2022-10-18 15:00:00.094,13112,13114,13111,58,-58
2022-10-18 15:00:00.096,13110,13111,13110,2,-2
2022-10-18 15:00:00.116,13109,13111,13109,3,-3
2022-10-18 15:00:00.116,13109,13111,13108,2,-2
2022-10-18 15:00:00.201,13108,13111,13110,2,2
2022-10-18 15:00:00.207,13108,13111,13108,2,-2
2022-10-18 15:00:00.252,13107,13109,13109,1,1
2022-10-18 15:00:00.254,13107,13109,13107,1,-1
2022-10-18 15:00:00.254,13107,13109,13106,1,-1
2022-10-18 15:00:00.429,13107,13109,13109,1,1
2022-10-18 15:00:00.443,13107,13109,13107,1,-1
2022-10-18 15:00:00.459,13107,13109,13110,2,2
2022-10-18 15:00:00.462,13107,13109,13111,1,1
2022-10-18 15:00:00.466,13107,13109,13106,1,-1
2022-10-18 15:00:00.475,13107,13109,13106,1,-1
2022-10-18 15:00:00.475,13107,13109,13105,1,-1
2022-10-18 15:00:00.510,13105,13108,13105,1,-1
2022-10-18 15:00:00.518,13105,13108,13108,2,2
2022-10-18 15:00:00.518,13105,13108,13109,2,2
2022-10-18 15:00:00.527,13105,13108,13110,2,2
2022-10-18 15:00:00.527,13105,13108,13111,2,2
2022-10-18 15:00:00.532,13105,13108,13107,1,1
2022-10-18 15:00:00.544,13105,13108,13106,2,-2
2022-10-18 15:00:00.574,13105,13108,13108,1,1
2022-10-18 15:00:00.644,13106,13108,13106,1,-1
2022-10-18 15:00:00.738,13106,13108,13106,1,-1
2022-10-18 15:00:00.738,13106,13108,13107,1,-1
2022-10-18 15:00:00.738,13106,13108,13108,3,3
2022-10-18 15:00:00.779,13105,13108,13105,1,-1
2022-10-18 15:00:00.936,13106,13108,13108,1,1
2022-10-18 15:00:01.025,13106,13110,13106,2,-2
2022-10-18 15:00:01.025,13106,13110,13105,1,-1
2022-10-18 15:00:01.303,13106,13109,13106,1,-1
2022-10-18 15:00:01.377,13105,13108,13108,1,1
2022-10-18 15:00:01.558,13105,13108,13105,1,-1
2022-10-18 15:00:01.598,13105,13108,13107,1,1
2022-10-18 15:00:01.904,13107,13108,13107,1,-1
2022-10-18 15:00:02.090,13105,13107,13106,1,-1
2022-10-18 15:00:02.292,13104,13106,13106,1,1
2022-10-18 15:00:02.324,13104,13106,13106,1,1
2022-10-18 15:00:02.348,13104,13106,13106,3,3
2022-10-18 15:00:02.682,13104,13106,13106,3,3
2022-10-18 15:00:02.682,13104,13106,13107,1,1
2022-10-18 15:00:03.071,13104,13106,13106,1,1
2022-10-18 15:00:03.224,13104,13106,13106,1,1
2022-10-18 15:00:03.224,13104,13106,13106,1,1
2022-10-18 15:00:03.323,13104,13106,13104,1,-1
2022-10-18 15:00:03.337,13104,13106,13104,7,-7
2022-10-18 15:00:03.390,13103,13105,13105,1,1
2022-10-18 15:00:03.596,13103,13105,13103,2,-2
2022-10-18 15:00:03.699,13102,13104,13102,2,-2
2022-10-18 15:00:03.870,13102,13104,13103,1,-1
2022-10-18 15:00:03.884,13102,13104,13104,4,4
2022-10-18 15:00:03.885,13102,13104,13104,3,3
2022-10-18 15:00:04.250,13103,13105,13105,6,6
2022-10-18 15:00:04.397,13103,13105,13103,1,-1
2022-10-18 15:00:05.941,13103,13105,13105,1,1
2022-10-18 15:00:05.941,13103,13105,13104,1,1
2022-10-18 15:00:06.065,13104,13106,13104,3,-3
2022-10-18 15:00:06.163,13103,13105,13103,1,-1
2022-10-18 15:00:06.167,13103,13105,13103,1,-1
2022-10-18 15:00:06.292,13102,13104,13102,1,-1
2022-10-18 15:00:06.292,13102,13104,13102,3,-3
2022-10-18 15:00:06.341,13102,13104,13101,3,-3
2022-10-18 15:00:06.341,13102,13104,13100,4,-4
2022-10-18 15:00:06.379,13100,13102,13102,2,2
2022-10-18 15:00:06.397,13100,13102,13101,1,1
2022-10-18 15:00:06.472,13100,13102,13103,1,1
2022-10-18 15:00:06.606,13101,13103,13103,1,1
2022-10-18 15:00:07.002,13101,13103,13103,2,2
2022-10-18 15:00:07.003,13101,13103,13103,2,2
2022-10-18 15:00:07.003,13101,13103,13103,1,1
2022-10-18 15:00:07.039,13101,13103,13104,1,1
2022-10-18 15:00:07.085,13101,13103,13103,3,3
2022-10-18 15:00:07.105,13101,13103,13103,6,6
2022-10-18 15:00:07.171,13102,13103,13103,1,1
2022-10-18 15:00:07.198,13102,13103,13103,1,1
2022-10-18 15:00:07.227,13102,13103,13103,1,1
2022-10-18 15:00:07.684,13101,13103,13102,1,1
2022-10-18 15:00:08.107,13101,13103,13103,3,3
2022-10-18 15:00:08.702,13100,13102,13102,1,1
2022-10-18 15:00:08.937,13100,13102,13102,2,2
2022-10-18 15:00:09.049,13101,13102,13101,2,-2
2022-10-18 15:00:09.089,13101,13102,13102,2,2
2022-10-18 15:00:09.225,13100,13102,13100,1,-1
2022-10-18 15:00:09.228,13100,13102,13100,1,-1
2022-10-18 15:00:09.607,13099,13100,13099,13,-13
2022-10-18 15:00:09.618,13099,13100,13099,1,-1
2022-10-18 15:00:09.622,13099,13100,13098,14,-14
2022-10-18 15:00:09.627,13097,13098,13097,10,-10
2022-10-18 15:00:09.628,13097,13098,13097,4,-4
2022-10-18 15:00:09.642,13097,13098,13096,3,-3
2022-10-18 15:00:09.656,13097,13098,13096,4,-4
2022-10-18 15:00:09.656,13097,13098,13096,2,-2
2022-10-18 15:00:09.656,13097,13098,13096,1,-1
2022-10-18 15:00:09.656,13097,13098,13096,2,-2
2022-10-18 15:00:09.694,13097,13098,13096,1,-1
2022-10-18 15:00:09.708,13097,13098,13098,1,1
2022-10-18 15:00:09.828,13097,13099,13100,1,1
2022-10-18 15:00:09.839,13097,13099,13099,1,1
2022-10-18 15:00:09.897,13099,13100,13099,1,-1
2022-10-18 15:00:09.897,13099,13100,13098,1,-1
2022-10-18 15:00:10.049,13098,13100,13098,4,-4
2022-10-18 15:00:10.049,13098,13100,13097,2,-2
2022-10-18 15:00:10.049,13098,13100,13098,2,-2
2022-10-18 15:00:10.088,13098,13100,13098,4,-4
2022-10-18 15:00:10.161,13096,13099,13099,1,1
2022-10-18 15:00:10.384,13096,13098,13098,3,3
2022-10-18 15:00:10.776,13096,13098,13098,1,1
2022-10-18 15:00:10.854,13096,13098,13098,1,1
2022-10-18 15:00:11.987,13096,13098,13098,1,1
2022-10-18 15:00:12.440,13096,13098,13096,2,-2
2022-10-18 15:00:12.690,13095,13097,13095,8,-8
2022-10-18 15:00:12.727,13095,13097,13093,2,-2
2022-10-18 15:00:12.728,13095,13097,13092,2,-2
2022-10-18 15:00:12.728,13095,13097,13093,1,-1
2022-10-18 15:00:12.790,13092,13094,13092,2,-2
2022-10-18 15:00:12.928,13092,13094,13094,1,1
2022-10-18 15:00:13.027,13092,13094,13094,2,2
2022-10-18 15:00:13.085,13092,13094,13094,3,3
2022-10-18 15:00:13.085,13092,13094,13094,5,5
2022-10-18 15:00:13.249,13092,13093,13092,2,-2
2022-10-18 15:00:13.506,13091,13093,13091,1,-1
2022-10-18 15:00:13.743,13091,13093,13091,2,-2
2022-10-18 15:00:13.744,13091,13093,13093,12,12
2022-10-18 15:00:13.998,13095,13097,13097,2,2
2022-10-18 15:00:14.113,13095,13097,13096,4,4
2022-10-18 15:00:14.465,13095,13097,13094,1,-1
2022-10-18 15:00:16.163,13093,13094,13093,1,-1
2022-10-18 15:00:16.181,13093,13094,13092,1,-1
2022-10-18 15:00:16.948,13093,13095,13093,1,-1
2022-10-18 15:00:17.145,13093,13095,13095,4,4
2022-10-18 15:00:17.294,13095,13097,13095,1,-1
2022-10-18 15:00:17.939,13095,13096,13096,1,1
2022-10-18 15:00:18.230,13095,13097,13097,1,1
2022-10-18 15:00:18.374,13096,13097,13097,1,1
2022-10-18 15:00:18.492,13096,13097,13096,1,-1
2022-10-18 15:00:19.108,13096,13098,13096,1,-1
2022-10-18 15:00:19.467,13096,13098,13097,1,-1
2022-10-18 15:00:19.954,13096,13098,13096,1,-1
2022-10-18 15:00:20.202,13096,13098,13096,1,-1
2022-10-18 15:00:21.071,13096,13098,13096,5,-5
2022-10-18 15:00:21.623,13095,13096,13096,1,1
2022-10-18 15:00:22.601,13096,13098,13098,1,1
2022-10-18 15:00:22.970,13097,13098,13097,1,-1
2022-10-18 15:00:23.955,13097,13098,13097,1,-1
2022-10-18 15:00:25.222,13096,13098,13096,5,-5
2022-10-18 15:00:26.352,13097,13098,13098,5,5
2022-10-18 15:00:27.364,13097,13098,13098,1,1
2022-10-18 15:00:27.582,13097,13099,13098,3,3
2022-10-18 15:00:27.839,13097,13098,13097,4,-4
2022-10-18 15:00:28.958,13096,13098,13096,1,-1
2022-10-18 15:00:30.042,13097,13098,13098,1,1
2022-10-18 15:00:30.152,13098,13099,13098,1,-1
2022-10-18 15:00:30.397,13098,13099,13099,5,5
2022-10-18 15:00:30.522,13098,13100,13098,1,-1
2022-10-18 15:00:30.699,13098,13100,13098,1,-1
2022-10-18 15:00:30.754,13098,13100,13098,1,-1
2022-10-18 15:00:30.765,13098,13100,13098,4,-4
2022-10-18 15:00:31.937,13098,13100,13098,2,-2
2022-10-18 15:00:32.487,13097,13098,13098,5,5
2022-10-18 15:00:33.278,13098,13099,13098,2,-2
2022-10-18 15:00:36.117,13097,13098,13097,4,-4
2022-10-18 15:00:36.118,13097,13098,13097,2,-2
2022-10-18 15:00:36.159,13096,13097,13097,2,2
2022-10-18 15:00:36.159,13096,13097,13098,5,5
2022-10-18 15:00:36.160,13096,13097,13098,3,3
2022-10-18 15:00:37.424,13096,13098,13096,11,-11
2022-10-18 15:00:37.479,13096,13098,13097,2,-2
2022-10-18 15:00:39.312,13095,13096,13095,5,-5
2022-10-18 15:00:39.312,13095,13096,13095,2,-2
2022-10-18 15:00:40.200,13094,13095,13095,3,3
2022-10-18 15:00:40.477,13094,13095,13094,2,-2
2022-10-18 15:00:40.703,13094,13095,13094,1,-1
2022-10-18 15:00:41.378,13094,13095,13095,1,1
2022-10-18 15:00:41.586,13094,13095,13094,4,-4
2022-10-18 15:00:42.077,13093,13094,13094,1,1
2022-10-18 15:00:42.230,13094,13095,13094,2,-2
2022-10-18 15:00:42.606,13094,13095,13095,2,2
2022-10-18 15:00:43.655,13094,13095,13094,1,-1
2022-10-18 15:00:44.256,13094,13095,13095,2,2
2022-10-18 15:00:45.124,13095,13097,13095,1,-1
2022-10-18 15:00:46.958,13095,13096,13096,2,2
2022-10-18 15:00:47.605,13095,13097,13097,1,1
2022-10-18 15:00:48.355,13095,13097,13095,2,-2
2022-10-18 15:00:50.600,13095,13096,13095,7,-7
2022-10-18 15:00:50.606,13095,13096,13094,2,-2
2022-10-18 15:00:50.608,13095,13096,13094,1,-1
2022-10-18 15:00:50.826,13093,13095,13094,1,-1
2022-10-18 15:00:51.912,13093,13094,13094,2,2
2022-10-18 15:00:52.417,13093,13095,13095,1,1
2022-10-18 15:00:54.147,13093,13094,13093,1,-1
2022-10-18 15:00:54.314,13093,13094,13094,1,1
2022-10-18 15:00:54.397,13093,13095,13093,1,-1
2022-10-18 15:00:55.909,13093,13094,13093,1,-1
2022-10-18 15:00:56.855,13092,13093,13093,4,4
2022-10-18 15:00:58.828,13093,13095,13095,7,7
2022-10-18 15:00:58.828,13093,13095,13096,9,9
2022-10-18 15:00:58.828,13093,13095,13097,4,4
2022-10-18 15:00:58.829,13093,13095,13096,1,1
2022-10-18 15:00:59.467,13095,13097,13096,3,3
2022-10-18 15:00:59.482,13095,13097,13095,6,-6
2022-10-18 15:00:59.482,13095,13097,13095,4,-4
2022-10-18 15:01:00.040,13094,13096,13094,1,-1
2022-10-18 15:01:00.175,13094,13096,13094,1,-1
2022-10-18 15:01:00.202,13094,13096,13094,1,-1
2022-10-18 15:01:00.405,13094,13096,13094,1,-1
2022-10-18 15:01:00.405,13094,13096,13094,2,-2
2022-10-18 15:01:00.407,13094,13096,13093,1,-1
2022-10-18 15:01:00.418,13094,13096,13093,6,-6
2022-10-18 15:01:00.419,13094,13096,13093,1,-1
2022-10-18 15:01:00.420,13094,13096,13093,5,-5
2022-10-18 15:01:00.567,13092,13094,13092,2,-2
2022-10-18 15:01:00.568,13092,13094,13092,1,-1
2022-10-18 15:01:00.568,13092,13094,13092,2,-2
2022-10-18 15:01:00.727,13091,13092,13091,1,-1
2022-10-18 15:01:00.728,13091,13092,13091,8,-8
2022-10-18 15:01:00.729,13091,13092,13090,2,-2
2022-10-18 15:01:00.791,13090,13091,13090,1,-1
2022-10-18 15:01:00.791,13090,13091,13090,7,-7
2022-10-18 15:01:00.791,13090,13091,13090,3,-3
2022-10-18 15:01:00.791,13090,13091,13089,5,-5
2022-10-18 15:01:00.792,13090,13091,13089,1,-1
2022-10-18 15:01:00.795,13090,13091,13090,1,-1
2022-10-18 15:01:00.871,13090,13091,13090,1,-1
2022-10-18 15:01:00.895,13089,13091,13089,1,-1
2022-10-18 15:01:01.003,13089,13091,13089,1,-1
2022-10-18 15:01:01.163,13090,13091,13090,3,-3
2022-10-18 15:01:01.164,13090,13091,13090,1,-1
2022-10-18 15:01:01.172,13090,13091,13091,1,1
2022-10-18 15:01:01.194,13090,13091,13091,1,1
2022-10-18 15:01:01.198,13090,13091,13091,1,1
2022-10-18 15:01:01.306,13089,13091,13091,1,1
2022-10-18 15:01:01.351,13089,13091,13090,2,2
2022-10-18 15:01:01.610,13088,13090,13088,1,-1
2022-10-18 15:01:01.743,13088,13090,13088,2,-2
2022-10-18 15:01:01.759,13088,13090,13088,1,-1
2022-10-18 15:01:02.087,13089,13091,13090,1,-1
2022-10-18 15:01:02.330,13090,13092,13090,1,-1
2022-10-18 15:01:02.463,13090,13092,13092,3,3
2022-10-18 15:01:03.170,13092,13094,13094,1,1
2022-10-18 15:01:04.222,13093,13094,13093,1,-1
2022-10-18 15:01:04.320,13093,13094,13094,3,3
2022-10-18 15:01:05.339,13093,13095,13092,1,-1
2022-10-18 15:01:05.380,13092,13094,13094,1,1
2022-10-18 15:01:05.382,13092,13094,13094,1,1
2022-10-18 15:01:07.059,13092,13094,13092,1,-1
2022-10-18 15:01:07.516,13092,13094,13092,1,-1
2022-10-18 15:01:08.116,13092,13094,13094,1,1
2022-10-18 15:01:08.116,13092,13094,13094,1,1
2022-10-18 15:01:08.116,13092,13094,13094,2,2
2022-10-18 15:01:08.116,13092,13094,13094,1,1
2022-10-18 15:01:09.226,13094,13095,13094,1,-1
2022-10-18 15:01:09.299,13094,13095,13094,1,-1
2022-10-18 15:01:09.460,13094,13095,13095,1,1
2022-10-18 15:01:09.463,13094,13095,13096,1,1
2022-10-18 15:01:10.084,13096,13097,13096,2,-2
2022-10-18 15:01:10.175,13095,13097,13095,1,-1
2022-10-18 15:01:11.087,13094,13095,13095,1,1
2022-10-18 15:01:13.111,13095,13097,13095,1,-1
2022-10-18 15:01:13.576,13095,13097,13097,10,10
2022-10-18 15:01:13.576,13095,13097,13098,10,10
2022-10-18 15:01:13.579,13095,13097,13097,1,1
2022-10-18 15:01:13.743,13096,13098,13098,8,8
2022-10-18 15:01:13.743,13096,13098,13099,5,5
2022-10-18 15:01:13.745,13096,13098,13098,1,1
2022-10-18 15:01:13.832,13097,13099,13099,9,9
2022-10-18 15:01:13.832,13097,13099,13100,4,4
2022-10-18 15:01:13.833,13097,13099,13099,2,2
2022-10-18 15:01:13.833,13097,13099,13099,2,2
2022-10-18 15:01:17.699,13097,13099,13097,1,-1
2022-10-18 15:01:17.700,13097,13099,13097,1,-1
2022-10-18 15:01:19.357,13096,13098,13096,1,-1
2022-10-18 15:01:19.376,13096,13098,13096,1,-1
2022-10-18 15:01:19.376,13096,13098,13096,1,-1
2022-10-18 15:01:19.376,13096,13098,13096,1,-1
2022-10-18 15:01:19.376,13096,13098,13096,1,-1
2022-10-18 15:01:19.376,13096,13098,13096,1,-1
2022-10-18 15:01:19.376,13096,13098,13096,1,-1
2022-10-18 15:01:19.376,13096,13098,13096,1,-1
2022-10-18 15:01:20.614,13097,13098,13097,1,-1
2022-10-18 15:01:21.539,13096,13097,13097,1,1
2022-10-18 15:01:25.924,13096,13098,13096,1,-1
2022-10-18 15:01:27.581,13098,13099,13098,1,-1
2022-10-18 15:01:27.613,13098,13099,13099,1,1
2022-10-18 15:01:27.614,13098,13099,13099,2,2
2022-10-18 15:01:27.747,13098,13100,13100,1,1
2022-10-18 15:01:28.979,13099,13100,13100,1,1
2022-10-18 15:01:28.996,13099,13100,13100,12,12
2022-10-18 15:01:29.081,13099,13101,13101,1,1
2022-10-18 15:01:29.081,13099,13101,13101,1,1
2022-10-18 15:01:29.081,13099,13101,13101,3,3
2022-10-18 15:01:29.081,13099,13101,13101,3,3
2022-10-18 15:01:29.081,13099,13101,13101,4,4
2022-10-18 15:01:29.082,13099,13101,13102,7,7
2022-10-18 15:01:29.085,13099,13101,13103,1,1
2022-10-18 15:01:29.227,13102,13103,13103,6,6
2022-10-18 15:01:29.376,13102,13104,13104,1,1
2022-10-18 15:01:29.391,13102,13104,13104,3,3
2022-10-18 15:01:29.526,13103,13105,13105,1,1
2022-10-18 15:01:29.978,13103,13105,13105,5,5
2022-10-18 15:01:30.289,13104,13106,13106,2,2
2022-10-18 15:01:31.019,13105,13107,13105,1,-1
2022-10-18 15:01:31.024,13105,13107,13105,1,-1
2022-10-18 15:01:31.026,13105,13107,13104,3,-3
2022-10-18 15:01:31.037,13105,13107,13104,1,-1
2022-10-18 15:01:31.189,13103,13105,13103,1,-1
2022-10-18 15:01:31.189,13103,13105,13103,1,-1
2022-10-18 15:01:31.281,13102,13103,13102,1,-1
2022-10-18 15:01:31.397,13101,13103,13103,5,5
2022-10-18 15:01:31.411,13101,13103,13102,1,1
2022-10-18 15:01:31.976,13101,13103,13101,1,-1
2022-10-18 15:01:32.160,13100,13102,13100,1,-1
2022-10-18 15:01:32.779,13100,13101,13101,1,1
2022-10-18 15:01:33.048,13100,13101,13101,2,2
2022-10-18 15:01:33.891,13101,13102,13101,1,-1
2022-10-18 15:01:33.967,13101,13102,13100,1,-1
2022-10-18 15:01:34.878,13099,13100,13100,1,1
2022-10-18 15:01:35.202,13099,13100,13100,1,1
2022-10-18 15:01:35.699,13099,13100,13100,1,1
2022-10-18 15:01:35.930,13099,13100,13100,2,2
2022-10-18 15:01:36.125,13099,13100,13100,1,1
2022-10-18 15:01:37.082,13099,13100,13099,1,-1
2022-10-18 15:01:37.083,13099,13100,13099,1,-1
2022-10-18 15:01:40.779,13098,13099,13099,2,2
2022-10-18 15:01:41.528,13098,13099,13098,12,-12
2022-10-18 15:01:42.850,13097,13098,13098,5,5
2022-10-18 15:01:43.556,13097,13099,13099,2,2
2022-10-18 15:01:43.619,13097,13099,13100,2,2
2022-10-18 15:01:45.171,13100,13101,13101,1,1
2022-10-18 15:01:46.355,13100,13101,13101,2,2
2022-10-18 15:01:46.930,13100,13102,13100,6,-6
2022-10-18 15:01:48.160,13098,13100,13098,1,-1
2022-10-18 15:01:51.591,13098,13099,13098,1,-1
2022-10-18 15:01:51.591,13098,13099,13098,1,-1
2022-10-18 15:01:53.843,13098,13099,13099,1,1
2022-10-18 15:01:55.131,13097,13098,13098,1,1
2022-10-18 15:01:55.131,13097,13098,13098,4,4
2022-10-18 15:01:57.462,13099,13100,13100,2,2
2022-10-18 15:01:57.825,13100,13101,13101,3,3
2022-10-18 15:01:59.153,13101,13102,13102,4,4
2022-10-18 15:02:00.801,13101,13103,13103,9,9
2022-10-18 15:02:00.801,13101,13103,13104,1,1
2022-10-18 15:02:00.875,13102,13104,13102,2,-2
2022-10-18 15:02:00.876,13102,13104,13102,1,-1
2022-10-18 15:02:00.876,13102,13104,13102,2,-2
2022-10-18 15:02:00.877,13102,13104,13102,1,-1
2022-10-18 15:02:04.024,13102,13103,13103,1,1
2022-10-18 15:02:05.403,13102,13104,13102,1,-1
2022-10-18 15:02:06.497,13102,13103,13102,1,-1
2022-10-18 15:02:06.497,13102,13103,13102,2,-2
2022-10-18 15:02:06.497,13102,13103,13102,1,-1
2022-10-18 15:02:06.800,13101,13102,13101,1,-1
2022-10-18 15:02:06.800,13101,13102,13101,1,-1
2022-10-18 15:02:08.269,13100,13101,13100,1,-1
2022-10-18 15:02:08.289,13100,13101,13101,5,5
2022-10-18 15:02:09.457,13100,13102,13101,1,1
2022-10-18 15:02:09.906,13101,13103,13101,1,-1
2022-10-18 15:02:11.690,13102,13103,13102,1,-1
2022-10-18 15:02:14.010,13100,13102,13100,1,-1
2022-10-18 15:02:14.630,13100,13101,13101,5,5
2022-10-18 15:02:18.037,13100,13101,13101,1,1
2022-10-18 15:02:18.648,13101,13102,13102,1,1
2022-10-18 15:02:19.304,13102,13103,13103,1,1
2022-10-18 15:02:19.304,13102,13103,13104,4,4
2022-10-18 15:02:19.356,13102,13103,13103,1,1
2022-10-18 15:02:21.291,13102,13104,13104,1,1
2022-10-18 15:02:21.480,13104,13105,13105,3,3
2022-10-18 15:02:21.728,13104,13105,13105,1,1
2022-10-18 15:02:22.439,13105,13106,13106,4,4
2022-10-18 15:02:22.637,13106,13107,13107,1,1
2022-10-18 15:02:22.638,13106,13107,13107,2,2
2022-10-18 15:02:22.875,13107,13108,13108,1,1
2022-10-18 15:02:23.069,13107,13108,13108,1,1
2022-10-18 15:02:23.190,13107,13108,13108,1,1
2022-10-18 15:02:23.190,13107,13108,13109,4,4
2022-10-18 15:02:23.436,13107,13109,13107,1,-1
2022-10-18 15:02:23.456,13107,13109,13107,2,-2
2022-10-18 15:02:23.456,13107,13109,13107,1,-1
2022-10-18 15:02:23.458,13107,13109,13106,1,-1
2022-10-18 15:02:23.464,13107,13109,13105,1,-1
2022-10-18 15:02:24.404,13103,13104,13104,1,1
2022-10-18 15:02:25.345,13104,13106,13104,1,-1
2022-10-18 15:02:27.049,13103,13105,13105,2,2
2022-10-18 15:02:28.422,13105,13106,13106,3,3
2022-10-18 15:02:28.422,13105,13106,13107,2,2
2022-10-18 15:02:29.664,13106,13108,13106,1,-1
2022-10-18 15:02:29.998,13106,13107,13106,1,-1
2022-10-18 15:02:30.153,13105,13107,13105,2,-2
2022-10-18 15:02:30.555,13105,13106,13105,3,-3
2022-10-18 15:02:30.672,13104,13105,13106,1,1
2022-10-18 15:02:32.945,13107,13108,13108,1,1
2022-10-18 15:02:32.945,13107,13108,13108,1,1
2022-10-18 15:02:33.309,13107,13109,13107,1,-1
2022-10-18 15:02:33.536,13106,13108,13108,1,1
2022-10-18 15:02:34.863,13106,13108,13107,1,1
2022-10-18 15:02:35.909,13105,13107,13107,1,1
2022-10-18 15:02:36.985,13106,13107,13106,1,-1
2022-10-18 15:02:39.439,13106,13108,13106,1,-1
2022-10-18 15:02:40.008,13106,13107,13106,1,-1
2022-10-18 15:02:40.147,13105,13106,13106,5,5
2022-10-18 15:02:40.452,13105,13107,13105,5,-5
2022-10-18 15:02:43.699,13103,13105,13105,1,1
2022-10-18 15:02:45.394,13105,13106,13106,3,3
2022-10-18 15:02:45.394,13105,13106,13107,2,2
2022-10-18 15:02:45.534,13105,13106,13105,3,-3
2022-10-18 15:02:45.534,13105,13106,13105,1,-1
2022-10-18 15:02:45.534,13105,13106,13105,6,-6
2022-10-18 15:02:46.976,13105,13106,13105,1,-1
2022-10-18 15:02:47.924,13104,13106,13106,5,5
2022-10-18 15:02:50.646,13105,13107,13105,2,-2
2022-10-18 15:02:52.265,13105,13106,13106,5,5
2022-10-18 15:02:54.819,13104,13105,13104,1,-1
2022-10-18 15:02:55.527,13103,13105,13105,1,1
2022-10-18 15:02:56.213,13104,13105,13105,1,1
2022-10-18 15:02:56.213,13104,13105,13106,4,4
2022-10-18 15:02:57.352,13104,13105,13105,3,3
2022-10-18 15:02:57.924,13104,13105,13105,1,1
2022-10-18 15:02:57.924,13104,13105,13105,1,1
2022-10-18 15:02:57.942,13104,13105,13105,3,3
2022-10-18 15:02:57.943,13104,13105,13105,2,2
2022-10-18 15:03:00.037,13104,13105,13104,1,-1
2022-10-18 15:03:00.220,13103,13104,13103,1,-1
2022-10-18 15:03:00.220,13103,13104,13103,1,-1
2022-10-18 15:03:00.251,13102,13103,13103,1,1
2022-10-18 15:03:00.734,13102,13103,13103,1,1
2022-10-18 15:03:00.958,13102,13103,13104,5,5
2022-10-18 15:03:04.324,13102,13104,13104,5,5
2022-10-18 15:03:08.406,13102,13103,13103,1,1
2022-10-18 15:03:10.362,13103,13104,13103,1,-1
2022-10-18 15:03:11.080,13103,13104,13104,5,5
2022-10-18 15:03:12.581,13103,13105,13103,1,-1
2022-10-18 15:03:15.129,13102,13103,13103,1,1
2022-10-18 15:03:15.199,13102,13103,13102,14,-14
2022-10-18 15:03:15.200,13102,13103,13101,2,-2
2022-10-18 15:03:15.605,13100,13102,13100,8,-8
2022-10-18 15:03:18.007,13100,13101,13100,1,-1
2022-10-18 15:03:18.007,13100,13101,13100,2,-2
2022-10-18 15:03:18.698,13099,13101,13101,3,3
2022-10-18 15:03:18.713,13099,13101,13101,5,5
2022-10-18 15:03:20.776,13099,13101,13101,5,5
2022-10-18 15:03:23.651,13100,13101,13101,1,1
2022-10-18 15:03:23.651,13100,13101,13102,4,4
2022-10-18 15:03:26.055,13101,13102,13101,1,-1
2022-10-18 15:03:26.367,13101,13102,13101,4,-4
2022-10-18 15:03:26.619,13100,13101,13101,2,2
2022-10-18 15:03:26.619,13100,13101,13101,1,1
2022-10-18 15:03:27.249,13100,13102,13102,4,4
2022-10-18 15:03:27.249,13100,13102,13103,1,1
2022-10-18 15:03:30.530,13101,13103,13103,5,5
2022-10-18 15:03:31.764,13102,13103,13102,1,-1
2022-10-18 15:03:36.626,13101,13103,13103,5,5
2022-10-18 15:03:38.850,13102,13103,13103,2,2
2022-10-18 15:03:39.140,13102,13104,13104,5,5
2022-10-18 15:03:40.553,13103,13105,13103,3,-3
2022-10-18 15:03:40.695,13102,13104,13102,3,-3
2022-10-18 15:03:41.540,13101,13103,13103,5,5
2022-10-18 15:03:43.839,13102,13104,13104,3,3
2022-10-18 15:03:43.839,13102,13104,13105,2,2
2022-10-18 15:03:43.930,13103,13105,13104,1,1
2022-10-18 15:03:44.107,13103,13105,13105,1,1
2022-10-18 15:03:46.284,13104,13105,13104,1,-1
2022-10-18 15:03:46.284,13104,13105,13104,2,-2
2022-10-18 15:03:47.099,13103,13105,13105,1,1
2022-10-18 15:03:47.163,13103,13105,13105,5,5
2022-10-18 15:03:48.278,13105,13106,13106,4,4
2022-10-18 15:03:48.278,13105,13106,13106,10,10
2022-10-18 15:03:49.471,13106,13107,13106,4,-4
2022-10-18 15:03:49.689,13106,13107,13106,1,-1
2022-10-18 15:03:49.797,13105,13107,13107,5,5
2022-10-18 15:03:49.970,13106,13107,13107,1,1
2022-10-18 15:03:50.173,13106,13108,13106,3,-3
2022-10-18 15:03:52.372,13103,13105,13105,5,5
2022-10-18 15:03:55.077,13104,13106,13106,5,5
2022-10-18 15:03:55.591,13104,13106,13104,2,-2
2022-10-18 15:03:57.445,13104,13106,13106,5,5
2022-10-18 15:03:59.580,13105,13107,13107,5,5
2022-10-18 15:04:02.111,13105,13107,13107,2,2
2022-10-18 15:04:02.270,13105,13107,13107,2,2
2022-10-18 15:04:02.858,13106,13107,13106,1,-1
2022-10-18 15:04:02.859,13106,13107,13106,1,-1
2022-10-18 15:04:02.859,13106,13107,13106,1,-1
2022-10-18 15:04:03.154,13105,13107,13107,2,2
2022-10-18 15:04:03.478,13105,13107,13107,5,5
2022-10-18 15:04:05.442,13106,13107,13107,1,1
2022-10-18 15:04:05.542,13106,13108,13107,1,1
2022-10-18 15:04:05.684,13107,13108,13108,5,5
2022-10-18 15:04:05.835,13107,13108,13107,1,-1
2022-10-18 15:04:07.139,13107,13108,13108,4,4
2022-10-18 15:04:07.139,13107,13108,13108,1,1
2022-10-18 15:04:07.148,13107,13108,13109,1,1
2022-10-18 15:04:07.148,13107,13108,13109,1,1
2022-10-18 15:04:07.148,13107,13108,13109,1,1
2022-10-18 15:04:07.148,13107,13108,13109,9,9
2022-10-18 15:04:07.148,13107,13108,13109,1,1
2022-10-18 15:04:07.239,13107,13108,13109,3,3
2022-10-18 15:04:07.241,13107,13108,13108,7,7
2022-10-18 15:04:07.354,13108,13109,13109,1,1
2022-10-18 15:04:07.397,13108,13109,13108,6,-6
2022-10-18 15:04:07.909,13107,13108,13108,3,3
2022-10-18 15:04:07.909,13107,13108,13109,2,2
2022-10-18 15:04:09.493,13108,13109,13108,2,-2
2022-10-18 15:04:10.109,13107,13108,13108,5,5
2022-10-18 15:04:12.808,13107,13109,13109,5,5
2022-10-18 15:04:13.969,13107,13108,13107,2,-2
2022-10-18 15:04:15.069,13105,13107,13107,5,5
2022-10-18 15:04:15.322,13105,13107,13107,2,2
2022-10-18 15:04:15.697,13105,13107,13107,1,1
2022-10-18 15:04:15.942,13105,13107,13105,1,-1
2022-10-18 15:04:16.092,13105,13107,13105,1,-1
2022-10-18 15:04:16.108,13105,13107,13105,11,-11
2022-10-18 15:04:17.890,13104,13106,13106,5,5
2022-10-18 15:04:19.150,13104,13106,13105,1,1
2022-10-18 15:04:20.486,13103,13105,13105,5,5
2022-10-18 15:04:21.335,13104,13106,13105,1,1
2022-10-18 15:04:22.957,13104,13106,13106,1,1
2022-10-18 15:04:23.302,13103,13105,13105,5,5
2022-10-18 15:04:24.894,13103,13105,13105,1,1
2022-10-18 15:04:26.531,13104,13105,13105,1,1
2022-10-18 15:04:26.531,13104,13105,13106,4,4
2022-10-18 15:04:27.779,13104,13106,13104,1,-1
2022-10-18 15:04:32.179,13103,13105,13105,5,5
2022-10-18 15:04:35.674,13103,13105,13105,2,2
2022-10-18 15:04:35.674,13103,13105,13106,3,3
2022-10-18 15:04:41.015,13103,13105,13105,5,5
2022-10-18 15:04:43.397,13104,13105,13105,1,1
2022-10-18 15:04:43.397,13104,13105,13106,4,4
2022-10-18 15:04:45.078,13105,13107,13107,1,1
2022-10-18 15:04:45.192,13105,13107,13107,1,1
2022-10-18 15:04:45.562,13105,13106,13106,1,1
2022-10-18 15:04:45.562,13105,13106,13107,4,4
2022-10-18 15:04:45.721,13106,13107,13106,1,-1
2022-10-18 15:04:47.698,13105,13106,13106,2,2
2022-10-18 15:04:47.698,13105,13106,13107,3,3
2022-10-18 15:04:49.930,13105,13107,13107,5,5
2022-10-18 15:04:51.133,13106,13108,13106,1,-1
2022-10-18 15:04:51.864,13106,13108,13108,5,5
2022-10-18 15:04:52.052,13107,13109,13108,1,1
2022-10-18 15:04:52.394,13107,13109,13109,1,1
2022-10-18 15:04:52.535,13107,13109,13107,3,-3
2022-10-18 15:04:52.537,13107,13109,13109,3,3
2022-10-18 15:04:53.378,13107,13108,13108,1,1
2022-10-18 15:04:53.479,13107,13108,13108,1,1
2022-10-18 15:04:53.659,13107,13108,13108,1,1
2022-10-18 15:04:53.957,13106,13108,13108,5,5
2022-10-18 15:04:55.719,13106,13108,13108,1,1
2022-10-18 15:04:56.107,13106,13108,13108,3,3
2022-10-18 15:04:56.387,13106,13108,13108,5,5
2022-10-18 15:04:58.368,13107,13108,13108,3,3
2022-10-18 15:04:58.387,13107,13108,13108,4,4
2022-10-18 15:04:58.387,13107,13108,13109,1,1
2022-10-18 15:05:00.315,13107,13109,13109,1,1
2022-10-18 15:05:00.407,13107,13109,13109,3,3
2022-10-18 15:05:00.407,13107,13109,13109,2,2
2022-10-18 15:05:02.330,13107,13109,13109,1,1
2022-10-18 15:05:02.330,13107,13109,13109,4,4
2022-10-18 15:05:02.450,13108,13110,13109,1,1
2022-10-18 15:05:04.111,13107,13109,13109,5,5
2022-10-18 15:05:04.356,13108,13110,13108,3,-3
2022-10-18 15:05:06.011,13107,13109,13109,5,5
2022-10-18 15:05:07.702,13107,13109,13107,1,-1
2022-10-18 15:05:07.761,13107,13108,13107,1,-1
2022-10-18 15:05:07.829,13107,13108,13108,5,5
2022-10-18 15:05:08.578,13106,13108,13106,1,-1
2022-10-18 15:05:11.857,13107,13108,13107,1,-1
2022-10-18 15:05:12.929,13106,13108,13106,11,-11
2022-10-18 15:05:12.930,13106,13108,13106,3,-3
2022-10-18 15:05:12.930,13106,13108,13106,1,-1
2022-10-18 15:05:13.102,13106,13108,13106,1,-1
2022-10-18 15:05:13.402,13106,13107,13107,1,1
2022-10-18 15:05:14.041,13107,13109,13109,5,5
2022-10-18 15:05:14.848,13108,13110,13108,1,-1
2022-10-18 15:05:15.074,13108,13110,13108,1,-1
2022-10-18 15:05:16.405,13107,13109,13109,5,5
2022-10-18 15:05:16.484,13107,13109,13110,3,3
2022-10-18 15:05:16.632,13108,13110,13110,1,1
2022-10-18 15:05:17.002,13108,13110,13108,1,-1
2022-10-18 15:05:18.156,13107,13108,13108,1,1
2022-10-18 15:05:18.586,13107,13109,13109,1,1
2022-10-18 15:05:19.298,13107,13109,13109,5,5
2022-10-18 15:05:20.341,13108,13110,13108,3,-3
2022-10-18 15:05:20.372,13108,13110,13110,3,3
2022-10-18 15:05:21.345,13107,13109,13109,3,3
2022-10-18 15:05:21.345,13107,13109,13110,2,2
2022-10-18 15:05:22.323,13108,13110,13110,3,3
2022-10-18 15:05:23.847,13108,13109,13109,2,2
2022-10-18 15:05:23.847,13108,13109,13110,3,3
2022-10-18 15:05:26.010,13107,13109,13109,5,5
2022-10-18 15:05:27.848,13107,13109,13109,5,5
2022-10-18 15:05:27.970,13107,13109,13109,3,3
2022-10-18 15:05:29.815,13106,13108,13109,3,3
2022-10-18 15:05:29.815,13106,13108,13110,2,2
2022-10-18 15:05:30.516,13108,13110,13109,1,1
2022-10-18 15:05:30.797,13108,13110,13108,2,-2
2022-10-18 15:05:30.839,13108,13110,13107,1,-1
2022-10-18 15:05:31.689,13107,13109,13108,4,-4
2022-10-18 15:05:31.689,13107,13109,13109,1,1
2022-10-18 15:05:33.638,13107,13109,13109,5,5
2022-10-18 15:05:34.089,13107,13109,13109,1,1
2022-10-18 15:05:35.477,13107,13109,13109,5,5
2022-10-18 15:05:35.827,13107,13109,13109,3,3
2022-10-18 15:05:36.269,13107,13109,13107,1,-1
2022-10-18 15:05:37.226,13108,13110,13110,5,5
2022-10-18 15:05:37.348,13109,13111,13111,3,3
2022-10-18 15:05:37.438,13109,13110,13110,1,1
2022-10-18 15:05:37.454,13109,13110,13110,1,1
2022-10-18 15:05:37.513,13109,13111,13111,1,1
2022-10-18 15:05:38.197,13108,13110,13110,1,1
2022-10-18 15:05:38.591,13108,13110,13108,1,-1
2022-10-18 15:05:39.045,13108,13110,13110,2,2
2022-10-18 15:05:39.045,13108,13110,13111,3,3
2022-10-18 15:05:39.075,13108,13110,13109,1,1
2022-10-18 15:05:39.405,13109,13110,13110,1,1
2022-10-18 15:05:40.912,13109,13110,13109,1,-1
2022-10-18 15:05:41.197,13109,13110,13110,2,2
2022-10-18 15:05:41.197,13109,13110,13111,1,1
2022-10-18 15:05:42.666,13109,13111,13110,1,1
2022-10-18 15:05:43.325,13109,13110,13110,1,1
2022-10-18 15:05:43.325,13109,13110,13111,4,4
2022-10-18 15:05:43.785,13109,13111,13111,1,1
2022-10-18 15:05:45.157,13108,13109,13109,3,3
2022-10-18 15:05:45.157,13108,13109,13110,2,2
2022-10-18 15:05:45.633,13108,13110,13110,1,1
2022-10-18 15:05:46.106,13108,13110,13110,1,1
2022-10-18 15:05:46.545,13108,13110,13110,1,1
2022-10-18 15:05:46.690,13108,13110,13110,5,5
2022-10-18 15:05:48.358,13108,13110,13110,5,5
2022-10-18 15:05:49.781,13109,13111,13111,3,3
2022-10-18 15:05:50.305,13109,13111,13111,2,2
2022-10-18 15:05:50.305,13109,13111,13112,3,3
2022-10-18 15:05:50.370,13109,13111,13110,2,2
2022-10-18 15:05:50.435,13110,13112,13112,1,1
2022-10-18 15:05:51.324,13111,13112,13112,3,3
2022-10-18 15:05:51.391,13111,13112,13111,1,-1
2022-10-18 15:05:51.491,13111,13112,13111,1,-1
2022-10-18 15:05:51.591,13111,13112,13111,1,-1
2022-10-18 15:05:51.692,13111,13112,13111,1,-1
2022-10-18 15:05:51.909,13111,13112,13112,1,1
2022-10-18 15:05:51.909,13111,13112,13112,16,16
2022-10-18 15:05:51.910,13111,13112,13112,1,1
2022-10-18 15:05:51.934,13111,13112,13112,1,1
2022-10-18 15:05:52.153,13111,13113,13112,5,5
2022-10-18 15:05:54.069,13111,13112,13112,4,4
2022-10-18 15:05:54.069,13111,13112,13112,1,1
2022-10-18 15:05:55.781,13111,13113,13112,2,2
2022-10-18 15:05:55.781,13111,13113,13112,3,3
2022-10-18 15:05:58.070,13111,13112,13112,1,1
2022-10-18 15:05:59.439,13111,13112,13112,1,1
2022-10-18 15:05:59.440,13111,13112,13112,6,6
2022-10-18 15:05:59.782,13111,13113,13113,5,5
2022-10-18 15:06:00.028,13111,13113,13113,1,1
2022-10-18 15:06:00.127,13111,13113,13112,1,1
2022-10-18 15:06:01.702,13111,13112,13112,1,1
2022-10-18 15:06:01.702,13111,13112,13113,4,4
2022-10-18 15:06:03.318,13111,13113,13113,5,5
2022-10-18 15:06:03.664,13112,13113,13112,1,-1
2022-10-18 15:06:04.205,13111,13112,13111,1,-1
2022-10-18 15:06:04.457,13110,13111,13111,1,1
2022-10-18 15:06:04.458,13110,13111,13111,1,1
2022-10-18 15:06:05.036,13110,13111,13111,4,4
2022-10-18 15:06:05.036,13110,13111,13112,1,1
2022-10-18 15:06:05.928,13110,13111,13110,1,-1
2022-10-18 15:06:05.949,13110,13111,13111,1,1
2022-10-18 15:06:06.115,13110,13111,13110,5,-5
2022-10-18 15:06:06.510,13109,13111,13111,1,1
2022-10-18 15:06:06.645,13109,13110,13109,1,-1
2022-10-18 15:06:06.711,13109,13110,13109,5,-5
2022-10-18 15:06:07.922,13108,13110,13108,1,-1
2022-10-18 15:06:08.032,13108,13110,13108,1,-1
2022-10-18 15:06:08.523,13108,13110,13110,3,3
2022-10-18 15:06:08.558,13108,13110,13110,5,5
2022-10-18 15:06:09.040,13109,13110,13109,1,-1
2022-10-18 15:06:09.874,13108,13109,13109,1,1
2022-10-18 15:06:10.334,13108,13110,13110,1,1
2022-10-18 15:06:10.334,13108,13110,13111,4,4
2022-10-18 15:06:11.986,13108,13110,13110,3,3
2022-10-18 15:06:11.986,13108,13110,13111,2,2
2022-10-18 15:06:13.158,13108,13110,13109,4,4
2022-10-18 15:06:13.695,13108,13110,13110,1,1
2022-10-18 15:06:13.718,13108,13110,13110,2,2
2022-10-18 15:06:13.718,13108,13110,13111,3,3
2022-10-18 15:06:15.726,13109,13111,13111,5,5
2022-10-18 15:06:18.063,13110,13111,13111,1,1
2022-10-18 15:06:18.063,13110,13111,13112,4,4
2022-10-18 15:06:19.111,13110,13112,13110,2,-2
2022-10-18 15:06:19.378,13110,13112,13110,1,-1
2022-10-18 15:06:20.091,13110,13112,13112,5,5
2022-10-18 15:06:20.308,13110,13112,13112,3,3
2022-10-18 15:06:22.012,13110,13112,13112,3,3
2022-10-18 15:06:22.012,13110,13112,13113,2,2
2022-10-18 15:06:22.178,13110,13113,13113,1,1
2022-10-18 15:06:23.895,13111,13113,13113,5,5
2022-10-18 15:06:24.468,13111,13113,13113,3,3
2022-10-18 15:06:25.165,13112,13113,13112,1,-1
2022-10-18 15:06:25.166,13112,13113,13112,1,-1
2022-10-18 15:06:25.754,13112,13113,13113,1,1
2022-10-18 15:06:25.755,13112,13113,13113,3,3
2022-10-18 15:06:25.755,13112,13113,13114,5,5
2022-10-18 15:06:25.941,13113,13114,13113,1,-1
2022-10-18 15:06:26.197,13113,13114,13114,1,1
2022-10-18 15:06:26.654,13113,13114,13113,1,-1
2022-10-18 15:06:27.548,13113,13114,13113,1,-1
2022-10-18 15:06:28.435,13113,13114,13114,2,2
2022-10-18 15:06:28.435,13113,13114,13115,3,3
2022-10-18 15:06:30.329,13113,13114,13114,2,2
2022-10-18 15:06:30.329,13113,13114,13115,3,3
2022-10-18 15:06:30.897,13113,13114,13113,2,-2
2022-10-18 15:06:31.038,13112,13114,13114,5,5
2022-10-18 15:06:32.241,13111,13113,13113,5,5
2022-10-18 15:06:33.941,13111,13113,13111,5,-5
2022-10-18 15:06:34.027,13110,13112,13112,5,5
2022-10-18 15:06:35.600,13110,13112,13112,5,5
2022-10-18 15:06:36.536,13111,13113,13111,1,-1
2022-10-18 15:06:37.102,13111,13113,13113,5,5
2022-10-18 15:06:38.124,13111,13113,13111,5,-5
2022-10-18 15:06:38.435,13111,13113,13113,5,5
2022-10-18 15:06:39.155,13111,13113,13111,5,-5
2022-10-18 15:06:39.476,13111,13112,13111,1,-1
2022-10-18 15:06:39.993,13110,13112,13112,5,5
2022-10-18 15:06:40.271,13111,13113,13113,2,2
2022-10-18 15:06:41.151,13111,13113,13111,5,-5
2022-10-18 15:06:42.246,13110,13112,13110,5,-5
2022-10-18 15:06:42.421,13110,13112,13110,8,-8
2022-10-18 15:06:42.647,13109,13111,13109,1,-1
2022-10-18 15:06:42.901,13109,13111,13111,5,5
2022-10-18 15:06:42.907,13109,13111,13110,2,2
2022-10-18 15:06:43.066,13109,13111,13111,1,1
2022-10-18 15:06:44.156,13109,13111,13109,1,-1
2022-10-18 15:06:44.598,13109,13111,13111,5,5
2022-10-18 15:06:46.197,13108,13110,13110,5,5
2022-10-18 15:06:48.060,13109,13110,13110,1,1
2022-10-18 15:06:48.060,13109,13110,13111,4,4
2022-10-18 15:06:49.619,13109,13111,13111,3,3
2022-10-18 15:06:49.619,13109,13111,13112,2,2
2022-10-18 15:06:50.162,13110,13112,13110,4,-4
2022-10-18 15:06:50.476,13109,13111,13109,2,-2
2022-10-18 15:06:51.383,13109,13111,13111,5,5
2022-10-18 15:06:52.560,13109,13111,13109,2,-2
2022-10-18 15:06:52.717,13107,13109,13107,1,-1
2022-10-18 15:06:52.994,13105,13107,13105,1,-1
2022-10-18 15:06:52.995,13105,13107,13105,2,-2
2022-10-18 15:06:52.995,13105,13107,13105,10,-10
2022-10-18 15:06:52.998,13104,13105,13104,6,-6
2022-10-18 15:06:52.998,13104,13105,13104,1,-1
2022-10-18 15:06:53.302,13103,13105,13105,5,5
2022-10-18 15:06:55.192,13101,13103,13103,1,1
2022-10-18 15:06:55.367,13101,13103,13103,5,5
2022-10-18 15:06:55.391,13102,13104,13102,1,-1
2022-10-18 15:06:55.560,13101,13103,13101,1,-1
2022-10-18 15:06:55.561,13101,13103,13101,2,-2
2022-10-18 15:06:55.752,13100,13102,13102,3,3
2022-10-18 15:06:56.533,13100,13102,13100,2,-2
2022-10-18 15:06:56.535,13100,13102,13100,1,-1
2022-10-18 15:06:56.535,13100,13102,13100,1,-1
2022-10-18 15:06:56.535,13100,13102,13100,3,-3
2022-10-18 15:06:56.751,13099,13100,13099,2,-2
2022-10-18 15:06:56.772,13099,13100,13100,2,2
2022-10-18 15:06:56.975,13099,13100,13099,1,-1
2022-10-18 15:06:56.975,13099,13100,13099,1,-1
2022-10-18 15:06:57.232,13099,13100,13100,5,5
2022-10-18 15:06:57.545,13099,13101,13099,4,-4
2022-10-18 15:06:57.545,13099,13101,13099,1,-1
2022-10-18 15:06:57.545,13099,13101,13099,1,-1
2022-10-18 15:06:57.549,13099,13101,13098,1,-1
2022-10-18 15:06:57.549,13099,13101,13098,1,-1
2022-10-18 15:06:57.549,13099,13101,13098,4,-4
2022-10-18 15:06:57.549,13099,13101,13098,1,-1
2022-10-18 15:06:57.549,13099,13101,13098,1,-1
2022-10-18 15:06:57.611,13099,13101,13097,1,-1
2022-10-18 15:06:57.614,13099,13101,13096,9,-9
2022-10-18 15:06:57.697,13095,13097,13097,3,3
2022-10-18 15:06:57.698,13095,13097,13097,1,1
2022-10-18 15:06:57.753,13096,13098,13096,1,-1
2022-10-18 15:06:57.850,13096,13098,13096,1,-1
2022-10-18 15:06:57.878,13095,13097,13095,1,-1
2022-10-18 15:06:58.003,13096,13097,13095,1,-1
2022-10-18 15:06:58.109,13096,13097,13095,1,-1
2022-10-18 15:06:58.328,13096,13097,13097,3,3
2022-10-18 15:06:58.763,13096,13098,13096,1,-1
2022-10-18 15:06:58.867,13096,13098,13098,4,4
2022-10-18 15:06:58.919,13097,13099,13098,1,1
2022-10-18 15:06:58.933,13097,13099,13099,3,3
2022-10-18 15:06:58.933,13097,13099,13100,2,2
2022-10-18 15:06:58.999,13098,13100,13098,8,-8
2022-10-18 15:07:00.041,13096,13098,13097,10,-10
2022-10-18 15:07:00.218,13096,13098,13098,1,1
2022-10-18 15:07:00.218,13096,13098,13099,4,4
2022-10-18 15:07:00.219,13096,13098,13098,2,2
2022-10-18 15:07:00.531,13098,13099,13098,5,-5
2022-10-18 15:07:00.634,13097,13099,13097,1,-1
2022-10-18 15:07:00.635,13097,13099,13097,1,-1
2022-10-18 15:07:01.851,13096,13097,13097,5,5
2022-10-18 15:07:02.509,13096,13097,13097,1,1
2022-10-18 15:07:03.656,13097,13098,13097,1,-1
2022-10-18 15:07:03.657,13097,13098,13098,2,2
2022-10-18 15:07:03.699,13097,13098,13098,4,4
2022-10-18 15:07:03.699,13097,13098,13097,2,-2
2022-10-18 15:07:03.879,13098,13100,13098,1,-1
2022-10-18 15:07:04.038,13098,13100,13098,2,-2
2022-10-18 15:07:04.716,13098,13099,13098,1,-1
2022-10-18 15:07:04.850,13098,13100,13098,1,-1
2022-10-18 15:07:05.908,13098,13100,13098,6,-6
2022-10-18 15:07:05.913,13098,13100,13097,1,-1
2022-10-18 15:07:06.124,13097,13098,13097,1,-1
2022-10-18 15:07:06.705,13096,13097,13097,3,3
2022-10-18 15:07:07.508,13097,13099,13097,2,-2
2022-10-18 15:07:07.624,13096,13098,13096,3,-3
2022-10-18 15:07:07.624,13096,13098,13096,15,-15
2022-10-18 15:07:07.624,13096,13098,13096,3,-3
2022-10-18 15:07:07.906,13095,13097,13095,2,-2
2022-10-18 15:07:08.232,13095,13096,13096,5,5
2022-10-18 15:07:08.236,13095,13096,13095,2,-2
2022-10-18 15:07:08.267,13095,13097,13097,1,1
2022-10-18 15:07:08.403,13095,13097,13097,5,5
2022-10-18 15:07:08.662,13095,13097,13097,3,3
2022-10-18 15:07:10.152,13096,13097,13096,1,-1
2022-10-18 15:07:10.857,13095,13097,13096,5,-5
2022-10-18 15:07:10.993,13095,13097,13095,2,-2
2022-10-18 15:07:11.382,13094,13096,13096,4,4
2022-10-18 15:07:11.383,13094,13096,13096,6,6
2022-10-18 15:07:11.528,13095,13097,13097,1,1
2022-10-18 15:07:11.720,13095,13097,13097,3,3
2022-10-18 15:07:12.200,13095,13097,13096,1,1
2022-10-18 15:07:12.202,13095,13097,13097,10,10
2022-10-18 15:07:12.948,13095,13097,13097,7,7
2022-10-18 15:07:12.948,13095,13097,13097,2,2
2022-10-18 15:07:12.948,13095,13097,13097,1,1
2022-10-18 15:07:12.964,13095,13097,13096,1,1
2022-10-18 15:07:13.809,13097,13098,13098,2,2
2022-10-18 15:07:13.891,13098,13099,13099,1,1
2022-10-18 15:07:13.891,13098,13099,13100,4,4
2022-10-18 15:07:13.892,13098,13099,13100,1,1
2022-10-18 15:07:13.959,13098,13099,13101,5,5
2022-10-18 15:07:13.962,13098,13099,13101,1,1
2022-10-18 15:07:13.963,13098,13099,13101,1,1
2022-10-18 15:07:14.172,13100,13102,13100,4,-4
2022-10-18 15:07:14.265,13100,13102,13100,1,-1
2022-10-18 15:07:14.928,13099,13101,13100,1,-1
2022-10-18 15:07:15.415,13100,13102,13102,5,5
2022-10-18 15:07:17.146,13100,13101,13101,1,1
2022-10-18 15:07:17.148,13100,13101,13101,9,9
2022-10-18 15:07:17.561,13100,13102,13102,5,5
2022-10-18 15:07:18.335,13100,13102,13103,3,3
2022-10-18 15:07:18.642,13101,13103,13103,1,1
2022-10-18 15:07:18.642,13101,13103,13103,1,1
2022-10-18 15:07:18.664,13101,13103,13103,1,1
2022-10-18 15:07:18.719,13101,13103,13103,6,6
2022-10-18 15:07:19.251,13101,13103,13103,5,5
2022-10-18 15:07:19.675,13103,13104,13103,2,-2
2022-10-18 15:07:20.466,13102,13104,13102,1,-1
2022-10-18 15:07:20.913,13102,13104,13104,2,2
2022-10-18 15:07:20.913,13102,13104,13105,3,3
2022-10-18 15:07:22.049,13103,13105,13105,1,1
2022-10-18 15:07:22.273,13103,13105,13105,1,1
2022-10-18 15:07:22.381,13103,13105,13105,5,5
2022-10-18 15:07:22.717,13103,13105,13105,5,5
2022-10-18 15:07:23.152,13104,13106,13105,1,1
2022-10-18 15:07:23.153,13104,13106,13105,1,1
2022-10-18 15:07:23.533,13104,13106,13106,9,9
2022-10-18 15:07:23.533,13104,13106,13107,1,1
2022-10-18 15:07:24.149,13105,13107,13107,10,10
2022-10-18 15:07:24.200,13105,13107,13107,4,4
2022-10-18 15:07:24.200,13105,13107,13108,1,1
2022-10-18 15:07:24.201,13105,13107,13107,1,1
2022-10-18 15:07:24.791,13106,13108,13108,9,9
2022-10-18 15:07:24.791,13106,13108,13109,1,1
2022-10-18 15:07:25.036,13107,13109,13109,1,1
2022-10-18 15:07:25.433,13108,13110,13110,9,9
2022-10-18 15:07:25.433,13108,13110,13110,1,1
2022-10-18 15:07:25.555,13109,13111,13109,1,-1
2022-10-18 15:07:25.849,13109,13111,13109,1,-1
2022-10-18 15:07:25.850,13109,13111,13111,5,5
2022-10-18 15:07:26.045,13109,13111,13109,1,-1
2022-10-18 15:07:26.265,13109,13111,13111,9,9
2022-10-18 15:07:26.266,13109,13111,13111,1,1
2022-10-18 15:07:26.267,13109,13111,13111,1,1
2022-10-18 15:07:26.427,13110,13112,13112,1,1
2022-10-18 15:07:26.602,13111,13113,13112,1,1
2022-10-18 15:07:27.452,13111,13113,13112,6,6
2022-10-18 15:07:27.687,13111,13113,13111,8,-8
2022-10-18 15:07:27.689,13111,13113,13111,1,-1
2022-10-18 15:07:27.797,13110,13112,13112,5,5
2022-10-18 15:07:27.797,13110,13112,13112,5,5
2022-10-18 15:07:28.712,13111,13113,13112,5,5
2022-10-18 15:07:28.724,13111,13113,13112,1,1
2022-10-18 15:07:28.724,13111,13113,13111,9,-9
2022-10-18 15:07:28.755,13111,13112,13112,1,1
2022-10-18 15:07:28.844,13111,13112,13112,5,5
2022-10-18 15:07:28.902,13111,13112,13112,4,4
2022-10-18 15:07:28.902,13111,13112,13113,6,6
2022-10-18 15:07:29.598,13109,13111,13111,1,1
2022-10-18 15:07:29.630,13109,13111,13111,1,1
2022-10-18 15:07:29.643,13109,13111,13109,2,-2
2022-10-18 15:07:29.799,13109,13111,13111,5,5
2022-10-18 15:07:29.799,13109,13111,13112,5,5
2022-10-18 15:07:29.800,13109,13111,13110,1,1
2022-10-18 15:07:30.643,13108,13110,13108,2,-2
2022-10-18 15:07:30.702,13108,13110,13110,8,8
2022-10-18 15:07:30.702,13108,13110,13111,2,2
2022-10-18 15:07:30.715,13108,13110,13110,2,2
2022-10-18 15:07:31.195,13109,13111,13109,1,-1
2022-10-18 15:07:31.285,13109,13111,13109,5,-5
2022-10-18 15:07:31.286,13109,13111,13109,3,-3
2022-10-18 15:07:31.424,13108,13110,13108,2,-2
2022-10-18 15:07:31.703,13108,13110,13110,6,6
2022-10-18 15:07:31.703,13108,13110,13111,4,4
2022-10-18 15:07:32.353,13109,13111,13111,10,10
2022-10-18 15:07:33.010,13110,13111,13111,2,2
2022-10-18 15:07:33.010,13110,13111,13112,3,3
2022-10-18 15:07:33.013,13110,13111,13111,3,3
2022-10-18 15:07:33.785,13110,13112,13110,7,-7
2022-10-18 15:07:33.859,13110,13112,13109,2,-2
2022-10-18 15:07:35.658,13106,13108,13106,1,-1
2022-10-18 15:07:35.733,13106,13108,13106,2,-2
2022-10-18 15:07:36.447,13103,13105,13105,1,1
2022-10-18 15:07:36.484,13103,13105,13103,2,-2
2022-10-18 15:07:37.053,13101,13103,13103,5,5
2022-10-18 15:07:38.129,13102,13104,13102,1,-1
2022-10-18 15:07:38.129,13102,13104,13102,2,-2
2022-10-18 15:07:38.138,13102,13104,13100,1,-1
2022-10-18 15:07:38.138,13102,13104,13100,4,-4
2022-10-18 15:07:38.138,13102,13104,13100,1,-1
2022-10-18 15:07:38.139,13102,13104,13100,1,-1
2022-10-18 15:07:38.577,13097,13099,13098,1,-1
2022-10-18 15:07:38.681,13097,13099,13097,2,-2
2022-10-18 15:07:38.761,13096,13098,13096,3,-3
2022-10-18 15:07:39.527,13095,13097,13097,5,5
2022-10-18 15:07:39.529,13095,13097,13096,1,1
2022-10-18 15:07:39.618,13095,13097,13096,1,1
2022-10-18 15:07:39.820,13095,13097,13095,5,-5
2022-10-18 15:07:39.895,13094,13095,13095,1,1
2022-10-18 15:07:39.895,13094,13095,13095,1,1
2022-10-18 15:07:39.996,13094,13095,13095,1,1
2022-10-18 15:07:40.022,13095,13096,13095,1,-1
2022-10-18 15:07:40.029,13095,13096,13094,3,-3
2022-10-18 15:07:40.193,13093,13095,13094,5,-5
2022-10-18 15:07:40.268,13093,13094,13093,1,-1
2022-10-18 15:07:40.268,13093,13094,13093,4,-4
2022-10-18 15:07:40.269,13093,13094,13093,2,-2
2022-10-18 15:07:40.269,13093,13094,13093,1,-1
2022-10-18 15:07:40.379,13093,13094,13094,23,23
2022-10-18 15:07:40.379,13093,13094,13094,1,1
2022-10-18 15:07:40.380,13093,13094,13094,1,1
2022-10-18 15:07:40.380,13093,13094,13094,1,1
2022-10-18 15:07:40.380,13093,13094,13094,4,4
2022-10-18 15:07:40.380,13093,13094,13094,6,6
2022-10-18 15:07:40.383,13093,13094,13095,2,2
2022-10-18 15:07:40.471,13093,13094,13094,1,1
2022-10-18 15:07:40.637,13094,13096,13096,10,10
2022-10-18 15:07:40.824,13095,13097,13097,1,1
2022-10-18 15:07:41.285,13096,13098,13098,1,1
2022-10-18 15:07:41.285,13096,13098,13099,4,4
2022-10-18 15:07:41.505,13098,13099,13099,1,1
2022-10-18 15:07:41.505,13098,13099,13100,4,4
2022-10-18 15:07:42.182,13098,13100,13100,10,10
2022-10-18 15:07:42.224,13098,13100,13100,1,1
2022-10-18 15:07:42.534,13100,13101,13100,1,-1
2022-10-18 15:07:42.534,13100,13101,13099,1,-1
2022-10-18 15:07:42.802,13099,13100,13100,1,1
2022-10-18 15:07:42.802,13099,13100,13101,9,9
2022-10-18 15:07:43.463,13099,13100,13100,1,1
2022-10-18 15:07:43.463,13099,13100,13101,9,9
2022-10-18 15:07:43.499,13100,13101,13101,2,2
2022-10-18 15:07:43.499,13100,13101,13102,3,3
2022-10-18 15:07:44.254,13099,13101,13101,3,3
2022-10-18 15:07:44.254,13099,13101,13102,7,7
2022-10-18 15:07:44.348,13099,13101,13100,10,10
2022-10-18 15:07:44.869,13099,13101,13099,1,-1
2022-10-18 15:07:45.202,13099,13100,13100,5,5
2022-10-18 15:07:45.202,13099,13100,13101,5,5
2022-10-18 15:07:45.366,13099,13101,13102,5,5
2022-10-18 15:07:45.761,13099,13101,13099,3,-3
2022-10-18 15:07:45.923,13099,13101,13101,5,5
2022-10-18 15:07:46.014,13099,13101,13099,1,-1
2022-10-18 15:07:46.139,13099,13101,13101,4,4
2022-10-18 15:07:46.139,13099,13101,13102,6,6
2022-10-18 15:07:46.595,13100,13102,13101,1,1
2022-10-18 15:07:46.848,13099,13101,13101,2,2
2022-10-18 15:07:46.848,13099,13101,13102,8,8
2022-10-18 15:07:47.336,13101,13103,13103,3,3
2022-10-18 15:07:47.336,13101,13103,13103,7,7
2022-10-18 15:07:47.340,13101,13103,13102,1,1
2022-10-18 15:07:47.354,13101,13103,13104,3,3
2022-10-18 15:07:47.354,13101,13103,13105,2,2
2022-10-18 15:07:47.539,13103,13105,13104,1,1
2022-10-18 15:07:47.629,13104,13106,13104,1,-1
2022-10-18 15:07:48.462,13105,13107,13105,5,-5
2022-10-18 15:07:48.653,13104,13106,13106,1,1
2022-10-18 15:07:48.813,13104,13106,13106,3,3
2022-10-18 15:07:48.814,13104,13106,13106,7,7
2022-10-18 15:07:49.043,13104,13106,13104,1,-1
2022-10-18 15:07:49.178,13103,13105,13105,4,4
2022-10-18 15:07:49.178,13103,13105,13106,1,1
2022-10-18 15:07:49.259,13104,13106,13104,1,-1
2022-10-18 15:07:49.260,13104,13106,13104,2,-2
2022-10-18 15:07:49.586,13103,13105,13105,3,3
2022-10-18 15:07:49.586,13103,13105,13106,2,2
2022-10-18 15:07:49.691,13104,13106,13104,9,-9
2022-10-18 15:07:49.699,13104,13106,13105,3,-3
2022-10-18 15:07:49.699,13104,13106,13106,6,6
2022-10-18 15:07:49.699,13104,13106,13107,1,1
2022-10-18 15:07:49.701,13104,13106,13105,2,2
2022-10-18 15:07:49.791,13104,13106,13104,3,-3
2022-10-18 15:07:49.894,13103,13105,13105,1,1
2022-10-18 15:07:50.265,13104,13106,13105,1,1
2022-10-18 15:07:50.418,13104,13106,13106,2,2
2022-10-18 15:07:50.418,13104,13106,13107,8,8
2022-10-18 15:07:50.543,13105,13107,13105,3,-3
2022-10-18 15:07:50.920,13104,13106,13106,4,4
2022-10-18 15:07:50.920,13104,13106,13107,6,6
2022-10-18 15:07:51.143,13104,13106,13106,2,2
2022-10-18 15:07:51.143,13104,13106,13107,3,3
2022-10-18 15:07:51.144,13104,13106,13106,1,1
2022-10-18 15:07:51.238,13104,13106,13105,5,5
2022-10-18 15:07:51.527,13104,13106,13106,4,4
2022-10-18 15:07:51.527,13104,13106,13107,6,6
2022-10-18 15:07:52.315,13105,13107,13107,4,4
2022-10-18 15:07:52.315,13105,13107,13108,6,6
2022-10-18 15:07:52.317,13105,13107,13107,2,2
2022-10-18 15:07:52.345,13105,13107,13107,1,1
2022-10-18 15:07:52.624,13106,13107,13106,3,-3
2022-10-18 15:07:52.860,13106,13108,13108,5,5
2022-10-18 15:07:52.860,13106,13108,13109,5,5
2022-10-18 15:07:52.866,13106,13108,13109,1,1
2022-10-18 15:07:52.866,13106,13108,13110,4,4
2022-10-18 15:07:52.870,13106,13108,13108,1,1
2022-10-18 15:07:53.153,13108,13110,13108,6,-6
2022-10-18 15:07:53.153,13108,13110,13107,7,-7
2022-10-18 15:07:53.154,13108,13110,13106,1,-1
2022-10-18 15:07:53.154,13108,13110,13106,3,-3
2022-10-18 15:07:53.155,13108,13110,13106,1,-1
2022-10-18 15:07:53.215,13108,13110,13106,1,-1
2022-10-18 15:07:53.229,13108,13110,13108,5,-5
2022-10-18 15:07:53.330,13107,13108,13106,7,-7
2022-10-18 15:07:53.456,13105,13107,13107,7,7
2022-10-18 15:07:53.456,13105,13107,13108,3,3
2022-10-18 15:07:53.457,13105,13107,13107,2,2
2022-10-18 15:07:54.284,13106,13108,13108,6,6
2022-10-18 15:07:54.284,13106,13108,13109,4,4
2022-10-18 15:07:54.311,13106,13108,13107,1,1
2022-10-18 15:07:54.991,13106,13108,13108,4,4
2022-10-18 15:07:54.991,13106,13108,13109,1,1
2022-10-18 15:07:55.006,13107,13109,13109,10,10
2022-10-18 15:07:55.378,13108,13110,13108,1,-1
2022-10-18 15:07:55.653,13108,13110,13110,2,2
2022-10-18 15:07:55.855,13108,13110,13110,1,1
2022-10-18 15:07:55.925,13108,13110,13110,1,1
2022-10-18 15:07:56.540,13109,13110,13109,12,-12
2022-10-18 15:07:56.630,13107,13109,13109,1,1
2022-10-18 15:07:56.630,13107,13109,13110,4,4
2022-10-18 15:07:56.663,13107,13109,13109,10,10
2022-10-18 15:07:56.692,13107,13109,13109,1,1
2022-10-18 15:07:56.692,13107,13109,13110,4,4
2022-10-18 15:07:57.203,13108,13110,13109,1,1
2022-10-18 15:07:57.347,13107,13109,13109,6,6
2022-10-18 15:07:57.347,13107,13109,13110,4,4
2022-10-18 15:07:57.749,13107,13109,13107,1,-1
2022-10-18 15:07:58.071,13106,13108,13108,2,2
2022-10-18 15:07:58.071,13106,13108,13109,3,3
2022-10-18 15:07:58.096,13106,13108,13109,10,10
2022-10-18 15:07:58.609,13108,13110,13108,3,-3
2022-10-18 15:07:59.719,13106,13108,13108,2,2
2022-10-18 15:07:59.719,13106,13108,13109,8,8
2022-10-18 15:07:59.805,13107,13109,13109,1,1
2022-10-18 15:07:59.805,13107,13109,13110,4,4
2022-10-18 15:08:00.206,13108,13110,13110,10,10
2022-10-18 15:08:00.209,13108,13110,13109,2,2
2022-10-18 15:08:00.492,13108,13110,13108,3,-3
2022-10-18 15:08:00.558,13108,13110,13108,1,-1
2022-10-18 15:08:00.799,13108,13110,13110,5,5
2022-10-18 15:08:01.298,13109,13111,13109,2,-2
2022-10-18 15:08:01.590,13108,13110,13109,10,-10
2022-10-18 15:08:02.636,13107,13109,13109,2,2
2022-10-18 15:08:02.636,13107,13109,13109,2,2
2022-10-18 15:08:02.636,13107,13109,13109,3,3
2022-10-18 15:08:02.636,13107,13109,13109,3,3
2022-10-18 15:08:03.505,13107,13108,13107,1,-1
2022-10-18 15:08:03.654,13106,13108,13108,5,5
2022-10-18 15:08:03.654,13106,13108,13109,5,5
2022-10-18 15:08:03.746,13106,13108,13107,3,3
2022-10-18 15:08:03.746,13106,13108,13106,1,-1
2022-10-18 15:08:04.601,13106,13107,13106,1,-1
2022-10-18 15:08:04.737,13105,13107,13107,3,3
2022-10-18 15:08:04.737,13105,13107,13108,2,2
2022-10-18 15:08:06.369,13105,13106,13105,2,-2
2022-10-18 15:08:07.330,13103,13105,13105,10,10
2022-10-18 15:08:07.475,13104,13105,13104,1,-1
2022-10-18 15:08:07.507,13104,13105,13105,1,1
2022-10-18 15:08:07.507,13104,13105,13105,5,5
2022-10-18 15:08:07.511,13104,13105,13106,17,17
2022-10-18 15:08:07.823,13106,13108,13106,1,-1
2022-10-18 15:08:07.939,13106,13108,13106,1,-1
2022-10-18 15:08:08.068,13105,13107,13105,2,-2
2022-10-18 15:08:08.068,13105,13107,13104,2,-2
2022-10-18 15:08:08.287,13104,13106,13104,10,-10
2022-10-18 15:08:08.287,13104,13106,13104,2,-2
2022-10-18 15:08:08.994,13104,13106,13106,5,5
2022-10-18 15:08:09.348,13105,13107,13105,1,-1
2022-10-18 15:08:09.603,13105,13107,13105,1,-1
2022-10-18 15:08:09.731,13105,13107,13107,10,10
2022-10-18 15:08:10.677,13106,13108,13108,10,10
2022-10-18 15:08:10.897,13107,13109,13107,2,-2
2022-10-18 15:08:12.093,13104,13105,13105,1,1
2022-10-18 15:08:12.093,13104,13105,13106,9,9
2022-10-18 15:08:12.533,13105,13107,13105,1,-1
2022-10-18 15:08:12.561,13105,13107,13105,1,-1
2022-10-18 15:08:12.953,13104,13106,13104,5,-5
2022-10-18 15:08:13.706,13103,13105,13103,1,-1
2022-10-18 15:08:13.730,13103,13105,13104,1,-1
2022-10-18 15:08:13.730,13103,13105,13105,4,4
2022-10-18 15:08:14.261,13103,13105,13104,1,1
2022-10-18 15:08:14.264,13103,13105,13104,2,2
2022-10-18 15:08:15.176,13103,13104,13103,3,-3
2022-10-18 15:08:15.177,13103,13104,13103,7,-7
2022-10-18 15:08:15.319,13102,13103,13103,5,5
2022-10-18 15:08:15.319,13102,13103,13104,5,5
2022-10-18 15:08:15.330,13102,13103,13102,1,-1
2022-10-18 15:08:15.864,13103,13104,13103,1,-1
2022-10-18 15:08:15.960,13103,13104,13103,1,-1
2022-10-18 15:08:16.576,13102,13104,13104,10,10
2022-10-18 15:08:16.636,13103,13105,13103,1,-1
2022-10-18 15:08:16.918,13103,13105,13103,4,-4
2022-10-18 15:08:16.918,13103,13105,13102,1,-1
2022-10-18 15:08:17.600,13102,13104,13104,9,9
2022-10-18 15:08:17.600,13102,13104,13105,1,1
2022-10-18 15:08:17.756,13103,13105,13103,2,-2
2022-10-18 15:08:18.072,13103,13105,13105,5,5
2022-10-18 15:08:18.603,13104,13106,13105,10,10
2022-10-18 15:08:18.607,13104,13106,13104,3,-3
2022-10-18 15:08:18.843,13103,13105,13104,1,-1
2022-10-18 15:08:18.917,13104,13106,13104,1,-1
2022-10-18 15:08:19.351,13103,13105,13105,2,2
2022-10-18 15:08:19.351,13103,13105,13106,3,3
2022-10-18 15:08:20.217,13104,13106,13106,6,6
2022-10-18 15:08:20.217,13104,13106,13107,4,4
2022-10-18 15:08:20.509,13105,13106,13106,2,2
2022-10-18 15:08:20.511,13105,13106,13106,1,1
2022-10-18 15:08:20.856,13106,13107,13106,2,-2
2022-10-18 15:08:20.856,13106,13107,13105,13,-13
2022-10-18 15:08:21.435,13105,13107,13107,5,5
2022-10-18 15:08:21.536,13106,13108,13107,10,10
2022-10-18 15:08:21.869,13106,13108,13106,1,-1
2022-10-18 15:08:21.870,13106,13108,13106,1,-1
2022-10-18 15:08:21.899,13106,13108,13106,1,-1
2022-10-18 15:08:21.935,13106,13108,13106,8,-8
2022-10-18 15:08:21.935,13106,13108,13105,7,-7
2022-10-18 15:08:22.437,13105,13107,13107,10,10
2022-10-18 15:08:22.755,13106,13108,13108,5,5
2022-10-18 15:08:23.157,13106,13108,13108,9,9
2022-10-18 15:08:23.157,13106,13108,13108,1,1
2022-10-18 15:08:23.291,13107,13109,13107,6,-6
2022-10-18 15:08:23.291,13107,13109,13106,9,-9
2022-10-18 15:08:23.543,13105,13107,13107,5,5
2022-10-18 15:08:23.639,13106,13108,13106,3,-3
2022-10-18 15:08:23.639,13106,13108,13105,2,-2
2022-10-18 15:08:23.787,13106,13108,13108,10,10
2022-10-18 15:08:23.952,13107,13109,13108,2,2
2022-10-18 15:08:23.955,13107,13109,13109,1,1
2022-10-18 15:08:23.955,13107,13109,13109,4,4
2022-10-18 15:08:23.955,13107,13109,13109,1,1
2022-10-18 15:08:23.955,13107,13109,13109,1,1
2022-10-18 15:08:23.956,13107,13109,13109,9,9
2022-10-18 15:08:23.956,13107,13109,13109,3,3
2022-10-18 15:08:23.956,13107,13109,13109,1,1
2022-10-18 15:08:23.956,13107,13109,13109,2,2
2022-10-18 15:08:24.164,13109,13110,13109,1,-1
2022-10-18 15:08:24.166,13109,13110,13109,1,-1
2022-10-18 15:08:24.240,13109,13110,13109,1,-1
2022-10-18 15:08:24.241,13109,13110,13109,9,-9
2022-10-18 15:08:24.260,13107,13109,13107,5,-5
2022-10-18 15:08:24.834,13107,13108,13108,1,1
2022-10-18 15:08:24.834,13107,13108,13109,9,9
2022-10-18 15:08:24.979,13107,13109,13107,1,-1
2022-10-18 15:08:25.328,13108,13109,13109,1,1
2022-10-18 15:08:25.328,13108,13109,13110,4,4
2022-10-18 15:08:25.398,13108,13110,13110,3,3
2022-10-18 15:08:25.398,13108,13110,13110,3,3
2022-10-18 15:08:25.562,13109,13111,13109,1,-1
2022-10-18 15:08:25.940,13109,13111,13111,5,5
2022-10-18 15:08:25.943,13109,13111,13110,1,1
2022-10-18 15:08:26.075,13109,13111,13110,1,1
2022-10-18 15:08:26.676,13110,13111,13111,3,3
2022-10-18 15:08:26.904,13111,13112,13111,1,-1
2022-10-18 15:08:26.904,13111,13112,13111,1,-1
2022-10-18 15:08:26.904,13111,13112,13111,1,-1
2022-10-18 15:08:26.904,13111,13112,13111,1,-1
2022-10-18 15:08:26.904,13111,13112,13111,3,-3
2022-10-18 15:08:27.073,13110,13111,13110,10,-10
2022-10-18 15:08:27.199,13109,13110,13109,2,-2
2022-10-18 15:08:27.242,13109,13110,13110,3,3
2022-10-18 15:08:27.242,13109,13110,13111,2,2
2022-10-18 15:08:27.841,13109,13110,13110,1,1
2022-10-18 15:08:27.841,13109,13110,13111,9,9
2022-10-18 15:08:28.270,13109,13111,13109,9,-9
2022-10-18 15:08:28.272,13109,13111,13108,2,-2
2022-10-18 15:08:28.353,13109,13111,13107,2,-2
2022-10-18 15:08:28.404,13107,13108,13107,1,-1
2022-10-18 15:08:28.522,13107,13109,13109,10,10
2022-10-18 15:08:28.795,13108,13110,13108,3,-3
2022-10-18 15:08:28.795,13108,13110,13107,11,-11
2022-10-18 15:08:28.796,13108,13110,13107,1,-1
2022-10-18 15:08:29.028,13107,13108,13108,6,6
2022-10-18 15:08:29.028,13107,13108,13109,4,4
2022-10-18 15:08:29.225,13107,13109,13109,5,5
2022-10-18 15:08:29.736,13107,13109,13109,5,5
2022-10-18 15:08:29.786,13108,13110,13110,4,4
2022-10-18 15:08:29.786,13108,13110,13111,6,6
2022-10-18 15:08:30.403,13108,13110,13110,4,4
2022-10-18 15:08:30.403,13108,13110,13111,6,6
2022-10-18 15:08:30.848,13109,13111,13110,2,2
2022-10-18 15:08:30.913,13109,13111,13109,1,-1
2022-10-18 15:08:30.966,13109,13111,13109,6,-6
2022-10-18 15:08:30.966,13109,13111,13108,9,-9
2022-10-18 15:08:31.034,13108,13110,13110,5,5
2022-10-18 15:08:31.792,13108,13110,13110,7,7
2022-10-18 15:08:31.792,13108,13110,13111,3,3
2022-10-18 15:08:32.138,13109,13111,13110,1,1
2022-10-18 15:08:32.401,13109,13111,13111,10,10
2022-10-18 15:08:32.503,13110,13111,13110,1,-1
2022-10-18 15:08:32.712,13109,13111,13109,5,-5
2022-10-18 15:08:32.976,13109,13111,13111,10,10
2022-10-18 15:08:33.022,13110,13111,13111,3,3
2022-10-18 15:08:33.022,13110,13111,13112,2,2
2022-10-18 15:08:33.480,13110,13112,13112,10,10
2022-10-18 15:08:33.658,13111,13113,13111,4,-4
2022-10-18 15:08:33.670,13111,13113,13113,1,1
2022-10-18 15:08:33.701,13111,13113,13111,3,-3
2022-10-18 15:08:33.701,13111,13113,13110,10,-10
2022-10-18 15:08:34.086,13109,13111,13111,9,9
2022-10-18 15:08:34.086,13109,13111,13112,1,1
2022-10-18 15:08:34.198,13110,13112,13110,5,-5
2022-10-18 15:08:34.629,13109,13111,13111,2,2
2022-10-18 15:08:34.796,13109,13111,13110,1,1
2022-10-18 15:08:34.796,13109,13111,13111,9,9
2022-10-18 15:08:34.912,13110,13112,13110,4,-4
2022-10-18 15:08:35.188,13109,13110,13109,1,-1
2022-10-18 15:08:35.330,13108,13110,13108,1,-1
2022-10-18 15:08:35.403,13108,13109,13109,1,1
2022-10-18 15:08:35.403,13108,13109,13110,9,9
2022-10-18 15:08:35.798,13108,13110,13108,3,-3
2022-10-18 15:08:36.135,13107,13109,13109,10,10
2022-10-18 15:08:36.393,13108,13110,13110,5,5
2022-10-18 15:08:36.725,13109,13111,13111,8,8
2022-10-18 15:08:36.725,13109,13111,13111,2,2
2022-10-18 15:08:36.758,13110,13111,13110,1,-1
2022-10-18 15:08:36.758,13110,13111,13109,1,-1
2022-10-18 15:08:36.851,13110,13111,13109,9,-9
2022-10-18 15:08:36.851,13110,13111,13108,4,-4
2022-10-18 15:08:36.852,13110,13111,13109,2,-2
2022-10-18 15:08:37.265,13109,13111,13111,10,10
2022-10-18 15:08:37.267,13109,13111,13110,1,1
2022-10-18 15:08:37.611,13110,13112,13110,2,-2
2022-10-18 15:08:38.837,13111,13113,13111,13,-13
2022-10-18 15:08:39.018,13110,13112,13112,5,5
2022-10-18 15:08:39.018,13110,13112,13112,5,5
2022-10-18 15:08:39.202,13111,13113,13111,1,-1
2022-10-18 15:08:39.972,13110,13112,13112,3,3
2022-10-18 15:08:39.972,13110,13112,13113,7,7
2022-10-18 15:08:40.013,13111,13113,13111,2,-2
2022-10-18 15:08:40.304,13110,13111,13111,1,1
2022-10-18 15:08:40.447,13110,13111,13111,1,1
2022-10-18 15:08:40.484,13110,13111,13111,12,12
2022-10-18 15:08:40.597,13111,13112,13112,2,2
2022-10-18 15:08:40.597,13111,13112,13113,8,8
2022-10-18 15:08:40.764,13112,13113,13112,2,-2
2022-10-18 15:08:41.251,13112,13113,13113,1,1
2022-10-18 15:08:41.485,13113,13114,13113,1,-1
2022-10-18 15:08:41.485,13113,13114,13113,3,-3
2022-10-18 15:08:41.485,13113,13114,13113,3,-3
2022-10-18 15:08:41.485,13113,13114,13113,2,-2
2022-10-18 15:08:41.595,13111,13113,13113,3,3
2022-10-18 15:08:41.595,13111,13113,13114,1,1
2022-10-18 15:08:41.680,13112,13114,13114,1,1
2022-10-18 15:08:42.226,13111,13113,13113,1,1
2022-10-18 15:08:42.226,13111,13113,13114,9,9
2022-10-18 15:08:42.707,13113,13115,13113,10,-10
2022-10-18 15:08:42.707,13113,13115,13112,3,-3
2022-10-18 15:08:42.977,13112,13114,13113,10,-10
2022-10-18 15:08:44.267,13113,13114,13114,4,4
2022-10-18 15:08:44.267,13113,13114,13115,6,6
2022-10-18 15:08:44.362,13113,13114,13113,2,-2
2022-10-18 15:08:44.468,13112,13114,13112,1,-1
2022-10-18 15:08:44.468,13112,13114,13112,2,-2
2022-10-18 15:08:44.468,13112,13114,13112,2,-2
2022-10-18 15:08:45.369,13111,13112,13111,1,-1
2022-10-18 15:08:45.696,13110,13112,13112,10,10
2022-10-18 15:08:46.249,13111,13113,13111,7,-7
2022-10-18 15:08:46.249,13111,13113,13111,4,-4
2022-10-18 15:08:46.249,13111,13113,13111,2,-2
2022-10-18 15:08:46.284,13111,13113,13113,10,10
2022-10-18 15:08:46.679,13111,13113,13112,5,5
2022-10-18 15:08:46.891,13111,13113,13113,6,6
2022-10-18 15:08:46.891,13111,13113,13114,4,4
2022-10-18 15:08:46.892,13111,13113,13113,1,1
2022-10-18 15:08:47.176,13112,13114,13112,3,-3
2022-10-18 15:08:47.451,13111,13113,13113,4,4
2022-10-18 15:08:47.451,13111,13113,13114,6,6
2022-10-18 15:08:47.894,13111,13113,13113,1,1
2022-10-18 15:08:47.894,13111,13113,13114,9,9
2022-10-18 15:08:47.931,13111,13113,13112,2,2
2022-10-18 15:08:48.627,13111,13113,13113,2,2
2022-10-18 15:08:48.627,13111,13113,13114,8,8
2022-10-18 15:08:48.859,13112,13114,13114,1,1
2022-10-18 15:08:48.970,13112,13114,13113,2,2
2022-10-18 15:08:49.208,13112,13114,13115,10,10
2022-10-18 15:08:49.415,13114,13115,13115,1,1
2022-10-18 15:08:50.004,13114,13115,13114,1,-1
2022-10-18 15:08:50.601,13113,13115,13115,10,10
2022-10-18 15:08:51.193,13113,13115,13115,6,6
2022-10-18 15:08:51.193,13113,13115,13115,4,4
2022-10-18 15:08:51.195,13113,13115,13115,1,1
2022-10-18 15:08:51.583,13113,13115,13114,1,1
2022-10-18 15:08:51.702,13114,13116,13115,10,10
2022-10-18 15:08:52.220,13114,13115,13115,1,1
2022-10-18 15:08:52.313,13114,13116,13115,1,1
2022-10-18 15:08:52.313,13114,13116,13116,9,9
2022-10-18 15:08:52.446,13114,13116,13116,1,1
2022-10-18 15:08:53.073,13114,13116,13115,1,1
2022-10-18 15:08:53.073,13114,13116,13116,9,9
2022-10-18 15:08:53.411,13114,13116,13116,1,1
2022-10-18 15:08:53.801,13114,13116,13116,10,10
2022-10-18 15:08:53.975,13115,13116,13116,1,1
2022-10-18 15:08:54.304,13115,13117,13115,1,-1
2022-10-18 15:08:54.311,13115,13117,13115,1,-1
2022-10-18 15:08:54.758,13114,13116,13116,8,8
2022-10-18 15:08:54.758,13114,13116,13116,2,2
2022-10-18 15:08:54.908,13114,13115,13114,3,-3
2022-10-18 15:08:55.039,13113,13115,13113,2,-2
2022-10-18 15:08:55.460,13112,13114,13112,1,-1
2022-10-18 15:08:55.636,13111,13113,13113,3,3
2022-10-18 15:08:55.636,13111,13113,13114,7,7
2022-10-18 15:08:55.637,13111,13113,13113,1,1
2022-10-18 15:08:56.450,13112,13114,13114,6,6
2022-10-18 15:08:56.450,13112,13114,13115,4,4
2022-10-18 15:08:56.706,13113,13115,13113,3,-3
2022-10-18 15:08:57.253,13113,13115,13115,7,7
2022-10-18 15:08:57.254,13113,13115,13115,1,1
2022-10-18 15:08:57.254,13113,13115,13115,2,2
2022-10-18 15:08:58.264,13114,13116,13116,10,10
2022-10-18 15:08:58.769,13115,13116,13115,1,-1
2022-10-18 15:08:59.037,13115,13116,13116,10,10
2022-10-18 15:08:59.037,13115,13116,13116,1,1
2022-10-18 15:08:59.037,13115,13116,13116,1,1
2022-10-18 15:08:59.038,13115,13116,13116,1,1
2022-10-18 15:08:59.038,13115,13116,13116,2,2
2022-10-18 15:08:59.038,13115,13116,13116,2,2
2022-10-18 15:08:59.682,13116,13117,13117,1,1
2022-10-18 15:08:59.682,13116,13117,13117,1,1
2022-10-18 15:08:59.682,13116,13117,13117,1,1
2022-10-18 15:08:59.682,13116,13117,13117,11,11
2022-10-18 15:08:59.790,13117,13118,13117,1,-1
2022-10-18 15:08:59.911,13117,13118,13117,2,-2
2022-10-18 15:09:00.132,13116,13118,13116,1,-1
2022-10-18 15:09:00.235,13116,13118,13118,2,2
2022-10-18 15:09:00.235,13116,13118,13118,2,2
2022-10-18 15:09:00.301,13117,13118,13118,1,1
2022-10-18 15:09:00.301,13117,13118,13118,1,1
2022-10-18 15:09:00.301,13117,13118,13118,1,1
2022-10-18 15:09:00.302,13117,13118,13118,1,1
2022-10-18 15:09:00.302,13117,13118,13118,28,28
2022-10-18 15:09:00.303,13117,13118,13118,1,1
2022-10-18 15:09:00.303,13117,13118,13118,1,1
2022-10-18 15:09:00.303,13117,13118,13118,1,1
2022-10-18 15:09:00.303,13117,13118,13118,1,1
2022-10-18 15:09:00.303,13117,13118,13119,1,1
2022-10-18 15:09:00.304,13117,13118,13119,1,1
2022-10-18 15:09:00.325,13117,13118,13119,1,1
2022-10-18 15:09:00.353,13117,13118,13118,4,4
2022-10-18 15:09:00.436,13118,13119,13119,1,1
2022-10-18 15:09:00.481,13118,13119,13119,3,3
2022-10-18 15:09:00.494,13118,13119,13119,1,1
2022-10-18 15:09:00.494,13118,13119,13119,1,1
2022-10-18 15:09:00.497,13118,13119,13119,1,1
2022-10-18 15:09:00.504,13118,13119,13119,1,1
2022-10-18 15:09:00.524,13118,13119,13120,1,1
2022-10-18 15:09:00.668,13118,13119,13119,1,1
2022-10-18 15:09:00.733,13118,13119,13118,2,-2
2022-10-18 15:09:00.871,13117,13118,13116,1,-1
2022-10-18 15:09:00.794,13117,13118,13117,10,-10
2022-10-18 15:09:00.808,13117,13118,13116,1,-1
2022-10-18 15:09:00.871,13117,13118,13116,1,-1
2022-10-18 15:09:00.871,13117,13118,13116,4,-4
2022-10-18 15:09:00.871,13117,13118,13116,1,-1
2022-10-18 15:09:00.871,13117,13118,13116,1,-1
2022-10-18 15:09:00.871,13117,13118,13116,1,-1
2022-10-18 15:09:00.873,13117,13118,13115,1,-1
2022-10-18 15:09:00.873,13117,13118,13116,3,-3
2022-10-18 15:09:00.927,13117,13118,13115,1,-1
2022-10-18 15:09:01.102,13114,13116,13115,1,-1
2022-10-18 15:09:01.196,13114,13116,13116,1,1
2022-10-18 15:09:01.451,13114,13116,13116,2,2
2022-10-18 15:09:01.451,13114,13116,13117,8,8
2022-10-18 15:09:02.163,13117,13118,13118,1,1
2022-10-18 15:09:02.206,13117,13118,13117,4,-4
2022-10-18 15:09:02.206,13117,13118,13116,9,-9
2022-10-18 15:09:02.458,13116,13118,13118,10,10
2022-10-18 15:09:03.084,13117,13119,13117,2,-2
2022-10-18 15:09:03.400,13117,13119,13119,10,10
2022-10-18 15:09:04.043,13115,13117,13116,6,6
2022-10-18 15:09:04.043,13115,13117,13117,4,4
2022-10-18 15:09:04.044,13115,13117,13116,1,1
2022-10-18 15:09:04.878,13113,13115,13115,10,10
2022-10-18 15:09:05.104,13114,13116,13114,7,-7
2022-10-18 15:09:05.104,13114,13116,13114,3,-3
2022-10-18 15:09:05.104,13114,13116,13114,1,-1
2022-10-18 15:09:05.104,13114,13116,13114,1,-1
2022-10-18 15:09:05.104,13114,13116,13114,1,-1
2022-10-18 15:09:05.155,13113,13115,13113,2,-2
2022-10-18 15:09:05.220,13113,13115,13115,1,1
2022-10-18 15:09:05.243,13113,13115,13115,1,1
2022-10-18 15:09:05.276,13114,13116,13115,1,1
2022-10-18 15:09:05.634,13115,13116,13115,1,-1
2022-10-18 15:09:06.013,13114,13116,13116,10,10
2022-10-18 15:09:06.335,13115,13117,13116,1,1
2022-10-18 15:09:06.922,13115,13117,13117,10,10
2022-10-18 15:09:07.439,13116,13117,13116,6,-6
2022-10-18 15:09:07.439,13116,13117,13115,7,-7
2022-10-18 15:09:07.784,13115,13117,13117,10,10
2022-10-18 15:09:08.387,13116,13118,13118,1,1
2022-10-18 15:09:08.762,13116,13118,13118,10,10
2022-10-18 15:09:08.766,13116,13118,13117,1,1
2022-10-18 15:09:08.927,13116,13118,13116,7,-7
2022-10-18 15:09:08.927,13116,13118,13116,6,-6
2022-10-18 15:09:09.546,13115,13117,13117,4,4
2022-10-18 15:09:09.546,13115,13117,13118,6,6
2022-10-18 15:09:10.277,13117,13119,13117,4,-4
2022-10-18 15:09:10.302,13117,13119,13118,2,-2
2022-10-18 15:09:10.303,13117,13119,13118,8,-8
2022-10-18 15:09:10.307,13117,13119,13117,1,-1
2022-10-18 15:09:10.308,13117,13119,13117,1,-1
2022-10-18 15:09:10.379,13116,13118,13116,8,-8
2022-10-18 15:09:10.380,13116,13118,13116,5,-5
2022-10-18 15:09:11.098,13116,13118,13118,10,10
2022-10-18 15:09:11.697,13117,13119,13119,3,3
2022-10-18 15:09:11.768,13117,13119,13118,10,10
2022-10-18 15:09:12.472,13117,13118,13118,4,4
2022-10-18 15:09:12.474,13117,13118,13118,6,6
2022-10-18 15:09:12.749,13115,13116,13115,1,-1
2022-10-18 15:09:12.750,13115,13116,13115,1,-1
2022-10-18 15:09:13.196,13114,13116,13116,3,3
2022-10-18 15:09:13.196,13114,13116,13117,7,7
2022-10-18 15:09:13.215,13114,13116,13115,5,5
2022-10-18 15:09:14.167,13114,13116,13114,2,-2
2022-10-18 15:09:15.450,13114,13116,13116,3,3
2022-10-18 15:09:15.984,13115,13117,13115,13,-13
2022-10-18 15:09:16.017,13115,13116,13115,6,-6
2022-10-18 15:09:16.405,13114,13116,13116,3,3
2022-10-18 15:09:16.635,13114,13116,13114,1,-1
2022-10-18 15:09:17.282,13113,13115,13115,7,7
2022-10-18 15:09:17.282,13113,13115,13115,3,3
2022-10-18 15:09:17.864,13113,13115,13113,10,-10
2022-10-18 15:09:17.865,13113,13115,13113,3,-3
2022-10-18 15:09:18.121,13113,13114,13114,1,1
2022-10-18 15:09:18.121,13113,13114,13115,1,1
2022-10-18 15:09:18.779,13114,13115,13114,1,-1
2022-10-18 15:09:18.960,13114,13115,13114,1,-1
2022-10-18 15:09:19.203,13114,13115,13114,4,-4
2022-10-18 15:09:19.205,13114,13115,13114,4,-4
2022-10-18 15:09:19.241,13114,13115,13113,1,-1
2022-10-18 15:09:19.406,13112,13113,13113,1,1
2022-10-18 15:09:19.406,13112,13113,13114,2,2
2022-10-18 15:09:20.947,13112,13114,13111,2,-2
2022-10-18 15:09:20.947,13112,13114,13111,1,-1
2022-10-18 15:09:20.947,13112,13114,13111,1,-1
2022-10-18 15:09:21.213,13110,13111,13110,2,-2
2022-10-18 15:09:21.726,13109,13110,13109,1,-1
2022-10-18 15:09:21.889,13107,13109,13109,3,3
2022-10-18 15:09:21.889,13107,13109,13108,1,1
2022-10-18 15:09:22.565,13107,13108,13108,10,10
2022-10-18 15:09:22.565,13107,13108,13108,4,4
2022-10-18 15:09:22.900,13107,13109,13107,1,-1
2022-10-18 15:09:23.545,13106,13107,13107,5,5
2022-10-18 15:09:23.545,13106,13107,13108,5,5
2022-10-18 15:09:24.060,13107,13109,13109,1,1
2022-10-18 15:09:24.060,13107,13109,13110,9,9
2022-10-18 15:09:24.105,13107,13109,13111,3,3
2022-10-18 15:09:24.107,13107,13109,13110,1,1
2022-10-18 15:09:24.867,13110,13112,13112,10,10
2022-10-18 15:09:24.868,13110,13112,13112,1,1
2022-10-18 15:09:24.869,13110,13112,13112,2,2
2022-10-18 15:09:24.869,13110,13112,13112,1,1
2022-10-18 15:09:25.053,13112,13113,13112,1,-1
2022-10-18 15:09:25.515,13112,13113,13113,1,1
2022-10-18 15:09:26.105,13113,13114,13114,1,1
2022-10-18 15:09:26.106,13113,13114,13114,1,1
2022-10-18 15:09:26.106,13113,13114,13114,1,1
2022-10-18 15:09:26.107,13113,13114,13114,9,9
2022-10-18 15:09:26.126,13114,13115,13115,1,1
2022-10-18 15:09:26.338,13114,13115,13115,3,3
2022-10-18 15:09:28.250,13114,13115,13114,19,-19
2022-10-18 15:09:28.250,13114,13115,13113,6,-6
2022-10-18 15:09:28.251,13114,13115,13113,1,-1
2022-10-18 15:09:29.012,13112,13113,13112,5,-5
2022-10-18 15:09:29.023,13112,13113,13111,8,-8
2022-10-18 15:09:29.023,13112,13113,13111,1,-1
2022-10-18 15:09:29.023,13112,13113,13111,2,-2
2022-10-18 15:09:29.023,13112,13113,13111,1,-1
2022-10-18 15:09:29.209,13110,13111,13111,3,3
2022-10-18 15:09:30.644,13112,13114,13114,10,10
2022-10-18 15:09:31.422,13113,13114,13114,1,1
2022-10-18 15:09:31.422,13113,13114,13114,4,4
2022-10-18 15:09:31.424,13113,13114,13114,6,6
2022-10-18 15:09:31.762,13113,13115,13115,3,3
2022-10-18 15:09:32.294,13115,13116,13115,3,-3
2022-10-18 15:09:33.354,13114,13115,13114,1,-1
2022-10-18 15:09:33.354,13114,13115,13114,4,-4
2022-10-18 15:09:33.354,13114,13115,13114,1,-1
2022-10-18 15:09:33.355,13114,13115,13114,4,-4
2022-10-18 15:09:33.355,13114,13115,13114,1,-1
2022-10-18 15:09:33.962,13112,13114,13112,2,-2
2022-10-18 15:09:34.003,13112,13114,13114,3,3
2022-10-18 15:09:34.558,13112,13113,13112,1,-1
2022-10-18 15:09:35.530,13111,13113,13111,4,-4
2022-10-18 15:09:35.567,13111,13113,13112,10,-10
2022-10-18 15:09:36.489,13111,13112,13112,5,5
2022-10-18 15:09:36.489,13111,13112,13113,5,5
2022-10-18 15:09:36.903,13112,13113,13113,2,2
2022-10-18 15:09:36.903,13112,13113,13114,1,1
2022-10-18 15:09:38.421,13113,13115,13115,10,10
2022-10-18 15:09:38.423,13113,13115,13114,1,1
2022-10-18 15:09:39.010,13114,13115,13114,1,-1
2022-10-18 15:09:39.378,13113,13114,13114,6,6
2022-10-18 15:09:39.378,13113,13114,13115,4,4
2022-10-18 15:09:39.633,13114,13115,13115,3,3
2022-10-18 15:09:39.727,13114,13115,13114,1,-1
2022-10-18 15:09:39.936,13114,13115,13114,4,-4
2022-10-18 15:09:40.198,13113,13114,13114,10,10
2022-10-18 15:09:40.198,13113,13114,13114,1,1
2022-10-18 15:09:40.980,13113,13115,13115,4,4
2022-10-18 15:09:40.980,13113,13115,13115,6,6
2022-10-18 15:09:42.167,13115,13116,13115,1,-1
2022-10-18 15:09:42.378,13115,13116,13116,1,1
2022-10-18 15:09:42.378,13115,13116,13116,10,10
2022-10-18 15:09:42.381,13115,13116,13117,12,12
2022-10-18 15:09:42.381,13115,13116,13117,1,1
2022-10-18 15:09:42.381,13115,13116,13117,2,2
2022-10-18 15:09:42.381,13115,13116,13117,2,2
2022-10-18 15:09:42.381,13115,13116,13117,3,3
2022-10-18 15:09:42.540,13117,13118,13117,1,-1
2022-10-18 15:09:42.908,13116,13117,13117,1,1
2022-10-18 15:09:42.908,13116,13117,13118,2,2
2022-10-18 15:09:43.874,13115,13116,13115,12,-12
2022-10-18 15:09:44.079,13113,13115,13113,4,-4
2022-10-18 15:09:44.079,13113,13115,13113,1,-1
2022-10-18 15:09:44.079,13113,13115,13113,3,-3
2022-10-18 15:09:44.080,13113,13115,13113,3,-3
2022-10-18 15:09:45.456,13110,13111,13111,2,2
2022-10-18 15:09:45.456,13110,13111,13112,1,1
2022-10-18 15:09:45.766,13110,13112,13112,10,10
2022-10-18 15:09:48.660,13115,13116,13116,3,3
2022-10-18 15:09:48.852,13115,13116,13115,5,-5
2022-10-18 15:09:48.876,13115,13116,13115,1,-1
2022-10-18 15:09:49.954,13115,13117,13115,11,-11
2022-10-18 15:09:49.954,13115,13117,13114,2,-2
2022-10-18 15:09:49.984,13115,13117,13116,1,-1
2022-10-18 15:09:50.500,13113,13115,13113,2,-2
2022-10-18 15:09:51.828,13113,13115,13115,3,3
2022-10-18 15:09:52.113,13114,13115,13115,1,1
2022-10-18 15:09:52.113,13114,13115,13115,1,1
2022-10-18 15:09:53.613,13114,13115,13114,4,-4
2022-10-18 15:09:53.613,13114,13115,13114,1,-1
2022-10-18 15:09:53.613,13114,13115,13114,2,-2
2022-10-18 15:09:53.613,13114,13115,13114,3,-3
2022-10-18 15:09:53.762,13113,13114,13114,2,2
2022-10-18 15:09:54.438,13113,13115,13114,1,1
2022-10-18 15:09:55.156,13113,13115,13115,3,3
2022-10-18 15:09:55.810,13114,13115,13114,2,-2
2022-10-18 15:09:57.133,13114,13115,13114,1,-1
2022-10-18 15:09:57.625,13114,13115,13114,1,-1
2022-10-18 15:09:57.755,13113,13114,13114,5,5
2022-10-18 15:09:58.005,13113,13114,13114,10,10
2022-10-18 15:09:58.005,13113,13114,13114,2,2
2022-10-18 15:09:58.554,13114,13115,13115,1,1
2022-10-18 15:09:58.554,13114,13115,13115,3,3
2022-10-18 15:09:58.654,13115,13116,13115,2,-2
2022-10-18 15:09:58.896,13114,13115,13115,1,1
2022-10-18 15:09:58.896,13114,13115,13115,1,1
2022-10-18 15:09:59.479,13114,13116,13116,3,3
2022-10-18 15:09:59.860,13115,13116,13116,4,4
2022-10-18 15:09:59.860,13115,13116,13116,1,1
2022-10-18 15:09:59.861,13115,13116,13116,5,5
2022-10-18 15:09:59.862,13115,13116,13116,1,1
2022-10-18 15:10:00.006,13116,13118,13116,1,-1
2022-10-18 15:10:00.616,13116,13118,13118,2,2
2022-10-18 15:10:00.712,13116,13118,13118,1,1
2022-10-18 15:10:02.664,13116,13118,13118,3,3
2022-10-18 15:10:05.122,13115,13117,13118,3,3
2022-10-18 15:10:05.663,13115,13117,13116,5,5
2022-10-18 15:10:05.766,13115,13117,13115,1,-1
2022-10-18 15:10:05.766,13115,13117,13115,4,-4
2022-10-18 15:10:06.208,13114,13116,13116,1,1
2022-10-18 15:10:07.064,13114,13116,13116,1,1
2022-10-18 15:10:07.460,13115,13116,13116,3,3
2022-10-18 15:10:09.050,13115,13116,13115,5,-5
2022-10-18 15:10:09.050,13115,13116,13115,1,-1
2022-10-18 15:10:09.050,13115,13116,13115,1,-1
2022-10-18 15:10:09.050,13115,13116,13115,4,-4
2022-10-18 15:10:09.050,13115,13116,13115,1,-1
2022-10-18 15:10:09.050,13115,13116,13115,8,-8
2022-10-18 15:10:09.050,13115,13116,13115,2,-2
2022-10-18 15:10:09.680,13114,13116,13116,3,3
2022-10-18 15:10:09.738,13114,13116,13116,2,2
2022-10-18 15:10:10.801,13116,13117,13117,1,1
2022-10-18 15:10:11.092,13116,13118,13116,1,-1
2022-10-18 15:10:11.329,13116,13118,13116,3,-3
2022-10-18 15:10:12.184,13116,13118,13118,1,1
2022-10-18 15:10:12.184,13116,13118,13118,15,15
2022-10-18 15:10:12.184,13116,13118,13118,1,1
2022-10-18 15:10:12.184,13116,13118,13118,3,3
2022-10-18 15:10:12.186,13116,13118,13118,2,2
2022-10-18 15:10:12.668,13117,13118,13118,2,2
2022-10-18 15:10:12.668,13117,13118,13119,1,1
2022-10-18 15:10:12.764,13117,13119,13117,1,-1
2022-10-18 15:10:13.172,13117,13118,13118,2,2
2022-10-18 15:10:13.396,13117,13119,13117,1,-1
2022-10-18 15:10:15.156,13117,13119,13118,1,-1
2022-10-18 15:10:15.156,13117,13119,13119,2,2
2022-10-18 15:10:15.245,13117,13119,13117,1,-1
2022-10-18 15:10:16.941,13117,13119,13117,8,-8
2022-10-18 15:10:17.608,13116,13118,13118,3,3
2022-10-18 15:10:19.475,13116,13118,13116,2,-2
2022-10-18 15:10:20.257,13116,13118,13118,3,3
2022-10-18 15:10:21.550,13116,13118,13116,1,-1
2022-10-18 15:10:21.688,13116,13118,13117,1,-1
2022-10-18 15:10:23.111,13116,13118,13118,3,3
2022-10-18 15:10:25.617,13117,13118,13118,3,3
2022-10-18 15:10:25.685,13117,13119,13118,3,3
2022-10-18 15:10:27.890,13118,13119,13119,3,3
2022-10-18 15:10:28.238,13118,13119,13119,4,4
2022-10-18 15:10:28.238,13118,13119,13119,1,1
2022-10-18 15:10:28.239,13118,13119,13119,7,7
2022-10-18 15:10:28.239,13118,13119,13119,7,7
2022-10-18 15:10:28.239,13118,13119,13119,5,5
2022-10-18 15:10:28.239,13118,13119,13119,1,1
2022-10-18 15:10:28.403,13119,13120,13120,4,4
2022-10-18 15:10:28.404,13119,13120,13120,1,1
2022-10-18 15:10:28.404,13119,13120,13120,1,1
2022-10-18 15:10:28.404,13119,13120,13120,3,3
2022-10-18 15:10:28.404,13119,13120,13120,1,1
2022-10-18 15:10:28.405,13119,13120,13120,5,5
2022-10-18 15:10:28.556,13120,13121,13121,1,1
2022-10-18 15:10:28.661,13120,13121,13121,1,1
2022-10-18 15:10:28.709,13120,13121,13121,1,1
2022-10-18 15:10:28.922,13120,13121,13121,1,1
2022-10-18 15:10:29.787,13120,13121,13120,1,-1
2022-10-18 15:10:29.918,13120,13121,13120,2,-2
2022-10-18 15:10:30.027,13120,13121,13120,3,-3
2022-10-18 15:10:30.176,13119,13120,13120,3,3
2022-10-18 15:10:30.529,13119,13120,13119,7,-7
2022-10-18 15:10:31.612,13118,13120,13120,5,5
2022-10-18 15:10:33.783,13119,13120,13120,1,1
2022-10-18 15:10:34.485,13119,13121,13120,1,1
2022-10-18 15:10:34.976,13119,13121,13121,1,1
2022-10-18 15:10:35.341,13119,13120,13119,1,-1
2022-10-18 15:10:35.836,13119,13120,13119,1,-1
2022-10-18 15:10:35.836,13119,13120,13119,3,-3
2022-10-18 15:10:37.167,13117,13118,13117,1,-1
2022-10-18 15:10:38.207,13116,13117,13116,3,-3
2022-10-18 15:10:38.208,13116,13117,13116,1,-1
2022-10-18 15:10:38.990,13116,13117,13116,1,-1
2022-10-18 15:10:40.039,13115,13116,13116,1,1
2022-10-18 15:10:40.351,13115,13116,13115,4,-4
2022-10-18 15:10:40.580,13114,13115,13114,1,-1
2022-10-18 15:10:41.089,13113,13115,13115,1,1
2022-10-18 15:10:42.417,13113,13115,13115,1,1
2022-10-18 15:10:43.256,13114,13115,13115,3,3
2022-10-18 15:10:43.863,13113,13114,13113,3,-3
2022-10-18 15:10:43.869,13113,13114,13112,1,-1
2022-10-18 15:10:44.830,13112,13114,13112,5,-5
2022-10-18 15:10:44.830,13112,13114,13111,3,-3
2022-10-18 15:10:45.433,13110,13112,13112,2,2
2022-10-18 15:10:47.072,13110,13112,13112,10,10
2022-10-18 15:10:47.072,13110,13112,13112,5,5
2022-10-18 15:10:47.072,13110,13112,13112,1,1
2022-10-18 15:10:47.072,13110,13112,13113,4,4
2022-10-18 15:10:47.072,13110,13112,13113,5,5
2022-10-18 15:10:47.072,13110,13112,13113,5,5
2022-10-18 15:10:47.072,13110,13112,13112,2,2
2022-10-18 15:10:47.073,13110,13112,13112,2,2
2022-10-18 15:10:47.126,13112,13113,13112,1,-1
2022-10-18 15:10:47.145,13112,13113,13112,5,-5
2022-10-18 15:10:47.145,13112,13113,13111,3,-3
2022-10-18 15:10:48.326,13112,13114,13114,1,1
2022-10-18 15:10:48.326,13112,13114,13114,1,1
2022-10-18 15:10:49.542,13112,13114,13112,1,-1
2022-10-18 15:10:49.967,13112,13114,13114,3,3
2022-10-18 15:10:50.134,13113,13114,13113,5,-5
2022-10-18 15:10:51.065,13112,13113,13113,5,5
2022-10-18 15:10:51.713,13112,13114,13114,5,5
2022-10-18 15:10:52.637,13113,13114,13114,3,3
2022-10-18 15:10:54.203,13113,13114,13114,1,1
2022-10-18 15:10:55.153,13113,13115,13115,3,3
2022-10-18 15:10:57.423,13115,13116,13116,3,3
2022-10-18 15:10:57.423,13115,13116,13116,4,4
2022-10-18 15:10:57.424,13115,13116,13116,1,1
2022-10-18 15:10:57.602,13116,13117,13116,2,-2
2022-10-18 15:10:58.715,13115,13116,13115,2,-2
2022-10-18 15:10:59.889,13115,13116,13116,1,1
2022-10-18 15:10:59.889,13115,13116,13117,2,2
2022-10-18 15:11:00.318,13115,13117,13115,5,-5
2022-10-18 15:11:00.375,13115,13116,13115,4,-4
2022-10-18 15:11:03.378,13114,13116,13116,3,3
2022-10-18 15:11:05.825,13115,13117,13117,3,3
2022-10-18 15:11:07.090,13115,13116,13116,1,1
2022-10-18 15:11:07.090,13115,13116,13116,1,1
2022-10-18 15:11:07.428,13116,13118,13116,2,-2
2022-10-18 15:11:08.257,13116,13118,13118,3,3
2022-10-18 15:11:10.953,13116,13118,13118,5,5
2022-10-18 15:11:11.193,13116,13118,13118,3,3
2022-10-18 15:11:11.230,13116,13118,13117,1,1
2022-10-18 15:11:11.300,13116,13118,13118,5,5
2022-10-18 15:11:11.608,13117,13119,13119,5,5
2022-10-18 15:11:11.977,13117,13119,13119,5,5
2022-10-18 15:11:12.054,13118,13119,13118,1,-1
2022-10-18 15:11:14.176,13116,13118,13117,2,-2
2022-10-18 15:11:14.176,13116,13118,13118,1,1
2022-10-18 15:11:14.292,13116,13118,13118,3,3
2022-10-18 15:11:15.310,13117,13118,13117,8,-8
2022-10-18 15:11:16.181,13116,13118,13118,3,3
2022-10-18 15:11:18.485,13117,13118,13118,1,1
2022-10-18 15:11:18.485,13117,13118,13119,2,2
2022-10-18 15:11:20.513,13118,13119,13119,3,3
2022-10-18 15:11:21.509,13118,13119,13119,4,4
2022-10-18 15:11:21.597,13118,13119,13118,4,-4
2022-10-18 15:11:22.214,13118,13119,13119,4,4
2022-10-18 15:11:23.247,13118,13119,13118,1,-1
2022-10-18 15:11:23.546,13118,13119,13119,1,1
2022-10-18 15:11:23.764,13119,13120,13120,1,1
2022-10-18 15:11:23.764,13119,13120,13120,4,4
2022-10-18 15:11:23.764,13119,13120,13120,1,1
2022-10-18 15:11:23.764,13119,13120,13120,1,1
2022-10-18 15:11:24.201,13120,13121,13121,2,2
2022-10-18 15:11:24.201,13120,13121,13121,1,1
2022-10-18 15:11:24.402,13120,13121,13120,1,-1
2022-10-18 15:11:25.043,13120,13121,13121,1,1
2022-10-18 15:11:25.043,13120,13121,13121,6,6
2022-10-18 15:11:25.143,13121,13122,13121,2,-2
2022-10-18 15:11:25.244,13121,13122,13121,1,-1
2022-10-18 15:11:25.638,13120,13121,13120,4,-4
2022-10-18 15:11:26.016,13119,13120,13120,2,2
2022-10-18 15:11:26.017,13119,13120,13120,2,2
2022-10-18 15:11:27.993,13120,13121,13121,1,1
2022-10-18 15:11:28.680,13119,13121,13121,1,1
2022-10-18 15:11:28.713,13119,13121,13119,4,-4
2022-10-18 15:11:29.516,13120,13121,13121,1,1
2022-10-18 15:11:29.676,13120,13121,13121,4,4
2022-10-18 15:11:29.677,13120,13121,13121,6,6
2022-10-18 15:11:29.750,13120,13122,13122,1,1
2022-10-18 15:11:30.670,13120,13122,13122,1,1
2022-10-18 15:11:30.934,13121,13122,13121,1,-1
2022-10-18 15:11:31.915,13120,13122,13120,1,-1
2022-10-18 15:11:32.563,13120,13122,13122,1,1
2022-10-18 15:11:32.852,13120,13122,13122,1,1
2022-10-18 15:11:33.165,13120,13122,13120,1,-1
2022-10-18 15:11:34.845,13120,13121,13121,5,5
2022-10-18 15:11:35.279,13120,13122,13122,23,23
2022-10-18 15:11:35.638,13122,13123,13123,2,2
2022-10-18 15:11:35.773,13122,13123,13123,1,1
2022-10-18 15:11:35.830,13122,13123,13123,2,2
2022-10-18 15:11:35.831,13122,13123,13123,3,3
2022-10-18 15:11:35.850,13122,13123,13123,1,1
2022-10-18 15:11:36.140,13122,13123,13123,1,1
2022-10-18 15:11:36.560,13122,13123,13123,1,1
2022-10-18 15:11:36.716,13122,13124,13123,1,1
2022-10-18 15:11:36.716,13122,13124,13124,4,4
2022-10-18 15:11:36.771,13123,13124,13123,2,-2
2022-10-18 15:11:36.970,13122,13123,13123,1,1
2022-10-18 15:11:37.648,13122,13123,13123,1,1
2022-10-18 15:11:38.485,13122,13123,13122,1,-1
2022-10-18 15:11:38.644,13121,13123,13123,1,1
2022-10-18 15:11:38.852,13121,13123,13123,1,1
2022-10-18 15:11:40.412,13121,13122,13121,1,-1
2022-10-18 15:11:40.939,13121,13122,13122,1,1
2022-10-18 15:11:43.284,13120,13122,13120,1,-1
2022-10-18 15:11:43.412,13120,13122,13122,1,1
2022-10-18 15:11:43.953,13120,13122,13122,1,1
2022-10-18 15:11:43.971,13120,13122,13122,3,3
2022-10-18 15:11:46.409,13120,13121,13121,5,5
2022-10-18 15:11:46.409,13120,13121,13121,5,5
2022-10-18 15:11:46.410,13120,13121,13120,5,-5
2022-10-18 15:11:47.926,13120,13122,13122,18,18
2022-10-18 15:11:47.928,13120,13122,13122,3,3
2022-10-18 15:11:50.364,13122,13123,13122,3,-3
2022-10-18 15:11:53.134,13122,13123,13123,8,8
2022-10-18 15:11:53.135,13122,13123,13123,1,1
2022-10-18 15:11:53.135,13122,13123,13123,1,1
2022-10-18 15:11:53.135,13122,13123,13123,4,4
2022-10-18 15:11:53.135,13122,13123,13123,1,1
2022-10-18 15:11:53.135,13122,13123,13123,9,9
2022-10-18 15:11:53.135,13122,13123,13123,4,4
2022-10-18 15:11:53.135,13122,13123,13123,1,1
2022-10-18 15:11:53.135,13122,13123,13123,1,1
2022-10-18 15:11:53.135,13122,13123,13123,1,1
2022-10-18 15:11:53.135,13122,13123,13123,4,4
2022-10-18 15:11:53.141,13122,13123,13124,2,2
2022-10-18 15:11:53.141,13122,13123,13124,1,1
2022-10-18 15:11:53.143,13122,13123,13124,2,2
2022-10-18 15:11:53.143,13122,13123,13124,2,2
2022-10-18 15:11:53.705,13124,13125,13124,5,-5
2022-10-18 15:11:54.580,13124,13125,13124,1,-1
2022-10-18 15:11:54.755,13124,13125,13124,8,-8
2022-10-18 15:11:54.779,13124,13125,13123,4,-4
2022-10-18 15:11:55.346,13123,13124,13123,2,-2
2022-10-18 15:11:55.915,13122,13123,13122,3,-3
2022-10-18 15:11:55.920,13122,13123,13121,4,-4
2022-10-18 15:11:57.343,13121,13122,13121,1,-1
2022-10-18 15:11:58.630,13121,13122,13122,2,2
2022-10-18 15:11:58.630,13121,13122,13123,13,13
2022-10-18 15:11:59.005,13122,13123,13122,1,-1
2022-10-18 15:12:01.333,13121,13122,13122,2,2
2022-10-18 15:12:04.812,13123,13124,13124,2,2
2022-10-18 15:12:06.800,13122,13123,13123,1,1
2022-10-18 15:12:09.196,13123,13124,13124,5,5
2022-10-18 15:12:09.374,13123,13124,13123,1,-1
2022-10-18 15:12:10.552,13123,13124,13123,2,-2
2022-10-18 15:12:10.553,13123,13124,13123,5,-5
2022-10-18 15:12:11.204,13122,13124,13124,5,5
2022-10-18 15:12:11.289,13122,13124,13124,3,3
2022-10-18 15:12:13.221,13122,13124,13123,1,1
2022-10-18 15:12:14.391,13122,13124,13124,5,5
2022-10-18 15:12:14.850,13122,13124,13122,2,-2
2022-10-18 15:12:15.572,13122,13123,13123,1,1
2022-10-18 15:12:16.050,13122,13124,13123,5,5
2022-10-18 15:12:17.732,13122,13123,13122,1,-1
2022-10-18 15:12:17.732,13122,13123,13122,8,-8
2022-10-18 15:12:18.707,13122,13123,13122,1,-1
2022-10-18 15:12:19.295,13122,13123,13122,4,-4
2022-10-18 15:12:19.510,13121,13122,13122,1,1
2022-10-18 15:12:23.303,13121,13122,13121,21,-21
2022-10-18 15:12:23.309,13121,13122,13121,5,-5
2022-10-18 15:12:23.827,13120,13121,13120,6,-6
2022-10-18 15:12:23.827,13120,13121,13120,2,-2
2022-10-18 15:12:24.219,13120,13122,13121,1,-1
2022-10-18 15:12:24.229,13120,13122,13122,7,7
2022-10-18 15:12:27.119,13122,13123,13123,1,1
2022-10-18 15:12:27.128,13122,13124,13122,1,-1
2022-10-18 15:12:27.128,13122,13124,13122,1,-1
2022-10-18 15:12:27.129,13122,13124,13122,1,-1
2022-10-18 15:12:28.750,13122,13124,13122,2,-2
2022-10-18 15:12:29.111,13122,13124,13122,11,-11
2022-10-18 15:12:29.112,13122,13124,13122,4,-4
2022-10-18 15:12:30.829,13121,13122,13122,5,5
2022-10-18 15:12:33.751,13121,13122,13121,1,-1
2022-10-18 15:12:34.836,13121,13122,13121,6,-6
2022-10-18 15:12:36.189,13121,13123,13121,1,-1
2022-10-18 15:12:39.494,13121,13123,13121,1,-1
2022-10-18 15:12:41.047,13121,13123,13121,1,-1
2022-10-18 15:12:44.206,13121,13123,13121,1,-1
2022-10-18 15:12:48.842,13122,13123,13122,3,-3
2022-10-18 15:12:50.429,13122,13123,13122,1,-1
2022-10-18 15:12:50.429,13122,13123,13121,2,-2
2022-10-18 15:12:54.306,13121,13122,13122,1,1
2022-10-18 15:12:54.716,13121,13123,13121,8,-8
2022-10-18 15:12:55.753,13121,13122,13121,2,-2
2022-10-18 15:12:56.314,13120,13121,13120,2,-2
2022-10-18 15:12:56.314,13120,13121,13120,1,-1
2022-10-18 15:12:58.291,13119,13120,13119,2,-2
2022-10-18 15:12:58.291,13119,13120,13119,1,-1
2022-10-18 15:12:58.398,13118,13119,13118,5,-5
2022-10-18 15:12:59.037,13116,13118,13116,9,-9
2022-10-18 15:12:59.037,13116,13118,13116,2,-2
2022-10-18 15:12:59.041,13116,13118,13115,1,-1
2022-10-18 15:12:59.100,13116,13118,13115,3,-3
2022-10-18 15:12:59.153,13114,13115,13115,1,1
2022-10-18 15:12:59.164,13114,13115,13114,1,-1
2022-10-18 15:12:59.376,13115,13116,13115,1,-1
2022-10-18 15:12:59.734,13116,13117,13117,1,1
2022-10-18 15:12:59.938,13117,13119,13117,1,-1
2022-10-18 15:13:03.519,13115,13116,13115,1,-1
2022-10-18 15:13:03.799,13115,13116,13116,2,2
2022-10-18 15:13:04.006,13116,13117,13117,1,1
2022-10-18 15:13:04.984,13116,13118,13116,1,-1
2022-10-18 15:13:05.225,13116,13118,13116,1,-1
2022-10-18 15:13:06.505,13115,13116,13115,1,-1
2022-10-18 15:13:06.505,13115,13116,13115,1,-1
2022-10-18 15:13:06.559,13115,13116,13116,1,1
2022-10-18 15:13:07.031,13114,13116,13116,1,1
2022-10-18 15:13:12.523,13114,13115,13115,5,5
2022-10-18 15:13:12.531,13114,13115,13115,1,1
2022-10-18 15:13:13.435,13114,13116,13114,1,-1
2022-10-18 15:13:13.662,13115,13116,13116,2,2
2022-10-18 15:13:17.878,13115,13117,13117,1,1
2022-10-18 15:13:18.459,13115,13116,13116,1,1
2022-10-18 15:13:18.459,13115,13116,13116,2,2
2022-10-18 15:13:18.834,13115,13117,13115,1,-1
2022-10-18 15:13:19.018,13115,13117,13115,1,-1
2022-10-18 15:13:21.938,13115,13116,13116,1,1
2022-10-18 15:13:25.671,13116,13117,13116,1,-1
2022-10-18 15:13:26.566,13116,13117,13116,1,-1
2022-10-18 15:13:26.611,13116,13117,13116,1,-1
2022-10-18 15:13:26.611,13116,13117,13116,1,-1
2022-10-18 15:13:26.829,13116,13117,13117,1,1
2022-10-18 15:13:27.032,13116,13117,13116,8,-8
2022-10-18 15:13:27.033,13116,13117,13117,1,1
2022-10-18 15:13:27.831,13116,13117,13116,9,-9
2022-10-18 15:13:29.715,13116,13117,13117,2,2
2022-10-18 15:13:33.618,13115,13116,13115,1,-1
2022-10-18 15:13:35.827,13114,13115,13114,4,-4
2022-10-18 15:13:38.396,13113,13114,13114,1,1
2022-10-18 15:13:38.695,13113,13114,13114,3,3
2022-10-18 15:13:38.695,13113,13114,13115,9,9
2022-10-18 15:13:38.976,13113,13115,13113,6,-6
2022-10-18 15:13:40.194,13114,13115,13114,1,-1
2022-10-18 15:13:42.226,13114,13116,13115,1,-1
2022-10-18 15:13:42.873,13114,13115,13114,1,-1
2022-10-18 15:13:44.892,13113,13114,13114,1,1
2022-10-18 15:13:44.963,13113,13114,13113,1,-1
2022-10-18 15:13:49.688,13113,13114,13113,2,-2
2022-10-18 15:13:50.411,13113,13114,13114,5,5
2022-10-18 15:13:50.411,13113,13114,13114,1,1
2022-10-18 15:13:50.411,13113,13114,13114,1,1
2022-10-18 15:13:50.411,13113,13114,13114,1,1
2022-10-18 15:13:51.056,13113,13115,13113,1,-1
2022-10-18 15:13:51.320,13112,13114,13114,1,1
2022-10-18 15:13:52.645,13113,13114,13114,1,1
2022-10-18 15:13:53.521,13113,13114,13113,1,-1
2022-10-18 15:13:55.994,13113,13115,13113,10,-10
2022-10-18 15:13:55.994,13113,13115,13112,3,-3
2022-10-18 15:13:57.192,13113,13114,13113,1,-1
2022-10-18 15:13:59.636,13112,13114,13114,3,3
2022-10-18 15:14:00.151,13113,13114,13113,1,-1
2022-10-18 15:14:05.082,13112,13113,13113,1,1
2022-10-18 15:14:05.120,13112,13113,13113,1,1
2022-10-18 15:14:05.121,13112,13113,13113,3,3
2022-10-18 15:14:07.516,13113,13114,13113,1,-1
2022-10-18 15:14:07.532,13113,13114,13112,1,-1
2022-10-18 15:14:07.762,13111,13112,13111,2,-2
2022-10-18 15:14:07.763,13111,13112,13111,2,-2
2022-10-18 15:14:07.763,13111,13112,13111,1,-1
2022-10-18 15:14:08.902,13110,13112,13110,5,-5
2022-10-18 15:14:09.029,13110,13111,13110,1,-1
2022-10-18 15:14:09.029,13110,13111,13110,5,-5
2022-10-18 15:14:09.029,13110,13111,13110,1,-1
2022-10-18 15:14:09.693,13110,13112,13112,5,5
2022-10-18 15:14:10.514,13110,13112,13110,1,-1
2022-10-18 15:14:12.302,13110,13112,13110,1,-1
2022-10-18 15:14:12.804,13111,13113,13111,1,-1
2022-10-18 15:14:13.002,13111,13113,13111,1,-1
2022-10-18 15:14:14.111,13111,13113,13113,1,1
2022-10-18 15:14:21.906,13111,13113,13113,1,1
2022-10-18 15:14:28.249,13112,13113,13112,1,-1
2022-10-18 15:14:29.786,13111,13112,13111,2,-2
2022-10-18 15:14:30.004,13111,13112,13112,5,5
2022-10-18 15:14:31.942,13111,13112,13112,3,3
2022-10-18 15:14:32.114,13111,13112,13111,3,-3
2022-10-18 15:14:32.114,13111,13112,13111,1,-1
2022-10-18 15:14:32.114,13111,13112,13111,10,-10
2022-10-18 15:14:32.114,13111,13112,13111,1,-1
2022-10-18 15:14:32.115,13111,13112,13111,1,-1
2022-10-18 15:14:32.115,13111,13112,13111,12,-12
2022-10-18 15:14:32.115,13111,13112,13111,1,-1
2022-10-18 15:14:32.115,13111,13112,13111,2,-2
2022-10-18 15:14:32.115,13111,13112,13111,9,-9
2022-10-18 15:14:32.633,13110,13111,13111,1,1
2022-10-18 15:14:33.563,13110,13112,13110,2,-2
2022-10-18 15:14:33.885,13110,13112,13112,5,5
2022-10-18 15:14:35.054,13111,13112,13111,7,-7
2022-10-18 15:14:35.054,13111,13112,13110,15,-15
2022-10-18 15:14:35.225,13110,13111,13111,3,3
2022-10-18 15:14:38.079,13111,13112,13112,1,1
2022-10-18 15:14:38.079,13111,13112,13113,2,2
2022-10-18 15:14:38.752,13111,13112,13112,1,1
2022-10-18 15:14:39.185,13112,13113,13113,5,5
2022-10-18 15:14:40.288,13111,13113,13111,5,-5
2022-10-18 15:14:40.909,13111,13113,13113,3,3
2022-10-18 15:14:41.212,13111,13113,13111,5,-5
2022-10-18 15:14:41.255,13111,13112,13111,1,-1
2022-10-18 15:14:43.006,13111,13112,13112,3,3
2022-10-18 15:14:43.129,13111,13112,13111,1,-1
2022-10-18 15:14:43.130,13111,13112,13111,1,-1
2022-10-18 15:14:43.130,13111,13112,13111,1,-1
2022-10-18 15:14:43.130,13111,13112,13111,1,-1
2022-10-18 15:14:43.390,13110,13111,13111,1,1
2022-10-18 15:14:43.749,13110,13111,13111,1,1
2022-10-18 15:14:44.252,13111,13112,13111,2,-2
2022-10-18 15:14:44.353,13111,13112,13111,1,-1
2022-10-18 15:14:45.733,13110,13111,13110,1,-1
2022-10-18 15:14:46.128,13110,13111,13111,5,5
2022-10-18 15:14:47.262,13110,13111,13111,3,3
2022-10-18 15:14:47.276,13110,13111,13111,5,5
2022-10-18 15:14:47.512,13110,13111,13110,1,-1
2022-10-18 15:14:47.744,13110,13111,13111,2,2
2022-10-18 15:14:47.844,13111,13112,13111,1,-1
2022-10-18 15:14:49.150,13110,13111,13111,1,1
2022-10-18 15:14:50.806,13110,13111,13111,2,2
2022-10-18 15:14:50.900,13111,13112,13112,1,1
2022-10-18 15:14:51.506,13111,13112,13112,3,3
2022-10-18 15:14:52.059,13111,13112,13112,3,3
2022-10-18 15:14:52.059,13111,13112,13113,2,2
2022-10-18 15:14:52.326,13111,13113,13111,12,-12
2022-10-18 15:14:54.740,13110,13111,13111,1,1
2022-10-18 15:14:54.740,13110,13111,13112,2,2
2022-10-18 15:14:54.854,13110,13112,13111,1,1
2022-10-18 15:14:56.036,13111,13112,13111,4,-4
2022-10-18 15:14:57.084,13111,13113,13113,5,5
2022-10-18 15:14:57.920,13111,13113,13113,3,3
2022-10-18 15:15:00.892,13111,13112,13112,2,2
2022-10-18 15:15:00.892,13111,13112,13113,3,3
2022-10-18 15:15:01.068,13112,13113,13111,1,-1
2022-10-18 15:15:01.705,13111,13112,13112,1,1
2022-10-18 15:15:01.725,13111,13112,13113,3,3
2022-10-18 15:15:01.825,13112,13113,13113,1,1
2022-10-18 15:15:01.867,13112,13113,13113,1,1
2022-10-18 15:15:01.935,13112,13113,13113,1,1
2022-10-18 15:15:02.007,13112,13113,13113,1,1
2022-10-18 15:15:02.895,13112,13113,13112,1,-1
2022-10-18 15:15:04.834,13111,13112,13112,3,3
2022-10-18 15:15:04.880,13111,13112,13112,5,5
2022-10-18 15:15:07.565,13111,13113,13113,3,3
2022-10-18 15:15:09.088,13111,13113,13113,5,5
2022-10-18 15:15:10.833,13111,13113,13113,3,3
2022-10-18 15:15:12.547,13112,13113,13113,5,5
2022-10-18 15:15:13.391,13112,13113,13113,3,3
2022-10-18 15:15:15.050,13112,13113,13112,1,-1
2022-10-18 15:15:15.990,13111,13113,13113,3,3
2022-10-18 15:15:16.953,13112,13114,13112,10,-10
2022-10-18 15:15:16.953,13112,13114,13111,9,-9
2022-10-18 15:15:17.524,13111,13112,13111,1,-1
2022-10-18 15:15:18.641,13111,13112,13112,2,2
2022-10-18 15:15:18.641,13111,13112,13113,1,1
2022-10-18 15:15:19.018,13111,13113,13113,5,5
2022-10-18 15:15:22.118,13111,13113,13113,3,3
2022-10-18 15:15:25.134,13112,13113,13113,3,3
2022-10-18 15:15:26.755,13111,13113,13113,5,5
2022-10-18 15:15:28.783,13112,13113,13113,3,3
2022-10-18 15:15:30.174,13112,13113,13113,1,1
2022-10-18 15:15:31.078,13112,13113,13113,7,7
2022-10-18 15:15:31.078,13112,13113,13113,7,7
2022-10-18 15:15:31.078,13112,13113,13113,1,1
2022-10-18 15:15:31.078,13112,13113,13113,3,3
2022-10-18 15:15:31.078,13112,13113,13113,1,1
2022-10-18 15:15:31.078,13112,13113,13113,1,1
2022-10-18 15:15:33.482,13113,13114,13113,1,-1
2022-10-18 15:15:33.956,13111,13112,13112,1,1
2022-10-18 15:15:33.977,13111,13112,13112,3,3
2022-10-18 15:15:34.381,13111,13112,13111,4,-4
2022-10-18 15:15:36.189,13111,13112,13113,3,3
2022-10-18 15:15:38.310,13112,13113,13112,1,-1
2022-10-18 15:15:38.769,13112,13113,13113,1,1
2022-10-18 15:15:38.769,13112,13113,13114,2,2
2022-10-18 15:15:39.309,13112,13114,13114,5,5
2022-10-18 15:15:41.343,13112,13113,13113,1,1
2022-10-18 15:15:41.343,13112,13113,13114,2,2
2022-10-18 15:15:43.585,13112,13114,13114,3,3
2022-10-18 15:15:44.971,13112,13114,13114,5,5
2022-10-18 15:15:45.596,13112,13114,13114,3,3
2022-10-18 15:15:45.966,13112,13114,13114,3,3
2022-10-18 15:15:46.645,13114,13115,13114,1,-1
2022-10-18 15:15:47.444,13114,13115,13115,2,2
2022-10-18 15:15:47.445,13114,13115,13115,1,1
2022-10-18 15:15:49.224,13114,13116,13116,1,1
2022-10-18 15:15:53.890,13115,13116,13116,6,6
2022-10-18 15:15:54.030,13116,13117,13116,1,-1
2022-10-18 15:15:57.441,13115,13117,13115,6,-6
2022-10-18 15:15:58.243,13114,13116,13116,1,1
2022-10-18 15:16:01.718,13112,13114,13114,1,1
2022-10-18 15:16:01.753,13112,13114,13114,1,1
2022-10-18 15:16:01.753,13112,13114,13114,1,1
2022-10-18 15:16:01.799,13112,13114,13112,10,-10
2022-10-18 15:16:02.371,13112,13113,13113,1,1
2022-10-18 15:16:02.376,13112,13113,13113,1,1
2022-10-18 15:16:02.376,13112,13113,13113,1,1
2022-10-18 15:16:04.762,13112,13113,13112,1,-1
2022-10-18 15:16:08.744,13112,13113,13113,1,1
2022-10-18 15:16:08.765,13112,13113,13113,1,1
2022-10-18 15:16:09.021,13112,13113,13112,3,-3
2022-10-18 15:16:09.125,13111,13112,13112,1,1
2022-10-18 15:16:09.126,13111,13112,13112,1,1
2022-10-18 15:16:09.126,13111,13112,13113,1,1
2022-10-18 15:16:09.126,13111,13112,13113,1,1
2022-10-18 15:16:09.126,13111,13112,13113,1,1
2022-10-18 15:16:11.874,13112,13113,13113,3,3
2022-10-18 15:16:20.197,13113,13114,13113,1,-1
2022-10-18 15:16:21.816,13112,13114,13112,7,-7
2022-10-18 15:16:22.840,13113,13114,13113,1,-1
2022-10-18 15:16:23.501,13112,13114,13112,2,-2
2022-10-18 15:16:24.263,13112,13113,13113,1,1
2022-10-18 15:16:30.693,13111,13112,13111,4,-4
2022-10-18 15:16:30.693,13111,13112,13111,1,-1
2022-10-18 15:16:30.693,13111,13112,13111,10,-10
2022-10-18 15:16:30.693,13111,13112,13111,1,-1
2022-10-18 15:16:31.120,13110,13112,13110,2,-2
2022-10-18 15:16:31.121,13110,13112,13110,7,-7
2022-10-18 15:16:31.121,13110,13112,13110,7,-7
2022-10-18 15:16:31.121,13110,13112,13110,4,-4
2022-10-18 15:16:31.148,13109,13110,13109,1,-1
2022-10-18 15:16:31.155,13109,13110,13109,3,-3
2022-10-18 15:16:31.156,13109,13110,13109,1,-1
2022-10-18 15:16:31.156,13109,13110,13109,3,-3
2022-10-18 15:16:31.198,13109,13110,13109,1,-1
2022-10-18 15:16:31.198,13109,13110,13109,2,-2
2022-10-18 15:16:31.203,13109,13110,13109,1,-1
2022-10-18 15:16:31.203,13109,13110,13109,3,-3
2022-10-18 15:16:31.925,13108,13110,13108,1,-1
2022-10-18 15:16:32.573,13109,13110,13110,5,5
2022-10-18 15:16:32.573,13109,13110,13110,1,1
2022-10-18 15:16:32.922,13109,13111,13109,1,-1
2022-10-18 15:16:33.764,13111,13112,13111,1,-1
2022-10-18 15:16:33.881,13110,13112,13110,1,-1
2022-10-18 15:16:34.032,13110,13112,13110,1,-1
2022-10-18 15:16:37.490,13111,13112,13112,1,1
2022-10-18 15:16:37.566,13111,13112,13111,1,-1
2022-10-18 15:16:39.480,13111,13112,13111,1,-1
2022-10-18 15:16:40.684,13111,13112,13112,1,1
2022-10-18 15:16:45.926,13112,13113,13113,10,10
2022-10-18 15:16:45.979,13112,13113,13113,1,1
2022-10-18 15:16:48.026,13113,13114,13114,2,2
2022-10-18 15:16:51.277,13114,13116,13114,1,-1
2022-10-18 15:16:51.585,13114,13116,13114,1,-1
2022-10-18 15:16:57.598,13114,13115,13115,1,1
2022-10-18 15:17:00.830,13115,13116,13116,1,1
2022-10-18 15:17:00.830,13115,13116,13116,7,7
2022-10-18 15:17:00.830,13115,13116,13116,1,1
2022-10-18 15:17:00.830,13115,13116,13116,2,2
2022-10-18 15:17:00.876,13116,13117,13117,3,3
2022-10-18 15:17:00.876,13116,13117,13117,2,2
2022-10-18 15:17:00.876,13116,13117,13118,1,1
2022-10-18 15:17:00.877,13116,13117,13118,1,1
2022-10-18 15:17:00.878,13116,13117,13118,2,2
2022-10-18 15:17:00.891,13116,13117,13118,1,1
2022-10-18 15:17:01.035,13118,13119,13119,1,1
2022-10-18 15:17:01.064,13118,13119,13119,1,1
2022-10-18 15:17:01.126,13118,13120,13120,1,1
2022-10-18 15:17:01.155,13118,13120,13119,1,1
2022-10-18 15:17:01.392,13119,13120,13119,1,-1
2022-10-18 15:17:01.444,13119,13120,13119,1,-1
2022-10-18 15:17:02.122,13117,13119,13119,1,1
2022-10-18 15:17:04.959,13119,13120,13120,3,3
2022-10-18 15:17:05.506,13119,13121,13119,2,-2
2022-10-18 15:17:05.521,13119,13121,13120,1,-1
2022-10-18 15:17:05.966,13119,13120,13120,1,1
2022-10-18 15:17:06.148,13119,13120,13120,1,1
2022-10-18 15:17:06.152,13119,13120,13120,2,2
2022-10-18 15:17:07.025,13120,13121,13121,1,1
2022-10-18 15:17:07.416,13120,13121,13121,1,1
2022-10-18 15:17:07.416,13120,13121,13121,2,2
2022-10-18 15:17:09.108,13120,13122,13121,1,1
2022-10-18 15:17:09.436,13121,13122,13122,3,3
2022-10-18 15:17:10.046,13121,13122,13121,1,-1
2022-10-18 15:17:10.764,13121,13122,13122,1,1
2022-10-18 15:17:10.765,13121,13122,13122,2,2
2022-10-18 15:17:10.865,13121,13122,13122,1,1
2022-10-18 15:17:10.945,13121,13122,13121,1,-1
2022-10-18 15:17:11.545,13121,13122,13122,1,1
2022-10-18 15:17:12.022,13121,13123,13121,1,-1
2022-10-18 15:17:14.552,13121,13123,13121,1,-1
2022-10-18 15:17:16.173,13122,13123,13122,1,-1
2022-10-18 15:17:18.335,13122,13123,13123,1,1
2022-10-18 15:17:18.852,13122,13123,13123,1,1
2022-10-18 15:17:18.853,13122,13123,13123,1,1
