2021-10-12 15:00:00.062,16398,16399,16389,144,-144
2021-10-12 15:00:00.063,16389,16390,16390,3,3
2021-10-12 15:00:00.064,16389,16390,16390,1,1
2021-10-12 15:00:00.065,16389,16390,16390,1,1
2021-10-12 15:00:00.065,16389,16390,16389,1,-1
2021-10-12 15:00:00.068,16389,16390,16390,1,1
2021-10-12 15:00:00.076,16389,16390,16390,1,1
2021-10-12 15:00:00.080,16389,16390,16390,1,1
2021-10-12 15:00:00.157,16388,16390,16388,1,-1
2021-10-12 15:00:00.157,16388,16390,16386,1,-1
2021-10-12 15:00:00.220,16388,16390,16386,2,-2
2021-10-12 15:00:00.246,16388,16390,16386,2,-2
2021-10-12 15:00:00.275,16386,16390,16390,1,1
2021-10-12 15:00:00.291,16386,16390,16386,1,-1
2021-10-12 15:00:00.339,16386,16390,16390,2,2
2021-10-12 15:00:00.451,16385,16390,16389,1,-1
2021-10-12 15:00:00.469,16385,16390,16386,1,-1
2021-10-12 15:00:00.484,16385,16390,16389,5,5
2021-10-12 15:00:00.566,16386,16390,16386,1,-1
2021-10-12 15:00:00.586,16386,16390,16390,1,1
2021-10-12 15:00:00.644,16385,16390,16390,1,1
2021-10-12 15:00:00.663,16385,16390,16390,1,1
2021-10-12 15:00:00.936,16385,16390,16390,1,1
2021-10-12 15:00:01.156,16386,16390,16386,1,-1
2021-10-12 15:00:01.222,16386,16390,16389,1,1
2021-10-12 15:00:01.295,16386,16390,16390,18,18
2021-10-12 15:00:01.295,16386,16390,16390,7,7
2021-10-12 15:00:01.359,16386,16390,16389,1,-1
2021-10-12 15:00:01.435,16389,16391,16391,1,1
2021-10-12 15:00:01.455,16389,16391,16391,1,1
2021-10-12 15:00:01.721,16390,16391,16390,1,-1
2021-10-12 15:00:01.721,16390,16391,16390,1,-1
2021-10-12 15:00:01.887,16389,16391,16391,1,1
2021-10-12 15:00:02.048,16389,16391,16389,5,-5
2021-10-12 15:00:02.048,16389,16391,16387,2,-2
2021-10-12 15:00:02.048,16389,16391,16386,5,-5
2021-10-12 15:00:02.066,16389,16391,16387,1,1
2021-10-12 15:00:02.176,16386,16388,16386,1,-1
2021-10-12 15:00:02.385,16386,16388,16388,3,3
2021-10-12 15:00:02.430,16386,16388,16389,2,2
2021-10-12 15:00:02.451,16386,16388,16386,4,-4
2021-10-12 15:00:02.784,16388,16389,16389,4,4
2021-10-12 15:00:02.784,16388,16389,16390,4,4
2021-10-12 15:00:02.937,16388,16390,16388,2,-2
2021-10-12 15:00:03.116,16387,16390,16387,2,-2
2021-10-12 15:00:03.116,16387,16390,16386,1,-1
2021-10-12 15:00:03.116,16387,16390,16385,2,-2
2021-10-12 15:00:03.166,16385,16390,16385,1,-1
2021-10-12 15:00:03.172,16385,16390,16386,1,1
2021-10-12 15:00:03.248,16385,16390,16390,1,1
2021-10-12 15:00:03.341,16386,16390,16386,1,-1
2021-10-12 15:00:03.449,16385,16389,16385,3,-3
2021-10-12 15:00:03.645,16384,16388,16388,1,1
2021-10-12 15:00:03.645,16384,16388,16389,2,2
2021-10-12 15:00:03.645,16384,16388,16390,1,1
2021-10-12 15:00:04.016,16385,16389,16385,1,-1
2021-10-12 15:00:04.164,16386,16389,16389,1,1
2021-10-12 15:00:04.477,16388,16389,16389,1,1
2021-10-12 15:00:04.724,16388,16389,16388,1,-1
2021-10-12 15:00:04.724,16388,16389,16386,3,-3
2021-10-12 15:00:04.724,16388,16389,16385,3,-3
2021-10-12 15:00:04.918,16386,16389,16389,1,1
2021-10-12 15:00:05.153,16387,16389,16387,1,-1
2021-10-12 15:00:05.225,16387,16389,16389,2,2
2021-10-12 15:00:05.635,16388,16389,16389,3,3
2021-10-12 15:00:05.695,16388,16389,16388,2,-2
2021-10-12 15:00:05.695,16388,16389,16386,1,-1
2021-10-12 15:00:05.695,16388,16389,16386,1,-1
2021-10-12 15:00:05.733,16388,16389,16386,1,-1
2021-10-12 15:00:05.803,16386,16389,16389,1,1
2021-10-12 15:00:05.854,16386,16389,16389,1,1
2021-10-12 15:00:06.533,16387,16388,16388,1,1
2021-10-12 15:00:06.686,16387,16389,16387,1,-1
2021-10-12 15:00:06.686,16387,16389,16387,1,-1
2021-10-12 15:00:06.730,16387,16389,16386,2,-2
2021-10-12 15:00:06.850,16386,16389,16386,1,-1
2021-10-12 15:00:07.005,16386,16389,16389,1,1
2021-10-12 15:00:07.012,16386,16389,16389,1,1
2021-10-12 15:00:07.012,16386,16389,16389,1,1
2021-10-12 15:00:07.013,16386,16389,16390,1,1
2021-10-12 15:00:07.013,16386,16389,16390,1,1
2021-10-12 15:00:07.013,16386,16389,16390,1,1
2021-10-12 15:00:07.434,16388,16390,16388,1,-1
2021-10-12 15:00:07.685,16387,16390,16387,2,-2
2021-10-12 15:00:07.847,16386,16389,16389,1,1
2021-10-12 15:00:07.876,16386,16389,16387,1,-1
2021-10-12 15:00:07.890,16387,16390,16387,1,-1
2021-10-12 15:00:08.075,16389,16390,16389,1,1
2021-10-12 15:00:08.188,16387,16390,16390,1,1
2021-10-12 15:00:08.224,16387,16390,16388,2,-2
2021-10-12 15:00:08.556,16387,16389,16387,5,-5
2021-10-12 15:00:08.566,16387,16389,16389,1,1
2021-10-12 15:00:08.566,16387,16389,16390,4,4
2021-10-12 15:00:08.658,16386,16390,16386,2,-2
2021-10-12 15:00:08.687,16386,16390,16386,1,-1
2021-10-12 15:00:08.687,16386,16390,16385,3,-3
2021-10-12 15:00:08.687,16386,16390,16385,2,-2
2021-10-12 15:00:08.908,16385,16390,16390,5,5
2021-10-12 15:00:09.010,16388,16390,16388,3,-3
2021-10-12 15:00:09.255,16387,16390,16387,2,-2
2021-10-12 15:00:09.303,16386,16390,16389,1,1
2021-10-12 15:00:09.493,16386,16389,16389,1,1
2021-10-12 15:00:10.077,16386,16389,16389,1,1
2021-10-12 15:00:10.078,16386,16389,16386,1,-1
2021-10-12 15:00:10.230,16385,16389,16388,4,4
2021-10-12 15:00:10.522,16388,16389,16388,1,-1
2021-10-12 15:00:10.523,16388,16389,16388,1,-1
2021-10-12 15:00:10.589,16388,16389,16387,1,-1
2021-10-12 15:00:10.669,16386,16387,16386,1,-1
2021-10-12 15:00:10.669,16386,16387,16385,1,-1
2021-10-12 15:00:11.034,16386,16387,16387,3,3
2021-10-12 15:00:11.034,16386,16387,16388,1,1
2021-10-12 15:00:11.094,16386,16387,16386,1,-1
2021-10-12 15:00:11.104,16386,16387,16385,8,-8
2021-10-12 15:00:11.135,16385,16386,16385,4,-4
2021-10-12 15:00:11.238,16385,16386,16384,1,-1
2021-10-12 15:00:11.594,16383,16385,16384,1,-1
2021-10-12 15:00:11.686,16383,16385,16383,3,-3
2021-10-12 15:00:11.686,16383,16385,16383,9,-9
2021-10-12 15:00:11.686,16383,16385,16383,5,-5
2021-10-12 15:00:11.686,16383,16385,16383,14,-14
2021-10-12 15:00:11.741,16383,16385,16382,5,-5
2021-10-12 15:00:11.741,16383,16385,16381,5,-5
2021-10-12 15:00:11.741,16383,16385,16380,1,-1
2021-10-12 15:00:11.742,16383,16385,16380,5,-5
2021-10-12 15:00:11.857,16379,16382,16379,2,-2
2021-10-12 15:00:11.867,16379,16382,16379,3,-3
2021-10-12 15:00:12.052,16379,16381,16379,1,-1
2021-10-12 15:00:12.374,16378,16381,16381,1,1
2021-10-12 15:00:12.623,16378,16381,16381,1,1
2021-10-12 15:00:12.852,16378,16381,16381,2,2
2021-10-12 15:00:12.885,16381,16382,16381,8,-8
2021-10-12 15:00:13.124,16379,16382,16379,1,-1
2021-10-12 15:00:13.124,16379,16382,16378,1,-1
2021-10-12 15:00:13.385,16378,16381,16381,1,1
2021-10-12 15:00:13.477,16378,16381,16379,1,-1
2021-10-12 15:00:13.477,16378,16381,16378,1,-1
2021-10-12 15:00:13.510,16379,16380,16380,1,1
2021-10-12 15:00:13.955,16380,16381,16380,2,-2
2021-10-12 15:00:14.107,16380,16381,16380,1,-1
2021-10-12 15:00:14.107,16380,16381,16379,1,-1
2021-10-12 15:00:14.248,16379,16381,16379,3,-3
2021-10-12 15:00:14.334,16378,16380,16378,2,-2
2021-10-12 15:00:14.776,16379,16380,16379,1,1
2021-10-12 15:00:14.776,16379,16380,16378,1,-1
2021-10-12 15:00:14.794,16379,16380,16380,1,1
2021-10-12 15:00:15.258,16379,16380,16380,1,1
2021-10-12 15:00:15.844,16379,16380,16379,3,-3
2021-10-12 15:00:15.885,16378,16380,16380,1,1
2021-10-12 15:00:15.995,16378,16380,16381,2,2
2021-10-12 15:00:16.004,16378,16380,16381,1,1
2021-10-12 15:00:16.225,16378,16381,16380,1,-1
2021-10-12 15:00:16.651,16380,16381,16381,2,2
2021-10-12 15:00:16.670,16380,16381,16381,3,3
2021-10-12 15:00:16.688,16380,16381,16380,2,-2
2021-10-12 15:00:16.732,16380,16381,16382,1,1
2021-10-12 15:00:16.835,16379,16382,16379,1,-1
2021-10-12 15:00:16.857,16379,16382,16379,2,-2
2021-10-12 15:00:16.949,16380,16382,16380,1,1
2021-10-12 15:00:17.348,16380,16382,16382,5,5
2021-10-12 15:00:17.385,16381,16383,16383,4,4
2021-10-12 15:00:17.389,16381,16383,16384,1,1
2021-10-12 15:00:17.402,16381,16383,16382,1,-1
2021-10-12 15:00:17.437,16381,16383,16382,1,-1
2021-10-12 15:00:17.437,16381,16383,16381,1,-1
2021-10-12 15:00:17.963,16381,16383,16383,10,10
2021-10-12 15:00:18.010,16383,16384,16384,1,1
2021-10-12 15:00:18.381,16382,16384,16384,1,1
2021-10-12 15:00:18.400,16382,16385,16382,1,-1
2021-10-12 15:00:18.400,16382,16385,16381,1,-1
2021-10-12 15:00:18.885,16381,16384,16384,1,1
2021-10-12 15:00:19.010,16382,16385,16385,1,1
2021-10-12 15:00:19.098,16382,16385,16385,1,1
2021-10-12 15:00:19.135,16382,16385,16385,1,1
2021-10-12 15:00:19.260,16382,16385,16385,1,1
2021-10-12 15:00:19.385,16383,16385,16385,1,1
2021-10-12 15:00:19.406,16383,16385,16385,4,4
2021-10-12 15:00:19.510,16383,16385,16385,1,1
2021-10-12 15:00:19.635,16383,16385,16385,1,1
2021-10-12 15:00:19.665,16383,16385,16385,1,1
2021-10-12 15:00:19.746,16383,16385,16383,1,-1
2021-10-12 15:00:19.760,16383,16386,16386,1,1
2021-10-12 15:00:19.774,16383,16386,16386,1,1
2021-10-12 15:00:20.118,16383,16386,16386,1,1
2021-10-12 15:00:20.321,16383,16387,16387,2,2
2021-10-12 15:00:20.397,16384,16387,16384,1,-1
2021-10-12 15:00:20.397,16384,16387,16384,1,-1
2021-10-12 15:00:20.525,16383,16386,16386,1,1
2021-10-12 15:00:20.606,16383,16386,16383,1,-1
2021-10-12 15:00:21.010,16384,16386,16386,1,1
2021-10-12 15:00:21.135,16384,16385,16385,1,1
2021-10-12 15:00:21.183,16384,16385,16386,1,1
2021-10-12 15:00:21.225,16384,16385,16386,1,1
2021-10-12 15:00:21.244,16384,16385,16385,1,1
2021-10-12 15:00:21.260,16384,16386,16386,1,1
2021-10-12 15:00:21.336,16384,16386,16384,1,-1
2021-10-12 15:00:21.336,16384,16386,16383,1,-1
2021-10-12 15:00:21.337,16384,16386,16383,5,-5
2021-10-12 15:00:21.337,16384,16386,16383,2,-2
2021-10-12 15:00:22.144,16382,16385,16385,5,5
2021-10-12 15:00:22.236,16382,16385,16385,1,1
2021-10-12 15:00:22.400,16385,16386,16385,3,-3
2021-10-12 15:00:22.400,16385,16386,16385,1,-1
2021-10-12 15:00:22.400,16385,16386,16383,2,-2
2021-10-12 15:00:22.452,16385,16386,16382,3,-3
2021-10-12 15:00:22.452,16385,16386,16382,3,-3
2021-10-12 15:00:22.738,16382,16384,16384,1,1
2021-10-12 15:00:23.148,16382,16383,16383,1,1
2021-10-12 15:00:23.148,16382,16383,16384,1,1
2021-10-12 15:00:23.148,16382,16383,16385,2,2
2021-10-12 15:00:23.237,16382,16383,16383,1,1
2021-10-12 15:00:23.451,16383,16384,16383,3,-3
2021-10-12 15:00:23.452,16383,16384,16383,1,-1
2021-10-12 15:00:23.452,16383,16384,16382,2,-2
2021-10-12 15:00:23.462,16383,16384,16383,2,2
2021-10-12 15:00:23.462,16383,16384,16382,1,-1
2021-10-12 15:00:24.182,16383,16384,16384,1,1
2021-10-12 15:00:24.236,16383,16384,16384,1,1
2021-10-12 15:00:24.493,16384,16385,16385,2,2
2021-10-12 15:00:25.204,16385,16386,16386,3,3
2021-10-12 15:00:25.453,16385,16387,16385,1,-1
2021-10-12 15:00:25.453,16385,16387,16385,3,-3
2021-10-12 15:00:25.486,16385,16387,16387,1,1
2021-10-12 15:00:25.875,16383,16387,16383,1,-1
2021-10-12 15:00:26.083,16383,16387,16383,5,-5
2021-10-12 15:00:27.451,16383,16386,16383,5,-5
2021-10-12 15:00:27.503,16383,16386,16383,3,-3
2021-10-12 15:00:27.503,16383,16386,16382,1,-1
2021-10-12 15:00:27.513,16382,16385,16385,1,1
2021-10-12 15:00:27.691,16383,16386,16386,1,1
2021-10-12 15:00:27.701,16383,16386,16385,1,-1
2021-10-12 15:00:28.483,16383,16386,16386,1,1
2021-10-12 15:00:28.511,16384,16386,16384,1,-1
2021-10-12 15:00:28.556,16384,16386,16386,1,1
2021-10-12 15:00:28.780,16384,16387,16387,1,1
2021-10-12 15:00:29.135,16384,16387,16387,1,1
2021-10-12 15:00:29.299,16384,16387,16387,4,4
2021-10-12 15:00:29.342,16384,16387,16385,2,-2
2021-10-12 15:00:29.528,16385,16386,16385,1,-1
2021-10-12 15:00:30.211,16385,16386,16386,1,1
2021-10-12 15:00:30.786,16385,16387,16387,1,1
2021-10-12 15:00:31.629,16385,16387,16385,1,-1
2021-10-12 15:00:31.738,16385,16387,16387,1,1
2021-10-12 15:00:31.780,16385,16387,16385,1,-1
2021-10-12 15:00:32.353,16386,16387,16386,1,1
2021-10-12 15:00:32.353,16386,16387,16385,2,-2
2021-10-12 15:00:32.521,16384,16385,16385,1,1
2021-10-12 15:00:32.636,16384,16387,16387,1,1
2021-10-12 15:00:32.648,16384,16387,16384,10,-10
2021-10-12 15:00:32.648,16384,16387,16384,1,-1
2021-10-12 15:00:32.648,16384,16387,16384,2,-2
2021-10-12 15:00:32.648,16384,16387,16384,27,-27
2021-10-12 15:00:32.771,16384,16387,16387,1,1
2021-10-12 15:00:32.897,16386,16388,16386,1,-1
2021-10-12 15:00:32.914,16386,16388,16385,1,-1
2021-10-12 15:00:33.576,16385,16387,16387,1,1
2021-10-12 15:00:34.199,16385,16387,16386,2,-2
2021-10-12 15:00:34.589,16385,16387,16387,1,1
2021-10-12 15:00:35.134,16385,16388,16385,2,-2
2021-10-12 15:00:36.174,16386,16388,16388,1,1
2021-10-12 15:00:36.862,16386,16388,16386,2,-2
2021-10-12 15:00:37.237,16387,16388,16388,2,2
2021-10-12 15:00:37.262,16387,16388,16388,1,1
2021-10-12 15:00:37.262,16387,16388,16388,1,1
2021-10-12 15:00:37.751,16387,16388,16388,1,1
2021-10-12 15:00:39.096,16387,16388,16388,1,1
2021-10-12 15:00:39.613,16387,16388,16388,1,1
2021-10-12 15:00:39.854,16387,16388,16387,4,-4
2021-10-12 15:00:40.231,16387,16388,16388,1,1
2021-10-12 15:00:40.232,16387,16388,16388,2,2
2021-10-12 15:00:40.613,16387,16388,16387,1,-1
2021-10-12 15:00:40.613,16387,16388,16388,7,7
2021-10-12 15:00:40.874,16388,16389,16388,4,-4
2021-10-12 15:00:41.204,16388,16389,16388,1,-1
2021-10-12 15:00:41.568,16387,16388,16388,1,1
2021-10-12 15:00:41.853,16387,16388,16387,2,-2
2021-10-12 15:00:41.854,16387,16388,16388,2,2
2021-10-12 15:00:41.903,16387,16389,16387,1,-1
2021-10-12 15:00:41.903,16387,16389,16386,1,-1
2021-10-12 15:00:41.957,16387,16389,16388,1,1
2021-10-12 15:00:42.896,16386,16389,16386,16,-16
2021-10-12 15:00:42.906,16386,16389,16388,2,2
2021-10-12 15:00:43.869,16387,16388,16387,1,-1
2021-10-12 15:00:44.018,16386,16388,16388,1,1
2021-10-12 15:00:44.897,16386,16388,16386,2,-2
2021-10-12 15:00:45.322,16386,16388,16388,1,1
2021-10-12 15:00:45.470,16386,16388,16388,2,2
2021-10-12 15:00:45.583,16386,16388,16388,1,1
2021-10-12 15:00:47.897,16387,16388,16388,1,1
2021-10-12 15:00:47.897,16387,16388,16389,1,1
2021-10-12 15:00:48.643,16388,16389,16389,11,11
2021-10-12 15:00:48.692,16388,16389,16389,1,1
2021-10-12 15:00:48.728,16388,16389,16389,1,1
2021-10-12 15:00:48.762,16388,16390,16390,1,1
2021-10-12 15:00:49.173,16389,16390,16390,1,1
2021-10-12 15:00:49.757,16389,16390,16389,2,-2
2021-10-12 15:00:50.687,16389,16390,16389,1,-1
2021-10-12 15:00:51.083,16388,16389,16388,1,-1
2021-10-12 15:00:51.734,16388,16389,16388,1,-1
2021-10-12 15:00:52.159,16388,16389,16389,1,1
2021-10-12 15:00:53.307,16387,16388,16388,1,1
2021-10-12 15:00:53.445,16387,16388,16388,1,1
2021-10-12 15:00:53.684,16387,16388,16388,1,1
2021-10-12 15:00:53.846,16387,16388,16387,2,-2
2021-10-12 15:00:54.211,16387,16388,16388,2,2
2021-10-12 15:00:54.211,16387,16388,16388,1,1
2021-10-12 15:00:54.369,16388,16389,16388,1,-1
2021-10-12 15:00:54.717,16388,16389,16389,10,10
2021-10-12 15:00:54.717,16388,16389,16390,11,11
2021-10-12 15:00:54.761,16390,16391,16390,1,-1
2021-10-12 15:00:54.797,16390,16391,16391,1,1
2021-10-12 15:00:54.797,16390,16391,16391,1,1
2021-10-12 15:00:55.400,16390,16392,16390,1,-1
2021-10-12 15:00:55.520,16390,16392,16390,1,-1
2021-10-12 15:00:56.798,16390,16391,16391,1,1
2021-10-12 15:00:56.798,16390,16391,16392,1,1
2021-10-12 15:00:57.038,16390,16392,16390,5,-5
2021-10-12 15:00:57.211,16390,16392,16390,1,-1
2021-10-12 15:00:57.260,16391,16392,16391,2,2
2021-10-12 15:00:57.261,16391,16392,16390,1,-1
2021-10-12 15:00:57.385,16390,16391,16390,2,-2
2021-10-12 15:00:57.481,16390,16391,16391,1,1
2021-10-12 15:00:57.637,16390,16391,16390,1,-1
2021-10-12 15:00:57.695,16390,16391,16390,1,-1
2021-10-12 15:00:57.783,16390,16391,16390,2,-2
2021-10-12 15:00:58.589,16390,16391,16390,5,-5
2021-10-12 15:00:58.893,16390,16391,16390,1,-1
2021-10-12 15:00:59.709,16390,16391,16390,5,-5
2021-10-12 15:01:00.263,16390,16391,16390,2,-2
2021-10-12 15:01:00.509,16390,16391,16390,1,-1
2021-10-12 15:01:00.551,16390,16391,16390,1,-1
2021-10-12 15:01:00.740,16390,16391,16390,5,-5
2021-10-12 15:01:02.079,16389,16390,16390,1,1
2021-10-12 15:01:02.137,16389,16391,16391,1,1
2021-10-12 15:01:02.138,16389,16391,16391,1,1
2021-10-12 15:01:02.500,16389,16391,16390,1,-1
2021-10-12 15:01:02.600,16389,16391,16389,2,-2
2021-10-12 15:01:02.635,16389,16390,16389,3,-3
2021-10-12 15:01:03.603,16389,16390,16389,2,-2
2021-10-12 15:01:03.711,16388,16390,16390,2,2
2021-10-12 15:01:04.207,16388,16390,16388,2,-2
2021-10-12 15:01:04.207,16388,16390,16388,4,-4
2021-10-12 15:01:04.208,16388,16390,16388,3,-3
2021-10-12 15:01:04.442,16387,16388,16388,2,2
2021-10-12 15:01:04.501,16387,16388,16388,1,1
2021-10-12 15:01:04.501,16387,16388,16387,6,-6
2021-10-12 15:01:04.601,16386,16387,16386,2,-2
2021-10-12 15:01:04.963,16386,16387,16388,2,2
2021-10-12 15:01:06.192,16386,16387,16386,3,-3
2021-10-12 15:01:06.386,16385,16386,16386,1,1
2021-10-12 15:01:07.110,16385,16386,16386,2,2
2021-10-12 15:01:07.138,16385,16387,16387,1,1
2021-10-12 15:01:07.208,16385,16387,16387,10,10
2021-10-12 15:01:07.209,16385,16387,16387,1,1
2021-10-12 15:01:08.499,16386,16388,16387,1,-1
2021-10-12 15:01:09.732,16386,16388,16388,2,2
2021-10-12 15:01:10.775,16386,16388,16386,1,-1
2021-10-12 15:01:13.237,16386,16387,16386,3,-3
2021-10-12 15:01:13.376,16385,16387,16385,1,-1
2021-10-12 15:01:13.619,16385,16387,16387,1,1
2021-10-12 15:01:13.726,16385,16387,16386,2,-2
2021-10-12 15:01:14.557,16386,16387,16387,3,3
2021-10-12 15:01:14.557,16386,16387,16388,1,1
2021-10-12 15:01:14.557,16386,16387,16389,2,2
2021-10-12 15:01:14.558,16386,16387,16389,2,2
2021-10-12 15:01:14.558,16386,16387,16389,2,2
2021-10-12 15:01:14.582,16386,16387,16389,4,4
2021-10-12 15:01:14.582,16386,16387,16390,9,9
2021-10-12 15:01:14.607,16386,16387,16390,3,3
2021-10-12 15:01:14.608,16386,16387,16390,2,2
2021-10-12 15:01:14.609,16386,16387,16388,1,1
2021-10-12 15:01:14.609,16386,16387,16388,1,1
2021-10-12 15:01:14.633,16386,16387,16389,2,2
2021-10-12 15:01:14.633,16386,16387,16390,2,2
2021-10-12 15:01:14.633,16386,16387,16390,3,3
2021-10-12 15:01:14.658,16388,16390,16390,1,1
2021-10-12 15:01:14.658,16388,16390,16390,3,3
2021-10-12 15:01:14.658,16388,16390,16390,1,1
2021-10-12 15:01:14.683,16388,16390,16390,2,2
2021-10-12 15:01:16.329,16390,16391,16391,1,1
2021-10-12 15:01:16.374,16390,16391,16390,7,-7
2021-10-12 15:01:18.597,16390,16391,16391,3,3
2021-10-12 15:01:18.637,16391,16392,16392,1,1
2021-10-12 15:01:18.637,16391,16392,16392,1,1
2021-10-12 15:01:18.637,16391,16392,16393,1,1
2021-10-12 15:01:18.638,16391,16392,16393,1,1
2021-10-12 15:01:18.639,16391,16392,16393,1,1
2021-10-12 15:01:20.829,16390,16392,16390,1,-1
2021-10-12 15:01:23.871,16390,16393,16391,1,1
2021-10-12 15:01:24.186,16391,16393,16393,2,2
2021-10-12 15:01:25.724,16391,16393,16393,4,4
2021-10-12 15:01:26.239,16393,16394,16394,1,1
2021-10-12 15:01:26.517,16392,16394,16394,1,1
2021-10-12 15:01:26.517,16392,16394,16394,1,1
2021-10-12 15:01:27.437,16393,16394,16393,1,-1
2021-10-12 15:01:27.437,16393,16394,16394,4,4
2021-10-12 15:01:27.512,16393,16395,16395,1,1
2021-10-12 15:01:27.512,16393,16395,16395,1,1
2021-10-12 15:01:28.022,16394,16395,16395,3,3
2021-10-12 15:01:28.054,16394,16395,16396,1,1
2021-10-12 15:01:28.877,16394,16396,16396,1,1
2021-10-12 15:01:30.056,16394,16397,16394,1,-1
2021-10-12 15:01:30.760,16395,16396,16395,2,2
2021-10-12 15:01:30.827,16395,16396,16395,1,-1
2021-10-12 15:01:32.357,16395,16396,16396,1,1
2021-10-12 15:01:34.948,16395,16396,16396,1,1
2021-10-12 15:01:35.391,16395,16396,16396,1,1
2021-10-12 15:01:37.746,16395,16396,16396,1,1
2021-10-12 15:01:37.747,16395,16396,16396,1,1
2021-10-12 15:01:38.235,16395,16396,16396,2,2
2021-10-12 15:01:38.422,16395,16396,16396,1,1
2021-10-12 15:01:38.693,16395,16396,16396,1,1
2021-10-12 15:01:39.627,16396,16397,16396,1,-1
2021-10-12 15:01:40.387,16396,16397,16396,1,-1
2021-10-12 15:01:43.551,16396,16397,16396,1,-1
2021-10-12 15:01:43.551,16396,16397,16396,1,-1
2021-10-12 15:01:43.776,16395,16396,16396,1,1
2021-10-12 15:01:43.971,16395,16396,16396,3,3
2021-10-12 15:01:44.202,16395,16397,16396,7,-7
2021-10-12 15:01:45.426,16396,16397,16396,1,-1
2021-10-12 15:01:46.969,16396,16397,16396,1,-1
2021-10-12 15:01:47.408,16396,16397,16396,1,-1
2021-10-12 15:01:47.409,16396,16397,16396,1,-1
2021-10-12 15:01:47.882,16396,16397,16397,1,1
2021-10-12 15:01:47.937,16396,16397,16397,1,1
2021-10-12 15:01:48.050,16396,16397,16397,1,1
2021-10-12 15:01:51.729,16395,16397,16397,1,1
2021-10-12 15:01:52.187,16395,16397,16395,1,-1
2021-10-12 15:01:52.379,16395,16397,16397,1,1
2021-10-12 15:01:52.675,16395,16397,16395,1,-1
2021-10-12 15:01:54.137,16395,16397,16397,1,1
2021-10-12 15:01:54.594,16395,16397,16397,1,1
2021-10-12 15:01:56.061,16397,16398,16397,2,-2
2021-10-12 15:01:57.425,16395,16397,16397,1,1
2021-10-12 15:01:59.173,16396,16397,16397,1,1
2021-10-12 15:01:59.548,16396,16398,16396,1,-1
2021-10-12 15:01:59.559,16396,16398,16398,1,1
2021-10-12 15:01:59.718,16396,16398,16398,3,3
2021-10-12 15:02:00.107,16396,16398,16398,1,1
2021-10-12 15:02:00.108,16396,16398,16398,1,1
2021-10-12 15:02:00.108,16396,16398,16398,3,3
2021-10-12 15:02:01.779,16396,16398,16398,2,2
2021-10-12 15:02:01.789,16396,16398,16396,3,-3
2021-10-12 15:02:01.887,16396,16398,16398,1,1
2021-10-12 15:02:02.622,16396,16398,16398,1,1
2021-10-12 15:02:03.560,16396,16397,16396,4,-4
2021-10-12 15:02:03.943,16395,16396,16396,1,1
2021-10-12 15:02:04.070,16395,16397,16397,1,1
2021-10-12 15:02:04.413,16395,16397,16395,3,-3
2021-10-12 15:02:04.667,16394,16395,16395,3,3
2021-10-12 15:02:04.854,16394,16396,16396,6,6
2021-10-12 15:02:04.879,16394,16396,16396,2,2
2021-10-12 15:02:04.879,16394,16396,16396,2,2
2021-10-12 15:02:04.929,16395,16396,16398,1,1
2021-10-12 15:02:04.929,16395,16396,16399,2,2
2021-10-12 15:02:04.929,16395,16396,16399,2,2
2021-10-12 15:02:04.954,16395,16396,16399,3,3
2021-10-12 15:02:04.987,16395,16396,16399,4,4
2021-10-12 15:02:05.035,16397,16399,16399,1,1
2021-10-12 15:02:05.060,16397,16399,16399,1,1
2021-10-12 15:02:05.060,16397,16399,16399,2,2
2021-10-12 15:02:05.060,16397,16399,16400,1,1
2021-10-12 15:02:05.085,16397,16399,16400,3,3
2021-10-12 15:02:05.110,16397,16399,16400,1,1
2021-10-12 15:02:05.110,16397,16399,16400,1,1
2021-10-12 15:02:05.135,16398,16400,16400,1,1
2021-10-12 15:02:05.149,16398,16400,16398,5,-5
2021-10-12 15:02:05.160,16398,16400,16398,1,-1
2021-10-12 15:02:05.160,16398,16400,16398,1,-1
2021-10-12 15:02:05.185,16398,16400,16398,1,-1
2021-10-12 15:02:05.250,16398,16400,16397,1,-1
2021-10-12 15:02:06.259,16396,16398,16396,2,-2
2021-10-12 15:02:06.774,16396,16397,16396,2,-2
2021-10-12 15:02:07.172,16395,16396,16396,1,1
2021-10-12 15:02:10.137,16396,16397,16396,2,-2
2021-10-12 15:02:10.137,16396,16397,16395,1,-1
2021-10-12 15:02:11.755,16395,16396,16395,1,-1
2021-10-12 15:02:11.825,16394,16395,16394,1,-1
2021-10-12 15:02:12.753,16394,16395,16394,1,-1
2021-10-12 15:02:13.488,16393,16395,16395,1,1
2021-10-12 15:02:13.635,16394,16395,16395,1,1
2021-10-12 15:02:14.010,16393,16394,16394,1,1
2021-10-12 15:02:14.854,16393,16395,16395,1,1
2021-10-12 15:02:14.942,16394,16395,16394,1,-1
2021-10-12 15:02:15.578,16397,16398,16397,4,4
2021-10-12 15:02:15.885,16396,16397,16397,2,2
2021-10-12 15:02:20.167,16396,16398,16396,1,-1
2021-10-12 15:02:20.358,16396,16398,16397,1,1
2021-10-12 15:02:21.487,16396,16397,16397,1,1
2021-10-12 15:02:21.679,16396,16398,16396,1,-1
2021-10-12 15:02:26.453,16395,16396,16396,1,1
2021-10-12 15:02:27.482,16395,16396,16395,1,-1
2021-10-12 15:02:28.556,16394,16395,16394,1,-1
2021-10-12 15:02:29.844,16394,16395,16394,2,-2
2021-10-12 15:02:30.221,16393,16394,16394,1,1
2021-10-12 15:02:30.294,16393,16395,16393,13,-13
2021-10-12 15:02:31.878,16391,16393,16392,2,-2
2021-10-12 15:02:31.955,16391,16392,16392,1,1
2021-10-12 15:02:32.073,16391,16393,16393,1,1
2021-10-12 15:02:33.675,16391,16393,16392,1,-1
2021-10-12 15:02:35.369,16392,16393,16392,2,-2
2021-10-12 15:02:36.109,16392,16393,16393,1,1
2021-10-12 15:02:37.211,16392,16393,16392,1,-1
2021-10-12 15:02:37.211,16392,16393,16392,1,-1
2021-10-12 15:02:37.211,16392,16393,16392,1,-1
2021-10-12 15:02:37.211,16392,16393,16392,2,-2
2021-10-12 15:02:37.212,16392,16393,16392,1,-1
2021-10-12 15:02:38.878,16391,16392,16391,1,-1
2021-10-12 15:02:38.910,16391,16392,16391,8,-8
2021-10-12 15:02:40.806,16391,16392,16391,2,-2
2021-10-12 15:02:42.357,16391,16392,16391,1,-1
2021-10-12 15:02:43.159,16391,16392,16391,4,-4
2021-10-12 15:02:43.672,16391,16392,16391,1,-1
2021-10-12 15:02:43.831,16391,16392,16392,1,1
2021-10-12 15:02:45.444,16391,16392,16391,1,-1
2021-10-12 15:02:47.885,16391,16392,16392,2,2
2021-10-12 15:02:49.049,16391,16392,16391,1,-1
2021-10-12 15:02:49.461,16391,16392,16391,1,-1
2021-10-12 15:02:49.832,16391,16392,16391,1,-1
2021-10-12 15:02:49.972,16391,16392,16391,9,-9
2021-10-12 15:02:51.725,16391,16392,16391,2,-2
2021-10-12 15:02:53.508,16389,16390,16390,37,37
2021-10-12 15:02:53.508,16389,16390,16389,1,-1
2021-10-12 15:02:53.508,16389,16390,16389,1,-1
2021-10-12 15:02:53.507,16389,16390,16390,1,1
2021-10-12 15:02:53.507,16389,16390,16390,1,1
2021-10-12 15:02:53.510,16389,16390,16389,1,-1
2021-10-12 15:02:53.783,16388,16390,16388,1,-1
2021-10-12 15:02:53.784,16388,16390,16388,1,-1
2021-10-12 15:02:55.159,16389,16391,16388,1,-1
2021-10-12 15:02:55.815,16389,16391,16389,4,4
2021-10-12 15:02:55.815,16389,16391,16388,1,-1
2021-10-12 15:02:58.410,16389,16390,16389,1,1
2021-10-12 15:02:58.697,16389,16390,16390,1,1
2021-10-12 15:02:59.049,16390,16392,16390,1,-1
2021-10-12 15:03:00.052,16391,16392,16391,1,1
2021-10-12 15:03:00.911,16391,16392,16391,1,-1
2021-10-12 15:03:01.023,16389,16391,16389,5,-5
2021-10-12 15:03:01.024,16389,16391,16389,1,-1
2021-10-12 15:03:01.024,16389,16391,16388,4,-4
2021-10-12 15:03:01.237,16389,16391,16390,1,1
2021-10-12 15:03:01.624,16389,16391,16389,1,-1
2021-10-12 15:03:02.608,16389,16391,16390,2,2
2021-10-12 15:03:05.517,16390,16391,16390,1,-1
2021-10-12 15:03:05.517,16390,16391,16389,4,-4
2021-10-12 15:03:08.826,16389,16391,16391,4,4
2021-10-12 15:03:10.697,16391,16392,16392,1,1
2021-10-12 15:03:11.520,16391,16392,16392,1,1
2021-10-12 15:03:11.520,16391,16392,16392,1,1
2021-10-12 15:03:13.806,16391,16393,16392,2,-2
2021-10-12 15:03:16.933,16391,16392,16392,1,1
2021-10-12 15:03:18.113,16391,16392,16392,1,1
2021-10-12 15:03:20.940,16391,16392,16392,2,2
2021-10-12 15:03:21.077,16392,16393,16392,3,-3
2021-10-12 15:03:21.119,16392,16393,16391,1,-1
2021-10-12 15:03:21.188,16390,16392,16392,1,1
2021-10-12 15:03:22.277,16390,16392,16392,2,2
2021-10-12 15:03:22.602,16390,16392,16392,1,1
2021-10-12 15:03:27.485,16391,16392,16392,1,1
2021-10-12 15:03:27.699,16391,16392,16391,6,-6
2021-10-12 15:03:29.975,16390,16392,16392,2,2
2021-10-12 15:03:30.939,16390,16392,16390,9,-9
2021-10-12 15:03:30.939,16390,16392,16390,3,-3
2021-10-12 15:03:30.940,16390,16392,16390,1,-1
2021-10-12 15:03:30.940,16390,16392,16390,1,-1
2021-10-12 15:03:30.940,16390,16392,16390,1,-1
2021-10-12 15:03:30.940,16390,16392,16390,2,-2
2021-10-12 15:03:30.940,16390,16392,16390,1,-1
2021-10-12 15:03:30.940,16390,16392,16390,1,-1
2021-10-12 15:03:30.940,16390,16392,16390,2,-2
2021-10-12 15:03:30.940,16390,16392,16390,7,-7
2021-10-12 15:03:30.941,16390,16392,16390,5,-5
2021-10-12 15:03:33.485,16390,16392,16390,1,-1
2021-10-12 15:03:35.206,16390,16392,16390,1,-1
2021-10-12 15:03:41.243,16390,16392,16390,1,-1
2021-10-12 15:03:42.678,16390,16392,16390,1,-1
2021-10-12 15:03:44.602,16390,16391,16390,2,-2
2021-10-12 15:03:45.273,16390,16391,16391,1,1
2021-10-12 15:03:47.051,16390,16391,16391,1,1
2021-10-12 15:03:50.484,16390,16391,16391,1,1
2021-10-12 15:03:50.673,16390,16391,16390,7,-7
2021-10-12 15:03:50.674,16390,16391,16390,1,-1
2021-10-12 15:03:52.813,16389,16391,16389,7,-7
2021-10-12 15:03:53.104,16388,16389,16388,7,-7
2021-10-12 15:03:56.337,16388,16391,16388,5,-5
2021-10-12 15:03:59.672,16389,16390,16389,1,1
2021-10-12 15:04:02.253,16388,16390,16388,1,-1
2021-10-12 15:04:03.879,16388,16389,16389,1,1
2021-10-12 15:04:04.084,16389,16390,16390,3,3
2021-10-12 15:04:04.089,16389,16390,16390,1,1
2021-10-12 15:04:04.097,16389,16390,16390,1,1
2021-10-12 15:04:04.098,16389,16390,16391,1,1
2021-10-12 15:04:04.105,16389,16390,16391,1,1
2021-10-12 15:04:04.107,16389,16390,16391,1,1
2021-10-12 15:04:04.109,16389,16390,16391,1,1
2021-10-12 15:04:04.129,16389,16390,16391,1,1
2021-10-12 15:04:04.160,16389,16392,16392,1,1
2021-10-12 15:04:04.264,16389,16392,16392,1,1
2021-10-12 15:04:04.321,16389,16392,16392,1,1
2021-10-12 15:04:04.344,16389,16392,16392,1,1
2021-10-12 15:04:04.593,16389,16392,16392,1,1
2021-10-12 15:04:04.922,16389,16392,16392,1,1
2021-10-12 15:04:09.786,16389,16391,16391,2,2
2021-10-12 15:04:09.786,16389,16391,16392,6,6
2021-10-12 15:04:11.406,16390,16392,16390,1,-1
2021-10-12 15:04:12.448,16390,16392,16392,1,1
2021-10-12 15:04:13.776,16390,16392,16392,1,1
2021-10-12 15:04:14.434,16391,16392,16392,2,2
2021-10-12 15:04:14.563,16391,16393,16391,1,-1
2021-10-12 15:04:17.809,16391,16392,16392,1,1
2021-10-12 15:04:20.207,16391,16392,16392,2,2
2021-10-12 15:04:22.437,16392,16393,16392,1,-1
2021-10-12 15:04:24.940,16392,16393,16393,19,19
2021-10-12 15:04:24.940,16392,16393,16393,6,6
2021-10-12 15:04:26.205,16393,16394,16393,1,-1
2021-10-12 15:04:28.374,16393,16394,16393,1,-1
2021-10-12 15:04:28.861,16393,16394,16394,6,6
2021-10-12 15:04:32.104,16394,16395,16394,1,-1
2021-10-12 15:04:44.588,16394,16395,16395,1,1
2021-10-12 15:04:44.589,16394,16395,16395,3,3
2021-10-12 15:04:44.589,16394,16395,16395,1,1
2021-10-12 15:04:44.590,16394,16395,16395,1,1
2021-10-12 15:04:44.590,16394,16395,16395,1,1
2021-10-12 15:04:44.594,16394,16395,16395,1,1
2021-10-12 15:04:44.682,16394,16395,16394,5,-5
2021-10-12 15:04:45.425,16394,16395,16394,1,-1
2021-10-12 15:04:46.670,16392,16394,16394,1,1
2021-10-12 15:04:46.917,16392,16394,16394,2,2
2021-10-12 15:04:53.079,16393,16394,16394,1,1
2021-10-12 15:04:53.079,16393,16394,16394,1,1
2021-10-12 15:04:54.974,16394,16395,16394,2,-2
2021-10-12 15:04:55.540,16394,16395,16394,1,-1
2021-10-12 15:04:55.873,16393,16394,16394,2,2
2021-10-12 15:04:56.823,16394,16395,16394,2,-2
2021-10-12 15:04:57.875,16394,16395,16394,1,-1
2021-10-12 15:04:58.354,16393,16394,16394,1,1
2021-10-12 15:04:58.529,16393,16395,16393,2,-2
2021-10-12 15:04:59.148,16392,16394,16394,2,2
2021-10-12 15:05:00.283,16392,16394,16393,1,-1
2021-10-12 15:05:00.371,16392,16394,16392,2,-2
2021-10-12 15:05:00.829,16391,16394,16391,5,-5
2021-10-12 15:05:02.340,16391,16392,16392,1,1
2021-10-12 15:05:02.998,16391,16392,16391,3,-3
2021-10-12 15:05:03.780,16391,16392,16391,1,-1
2021-10-12 15:05:05.636,16391,16392,16391,3,-3
2021-10-12 15:05:09.840,16391,16392,16391,4,-4
2021-10-12 15:05:09.892,16390,16391,16391,1,1
2021-10-12 15:05:09.892,16390,16391,16392,1,1
2021-10-12 15:05:10.854,16390,16392,16392,2,2
2021-10-12 15:05:10.854,16390,16392,16392,3,3
2021-10-12 15:05:10.859,16390,16392,16392,1,1
2021-10-12 15:05:10.859,16390,16392,16392,2,2
2021-10-12 15:05:13.803,16392,16393,16392,1,-1
2021-10-12 15:05:14.149,16391,16393,16391,3,-3
2021-10-12 15:05:14.149,16391,16393,16390,7,-7
2021-10-12 15:05:17.329,16390,16392,16392,1,1
2021-10-12 15:05:33.995,16391,16392,16391,1,-1
2021-10-12 15:05:33.995,16391,16392,16391,1,-1
2021-10-12 15:05:38.921,16390,16392,16391,2,-2
2021-10-12 15:05:54.427,16390,16391,16391,1,1
2021-10-12 15:05:54.427,16390,16391,16391,1,1
2021-10-12 15:05:56.145,16390,16391,16391,1,1
2021-10-12 15:06:02.801,16391,16392,16392,1,1
2021-10-12 15:06:05.319,16391,16392,16391,1,-1
2021-10-12 15:06:09.686,16391,16392,16392,2,2
2021-10-12 15:06:12.520,16391,16392,16392,3,3
2021-10-12 15:06:13.935,16392,16393,16393,2,2
2021-10-12 15:06:15.024,16393,16394,16393,3,-3
2021-10-12 15:06:15.024,16393,16394,16392,7,-7
2021-10-12 15:06:16.517,16392,16394,16392,1,-1
2021-10-12 15:06:17.592,16392,16394,16392,2,-2
2021-10-12 15:06:19.096,16391,16393,16391,9,-9
2021-10-12 15:06:19.427,16390,16392,16392,1,1
2021-10-12 15:06:19.569,16390,16392,16392,2,2
2021-10-12 15:06:23.470,16390,16391,16391,1,1
2021-10-12 15:06:25.299,16390,16391,16390,8,-8
2021-10-12 15:06:25.606,16389,16390,16391,1,1
2021-10-12 15:06:26.949,16389,16390,16390,2,2
2021-10-12 15:06:27.964,16391,16392,16392,1,1
2021-10-12 15:06:32.687,16391,16392,16392,1,1
2021-10-12 15:06:36.787,16391,16392,16392,1,1
2021-10-12 15:06:39.678,16392,16393,16392,1,-1
2021-10-12 15:06:40.420,16392,16393,16393,1,1
2021-10-12 15:06:40.680,16393,16394,16393,1,-1
2021-10-12 15:06:40.997,16393,16394,16394,1,1
2021-10-12 15:06:41.280,16393,16394,16393,2,-2
2021-10-12 15:06:41.280,16393,16394,16392,8,-8
2021-10-12 15:06:41.280,16393,16394,16391,2,-2
2021-10-12 15:06:42.180,16392,16394,16392,1,1
2021-10-12 15:06:49.321,16391,16392,16391,1,-1
2021-10-12 15:06:49.321,16391,16392,16391,1,-1
2021-10-12 15:06:49.321,16391,16392,16391,3,-3
2021-10-12 15:06:50.033,16390,16392,16390,1,-1
2021-10-12 15:06:57.840,16392,16394,16392,1,1
2021-10-12 15:06:58.021,16393,16394,16393,1,1
2021-10-12 15:06:58.320,16393,16394,16394,1,1
2021-10-12 15:07:04.000,16393,16394,16394,1,1
2021-10-12 15:07:04.000,16393,16394,16394,2,2
2021-10-12 15:07:04.001,16393,16394,16394,3,3
2021-10-12 15:07:04.417,16394,16395,16394,1,-1
2021-10-12 15:07:05.949,16394,16395,16394,1,-1
2021-10-12 15:07:07.249,16394,16395,16395,1,1
2021-10-12 15:07:07.249,16394,16395,16395,2,2
2021-10-12 15:07:09.091,16394,16395,16395,15,15
2021-10-12 15:07:09.138,16394,16396,16396,1,1
2021-10-12 15:07:09.138,16394,16396,16396,1,1
2021-10-12 15:07:09.139,16394,16396,16396,1,1
2021-10-12 15:07:09.145,16394,16396,16396,1,1
2021-10-12 15:07:09.922,16395,16396,16396,1,1
2021-10-12 15:07:09.922,16395,16396,16396,1,1
2021-10-12 15:07:11.227,16396,16397,16397,4,4
2021-10-12 15:07:11.285,16397,16398,16397,1,-1
2021-10-12 15:07:11.630,16396,16398,16398,1,1
2021-10-12 15:07:11.835,16396,16398,16396,1,-1
2021-10-12 15:07:11.968,16396,16398,16396,1,-1
2021-10-12 15:07:12.354,16396,16398,16398,1,1
2021-10-12 15:07:15.824,16397,16398,16397,1,-1
2021-10-12 15:07:16.095,16396,16398,16398,1,1
2021-10-12 15:07:19.425,16396,16398,16398,8,8
2021-10-12 15:07:19.426,16396,16398,16398,2,2
2021-10-12 15:07:20.506,16398,16399,16399,3,3
2021-10-12 15:07:21.500,16398,16399,16398,1,-1
2021-10-12 15:07:23.288,16398,16399,16399,1,1
2021-10-12 15:07:28.418,16398,16399,16399,13,13
2021-10-12 15:07:29.427,16398,16400,16400,2,2
2021-10-12 15:07:29.524,16398,16400,16400,1,1
2021-10-12 15:07:29.542,16398,16400,16400,1,1
2021-10-12 15:07:29.562,16398,16400,16400,12,12
2021-10-12 15:07:29.563,16398,16400,16400,13,13
2021-10-12 15:07:29.591,16398,16400,16401,3,3
2021-10-12 15:07:29.725,16400,16401,16401,3,3
2021-10-12 15:07:31.251,16400,16401,16400,1,-1
2021-10-12 15:07:31.574,16399,16400,16400,1,1
2021-10-12 15:07:33.731,16400,16401,16400,1,-1
2021-10-12 15:07:34.891,16400,16401,16401,4,4
2021-10-12 15:07:35.087,16400,16401,16401,3,3
2021-10-12 15:07:36.113,16400,16401,16401,1,1
2021-10-12 15:07:36.913,16400,16401,16401,4,4
2021-10-12 15:07:37.255,16400,16402,16402,2,2
2021-10-12 15:07:37.283,16400,16402,16402,1,1
2021-10-12 15:07:37.290,16400,16402,16402,1,1
2021-10-12 15:07:37.318,16400,16402,16403,10,10
2021-10-12 15:07:37.510,16402,16403,16402,2,-2
2021-10-12 15:07:37.665,16401,16403,16401,1,-1
2021-10-12 15:07:38.385,16402,16403,16402,2,2
2021-10-12 15:07:39.322,16402,16403,16403,5,5
2021-10-12 15:07:40.483,16402,16403,16403,1,1
2021-10-12 15:07:41.393,16402,16403,16403,2,2
2021-10-12 15:07:42.903,16403,16404,16404,1,1
2021-10-12 15:07:43.467,16403,16404,16404,2,2
2021-10-12 15:07:43.600,16403,16404,16403,1,-1
2021-10-12 15:07:44.015,16403,16404,16404,1,1
2021-10-12 15:07:44.148,16403,16404,16403,1,-1
2021-10-12 15:07:44.436,16403,16404,16404,1,1
2021-10-12 15:07:49.798,16402,16403,16403,2,2
2021-10-12 15:07:50.447,16402,16403,16403,2,2
2021-10-12 15:07:50.447,16402,16403,16404,3,3
2021-10-12 15:07:53.495,16402,16403,16403,1,1
2021-10-12 15:07:53.618,16402,16404,16404,5,5
2021-10-12 15:07:53.618,16402,16404,16404,4,4
2021-10-12 15:07:53.618,16402,16404,16404,1,1
2021-10-12 15:07:53.618,16402,16404,16404,1,1
2021-10-12 15:07:53.855,16404,16405,16405,12,12
2021-10-12 15:07:53.856,16404,16405,16405,2,2
2021-10-12 15:07:53.925,16405,16406,16406,2,2
2021-10-12 15:07:54.043,16405,16407,16407,2,2
2021-10-12 15:07:54.183,16405,16407,16407,2,2
2021-10-12 15:07:54.396,16405,16407,16405,1,-1
2021-10-12 15:07:54.583,16405,16407,16405,1,-1
2021-10-12 15:07:55.392,16405,16406,16406,1,1
2021-10-12 15:07:55.902,16405,16407,16407,1,1
2021-10-12 15:07:56.134,16405,16407,16407,1,1
2021-10-12 15:07:56.404,16405,16407,16407,1,1
2021-10-12 15:07:56.781,16405,16407,16407,1,1
2021-10-12 15:07:57.887,16405,16407,16407,1,1
2021-10-12 15:07:58.168,16405,16407,16405,1,-1
2021-10-12 15:07:58.999,16406,16408,16407,1,1
2021-10-12 15:07:59.695,16406,16407,16407,2,2
2021-10-12 15:07:59.903,16406,16407,16407,3,3
2021-10-12 15:08:00.015,16406,16408,16408,2,2
2021-10-12 15:08:00.160,16407,16408,16407,2,-2
2021-10-12 15:08:00.171,16407,16408,16408,2,2
2021-10-12 15:08:00.504,16407,16408,16407,1,-1
2021-10-12 15:08:00.504,16407,16408,16407,1,-1
2021-10-12 15:08:00.505,16407,16408,16407,1,-1
2021-10-12 15:08:00.518,16406,16408,16408,1,1
2021-10-12 15:08:00.920,16406,16408,16408,2,2
2021-10-12 15:08:02.292,16407,16408,16407,1,-1
2021-10-12 15:08:02.461,16406,16407,16407,1,1
2021-10-12 15:08:02.801,16406,16407,16407,1,1
2021-10-12 15:08:03.141,16406,16408,16406,2,-2
2021-10-12 15:08:03.185,16406,16408,16407,1,1
2021-10-12 15:08:03.547,16405,16407,16407,1,1
2021-10-12 15:08:04.265,16406,16408,16408,1,1
2021-10-12 15:08:05.808,16406,16407,16407,1,1
2021-10-12 15:08:06.379,16406,16407,16407,1,1
2021-10-12 15:08:06.659,16406,16408,16406,1,-1
2021-10-12 15:08:07.749,16405,16408,16406,1,-1
2021-10-12 15:08:08.184,16405,16407,16405,1,-1
2021-10-12 15:08:08.382,16406,16408,16408,7,7
2021-10-12 15:08:08.382,16406,16408,16409,1,1
2021-10-12 15:08:08.421,16406,16409,16409,2,2
2021-10-12 15:08:09.165,16407,16409,16407,1,-1
2021-10-12 15:08:13.081,16408,16409,16409,1,1
2021-10-12 15:08:13.132,16408,16409,16409,1,1
2021-10-12 15:08:14.782,16408,16409,16409,1,1
2021-10-12 15:08:15.501,16408,16409,16408,1,-1
2021-10-12 15:08:17.129,16408,16409,16409,1,1
2021-10-12 15:08:17.401,16408,16409,16409,1,1
2021-10-12 15:08:20.508,16408,16409,16409,1,1
2021-10-12 15:08:20.641,16408,16409,16409,2,2
2021-10-12 15:08:20.643,16408,16409,16409,1,1
2021-10-12 15:08:21.484,16409,16410,16410,4,4
2021-10-12 15:08:21.485,16409,16410,16410,3,3
2021-10-12 15:08:21.485,16409,16410,16410,1,1
2021-10-12 15:08:21.545,16410,16411,16411,2,2
2021-10-12 15:08:21.548,16410,16411,16411,1,1
2021-10-12 15:08:21.604,16410,16411,16411,1,1
2021-10-12 15:08:21.670,16411,16412,16412,2,2
2021-10-12 15:08:21.706,16411,16412,16411,1,-1
2021-10-12 15:08:21.803,16411,16412,16412,1,1
2021-10-12 15:08:21.803,16411,16412,16413,1,1
2021-10-12 15:08:21.920,16411,16413,16413,1,1
2021-10-12 15:08:21.930,16411,16413,16413,3,3
2021-10-12 15:08:21.957,16411,16413,16413,1,1
2021-10-12 15:08:22.589,16411,16413,16413,3,3
2021-10-12 15:08:22.956,16411,16413,16411,1,-1
2021-10-12 15:08:22.982,16411,16413,16413,3,3
2021-10-12 15:08:23.885,16410,16413,16410,1,-1
2021-10-12 15:08:26.967,16412,16413,16413,1,1
2021-10-12 15:08:27.518,16412,16413,16412,1,-1
2021-10-12 15:08:27.884,16411,16412,16412,3,3
2021-10-12 15:08:28.526,16412,16413,16412,1,-1
2021-10-12 15:08:32.523,16412,16413,16413,1,1
2021-10-12 15:08:32.700,16412,16414,16412,1,-1
2021-10-12 15:08:33.891,16413,16414,16413,1,1
2021-10-12 15:08:35.088,16412,16414,16412,1,-1
2021-10-12 15:08:35.396,16413,16414,16414,7,7
2021-10-12 15:08:35.546,16413,16415,16415,1,1
2021-10-12 15:08:35.577,16413,16415,16415,1,1
2021-10-12 15:08:35.670,16413,16415,16415,2,2
2021-10-12 15:08:35.949,16414,16415,16415,7,7
2021-10-12 15:08:37.452,16415,16416,16416,4,4
2021-10-12 15:08:37.457,16415,16416,16415,1,-1
2021-10-12 15:08:37.928,16415,16416,16415,1,-1
2021-10-12 15:08:38.660,16414,16416,16416,1,1
2021-10-12 15:08:38.681,16414,16416,16415,3,-3
2021-10-12 15:08:39.083,16415,16416,16415,1,-1
2021-10-12 15:08:39.196,16414,16416,16416,1,1
2021-10-12 15:08:39.423,16414,16416,16416,4,4
2021-10-12 15:08:40.483,16415,16416,16416,1,1
2021-10-12 15:08:40.941,16414,16416,16416,1,1
2021-10-12 15:08:41.435,16414,16416,16416,1,1
2021-10-12 15:08:43.665,16415,16416,16415,2,-2
2021-10-12 15:08:44.121,16414,16416,16416,1,1
2021-10-12 15:08:45.647,16415,16416,16415,1,-1
2021-10-12 15:08:46.452,16414,16415,16414,1,-1
2021-10-12 15:08:46.598,16412,16414,16414,9,9
2021-10-12 15:08:50.398,16414,16415,16415,1,1
2021-10-12 15:08:50.605,16414,16415,16415,1,1
2021-10-12 15:08:51.518,16414,16415,16415,1,1
2021-10-12 15:08:52.492,16415,16416,16416,1,1
2021-10-12 15:08:54.903,16415,16416,16416,2,2
2021-10-12 15:08:55.608,16415,16416,16416,1,1
2021-10-12 15:08:56.188,16415,16416,16415,3,-3
2021-10-12 15:08:56.283,16415,16416,16416,1,1
2021-10-12 15:08:57.372,16415,16416,16416,3,3
2021-10-12 15:08:57.879,16416,16417,16416,3,-3
2021-10-12 15:08:58.585,16415,16417,16415,1,-1
2021-10-12 15:09:00.768,16416,16417,16417,1,1
2021-10-12 15:09:00.889,16416,16417,16417,1,1
2021-10-12 15:09:00.938,16416,16417,16417,2,2
2021-10-12 15:09:00.938,16416,16417,16418,1,1
2021-10-12 15:09:01.066,16416,16418,16418,1,1
2021-10-12 15:09:02.020,16416,16418,16416,1,-1
2021-10-12 15:09:04.755,16416,16418,16418,2,2
2021-10-12 15:09:05.213,16416,16418,16418,1,1
2021-10-12 15:09:06.730,16416,16418,16416,7,-7
2021-10-12 15:09:08.686,16415,16416,16415,1,-1
2021-10-12 15:09:08.686,16415,16416,16415,1,-1
2021-10-12 15:09:08.686,16415,16416,16415,1,-1
2021-10-12 15:09:08.686,16415,16416,16415,1,-1
2021-10-12 15:09:08.686,16415,16416,16415,1,-1
2021-10-12 15:09:08.719,16415,16416,16415,2,-2
2021-10-12 15:09:08.719,16415,16416,16414,16,-16
2021-10-12 15:09:10.428,16413,16415,16415,1,1
2021-10-12 15:09:11.629,16413,16415,16415,1,1
2021-10-12 15:09:12.354,16414,16415,16414,1,-1
2021-10-12 15:09:13.079,16413,16414,16413,1,-1
2021-10-12 15:09:13.767,16412,16413,16413,4,4
2021-10-12 15:09:13.916,16412,16413,16412,2,-2
2021-10-12 15:09:15.509,16411,16413,16411,1,-1
2021-10-12 15:09:16.202,16411,16413,16411,1,-1
2021-10-12 15:09:16.668,16411,16413,16411,1,-1
2021-10-12 15:09:17.203,16411,16413,16411,5,-5
2021-10-12 15:09:17.262,16411,16413,16413,1,1
2021-10-12 15:09:17.262,16411,16413,16413,1,1
2021-10-12 15:09:18.278,16411,16413,16411,1,-1
2021-10-12 15:09:20.049,16412,16413,16412,2,2
2021-10-12 15:09:21.858,16412,16413,16413,2,2
2021-10-12 15:09:21.901,16413,16414,16413,1,-1
2021-10-12 15:09:22.519,16413,16414,16413,1,-1
2021-10-12 15:09:23.249,16413,16414,16413,1,-1
2021-10-12 15:09:34.620,16413,16414,16414,1,1
2021-10-12 15:09:34.621,16413,16414,16414,2,2
2021-10-12 15:09:36.527,16414,16415,16414,1,-1
2021-10-12 15:09:38.541,16414,16415,16415,1,1
2021-10-12 15:09:38.542,16414,16415,16415,3,3
2021-10-12 15:09:38.637,16414,16416,16416,1,1
2021-10-12 15:09:38.638,16414,16416,16416,1,1
2021-10-12 15:09:38.638,16414,16416,16416,1,1
2021-10-12 15:09:38.638,16414,16416,16416,1,1
2021-10-12 15:09:38.639,16414,16416,16416,1,1
2021-10-12 15:09:38.639,16414,16416,16416,1,1
2021-10-12 15:09:40.756,16415,16417,16416,1,-1
2021-10-12 15:09:41.939,16415,16416,16416,1,1
2021-10-12 15:09:42.462,16415,16416,16416,1,1
2021-10-12 15:09:42.672,16415,16416,16416,1,1
2021-10-12 15:09:42.881,16415,16416,16416,1,1
2021-10-12 15:09:43.825,16414,16416,16416,1,1
2021-10-12 15:09:44.064,16414,16416,16416,1,1
2021-10-12 15:09:44.304,16414,16416,16416,1,1
2021-10-12 15:09:44.528,16414,16416,16416,1,1
2021-10-12 15:09:44.782,16414,16416,16416,1,1
2021-10-12 15:09:47.121,16415,16417,16416,2,-2
2021-10-12 15:09:51.821,16415,16417,16415,3,-3
2021-10-12 15:09:55.393,16416,16417,16416,1,1
2021-10-12 15:09:55.465,16416,16417,16416,1,-1
2021-10-12 15:09:58.764,16415,16417,16417,1,1
2021-10-12 15:09:59.833,16415,16417,16416,1,-1
2021-10-12 15:10:04.445,16414,16416,16414,3,-3
2021-10-12 15:10:05.762,16413,16415,16415,2,2
2021-10-12 15:10:09.352,16413,16416,16415,1,-1
2021-10-12 15:10:09.546,16413,16416,16416,1,1
2021-10-12 15:10:11.958,16413,16415,16413,2,-2
2021-10-12 15:10:13.369,16413,16414,16413,1,-1
2021-10-12 15:10:13.707,16413,16414,16414,1,1
2021-10-12 15:10:15.047,16414,16415,16415,1,1
2021-10-12 15:10:21.744,16414,16415,16415,1,1
2021-10-12 15:10:26.004,16414,16415,16415,1,1
2021-10-12 15:10:27.550,16414,16415,16415,2,2
2021-10-12 15:10:27.609,16414,16415,16415,1,1
2021-10-12 15:10:27.609,16414,16415,16415,3,3
2021-10-12 15:10:27.610,16414,16415,16415,11,11
2021-10-12 15:10:27.610,16414,16415,16415,8,8
2021-10-12 15:10:31.702,16415,16416,16415,1,-1
2021-10-12 15:10:34.825,16415,16416,16415,1,-1
2021-10-12 15:10:35.718,16415,16416,16416,3,3
2021-10-12 15:10:38.587,16416,16417,16417,1,1
2021-10-12 15:10:40.011,16416,16417,16416,1,-1
2021-10-12 15:10:40.518,16416,16417,16417,1,1
2021-10-12 15:10:40.737,16416,16417,16417,4,4
2021-10-12 15:10:43.047,16417,16418,16418,12,12
2021-10-12 15:10:43.047,16417,16418,16419,3,3
2021-10-12 15:10:43.049,16417,16418,16419,7,7
2021-10-12 15:10:43.049,16417,16418,16419,1,1
2021-10-12 15:10:43.070,16417,16418,16420,5,5
2021-10-12 15:10:43.070,16417,16418,16420,2,2
2021-10-12 15:10:43.070,16417,16418,16420,1,1
2021-10-12 15:10:43.071,16417,16418,16420,1,1
2021-10-12 15:10:43.071,16417,16418,16420,1,1
2021-10-12 15:10:43.071,16417,16418,16420,1,1
2021-10-12 15:10:43.071,16417,16418,16420,1,1
2021-10-12 15:10:43.071,16417,16418,16420,1,1
2021-10-12 15:10:43.071,16417,16418,16420,2,2
2021-10-12 15:10:43.071,16417,16418,16420,2,2
2021-10-12 15:10:43.142,16419,16420,16420,1,1
2021-10-12 15:10:43.144,16419,16420,16420,1,1
2021-10-12 15:10:43.144,16419,16420,16420,1,1
2021-10-12 15:10:43.145,16419,16420,16420,5,5
2021-10-12 15:10:43.145,16419,16420,16420,2,2
2021-10-12 15:10:43.167,16419,16420,16421,1,1
2021-10-12 15:10:43.228,16419,16420,16421,1,1
2021-10-12 15:10:43.273,16420,16421,16421,2,2
2021-10-12 15:10:43.273,16420,16421,16422,1,1
2021-10-12 15:10:43.292,16420,16421,16422,1,1
2021-10-12 15:10:43.413,16420,16422,16422,1,1
2021-10-12 15:10:43.420,16420,16422,16422,1,1
2021-10-12 15:10:43.519,16420,16422,16420,1,-1
2021-10-12 15:10:43.547,16420,16422,16422,1,1
2021-10-12 15:10:43.589,16420,16422,16423,1,1
2021-10-12 15:10:43.764,16421,16423,16423,1,1
2021-10-12 15:10:43.804,16421,16423,16421,1,-1
2021-10-12 15:10:43.873,16421,16423,16423,1,1
2021-10-12 15:10:43.908,16421,16423,16423,1,1
2021-10-12 15:10:44.791,16421,16423,16423,5,5
2021-10-12 15:10:44.811,16421,16423,16423,1,1
2021-10-12 15:10:45.286,16422,16424,16423,1,-1
2021-10-12 15:10:45.366,16422,16424,16424,1,1
2021-10-12 15:10:45.765,16422,16424,16424,1,1
2021-10-12 15:10:46.799,16422,16424,16424,1,1
2021-10-12 15:10:47.073,16422,16424,16424,1,1
2021-10-12 15:10:48.103,16423,16424,16423,1,-1
2021-10-12 15:10:48.408,16423,16424,16424,1,1
2021-10-12 15:10:50.908,16423,16424,16424,1,1
2021-10-12 15:10:50.910,16423,16424,16424,2,2
2021-10-12 15:10:50.994,16423,16424,16423,1,-1
2021-10-12 15:10:52.186,16424,16425,16424,5,5
2021-10-12 15:10:52.884,16424,16425,16424,1,-1
2021-10-12 15:10:53.942,16424,16425,16425,1,1
2021-10-12 15:10:55.490,16424,16425,16425,1,1
2021-10-12 15:10:55.491,16424,16425,16425,1,1
2021-10-12 15:10:55.836,16424,16425,16425,3,3
2021-10-12 15:10:55.836,16424,16425,16425,1,1
2021-10-12 15:10:56.544,16424,16426,16424,1,-1
2021-10-12 15:10:56.735,16424,16426,16426,3,3
2021-10-12 15:10:56.956,16424,16426,16426,1,1
2021-10-12 15:10:57.159,16424,16426,16426,1,1
2021-10-12 15:10:57.170,16424,16426,16426,1,1
2021-10-12 15:10:59.372,16425,16426,16426,1,1
2021-10-12 15:11:00.143,16425,16426,16426,1,1
2021-10-12 15:11:00.203,16425,16426,16427,1,1
2021-10-12 15:11:01.763,16426,16427,16427,1,1
2021-10-12 15:11:01.763,16426,16427,16427,1,1
2021-10-12 15:11:02.379,16426,16427,16427,1,1
2021-10-12 15:11:02.379,16426,16427,16427,1,1
2021-10-12 15:11:02.414,16426,16427,16427,2,2
2021-10-12 15:11:02.484,16426,16427,16427,4,4
2021-10-12 15:11:02.484,16426,16427,16427,1,1
2021-10-12 15:11:02.535,16426,16427,16427,4,4
2021-10-12 15:11:02.790,16426,16428,16426,1,-1
2021-10-12 15:11:02.791,16426,16428,16427,1,1
2021-10-12 15:11:02.947,16426,16427,16426,2,-2
2021-10-12 15:11:03.128,16425,16427,16427,1,1
2021-10-12 15:11:03.423,16425,16427,16427,2,2
2021-10-12 15:11:03.424,16425,16427,16427,1,1
2021-10-12 15:11:03.564,16426,16428,16428,1,1
2021-10-12 15:11:03.746,16427,16428,16427,1,-1
2021-10-12 15:11:03.947,16427,16428,16428,1,1
2021-10-12 15:11:04.423,16426,16428,16427,1,-1
2021-10-12 15:11:04.423,16426,16428,16428,1,1
2021-10-12 15:11:04.504,16426,16428,16428,2,2
2021-10-12 15:11:06.062,16426,16427,16427,1,1
2021-10-12 15:11:06.514,16426,16427,16426,1,-1
2021-10-12 15:11:08.523,16426,16427,16427,3,3
2021-10-12 15:11:10.341,16426,16428,16428,1,1
2021-10-12 15:11:10.577,16426,16428,16426,1,-1
2021-10-12 15:11:10.737,16426,16428,16428,1,1
2021-10-12 15:11:10.892,16427,16428,16428,1,1
2021-10-12 15:11:10.893,16427,16428,16428,1,1
2021-10-12 15:11:11.828,16427,16428,16427,2,-2
2021-10-12 15:11:13.635,16426,16427,16427,1,1
2021-10-12 15:11:15.348,16427,16428,16427,1,-1
2021-10-12 15:11:15.364,16427,16428,16427,1,-1
2021-10-12 15:11:17.722,16426,16427,16427,1,1
2021-10-12 15:11:18.307,16426,16427,16426,8,-8
2021-10-12 15:11:18.388,16425,16427,16427,1,1
2021-10-12 15:11:18.388,16425,16427,16427,1,1
2021-10-12 15:11:18.402,16425,16427,16427,1,1
2021-10-12 15:11:19.387,16426,16428,16426,1,-1
2021-10-12 15:11:20.481,16427,16428,16428,3,3
2021-10-12 15:11:20.865,16427,16428,16427,5,-5
2021-10-12 15:11:21.206,16426,16428,16426,1,-1
2021-10-12 15:11:26.615,16427,16428,16427,2,2
2021-10-12 15:11:28.207,16426,16427,16426,1,-1
2021-10-12 15:11:28.207,16426,16427,16426,1,-1
2021-10-12 15:11:28.262,16425,16426,16426,1,1
2021-10-12 15:11:28.263,16425,16426,16427,1,1
2021-10-12 15:11:28.263,16425,16426,16427,1,1
2021-10-12 15:11:28.263,16425,16426,16427,1,1
2021-10-12 15:11:29.914,16426,16427,16426,1,-1
2021-10-12 15:11:30.388,16425,16427,16427,1,1
2021-10-12 15:11:30.680,16426,16427,16426,2,-2
2021-10-12 15:11:31.521,16425,16427,16427,1,1
2021-10-12 15:11:35.291,16425,16427,16425,7,-7
2021-10-12 15:11:38.696,16424,16425,16425,1,1
2021-10-12 15:11:41.745,16424,16425,16425,1,1
2021-10-12 15:11:41.763,16424,16426,16426,1,1
2021-10-12 15:11:42.841,16425,16427,16427,1,1
2021-10-12 15:11:51.401,16425,16426,16426,1,1
2021-10-12 15:11:51.402,16425,16426,16426,1,1
2021-10-12 15:11:52.433,16426,16427,16427,1,1
2021-10-12 15:11:52.433,16426,16427,16427,2,2
2021-10-12 15:11:52.433,16426,16427,16427,2,2
2021-10-12 15:11:52.437,16426,16427,16428,6,6
2021-10-12 15:11:52.437,16426,16427,16428,7,7
2021-10-12 15:11:55.486,16426,16428,16428,1,1
2021-10-12 15:11:57.685,16426,16429,16429,1,1
2021-10-12 15:12:00.353,16426,16427,16427,1,1
2021-10-12 15:12:01.249,16427,16428,16427,1,-1
2021-10-12 15:12:01.750,16426,16428,16426,1,-1
2021-10-12 15:12:02.508,16426,16428,16428,1,1
2021-10-12 15:12:02.509,16426,16428,16428,1,1
2021-10-12 15:12:04.466,16426,16427,16427,1,1
2021-10-12 15:12:04.503,16426,16427,16428,1,1
2021-10-12 15:12:06.206,16428,16429,16429,6,6
2021-10-12 15:12:06.206,16428,16429,16429,2,2
2021-10-12 15:12:06.206,16428,16429,16429,1,1
2021-10-12 15:12:06.206,16428,16429,16429,1,1
2021-10-12 15:12:06.206,16428,16429,16429,1,1
2021-10-12 15:12:06.206,16428,16429,16429,5,5
2021-10-12 15:12:06.206,16428,16429,16429,1,1
2021-10-12 15:12:06.206,16428,16429,16429,11,11
2021-10-12 15:12:06.207,16428,16429,16429,1,1
2021-10-12 15:12:07.266,16429,16430,16430,1,1
2021-10-12 15:12:07.267,16429,16430,16430,1,1
2021-10-12 15:12:07.388,16429,16430,16430,1,1
2021-10-12 15:12:07.389,16429,16430,16430,1,1
2021-10-12 15:12:07.816,16429,16430,16430,1,1
2021-10-12 15:12:07.817,16429,16430,16430,1,1
2021-10-12 15:12:07.819,16429,16430,16430,46,46
2021-10-12 15:12:07.820,16429,16430,16431,1,1
2021-10-12 15:12:07.822,16429,16430,16431,1,1
2021-10-12 15:12:07.824,16429,16430,16431,3,3
2021-10-12 15:12:08.168,16431,16432,16432,1,1
2021-10-12 15:12:08.168,16431,16432,16432,1,1
2021-10-12 15:12:08.230,16431,16432,16432,5,5
2021-10-12 15:12:08.295,16432,16433,16433,1,1
2021-10-12 15:12:08.296,16432,16433,16433,1,1
2021-10-12 15:12:08.336,16432,16433,16433,1,1
2021-10-12 15:12:09.710,16432,16433,16432,5,-5
2021-10-12 15:12:09.898,16432,16433,16433,13,13
2021-10-12 15:12:10.879,16433,16434,16434,1,1
2021-10-12 15:12:10.879,16433,16434,16434,2,2
2021-10-12 15:12:10.946,16433,16434,16434,1,1
2021-10-12 15:12:10.975,16433,16434,16433,1,-1
2021-10-12 15:12:10.975,16433,16434,16435,1,1
2021-10-12 15:12:11.066,16433,16435,16435,1,1
2021-10-12 15:12:11.078,16433,16435,16435,1,1
2021-10-12 15:12:11.078,16433,16435,16434,1,-1
2021-10-12 15:12:11.165,16434,16435,16434,1,-1
2021-10-12 15:12:11.739,16434,16435,16434,1,-1
2021-10-12 15:12:12.439,16433,16434,16434,1,1
2021-10-12 15:12:12.748,16434,16435,16435,1,1
2021-10-12 15:12:12.748,16434,16435,16435,1,1
2021-10-12 15:12:12.988,16434,16435,16435,4,4
2021-10-12 15:12:13.553,16434,16436,16435,1,-1
2021-10-12 15:12:13.568,16434,16436,16436,5,5
2021-10-12 15:12:13.702,16434,16436,16436,1,1
2021-10-12 15:12:13.772,16435,16436,16436,1,1
2021-10-12 15:12:13.772,16435,16436,16436,1,1
2021-10-12 15:12:13.992,16435,16437,16437,1,1
2021-10-12 15:12:14.077,16435,16437,16435,1,-1
2021-10-12 15:12:14.333,16435,16437,16437,2,2
2021-10-12 15:12:14.408,16435,16437,16437,1,1
2021-10-12 15:12:14.632,16435,16437,16436,1,-1
2021-10-12 15:12:15.073,16434,16436,16436,3,3
2021-10-12 15:12:15.073,16434,16436,16436,1,1
2021-10-12 15:12:15.220,16434,16436,16436,1,1
2021-10-12 15:12:15.904,16434,16436,16435,1,-1
2021-10-12 15:12:16.726,16434,16436,16434,1,-1
2021-10-12 15:12:17.089,16434,16436,16436,1,1
2021-10-12 15:12:17.347,16435,16436,16435,1,-1
2021-10-12 15:12:19.769,16434,16435,16435,1,1
2021-10-12 15:12:19.769,16434,16435,16436,2,2
2021-10-12 15:12:20.060,16434,16436,16436,1,1
2021-10-12 15:12:20.421,16434,16436,16436,1,1
2021-10-12 15:12:20.506,16434,16436,16436,2,2
2021-10-12 15:12:20.506,16434,16436,16435,1,-1
2021-10-12 15:12:20.659,16434,16436,16436,1,1
2021-10-12 15:12:20.790,16434,16436,16436,1,1
2021-10-12 15:12:21.110,16435,16436,16436,1,1
2021-10-12 15:12:21.111,16435,16436,16436,1,1
2021-10-12 15:12:21.135,16435,16436,16436,2,2
2021-10-12 15:12:21.272,16435,16437,16437,1,1
2021-10-12 15:12:21.273,16435,16437,16437,1,1
2021-10-12 15:12:21.276,16435,16437,16437,1,1
2021-10-12 15:12:21.452,16436,16437,16436,1,-1
2021-10-12 15:12:21.453,16436,16437,16437,1,1
2021-10-12 15:12:21.462,16436,16437,16437,1,1
2021-10-12 15:12:21.576,16436,16437,16437,1,1
2021-10-12 15:12:22.389,16435,16437,16437,4,4
2021-10-12 15:12:22.389,16435,16437,16437,1,1
2021-10-12 15:12:22.776,16435,16437,16437,1,1
2021-10-12 15:12:22.776,16435,16437,16437,1,1
2021-10-12 15:12:23.015,16435,16437,16437,1,1
2021-10-12 15:12:23.015,16435,16437,16437,1,1
2021-10-12 15:12:23.261,16435,16437,16437,1,1
2021-10-12 15:12:23.261,16435,16437,16437,1,1
2021-10-12 15:12:23.456,16436,16437,16437,1,1
2021-10-12 15:12:23.456,16436,16437,16437,1,1
2021-10-12 15:12:23.644,16435,16437,16437,1,1
2021-10-12 15:12:23.740,16435,16437,16437,1,1
2021-10-12 15:12:23.894,16436,16438,16438,1,1
2021-10-12 15:12:23.895,16436,16438,16438,1,1
2021-10-12 15:12:24.194,16435,16437,16436,1,-1
2021-10-12 15:12:24.334,16435,16437,16437,2,2
2021-10-12 15:12:25.421,16436,16438,16436,1,-1
2021-10-12 15:12:25.669,16435,16437,16437,3,3
2021-10-12 15:12:25.876,16436,16438,16438,1,1
2021-10-12 15:12:29.492,16435,16437,16435,8,-8
2021-10-12 15:12:31.080,16434,16435,16435,4,4
2021-10-12 15:12:31.131,16434,16435,16435,1,1
2021-10-12 15:12:31.138,16434,16436,16436,1,1
2021-10-12 15:12:31.138,16434,16436,16436,1,1
2021-10-12 15:12:31.582,16434,16436,16436,4,4
2021-10-12 15:12:32.273,16434,16435,16435,1,1
2021-10-12 15:12:32.527,16434,16435,16435,1,1
2021-10-12 15:12:32.644,16434,16436,16435,1,-1
2021-10-12 15:12:32.781,16434,16436,16436,2,2
2021-10-12 15:12:33.918,16434,16436,16436,7,7
2021-10-12 15:12:33.918,16434,16436,16437,1,1
2021-10-12 15:12:34.899,16434,16435,16435,2,2
2021-10-12 15:12:35.757,16435,16437,16435,2,-2
2021-10-12 15:12:36.415,16435,16436,16436,1,1
2021-10-12 15:12:37.436,16435,16436,16435,2,-2
2021-10-12 15:12:38.779,16435,16436,16435,1,-1
2021-10-12 15:12:38.822,16435,16436,16436,1,1
2021-10-12 15:12:40.258,16434,16436,16436,1,1
2021-10-12 15:12:41.636,16436,16437,16436,1,-1
2021-10-12 15:12:41.913,16436,16437,16436,2,-2
2021-10-12 15:12:43.048,16435,16436,16435,1,-1
2021-10-12 15:12:43.800,16435,16436,16435,1,-1
2021-10-12 15:12:44.780,16434,16435,16435,1,1
2021-10-12 15:12:45.017,16434,16435,16434,3,-3
2021-10-12 15:12:46.373,16433,16435,16435,1,1
2021-10-12 15:12:46.642,16433,16435,16433,1,-1
2021-10-12 15:12:47.069,16433,16435,16433,1,-1
2021-10-12 15:12:47.797,16433,16435,16433,1,-1
2021-10-12 15:12:49.024,16433,16435,16433,1,-1
2021-10-12 15:12:49.492,16432,16433,16433,1,1
2021-10-12 15:12:49.492,16432,16433,16432,3,-3
2021-10-12 15:12:50.031,16431,16433,16433,1,1
2021-10-12 15:12:51.124,16431,16433,16433,1,1
2021-10-12 15:12:57.259,16431,16432,16432,1,1
2021-10-12 15:12:57.380,16431,16433,16433,1,1
2021-10-12 15:13:00.317,16431,16432,16431,1,-1
2021-10-12 15:13:00.478,16431,16432,16432,1,1
2021-10-12 15:13:04.010,16431,16433,16431,2,-2
2021-10-12 15:13:05.693,16431,16432,16432,1,1
2021-10-12 15:13:08.604,16431,16432,16431,1,-1
2021-10-12 15:13:10.066,16431,16432,16431,1,-1
2021-10-12 15:13:10.137,16431,16432,16432,1,1
2021-10-12 15:13:10.138,16431,16432,16432,1,1
2021-10-12 15:13:10.244,16431,16432,16432,1,1
2021-10-12 15:13:11.064,16431,16432,16432,1,1
2021-10-12 15:13:11.985,16431,16432,16432,1,1
2021-10-12 15:13:15.544,16432,16433,16433,1,1
2021-10-12 15:13:15.544,16432,16433,16433,1,1
2021-10-12 15:13:15.758,16433,16434,16433,1,-1
2021-10-12 15:13:15.772,16433,16434,16433,1,-1
2021-10-12 15:13:15.971,16433,16434,16434,2,2
2021-10-12 15:13:16.337,16433,16434,16434,1,1
2021-10-12 15:13:16.663,16433,16434,16434,1,1
2021-10-12 15:13:16.663,16433,16434,16434,1,1
2021-10-12 15:13:16.690,16433,16434,16435,1,1
2021-10-12 15:13:16.690,16433,16434,16435,5,5
2021-10-12 15:13:17.342,16434,16436,16434,1,-1
2021-10-12 15:13:17.387,16434,16436,16436,1,1
2021-10-12 15:13:17.996,16434,16436,16435,1,-1
2021-10-12 15:13:18.413,16433,16435,16435,1,1
2021-10-12 15:13:18.965,16433,16435,16435,1,1
2021-10-12 15:13:22.310,16434,16436,16436,1,1
2021-10-12 15:13:22.311,16434,16436,16436,5,5
2021-10-12 15:13:22.311,16434,16436,16436,6,6
2021-10-12 15:13:24.476,16436,16437,16437,1,1
2021-10-12 15:13:25.449,16436,16437,16437,1,1
2021-10-12 15:13:25.859,16436,16437,16437,1,1
2021-10-12 15:13:26.385,16436,16437,16437,1,1
2021-10-12 15:13:27.277,16437,16438,16437,1,-1
2021-10-12 15:13:27.286,16437,16438,16438,1,1
2021-10-12 15:13:27.387,16437,16438,16438,1,1
2021-10-12 15:13:27.387,16437,16438,16438,1,1
2021-10-12 15:13:27.444,16437,16438,16438,1,1
2021-10-12 15:13:27.518,16437,16438,16438,2,2
2021-10-12 15:13:27.523,16437,16438,16437,1,-1
2021-10-12 15:13:27.589,16437,16438,16438,1,1
2021-10-12 15:13:27.710,16436,16438,16438,1,1
2021-10-12 15:13:28.512,16436,16438,16436,2,-2
2021-10-12 15:13:28.658,16435,16438,16438,1,1
2021-10-12 15:13:29.437,16435,16438,16438,2,2
2021-10-12 15:13:29.785,16435,16438,16438,1,1
2021-10-12 15:13:29.979,16436,16438,16438,1,1
2021-10-12 15:13:30.851,16437,16439,16439,1,1
2021-10-12 15:13:30.908,16437,16439,16439,1,1
2021-10-12 15:13:30.919,16437,16439,16439,1,1
2021-10-12 15:13:30.933,16437,16439,16439,1,1
2021-10-12 15:13:31.141,16438,16439,16438,2,-2
2021-10-12 15:13:31.375,16438,16439,16439,1,1
2021-10-12 15:13:31.466,16438,16439,16438,1,-1
2021-10-12 15:13:31.755,16437,16439,16437,1,-1
2021-10-12 15:13:34.168,16437,16438,16437,2,-2
2021-10-12 15:13:35.404,16435,16437,16436,1,-1
2021-10-12 15:13:37.374,16435,16437,16437,1,1
2021-10-12 15:13:38.275,16435,16436,16435,2,-2
2021-10-12 15:13:38.932,16434,16436,16436,6,6
2021-10-12 15:13:38.933,16434,16436,16436,1,1
2021-10-12 15:13:38.933,16434,16436,16436,3,3
2021-10-12 15:13:40.497,16435,16436,16436,1,1
2021-10-12 15:13:42.291,16436,16437,16436,1,-1
2021-10-12 15:13:44.356,16435,16436,16435,1,-1
2021-10-12 15:13:45.374,16435,16436,16436,1,1
2021-10-12 15:13:47.266,16435,16436,16435,2,-2
2021-10-12 15:13:49.531,16435,16436,16435,1,-1
2021-10-12 15:13:52.173,16435,16436,16435,1,-1
2021-10-12 15:13:54.162,16435,16436,16436,3,3
2021-10-12 15:13:54.329,16436,16437,16436,4,-4
2021-10-12 15:13:56.694,16436,16437,16436,3,-3
2021-10-12 15:13:56.694,16436,16437,16436,2,-2
2021-10-12 15:13:58.989,16435,16436,16436,1,1
2021-10-12 15:13:59.248,16435,16437,16436,2,-2
2021-10-12 15:14:00.425,16435,16436,16436,2,2
2021-10-12 15:14:00.425,16435,16436,16436,1,1
2021-10-12 15:14:01.620,16436,16437,16437,2,2
2021-10-12 15:14:01.621,16436,16437,16437,2,2
2021-10-12 15:14:03.373,16437,16438,16438,2,2
2021-10-12 15:14:03.600,16437,16439,16437,1,-1
2021-10-12 15:14:03.673,16437,16439,16437,1,-1
2021-10-12 15:14:03.830,16437,16439,16439,2,2
2021-10-12 15:14:04.214,16438,16439,16439,1,1
2021-10-12 15:14:05.473,16438,16439,16438,1,-1
2021-10-12 15:14:06.999,16436,16438,16436,1,-1
2021-10-12 15:14:06.999,16436,16438,16435,4,-4
2021-10-12 15:14:07.278,16435,16437,16437,1,1
2021-10-12 15:14:09.298,16435,16436,16435,1,-1
2021-10-12 15:14:10.605,16435,16437,16437,1,1
2021-10-12 15:14:13.860,16436,16437,16437,3,3
2021-10-12 15:14:15.715,16436,16437,16437,1,1
2021-10-12 15:14:15.868,16437,16439,16437,1,-1
2021-10-12 15:14:20.168,16437,16438,16437,1,-1
2021-10-12 15:14:20.475,16436,16438,16438,2,2
2021-10-12 15:14:22.371,16436,16438,16436,5,-5
2021-10-12 15:14:26.164,16436,16437,16436,2,-2
2021-10-12 15:14:33.166,16437,16438,16437,1,1
2021-10-12 15:14:40.394,16436,16438,16438,1,1
2021-10-12 15:14:42.021,16437,16438,16438,3,3
2021-10-12 15:14:42.422,16437,16438,16437,1,-1
2021-10-12 15:14:43.074,16437,16438,16438,1,1
2021-10-12 15:14:50.704,16437,16438,16438,1,1
2021-10-12 15:14:51.279,16437,16438,16438,1,1
2021-10-12 15:14:53.262,16438,16439,16439,1,1
2021-10-12 15:14:54.519,16438,16439,16438,1,-1
2021-10-12 15:14:54.519,16438,16439,16438,1,-1
2021-10-12 15:14:54.655,16437,16439,16439,1,1
2021-10-12 15:14:55.885,16437,16438,16438,1,1
2021-10-12 15:14:55.967,16437,16438,16438,2,2
2021-10-12 15:14:59.074,16438,16439,16438,1,-1
2021-10-12 15:14:59.074,16438,16439,16437,3,-3
2021-10-12 15:15:00.510,16438,16439,16439,1,1
2021-10-12 15:15:00.643,16438,16440,16440,1,1
2021-10-12 15:15:00.787,16438,16440,16440,2,2
2021-10-12 15:15:00.899,16438,16440,16440,2,2
2021-10-12 15:15:00.901,16438,16440,16440,1,1
2021-10-12 15:15:00.907,16438,16440,16440,3,3
2021-10-12 15:15:00.931,16438,16440,16439,2,-2
2021-10-12 15:15:01.935,16438,16439,16438,1,-1
2021-10-12 15:15:02.012,16437,16439,16439,1,1
2021-10-12 15:15:02.012,16437,16439,16439,1,1
2021-10-12 15:15:02.012,16437,16439,16439,1,1
2021-10-12 15:15:02.012,16437,16439,16439,1,1
2021-10-12 15:15:02.013,16437,16439,16439,1,1
2021-10-12 15:15:02.013,16437,16439,16439,1,1
2021-10-12 15:15:02.013,16437,16439,16439,1,1
2021-10-12 15:15:02.013,16437,16439,16439,1,1
2021-10-12 15:15:02.013,16437,16439,16440,1,1
2021-10-12 15:15:02.013,16437,16439,16440,1,1
2021-10-12 15:15:02.411,16438,16440,16440,1,1
2021-10-12 15:15:03.979,16439,16440,16440,2,2
2021-10-12 15:15:03.979,16439,16440,16440,3,3
2021-10-12 15:15:03.979,16439,16440,16440,3,3
2021-10-12 15:15:03.988,16439,16440,16439,1,-1
2021-10-12 15:15:11.010,16439,16440,16439,1,-1
2021-10-12 15:15:11.030,16439,16440,16439,9,-9
2021-10-12 15:15:13.234,16438,16439,16438,2,-2
2021-10-12 15:15:13.239,16438,16439,16438,1,-1
2021-10-12 15:15:13.254,16438,16439,16437,1,-1
2021-10-12 15:15:13.315,16437,16438,16437,1,-1
2021-10-12 15:15:13.315,16437,16438,16437,1,-1
2021-10-12 15:15:13.881,16436,16438,16438,4,4
2021-10-12 15:15:14.401,16437,16439,16439,1,1
2021-10-12 15:15:18.861,16436,16438,16436,5,-5
2021-10-12 15:15:19.065,16435,16437,16437,5,5
2021-10-12 15:15:19.065,16435,16437,16437,1,1
2021-10-12 15:15:19.065,16435,16437,16437,1,1
2021-10-12 15:15:19.065,16435,16437,16437,1,1
2021-10-12 15:15:19.065,16435,16437,16437,7,7
2021-10-12 15:15:19.116,16435,16437,16437,1,1
2021-10-12 15:15:19.137,16435,16437,16437,1,1
2021-10-12 15:15:19.138,16435,16437,16438,1,1
2021-10-12 15:15:19.138,16435,16437,16438,1,1
2021-10-12 15:15:19.138,16435,16437,16438,1,1
2021-10-12 15:15:19.664,16436,16437,16437,1,1
2021-10-12 15:15:19.664,16436,16437,16438,1,1
2021-10-12 15:15:19.739,16436,16437,16436,1,-1
2021-10-12 15:15:22.224,16435,16436,16435,1,-1
2021-10-12 15:15:22.224,16435,16436,16435,3,-3
2021-10-12 15:15:24.228,16435,16436,16436,1,1
2021-10-12 15:15:27.652,16435,16436,16435,1,-1
2021-10-12 15:15:27.652,16435,16436,16435,1,-1
2021-10-12 15:15:27.652,16435,16436,16435,1,-1
2021-10-12 15:15:28.190,16434,16436,16434,1,-1
2021-10-12 15:15:32.778,16434,16435,16435,1,1
2021-10-12 15:15:33.512,16434,16435,16434,1,-1
2021-10-12 15:15:34.047,16434,16435,16435,1,1
2021-10-12 15:15:34.474,16434,16435,16434,3,-3
2021-10-12 15:15:34.605,16433,16435,16433,1,-1
2021-10-12 15:15:34.881,16433,16435,16433,1,-1
2021-10-12 15:15:38.297,16434,16435,16434,1,1
2021-10-12 15:15:49.959,16433,16434,16434,1,1
2021-10-12 15:15:49.959,16433,16434,16434,1,1
2021-10-12 15:15:50.068,16434,16435,16435,3,3
2021-10-12 15:15:50.068,16434,16435,16435,4,4
2021-10-12 15:15:50.775,16434,16435,16435,1,1
2021-10-12 15:15:51.895,16434,16435,16435,1,1
2021-10-12 15:16:02.858,16434,16435,16434,2,-2
2021-10-12 15:16:02.889,16433,16434,16434,1,1
2021-10-12 15:16:04.740,16433,16434,16434,1,1
2021-10-12 15:16:04.762,16434,16435,16435,1,1
2021-10-12 15:16:04.762,16434,16435,16435,1,1
2021-10-12 15:16:04.762,16434,16435,16435,1,1
2021-10-12 15:16:04.762,16434,16435,16435,1,1
2021-10-12 15:16:04.762,16434,16435,16435,1,1
2021-10-12 15:16:04.762,16434,16435,16435,1,1
2021-10-12 15:16:05.146,16434,16435,16434,2,-2
2021-10-12 15:16:05.583,16433,16434,16434,2,2
2021-10-12 15:16:06.923,16433,16434,16433,2,-2
2021-10-12 15:16:08.455,16432,16433,16432,1,-1
2021-10-12 15:16:08.512,16432,16433,16433,1,1
2021-10-12 15:16:08.512,16432,16433,16433,1,1
2021-10-12 15:16:08.513,16432,16433,16434,1,1
2021-10-12 15:16:08.513,16432,16433,16434,1,1
2021-10-12 15:16:08.514,16432,16433,16434,1,1
2021-10-12 15:16:08.514,16432,16433,16434,1,1
2021-10-12 15:16:10.792,16432,16433,16433,1,1
2021-10-12 15:16:11.002,16432,16433,16433,1,1
2021-10-12 15:16:12.130,16432,16433,16432,5,-5
2021-10-12 15:16:12.572,16432,16433,16432,2,-2
2021-10-12 15:16:13.638,16432,16433,16433,1,1
2021-10-12 15:16:16.758,16432,16433,16432,1,-1
2021-10-12 15:16:20.141,16431,16433,16431,1,-1
2021-10-12 15:16:20.207,16431,16433,16431,7,-7
2021-10-12 15:16:20.207,16431,16433,16430,3,-3
2021-10-12 15:16:20.262,16430,16432,16432,1,1
2021-10-12 15:16:20.262,16430,16432,16432,1,1
2021-10-12 15:16:20.262,16430,16432,16432,1,1
2021-10-12 15:16:20.262,16430,16432,16432,1,1
2021-10-12 15:16:20.262,16430,16432,16432,1,1
2021-10-12 15:16:20.262,16430,16432,16432,1,1
2021-10-12 15:16:20.262,16430,16432,16433,1,1
2021-10-12 15:16:20.263,16430,16432,16433,1,1
2021-10-12 15:16:20.263,16430,16432,16433,1,1
2021-10-12 15:16:20.264,16430,16432,16433,1,1
2021-10-12 15:16:20.750,16431,16433,16431,1,-1
2021-10-12 15:16:22.135,16431,16432,16432,2,2
2021-10-12 15:16:23.428,16431,16432,16432,1,1
2021-10-12 15:16:26.487,16432,16433,16432,1,-1
2021-10-12 15:16:26.488,16432,16433,16432,1,-1
2021-10-12 15:16:27.739,16432,16433,16432,1,-1
2021-10-12 15:16:27.762,16432,16433,16433,1,1
2021-10-12 15:16:27.763,16432,16433,16433,1,1
2021-10-12 15:16:27.763,16432,16433,16433,1,1
2021-10-12 15:16:27.763,16432,16433,16433,1,1
2021-10-12 15:16:27.763,16432,16433,16434,1,1
2021-10-12 15:16:27.765,16432,16433,16434,1,1
2021-10-12 15:16:28.212,16433,16434,16433,1,-1
2021-10-12 15:16:28.853,16433,16434,16433,1,-1
2021-10-12 15:16:30.030,16433,16434,16434,2,2
2021-10-12 15:16:30.321,16433,16434,16433,1,-1
2021-10-12 15:16:30.321,16433,16434,16432,1,-1
2021-10-12 15:16:31.099,16432,16433,16432,3,-3
2021-10-12 15:16:31.099,16432,16433,16431,8,-8
2021-10-12 15:16:31.099,16432,16433,16430,9,-9
2021-10-12 15:16:33.186,16431,16432,16432,1,1
2021-10-12 15:16:34.230,16432,16433,16433,2,2
2021-10-12 15:16:34.627,16433,16434,16432,1,-1
2021-10-12 15:16:36.710,16432,16433,16433,2,2
2021-10-12 15:16:37.087,16432,16434,16433,1,-1
2021-10-12 15:16:37.138,16432,16434,16434,1,1
2021-10-12 15:16:37.139,16432,16434,16434,1,1
2021-10-12 15:16:37.735,16432,16434,16432,4,-4
2021-10-12 15:16:37.736,16432,16434,16432,1,-1
2021-10-12 15:16:37.736,16432,16434,16431,3,-3
2021-10-12 15:16:37.736,16432,16434,16431,1,-1
2021-10-12 15:16:37.736,16432,16434,16431,1,-1
2021-10-12 15:16:38.447,16431,16432,16432,2,2
2021-10-12 15:16:39.175,16432,16433,16432,2,-2
2021-10-12 15:16:40.130,16432,16433,16433,3,3
2021-10-12 15:16:40.135,16432,16433,16433,1,1
2021-10-12 15:16:42.787,16432,16433,16432,1,-1
2021-10-12 15:16:42.898,16432,16433,16432,2,-2
2021-10-12 15:16:45.570,16432,16433,16432,1,-1
2021-10-12 15:16:45.930,16432,16433,16433,2,2
2021-10-12 15:16:46.010,16432,16433,16433,1,1
2021-10-12 15:16:46.021,16432,16433,16433,1,1
2021-10-12 15:16:46.426,16432,16433,16433,2,2
2021-10-12 15:16:46.814,16433,16434,16434,1,1
2021-10-12 15:16:52.420,16433,16434,16434,5,5
2021-10-12 15:16:53.461,16434,16435,16434,2,-2
2021-10-12 15:16:54.777,16433,16435,16433,1,-1
2021-10-12 15:16:58.323,16433,16434,16433,1,-1
2021-10-12 15:16:59.284,16433,16434,16433,1,-1
2021-10-12 15:17:01.097,16432,16433,16432,1,-1
2021-10-12 15:17:01.926,16432,16433,16432,1,-1
2021-10-12 15:17:06.655,16431,16432,16431,1,-1
2021-10-12 15:17:07.734,16431,16432,16432,1,1
2021-10-12 15:17:07.734,16431,16432,16432,1,1
2021-10-12 15:17:08.546,16432,16433,16432,1,-1
2021-10-12 15:17:09.689,16431,16432,16432,1,1
2021-10-12 15:17:10.798,16432,16433,16432,1,-1
2021-10-12 15:17:12.821,16431,16432,16432,1,1
2021-10-12 15:17:17.414,16431,16432,16431,1,-1
2021-10-12 15:17:17.816,16431,16432,16431,1,-1
2021-10-12 15:17:17.977,16431,16432,16431,6,-6
2021-10-12 15:17:19.561,16430,16431,16430,1,-1
2021-10-12 15:17:20.665,16430,16431,16431,1,1
2021-10-12 15:17:21.650,16430,16431,16430,1,-1
2021-10-12 15:17:22.132,16430,16431,16430,1,-1
2021-10-12 15:17:22.215,16430,16431,16430,1,-1
2021-10-12 15:17:23.242,16430,16431,16430,1,-1
2021-10-12 15:17:23.262,16430,16431,16430,1,-1
2021-10-12 15:17:24.183,16430,16431,16430,1,-1
2021-10-12 15:17:24.596,16430,16431,16430,1,-1
2021-10-12 15:17:24.945,16430,16431,16430,1,-1
2021-10-12 15:17:25.260,16430,16431,16430,1,-1
2021-10-12 15:17:25.564,16430,16431,16430,1,-1
2021-10-12 15:17:25.592,16430,16431,16430,1,-1
2021-10-12 15:17:25.851,16430,16431,16430,1,-1
2021-10-12 15:17:26.076,16430,16431,16430,1,-1
2021-10-12 15:17:26.284,16430,16431,16430,1,-1
2021-10-12 15:17:26.496,16430,16431,16430,1,-1
2021-10-12 15:17:26.724,16430,16431,16430,1,-1
2021-10-12 15:17:27.226,16429,16431,16429,1,-1
2021-10-12 15:17:27.271,16429,16431,16430,1,1
2021-10-12 15:17:28.724,16430,16431,16430,1,-1
2021-10-12 15:17:29.589,16429,16430,16430,1,1
2021-10-12 15:17:29.657,16429,16431,16430,1,-1
2021-10-12 15:17:31.006,16430,16431,16430,1,-1
2021-10-12 15:17:32.169,16430,16431,16430,1,-1
2021-10-12 15:17:35.546,16429,16430,16430,4,4
2021-10-12 15:17:39.087,16429,16430,16429,16,-16
2021-10-12 15:17:39.369,16428,16430,16430,1,1
2021-10-12 15:17:40.597,16428,16430,16428,2,-2
2021-10-12 15:17:43.314,16428,16430,16430,1,1
2021-10-12 15:17:44.265,16428,16430,16429,1,-1
2021-10-12 15:17:46.646,16428,16430,16428,1,-1
2021-10-12 15:17:48.412,16428,16430,16428,1,-1
2021-10-12 15:17:50.643,16428,16430,16428,1,-1
2021-10-12 15:17:54.081,16428,16430,16430,2,2
2021-10-12 15:17:54.081,16428,16430,16430,2,2
2021-10-12 15:17:56.547,16429,16430,16430,1,1
2021-10-12 15:17:56.665,16429,16431,16430,1,-1
2021-10-12 15:17:56.745,16429,16431,16430,1,-1
2021-10-12 15:17:59.106,16430,16431,16430,1,-1
2021-10-12 15:17:59.106,16430,16431,16431,4,4
2021-10-12 15:18:08.317,16430,16431,16430,1,-1
2021-10-12 15:18:09.077,16430,16431,16430,1,-1
2021-10-12 15:18:09.999,16430,16431,16431,1,1
2021-10-12 15:18:09.999,16430,16431,16431,1,1
2021-10-12 15:18:10.116,16430,16432,16430,1,-1
2021-10-12 15:18:12.532,16429,16432,16432,6,6
2021-10-12 15:18:21.416,16429,16430,16429,1,-1
2021-10-12 15:18:21.416,16429,16430,16429,1,-1
2021-10-12 15:18:21.717,16428,16430,16430,1,1
2021-10-12 15:18:34.770,16428,16429,16429,1,1
2021-10-12 15:18:34.887,16428,16430,16430,1,1
2021-10-12 15:18:36.989,16428,16430,16430,3,3
2021-10-12 15:18:36.989,16428,16430,16431,2,2
2021-10-12 15:18:38.388,16429,16431,16429,1,-1
2021-10-12 15:18:38.539,16428,16430,16428,3,-3
2021-10-12 15:18:38.546,16428,16430,16428,3,-3
2021-10-12 15:18:38.552,16428,16430,16428,1,-1
2021-10-12 15:18:38.653,16427,16428,16427,1,-1
2021-10-12 15:18:38.942,16427,16428,16427,4,-4
2021-10-12 15:18:41.777,16427,16428,16427,1,-1
2021-10-12 15:18:42.587,16427,16428,16427,7,-7
2021-10-12 15:18:42.692,16426,16428,16426,2,-2
2021-10-12 15:18:43.911,16426,16427,16427,1,1
2021-10-12 15:18:44.816,16427,16428,16427,2,-2
2021-10-12 15:18:46.939,16427,16428,16427,1,-1
2021-10-12 15:18:47.165,16426,16428,16428,3,3
2021-10-12 15:18:49.326,16426,16427,16426,2,-2
2021-10-12 15:18:49.329,16426,16427,16426,8,-8
2021-10-12 15:18:49.329,16426,16427,16426,2,-2
2021-10-12 15:18:49.329,16426,16427,16426,1,-1
2021-10-12 15:18:49.419,16425,16426,16425,1,-1
2021-10-12 15:18:49.466,16425,16426,16426,1,1
2021-10-12 15:18:49.468,16425,16426,16425,1,-1
2021-10-12 15:18:51.233,16425,16426,16425,2,-2
2021-10-12 15:18:51.717,16425,16426,16425,1,-1
2021-10-12 15:18:52.161,16425,16426,16425,1,-1
2021-10-12 15:18:55.029,16425,16426,16425,1,-1
2021-10-12 15:18:55.869,16425,16426,16425,1,-1
2021-10-12 15:18:56.405,16425,16426,16425,3,-3
2021-10-12 15:18:56.405,16425,16426,16424,2,-2
2021-10-12 15:18:57.895,16424,16425,16425,1,1
2021-10-12 15:18:58.562,16425,16426,16425,1,-1
2021-10-12 15:19:00.111,16425,16426,16426,1,1
2021-10-12 15:19:00.112,16425,16426,16426,2,2
2021-10-12 15:19:00.112,16425,16426,16426,1,1
2021-10-12 15:19:00.803,16424,16426,16424,3,-3
2021-10-12 15:19:02.526,16424,16425,16425,1,1
2021-10-12 15:19:02.556,16424,16425,16425,2,2
2021-10-12 15:19:03.974,16425,16427,16425,1,-1
2021-10-12 15:19:04.914,16424,16426,16426,1,1
2021-10-12 15:19:05.840,16425,16426,16426,1,1
2021-10-12 15:19:09.534,16425,16426,16425,1,-1
2021-10-12 15:19:10.634,16425,16426,16425,1,-1
2021-10-12 15:19:11.086,16425,16426,16425,1,-1
2021-10-12 15:19:16.466,16424,16425,16425,1,1
2021-10-12 15:19:16.586,16424,16425,16425,1,1
2021-10-12 15:19:16.782,16424,16425,16425,1,1
2021-10-12 15:19:17.420,16424,16425,16424,1,-1
2021-10-12 15:19:21.441,16424,16425,16424,4,-4
2021-10-12 15:19:21.441,16424,16425,16423,1,-1
2021-10-12 15:19:24.596,16423,16425,16423,1,-1
2021-10-12 15:19:29.011,16424,16425,16425,3,3
2021-10-12 15:19:30.510,16424,16426,16424,1,-1
2021-10-12 15:19:30.945,16424,16425,16425,1,1
2021-10-12 15:19:31.010,16425,16426,16425,1,-1
2021-10-12 15:19:33.217,16424,16426,16425,1,-1
2021-10-12 15:19:34.283,16424,16425,16425,1,1
2021-10-12 15:19:39.275,16424,16425,16425,10,10
2021-10-12 15:19:39.275,16424,16425,16425,1,1
2021-10-12 15:19:45.324,16424,16425,16425,6,6
2021-10-12 15:19:45.516,16424,16426,16426,1,1
2021-10-12 15:19:46.583,16424,16426,16424,5,-5
2021-10-12 15:19:51.556,16424,16425,16424,4,-4
2021-10-12 15:19:55.417,16423,16425,16425,8,8
2021-10-12 15:19:55.417,16423,16425,16425,2,2
2021-10-12 15:19:58.199,16423,16425,16423,1,-1
2021-10-12 15:20:00.238,16424,16425,16425,2,2
2021-10-12 15:20:00.238,16424,16425,16425,3,3
2021-10-12 15:20:00.426,16425,16426,16426,2,2
2021-10-12 15:20:05.420,16424,16426,16426,1,1
2021-10-12 15:20:10.982,16424,16426,16426,1,1
2021-10-12 15:20:10.983,16424,16426,16426,3,3
2021-10-12 15:20:11.241,16426,16427,16427,2,2
2021-10-12 15:20:11.282,16426,16427,16427,1,1
2021-10-12 15:20:12.018,16426,16428,16426,1,-1
2021-10-12 15:20:12.301,16426,16428,16426,1,-1
2021-10-12 15:20:12.474,16426,16428,16426,1,-1
2021-10-12 15:20:13.138,16426,16428,16426,1,-1
2021-10-12 15:20:13.281,16426,16428,16428,1,1
2021-10-12 15:20:13.684,16426,16428,16426,1,-1
2021-10-12 15:20:14.794,16425,16428,16426,1,-1
2021-10-12 15:20:19.843,16426,16427,16427,1,1
2021-10-12 15:20:19.843,16426,16427,16428,4,4
2021-10-12 15:20:30.785,16426,16427,16427,1,1
2021-10-12 15:20:34.516,16426,16428,16427,1,-1
2021-10-12 15:20:34.951,16426,16428,16426,1,-1
2021-10-12 15:20:37.043,16426,16427,16427,1,1
2021-10-12 15:20:37.043,16426,16427,16428,4,4
2021-10-12 15:20:38.674,16426,16427,16427,1,1
2021-10-12 15:20:45.988,16427,16428,16427,1,-1
2021-10-12 15:20:48.858,16426,16427,16427,1,1
2021-10-12 15:21:00.184,16426,16427,16427,1,1
2021-10-12 15:21:00.184,16426,16427,16427,2,2
2021-10-12 15:21:00.196,16426,16427,16428,1,1
2021-10-12 15:21:00.264,16427,16428,16428,1,1
2021-10-12 15:21:00.264,16427,16428,16428,1,1
2021-10-12 15:21:00.264,16427,16428,16428,2,2
2021-10-12 15:21:00.265,16427,16428,16429,1,1
2021-10-12 15:21:00.775,16427,16429,16429,2,2
2021-10-12 15:21:04.469,16427,16428,16428,1,1
2021-10-12 15:21:04.512,16427,16429,16429,1,1
2021-10-12 15:21:07.071,16427,16428,16428,1,1
2021-10-12 15:21:13.648,16427,16428,16428,1,1
2021-10-12 15:21:13.762,16427,16428,16428,1,1
2021-10-12 15:21:13.762,16427,16428,16429,1,1
2021-10-12 15:21:16.538,16427,16428,16427,2,-2
2021-10-12 15:21:17.636,16426,16427,16427,1,1
2021-10-12 15:21:17.923,16426,16427,16427,2,2
2021-10-12 15:21:18.013,16426,16427,16426,1,-1
2021-10-12 15:21:18.013,16426,16427,16426,3,-3
2021-10-12 15:21:19.855,16425,16426,16425,1,-1
2021-10-12 15:21:19.855,16425,16426,16425,1,-1
2021-10-12 15:21:19.940,16424,16426,16424,2,-2
2021-10-12 15:21:20.201,16424,16426,16426,1,1
2021-10-12 15:21:20.451,16424,16426,16426,1,1
2021-10-12 15:21:28.170,16424,16426,16426,1,1
2021-10-12 15:21:28.377,16424,16426,16425,1,-1
2021-10-12 15:21:30.044,16424,16426,16424,3,-3
2021-10-12 15:21:30.137,16424,16426,16426,1,1
2021-10-12 15:21:36.232,16425,16426,16425,1,-1
2021-10-12 15:21:36.630,16424,16426,16424,6,-6
2021-10-12 15:21:37.611,16424,16426,16424,1,-1
2021-10-12 15:21:37.637,16424,16426,16426,1,1
2021-10-12 15:21:39.819,16424,16425,16424,1,-1
2021-10-12 15:21:41.166,16423,16425,16425,2,2
2021-10-12 15:21:55.278,16423,16424,16424,1,1
2021-10-12 15:21:56.465,16423,16424,16424,1,1
2021-10-12 15:21:58.483,16423,16424,16423,1,-1
2021-10-12 15:21:59.142,16423,16424,16423,3,-3
2021-10-12 15:21:59.481,16423,16424,16423,1,-1
2021-10-12 15:22:00.512,16423,16424,16423,1,-1
2021-10-12 15:22:01.016,16423,16424,16423,1,-1
2021-10-12 15:22:01.137,16423,16424,16423,1,-1
2021-10-12 15:22:01.779,16423,16424,16423,1,-1
2021-10-12 15:22:01.779,16423,16424,16423,1,-1
2021-10-12 15:22:02.069,16422,16424,16422,5,-5
2021-10-12 15:22:06.320,16423,16424,16423,1,1
2021-10-12 15:22:07.932,16422,16424,16422,1,-1
2021-10-12 15:22:08.012,16422,16424,16422,1,-1
2021-10-12 15:22:10.832,16422,16424,16422,2,-2
2021-10-12 15:22:12.233,16422,16424,16422,1,-1
2021-10-12 15:22:12.945,16423,16424,16423,1,1
2021-10-12 15:22:15.271,16422,16424,16422,1,-1
2021-10-12 15:22:18.894,16422,16423,16422,5,-5
2021-10-12 15:22:19.385,16421,16423,16423,1,1
2021-10-12 15:22:19.512,16421,16423,16421,1,-1
2021-10-12 15:22:19.513,16421,16423,16421,1,-1
2021-10-12 15:22:20.437,16422,16423,16422,2,2
2021-10-12 15:22:24.563,16422,16423,16422,1,-1
2021-10-12 15:22:25.207,16422,16423,16422,2,-2
2021-10-12 15:22:28.348,16422,16423,16422,1,-1
2021-10-12 15:22:29.125,16422,16423,16422,4,-4
2021-10-12 15:22:29.125,16422,16423,16422,2,-2
2021-10-12 15:22:40.865,16422,16423,16422,1,-1
2021-10-12 15:22:41.459,16422,16423,16422,1,-1
2021-10-12 15:22:41.460,16422,16423,16422,2,-2
2021-10-12 15:22:41.460,16422,16423,16422,3,-3
2021-10-12 15:22:43.103,16421,16422,16421,1,-1
2021-10-12 15:22:57.248,16421,16422,16422,3,3
2021-10-12 15:22:57.248,16421,16422,16422,10,10
2021-10-12 15:22:57.473,16422,16423,16422,1,-1
2021-10-12 15:23:03.021,16422,16423,16423,1,1
2021-10-12 15:23:03.137,16422,16424,16422,1,-1
2021-10-12 15:23:06.174,16421,16423,16421,1,-1
2021-10-12 15:23:07.879,16422,16423,16423,1,1
2021-10-12 15:23:09.511,16423,16424,16423,1,-1
2021-10-12 15:23:13.314,16423,16424,16423,1,-1
2021-10-12 15:23:13.892,16423,16424,16423,1,-1
2021-10-12 15:23:16.516,16423,16424,16424,1,1
2021-10-12 15:23:16.517,16423,16424,16424,3,3
2021-10-12 15:23:18.423,16423,16425,16423,1,-1
2021-10-12 15:23:18.875,16423,16425,16425,2,2
2021-10-12 15:23:24.372,16425,16426,16425,1,-1
2021-10-12 15:23:28.354,16425,16426,16426,1,1
2021-10-12 15:23:32.263,16426,16429,16429,1,1
2021-10-12 15:23:36.737,16427,16428,16428,1,1
2021-10-12 15:23:37.285,16428,16429,16429,1,1
2021-10-12 15:23:42.267,16427,16429,16429,2,2
2021-10-12 15:23:43.454,16428,16429,16429,3,3
2021-10-12 15:23:43.454,16428,16429,16430,2,2
2021-10-12 15:23:44.506,16428,16430,16430,3,3
2021-10-12 15:23:45.008,16429,16430,16430,3,3
2021-10-12 15:23:45.009,16429,16430,16430,2,2
2021-10-12 15:23:48.323,16428,16430,16428,1,-1
2021-10-12 15:23:48.408,16428,16430,16428,3,-3
2021-10-12 15:23:57.965,16428,16429,16428,1,-1
2021-10-12 15:23:58.173,16428,16429,16428,4,-4
2021-10-12 15:23:58.623,16427,16428,16428,3,3
2021-10-12 15:23:58.623,16427,16428,16429,2,2
2021-10-12 15:24:02.193,16427,16428,16428,1,1
2021-10-12 15:24:06.065,16428,16429,16428,5,-5
2021-10-12 15:24:06.137,16427,16428,16428,1,1
2021-10-12 15:24:20.460,16428,16430,16428,1,-1
2021-10-12 15:24:22.095,16429,16430,16430,2,2
2021-10-12 15:24:22.565,16429,16431,16429,1,-1
2021-10-12 15:24:24.690,16428,16430,16428,2,-2
2021-10-12 15:24:25.255,16428,16430,16430,1,1
2021-10-12 15:24:33.588,16428,16429,16428,1,-1
2021-10-12 15:24:33.632,16428,16429,16427,1,-1
2021-10-12 15:24:33.650,16426,16428,16426,1,-1
2021-10-12 15:24:33.726,16426,16428,16426,3,-3
2021-10-12 15:24:33.774,16425,16426,16425,2,-2
2021-10-12 15:24:33.778,16425,16426,16425,1,-1
2021-10-12 15:24:33.828,16425,16426,16425,1,-1
2021-10-12 15:24:33.942,16425,16426,16425,1,-1
2021-10-12 15:24:33.943,16425,16426,16425,4,-4
2021-10-12 15:24:34.026,16424,16426,16424,2,-2
2021-10-12 15:24:34.034,16424,16426,16424,3,-3
2021-10-12 15:24:34.318,16424,16426,16424,5,-5
2021-10-12 15:24:34.427,16423,16426,16424,2,-2
2021-10-12 15:24:34.427,16423,16426,16424,2,-2
2021-10-12 15:24:34.733,16423,16426,16423,1,-1
2021-10-12 15:24:36.757,16423,16426,16426,1,1
2021-10-12 15:24:37.063,16424,16426,16424,1,-1
2021-10-12 15:24:37.809,16424,16426,16424,2,-2
2021-10-12 15:24:41.301,16424,16426,16426,1,1
2021-10-12 15:24:45.349,16425,16426,16426,1,1
2021-10-12 15:24:45.363,16425,16426,16427,1,1
2021-10-12 15:24:45.411,16426,16428,16427,1,-1
2021-10-12 15:24:49.808,16426,16428,16427,2,-2
2021-10-12 15:24:54.164,16426,16427,16427,2,2
2021-10-12 15:24:55.434,16427,16428,16427,1,-1
2021-10-12 15:24:57.842,16427,16428,16427,1,-1
2021-10-12 15:25:00.210,16426,16427,16427,1,1
2021-10-12 15:25:00.210,16426,16427,16427,1,1
2021-10-12 15:25:00.656,16427,16428,16428,2,2
2021-10-12 15:25:03.311,16426,16428,16427,1,-1
2021-10-12 15:25:08.640,16426,16427,16427,1,1
2021-10-12 15:25:11.684,16426,16427,16427,1,1
2021-10-12 15:25:12.643,16427,16428,16428,1,1
2021-10-12 15:25:12.643,16427,16428,16428,1,1
2021-10-12 15:25:14.256,16428,16429,16428,1,-1
2021-10-12 15:25:14.777,16427,16428,16428,1,1
2021-10-12 15:25:17.723,16428,16429,16429,1,1
2021-10-12 15:25:22.923,16428,16429,16429,1,1
2021-10-12 15:25:26.271,16428,16429,16428,3,-3
2021-10-12 15:25:27.323,16426,16428,16428,1,1
2021-10-12 15:25:29.549,16426,16428,16428,1,1
2021-10-12 15:25:31.954,16427,16429,16428,1,-1
2021-10-12 15:25:32.161,16428,16429,16429,1,1
2021-10-12 15:25:32.989,16429,16430,16430,3,3
2021-10-12 15:25:34.582,16429,16431,16431,2,2
2021-10-12 15:25:37.197,16430,16431,16431,4,4
2021-10-12 15:25:39.120,16430,16432,16432,5,5
2021-10-12 15:25:39.137,16430,16432,16432,1,1
2021-10-12 15:25:39.137,16430,16432,16432,1,1
2021-10-12 15:25:42.416,16431,16433,16433,2,2
2021-10-12 15:25:47.264,16431,16433,16431,1,-1
2021-10-12 15:25:49.875,16431,16432,16431,1,-1
2021-10-12 15:25:50.796,16430,16432,16432,1,1
2021-10-12 15:25:54.219,16430,16432,16432,1,1
2021-10-12 15:25:55.790,16430,16431,16431,1,1
2021-10-12 15:25:58.613,16431,16432,16432,1,1
2021-10-12 15:26:00.256,16431,16432,16431,1,-1
2021-10-12 15:26:00.256,16431,16432,16431,2,-2
2021-10-12 15:26:08.706,16431,16432,16431,4,-4
2021-10-12 15:26:08.707,16431,16432,16431,2,-2
2021-10-12 15:26:08.707,16431,16432,16432,1,1
2021-10-12 15:26:09.495,16430,16432,16432,3,3
2021-10-12 15:26:11.195,16431,16433,16431,1,-1
2021-10-12 15:26:13.449,16430,16432,16432,2,2
2021-10-12 15:26:13.760,16431,16432,16432,1,1
2021-10-12 15:26:15.853,16431,16433,16433,1,1
2021-10-12 15:26:16.293,16432,16433,16433,5,5
2021-10-12 15:26:16.294,16432,16433,16433,3,3
2021-10-12 15:26:16.707,16433,16434,16433,1,-1
2021-10-12 15:26:16.818,16433,16434,16433,2,-2
2021-10-12 15:26:16.952,16433,16434,16433,1,-1
2021-10-12 15:26:17.248,16433,16434,16433,1,-1
2021-10-12 15:26:17.559,16431,16433,16431,1,-1
2021-10-12 15:26:19.356,16431,16432,16432,1,1
2021-10-12 15:26:24.248,16431,16432,16432,1,1
2021-10-12 15:26:24.993,16431,16433,16433,1,1
2021-10-12 15:26:26.631,16433,16434,16432,1,-1
2021-10-12 15:26:28.488,16433,16434,16433,1,1
2021-10-12 15:26:29.018,16433,16434,16433,1,-1
2021-10-12 15:26:29.505,16432,16434,16434,1,1
2021-10-12 15:26:31.087,16432,16434,16434,4,4
2021-10-12 15:26:35.242,16433,16435,16435,1,1
2021-10-12 15:26:35.574,16433,16435,16433,1,-1
2021-10-12 15:26:35.700,16433,16435,16433,1,-1
2021-10-12 15:26:37.800,16433,16434,16434,1,1
2021-10-12 15:26:42.584,16433,16435,16433,1,-1
2021-10-12 15:26:43.629,16433,16435,16435,8,8
2021-10-12 15:26:43.629,16433,16435,16435,1,1
2021-10-12 15:26:43.629,16433,16435,16435,4,4
2021-10-12 15:26:50.705,16434,16435,16435,1,1
2021-10-12 15:26:55.828,16435,16436,16436,2,2
2021-10-12 15:26:55.829,16435,16436,16436,1,1
2021-10-12 15:26:58.912,16435,16436,16436,1,1
2021-10-12 15:26:59.832,16435,16436,16436,5,5
2021-10-12 15:26:59.833,16435,16436,16436,1,1
2021-10-12 15:27:00.464,16436,16437,16437,3,3
2021-10-12 15:27:01.224,16437,16438,16438,1,1
2021-10-12 15:27:01.224,16437,16438,16438,5,5
2021-10-12 15:27:01.302,16438,16439,16438,1,-1
2021-10-12 15:27:01.477,16438,16439,16439,1,1
2021-10-12 15:27:01.555,16438,16439,16438,1,-1
2021-10-12 15:27:01.890,16438,16439,16439,1,1
2021-10-12 15:27:02.541,16438,16439,16439,1,1
2021-10-12 15:27:02.592,16438,16439,16439,5,5
2021-10-12 15:27:02.593,16438,16439,16439,2,2
2021-10-12 15:27:04.857,16437,16438,16438,1,1
2021-10-12 15:27:05.923,16439,16440,16440,5,5
2021-10-12 15:27:06.049,16439,16440,16440,2,2
2021-10-12 15:27:07.972,16439,16440,16439,1,-1
2021-10-12 15:27:08.012,16438,16440,16440,1,1
2021-10-12 15:27:08.041,16438,16440,16440,1,1
2021-10-12 15:27:08.621,16438,16440,16440,4,4
2021-10-12 15:27:10.590,16438,16440,16440,1,1
2021-10-12 15:27:12.229,16438,16440,16440,1,1
2021-10-12 15:27:13.809,16439,16440,16439,1,-1
2021-10-12 15:27:13.960,16439,16440,16439,1,-1
2021-10-12 15:27:14.238,16438,16440,16439,1,-1
2021-10-12 15:27:15.076,16439,16440,16439,1,-1
2021-10-12 15:27:19.794,16438,16439,16439,1,1
2021-10-12 15:27:20.506,16439,16440,16440,1,1
2021-10-12 15:27:20.512,16439,16440,16440,1,1
2021-10-12 15:27:21.154,16439,16440,16440,1,1
2021-10-12 15:27:23.018,16439,16440,16440,1,1
2021-10-12 15:27:24.077,16439,16440,16440,1,1
2021-10-12 15:27:24.140,16439,16440,16440,2,2
2021-10-12 15:27:27.718,16440,16441,16440,1,-1
2021-10-12 15:27:28.058,16439,16441,16440,1,-1
2021-10-12 15:27:28.481,16439,16440,16439,4,-4
2021-10-12 15:27:29.410,16438,16439,16439,1,1
2021-10-12 15:27:30.462,16437,16440,16440,1,1
2021-10-12 15:27:34.425,16439,16440,16439,1,-1
2021-10-12 15:27:38.780,16438,16439,16439,1,1
2021-10-12 15:27:40.080,16438,16439,16438,1,-1
2021-10-12 15:27:44.929,16437,16438,16438,1,1
2021-10-12 15:27:45.202,16437,16438,16437,6,-6
2021-10-12 15:27:45.215,16437,16438,16438,3,3
2021-10-12 15:27:47.353,16436,16438,16436,1,-1
2021-10-12 15:27:48.925,16436,16437,16436,1,-1
2021-10-12 15:27:49.106,16435,16437,16435,1,-1
2021-10-12 15:27:49.401,16435,16436,16435,4,-4
2021-10-12 15:27:51.176,16434,16436,16436,1,1
2021-10-12 15:27:51.880,16434,16436,16434,1,-1
2021-10-12 15:27:58.401,16433,16434,16434,1,1
2021-10-12 15:28:02.409,16433,16434,16434,3,3
2021-10-12 15:28:02.410,16433,16434,16434,2,2
2021-10-12 15:28:03.658,16433,16434,16433,1,-1
2021-10-12 15:28:04.397,16433,16434,16433,1,-1
2021-10-12 15:28:08.453,16432,16435,16434,1,1
2021-10-12 15:28:10.338,16432,16433,16433,1,1
2021-10-12 15:28:21.166,16432,16433,16432,1,-1
2021-10-12 15:28:23.942,16431,16433,16431,3,-3
2021-10-12 15:28:24.039,16430,16432,16430,2,-2
2021-10-12 15:28:24.064,16430,16432,16429,3,-3
2021-10-12 15:28:24.064,16430,16432,16428,2,-2
2021-10-12 15:28:24.165,16428,16430,16428,3,-3
2021-10-12 15:28:24.494,16428,16430,16428,2,-2
2021-10-12 15:28:24.553,16427,16430,16428,3,-3
2021-10-12 15:28:24.669,16427,16430,16427,1,-1
2021-10-12 15:28:24.670,16427,16430,16427,2,-2
2021-10-12 15:28:24.850,16427,16429,16427,1,-1
2021-10-12 15:28:24.909,16427,16429,16427,4,-4
2021-10-12 15:28:24.933,16427,16429,16427,1,-1
2021-10-12 15:28:31.395,16428,16429,16428,1,1
2021-10-12 15:28:33.048,16428,16429,16428,1,-1
2021-10-12 15:28:53.778,16426,16427,16426,5,-5
2021-10-12 15:29:00.507,16426,16427,16426,1,-1
2021-10-12 15:29:01.888,16425,16426,16425,1,-1
2021-10-12 15:29:01.960,16425,16426,16425,1,-1
2021-10-12 15:29:01.960,16425,16426,16424,2,-2
2021-10-12 15:29:04.356,16425,16426,16425,1,1
2021-10-12 15:29:04.887,16425,16426,16426,1,1
2021-10-12 15:29:04.887,16425,16426,16426,3,3
2021-10-12 15:29:05.016,16425,16427,16425,1,-1
2021-10-12 15:29:07.103,16424,16426,16425,1,-1
2021-10-12 15:29:07.776,16424,16425,16425,1,1
2021-10-12 15:29:08.802,16425,16426,16425,1,-1
2021-10-12 15:29:10.453,16425,16426,16425,1,-1
2021-10-12 15:29:11.272,16424,16425,16424,1,-1
2021-10-12 15:29:11.308,16424,16425,16424,3,-3
2021-10-12 15:29:13.138,16423,16424,16424,1,1
2021-10-12 15:29:19.019,16423,16424,16423,1,-1
2021-10-12 15:29:21.728,16423,16424,16423,1,-1
2021-10-12 15:29:23.982,16423,16424,16423,1,-1
2021-10-12 15:29:26.042,16423,16424,16423,1,-1
2021-10-12 15:29:26.311,16423,16424,16423,1,-1
2021-10-12 15:29:27.222,16423,16424,16423,3,-3
2021-10-12 15:29:28.223,16423,16424,16423,1,-1
2021-10-12 15:29:33.086,16422,16423,16423,1,1
2021-10-12 15:29:33.546,16422,16424,16424,1,1
2021-10-12 15:29:33.621,16422,16424,16422,1,-1
2021-10-12 15:29:35.051,16423,16424,16424,2,2
2021-10-12 15:29:39.122,16423,16424,16424,1,1
2021-10-12 15:29:39.122,16423,16424,16424,2,2
2021-10-12 15:29:39.122,16423,16424,16424,1,1
2021-10-12 15:29:43.868,16424,16425,16424,1,-1
2021-10-12 15:29:49.072,16424,16425,16424,2,-2
2021-10-12 15:29:49.234,16423,16424,16423,7,-7
2021-10-12 15:29:49.347,16422,16423,16422,2,-2
2021-10-12 15:29:49.431,16422,16423,16422,2,-2
2021-10-12 15:29:50.763,16422,16423,16422,1,-1
2021-10-12 15:29:51.187,16422,16423,16422,1,-1
2021-10-12 15:29:51.312,16421,16423,16421,3,-3
2021-10-12 15:29:54.314,16422,16424,16422,2,2
2021-10-12 15:29:55.873,16421,16424,16421,1,-1
2021-10-12 15:29:59.443,16422,16424,16422,2,2
2021-10-12 15:30:02.464,16422,16424,16422,4,-4
2021-10-12 15:30:02.782,16421,16422,16422,1,1
2021-10-12 15:30:02.782,16421,16422,16423,1,1
2021-10-12 15:30:02.803,16421,16422,16421,1,-1
2021-10-12 15:30:02.810,16421,16422,16421,4,-4
2021-10-12 15:30:02.844,16421,16422,16422,1,1
2021-10-12 15:30:03.203,16421,16423,16422,1,-1
2021-10-12 15:30:03.212,16421,16423,16423,1,1
2021-10-12 15:30:03.212,16421,16423,16424,1,1
2021-10-12 15:30:03.651,16421,16423,16423,1,1
2021-10-12 15:30:04.876,16422,16423,16422,1,-1
2021-10-12 15:30:05.676,16421,16422,16422,1,1
2021-10-12 15:30:07.806,16422,16423,16422,4,-4
2021-10-12 15:30:07.806,16422,16423,16421,1,-1
2021-10-12 15:30:10.033,16421,16422,16421,6,-6
2021-10-12 15:30:10.255,16420,16422,16422,2,2
2021-10-12 15:30:10.729,16420,16422,16422,4,4
2021-10-12 15:30:10.730,16420,16422,16422,1,1
2021-10-12 15:30:12.934,16420,16422,16420,6,-6
2021-10-12 15:30:12.934,16420,16422,16420,7,-7
2021-10-12 15:30:12.934,16420,16422,16420,2,-2
2021-10-12 15:30:12.934,16420,16422,16420,3,-3
2021-10-12 15:30:12.934,16420,16422,16420,2,-2
2021-10-12 15:30:13.477,16419,16420,16420,1,1
2021-10-12 15:30:13.510,16419,16421,16419,1,-1
2021-10-12 15:30:13.699,16419,16421,16419,1,-1
2021-10-12 15:30:14.086,16419,16421,16419,1,-1
2021-10-12 15:30:14.296,16419,16421,16419,3,-3
2021-10-12 15:30:14.688,16419,16421,16419,3,-3
2021-10-12 15:30:15.179,16419,16420,16419,1,-1
2021-10-12 15:30:16.683,16419,16420,16419,1,-1
2021-10-12 15:30:18.256,16419,16420,16419,1,-1
2021-10-12 15:30:19.033,16419,16420,16419,1,-1
2021-10-12 15:30:19.292,16419,16420,16419,2,-2
2021-10-12 15:30:21.400,16419,16420,16419,5,-5
2021-10-12 15:30:21.819,16419,16420,16419,1,-1
2021-10-12 15:30:23.193,16419,16420,16419,1,-1
2021-10-12 15:30:26.265,16419,16420,16419,1,-1
2021-10-12 15:30:26.996,16419,16420,16419,1,-1
2021-10-12 15:30:28.019,16419,16420,16420,3,3
2021-10-12 15:30:28.136,16420,16421,16421,2,2
2021-10-12 15:30:29.593,16420,16422,16420,2,-2
2021-10-12 15:30:30.016,16420,16422,16420,1,-1
2021-10-12 15:30:35.781,16419,16422,16420,1,-1
2021-10-12 15:30:37.085,16421,16422,16421,1,1
2021-10-12 15:30:37.203,16419,16421,16419,1,-1
2021-10-12 15:30:41.129,16421,16422,16421,1,1
2021-10-12 15:30:42.289,16421,16422,16422,2,2
2021-10-12 15:30:43.322,16421,16423,16423,2,2
2021-10-12 15:30:43.670,16424,16425,16425,5,5
2021-10-12 15:30:45.040,16424,16426,16426,1,1
2021-10-12 15:30:49.133,16423,16425,16424,1,-1
2021-10-12 15:30:52.488,16423,16425,16425,1,1
2021-10-12 15:30:53.074,16423,16425,16423,1,-1
2021-10-12 15:30:55.576,16424,16426,16425,1,1
2021-10-12 15:30:57.089,16424,16426,16426,3,3
2021-10-12 15:30:57.612,16426,16427,16427,1,1
2021-10-12 15:30:58.138,16426,16427,16427,1,1
2021-10-12 15:30:58.138,16426,16427,16427,3,3
2021-10-12 15:30:59.077,16426,16428,16426,1,-1
2021-10-12 15:31:00.529,16427,16428,16428,2,2
2021-10-12 15:31:00.988,16428,16430,16428,2,-2
2021-10-12 15:31:01.009,16428,16430,16428,2,-2
2021-10-12 15:31:01.256,16428,16430,16430,2,2
2021-10-12 15:31:02.458,16427,16428,16428,1,1
2021-10-12 15:31:14.010,16427,16428,16428,1,1
2021-10-12 15:31:14.010,16427,16428,16428,1,1
2021-10-12 15:31:14.011,16427,16428,16428,4,4
2021-10-12 15:31:14.011,16427,16428,16428,3,3
2021-10-12 15:31:14.011,16427,16428,16428,1,1
2021-10-12 15:31:14.190,16428,16429,16429,2,2
2021-10-12 15:31:14.190,16428,16429,16429,2,2
2021-10-12 15:31:17.478,16427,16430,16430,1,1
2021-10-12 15:31:18.393,16427,16430,16430,3,3
2021-10-12 15:31:19.277,16427,16430,16430,3,3
2021-10-12 15:31:26.318,16428,16429,16429,1,1
2021-10-12 15:31:26.318,16428,16429,16430,2,2
2021-10-12 15:31:26.318,16428,16429,16431,2,2
2021-10-12 15:31:27.689,16428,16430,16428,1,-1
2021-10-12 15:31:30.312,16427,16428,16427,1,-1
2021-10-12 15:31:30.479,16426,16428,16428,2,2
2021-10-12 15:31:31.644,16426,16428,16428,1,1
2021-10-12 15:31:32.211,16426,16428,16427,1,-1
2021-10-12 15:31:37.514,16427,16429,16429,4,4
2021-10-12 15:31:37.514,16427,16429,16430,1,1
2021-10-12 15:31:43.472,16426,16428,16426,4,-4
2021-10-12 15:31:48.899,16423,16425,16423,1,-1
2021-10-12 15:31:53.115,16423,16425,16424,2,2
2021-10-12 15:31:54.275,16423,16424,16424,1,1
2021-10-12 15:31:54.533,16423,16425,16423,1,-1
2021-10-12 15:32:00.817,16423,16425,16423,1,-1
2021-10-12 15:32:04.977,16424,16425,16424,1,1
2021-10-12 15:32:04.977,16424,16425,16423,1,-1
2021-10-12 15:32:05.022,16423,16425,16423,1,-1
2021-10-12 15:32:06.900,16424,16425,16425,1,1
2021-10-12 15:32:06.959,16424,16425,16425,1,1
2021-10-12 15:32:08.356,16425,16426,16426,1,1
2021-10-12 15:32:12.591,16425,16427,16426,1,-1
2021-10-12 15:32:17.220,16424,16426,16426,1,1
2021-10-12 15:32:31.590,16424,16425,16425,1,1
2021-10-12 15:32:31.766,16425,16426,16426,1,1
2021-10-12 15:32:38.121,16425,16426,16426,1,1
2021-10-12 15:32:52.538,16426,16427,16426,1,-1
2021-10-12 15:33:02.191,16425,16426,16426,1,1
2021-10-12 15:33:02.263,16425,16426,16426,1,1
2021-10-12 15:33:02.264,16425,16426,16426,1,1
2021-10-12 15:33:02.264,16425,16426,16427,1,1
2021-10-12 15:33:02.264,16425,16426,16427,1,1
2021-10-12 15:33:02.264,16425,16426,16428,1,1
2021-10-12 15:33:02.265,16425,16426,16428,1,1
2021-10-12 15:33:02.265,16425,16426,16428,1,1
2021-10-12 15:33:02.266,16425,16426,16428,1,1
2021-10-12 15:33:02.266,16425,16426,16428,1,1
2021-10-12 15:33:15.552,16426,16428,16428,1,1
2021-10-12 15:33:15.637,16426,16428,16428,1,1
2021-10-12 15:33:15.637,16426,16428,16428,1,1
2021-10-12 15:33:15.637,16426,16428,16428,1,1
2021-10-12 15:33:15.637,16426,16428,16429,1,1
2021-10-12 15:33:15.637,16426,16428,16429,1,1
2021-10-12 15:33:15.637,16426,16428,16429,1,1
2021-10-12 15:33:15.637,16426,16428,16429,1,1
2021-10-12 15:33:15.638,16426,16428,16429,1,1
2021-10-12 15:33:15.638,16426,16428,16429,1,1
2021-10-12 15:33:15.638,16426,16428,16429,1,1
2021-10-12 15:33:15.638,16426,16428,16429,1,1
2021-10-12 15:33:15.638,16426,16428,16430,1,1
2021-10-12 15:33:15.638,16426,16428,16430,1,1
2021-10-12 15:33:15.638,16426,16428,16430,1,1
2021-10-12 15:33:15.638,16426,16428,16429,1,1
2021-10-12 15:33:15.639,16426,16428,16430,1,1
2021-10-12 15:33:15.639,16426,16428,16430,1,1
2021-10-12 15:33:15.639,16426,16428,16430,1,1
2021-10-12 15:33:15.639,16426,16428,16429,1,1
2021-10-12 15:33:15.639,16426,16428,16429,1,1
2021-10-12 15:33:17.601,16426,16428,16428,1,1
2021-10-12 15:33:17.636,16426,16428,16428,1,1
2021-10-12 15:33:17.637,16426,16428,16429,1,1
2021-10-12 15:33:17.637,16426,16428,16429,1,1
2021-10-12 15:33:17.637,16426,16428,16429,1,1
2021-10-12 15:33:17.637,16426,16428,16429,1,1
2021-10-12 15:33:17.637,16426,16428,16429,1,1
2021-10-12 15:33:17.637,16426,16428,16429,1,1
2021-10-12 15:33:17.638,16426,16428,16430,1,1
2021-10-12 15:33:19.423,16429,16430,16430,2,2
2021-10-12 15:33:19.512,16429,16430,16430,1,1
2021-10-12 15:33:19.512,16429,16430,16430,1,1
2021-10-12 15:33:19.512,16429,16430,16431,1,1
2021-10-12 15:33:19.512,16429,16430,16431,1,1
2021-10-12 15:33:19.512,16429,16430,16431,1,1
2021-10-12 15:33:19.512,16429,16430,16431,1,1
2021-10-12 15:33:19.513,16429,16430,16431,1,1
2021-10-12 15:33:19.513,16429,16430,16431,1,1
2021-10-12 15:33:19.513,16429,16430,16432,1,1
2021-10-12 15:33:19.514,16429,16430,16432,1,1
2021-10-12 15:33:19.514,16429,16430,16432,1,1
2021-10-12 15:33:19.514,16429,16430,16432,1,1
2021-10-12 15:33:19.514,16429,16430,16432,1,1
2021-10-12 15:33:19.514,16429,16430,16432,1,1
2021-10-12 15:33:20.677,16430,16432,16432,2,2
2021-10-12 15:33:28.131,16430,16432,16431,1,-1
2021-10-12 15:33:32.992,16430,16431,16430,1,-1
2021-10-12 15:33:32.992,16430,16431,16430,19,-19
2021-10-12 15:33:33.012,16428,16430,16430,1,1
2021-10-12 15:33:33.012,16428,16430,16430,1,1
2021-10-12 15:33:33.012,16428,16430,16430,1,1
2021-10-12 15:33:33.013,16428,16430,16431,1,1
2021-10-12 15:33:33.013,16428,16430,16431,1,1
2021-10-12 15:33:33.013,16428,16430,16431,1,1
2021-10-12 15:33:33.013,16428,16430,16431,1,1
2021-10-12 15:33:33.013,16428,16430,16431,1,1
2021-10-12 15:33:33.014,16428,16430,16431,1,1
2021-10-12 15:33:33.016,16428,16430,16431,1,1
2021-10-12 15:33:43.263,16431,16432,16432,7,7
2021-10-12 15:33:44.035,16432,16433,16432,1,-1
2021-10-12 15:33:44.137,16431,16433,16433,1,1
2021-10-12 15:33:44.138,16431,16433,16433,1,1
2021-10-12 15:33:45.609,16432,16433,16432,1,-1
2021-10-12 15:33:45.916,16432,16433,16433,2,2
2021-10-12 15:33:48.555,16432,16433,16433,1,1
2021-10-12 15:33:49.136,16432,16434,16433,1,-1
2021-10-12 15:33:49.262,16432,16434,16434,1,1
2021-10-12 15:33:49.262,16432,16434,16434,1,1
2021-10-12 15:33:49.979,16433,16434,16433,1,-1
2021-10-12 15:33:52.184,16433,16434,16434,2,2
2021-10-12 15:33:52.852,16433,16435,16435,1,1
2021-10-12 15:33:56.748,16433,16434,16433,1,-1
2021-10-12 15:33:57.979,16431,16433,16433,2,2
2021-10-12 15:33:57.979,16431,16433,16434,11,11
2021-10-12 15:34:01.489,16434,16435,16434,1,-1
2021-10-12 15:34:05.518,16433,16435,16435,2,2
2021-10-12 15:34:08.883,16434,16435,16434,3,-3
2021-10-12 15:34:09.572,16433,16435,16435,1,1
2021-10-12 15:34:17.229,16433,16435,16434,1,-1
2021-10-12 15:34:17.657,16433,16435,16435,1,1
2021-10-12 15:34:19.150,16434,16435,16434,1,-1
2021-10-12 15:34:19.785,16434,16435,16434,1,-1
2021-10-12 15:34:19.785,16434,16435,16433,1,-1
2021-10-12 15:34:22.649,16434,16435,16435,10,10
2021-10-12 15:34:25.046,16434,16435,16434,1,-1
2021-10-12 15:34:25.524,16434,16435,16435,2,2
2021-10-12 15:34:27.408,16435,16436,16435,1,-1
2021-10-12 15:34:27.839,16435,16436,16435,1,-1
2021-10-12 15:34:27.839,16435,16436,16435,3,-3
2021-10-12 15:34:27.956,16434,16435,16435,1,1
2021-10-12 15:34:28.805,16434,16435,16435,3,3
2021-10-12 15:34:28.806,16434,16435,16435,2,2
2021-10-12 15:34:29.343,16434,16436,16434,1,-1
