2021-07-28 15:00:00.024,16993,16994,16996,137,137
2021-07-28 15:00:00.026,16996,16997,16996,11,-11
2021-07-28 15:00:00.137,16995,16997,16997,3,3
2021-07-28 15:00:00.171,16995,16997,16995,1,-1
2021-07-28 15:00:00.225,16995,16998,16995,1,-1
2021-07-28 15:00:00.322,16995,16998,16998,3,3
2021-07-28 15:00:00.322,16997,16998,16998,3,3
2021-07-28 15:00:00.323,16997,16998,16998,22,22
2021-07-28 15:00:00.323,16997,16998,16999,3,3
2021-07-28 15:00:00.396,16997,16998,16999,2,2
2021-07-28 15:00:00.396,16997,16998,16999,3,3
2021-07-28 15:00:00.428,16997,16998,16999,3,3
2021-07-28 15:00:00.428,16997,16998,17000,1,1
2021-07-28 15:00:00.449,16999,17000,17000,3,3
2021-07-28 15:00:00.449,16999,17000,17000,2,2
2021-07-28 15:00:00.450,16999,17000,17000,3,3
2021-07-28 15:00:00.486,16999,17000,17000,1,1
2021-07-28 15:00:00.487,16999,17000,17000,8,8
2021-07-28 15:00:00.501,16999,17000,17001,1,1
2021-07-28 15:00:00.501,16999,17000,17001,1,1
2021-07-28 15:00:00.517,16999,17000,16999,1,-1
2021-07-28 15:00:00.521,16999,17000,17002,1,1
2021-07-28 15:00:00.522,16999,17000,17002,1,1
2021-07-28 15:00:00.548,16999,17000,17002,1,1
2021-07-28 15:00:00.548,16999,17000,17003,1,1
2021-07-28 15:00:00.549,16999,17000,17003,1,1
2021-07-28 15:00:00.555,16999,17000,17003,1,1
2021-07-28 15:00:00.560,16999,17000,17003,1,1
2021-07-28 15:00:00.620,16999,17003,17003,1,1
2021-07-28 15:00:00.625,16999,17003,17003,1,1
2021-07-28 15:00:00.665,16999,17003,17003,1,1
2021-07-28 15:00:00.669,16999,17003,17000,1,-1
2021-07-28 15:00:00.681,16999,17003,17002,1,1
2021-07-28 15:00:00.681,16999,17003,17004,1,1
2021-07-28 15:00:00.682,16999,17003,17005,2,2
2021-07-28 15:00:00.688,16999,17003,17003,1,1
2021-07-28 15:00:00.688,16999,17003,17005,1,1
2021-07-28 15:00:00.703,16999,17005,17005,1,1
2021-07-28 15:00:00.715,16999,17005,17005,2,2
2021-07-28 15:00:00.744,16999,17005,17005,1,1
2021-07-28 15:00:00.789,16999,17005,17004,1,-1
2021-07-28 15:00:00.796,16999,17005,17006,2,2
2021-07-28 15:00:00.798,16999,17005,17006,1,1
2021-07-28 15:00:00.818,16999,17005,17006,1,1
2021-07-28 15:00:00.828,16999,17006,16999,2,-2
2021-07-28 15:00:00.829,16999,17006,16998,1,-1
2021-07-28 15:00:00.829,16999,17006,16998,2,-2
2021-07-28 15:00:00.852,16999,17006,17006,1,1
2021-07-28 15:00:00.852,16999,17006,17007,1,1
2021-07-28 15:00:00.898,16999,17006,17001,1,-1
2021-07-28 15:00:00.957,16998,17003,17001,1,-1
2021-07-28 15:00:00.981,16998,17003,17003,1,1
2021-07-28 15:00:01.040,16998,17003,17005,1,1
2021-07-28 15:00:01.049,16998,17003,17007,1,1
2021-07-28 15:00:01.056,16998,17003,17007,2,2
2021-07-28 15:00:01.085,17003,17007,17003,1,-1
2021-07-28 15:00:01.085,17003,17007,17002,1,-1
2021-07-28 15:00:01.085,17003,17007,17001,1,-1
2021-07-28 15:00:01.086,17003,17007,17001,2,-2
2021-07-28 15:00:01.164,17003,17007,17003,1,1
2021-07-28 15:00:01.164,17003,17007,17004,1,1
2021-07-28 15:00:01.220,17000,17004,17003,4,-4
2021-07-28 15:00:01.221,17000,17004,17003,1,-1
2021-07-28 15:00:01.264,17000,17004,17004,1,1
2021-07-28 15:00:01.274,17000,17004,17005,1,1
2021-07-28 15:00:01.276,17000,17004,17003,3,-3
2021-07-28 15:00:01.323,17002,17007,17002,1,-1
2021-07-28 15:00:01.325,17002,17007,17007,2,2
2021-07-28 15:00:01.344,17002,17007,17007,1,1
2021-07-28 15:00:01.344,17002,17007,17008,1,1
2021-07-28 15:00:01.357,17002,17007,17002,1,-1
2021-07-28 15:00:01.375,17002,17007,17006,1,1
2021-07-28 15:00:01.375,17002,17007,17008,1,1
2021-07-28 15:00:01.396,17002,17007,17005,1,-1
2021-07-28 15:00:01.399,17002,17007,17007,1,1
2021-07-28 15:00:01.427,17002,17007,17006,1,-1
2021-07-28 15:00:01.453,17003,17008,17003,1,-1
2021-07-28 15:00:01.491,17003,17008,17005,1,1
2021-07-28 15:00:01.491,17003,17008,17006,1,1
2021-07-28 15:00:01.525,17003,17008,17004,1,-1
2021-07-28 15:00:01.546,17003,17008,17002,1,-1
2021-07-28 15:00:01.669,17001,17006,17006,2,2
2021-07-28 15:00:01.700,17001,17006,17006,1,1
2021-07-28 15:00:01.705,17001,17006,17006,1,1
2021-07-28 15:00:01.898,17002,17006,17002,1,-1
2021-07-28 15:00:01.900,17002,17006,17002,1,-1
2021-07-28 15:00:01.974,17001,17003,17001,1,-1
2021-07-28 15:00:01.974,17001,17003,17003,1,1
2021-07-28 15:00:01.976,17001,17003,17003,1,1
2021-07-28 15:00:01.980,17001,17003,17002,1,-1
2021-07-28 15:00:02.045,17001,17003,17004,1,1
2021-07-28 15:00:02.143,17000,17004,17004,1,1
2021-07-28 15:00:02.164,17000,17004,17003,1,-1
2021-07-28 15:00:02.317,17001,17004,17000,1,-1
2021-07-28 15:00:02.544,16999,17003,17003,1,1
2021-07-28 15:00:02.565,16999,17003,17004,3,3
2021-07-28 15:00:02.565,16999,17003,17005,1,1
2021-07-28 15:00:02.565,16999,17003,17007,1,1
2021-07-28 15:00:02.565,16999,17003,17008,1,1
2021-07-28 15:00:02.619,17000,17008,17008,4,4
2021-07-28 15:00:02.871,17000,17008,17000,1,-1
2021-07-28 15:00:02.887,17000,17008,17000,1,-1
2021-07-28 15:00:02.947,17000,17008,17007,1,1
2021-07-28 15:00:02.947,17000,17008,17008,1,1
2021-07-28 15:00:02.947,17000,17008,17009,1,1
2021-07-28 15:00:02.992,17000,17009,17000,1,-1
2021-07-28 15:00:03.121,16999,17008,17008,1,1
2021-07-28 15:00:03.121,16999,17008,17009,1,1
2021-07-28 15:00:03.136,16999,17008,17000,1,-1
2021-07-28 15:00:03.239,16999,17008,17001,1,1
2021-07-28 15:00:03.254,16999,17008,16999,1,-1
2021-07-28 15:00:03.450,17002,17009,17009,1,1
2021-07-28 15:00:03.521,17002,17009,17009,1,1
2021-07-28 15:00:03.553,17002,17009,17006,1,-1
2021-07-28 15:00:03.629,17002,17006,17002,1,-1
2021-07-28 15:00:03.679,17002,17006,17006,1,1
2021-07-28 15:00:03.699,17001,17007,17007,1,1
2021-07-28 15:00:03.699,17001,17007,17008,2,2
2021-07-28 15:00:03.792,17001,17007,17008,1,1
2021-07-28 15:00:03.898,17002,17008,17002,2,-2
2021-07-28 15:00:03.924,17002,17008,17006,1,1
2021-07-28 15:00:03.993,17001,17008,17008,1,1
2021-07-28 15:00:03.993,17001,17008,17001,2,-2
2021-07-28 15:00:04.186,17000,17008,17004,1,1
2021-07-28 15:00:04.189,17000,17008,17003,2,-2
2021-07-28 15:00:04.290,17002,17005,17002,1,-1
2021-07-28 15:00:04.415,17000,17004,17004,1,1
2021-07-28 15:00:04.415,17000,17004,17003,4,-4
2021-07-28 15:00:04.416,17000,17004,17003,1,-1
2021-07-28 15:00:04.598,17000,17004,17002,1,-1
2021-07-28 15:00:04.668,17000,17004,17000,1,-1
2021-07-28 15:00:04.751,16999,17004,17004,1,1
2021-07-28 15:00:05.314,17000,17004,17004,1,1
2021-07-28 15:00:05.467,17001,17005,17001,1,-1
2021-07-28 15:00:05.629,17000,17003,17003,1,1
2021-07-28 15:00:05.665,17000,17003,17003,1,1
2021-07-28 15:00:05.667,17000,17003,17001,1,-1
2021-07-28 15:00:05.789,17000,17003,17003,1,1
2021-07-28 15:00:06.040,17001,17005,17005,1,1
2021-07-28 15:00:06.479,17002,17004,17002,1,-1
2021-07-28 15:00:06.486,17002,17004,17001,1,-1
2021-07-28 15:00:06.582,17001,17004,17004,1,1
2021-07-28 15:00:06.592,17001,17004,17001,1,-1
2021-07-28 15:00:06.642,17001,17004,17001,1,-1
2021-07-28 15:00:06.668,17001,17004,17004,1,1
2021-07-28 15:00:07.166,17002,17005,17005,1,1
2021-07-28 15:00:07.527,17002,17006,17006,1,1
2021-07-28 15:00:07.948,17002,17004,17002,1,-1
2021-07-28 15:00:08.166,17001,17004,17004,1,1
2021-07-28 15:00:08.319,17001,17005,17005,1,1
2021-07-28 15:00:08.319,17001,17005,17001,1,-1
2021-07-28 15:00:08.319,17001,17005,17000,1,-1
2021-07-28 15:00:08.362,17001,17006,17006,3,3
2021-07-28 15:00:08.401,17001,17006,17001,1,-1
2021-07-28 15:00:09.217,17001,17005,17001,1,-1
2021-07-28 15:00:09.506,17000,17005,17002,1,1
2021-07-28 15:00:09.545,17000,17005,17005,2,2
2021-07-28 15:00:09.888,17000,17005,17004,2,-2
2021-07-28 15:00:09.888,17000,17005,17005,3,3
2021-07-28 15:00:09.906,17000,17005,17001,1,-1
2021-07-28 15:00:09.906,17000,17005,17000,1,-1
2021-07-28 15:00:10.213,17000,17005,17000,1,-1
2021-07-28 15:00:10.332,17000,17005,17004,1,1
2021-07-28 15:00:10.376,17000,17005,17005,2,2
2021-07-28 15:00:10.376,17000,17005,17006,3,3
2021-07-28 15:00:10.856,17001,17006,17002,1,-1
2021-07-28 15:00:11.291,17001,17005,17005,1,1
2021-07-28 15:00:11.291,17001,17005,17006,2,2
2021-07-28 15:00:11.291,17001,17005,17007,2,2
2021-07-28 15:00:11.609,17003,17005,17003,1,-1
2021-07-28 15:00:11.677,17003,17005,17002,5,-5
2021-07-28 15:00:11.795,17001,17003,17003,1,1
2021-07-28 15:00:11.992,17002,17005,17004,1,1
2021-07-28 15:00:12.162,17002,17005,17005,1,1
2021-07-28 15:00:13.167,17002,17005,17005,1,1
2021-07-28 15:00:13.330,17002,17006,17006,1,1
2021-07-28 15:00:13.330,17002,17006,17007,3,3
2021-07-28 15:00:13.506,17002,17005,17005,1,1
2021-07-28 15:00:14.702,17002,17005,17005,4,4
2021-07-28 15:00:15.045,17002,17004,17004,1,1
2021-07-28 15:00:15.440,17003,17006,17003,1,-1
2021-07-28 15:00:15.521,17003,17006,17003,1,-1
2021-07-28 15:00:15.791,17003,17005,17005,1,1
2021-07-28 15:00:16.073,17003,17004,17003,2,-2
2021-07-28 15:00:16.198,17003,17004,17003,1,-1
2021-07-28 15:00:16.290,17003,17004,17003,1,-1
2021-07-28 15:00:16.448,17003,17004,17003,1,-1
2021-07-28 15:00:16.554,17003,17004,17004,1,1
2021-07-28 15:00:16.662,17002,17004,17004,1,1
2021-07-28 15:00:16.825,17002,17005,17005,2,2
2021-07-28 15:00:17.573,17002,17004,17002,1,-1
2021-07-28 15:00:17.834,17002,17004,17002,2,-2
2021-07-28 15:00:18.765,17003,17004,17003,1,1
2021-07-28 15:00:19.038,17001,17003,17003,1,1
2021-07-28 15:00:19.414,17001,17003,17001,6,-6
2021-07-28 15:00:19.414,17001,17003,17000,4,-4
2021-07-28 15:00:19.415,17001,17003,17000,2,-2
2021-07-28 15:00:19.541,16999,17002,17002,1,1
2021-07-28 15:00:19.559,16999,17002,17002,1,1
2021-07-28 15:00:20.066,17000,17003,17003,1,1
2021-07-28 15:00:20.134,17000,17003,17000,1,-1
2021-07-28 15:00:21.400,16999,17002,17002,1,1
2021-07-28 15:00:22.436,17000,17002,17002,2,2
2021-07-28 15:00:22.818,17000,17003,17000,1,-1
2021-07-28 15:00:22.965,17000,17003,17003,2,2
2021-07-28 15:00:24.667,17002,17003,17003,1,1
2021-07-28 15:00:24.667,17002,17003,17003,1,1
2021-07-28 15:00:24.667,17002,17003,17003,1,1
2021-07-28 15:00:24.667,17002,17003,17003,1,1
2021-07-28 15:00:24.667,17002,17003,17003,4,4
2021-07-28 15:00:24.717,17003,17004,17004,1,1
2021-07-28 15:00:24.936,17003,17004,17003,1,-1
2021-07-28 15:00:24.950,17002,17004,17002,2,-2
2021-07-28 15:00:25.039,17002,17004,17004,3,3
2021-07-28 15:00:25.776,17004,17005,17004,1,-1
2021-07-28 15:00:25.903,17002,17005,17004,1,-1
2021-07-28 15:00:25.994,17004,17005,17004,1,-1
2021-07-28 15:00:26.266,17003,17004,17005,1,1
2021-07-28 15:00:26.925,17004,17005,17005,1,1
2021-07-28 15:00:26.946,17004,17005,17005,1,1
2021-07-28 15:00:27.001,17004,17005,17004,1,-1
2021-07-28 15:00:27.313,17003,17005,17005,1,1
2021-07-28 15:00:27.726,17003,17005,17005,1,1
2021-07-28 15:00:27.738,17003,17005,17003,1,-1
2021-07-28 15:00:27.827,17003,17005,17005,1,1
2021-07-28 15:00:27.978,17003,17005,17005,1,1
2021-07-28 15:00:28.531,17003,17004,17004,1,1
2021-07-28 15:00:28.591,17003,17004,17004,1,1
2021-07-28 15:00:28.675,17003,17004,17005,1,1
2021-07-28 15:00:28.706,17003,17005,17005,1,1
2021-07-28 15:00:29.309,17003,17005,17005,1,1
2021-07-28 15:00:29.460,17003,17005,17005,1,1
2021-07-28 15:00:29.538,17003,17005,17005,3,3
2021-07-28 15:00:29.538,17003,17005,17006,1,1
2021-07-28 15:00:29.919,17003,17005,17005,1,1
2021-07-28 15:00:30.431,17003,17004,17004,1,1
2021-07-28 15:00:31.164,17003,17004,17004,2,2
2021-07-28 15:00:31.439,17003,17005,17005,4,4
2021-07-28 15:00:32.926,17004,17005,17004,1,-1
2021-07-28 15:00:32.926,17004,17005,17003,2,-2
2021-07-28 15:00:33.609,17003,17004,17004,1,1
2021-07-28 15:00:33.623,17003,17004,17005,15,15
2021-07-28 15:00:33.698,17005,17006,17006,16,16
2021-07-28 15:00:33.698,17005,17006,17006,6,6
2021-07-28 15:00:33.699,17005,17006,17007,1,1
2021-07-28 15:00:33.699,17005,17006,17007,1,1
2021-07-28 15:00:33.699,17005,17006,17007,1,1
2021-07-28 15:00:33.699,17005,17006,17007,1,1
2021-07-28 15:00:33.700,17005,17006,17007,1,1
2021-07-28 15:00:33.702,17005,17006,17007,3,3
2021-07-28 15:00:33.915,17005,17008,17005,1,-1
2021-07-28 15:00:33.916,17005,17008,17005,2,-2
2021-07-28 15:00:34.178,17003,17007,17004,1,-1
2021-07-28 15:00:35.807,17005,17007,17005,1,1
2021-07-28 15:00:35.957,17005,17006,17005,1,-1
2021-07-28 15:00:37.547,17004,17006,17004,1,-1
2021-07-28 15:00:37.851,17004,17006,17004,1,-1
2021-07-28 15:00:40.600,17005,17006,17006,1,1
2021-07-28 15:00:40.971,17005,17006,17005,5,-5
2021-07-28 15:00:41.901,17004,17005,17005,5,5
2021-07-28 15:00:41.901,17004,17005,17005,4,4
2021-07-28 15:00:42.615,17004,17005,17004,1,-1
2021-07-28 15:00:42.616,17004,17005,17004,1,-1
2021-07-28 15:00:42.616,17004,17005,17004,2,-2
2021-07-28 15:00:42.982,17003,17005,17005,1,1
2021-07-28 15:00:43.973,17003,17005,17005,1,1
2021-07-28 15:00:43.993,17003,17005,17005,1,1
2021-07-28 15:00:44.038,17003,17005,17005,1,1
2021-07-28 15:00:44.540,17003,17005,17005,1,1
2021-07-28 15:00:44.621,17003,17005,17003,1,-1
2021-07-28 15:00:44.685,17003,17005,17005,1,1
2021-07-28 15:00:45.072,17003,17005,17005,3,3
2021-07-28 15:00:45.323,17003,17004,17003,1,-1
2021-07-28 15:00:45.698,17002,17003,17002,5,-5
2021-07-28 15:00:45.823,17001,17002,17001,6,-6
2021-07-28 15:00:45.824,17001,17002,17001,1,-1
2021-07-28 15:00:45.826,17001,17002,17002,4,4
2021-07-28 15:00:45.827,17001,17002,17003,5,5
2021-07-28 15:00:45.827,17001,17002,17003,1,1
2021-07-28 15:00:45.827,17001,17002,17003,6,6
2021-07-28 15:00:45.827,17001,17002,17003,1,1
2021-07-28 15:00:45.827,17001,17002,17003,27,27
2021-07-28 15:00:45.827,17001,17002,17002,1,1
2021-07-28 15:00:45.827,17001,17002,17002,3,3
2021-07-28 15:00:45.828,17001,17002,17002,1,1
2021-07-28 15:00:45.828,17001,17002,17002,1,1
2021-07-28 15:00:46.172,17000,17002,17002,3,3
2021-07-28 15:00:46.172,17000,17002,17003,1,1
2021-07-28 15:00:46.323,17001,17002,17001,2,-2
2021-07-28 15:00:46.577,17001,17003,17003,1,1
2021-07-28 15:00:47.426,17001,17003,17003,1,1
2021-07-28 15:00:48.839,17002,17003,17002,1,-1
2021-07-28 15:00:48.839,17002,17003,17001,6,-6
2021-07-28 15:00:48.839,17002,17003,17000,20,-20
2021-07-28 15:00:48.840,17002,17003,17000,1,-1
2021-07-28 15:00:48.840,17002,17003,17000,1,-1
2021-07-28 15:00:48.840,17002,17003,17000,6,-6
2021-07-28 15:00:48.841,17002,17003,17000,2,-2
2021-07-28 15:00:48.841,17002,17003,17000,13,-13
2021-07-28 15:00:48.843,17002,17003,17002,1,1
2021-07-28 15:00:48.863,17002,17003,17000,1,-1
2021-07-28 15:00:48.995,16999,17002,17002,3,3
2021-07-28 15:00:48.996,16999,17002,17002,9,9
2021-07-28 15:00:50.603,17001,17003,17003,1,1
2021-07-28 15:00:52.581,17002,17003,17003,1,1
2021-07-28 15:00:52.884,17002,17003,17002,1,-1
2021-07-28 15:00:53.271,17001,17003,17003,1,1
2021-07-28 15:00:53.427,17001,17003,17001,3,-3
2021-07-28 15:00:53.699,17000,17002,17002,3,3
2021-07-28 15:00:53.700,17000,17002,17002,9,9
2021-07-28 15:00:53.806,17000,17002,17002,1,1
2021-07-28 15:00:53.849,17000,17002,17002,1,1
2021-07-28 15:00:54.323,17000,17002,17000,1,-1
2021-07-28 15:00:54.439,17000,17002,17001,1,1
2021-07-28 15:00:54.439,17000,17002,17001,1,-1
2021-07-28 15:00:54.580,17000,17002,17002,1,1
2021-07-28 15:00:55.419,17000,17002,17001,1,-1
2021-07-28 15:00:55.420,17000,17002,17001,1,-1
2021-07-28 15:00:57.046,17001,17003,17001,1,-1
2021-07-28 15:00:58.242,17000,17003,17003,1,1
2021-07-28 15:00:58.409,17001,17003,17001,3,-3
2021-07-28 15:00:58.409,17001,17003,17000,1,-1
2021-07-28 15:00:59.978,17000,17002,17000,1,-1
2021-07-28 15:01:00.031,17000,17002,17002,1,1
2021-07-28 15:01:00.047,17000,17002,17002,1,1
2021-07-28 15:01:00.048,17000,17002,17003,1,1
2021-07-28 15:01:00.048,17000,17002,17003,1,1
2021-07-28 15:01:00.048,17000,17002,17003,1,1
2021-07-28 15:01:00.048,17000,17002,17003,1,1
2021-07-28 15:01:00.051,17000,17002,17003,1,1
2021-07-28 15:01:00.098,17001,17004,17004,1,1
2021-07-28 15:01:00.103,17001,17004,17004,1,1
2021-07-28 15:01:00.104,17001,17004,17004,1,1
2021-07-28 15:01:00.104,17001,17004,17004,1,1
2021-07-28 15:01:00.105,17001,17004,17004,1,1
2021-07-28 15:01:00.115,17001,17004,17004,1,1
2021-07-28 15:01:00.169,17001,17004,17004,1,1
2021-07-28 15:01:00.169,17001,17004,17004,1,1
2021-07-28 15:01:00.186,17001,17004,17004,1,1
2021-07-28 15:01:00.186,17001,17004,17004,1,1
2021-07-28 15:01:00.305,17003,17005,17005,1,1
2021-07-28 15:01:00.311,17003,17005,17005,1,1
2021-07-28 15:01:00.406,17003,17005,17005,1,1
2021-07-28 15:01:00.429,17003,17005,17005,1,1
2021-07-28 15:01:00.440,17003,17005,17004,1,-1
2021-07-28 15:01:00.549,17003,17005,17005,1,1
2021-07-28 15:01:00.604,17004,17005,17005,1,1
2021-07-28 15:01:00.604,17004,17005,17005,1,1
2021-07-28 15:01:00.604,17004,17005,17005,1,1
2021-07-28 15:01:00.604,17004,17005,17005,16,16
2021-07-28 15:01:00.605,17004,17005,17005,10,10
2021-07-28 15:01:00.605,17004,17005,17005,1,1
2021-07-28 15:01:00.605,17004,17005,17005,5,5
2021-07-28 15:01:00.605,17004,17005,17005,5,5
2021-07-28 15:01:00.605,17004,17005,17005,1,1
2021-07-28 15:01:00.605,17004,17005,17005,4,4
2021-07-28 15:01:00.605,17004,17005,17005,1,1
2021-07-28 15:01:00.605,17004,17005,17005,2,2
2021-07-28 15:01:00.605,17004,17005,17005,1,1
2021-07-28 15:01:00.605,17004,17005,17005,1,1
2021-07-28 15:01:00.605,17004,17005,17005,1,1
2021-07-28 15:01:00.605,17004,17005,17005,1,1
2021-07-28 15:01:00.605,17004,17005,17006,1,1
2021-07-28 15:01:00.606,17004,17005,17006,1,1
2021-07-28 15:01:00.606,17004,17005,17006,7,7
2021-07-28 15:01:00.683,17004,17005,17006,1,1
2021-07-28 15:01:00.823,17004,17007,17004,5,-5
2021-07-28 15:01:00.824,17004,17007,17004,5,-5
2021-07-28 15:01:00.885,17004,17007,17004,1,-1
2021-07-28 15:01:00.991,17003,17005,17005,3,3
2021-07-28 15:01:00.991,17003,17005,17006,4,4
2021-07-28 15:01:00.991,17003,17005,17007,10,10
2021-07-28 15:01:00.991,17003,17005,17008,5,5
2021-07-28 15:01:00.991,17003,17005,17009,1,1
2021-07-28 15:01:01.004,17003,17005,17008,1,1
2021-07-28 15:01:01.075,17006,17008,17008,1,1
2021-07-28 15:01:01.075,17006,17008,17008,1,1
2021-07-28 15:01:01.075,17006,17008,17008,1,1
2021-07-28 15:01:01.107,17006,17008,17009,1,1
2021-07-28 15:01:01.138,17006,17008,17009,1,1
2021-07-28 15:01:01.138,17006,17008,17009,1,1
2021-07-28 15:01:01.139,17006,17008,17009,1,1
2021-07-28 15:01:01.139,17006,17008,17009,1,1
2021-07-28 15:01:01.140,17006,17008,17009,1,1
2021-07-28 15:01:01.140,17006,17008,17009,1,1
2021-07-28 15:01:01.732,17006,17009,17009,1,1
2021-07-28 15:01:01.918,17007,17009,17007,1,-1
2021-07-28 15:01:01.929,17007,17009,17007,1,-1
2021-07-28 15:01:01.989,17006,17008,17007,1,-1
2021-07-28 15:01:02.344,17006,17008,17008,3,3
2021-07-28 15:01:02.344,17006,17008,17009,2,2
2021-07-28 15:01:02.399,17006,17008,17009,2,2
2021-07-28 15:01:02.445,17006,17008,17010,2,2
2021-07-28 15:01:02.451,17008,17010,17010,2,2
2021-07-28 15:01:02.493,17008,17010,17010,1,1
2021-07-28 15:01:02.648,17008,17010,17008,1,-1
2021-07-28 15:01:02.839,17007,17009,17007,1,-1
2021-07-28 15:01:02.921,17007,17009,17009,1,1
2021-07-28 15:01:03.556,17007,17009,17007,1,-1
2021-07-28 15:01:03.794,17006,17008,17008,1,1
2021-07-28 15:01:04.502,17006,17008,17008,1,1
2021-07-28 15:01:04.678,17006,17008,17006,1,-1
2021-07-28 15:01:04.888,17006,17007,17006,1,-1
2021-07-28 15:01:05.114,17005,17007,17005,1,-1
2021-07-28 15:01:05.548,17005,17007,17005,1,-1
2021-07-28 15:01:07.823,17003,17004,17003,2,-2
2021-07-28 15:01:08.013,17002,17004,17004,4,4
2021-07-28 15:01:08.013,17002,17004,17004,8,8
2021-07-28 15:01:08.827,17003,17005,17003,2,-2
2021-07-28 15:01:08.842,17003,17005,17002,1,-1
2021-07-28 15:01:09.289,17002,17005,17003,1,1
2021-07-28 15:01:10.696,17004,17006,17004,1,1
2021-07-28 15:01:12.121,17003,17005,17005,1,1
2021-07-28 15:01:12.276,17004,17007,17007,2,2
2021-07-28 15:01:12.690,17004,17007,17006,2,-2
2021-07-28 15:01:12.957,17004,17007,17007,1,1
2021-07-28 15:01:13.105,17004,17007,17004,1,-1
2021-07-28 15:01:13.160,17004,17007,17004,1,-1
2021-07-28 15:01:13.615,17004,17005,17005,2,2
2021-07-28 15:01:14.162,17004,17005,17005,2,2
2021-07-28 15:01:14.928,17004,17007,17007,2,2
2021-07-28 15:01:15.399,17005,17007,17006,1,-1
2021-07-28 15:01:17.288,17006,17007,17007,1,1
2021-07-28 15:01:18.185,17005,17007,17007,1,1
2021-07-28 15:01:18.243,17005,17007,17007,1,1
2021-07-28 15:01:18.275,17005,17007,17007,1,1
2021-07-28 15:01:20.865,17005,17007,17005,1,-1
2021-07-28 15:01:21.516,17004,17007,17007,1,1
2021-07-28 15:01:21.861,17005,17007,17005,1,-1
2021-07-28 15:01:23.161,17005,17006,17005,1,-1
2021-07-28 15:01:24.459,17004,17005,17004,1,-1
2021-07-28 15:01:27.740,17004,17006,17005,1,1
2021-07-28 15:01:28.031,17004,17006,17004,1,-1
2021-07-28 15:01:28.380,17004,17006,17004,9,-9
2021-07-28 15:01:28.380,17004,17006,17004,2,-2
2021-07-28 15:01:29.371,17004,17005,17005,1,1
2021-07-28 15:01:29.727,17004,17005,17004,1,-1
2021-07-28 15:01:29.819,17004,17005,17004,1,-1
2021-07-28 15:01:30.198,17003,17004,17003,1,-1
2021-07-28 15:01:30.198,17003,17004,17003,1,-1
2021-07-28 15:01:30.199,17003,17004,17003,1,-1
2021-07-28 15:01:32.709,17002,17003,17002,1,-1
2021-07-28 15:01:35.225,17002,17003,17002,1,-1
2021-07-28 15:01:35.232,17002,17003,17002,4,-4
2021-07-28 15:01:35.232,17002,17003,17002,8,-8
2021-07-28 15:01:39.807,17001,17002,17002,1,1
2021-07-28 15:01:39.823,17001,17002,17002,1,1
2021-07-28 15:01:39.867,17001,17002,17003,1,1
2021-07-28 15:01:40.108,17001,17003,17003,1,1
2021-07-28 15:01:40.199,17001,17003,17003,1,1
2021-07-28 15:01:40.199,17001,17003,17003,1,1
2021-07-28 15:01:40.199,17001,17003,17003,1,1
2021-07-28 15:01:40.859,17001,17003,17003,2,2
2021-07-28 15:01:41.659,17001,17003,17003,2,2
2021-07-28 15:01:42.235,17001,17003,17001,1,-1
2021-07-28 15:01:44.507,17001,17003,17003,2,2
2021-07-28 15:01:45.872,17001,17003,17003,1,1
2021-07-28 15:01:46.366,17001,17003,17003,1,1
2021-07-28 15:01:46.366,17001,17003,17004,3,3
2021-07-28 15:01:46.955,17002,17004,17002,1,-1
2021-07-28 15:01:48.003,17001,17003,17003,1,1
2021-07-28 15:01:52.453,17002,17003,17003,1,1
2021-07-28 15:01:53.021,17002,17003,17003,1,1
2021-07-28 15:01:54.455,17002,17003,17002,1,-1
2021-07-28 15:01:54.477,17002,17003,17002,3,-3
2021-07-28 15:01:54.478,17002,17003,17002,2,-2
2021-07-28 15:01:55.628,17001,17003,17003,1,1
2021-07-28 15:01:55.975,17001,17003,17003,1,1
2021-07-28 15:01:56.584,17001,17002,17002,1,1
2021-07-28 15:01:56.584,17001,17002,17003,7,7
2021-07-28 15:01:56.584,17001,17002,17004,12,12
2021-07-28 15:01:56.584,17001,17002,17005,14,14
2021-07-28 15:01:56.845,17002,17004,17004,1,1
2021-07-28 15:01:57.158,17002,17004,17004,1,1
2021-07-28 15:01:57.334,17002,17004,17002,1,-1
2021-07-28 15:01:57.472,17002,17004,17004,1,1
2021-07-28 15:01:57.730,17002,17004,17002,1,-1
2021-07-28 15:02:00.123,17001,17003,17003,1,1
2021-07-28 15:02:00.802,17001,17003,17001,1,-1
2021-07-28 15:02:02.499,17001,17003,17001,3,-3
2021-07-28 15:02:02.499,17001,17003,17001,3,-3
2021-07-28 15:02:02.499,17001,17003,17001,2,-2
2021-07-28 15:02:03.454,17000,17001,17001,1,1
2021-07-28 15:02:03.810,17000,17001,17000,5,-5
2021-07-28 15:02:03.811,17000,17001,17000,3,-3
2021-07-28 15:02:03.811,17000,17001,17000,8,-8
2021-07-28 15:02:03.989,16999,17000,17000,1,1
2021-07-28 15:02:04.445,16999,17000,17000,1,1
2021-07-28 15:02:04.535,16999,17001,16999,1,-1
2021-07-28 15:02:05.415,16999,17000,16999,4,-4
2021-07-28 15:02:06.058,17000,17001,17000,1,1
2021-07-28 15:02:07.930,16999,17001,16999,3,-3
2021-07-28 15:02:07.930,16999,17001,16998,1,-1
2021-07-28 15:02:08.853,17000,17001,17000,1,1
2021-07-28 15:02:09.005,17000,17001,17000,1,-1
2021-07-28 15:02:11.708,17000,17002,17000,1,-1
2021-07-28 15:02:11.725,17000,17002,17000,2,-2
2021-07-28 15:02:13.899,16999,17000,17000,4,4
2021-07-28 15:02:16.279,17000,17001,17001,1,1
2021-07-28 15:02:16.334,17000,17001,17000,1,-1
2021-07-28 15:02:17.369,16998,17000,16998,1,-1
2021-07-28 15:02:19.286,16998,16999,16999,1,1
2021-07-28 15:02:19.412,16998,17001,16998,1,-1
2021-07-28 15:02:22.067,16998,17000,16998,1,-1
2021-07-28 15:02:22.323,16998,17000,16999,1,1
2021-07-28 15:02:22.827,16998,17000,16998,1,-1
2021-07-28 15:02:23.282,16998,17000,16998,1,-1
2021-07-28 15:02:23.537,16998,17000,16998,1,-1
2021-07-28 15:02:24.758,16998,16999,16999,2,2
2021-07-28 15:02:24.922,16998,16999,16998,3,-3
2021-07-28 15:02:27.489,16998,16999,16998,1,-1
2021-07-28 15:02:28.194,16998,16999,16998,1,-1
2021-07-28 15:02:28.749,16998,16999,16998,1,-1
2021-07-28 15:02:29.497,16998,16999,16998,1,-1
2021-07-28 15:02:29.497,16998,16999,16998,1,-1
2021-07-28 15:02:29.497,16998,16999,16998,2,-2
2021-07-28 15:02:29.497,16998,16999,16998,4,-4
2021-07-28 15:02:30.215,16997,16998,16997,1,-1
2021-07-28 15:02:30.268,16997,16998,16997,1,-1
2021-07-28 15:02:30.644,16997,16998,16997,1,-1
2021-07-28 15:02:31.972,16997,16999,16998,1,1
2021-07-28 15:02:33.386,16999,17000,17000,1,1
2021-07-28 15:02:33.387,16999,17000,17000,5,5
2021-07-28 15:02:33.387,16999,17000,17000,1,1
2021-07-28 15:02:33.387,16999,17000,17000,1,1
2021-07-28 15:02:34.501,16999,17001,16999,1,-1
2021-07-28 15:02:36.806,16998,17000,17000,1,1
2021-07-28 15:02:37.290,16998,17000,17000,1,1
2021-07-28 15:02:38.217,16998,16999,16999,1,1
2021-07-28 15:02:39.768,16998,16999,16999,1,1
2021-07-28 15:02:39.880,16998,17000,17000,3,3
2021-07-28 15:02:43.118,16999,17000,17000,1,1
2021-07-28 15:02:44.724,16998,17000,16998,1,-1
2021-07-28 15:02:47.752,16998,17000,16998,1,-1
2021-07-28 15:02:47.753,16998,17000,16998,4,-4
2021-07-28 15:02:48.317,16997,16998,16997,1,-1
2021-07-28 15:02:49.021,16997,16998,16997,1,-1
2021-07-28 15:02:49.640,16997,16998,16997,1,-1
2021-07-28 15:02:49.686,16997,16998,16998,1,1
2021-07-28 15:02:52.746,16997,16998,16997,1,-1
2021-07-28 15:02:54.878,16997,16998,16997,1,-1
2021-07-28 15:02:54.879,16997,16998,16997,1,-1
2021-07-28 15:02:54.879,16997,16998,16997,2,-2
2021-07-28 15:02:54.879,16997,16998,16997,1,-1
2021-07-28 15:02:54.881,16997,16998,16997,14,-14
2021-07-28 15:02:57.169,16996,16997,16997,1,1
2021-07-28 15:02:58.008,16997,16998,16998,3,3
2021-07-28 15:02:58.008,16997,16998,16999,1,1
2021-07-28 15:02:58.355,16998,16999,16998,3,-3
2021-07-28 15:02:58.355,16998,16999,16997,3,-3
2021-07-28 15:02:58.683,16997,16999,16997,2,-2
2021-07-28 15:03:00.083,16997,16999,16999,2,2
2021-07-28 15:03:00.084,16997,16999,17000,2,2
2021-07-28 15:03:00.084,16997,16999,17000,1,1
2021-07-28 15:03:00.115,16997,16999,17000,1,1
2021-07-28 15:03:00.115,16997,16999,17000,2,2
2021-07-28 15:03:00.129,16997,16999,17001,3,3
2021-07-28 15:03:00.189,16997,16999,17001,2,2
2021-07-28 15:03:01.074,16999,17001,16999,1,-1
2021-07-28 15:03:01.206,16999,17001,16999,1,-1
2021-07-28 15:03:01.255,16999,17001,16999,5,-5
2021-07-28 15:03:02.223,16998,17001,16999,1,-1
2021-07-28 15:03:03.093,16998,16999,16999,1,1
2021-07-28 15:03:03.552,16997,16999,16998,2,-2
2021-07-28 15:03:10.071,16998,16999,16998,1,-1
2021-07-28 15:03:10.071,16998,16999,16998,1,-1
2021-07-28 15:03:10.071,16998,16999,16998,1,-1
2021-07-28 15:03:10.307,16997,16999,16999,1,1
2021-07-28 15:03:12.517,16997,16999,16999,1,1
2021-07-28 15:03:12.575,16997,16999,16999,1,1
2021-07-28 15:03:12.742,16998,17000,16998,2,-2
2021-07-28 15:03:14.115,16999,17000,16999,1,1
2021-07-28 15:03:14.169,16999,17000,16999,2,-2
2021-07-28 15:03:14.293,16999,17000,16999,1,-1
2021-07-28 15:03:19.185,16999,17000,16999,1,-1
2021-07-28 15:03:21.162,16999,17000,16999,1,-1
2021-07-28 15:03:21.630,16999,17000,17000,1,1
2021-07-28 15:03:21.967,16999,17000,17000,1,1
2021-07-28 15:03:22.289,16999,17000,17000,6,6
2021-07-28 15:03:23.395,16999,17000,17000,2,2
2021-07-28 15:03:26.072,17000,17001,17001,1,1
2021-07-28 15:03:26.108,17000,17001,17001,2,2
2021-07-28 15:03:26.108,17000,17001,17001,3,3
2021-07-28 15:03:26.108,17000,17001,17001,1,1
2021-07-28 15:03:26.108,17000,17001,17001,1,1
2021-07-28 15:03:26.108,17000,17001,17001,3,3
2021-07-28 15:03:26.108,17000,17001,17001,4,4
2021-07-28 15:03:26.304,17001,17002,17001,1,-1
2021-07-28 15:03:26.304,17001,17002,17000,1,-1
2021-07-28 15:03:27.263,17000,17001,17000,1,-1
2021-07-28 15:03:27.977,17000,17001,17000,1,-1
2021-07-28 15:03:29.987,17000,17001,17001,1,1
2021-07-28 15:03:31.173,17000,17002,17002,1,1
2021-07-28 15:03:32.065,17000,17002,17002,7,7
2021-07-28 15:03:32.530,17002,17003,17002,1,-1
2021-07-28 15:03:34.332,17002,17003,17002,1,-1
2021-07-28 15:03:35.529,17001,17003,17003,2,2
2021-07-28 15:03:35.594,17001,17003,17001,4,-4
2021-07-28 15:03:35.594,17001,17003,17000,1,-1
2021-07-28 15:03:35.768,17001,17002,17002,1,1
2021-07-28 15:03:35.768,17001,17002,17003,11,11
2021-07-28 15:03:35.768,17001,17002,17004,1,1
2021-07-28 15:03:36.423,17002,17004,17002,1,-1
2021-07-28 15:03:39.465,17002,17003,17002,2,-2
2021-07-28 15:03:43.070,17001,17002,17001,1,-1
2021-07-28 15:03:44.166,17000,17001,17000,1,-1
2021-07-28 15:03:44.167,17000,17001,17000,2,-2
2021-07-28 15:03:48.374,17000,17001,17000,1,-1
2021-07-28 15:03:53.481,17001,17002,17002,1,1
2021-07-28 15:03:54.618,17001,17002,17002,2,2
2021-07-28 15:03:57.256,17001,17002,17002,7,7
2021-07-28 15:03:57.323,17002,17003,17003,6,6
2021-07-28 15:03:57.528,17002,17004,17002,2,-2
2021-07-28 15:03:59.549,17002,17003,17002,1,-1
2021-07-28 15:03:59.989,17001,17003,17003,1,1
2021-07-28 15:04:00.121,17002,17004,17004,1,1
2021-07-28 15:04:00.198,17003,17004,17004,6,6
2021-07-28 15:04:00.201,17003,17004,17005,1,1
2021-07-28 15:04:00.472,17003,17005,17005,1,1
2021-07-28 15:04:00.475,17003,17005,17005,3,3
2021-07-28 15:04:00.496,17003,17005,17005,1,1
2021-07-28 15:04:00.543,17003,17005,17005,2,2
2021-07-28 15:04:00.554,17003,17005,17005,1,1
2021-07-28 15:04:00.560,17003,17005,17005,1,1
2021-07-28 15:04:00.570,17003,17005,17005,1,1
2021-07-28 15:04:00.580,17003,17005,17005,2,2
2021-07-28 15:04:00.653,17003,17005,17005,2,2
2021-07-28 15:04:00.714,17004,17005,17005,1,1
2021-07-28 15:04:01.062,17004,17005,17005,18,18
2021-07-28 15:04:01.073,17005,17006,17006,4,4
2021-07-28 15:04:01.073,17005,17006,17006,1,1
2021-07-28 15:04:01.075,17005,17006,17006,1,1
2021-07-28 15:04:01.075,17005,17006,17006,1,1
2021-07-28 15:04:01.952,17005,17006,17005,1,-1
2021-07-28 15:04:02.411,17005,17006,17005,1,-1
2021-07-28 15:04:02.561,17004,17006,17004,1,-1
2021-07-28 15:04:05.051,17003,17004,17004,1,1
2021-07-28 15:04:06.263,17004,17005,17004,1,-1
2021-07-28 15:04:07.031,17003,17005,17003,1,-1
2021-07-28 15:04:07.146,17003,17005,17003,1,-1
2021-07-28 15:04:07.303,17003,17005,17003,1,-1
2021-07-28 15:04:08.104,17002,17003,17003,1,1
2021-07-28 15:04:08.232,17002,17004,17004,1,1
2021-07-28 15:04:09.050,17002,17003,17003,2,2
2021-07-28 15:04:09.050,17002,17003,17004,3,3
2021-07-28 15:04:09.582,17003,17004,17003,1,-1
2021-07-28 15:04:11.033,17002,17003,17002,1,-1
2021-07-28 15:04:11.731,17002,17003,17002,1,-1
2021-07-28 15:04:11.731,17002,17003,17002,1,-1
2021-07-28 15:04:11.825,17001,17003,17003,1,1
2021-07-28 15:04:12.060,17001,17003,17003,1,1
2021-07-28 15:04:13.310,17001,17003,17003,1,1
2021-07-28 15:04:13.340,17001,17003,17003,1,1
2021-07-28 15:04:13.340,17001,17003,17003,1,1
2021-07-28 15:04:13.341,17001,17003,17003,2,2
2021-07-28 15:04:14.510,17001,17003,17003,2,2
2021-07-28 15:04:16.432,17002,17003,17002,1,-1
2021-07-28 15:04:16.594,17002,17003,17003,5,5
2021-07-28 15:04:17.294,17003,17004,17003,1,-1
2021-07-28 15:04:17.325,17003,17004,17004,1,1
2021-07-28 15:04:17.325,17003,17004,17004,1,1
2021-07-28 15:04:19.718,17002,17003,17003,1,1
2021-07-28 15:04:20.985,17002,17003,17002,1,-1
2021-07-28 15:04:21.781,17002,17003,17002,1,-1
2021-07-28 15:04:26.494,17002,17003,17002,4,-4
2021-07-28 15:04:27.952,17001,17002,17002,1,1
2021-07-28 15:04:28.075,17001,17002,17002,1,1
2021-07-28 15:04:32.358,17001,17002,17001,3,-3
2021-07-28 15:04:32.358,17001,17002,17001,1,-1
2021-07-28 15:04:32.358,17001,17002,17001,2,-2
2021-07-28 15:04:32.359,17001,17002,17001,1,-1
2021-07-28 15:04:32.359,17001,17002,17001,4,-4
2021-07-28 15:04:32.698,17000,17001,17000,16,-16
2021-07-28 15:04:32.698,17000,17001,17000,1,-1
2021-07-28 15:04:32.698,17000,17001,17000,2,-2
2021-07-28 15:04:32.698,17000,17001,17000,7,-7
2021-07-28 15:04:33.058,16999,17000,17000,1,1
2021-07-28 15:04:33.812,16999,17001,16999,1,-1
2021-07-28 15:04:34.698,16999,17001,17001,1,1
2021-07-28 15:04:35.710,17000,17001,17001,1,1
2021-07-28 15:04:35.710,17000,17001,17001,1,1
2021-07-28 15:04:39.096,17000,17001,17000,1,-1
2021-07-28 15:04:39.628,16999,17001,17001,2,2
2021-07-28 15:04:43.564,17000,17001,17001,1,1
2021-07-28 15:04:43.652,17000,17001,17001,5,5
2021-07-28 15:04:43.717,17001,17002,17001,1,-1
2021-07-28 15:04:43.734,17001,17002,17002,2,2
2021-07-28 15:04:43.734,17001,17002,17002,1,1
2021-07-28 15:04:45.071,17001,17003,17001,2,-2
2021-07-28 15:04:46.565,17001,17003,17001,1,-1
2021-07-28 15:04:47.694,17002,17003,17003,1,1
2021-07-28 15:04:47.699,17002,17003,17003,1,1
2021-07-28 15:04:47.699,17002,17003,17003,4,4
2021-07-28 15:04:48.524,17003,17004,17003,1,-1
2021-07-28 15:04:52.781,17003,17004,17004,5,5
2021-07-28 15:04:53.698,17004,17005,17005,8,8
2021-07-28 15:04:53.893,17004,17006,17004,1,-1
2021-07-28 15:04:54.006,17004,17006,17006,13,13
2021-07-28 15:04:54.073,17005,17006,17006,1,1
2021-07-28 15:04:55.310,17005,17007,17005,2,-2
2021-07-28 15:04:55.417,17004,17006,17004,1,-1
2021-07-28 15:04:56.726,17004,17005,17004,1,-1
2021-07-28 15:04:58.448,17005,17006,17006,4,4
2021-07-28 15:04:58.573,17005,17007,17007,3,3
2021-07-28 15:04:59.032,17006,17007,17007,8,8
2021-07-28 15:04:59.213,17006,17008,17008,1,1
2021-07-28 15:04:59.935,17006,17008,17008,6,6
2021-07-28 15:05:00.259,17008,17009,17009,10,10
2021-07-28 15:05:01.161,17008,17010,17008,1,-1
2021-07-28 15:05:01.413,17008,17010,17010,2,2
2021-07-28 15:05:01.523,17008,17010,17010,1,1
2021-07-28 15:05:01.538,17008,17010,17010,1,1
2021-07-28 15:05:01.598,17008,17010,17009,1,-1
2021-07-28 15:05:01.649,17008,17010,17010,2,2
2021-07-28 15:05:01.664,17008,17010,17010,1,1
2021-07-28 15:05:01.665,17008,17010,17010,9,9
2021-07-28 15:05:01.665,17008,17010,17010,1,1
2021-07-28 15:05:01.665,17008,17010,17010,1,1
2021-07-28 15:05:01.665,17008,17010,17010,1,1
2021-07-28 15:05:01.665,17008,17010,17010,1,1
2021-07-28 15:05:01.665,17008,17010,17010,2,2
2021-07-28 15:05:01.714,17010,17011,17011,1,1
2021-07-28 15:05:01.714,17010,17011,17011,1,1
2021-07-28 15:05:01.721,17010,17011,17011,1,1
2021-07-28 15:05:01.830,17011,17012,17012,5,5
2021-07-28 15:05:01.856,17011,17012,17012,3,3
2021-07-28 15:05:01.856,17011,17012,17012,1,1
2021-07-28 15:05:01.958,17012,17013,17013,2,2
2021-07-28 15:05:01.958,17012,17013,17014,3,3
2021-07-28 15:05:02.110,17012,17014,17012,1,-1
2021-07-28 15:05:02.259,17009,17011,17009,1,-1
2021-07-28 15:05:02.361,17009,17011,17011,1,1
2021-07-28 15:05:03.492,17010,17012,17012,1,1
2021-07-28 15:05:03.591,17010,17012,17012,1,1
2021-07-28 15:05:04.217,17010,17011,17011,1,1
2021-07-28 15:05:04.813,17010,17013,17011,1,-1
2021-07-28 15:05:06.012,17012,17013,17012,1,1
2021-07-28 15:05:06.124,17011,17012,17011,1,-1
2021-07-28 15:05:06.142,17011,17012,17010,1,-1
2021-07-28 15:05:06.659,17010,17011,17011,1,1
2021-07-28 15:05:07.479,17010,17011,17011,1,1
2021-07-28 15:05:07.810,17010,17011,17011,1,1
2021-07-28 15:05:09.133,17010,17011,17011,1,1
2021-07-28 15:05:09.212,17010,17012,17012,1,1
2021-07-28 15:05:09.216,17010,17012,17012,1,1
2021-07-28 15:05:09.496,17012,17013,17013,1,1
2021-07-28 15:05:12.083,17012,17014,17014,1,1
2021-07-28 15:05:13.423,17012,17013,17012,1,-1
2021-07-28 15:05:13.820,17012,17014,17013,1,1
2021-07-28 15:05:14.215,17012,17014,17014,2,2
2021-07-28 15:05:15.413,17012,17013,17013,1,1
2021-07-28 15:05:16.245,17013,17014,17013,1,-1
2021-07-28 15:05:16.868,17012,17013,17013,2,2
2021-07-28 15:05:16.868,17012,17013,17014,3,3
2021-07-28 15:05:17.553,17012,17013,17012,2,-2
2021-07-28 15:05:17.694,17011,17013,17012,1,-1
2021-07-28 15:05:17.845,17011,17013,17013,1,1
2021-07-28 15:05:18.275,17013,17014,17013,1,-1
2021-07-28 15:05:18.737,17013,17014,17012,1,-1
2021-07-28 15:05:19.623,17013,17014,17014,7,7
2021-07-28 15:05:20.154,17014,17015,17015,1,1
2021-07-28 15:05:20.243,17014,17015,17014,1,-1
2021-07-28 15:05:20.295,17014,17015,17015,1,1
2021-07-28 15:05:20.312,17014,17015,17015,2,2
2021-07-28 15:05:20.422,17014,17015,17015,2,2
2021-07-28 15:05:20.422,17014,17015,17015,14,14
2021-07-28 15:05:20.538,17015,17016,17015,1,-1
2021-07-28 15:05:20.717,17014,17016,17016,3,3
2021-07-28 15:05:20.943,17015,17016,17015,4,-4
2021-07-28 15:05:21.013,17014,17016,17016,1,1
2021-07-28 15:05:21.053,17014,17016,17016,1,1
2021-07-28 15:05:21.072,17014,17016,17015,1,-1
2021-07-28 15:05:21.081,17014,17015,17015,1,1
2021-07-28 15:05:21.162,17014,17015,17016,1,1
2021-07-28 15:05:21.243,17014,17016,17016,3,3
2021-07-28 15:05:21.450,17014,17016,17016,1,1
2021-07-28 15:05:21.916,17014,17015,17015,1,1
2021-07-28 15:05:21.916,17014,17015,17016,1,1
2021-07-28 15:05:21.980,17014,17016,17016,1,1
2021-07-28 15:05:23.075,17014,17015,17015,1,1
2021-07-28 15:05:23.670,17016,17017,17016,1,1
2021-07-28 15:05:23.828,17015,17017,17015,1,-1
2021-07-28 15:05:23.931,17015,17017,17017,5,5
2021-07-28 15:05:24.060,17015,17017,17016,1,-1
2021-07-28 15:05:24.060,17015,17017,17016,1,-1
2021-07-28 15:05:24.110,17015,17017,17015,1,-1
2021-07-28 15:05:24.132,17015,17017,17015,1,-1
2021-07-28 15:05:24.569,17015,17017,17017,2,2
2021-07-28 15:05:25.300,17016,17017,17017,4,4
2021-07-28 15:05:25.560,17016,17018,17016,1,-1
2021-07-28 15:05:26.046,17015,17016,17016,1,1
2021-07-28 15:05:26.359,17014,17017,17017,1,1
2021-07-28 15:05:27.587,17016,17017,17016,1,-1
2021-07-28 15:05:27.735,17016,17017,17017,2,2
2021-07-28 15:05:29.056,17016,17017,17017,1,1
2021-07-28 15:05:29.056,17016,17017,17018,1,1
2021-07-28 15:05:29.216,17016,17018,17016,1,-1
2021-07-28 15:05:29.819,17016,17017,17016,1,-1
2021-07-28 15:05:30.066,17016,17017,17016,1,-1
2021-07-28 15:05:30.624,17016,17017,17017,1,1
2021-07-28 15:05:31.093,17016,17017,17017,1,1
2021-07-28 15:05:31.324,17016,17017,17016,1,-1
2021-07-28 15:05:31.712,17016,17017,17016,2,-2
2021-07-28 15:05:31.853,17015,17016,17016,1,1
2021-07-28 15:05:32.631,17016,17017,17017,1,1
2021-07-28 15:05:34.265,17016,17017,17017,2,2
2021-07-28 15:05:34.859,17016,17017,17016,3,-3
2021-07-28 15:05:36.267,17015,17017,17015,5,-5
2021-07-28 15:05:36.268,17015,17017,17015,2,-2
2021-07-28 15:05:37.519,17014,17016,17016,1,1
2021-07-28 15:05:39.365,17015,17016,17016,1,1
2021-07-28 15:05:40.582,17015,17016,17015,2,-2
2021-07-28 15:05:41.094,17015,17016,17016,1,1
2021-07-28 15:05:42.153,17016,17017,17017,11,11
2021-07-28 15:05:42.242,17017,17018,17018,12,12
2021-07-28 15:05:42.433,17018,17019,17019,1,1
2021-07-28 15:05:42.434,17018,17019,17019,2,2
2021-07-28 15:05:42.434,17018,17019,17019,1,1
2021-07-28 15:05:42.434,17018,17019,17019,6,6
2021-07-28 15:05:42.435,17018,17019,17020,1,1
2021-07-28 15:05:42.435,17018,17019,17020,1,1
2021-07-28 15:05:42.435,17018,17019,17020,1,1
2021-07-28 15:05:42.598,17019,17020,17019,1,-1
2021-07-28 15:05:42.804,17019,17020,17017,2,-2
2021-07-28 15:05:42.981,17017,17019,17019,1,1
2021-07-28 15:05:43.537,17017,17019,17017,1,-1
2021-07-28 15:05:44.055,17017,17018,17017,1,-1
2021-07-28 15:05:44.802,17016,17017,17017,1,1
2021-07-28 15:05:45.681,17017,17019,17017,1,-1
2021-07-28 15:05:45.843,17018,17020,17018,1,1
2021-07-28 15:05:46.978,17019,17020,17019,1,1
2021-07-28 15:05:47.197,17019,17020,17020,4,4
2021-07-28 15:05:47.408,17019,17020,17020,24,24
2021-07-28 15:05:47.583,17020,17021,17021,2,2
2021-07-28 15:05:47.599,17020,17021,17022,2,2
2021-07-28 15:05:47.864,17020,17022,17022,1,1
2021-07-28 15:05:47.959,17020,17022,17022,1,1
2021-07-28 15:05:47.960,17020,17022,17022,1,1
2021-07-28 15:05:47.963,17020,17022,17022,1,1
2021-07-28 15:05:48.002,17020,17022,17022,1,1
2021-07-28 15:05:48.020,17020,17022,17022,1,1
2021-07-28 15:05:48.021,17020,17022,17022,1,1
2021-07-28 15:05:48.023,17020,17022,17023,1,1
2021-07-28 15:05:48.031,17020,17022,17023,1,1
2021-07-28 15:05:48.271,17022,17023,17023,1,1
2021-07-28 15:05:48.281,17022,17023,17023,1,1
2021-07-28 15:05:48.283,17022,17023,17023,1,1
2021-07-28 15:05:48.401,17022,17024,17021,1,-1
2021-07-28 15:05:48.923,17020,17023,17022,1,1
2021-07-28 15:05:49.253,17020,17022,17022,1,1
2021-07-28 15:05:49.492,17020,17021,17020,1,-1
2021-07-28 15:05:49.713,17019,17020,17020,1,1
2021-07-28 15:05:49.713,17019,17020,17021,4,4
2021-07-28 15:05:50.022,17019,17021,17019,1,-1
2021-07-28 15:05:50.201,17019,17021,17021,1,1
2021-07-28 15:05:51.492,17020,17021,17021,1,1
2021-07-28 15:05:52.383,17020,17021,17021,1,1
2021-07-28 15:05:52.776,17020,17021,17020,1,-1
2021-07-28 15:05:53.054,17018,17021,17021,1,1
2021-07-28 15:05:53.573,17020,17021,17020,1,-1
2021-07-28 15:05:53.909,17020,17021,17020,1,-1
2021-07-28 15:05:53.909,17020,17021,17019,1,-1
2021-07-28 15:05:55.101,17019,17020,17020,1,1
2021-07-28 15:05:55.466,17019,17021,17021,1,1
2021-07-28 15:05:56.037,17019,17020,17020,1,1
2021-07-28 15:05:56.434,17020,17021,17021,1,1
2021-07-28 15:05:57.023,17020,17021,17020,5,-5
2021-07-28 15:05:57.023,17020,17021,17019,5,-5
2021-07-28 15:05:57.307,17018,17020,17020,1,1
2021-07-28 15:05:57.776,17019,17020,17020,1,1
2021-07-28 15:05:57.823,17019,17020,17019,1,-1
2021-07-28 15:05:58.031,17018,17020,17020,3,3
2021-07-28 15:05:58.573,17019,17020,17019,1,-1
2021-07-28 15:05:58.603,17019,17020,17020,3,3
2021-07-28 15:05:58.603,17019,17020,17021,1,1
2021-07-28 15:06:00.298,17020,17021,17021,1,1
2021-07-28 15:06:00.298,17020,17021,17021,1,1
2021-07-28 15:06:00.298,17020,17021,17021,1,1
2021-07-28 15:06:00.298,17020,17021,17021,8,8
2021-07-28 15:06:00.327,17021,17022,17022,1,1
2021-07-28 15:06:00.327,17021,17022,17022,1,1
2021-07-28 15:06:00.328,17021,17022,17023,1,1
2021-07-28 15:06:00.328,17021,17022,17023,1,1
2021-07-28 15:06:00.448,17022,17023,17023,1,1
2021-07-28 15:06:00.640,17022,17024,17024,1,1
2021-07-28 15:06:00.683,17022,17024,17022,1,-1
2021-07-28 15:06:00.928,17022,17024,17023,1,1
2021-07-28 15:06:00.948,17022,17024,17024,2,2
2021-07-28 15:06:01.943,17022,17024,17024,1,1
2021-07-28 15:06:01.950,17022,17024,17024,1,1
2021-07-28 15:06:01.950,17022,17024,17024,1,1
2021-07-28 15:06:02.075,17022,17024,17022,1,-1
2021-07-28 15:06:02.189,17022,17024,17024,1,1
2021-07-28 15:06:02.205,17022,17024,17024,1,1
2021-07-28 15:06:02.869,17021,17023,17023,1,1
2021-07-28 15:06:04.779,17022,17023,17022,1,-1
2021-07-28 15:06:05.255,17021,17023,17021,1,-1
2021-07-28 15:06:05.825,17021,17023,17023,2,2
2021-07-28 15:06:05.885,17021,17023,17024,1,1
2021-07-28 15:06:06.340,17023,17024,17023,1,-1
2021-07-28 15:06:06.534,17021,17023,17023,1,1
2021-07-28 15:06:08.630,17022,17024,17024,3,3
2021-07-28 15:06:08.699,17023,17025,17025,1,1
2021-07-28 15:06:08.699,17023,17025,17025,1,1
2021-07-28 15:06:08.699,17023,17025,17025,1,1
2021-07-28 15:06:08.699,17023,17025,17025,1,1
2021-07-28 15:06:08.699,17023,17025,17025,1,1
2021-07-28 15:06:08.700,17023,17025,17025,1,1
2021-07-28 15:06:08.700,17023,17025,17025,1,1
2021-07-28 15:06:08.700,17023,17025,17025,1,1
2021-07-28 15:06:08.700,17023,17025,17025,1,1
2021-07-28 15:06:08.700,17023,17025,17025,1,1
2021-07-28 15:06:08.700,17023,17025,17025,1,1
2021-07-28 15:06:08.700,17023,17025,17025,1,1
2021-07-28 15:06:08.700,17023,17025,17025,1,1
2021-07-28 15:06:08.701,17023,17025,17025,1,1
2021-07-28 15:06:08.701,17023,17025,17025,1,1
2021-07-28 15:06:08.701,17023,17025,17025,1,1
2021-07-28 15:06:08.701,17023,17025,17025,1,1
2021-07-28 15:06:08.701,17023,17025,17025,1,1
2021-07-28 15:06:09.199,17024,17026,17024,1,-1
2021-07-28 15:06:09.328,17024,17026,17026,1,1
2021-07-28 15:06:09.879,17024,17026,17024,1,-1
2021-07-28 15:06:10.004,17024,17026,17024,1,-1
2021-07-28 15:06:10.024,17024,17026,17024,1,-1
2021-07-28 15:06:10.044,17024,17026,17024,1,-1
2021-07-28 15:06:10.534,17024,17026,17024,1,-1
2021-07-28 15:06:10.717,17024,17026,17025,1,1
2021-07-28 15:06:11.682,17024,17026,17025,1,-1
2021-07-28 15:06:11.765,17024,17026,17026,1,1
2021-07-28 15:06:12.076,17024,17026,17026,5,5
2021-07-28 15:06:13.335,17025,17026,17026,1,1
2021-07-28 15:06:13.524,17025,17027,17024,1,-1
2021-07-28 15:06:14.578,17024,17026,17026,1,1
2021-07-28 15:06:15.150,17024,17026,17026,1,1
2021-07-28 15:06:15.981,17025,17026,17025,1,-1
2021-07-28 15:06:16.073,17025,17026,17025,1,-1
2021-07-28 15:06:16.883,17024,17026,17026,1,1
2021-07-28 15:06:17.024,17024,17026,17024,1,-1
2021-07-28 15:06:17.074,17024,17026,17026,1,1
2021-07-28 15:06:17.074,17024,17026,17026,1,1
2021-07-28 15:06:17.075,17024,17026,17026,1,1
2021-07-28 15:06:17.075,17024,17026,17026,1,1
2021-07-28 15:06:17.075,17024,17026,17026,1,1
2021-07-28 15:06:17.075,17024,17026,17027,1,1
2021-07-28 15:06:17.075,17024,17026,17027,1,1
2021-07-28 15:06:17.076,17024,17026,17027,1,1
2021-07-28 15:06:17.077,17024,17026,17027,1,1
2021-07-28 15:06:17.448,17024,17026,17026,1,1
2021-07-28 15:06:18.033,17024,17026,17026,1,1
2021-07-28 15:06:18.573,17024,17025,17024,3,-3
2021-07-28 15:06:18.673,17024,17025,17024,1,-1
2021-07-28 15:06:18.682,17024,17025,17024,2,-2
2021-07-28 15:06:18.698,17023,17024,17023,5,-5
2021-07-28 15:06:18.816,17023,17024,17024,2,2
2021-07-28 15:06:19.211,17022,17024,17022,2,-2
2021-07-28 15:06:19.234,17022,17024,17024,1,1
2021-07-28 15:06:19.274,17022,17024,17024,2,2
2021-07-28 15:06:19.323,17023,17025,17023,1,-1
2021-07-28 15:06:19.323,17023,17025,17022,6,-6
2021-07-28 15:06:19.507,17022,17024,17024,4,4
2021-07-28 15:06:19.507,17022,17024,17025,8,8
2021-07-28 15:06:19.734,17023,17025,17025,1,1
2021-07-28 15:06:20.845,17025,17027,17025,2,-2
2021-07-28 15:06:21.411,17025,17026,17026,1,1
2021-07-28 15:06:21.411,17025,17026,17027,1,1
2021-07-28 15:06:22.542,17025,17026,17026,1,1
2021-07-28 15:06:23.573,17026,17027,17027,5,5
2021-07-28 15:06:23.698,17027,17028,17028,5,5
2021-07-28 15:06:23.823,17027,17029,17029,6,6
2021-07-28 15:06:24.144,17028,17029,17029,1,1
2021-07-28 15:06:24.183,17028,17029,17029,5,5
2021-07-28 15:06:24.607,17029,17030,17030,2,2
2021-07-28 15:06:24.726,17028,17030,17030,1,1
2021-07-28 15:06:25.057,17029,17030,17030,1,1
2021-07-28 15:06:27.581,17029,17030,17030,1,1
2021-07-28 15:06:27.583,17029,17030,17030,3,3
2021-07-28 15:06:28.444,17029,17031,17031,1,1
2021-07-28 15:06:28.449,17029,17031,17031,1,1
2021-07-28 15:06:28.449,17029,17031,17031,1,1
2021-07-28 15:06:28.449,17029,17031,17031,1,1
2021-07-28 15:06:28.449,17029,17031,17031,1,1
2021-07-28 15:06:28.450,17029,17031,17032,1,1
2021-07-28 15:06:28.450,17029,17031,17032,1,1
2021-07-28 15:06:28.707,17029,17032,17032,1,1
2021-07-28 15:06:28.726,17029,17032,17032,1,1
2021-07-28 15:06:28.747,17029,17032,17032,1,1
2021-07-28 15:06:28.847,17030,17032,17032,1,1
2021-07-28 15:06:28.863,17030,17032,17030,1,-1
2021-07-28 15:06:28.943,17030,17032,17032,1,1
2021-07-28 15:06:29.015,17030,17032,17030,1,-1
2021-07-28 15:06:29.136,17029,17032,17029,1,-1
2021-07-28 15:06:29.573,17029,17030,17030,1,1
2021-07-28 15:06:30.279,17029,17031,17032,1,1
2021-07-28 15:06:30.525,17030,17032,17031,1,-1
2021-07-28 15:06:30.685,17030,17032,17030,3,-3
2021-07-28 15:06:34.246,17031,17032,17031,3,3
2021-07-28 15:06:35.340,17030,17032,17032,1,1
2021-07-28 15:06:36.038,17030,17032,17032,2,2
2021-07-28 15:06:36.475,17030,17032,17030,1,-1
2021-07-28 15:06:37.088,17031,17032,17032,1,1
2021-07-28 15:06:37.200,17031,17032,17032,1,1
2021-07-28 15:06:37.200,17031,17032,17032,1,1
2021-07-28 15:06:37.200,17031,17032,17032,1,1
2021-07-28 15:06:37.823,17031,17032,17031,1,-1
2021-07-28 15:06:38.037,17030,17032,17032,1,1
2021-07-28 15:06:38.037,17030,17032,17033,1,1
2021-07-28 15:06:38.501,17030,17033,17033,5,5
2021-07-28 15:06:38.991,17031,17032,17031,1,-1
2021-07-28 15:06:39.322,17030,17032,17030,3,-3
2021-07-28 15:06:39.832,17030,17032,17030,1,-1
2021-07-28 15:06:39.948,17031,17032,17031,1,1
2021-07-28 15:06:40.321,17031,17032,17032,1,1
2021-07-28 15:06:40.447,17031,17032,17032,4,4
2021-07-28 15:06:40.447,17031,17032,17032,1,1
2021-07-28 15:06:40.447,17031,17032,17032,1,1
2021-07-28 15:06:40.448,17031,17032,17032,2,2
2021-07-28 15:06:41.820,17031,17032,17031,2,-2
2021-07-28 15:06:42.025,17030,17032,17030,2,-2
2021-07-28 15:06:42.052,17030,17032,17032,1,1
2021-07-28 15:06:42.452,17031,17033,17033,1,1
2021-07-28 15:06:43.372,17032,17033,17032,1,-1
2021-07-28 15:06:43.409,17032,17033,17032,1,-1
2021-07-28 15:06:43.434,17032,17033,17033,1,1
2021-07-28 15:06:43.639,17030,17033,17033,4,4
2021-07-28 15:06:46.308,17032,17033,17033,1,1
2021-07-28 15:06:47.073,17032,17033,17032,6,-6
2021-07-28 15:06:47.376,17030,17032,17030,1,-1
2021-07-28 15:06:47.948,17030,17032,17030,20,-20
2021-07-28 15:06:48.198,17029,17030,17029,5,-5
2021-07-28 15:06:48.631,17028,17030,17030,1,1
2021-07-28 15:06:49.111,17028,17030,17030,1,1
2021-07-28 15:06:51.328,17028,17030,17028,1,-1
2021-07-28 15:06:51.859,17028,17030,17028,14,-14
2021-07-28 15:06:52.073,17027,17028,17027,1,-1
2021-07-28 15:06:52.257,17026,17028,17028,1,1
2021-07-28 15:06:52.323,17027,17028,17027,1,-1
2021-07-28 15:06:53.966,17027,17028,17028,1,1
2021-07-28 15:06:54.155,17027,17029,17028,1,-1
2021-07-28 15:06:56.637,17026,17027,17026,2,-2
2021-07-28 15:06:56.638,17026,17027,17026,4,-4
2021-07-28 15:06:56.638,17026,17027,17026,1,-1
2021-07-28 15:06:56.638,17026,17027,17026,3,-3
2021-07-28 15:06:56.638,17026,17027,17026,4,-4
2021-07-28 15:06:56.825,17025,17026,17025,1,-1
2021-07-28 15:06:56.827,17025,17026,17025,3,-3
2021-07-28 15:06:57.933,17025,17026,17025,1,-1
2021-07-28 15:06:58.383,17025,17026,17026,1,1
2021-07-28 15:06:58.712,17026,17028,17026,1,-1
2021-07-28 15:07:01.025,17027,17028,17028,2,2
2021-07-28 15:07:01.318,17027,17029,17027,1,-1
2021-07-28 15:07:01.680,17027,17029,17027,1,-1
2021-07-28 15:07:02.369,17026,17028,17028,1,1
2021-07-28 15:07:02.449,17026,17028,17028,1,1
2021-07-28 15:07:02.758,17025,17028,17025,2,-2
2021-07-28 15:07:03.377,17025,17026,17026,1,1
2021-07-28 15:07:04.573,17025,17028,17027,2,2
2021-07-28 15:07:05.483,17025,17028,17025,1,-1
2021-07-28 15:07:05.573,17025,17026,17025,3,-3
2021-07-28 15:07:05.573,17025,17026,17025,11,-11
2021-07-28 15:07:06.215,17023,17025,17025,1,1
2021-07-28 15:07:06.465,17023,17026,17026,1,1
2021-07-28 15:07:07.864,17023,17025,17025,1,1
2021-07-28 15:07:08.161,17023,17025,17025,1,1
2021-07-28 15:07:09.064,17024,17025,17025,1,1
2021-07-28 15:07:09.348,17024,17025,17024,2,-2
2021-07-28 15:07:09.569,17023,17024,17023,1,-1
2021-07-28 15:07:09.674,17023,17024,17024,1,1
2021-07-28 15:07:09.690,17023,17024,17023,1,-1
2021-07-28 15:07:09.699,17023,17024,17023,1,-1
2021-07-28 15:07:10.671,17023,17024,17024,1,1
2021-07-28 15:07:12.069,17023,17024,17023,4,-4
2021-07-28 15:07:12.123,17022,17023,17023,2,2
2021-07-28 15:07:13.608,17022,17023,17023,1,1
2021-07-28 15:07:13.608,17022,17023,17023,3,3
2021-07-28 15:07:13.608,17022,17023,17023,1,1
2021-07-28 15:07:15.052,17023,17024,17023,1,-1
2021-07-28 15:07:15.098,17023,17024,17023,2,-2
2021-07-28 15:07:16.446,17022,17024,17022,5,-5
2021-07-28 15:07:16.446,17022,17024,17021,5,-5
2021-07-28 15:07:19.290,17022,17023,17023,1,1
2021-07-28 15:07:19.324,17022,17023,17023,1,1
2021-07-28 15:07:20.018,17023,17024,17023,1,-1
2021-07-28 15:07:22.999,17023,17024,17024,5,5
2021-07-28 15:07:23.127,17023,17025,17023,1,-1
2021-07-28 15:07:23.572,17024,17025,17024,3,3
2021-07-28 15:07:25.817,17023,17024,17023,1,-1
2021-07-28 15:07:26.376,17023,17024,17024,1,1
2021-07-28 15:07:26.441,17023,17024,17023,3,-3
2021-07-28 15:07:28.154,17023,17024,17024,2,2
2021-07-28 15:07:28.199,17023,17024,17024,1,1
2021-07-28 15:07:32.247,17023,17024,17023,1,-1
2021-07-28 15:07:32.247,17023,17024,17023,7,-7
2021-07-28 15:07:32.256,17023,17024,17022,4,-4
2021-07-28 15:07:37.975,17021,17023,17023,4,4
2021-07-28 15:07:37.976,17021,17023,17023,6,6
2021-07-28 15:07:39.743,17022,17024,17024,1,1
2021-07-28 15:07:41.944,17022,17023,17022,8,-8
2021-07-28 15:07:41.944,17022,17023,17022,1,-1
2021-07-28 15:07:41.944,17022,17023,17022,5,-5
2021-07-28 15:07:42.464,17021,17022,17021,10,-10
2021-07-28 15:07:42.711,17020,17021,17020,10,-10
2021-07-28 15:07:42.712,17020,17021,17019,2,-2
2021-07-28 15:07:42.935,17018,17019,17019,1,1
2021-07-28 15:07:43.448,17018,17019,17018,2,-2
2021-07-28 15:07:43.461,17018,17019,17017,1,-1
2021-07-28 15:07:43.878,17017,17018,17018,1,1
2021-07-28 15:07:45.037,17018,17020,17017,1,-1
2021-07-28 15:07:47.164,17017,17019,17017,1,-1
2021-07-28 15:07:48.628,17017,17019,17017,2,-2
2021-07-28 15:07:49.378,17017,17019,17018,1,1
2021-07-28 15:07:49.887,17017,17019,17017,5,-5
2021-07-28 15:07:49.966,17017,17019,17017,1,-1
2021-07-28 15:07:50.772,17017,17018,17017,2,-2
2021-07-28 15:07:50.772,17017,17018,17016,1,-1
2021-07-28 15:07:52.664,17016,17017,17017,1,1
2021-07-28 15:07:53.727,17017,17018,17018,1,1
2021-07-28 15:07:53.823,17017,17019,17017,1,-1
2021-07-28 15:07:55.445,17017,17018,17017,2,-2
2021-07-28 15:07:56.639,17016,17018,17016,1,-1
2021-07-28 15:07:56.648,17016,17018,17018,1,1
2021-07-28 15:07:57.007,17016,17018,17016,1,-1
2021-07-28 15:07:58.058,17016,17018,17018,2,2
2021-07-28 15:07:58.722,17017,17019,17017,8,-8
2021-07-28 15:07:58.722,17017,17019,17016,5,-5
2021-07-28 15:07:58.722,17017,17019,17015,2,-2
2021-07-28 15:07:59.025,17015,17017,17017,4,4
2021-07-28 15:07:59.025,17015,17017,17017,1,1
2021-07-28 15:07:59.427,17016,17017,17017,1,1
2021-07-28 15:08:00.286,17016,17019,17016,3,-3
2021-07-28 15:08:00.337,17015,17018,17018,1,1
2021-07-28 15:08:00.540,17017,17019,17017,1,-1
2021-07-28 15:08:03.323,17016,17017,17016,1,-1
2021-07-28 15:08:04.405,17015,17016,17016,1,1
2021-07-28 15:08:05.363,17015,17016,17015,1,-1
2021-07-28 15:08:05.654,17015,17016,17015,2,-2
2021-07-28 15:08:06.952,17014,17016,17015,1,-1
2021-07-28 15:08:07.014,17014,17016,17016,1,1
2021-07-28 15:08:07.076,17014,17016,17016,1,1
2021-07-28 15:08:09.996,17016,17017,17017,5,5
2021-07-28 15:08:09.996,17016,17017,17017,4,4
2021-07-28 15:08:10.075,17017,17019,17019,1,1
2021-07-28 15:08:10.075,17017,17019,17019,1,1
2021-07-28 15:08:10.127,17017,17019,17020,1,1
2021-07-28 15:08:12.123,17018,17019,17019,1,1
2021-07-28 15:08:13.448,17019,17020,17020,1,1
2021-07-28 15:08:13.448,17019,17020,17020,2,2
2021-07-28 15:08:13.595,17020,17021,17020,3,-3
2021-07-28 15:08:14.081,17019,17021,17021,2,2
2021-07-28 15:08:14.081,17019,17021,17021,2,2
2021-07-28 15:08:15.434,17021,17022,17022,1,1
2021-07-28 15:08:16.823,17021,17023,17021,3,-3
2021-07-28 15:08:18.479,17020,17021,17021,2,2
2021-07-28 15:08:18.575,17020,17023,17023,1,1
2021-07-28 15:08:18.576,17020,17023,17023,1,1
2021-07-28 15:08:18.638,17020,17023,17023,1,1
2021-07-28 15:08:18.638,17020,17023,17024,1,1
2021-07-28 15:08:18.774,17022,17024,17022,1,-1
2021-07-28 15:08:19.581,17020,17023,17021,1,-1
2021-07-28 15:08:20.688,17021,17023,17021,2,-2
2021-07-28 15:08:22.038,17021,17023,17021,1,-1
2021-07-28 15:08:23.121,17021,17023,17023,2,2
2021-07-28 15:08:23.121,17021,17023,17024,1,1
2021-07-28 15:08:23.937,17022,17024,17024,3,3
2021-07-28 15:08:28.704,17024,17025,17025,2,2
2021-07-28 15:08:28.966,17024,17026,17024,1,-1
2021-07-28 15:08:29.948,17024,17026,17024,1,-1
2021-07-28 15:08:30.074,17023,17026,17026,1,1
2021-07-28 15:08:30.725,17024,17026,17024,1,-1
2021-07-28 15:08:34.268,17023,17025,17025,4,4
2021-07-28 15:08:34.268,17023,17025,17026,3,3
2021-07-28 15:08:34.399,17024,17026,17024,1,-1
2021-07-28 15:08:35.599,17024,17025,17025,1,1
2021-07-28 15:08:35.698,17025,17026,17025,6,-6
2021-07-28 15:08:37.665,17024,17025,17024,1,-1
2021-07-28 15:08:37.994,17023,17024,17024,1,1
2021-07-28 15:08:41.834,17024,17025,17024,7,-7
2021-07-28 15:08:41.949,17023,17024,17024,1,1
2021-07-28 15:08:41.949,17023,17024,17025,1,1
2021-07-28 15:08:41.950,17023,17024,17025,1,1
2021-07-28 15:08:41.950,17023,17024,17025,1,1
2021-07-28 15:08:42.163,17023,17025,17024,1,-1
2021-07-28 15:08:43.870,17024,17025,17024,1,-1
2021-07-28 15:08:45.998,17023,17024,17024,2,2
2021-07-28 15:08:46.833,17023,17024,17023,2,-2
2021-07-28 15:08:47.813,17022,17024,17022,1,-1
2021-07-28 15:08:47.813,17022,17024,17022,1,-1
2021-07-28 15:08:47.813,17022,17024,17022,1,-1
2021-07-28 15:08:50.975,17023,17024,17024,2,2
2021-07-28 15:08:51.126,17024,17025,17024,1,-1
2021-07-28 15:08:57.081,17023,17024,17023,1,-1
2021-07-28 15:08:58.127,17023,17024,17024,1,1
2021-07-28 15:08:58.877,17023,17025,17025,1,1
2021-07-28 15:08:58.877,17023,17025,17025,1,1
2021-07-28 15:08:58.877,17023,17025,17025,1,1
2021-07-28 15:08:58.877,17023,17025,17025,2,2
2021-07-28 15:08:58.877,17023,17025,17025,4,4
2021-07-28 15:08:58.877,17023,17025,17025,1,1
2021-07-28 15:08:58.877,17023,17025,17025,8,8
2021-07-28 15:08:59.049,17024,17026,17024,1,-1
2021-07-28 15:09:00.450,17024,17026,17024,1,-1
2021-07-28 15:09:01.185,17024,17026,17026,2,2
2021-07-28 15:09:05.593,17023,17025,17023,1,-1
2021-07-28 15:09:05.594,17023,17025,17023,4,-4
2021-07-28 15:09:05.598,17023,17025,17024,1,1
2021-07-28 15:09:05.823,17021,17022,17021,5,-5
2021-07-28 15:09:05.909,17021,17022,17022,2,2
2021-07-28 15:09:07.875,17021,17022,17022,1,1
2021-07-28 15:09:10.548,17021,17023,17023,1,1
2021-07-28 15:09:10.576,17021,17023,17023,1,1
2021-07-28 15:09:12.294,17023,17024,17024,1,1
2021-07-28 15:09:12.294,17023,17024,17024,2,2
2021-07-28 15:09:12.295,17023,17024,17024,1,1
2021-07-28 15:09:12.462,17023,17026,17023,1,-1
2021-07-28 15:09:18.566,17023,17025,17023,3,-3
2021-07-28 15:09:19.422,17023,17025,17023,1,-1
2021-07-28 15:09:23.327,17021,17022,17021,2,-2
2021-07-28 15:09:24.503,17020,17021,17020,3,-3
2021-07-28 15:09:27.282,17021,17022,17021,5,5
2021-07-28 15:09:28.029,17021,17022,17021,1,-1
2021-07-28 15:09:30.264,17020,17022,17020,1,-1
2021-07-28 15:09:34.041,17019,17021,17019,5,-5
2021-07-28 15:09:36.063,17019,17021,17019,2,-2
2021-07-28 15:09:40.011,17019,17021,17019,1,-1
2021-07-28 15:09:40.473,17018,17021,17018,1,-1
2021-07-28 15:09:40.713,17019,17020,17019,1,1
2021-07-28 15:09:42.478,17018,17019,17019,1,1
2021-07-28 15:09:42.502,17018,17019,17019,1,1
2021-07-28 15:09:43.192,17018,17019,17019,1,1
2021-07-28 15:09:51.554,17019,17021,17019,1,-1
2021-07-28 15:09:57.114,17018,17019,17018,2,-2
2021-07-28 15:10:00.073,17018,17019,17019,1,1
2021-07-28 15:10:00.073,17018,17019,17019,1,1
2021-07-28 15:10:01.843,17017,17019,17019,1,1
2021-07-28 15:10:02.480,17018,17019,17019,1,1
2021-07-28 15:10:02.698,17018,17019,17019,1,1
2021-07-28 15:10:02.761,17018,17019,17018,1,-1
2021-07-28 15:10:03.009,17017,17020,17018,1,-1
2021-07-28 15:10:06.200,17019,17020,17020,1,1
2021-07-28 15:10:06.200,17019,17020,17020,1,1
2021-07-28 15:10:06.200,17019,17020,17020,1,1
2021-07-28 15:10:06.200,17019,17020,17020,1,1
2021-07-28 15:10:07.947,17020,17021,17021,4,4
2021-07-28 15:10:09.324,17020,17021,17020,1,-1
2021-07-28 15:10:09.813,17019,17021,17019,1,-1
2021-07-28 15:10:11.045,17020,17021,17021,1,1
2021-07-28 15:10:14.333,17019,17021,17019,1,-1
2021-07-28 15:10:15.418,17020,17021,17021,1,1
2021-07-28 15:10:16.927,17020,17022,17020,1,-1
2021-07-28 15:10:21.911,17019,17020,17020,1,1
2021-07-28 15:10:22.247,17019,17020,17020,1,1
2021-07-28 15:10:24.314,17020,17021,17020,1,-1
2021-07-28 15:10:28.215,17020,17021,17020,1,-1
2021-07-28 15:10:32.477,17019,17020,17019,4,-4
2021-07-28 15:10:32.915,17019,17020,17019,1,-1
2021-07-28 15:10:34.134,17019,17020,17020,1,1
2021-07-28 15:10:34.134,17019,17020,17020,2,2
2021-07-28 15:10:34.190,17019,17020,17021,1,1
2021-07-28 15:10:34.573,17021,17022,17021,1,-1
2021-07-28 15:10:34.593,17021,17022,17021,1,-1
2021-07-28 15:10:41.392,17019,17021,17019,1,-1
2021-07-28 15:10:43.439,17018,17020,17020,1,1
2021-07-28 15:10:44.393,17019,17021,17019,1,-1
2021-07-28 15:10:49.033,17019,17021,17019,1,-1
2021-07-28 15:10:50.667,17019,17021,17019,1,-1
2021-07-28 15:10:51.515,17020,17021,17021,2,2
2021-07-28 15:10:57.725,17019,17021,17021,1,1
2021-07-28 15:10:59.973,17019,17021,17021,1,1
2021-07-28 15:11:00.927,17020,17022,17021,1,-1
2021-07-28 15:11:04.966,17019,17020,17020,3,3
2021-07-28 15:11:05.932,17019,17021,17021,1,1
2021-07-28 15:11:06.833,17019,17020,17019,10,-10
2021-07-28 15:11:09.715,17019,17020,17019,1,-1
2021-07-28 15:11:10.385,17018,17019,17018,3,-3
2021-07-28 15:11:10.386,17018,17019,17018,1,-1
2021-07-28 15:11:10.386,17018,17019,17018,4,-4
2021-07-28 15:11:10.522,17017,17018,17018,1,1
2021-07-28 15:11:14.898,17019,17020,17019,1,1
2021-07-28 15:11:20.136,17019,17020,17020,3,3
2021-07-28 15:11:20.225,17019,17021,17019,1,-1
2021-07-28 15:11:25.785,17019,17020,17019,1,-1
2021-07-28 15:11:30.129,17019,17020,17019,2,-2
2021-07-28 15:11:32.221,17018,17020,17018,3,-3
2021-07-28 15:11:32.221,17018,17020,17018,1,-1
2021-07-28 15:11:32.221,17018,17020,17018,1,-1
2021-07-28 15:11:32.221,17018,17020,17018,4,-4
2021-07-28 15:11:32.221,17018,17020,17018,1,-1
2021-07-28 15:11:32.221,17018,17020,17018,1,-1
2021-07-28 15:11:33.579,17017,17018,17018,1,1
2021-07-28 15:11:34.039,17017,17018,17017,1,-1
2021-07-28 15:11:34.039,17017,17018,17017,3,-3
2021-07-28 15:11:34.039,17017,17018,17017,4,-4
2021-07-28 15:11:34.039,17017,17018,17017,2,-2
2021-07-28 15:11:34.039,17017,17018,17017,1,-1
2021-07-28 15:11:34.039,17017,17018,17017,1,-1
2021-07-28 15:11:34.175,17016,17017,17017,1,1
2021-07-28 15:11:39.002,17016,17017,17017,1,1
2021-07-28 15:11:39.002,17016,17017,17017,1,1
2021-07-28 15:11:41.340,17016,17019,17016,7,-7
2021-07-28 15:11:41.557,17016,17018,17016,3,-3
2021-07-28 15:11:43.709,17016,17019,17019,1,1
2021-07-28 15:11:44.108,17017,17018,17017,2,-2
2021-07-28 15:11:44.108,17017,17018,17016,3,-3
2021-07-28 15:11:45.561,17017,17018,17018,1,1
2021-07-28 15:11:49.406,17016,17018,17016,1,-1
2021-07-28 15:11:51.569,17016,17017,17016,1,-1
2021-07-28 15:11:52.235,17015,17016,17016,4,4
2021-07-28 15:11:52.236,17015,17016,17016,1,1
2021-07-28 15:11:52.439,17015,17017,17015,1,-1
2021-07-28 15:11:52.508,17015,17016,17015,1,-1
2021-07-28 15:11:53.264,17015,17016,17015,22,-22
2021-07-28 15:11:53.265,17015,17016,17014,1,-1
2021-07-28 15:11:53.266,17015,17016,17014,2,-2
2021-07-28 15:11:53.357,17014,17015,17014,1,-1
2021-07-28 15:11:53.411,17014,17015,17015,1,1
2021-07-28 15:11:54.810,17014,17015,17014,1,-1
2021-07-28 15:11:55.464,17014,17015,17014,8,-8
2021-07-28 15:11:55.689,17013,17014,17013,3,-3
2021-07-28 15:11:56.363,17013,17014,17013,1,-1
2021-07-28 15:11:56.481,17013,17014,17014,5,5
2021-07-28 15:11:56.974,17013,17014,17013,2,-2
2021-07-28 15:11:58.443,17013,17014,17013,1,-1
2021-07-28 15:11:58.444,17013,17014,17013,1,-1
2021-07-28 15:11:58.444,17013,17014,17013,1,-1
2021-07-28 15:11:58.444,17013,17014,17013,2,-2
2021-07-28 15:11:58.444,17013,17014,17013,1,-1
2021-07-28 15:11:58.444,17013,17014,17013,1,-1
2021-07-28 15:11:58.448,17013,17014,17013,2,-2
2021-07-28 15:11:58.550,17013,17014,17013,1,-1
2021-07-28 15:11:59.433,17012,17013,17013,1,1
2021-07-28 15:12:02.654,17012,17013,17012,1,-1
2021-07-28 15:12:02.776,17012,17013,17012,2,-2
2021-07-28 15:12:02.943,17012,17013,17013,1,1
2021-07-28 15:12:02.945,17012,17013,17013,1,1
2021-07-28 15:12:04.235,17012,17013,17012,1,-1
2021-07-28 15:12:04.235,17012,17013,17012,2,-2
2021-07-28 15:12:04.388,17011,17013,17012,1,-1
2021-07-28 15:12:05.925,17012,17013,17012,1,-1
2021-07-28 15:12:06.605,17012,17013,17012,1,-1
2021-07-28 15:12:06.783,17011,17013,17011,1,-1
2021-07-28 15:12:07.305,17011,17012,17012,1,1
2021-07-28 15:12:08.523,17011,17012,17011,1,-1
2021-07-28 15:12:09.060,17011,17012,17012,2,2
2021-07-28 15:12:11.163,17012,17013,17012,1,-1
2021-07-28 15:12:11.817,17011,17012,17011,8,-8
2021-07-28 15:12:11.817,17011,17012,17010,16,-16
2021-07-28 15:12:11.817,17011,17012,17009,5,-5
2021-07-28 15:12:11.818,17011,17012,17009,1,-1
2021-07-28 15:12:11.886,17008,17010,17008,1,-1
2021-07-28 15:12:11.935,17008,17010,17010,1,1
2021-07-28 15:12:11.941,17008,17010,17010,1,1
2021-07-28 15:12:12.201,17009,17011,17009,1,-1
2021-07-28 15:12:12.202,17009,17011,17009,2,-2
2021-07-28 15:12:12.202,17009,17011,17008,1,-1
2021-07-28 15:12:14.571,17010,17012,17010,1,1
2021-07-28 15:12:14.811,17010,17012,17012,1,1
2021-07-28 15:12:15.530,17010,17012,17010,1,-1
2021-07-28 15:12:16.984,17011,17012,17011,1,1
2021-07-28 15:12:17.248,17010,17012,17010,1,-1
2021-07-28 15:12:20.568,17009,17010,17009,1,-1
2021-07-28 15:12:20.616,17008,17009,17009,1,1
2021-07-28 15:12:21.037,17008,17010,17008,1,-1
2021-07-28 15:12:22.122,17008,17009,17008,1,-1
2021-07-28 15:12:22.718,17008,17009,17008,5,-5
2021-07-28 15:12:23.225,17008,17009,17008,1,-1
2021-07-28 15:12:24.102,17008,17009,17008,2,-2
2021-07-28 15:12:24.670,17008,17009,17009,1,1
2021-07-28 15:12:24.857,17008,17009,17009,1,1
2021-07-28 15:12:24.966,17008,17010,17008,1,-1
2021-07-28 15:12:26.441,17009,17010,17009,1,1
2021-07-28 15:12:26.631,17008,17010,17008,1,-1
2021-07-28 15:12:27.770,17007,17009,17009,1,1
2021-07-28 15:12:31.245,17008,17010,17008,5,-5
2021-07-28 15:12:31.892,17007,17008,17008,1,1
2021-07-28 15:12:32.173,17008,17009,17008,1,-1
2021-07-28 15:12:32.365,17008,17009,17009,1,1
2021-07-28 15:12:32.365,17008,17009,17009,1,1
2021-07-28 15:12:32.383,17008,17009,17010,2,2
2021-07-28 15:12:32.383,17008,17009,17010,3,3
2021-07-28 15:12:32.620,17010,17011,17010,1,-1
2021-07-28 15:12:33.065,17010,17011,17010,1,-1
2021-07-28 15:12:35.555,17010,17011,17010,1,-1
2021-07-28 15:12:35.961,17010,17011,17010,1,-1
2021-07-28 15:12:36.638,17010,17011,17010,1,-1
2021-07-28 15:12:38.560,17009,17011,17011,1,1
2021-07-28 15:12:42.500,17009,17010,17010,2,2
2021-07-28 15:12:42.782,17009,17010,17009,1,-1
2021-07-28 15:12:42.782,17009,17010,17009,1,-1
2021-07-28 15:12:43.853,17008,17010,17008,1,-1
2021-07-28 15:12:44.019,17008,17010,17008,1,-1
2021-07-28 15:12:44.713,17008,17010,17009,1,1
2021-07-28 15:12:45.671,17008,17010,17008,1,-1
2021-07-28 15:12:46.304,17008,17010,17010,1,1
2021-07-28 15:12:46.338,17008,17010,17008,1,-1
2021-07-28 15:12:47.141,17008,17010,17010,1,1
2021-07-28 15:12:47.701,17009,17010,17010,3,3
2021-07-28 15:12:53.654,17008,17010,17009,1,-1
2021-07-28 15:12:55.340,17008,17009,17009,1,1
2021-07-28 15:12:56.090,17009,17010,17009,2,-2
2021-07-28 15:12:56.627,17008,17010,17008,2,-2
2021-07-28 15:13:00.164,17008,17009,17008,2,-2
2021-07-28 15:13:00.273,17008,17009,17008,13,-13
2021-07-28 15:13:02.864,17008,17009,17008,6,-6
2021-07-28 15:13:02.864,17008,17009,17007,1,-1
2021-07-28 15:13:02.996,17007,17009,17007,1,-1
2021-07-28 15:13:03.198,17008,17009,17008,1,1
2021-07-28 15:13:03.403,17007,17009,17009,2,2
2021-07-28 15:13:04.113,17007,17009,17007,7,-7
2021-07-28 15:13:05.042,17007,17008,17008,1,1
2021-07-28 15:13:05.296,17007,17008,17007,2,-2
2021-07-28 15:13:05.296,17007,17008,17006,5,-5
2021-07-28 15:13:06.276,17007,17009,17007,3,3
2021-07-28 15:13:06.276,17007,17009,17006,4,-4
2021-07-28 15:13:07.067,17007,17009,17007,2,2
2021-07-28 15:13:07.257,17006,17009,17006,7,-7
2021-07-28 15:13:07.907,17006,17008,17006,1,-1
2021-07-28 15:13:13.117,17006,17007,17006,3,-3
2021-07-28 15:13:14.329,17006,17007,17007,8,8
2021-07-28 15:13:17.946,17007,17008,17007,2,-2
2021-07-28 15:13:19.318,17006,17007,17007,1,1
2021-07-28 15:13:20.702,17006,17007,17006,4,-4
2021-07-28 15:13:21.106,17006,17007,17007,1,1
2021-07-28 15:13:22.287,17006,17007,17007,2,2
2021-07-28 15:13:25.370,17007,17008,17007,1,-1
2021-07-28 15:13:28.306,17006,17007,17006,2,-2
2021-07-28 15:13:28.449,17006,17007,17007,1,1
2021-07-28 15:13:30.467,17006,17008,17008,1,1
2021-07-28 15:13:34.157,17006,17007,17006,1,-1
2021-07-28 15:13:35.067,17006,17007,17007,4,4
2021-07-28 15:13:35.068,17006,17007,17007,1,1
2021-07-28 15:13:36.615,17006,17008,17007,2,-2
2021-07-28 15:13:38.760,17007,17008,17007,5,-5
2021-07-28 15:13:41.665,17007,17008,17008,5,5
2021-07-28 15:13:43.389,17008,17009,17009,1,1
2021-07-28 15:13:46.322,17009,17010,17010,1,1
2021-07-28 15:13:46.323,17009,17010,17010,1,1
2021-07-28 15:13:46.323,17009,17010,17010,4,4
2021-07-28 15:13:46.323,17009,17010,17010,3,3
2021-07-28 15:13:46.713,17009,17011,17009,2,-2
2021-07-28 15:13:50.198,17010,17011,17011,4,4
2021-07-28 15:13:50.417,17010,17012,17010,2,-2
2021-07-28 15:13:52.433,17010,17012,17012,1,1
2021-07-28 15:13:52.662,17010,17012,17010,1,-1
2021-07-28 15:13:52.663,17010,17012,17010,1,-1
2021-07-28 15:13:53.933,17009,17011,17011,10,10
2021-07-28 15:13:56.274,17011,17012,17011,1,-1
2021-07-28 15:13:56.274,17011,17012,17010,1,-1
2021-07-28 15:13:56.662,17010,17011,17010,10,-10
2021-07-28 15:13:57.694,17010,17011,17011,1,1
2021-07-28 15:14:00.288,17010,17011,17010,1,-1
2021-07-28 15:14:00.288,17010,17011,17010,1,-1
2021-07-28 15:14:00.496,17009,17011,17009,1,-1
2021-07-28 15:14:00.679,17009,17011,17009,2,-2
2021-07-28 15:14:00.794,17009,17010,17009,3,-3
2021-07-28 15:14:00.799,17009,17010,17008,1,-1
2021-07-28 15:14:00.866,17008,17010,17009,1,1
2021-07-28 15:14:00.873,17008,17010,17008,1,-1
2021-07-28 15:14:01.910,17008,17009,17008,6,-6
2021-07-28 15:14:01.911,17008,17009,17008,2,-2
2021-07-28 15:14:01.911,17008,17009,17008,1,-1
2021-07-28 15:14:01.911,17008,17009,17008,2,-2
2021-07-28 15:14:01.911,17008,17009,17008,1,-1
2021-07-28 15:14:01.911,17008,17009,17008,2,-2
2021-07-28 15:14:02.238,17008,17009,17009,1,1
2021-07-28 15:14:02.693,17008,17009,17008,1,-1
2021-07-28 15:14:02.755,17007,17009,17007,2,-2
2021-07-28 15:14:03.769,17007,17009,17009,1,1
2021-07-28 15:14:06.758,17007,17009,17008,1,-1
2021-07-28 15:14:06.758,17007,17009,17007,1,-1
2021-07-28 15:14:08.898,17007,17009,17007,1,-1
2021-07-28 15:14:09.333,17007,17009,17007,2,-2
2021-07-28 15:14:10.735,17008,17009,17008,2,2
2021-07-28 15:14:11.734,17008,17009,17009,1,1
2021-07-28 15:14:13.023,17008,17010,17008,4,-4
2021-07-28 15:14:15.327,17008,17010,17008,1,-1
2021-07-28 15:14:17.939,17008,17010,17008,1,-1
2021-07-28 15:14:19.912,17008,17010,17009,1,1
2021-07-28 15:14:20.056,17008,17010,17009,1,-1
2021-07-28 15:14:20.511,17008,17010,17008,1,-1
2021-07-28 15:14:21.264,17008,17010,17008,1,-1
2021-07-28 15:14:22.268,17008,17010,17008,2,-2
2021-07-28 15:14:25.276,17008,17010,17008,1,-1
2021-07-28 15:14:26.195,17008,17010,17008,2,-2
2021-07-28 15:14:28.196,17008,17010,17008,2,-2
2021-07-28 15:14:30.153,17008,17009,17009,1,1
2021-07-28 15:14:31.547,17008,17010,17008,2,-2
2021-07-28 15:14:39.147,17008,17010,17008,1,-1
2021-07-28 15:14:44.473,17008,17010,17008,1,-1
2021-07-28 15:14:46.365,17008,17010,17008,1,-1
2021-07-28 15:14:49.512,17008,17009,17009,1,1
2021-07-28 15:14:49.700,17008,17009,17008,4,-4
2021-07-28 15:14:50.322,17007,17009,17007,2,-2
2021-07-28 15:14:50.322,17007,17009,17009,2,2
2021-07-28 15:14:51.597,17007,17009,17007,2,-2
2021-07-28 15:14:54.448,17007,17009,17007,2,-2
2021-07-28 15:14:58.797,17007,17008,17007,6,-6
2021-07-28 15:14:58.797,17007,17008,17007,2,-2
2021-07-28 15:14:58.797,17007,17008,17007,1,-1
2021-07-28 15:14:58.797,17007,17008,17007,5,-5
2021-07-28 15:14:59.070,17006,17007,17007,1,1
2021-07-28 15:15:08.126,17006,17007,17007,1,1
2021-07-28 15:15:08.487,17006,17007,17006,6,-6
2021-07-28 15:15:08.858,17006,17007,17006,1,-1
2021-07-28 15:15:09.005,17006,17007,17006,3,-3
2021-07-28 15:15:09.564,17006,17007,17007,1,1
2021-07-28 15:15:11.778,17006,17007,17007,1,1
2021-07-28 15:15:12.410,17006,17007,17006,1,-1
2021-07-28 15:15:12.426,17006,17007,17006,1,-1
2021-07-28 15:15:17.704,17006,17007,17006,1,-1
2021-07-28 15:15:18.016,17006,17007,17007,8,8
2021-07-28 15:15:18.718,17007,17008,17007,2,-2
2021-07-28 15:15:20.944,17005,17008,17005,2,-2
2021-07-28 15:15:20.948,17005,17008,17005,13,-13
2021-07-28 15:15:20.948,17005,17008,17004,12,-12
2021-07-28 15:15:21.125,17005,17006,17005,1,1
2021-07-28 15:15:22.749,17004,17006,17004,2,-2
2021-07-28 15:15:22.906,17004,17006,17004,2,-2
2021-07-28 15:15:25.354,17004,17005,17005,1,1
2021-07-28 15:15:25.681,17004,17005,17004,1,-1
2021-07-28 15:15:26.419,17004,17005,17004,1,-1
2021-07-28 15:15:27.019,17004,17005,17004,1,-1
2021-07-28 15:15:28.174,17003,17004,17003,2,-2
2021-07-28 15:15:28.243,17003,17004,17003,2,-2
2021-07-28 15:15:28.856,17003,17004,17003,1,-1
2021-07-28 15:15:29.178,17003,17004,17003,2,-2
2021-07-28 15:15:30.699,17003,17004,17003,1,-1
2021-07-28 15:15:31.535,17003,17004,17004,1,1
2021-07-28 15:15:32.755,17003,17004,17003,2,-2
2021-07-28 15:15:32.823,17003,17004,17003,15,-15
2021-07-28 15:15:33.755,17003,17004,17003,2,-2
2021-07-28 15:15:34.454,17003,17004,17003,1,-1
2021-07-28 15:15:34.785,17002,17004,17002,2,-2
2021-07-28 15:15:35.211,17003,17004,17003,1,1
2021-07-28 15:15:35.310,17003,17004,17002,3,-3
2021-07-28 15:15:35.630,17002,17003,17003,1,1
2021-07-28 15:15:35.655,17002,17003,17003,1,1
2021-07-28 15:15:36.083,17002,17004,17002,1,-1
2021-07-28 15:15:37.037,17002,17004,17002,2,-2
2021-07-28 15:15:39.030,17002,17004,17002,2,-2
2021-07-28 15:15:40.832,17002,17003,17002,1,-1
2021-07-28 15:15:40.832,17002,17003,17002,1,-1
2021-07-28 15:15:40.832,17002,17003,17002,4,-4
2021-07-28 15:15:40.838,17002,17003,17002,1,-1
2021-07-28 15:15:40.838,17002,17003,17002,1,-1
2021-07-28 15:15:40.838,17002,17003,17002,4,-4
2021-07-28 15:15:40.838,17002,17003,17002,1,-1
2021-07-28 15:15:41.893,17001,17003,17001,3,-3
2021-07-28 15:15:42.029,17001,17003,17001,1,-1
2021-07-28 15:15:42.584,17001,17002,17001,1,-1
2021-07-28 15:15:42.681,17001,17002,17002,1,1
2021-07-28 15:15:44.811,17001,17002,17002,1,1
2021-07-28 15:15:44.962,17001,17002,17002,1,1
2021-07-28 15:15:45.737,17001,17002,17001,1,-1
2021-07-28 15:15:47.275,17001,17002,17002,8,8
2021-07-28 15:15:47.440,17002,17003,17003,1,1
2021-07-28 15:15:48.045,17003,17004,17004,9,9
2021-07-28 15:15:48.197,17004,17005,17005,1,1
2021-07-28 15:15:48.484,17004,17005,17005,2,2
2021-07-28 15:15:48.669,17004,17007,17004,5,-5
2021-07-28 15:15:49.514,17005,17006,17005,1,1
2021-07-28 15:15:52.455,17005,17006,17005,1,-1
2021-07-28 15:15:53.047,17004,17005,17005,1,1
2021-07-28 15:15:53.912,17005,17006,17005,1,-1
2021-07-28 15:15:53.912,17005,17006,17005,1,-1
2021-07-28 15:15:53.912,17005,17006,17005,1,-1
2021-07-28 15:15:54.204,17004,17005,17005,1,1
2021-07-28 15:15:54.782,17004,17006,17006,1,1
2021-07-28 15:15:56.614,17004,17006,17006,1,1
2021-07-28 15:15:57.867,17005,17006,17005,1,-1
2021-07-28 15:16:00.282,17004,17005,17004,1,-1
2021-07-28 15:16:00.359,17004,17005,17005,1,1
2021-07-28 15:16:00.685,17004,17005,17004,1,-1
2021-07-28 15:16:06.081,17004,17005,17005,1,1
2021-07-28 15:16:06.083,17004,17005,17005,1,1
2021-07-28 15:16:07.296,17004,17006,17004,1,-1
2021-07-28 15:16:07.918,17004,17006,17004,2,-2
2021-07-28 15:16:10.055,17004,17005,17005,1,1
2021-07-28 15:16:11.827,17006,17007,17007,1,1
2021-07-28 15:16:13.112,17006,17007,17006,1,-1
2021-07-28 15:16:14.520,17005,17007,17005,1,-1
2021-07-28 15:16:15.252,17006,17007,17006,1,1
2021-07-28 15:16:16.378,17005,17006,17006,1,1
2021-07-28 15:16:20.194,17005,17007,17005,3,-3
2021-07-28 15:16:21.071,17005,17007,17006,1,1
2021-07-28 15:16:21.851,17005,17006,17006,1,1
2021-07-28 15:16:21.992,17005,17007,17005,2,-2
2021-07-28 15:16:22.408,17005,17007,17006,4,4
2021-07-28 15:16:22.408,17005,17007,17007,1,1
2021-07-28 15:16:22.609,17006,17007,17007,1,1
2021-07-28 15:16:22.609,17006,17007,17008,4,4
2021-07-28 15:16:23.082,17006,17008,17006,1,-1
2021-07-28 15:16:24.252,17005,17007,17007,1,1
2021-07-28 15:16:25.172,17005,17007,17007,1,1
2021-07-28 15:16:26.076,17006,17007,17006,1,-1
2021-07-28 15:16:27.559,17006,17007,17006,1,-1
2021-07-28 15:16:32.402,17007,17008,17007,1,1
2021-07-28 15:16:35.581,17007,17008,17007,12,-12
2021-07-28 15:16:35.581,17007,17008,17006,1,-1
2021-07-28 15:16:35.582,17007,17008,17006,1,-1
2021-07-28 15:16:35.997,17007,17008,17007,1,1
2021-07-28 15:16:40.366,17007,17008,17007,1,-1
2021-07-28 15:16:40.452,17007,17008,17008,7,7
2021-07-28 15:16:40.653,17008,17010,17008,1,-1
2021-07-28 15:16:40.655,17008,17010,17008,1,-1
2021-07-28 15:16:42.730,17009,17010,17010,2,2
2021-07-28 15:16:44.068,17009,17010,17009,1,-1
2021-07-28 15:16:44.199,17008,17010,17008,1,-1
2021-07-28 15:16:44.547,17008,17010,17008,1,-1
2021-07-28 15:16:46.999,17008,17009,17008,1,-1
2021-07-28 15:16:48.769,17007,17009,17009,5,5
2021-07-28 15:16:49.307,17007,17009,17009,5,5
2021-07-28 15:16:52.320,17008,17009,17009,3,3
2021-07-28 15:16:54.134,17008,17009,17009,1,1
2021-07-28 15:16:56.711,17008,17010,17009,1,-1
2021-07-28 15:16:57.601,17009,17010,17010,2,2
2021-07-28 15:17:01.874,17009,17010,17010,2,2
2021-07-28 15:17:02.179,17009,17010,17010,1,1
2021-07-28 15:17:02.345,17009,17010,17010,1,1
2021-07-28 15:17:02.352,17009,17010,17010,2,2
2021-07-28 15:17:02.352,17009,17010,17010,6,6
2021-07-28 15:17:02.669,17009,17011,17011,2,2
2021-07-28 15:17:02.946,17009,17011,17011,2,2
2021-07-28 15:17:03.297,17009,17011,17011,2,2
2021-07-28 15:17:04.672,17009,17010,17009,1,-1
2021-07-28 15:17:04.864,17008,17009,17009,2,2
2021-07-28 15:17:05.273,17008,17009,17009,2,2
2021-07-28 15:17:05.952,17008,17009,17008,1,-1
2021-07-28 15:17:06.078,17008,17009,17008,2,-2
2021-07-28 15:17:07.170,17007,17009,17009,2,2
2021-07-28 15:17:09.942,17007,17008,17007,1,-1
2021-07-28 15:17:09.942,17007,17008,17007,1,-1
2021-07-28 15:17:09.948,17006,17007,17006,1,-1
2021-07-28 15:17:11.316,17005,17007,17007,1,1
2021-07-28 15:17:12.080,17005,17006,17006,1,1
2021-07-28 15:17:15.956,17005,17006,17006,3,3
2021-07-28 15:17:16.289,17005,17006,17006,2,2
2021-07-28 15:17:16.390,17006,17007,17007,1,1
2021-07-28 15:17:19.863,17006,17008,17008,1,1
2021-07-28 15:17:23.488,17006,17008,17006,2,-2
2021-07-28 15:17:26.606,17006,17007,17006,1,-1
2021-07-28 15:17:35.948,17005,17006,17005,3,-3
2021-07-28 15:17:35.948,17005,17006,17005,1,-1
2021-07-28 15:17:35.948,17005,17006,17005,4,-4
2021-07-28 15:17:36.355,17004,17005,17005,1,1
2021-07-28 15:17:37.848,17004,17006,17004,5,-5
2021-07-28 15:17:40.641,17003,17004,17003,7,-7
2021-07-28 15:17:40.824,17002,17003,17003,1,1
2021-07-28 15:17:44.156,17002,17003,17002,2,-2
2021-07-28 15:17:51.712,17002,17003,17002,1,-1
2021-07-28 15:17:51.718,17002,17003,17002,6,-6
2021-07-28 15:17:52.942,17001,17002,17001,2,-2
2021-07-28 15:17:53.215,17001,17003,17001,1,-1
2021-07-28 15:17:53.498,17002,17003,17002,1,1
2021-07-28 15:17:53.723,17001,17003,17001,1,-1
2021-07-28 15:17:55.340,17001,17003,17002,1,1
2021-07-28 15:17:55.340,17001,17003,17001,3,-3
2021-07-28 15:17:57.632,17001,17002,17002,1,1
2021-07-28 15:17:58.925,17001,17002,17002,1,1
2021-07-28 15:17:59.051,17001,17002,17001,2,-2
2021-07-28 15:18:00.135,17001,17002,17001,1,-1
2021-07-28 15:18:00.135,17001,17002,17001,4,-4
2021-07-28 15:18:00.135,17001,17002,17001,12,-12
2021-07-28 15:18:00.135,17001,17002,17001,2,-2
2021-07-28 15:18:00.137,17001,17002,17000,1,-1
2021-07-28 15:18:00.137,17001,17002,17000,4,-4
2021-07-28 15:18:00.137,17001,17002,17000,1,-1
2021-07-28 15:18:00.138,17001,17002,17000,4,-4
2021-07-28 15:18:00.138,17001,17002,17000,1,-1
2021-07-28 15:18:00.138,17001,17002,17000,1,-1
2021-07-28 15:18:00.138,17001,17002,17000,1,-1
2021-07-28 15:18:00.138,17001,17002,17000,4,-4
2021-07-28 15:18:00.138,17001,17002,17000,1,-1
2021-07-28 15:18:00.138,17001,17002,17000,1,-1
2021-07-28 15:18:00.140,17001,17002,17000,1,-1
2021-07-28 15:18:00.189,17001,17002,17000,11,-11
2021-07-28 15:18:00.258,16999,17000,17000,1,1
2021-07-28 15:18:01.186,16999,17000,16999,9,-9
2021-07-28 15:18:01.299,16998,16999,16999,1,1
2021-07-28 15:18:01.382,16998,16999,16998,1,-1
2021-07-28 15:18:01.840,16998,16999,16999,1,1
2021-07-28 15:18:01.876,16998,16999,16998,2,-2
2021-07-28 15:18:02.886,16998,16999,16998,3,-3
2021-07-28 15:18:03.707,16997,16998,16997,2,-2
2021-07-28 15:18:04.040,16997,16998,16998,1,1
2021-07-28 15:18:04.867,16997,16998,16998,2,2
2021-07-28 15:18:06.167,16997,16998,16998,1,1
2021-07-28 15:18:06.434,16997,16998,16997,1,-1
2021-07-28 15:18:07.966,16997,16998,16997,2,-2
2021-07-28 15:18:08.455,16997,16998,16998,1,1
2021-07-28 15:18:08.499,16997,16998,16997,1,-1
2021-07-28 15:18:08.643,16997,16998,16997,1,-1
2021-07-28 15:18:08.730,16997,16998,16998,1,1
2021-07-28 15:18:08.917,16997,16998,16997,1,-1
2021-07-28 15:18:08.946,16997,16998,16998,1,1
2021-07-28 15:18:10.117,16997,16998,16997,1,-1
2021-07-28 15:18:10.136,16997,16998,16997,1,-1
2021-07-28 15:18:11.479,16997,16998,16997,1,-1
2021-07-28 15:18:11.479,16997,16998,16996,3,-3
2021-07-28 15:18:11.533,16997,16998,16996,3,-3
2021-07-28 15:18:12.116,16996,16997,16997,1,1
2021-07-28 15:18:13.276,16996,16997,16997,1,1
2021-07-28 15:18:14.468,16995,16997,16997,1,1
2021-07-28 15:18:15.159,16995,16997,16997,5,5
2021-07-28 15:18:20.341,16996,16997,16996,1,-1
2021-07-28 15:18:21.355,16996,16997,16996,1,-1
2021-07-28 15:18:21.355,16996,16997,16995,5,-5
2021-07-28 15:18:21.554,16996,16997,16996,1,1
2021-07-28 15:18:21.554,16996,16997,16995,9,-9
2021-07-28 15:18:22.648,16995,16997,16995,1,-1
2021-07-28 15:18:22.724,16995,16996,16995,2,-2
2021-07-28 15:18:22.781,16995,16996,16996,1,1
2021-07-28 15:18:24.273,16994,16996,16996,2,2
2021-07-28 15:18:24.273,16994,16996,16997,2,2
2021-07-28 15:18:24.358,16995,16997,16994,5,-5
2021-07-28 15:18:24.413,16995,16997,16996,1,1
2021-07-28 15:18:24.504,16994,16996,16994,2,-2
2021-07-28 15:18:25.570,16994,16995,16995,1,1
2021-07-28 15:18:25.631,16995,16997,16997,1,1
2021-07-28 15:18:26.533,16996,16997,16997,3,3
2021-07-28 15:18:26.630,16997,16998,16998,5,5
2021-07-28 15:18:29.828,16996,16998,16996,1,-1
2021-07-28 15:18:31.512,16995,16996,16996,3,3
2021-07-28 15:18:32.946,16996,16997,16996,1,-1
2021-07-28 15:18:32.947,16996,16997,16996,1,-1
2021-07-28 15:18:33.536,16995,16996,16995,1,-1
2021-07-28 15:18:35.296,16993,16996,16993,1,-1
2021-07-28 15:18:36.391,16993,16995,16993,1,-1
2021-07-28 15:18:40.003,16993,16994,16993,4,-4
2021-07-28 15:18:40.019,16993,16994,16992,1,-1
2021-07-28 15:18:40.117,16992,16993,16992,2,-2
2021-07-28 15:18:40.503,16992,16993,16993,1,1
2021-07-28 15:18:40.720,16992,16993,16993,5,5
2021-07-28 15:18:43.503,16992,16993,16992,13,-13
2021-07-28 15:18:43.566,16992,16993,16992,1,-1
2021-07-28 15:18:43.642,16991,16992,16991,1,-1
2021-07-28 15:18:43.642,16991,16992,16991,2,-2
2021-07-28 15:18:43.642,16991,16992,16991,1,-1
2021-07-28 15:18:44.530,16991,16992,16992,1,1
2021-07-28 15:18:45.380,16991,16992,16991,1,-1
2021-07-28 15:18:45.644,16991,16992,16991,1,-1
2021-07-28 15:18:45.644,16991,16992,16990,2,-2
2021-07-28 15:18:45.738,16990,16992,16990,1,-1
2021-07-28 15:18:45.907,16990,16992,16990,1,-1
2021-07-28 15:18:47.124,16991,16992,16991,3,3
2021-07-28 15:18:47.124,16991,16992,16990,1,-1
2021-07-28 15:18:47.470,16990,16992,16992,1,1
2021-07-28 15:18:47.664,16990,16992,16990,2,-2
2021-07-28 15:18:48.302,16990,16992,16992,1,1
2021-07-28 15:18:48.682,16991,16993,16992,1,-1
2021-07-28 15:18:48.682,16991,16993,16991,8,-8
2021-07-28 15:18:49.015,16991,16993,16991,3,-3
2021-07-28 15:18:49.015,16991,16993,16991,1,-1
2021-07-28 15:18:49.146,16990,16993,16990,6,-6
2021-07-28 15:18:49.322,16990,16992,16991,1,1
2021-07-28 15:18:49.409,16990,16992,16990,2,-2
2021-07-28 15:18:49.748,16990,16993,16990,1,-1
2021-07-28 15:18:49.757,16990,16993,16990,1,-1
2021-07-28 15:18:50.111,16990,16993,16992,1,1
2021-07-28 15:18:50.400,16991,16993,16991,1,-1
2021-07-28 15:18:51.294,16991,16993,16991,1,-1
2021-07-28 15:18:51.456,16991,16993,16992,1,1
2021-07-28 15:18:51.599,16991,16993,16992,1,-1
2021-07-28 15:18:52.380,16992,16993,16992,1,-1
2021-07-28 15:18:53.023,16991,16992,16992,5,5
2021-07-28 15:18:53.130,16992,16993,16993,5,5
2021-07-28 15:18:53.131,16992,16993,16993,22,22
2021-07-28 15:18:54.932,16993,16994,16994,1,1
2021-07-28 15:18:55.138,16993,16994,16993,1,-1
2021-07-28 15:18:55.429,16992,16994,16993,1,-1
2021-07-28 15:18:55.430,16992,16994,16993,4,-4
2021-07-28 15:18:55.545,16993,16995,16994,1,1
2021-07-28 15:18:57.367,16993,16994,16993,1,-1
2021-07-28 15:18:57.637,16992,16994,16994,1,1
2021-07-28 15:19:00.577,16993,16995,16994,1,-1
2021-07-28 15:19:02.318,16994,16995,16994,2,-2
2021-07-28 15:19:02.318,16994,16995,16993,2,-2
2021-07-28 15:19:02.516,16993,16995,16994,1,1
2021-07-28 15:19:03.073,16993,16994,16994,1,1
2021-07-28 15:19:03.563,16993,16995,16994,1,-1
2021-07-28 15:19:03.895,16993,16995,16994,1,-1
2021-07-28 15:19:04.557,16993,16995,16995,1,1
2021-07-28 15:19:05.460,16994,16995,16995,2,2
2021-07-28 15:19:05.460,16994,16995,16996,1,1
2021-07-28 15:19:06.376,16995,16996,16995,1,-1
2021-07-28 15:19:06.408,16995,16996,16994,1,-1
2021-07-28 15:19:06.735,16994,16996,16996,3,3
2021-07-28 15:19:10.520,16996,16997,16997,1,1
2021-07-28 15:19:10.520,16996,16997,16997,1,1
2021-07-28 15:19:11.757,16997,16998,16997,1,-1
2021-07-28 15:19:13.708,16996,16998,16996,1,-1
2021-07-28 15:19:16.067,16996,16998,16996,1,-1
2021-07-28 15:19:17.340,16996,16997,16996,1,-1
2021-07-28 15:19:17.680,16995,16996,16996,1,1
2021-07-28 15:19:18.043,16995,16996,16996,3,3
2021-07-28 15:19:18.682,16996,16997,16996,2,-2
2021-07-28 15:19:19.811,16995,16997,16997,1,1
2021-07-28 15:19:20.598,16996,16997,16997,1,1
2021-07-28 15:19:20.855,16996,16998,16998,5,5
2021-07-28 15:19:22.430,16997,16999,16997,1,-1
2021-07-28 15:19:23.375,16997,16999,16999,1,1
2021-07-28 15:19:23.620,16997,16999,16999,1,1
2021-07-28 15:19:23.639,16997,16999,16998,1,-1
2021-07-28 15:19:24.473,16998,16999,16998,1,-1
2021-07-28 15:19:24.473,16998,16999,16997,6,-6
2021-07-28 15:19:24.473,16998,16999,16996,2,-2
2021-07-28 15:19:26.310,16997,16998,16997,2,2
2021-07-28 15:19:27.765,16996,16998,16998,1,1
2021-07-28 15:19:30.096,16996,16998,16998,1,1
2021-07-28 15:19:33.227,16998,16999,16999,1,1
2021-07-28 15:19:35.377,16998,17000,17000,1,1
2021-07-28 15:19:36.426,16998,17000,17000,4,4
2021-07-28 15:19:36.884,16999,17001,17001,3,3
2021-07-28 15:19:42.145,16999,17001,17000,1,-1
2021-07-28 15:19:42.245,17000,17001,17001,1,1
2021-07-28 15:19:44.706,17001,17002,17001,1,-1
2021-07-28 15:19:47.863,17000,17001,17000,1,-1
2021-07-28 15:19:48.370,16999,17000,17000,1,1
2021-07-28 15:19:48.447,16999,17000,17001,1,1
2021-07-28 15:19:56.263,16999,17000,17000,2,2
2021-07-28 15:19:57.507,16999,17001,16999,2,-2
2021-07-28 15:19:59.979,16999,17001,16999,2,-2
2021-07-28 15:20:02.505,16999,17001,17001,1,1
2021-07-28 15:20:02.573,16999,17000,17000,1,1
2021-07-28 15:20:02.769,16999,17001,17001,2,2
2021-07-28 15:20:02.844,16999,17001,17001,1,1
2021-07-28 15:20:03.291,16999,17001,16999,1,-1
2021-07-28 15:20:03.408,16999,17001,16999,1,-1
2021-07-28 15:20:03.418,16999,17001,16999,1,-1
2021-07-28 15:20:13.158,16998,17000,16998,2,-2
2021-07-28 15:20:14.217,16998,16999,16998,1,-1
2021-07-28 15:20:14.528,16998,16999,16998,2,-2
2021-07-28 15:20:15.557,16997,16999,16999,1,1
2021-07-28 15:20:16.239,16996,16999,16998,1,-1
2021-07-28 15:20:21.411,16998,16999,16999,1,1
2021-07-28 15:20:22.730,16998,17000,17000,4,4
2021-07-28 15:20:24.704,16999,17000,17000,1,1
2021-07-28 15:20:26.774,16998,17000,16998,3,-3
2021-07-28 15:20:26.784,16998,17000,17000,1,1
2021-07-28 15:20:27.400,16999,17000,16999,1,-1
2021-07-28 15:20:28.769,16998,17000,16998,1,-1
2021-07-28 15:20:31.573,16999,17000,17000,11,11
2021-07-28 15:20:33.073,16999,17000,17000,1,1
2021-07-28 15:20:33.198,16999,17000,17000,1,1
2021-07-28 15:20:37.134,16999,17001,16999,1,-1
2021-07-28 15:20:37.260,16998,17000,17000,1,1
2021-07-28 15:20:38.023,16998,17000,17000,1,1
2021-07-28 15:20:42.284,16999,17000,17000,3,3
2021-07-28 15:20:42.323,17000,17001,17001,1,1
2021-07-28 15:20:43.385,17001,17002,17002,5,5
2021-07-28 15:20:43.386,17001,17002,17002,1,1
2021-07-28 15:20:43.386,17001,17002,17002,1,1
2021-07-28 15:20:44.241,17002,17003,17003,1,1
2021-07-28 15:20:46.670,17002,17003,17003,1,1
2021-07-28 15:20:46.670,17002,17003,17003,1,1
2021-07-28 15:20:46.671,17002,17003,17003,2,2
2021-07-28 15:20:54.977,17001,17003,17003,1,1
2021-07-28 15:20:55.070,17001,17003,17002,1,-1
2021-07-28 15:20:55.273,17002,17003,17002,2,-2
2021-07-28 15:21:00.196,17002,17003,17003,1,1
2021-07-28 15:21:00.196,17002,17003,17003,2,2
2021-07-28 15:21:01.547,17002,17004,17004,1,1
2021-07-28 15:21:01.547,17002,17004,17004,2,2
2021-07-28 15:21:01.853,17004,17005,17005,9,9
2021-07-28 15:21:02.018,17004,17006,17004,1,-1
2021-07-28 15:21:03.470,17004,17006,17006,1,1
2021-07-28 15:21:04.026,17004,17006,17006,1,1
2021-07-28 15:21:04.109,17004,17006,17006,2,2
2021-07-28 15:21:04.263,17004,17007,17004,1,-1
2021-07-28 15:21:04.751,17004,17006,17004,1,-1
2021-07-28 15:21:04.758,17004,17006,17006,3,3
2021-07-28 15:21:04.758,17004,17006,17007,1,1
2021-07-28 15:21:04.876,17005,17007,17007,1,1
2021-07-28 15:21:06.397,17005,17007,17005,2,-2
2021-07-28 15:21:06.794,17005,17006,17006,1,1
2021-07-28 15:21:07.095,17005,17006,17006,6,6
2021-07-28 15:21:07.095,17005,17006,17007,2,2
2021-07-28 15:21:09.479,17006,17007,17006,1,-1
2021-07-28 15:21:12.893,17006,17007,17006,4,-4
2021-07-28 15:21:15.513,17005,17007,17007,5,5
2021-07-28 15:21:21.781,17005,17007,17007,1,1
2021-07-28 15:21:25.644,17006,17007,17007,1,1
2021-07-28 15:21:26.129,17006,17007,17006,1,-1
2021-07-28 15:21:26.904,17006,17007,17006,1,-1
2021-07-28 15:21:27.625,17006,17007,17007,1,1
2021-07-28 15:21:28.370,17006,17007,17007,1,1
2021-07-28 15:21:28.543,17006,17007,17007,1,1
2021-07-28 15:21:28.633,17006,17007,17006,1,-1
2021-07-28 15:21:28.850,17006,17007,17007,1,1
2021-07-28 15:21:29.417,17006,17008,17007,1,-1
2021-07-28 15:21:32.729,17006,17007,17007,1,1
2021-07-28 15:21:32.830,17006,17008,17008,7,7
2021-07-28 15:21:32.830,17006,17008,17009,3,3
2021-07-28 15:21:34.953,17006,17007,17007,1,1
2021-07-28 15:21:36.901,17007,17009,17009,2,2
2021-07-28 15:21:38.221,17008,17009,17008,1,-1
2021-07-28 15:21:38.672,17008,17009,17008,1,-1
2021-07-28 15:21:40.271,17008,17009,17009,2,2
2021-07-28 15:21:40.323,17009,17010,17010,1,1
2021-07-28 15:21:41.792,17009,17010,17010,1,1
2021-07-28 15:21:41.792,17009,17010,17010,3,3
2021-07-28 15:21:41.792,17009,17010,17010,1,1
2021-07-28 15:21:41.792,17009,17010,17010,1,1
2021-07-28 15:21:41.792,17009,17010,17010,7,7
2021-07-28 15:21:42.441,17010,17011,17010,1,-1
2021-07-28 15:21:42.441,17010,17011,17010,1,-1
2021-07-28 15:21:43.310,17009,17011,17011,1,1
2021-07-28 15:21:44.953,17009,17011,17011,1,1
2021-07-28 15:21:46.027,17010,17011,17011,1,1
2021-07-28 15:21:46.675,17011,17012,17011,1,-1
2021-07-28 15:21:47.854,17009,17010,17009,1,-1
2021-07-28 15:21:49.707,17009,17010,17009,1,-1
2021-07-28 15:21:51.976,17009,17011,17011,1,1
2021-07-28 15:21:52.521,17009,17010,17010,1,1
2021-07-28 15:21:52.660,17009,17011,17011,1,1
2021-07-28 15:21:56.933,17010,17011,17011,1,1
2021-07-28 15:21:56.933,17010,17011,17012,2,2
2021-07-28 15:21:56.935,17010,17011,17012,1,1
2021-07-28 15:21:58.305,17011,17012,17011,1,-1
2021-07-28 15:21:59.475,17011,17012,17011,1,-1
2021-07-28 15:22:02.713,17009,17011,17009,1,-1
2021-07-28 15:22:03.103,17009,17011,17011,1,1
2021-07-28 15:22:03.387,17009,17011,17011,1,1
2021-07-28 15:22:03.431,17009,17011,17011,1,1
2021-07-28 15:22:04.315,17010,17011,17011,2,2
2021-07-28 15:22:04.316,17010,17011,17011,1,1
2021-07-28 15:22:05.574,17011,17012,17011,2,-2
2021-07-28 15:22:06.370,17010,17012,17010,1,-1
2021-07-28 15:22:06.555,17010,17011,17010,2,-2
2021-07-28 15:22:06.739,17009,17010,17009,9,-9
2021-07-28 15:22:06.739,17009,17010,17009,2,-2
2021-07-28 15:22:06.739,17009,17010,17009,1,-1
2021-07-28 15:22:07.100,17008,17009,17008,9,-9
2021-07-28 15:22:07.100,17008,17009,17008,1,-1
2021-07-28 15:22:07.100,17008,17009,17008,2,-2
2021-07-28 15:22:08.018,17007,17008,17007,1,-1
2021-07-28 15:22:08.018,17007,17008,17007,2,-2
2021-07-28 15:22:08.018,17007,17008,17007,1,-1
2021-07-28 15:22:09.936,17006,17008,17007,1,-1
2021-07-28 15:22:10.952,17006,17008,17008,1,1
2021-07-28 15:22:18.172,17007,17008,17008,3,3
2021-07-28 15:22:18.172,17007,17008,17008,2,2
2021-07-28 15:22:18.172,17007,17008,17008,1,1
2021-07-28 15:22:20.137,17007,17008,17008,1,1
2021-07-28 15:22:20.361,17008,17009,17009,1,1
2021-07-28 15:22:20.361,17008,17009,17009,1,1
2021-07-28 15:22:22.320,17010,17011,17010,1,1
2021-07-28 15:22:26.239,17009,17011,17010,1,-1
2021-07-28 15:22:29.011,17009,17010,17010,1,1
2021-07-28 15:22:29.546,17009,17010,17009,2,-2
2021-07-28 15:22:29.546,17009,17010,17009,1,-1
2021-07-28 15:22:31.711,17008,17010,17008,1,-1
2021-07-28 15:22:34.282,17008,17010,17008,1,-1
2021-07-28 15:22:34.283,17008,17010,17008,1,-1
2021-07-28 15:22:34.658,17007,17008,17007,5,-5
2021-07-28 15:22:34.658,17007,17008,17007,1,-1
2021-07-28 15:22:34.658,17007,17008,17007,1,-1
2021-07-28 15:22:34.658,17007,17008,17007,1,-1
2021-07-28 15:22:34.659,17007,17008,17007,4,-4
2021-07-28 15:22:38.615,17006,17007,17006,1,-1
2021-07-28 15:22:38.615,17006,17007,17006,1,-1
2021-07-28 15:22:38.615,17006,17007,17006,3,-3
2021-07-28 15:22:39.889,17005,17006,17005,1,-1
2021-07-28 15:22:40.008,17004,17006,17004,2,-2
2021-07-28 15:22:45.066,17004,17007,17004,1,-1
2021-07-28 15:22:50.046,17005,17008,17005,1,1
2021-07-28 15:22:54.845,17007,17009,17008,1,1
2021-07-28 15:22:59.199,17008,17009,17009,1,1
2021-07-28 15:22:59.199,17008,17009,17009,1,1
2021-07-28 15:22:59.330,17008,17011,17008,1,-1
2021-07-28 15:23:01.082,17008,17009,17008,1,-1
2021-07-28 15:23:07.577,17008,17010,17008,1,-1
2021-07-28 15:23:10.296,17008,17010,17010,1,1
2021-07-28 15:23:11.080,17009,17010,17010,1,1
2021-07-28 15:23:11.378,17010,17011,17011,1,1
2021-07-28 15:23:11.378,17010,17011,17011,1,1
2021-07-28 15:23:12.727,17011,17012,17011,1,-1
2021-07-28 15:23:13.295,17011,17012,17011,3,-3
2021-07-28 15:23:13.295,17011,17012,17010,1,-1
2021-07-28 15:23:13.895,17010,17012,17010,1,-1
2021-07-28 15:23:15.201,17011,17012,17012,13,13
2021-07-28 15:23:16.208,17012,17013,17012,1,-1
2021-07-28 15:23:17.847,17011,17013,17011,1,-1
2021-07-28 15:23:17.854,17011,17013,17011,1,-1
2021-07-28 15:23:17.929,17011,17013,17013,2,2
2021-07-28 15:23:18.925,17012,17013,17012,1,-1
2021-07-28 15:23:20.232,17011,17012,17011,1,-1
2021-07-28 15:23:21.026,17011,17012,17012,1,1
2021-07-28 15:23:23.719,17012,17013,17013,1,1
2021-07-28 15:23:23.721,17012,17013,17013,2,2
2021-07-28 15:23:24.209,17012,17013,17013,1,1
2021-07-28 15:23:24.606,17013,17014,17013,1,-1
2021-07-28 15:23:25.530,17011,17013,17011,1,-1
2021-07-28 15:23:28.042,17011,17013,17011,1,-1
2021-07-28 15:23:29.489,17012,17013,17012,2,2
2021-07-28 15:23:31.097,17012,17013,17012,1,-1
2021-07-28 15:23:34.094,17012,17013,17012,3,-3
2021-07-28 15:23:37.205,17012,17013,17013,1,1
2021-07-28 15:23:37.310,17012,17013,17013,1,1
2021-07-28 15:23:37.311,17012,17013,17013,1,1
2021-07-28 15:23:38.657,17012,17013,17012,4,-4
2021-07-28 15:23:38.658,17012,17013,17012,3,-3
2021-07-28 15:23:42.161,17011,17013,17012,1,-1
2021-07-28 15:23:46.135,17011,17012,17012,1,1
2021-07-28 15:23:47.622,17012,17013,17013,2,2
2021-07-28 15:23:48.104,17012,17014,17012,1,-1
2021-07-28 15:23:48.367,17012,17014,17012,2,-2
2021-07-28 15:23:48.368,17012,17014,17012,4,-4
2021-07-28 15:23:49.987,17012,17013,17012,1,-1
2021-07-28 15:23:50.240,17011,17012,17012,1,1
2021-07-28 15:23:51.788,17011,17012,17011,1,-1
2021-07-28 15:23:54.999,17010,17011,17010,1,-1
2021-07-28 15:23:55.159,17009,17010,17009,1,-1
2021-07-28 15:23:55.527,17009,17010,17010,1,1
2021-07-28 15:24:00.118,17009,17010,17009,1,-1
2021-07-28 15:24:00.118,17009,17010,17009,1,-1
2021-07-28 15:24:01.323,17008,17009,17009,3,3
2021-07-28 15:24:01.387,17008,17009,17010,1,1
2021-07-28 15:24:03.213,17009,17010,17010,1,1
2021-07-28 15:24:05.158,17009,17010,17009,1,-1
2021-07-28 15:24:05.225,17009,17010,17009,1,-1
2021-07-28 15:24:11.172,17009,17010,17009,2,-2
2021-07-28 15:24:19.913,17009,17010,17010,2,2
2021-07-28 15:24:21.702,17009,17010,17009,1,-1
2021-07-28 15:24:22.428,17009,17010,17009,1,-1
2021-07-28 15:24:24.420,17009,17010,17009,5,-5
2021-07-28 15:24:34.093,17008,17009,17009,1,1
2021-07-28 15:24:43.180,17008,17009,17009,1,1
2021-07-28 15:24:46.199,17008,17009,17008,5,-5
2021-07-28 15:24:47.153,17008,17009,17009,1,1
2021-07-28 15:25:00.189,17008,17010,17009,1,-1
2021-07-28 15:25:00.448,17008,17010,17010,6,6
2021-07-28 15:25:06.071,17009,17011,17009,1,-1
2021-07-28 15:25:08.751,17008,17009,17008,1,-1
2021-07-28 15:25:16.850,17008,17009,17009,1,1
2021-07-28 15:25:22.026,17009,17010,17010,1,1
2021-07-28 15:25:22.026,17009,17010,17010,1,1
2021-07-28 15:25:22.026,17009,17010,17010,2,2
2021-07-28 15:25:22.026,17009,17010,17010,2,2
2021-07-28 15:25:35.877,17010,17011,17010,6,-6
2021-07-28 15:25:43.535,17010,17011,17010,1,-1
2021-07-28 15:25:45.105,17009,17011,17009,1,-1
2021-07-28 15:25:45.105,17009,17011,17009,2,-2
2021-07-28 15:25:45.105,17009,17011,17009,1,-1
2021-07-28 15:25:45.105,17009,17011,17009,4,-4
2021-07-28 15:25:45.105,17009,17011,17009,2,-2
2021-07-28 15:25:51.825,17008,17010,17008,1,-1
2021-07-28 15:25:57.373,17009,17010,17009,2,2
2021-07-28 15:26:01.592,17008,17010,17010,3,3
2021-07-28 15:26:04.640,17009,17010,17009,1,-1
2021-07-28 15:26:09.064,17008,17009,17008,5,-5
2021-07-28 15:26:09.085,17007,17008,17007,1,-1
2021-07-28 15:26:09.289,17007,17008,17007,1,-1
2021-07-28 15:26:21.362,17007,17009,17007,2,-2
2021-07-28 15:26:23.691,17007,17009,17009,2,2
2021-07-28 15:26:29.760,17007,17008,17007,1,-1
2021-07-28 15:26:29.761,17007,17008,17007,1,-1
2021-07-28 15:26:37.604,17006,17007,17006,1,-1
2021-07-28 15:26:40.258,17005,17006,17005,4,-4
2021-07-28 15:26:40.367,17004,17006,17004,1,-1
2021-07-28 15:26:41.855,17005,17006,17006,1,1
2021-07-28 15:26:42.605,17005,17006,17005,1,-1
2021-07-28 15:26:43.097,17005,17006,17005,1,-1
2021-07-28 15:26:44.023,17004,17005,17004,1,-1
2021-07-28 15:26:44.296,17004,17005,17005,6,6
2021-07-28 15:26:46.005,17004,17005,17004,1,-1
2021-07-28 15:26:46.629,17004,17005,17004,6,-6
2021-07-28 15:26:46.629,17004,17005,17004,1,-1
2021-07-28 15:26:46.630,17004,17005,17004,11,-11
2021-07-28 15:26:46.630,17004,17005,17004,1,-1
2021-07-28 15:26:46.630,17004,17005,17004,1,-1
2021-07-28 15:26:51.617,17003,17004,17004,1,1
2021-07-28 15:26:55.789,17003,17004,17003,1,-1
2021-07-28 15:26:55.796,17003,17004,17002,2,-2
2021-07-28 15:26:56.711,17002,17004,17002,1,-1
2021-07-28 15:26:56.790,17002,17004,17002,1,-1
2021-07-28 15:26:58.789,17002,17003,17002,1,-1
2021-07-28 15:26:59.592,17002,17003,17002,1,-1
2021-07-28 15:26:59.810,17002,17003,17002,1,-1
2021-07-28 15:27:03.036,17002,17003,17002,3,-3
2021-07-28 15:27:03.036,17002,17003,17001,2,-2
2021-07-28 15:27:06.314,17001,17002,17001,1,-1
2021-07-28 15:27:06.432,17001,17002,17002,2,2
2021-07-28 15:27:08.975,17001,17002,17001,1,-1
2021-07-28 15:27:12.084,17001,17002,17001,1,-1
2021-07-28 15:27:12.500,17001,17002,17001,1,-1
2021-07-28 15:27:12.500,17001,17002,17001,1,-1
2021-07-28 15:27:13.614,17000,17002,17000,1,-1
2021-07-28 15:27:13.809,17000,17002,17000,1,-1
2021-07-28 15:27:13.859,17000,17002,17000,1,-1
2021-07-28 15:27:14.159,17000,17001,17001,1,1
2021-07-28 15:27:16.533,17000,17001,17001,1,1
2021-07-28 15:27:17.525,17000,17001,17001,1,1
2021-07-28 15:27:19.750,17001,17002,17001,1,-1
2021-07-28 15:27:19.751,17001,17002,17001,2,-2
2021-07-28 15:27:23.612,17000,17001,17001,1,1
2021-07-28 15:27:23.956,17001,17002,17002,1,1
2021-07-28 15:27:25.580,17001,17004,17004,1,1
2021-07-28 15:27:27.397,17003,17004,17004,1,1
2021-07-28 15:27:28.293,17003,17005,17003,1,-1
2021-07-28 15:27:32.772,17003,17004,17003,1,-1
2021-07-28 15:27:33.419,17003,17004,17003,1,-1
2021-07-28 15:27:35.260,17002,17004,17002,1,-1
2021-07-28 15:27:36.644,17002,17004,17004,2,2
2021-07-28 15:27:38.010,17004,17005,17004,1,-1
2021-07-28 15:27:40.517,17004,17005,17005,2,2
2021-07-28 15:27:42.093,17004,17005,17004,1,-1
2021-07-28 15:27:45.974,17004,17005,17004,1,-1
2021-07-28 15:27:54.876,17004,17005,17004,2,-2
2021-07-28 15:27:55.045,17003,17004,17003,1,-1
2021-07-28 15:27:55.046,17003,17004,17003,1,-1
2021-07-28 15:27:57.887,17003,17005,17003,1,-1
2021-07-28 15:28:02.683,17004,17005,17005,1,1
2021-07-28 15:28:03.346,17004,17006,17006,1,1
2021-07-28 15:28:07.925,17005,17006,17005,1,-1
2021-07-28 15:28:07.925,17005,17006,17005,2,-2
2021-07-28 15:28:07.931,17005,17006,17004,1,-1
2021-07-28 15:28:18.613,17005,17006,17005,1,1
2021-07-28 15:28:19.183,17005,17006,17006,1,1
2021-07-28 15:28:19.981,17005,17006,17005,1,-1
2021-07-28 15:28:20.065,17005,17006,17004,1,-1
2021-07-28 15:28:43.010,17003,17004,17004,3,3
2021-07-28 15:28:49.171,17003,17004,17004,1,1
2021-07-28 15:28:49.322,17003,17004,17004,1,1
2021-07-28 15:28:53.052,17003,17004,17004,1,1
2021-07-28 15:28:57.746,17004,17005,17004,1,-1
2021-07-28 15:29:02.338,17003,17004,17004,1,1
2021-07-28 15:29:02.476,17003,17005,17005,1,1
2021-07-28 15:29:07.042,17003,17004,17003,5,-5
2021-07-28 15:29:13.194,17003,17004,17004,1,1
2021-07-28 15:29:14.112,17003,17004,17003,1,-1
2021-07-28 15:29:16.878,17002,17003,17003,1,1
2021-07-28 15:29:17.064,17002,17004,17002,1,-1
2021-07-28 15:29:17.639,17003,17004,17003,1,1
2021-07-28 15:29:18.676,17002,17003,17003,1,1
2021-07-28 15:29:23.533,17002,17003,17002,4,-4
2021-07-28 15:29:23.533,17002,17003,17002,1,-1
2021-07-28 15:29:23.534,17002,17003,17002,1,-1
2021-07-28 15:29:25.887,17001,17002,17002,1,1
2021-07-28 15:29:28.825,17002,17003,17002,1,-1
2021-07-28 15:29:29.541,17001,17002,17002,1,1
2021-07-28 15:29:30.596,17001,17002,17001,4,-4
2021-07-28 15:29:30.833,17000,17001,17001,6,6
2021-07-28 15:29:31.227,17000,17001,17001,1,1
2021-07-28 15:29:32.157,17000,17001,17000,1,-1
2021-07-28 15:29:35.607,17000,17001,17001,1,1
2021-07-28 15:29:42.995,17000,17001,17000,1,-1
2021-07-28 15:29:42.996,17000,17001,17000,6,-6
2021-07-28 15:29:43.291,16999,17000,17000,1,1
2021-07-28 15:29:47.733,16999,17000,16999,1,-1
2021-07-28 15:29:49.772,17000,17001,17000,1,1
