2021-10-19 15:00:00.056,16929,16930,16933,193,193
2021-10-19 15:00:00.058,16932,16933,16933,3,3
2021-10-19 15:00:00.094,16933,16934,16934,1,1
2021-10-19 15:00:00.185,16932,16933,16933,1,1
2021-10-19 15:00:00.238,16932,16933,16932,1,-1
2021-10-19 15:00:00.238,16932,16933,16933,4,4
2021-10-19 15:00:00.239,16932,16933,16933,1,1
2021-10-19 15:00:00.258,16932,16933,16932,1,-1
2021-10-19 15:00:00.273,16932,16933,16933,1,1
2021-10-19 15:00:00.275,16932,16933,16933,1,1
2021-10-19 15:00:00.276,16932,16933,16933,2,2
2021-10-19 15:00:00.287,16932,16933,16933,1,1
2021-10-19 15:00:00.287,16932,16933,16933,1,1
2021-10-19 15:00:00.288,16932,16933,16933,1,1
2021-10-19 15:00:00.288,16932,16933,16933,4,4
2021-10-19 15:00:00.323,16932,16933,16932,2,-2
2021-10-19 15:00:00.380,16932,16933,16933,2,2
2021-10-19 15:00:00.390,16932,16933,16934,1,1
2021-10-19 15:00:00.400,16932,16933,16934,2,2
2021-10-19 15:00:00.467,16932,16934,16934,1,1
2021-10-19 15:00:00.483,16932,16934,16934,2,2
2021-10-19 15:00:00.483,16932,16934,16934,1,1
2021-10-19 15:00:00.483,16932,16934,16934,1,1
2021-10-19 15:00:00.483,16932,16934,16934,1,1
2021-10-19 15:00:00.483,16932,16934,16934,1,1
2021-10-19 15:00:00.484,16932,16934,16934,1,1
2021-10-19 15:00:00.491,16932,16934,16935,5,5
2021-10-19 15:00:00.514,16932,16934,16934,1,1
2021-10-19 15:00:00.537,16932,16934,16935,2,2
2021-10-19 15:00:00.556,16932,16934,16935,1,1
2021-10-19 15:00:00.562,16932,16934,16934,1,1
2021-10-19 15:00:00.571,16932,16934,16935,1,1
2021-10-19 15:00:00.571,16932,16934,16936,4,4
2021-10-19 15:00:00.599,16934,16936,16935,1,-1
2021-10-19 15:00:00.643,16934,16936,16934,1,-1
2021-10-19 15:00:00.656,16934,16936,16935,1,1
2021-10-19 15:00:00.660,16934,16936,16936,1,1
2021-10-19 15:00:00.814,16934,16936,16935,1,-1
2021-10-19 15:00:00.814,16934,16936,16935,1,0
2021-10-19 15:00:00.814,16934,16936,16935,1,0
2021-10-19 15:00:00.848,16935,16936,16935,1,-1
2021-10-19 15:00:00.849,16935,16936,16935,2,-2
2021-10-19 15:00:00.861,16935,16936,16936,4,4
2021-10-19 15:00:00.901,16935,16936,16937,1,1
2021-10-19 15:00:00.936,16935,16936,16936,1,1
2021-10-19 15:00:00.956,16935,16936,16936,10,10
2021-10-19 15:00:00.956,16935,16936,16936,25,25
2021-10-19 15:00:00.961,16935,16936,16934,1,-1
2021-10-19 15:00:00.962,16935,16936,16935,1,1
2021-10-19 15:00:00.975,16933,16935,16935,1,1
2021-10-19 15:00:00.983,16933,16935,16935,1,1
2021-10-19 15:00:00.983,16933,16935,16936,3,3
2021-10-19 15:00:01.108,16935,16937,16937,5,5
2021-10-19 15:00:01.226,16933,16936,16936,2,2
2021-10-19 15:00:01.230,16933,16936,16935,1,-1
2021-10-19 15:00:01.235,16933,16936,16937,1,1
2021-10-19 15:00:01.323,16933,16936,16936,1,1
2021-10-19 15:00:01.334,16933,16936,16936,1,1
2021-10-19 15:00:01.408,16934,16937,16937,1,1
2021-10-19 15:00:01.463,16934,16937,16934,1,-1
2021-10-19 15:00:01.503,16933,16937,16936,1,1
2021-10-19 15:00:01.574,16933,16937,16936,1,0
2021-10-19 15:00:01.588,16933,16937,16937,1,1
2021-10-19 15:00:01.592,16934,16937,16937,1,1
2021-10-19 15:00:01.629,16934,16937,16934,1,-1
2021-10-19 15:00:01.629,16934,16937,16933,1,-1
2021-10-19 15:00:01.694,16934,16937,16937,4,4
2021-10-19 15:00:01.833,16933,16937,16936,1,-1
2021-10-19 15:00:01.839,16933,16937,16937,2,2
2021-10-19 15:00:01.880,16933,16937,16936,2,-2
2021-10-19 15:00:01.900,16933,16937,16936,2,0
2021-10-19 15:00:01.992,16933,16936,16936,1,1
2021-10-19 15:00:02.036,16933,16936,16936,1,1
2021-10-19 15:00:02.334,16933,16936,16934,1,-1
2021-10-19 15:00:02.376,16933,16936,16936,1,1
2021-10-19 15:00:02.410,16933,16936,16936,4,4
2021-10-19 15:00:02.410,16933,16936,16937,1,1
2021-10-19 15:00:02.476,16933,16937,16936,1,-1
2021-10-19 15:00:02.509,16933,16937,16934,1,-1
2021-10-19 15:00:02.545,16933,16937,16937,1,1
2021-10-19 15:00:02.621,16933,16937,16936,2,-2
2021-10-19 15:00:02.660,16933,16937,16935,1,-1
2021-10-19 15:00:02.694,16933,16937,16936,1,1
2021-10-19 15:00:02.902,16933,16935,16935,1,1
2021-10-19 15:00:02.917,16933,16935,16936,1,1
2021-10-19 15:00:02.976,16933,16936,16936,1,1
2021-10-19 15:00:02.976,16933,16936,16937,3,3
2021-10-19 15:00:02.980,16933,16936,16937,1,1
2021-10-19 15:00:03.073,16933,16936,16937,1,1
2021-10-19 15:00:03.078,16933,16936,16934,1,-1
2021-10-19 15:00:03.132,16933,16937,16936,3,3
2021-10-19 15:00:03.132,16933,16937,16937,1,1
2021-10-19 15:00:03.258,16933,16936,16936,3,3
2021-10-19 15:00:03.319,16933,16936,16936,1,1
2021-10-19 15:00:03.480,16933,16936,16936,1,1
2021-10-19 15:00:03.584,16933,16936,16935,1,-1
2021-10-19 15:00:03.973,16933,16935,16933,1,-1
2021-10-19 15:00:04.153,16933,16935,16935,4,4
2021-10-19 15:00:04.276,16933,16936,16936,1,1
2021-10-19 15:00:04.508,16933,16936,16936,1,1
2021-10-19 15:00:04.883,16933,16936,16933,2,-2
2021-10-19 15:00:04.913,16933,16936,16934,1,1
2021-10-19 15:00:05.214,16933,16936,16936,1,1
2021-10-19 15:00:05.668,16934,16936,16935,1,-1
2021-10-19 15:00:05.717,16935,16936,16936,2,2
2021-10-19 15:00:05.765,16935,16936,16935,1,-1
2021-10-19 15:00:05.776,16935,16936,16936,3,3
2021-10-19 15:00:05.815,16935,16936,16934,2,-2
2021-10-19 15:00:05.815,16935,16936,16933,3,-3
2021-10-19 15:00:05.835,16935,16936,16936,3,3
2021-10-19 15:00:06.042,16933,16937,16937,2,2
2021-10-19 15:00:06.071,16933,16937,16936,1,-1
2021-10-19 15:00:06.132,16933,16937,16935,1,-1
2021-10-19 15:00:06.132,16933,16937,16935,1,0
2021-10-19 15:00:06.667,16933,16936,16936,4,4
2021-10-19 15:00:06.924,16933,16935,16936,1,1
2021-10-19 15:00:06.983,16933,16936,16936,3,3
2021-10-19 15:00:07.076,16933,16936,16936,1,1
2021-10-19 15:00:07.259,16935,16936,16936,3,3
2021-10-19 15:00:07.259,16935,16936,16937,3,3
2021-10-19 15:00:07.364,16935,16937,16936,1,-1
2021-10-19 15:00:07.374,16935,16937,16936,1,0
2021-10-19 15:00:07.375,16935,16937,16936,2,0
2021-10-19 15:00:07.428,16935,16937,16936,1,0
2021-10-19 15:00:07.428,16935,16937,16937,2,2
2021-10-19 15:00:07.670,16935,16937,16937,3,3
2021-10-19 15:00:07.671,16935,16937,16937,6,6
2021-10-19 15:00:07.876,16936,16937,16937,2,2
2021-10-19 15:00:07.876,16936,16937,16938,1,1
2021-10-19 15:00:07.925,16936,16937,16936,1,-1
2021-10-19 15:00:07.966,16935,16938,16938,1,1
2021-10-19 15:00:08.060,16935,16938,16938,4,4
2021-10-19 15:00:08.060,16935,16938,16938,5,5
2021-10-19 15:00:08.126,16937,16939,16937,1,-1
2021-10-19 15:00:08.229,16936,16938,16936,1,-1
2021-10-19 15:00:08.243,16936,16938,16937,1,1
2021-10-19 15:00:08.304,16936,16938,16938,2,2
2021-10-19 15:00:08.421,16936,16938,16938,1,1
2021-10-19 15:00:08.723,16936,16938,16936,1,-1
2021-10-19 15:00:08.805,16936,16938,16938,1,1
2021-10-19 15:00:08.934,16936,16938,16938,2,2
2021-10-19 15:00:09.298,16937,16939,16939,1,1
2021-10-19 15:00:09.624,16936,16939,16939,1,1
2021-10-19 15:00:09.898,16936,16939,16936,1,-1
2021-10-19 15:00:09.921,16936,16939,16936,2,-2
2021-10-19 15:00:10.006,16936,16938,16936,1,-1
2021-10-19 15:00:10.757,16935,16938,16937,4,4
2021-10-19 15:00:10.911,16935,16938,16937,1,0
2021-10-19 15:00:11.090,16935,16937,16935,1,-1
2021-10-19 15:00:11.228,16935,16937,16936,1,1
2021-10-19 15:00:11.405,16935,16936,16935,1,-1
2021-10-19 15:00:11.910,16934,16935,16935,1,1
2021-10-19 15:00:11.911,16934,16935,16935,1,1
2021-10-19 15:00:12.417,16933,16935,16935,2,2
2021-10-19 15:00:12.418,16933,16935,16935,1,1
2021-10-19 15:00:12.656,16933,16935,16935,1,1
2021-10-19 15:00:12.656,16933,16935,16935,1,1
2021-10-19 15:00:12.660,16933,16935,16933,3,-3
2021-10-19 15:00:12.660,16933,16935,16932,2,-2
2021-10-19 15:00:12.714,16932,16935,16935,3,3
2021-10-19 15:00:12.781,16932,16935,16936,1,1
2021-10-19 15:00:12.887,16935,16936,16935,1,-1
2021-10-19 15:00:12.955,16935,16936,16936,1,1
2021-10-19 15:00:13.188,16934,16936,16936,1,1
2021-10-19 15:00:13.193,16934,16936,16934,1,-1
2021-10-19 15:00:13.249,16934,16937,16936,3,3
2021-10-19 15:00:13.249,16934,16937,16936,1,0
2021-10-19 15:00:13.309,16934,16937,16935,1,-1
2021-10-19 15:00:13.309,16934,16937,16936,3,3
2021-10-19 15:00:13.437,16934,16937,16936,1,0
2021-10-19 15:00:14.126,16934,16937,16934,2,-2
2021-10-19 15:00:14.127,16934,16937,16936,1,1
2021-10-19 15:00:14.518,16934,16936,16936,1,1
2021-10-19 15:00:14.518,16934,16936,16937,4,4
2021-10-19 15:00:14.565,16934,16936,16934,1,-1
2021-10-19 15:00:15.337,16934,16936,16935,1,1
2021-10-19 15:00:15.695,16934,16936,16934,1,-1
2021-10-19 15:00:15.887,16934,16936,16935,1,1
2021-10-19 15:00:16.220,16935,16936,16936,1,1
2021-10-19 15:00:17.016,16935,16936,16935,1,-1
2021-10-19 15:00:17.569,16935,16936,16936,1,1
2021-10-19 15:00:20.635,16935,16936,16935,3,-3
2021-10-19 15:00:20.655,16935,16936,16936,2,2
2021-10-19 15:00:21.096,16935,16936,16935,5,-5
2021-10-19 15:00:21.775,16935,16936,16935,1,-1
2021-10-19 15:00:22.002,16934,16935,16935,1,1
2021-10-19 15:00:22.069,16934,16935,16935,1,1
2021-10-19 15:00:22.150,16934,16936,16934,1,-1
2021-10-19 15:00:22.746,16934,16935,16935,1,1
2021-10-19 15:00:22.777,16934,16935,16935,2,2
2021-10-19 15:00:22.804,16934,16935,16935,1,1
2021-10-19 15:00:22.805,16934,16935,16935,3,3
2021-10-19 15:00:22.805,16934,16935,16935,5,5
2021-10-19 15:00:22.809,16934,16935,16936,1,1
2021-10-19 15:00:22.854,16935,16936,16935,1,-1
2021-10-19 15:00:22.975,16934,16936,16936,1,1
2021-10-19 15:00:23.237,16935,16936,16935,1,-1
2021-10-19 15:00:23.385,16935,16936,16935,1,-1
2021-10-19 15:00:23.609,16934,16936,16936,1,1
2021-10-19 15:00:23.779,16935,16936,16935,1,-1
2021-10-19 15:00:23.802,16935,16936,16936,1,1
2021-10-19 15:00:23.809,16935,16936,16936,2,2
2021-10-19 15:00:24.035,16935,16936,16935,1,-1
2021-10-19 15:00:24.118,16935,16936,16935,1,-1
2021-10-19 15:00:24.231,16935,16936,16935,1,-1
2021-10-19 15:00:24.249,16935,16936,16936,1,1
2021-10-19 15:00:24.339,16935,16936,16935,1,-1
2021-10-19 15:00:24.427,16934,16936,16936,1,1
2021-10-19 15:00:24.618,16936,16937,16936,1,-1
2021-10-19 15:00:24.885,16936,16937,16937,1,1
2021-10-19 15:00:25.065,16936,16937,16936,2,-2
2021-10-19 15:00:25.893,16936,16937,16937,4,4
2021-10-19 15:00:25.900,16936,16937,16937,2,2
2021-10-19 15:00:26.068,16936,16938,16936,1,-1
2021-10-19 15:00:27.493,16936,16937,16936,1,-1
2021-10-19 15:00:27.569,16936,16937,16936,1,-1
2021-10-19 15:00:27.696,16936,16937,16936,1,-1
2021-10-19 15:00:27.699,16936,16937,16936,2,-2
2021-10-19 15:00:27.989,16936,16937,16936,1,-1
2021-10-19 15:00:28.416,16936,16937,16936,2,-2
2021-10-19 15:00:28.555,16936,16937,16937,1,1
2021-10-19 15:00:28.748,16936,16937,16936,1,-1
2021-10-19 15:00:29.050,16936,16937,16936,4,-4
2021-10-19 15:00:29.050,16936,16937,16935,1,-1
2021-10-19 15:00:29.088,16935,16937,16935,1,-1
2021-10-19 15:00:29.245,16935,16937,16937,1,1
2021-10-19 15:00:29.284,16935,16937,16937,1,1
2021-10-19 15:00:29.953,16936,16938,16938,1,1
2021-10-19 15:00:31.119,16935,16937,16937,1,1
2021-10-19 15:00:31.426,16935,16937,16936,1,-1
2021-10-19 15:00:32.166,16935,16937,16935,1,-1
2021-10-19 15:00:32.168,16935,16937,16935,11,-11
2021-10-19 15:00:32.803,16934,16935,16935,1,1
2021-10-19 15:00:33.647,16934,16935,16934,1,-1
2021-10-19 15:00:33.706,16934,16935,16934,1,-1
2021-10-19 15:00:34.006,16934,16935,16935,1,1
2021-10-19 15:00:34.079,16934,16935,16935,1,1
2021-10-19 15:00:34.608,16934,16935,16935,1,1
2021-10-19 15:00:34.630,16934,16935,16934,1,-1
2021-10-19 15:00:34.680,16934,16935,16933,2,-2
2021-10-19 15:00:36.195,16933,16935,16933,1,-1
2021-10-19 15:00:38.846,16933,16934,16933,1,-1
2021-10-19 15:00:39.684,16933,16934,16933,1,-1
2021-10-19 15:00:40.277,16933,16934,16933,1,-1
2021-10-19 15:00:40.277,16933,16934,16934,1,1
2021-10-19 15:00:40.340,16933,16935,16933,1,-1
2021-10-19 15:00:41.288,16933,16935,16933,1,-1
2021-10-19 15:00:43.163,16933,16934,16933,1,-1
2021-10-19 15:00:43.443,16933,16934,16933,1,-1
2021-10-19 15:00:43.834,16933,16934,16933,1,-1
2021-10-19 15:00:44.337,16933,16934,16933,1,-1
2021-10-19 15:00:45.697,16933,16934,16933,5,-5
2021-10-19 15:00:45.698,16933,16934,16933,6,-6
2021-10-19 15:00:45.765,16932,16933,16933,1,1
2021-10-19 15:00:46.295,16932,16934,16933,1,0
2021-10-19 15:00:47.101,16932,16933,16932,1,-1
2021-10-19 15:00:47.506,16932,16933,16932,1,-1
2021-10-19 15:00:48.684,16932,16933,16933,1,1
2021-10-19 15:00:48.724,16932,16933,16932,1,-1
2021-10-19 15:00:49.203,16932,16933,16932,1,-1
2021-10-19 15:00:49.592,16932,16933,16932,1,-1
2021-10-19 15:00:50.296,16931,16932,16931,1,-1
2021-10-19 15:00:51.059,16931,16932,16932,1,1
2021-10-19 15:00:51.060,16931,16932,16932,1,1
2021-10-19 15:00:51.083,16931,16932,16931,1,-1
2021-10-19 15:00:51.102,16931,16932,16931,2,-2
2021-10-19 15:00:52.583,16931,16932,16932,1,1
2021-10-19 15:00:53.124,16931,16932,16932,1,1
2021-10-19 15:00:56.213,16932,16933,16933,1,1
2021-10-19 15:00:56.576,16932,16933,16933,1,1
2021-10-19 15:00:56.622,16932,16934,16934,1,1
2021-10-19 15:00:56.640,16932,16934,16932,2,-2
2021-10-19 15:00:56.726,16932,16934,16934,1,1
2021-10-19 15:00:56.727,16932,16934,16934,2,2
2021-10-19 15:00:57.001,16933,16935,16935,1,1
2021-10-19 15:00:57.006,16933,16935,16935,1,1
2021-10-19 15:00:57.198,16933,16935,16935,1,1
2021-10-19 15:00:57.272,16933,16935,16933,2,-2
2021-10-19 15:00:57.281,16933,16935,16932,2,-2
2021-10-19 15:00:57.290,16933,16935,16932,2,-2
2021-10-19 15:00:57.475,16932,16934,16932,1,-1
2021-10-19 15:00:57.576,16932,16934,16932,1,-1
2021-10-19 15:00:58.383,16932,16934,16932,1,-1
2021-10-19 15:00:58.568,16932,16934,16932,3,-3
2021-10-19 15:00:59.068,16932,16933,16932,1,-1
2021-10-19 15:00:59.074,16932,16933,16932,2,-2
2021-10-19 15:00:59.151,16932,16933,16932,1,-1
2021-10-19 15:00:59.411,16932,16933,16933,2,2
2021-10-19 15:00:59.670,16932,16934,16932,4,-4
2021-10-19 15:00:59.670,16932,16934,16931,1,-1
2021-10-19 15:00:59.877,16932,16933,16933,1,1
2021-10-19 15:00:59.904,16932,16933,16933,1,1
2021-10-19 15:00:59.986,16932,16933,16933,1,1
2021-10-19 15:00:59.996,16932,16933,16932,1,-1
2021-10-19 15:01:00.002,16932,16933,16932,1,-1
2021-10-19 15:01:00.040,16932,16933,16932,1,-1
2021-10-19 15:01:00.043,16932,16933,16932,1,-1
2021-10-19 15:01:00.050,16932,16933,16932,1,-1
2021-10-19 15:01:00.082,16932,16933,16932,1,-1
2021-10-19 15:01:00.095,16932,16934,16932,1,-1
2021-10-19 15:01:00.103,16932,16934,16932,1,-1
2021-10-19 15:01:00.150,16932,16934,16933,1,1
2021-10-19 15:01:00.202,16932,16934,16931,1,-1
2021-10-19 15:01:00.408,16932,16934,16932,1,1
2021-10-19 15:01:00.642,16932,16934,16934,4,4
2021-10-19 15:01:00.712,16932,16934,16932,1,-1
2021-10-19 15:01:00.836,16932,16934,16933,1,1
2021-10-19 15:01:00.926,16932,16934,16934,4,4
2021-10-19 15:01:00.978,16932,16934,16934,2,2
2021-10-19 15:01:00.978,16932,16934,16935,2,2
2021-10-19 15:01:01.051,16932,16934,16934,1,1
2021-10-19 15:01:01.051,16932,16934,16935,3,3
2021-10-19 15:01:01.162,16932,16935,16934,3,-3
2021-10-19 15:01:01.162,16932,16935,16935,1,1
2021-10-19 15:01:01.319,16932,16935,16934,2,-2
2021-10-19 15:01:01.465,16932,16934,16934,4,4
2021-10-19 15:01:01.612,16932,16934,16934,3,3
2021-10-19 15:01:01.612,16932,16934,16935,1,1
2021-10-19 15:01:01.835,16932,16935,16934,2,-2
2021-10-19 15:01:01.835,16932,16935,16935,2,2
2021-10-19 15:01:01.888,16932,16934,16934,1,1
2021-10-19 15:01:02.069,16932,16934,16934,1,1
2021-10-19 15:01:02.069,16932,16934,16935,3,3
2021-10-19 15:01:02.576,16932,16935,16932,1,-1
2021-10-19 15:01:04.038,16932,16933,16933,1,1
2021-10-19 15:01:04.188,16932,16934,16932,1,-1
2021-10-19 15:01:04.575,16932,16934,16932,5,-5
2021-10-19 15:01:05.889,16932,16933,16932,1,-1
2021-10-19 15:01:06.413,16932,16933,16933,2,2
2021-10-19 15:01:06.700,16933,16934,16933,1,-1
2021-10-19 15:01:06.856,16933,16934,16933,1,-1
2021-10-19 15:01:06.952,16933,16934,16934,1,1
2021-10-19 15:01:07.260,16932,16934,16934,2,2
2021-10-19 15:01:07.271,16932,16934,16933,1,-1
2021-10-19 15:01:08.290,16933,16934,16934,1,1
2021-10-19 15:01:11.591,16933,16934,16933,5,-5
2021-10-19 15:01:12.205,16933,16934,16933,1,-1
2021-10-19 15:01:12.263,16933,16934,16934,1,1
2021-10-19 15:01:12.263,16933,16934,16934,1,1
2021-10-19 15:01:13.779,16933,16934,16933,1,-1
2021-10-19 15:01:13.889,16932,16934,16932,1,-1
2021-10-19 15:01:13.890,16932,16934,16933,1,1
2021-10-19 15:01:14.191,16932,16934,16933,1,0
2021-10-19 15:01:15.537,16933,16934,16933,2,-2
2021-10-19 15:01:15.537,16933,16934,16932,1,-1
2021-10-19 15:01:16.534,16933,16934,16934,1,1
2021-10-19 15:01:16.725,16933,16934,16933,1,-1
2021-10-19 15:01:17.524,16932,16934,16932,1,-1
2021-10-19 15:01:21.440,16932,16933,16933,1,1
2021-10-19 15:01:23.288,16932,16933,16932,5,-5
2021-10-19 15:01:24.315,16932,16933,16932,1,-1
2021-10-19 15:01:24.512,16932,16933,16932,1,-1
2021-10-19 15:01:25.068,16932,16933,16933,2,2
2021-10-19 15:01:25.499,16932,16933,16933,1,1
2021-10-19 15:01:25.646,16932,16933,16932,1,-1
2021-10-19 15:01:30.159,16932,16933,16932,1,-1
2021-10-19 15:01:30.809,16932,16933,16932,1,-1
2021-10-19 15:01:30.809,16932,16933,16932,6,-6
2021-10-19 15:01:30.809,16932,16933,16932,3,-3
2021-10-19 15:01:30.809,16932,16933,16932,1,-1
2021-10-19 15:01:31.417,16931,16932,16931,17,-17
2021-10-19 15:01:31.481,16930,16931,16930,1,-1
2021-10-19 15:01:31.623,16930,16931,16930,2,-2
2021-10-19 15:01:34.025,16930,16931,16930,1,-1
2021-10-19 15:01:34.025,16930,16931,16930,1,-1
2021-10-19 15:01:34.151,16930,16931,16931,1,1
2021-10-19 15:01:34.283,16930,16931,16930,1,-1
2021-10-19 15:01:35.848,16930,16931,16930,83,-83
2021-10-19 15:01:35.849,16930,16931,16930,1,-1
2021-10-19 15:01:35.849,16930,16931,16930,2,-2
2021-10-19 15:01:35.849,16930,16931,16929,5,-5
2021-10-19 15:01:37.622,16928,16929,16928,1,-1
2021-10-19 15:01:37.792,16928,16929,16929,1,1
2021-10-19 15:01:38.589,16928,16929,16928,1,-1
2021-10-19 15:01:39.566,16928,16929,16929,1,1
2021-10-19 15:01:39.658,16928,16929,16928,1,-1
2021-10-19 15:01:40.017,16928,16929,16928,1,-1
2021-10-19 15:01:40.072,16928,16929,16928,1,-1
2021-10-19 15:01:40.523,16928,16929,16929,1,1
2021-10-19 15:01:41.062,16928,16929,16928,1,-1
2021-10-19 15:01:41.196,16928,16929,16928,2,-2
2021-10-19 15:01:41.196,16928,16929,16928,3,-3
2021-10-19 15:01:41.242,16928,16929,16929,1,1
2021-10-19 15:01:41.548,16928,16929,16928,2,-2
2021-10-19 15:01:41.548,16928,16929,16928,40,-40
2021-10-19 15:01:41.548,16928,16929,16928,1,-1
2021-10-19 15:01:41.549,16928,16929,16927,1,-1
2021-10-19 15:01:41.549,16928,16929,16927,1,-1
2021-10-19 15:01:41.549,16928,16929,16927,1,-1
2021-10-19 15:01:41.549,16928,16929,16927,3,-3
2021-10-19 15:01:41.951,16926,16927,16927,1,1
2021-10-19 15:01:42.229,16926,16927,16926,1,-1
2021-10-19 15:01:42.861,16926,16927,16926,1,-1
2021-10-19 15:01:42.901,16926,16927,16927,4,4
2021-10-19 15:01:42.901,16926,16927,16928,3,3
2021-10-19 15:01:42.915,16926,16927,16927,1,1
2021-10-19 15:01:42.933,16926,16927,16927,1,1
2021-10-19 15:01:43.200,16926,16928,16928,4,4
2021-10-19 15:01:43.200,16926,16928,16929,4,4
2021-10-19 15:01:45.514,16928,16929,16928,1,-1
2021-10-19 15:01:46.547,16928,16929,16928,1,-1
2021-10-19 15:01:48.830,16927,16928,16927,1,-1
2021-10-19 15:01:49.482,16927,16928,16928,1,1
2021-10-19 15:01:49.482,16927,16928,16928,1,1
2021-10-19 15:01:49.872,16928,16929,16929,3,3
2021-10-19 15:01:50.458,16929,16930,16930,1,1
2021-10-19 15:01:50.459,16929,16930,16930,1,1
2021-10-19 15:01:51.054,16929,16931,16931,1,1
2021-10-19 15:01:56.228,16929,16930,16929,2,-2
2021-10-19 15:01:57.120,16929,16930,16929,1,-1
2021-10-19 15:01:59.345,16929,16930,16929,1,-1
2021-10-19 15:01:59.980,16929,16930,16929,1,-1
2021-10-19 15:02:00.085,16929,16930,16930,1,1
2021-10-19 15:02:00.432,16929,16930,16930,1,1
2021-10-19 15:02:00.457,16929,16930,16930,2,2
2021-10-19 15:02:00.740,16929,16930,16929,3,-3
2021-10-19 15:02:00.783,16929,16930,16929,1,-1
2021-10-19 15:02:00.783,16929,16930,16929,1,-1
2021-10-19 15:02:00.783,16929,16930,16929,4,-4
2021-10-19 15:02:00.807,16929,16930,16929,1,-1
2021-10-19 15:02:01.049,16929,16930,16929,1,-1
2021-10-19 15:02:01.204,16928,16930,16930,8,8
2021-10-19 15:02:01.204,16928,16930,16931,2,2
2021-10-19 15:02:01.338,16929,16931,16931,1,1
2021-10-19 15:02:01.441,16929,16931,16931,2,2
2021-10-19 15:02:02.450,16929,16930,16930,1,1
2021-10-19 15:02:02.496,16929,16930,16929,1,-1
2021-10-19 15:02:03.447,16928,16929,16929,1,1
2021-10-19 15:02:03.537,16928,16929,16929,3,3
2021-10-19 15:02:03.537,16928,16929,16930,10,10
2021-10-19 15:02:03.538,16928,16929,16930,3,3
2021-10-19 15:02:03.538,16928,16929,16930,3,3
2021-10-19 15:02:03.538,16928,16929,16930,1,1
2021-10-19 15:02:03.538,16928,16929,16930,1,1
2021-10-19 15:02:03.538,16928,16929,16930,9,9
2021-10-19 15:02:04.009,16928,16930,16928,1,-1
2021-10-19 15:02:04.116,16928,16929,16929,1,1
2021-10-19 15:02:06.634,16928,16929,16929,2,2
2021-10-19 15:02:07.013,16928,16929,16929,2,2
2021-10-19 15:02:07.771,16929,16930,16929,2,-2
2021-10-19 15:02:10.008,16928,16929,16928,3,-3
2021-10-19 15:02:10.973,16928,16929,16928,1,-1
2021-10-19 15:02:13.104,16927,16928,16927,1,-1
2021-10-19 15:02:14.251,16927,16928,16928,2,2
2021-10-19 15:02:14.475,16928,16929,16928,1,-1
2021-10-19 15:02:14.629,16928,16929,16929,2,2
2021-10-19 15:02:15.645,16929,16930,16930,3,3
2021-10-19 15:02:15.868,16929,16930,16930,2,2
2021-10-19 15:02:15.868,16929,16930,16930,1,1
2021-10-19 15:02:15.869,16929,16930,16930,1,1
2021-10-19 15:02:15.869,16929,16930,16930,1,1
2021-10-19 15:02:15.869,16929,16930,16930,1,1
2021-10-19 15:02:15.869,16929,16930,16930,1,1
2021-10-19 15:02:15.869,16929,16930,16930,1,1
2021-10-19 15:02:15.869,16929,16930,16930,1,1
2021-10-19 15:02:17.253,16930,16931,16931,1,1
2021-10-19 15:02:17.614,16930,16931,16930,2,-2
2021-10-19 15:02:17.615,16930,16931,16929,2,-2
2021-10-19 15:02:18.448,16929,16930,16930,1,1
2021-10-19 15:02:19.114,16929,16930,16929,2,-2
2021-10-19 15:02:19.664,16929,16930,16929,1,-1
2021-10-19 15:02:19.664,16929,16930,16929,1,-1
2021-10-19 15:02:20.377,16928,16930,16930,6,6
2021-10-19 15:02:20.402,16928,16930,16930,2,2
2021-10-19 15:02:20.402,16928,16930,16930,2,2
2021-10-19 15:02:20.427,16928,16930,16930,1,1
2021-10-19 15:02:20.427,16928,16930,16931,12,12
2021-10-19 15:02:20.452,16928,16930,16931,2,2
2021-10-19 15:02:20.452,16928,16930,16931,2,2
2021-10-19 15:02:20.452,16928,16930,16932,1,1
2021-10-19 15:02:20.452,16928,16930,16932,3,3
2021-10-19 15:02:20.477,16930,16932,16932,4,4
2021-10-19 15:02:20.477,16930,16932,16932,1,1
2021-10-19 15:02:20.502,16930,16932,16932,1,1
2021-10-19 15:02:20.502,16930,16932,16932,2,2
2021-10-19 15:02:20.502,16930,16932,16933,1,1
2021-10-19 15:02:20.527,16930,16932,16933,1,1
2021-10-19 15:02:20.527,16930,16932,16933,3,3
2021-10-19 15:02:20.552,16930,16932,16933,1,1
2021-10-19 15:02:20.552,16930,16932,16933,1,1
2021-10-19 15:02:20.552,16930,16932,16933,1,1
2021-10-19 15:02:20.605,16931,16933,16933,1,1
2021-10-19 15:02:20.630,16931,16933,16933,1,1
2021-10-19 15:02:20.704,16931,16933,16933,2,2
2021-10-19 15:02:20.778,16931,16933,16933,1,1
2021-10-19 15:02:21.017,16931,16933,16933,3,3
2021-10-19 15:02:21.105,16931,16933,16933,1,1
2021-10-19 15:02:22.110,16930,16933,16930,1,-1
2021-10-19 15:02:25.964,16929,16931,16931,2,2
2021-10-19 15:02:27.158,16929,16931,16931,1,1
2021-10-19 15:02:28.775,16929,16931,16930,1,-1
2021-10-19 15:02:30.725,16930,16931,16931,1,1
2021-10-19 15:02:31.624,16930,16931,16930,1,-1
2021-10-19 15:02:32.211,16930,16931,16930,1,-1
2021-10-19 15:02:32.211,16930,16931,16930,3,-3
2021-10-19 15:02:33.816,16929,16931,16929,1,-1
2021-10-19 15:02:38.026,16929,16930,16929,5,-5
2021-10-19 15:02:39.231,16929,16930,16929,5,-5
2021-10-19 15:02:39.665,16929,16930,16930,1,1
2021-10-19 15:02:39.665,16929,16930,16930,3,3
2021-10-19 15:02:40.911,16930,16931,16930,2,-2
2021-10-19 15:02:41.286,16930,16931,16931,1,1
2021-10-19 15:02:41.659,16930,16931,16931,1,1
2021-10-19 15:02:41.659,16930,16931,16931,1,1
2021-10-19 15:02:41.806,16930,16931,16930,1,-1
2021-10-19 15:02:41.874,16930,16931,16930,2,-2
2021-10-19 15:02:44.369,16930,16931,16931,1,1
2021-10-19 15:02:44.369,16930,16931,16931,1,1
2021-10-19 15:02:44.369,16930,16931,16931,3,3
2021-10-19 15:02:44.762,16931,16932,16932,3,3
2021-10-19 15:02:49.918,16930,16931,16930,1,-1
2021-10-19 15:02:53.160,16930,16931,16930,1,-1
2021-10-19 15:02:53.711,16930,16931,16930,2,-2
2021-10-19 15:02:57.029,16930,16931,16930,1,-1
2021-10-19 15:03:00.053,16930,16931,16931,1,1
2021-10-19 15:03:00.085,16930,16931,16931,1,1
2021-10-19 15:03:00.128,16930,16931,16931,2,2
2021-10-19 15:03:05.923,16930,16931,16931,1,1
2021-10-19 15:03:07.117,16930,16931,16930,2,-2
2021-10-19 15:03:07.117,16930,16931,16930,1,-1
2021-10-19 15:03:07.921,16929,16930,16930,3,3
2021-10-19 15:03:08.503,16929,16930,16930,1,1
2021-10-19 15:03:11.115,16930,16931,16930,2,-2
2021-10-19 15:03:15.451,16929,16930,16929,9,-9
2021-10-19 15:03:15.862,16928,16929,16929,1,1
2021-10-19 15:03:18.483,16928,16929,16928,5,-5
2021-10-19 15:03:18.987,16928,16929,16928,1,-1
2021-10-19 15:03:21.160,16928,16929,16928,3,-3
2021-10-19 15:03:21.994,16928,16929,16928,2,-2
2021-10-19 15:03:22.951,16928,16929,16929,1,1
2021-10-19 15:03:25.491,16928,16929,16929,1,1
2021-10-19 15:03:27.138,16929,16931,16930,1,1
2021-10-19 15:03:27.138,16929,16931,16931,5,5
2021-10-19 15:03:31.241,16930,16931,16931,1,1
2021-10-19 15:03:38.531,16928,16930,16928,1,-1
2021-10-19 15:03:39.083,16928,16930,16930,2,2
2021-10-19 15:03:43.774,16929,16930,16930,3,3
2021-10-19 15:03:44.131,16930,16931,16931,3,3
2021-10-19 15:03:48.140,16930,16931,16931,2,2
2021-10-19 15:03:48.760,16931,16932,16931,1,-1
2021-10-19 15:03:49.208,16931,16932,16931,1,-1
2021-10-19 15:03:52.214,16931,16932,16932,3,3
2021-10-19 15:03:52.214,16931,16932,16932,2,2
2021-10-19 15:03:56.792,16931,16933,16933,1,1
2021-10-19 15:03:58.076,16932,16933,16933,4,4
2021-10-19 15:03:59.990,16932,16933,16933,1,1
2021-10-19 15:03:59.991,16932,16933,16933,16,16
2021-10-19 15:04:00.267,16933,16934,16933,1,-1
2021-10-19 15:04:00.581,16932,16934,16934,2,2
2021-10-19 15:04:00.883,16932,16934,16934,1,1
2021-10-19 15:04:01.500,16933,16934,16934,8,8
2021-10-19 15:04:02.729,16934,16935,16935,1,1
2021-10-19 15:04:02.729,16934,16935,16935,6,6
2021-10-19 15:04:02.729,16934,16935,16935,2,2
2021-10-19 15:04:02.729,16934,16935,16935,26,26
2021-10-19 15:04:02.730,16934,16935,16936,1,1
2021-10-19 15:04:02.731,16934,16935,16936,1,1
2021-10-19 15:04:02.731,16934,16935,16936,1,1
2021-10-19 15:04:02.731,16934,16935,16936,2,2
2021-10-19 15:04:02.756,16934,16935,16936,1,1
2021-10-19 15:04:03.347,16936,16937,16937,1,1
2021-10-19 15:04:03.396,16936,16937,16936,1,-1
2021-10-19 15:04:05.641,16936,16937,16936,1,-1
2021-10-19 15:04:07.262,16935,16936,16936,1,1
2021-10-19 15:04:07.950,16935,16936,16936,1,1
2021-10-19 15:04:08.153,16935,16936,16936,1,1
2021-10-19 15:04:08.870,16936,16937,16936,3,-3
2021-10-19 15:04:08.897,16936,16937,16936,2,-2
2021-10-19 15:04:09.330,16935,16936,16936,5,5
2021-10-19 15:04:09.389,16935,16936,16936,1,1
2021-10-19 15:04:09.389,16935,16936,16937,5,5
2021-10-19 15:04:09.536,16937,16938,16937,1,-1
2021-10-19 15:04:10.857,16937,16938,16937,1,-1
2021-10-19 15:04:11.190,16937,16938,16937,1,-1
2021-10-19 15:04:12.862,16937,16938,16937,1,-1
2021-10-19 15:04:13.646,16937,16938,16938,9,9
2021-10-19 15:04:14.639,16938,16939,16939,1,1
2021-10-19 15:04:14.640,16938,16939,16939,6,6
2021-10-19 15:04:15.871,16938,16939,16939,1,1
2021-10-19 15:04:16.076,16938,16939,16939,1,1
2021-10-19 15:04:16.129,16938,16939,16939,1,1
2021-10-19 15:04:17.517,16939,16940,16939,1,-1
2021-10-19 15:04:18.195,16939,16940,16939,2,-2
2021-10-19 15:04:21.335,16939,16940,16939,1,-1
2021-10-19 15:04:21.449,16939,16940,16940,1,1
2021-10-19 15:04:21.525,16939,16940,16940,1,1
2021-10-19 15:04:21.891,16939,16940,16940,1,1
2021-10-19 15:04:21.899,16939,16940,16940,1,1
2021-10-19 15:04:21.961,16939,16940,16939,1,-1
2021-10-19 15:04:22.419,16939,16940,16939,1,-1
2021-10-19 15:04:22.773,16939,16940,16939,1,-1
2021-10-19 15:04:24.670,16939,16940,16940,1,1
2021-10-19 15:04:24.857,16939,16940,16940,1,1
2021-10-19 15:04:25.041,16939,16940,16940,1,1
2021-10-19 15:04:25.132,16939,16940,16940,13,13
2021-10-19 15:04:25.190,16939,16940,16941,2,2
2021-10-19 15:04:25.353,16940,16941,16941,1,1
2021-10-19 15:04:25.354,16940,16941,16941,1,1
2021-10-19 15:04:25.354,16940,16941,16941,2,2
2021-10-19 15:04:25.882,16940,16942,16942,3,3
2021-10-19 15:04:26.120,16940,16942,16941,1,-1
2021-10-19 15:04:27.866,16941,16942,16941,1,-1
2021-10-19 15:04:27.866,16941,16942,16941,3,-3
2021-10-19 15:04:28.147,16939,16941,16941,1,1
2021-10-19 15:04:29.832,16940,16941,16941,1,1
2021-10-19 15:04:31.839,16940,16941,16940,1,-1
2021-10-19 15:04:33.517,16939,16940,16940,1,1
2021-10-19 15:04:35.416,16939,16940,16939,2,-2
2021-10-19 15:04:35.416,16939,16940,16939,1,-1
2021-10-19 15:04:37.180,16937,16938,16938,3,3
2021-10-19 15:04:37.393,16938,16939,16939,1,1
2021-10-19 15:04:37.606,16938,16939,16938,1,-1
2021-10-19 15:04:37.606,16938,16939,16937,1,-1
2021-10-19 15:04:37.911,16937,16938,16938,1,1
2021-10-19 15:04:38.923,16937,16938,16937,2,-2
2021-10-19 15:04:38.931,16937,16938,16938,1,1
2021-10-19 15:04:38.932,16937,16938,16938,1,1
2021-10-19 15:04:38.932,16937,16938,16938,1,1
2021-10-19 15:04:38.980,16937,16938,16938,2,2
2021-10-19 15:04:40.027,16938,16939,16939,1,1
2021-10-19 15:04:40.510,16938,16939,16939,1,1
2021-10-19 15:04:40.643,16938,16939,16939,1,1
2021-10-19 15:04:50.196,16938,16939,16938,2,-2
2021-10-19 15:04:50.341,16938,16939,16939,2,2
2021-10-19 15:04:51.656,16938,16939,16938,2,-2
2021-10-19 15:04:52.126,16937,16939,16937,2,-2
2021-10-19 15:04:56.057,16937,16938,16938,1,1
2021-10-19 15:04:56.057,16937,16938,16938,2,2
2021-10-19 15:04:58.468,16938,16939,16939,1,1
2021-10-19 15:04:58.882,16937,16939,16939,1,1
2021-10-19 15:05:01.118,16938,16939,16938,1,-1
2021-10-19 15:05:01.636,16937,16938,16938,2,2
2021-10-19 15:05:01.856,16937,16938,16937,5,-5
2021-10-19 15:05:03.726,16936,16937,16937,4,4
2021-10-19 15:05:03.820,16936,16937,16937,3,3
2021-10-19 15:05:03.820,16936,16937,16938,1,1
2021-10-19 15:05:04.055,16936,16937,16936,3,-3
2021-10-19 15:05:04.056,16936,16937,16936,1,-1
2021-10-19 15:05:04.691,16935,16936,16936,1,1
2021-10-19 15:05:05.320,16935,16936,16935,1,-1
2021-10-19 15:05:05.321,16935,16936,16935,1,-1
2021-10-19 15:05:08.411,16934,16936,16936,1,1
2021-10-19 15:05:10.273,16934,16935,16934,2,-2
2021-10-19 15:05:11.241,16933,16934,16933,2,-2
2021-10-19 15:05:11.890,16932,16934,16934,1,1
2021-10-19 15:05:12.690,16933,16934,16934,1,1
2021-10-19 15:05:13.105,16933,16934,16933,1,-1
2021-10-19 15:05:21.589,16933,16934,16933,3,-3
2021-10-19 15:05:23.395,16932,16933,16932,9,-9
2021-10-19 15:05:23.396,16932,16933,16932,1,-1
2021-10-19 15:05:23.396,16932,16933,16932,1,-1
2021-10-19 15:05:23.396,16932,16933,16932,2,-2
2021-10-19 15:05:23.752,16931,16932,16931,1,-1
2021-10-19 15:05:23.754,16931,16932,16930,1,-1
2021-10-19 15:05:23.758,16931,16932,16930,1,-1
2021-10-19 15:05:23.777,16931,16932,16930,1,-1
2021-10-19 15:05:23.781,16931,16932,16930,3,-3
2021-10-19 15:05:23.792,16931,16932,16930,1,-1
2021-10-19 15:05:23.816,16931,16932,16930,1,-1
2021-10-19 15:05:23.845,16930,16932,16930,1,-1
2021-10-19 15:05:23.861,16930,16932,16929,1,-1
2021-10-19 15:05:23.940,16930,16932,16929,1,-1
2021-10-19 15:05:24.295,16930,16931,16930,1,1
2021-10-19 15:05:25.046,16929,16931,16929,1,-1
2021-10-19 15:05:27.135,16929,16931,16930,1,1
2021-10-19 15:05:27.135,16929,16931,16929,4,-4
2021-10-19 15:05:28.635,16930,16931,16931,2,2
2021-10-19 15:05:29.138,16930,16932,16930,2,-2
2021-10-19 15:05:30.421,16930,16931,16930,2,-2
2021-10-19 15:05:33.096,16929,16930,16930,1,1
2021-10-19 15:05:34.566,16929,16930,16930,2,2
2021-10-19 15:05:35.513,16929,16930,16929,1,-1
2021-10-19 15:05:35.993,16929,16930,16929,1,-1
2021-10-19 15:05:36.273,16929,16930,16929,1,-1
2021-10-19 15:05:36.526,16929,16930,16929,3,-3
2021-10-19 15:05:39.556,16929,16930,16929,1,-1
2021-10-19 15:05:39.987,16929,16930,16929,1,-1
2021-10-19 15:05:40.133,16929,16930,16930,1,1
2021-10-19 15:05:40.343,16929,16930,16930,1,1
2021-10-19 15:05:40.343,16929,16930,16931,1,1
2021-10-19 15:05:45.443,16929,16930,16930,1,1
2021-10-19 15:05:46.208,16929,16930,16929,2,-2
2021-10-19 15:05:49.063,16929,16930,16930,2,2
2021-10-19 15:05:50.050,16929,16930,16930,1,1
2021-10-19 15:05:50.542,16929,16930,16929,1,-1
2021-10-19 15:05:53.386,16930,16931,16931,1,1
2021-10-19 15:05:57.801,16930,16931,16931,1,1
2021-10-19 15:05:57.801,16930,16931,16932,1,1
2021-10-19 15:06:01.589,16931,16932,16931,1,-1
2021-10-19 15:06:02.043,16930,16931,16931,1,1
2021-10-19 15:06:02.383,16930,16931,16931,1,1
2021-10-19 15:06:02.403,16930,16931,16931,1,1
2021-10-19 15:06:04.037,16930,16931,16931,1,1
2021-10-19 15:06:05.230,16931,16932,16932,2,2
2021-10-19 15:06:05.387,16931,16933,16933,1,1
2021-10-19 15:06:05.580,16932,16934,16932,1,-1
2021-10-19 15:06:05.793,16932,16934,16934,1,1
2021-10-19 15:06:10.763,16932,16933,16933,2,2
2021-10-19 15:06:11.644,16932,16934,16934,2,2
2021-10-19 15:06:13.842,16933,16934,16934,2,2
2021-10-19 15:06:14.942,16933,16935,16933,5,-5
2021-10-19 15:06:19.147,16933,16934,16934,2,2
2021-10-19 15:06:28.966,16933,16934,16933,2,-2
2021-10-19 15:06:30.677,16932,16933,16933,1,1
2021-10-19 15:06:30.905,16932,16933,16932,1,-1
2021-10-19 15:06:31.703,16932,16933,16932,1,-1
2021-10-19 15:06:38.373,16931,16932,16931,1,-1
2021-10-19 15:06:39.004,16931,16933,16931,1,-1
2021-10-19 15:06:46.134,16931,16933,16933,2,2
2021-10-19 15:06:48.053,16932,16934,16932,3,-3
2021-10-19 15:06:48.053,16932,16934,16931,1,-1
2021-10-19 15:06:50.339,16933,16934,16934,1,1
2021-10-19 15:06:50.543,16933,16934,16933,1,-1
2021-10-19 15:06:50.789,16933,16934,16934,1,1
2021-10-19 15:06:54.943,16933,16934,16933,1,-1
2021-10-19 15:07:00.627,16933,16934,16933,1,-1
2021-10-19 15:07:00.697,16933,16934,16933,1,-1
2021-10-19 15:07:00.888,16932,16933,16933,1,1
2021-10-19 15:07:00.943,16932,16933,16932,1,-1
2021-10-19 15:07:01.265,16932,16933,16932,2,-2
2021-10-19 15:07:02.890,16931,16932,16932,1,1
2021-10-19 15:07:06.040,16931,16932,16931,1,-1
2021-10-19 15:07:06.371,16931,16932,16931,3,-3
2021-10-19 15:07:06.371,16931,16932,16931,1,-1
2021-10-19 15:07:06.372,16931,16932,16931,2,-2
2021-10-19 15:07:06.372,16931,16932,16931,12,-12
2021-10-19 15:07:06.372,16931,16932,16931,1,-1
2021-10-19 15:07:06.372,16931,16932,16931,2,-2
2021-10-19 15:07:13.016,16930,16931,16930,3,-3
2021-10-19 15:07:13.220,16930,16931,16931,1,1
2021-10-19 15:07:14.307,16930,16931,16931,2,2
2021-10-19 15:07:14.307,16930,16931,16932,3,3
2021-10-19 15:07:18.470,16930,16932,16932,1,1
2021-10-19 15:07:18.470,16930,16932,16933,4,4
2021-10-19 15:07:24.164,16932,16933,16932,1,-1
2021-10-19 15:07:30.454,16931,16932,16932,3,3
2021-10-19 15:07:30.454,16931,16932,16933,2,2
2021-10-19 15:07:32.131,16931,16933,16933,5,5
2021-10-19 15:07:35.259,16932,16934,16932,1,-1
2021-10-19 15:07:37.692,16932,16934,16934,3,3
2021-10-19 15:07:37.729,16933,16934,16933,2,-2
2021-10-19 15:07:40.335,16933,16934,16933,1,-1
2021-10-19 15:07:41.543,16932,16934,16933,1,0
2021-10-19 15:07:42.912,16932,16934,16932,2,-2
2021-10-19 15:07:47.566,16932,16934,16932,2,-2
2021-10-19 15:07:51.267,16932,16934,16933,1,1
2021-10-19 15:07:54.408,16932,16933,16933,1,1
2021-10-19 15:07:56.219,16932,16933,16933,1,1
2021-10-19 15:07:58.879,16932,16933,16933,1,1
2021-10-19 15:07:59.521,16932,16933,16933,2,2
2021-10-19 15:07:59.959,16932,16934,16933,1,0
2021-10-19 15:07:59.959,16932,16934,16932,3,-3
2021-10-19 15:08:00.366,16931,16934,16934,1,1
2021-10-19 15:08:06.034,16931,16932,16932,2,2
2021-10-19 15:08:07.432,16931,16932,16931,4,-4
2021-10-19 15:08:07.437,16931,16932,16932,1,1
2021-10-19 15:08:09.930,16930,16931,16931,1,1
2021-10-19 15:08:10.464,16930,16931,16930,2,-2
2021-10-19 15:08:10.464,16930,16931,16930,12,-12
2021-10-19 15:08:10.466,16930,16931,16930,1,-1
2021-10-19 15:08:10.709,16929,16930,16930,1,1
2021-10-19 15:08:11.743,16929,16930,16930,1,1
2021-10-19 15:08:11.743,16929,16930,16931,1,1
2021-10-19 15:08:14.459,16929,16931,16929,2,-2
2021-10-19 15:08:15.887,16930,16931,16930,1,1
2021-10-19 15:08:15.887,16930,16931,16929,1,-1
2021-10-19 15:08:16.453,16929,16931,16931,1,1
2021-10-19 15:08:17.141,16930,16932,16931,1,0
2021-10-19 15:08:17.636,16930,16932,16930,8,-8
2021-10-19 15:08:17.636,16930,16932,16929,2,-2
2021-10-19 15:08:19.922,16930,16932,16932,3,3
2021-10-19 15:08:22.635,16931,16932,16932,1,1
2021-10-19 15:08:26.042,16931,16932,16931,2,-2
2021-10-19 15:08:27.418,16931,16932,16931,2,-2
2021-10-19 15:08:29.045,16931,16932,16931,1,-1
2021-10-19 15:08:29.664,16931,16932,16931,3,-3
2021-10-19 15:08:30.219,16931,16932,16931,1,-1
2021-10-19 15:08:30.222,16931,16932,16932,3,3
2021-10-19 15:08:32.062,16932,16933,16932,1,-1
2021-10-19 15:08:32.062,16932,16933,16932,1,-1
2021-10-19 15:08:32.991,16931,16933,16933,1,1
2021-10-19 15:08:33.059,16931,16933,16933,1,1
2021-10-19 15:08:33.158,16931,16933,16933,1,1
2021-10-19 15:08:33.428,16931,16933,16931,2,-2
2021-10-19 15:08:34.029,16931,16933,16931,2,-2
2021-10-19 15:08:36.794,16932,16933,16932,2,2
2021-10-19 15:08:36.794,16932,16933,16931,3,-3
2021-10-19 15:08:41.072,16930,16931,16931,1,1
2021-10-19 15:08:41.846,16930,16932,16930,4,-4
2021-10-19 15:08:48.704,16931,16932,16932,3,3
2021-10-19 15:08:50.434,16931,16932,16932,1,1
2021-10-19 15:08:50.788,16932,16933,16932,2,-2
2021-10-19 15:08:54.553,16932,16933,16933,1,1
2021-10-19 15:09:00.057,16932,16934,16934,1,1
2021-10-19 15:09:04.001,16932,16933,16932,2,-2
2021-10-19 15:09:10.547,16931,16932,16931,1,-1
2021-10-19 15:09:10.724,16931,16932,16932,1,1
2021-10-19 15:09:17.728,16931,16932,16931,4,-4
2021-10-19 15:09:18.869,16930,16931,16931,1,1
2021-10-19 15:09:21.409,16931,16932,16931,1,-1
2021-10-19 15:09:22.503,16930,16931,16930,1,-1
2021-10-19 15:09:24.177,16930,16931,16931,1,1
2021-10-19 15:09:24.178,16930,16931,16931,2,2
2021-10-19 15:09:29.051,16931,16932,16931,1,-1
2021-10-19 15:09:38.214,16931,16932,16931,1,-1
2021-10-19 15:09:39.571,16931,16932,16931,1,-1
2021-10-19 15:09:42.956,16930,16931,16931,1,1
2021-10-19 15:09:46.716,16931,16932,16932,7,7
2021-10-19 15:09:56.542,16931,16932,16932,1,1
2021-10-19 15:09:58.980,16931,16932,16932,1,1
2021-10-19 15:10:02.691,16931,16932,16931,1,-1
2021-10-19 15:10:03.371,16930,16931,16931,1,1
2021-10-19 15:10:03.371,16930,16931,16932,1,1
2021-10-19 15:10:17.080,16930,16931,16931,1,1
2021-10-19 15:10:19.788,16930,16931,16931,3,3
2021-10-19 15:10:19.788,16930,16931,16932,2,2
2021-10-19 15:10:23.714,16930,16931,16930,3,-3
2021-10-19 15:10:23.715,16930,16931,16930,1,-1
2021-10-19 15:10:23.715,16930,16931,16930,2,-2
2021-10-19 15:10:23.716,16930,16931,16930,2,-2
2021-10-19 15:10:23.716,16930,16931,16930,1,-1
2021-10-19 15:10:23.716,16930,16931,16930,4,-4
2021-10-19 15:10:24.733,16929,16930,16930,3,3
2021-10-19 15:10:25.206,16929,16930,16929,1,-1
2021-10-19 15:10:25.206,16929,16930,16929,4,-4
2021-10-19 15:10:25.206,16929,16930,16929,2,-2
2021-10-19 15:10:25.206,16929,16930,16929,1,-1
2021-10-19 15:10:25.206,16929,16930,16929,1,-1
2021-10-19 15:10:26.130,16928,16929,16928,8,-8
2021-10-19 15:10:26.862,16927,16928,16928,1,1
2021-10-19 15:10:29.314,16927,16928,16928,1,1
2021-10-19 15:10:32.193,16928,16929,16928,1,-1
2021-10-19 15:10:33.818,16927,16928,16927,5,-5
2021-10-19 15:10:36.190,16927,16928,16928,1,1
2021-10-19 15:10:47.385,16927,16928,16927,1,-1
2021-10-19 15:10:51.258,16927,16928,16928,2,2
2021-10-19 15:10:51.892,16927,16929,16927,1,-1
2021-10-19 15:10:56.490,16927,16928,16927,5,-5
2021-10-19 15:10:56.490,16927,16928,16926,19,-19
2021-10-19 15:10:57.551,16926,16928,16926,1,-1
2021-10-19 15:10:57.830,16925,16927,16925,1,-1
2021-10-19 15:10:57.864,16925,16927,16925,1,-1
2021-10-19 15:10:57.868,16925,16927,16925,2,-2
2021-10-19 15:10:57.900,16925,16927,16926,1,1
2021-10-19 15:10:58.266,16925,16927,16925,1,-1
2021-10-19 15:10:59.339,16925,16926,16926,2,2
2021-10-19 15:11:03.537,16927,16928,16927,1,1
2021-10-19 15:11:04.275,16927,16928,16928,1,1
2021-10-19 15:11:04.275,16927,16928,16928,2,2
2021-10-19 15:11:05.972,16929,16930,16929,1,1
2021-10-19 15:11:05.978,16929,16930,16929,1,-1
2021-10-19 15:11:07.148,16929,16930,16930,1,1
2021-10-19 15:11:07.148,16929,16930,16931,4,4
2021-10-19 15:11:09.307,16930,16931,16930,1,-1
2021-10-19 15:11:15.993,16929,16930,16929,1,-1
2021-10-19 15:11:16.493,16929,16930,16929,2,-2
2021-10-19 15:11:16.493,16929,16930,16928,8,-8
2021-10-19 15:11:18.810,16928,16929,16929,3,3
2021-10-19 15:11:24.936,16927,16929,16927,1,-1
2021-10-19 15:11:26.274,16927,16930,16927,7,-7
2021-10-19 15:11:26.274,16927,16930,16926,3,-3
2021-10-19 15:11:31.027,16926,16929,16929,1,1
2021-10-19 15:11:36.023,16927,16929,16927,1,-1
2021-10-19 15:11:39.638,16927,16928,16928,1,1
2021-10-19 15:11:45.372,16927,16928,16927,2,-2
2021-10-19 15:11:45.372,16927,16928,16926,3,-3
2021-10-19 15:11:48.729,16927,16928,16927,1,1
2021-10-19 15:11:51.156,16926,16927,16927,1,1
2021-10-19 15:11:51.159,16926,16927,16928,1,1
2021-10-19 15:11:52.271,16927,16928,16928,1,1
2021-10-19 15:11:52.271,16927,16928,16929,1,1
2021-10-19 15:11:53.994,16927,16929,16927,2,-2
2021-10-19 15:11:55.315,16927,16929,16927,1,-1
2021-10-19 15:11:58.073,16927,16929,16929,1,1
2021-10-19 15:12:03.536,16928,16929,16929,1,1
2021-10-19 15:12:05.039,16928,16929,16929,1,1
2021-10-19 15:12:05.642,16928,16930,16928,1,-1
2021-10-19 15:12:06.796,16928,16930,16930,1,1
2021-10-19 15:12:08.462,16928,16930,16930,1,1
2021-10-19 15:12:08.502,16928,16931,16929,1,-1
2021-10-19 15:12:11.372,16928,16930,16930,1,1
2021-10-19 15:12:13.666,16929,16930,16929,1,-1
2021-10-19 15:12:15.398,16926,16929,16929,1,1
2021-10-19 15:12:19.074,16926,16927,16927,1,1
2021-10-19 15:12:20.725,16927,16928,16928,1,1
2021-10-19 15:12:24.167,16927,16928,16928,4,4
2021-10-19 15:12:24.684,16928,16929,16928,1,-1
2021-10-19 15:12:25.413,16928,16929,16928,1,-1
2021-10-19 15:12:29.622,16928,16929,16928,1,-1
2021-10-19 15:12:32.795,16928,16929,16929,1,1
2021-10-19 15:12:33.416,16928,16929,16928,1,-1
2021-10-19 15:12:33.416,16928,16929,16928,1,-1
2021-10-19 15:12:35.823,16927,16928,16928,1,1
2021-10-19 15:12:38.060,16927,16928,16927,1,-1
2021-10-19 15:12:38.094,16927,16928,16928,1,1
2021-10-19 15:12:38.954,16927,16928,16928,1,1
2021-10-19 15:12:42.848,16927,16928,16928,2,2
2021-10-19 15:12:46.747,16928,16929,16928,1,-1
2021-10-19 15:12:49.089,16926,16928,16928,1,1
2021-10-19 15:12:49.995,16927,16928,16928,1,1
2021-10-19 15:12:59.634,16927,16928,16928,1,1
2021-10-19 15:13:02.724,16927,16928,16928,1,1
2021-10-19 15:13:05.472,16928,16929,16928,1,-1
2021-10-19 15:13:07.691,16927,16928,16927,2,-2
2021-10-19 15:13:10.089,16926,16927,16926,2,-2
2021-10-19 15:13:10.089,16926,16927,16926,9,-9
2021-10-19 15:13:12.465,16925,16926,16925,2,-2
2021-10-19 15:13:12.465,16925,16926,16925,1,-1
2021-10-19 15:13:12.465,16925,16926,16925,1,-1
2021-10-19 15:13:12.468,16925,16926,16925,14,-14
2021-10-19 15:13:14.968,16924,16925,16925,1,1
2021-10-19 15:13:15.378,16924,16925,16925,1,1
2021-10-19 15:13:15.723,16924,16926,16926,1,1
2021-10-19 15:13:19.073,16926,16928,16926,1,-1
2021-10-19 15:13:19.920,16927,16928,16927,1,1
2021-10-19 15:13:25.895,16927,16928,16928,1,1
2021-10-19 15:13:26.103,16927,16928,16928,1,1
2021-10-19 15:13:27.021,16928,16929,16928,1,-1
2021-10-19 15:13:33.250,16928,16929,16928,1,-1
2021-10-19 15:13:33.393,16928,16929,16928,1,-1
2021-10-19 15:13:34.914,16927,16929,16928,1,0
2021-10-19 15:13:35.332,16927,16928,16928,1,1
2021-10-19 15:13:36.714,16927,16928,16928,1,1
2021-10-19 15:13:37.593,16928,16929,16929,1,1
2021-10-19 15:13:38.245,16928,16929,16928,1,-1
2021-10-19 15:13:38.939,16927,16928,16928,1,1
2021-10-19 15:13:42.341,16927,16928,16928,1,1
2021-10-19 15:13:43.147,16928,16929,16928,2,-2
2021-10-19 15:13:44.464,16928,16929,16929,1,1
2021-10-19 15:13:44.507,16928,16929,16929,7,7
2021-10-19 15:13:44.716,16929,16930,16929,1,-1
2021-10-19 15:13:48.963,16929,16930,16929,1,-1
2021-10-19 15:13:52.342,16929,16930,16930,1,1
2021-10-19 15:13:52.368,16929,16930,16930,12,12
2021-10-19 15:13:52.368,16929,16930,16930,1,1
2021-10-19 15:13:53.288,16930,16931,16931,4,4
2021-10-19 15:13:54.788,16931,16932,16932,1,1
2021-10-19 15:13:57.330,16931,16932,16932,1,1
2021-10-19 15:13:58.550,16931,16932,16932,1,1
2021-10-19 15:13:59.209,16931,16932,16931,1,-1
2021-10-19 15:13:59.944,16931,16932,16932,1,1
2021-10-19 15:14:01.353,16931,16932,16931,1,-1
2021-10-19 15:14:03.122,16931,16932,16931,1,-1
2021-10-19 15:14:04.132,16930,16931,16931,2,2
2021-10-19 15:14:04.221,16930,16931,16931,1,1
2021-10-19 15:14:13.021,16931,16932,16931,1,-1
2021-10-19 15:14:13.915,16931,16932,16932,1,1
2021-10-19 15:14:14.853,16931,16932,16931,1,-1
2021-10-19 15:14:18.785,16930,16932,16932,1,1
2021-10-19 15:14:20.288,16930,16932,16932,1,1
2021-10-19 15:14:24.492,16930,16931,16931,1,1
2021-10-19 15:14:27.152,16931,16932,16932,7,7
2021-10-19 15:14:28.831,16932,16933,16932,1,-1
2021-10-19 15:14:31.442,16931,16932,16932,1,1
2021-10-19 15:14:31.806,16931,16932,16931,1,-1
2021-10-19 15:14:39.021,16931,16932,16931,1,-1
2021-10-19 15:14:40.388,16931,16932,16931,1,-1
2021-10-19 15:14:40.542,16930,16931,16931,1,1
2021-10-19 15:14:44.740,16930,16931,16931,1,1
2021-10-19 15:14:47.626,16930,16931,16930,5,-5
2021-10-19 15:14:48.096,16929,16930,16930,1,1
2021-10-19 15:14:52.021,16929,16930,16929,1,-1
2021-10-19 15:14:54.341,16929,16930,16930,1,1
2021-10-19 15:14:59.021,16929,16930,16929,1,-1
2021-10-19 15:15:00.081,16929,16930,16929,1,-1
2021-10-19 15:15:00.104,16928,16930,16928,1,-1
2021-10-19 15:15:00.287,16927,16930,16927,2,-2
2021-10-19 15:15:00.302,16927,16930,16927,2,-2
2021-10-19 15:15:00.304,16927,16930,16927,1,-1
2021-10-19 15:15:00.522,16927,16929,16927,1,-1
2021-10-19 15:15:00.696,16928,16929,16929,1,1
2021-10-19 15:15:00.760,16928,16929,16929,1,1
2021-10-19 15:15:00.820,16928,16929,16929,1,1
2021-10-19 15:15:00.834,16928,16929,16929,1,1
2021-10-19 15:15:00.835,16928,16929,16929,1,1
2021-10-19 15:15:00.843,16928,16929,16929,1,1
2021-10-19 15:15:00.878,16928,16929,16929,1,1
2021-10-19 15:15:00.955,16928,16929,16930,1,1
2021-10-19 15:15:05.768,16928,16929,16929,1,1
2021-10-19 15:15:06.345,16928,16930,16928,1,-1
2021-10-19 15:15:06.363,16928,16930,16928,1,-1
2021-10-19 15:15:06.723,16928,16930,16930,1,1
2021-10-19 15:15:06.983,16928,16930,16930,1,1
2021-10-19 15:15:07.616,16928,16930,16930,1,1
2021-10-19 15:15:09.673,16929,16930,16930,2,2
2021-10-19 15:15:10.951,16930,16931,16930,1,-1
2021-10-19 15:15:13.237,16928,16931,16931,6,6
2021-10-19 15:15:16.966,16929,16932,16929,2,-2
2021-10-19 15:15:18.741,16929,16931,16931,1,1
2021-10-19 15:15:23.144,16929,16930,16930,1,1
2021-10-19 15:15:25.394,16930,16931,16931,1,1
2021-10-19 15:15:28.957,16930,16931,16930,1,-1
2021-10-19 15:15:28.957,16930,16931,16930,5,-5
2021-10-19 15:15:28.958,16930,16931,16930,6,-6
2021-10-19 15:15:28.958,16930,16931,16930,1,-1
2021-10-19 15:15:28.958,16930,16931,16930,9,-9
2021-10-19 15:15:28.958,16930,16931,16930,2,-2
2021-10-19 15:15:33.530,16929,16930,16930,1,1
2021-10-19 15:15:43.512,16930,16931,16931,2,2
2021-10-19 15:15:45.201,16931,16932,16932,7,7
2021-10-19 15:15:45.201,16931,16932,16932,1,1
2021-10-19 15:15:45.202,16931,16932,16932,1,1
2021-10-19 15:15:45.202,16931,16932,16932,1,1
2021-10-19 15:15:45.202,16931,16932,16932,1,1
2021-10-19 15:15:48.600,16932,16933,16932,2,-2
2021-10-19 15:16:00.744,16932,16933,16933,5,5
2021-10-19 15:16:02.441,16933,16934,16933,1,-1
2021-10-19 15:16:02.702,16933,16934,16933,1,-1
2021-10-19 15:16:05.210,16932,16933,16933,1,1
2021-10-19 15:16:09.214,16933,16934,16933,1,-1
2021-10-19 15:16:12.218,16933,16934,16934,2,2
2021-10-19 15:16:12.218,16933,16934,16934,7,7
2021-10-19 15:16:12.342,16934,16935,16935,1,1
2021-10-19 15:16:12.342,16934,16935,16935,1,1
2021-10-19 15:16:12.342,16934,16935,16935,1,1
2021-10-19 15:16:12.344,16934,16935,16935,1,1
2021-10-19 15:16:12.344,16934,16935,16935,1,1
2021-10-19 15:16:12.598,16934,16935,16934,1,-1
2021-10-19 15:16:16.074,16934,16935,16934,2,-2
2021-10-19 15:16:16.386,16934,16935,16935,2,2
2021-10-19 15:16:18.528,16934,16935,16935,1,1
2021-10-19 15:16:18.592,16934,16935,16935,1,1
2021-10-19 15:16:18.592,16934,16935,16936,1,1
2021-10-19 15:16:18.592,16934,16935,16936,1,1
2021-10-19 15:16:18.592,16934,16935,16936,1,1
2021-10-19 15:16:19.297,16934,16935,16935,1,1
2021-10-19 15:16:24.244,16935,16936,16935,1,-1
2021-10-19 15:16:24.360,16935,16936,16935,1,-1
2021-10-19 15:16:27.060,16935,16936,16935,1,-1
2021-10-19 15:16:34.150,16935,16936,16936,2,2
2021-10-19 15:16:34.216,16935,16936,16936,1,1
2021-10-19 15:16:34.750,16935,16936,16936,1,1
2021-10-19 15:16:41.680,16935,16936,16935,2,-2
2021-10-19 15:16:44.483,16935,16936,16935,3,-3
2021-10-19 15:16:44.591,16934,16936,16936,1,1
2021-10-19 15:16:44.592,16934,16936,16936,1,1
2021-10-19 15:16:44.592,16934,16936,16936,1,1
2021-10-19 15:16:44.592,16934,16936,16936,1,1
2021-10-19 15:16:44.592,16934,16936,16936,1,1
2021-10-19 15:16:44.592,16934,16936,16936,1,1
2021-10-19 15:16:44.592,16934,16936,16936,1,1
2021-10-19 15:16:44.592,16934,16936,16936,1,1
2021-10-19 15:16:44.592,16934,16936,16936,1,1
2021-10-19 15:16:44.592,16934,16936,16936,1,1
2021-10-19 15:16:44.592,16934,16936,16936,1,1
2021-10-19 15:16:44.592,16934,16936,16936,1,1
2021-10-19 15:16:44.592,16934,16936,16937,1,1
2021-10-19 15:16:44.592,16934,16936,16937,1,1
2021-10-19 15:16:46.925,16935,16936,16936,1,1
2021-10-19 15:16:47.458,16935,16937,16935,1,-1
2021-10-19 15:16:55.866,16935,16937,16937,2,2
2021-10-19 15:16:57.196,16935,16937,16937,1,1
2021-10-19 15:16:59.719,16935,16937,16937,2,2
2021-10-19 15:17:00.313,16935,16937,16937,2,2
2021-10-19 15:17:00.520,16935,16937,16937,2,2
2021-10-19 15:17:00.536,16935,16937,16937,1,1
2021-10-19 15:17:01.529,16935,16936,16935,1,-1
2021-10-19 15:17:01.615,16934,16935,16934,4,-4
2021-10-19 15:17:01.999,16934,16935,16935,1,1
2021-10-19 15:17:02.069,16934,16935,16935,2,2
2021-10-19 15:17:03.084,16934,16935,16935,1,1
2021-10-19 15:17:04.095,16934,16935,16935,1,1
2021-10-19 15:17:12.339,16935,16936,16935,1,-1
2021-10-19 15:17:20.811,16934,16935,16934,3,-3
2021-10-19 15:17:23.779,16933,16934,16933,3,-3
2021-10-19 15:17:25.442,16932,16933,16933,1,1
2021-10-19 15:17:29.690,16932,16933,16932,1,-1
2021-10-19 15:17:40.244,16932,16933,16933,1,1
2021-10-19 15:17:40.244,16932,16933,16933,2,2
2021-10-19 15:17:46.140,16932,16934,16933,1,0
2021-10-19 15:17:49.155,16932,16934,16933,1,0
2021-10-19 15:17:50.786,16932,16934,16932,4,-4
2021-10-19 15:17:50.786,16932,16934,16931,5,-5
2021-10-19 15:17:51.132,16931,16933,16933,1,1
2021-10-19 15:18:04.218,16933,16934,16933,1,-1
2021-10-19 15:18:04.605,16932,16934,16934,2,2
2021-10-19 15:18:07.404,16933,16934,16934,7,7
2021-10-19 15:18:09.236,16934,16935,16934,1,-1
2021-10-19 15:18:10.311,16934,16935,16935,1,1
2021-10-19 15:18:11.214,16934,16935,16935,1,1
2021-10-19 15:18:18.506,16934,16936,16936,1,1
2021-10-19 15:18:21.968,16934,16935,16935,1,1
2021-10-19 15:18:27.669,16934,16935,16934,4,-4
2021-10-19 15:18:29.437,16933,16934,16934,1,1
2021-10-19 15:18:30.449,16934,16935,16934,2,-2
2021-10-19 15:18:30.460,16934,16935,16934,2,-2
2021-10-19 15:18:36.265,16933,16934,16934,1,1
2021-10-19 15:18:56.255,16934,16935,16934,1,-1
2021-10-19 15:18:56.672,16933,16935,16934,1,0
2021-10-19 15:18:57.694,16933,16934,16933,4,-4
2021-10-19 15:19:00.748,16932,16934,16934,4,4
2021-10-19 15:19:00.781,16932,16934,16933,2,-2
2021-10-19 15:19:14.865,16932,16933,16932,3,-3
2021-10-19 15:19:14.865,16932,16933,16932,4,-4
2021-10-19 15:19:14.866,16932,16933,16932,2,-2
2021-10-19 15:19:15.677,16931,16932,16931,1,-1
2021-10-19 15:19:25.927,16931,16932,16932,4,4
2021-10-19 15:19:25.929,16931,16932,16932,1,1
2021-10-19 15:19:34.090,16931,16932,16932,1,1
2021-10-19 15:19:53.371,16932,16933,16932,4,-4
2021-10-19 15:19:56.464,16931,16932,16931,1,-1
2021-10-19 15:19:56.465,16931,16932,16931,7,-7
2021-10-19 15:19:59.315,16930,16931,16931,1,1
2021-10-19 15:20:05.170,16931,16932,16932,1,1
2021-10-19 15:20:05.981,16932,16933,16933,1,1
2021-10-19 15:20:06.205,16932,16933,16933,1,1
2021-10-19 15:20:11.131,16931,16933,16933,2,2
2021-10-19 15:20:25.966,16931,16932,16931,1,-1
2021-10-19 15:20:25.966,16931,16932,16931,3,-3
2021-10-19 15:20:30.775,16930,16931,16931,1,1
2021-10-19 15:20:31.088,16930,16931,16931,1,1
2021-10-19 15:20:33.911,16930,16931,16931,2,2
2021-10-19 15:20:33.911,16930,16931,16932,3,3
2021-10-19 15:20:46.154,16930,16931,16931,2,2
2021-10-19 15:20:46.154,16930,16931,16932,3,3
2021-10-19 15:20:49.400,16930,16932,16932,1,1
2021-10-19 15:20:57.168,16931,16932,16931,1,-1
2021-10-19 15:21:10.309,16931,16932,16932,2,2
2021-10-19 15:21:11.040,16931,16933,16931,1,-1
2021-10-19 15:21:12.298,16932,16933,16933,1,1
2021-10-19 15:21:13.161,16932,16933,16932,1,-1
2021-10-19 15:21:17.128,16932,16933,16933,2,2
2021-10-19 15:21:17.128,16932,16933,16933,1,1
2021-10-19 15:21:17.129,16932,16933,16933,1,1
2021-10-19 15:21:17.129,16932,16933,16933,6,6
2021-10-19 15:21:17.474,16933,16934,16934,3,3
2021-10-19 15:21:21.654,16934,16935,16934,1,-1
2021-10-19 15:21:21.800,16934,16935,16935,1,1
2021-10-19 15:21:22.922,16934,16935,16935,1,1
2021-10-19 15:21:23.596,16934,16935,16934,1,-1
2021-10-19 15:21:28.208,16934,16935,16935,4,4
2021-10-19 15:21:36.364,16935,16936,16935,2,-2
2021-10-19 15:21:36.714,16935,16936,16935,1,-1
2021-10-19 15:21:36.714,16935,16936,16935,1,-1
2021-10-19 15:21:44.403,16934,16936,16936,1,1
2021-10-19 15:21:53.317,16935,16936,16936,3,3
2021-10-19 15:21:54.638,16936,16937,16936,3,-3
2021-10-19 15:21:54.638,16936,16937,16936,1,-1
2021-10-19 15:22:12.453,16936,16937,16937,1,1
2021-10-19 15:22:15.123,16936,16937,16937,2,2
2021-10-19 15:22:22.752,16936,16937,16936,6,-6
2021-10-19 15:22:31.153,16934,16935,16935,3,3
2021-10-19 15:22:31.154,16934,16935,16934,2,-2
2021-10-19 15:22:40.493,16935,16937,16935,2,2
2021-10-19 15:22:52.916,16935,16936,16935,1,-1
2021-10-19 15:22:52.989,16935,16936,16935,3,-3
2021-10-19 15:23:33.039,16933,16934,16933,3,-3
2021-10-19 15:23:33.392,16932,16934,16934,1,1
2021-10-19 15:23:43.082,16933,16934,16933,1,-1
2021-10-19 15:23:43.957,16932,16934,16932,1,-1
2021-10-19 15:24:01.681,16932,16934,16934,2,2
2021-10-19 15:24:13.191,16934,16935,16934,1,-1
2021-10-19 15:24:14.408,16934,16935,16935,3,3
2021-10-19 15:24:32.866,16935,16936,16935,1,-1
2021-10-19 15:24:32.867,16935,16936,16935,5,-5
2021-10-19 15:24:32.867,16935,16936,16935,1,-1
2021-10-19 15:25:06.964,16935,16936,16936,2,2
2021-10-19 15:25:06.964,16935,16936,16936,2,2
2021-10-19 15:25:08.518,16936,16937,16936,1,-1
2021-10-19 15:25:08.693,16936,16937,16937,1,1
2021-10-19 15:25:09.572,16936,16937,16937,1,1
2021-10-19 15:25:10.745,16936,16937,16937,1,1
2021-10-19 15:25:13.374,16937,16938,16938,2,2
2021-10-19 15:25:16.535,16937,16938,16938,2,2
2021-10-19 15:25:18.083,16937,16938,16938,1,1
2021-10-19 15:25:18.595,16937,16938,16938,1,1
2021-10-19 15:25:20.178,16937,16938,16938,10,10
2021-10-19 15:25:20.437,16937,16938,16937,1,-1
2021-10-19 15:25:24.020,16937,16938,16937,1,-1
2021-10-19 15:25:24.020,16937,16938,16936,1,-1
2021-10-19 15:25:34.423,16936,16938,16936,2,-2
2021-10-19 15:25:37.999,16935,16937,16937,1,1
2021-10-19 15:25:42.866,16936,16937,16936,1,-1
2021-10-19 15:25:44.338,16935,16936,16936,1,1
2021-10-19 15:25:44.714,16935,16936,16936,1,1
2021-10-19 15:25:44.883,16935,16936,16936,1,1
2021-10-19 15:25:45.054,16935,16936,16936,1,1
2021-10-19 15:25:47.134,16935,16936,16935,1,-1
2021-10-19 15:26:17.730,16936,16937,16936,2,2
2021-10-19 15:26:17.730,16936,16937,16935,1,-1
2021-10-19 15:26:19.945,16935,16937,16935,1,-1
2021-10-19 15:26:27.622,16936,16937,16937,1,1
2021-10-19 15:26:27.628,16936,16937,16937,1,1
2021-10-19 15:26:35.600,16937,16938,16938,5,5
2021-10-19 15:26:36.420,16937,16938,16938,3,3
2021-10-19 15:26:43.009,16937,16939,16937,1,-1
2021-10-19 15:26:59.097,16937,16938,16938,4,4
2021-10-19 15:27:02.071,16938,16939,16938,2,-2
2021-10-19 15:27:02.676,16937,16938,16938,1,1
2021-10-19 15:27:02.781,16937,16938,16938,1,1
2021-10-19 15:27:02.832,16937,16938,16939,1,1
2021-10-19 15:27:03.116,16937,16939,16939,4,4
2021-10-19 15:27:03.248,16937,16939,16939,2,2
2021-10-19 15:27:03.359,16937,16939,16939,1,1
2021-10-19 15:27:03.657,16938,16940,16939,1,0
2021-10-19 15:27:03.691,16938,16940,16940,1,1
2021-10-19 15:27:03.779,16938,16940,16940,2,2
2021-10-19 15:27:03.782,16938,16940,16940,2,2
2021-10-19 15:27:04.848,16938,16940,16940,1,1
2021-10-19 15:27:05.232,16938,16940,16940,1,1
2021-10-19 15:27:05.376,16938,16940,16940,1,1
2021-10-19 15:27:05.538,16938,16940,16940,1,1
2021-10-19 15:27:05.710,16938,16940,16940,1,1
2021-10-19 15:27:05.888,16939,16940,16940,1,1
2021-10-19 15:27:06.047,16939,16940,16940,1,1
2021-10-19 15:27:06.065,16939,16940,16940,1,1
2021-10-19 15:27:06.492,16939,16940,16940,1,1
2021-10-19 15:27:06.800,16939,16940,16940,1,1
2021-10-19 15:27:06.967,16939,16940,16940,1,1
2021-10-19 15:27:14.124,16940,16941,16940,1,-1
2021-10-19 15:27:17.886,16940,16941,16940,1,-1
2021-10-19 15:27:19.403,16940,16941,16940,1,-1
2021-10-19 15:27:19.403,16940,16941,16939,1,-1
2021-10-19 15:27:23.437,16939,16940,16939,4,-4
2021-10-19 15:27:24.028,16938,16940,16940,1,1
2021-10-19 15:27:28.669,16939,16940,16940,2,2
2021-10-19 15:27:29.210,16940,16941,16941,9,9
2021-10-19 15:27:29.210,16940,16941,16941,1,1
2021-10-19 15:27:29.210,16940,16941,16941,2,2
2021-10-19 15:27:29.211,16940,16941,16941,1,1
2021-10-19 15:27:29.211,16940,16941,16941,2,2
2021-10-19 15:27:29.211,16940,16941,16941,5,5
2021-10-19 15:27:29.217,16941,16942,16942,18,18
2021-10-19 15:27:29.355,16942,16943,16943,1,1
2021-10-19 15:27:29.365,16942,16943,16943,1,1
2021-10-19 15:27:29.371,16942,16943,16943,1,1
2021-10-19 15:27:29.375,16942,16943,16943,1,1
2021-10-19 15:27:29.401,16942,16943,16944,10,10
2021-10-19 15:27:29.479,16943,16944,16944,2,2
2021-10-19 15:27:29.536,16943,16944,16944,1,1
2021-10-19 15:27:29.623,16943,16945,16945,1,1
2021-10-19 15:27:29.654,16943,16945,16945,1,1
2021-10-19 15:27:29.696,16943,16945,16944,1,-1
2021-10-19 15:27:29.740,16943,16945,16945,2,2
2021-10-19 15:27:29.764,16943,16945,16945,1,1
2021-10-19 15:27:29.765,16943,16945,16945,1,1
2021-10-19 15:27:29.808,16943,16945,16945,4,4
2021-10-19 15:27:31.158,16943,16945,16945,1,1
2021-10-19 15:27:31.656,16942,16944,16944,1,1
2021-10-19 15:27:31.720,16942,16944,16944,1,1
2021-10-19 15:27:31.928,16942,16944,16944,1,1
2021-10-19 15:27:31.958,16942,16944,16944,2,2
2021-10-19 15:27:31.958,16942,16944,16945,2,2
2021-10-19 15:27:33.796,16943,16945,16945,1,1
2021-10-19 15:27:33.822,16943,16945,16943,1,-1
2021-10-19 15:27:34.405,16942,16944,16942,1,-1
2021-10-19 15:27:34.981,16942,16944,16942,1,-1
2021-10-19 15:27:35.335,16942,16944,16944,1,1
2021-10-19 15:27:38.319,16943,16944,16944,1,1
2021-10-19 15:27:42.220,16943,16944,16943,1,-1
2021-10-19 15:27:43.307,16943,16944,16944,1,1
2021-10-19 15:27:50.357,16943,16944,16944,1,1
2021-10-19 15:27:51.541,16943,16944,16944,1,1
2021-10-19 15:27:52.350,16944,16945,16944,1,-1
2021-10-19 15:27:56.482,16943,16944,16944,1,1
2021-10-19 15:27:57.787,16944,16945,16944,3,-3
2021-10-19 15:27:57.948,16943,16945,16945,2,2
2021-10-19 15:27:57.948,16943,16945,16945,15,15
2021-10-19 15:27:58.081,16944,16946,16945,1,0
2021-10-19 15:27:58.240,16945,16946,16945,1,-1
2021-10-19 15:27:58.263,16945,16946,16945,1,-1
2021-10-19 15:27:58.825,16945,16946,16945,1,-1
2021-10-19 15:27:59.344,16945,16946,16945,1,-1
2021-10-19 15:28:03.831,16945,16946,16945,1,-1
2021-10-19 15:28:05.160,16945,16946,16945,1,-1
2021-10-19 15:28:05.825,16945,16946,16945,1,-1
2021-10-19 15:28:06.905,16945,16946,16945,1,-1
2021-10-19 15:28:07.082,16945,16946,16945,1,-1
2021-10-19 15:28:10.485,16945,16946,16945,1,-1
2021-10-19 15:28:10.669,16945,16946,16945,1,-1
2021-10-19 15:28:11.574,16945,16946,16945,1,-1
2021-10-19 15:28:11.574,16945,16946,16945,1,-1
2021-10-19 15:28:12.332,16944,16945,16945,1,1
2021-10-19 15:28:14.516,16944,16945,16944,1,-1
2021-10-19 15:28:14.595,16944,16945,16945,1,1
2021-10-19 15:28:14.771,16944,16945,16944,1,-1
2021-10-19 15:28:23.060,16944,16945,16945,1,1
2021-10-19 15:28:27.199,16944,16945,16944,1,-1
2021-10-19 15:28:29.865,16944,16945,16944,1,-1
2021-10-19 15:28:38.193,16944,16945,16944,1,-1
2021-10-19 15:28:41.220,16944,16945,16944,1,-1
2021-10-19 15:28:43.644,16944,16945,16945,1,1
2021-10-19 15:28:46.183,16944,16945,16944,1,-1
2021-10-19 15:28:46.544,16944,16945,16944,1,-1
2021-10-19 15:28:55.343,16944,16945,16945,2,2
2021-10-19 15:28:57.340,16944,16945,16944,1,-1
2021-10-19 15:29:07.796,16944,16945,16944,1,-1
2021-10-19 15:29:19.527,16944,16945,16945,2,2
2021-10-19 15:29:19.527,16944,16945,16945,1,1
2021-10-19 15:29:19.527,16944,16945,16945,5,5
2021-10-19 15:29:19.527,16944,16945,16945,1,1
2021-10-19 15:29:19.527,16944,16945,16945,1,1
2021-10-19 15:29:19.527,16944,16945,16945,2,2
2021-10-19 15:29:25.186,16945,16946,16945,1,-1
2021-10-19 15:29:25.814,16944,16946,16946,1,1
2021-10-19 15:29:26.070,16944,16946,16946,1,1
2021-10-19 15:29:27.071,16944,16946,16946,2,2
2021-10-19 15:29:29.744,16945,16946,16946,1,1
2021-10-19 15:29:41.746,16945,16946,16946,1,1
2021-10-19 15:29:42.355,16945,16946,16946,1,1
2021-10-19 15:29:46.975,16945,16946,16945,1,-1
2021-10-19 15:29:52.112,16945,16946,16945,5,-5
2021-10-19 15:29:54.306,16945,16946,16945,1,-1
2021-10-19 15:29:54.467,16945,16946,16945,5,-5
2021-10-19 15:30:01.047,16944,16945,16944,1,-1
2021-10-19 15:30:01.193,16944,16945,16945,1,1
2021-10-19 15:30:01.193,16944,16945,16945,1,1
2021-10-19 15:30:01.453,16945,16946,16946,1,1
2021-10-19 15:30:01.530,16945,16946,16946,1,1
2021-10-19 15:30:01.563,16945,16946,16946,1,1
2021-10-19 15:30:01.569,16945,16946,16946,4,4
2021-10-19 15:30:01.796,16945,16946,16946,1,1
2021-10-19 15:30:01.854,16945,16946,16946,1,1
2021-10-19 15:30:01.899,16945,16946,16946,1,1
2021-10-19 15:30:02.062,16945,16946,16946,1,1
2021-10-19 15:30:02.076,16945,16946,16946,1,1
2021-10-19 15:30:02.076,16945,16946,16947,4,4
2021-10-19 15:30:02.077,16945,16946,16947,5,5
2021-10-19 15:30:02.366,16946,16947,16947,2,2
2021-10-19 15:30:02.836,16946,16947,16947,1,1
2021-10-19 15:30:03.063,16946,16947,16947,1,1
2021-10-19 15:30:03.519,16946,16948,16948,1,1
2021-10-19 15:30:04.424,16946,16948,16946,1,-1
2021-10-19 15:30:06.681,16946,16948,16948,1,1
2021-10-19 15:30:10.243,16946,16948,16946,1,-1
2021-10-19 15:30:10.816,16946,16948,16948,2,2
2021-10-19 15:30:11.302,16946,16948,16946,5,-5
2021-10-19 15:30:16.626,16947,16948,16947,3,3
2021-10-19 15:30:16.626,16947,16948,16946,1,-1
2021-10-19 15:30:16.627,16947,16948,16946,3,-3
2021-10-19 15:30:19.718,16946,16947,16947,1,1
2021-10-19 15:30:20.187,16947,16948,16947,1,-1
2021-10-19 15:30:20.859,16947,16948,16948,1,1
2021-10-19 15:30:22.031,16947,16948,16948,2,2
2021-10-19 15:30:25.318,16947,16948,16948,2,2
2021-10-19 15:30:25.320,16947,16948,16948,28,28
2021-10-19 15:30:25.321,16947,16948,16949,9,9
2021-10-19 15:30:25.321,16947,16948,16950,2,2
2021-10-19 15:30:25.352,16949,16950,16950,1,1
2021-10-19 15:30:25.396,16949,16950,16949,4,-4
2021-10-19 15:30:25.396,16949,16950,16948,1,-1
2021-10-19 15:30:25.404,16949,16950,16950,1,1
2021-10-19 15:30:25.407,16949,16950,16950,23,23
2021-10-19 15:30:25.407,16949,16950,16951,15,15
2021-10-19 15:30:25.407,16949,16950,16952,22,22
2021-10-19 15:30:25.504,16952,16953,16953,3,3
2021-10-19 15:30:25.507,16952,16953,16953,3,3
2021-10-19 15:30:25.508,16952,16953,16953,2,2
2021-10-19 15:30:25.579,16952,16953,16953,1,1
2021-10-19 15:30:25.581,16952,16953,16953,5,5
2021-10-19 15:30:25.608,16952,16953,16953,1,1
2021-10-19 15:30:25.613,16952,16953,16953,1,1
2021-10-19 15:30:25.614,16952,16953,16953,1,1
2021-10-19 15:30:25.638,16952,16953,16953,13,13
2021-10-19 15:30:25.638,16952,16953,16954,22,22
2021-10-19 15:30:25.638,16952,16953,16955,5,5
2021-10-19 15:30:25.644,16952,16953,16955,5,5
2021-10-19 15:30:25.670,16952,16953,16954,1,1
2021-10-19 15:30:25.689,16952,16953,16955,2,2
2021-10-19 15:30:25.715,16953,16955,16955,1,1
2021-10-19 15:30:25.716,16953,16955,16955,2,2
2021-10-19 15:30:25.747,16953,16955,16955,2,2
2021-10-19 15:30:25.753,16953,16955,16955,1,1
2021-10-19 15:30:25.753,16953,16955,16956,1,1
2021-10-19 15:30:25.754,16953,16955,16956,2,2
2021-10-19 15:30:25.770,16953,16955,16956,3,3
2021-10-19 15:30:25.795,16953,16955,16956,3,3
2021-10-19 15:30:25.802,16953,16955,16956,1,1
2021-10-19 15:30:25.807,16953,16955,16956,2,2
2021-10-19 15:30:25.811,16953,16955,16956,1,1
2021-10-19 15:30:25.813,16953,16955,16956,1,1
2021-10-19 15:30:25.814,16953,16955,16956,1,1
2021-10-19 15:30:25.821,16953,16955,16956,1,1
2021-10-19 15:30:25.840,16954,16956,16956,1,1
2021-10-19 15:30:25.845,16954,16956,16956,2,2
2021-10-19 15:30:25.870,16954,16956,16956,3,3
2021-10-19 15:30:25.872,16954,16956,16957,7,7
2021-10-19 15:30:25.875,16954,16956,16957,3,3
2021-10-19 15:30:25.890,16954,16956,16955,1,-1
2021-10-19 15:30:25.926,16954,16956,16954,1,-1
2021-10-19 15:30:25.929,16954,16956,16954,1,-1
2021-10-19 15:30:25.934,16954,16956,16954,1,-1
2021-10-19 15:30:25.948,16954,16956,16954,1,-1
2021-10-19 15:30:25.952,16954,16956,16954,1,-1
2021-10-19 15:30:25.984,16953,16954,16954,1,1
2021-10-19 15:30:25.984,16953,16954,16955,1,1
2021-10-19 15:30:25.992,16953,16954,16955,1,1
2021-10-19 15:30:25.993,16953,16954,16955,1,1
2021-10-19 15:30:25.996,16953,16954,16955,1,1
2021-10-19 15:30:25.997,16953,16954,16955,1,1
2021-10-19 15:30:26.011,16953,16954,16955,3,3
2021-10-19 15:30:26.011,16953,16954,16955,1,1
2021-10-19 15:30:26.011,16953,16954,16955,1,1
2021-10-19 15:30:26.021,16953,16954,16957,2,2
2021-10-19 15:30:26.028,16953,16954,16957,1,1
2021-10-19 15:30:26.039,16953,16954,16957,1,1
2021-10-19 15:30:26.049,16953,16954,16958,1,1
2021-10-19 15:30:26.058,16953,16954,16958,1,1
2021-10-19 15:30:26.060,16953,16954,16958,1,1
2021-10-19 15:30:26.064,16953,16954,16958,1,1
2021-10-19 15:30:26.068,16953,16954,16958,2,2
2021-10-19 15:30:26.070,16953,16954,16958,2,2
2021-10-19 15:30:26.080,16953,16954,16958,2,2
2021-10-19 15:30:26.080,16953,16954,16958,4,4
2021-10-19 15:30:26.110,16956,16958,16958,1,1
2021-10-19 15:30:26.110,16956,16958,16958,1,1
2021-10-19 15:30:26.113,16956,16958,16958,1,1
2021-10-19 15:30:26.115,16956,16958,16958,2,2
2021-10-19 15:30:26.116,16956,16958,16958,1,1
2021-10-19 15:30:26.130,16956,16958,16958,1,1
2021-10-19 15:30:26.149,16956,16958,16956,5,-5
2021-10-19 15:30:26.149,16956,16958,16955,8,-8
2021-10-19 15:30:26.149,16956,16958,16955,1,-1
2021-10-19 15:30:26.149,16956,16958,16955,1,-1
2021-10-19 15:30:26.149,16956,16958,16955,8,-8
2021-10-19 15:30:26.149,16956,16958,16955,1,-1
2021-10-19 15:30:26.149,16956,16958,16955,14,-14
2021-10-19 15:30:26.149,16956,16958,16955,1,-1
2021-10-19 15:30:26.149,16956,16958,16955,1,-1
2021-10-19 15:30:26.165,16956,16958,16957,1,1
2021-10-19 15:30:26.166,16956,16958,16957,1,0
2021-10-19 15:30:26.228,16955,16957,16957,3,3
2021-10-19 15:30:26.241,16955,16957,16957,1,1
2021-10-19 15:30:26.258,16955,16957,16957,1,1
2021-10-19 15:30:26.286,16955,16957,16957,1,1
2021-10-19 15:30:26.306,16955,16957,16957,2,2
2021-10-19 15:30:26.308,16955,16957,16957,1,1
2021-10-19 15:30:26.314,16955,16957,16957,1,1
2021-10-19 15:30:26.354,16955,16957,16955,1,-1
2021-10-19 15:30:26.371,16955,16957,16955,1,-1
2021-10-19 15:30:26.373,16955,16957,16955,1,-1
2021-10-19 15:30:26.397,16955,16957,16955,1,-1
2021-10-19 15:30:26.416,16955,16957,16954,1,-1
2021-10-19 15:30:26.416,16955,16957,16954,1,-1
2021-10-19 15:30:26.430,16955,16957,16954,1,-1
2021-10-19 15:30:26.445,16955,16957,16955,1,1
2021-10-19 15:30:26.478,16953,16955,16955,1,1
2021-10-19 15:30:26.494,16953,16955,16955,2,2
2021-10-19 15:30:26.527,16953,16955,16955,1,1
2021-10-19 15:30:26.531,16953,16955,16956,1,1
2021-10-19 15:30:26.591,16953,16956,16956,1,1
2021-10-19 15:30:26.613,16953,16956,16956,1,1
2021-10-19 15:30:26.624,16953,16956,16956,1,1
2021-10-19 15:30:26.678,16953,16956,16956,1,1
2021-10-19 15:30:26.681,16953,16956,16956,1,1
2021-10-19 15:30:26.765,16954,16956,16956,1,1
2021-10-19 15:30:26.791,16954,16956,16956,1,1
2021-10-19 15:30:26.814,16954,16956,16956,1,1
2021-10-19 15:30:26.817,16954,16956,16956,1,1
2021-10-19 15:30:26.817,16954,16956,16956,1,1
2021-10-19 15:30:26.819,16954,16956,16956,1,1
2021-10-19 15:30:26.843,16954,16956,16956,1,1
2021-10-19 15:30:26.852,16954,16956,16956,1,1
2021-10-19 15:30:26.997,16954,16956,16956,1,1
2021-10-19 15:30:27.156,16954,16956,16955,1,-1
2021-10-19 15:30:27.217,16953,16955,16955,1,1
2021-10-19 15:30:27.217,16953,16955,16955,1,1
2021-10-19 15:30:27.217,16953,16955,16955,1,1
2021-10-19 15:30:27.217,16953,16955,16955,1,1
2021-10-19 15:30:27.240,16953,16955,16955,2,2
2021-10-19 15:30:27.245,16953,16955,16955,1,1
2021-10-19 15:30:27.285,16953,16955,16955,1,1
2021-10-19 15:30:27.380,16953,16955,16955,1,1
2021-10-19 15:30:27.695,16952,16955,16955,1,1
2021-10-19 15:30:28.382,16953,16955,16955,1,1
2021-10-19 15:30:28.676,16953,16955,16955,1,1
2021-10-19 15:30:28.702,16953,16955,16955,1,1
2021-10-19 15:30:29.133,16953,16955,16953,1,-1
2021-10-19 15:30:29.509,16953,16955,16955,1,1
2021-10-19 15:30:29.736,16953,16955,16955,1,1
2021-10-19 15:30:30.157,16953,16955,16955,1,1
2021-10-19 15:30:30.157,16953,16955,16955,1,1
2021-10-19 15:30:30.550,16953,16955,16953,1,-1
2021-10-19 15:30:31.244,16953,16955,16953,1,-1
2021-10-19 15:30:31.245,16953,16955,16954,1,1
2021-10-19 15:30:34.082,16952,16954,16954,1,1
2021-10-19 15:30:35.883,16953,16954,16954,2,2
2021-10-19 15:30:36.445,16953,16954,16954,1,1
2021-10-19 15:30:36.446,16953,16954,16954,1,1
2021-10-19 15:30:42.459,16954,16955,16955,1,1
2021-10-19 15:30:42.459,16954,16955,16955,1,1
2021-10-19 15:30:42.468,16954,16955,16955,1,1
2021-10-19 15:30:42.619,16954,16955,16954,1,-1
2021-10-19 15:30:42.619,16954,16955,16955,1,1
2021-10-19 15:30:43.131,16954,16955,16955,24,24
2021-10-19 15:30:43.132,16954,16955,16955,3,3
2021-10-19 15:30:43.132,16954,16955,16955,1,1
2021-10-19 15:30:44.733,16955,16957,16955,1,-1
2021-10-19 15:30:44.733,16955,16957,16957,1,1
2021-10-19 15:30:45.439,16955,16957,16957,1,1
2021-10-19 15:30:45.439,16955,16957,16957,1,1
2021-10-19 15:30:46.547,16955,16957,16957,1,1
2021-10-19 15:30:47.491,16955,16957,16957,2,2
2021-10-19 15:30:47.492,16955,16957,16957,1,1
2021-10-19 15:30:47.591,16955,16957,16957,1,1
2021-10-19 15:30:47.592,16955,16957,16957,1,1
2021-10-19 15:30:48.638,16955,16957,16955,2,-2
2021-10-19 15:30:49.072,16954,16956,16954,5,-5
2021-10-19 15:30:49.282,16953,16955,16955,1,1
2021-10-19 15:30:49.986,16954,16955,16954,2,-2
2021-10-19 15:30:50.694,16953,16955,16955,1,1
2021-10-19 15:30:50.926,16953,16955,16953,1,-1
2021-10-19 15:30:54.204,16953,16954,16953,1,-1
2021-10-19 15:30:54.312,16953,16954,16954,2,2
2021-10-19 15:30:54.312,16953,16954,16954,1,1
2021-10-19 15:30:56.766,16953,16954,16954,1,1
2021-10-19 15:30:56.766,16953,16954,16954,1,1
2021-10-19 15:31:00.792,16953,16954,16953,1,-1
2021-10-19 15:31:01.372,16953,16954,16954,1,1
2021-10-19 15:31:02.970,16953,16954,16954,1,1
2021-10-19 15:31:04.433,16953,16954,16954,1,1
2021-10-19 15:31:04.743,16953,16954,16953,1,-1
2021-10-19 15:31:05.137,16953,16954,16953,1,-1
2021-10-19 15:31:05.877,16953,16954,16953,20,-20
2021-10-19 15:31:05.878,16953,16954,16953,1,-1
2021-10-19 15:31:06.957,16952,16953,16952,1,-1
2021-10-19 15:31:07.028,16952,16953,16953,1,1
2021-10-19 15:31:07.092,16952,16953,16953,1,1
2021-10-19 15:31:07.343,16952,16953,16953,1,1
2021-10-19 15:31:09.438,16952,16953,16952,1,-1
2021-10-19 15:31:12.131,16952,16953,16952,1,-1
2021-10-19 15:31:12.496,16952,16953,16952,1,-1
2021-10-19 15:31:16.294,16952,16953,16953,1,1
2021-10-19 15:31:16.294,16952,16953,16953,5,5
2021-10-19 15:31:16.295,16952,16953,16953,1,1
2021-10-19 15:31:16.295,16952,16953,16953,1,1
2021-10-19 15:31:16.295,16952,16953,16953,1,1
2021-10-19 15:31:16.353,16952,16953,16953,3,3
2021-10-19 15:31:16.684,16953,16954,16953,1,-1
2021-10-19 15:31:23.999,16953,16954,16953,1,-1
2021-10-19 15:31:26.415,16953,16954,16953,5,-5
2021-10-19 15:31:26.589,16953,16954,16953,1,-1
2021-10-19 15:31:26.860,16953,16954,16953,1,-1
2021-10-19 15:31:31.461,16952,16953,16953,2,2
2021-10-19 15:31:31.462,16952,16953,16953,3,3
2021-10-19 15:31:31.467,16953,16954,16954,1,1
2021-10-19 15:31:33.053,16953,16954,16954,5,5
2021-10-19 15:31:33.057,16953,16954,16954,3,3
2021-10-19 15:31:33.103,16953,16954,16954,5,5
2021-10-19 15:31:37.148,16954,16955,16955,8,8
2021-10-19 15:31:37.148,16954,16955,16955,1,1
2021-10-19 15:31:37.148,16954,16955,16955,2,2
2021-10-19 15:31:37.148,16954,16955,16955,1,1
2021-10-19 15:31:37.148,16954,16955,16955,1,1
2021-10-19 15:31:37.148,16954,16955,16955,2,2
2021-10-19 15:31:38.454,16955,16956,16955,2,-2
2021-10-19 15:31:38.763,16955,16956,16955,1,-1
2021-10-19 15:31:38.836,16955,16956,16955,1,-1
2021-10-19 15:31:39.726,16954,16955,16955,1,1
2021-10-19 15:31:39.859,16954,16955,16954,2,-2
2021-10-19 15:31:43.157,16953,16954,16954,2,2
2021-10-19 15:31:43.809,16954,16955,16954,2,-2
2021-10-19 15:31:45.358,16954,16955,16954,1,-1
2021-10-19 15:31:46.116,16953,16954,16954,1,1
2021-10-19 15:31:46.905,16954,16955,16954,2,-2
2021-10-19 15:31:48.091,16953,16954,16954,2,2
2021-10-19 15:31:48.945,16954,16955,16954,2,-2
2021-10-19 15:31:49.901,16954,16955,16954,2,-2
2021-10-19 15:31:50.809,16954,16955,16954,1,-1
2021-10-19 15:31:50.899,16954,16955,16954,1,-1
2021-10-19 15:31:51.751,16953,16954,16954,1,1
2021-10-19 15:31:51.866,16954,16955,16954,1,-1
2021-10-19 15:31:52.702,16953,16955,16954,1,0
2021-10-19 15:31:53.208,16953,16954,16954,1,1
2021-10-19 15:31:54.004,16954,16955,16954,1,-1
2021-10-19 15:31:55.481,16953,16954,16954,1,1
2021-10-19 15:31:57.160,16953,16954,16954,1,1
2021-10-19 15:31:57.470,16953,16954,16954,1,1
2021-10-19 15:31:58.098,16954,16955,16954,1,-1
2021-10-19 15:31:58.779,16953,16954,16954,1,1
2021-10-19 15:31:59.456,16954,16955,16954,2,-2
2021-10-19 15:32:00.275,16954,16955,16955,1,1
2021-10-19 15:32:00.276,16954,16955,16955,1,1
2021-10-19 15:32:00.502,16955,16956,16955,1,-1
2021-10-19 15:32:00.890,16955,16956,16955,2,-2
2021-10-19 15:32:02.359,16955,16956,16955,2,-2
2021-10-19 15:32:04.613,16954,16955,16955,1,1
2021-10-19 15:32:04.835,16954,16955,16954,2,-2
2021-10-19 15:32:06.355,16954,16955,16955,2,2
2021-10-19 15:32:07.652,16954,16955,16954,2,-2
2021-10-19 15:32:09.027,16954,16955,16954,2,-2
2021-10-19 15:32:09.469,16954,16955,16954,1,-1
2021-10-19 15:32:09.868,16954,16955,16955,1,1
2021-10-19 15:32:13.833,16954,16955,16955,4,4
2021-10-19 15:32:18.372,16954,16956,16954,4,-4
2021-10-19 15:32:20.200,16954,16955,16955,2,2
2021-10-19 15:32:26.353,16955,16956,16955,1,-1
2021-10-19 15:32:28.052,16955,16956,16955,1,-1
2021-10-19 15:32:28.871,16955,16956,16955,1,-1
2021-10-19 15:32:28.984,16955,16956,16955,2,-2
2021-10-19 15:32:30.373,16955,16956,16955,2,-2
2021-10-19 15:32:30.373,16955,16956,16955,3,-3
2021-10-19 15:32:33.853,16954,16955,16955,1,1
2021-10-19 15:32:33.854,16954,16955,16955,3,3
2021-10-19 15:32:34.532,16954,16955,16955,1,1
2021-10-19 15:32:34.532,16954,16955,16956,1,1
2021-10-19 15:32:37.682,16955,16956,16955,1,-1
2021-10-19 15:32:45.064,16955,16956,16956,1,1
2021-10-19 15:32:48.217,16955,16956,16956,6,6
2021-10-19 15:32:56.451,16955,16956,16956,1,1
2021-10-19 15:33:00.122,16955,16956,16956,1,1
2021-10-19 15:33:00.496,16955,16957,16957,1,1
2021-10-19 15:33:00.629,16956,16957,16957,1,1
2021-10-19 15:33:03.670,16956,16957,16956,1,-1
2021-10-19 15:33:04.308,16956,16957,16957,1,1
2021-10-19 15:33:04.324,16956,16957,16957,1,1
2021-10-19 15:33:04.788,16956,16957,16956,2,-2
2021-10-19 15:33:08.725,16956,16957,16957,1,1
2021-10-19 15:33:08.991,16956,16957,16956,1,-1
2021-10-19 15:33:13.938,16955,16957,16957,1,1
2021-10-19 15:33:24.596,16956,16957,16957,3,3
2021-10-19 15:33:27.131,16956,16957,16957,4,4
2021-10-19 15:33:28.782,16956,16957,16957,1,1
2021-10-19 15:33:29.070,16956,16957,16957,1,1
2021-10-19 15:33:35.607,16956,16958,16957,1,0
2021-10-19 15:33:36.161,16956,16958,16958,1,1
2021-10-19 15:33:36.446,16956,16958,16958,1,1
2021-10-19 15:33:37.624,16957,16958,16957,1,-1
2021-10-19 15:33:41.330,16956,16957,16956,2,-2
2021-10-19 15:33:41.330,16956,16957,16956,2,-2
2021-10-19 15:33:41.330,16956,16957,16956,1,-1
2021-10-19 15:33:41.330,16956,16957,16956,1,-1
2021-10-19 15:33:41.330,16956,16957,16956,7,-7
2021-10-19 15:33:41.529,16955,16956,16956,2,2
2021-10-19 15:33:42.410,16955,16957,16957,2,2
2021-10-19 15:33:43.063,16955,16957,16957,3,3
2021-10-19 15:33:43.082,16955,16957,16957,1,1
2021-10-19 15:33:45.646,16956,16957,16956,1,-1
2021-10-19 15:33:51.968,16956,16957,16956,1,-1
2021-10-19 15:33:52.515,16956,16957,16956,1,-1
2021-10-19 15:33:57.425,16956,16957,16956,1,-1
2021-10-19 15:34:02.374,16955,16956,16956,1,1
2021-10-19 15:34:02.374,16955,16956,16956,1,1
2021-10-19 15:34:02.375,16955,16956,16956,1,1
2021-10-19 15:34:05.702,16955,16956,16956,1,1
2021-10-19 15:34:05.965,16955,16956,16956,1,1
2021-10-19 15:34:08.149,16955,16957,16956,2,0
2021-10-19 15:34:08.149,16955,16957,16956,1,0
2021-10-19 15:34:12.964,16956,16957,16957,1,1
2021-10-19 15:34:13.466,16956,16957,16957,1,1
2021-10-19 15:34:13.531,16956,16957,16957,1,1
2021-10-19 15:34:13.829,16956,16957,16957,2,2
2021-10-19 15:34:19.573,16956,16957,16956,6,-6
2021-10-19 15:34:26.501,16955,16956,16955,1,-1
2021-10-19 15:34:26.501,16955,16956,16955,7,-7
2021-10-19 15:34:26.502,16955,16956,16955,3,-3
2021-10-19 15:34:26.502,16955,16956,16955,5,-5
2021-10-19 15:34:38.132,16955,16956,16956,1,1
2021-10-19 15:34:38.486,16955,16957,16955,1,-1
2021-10-19 15:34:39.852,16955,16956,16955,1,-1
2021-10-19 15:34:46.261,16955,16956,16955,1,-1
2021-10-19 15:34:46.558,16955,16956,16956,2,2
2021-10-19 15:34:55.630,16955,16956,16956,1,1
2021-10-19 15:35:03.644,16955,16956,16956,1,1
2021-10-19 15:35:03.874,16956,16957,16957,1,1
2021-10-19 15:35:03.926,16956,16957,16957,2,2
2021-10-19 15:35:03.940,16956,16957,16957,3,3
2021-10-19 15:35:03.961,16956,16957,16957,1,1
2021-10-19 15:35:03.971,16956,16957,16957,1,1
2021-10-19 15:35:03.972,16956,16957,16958,1,1
2021-10-19 15:35:03.976,16956,16957,16958,1,1
2021-10-19 15:35:03.991,16956,16957,16958,1,1
2021-10-19 15:35:04.000,16956,16957,16958,1,1
2021-10-19 15:35:04.013,16956,16957,16958,1,1
2021-10-19 15:35:04.025,16956,16957,16958,1,1
2021-10-19 15:35:04.036,16956,16957,16958,1,1
2021-10-19 15:35:04.148,16956,16958,16958,2,2
2021-10-19 15:35:04.153,16956,16958,16958,2,2
2021-10-19 15:35:04.185,16956,16958,16958,2,2
2021-10-19 15:35:04.392,16956,16958,16958,1,1
2021-10-19 15:35:04.853,16956,16958,16958,1,1
2021-10-19 15:35:04.921,16956,16958,16958,1,1
2021-10-19 15:35:14.397,16957,16958,16958,1,1
2021-10-19 15:35:19.013,16957,16958,16958,2,2
2021-10-19 15:35:19.535,16957,16958,16958,3,3
2021-10-19 15:35:20.271,16958,16959,16958,1,-1
2021-10-19 15:35:20.345,16958,16959,16958,1,-1
2021-10-19 15:35:20.983,16958,16959,16958,5,-5
2021-10-19 15:35:22.285,16957,16958,16958,1,1
2021-10-19 15:35:23.618,16957,16958,16957,2,-2
2021-10-19 15:35:24.389,16956,16957,16956,9,-9
2021-10-19 15:35:25.302,16955,16956,16955,1,-1
2021-10-19 15:35:27.345,16955,16957,16955,1,-1
2021-10-19 15:35:28.496,16956,16957,16956,1,1
2021-10-19 15:35:33.582,16956,16957,16956,1,-1
2021-10-19 15:35:34.171,16955,16957,16957,7,7
2021-10-19 15:35:38.459,16955,16958,16958,1,1
2021-10-19 15:35:44.418,16956,16957,16957,1,1
2021-10-19 15:35:47.768,16957,16958,16958,2,2
2021-10-19 15:35:51.373,16958,16959,16958,1,-1
2021-10-19 15:36:00.672,16958,16959,16959,9,9
2021-10-19 15:36:00.673,16958,16959,16959,5,5
2021-10-19 15:36:00.673,16958,16959,16959,5,5
2021-10-19 15:36:00.673,16958,16959,16959,4,4
2021-10-19 15:36:00.754,16959,16960,16960,3,3
2021-10-19 15:36:00.771,16959,16960,16960,2,2
2021-10-19 15:36:00.771,16959,16960,16960,7,7
2021-10-19 15:36:00.771,16959,16960,16960,3,3
2021-10-19 15:36:00.869,16960,16961,16961,1,1
2021-10-19 15:36:00.877,16960,16961,16961,1,1
2021-10-19 15:36:00.914,16960,16961,16961,3,3
2021-10-19 15:36:00.914,16960,16961,16962,2,2
2021-10-19 15:36:00.941,16960,16961,16962,3,3
2021-10-19 15:36:00.974,16960,16962,16962,2,2
2021-10-19 15:36:01.015,16960,16962,16962,1,1
2021-10-19 15:36:01.021,16960,16962,16962,1,1
2021-10-19 15:36:01.033,16960,16962,16962,1,1
2021-10-19 15:36:01.033,16960,16962,16963,2,2
2021-10-19 15:36:01.046,16960,16962,16961,1,-1
2021-10-19 15:36:01.054,16960,16962,16961,1,0
2021-10-19 15:36:01.059,16960,16962,16961,1,0
2021-10-19 15:36:01.083,16960,16962,16963,1,1
2021-10-19 15:36:01.102,16961,16963,16963,2,2
2021-10-19 15:36:01.104,16961,16963,16963,1,1
2021-10-19 15:36:01.106,16961,16963,16962,1,-1
2021-10-19 15:36:01.109,16961,16963,16963,3,3
2021-10-19 15:36:01.141,16961,16963,16963,1,1
2021-10-19 15:36:01.167,16961,16963,16962,1,-1
2021-10-19 15:36:01.168,16961,16963,16963,5,5
2021-10-19 15:36:01.168,16961,16963,16964,2,2
2021-10-19 15:36:01.173,16961,16963,16963,1,1
2021-10-19 15:36:01.198,16961,16963,16963,1,1
2021-10-19 15:36:01.198,16961,16963,16962,1,-1
2021-10-19 15:36:01.276,16962,16963,16962,1,-1
2021-10-19 15:36:01.276,16962,16963,16962,1,-1
2021-10-19 15:36:01.317,16962,16963,16961,1,-1
2021-10-19 15:36:01.509,16960,16962,16962,1,1
2021-10-19 15:36:01.543,16960,16962,16962,1,1
2021-10-19 15:36:01.766,16960,16962,16960,1,-1
2021-10-19 15:36:01.924,16960,16962,16960,1,-1
2021-10-19 15:36:02.272,16960,16961,16960,1,-1
2021-10-19 15:36:03.580,16959,16961,16961,1,1
2021-10-19 15:36:03.734,16959,16961,16961,1,1
2021-10-19 15:36:03.888,16959,16961,16961,1,1
2021-10-19 15:36:04.052,16960,16962,16961,1,0
2021-10-19 15:36:04.206,16960,16962,16962,1,1
2021-10-19 15:36:06.537,16961,16962,16961,1,-1
2021-10-19 15:36:10.445,16960,16962,16962,1,1
2021-10-19 15:36:14.382,16961,16962,16961,1,-1
2021-10-19 15:36:15.427,16961,16962,16962,2,2
2021-10-19 15:36:15.427,16961,16962,16962,1,1
2021-10-19 15:36:17.882,16961,16962,16962,1,1
2021-10-19 15:36:17.901,16961,16962,16962,3,3
2021-10-19 15:36:18.636,16962,16963,16962,1,-1
2021-10-19 15:36:18.636,16962,16963,16962,3,-3
2021-10-19 15:36:18.977,16961,16963,16961,1,-1
2021-10-19 15:36:23.577,16962,16963,16962,1,1
2021-10-19 15:36:26.230,16962,16963,16962,1,-1
2021-10-19 15:36:27.640,16962,16963,16962,1,-1
2021-10-19 15:36:28.024,16962,16963,16962,1,-1
2021-10-19 15:36:28.024,16962,16963,16962,1,-1
2021-10-19 15:36:28.024,16962,16963,16962,4,-4
2021-10-19 15:36:28.024,16962,16963,16962,2,-2
2021-10-19 15:36:28.593,16961,16962,16962,1,1
2021-10-19 15:36:30.065,16961,16962,16962,1,1
2021-10-19 15:36:31.287,16961,16962,16962,2,2
2021-10-19 15:36:31.728,16961,16962,16962,1,1
2021-10-19 15:36:33.962,16961,16962,16962,1,1
2021-10-19 15:36:34.278,16961,16963,16962,2,0
2021-10-19 15:36:36.189,16961,16962,16962,1,1
2021-10-19 15:36:36.189,16961,16962,16963,1,1
2021-10-19 15:36:36.592,16962,16963,16962,1,-1
2021-10-19 15:36:37.486,16962,16963,16963,2,2
2021-10-19 15:36:38.009,16962,16963,16963,1,1
2021-10-19 15:36:38.077,16962,16963,16963,2,2
2021-10-19 15:36:38.261,16962,16963,16963,2,2
2021-10-19 15:36:38.710,16962,16963,16963,1,1
2021-10-19 15:36:38.991,16962,16963,16962,4,-4
2021-10-19 15:36:39.019,16962,16963,16962,1,-1
2021-10-19 15:36:39.475,16962,16963,16962,1,-1
2021-10-19 15:36:41.848,16961,16963,16963,1,1
2021-10-19 15:36:42.685,16961,16963,16963,1,1
2021-10-19 15:36:46.023,16962,16963,16963,1,1
2021-10-19 15:36:46.896,16962,16963,16963,2,2
2021-10-19 15:36:49.401,16962,16964,16963,1,0
2021-10-19 15:36:51.485,16962,16964,16962,1,-1
2021-10-19 15:36:52.316,16962,16964,16964,4,4
2021-10-19 15:36:52.456,16962,16964,16964,1,1
2021-10-19 15:36:53.395,16962,16964,16962,1,-1
2021-10-19 15:36:54.415,16963,16964,16964,4,4
2021-10-19 15:36:54.646,16963,16965,16963,1,-1
2021-10-19 15:36:59.530,16962,16964,16964,2,2
2021-10-19 15:37:00.401,16963,16964,16963,1,-1
2021-10-19 15:37:02.727,16962,16964,16962,1,-1
2021-10-19 15:37:03.362,16962,16963,16963,2,2
2021-10-19 15:37:05.246,16962,16963,16962,4,-4
2021-10-19 15:37:09.112,16962,16963,16962,2,-2
2021-10-19 15:37:16.005,16961,16963,16962,1,0
2021-10-19 15:37:16.318,16962,16963,16963,1,1
2021-10-19 15:37:17.543,16962,16963,16963,5,5
2021-10-19 15:37:17.859,16962,16963,16962,1,-1
2021-10-19 15:37:18.706,16962,16963,16962,1,-1
2021-10-19 15:37:20.772,16962,16963,16962,1,-1
2021-10-19 15:37:22.539,16961,16962,16961,1,-1
2021-10-19 15:37:22.540,16961,16962,16961,7,-7
2021-10-19 15:37:23.922,16960,16961,16961,1,1
2021-10-19 15:37:24.530,16960,16961,16961,1,1
2021-10-19 15:37:26.435,16960,16961,16960,4,-4
2021-10-19 15:37:28.314,16960,16961,16960,3,-3
2021-10-19 15:37:28.709,16960,16961,16960,1,-1
2021-10-19 15:37:29.182,16960,16961,16960,1,-1
2021-10-19 15:37:29.660,16960,16961,16960,1,-1
2021-10-19 15:37:29.977,16960,16961,16961,1,1
2021-10-19 15:37:29.978,16960,16961,16961,1,1
2021-10-19 15:37:33.717,16961,16962,16961,1,-1
2021-10-19 15:37:38.003,16961,16962,16961,1,-1
2021-10-19 15:37:41.472,16961,16962,16961,1,-1
2021-10-19 15:37:42.314,16961,16962,16961,1,-1
2021-10-19 15:37:42.410,16961,16962,16962,1,1
2021-10-19 15:37:44.624,16961,16962,16961,1,-1
2021-10-19 15:37:45.375,16961,16962,16961,2,-2
2021-10-19 15:37:47.097,16961,16962,16962,1,1
2021-10-19 15:37:50.611,16961,16962,16961,1,-1
2021-10-19 15:37:52.209,16961,16962,16962,1,1
2021-10-19 15:37:56.959,16961,16962,16962,1,1
2021-10-19 15:37:56.959,16961,16962,16962,2,2
2021-10-19 15:37:59.632,16962,16963,16962,1,-1
2021-10-19 15:38:00.090,16962,16963,16962,1,-1
2021-10-19 15:38:00.531,16962,16963,16962,1,-1
2021-10-19 15:38:00.805,16962,16963,16963,3,3
2021-10-19 15:38:06.588,16963,16964,16963,1,-1
2021-10-19 15:38:07.086,16963,16964,16963,1,-1
2021-10-19 15:38:08.142,16963,16964,16964,1,1
2021-10-19 15:38:11.512,16963,16964,16964,2,2
2021-10-19 15:38:11.512,16963,16964,16964,1,1
2021-10-19 15:38:13.189,16963,16964,16964,1,1
2021-10-19 15:38:14.129,16963,16964,16964,1,1
2021-10-19 15:38:15.199,16964,16965,16964,1,-1
2021-10-19 15:38:20.526,16963,16964,16964,1,1
2021-10-19 15:38:25.331,16964,16965,16964,1,-1
2021-10-19 15:38:26.170,16964,16965,16965,2,2
2021-10-19 15:38:26.171,16964,16965,16965,4,4
2021-10-19 15:38:26.171,16964,16965,16965,1,1
2021-10-19 15:38:26.171,16964,16965,16965,12,12
2021-10-19 15:38:26.171,16964,16965,16965,8,8
2021-10-19 15:38:26.676,16965,16966,16966,1,1
2021-10-19 15:38:26.733,16965,16966,16966,1,1
2021-10-19 15:38:26.755,16965,16966,16966,1,1
2021-10-19 15:38:27.281,16965,16966,16966,1,1
2021-10-19 15:38:27.660,16965,16966,16965,1,-1
2021-10-19 15:38:31.573,16965,16966,16965,1,-1
2021-10-19 15:38:33.548,16964,16966,16964,1,-1
2021-10-19 15:38:36.999,16964,16965,16964,7,-7
2021-10-19 15:38:38.154,16963,16965,16963,5,-5
2021-10-19 15:38:39.664,16963,16964,16964,1,1
2021-10-19 15:38:43.004,16964,16965,16965,2,2
2021-10-19 15:38:44.470,16964,16965,16964,1,-1
2021-10-19 15:38:52.174,16964,16965,16964,1,-1
2021-10-19 15:38:52.175,16964,16965,16964,5,-5
2021-10-19 15:38:52.408,16963,16965,16965,2,2
2021-10-19 15:38:59.339,16963,16964,16963,2,-2
2021-10-19 15:39:03.933,16963,16964,16963,5,-5
2021-10-19 15:39:03.933,16963,16964,16963,1,-1
2021-10-19 15:39:03.933,16963,16964,16963,2,-2
2021-10-19 15:39:03.933,16963,16964,16963,2,-2
2021-10-19 15:39:03.975,16962,16963,16962,1,-1
2021-10-19 15:39:04.036,16962,16963,16962,1,-1
2021-10-19 15:39:04.398,16961,16963,16963,1,1
2021-10-19 15:39:04.650,16961,16963,16963,1,1
2021-10-19 15:39:04.652,16961,16963,16961,2,-2
2021-10-19 15:39:04.654,16961,16963,16962,1,1
2021-10-19 15:39:04.713,16961,16963,16963,1,1
2021-10-19 15:39:04.765,16961,16963,16963,1,1
2021-10-19 15:39:04.817,16961,16963,16961,2,-2
2021-10-19 15:39:07.630,16961,16963,16962,1,1
2021-10-19 15:39:11.442,16961,16962,16962,1,1
2021-10-19 15:39:19.396,16961,16963,16962,1,0
2021-10-19 15:39:21.503,16961,16963,16962,2,0
2021-10-19 15:39:34.620,16961,16962,16961,3,-3
2021-10-19 15:39:35.000,16960,16962,16962,2,2
2021-10-19 15:39:35.044,16960,16962,16962,2,2
2021-10-19 15:39:35.528,16960,16962,16960,1,-1
2021-10-19 15:39:36.273,16960,16961,16960,1,-1
2021-10-19 15:39:42.478,16960,16961,16960,1,-1
2021-10-19 15:39:49.550,16960,16961,16960,1,-1
2021-10-19 15:39:52.406,16960,16961,16960,1,-1
2021-10-19 15:39:56.343,16960,16961,16960,3,-3
2021-10-19 15:40:02.078,16959,16960,16960,1,1
2021-10-19 15:40:02.306,16960,16961,16961,1,1
2021-10-19 15:40:03.063,16960,16961,16960,2,-2
2021-10-19 15:40:03.194,16960,16961,16960,2,-2
2021-10-19 15:40:03.198,16960,16961,16960,1,-1
2021-10-19 15:40:08.004,16960,16961,16960,1,-1
2021-10-19 15:40:11.150,16959,16961,16960,1,0
2021-10-19 15:40:18.785,16959,16960,16959,1,-1
2021-10-19 15:40:18.785,16959,16960,16959,1,-1
2021-10-19 15:40:21.373,16958,16959,16959,1,1
2021-10-19 15:40:21.663,16958,16960,16959,1,0
2021-10-19 15:40:21.663,16958,16960,16960,1,1
2021-10-19 15:40:23.581,16958,16960,16960,1,1
2021-10-19 15:40:35.370,16959,16960,16959,1,-1
2021-10-19 15:40:38.134,16959,16960,16960,1,1
2021-10-19 15:40:41.258,16958,16959,16959,1,1
2021-10-19 15:40:42.018,16959,16960,16959,2,-2
2021-10-19 15:40:46.475,16959,16960,16959,1,-1
2021-10-19 15:40:46.667,16959,16960,16960,1,1
2021-10-19 15:40:50.907,16959,16960,16959,1,-1
2021-10-19 15:40:51.128,16959,16960,16960,1,1
2021-10-19 15:40:52.405,16959,16960,16960,2,2
2021-10-19 15:41:00.771,16959,16960,16960,1,1
2021-10-19 15:41:06.947,16959,16960,16960,1,1
2021-10-19 15:41:07.080,16959,16960,16960,1,1
2021-10-19 15:41:09.914,16959,16960,16960,1,1
2021-10-19 15:41:09.955,16959,16960,16960,2,2
2021-10-19 15:41:10.031,16959,16960,16960,1,1
2021-10-19 15:41:11.821,16959,16960,16959,5,-5
2021-10-19 15:41:12.001,16959,16960,16960,1,1
2021-10-19 15:41:13.787,16959,16961,16959,2,-2
2021-10-19 15:41:19.192,16959,16961,16960,1,1
2021-10-19 15:41:19.212,16959,16961,16960,1,0
2021-10-19 15:41:21.326,16960,16961,16960,1,-1
2021-10-19 15:41:24.601,16959,16961,16959,2,-2
2021-10-19 15:41:30.525,16959,16961,16959,1,-1
2021-10-19 15:41:30.770,16959,16960,16959,1,-1
2021-10-19 15:41:34.873,16959,16961,16959,2,-2
2021-10-19 15:41:44.089,16959,16960,16959,1,-1
2021-10-19 15:41:44.448,16959,16960,16959,1,-1
2021-10-19 15:41:44.448,16959,16960,16958,1,-1
2021-10-19 15:41:50.186,16958,16959,16958,1,-1
2021-10-19 15:41:55.480,16958,16959,16958,2,-2
2021-10-19 15:41:57.763,16958,16959,16958,3,-3
2021-10-19 15:41:58.877,16958,16959,16958,1,-1
2021-10-19 15:41:59.685,16958,16959,16958,1,-1
2021-10-19 15:42:00.883,16958,16959,16958,2,-2
2021-10-19 15:42:00.975,16958,16959,16958,1,-1
2021-10-19 15:42:01.177,16958,16959,16959,2,2
2021-10-19 15:42:01.177,16958,16959,16960,5,5
2021-10-19 15:42:01.229,16958,16960,16960,2,2
2021-10-19 15:42:01.458,16958,16960,16958,2,-2
2021-10-19 15:42:05.300,16958,16959,16958,2,-2
2021-10-19 15:42:05.301,16958,16959,16958,3,-3
2021-10-19 15:42:10.902,16958,16960,16960,1,1
2021-10-19 15:42:18.020,16958,16960,16958,3,-3
2021-10-19 15:42:28.657,16958,16960,16959,1,1
2021-10-19 15:42:29.637,16958,16960,16958,2,-2
2021-10-19 15:42:33.863,16958,16960,16958,4,-4
2021-10-19 15:42:42.560,16958,16960,16958,1,-1
2021-10-19 15:42:42.561,16958,16960,16958,5,-5
2021-10-19 15:42:56.750,16957,16958,16957,3,-3
2021-10-19 15:43:04.545,16957,16958,16958,1,1
2021-10-19 15:43:09.301,16957,16958,16957,5,-5
2021-10-19 15:43:09.301,16957,16958,16957,1,-1
2021-10-19 15:43:09.301,16957,16958,16957,1,-1
2021-10-19 15:43:09.302,16957,16958,16957,1,-1
2021-10-19 15:43:09.975,16957,16958,16957,1,-1
2021-10-19 15:43:11.207,16956,16957,16957,2,2
2021-10-19 15:43:12.311,16956,16957,16957,1,1
2021-10-19 15:43:14.950,16956,16957,16956,2,-2
2021-10-19 15:43:16.491,16956,16957,16957,1,1
2021-10-19 15:43:16.493,16956,16957,16956,1,-1
2021-10-19 15:43:16.899,16956,16957,16956,5,-5
2021-10-19 15:43:16.899,16956,16957,16956,1,-1
2021-10-19 15:43:17.787,16956,16957,16957,1,1
2021-10-19 15:43:19.080,16956,16957,16956,2,-2
2021-10-19 15:43:21.729,16955,16956,16956,1,1
2021-10-19 15:43:22.825,16955,16956,16956,3,3
2021-10-19 15:43:22.825,16955,16956,16957,10,10
2021-10-19 15:43:23.174,16957,16958,16957,1,-1
2021-10-19 15:43:24.052,16957,16958,16958,1,1
2021-10-19 15:43:24.297,16957,16958,16957,1,-1
2021-10-19 15:43:24.352,16957,16958,16958,1,1
2021-10-19 15:43:24.816,16957,16958,16958,1,1
2021-10-19 15:43:26.641,16957,16958,16957,3,-3
2021-10-19 15:43:27.093,16957,16958,16958,1,1
2021-10-19 15:43:27.642,16957,16959,16957,1,-1
2021-10-19 15:43:31.540,16958,16959,16958,1,1
2021-10-19 15:43:33.823,16958,16959,16959,1,1
2021-10-19 15:43:36.219,16958,16959,16958,2,-2
2021-10-19 15:43:39.546,16958,16959,16958,2,-2
2021-10-19 15:43:40.121,16958,16959,16958,2,-2
2021-10-19 15:43:40.475,16958,16959,16958,1,-1
2021-10-19 15:43:41.393,16958,16959,16959,1,1
2021-10-19 15:43:41.393,16958,16959,16959,1,1
2021-10-19 15:43:42.499,16958,16959,16958,2,-2
2021-10-19 15:43:53.388,16958,16959,16958,55,-55
2021-10-19 15:43:53.388,16958,16959,16958,4,-4
2021-10-19 15:43:53.388,16958,16959,16958,4,-4
2021-10-19 15:43:53.388,16958,16959,16958,2,-2
2021-10-19 15:43:53.388,16958,16959,16958,1,-1
2021-10-19 15:43:53.389,16958,16959,16957,1,-1
2021-10-19 15:43:53.389,16958,16959,16957,1,-1
2021-10-19 15:43:53.475,16956,16957,16956,3,-3
2021-10-19 15:44:01.184,16956,16957,16957,2,2
2021-10-19 15:44:01.208,16956,16957,16956,1,-1
2021-10-19 15:44:09.204,16956,16958,16956,2,-2
2021-10-19 15:44:11.377,16955,16956,16956,1,1
2021-10-19 15:44:15.559,16956,16957,16956,1,-1
2021-10-19 15:44:15.575,16956,16957,16956,1,-1
2021-10-19 15:44:15.595,16956,16957,16956,1,-1
2021-10-19 15:44:20.476,16956,16957,16957,1,1
2021-10-19 15:44:20.476,16956,16957,16957,3,3
2021-10-19 15:44:20.476,16956,16957,16957,3,3
2021-10-19 15:44:20.476,16956,16957,16957,1,1
2021-10-19 15:44:24.170,16956,16958,16956,1,-1
2021-10-19 15:44:28.123,16956,16957,16956,1,-1
2021-10-19 15:44:32.033,16956,16957,16956,1,-1
2021-10-19 15:44:40.719,16956,16957,16956,1,-1
2021-10-19 15:44:44.214,16956,16957,16956,1,-1
2021-10-19 15:44:46.011,16956,16957,16956,3,-3
2021-10-19 15:44:46.012,16956,16957,16956,1,-1
2021-10-19 15:44:46.012,16956,16957,16956,1,-1
2021-10-19 15:44:46.012,16956,16957,16956,2,-2
2021-10-19 15:44:46.012,16956,16957,16956,1,-1
2021-10-19 15:44:46.151,16955,16956,16956,1,1
2021-10-19 15:44:52.416,16955,16956,16956,1,1
2021-10-19 15:44:55.259,16955,16956,16956,2,2
2021-10-19 15:44:55.263,16955,16956,16956,1,1
2021-10-19 15:44:55.475,16956,16957,16956,1,-1
2021-10-19 15:44:56.593,16955,16957,16956,2,0
2021-10-19 15:44:56.975,16956,16957,16956,1,-1
2021-10-19 15:44:57.212,16956,16957,16956,1,-1
2021-10-19 15:45:04.631,16956,16957,16956,1,-1
2021-10-19 15:45:05.383,16955,16957,16957,1,1
2021-10-19 15:45:16.384,16956,16957,16956,1,-1
2021-10-19 15:45:17.042,16956,16957,16957,2,2
2021-10-19 15:45:17.043,16956,16957,16957,3,3
2021-10-19 15:45:17.043,16956,16957,16957,3,3
2021-10-19 15:45:29.749,16957,16958,16958,4,4
2021-10-19 15:45:29.749,16957,16958,16958,1,1
2021-10-19 15:45:31.606,16958,16959,16959,1,1
2021-10-19 15:45:31.606,16958,16959,16959,1,1
2021-10-19 15:45:31.606,16958,16959,16959,2,2
2021-10-19 15:45:31.953,16958,16959,16959,5,5
2021-10-19 15:45:34.451,16958,16960,16960,1,1
2021-10-19 15:45:39.970,16958,16959,16958,1,-1
2021-10-19 15:46:00.465,16957,16958,16957,1,-1
2021-10-19 15:46:03.832,16956,16957,16956,1,-1
2021-10-19 15:46:03.832,16956,16957,16956,8,-8
2021-10-19 15:46:03.832,16956,16957,16956,1,-1
2021-10-19 15:46:05.256,16955,16957,16957,3,3
2021-10-19 15:46:07.276,16956,16957,16957,1,1
2021-10-19 15:46:12.408,16956,16957,16956,2,-2
2021-10-19 15:46:14.381,16956,16957,16957,1,1
2021-10-19 15:46:41.104,16956,16957,16956,1,-1
2021-10-19 15:46:47.056,16956,16957,16956,1,-1
2021-10-19 15:46:55.017,16956,16957,16957,1,1
2021-10-19 15:47:12.876,16956,16957,16956,1,-1
2021-10-19 15:47:16.891,16956,16957,16956,5,-5
2021-10-19 15:47:17.010,16955,16956,16955,4,-4
2021-10-19 15:47:17.010,16955,16956,16955,3,-3
2021-10-19 15:47:17.010,16955,16956,16955,1,-1
2021-10-19 15:47:17.010,16955,16956,16955,1,-1
2021-10-19 15:47:31.978,16955,16956,16956,1,1
2021-10-19 15:47:31.979,16955,16956,16956,1,1
2021-10-19 15:47:37.107,16956,16957,16956,1,-1
2021-10-19 15:47:47.621,16956,16957,16956,3,-3
2021-10-19 15:47:52.817,16956,16957,16956,3,-3
2021-10-19 15:47:55.084,16956,16957,16956,1,-1
2021-10-19 15:48:13.513,16955,16957,16956,1,0
2021-10-19 15:48:24.249,16955,16956,16955,1,-1
2021-10-19 15:48:25.873,16955,16956,16955,2,-2
2021-10-19 15:48:36.409,16955,16956,16955,6,-6
2021-10-19 15:48:36.746,16955,16956,16955,1,-1
2021-10-19 15:48:38.475,16955,16956,16955,2,-2
2021-10-19 15:48:38.612,16955,16956,16955,2,-2
2021-10-19 15:48:43.274,16954,16955,16955,1,1
2021-10-19 15:48:57.725,16954,16955,16954,1,-1
2021-10-19 15:48:57.867,16954,16955,16954,1,-1
2021-10-19 15:49:01.417,16954,16955,16954,3,-3
2021-10-19 15:49:02.085,16954,16955,16954,1,-1
2021-10-19 15:49:03.074,16954,16955,16954,2,-2
2021-10-19 15:49:14.195,16953,16954,16954,1,1
2021-10-19 15:49:15.839,16953,16954,16954,1,1
2021-10-19 15:49:17.037,16953,16955,16955,1,1
2021-10-19 15:49:17.900,16954,16955,16954,1,-1
2021-10-19 15:49:26.792,16954,16955,16955,1,1
2021-10-19 15:49:26.859,16954,16955,16954,1,-1
2021-10-19 15:49:30.590,16954,16955,16955,9,9
2021-10-19 15:49:38.903,16954,16955,16954,1,-1
2021-10-19 15:49:51.053,16953,16955,16953,1,-1
2021-10-19 15:49:59.989,16953,16955,16953,5,-5
2021-10-19 15:50:02.926,16953,16954,16953,1,-1
2021-10-19 15:50:03.657,16952,16953,16954,1,1
2021-10-19 15:50:12.278,16953,16954,16954,1,1
2021-10-19 15:50:13.961,16953,16954,16954,2,2
2021-10-19 15:50:13.989,16953,16954,16954,1,1
2021-10-19 15:50:15.191,16953,16954,16954,1,1
2021-10-19 15:50:15.763,16953,16954,16954,1,1
2021-10-19 15:50:18.289,16953,16954,16954,2,2
2021-10-19 15:50:33.808,16954,16955,16954,1,-1
2021-10-19 15:50:46.211,16953,16954,16953,1,-1
2021-10-19 15:50:53.838,16953,16954,16953,2,-2
2021-10-19 15:50:53.838,16953,16954,16953,1,-1
2021-10-19 15:51:03.593,16952,16953,16952,1,-1
2021-10-19 15:51:04.253,16952,16953,16953,1,1
2021-10-19 15:51:04.644,16952,16953,16953,1,1
2021-10-19 15:51:04.698,16952,16953,16953,1,1
2021-10-19 15:51:06.498,16952,16954,16952,1,-1
2021-10-19 15:51:16.421,16952,16953,16953,1,1
2021-10-19 15:51:21.559,16952,16953,16952,5,-5
2021-10-19 15:51:23.740,16951,16952,16952,1,1
2021-10-19 15:51:27.841,16951,16952,16952,4,4
2021-10-19 15:51:28.941,16951,16953,16953,1,1
2021-10-19 15:51:47.140,16952,16953,16953,5,5
2021-10-19 15:52:11.829,16952,16953,16953,1,1
2021-10-19 15:52:18.793,16952,16954,16952,1,-1
2021-10-19 15:52:38.117,16952,16953,16952,2,-2
2021-10-19 15:52:54.961,16952,16953,16953,1,1
2021-10-19 15:53:04.104,16952,16953,16953,1,1
2021-10-19 15:53:29.324,16953,16954,16954,8,8
2021-10-19 15:53:31.061,16954,16955,16955,1,1
2021-10-19 15:53:33.379,16954,16955,16955,2,2
2021-10-19 15:53:37.754,16954,16955,16955,5,5
2021-10-19 15:53:43.951,16954,16955,16955,5,5
2021-10-19 15:53:50.208,16955,16956,16956,1,1
2021-10-19 15:53:50.626,16955,16956,16955,8,-8
2021-10-19 15:53:50.626,16955,16956,16954,11,-11
2021-10-19 15:53:50.627,16955,16956,16954,3,-3
2021-10-19 15:53:50.627,16955,16956,16954,3,-3
2021-10-19 15:53:51.114,16954,16955,16954,2,-2
2021-10-19 15:53:59.805,16953,16955,16954,1,0
2021-10-19 15:54:17.409,16954,16955,16954,1,-1
2021-10-19 15:54:19.275,16954,16955,16955,1,1
2021-10-19 15:54:19.276,16954,16955,16955,1,1
2021-10-19 15:54:22.503,16955,16956,16955,2,-2
2021-10-19 15:54:29.539,16955,16956,16956,1,1
2021-10-19 15:54:29.539,16955,16956,16956,3,3
2021-10-19 15:54:37.545,16955,16956,16956,1,1
2021-10-19 15:54:41.336,16955,16956,16956,2,2
2021-10-19 15:54:44.549,16955,16957,16957,2,2
2021-10-19 15:54:49.600,16956,16957,16957,1,1
2021-10-19 15:54:57.466,16956,16957,16957,1,1
2021-10-19 15:55:23.551,16957,16958,16958,1,1
2021-10-19 15:55:25.331,16957,16958,16958,1,1
2021-10-19 15:55:26.463,16957,16958,16957,1,-1
2021-10-19 15:55:29.605,16957,16958,16958,3,3
2021-10-19 15:55:35.319,16957,16959,16959,1,1
2021-10-19 15:55:37.233,16958,16959,16958,1,-1
2021-10-19 15:55:46.472,16958,16959,16959,1,1
2021-10-19 15:56:01.484,16958,16959,16959,1,1
2021-10-19 15:56:16.641,16958,16959,16959,1,1
2021-10-19 15:56:16.714,16958,16959,16959,1,1
2021-10-19 15:56:21.955,16958,16959,16959,1,1
2021-10-19 15:56:21.956,16958,16959,16959,3,3
2021-10-19 15:56:26.354,16959,16960,16960,9,9
2021-10-19 15:56:30.995,16960,16961,16961,1,1
2021-10-19 15:56:31.125,16960,16961,16961,1,1
2021-10-19 15:56:32.162,16960,16961,16961,4,4
2021-10-19 15:56:38.785,16961,16962,16961,2,-2
2021-10-19 15:56:41.269,16961,16962,16962,2,2
2021-10-19 15:56:41.448,16961,16962,16962,3,3
2021-10-19 15:56:47.229,16962,16963,16963,6,6
2021-10-19 15:56:47.230,16962,16963,16963,1,1
2021-10-19 15:56:47.836,16963,16964,16963,1,-1
2021-10-19 15:56:50.072,16962,16964,16964,1,1
2021-10-19 15:56:52.281,16962,16963,16963,1,1
2021-10-19 15:56:59.641,16962,16963,16963,1,1
2021-10-19 15:57:02.682,16963,16964,16963,1,-1
2021-10-19 15:57:03.674,16962,16964,16963,1,0
2021-10-19 15:57:05.589,16962,16964,16964,1,1
2021-10-19 15:57:08.054,16962,16964,16963,3,-3
2021-10-19 15:57:11.143,16962,16963,16963,2,2
2021-10-19 15:57:16.607,16962,16963,16963,1,1
