2022-08-22 15:00:00.092,15164,15166,15165,64,64
2022-08-22 15:00:00.216,15164,15165,15164,4,-4
2022-08-22 15:00:00.272,15164,15165,15165,1,1
2022-08-22 15:00:00.279,15164,15165,15164,1,-1
2022-08-22 15:00:00.292,15164,15165,15164,2,-2
2022-08-22 15:00:00.297,15164,15165,15164,2,-2
2022-08-22 15:00:00.368,15164,15166,15164,1,-1
2022-08-22 15:00:00.388,15164,15166,15164,3,-3
2022-08-22 15:00:00.394,15164,15166,15164,2,-2
2022-08-22 15:00:00.446,15164,15166,15163,1,-1
2022-08-22 15:00:00.540,15163,15166,15163,1,-1
2022-08-22 15:00:00.556,15163,15166,15163,2,-2
2022-08-22 15:00:00.596,15163,15166,15163,1,-1
2022-08-22 15:00:00.596,15163,15166,15163,1,-1
2022-08-22 15:00:00.625,15163,15165,15165,1,1
2022-08-22 15:00:00.633,15163,15165,15165,1,1
2022-08-22 15:00:00.719,15163,15165,15163,1,-1
2022-08-22 15:00:00.937,15163,15165,15164,3,-3
2022-08-22 15:00:00.937,15163,15165,15163,5,-5
2022-08-22 15:00:00.968,15163,15165,15166,3,3
2022-08-22 15:00:00.968,15163,15165,15167,1,1
2022-08-22 15:00:00.993,15165,15166,15166,1,1
2022-08-22 15:00:00.993,15165,15166,15167,3,3
2022-08-22 15:00:00.993,15165,15166,15168,2,2
2022-08-22 15:00:01.113,15166,15168,15166,1,-1
2022-08-22 15:00:01.113,15166,15168,15165,1,-1
2022-08-22 15:00:01.149,15166,15168,15165,1,-1
2022-08-22 15:00:01.167,15166,15168,15167,1,-1
2022-08-22 15:00:01.186,15166,15168,15166,1,-1
2022-08-22 15:00:01.190,15166,15168,15168,1,1
2022-08-22 15:00:01.217,15166,15168,15167,1,1
2022-08-22 15:00:01.217,15166,15168,15167,1,1
2022-08-22 15:00:01.313,15167,15169,15167,2,-2
2022-08-22 15:00:01.333,15167,15169,15168,2,-2
2022-08-22 15:00:01.488,15166,15168,15166,4,-4
2022-08-22 15:00:01.489,15166,15168,15167,1,-1
2022-08-22 15:00:01.577,15166,15168,15169,1,1
2022-08-22 15:00:01.603,15166,15168,15167,1,1
2022-08-22 15:00:01.603,15166,15168,15167,1,1
2022-08-22 15:00:01.652,15166,15169,15169,1,1
2022-08-22 15:00:01.744,15166,15169,15169,1,1
2022-08-22 15:00:01.838,15166,15169,15169,1,1
2022-08-22 15:00:01.877,15166,15170,15166,1,-1
2022-08-22 15:00:02.043,15167,15169,15167,1,-1
2022-08-22 15:00:02.074,15167,15169,15168,1,-1
2022-08-22 15:00:02.105,15168,15170,15170,4,4
2022-08-22 15:00:02.122,15168,15170,15171,2,2
2022-08-22 15:00:02.122,15168,15170,15172,3,3
2022-08-22 15:00:02.135,15168,15170,15169,1,1
2022-08-22 15:00:02.169,15168,15170,15168,1,-1
2022-08-22 15:00:02.181,15168,15170,15170,1,1
2022-08-22 15:00:02.219,15168,15170,15169,1,1
2022-08-22 15:00:02.219,15168,15170,15168,1,-1
2022-08-22 15:00:02.423,15168,15170,15168,1,-1
2022-08-22 15:00:02.434,15168,15170,15170,3,3
2022-08-22 15:00:02.434,15168,15170,15171,1,1
2022-08-22 15:00:02.470,15168,15170,15169,1,1
2022-08-22 15:00:02.486,15168,15171,15168,1,-1
2022-08-22 15:00:02.636,15168,15170,15170,3,3
2022-08-22 15:00:02.821,15168,15170,15168,1,-1
2022-08-22 15:00:03.039,15170,15172,15170,2,-2
2022-08-22 15:00:03.119,15169,15172,15172,2,2
2022-08-22 15:00:03.355,15170,15172,15170,1,-1
2022-08-22 15:00:03.508,15169,15172,15169,1,-1
2022-08-22 15:00:03.620,15169,15171,15170,1,-1
2022-08-22 15:00:03.724,15169,15171,15171,1,1
2022-08-22 15:00:04.010,15171,15173,15171,1,-1
2022-08-22 15:00:04.255,15171,15173,15172,1,-1
2022-08-22 15:00:04.271,15171,15173,15172,1,-1
2022-08-22 15:00:04.271,15171,15173,15172,1,-1
2022-08-22 15:00:04.272,15171,15173,15172,1,-1
2022-08-22 15:00:04.800,15171,15172,15171,1,-1
2022-08-22 15:00:05.282,15171,15172,15171,2,-2
2022-08-22 15:00:05.284,15171,15172,15171,1,-1
2022-08-22 15:00:05.319,15171,15172,15171,1,-1
2022-08-22 15:00:05.319,15171,15172,15171,2,-2
2022-08-22 15:00:06.135,15170,15171,15170,1,-1
2022-08-22 15:00:06.278,15170,15171,15170,2,-2
2022-08-22 15:00:06.538,15169,15171,15169,3,-3
2022-08-22 15:00:06.814,15169,15170,15169,1,-1
2022-08-22 15:00:06.834,15169,15170,15170,1,1
2022-08-22 15:00:07.031,15169,15171,15169,4,-4
2022-08-22 15:00:07.176,15169,15170,15171,2,2
2022-08-22 15:00:07.366,15169,15171,15169,1,-1
2022-08-22 15:00:07.366,15169,15171,15169,1,-1
2022-08-22 15:00:07.989,15168,15170,15168,1,-1
2022-08-22 15:00:08.384,15168,15170,15169,1,-1
2022-08-22 15:00:08.808,15168,15169,15168,1,-1
2022-08-22 15:00:09.003,15168,15169,15168,1,-1
2022-08-22 15:00:10.644,15167,15169,15167,1,-1
2022-08-22 15:00:12.032,15167,15169,15167,1,-1
2022-08-22 15:00:12.140,15167,15168,15167,1,-1
2022-08-22 15:00:12.141,15167,15168,15167,2,-2
2022-08-22 15:00:12.914,15166,15167,15167,1,1
2022-08-22 15:00:13.799,15166,15168,15167,1,1
2022-08-22 15:00:14.000,15166,15167,15166,1,-1
2022-08-22 15:00:14.038,15166,15167,15166,3,-3
2022-08-22 15:00:15.323,15165,15167,15167,4,4
2022-08-22 15:00:15.324,15165,15167,15167,1,1
2022-08-22 15:00:15.854,15165,15166,15166,1,1
2022-08-22 15:00:15.854,15165,15166,15167,1,1
2022-08-22 15:00:15.880,15165,15168,15168,2,2
2022-08-22 15:00:16.124,15166,15168,15166,1,-1
2022-08-22 15:00:16.149,15166,15168,15166,1,-1
2022-08-22 15:00:16.382,15166,15168,15166,2,-2
2022-08-22 15:00:17.566,15165,15166,15165,2,-2
2022-08-22 15:00:17.567,15165,15166,15165,1,-1
2022-08-22 15:00:18.012,15164,15165,15165,1,1
2022-08-22 15:00:18.012,15164,15165,15166,1,1
2022-08-22 15:00:19.659,15164,15165,15164,1,-1
2022-08-22 15:00:19.674,15164,15165,15165,2,2
2022-08-22 15:00:20.190,15164,15165,15164,4,-4
2022-08-22 15:00:20.190,15164,15165,15164,6,-6
2022-08-22 15:00:20.715,15163,15165,15163,1,-1
2022-08-22 15:00:21.540,15163,15164,15164,2,2
2022-08-22 15:00:21.744,15163,15164,15163,1,-1
2022-08-22 15:00:22.739,15163,15164,15164,1,1
2022-08-22 15:00:23.047,15163,15165,15165,1,1
2022-08-22 15:00:23.983,15164,15165,15164,1,-1
2022-08-22 15:00:24.910,15163,15164,15164,1,1
2022-08-22 15:00:25.457,15163,15165,15163,2,-2
2022-08-22 15:00:26.257,15163,15165,15165,2,2
2022-08-22 15:00:26.483,15164,15165,15164,1,-1
2022-08-22 15:00:26.547,15164,15165,15164,2,-2
2022-08-22 15:00:27.327,15164,15165,15165,1,1
2022-08-22 15:00:27.576,15164,15165,15165,3,3
2022-08-22 15:00:27.916,15164,15166,15164,1,-1
2022-08-22 15:00:28.093,15164,15166,15165,1,-1
2022-08-22 15:00:28.303,15165,15166,15165,1,-1
2022-08-22 15:00:28.379,15164,15166,15166,5,5
2022-08-22 15:00:29.335,15165,15167,15167,6,6
2022-08-22 15:00:29.451,15166,15168,15168,26,26
2022-08-22 15:00:29.520,15168,15169,15169,2,2
2022-08-22 15:00:29.521,15168,15169,15169,1,1
2022-08-22 15:00:29.576,15168,15169,15170,2,2
2022-08-22 15:00:30.799,15168,15169,15169,3,3
2022-08-22 15:00:30.911,15168,15170,15170,1,1
2022-08-22 15:00:31.067,15168,15170,15168,2,-2
2022-08-22 15:00:31.687,15168,15169,15169,1,1
2022-08-22 15:00:34.498,15168,15169,15169,1,1
2022-08-22 15:00:36.448,15168,15169,15168,1,-1
2022-08-22 15:00:37.314,15168,15169,15169,3,3
2022-08-22 15:00:39.016,15169,15170,15169,1,-1
2022-08-22 15:00:39.518,15169,15170,15170,6,6
2022-08-22 15:00:39.518,15169,15170,15171,7,7
2022-08-22 15:00:39.518,15169,15170,15172,7,7
2022-08-22 15:00:39.518,15169,15170,15173,5,5
2022-08-22 15:00:40.904,15170,15172,15170,1,-1
2022-08-22 15:00:41.538,15170,15172,15170,1,-1
2022-08-22 15:00:41.984,15170,15172,15172,2,2
2022-08-22 15:00:42.693,15171,15173,15171,2,-2
2022-08-22 15:00:43.729,15171,15172,15172,1,1
2022-08-22 15:00:46.510,15171,15172,15171,1,-1
2022-08-22 15:00:46.695,15171,15172,15171,1,-1
2022-08-22 15:00:47.569,15169,15171,15169,2,-2
2022-08-22 15:00:47.569,15169,15171,15169,1,-1
2022-08-22 15:00:47.999,15168,15170,15170,1,1
2022-08-22 15:00:49.877,15168,15169,15169,1,1
2022-08-22 15:00:50.117,15168,15169,15168,1,-1
2022-08-22 15:00:50.384,15167,15169,15167,7,-7
2022-08-22 15:00:51.058,15167,15168,15167,1,-1
2022-08-22 15:00:51.154,15167,15169,15167,1,-1
2022-08-22 15:00:51.164,15167,15169,15167,1,-1
2022-08-22 15:00:51.415,15167,15169,15167,2,-2
2022-08-22 15:00:51.430,15167,15169,15167,1,-1
2022-08-22 15:00:52.203,15166,15168,15166,2,-2
2022-08-22 15:00:52.319,15166,15168,15168,1,1
2022-08-22 15:00:54.758,15167,15168,15168,2,2
2022-08-22 15:00:54.758,15167,15168,15168,1,1
2022-08-22 15:00:54.844,15167,15168,15168,1,1
2022-08-22 15:00:54.844,15167,15168,15168,1,1
2022-08-22 15:00:55.389,15167,15169,15169,1,1
2022-08-22 15:00:55.857,15167,15169,15167,1,-1
2022-08-22 15:00:56.203,15167,15169,15167,1,-1
2022-08-22 15:00:58.332,15167,15168,15167,2,-2
2022-08-22 15:00:59.974,15167,15168,15167,1,-1
2022-08-22 15:00:59.987,15167,15168,15167,2,-2
2022-08-22 15:01:00.009,15167,15168,15167,2,-2
2022-08-22 15:01:00.010,15167,15168,15167,2,-2
2022-08-22 15:01:00.036,15167,15168,15166,1,-1
2022-08-22 15:01:00.037,15167,15168,15166,1,-1
2022-08-22 15:01:00.038,15167,15168,15166,1,-1
2022-08-22 15:01:00.038,15167,15168,15165,3,-3
2022-08-22 15:01:00.045,15167,15168,15165,1,-1
2022-08-22 15:01:00.064,15167,15168,15165,1,-1
2022-08-22 15:01:00.074,15167,15168,15165,2,-2
2022-08-22 15:01:00.075,15167,15168,15165,1,-1
2022-08-22 15:01:00.076,15167,15168,15164,1,-1
2022-08-22 15:01:00.105,15164,15165,15164,1,-1
2022-08-22 15:01:00.105,15164,15165,15164,1,-1
2022-08-22 15:01:00.108,15164,15165,15165,1,1
2022-08-22 15:01:00.109,15164,15165,15165,1,1
2022-08-22 15:01:00.110,15164,15165,15166,1,1
2022-08-22 15:01:00.110,15164,15165,15166,2,2
2022-08-22 15:01:00.110,15164,15165,15167,2,2
2022-08-22 15:01:00.110,15164,15165,15167,1,1
2022-08-22 15:01:00.191,15164,15165,15167,1,1
2022-08-22 15:01:00.252,15165,15167,15165,2,-2
2022-08-22 15:01:00.442,15166,15167,15166,1,-1
2022-08-22 15:01:00.442,15166,15167,15165,1,-1
2022-08-22 15:01:00.628,15165,15167,15167,2,2
2022-08-22 15:01:00.845,15165,15167,15165,1,-1
2022-08-22 15:01:00.885,15165,15167,15165,1,-1
2022-08-22 15:01:01.218,15165,15167,15165,3,-3
2022-08-22 15:01:01.229,15165,15167,15165,2,-2
2022-08-22 15:01:01.232,15165,15167,15166,1,-1
2022-08-22 15:01:01.232,15165,15167,15166,1,-1
2022-08-22 15:01:01.233,15165,15167,15167,1,1
2022-08-22 15:01:01.234,15165,15167,15167,1,1
2022-08-22 15:01:01.603,15165,15167,15167,1,1
2022-08-22 15:01:01.668,15165,15167,15167,1,1
2022-08-22 15:01:01.668,15165,15167,15167,1,1
2022-08-22 15:01:01.668,15165,15167,15167,1,1
2022-08-22 15:01:01.668,15165,15167,15167,1,1
2022-08-22 15:01:01.668,15165,15167,15167,1,1
2022-08-22 15:01:01.700,15165,15167,15166,2,2
2022-08-22 15:01:02.792,15166,15167,15167,1,1
2022-08-22 15:01:03.104,15167,15168,15168,1,1
2022-08-22 15:01:03.104,15167,15168,15168,1,1
2022-08-22 15:01:03.104,15167,15168,15168,1,1
2022-08-22 15:01:04.004,15167,15169,15167,1,-1
2022-08-22 15:01:06.356,15167,15169,15167,4,-4
2022-08-22 15:01:06.824,15168,15169,15169,2,2
2022-08-22 15:01:10.047,15168,15169,15169,1,1
2022-08-22 15:01:10.047,15168,15169,15169,1,1
2022-08-22 15:01:10.107,15169,15170,15170,1,1
2022-08-22 15:01:10.108,15169,15170,15170,1,1
2022-08-22 15:01:10.108,15169,15170,15170,1,1
2022-08-22 15:01:10.108,15169,15170,15170,1,1
2022-08-22 15:01:10.113,15169,15170,15170,1,1
2022-08-22 15:01:11.645,15169,15170,15170,1,1
2022-08-22 15:01:11.827,15170,15171,15171,9,9
2022-08-22 15:01:11.942,15171,15172,15171,1,-1
2022-08-22 15:01:11.942,15171,15172,15171,1,-1
2022-08-22 15:01:11.969,15171,15172,15172,1,1
2022-08-22 15:01:15.875,15171,15172,15172,2,2
2022-08-22 15:01:16.691,15172,15173,15172,1,-1
2022-08-22 15:01:20.524,15171,15172,15172,1,1
2022-08-22 15:01:23.651,15171,15172,15171,1,-1
2022-08-22 15:01:23.732,15170,15172,15172,1,1
2022-08-22 15:01:23.732,15170,15172,15172,1,1
2022-08-22 15:01:23.732,15170,15172,15172,1,1
2022-08-22 15:01:23.738,15170,15172,15172,1,1
2022-08-22 15:01:26.123,15170,15172,15170,1,-1
2022-08-22 15:01:29.739,15170,15171,15170,1,-1
2022-08-22 15:01:29.857,15170,15171,15171,1,1
2022-08-22 15:01:29.857,15170,15171,15172,1,1
2022-08-22 15:01:30.129,15170,15172,15170,1,-1
2022-08-22 15:01:30.129,15170,15172,15170,1,-1
2022-08-22 15:01:30.600,15171,15172,15171,1,-1
2022-08-22 15:01:30.600,15171,15172,15170,2,-2
2022-08-22 15:01:30.617,15170,15172,15170,1,-1
2022-08-22 15:01:30.684,15170,15172,15170,1,-1
2022-08-22 15:01:31.314,15170,15172,15170,5,-5
2022-08-22 15:01:38.294,15170,15172,15172,2,2
2022-08-22 15:01:38.375,15170,15172,15172,3,3
2022-08-22 15:01:39.570,15171,15173,15171,1,-1
2022-08-22 15:01:39.607,15171,15173,15173,1,1
2022-08-22 15:01:39.758,15171,15173,15171,1,-1
2022-08-22 15:01:42.736,15172,15173,15173,3,3
2022-08-22 15:01:42.765,15172,15173,15173,1,1
2022-08-22 15:01:45.648,15173,15174,15173,1,-1
2022-08-22 15:01:46.677,15172,15173,15173,1,1
2022-08-22 15:01:46.733,15171,15174,15174,1,1
2022-08-22 15:01:46.733,15171,15174,15174,1,1
2022-08-22 15:01:51.263,15171,15173,15173,4,4
2022-08-22 15:01:55.833,15172,15173,15173,1,1
2022-08-22 15:01:55.846,15172,15173,15174,4,4
2022-08-22 15:01:56.121,15173,15175,15173,1,-1
2022-08-22 15:01:56.121,15173,15175,15173,1,-1
2022-08-22 15:01:58.236,15173,15175,15175,1,1
2022-08-22 15:01:58.357,15174,15175,15175,1,1
2022-08-22 15:01:58.360,15174,15175,15174,1,-1
2022-08-22 15:01:58.363,15174,15175,15175,1,1
2022-08-22 15:01:58.382,15174,15175,15175,4,4
2022-08-22 15:01:58.383,15174,15175,15175,3,3
2022-08-22 15:01:59.048,15175,15176,15176,1,1
2022-08-22 15:01:59.048,15175,15176,15177,1,1
2022-08-22 15:01:59.845,15175,15177,15177,1,1
2022-08-22 15:01:59.925,15176,15177,15177,2,2
2022-08-22 15:01:59.935,15176,15177,15178,1,1
2022-08-22 15:01:59.999,15176,15178,15178,1,1
2022-08-22 15:02:00.258,15176,15178,15178,2,2
2022-08-22 15:02:00.526,15176,15177,15177,1,1
2022-08-22 15:02:00.784,15175,15177,15175,1,-1
2022-08-22 15:02:00.863,15175,15176,15176,1,1
2022-08-22 15:02:01.303,15175,15176,15176,1,1
2022-08-22 15:02:01.584,15175,15177,15177,2,2
2022-08-22 15:02:04.794,15175,15178,15176,1,-1
2022-08-22 15:02:08.122,15176,15177,15176,1,-1
2022-08-22 15:02:08.122,15176,15177,15175,2,-2
2022-08-22 15:02:08.691,15175,15177,15177,4,4
2022-08-22 15:02:08.691,15175,15177,15178,1,1
2022-08-22 15:02:08.964,15176,15178,15176,1,-1
2022-08-22 15:02:08.964,15176,15178,15176,1,-1
2022-08-22 15:02:08.999,15175,15178,15178,1,1
2022-08-22 15:02:09.241,15176,15178,15176,3,-3
2022-08-22 15:02:09.241,15176,15178,15176,2,-2
2022-08-22 15:02:09.357,15176,15178,15178,1,1
2022-08-22 15:02:09.357,15176,15178,15178,1,1
2022-08-22 15:02:10.782,15176,15178,15176,1,-1
2022-08-22 15:02:12.492,15177,15178,15178,1,1
2022-08-22 15:02:13.059,15177,15179,15179,1,1
2022-08-22 15:02:17.518,15177,15179,15179,4,4
2022-08-22 15:02:17.774,15178,15179,15179,4,4
2022-08-22 15:02:18.042,15178,15180,15178,1,-1
2022-08-22 15:02:21.142,15178,15179,15179,1,1
2022-08-22 15:02:21.763,15178,15179,15179,1,1
2022-08-22 15:02:26.454,15179,15180,15179,1,-1
2022-08-22 15:02:32.109,15179,15180,15180,10,10
2022-08-22 15:02:32.109,15179,15180,15180,1,1
2022-08-22 15:02:32.112,15179,15180,15181,1,1
2022-08-22 15:02:32.384,15181,15182,15181,1,-1
2022-08-22 15:02:32.384,15181,15182,15181,1,-1
2022-08-22 15:02:34.657,15180,15182,15180,1,-1
2022-08-22 15:02:34.893,15180,15182,15182,5,5
2022-08-22 15:02:35.149,15181,15182,15182,1,1
2022-08-22 15:02:37.342,15181,15183,15183,4,4
2022-08-22 15:02:37.451,15183,15184,15184,1,1
2022-08-22 15:02:37.567,15183,15184,15183,1,-1
2022-08-22 15:02:37.769,15183,15184,15184,1,1
2022-08-22 15:02:38.242,15183,15184,15183,2,-2
2022-08-22 15:02:38.897,15181,15184,15183,1,1
2022-08-22 15:02:41.118,15181,15183,15183,1,1
2022-08-22 15:02:45.107,15182,15183,15182,1,-1
2022-08-22 15:02:45.655,15182,15183,15183,1,1
2022-08-22 15:02:45.655,15182,15183,15183,2,2
2022-08-22 15:02:46.306,15182,15184,15184,3,3
2022-08-22 15:02:46.429,15182,15184,15184,1,1
2022-08-22 15:02:46.496,15183,15185,15183,1,-1
2022-08-22 15:02:46.528,15183,15185,15183,1,-1
2022-08-22 15:02:46.967,15183,15185,15185,1,1
2022-08-22 15:02:48.463,15183,15184,15184,1,1
2022-08-22 15:02:49.130,15183,15184,15183,1,-1
2022-08-22 15:02:49.190,15183,15184,15182,2,-2
2022-08-22 15:02:50.950,15183,15184,15184,3,3
2022-08-22 15:02:51.369,15183,15185,15183,2,-2
2022-08-22 15:02:58.575,15183,15184,15183,1,-1
2022-08-22 15:02:59.912,15183,15184,15183,3,-3
2022-08-22 15:03:00.254,15182,15183,15182,2,-2
2022-08-22 15:03:00.469,15181,15183,15183,1,1
2022-08-22 15:03:04.057,15181,15182,15181,2,-2
2022-08-22 15:03:05.114,15181,15182,15182,1,1
2022-08-22 15:03:09.092,15181,15182,15181,1,-1
2022-08-22 15:03:11.675,15181,15182,15181,1,-1
2022-08-22 15:03:13.360,15181,15182,15182,1,1
2022-08-22 15:03:15.276,15181,15182,15182,2,2
2022-08-22 15:03:20.075,15181,15182,15182,1,1
2022-08-22 15:03:30.782,15181,15182,15182,5,5
2022-08-22 15:03:31.417,15182,15183,15183,2,2
2022-08-22 15:03:31.418,15182,15183,15183,1,1
2022-08-22 15:03:31.418,15182,15183,15183,1,1
2022-08-22 15:03:34.393,15183,15184,15183,1,-1
2022-08-22 15:03:36.851,15182,15183,15183,1,1
2022-08-22 15:03:40.319,15182,15183,15183,5,5
2022-08-22 15:03:40.799,15182,15183,15182,4,-4
2022-08-22 15:03:41.453,15182,15183,15183,3,3
2022-08-22 15:03:46.269,15182,15183,15182,6,-6
2022-08-22 15:03:46.841,15181,15182,15181,4,-4
2022-08-22 15:03:54.016,15180,15181,15181,1,1
2022-08-22 15:03:56.426,15180,15181,15181,2,2
2022-08-22 15:04:02.982,15181,15182,15182,1,1
2022-08-22 15:04:05.228,15181,15182,15182,1,1
2022-08-22 15:04:09.245,15180,15182,15182,1,1
2022-08-22 15:04:12.593,15181,15182,15181,1,-1
2022-08-22 15:04:16.719,15180,15181,15180,2,-2
2022-08-22 15:04:17.986,15180,15181,15181,1,1
2022-08-22 15:04:23.519,15180,15181,15180,3,-3
2022-08-22 15:04:24.694,15180,15181,15180,1,-1
2022-08-22 15:04:27.098,15180,15181,15180,1,-1
2022-08-22 15:04:33.179,15180,15181,15181,1,1
2022-08-22 15:04:33.889,15180,15181,15180,1,-1
2022-08-22 15:04:34.480,15180,15181,15180,2,-2
2022-08-22 15:04:34.757,15180,15181,15180,1,-1
2022-08-22 15:04:34.757,15180,15181,15180,2,-2
2022-08-22 15:04:36.017,15179,15180,15179,1,-1
2022-08-22 15:04:36.017,15179,15180,15179,1,-1
2022-08-22 15:04:36.017,15179,15180,15179,1,-1
2022-08-22 15:04:38.736,15179,15181,15179,5,-5
2022-08-22 15:04:39.854,15180,15181,15180,1,-1
2022-08-22 15:04:44.366,15180,15181,15181,1,1
2022-08-22 15:04:45.147,15181,15182,15182,6,6
2022-08-22 15:04:47.921,15181,15183,15182,3,3
2022-08-22 15:04:47.961,15181,15183,15181,1,-1
2022-08-22 15:04:55.949,15181,15182,15181,1,-1
2022-08-22 15:04:57.824,15180,15182,15181,1,-1
2022-08-22 15:05:00.198,15180,15181,15181,1,1
2022-08-22 15:05:00.302,15181,15182,15180,2,-2
2022-08-22 15:05:01.787,15180,15182,15180,8,-8
2022-08-22 15:05:06.002,15179,15180,15180,1,1
2022-08-22 15:05:06.434,15179,15181,15179,1,-1
2022-08-22 15:05:09.116,15179,15180,15180,1,1
2022-08-22 15:05:09.725,15179,15180,15180,1,1
2022-08-22 15:05:13.832,15179,15180,15180,1,1
2022-08-22 15:05:13.832,15179,15180,15180,1,1
2022-08-22 15:05:14.907,15180,15181,15181,2,2
2022-08-22 15:05:14.907,15180,15181,15181,1,1
2022-08-22 15:05:21.578,15181,15182,15181,1,-1
2022-08-22 15:05:21.851,15181,15182,15181,1,-1
2022-08-22 15:05:27.286,15181,15182,15182,1,1
2022-08-22 15:05:27.286,15181,15182,15182,3,3
2022-08-22 15:05:27.433,15182,15183,15182,2,-2
2022-08-22 15:05:27.799,15182,15183,15183,6,6
2022-08-22 15:05:29.190,15183,15184,15183,1,-1
2022-08-22 15:05:29.472,15183,15184,15183,1,-1
2022-08-22 15:05:29.777,15182,15184,15184,1,1
2022-08-22 15:05:34.829,15183,15184,15184,1,1
2022-08-22 15:05:38.678,15183,15184,15184,3,3
2022-08-22 15:05:44.235,15184,15185,15185,6,6
2022-08-22 15:05:44.544,15185,15186,15186,1,1
2022-08-22 15:05:44.651,15185,15186,15186,1,1
2022-08-22 15:05:44.651,15185,15186,15186,2,2
2022-08-22 15:05:45.526,15186,15187,15186,1,-1
2022-08-22 15:05:45.731,15185,15187,15187,5,5
2022-08-22 15:05:47.937,15185,15186,15186,1,1
2022-08-22 15:05:48.960,15185,15186,15186,3,3
2022-08-22 15:05:49.452,15186,15187,15186,1,-1
2022-08-22 15:05:49.566,15185,15186,15186,1,1
2022-08-22 15:05:50.977,15185,15186,15185,13,-13
2022-08-22 15:05:51.012,15184,15185,15185,1,1
2022-08-22 15:05:51.181,15184,15186,15186,1,1
2022-08-22 15:05:51.812,15185,15186,15186,2,2
2022-08-22 15:05:55.659,15185,15186,15186,1,1
2022-08-22 15:05:55.660,15185,15186,15186,3,3
2022-08-22 15:05:58.019,15186,15187,15186,1,-1
2022-08-22 15:05:58.656,15186,15187,15187,6,6
2022-08-22 15:05:58.656,15186,15187,15188,4,4
2022-08-22 15:06:00.476,15186,15188,15188,4,4
2022-08-22 15:06:00.484,15187,15188,15188,1,1
2022-08-22 15:06:00.484,15187,15188,15188,1,1
2022-08-22 15:06:00.484,15187,15188,15188,1,1
2022-08-22 15:06:00.571,15187,15188,15188,1,1
2022-08-22 15:06:00.911,15187,15188,15188,1,1
2022-08-22 15:06:01.441,15187,15188,15187,1,-1
2022-08-22 15:06:03.173,15187,15188,15187,1,-1
2022-08-22 15:06:03.413,15187,15188,15188,1,1
2022-08-22 15:06:05.115,15187,15188,15188,5,5
2022-08-22 15:06:05.115,15187,15188,15188,2,2
2022-08-22 15:06:05.239,15188,15189,15188,1,-1
2022-08-22 15:06:07.577,15187,15189,15189,5,5
2022-08-22 15:06:07.681,15188,15189,15189,1,1
2022-08-22 15:06:08.488,15188,15189,15188,1,-1
2022-08-22 15:06:10.754,15188,15189,15188,4,-4
2022-08-22 15:06:12.304,15187,15189,15189,4,4
2022-08-22 15:06:12.905,15187,15188,15187,2,-2
2022-08-22 15:06:19.755,15187,15189,15187,1,-1
2022-08-22 15:06:20.081,15187,15188,15188,3,3
2022-08-22 15:06:20.440,15187,15189,15187,1,-1
2022-08-22 15:06:21.899,15187,15188,15187,1,-1
2022-08-22 15:06:22.037,15187,15188,15188,1,1
2022-08-22 15:06:24.373,15188,15189,15188,1,-1
2022-08-22 15:06:29.742,15187,15188,15187,2,-2
2022-08-22 15:06:30.842,15186,15187,15187,1,1
2022-08-22 15:06:33.389,15187,15188,15188,1,1
2022-08-22 15:06:38.452,15187,15188,15188,1,1
2022-08-22 15:06:39.904,15187,15188,15187,1,-1
2022-08-22 15:06:40.051,15187,15188,15187,1,-1
2022-08-22 15:06:41.077,15186,15188,15188,1,1
2022-08-22 15:06:42.036,15187,15188,15187,1,-1
2022-08-22 15:06:43.517,15186,15187,15186,12,-12
2022-08-22 15:06:43.517,15186,15187,15186,1,-1
2022-08-22 15:06:43.518,15186,15187,15186,1,-1
2022-08-22 15:06:43.518,15186,15187,15186,1,-1
2022-08-22 15:06:43.518,15186,15187,15186,1,-1
2022-08-22 15:06:44.507,15185,15187,15187,2,2
2022-08-22 15:06:55.639,15185,15186,15186,2,2
2022-08-22 15:06:57.117,15185,15186,15185,2,-2
2022-08-22 15:06:57.211,15185,15186,15185,3,-3
2022-08-22 15:07:03.292,15185,15186,15185,1,-1
2022-08-22 15:07:03.595,15185,15186,15186,2,2
2022-08-22 15:07:08.518,15185,15186,15186,2,2
2022-08-22 15:07:08.553,15185,15186,15185,1,-1
2022-08-22 15:07:09.636,15185,15186,15186,1,1
2022-08-22 15:07:09.876,15186,15187,15186,4,-4
2022-08-22 15:07:09.877,15186,15187,15186,1,-1
2022-08-22 15:07:11.171,15185,15187,15185,1,-1
2022-08-22 15:07:15.360,15185,15187,15185,1,-1
2022-08-22 15:07:18.506,15185,15186,15186,2,2
2022-08-22 15:07:19.701,15185,15186,15185,2,-2
2022-08-22 15:07:19.701,15185,15186,15185,1,-1
2022-08-22 15:07:20.638,15184,15185,15184,1,-1
2022-08-22 15:07:20.639,15184,15185,15184,2,-2
2022-08-22 15:07:22.032,15183,15184,15184,1,1
2022-08-22 15:07:22.032,15183,15184,15185,1,1
2022-08-22 15:07:24.378,15184,15185,15184,1,-1
2022-08-22 15:07:34.967,15183,15184,15183,1,-1
2022-08-22 15:07:43.703,15183,15184,15184,1,1
2022-08-22 15:07:43.704,15183,15184,15184,2,2
2022-08-22 15:07:45.116,15183,15184,15184,1,1
2022-08-22 15:08:02.901,15184,15185,15184,1,-1
2022-08-22 15:08:07.044,15184,15185,15184,1,-1
2022-08-22 15:08:07.044,15184,15185,15184,3,-3
2022-08-22 15:08:08.629,15183,15184,15183,4,-4
2022-08-22 15:08:08.629,15183,15184,15183,1,-1
2022-08-22 15:08:14.466,15182,15183,15182,1,-1
2022-08-22 15:08:15.508,15182,15183,15182,3,-3
2022-08-22 15:08:15.508,15182,15183,15182,1,-1
2022-08-22 15:08:16.442,15181,15182,15182,1,1
2022-08-22 15:08:23.834,15181,15182,15182,3,3
2022-08-22 15:08:29.642,15181,15182,15182,1,1
2022-08-22 15:08:30.390,15181,15182,15182,1,1
2022-08-22 15:08:30.534,15181,15182,15181,1,-1
2022-08-22 15:08:34.172,15181,15182,15181,1,-1
2022-08-22 15:08:51.340,15181,15182,15181,1,-1
2022-08-22 15:08:52.004,15181,15182,15181,1,-1
2022-08-22 15:08:53.808,15181,15182,15181,1,-1
2022-08-22 15:08:55.646,15180,15181,15180,1,-1
2022-08-22 15:09:00.510,15180,15181,15180,1,-1
2022-08-22 15:09:01.122,15180,15181,15180,1,-1
2022-08-22 15:09:01.199,15180,15181,15180,1,-1
2022-08-22 15:09:03.256,15180,15181,15180,2,-2
2022-08-22 15:09:03.256,15180,15181,15179,1,-1
2022-08-22 15:09:04.721,15180,15181,15180,1,-1
2022-08-22 15:09:04.932,15179,15181,15180,1,-1
2022-08-22 15:09:10.304,15179,15180,15179,1,-1
2022-08-22 15:09:10.306,15179,15180,15179,1,-1
2022-08-22 15:09:11.018,15179,15180,15180,1,1
2022-08-22 15:09:11.787,15179,15180,15179,1,-1
2022-08-22 15:09:11.810,15179,15180,15180,1,1
2022-08-22 15:09:13.072,15179,15180,15180,9,9
2022-08-22 15:09:20.055,15179,15180,15180,2,2
2022-08-22 15:09:21.720,15179,15180,15180,1,1
2022-08-22 15:09:24.614,15179,15180,15179,1,-1
2022-08-22 15:09:24.614,15179,15180,15179,5,-5
2022-08-22 15:09:28.968,15178,15180,15179,2,-2
2022-08-22 15:09:33.730,15179,15180,15179,1,-1
2022-08-22 15:09:33.731,15179,15180,15179,1,-1
2022-08-22 15:09:40.194,15178,15179,15179,3,3
2022-08-22 15:09:43.342,15178,15179,15179,2,2
2022-08-22 15:09:44.768,15179,15180,15179,3,-3
2022-08-22 15:09:48.245,15178,15179,15178,1,-1
2022-08-22 15:09:49.442,15178,15179,15179,1,1
2022-08-22 15:09:49.792,15178,15179,15178,1,-1
2022-08-22 15:09:50.405,15178,15179,15179,1,1
2022-08-22 15:09:57.986,15178,15179,15178,1,-1
2022-08-22 15:09:58.195,15178,15179,15178,1,-1
2022-08-22 15:10:00.194,15178,15179,15179,2,2
2022-08-22 15:10:00.626,15178,15180,15178,1,-1
2022-08-22 15:10:08.484,15178,15179,15178,1,-1
2022-08-22 15:10:09.204,15178,15179,15178,1,-1
2022-08-22 15:10:10.020,15178,15179,15179,2,2
2022-08-22 15:10:12.900,15178,15179,15178,1,-1
2022-08-22 15:10:14.198,15178,15179,15178,1,-1
2022-08-22 15:10:14.435,15178,15179,15178,1,-1
2022-08-22 15:10:14.654,15178,15179,15178,1,-1
2022-08-22 15:10:14.850,15178,15179,15178,1,-1
2022-08-22 15:10:15.140,15178,15179,15178,1,-1
2022-08-22 15:10:19.586,15178,15179,15178,1,-1
2022-08-22 15:10:20.190,15178,15179,15179,1,1
2022-08-22 15:10:20.865,15178,15179,15178,1,-1
2022-08-22 15:10:20.919,15178,15179,15178,1,-1
2022-08-22 15:10:21.193,15178,15179,15178,1,-1
2022-08-22 15:10:21.193,15178,15179,15178,1,-1
2022-08-22 15:10:21.288,15177,15179,15178,1,-1
2022-08-22 15:10:23.421,15177,15178,15177,10,-10
2022-08-22 15:10:23.494,15176,15177,15176,1,-1
2022-08-22 15:10:23.796,15176,15177,15176,1,-1
2022-08-22 15:10:24.000,15176,15177,15176,2,-2
2022-08-22 15:10:27.070,15175,15177,15175,1,-1
2022-08-22 15:10:28.850,15175,15176,15176,1,1
2022-08-22 15:10:29.006,15175,15176,15176,4,4
2022-08-22 15:10:29.491,15175,15176,15175,2,-2
2022-08-22 15:10:29.491,15175,15176,15175,3,-3
2022-08-22 15:10:29.491,15175,15176,15175,1,-1
2022-08-22 15:10:29.491,15175,15176,15175,1,-1
2022-08-22 15:10:29.491,15175,15176,15175,1,-1
2022-08-22 15:10:29.491,15175,15176,15175,1,-1
2022-08-22 15:10:29.491,15175,15176,15175,5,-5
2022-08-22 15:10:29.492,15175,15176,15174,6,-6
2022-08-22 15:10:29.503,15175,15176,15173,3,-3
2022-08-22 15:10:31.454,15174,15175,15174,1,-1
2022-08-22 15:10:32.614,15174,15175,15174,1,-1
2022-08-22 15:10:34.474,15174,15175,15174,3,-3
2022-08-22 15:10:35.188,15174,15175,15175,6,6
2022-08-22 15:10:36.374,15175,15176,15176,1,1
2022-08-22 15:10:36.972,15175,15176,15176,1,1
2022-08-22 15:10:39.635,15176,15177,15176,1,-1
2022-08-22 15:10:40.211,15176,15177,15176,1,-1
2022-08-22 15:10:40.390,15176,15177,15177,1,1
2022-08-22 15:10:40.391,15176,15177,15177,1,1
2022-08-22 15:10:40.391,15176,15177,15177,2,2
2022-08-22 15:10:41.601,15177,15178,15178,1,1
2022-08-22 15:10:45.680,15177,15178,15177,1,-1
2022-08-22 15:10:46.138,15177,15178,15177,1,-1
2022-08-22 15:10:48.395,15177,15178,15178,4,4
2022-08-22 15:10:53.453,15177,15178,15177,1,-1
2022-08-22 15:11:00.185,15176,15177,15177,1,1
2022-08-22 15:11:06.753,15177,15178,15177,1,-1
2022-08-22 15:11:06.753,15177,15178,15177,1,-1
2022-08-22 15:11:08.363,15176,15177,15176,1,-1
2022-08-22 15:11:13.178,15175,15176,15176,1,1
2022-08-22 15:11:13.179,15175,15176,15176,2,2
2022-08-22 15:11:14.388,15176,15177,15177,1,1
2022-08-22 15:11:14.389,15176,15177,15177,3,3
2022-08-22 15:11:14.882,15176,15178,15178,2,2
2022-08-22 15:11:16.827,15176,15178,15178,1,1
2022-08-22 15:11:25.878,15177,15178,15178,1,1
2022-08-22 15:11:25.879,15177,15178,15178,1,1
2022-08-22 15:11:25.879,15177,15178,15178,1,1
2022-08-22 15:11:25.879,15177,15178,15178,1,1
2022-08-22 15:11:26.794,15178,15179,15179,11,11
2022-08-22 15:11:26.795,15178,15179,15179,2,2
2022-08-22 15:11:26.795,15178,15179,15179,1,1
2022-08-22 15:11:26.795,15178,15179,15179,2,2
2022-08-22 15:11:27.589,15178,15180,15178,2,-2
2022-08-22 15:11:29.694,15179,15180,15180,2,2
2022-08-22 15:11:32.646,15179,15180,15180,1,1
2022-08-22 15:11:32.647,15179,15180,15180,5,5
2022-08-22 15:11:34.094,15180,15181,15180,2,-2
2022-08-22 15:11:36.414,15179,15180,15180,2,2
2022-08-22 15:11:36.766,15179,15180,15180,1,1
2022-08-22 15:11:37.049,15179,15181,15179,1,-1
2022-08-22 15:11:37.597,15180,15181,15180,1,-1
2022-08-22 15:11:37.597,15180,15181,15180,1,-1
2022-08-22 15:11:38.222,15179,15180,15180,2,2
2022-08-22 15:11:38.629,15179,15181,15180,2,2
2022-08-22 15:11:39.454,15179,15180,15180,2,2
2022-08-22 15:11:40.255,15179,15181,15180,2,2
2022-08-22 15:11:40.591,15179,15181,15181,2,2
2022-08-22 15:11:40.690,15179,15181,15181,1,1
2022-08-22 15:11:40.838,15179,15181,15181,2,2
2022-08-22 15:11:46.279,15179,15180,15179,2,-2
2022-08-22 15:11:46.688,15178,15179,15179,2,2
2022-08-22 15:11:48.221,15178,15180,15179,2,2
2022-08-22 15:11:52.262,15178,15179,15179,5,5
2022-08-22 15:11:52.265,15178,15179,15178,3,-3
2022-08-22 15:11:53.297,15177,15179,15179,1,1
2022-08-22 15:12:00.206,15177,15179,15179,3,3
2022-08-22 15:12:05.727,15178,15179,15179,1,1
2022-08-22 15:12:07.318,15179,15180,15180,4,4
2022-08-22 15:12:07.318,15179,15180,15181,1,1
2022-08-22 15:12:07.507,15179,15181,15181,1,1
2022-08-22 15:12:09.270,15180,15181,15181,2,2
2022-08-22 15:12:09.554,15180,15181,15180,1,-1
2022-08-22 15:12:10.352,15180,15181,15181,2,2
2022-08-22 15:12:10.444,15180,15181,15180,1,-1
2022-08-22 15:12:10.559,15179,15181,15181,1,1
2022-08-22 15:12:11.624,15180,15181,15181,1,1
2022-08-22 15:12:12.148,15181,15182,15181,1,-1
2022-08-22 15:12:12.184,15181,15182,15182,4,4
2022-08-22 15:12:12.185,15181,15182,15182,4,4
2022-08-22 15:12:12.185,15181,15182,15182,1,1
2022-08-22 15:12:14.924,15181,15183,15183,1,1
2022-08-22 15:12:15.473,15181,15182,15181,1,-1
2022-08-22 15:12:16.100,15181,15182,15181,1,-1
2022-08-22 15:12:16.724,15181,15182,15181,1,-1
2022-08-22 15:12:18.342,15182,15183,15183,5,5
2022-08-22 15:12:18.573,15182,15183,15182,1,-1
2022-08-22 15:12:19.534,15182,15183,15182,4,-4
2022-08-22 15:12:20.183,15181,15182,15182,2,2
2022-08-22 15:12:20.789,15181,15182,15182,5,5
2022-08-22 15:12:22.814,15182,15183,15183,2,2
2022-08-22 15:12:22.815,15182,15183,15183,1,1
2022-08-22 15:12:24.582,15183,15184,15184,2,2
2022-08-22 15:12:25.559,15183,15184,15184,2,2
2022-08-22 15:12:26.463,15183,15184,15183,1,-1
2022-08-22 15:12:29.217,15183,15184,15183,1,-1
2022-08-22 15:12:30.083,15183,15184,15184,4,4
2022-08-22 15:12:31.555,15183,15184,15184,1,1
2022-08-22 15:12:39.925,15184,15185,15184,1,-1
2022-08-22 15:12:40.189,15184,15185,15185,6,6
2022-08-22 15:12:41.516,15184,15185,15185,1,1
2022-08-22 15:12:43.252,15185,15186,15186,5,5
2022-08-22 15:12:43.661,15185,15186,15186,1,1
2022-08-22 15:12:43.661,15185,15186,15187,9,9
2022-08-22 15:12:44.222,15185,15187,15185,1,-1
2022-08-22 15:12:47.213,15185,15187,15185,4,-4
2022-08-22 15:12:47.299,15184,15186,15184,1,-1
2022-08-22 15:12:47.471,15184,15185,15184,1,-1
2022-08-22 15:12:47.471,15184,15185,15184,1,-1
2022-08-22 15:12:47.846,15184,15185,15185,1,1
2022-08-22 15:12:48.479,15184,15185,15185,5,5
2022-08-22 15:12:49.208,15184,15185,15185,4,4
2022-08-22 15:12:49.208,15184,15185,15185,1,1
2022-08-22 15:12:52.632,15185,15186,15186,5,5
2022-08-22 15:12:56.471,15185,15186,15186,1,1
2022-08-22 15:12:56.471,15185,15186,15186,3,3
2022-08-22 15:12:56.987,15185,15186,15185,1,-1
2022-08-22 15:12:58.901,15185,15187,15187,5,5
2022-08-22 15:13:00.190,15185,15186,15186,2,2
2022-08-22 15:13:00.190,15185,15186,15186,1,1
2022-08-22 15:13:02.060,15185,15186,15185,11,-11
2022-08-22 15:13:04.515,15185,15186,15185,2,-2
2022-08-22 15:13:06.191,15184,15185,15185,1,1
2022-08-22 15:13:07.171,15184,15185,15185,1,1
2022-08-22 15:13:09.231,15185,15186,15186,2,2
2022-08-22 15:13:09.829,15185,15186,15185,1,-1
2022-08-22 15:13:10.201,15185,15186,15186,2,2
2022-08-22 15:13:12.343,15185,15186,15186,5,5
2022-08-22 15:13:12.879,15185,15186,15186,5,5
2022-08-22 15:13:12.879,15185,15186,15186,1,1
2022-08-22 15:13:14.373,15186,15187,15186,1,-1
2022-08-22 15:13:14.507,15186,15187,15187,2,2
2022-08-22 15:13:19.637,15186,15187,15187,5,5
2022-08-22 15:13:20.069,15186,15187,15187,5,5
2022-08-22 15:13:20.070,15186,15187,15187,1,1
2022-08-22 15:13:20.182,15186,15188,15187,1,1
2022-08-22 15:13:21.484,15186,15187,15187,4,4
2022-08-22 15:13:21.485,15186,15187,15187,1,1
2022-08-22 15:13:24.558,15186,15188,15187,1,1
2022-08-22 15:13:26.873,15187,15188,15187,6,-6
2022-08-22 15:13:28.095,15187,15188,15188,5,5
2022-08-22 15:13:28.438,15187,15189,15189,1,1
2022-08-22 15:13:28.567,15187,15189,15189,1,1
2022-08-22 15:13:29.072,15187,15189,15187,1,-1
2022-08-22 15:13:32.123,15188,15189,15189,7,7
2022-08-22 15:13:32.124,15188,15189,15189,3,3
2022-08-22 15:13:32.455,15188,15190,15188,1,-1
2022-08-22 15:13:33.126,15187,15189,15187,1,-1
2022-08-22 15:13:35.030,15187,15189,15189,4,4
2022-08-22 15:13:37.373,15188,15189,15188,1,-1
2022-08-22 15:13:38.470,15188,15189,15188,1,-1
2022-08-22 15:13:40.078,15188,15189,15189,1,1
2022-08-22 15:13:40.202,15188,15189,15189,1,1
2022-08-22 15:13:41.653,15188,15189,15188,1,-1
2022-08-22 15:13:42.384,15188,15189,15189,1,1
2022-08-22 15:13:42.384,15188,15189,15189,1,1
2022-08-22 15:13:42.385,15188,15189,15189,1,1
2022-08-22 15:13:42.385,15188,15189,15189,1,1
2022-08-22 15:13:42.385,15188,15189,15189,1,1
2022-08-22 15:13:43.231,15189,15190,15190,5,5
2022-08-22 15:13:43.377,15189,15190,15190,1,1
2022-08-22 15:13:43.421,15189,15190,15190,1,1
2022-08-22 15:13:43.421,15189,15190,15190,4,4
2022-08-22 15:13:43.788,15190,15191,15190,2,-2
2022-08-22 15:13:44.346,15189,15191,15189,1,-1
2022-08-22 15:13:44.778,15189,15191,15191,1,1
2022-08-22 15:13:44.949,15189,15191,15189,2,-2
2022-08-22 15:13:46.791,15190,15191,15191,1,1
2022-08-22 15:13:47.819,15190,15191,15191,5,5
2022-08-22 15:13:48.201,15190,15191,15191,1,1
2022-08-22 15:13:48.252,15190,15191,15190,1,-1
2022-08-22 15:13:50.821,15190,15191,15191,5,5
2022-08-22 15:13:51.793,15190,15191,15191,5,5
2022-08-22 15:13:52.743,15190,15192,15190,1,-1
2022-08-22 15:13:53.611,15190,15192,15190,5,-5
2022-08-22 15:13:54.737,15189,15190,15190,5,5
2022-08-22 15:13:56.691,15190,15191,15190,1,-1
2022-08-22 15:13:56.691,15190,15191,15191,3,3
2022-08-22 15:13:57.818,15190,15191,15191,1,1
2022-08-22 15:13:58.510,15190,15192,15190,1,-1
2022-08-22 15:13:58.593,15190,15192,15192,2,2
2022-08-22 15:13:58.711,15190,15192,15192,2,2
2022-08-22 15:13:58.867,15190,15192,15190,1,-1
2022-08-22 15:14:06.446,15191,15192,15192,5,5
2022-08-22 15:14:07.467,15191,15192,15192,7,7
2022-08-22 15:14:07.914,15191,15192,15191,2,-2
2022-08-22 15:14:08.303,15191,15192,15191,2,-2
2022-08-22 15:14:08.388,15190,15191,15191,1,1
2022-08-22 15:14:08.388,15190,15191,15192,4,4
2022-08-22 15:14:10.309,15190,15191,15190,1,-1
2022-08-22 15:14:10.310,15190,15191,15190,2,-2
2022-08-22 15:14:10.310,15190,15191,15190,4,-4
2022-08-22 15:14:10.495,15190,15191,15190,1,-1
2022-08-22 15:14:12.022,15190,15192,15192,1,1
2022-08-22 15:14:13.103,15190,15191,15190,1,-1
2022-08-22 15:14:14.725,15190,15191,15190,16,-16
2022-08-22 15:14:16.146,15189,15190,15190,1,1
2022-08-22 15:14:16.365,15189,15190,15190,11,11
2022-08-22 15:14:16.365,15189,15190,15191,13,13
2022-08-22 15:14:16.367,15189,15190,15191,6,6
2022-08-22 15:14:20.185,15190,15191,15191,2,2
2022-08-22 15:14:21.796,15190,15191,15191,1,1
2022-08-22 15:14:22.083,15190,15191,15190,9,-9
2022-08-22 15:14:22.386,15189,15191,15191,1,1
2022-08-22 15:14:28.316,15190,15191,15190,2,-2
2022-08-22 15:14:31.194,15190,15191,15190,1,-1
2022-08-22 15:14:33.150,15189,15190,15190,1,1
2022-08-22 15:14:33.896,15190,15191,15190,1,-1
2022-08-22 15:14:33.896,15190,15191,15191,5,5
2022-08-22 15:14:34.024,15190,15192,15190,1,-1
2022-08-22 15:14:34.420,15190,15191,15191,1,1
2022-08-22 15:14:35.393,15191,15192,15191,1,-1
2022-08-22 15:14:35.394,15191,15192,15192,2,2
2022-08-22 15:14:35.885,15191,15193,15193,5,5
2022-08-22 15:14:36.445,15191,15193,15193,5,5
2022-08-22 15:14:36.545,15191,15193,15193,5,5
2022-08-22 15:14:38.440,15191,15193,15193,5,5
2022-08-22 15:14:39.392,15191,15193,15193,5,5
2022-08-22 15:14:40.164,15191,15193,15193,5,5
2022-08-22 15:14:41.036,15191,15193,15193,4,4
2022-08-22 15:14:41.036,15191,15193,15193,1,1
2022-08-22 15:14:42.376,15193,15194,15194,5,5
2022-08-22 15:14:42.376,15193,15194,15194,6,6
2022-08-22 15:14:42.857,15193,15195,15194,1,1
2022-08-22 15:14:43.916,15194,15195,15195,5,5
2022-08-22 15:14:45.089,15194,15195,15195,1,1
2022-08-22 15:14:45.889,15194,15195,15195,1,1
2022-08-22 15:14:46.297,15194,15195,15194,1,-1
2022-08-22 15:14:46.298,15194,15195,15194,1,-1
2022-08-22 15:14:46.580,15194,15195,15195,20,20
2022-08-22 15:14:47.355,15194,15195,15194,1,-1
2022-08-22 15:14:47.531,15194,15195,15194,2,-2
2022-08-22 15:14:49.947,15194,15195,15194,5,-5
2022-08-22 15:14:50.926,15193,15194,15193,4,-4
2022-08-22 15:14:52.626,15193,15194,15194,2,2
2022-08-22 15:14:53.010,15193,15194,15193,1,-1
2022-08-22 15:14:53.012,15193,15194,15193,17,-17
2022-08-22 15:14:53.249,15192,15193,15193,4,4
2022-08-22 15:14:53.389,15192,15194,15194,5,5
2022-08-22 15:14:53.808,15192,15194,15194,4,4
2022-08-22 15:14:53.809,15192,15194,15194,1,1
2022-08-22 15:14:54.180,15193,15194,15194,3,3
2022-08-22 15:14:54.181,15193,15194,15194,2,2
2022-08-22 15:14:55.351,15193,15194,15193,1,-1
2022-08-22 15:14:55.816,15193,15194,15194,1,1
2022-08-22 15:14:56.827,15193,15194,15193,1,-1
2022-08-22 15:14:57.316,15193,15194,15194,4,4
2022-08-22 15:14:57.317,15193,15194,15194,1,1
2022-08-22 15:14:57.368,15193,15195,15193,1,-1
2022-08-22 15:14:57.842,15193,15195,15195,1,1
2022-08-22 15:14:58.240,15193,15194,15194,3,3
2022-08-22 15:14:58.240,15193,15194,15195,2,2
2022-08-22 15:14:59.854,15193,15195,15195,5,5
2022-08-22 15:15:01.070,15194,15195,15195,5,5
2022-08-22 15:15:01.111,15194,15195,15195,1,1
2022-08-22 15:15:01.111,15194,15195,15196,1,1
2022-08-22 15:15:01.112,15194,15195,15196,1,1
2022-08-22 15:15:01.112,15194,15195,15196,2,2
2022-08-22 15:15:01.119,15194,15195,15196,1,1
2022-08-22 15:15:01.119,15194,15195,15196,1,1
2022-08-22 15:15:01.119,15194,15195,15196,1,1
2022-08-22 15:15:01.119,15194,15195,15196,1,1
2022-08-22 15:15:01.169,15194,15195,15195,1,1
2022-08-22 15:15:01.169,15194,15195,15195,1,1
2022-08-22 15:15:01.212,15194,15195,15196,2,2
2022-08-22 15:15:01.221,15194,15195,15196,1,1
2022-08-22 15:15:01.241,15195,15196,15196,3,3
2022-08-22 15:15:01.296,15195,15196,15196,2,2
2022-08-22 15:15:01.430,15195,15196,15195,1,-1
2022-08-22 15:15:01.494,15195,15196,15196,1,1
2022-08-22 15:15:01.537,15195,15196,15196,3,3
2022-08-22 15:15:01.727,15194,15195,15195,1,1
2022-08-22 15:15:01.768,15194,15196,15196,1,1
2022-08-22 15:15:02.225,15193,15195,15195,1,1
2022-08-22 15:15:02.233,15193,15195,15195,1,1
2022-08-22 15:15:02.562,15193,15195,15195,1,1
2022-08-22 15:15:02.562,15193,15195,15196,1,1
2022-08-22 15:15:03.548,15193,15196,15194,1,-1
2022-08-22 15:15:03.548,15193,15196,15196,1,1
2022-08-22 15:15:03.553,15193,15196,15195,1,1
2022-08-22 15:15:03.629,15194,15196,15194,1,-1
2022-08-22 15:15:03.739,15194,15196,15194,1,-1
2022-08-22 15:15:07.111,15194,15195,15195,3,3
2022-08-22 15:15:07.594,15194,15195,15194,2,-2
2022-08-22 15:15:07.598,15194,15195,15194,2,-2
2022-08-22 15:15:08.566,15193,15194,15193,1,-1
2022-08-22 15:15:08.607,15193,15194,15194,1,1
2022-08-22 15:15:08.607,15193,15194,15194,1,1
2022-08-22 15:15:08.611,15193,15194,15194,1,1
2022-08-22 15:15:09.391,15193,15194,15193,1,-1
2022-08-22 15:15:09.392,15193,15194,15193,1,-1
2022-08-22 15:15:11.272,15192,15193,15192,1,-1
2022-08-22 15:15:11.272,15192,15193,15191,2,-2
2022-08-22 15:15:11.642,15191,15193,15193,1,1
2022-08-22 15:15:12.376,15191,15193,15191,1,-1
2022-08-22 15:15:14.164,15191,15192,15191,4,-4
2022-08-22 15:15:14.164,15191,15192,15191,1,-1
2022-08-22 15:15:14.164,15191,15192,15191,1,-1
2022-08-22 15:15:14.164,15191,15192,15191,1,-1
2022-08-22 15:15:14.164,15191,15192,15191,1,-1
2022-08-22 15:15:14.164,15191,15192,15191,4,-4
2022-08-22 15:15:14.164,15191,15192,15191,1,-1
2022-08-22 15:15:14.179,15191,15192,15190,2,-2
2022-08-22 15:15:15.522,15191,15192,15191,1,-1
2022-08-22 15:15:15.708,15191,15192,15191,1,-1
2022-08-22 15:15:16.881,15190,15191,15190,1,-1
2022-08-22 15:15:18.818,15190,15191,15190,20,-20
2022-08-22 15:15:18.916,15189,15190,15190,1,1
2022-08-22 15:15:20.866,15189,15190,15190,1,1
2022-08-22 15:15:20.982,15189,15190,15190,1,1
2022-08-22 15:15:20.982,15189,15190,15191,1,1
2022-08-22 15:15:20.983,15189,15190,15191,1,1
2022-08-22 15:15:20.983,15189,15190,15191,1,1
2022-08-22 15:15:20.983,15189,15190,15191,1,1
2022-08-22 15:15:20.983,15189,15190,15191,1,1
2022-08-22 15:15:27.975,15190,15191,15190,1,-1
2022-08-22 15:15:29.779,15190,15191,15190,1,-1
2022-08-22 15:15:29.857,15190,15191,15191,1,1
2022-08-22 15:15:29.862,15190,15191,15191,1,1
2022-08-22 15:15:30.384,15190,15191,15191,1,1
2022-08-22 15:15:30.868,15190,15191,15190,1,-1
2022-08-22 15:15:33.725,15190,15191,15191,1,1
2022-08-22 15:15:33.760,15190,15191,15191,1,1
2022-08-22 15:15:33.761,15190,15191,15191,1,1
2022-08-22 15:15:33.761,15190,15191,15191,1,1
2022-08-22 15:15:34.599,15191,15192,15192,1,1
2022-08-22 15:15:34.603,15191,15192,15192,1,1
2022-08-22 15:15:34.603,15191,15192,15192,3,3
2022-08-22 15:15:35.320,15192,15193,15192,1,-1
2022-08-22 15:15:38.332,15192,15193,15192,1,-1
2022-08-22 15:15:38.357,15192,15193,15193,1,1
2022-08-22 15:15:38.358,15192,15193,15194,1,1
2022-08-22 15:15:38.358,15192,15193,15194,1,1
2022-08-22 15:15:40.065,15193,15194,15193,1,-1
2022-08-22 15:15:40.065,15193,15194,15192,1,-1
2022-08-22 15:15:40.884,15192,15194,15192,1,-1
2022-08-22 15:15:49.253,15193,15194,15193,1,-1
2022-08-22 15:15:50.162,15193,15194,15193,1,-1
2022-08-22 15:15:50.232,15192,15194,15194,1,1
2022-08-22 15:15:51.361,15192,15193,15192,18,-18
2022-08-22 15:15:51.615,15191,15193,15193,1,1
2022-08-22 15:15:51.721,15191,15193,15193,1,1
2022-08-22 15:15:53.925,15190,15192,15192,1,1
2022-08-22 15:15:56.146,15190,15191,15191,1,1
2022-08-22 15:15:56.450,15190,15192,15190,1,-1
2022-08-22 15:16:03.142,15189,15190,15190,1,1
2022-08-22 15:16:03.557,15189,15190,15189,1,-1
2022-08-22 15:16:04.909,15189,15190,15189,1,-1
2022-08-22 15:16:05.859,15189,15190,15190,1,1
2022-08-22 15:16:08.964,15189,15190,15190,1,1
2022-08-22 15:16:12.190,15189,15190,15189,1,-1
2022-08-22 15:16:12.232,15189,15190,15190,1,1
2022-08-22 15:16:15.649,15189,15190,15190,3,3
2022-08-22 15:16:20.878,15189,15190,15189,6,-6
2022-08-22 15:16:26.620,15188,15189,15189,2,2
2022-08-22 15:16:28.387,15189,15190,15190,7,7
2022-08-22 15:16:28.715,15190,15191,15190,1,-1
2022-08-22 15:16:33.371,15190,15191,15190,1,-1
2022-08-22 15:16:34.657,15190,15191,15190,1,-1
2022-08-22 15:16:34.952,15190,15191,15190,1,-1
2022-08-22 15:16:37.162,15189,15190,15190,4,4
2022-08-22 15:16:38.334,15190,15191,15190,4,-4
2022-08-22 15:16:38.357,15190,15191,15191,1,1
2022-08-22 15:16:39.859,15190,15191,15190,1,-1
2022-08-22 15:16:45.497,15191,15192,15191,1,-1
2022-08-22 15:16:48.082,15191,15192,15191,1,-1
2022-08-22 15:16:50.793,15191,15192,15191,1,-1
2022-08-22 15:16:52.375,15191,15192,15191,1,-1
2022-08-22 15:16:54.948,15191,15192,15191,6,-6
2022-08-22 15:17:00.364,15190,15191,15190,4,-4
2022-08-22 15:17:00.368,15190,15191,15190,2,-2
2022-08-22 15:17:03.053,15190,15191,15191,2,2
2022-08-22 15:17:03.403,15191,15192,15191,1,-1
2022-08-22 15:17:05.333,15191,15192,15192,4,4
2022-08-22 15:17:07.457,15192,15193,15192,1,-1
2022-08-22 15:17:11.091,15192,15193,15193,1,1
2022-08-22 15:17:14.966,15192,15193,15193,7,7
2022-08-22 15:17:14.966,15192,15193,15193,1,1
2022-08-22 15:17:14.967,15192,15193,15193,1,1
2022-08-22 15:17:14.967,15192,15193,15193,2,2
2022-08-22 15:17:23.070,15192,15193,15193,1,1
2022-08-22 15:17:23.070,15192,15193,15193,1,1
2022-08-22 15:17:34.821,15192,15193,15193,2,2
2022-08-22 15:17:40.192,15193,15194,15194,1,1
2022-08-22 15:17:42.287,15193,15194,15193,1,-1
2022-08-22 15:17:42.722,15192,15194,15193,1,-1
2022-08-22 15:17:46.817,15193,15194,15193,1,-1
2022-08-22 15:17:50.267,15193,15194,15193,1,-1
2022-08-22 15:17:53.427,15193,15194,15193,1,-1
2022-08-22 15:18:02.434,15192,15193,15193,2,2
2022-08-22 15:18:04.663,15193,15194,15194,11,11
2022-08-22 15:18:07.800,15193,15195,15193,1,-1
2022-08-22 15:18:08.051,15193,15194,15193,1,-1
2022-08-22 15:18:13.079,15192,15194,15194,1,1
2022-08-22 15:18:24.280,15193,15194,15193,1,-1
2022-08-22 15:18:24.505,15192,15193,15193,1,1
2022-08-22 15:18:24.505,15192,15193,15194,7,7
2022-08-22 15:18:29.043,15192,15193,15193,1,1
2022-08-22 15:18:29.186,15193,15194,15193,1,-1
2022-08-22 15:18:31.845,15193,15194,15193,2,-2
2022-08-22 15:18:31.846,15193,15194,15193,3,-3
2022-08-22 15:18:31.846,15193,15194,15193,2,-2
2022-08-22 15:18:31.858,15192,15193,15192,3,-3
2022-08-22 15:18:35.051,15192,15193,15193,4,4
2022-08-22 15:18:35.051,15192,15193,15194,1,1
2022-08-22 15:18:39.394,15192,15193,15192,1,-1
2022-08-22 15:18:39.395,15192,15193,15193,1,1
2022-08-22 15:18:40.653,15192,15193,15192,3,-3
2022-08-22 15:18:40.653,15192,15193,15192,8,-8
2022-08-22 15:18:40.653,15192,15193,15192,2,-2
2022-08-22 15:18:41.956,15191,15192,15192,1,1
2022-08-22 15:18:55.213,15191,15192,15191,6,-6
2022-08-22 15:18:55.214,15191,15192,15191,1,-1
2022-08-22 15:18:55.214,15191,15192,15191,1,-1
2022-08-22 15:18:55.655,15190,15191,15191,1,1
2022-08-22 15:18:56.062,15190,15191,15191,2,2
2022-08-22 15:18:56.062,15190,15191,15192,6,6
2022-08-22 15:19:00.249,15190,15191,15190,3,-3
2022-08-22 15:19:00.439,15190,15191,15191,2,2
2022-08-22 15:19:00.485,15191,15192,15192,1,1
2022-08-22 15:19:01.406,15191,15192,15192,1,1
2022-08-22 15:19:08.497,15191,15192,15191,1,-1
2022-08-22 15:19:08.498,15191,15192,15191,1,-1
2022-08-22 15:19:08.498,15191,15192,15191,1,-1
2022-08-22 15:19:08.910,15191,15192,15191,1,-1
2022-08-22 15:19:09.839,15191,15192,15191,1,-1
2022-08-22 15:19:10.130,15191,15192,15191,1,-1
2022-08-22 15:19:11.372,15190,15191,15190,2,-2
2022-08-22 15:19:13.987,15190,15191,15191,1,1
2022-08-22 15:19:14.736,15190,15191,15190,1,-1
2022-08-22 15:19:14.851,15190,15191,15190,2,-2
2022-08-22 15:19:14.851,15190,15191,15190,1,-1
2022-08-22 15:19:14.851,15190,15191,15190,1,-1
2022-08-22 15:19:14.851,15190,15191,15190,4,-4
2022-08-22 15:19:14.852,15190,15191,15190,1,-1
2022-08-22 15:19:14.853,15190,15191,15190,2,-2
2022-08-22 15:19:18.237,15189,15190,15190,2,2
2022-08-22 15:19:20.591,15189,15190,15189,1,-1
2022-08-22 15:19:20.592,15189,15190,15189,1,-1
2022-08-22 15:19:20.634,15188,15189,15188,1,-1
2022-08-22 15:19:20.851,15188,15189,15188,1,-1
2022-08-22 15:19:23.129,15188,15189,15188,1,-1
2022-08-22 15:19:24.547,15188,15189,15189,2,2
2022-08-22 15:19:25.166,15188,15189,15188,3,-3
2022-08-22 15:19:25.857,15187,15189,15189,1,1
2022-08-22 15:19:26.246,15188,15189,15188,1,-1
2022-08-22 15:19:27.147,15188,15189,15188,1,-1
2022-08-22 15:19:28.447,15188,15189,15189,1,1
2022-08-22 15:19:28.447,15188,15189,15189,1,1
2022-08-22 15:19:33.887,15188,15189,15188,1,-1
2022-08-22 15:19:33.887,15188,15189,15188,2,-2
2022-08-22 15:19:33.887,15188,15189,15188,1,-1
2022-08-22 15:19:33.899,15188,15189,15187,4,-4
2022-08-22 15:19:35.218,15187,15188,15188,3,3
2022-08-22 15:19:35.857,15188,15189,15188,3,-3
2022-08-22 15:19:38.593,15187,15188,15187,1,-1
2022-08-22 15:19:39.364,15187,15188,15187,1,-1
2022-08-22 15:19:41.997,15187,15188,15187,1,-1
2022-08-22 15:19:42.184,15186,15188,15186,1,-1
2022-08-22 15:19:42.356,15186,15188,15186,1,-1
2022-08-22 15:19:42.567,15186,15188,15186,1,-1
2022-08-22 15:19:42.695,15186,15188,15186,1,-1
2022-08-22 15:19:42.876,15186,15188,15186,1,-1
2022-08-22 15:19:43.065,15186,15188,15186,1,-1
2022-08-22 15:19:43.206,15186,15188,15186,1,-1
2022-08-22 15:19:43.396,15186,15187,15186,1,-1
2022-08-22 15:19:43.559,15185,15187,15185,1,-1
2022-08-22 15:19:43.964,15185,15187,15187,5,5
2022-08-22 15:19:44.108,15185,15186,15186,1,1
2022-08-22 15:19:44.896,15185,15186,15185,5,-5
2022-08-22 15:19:45.744,15185,15186,15186,4,4
2022-08-22 15:19:48.703,15186,15187,15186,3,-3
2022-08-22 15:19:49.879,15185,15186,15186,1,1
2022-08-22 15:19:52.511,15185,15186,15185,1,-1
2022-08-22 15:19:52.912,15185,15186,15185,1,-1
2022-08-22 15:19:54.849,15185,15186,15185,7,-7
2022-08-22 15:19:59.601,15184,15185,15185,1,1
2022-08-22 15:20:00.885,15184,15185,15184,1,-1
2022-08-22 15:20:01.271,15184,15185,15184,1,-1
2022-08-22 15:20:01.271,15184,15185,15184,1,-1
2022-08-22 15:20:01.824,15184,15185,15184,1,-1
2022-08-22 15:20:02.480,15184,15185,15184,6,-6
2022-08-22 15:20:03.661,15183,15185,15185,5,5
2022-08-22 15:20:03.804,15184,15185,15185,1,1
2022-08-22 15:20:04.236,15184,15185,15185,1,1
2022-08-22 15:20:06.249,15185,15186,15186,2,2
2022-08-22 15:20:09.853,15186,15187,15186,2,-2
2022-08-22 15:20:09.854,15186,15187,15186,3,-3
2022-08-22 15:20:13.944,15186,15187,15187,1,1
2022-08-22 15:20:17.636,15187,15188,15187,1,-1
2022-08-22 15:20:21.368,15187,15188,15187,1,-1
2022-08-22 15:20:21.368,15187,15188,15186,1,-1
2022-08-22 15:20:23.443,15186,15188,15186,1,-1
2022-08-22 15:20:25.855,15186,15187,15186,1,-1
2022-08-22 15:20:29.292,15186,15187,15186,1,-1
2022-08-22 15:20:33.316,15186,15187,15187,2,2
2022-08-22 15:20:40.188,15187,15188,15188,3,3
2022-08-22 15:20:40.188,15187,15188,15188,1,1
2022-08-22 15:20:40.465,15188,15189,15188,2,-2
2022-08-22 15:20:43.115,15188,15189,15189,5,5
2022-08-22 15:20:45.720,15189,15190,15190,2,2
2022-08-22 15:20:58.588,15188,15189,15188,2,-2
2022-08-22 15:20:58.588,15188,15189,15188,1,-1
2022-08-22 15:21:03.384,15187,15188,15188,1,1
2022-08-22 15:21:09.610,15187,15188,15187,1,-1
2022-08-22 15:21:09.610,15187,15188,15187,1,-1
2022-08-22 15:21:10.246,15186,15187,15187,3,3
2022-08-22 15:21:16.742,15186,15187,15186,1,-1
2022-08-22 15:21:21.892,15185,15187,15185,1,-1
2022-08-22 15:21:22.231,15185,15186,15185,1,-1
2022-08-22 15:21:27.754,15185,15186,15185,1,-1
2022-08-22 15:21:28.761,15185,15186,15185,1,-1
2022-08-22 15:21:29.135,15184,15185,15185,1,1
2022-08-22 15:21:33.173,15184,15185,15185,1,1
2022-08-22 15:21:39.231,15184,15185,15184,1,-1
2022-08-22 15:21:39.343,15184,15185,15185,1,1
2022-08-22 15:21:42.243,15184,15185,15185,3,3
2022-08-22 15:21:50.739,15186,15187,15186,2,-2
2022-08-22 15:21:56.432,15186,15187,15186,1,-1
2022-08-22 15:22:04.807,15186,15187,15187,1,1
2022-08-22 15:22:04.808,15186,15187,15187,1,1
2022-08-22 15:22:08.826,15187,15188,15187,1,-1
2022-08-22 15:22:16.323,15187,15188,15187,3,-3
2022-08-22 15:22:16.762,15185,15186,15185,1,-1
2022-08-22 15:22:16.946,15184,15185,15185,1,1
2022-08-22 15:22:34.356,15184,15185,15184,1,-1
2022-08-22 15:22:34.936,15184,15185,15184,1,-1
2022-08-22 15:22:42.573,15184,15185,15184,1,-1
2022-08-22 15:22:43.230,15184,15185,15184,1,-1
2022-08-22 15:22:47.879,15184,15185,15184,1,-1
2022-08-22 15:22:51.797,15184,15185,15184,1,-1
2022-08-22 15:22:53.367,15184,15185,15184,1,-1
2022-08-22 15:22:56.228,15183,15185,15183,1,-1
2022-08-22 15:22:57.598,15183,15184,15183,1,-1
2022-08-22 15:23:02.976,15183,15184,15183,1,-1
2022-08-22 15:23:03.783,15183,15184,15183,2,-2
2022-08-22 15:23:03.783,15183,15184,15183,1,-1
2022-08-22 15:23:05.048,15182,15183,15183,3,3
2022-08-22 15:23:07.576,15182,15183,15183,3,3
2022-08-22 15:23:10.514,15183,15184,15184,1,1
2022-08-22 15:23:11.491,15184,15185,15184,1,-1
2022-08-22 15:23:22.437,15184,15186,15184,1,-1
2022-08-22 15:23:27.603,15184,15185,15185,1,1
2022-08-22 15:23:27.604,15184,15185,15185,3,3
2022-08-22 15:23:34.406,15185,15186,15186,1,1
2022-08-22 15:23:35.424,15185,15186,15186,1,1
2022-08-22 15:23:52.784,15185,15186,15185,3,-3
2022-08-22 15:24:03.831,15184,15186,15186,1,1
2022-08-22 15:24:06.149,15185,15186,15186,1,1
2022-08-22 15:24:12.059,15185,15186,15186,1,1
2022-08-22 15:24:38.122,15185,15186,15186,2,2
2022-08-22 15:24:40.419,15185,15187,15187,1,1
2022-08-22 15:24:56.232,15186,15187,15186,1,-1
2022-08-22 15:24:57.479,15186,15187,15187,4,4
2022-08-22 15:25:01.763,15187,15188,15187,1,-1
2022-08-22 15:25:02.217,15187,15188,15188,1,1
2022-08-22 15:25:03.967,15187,15188,15188,3,3
2022-08-22 15:25:03.968,15187,15188,15188,1,1
2022-08-22 15:25:03.968,15187,15188,15188,1,1
2022-08-22 15:25:04.418,15188,15189,15188,1,-1
2022-08-22 15:25:04.963,15188,15189,15188,1,-1
2022-08-22 15:25:08.197,15188,15189,15188,2,-2
2022-08-22 15:25:12.193,15188,15189,15189,1,1
2022-08-22 15:25:17.870,15188,15189,15189,4,4
2022-08-22 15:25:20.182,15188,15189,15188,1,-1
2022-08-22 15:25:20.748,15187,15188,15188,3,3
2022-08-22 15:25:25.272,15186,15188,15188,1,1
2022-08-22 15:25:35.968,15185,15186,15186,1,1
2022-08-22 15:25:37.121,15185,15186,15185,4,-4
2022-08-22 15:25:37.121,15185,15186,15185,1,-1
2022-08-22 15:25:37.121,15185,15186,15185,1,-1
2022-08-22 15:25:41.050,15184,15185,15184,1,-1
2022-08-22 15:25:41.050,15184,15185,15184,1,-1
2022-08-22 15:25:41.050,15184,15185,15184,1,-1
2022-08-22 15:25:42.796,15183,15184,15184,1,1
2022-08-22 15:25:45.324,15183,15185,15184,1,1
2022-08-22 15:25:47.103,15183,15184,15183,2,-2
2022-08-22 15:25:47.589,15183,15184,15184,1,1
2022-08-22 15:25:58.465,15183,15184,15183,1,-1
2022-08-22 15:25:58.466,15183,15184,15183,1,-1
2022-08-22 15:25:58.466,15183,15184,15183,1,-1
2022-08-22 15:25:58.466,15183,15184,15183,1,-1
2022-08-22 15:25:58.466,15183,15184,15183,1,-1
2022-08-22 15:25:58.466,15183,15184,15183,1,-1
2022-08-22 15:25:59.645,15182,15183,15182,1,-1
2022-08-22 15:26:00.187,15182,15183,15182,4,-4
2022-08-22 15:26:00.193,15182,15183,15182,3,-3
2022-08-22 15:26:00.282,15181,15182,15181,1,-1
2022-08-22 15:26:00.391,15181,15182,15181,3,-3
2022-08-22 15:26:00.484,15181,15182,15181,1,-1
2022-08-22 15:26:00.859,15180,15182,15180,1,-1
2022-08-22 15:26:00.875,15180,15182,15180,2,-2
2022-08-22 15:26:01.856,15180,15181,15180,4,-4
2022-08-22 15:26:01.857,15180,15181,15180,4,-4
2022-08-22 15:26:01.857,15180,15181,15180,1,-1
2022-08-22 15:26:01.857,15180,15181,15180,1,-1
2022-08-22 15:26:02.168,15179,15180,15180,1,1
2022-08-22 15:26:02.319,15179,15181,15179,1,-1
2022-08-22 15:26:03.436,15179,15181,15179,1,-1
2022-08-22 15:26:03.853,15179,15180,15180,2,2
2022-08-22 15:26:04.126,15179,15180,15179,3,-3
2022-08-22 15:26:04.372,15178,15180,15180,1,1
2022-08-22 15:26:04.801,15179,15181,15179,1,-1
2022-08-22 15:26:04.842,15179,15181,15179,1,-1
2022-08-22 15:26:05.074,15179,15181,15179,2,-2
2022-08-22 15:26:06.040,15179,15180,15178,1,-1
2022-08-22 15:26:06.975,15178,15180,15178,1,-1
2022-08-22 15:26:07.726,15179,15180,15179,1,-1
2022-08-22 15:26:08.501,15179,15180,15179,1,-1
2022-08-22 15:26:08.725,15179,15180,15179,1,-1
2022-08-22 15:26:09.558,15178,15180,15179,1,-1
2022-08-22 15:26:09.978,15178,15179,15179,1,1
2022-08-22 15:26:10.728,15178,15179,15179,1,1
2022-08-22 15:26:10.940,15178,15179,15179,1,1
2022-08-22 15:26:12.468,15178,15179,15178,1,-1
2022-08-22 15:26:14.237,15178,15179,15179,1,1
2022-08-22 15:26:16.347,15178,15179,15178,1,-1
2022-08-22 15:26:17.740,15178,15179,15178,2,-2
2022-08-22 15:26:20.206,15178,15179,15178,1,-1
2022-08-22 15:26:22.246,15178,15179,15178,3,-3
2022-08-22 15:26:23.042,15178,15179,15179,1,1
2022-08-22 15:26:23.277,15178,15179,15178,1,-1
2022-08-22 15:26:23.308,15178,15179,15178,1,-1
2022-08-22 15:26:24.263,15178,15179,15178,1,-1
2022-08-22 15:26:24.279,15178,15179,15178,1,-1
2022-08-22 15:26:28.444,15178,15179,15179,1,1
2022-08-22 15:26:28.540,15178,15179,15178,1,-1
2022-08-22 15:26:28.724,15178,15179,15178,1,-1
2022-08-22 15:26:29.019,15178,15179,15178,1,-1
2022-08-22 15:26:31.226,15178,15179,15178,1,-1
2022-08-22 15:26:31.226,15178,15179,15178,2,-2
2022-08-22 15:26:32.270,15178,15179,15178,1,-1
2022-08-22 15:26:32.593,15178,15179,15178,5,-5
2022-08-22 15:26:32.978,15178,15179,15179,7,7
2022-08-22 15:26:33.967,15179,15180,15179,2,-2
2022-08-22 15:26:34.179,15179,15180,15180,1,1
2022-08-22 15:26:41.782,15179,15181,15179,1,-1
2022-08-22 15:26:45.552,15179,15180,15179,1,-1
2022-08-22 15:26:46.609,15179,15180,15179,1,-1
2022-08-22 15:26:48.411,15179,15180,15179,6,-6
2022-08-22 15:26:50.117,15178,15179,15178,3,-3
2022-08-22 15:26:50.202,15178,15179,15178,1,-1
2022-08-22 15:26:50.275,15178,15179,15178,1,-1
2022-08-22 15:26:51.163,15177,15178,15178,1,1
2022-08-22 15:26:53.544,15177,15178,15177,10,-10
2022-08-22 15:26:53.641,15176,15178,15176,2,-2
2022-08-22 15:26:53.726,15176,15178,15177,1,-1
2022-08-22 15:26:54.064,15176,15178,15176,8,-8
2022-08-22 15:26:54.168,15176,15177,15176,1,-1
2022-08-22 15:26:54.717,15175,15177,15175,1,-1
2022-08-22 15:26:54.759,15175,15177,15177,1,1
2022-08-22 15:26:55.004,15176,15177,15176,1,-1
2022-08-22 15:26:55.004,15176,15177,15176,1,-1
2022-08-22 15:26:55.276,15176,15177,15176,1,-1
2022-08-22 15:26:55.417,15175,15177,15175,3,-3
2022-08-22 15:26:56.088,15175,15176,15175,14,-14
2022-08-22 15:26:56.938,15175,15176,15175,1,-1
2022-08-22 15:26:56.990,15175,15176,15175,1,-1
2022-08-22 15:26:57.286,15175,15176,15175,2,-2
2022-08-22 15:26:57.708,15174,15176,15174,1,-1
2022-08-22 15:26:58.209,15174,15176,15174,1,-1
2022-08-22 15:27:00.615,15174,15175,15174,3,-3
2022-08-22 15:27:01.030,15173,15175,15174,1,-1
2022-08-22 15:27:01.457,15173,15175,15174,1,-1
2022-08-22 15:27:02.000,15173,15174,15173,1,-1
2022-08-22 15:27:02.000,15173,15174,15173,8,-8
2022-08-22 15:27:02.001,15173,15174,15173,1,-1
2022-08-22 15:27:02.002,15173,15174,15173,2,-2
2022-08-22 15:27:02.275,15172,15174,15172,1,-1
2022-08-22 15:27:02.544,15172,15174,15172,1,-1
2022-08-22 15:27:02.702,15172,15174,15174,4,4
2022-08-22 15:27:02.999,15173,15175,15174,1,1
2022-08-22 15:27:03.256,15173,15175,15173,1,-1
2022-08-22 15:27:03.990,15173,15175,15174,1,-1
2022-08-22 15:27:04.416,15173,15174,15174,1,1
2022-08-22 15:27:05.861,15173,15174,15173,1,-1
2022-08-22 15:27:05.861,15173,15174,15172,4,-4
2022-08-22 15:27:06.455,15172,15174,15174,1,1
2022-08-22 15:27:06.550,15173,15175,15174,1,1
2022-08-22 15:27:06.593,15173,15175,15174,5,5
2022-08-22 15:27:06.644,15173,15175,15173,4,-4
2022-08-22 15:27:07.585,15173,15174,15174,1,1
2022-08-22 15:27:11.513,15173,15174,15174,1,1
2022-08-22 15:27:11.917,15173,15175,15173,1,-1
2022-08-22 15:27:13.196,15174,15176,15174,1,-1
2022-08-22 15:27:13.804,15174,15175,15174,2,-2
2022-08-22 15:27:14.119,15174,15175,15175,1,1
2022-08-22 15:27:21.420,15174,15175,15175,1,1
2022-08-22 15:27:31.963,15174,15175,15175,1,1
2022-08-22 15:27:33.264,15174,15175,15175,1,1
2022-08-22 15:27:33.264,15174,15175,15175,1,1
2022-08-22 15:27:33.264,15174,15175,15175,1,1
2022-08-22 15:27:36.230,15175,15176,15176,1,1
2022-08-22 15:27:38.815,15175,15178,15178,1,1
2022-08-22 15:27:41.668,15175,15176,15175,1,-1
2022-08-22 15:27:41.854,15175,15176,15176,1,1
2022-08-22 15:27:45.567,15175,15176,15175,1,-1
2022-08-22 15:27:46.754,15175,15176,15175,1,-1
2022-08-22 15:27:48.936,15175,15176,15176,1,1
2022-08-22 15:27:50.207,15175,15177,15176,1,1
2022-08-22 15:27:51.873,15175,15177,15175,1,-1
2022-08-22 15:27:54.630,15175,15176,15176,1,1
2022-08-22 15:27:56.136,15175,15177,15175,1,-1
2022-08-22 15:27:58.107,15175,15176,15176,1,1
2022-08-22 15:27:59.923,15175,15176,15175,1,-1
2022-08-22 15:27:59.924,15175,15176,15175,1,-1
2022-08-22 15:27:59.924,15175,15176,15175,1,-1
2022-08-22 15:28:00.537,15174,15175,15175,2,2
2022-08-22 15:28:01.445,15174,15175,15174,1,-1
2022-08-22 15:28:01.956,15174,15175,15174,1,-1
2022-08-22 15:28:05.403,15174,15175,15174,2,-2
2022-08-22 15:28:08.676,15174,15175,15174,1,-1
2022-08-22 15:28:09.802,15174,15175,15174,6,-6
2022-08-22 15:28:09.802,15174,15175,15173,15,-15
2022-08-22 15:28:09.802,15174,15175,15172,27,-27
2022-08-22 15:28:09.804,15174,15175,15172,6,-6
2022-08-22 15:28:09.804,15174,15175,15172,5,-5
2022-08-22 15:28:09.805,15174,15175,15172,23,-23
2022-08-22 15:28:09.806,15174,15175,15172,1,-1
2022-08-22 15:28:09.840,15174,15175,15172,2,-2
2022-08-22 15:28:09.865,15172,15173,15172,2,-2
2022-08-22 15:28:09.962,15172,15173,15172,2,-2
2022-08-22 15:28:09.966,15172,15173,15172,2,-2
2022-08-22 15:28:11.882,15172,15173,15172,1,-1
2022-08-22 15:28:14.030,15172,15173,15173,2,2
2022-08-22 15:28:15.271,15172,15173,15172,2,-2
2022-08-22 15:28:18.523,15171,15172,15172,1,1
2022-08-22 15:28:21.706,15171,15172,15172,1,1
2022-08-22 15:28:22.859,15171,15172,15172,1,1
2022-08-22 15:28:22.911,15171,15172,15173,1,1
2022-08-22 15:28:23.738,15172,15173,15172,1,-1
2022-08-22 15:28:24.558,15172,15173,15173,1,1
2022-08-22 15:28:26.244,15171,15173,15173,1,1
2022-08-22 15:28:26.867,15171,15173,15173,3,3
2022-08-22 15:28:33.465,15173,15174,15173,2,-2
2022-08-22 15:28:36.669,15172,15173,15172,1,-1
2022-08-22 15:28:37.349,15172,15173,15172,1,-1
2022-08-22 15:28:37.349,15172,15173,15172,1,-1
2022-08-22 15:28:37.349,15172,15173,15172,1,-1
2022-08-22 15:28:37.367,15171,15172,15172,1,1
2022-08-22 15:28:37.868,15171,15172,15171,3,-3
2022-08-22 15:28:37.868,15171,15172,15171,1,-1
2022-08-22 15:28:37.869,15171,15172,15171,4,-4
2022-08-22 15:28:37.869,15171,15172,15171,1,-1
2022-08-22 15:28:37.869,15171,15172,15171,1,-1
2022-08-22 15:28:37.869,15171,15172,15171,1,-1
2022-08-22 15:28:37.869,15171,15172,15171,1,-1
2022-08-22 15:28:37.869,15171,15172,15171,2,-2
2022-08-22 15:28:37.869,15171,15172,15171,2,-2
2022-08-22 15:28:37.869,15171,15172,15171,10,-10
2022-08-22 15:28:37.935,15171,15172,15170,1,-1
2022-08-22 15:28:37.996,15170,15171,15170,1,-1
2022-08-22 15:28:38.231,15170,15171,15171,1,1
2022-08-22 15:28:40.199,15170,15171,15170,3,-3
2022-08-22 15:28:41.572,15170,15171,15170,1,-1
2022-08-22 15:28:42.176,15170,15171,15170,1,-1
2022-08-22 15:28:42.890,15170,15171,15170,14,-14
2022-08-22 15:28:42.890,15170,15171,15170,1,-1
2022-08-22 15:28:42.890,15170,15171,15170,5,-5
2022-08-22 15:28:42.890,15170,15171,15170,1,-1
2022-08-22 15:28:42.890,15170,15171,15170,1,-1
2022-08-22 15:28:42.890,15170,15171,15170,1,-1
2022-08-22 15:28:42.891,15170,15171,15170,7,-7
2022-08-22 15:28:43.013,15169,15171,15169,1,-1
2022-08-22 15:28:43.014,15169,15171,15169,1,-1
2022-08-22 15:28:43.146,15169,15170,15170,1,1
2022-08-22 15:28:43.196,15169,15170,15169,1,-1
2022-08-22 15:28:43.646,15169,15171,15169,1,-1
2022-08-22 15:28:43.908,15169,15171,15170,1,-1
2022-08-22 15:28:46.555,15170,15171,15170,1,-1
2022-08-22 15:28:46.681,15170,15171,15170,1,-1
2022-08-22 15:28:46.681,15170,15171,15170,1,-1
2022-08-22 15:28:47.416,15170,15171,15170,1,-1
2022-08-22 15:28:48.308,15170,15171,15170,1,-1
2022-08-22 15:28:48.308,15170,15171,15170,5,-5
2022-08-22 15:28:49.971,15170,15171,15170,1,-1
2022-08-22 15:28:50.009,15170,15171,15170,2,-2
2022-08-22 15:28:50.250,15170,15171,15170,1,-1
2022-08-22 15:28:50.288,15170,15171,15170,2,-2
2022-08-22 15:28:50.782,15170,15171,15170,1,-1
2022-08-22 15:28:50.986,15170,15171,15170,1,-1
2022-08-22 15:28:50.986,15170,15171,15170,1,-1
2022-08-22 15:28:55.321,15170,15171,15170,1,-1
2022-08-22 15:28:56.068,15170,15171,15170,4,-4
2022-08-22 15:28:56.411,15170,15171,15170,1,-1
2022-08-22 15:28:56.724,15170,15171,15171,1,1
2022-08-22 15:28:57.570,15171,15172,15172,1,1
2022-08-22 15:28:59.428,15172,15173,15172,4,-4
2022-08-22 15:28:59.428,15172,15173,15171,4,-4
2022-08-22 15:29:02.167,15172,15173,15172,1,-1
2022-08-22 15:29:02.680,15172,15173,15173,1,1
2022-08-22 15:29:02.685,15172,15173,15172,1,-1
2022-08-22 15:29:04.492,15172,15173,15173,1,1
2022-08-22 15:29:05.878,15173,15174,15174,1,1
2022-08-22 15:29:08.535,15172,15174,15173,1,1
2022-08-22 15:29:10.756,15173,15174,15173,1,-1
2022-08-22 15:29:12.369,15172,15173,15172,3,-3
2022-08-22 15:29:16.534,15172,15173,15172,1,-1
2022-08-22 15:29:16.614,15171,15173,15171,2,-2
2022-08-22 15:29:16.781,15171,15172,15172,1,1
2022-08-22 15:29:19.105,15171,15172,15171,2,-2
2022-08-22 15:29:19.699,15170,15172,15172,3,3
2022-08-22 15:29:22.048,15170,15172,15170,17,-17
2022-08-22 15:29:29.960,15170,15171,15170,1,-1
2022-08-22 15:29:29.960,15170,15171,15170,1,-1
2022-08-22 15:29:30.066,15169,15171,15169,3,-3
2022-08-22 15:29:35.518,15170,15171,15170,1,-1
2022-08-22 15:29:35.973,15170,15171,15170,1,-1
2022-08-22 15:29:37.461,15170,15171,15170,2,-2
2022-08-22 15:29:37.461,15170,15171,15169,6,-6
2022-08-22 15:29:43.192,15169,15170,15169,1,-1
2022-08-22 15:29:43.829,15169,15170,15170,1,1
2022-08-22 15:29:43.882,15169,15171,15169,1,-1
2022-08-22 15:29:44.500,15169,15171,15169,6,-6
2022-08-22 15:29:45.309,15169,15170,15169,1,-1
2022-08-22 15:29:46.917,15169,15170,15169,3,-3
2022-08-22 15:29:48.378,15168,15170,15169,2,-2
2022-08-22 15:29:48.744,15168,15169,15168,4,-4
2022-08-22 15:29:48.974,15168,15169,15169,1,1
2022-08-22 15:29:49.103,15168,15169,15168,3,-3
2022-08-22 15:29:49.103,15168,15169,15168,2,-2
2022-08-22 15:29:49.103,15168,15169,15168,1,-1
2022-08-22 15:29:49.103,15168,15169,15168,1,-1
2022-08-22 15:29:49.103,15168,15169,15168,11,-11
2022-08-22 15:29:49.197,15167,15168,15167,2,-2
2022-08-22 15:29:49.198,15167,15168,15167,2,-2
2022-08-22 15:29:49.398,15166,15167,15167,1,1
2022-08-22 15:29:50.692,15166,15168,15168,1,1
2022-08-22 15:29:53.338,15166,15168,15168,1,1
2022-08-22 15:29:56.098,15166,15167,15166,1,-1
2022-08-22 15:29:58.460,15166,15167,15167,1,1
2022-08-22 15:29:59.821,15166,15168,15166,5,-5
2022-08-22 15:30:00.415,15167,15169,15167,1,-1
2022-08-22 15:30:01.105,15168,15169,15169,1,1
2022-08-22 15:30:01.163,15168,15169,15169,1,1
2022-08-22 15:30:01.473,15168,15169,15168,2,-2
2022-08-22 15:30:02.465,15168,15169,15168,1,-1
2022-08-22 15:30:04.136,15168,15170,15170,3,3
2022-08-22 15:30:06.519,15169,15170,15170,1,1
2022-08-22 15:30:08.129,15169,15170,15170,1,1
2022-08-22 15:30:10.113,15169,15170,15169,2,-2
2022-08-22 15:30:11.164,15168,15169,15168,1,-1
2022-08-22 15:30:11.271,15168,15169,15169,1,1
2022-08-22 15:30:11.856,15168,15169,15169,1,1
2022-08-22 15:30:11.940,15168,15169,15168,4,-4
2022-08-22 15:30:17.291,15167,15168,15167,4,-4
2022-08-22 15:30:17.291,15167,15168,15166,1,-1
2022-08-22 15:30:17.490,15166,15168,15166,2,-2
2022-08-22 15:30:17.499,15166,15168,15166,1,-1
2022-08-22 15:30:17.526,15166,15168,15166,1,-1
2022-08-22 15:30:17.547,15166,15168,15166,3,-3
2022-08-22 15:30:17.756,15166,15167,15167,1,1
2022-08-22 15:30:18.274,15166,15167,15166,3,-3
2022-08-22 15:30:18.274,15166,15167,15165,2,-2
2022-08-22 15:30:18.319,15166,15167,15166,1,-1
2022-08-22 15:30:18.383,15166,15168,15166,2,-2
2022-08-22 15:30:19.792,15167,15169,15167,1,-1
2022-08-22 15:30:21.228,15166,15168,15166,1,-1
2022-08-22 15:30:21.228,15166,15168,15166,1,-1
2022-08-22 15:30:21.246,15166,15167,15166,1,-1
2022-08-22 15:30:23.917,15166,15167,15166,1,-1
2022-08-22 15:30:23.923,15166,15167,15166,1,-1
2022-08-22 15:30:25.085,15165,15166,15166,1,1
2022-08-22 15:30:28.395,15165,15166,15165,1,-1
2022-08-22 15:30:30.903,15165,15166,15166,2,2
2022-08-22 15:30:30.903,15165,15166,15166,3,3
2022-08-22 15:30:31.783,15166,15168,15166,1,-1
2022-08-22 15:30:37.261,15166,15167,15166,1,-1
2022-08-22 15:30:38.749,15166,15167,15166,1,-1
2022-08-22 15:30:39.197,15166,15167,15166,1,-1
2022-08-22 15:30:40.203,15166,15167,15166,3,-3
2022-08-22 15:30:42.428,15165,15167,15165,2,-2
2022-08-22 15:30:42.783,15166,15168,15166,2,-2
2022-08-22 15:30:45.619,15167,15168,15168,1,1
2022-08-22 15:30:45.619,15167,15168,15168,1,1
2022-08-22 15:30:51.041,15168,15169,15168,1,-1
2022-08-22 15:30:51.534,15168,15169,15168,2,-2
2022-08-22 15:30:53.978,15168,15169,15168,1,-1
2022-08-22 15:30:54.758,15168,15169,15168,1,-1
2022-08-22 15:30:54.762,15168,15169,15168,1,-1
2022-08-22 15:31:00.768,15168,15169,15168,1,-1
2022-08-22 15:31:01.113,15168,15169,15169,2,2
2022-08-22 15:31:01.113,15168,15169,15169,1,1
2022-08-22 15:31:01.113,15168,15169,15169,3,3
2022-08-22 15:31:01.113,15168,15169,15169,1,1
2022-08-22 15:31:01.113,15168,15169,15169,1,1
2022-08-22 15:31:01.113,15168,15169,15169,2,2
2022-08-22 15:31:04.793,15169,15170,15170,1,1
2022-08-22 15:31:05.730,15169,15170,15170,4,4
2022-08-22 15:31:09.154,15169,15170,15170,2,2
2022-08-22 15:31:10.419,15169,15170,15169,1,-1
2022-08-22 15:31:12.587,15168,15170,15170,1,1
2022-08-22 15:31:16.667,15169,15170,15170,1,1
2022-08-22 15:31:18.359,15169,15170,15169,1,-1
2022-08-22 15:31:22.000,15169,15170,15169,4,-4
2022-08-22 15:31:22.000,15169,15170,15168,6,-6
2022-08-22 15:31:25.066,15168,15169,15168,2,-2
2022-08-22 15:31:26.075,15167,15169,15168,1,-1
2022-08-22 15:31:26.297,15167,15168,15167,2,-2
2022-08-22 15:31:28.015,15166,15168,15168,2,2
2022-08-22 15:31:28.158,15167,15168,15168,1,1
2022-08-22 15:31:28.178,15167,15168,15168,1,1
2022-08-22 15:31:28.292,15167,15168,15167,1,-1
2022-08-22 15:31:28.292,15167,15168,15167,1,-1
2022-08-22 15:31:30.635,15166,15167,15166,6,-6
2022-08-22 15:31:31.016,15165,15167,15165,1,-1
2022-08-22 15:31:31.681,15165,15166,15165,1,-1
2022-08-22 15:31:32.152,15165,15166,15165,1,-1
2022-08-22 15:31:32.508,15165,15166,15165,1,-1
2022-08-22 15:31:33.000,15165,15166,15165,5,-5
2022-08-22 15:31:34.855,15165,15166,15165,2,-2
2022-08-22 15:31:36.645,15165,15166,15165,1,-1
2022-08-22 15:31:37.288,15165,15166,15165,1,-1
2022-08-22 15:31:37.292,15165,15166,15166,2,2
2022-08-22 15:31:38.772,15165,15166,15165,1,-1
2022-08-22 15:31:43.509,15165,15166,15165,1,-1
2022-08-22 15:31:44.390,15165,15166,15165,1,-1
2022-08-22 15:31:44.657,15165,15166,15165,19,-19
2022-08-22 15:31:44.657,15165,15166,15164,6,-6
2022-08-22 15:31:44.678,15165,15166,15164,2,-2
2022-08-22 15:31:44.935,15163,15164,15163,1,-1
2022-08-22 15:31:44.997,15163,15164,15163,5,-5
2022-08-22 15:31:45.011,15163,15164,15163,1,-1
2022-08-22 15:31:45.105,15163,15164,15163,1,-1
2022-08-22 15:31:45.138,15163,15164,15163,4,-4
2022-08-22 15:31:45.141,15163,15164,15163,1,-1
2022-08-22 15:31:45.264,15163,15164,15163,3,-3
2022-08-22 15:31:45.356,15162,15164,15162,1,-1
2022-08-22 15:31:45.509,15162,15164,15162,2,-2
2022-08-22 15:31:45.521,15162,15164,15162,5,-5
2022-08-22 15:31:45.603,15162,15164,15162,1,-1
2022-08-22 15:31:46.033,15162,15164,15162,7,-7
2022-08-22 15:31:46.033,15162,15164,15161,1,-1
2022-08-22 15:31:46.253,15161,15163,15161,1,-1
2022-08-22 15:31:46.406,15161,15163,15161,5,-5
2022-08-22 15:31:46.506,15161,15163,15161,1,-1
2022-08-22 15:31:46.854,15161,15163,15161,2,-2
2022-08-22 15:31:51.397,15161,15163,15162,6,-6
2022-08-22 15:31:51.474,15161,15163,15161,1,-1
2022-08-22 15:31:52.605,15162,15163,15163,1,1
2022-08-22 15:31:54.426,15162,15163,15163,1,1
2022-08-22 15:31:54.818,15162,15163,15162,3,-3
2022-08-22 15:31:55.671,15161,15163,15162,6,-6
2022-08-22 15:31:55.671,15161,15163,15161,2,-2
2022-08-22 15:31:56.296,15161,15163,15161,1,-1
2022-08-22 15:31:57.354,15161,15163,15161,3,-3
2022-08-22 15:32:00.184,15161,15162,15161,3,-3
2022-08-22 15:32:00.252,15161,15162,15161,1,-1
2022-08-22 15:32:02.405,15161,15162,15161,1,-1
2022-08-22 15:32:02.891,15161,15162,15161,1,-1
2022-08-22 15:32:05.046,15161,15162,15162,1,1
2022-08-22 15:32:05.290,15161,15162,15162,7,7
2022-08-22 15:32:05.779,15162,15163,15163,1,1
2022-08-22 15:32:05.780,15162,15163,15163,1,1
2022-08-22 15:32:05.780,15162,15163,15163,24,24
2022-08-22 15:32:05.846,15162,15163,15164,2,2
2022-08-22 15:32:06.514,15163,15164,15164,1,1
2022-08-22 15:32:10.121,15162,15164,15164,5,5
2022-08-22 15:32:10.779,15162,15164,15164,1,1
2022-08-22 15:32:12.663,15163,15164,15164,2,2
2022-08-22 15:32:13.530,15163,15164,15164,1,1
2022-08-22 15:32:13.869,15163,15164,15163,1,-1
2022-08-22 15:32:14.025,15163,15164,15163,4,-4
2022-08-22 15:32:14.599,15163,15164,15163,3,-3
2022-08-22 15:32:17.839,15162,15163,15162,5,-5
2022-08-22 15:32:18.174,15161,15162,15162,1,1
2022-08-22 15:32:21.729,15161,15162,15162,6,6
2022-08-22 15:32:21.729,15161,15162,15162,1,1
2022-08-22 15:32:21.730,15161,15162,15162,14,14
2022-08-22 15:32:22.389,15162,15164,15162,1,-1
2022-08-22 15:32:27.327,15162,15163,15162,4,-4
2022-08-22 15:32:27.399,15161,15162,15162,1,1
2022-08-22 15:32:28.592,15161,15162,15161,9,-9
2022-08-22 15:32:28.592,15161,15162,15161,2,-2
2022-08-22 15:32:28.608,15160,15161,15160,1,-1
2022-08-22 15:32:28.861,15160,15161,15160,9,-9
2022-08-22 15:32:28.861,15160,15161,15160,1,-1
2022-08-22 15:32:28.861,15160,15161,15160,1,-1
2022-08-22 15:32:28.862,15160,15161,15160,4,-4
2022-08-22 15:32:28.862,15160,15161,15160,3,-3
2022-08-22 15:32:29.273,15159,15160,15159,4,-4
2022-08-22 15:32:29.284,15159,15160,15159,1,-1
2022-08-22 15:32:29.654,15158,15159,15158,1,-1
2022-08-22 15:32:29.775,15158,15159,15158,27,-27
2022-08-22 15:32:29.775,15158,15159,15157,33,-33
2022-08-22 15:32:29.776,15158,15159,15157,1,-1
2022-08-22 15:32:29.777,15158,15159,15157,1,-1
2022-08-22 15:32:29.858,15156,15157,15156,3,-3
2022-08-22 15:32:29.933,15156,15157,15156,1,-1
2022-08-22 15:32:29.948,15156,15157,15156,4,-4
2022-08-22 15:32:29.983,15155,15156,15155,2,-2
2022-08-22 15:32:29.984,15155,15156,15155,1,-1
2022-08-22 15:32:29.992,15155,15156,15155,5,-5
2022-08-22 15:32:29.995,15155,15156,15155,1,-1
2022-08-22 15:32:29.998,15155,15156,15155,3,-3
2022-08-22 15:32:29.998,15155,15156,15155,4,-4
2022-08-22 15:32:30.008,15155,15156,15154,1,-1
2022-08-22 15:32:30.010,15155,15156,15154,2,-2
2022-08-22 15:32:30.014,15155,15156,15154,2,-2
2022-08-22 15:32:30.034,15155,15156,15155,2,-2
2022-08-22 15:32:30.048,15155,15156,15155,1,-1
2022-08-22 15:32:30.052,15155,15156,15155,9,-9
2022-08-22 15:32:30.052,15155,15156,15154,9,-9
2022-08-22 15:32:30.053,15155,15156,15154,2,-2
2022-08-22 15:32:30.055,15155,15156,15154,2,-2
2022-08-22 15:32:30.056,15155,15156,15154,1,-1
2022-08-22 15:32:30.056,15155,15156,15153,1,-1
2022-08-22 15:32:30.062,15155,15156,15154,1,-1
2022-08-22 15:32:30.086,15155,15156,15154,3,-3
2022-08-22 15:32:30.096,15155,15156,15154,1,-1
2022-08-22 15:32:30.098,15155,15156,15154,1,-1
2022-08-22 15:32:30.102,15155,15156,15154,3,-3
2022-08-22 15:32:30.105,15154,15155,15154,2,-2
2022-08-22 15:32:30.105,15154,15155,15154,1,-1
2022-08-22 15:32:30.128,15154,15155,15154,3,-3
2022-08-22 15:32:30.128,15154,15155,15153,2,-2
2022-08-22 15:32:30.153,15154,15155,15154,3,-3
2022-08-22 15:32:30.153,15154,15155,15153,5,-5
2022-08-22 15:32:30.160,15154,15155,15153,2,-2
2022-08-22 15:32:30.164,15154,15155,15153,1,-1
2022-08-22 15:32:30.165,15154,15155,15153,1,-1
2022-08-22 15:32:30.165,15154,15155,15153,1,-1
2022-08-22 15:32:30.165,15154,15155,15153,1,-1
2022-08-22 15:32:30.166,15154,15155,15153,1,-1
2022-08-22 15:32:30.166,15154,15155,15153,5,-5
2022-08-22 15:32:30.167,15154,15155,15153,3,-3
2022-08-22 15:32:30.214,15154,15155,15152,4,-4
2022-08-22 15:32:30.228,15154,15155,15152,5,-5
2022-08-22 15:32:30.235,15152,15153,15152,7,-7
2022-08-22 15:32:30.236,15152,15153,15152,10,-10
2022-08-22 15:32:30.236,15152,15153,15152,2,-2
2022-08-22 15:32:30.237,15152,15153,15151,2,-2
2022-08-22 15:32:30.238,15152,15153,15151,1,-1
2022-08-22 15:32:30.238,15152,15153,15151,2,-2
2022-08-22 15:32:30.239,15152,15153,15152,2,-2
2022-08-22 15:32:30.273,15152,15153,15152,1,-1
2022-08-22 15:32:30.277,15152,15153,15152,2,-2
2022-08-22 15:32:30.277,15152,15153,15152,1,-1
2022-08-22 15:32:30.277,15152,15153,15152,1,-1
2022-08-22 15:32:30.283,15152,15153,15152,1,-1
2022-08-22 15:32:30.289,15152,15153,15152,1,-1
2022-08-22 15:32:30.289,15152,15153,15152,1,-1
2022-08-22 15:32:30.291,15152,15153,15152,1,-1
2022-08-22 15:32:30.294,15152,15153,15152,2,-2
2022-08-22 15:32:30.323,15152,15153,15152,2,-2
2022-08-22 15:32:30.339,15152,15153,15152,1,-1
2022-08-22 15:32:30.340,15152,15153,15152,1,-1
2022-08-22 15:32:30.340,15152,15153,15151,4,-4
2022-08-22 15:32:30.340,15152,15153,15152,1,-1
2022-08-22 15:32:30.342,15152,15153,15152,1,-1
2022-08-22 15:32:30.346,15152,15153,15153,8,8
2022-08-22 15:32:30.347,15152,15153,15151,1,-1
2022-08-22 15:32:30.349,15152,15153,15152,1,-1
2022-08-22 15:32:30.349,15152,15153,15152,1,-1
2022-08-22 15:32:30.350,15152,15153,15152,1,-1
2022-08-22 15:32:30.352,15152,15153,15152,1,-1
2022-08-22 15:32:30.362,15152,15153,15152,1,-1
2022-08-22 15:32:30.431,15152,15153,15151,5,-5
2022-08-22 15:32:30.467,15152,15153,15151,2,-2
2022-08-22 15:32:30.476,15152,15153,15151,2,-2
2022-08-22 15:32:30.477,15152,15153,15152,3,-3
2022-08-22 15:32:30.479,15151,15153,15151,1,-1
2022-08-22 15:32:30.560,15151,15153,15151,1,-1
2022-08-22 15:32:30.595,15151,15153,15152,1,-1
2022-08-22 15:32:30.618,15152,15153,15152,3,-3
2022-08-22 15:32:30.618,15152,15153,15151,11,-11
2022-08-22 15:32:30.626,15152,15153,15151,2,-2
2022-08-22 15:32:30.635,15152,15153,15151,1,-1
2022-08-22 15:32:30.646,15152,15153,15151,2,-2
2022-08-22 15:32:30.728,15152,15153,15151,1,-1
2022-08-22 15:32:30.734,15151,15153,15151,2,-2
2022-08-22 15:32:30.770,15151,15153,15152,1,-1
2022-08-22 15:32:30.829,15151,15153,15153,1,1
2022-08-22 15:32:30.829,15151,15153,15153,32,32
2022-08-22 15:32:30.830,15151,15153,15153,4,4
2022-08-22 15:32:30.830,15151,15153,15153,3,3
2022-08-22 15:32:30.839,15151,15153,15153,1,1
2022-08-22 15:32:30.844,15151,15153,15153,1,1
2022-08-22 15:32:30.845,15151,15153,15153,1,1
2022-08-22 15:32:30.858,15153,15154,15153,1,-1
2022-08-22 15:32:30.881,15153,15154,15152,2,-2
2022-08-22 15:32:31.066,15153,15154,15153,1,-1
2022-08-22 15:32:31.066,15153,15154,15152,1,-1
2022-08-22 15:32:31.157,15152,15154,15152,1,-1
2022-08-22 15:32:31.188,15152,15154,15152,2,-2
2022-08-22 15:32:31.276,15152,15154,15153,1,-1
2022-08-22 15:32:31.373,15153,15154,15153,2,-2
2022-08-22 15:32:31.407,15153,15154,15153,2,-2
2022-08-22 15:32:31.441,15153,15154,15153,1,-1
2022-08-22 15:32:31.477,15153,15154,15153,2,-2
2022-08-22 15:32:31.572,15153,15154,15153,2,-2
2022-08-22 15:32:31.575,15153,15154,15152,2,-2
2022-08-22 15:32:31.609,15152,15154,15152,1,-1
2022-08-22 15:32:31.856,15153,15154,15154,1,1
2022-08-22 15:32:31.856,15153,15154,15154,1,1
2022-08-22 15:32:31.887,15153,15154,15153,1,-1
2022-08-22 15:32:32.092,15153,15154,15154,6,6
2022-08-22 15:32:32.093,15153,15154,15154,2,2
2022-08-22 15:32:32.093,15153,15154,15154,1,1
2022-08-22 15:32:32.093,15153,15154,15154,1,1
2022-08-22 15:32:32.093,15153,15154,15154,2,2
2022-08-22 15:32:32.118,15154,15156,15154,1,-1
2022-08-22 15:32:32.358,15154,15156,15154,4,-4
2022-08-22 15:32:32.365,15154,15156,15154,1,-1
2022-08-22 15:32:32.376,15154,15156,15156,1,1
2022-08-22 15:32:32.592,15154,15156,15156,1,1
2022-08-22 15:32:32.728,15154,15156,15154,4,-4
2022-08-22 15:32:32.815,15154,15156,15154,1,-1
2022-08-22 15:32:32.996,15154,15156,15154,2,-2
2022-08-22 15:32:33.034,15154,15156,15156,1,1
2022-08-22 15:32:33.075,15154,15156,15154,1,-1
2022-08-22 15:32:33.152,15154,15156,15154,1,-1
2022-08-22 15:32:33.161,15154,15156,15154,1,-1
2022-08-22 15:32:33.165,15154,15156,15154,1,-1
2022-08-22 15:32:33.295,15154,15156,15154,1,-1
2022-08-22 15:32:35.854,15154,15155,15154,2,-2
2022-08-22 15:32:36.365,15154,15155,15154,1,-1
2022-08-22 15:32:36.522,15154,15155,15154,4,-4
2022-08-22 15:32:36.522,15154,15155,15153,2,-2
2022-08-22 15:32:36.951,15154,15155,15154,1,-1
2022-08-22 15:32:37.297,15153,15155,15154,2,-2
2022-08-22 15:32:37.467,15154,15155,15154,1,-1
2022-08-22 15:32:37.467,15154,15155,15153,13,-13
2022-08-22 15:32:37.818,15153,15154,15154,1,1
2022-08-22 15:32:38.198,15153,15154,15153,1,-1
2022-08-22 15:32:38.260,15153,15154,15154,2,2
2022-08-22 15:32:38.631,15154,15155,15154,2,-2
2022-08-22 15:32:38.631,15154,15155,15153,1,-1
2022-08-22 15:32:40.021,15154,15155,15155,1,1
2022-08-22 15:32:40.186,15154,15155,15154,1,-1
2022-08-22 15:32:40.439,15154,15155,15155,1,1
2022-08-22 15:32:40.794,15154,15155,15155,1,1
2022-08-22 15:32:40.932,15154,15155,15154,1,-1
2022-08-22 15:32:41.184,15154,15155,15154,1,-1
2022-08-22 15:32:42.239,15154,15155,15154,4,-4
2022-08-22 15:32:43.235,15154,15155,15155,1,1
2022-08-22 15:32:43.604,15154,15155,15155,2,2
2022-08-22 15:32:44.139,15154,15155,15155,1,1
2022-08-22 15:32:44.531,15154,15155,15154,1,-1
2022-08-22 15:32:44.946,15154,15155,15154,1,-1
2022-08-22 15:32:45.020,15154,15155,15155,1,1
2022-08-22 15:32:45.056,15154,15155,15154,1,-1
2022-08-22 15:32:49.073,15154,15155,15154,9,-9
2022-08-22 15:32:51.145,15153,15154,15154,1,1
2022-08-22 15:32:51.698,15153,15154,15153,1,-1
2022-08-22 15:32:51.992,15153,15154,15153,10,-10
2022-08-22 15:32:52.285,15152,15153,15153,4,4
2022-08-22 15:32:52.285,15152,15153,15154,5,5
2022-08-22 15:32:52.818,15152,15154,15154,1,1
2022-08-22 15:32:53.900,15153,15155,15155,1,1
2022-08-22 15:32:54.251,15153,15155,15155,1,1
2022-08-22 15:32:54.537,15153,15155,15154,1,1
2022-08-22 15:32:56.295,15154,15155,15154,1,-1
2022-08-22 15:32:57.295,15154,15155,15155,1,1
2022-08-22 15:32:57.743,15154,15155,15154,1,-1
2022-08-22 15:32:58.962,15154,15155,15155,1,1
2022-08-22 15:32:59.032,15154,15155,15154,3,-3
2022-08-22 15:32:59.192,15154,15155,15155,2,2
2022-08-22 15:32:59.193,15154,15155,15154,1,-1
2022-08-22 15:33:00.417,15154,15155,15154,1,-1
2022-08-22 15:33:00.874,15153,15155,15153,1,-1
2022-08-22 15:33:01.354,15153,15155,15154,1,-1
2022-08-22 15:33:01.900,15154,15155,15154,1,-1
2022-08-22 15:33:02.432,15154,15155,15154,1,-1
2022-08-22 15:33:02.442,15154,15155,15154,1,-1
2022-08-22 15:33:02.554,15153,15154,15154,4,4
2022-08-22 15:33:02.554,15153,15154,15154,2,2
2022-08-22 15:33:02.920,15153,15154,15154,4,4
2022-08-22 15:33:02.957,15153,15154,15153,1,-1
2022-08-22 15:33:03.334,15153,15154,15154,1,1
2022-08-22 15:33:04.624,15154,15155,15154,1,-1
2022-08-22 15:33:04.625,15154,15155,15154,1,-1
2022-08-22 15:33:04.625,15154,15155,15154,1,-1
2022-08-22 15:33:04.938,15153,15154,15154,2,2
2022-08-22 15:33:05.247,15153,15154,15153,1,-1
2022-08-22 15:33:08.056,15153,15154,15154,1,1
2022-08-22 15:33:10.175,15153,15154,15154,1,1
2022-08-22 15:33:10.175,15153,15154,15154,1,1
2022-08-22 15:33:10.175,15153,15154,15154,1,1
2022-08-22 15:33:10.175,15153,15154,15154,1,1
2022-08-22 15:33:10.175,15153,15154,15154,1,1
2022-08-22 15:33:10.175,15153,15154,15154,1,1
2022-08-22 15:33:10.970,15154,15155,15154,2,-2
2022-08-22 15:33:13.546,15154,15155,15154,1,-1
2022-08-22 15:33:15.003,15154,15155,15155,1,1
2022-08-22 15:33:15.602,15154,15155,15154,7,-7
2022-08-22 15:33:19.300,15154,15155,15155,1,1
2022-08-22 15:33:19.300,15154,15155,15155,1,1
2022-08-22 15:33:19.300,15154,15155,15155,1,1
2022-08-22 15:33:19.300,15154,15155,15155,4,4
2022-08-22 15:33:19.300,15154,15155,15155,1,1
2022-08-22 15:33:19.300,15154,15155,15155,1,1
2022-08-22 15:33:19.300,15154,15155,15155,1,1
2022-08-22 15:33:19.300,15154,15155,15155,1,1
2022-08-22 15:33:19.300,15154,15155,15155,3,3
2022-08-22 15:33:19.566,15155,15156,15156,1,1
2022-08-22 15:33:21.095,15155,15156,15156,1,1
2022-08-22 15:33:21.780,15155,15156,15155,1,-1
2022-08-22 15:33:21.862,15155,15156,15156,1,1
2022-08-22 15:33:22.346,15155,15157,15157,1,1
2022-08-22 15:33:22.729,15155,15157,15157,1,1
2022-08-22 15:33:22.837,15156,15157,15157,4,4
2022-08-22 15:33:23.104,15156,15157,15156,1,-1
2022-08-22 15:33:23.711,15156,15157,15156,3,-3
2022-08-22 15:33:23.728,15156,15157,15156,1,-1
2022-08-22 15:33:23.860,15155,15156,15156,1,1
2022-08-22 15:33:25.576,15155,15156,15156,1,1
2022-08-22 15:33:25.576,15155,15156,15157,1,1
2022-08-22 15:33:26.112,15155,15156,15156,1,1
2022-08-22 15:33:27.627,15155,15156,15156,1,1
2022-08-22 15:33:30.098,15155,15156,15156,1,1
2022-08-22 15:33:31.486,15155,15156,15155,1,-1
2022-08-22 15:33:32.572,15155,15156,15155,1,-1
2022-08-22 15:33:32.572,15155,15156,15155,9,-9
2022-08-22 15:33:32.584,15155,15156,15154,2,-2
2022-08-22 15:33:32.922,15154,15155,15154,9,-9
2022-08-22 15:33:32.922,15154,15155,15153,15,-15
2022-08-22 15:33:32.924,15154,15155,15153,1,-1
2022-08-22 15:33:34.021,15153,15154,15154,1,1
2022-08-22 15:33:36.054,15153,15154,15153,3,-3
2022-08-22 15:33:36.072,15153,15154,15153,1,-1
2022-08-22 15:33:38.130,15154,15155,15154,1,-1
2022-08-22 15:33:44.557,15154,15155,15154,3,-3
2022-08-22 15:33:44.812,15153,15154,15153,1,-1
2022-08-22 15:33:44.929,15153,15154,15153,1,-1
2022-08-22 15:33:44.931,15153,15154,15153,1,-1
2022-08-22 15:33:44.931,15153,15154,15153,2,-2
2022-08-22 15:33:45.260,15152,15153,15153,1,1
2022-08-22 15:33:46.520,15153,15154,15153,1,-1
2022-08-22 15:33:57.295,15153,15154,15153,1,-1
2022-08-22 15:33:57.848,15153,15154,15153,1,-1
2022-08-22 15:33:58.092,15153,15154,15154,1,1
2022-08-22 15:33:58.621,15153,15154,15153,1,-1
2022-08-22 15:34:00.131,15152,15153,15153,1,1
2022-08-22 15:34:04.415,15152,15153,15152,2,-2
2022-08-22 15:34:05.305,15152,15153,15153,4,4
2022-08-22 15:34:07.328,15153,15154,15153,1,-1
2022-08-22 15:34:09.064,15153,15154,15153,6,-6
2022-08-22 15:34:09.064,15153,15154,15152,4,-4
2022-08-22 15:34:09.107,15153,15154,15153,1,-1
2022-08-22 15:34:10.135,15152,15154,15152,1,-1
2022-08-22 15:34:10.135,15152,15154,15152,1,-1
2022-08-22 15:34:10.135,15152,15154,15152,9,-9
2022-08-22 15:34:10.298,15151,15152,15152,5,5
2022-08-22 15:34:12.583,15152,15154,15152,11,-11
2022-08-22 15:34:12.583,15152,15154,15151,29,-29
2022-08-22 15:34:12.583,15152,15154,15150,60,-60
2022-08-22 15:34:12.586,15152,15154,15150,10,-10
2022-08-22 15:34:12.587,15152,15154,15150,1,-1
2022-08-22 15:34:12.587,15152,15154,15150,1,-1
2022-08-22 15:34:12.588,15152,15154,15150,1,-1
2022-08-22 15:34:12.588,15152,15154,15149,3,-3
2022-08-22 15:34:12.589,15152,15154,15149,1,-1
2022-08-22 15:34:12.589,15152,15154,15149,1,-1
2022-08-22 15:34:12.589,15152,15154,15149,3,-3
2022-08-22 15:34:12.590,15152,15154,15148,1,-1
2022-08-22 15:34:12.590,15152,15154,15148,1,-1
2022-08-22 15:34:12.590,15152,15154,15148,4,-4
2022-08-22 15:34:12.590,15152,15154,15148,1,-1
2022-08-22 15:34:12.590,15152,15154,15148,1,-1
2022-08-22 15:34:12.591,15152,15154,15148,1,-1
2022-08-22 15:34:12.591,15152,15154,15148,1,-1
2022-08-22 15:34:12.591,15152,15154,15148,4,-4
2022-08-22 15:34:12.592,15152,15154,15148,3,-3
2022-08-22 15:34:12.617,15147,15148,15147,1,-1
2022-08-22 15:34:12.617,15147,15148,15147,3,-3
2022-08-22 15:34:12.624,15147,15148,15147,1,-1
2022-08-22 15:34:12.646,15147,15148,15147,1,-1
2022-08-22 15:34:12.654,15147,15148,15147,1,-1
2022-08-22 15:34:12.654,15147,15148,15147,1,-1
2022-08-22 15:34:12.704,15147,15148,15146,1,-1
2022-08-22 15:34:12.711,15147,15148,15146,1,-1
2022-08-22 15:34:12.721,15147,15148,15146,1,-1
2022-08-22 15:34:12.721,15147,15148,15146,1,-1
2022-08-22 15:34:12.721,15147,15148,15146,1,-1
2022-08-22 15:34:12.722,15147,15148,15146,1,-1
2022-08-22 15:34:12.730,15145,15146,15145,2,-2
2022-08-22 15:34:12.742,15145,15146,15145,1,-1
2022-08-22 15:34:12.787,15145,15146,15145,1,-1
2022-08-22 15:34:12.801,15145,15146,15146,1,1
2022-08-22 15:34:12.827,15145,15146,15145,1,-1
2022-08-22 15:34:12.834,15145,15146,15146,1,1
2022-08-22 15:34:12.867,15145,15147,15147,1,1
2022-08-22 15:34:12.915,15145,15147,15147,2,2
2022-08-22 15:34:12.915,15145,15147,15146,2,2
2022-08-22 15:34:12.954,15145,15147,15147,1,1
2022-08-22 15:34:12.962,15145,15147,15147,1,1
2022-08-22 15:34:12.967,15145,15147,15147,1,1
2022-08-22 15:34:13.048,15147,15148,15147,1,-1
2022-08-22 15:34:13.048,15147,15148,15146,1,-1
2022-08-22 15:34:13.052,15147,15148,15148,1,1
2022-08-22 15:34:13.052,15147,15148,15148,1,1
2022-08-22 15:34:13.391,15148,15149,15148,1,-1
2022-08-22 15:34:13.563,15148,15149,15149,1,1
2022-08-22 15:34:13.564,15148,15149,15149,9,9
2022-08-22 15:34:13.638,15149,15150,15149,1,-1
2022-08-22 15:34:13.728,15149,15150,15150,1,1
2022-08-22 15:34:14.207,15150,15151,15150,1,-1
2022-08-22 15:34:15.175,15150,15152,15150,1,-1
2022-08-22 15:34:16.398,15151,15153,15151,1,-1
2022-08-22 15:34:16.634,15151,15153,15152,1,-1
2022-08-22 15:34:16.987,15152,15153,15153,1,1
2022-08-22 15:34:16.988,15152,15153,15153,1,1
2022-08-22 15:34:17.462,15153,15154,15153,6,-6
2022-08-22 15:34:17.740,15153,15154,15153,1,-1
2022-08-22 15:34:17.927,15152,15154,15154,1,1
2022-08-22 15:34:17.927,15152,15154,15153,1,1
2022-08-22 15:34:21.200,15153,15154,15153,3,-3
2022-08-22 15:34:21.680,15152,15154,15152,1,-1
2022-08-22 15:34:22.916,15152,15154,15154,2,2
2022-08-22 15:34:24.060,15153,15154,15154,1,1
2022-08-22 15:34:25.679,15153,15154,15153,3,-3
2022-08-22 15:34:25.684,15153,15154,15154,1,1
2022-08-22 15:34:26.621,15153,15154,15153,3,-3
2022-08-22 15:34:26.621,15153,15154,15152,7,-7
2022-08-22 15:34:26.725,15153,15154,15154,1,1
2022-08-22 15:34:28.799,15152,15154,15153,1,1
2022-08-22 15:34:29.175,15152,15153,15153,1,1
2022-08-22 15:34:29.491,15152,15153,15152,2,-2
2022-08-22 15:34:29.907,15152,15153,15153,1,1
2022-08-22 15:34:29.907,15152,15153,15154,1,1
2022-08-22 15:34:30.110,15152,15154,15154,1,1
2022-08-22 15:34:30.477,15152,15154,15152,9,-9
2022-08-22 15:34:30.477,15152,15154,15151,1,-1
2022-08-22 15:34:34.136,15152,15154,15154,1,1
2022-08-22 15:34:34.481,15152,15153,15152,1,-1
2022-08-22 15:34:34.986,15151,15153,15151,1,-1
2022-08-22 15:34:38.468,15152,15153,15152,2,-2
2022-08-22 15:34:38.468,15152,15153,15151,29,-29
2022-08-22 15:34:38.468,15152,15153,15150,26,-26
2022-08-22 15:34:38.468,15152,15153,15149,20,-20
2022-08-22 15:34:38.471,15152,15153,15149,1,-1
2022-08-22 15:34:38.471,15152,15153,15149,1,-1
2022-08-22 15:34:38.471,15152,15153,15148,1,-1
2022-08-22 15:34:38.471,15152,15153,15148,3,-3
2022-08-22 15:34:38.471,15152,15153,15149,3,-3
2022-08-22 15:34:38.472,15152,15153,15149,2,-2
2022-08-22 15:34:38.472,15152,15153,15149,3,-3
2022-08-22 15:34:38.473,15152,15153,15149,1,-1
2022-08-22 15:34:38.478,15152,15153,15148,1,-1
2022-08-22 15:34:38.479,15152,15153,15148,1,-1
2022-08-22 15:34:38.479,15152,15153,15148,1,-1
2022-08-22 15:34:39.508,15147,15148,15148,5,5
2022-08-22 15:34:39.607,15147,15149,15147,1,-1
2022-08-22 15:34:41.094,15147,15149,15149,1,1
2022-08-22 15:34:42.324,15147,15148,15147,1,-1
2022-08-22 15:34:42.324,15147,15148,15147,1,-1
2022-08-22 15:34:42.325,15147,15148,15147,1,-1
2022-08-22 15:34:42.325,15147,15148,15147,2,-2
2022-08-22 15:34:42.325,15147,15148,15147,1,-1
2022-08-22 15:34:42.862,15146,15147,15146,1,-1
2022-08-22 15:34:42.915,15146,15147,15146,3,-3
2022-08-22 15:34:42.915,15146,15147,15145,7,-7
2022-08-22 15:34:42.929,15146,15147,15145,3,-3
2022-08-22 15:34:43.445,15144,15146,15146,1,1
2022-08-22 15:34:44.090,15144,15145,15144,1,-1
2022-08-22 15:34:44.170,15144,15145,15144,2,-2
2022-08-22 15:34:44.286,15143,15145,15145,1,1
2022-08-22 15:34:46.195,15143,15144,15144,1,1
2022-08-22 15:34:46.233,15143,15145,15143,1,-1
2022-08-22 15:34:46.233,15143,15145,15143,1,-1
2022-08-22 15:34:46.371,15143,15145,15143,1,-1
2022-08-22 15:34:46.386,15143,15145,15143,1,-1
2022-08-22 15:34:46.446,15143,15145,15143,1,-1
2022-08-22 15:34:47.017,15144,15145,15145,1,1
2022-08-22 15:34:47.017,15144,15145,15145,1,1
2022-08-22 15:34:47.017,15144,15145,15145,3,3
2022-08-22 15:34:47.526,15145,15146,15145,2,-2
2022-08-22 15:34:47.526,15145,15146,15144,8,-8
2022-08-22 15:34:48.558,15144,15146,15144,3,-3
2022-08-22 15:34:50.987,15144,15146,15144,1,-1
2022-08-22 15:34:51.182,15144,15146,15146,2,2
2022-08-22 15:34:51.204,15144,15146,15144,1,-1
2022-08-22 15:34:51.750,15144,15146,15144,1,-1
2022-08-22 15:34:54.579,15145,15146,15145,2,-2
2022-08-22 15:34:54.869,15144,15146,15144,1,-1
2022-08-22 15:34:55.263,15144,15145,15144,3,-3
2022-08-22 15:34:55.783,15144,15145,15144,4,-4
2022-08-22 15:34:55.783,15144,15145,15143,6,-6
2022-08-22 15:34:56.220,15143,15144,15143,1,-1
2022-08-22 15:34:56.676,15143,15144,15144,1,1
2022-08-22 15:34:57.486,15143,15145,15145,2,2
2022-08-22 15:34:58.018,15143,15145,15143,1,-1
2022-08-22 15:34:58.290,15143,15145,15144,1,-1
2022-08-22 15:34:58.393,15144,15145,15145,3,3
2022-08-22 15:34:59.052,15144,15145,15144,1,-1
2022-08-22 15:34:59.076,15144,15145,15144,2,-2
2022-08-22 15:34:59.757,15144,15145,15145,1,1
2022-08-22 15:35:00.525,15145,15146,15145,1,-1
2022-08-22 15:35:00.607,15145,15146,15145,1,-1
2022-08-22 15:35:00.607,15145,15146,15144,1,-1
2022-08-22 15:35:00.608,15145,15146,15144,1,-1
2022-08-22 15:35:00.609,15145,15146,15144,1,-1
2022-08-22 15:35:00.609,15145,15146,15144,1,-1
2022-08-22 15:35:00.609,15145,15146,15144,1,-1
2022-08-22 15:35:00.609,15145,15146,15143,1,-1
2022-08-22 15:35:00.609,15145,15146,15143,2,-2
2022-08-22 15:35:00.610,15145,15146,15143,1,-1
2022-08-22 15:35:00.610,15145,15146,15143,1,-1
2022-08-22 15:35:00.610,15145,15146,15143,1,-1
2022-08-22 15:35:00.610,15145,15146,15143,2,-2
2022-08-22 15:35:00.611,15145,15146,15143,2,-2
2022-08-22 15:35:00.611,15145,15146,15143,1,-1
2022-08-22 15:35:00.612,15145,15146,15143,1,-1
2022-08-22 15:35:00.612,15145,15146,15142,1,-1
2022-08-22 15:35:00.734,15143,15145,15143,7,-7
2022-08-22 15:35:00.734,15143,15145,15143,12,-12
2022-08-22 15:35:00.735,15143,15145,15143,1,-1
2022-08-22 15:35:00.844,15143,15145,15143,1,-1
2022-08-22 15:35:00.844,15143,15145,15142,3,-3
2022-08-22 15:35:00.863,15142,15144,15142,1,-1
2022-08-22 15:35:01.008,15142,15144,15142,2,-2
2022-08-22 15:35:01.047,15142,15144,15142,1,-1
2022-08-22 15:35:01.056,15142,15144,15142,1,-1
2022-08-22 15:35:01.063,15142,15144,15142,1,-1
2022-08-22 15:35:01.075,15142,15144,15141,1,-1
2022-08-22 15:35:01.103,15142,15144,15141,2,-2
2022-08-22 15:35:01.108,15141,15143,15141,1,-1
2022-08-22 15:35:01.108,15141,15143,15141,1,-1
2022-08-22 15:35:01.108,15141,15143,15141,3,-3
2022-08-22 15:35:01.108,15141,15143,15141,4,-4
2022-08-22 15:35:01.109,15141,15143,15141,2,-2
2022-08-22 15:35:01.112,15141,15143,15140,1,-1
2022-08-22 15:35:01.158,15141,15143,15140,1,-1
2022-08-22 15:35:01.202,15141,15143,15140,1,-1
2022-08-22 15:35:01.206,15141,15143,15142,4,-4
2022-08-22 15:35:01.207,15141,15143,15142,9,-9
2022-08-22 15:35:01.222,15141,15143,15142,1,-1
2022-08-22 15:35:01.229,15142,15143,15142,1,-1
2022-08-22 15:35:01.229,15142,15143,15141,1,-1
2022-08-22 15:35:01.241,15142,15143,15141,1,-1
2022-08-22 15:35:01.262,15142,15143,15142,3,-3
2022-08-22 15:35:01.271,15142,15143,15143,2,2
2022-08-22 15:35:01.271,15142,15143,15143,2,2
2022-08-22 15:35:01.290,15142,15143,15142,2,-2
2022-08-22 15:35:01.364,15141,15143,15141,1,-1
2022-08-22 15:35:01.426,15141,15143,15143,1,1
2022-08-22 15:35:01.486,15141,15143,15141,2,-2
2022-08-22 15:35:01.521,15141,15143,15141,1,-1
2022-08-22 15:35:01.546,15141,15143,15141,1,-1
2022-08-22 15:35:01.590,15141,15143,15141,2,-2
2022-08-22 15:35:01.629,15141,15143,15143,4,4
2022-08-22 15:35:01.828,15142,15144,15142,1,-1
2022-08-22 15:35:01.845,15142,15144,15143,1,-1
2022-08-22 15:35:01.870,15143,15144,15143,2,-2
2022-08-22 15:35:02.116,15143,15144,15144,1,1
2022-08-22 15:35:02.169,15143,15144,15143,1,-1
2022-08-22 15:35:02.366,15143,15145,15144,1,-1
2022-08-22 15:35:02.788,15143,15145,15143,1,-1
2022-08-22 15:35:03.624,15144,15145,15144,2,-2
2022-08-22 15:35:03.624,15144,15145,15143,1,-1
2022-08-22 15:35:03.995,15144,15145,15145,2,2
2022-08-22 15:35:04.902,15144,15146,15144,9,-9
2022-08-22 15:35:04.902,15144,15146,15143,3,-3
2022-08-22 15:35:08.179,15144,15145,15144,1,-1
2022-08-22 15:35:10.700,15143,15144,15144,1,1
2022-08-22 15:35:10.732,15143,15145,15143,1,-1
2022-08-22 15:35:10.732,15143,15145,15143,1,-1
2022-08-22 15:35:10.732,15143,15145,15143,1,-1
2022-08-22 15:35:10.733,15143,15145,15142,1,-1
2022-08-22 15:35:10.733,15143,15145,15142,1,-1
2022-08-22 15:35:10.733,15143,15145,15142,1,-1
2022-08-22 15:35:10.733,15143,15145,15142,1,-1
2022-08-22 15:35:11.215,15142,15144,15142,2,-2
2022-08-22 15:35:11.511,15141,15143,15141,10,-10
2022-08-22 15:35:12.701,15142,15144,15142,2,-2
2022-08-22 15:35:14.921,15142,15144,15142,4,-4
2022-08-22 15:35:15.601,15141,15143,15141,1,-1
2022-08-22 15:35:15.928,15142,15143,15142,1,-1
2022-08-22 15:35:16.342,15141,15143,15142,1,-1
2022-08-22 15:35:17.241,15141,15142,15142,1,1
2022-08-22 15:35:17.572,15142,15143,15142,2,-2
2022-08-22 15:35:17.572,15142,15143,15141,7,-7
2022-08-22 15:35:19.193,15141,15142,15142,3,3
2022-08-22 15:35:19.232,15141,15143,15141,1,-1
2022-08-22 15:35:19.233,15141,15143,15141,1,-1
2022-08-22 15:35:19.236,15141,15143,15141,1,-1
2022-08-22 15:35:19.336,15141,15143,15142,1,-1
2022-08-22 15:35:19.398,15141,15142,15142,1,1
2022-08-22 15:35:20.962,15141,15143,15143,1,1
2022-08-22 15:35:22.345,15142,15144,15142,1,-1
2022-08-22 15:35:24.934,15142,15144,15142,4,-4
2022-08-22 15:35:25.772,15142,15144,15144,1,1
2022-08-22 15:35:25.800,15142,15144,15144,4,4
2022-08-22 15:35:25.809,15142,15144,15145,1,1
2022-08-22 15:35:25.847,15142,15144,15145,1,1
2022-08-22 15:35:25.924,15143,15145,15143,4,-4
2022-08-22 15:35:26.005,15143,15145,15143,1,-1
2022-08-22 15:35:26.432,15142,15144,15143,1,-1
2022-08-22 15:35:26.451,15142,15144,15143,1,-1
2022-08-22 15:35:26.452,15142,15144,15143,2,-2
2022-08-22 15:35:26.466,15142,15144,15142,2,-2
2022-08-22 15:35:28.114,15142,15143,15143,1,1
2022-08-22 15:35:28.232,15142,15143,15142,1,-1
2022-08-22 15:35:28.232,15142,15143,15141,1,-1
2022-08-22 15:35:28.232,15142,15143,15141,1,-1
2022-08-22 15:35:28.232,15142,15143,15141,1,-1
2022-08-22 15:35:28.232,15142,15143,15141,1,-1
2022-08-22 15:35:28.238,15142,15143,15141,1,-1
2022-08-22 15:35:31.458,15142,15143,15143,8,8
2022-08-22 15:35:31.961,15142,15143,15142,1,-1
2022-08-22 15:35:34.715,15142,15143,15143,2,2
2022-08-22 15:35:35.073,15142,15144,15143,1,1
2022-08-22 15:35:35.073,15142,15144,15142,4,-4
2022-08-22 15:35:35.224,15142,15144,15143,1,-1
2022-08-22 15:35:35.285,15142,15144,15144,2,2
2022-08-22 15:35:35.611,15143,15145,15143,1,-1
2022-08-22 15:35:36.105,15142,15144,15143,1,-1
2022-08-22 15:35:36.232,15142,15144,15142,1,-1
2022-08-22 15:35:38.921,15143,15144,15144,1,1
2022-08-22 15:35:40.441,15143,15144,15143,1,-1
2022-08-22 15:35:40.487,15143,15144,15143,1,-1
2022-08-22 15:35:41.616,15143,15144,15144,1,1
2022-08-22 15:35:41.765,15143,15145,15143,3,-3
2022-08-22 15:35:43.407,15143,15144,15144,1,1
2022-08-22 15:35:44.408,15143,15145,15145,1,1
2022-08-22 15:35:44.782,15143,15145,15145,2,2
2022-08-22 15:35:45.406,15143,15145,15145,1,1
2022-08-22 15:35:45.482,15143,15145,15143,1,-1
2022-08-22 15:35:45.896,15143,15145,15145,1,1
2022-08-22 15:35:47.160,15143,15145,15143,1,-1
2022-08-22 15:35:47.481,15143,15145,15143,1,-1
2022-08-22 15:35:49.663,15143,15145,15145,2,2
2022-08-22 15:35:49.679,15143,15145,15145,2,2
2022-08-22 15:35:50.542,15143,15145,15144,1,1
2022-08-22 15:35:51.651,15143,15145,15145,6,6
2022-08-22 15:35:51.652,15143,15145,15145,5,5
2022-08-22 15:35:51.768,15145,15146,15145,2,-2
2022-08-22 15:35:51.867,15145,15146,15145,1,-1
2022-08-22 15:35:53.313,15145,15146,15146,1,1
2022-08-22 15:35:53.734,15145,15146,15145,1,-1
2022-08-22 15:35:53.764,15145,15146,15146,3,3
2022-08-22 15:35:56.815,15145,15146,15146,1,1
2022-08-22 15:35:59.919,15145,15146,15145,1,-1
2022-08-22 15:35:59.982,15145,15146,15145,1,-1
2022-08-22 15:36:01.828,15144,15146,15146,1,1
2022-08-22 15:36:01.828,15144,15146,15146,1,1
2022-08-22 15:36:02.024,15145,15146,15146,1,1
2022-08-22 15:36:02.479,15145,15147,15147,1,1
2022-08-22 15:36:04.340,15146,15147,15147,1,1
2022-08-22 15:36:09.489,15147,15148,15147,1,-1
2022-08-22 15:36:09.718,15146,15148,15147,1,-1
2022-08-22 15:36:09.782,15146,15147,15147,1,1
2022-08-22 15:36:11.936,15147,15149,15149,1,1
2022-08-22 15:36:12.422,15147,15149,15149,2,2
2022-08-22 15:36:12.677,15147,15149,15149,1,1
2022-08-22 15:36:12.965,15147,15149,15149,1,1
2022-08-22 15:36:13.137,15147,15149,15149,1,1
2022-08-22 15:36:16.431,15148,15149,15149,1,1
2022-08-22 15:36:17.353,15148,15149,15149,1,1
2022-08-22 15:36:18.153,15148,15149,15149,1,1
2022-08-22 15:36:19.679,15148,15149,15149,4,4
2022-08-22 15:36:19.679,15148,15149,15149,4,4
2022-08-22 15:36:19.680,15148,15149,15149,4,4
2022-08-22 15:36:20.428,15149,15150,15149,1,-1
2022-08-22 15:36:24.207,15149,15150,15149,1,-1
2022-08-22 15:36:25.644,15149,15150,15150,2,2
2022-08-22 15:36:25.645,15149,15150,15150,5,5
2022-08-22 15:36:25.786,15150,15151,15151,2,2
2022-08-22 15:36:26.009,15150,15151,15151,1,1
2022-08-22 15:36:28.975,15150,15151,15151,4,4
2022-08-22 15:36:29.246,15150,15151,15151,1,1
2022-08-22 15:36:29.520,15150,15151,15151,7,7
2022-08-22 15:36:29.806,15150,15152,15152,2,2
2022-08-22 15:36:29.934,15150,15152,15152,1,1
2022-08-22 15:36:30.070,15150,15152,15152,1,1
2022-08-22 15:36:30.715,15150,15152,15152,1,1
2022-08-22 15:36:30.772,15150,15152,15152,5,5
2022-08-22 15:36:32.612,15150,15152,15152,1,1
2022-08-22 15:36:33.871,15150,15152,15152,1,1
2022-08-22 15:36:33.989,15150,15152,15152,3,3
2022-08-22 15:36:35.968,15150,15151,15151,1,1
2022-08-22 15:36:37.044,15150,15151,15151,1,1
2022-08-22 15:36:37.577,15150,15151,15151,1,1
2022-08-22 15:36:38.170,15150,15151,15151,3,3
2022-08-22 15:36:38.170,15150,15151,15152,2,2
2022-08-22 15:36:40.169,15150,15152,15152,1,1
2022-08-22 15:36:42.859,15151,15152,15152,2,2
2022-08-22 15:36:42.859,15151,15152,15152,1,1
2022-08-22 15:36:43.911,15151,15152,15152,1,1
2022-08-22 15:36:44.229,15151,15153,15153,5,5
2022-08-22 15:36:45.479,15151,15153,15151,1,-1
2022-08-22 15:36:54.508,15151,15152,15151,2,-2
