2019-11-01 15:00:00.000,11371,11373,11371,43,-43
2019-11-01 15:00:00.000,11371,11372,11371,3,-3
2019-11-01 15:00:00.000,11370,11372,11370,1,-1
2019-11-01 15:00:00.000,11370,11372,11370,1,-1
2019-11-01 15:00:00.000,11370,11372,11370,1,-1
2019-11-01 15:00:00.000,11370,11372,11370,1,-1
2019-11-01 15:00:00.000,11370,11372,11371,1,1
2019-11-01 15:00:00.000,11370,11372,11370,1,-1
2019-11-01 15:00:00.000,11370,11372,11372,2,2
2019-11-01 15:00:00.000,11370,11373,11373,2,2
2019-11-01 15:00:00.000,11370,11373,11373,1,1
2019-11-01 15:00:00.000,11370,11373,11373,2,2
2019-11-01 15:00:00.000,11370,11373,11372,1,-1
2019-11-01 15:00:00.000,11370,11372,11373,1,1
2019-11-01 15:00:00.000,11370,11372,11372,1,1
2019-11-01 15:00:00.000,11372,11373,11372,1,-1
2019-11-01 15:00:00.000,11372,11373,11373,2,2
2019-11-01 15:00:00.000,11372,11373,11373,1,1
2019-11-01 15:00:01.000,11371,11373,11373,2,2
2019-11-01 15:00:01.000,11371,11373,11373,2,2
2019-11-01 15:00:01.000,11371,11373,11371,1,-1
2019-11-01 15:00:01.000,11371,11373,11373,2,2
2019-11-01 15:00:01.000,11371,11374,11371,1,-1
2019-11-01 15:00:01.000,11371,11374,11373,1,1
2019-11-01 15:00:01.000,11371,11374,11373,1,-1
2019-11-01 15:00:01.000,11372,11373,11373,2,2
2019-11-01 15:00:01.000,11372,11373,11373,1,1
2019-11-01 15:00:01.000,11372,11373,11374,1,1
2019-11-01 15:00:01.000,11372,11374,11374,4,4
2019-11-01 15:00:01.000,11372,11374,11374,1,1
2019-11-01 15:00:03.000,11372,11374,11372,1,-1
2019-11-01 15:00:03.000,11372,11374,11372,3,-3
2019-11-01 15:00:03.000,11372,11374,11373,1,1
2019-11-01 15:00:05.000,11373,11374,11373,2,-2
2019-11-01 15:00:05.000,11373,11374,11373,2,-2
2019-11-01 15:00:07.000,11372,11373,11373,1,1
2019-11-01 15:00:07.000,11372,11373,11372,2,-2
2019-11-01 15:00:08.000,11371,11373,11373,2,2
2019-11-01 15:00:13.000,11371,11372,11372,3,3
2019-11-01 15:00:14.000,11371,11372,11372,1,1
2019-11-01 15:00:14.000,11371,11372,11372,1,1
2019-11-01 15:00:14.000,11371,11372,11372,1,1
2019-11-01 15:00:15.000,11371,11372,11371,1,-1
2019-11-01 15:00:16.000,11371,11372,11371,2,-2
2019-11-01 15:00:16.000,11371,11372,11371,1,-1
2019-11-01 15:00:29.000,11371,11372,11371,2,-2
2019-11-01 15:00:29.000,11371,11372,11371,2,-2
2019-11-01 15:00:30.000,11370,11372,11370,1,-1
2019-11-01 15:00:30.000,11370,11371,11371,1,1
2019-11-01 15:00:36.000,11370,11371,11371,1,1
2019-11-01 15:00:42.000,11370,11371,11371,1,1
2019-11-01 15:00:56.000,11370,11371,11370,1,-1
2019-11-01 15:00:56.000,11370,11371,11370,1,-1
2019-11-01 15:01:00.000,11370,11371,11370,14,-14
2019-11-01 15:01:00.000,11369,11371,11369,3,-3
2019-11-01 15:01:00.000,11369,11370,11369,1,-1
2019-11-01 15:01:01.000,11369,11370,11370,1,1
2019-11-01 15:01:02.000,11369,11370,11370,1,1
2019-11-01 15:01:08.000,11369,11370,11369,2,-2
2019-11-01 15:01:12.000,11369,11370,11370,1,1
2019-11-01 15:01:13.000,11369,11370,11369,1,-1
2019-11-01 15:01:13.000,11369,11370,11369,1,-1
2019-11-01 15:01:14.000,11369,11370,11370,1,1
2019-11-01 15:01:20.000,11369,11370,11369,1,-1
2019-11-01 15:01:22.000,11369,11370,11369,1,-1
2019-11-01 15:01:30.000,11369,11370,11369,1,-1
2019-11-01 15:01:30.000,11369,11370,11370,1,1
2019-11-01 15:01:45.000,11369,11370,11369,1,-1
2019-11-01 15:01:47.000,11369,11370,11370,1,1
2019-11-01 15:01:50.000,11369,11370,11370,1,1
2019-11-01 15:02:00.000,11369,11370,11370,3,3
2019-11-01 15:02:01.000,11369,11370,11370,1,1
2019-11-01 15:02:01.000,11369,11370,11370,3,3
2019-11-01 15:02:11.000,11369,11370,11369,1,-1
2019-11-01 15:02:15.000,11369,11370,11370,1,1
2019-11-01 15:02:15.000,11369,11370,11370,1,1
2019-11-01 15:02:15.000,11369,11370,11369,4,-4
2019-11-01 15:02:16.000,11369,11370,11370,3,3
2019-11-01 15:02:20.000,11369,11370,11370,1,1
2019-11-01 15:02:27.000,11369,11370,11369,1,-1
2019-11-01 15:02:44.000,11369,11370,11369,1,-1
2019-11-01 15:02:45.000,11369,11370,11370,1,1
2019-11-01 15:02:52.000,11369,11370,11369,1,-1
2019-11-01 15:02:53.000,11369,11370,11370,5,5
2019-11-01 15:02:55.000,11370,11371,11371,2,2
2019-11-01 15:03:04.000,11370,11371,11370,5,-5
2019-11-01 15:03:04.000,11370,11371,11370,1,-1
2019-11-01 15:03:05.000,11369,11371,11371,1,1
2019-11-01 15:03:16.000,11369,11370,11370,1,1
2019-11-01 15:03:20.000,11369,11370,11370,1,1
2019-11-01 15:03:21.000,11369,11370,11370,1,1
2019-11-01 15:03:24.000,11369,11370,11368,41,-41
2019-11-01 15:03:24.000,11369,11370,11369,9,9
2019-11-01 15:03:24.000,11369,11370,11369,1,-1
2019-11-01 15:03:24.000,11368,11369,11368,5,-5
2019-11-01 15:03:24.000,11368,11369,11368,2,-2
2019-11-01 15:03:24.000,11368,11369,11368,5,-5
2019-11-01 15:03:24.000,11368,11369,11368,2,-2
2019-11-01 15:03:42.000,11367,11368,11368,2,2
2019-11-01 15:03:43.000,11367,11368,11368,1,1
2019-11-01 15:03:45.000,11367,11368,11367,1,-1
2019-11-01 15:03:47.000,11367,11368,11367,1,-1
2019-11-01 15:03:47.000,11367,11368,11367,1,-1
2019-11-01 15:03:48.000,11367,11368,11367,1,-1
2019-11-01 15:03:48.000,11367,11368,11367,1,-1
2019-11-01 15:03:50.000,11367,11368,11367,1,-1
2019-11-01 15:03:51.000,11367,11368,11367,1,-1
2019-11-01 15:03:52.000,11367,11368,11367,1,-1
2019-11-01 15:03:56.000,11367,11368,11367,1,-1
2019-11-01 15:04:03.000,11367,11368,11368,2,2
2019-11-01 15:04:10.000,11367,11368,11368,1,1
2019-11-01 15:04:10.000,11367,11368,11368,4,4
2019-11-01 15:04:11.000,11367,11368,11368,1,1
2019-11-01 15:04:14.000,11367,11368,11368,2,2
2019-11-01 15:04:14.000,11367,11368,11367,1,-1
2019-11-01 15:04:14.000,11367,11368,11368,1,1
2019-11-01 15:04:15.000,11367,11368,11367,2,-2
2019-11-01 15:04:18.000,11367,11368,11367,7,-7
2019-11-01 15:04:18.000,11367,11368,11367,1,-1
2019-11-01 15:04:18.000,11367,11368,11367,1,-1
2019-11-01 15:04:23.000,11367,11368,11367,2,-2
2019-11-01 15:04:26.000,11367,11368,11367,1,-1
2019-11-01 15:04:27.000,11367,11368,11367,1,-1
2019-11-01 15:04:28.000,11367,11368,11367,2,-2
2019-11-01 15:04:29.000,11367,11368,11367,1,-1
2019-11-01 15:04:43.000,11367,11368,11368,4,4
2019-11-01 15:04:46.000,11367,11368,11367,1,-1
2019-11-01 15:05:02.000,11367,11368,11368,1,1
2019-11-01 15:05:03.000,11367,11368,11368,1,1
2019-11-01 15:05:03.000,11367,11368,11368,1,1
2019-11-01 15:05:03.000,11367,11368,11368,2,2
2019-11-01 15:05:03.000,11367,11368,11368,7,7
2019-11-01 15:05:03.000,11367,11368,11368,3,3
2019-11-01 15:05:04.000,11368,11369,11368,4,-4
2019-11-01 15:05:06.000,11368,11369,11369,1,1
2019-11-01 15:05:07.000,11368,11369,11369,1,1
2019-11-01 15:05:09.000,11369,11370,11369,3,-3
2019-11-01 15:05:11.000,11369,11370,11370,2,2
2019-11-01 15:05:14.000,11369,11370,11370,9,9
2019-11-01 15:05:16.000,11370,11371,11370,1,-1
2019-11-01 15:05:25.000,11369,11370,11370,1,1
2019-11-01 15:05:26.000,11369,11370,11369,1,-1
2019-11-01 15:05:27.000,11369,11370,11370,1,1
2019-11-01 15:05:29.000,11369,11370,11370,1,1
2019-11-01 15:05:36.000,11369,11370,11370,1,1
2019-11-01 15:05:38.000,11369,11370,11369,5,-5
2019-11-01 15:05:39.000,11369,11370,11369,1,-1
2019-11-01 15:05:45.000,11369,11370,11370,1,1
2019-11-01 15:06:06.000,11369,11370,11370,1,1
2019-11-01 15:06:06.000,11369,11370,11370,1,1
2019-11-01 15:06:18.000,11369,11370,11369,5,-5
2019-11-01 15:06:30.000,11369,11370,11369,1,-1
2019-11-01 15:06:33.000,11369,11370,11369,1,-1
2019-11-01 15:06:35.000,11369,11370,11369,2,-2
2019-11-01 15:07:02.000,11369,11370,11370,5,5
2019-11-01 15:07:02.000,11369,11370,11370,4,4
2019-11-01 15:07:02.000,11369,11370,11370,1,1
2019-11-01 15:07:36.000,11370,11371,11371,4,4
2019-11-01 15:07:39.000,11370,11371,11370,2,-2
2019-11-01 15:07:39.000,11370,11371,11371,1,1
2019-11-01 15:07:42.000,11370,11371,11371,1,1
2019-11-01 15:07:42.000,11370,11371,11370,1,-1
2019-11-01 15:08:17.000,11370,11371,11370,1,-1
2019-11-01 15:08:20.000,11370,11371,11371,1,1
2019-11-01 15:08:28.000,11370,11371,11371,1,1
2019-11-01 15:08:31.000,11370,11371,11371,1,1
2019-11-01 15:08:54.000,11370,11371,11371,1,1
2019-11-01 15:09:06.000,11370,11371,11370,1,-1
2019-11-01 15:09:07.000,11370,11371,11371,1,1
2019-11-01 15:09:07.000,11370,11371,11371,1,1
2019-11-01 15:09:07.000,11370,11371,11371,2,2
2019-11-01 15:09:38.000,11370,11371,11371,1,1
2019-11-01 15:10:09.000,11370,11371,11370,1,-1
2019-11-01 15:10:10.000,11370,11371,11371,1,1
2019-11-01 15:10:11.000,11370,11371,11371,1,1
2019-11-01 15:10:11.000,11370,11371,11371,1,1
2019-11-01 15:10:11.000,11370,11371,11371,2,2
2019-11-01 15:10:11.000,11370,11371,11371,1,1
2019-11-01 15:10:11.000,11370,11371,11370,9,-9
2019-11-01 15:10:11.000,11370,11371,11371,2,2
2019-11-01 15:10:11.000,11370,11371,11371,1,1
2019-11-01 15:10:11.000,11370,11371,11371,2,2
2019-11-01 15:10:11.000,11370,11371,11371,1,1
2019-11-01 15:10:11.000,11370,11371,11371,1,1
2019-11-01 15:10:11.000,11370,11371,11371,1,1
2019-11-01 15:10:11.000,11370,11371,11371,1,1
2019-11-01 15:10:12.000,11370,11371,11371,1,1
2019-11-01 15:10:12.000,11370,11371,11371,1,1
2019-11-01 15:10:17.000,11370,11371,11371,1,1
2019-11-01 15:10:25.000,11370,11371,11371,1,1
2019-11-01 15:10:34.000,11370,11371,11370,1,-1
2019-11-01 15:10:46.000,11370,11371,11370,1,-1
2019-11-01 15:11:02.000,11370,11371,11370,1,-1
2019-11-01 15:11:09.000,11370,11371,11371,2,2
2019-11-01 15:11:13.000,11370,11371,11370,1,-1
2019-11-01 15:11:17.000,11370,11371,11371,1,1
2019-11-01 15:11:21.000,11370,11371,11370,1,-1
2019-11-01 15:11:21.000,11370,11371,11370,5,-5
2019-11-01 15:12:02.000,11369,11370,11369,2,-2
2019-11-01 15:12:16.000,11369,11370,11369,1,-1
2019-11-01 15:12:27.000,11369,11370,11370,5,5
2019-11-01 15:12:52.000,11369,11370,11370,1,1
2019-11-01 15:12:55.000,11369,11370,11370,1,1
2019-11-01 15:13:00.000,11370,11371,11370,1,-1
2019-11-01 15:13:02.000,11369,11370,11370,4,4
2019-11-01 15:13:05.000,11370,11371,11370,2,-2
2019-11-01 15:13:09.000,11370,11371,11370,1,-1
2019-11-01 15:13:14.000,11369,11370,11370,4,4
2019-11-01 15:13:14.000,11369,11370,11370,1,1
2019-11-01 15:13:14.000,11369,11370,11369,3,-3
2019-11-01 15:13:24.000,11369,11370,11369,1,-1
2019-11-01 15:13:28.000,11369,11370,11369,1,-1
2019-11-01 15:13:30.000,11369,11370,11369,1,-1
2019-11-01 15:13:38.000,11369,11370,11369,2,-2
2019-11-01 15:13:44.000,11369,11370,11369,5,-5
2019-11-01 15:13:44.000,11369,11370,11369,1,-1
2019-11-01 15:13:49.000,11369,11370,11369,2,-2
2019-11-01 15:13:58.000,11369,11370,11369,10,-10
2019-11-01 15:14:06.000,11369,11370,11369,1,-1
2019-11-01 15:15:24.000,11369,11370,11369,1,-1
2019-11-01 15:15:29.000,11369,11370,11369,1,-1
2019-11-01 15:15:40.000,11369,11370,11369,1,-1
2019-11-01 15:15:43.000,11369,11370,11370,2,2
2019-11-01 15:15:45.000,11369,11370,11370,2,2
2019-11-01 15:15:45.000,11369,11370,11370,2,2
2019-11-01 15:15:46.000,11369,11370,11370,2,2
2019-11-01 15:15:46.000,11369,11370,11370,3,3
2019-11-01 15:15:46.000,11369,11370,11370,3,3
2019-11-01 15:15:49.000,11369,11370,11370,2,2
2019-11-01 15:15:59.000,11369,11370,11370,1,1
2019-11-01 15:16:07.000,11369,11370,11370,1,1
2019-11-01 15:16:32.000,11370,11371,11371,1,1
2019-11-01 15:16:34.000,11370,11371,11370,3,-3
2019-11-01 15:17:39.000,11370,11371,11371,1,1
2019-11-01 15:17:43.000,11370,11371,11371,1,1
2019-11-01 15:17:53.000,11370,11371,11370,5,-5
2019-11-01 15:17:53.000,11370,11371,11370,1,-1
2019-11-01 15:18:02.000,11369,11370,11369,3,-3
2019-11-01 15:18:07.000,11369,11370,11369,11,-11
2019-11-01 15:18:36.000,11368,11369,11368,10,-10
2019-11-01 15:18:36.000,11368,11369,11368,3,-3
2019-11-01 15:18:36.000,11368,11369,11368,9,-9
2019-11-01 15:18:36.000,11368,11369,11368,1,-1
2019-11-01 15:18:36.000,11368,11369,11368,3,-3
2019-11-01 15:18:40.000,11367,11369,11369,1,1
2019-11-01 15:19:02.000,11367,11368,11367,5,-5
2019-11-01 15:19:03.000,11367,11368,11368,1,1
2019-11-01 15:19:17.000,11367,11368,11368,5,5
2019-11-01 15:19:17.000,11367,11368,11368,1,1
2019-11-01 15:19:22.000,11367,11368,11368,1,1
2019-11-01 15:19:26.000,11367,11368,11368,1,1
2019-11-01 15:19:27.000,11368,11369,11368,2,-2
2019-11-01 15:19:30.000,11367,11368,11368,1,1
2019-11-01 15:19:32.000,11367,11368,11368,1,1
2019-11-01 15:19:33.000,11367,11368,11368,1,1
2019-11-01 15:19:33.000,11367,11369,11369,4,4
2019-11-01 15:19:37.000,11368,11369,11369,1,1
2019-11-01 15:19:38.000,11368,11369,11368,1,-1
2019-11-01 15:19:43.000,11367,11368,11368,2,2
2019-11-01 15:19:45.000,11367,11368,11368,1,1
2019-11-01 15:20:10.000,11368,11369,11368,2,-2
2019-11-01 15:20:24.000,11368,11369,11368,1,-1
2019-11-01 15:20:48.000,11368,11369,11368,6,-6
2019-11-01 15:20:49.000,11368,11369,11368,5,-5
2019-11-01 15:20:50.000,11368,11369,11368,1,-1
2019-11-01 15:21:18.000,11367,11368,11368,1,1
2019-11-01 15:21:18.000,11367,11369,11367,2,-2
2019-11-01 15:21:20.000,11367,11368,11368,1,1
2019-11-01 15:21:25.000,11367,11368,11367,1,-1
2019-11-01 15:21:31.000,11367,11368,11367,1,-1
2019-11-01 15:21:33.000,11367,11368,11368,1,1
2019-11-01 15:21:36.000,11367,11368,11368,1,1
2019-11-01 15:21:38.000,11367,11368,11368,1,1
2019-11-01 15:21:42.000,11367,11368,11368,1,1
2019-11-01 15:21:43.000,11367,11368,11367,2,-2
2019-11-01 15:22:02.000,11367,11368,11367,1,-1
2019-11-01 15:22:04.000,11367,11368,11367,1,-1
2019-11-01 15:22:09.000,11367,11368,11367,1,-1
2019-11-01 15:22:13.000,11367,11368,11367,1,-1
2019-11-01 15:22:20.000,11367,11368,11368,1,1
2019-11-01 15:22:23.000,11367,11368,11367,1,-1
2019-11-01 15:22:30.000,11367,11368,11367,2,-2
2019-11-01 15:22:36.000,11367,11368,11367,13,-13
2019-11-01 15:22:37.000,11367,11368,11367,1,-1
2019-11-01 15:22:37.000,11367,11368,11367,2,-2
2019-11-01 15:22:42.000,11367,11368,11367,1,-1
2019-11-01 15:22:48.000,11366,11367,11367,1,1
2019-11-01 15:23:05.000,11366,11367,11367,1,1
2019-11-01 15:23:07.000,11366,11367,11366,1,-1
2019-11-01 15:23:08.000,11366,11367,11366,1,-1
2019-11-01 15:23:18.000,11366,11367,11366,1,-1
2019-11-01 15:23:27.000,11366,11367,11367,1,1
2019-11-01 15:23:35.000,11366,11367,11367,1,1
2019-11-01 15:23:40.000,11366,11367,11367,1,1
2019-11-01 15:23:45.000,11366,11367,11367,1,1
2019-11-01 15:23:48.000,11366,11367,11366,2,-2
2019-11-01 15:23:49.000,11366,11367,11367,1,1
2019-11-01 15:23:55.000,11366,11367,11367,1,1
2019-11-01 15:23:58.000,11366,11367,11367,1,1
2019-11-01 15:23:59.000,11366,11367,11367,1,1
2019-11-01 15:24:39.000,11366,11367,11367,2,2
2019-11-01 15:24:41.000,11366,11367,11366,6,-6
2019-11-01 15:24:41.000,11366,11367,11366,9,-9
2019-11-01 15:24:41.000,11366,11367,11366,4,-4
2019-11-01 15:24:41.000,11366,11367,11366,1,-1
2019-11-01 15:24:41.000,11366,11367,11366,1,-1
2019-11-01 15:24:41.000,11366,11367,11366,3,-3
2019-11-01 15:24:41.000,11366,11367,11366,3,-3
2019-11-01 15:24:41.000,11366,11367,11366,1,-1
2019-11-01 15:24:41.000,11365,11366,11365,6,-6
2019-11-01 15:24:41.000,11365,11366,11366,5,5
2019-11-01 15:24:52.000,11365,11366,11365,1,-1
2019-11-01 15:25:01.000,11365,11366,11365,5,-5
2019-11-01 15:25:03.000,11365,11366,11365,1,-1
2019-11-01 15:25:05.000,11365,11366,11365,1,-1
2019-11-01 15:25:06.000,11365,11366,11365,1,-1
2019-11-01 15:25:15.000,11365,11366,11366,2,2
2019-11-01 15:25:21.000,11365,11366,11365,1,-1
2019-11-01 15:25:23.000,11365,11366,11366,3,3
2019-11-01 15:25:30.000,11365,11366,11365,4,-4
2019-11-01 15:25:34.000,11365,11366,11366,1,1
2019-11-01 15:25:36.000,11365,11366,11366,1,1
2019-11-01 15:25:37.000,11365,11366,11365,2,-2
2019-11-01 15:25:37.000,11365,11366,11366,1,1
2019-11-01 15:25:39.000,11365,11366,11366,10,10
2019-11-01 15:25:39.000,11365,11366,11366,1,1
2019-11-01 15:25:39.000,11365,11366,11366,1,1
2019-11-01 15:25:39.000,11366,11367,11366,1,-1
2019-11-01 15:25:53.000,11366,11367,11366,2,-2
2019-11-01 15:25:53.000,11366,11367,11366,2,-2
2019-11-01 15:26:01.000,11366,11367,11366,1,-1
2019-11-01 15:26:04.000,11366,11367,11367,1,1
2019-11-01 15:26:26.000,11366,11367,11367,1,1
2019-11-01 15:26:30.000,11366,11367,11367,9,9
2019-11-01 15:26:30.000,11366,11367,11367,11,11
2019-11-01 15:26:31.000,11367,11368,11368,1,1
2019-11-01 15:26:38.000,11367,11368,11367,1,-1
2019-11-01 15:26:47.000,11367,11368,11367,10,-10
2019-11-01 15:26:47.000,11367,11368,11366,2,-2
2019-11-01 15:26:47.000,11367,11368,11367,11,11
2019-11-01 15:26:47.000,11367,11368,11366,15,-15
2019-11-01 15:26:47.000,11367,11368,11366,6,-6
2019-11-01 15:26:47.000,11366,11367,11367,21,21
2019-11-01 15:26:47.000,11366,11367,11368,9,9
2019-11-01 15:27:09.000,11367,11368,11368,2,2
2019-11-01 15:27:14.000,11367,11368,11368,1,1
2019-11-01 15:27:19.000,11367,11368,11368,1,1
2019-11-01 15:27:28.000,11367,11368,11368,1,1
2019-11-01 15:27:28.000,11367,11368,11368,2,2
2019-11-01 15:27:28.000,11367,11368,11368,1,1
2019-11-01 15:27:55.000,11367,11368,11368,1,1
2019-11-01 15:28:11.000,11367,11368,11368,1,1
2019-11-01 15:28:25.000,11367,11368,11368,16,16
2019-11-01 15:28:25.000,11367,11368,11368,1,1
2019-11-01 15:28:32.000,11367,11369,11367,1,-1
2019-11-01 15:29:07.000,11367,11368,11367,9,-9
2019-11-01 15:29:13.000,11367,11368,11367,1,-1
2019-11-01 15:29:18.000,11367,11368,11367,1,-1
2019-11-01 15:30:14.000,11367,11368,11367,1,-1
2019-11-01 15:30:31.000,11367,11368,11367,5,-5
2019-11-01 15:31:56.000,11367,11368,11367,1,-1
2019-11-01 15:31:59.000,11367,11368,11368,1,1
2019-11-01 15:32:08.000,11367,11368,11367,1,-1
2019-11-01 15:32:15.000,11367,11368,11368,4,4
2019-11-01 15:32:31.000,11368,11369,11368,3,-3
2019-11-01 15:32:36.000,11368,11369,11368,1,-1
2019-11-01 15:32:50.000,11368,11369,11368,1,-1
2019-11-01 15:32:57.000,11368,11369,11368,1,-1
2019-11-01 15:32:57.000,11368,11369,11368,2,-2
2019-11-01 15:32:58.000,11367,11368,11367,3,-3
2019-11-01 15:32:58.000,11367,11368,11367,3,-3
2019-11-01 15:33:05.000,11367,11368,11367,20,-20
2019-11-01 15:33:05.000,11367,11368,11367,1,-1
2019-11-01 15:33:19.000,11366,11367,11367,1,1
2019-11-01 15:33:21.000,11366,11367,11366,6,-6
2019-11-01 15:33:21.000,11366,11367,11366,5,-5
2019-11-01 15:33:35.000,11365,11366,11366,1,1
2019-11-01 15:33:41.000,11365,11366,11366,1,1
2019-11-01 15:33:45.000,11365,11366,11366,10,10
2019-11-01 15:33:46.000,11365,11366,11366,1,1
2019-11-01 15:33:57.000,11365,11366,11366,1,1
2019-11-01 15:34:42.000,11365,11366,11365,1,-1
2019-11-01 15:34:43.000,11365,11366,11366,1,1
2019-11-01 15:34:49.000,11365,11366,11366,1,1
2019-11-01 15:34:55.000,11365,11366,11366,1,1
2019-11-01 15:34:57.000,11365,11366,11365,1,-1
2019-11-01 15:34:59.000,11365,11366,11365,1,-1
2019-11-01 15:35:01.000,11365,11366,11366,1,1
2019-11-01 15:35:02.000,11365,11366,11365,4,-4
2019-11-01 15:35:06.000,11365,11366,11366,1,1
2019-11-01 15:35:11.000,11365,11366,11365,1,-1
2019-11-01 15:35:14.000,11365,11366,11365,3,-3
2019-11-01 15:35:23.000,11365,11366,11365,1,-1
2019-11-01 15:35:26.000,11365,11366,11365,1,-1
2019-11-01 15:35:27.000,11365,11366,11365,4,-4
2019-11-01 15:35:31.000,11365,11366,11365,1,-1
2019-11-01 15:35:38.000,11365,11366,11365,1,-1
2019-11-01 15:35:41.000,11365,11366,11365,5,-5
2019-11-01 15:35:42.000,11365,11366,11365,3,-3
2019-11-01 15:35:43.000,11365,11366,11365,1,-1
2019-11-01 15:35:44.000,11365,11366,11365,2,-2
2019-11-01 15:35:50.000,11365,11366,11365,1,-1
2019-11-01 15:35:58.000,11365,11366,11365,1,-1
2019-11-01 15:36:01.000,11365,11366,11365,2,-2
2019-11-01 15:36:02.000,11365,11366,11365,1,-1
2019-11-01 15:36:03.000,11365,11366,11365,1,-1
2019-11-01 15:36:06.000,11365,11366,11365,1,-1
2019-11-01 15:36:06.000,11365,11366,11365,1,-1
2019-11-01 15:36:08.000,11365,11366,11365,6,-6
2019-11-01 15:36:09.000,11364,11365,11365,2,2
2019-11-01 15:36:17.000,11364,11365,11365,1,1
2019-11-01 15:36:17.000,11364,11365,11365,1,1
2019-11-01 15:36:18.000,11364,11365,11365,1,1
2019-11-01 15:36:28.000,11365,11366,11365,1,-1
2019-11-01 15:36:38.000,11365,11366,11366,1,1
2019-11-01 15:36:49.000,11365,11366,11366,1,1
2019-11-01 15:36:52.000,11365,11366,11365,5,-5
2019-11-01 15:36:55.000,11365,11366,11366,1,1
2019-11-01 15:36:58.000,11365,11366,11366,1,1
2019-11-01 15:37:02.000,11365,11366,11365,2,-2
2019-11-01 15:37:08.000,11365,11366,11366,1,1
2019-11-01 15:37:16.000,11365,11366,11366,1,1
2019-11-01 15:37:20.000,11365,11366,11365,1,-1
2019-11-01 15:37:25.000,11365,11366,11365,1,-1
2019-11-01 15:37:29.000,11365,11366,11365,4,-4
2019-11-01 15:37:32.000,11365,11366,11366,1,1
2019-11-01 15:37:32.000,11365,11366,11366,1,1
2019-11-01 15:37:33.000,11365,11366,11365,10,-10
2019-11-01 15:37:36.000,11365,11366,11365,11,-11
2019-11-01 15:37:37.000,11364,11365,11364,5,-5
2019-11-01 15:37:37.000,11364,11365,11364,1,-1
2019-11-01 15:37:37.000,11364,11365,11365,1,1
2019-11-01 15:37:39.000,11365,11366,11365,1,-1
2019-11-01 15:37:41.000,11365,11366,11365,1,-1
2019-11-01 15:37:42.000,11365,11366,11365,2,-2
2019-11-01 15:37:51.000,11364,11365,11365,1,1
2019-11-01 15:37:52.000,11364,11365,11365,5,5
2019-11-01 15:37:53.000,11364,11365,11365,1,1
2019-11-01 15:37:59.000,11364,11365,11365,1,1
2019-11-01 15:38:02.000,11364,11365,11365,1,1
2019-11-01 15:38:10.000,11364,11365,11365,1,1
2019-11-01 15:38:14.000,11364,11365,11365,1,1
2019-11-01 15:38:16.000,11364,11365,11365,1,1
2019-11-01 15:38:19.000,11364,11365,11365,1,1
2019-11-01 15:38:21.000,11364,11365,11365,1,1
2019-11-01 15:38:22.000,11364,11365,11364,4,-4
2019-11-01 15:38:24.000,11364,11365,11365,1,1
2019-11-01 15:38:26.000,11364,11365,11365,1,1
2019-11-01 15:38:42.000,11364,11365,11364,2,-2
2019-11-01 15:38:47.000,11364,11365,11365,5,5
2019-11-01 15:38:49.000,11364,11365,11365,5,5
2019-11-01 15:38:54.000,11364,11365,11365,1,1
2019-11-01 15:39:12.000,11364,11365,11364,1,-1
2019-11-01 15:39:18.000,11364,11365,11365,1,1
2019-11-01 15:39:23.000,11364,11365,11365,21,21
2019-11-01 15:39:25.000,11365,11366,11365,3,-3
2019-11-01 15:39:27.000,11365,11366,11365,1,-1
2019-11-01 15:39:33.000,11365,11366,11365,1,-1
2019-11-01 15:39:37.000,11365,11366,11365,2,-2
2019-11-01 15:39:39.000,11365,11366,11365,6,-6
2019-11-01 15:39:40.000,11365,11366,11365,2,-2
2019-11-01 15:39:42.000,11365,11366,11365,1,-1
2019-11-01 15:39:46.000,11365,11366,11365,1,-1
2019-11-01 15:39:47.000,11365,11366,11365,1,-1
2019-11-01 15:39:56.000,11365,11366,11365,1,-1
2019-11-01 15:39:56.000,11365,11366,11365,1,-1
2019-11-01 15:39:58.000,11365,11366,11365,1,-1
2019-11-01 15:40:18.000,11365,11366,11365,1,-1
2019-11-01 15:40:35.000,11365,11366,11365,1,-1
2019-11-01 15:40:40.000,11365,11366,11365,3,-3
2019-11-01 15:40:40.000,11365,11366,11365,2,-2
2019-11-01 15:40:40.000,11365,11366,11365,2,-2
2019-11-01 15:40:40.000,11365,11366,11365,1,-1
2019-11-01 15:40:40.000,11365,11366,11365,9,-9
2019-11-01 15:40:40.000,11365,11366,11365,1,-1
2019-11-01 15:40:40.000,11364,11365,11364,2,-2
2019-11-01 15:40:40.000,11364,11365,11364,3,-3
2019-11-01 15:40:48.000,11364,11365,11364,1,-1
2019-11-01 15:41:00.000,11364,11365,11364,1,-1
2019-11-01 15:41:41.000,11364,11365,11364,3,-3
2019-11-01 15:41:42.000,11364,11365,11364,8,-8
2019-11-01 15:41:42.000,11364,11365,11364,10,-10
2019-11-01 15:41:42.000,11364,11365,11364,1,-1
2019-11-01 15:41:42.000,11364,11365,11364,11,-11
2019-11-01 15:41:42.000,11363,11364,11363,2,-2
2019-11-01 15:41:43.000,11363,11364,11363,1,-1
2019-11-01 15:41:43.000,11363,11364,11364,5,5
2019-11-01 15:41:50.000,11363,11364,11364,3,3
2019-11-01 15:41:50.000,11364,11365,11364,2,-2
2019-11-01 15:41:59.000,11363,11364,11364,1,1
2019-11-01 15:42:02.000,11363,11364,11363,1,-1
2019-11-01 15:42:11.000,11363,11364,11363,1,-1
2019-11-01 15:42:12.000,11363,11364,11363,1,-1
2019-11-01 15:42:24.000,11363,11364,11364,17,17
2019-11-01 15:42:24.000,11363,11364,11364,5,5
2019-11-01 15:42:28.000,11364,11365,11365,2,2
2019-11-01 15:42:37.000,11365,11366,11365,1,-1
2019-11-01 15:42:45.000,11365,11366,11365,1,-1
2019-11-01 15:42:47.000,11365,11366,11366,1,1
2019-11-01 15:43:02.000,11365,11366,11365,5,-5
2019-11-01 15:43:06.000,11365,11366,11365,1,-1
2019-11-01 15:43:32.000,11365,11366,11365,1,-1
2019-11-01 15:44:00.000,11365,11366,11365,17,-17
2019-11-01 15:44:19.000,11364,11365,11364,1,-1
2019-11-01 15:44:23.000,11364,11365,11365,1,1
2019-11-01 15:44:24.000,11364,11365,11364,1,-1
2019-11-01 15:44:29.000,11364,11365,11365,1,1
2019-11-01 15:44:30.000,11364,11365,11365,1,1
2019-11-01 15:44:33.000,11364,11365,11365,5,5
2019-11-01 15:44:35.000,11364,11365,11365,4,4
2019-11-01 15:44:38.000,11365,11366,11365,1,-1
2019-11-01 15:44:42.000,11365,11366,11365,1,-1
2019-11-01 15:44:44.000,11365,11366,11365,1,-1
2019-11-01 15:45:00.000,11365,11366,11365,1,-1
2019-11-01 15:45:30.000,11365,11366,11365,4,-4
2019-11-01 15:45:40.000,11365,11366,11366,1,1
2019-11-01 15:45:50.000,11365,11366,11365,1,-1
2019-11-01 15:45:59.000,11365,11366,11366,1,1
2019-11-01 15:46:29.000,11365,11366,11366,1,1
2019-11-01 15:46:29.000,11365,11366,11366,14,14
2019-11-01 15:46:44.000,11366,11367,11365,1,-1
2019-11-01 15:46:44.000,11366,11367,11366,4,4
2019-11-01 15:47:06.000,11366,11367,11366,2,-2
2019-11-01 15:47:24.000,11365,11367,11367,1,1
2019-11-01 15:47:24.000,11366,11367,11367,7,7
2019-11-01 15:47:34.000,11366,11367,11366,2,-2
2019-11-01 15:47:41.000,11366,11367,11367,5,5
2019-11-01 15:48:01.000,11366,11367,11367,15,15
2019-11-01 15:48:05.000,11366,11367,11367,10,10
2019-11-01 15:48:06.000,11366,11367,11367,2,2
2019-11-01 15:48:15.000,11366,11367,11367,4,4
2019-11-01 15:48:51.000,11367,11368,11368,9,9
2019-11-01 15:48:51.000,11367,11368,11368,6,6
2019-11-01 15:49:30.000,11368,11369,11368,1,-1
2019-11-01 15:49:30.000,11368,11369,11369,2,2
2019-11-01 15:49:30.000,11368,11369,11369,1,1
2019-11-01 15:49:31.000,11368,11369,11369,1,1
2019-11-01 15:49:38.000,11368,11369,11369,1,1
2019-11-01 15:49:42.000,11368,11369,11369,1,1
2019-11-01 15:49:44.000,11368,11369,11368,1,-1
2019-11-01 15:49:58.000,11368,11369,11368,2,-2
2019-11-01 15:50:32.000,11368,11369,11368,4,-4
2019-11-01 15:50:32.000,11368,11369,11368,1,-1
2019-11-01 15:50:33.000,11367,11368,11368,1,1
2019-11-01 15:50:33.000,11367,11368,11367,1,-1
2019-11-01 15:51:35.000,11368,11369,11369,9,9
2019-11-01 15:51:39.000,11368,11369,11368,2,-2
2019-11-01 15:52:27.000,11368,11369,11368,1,-1
2019-11-01 15:52:51.000,11368,11369,11369,1,1
2019-11-01 15:52:51.000,11368,11369,11369,1,1
2019-11-01 15:52:51.000,11368,11369,11369,1,1
2019-11-01 15:52:51.000,11368,11369,11369,1,1
2019-11-01 15:52:51.000,11368,11369,11369,1,1
2019-11-01 15:52:51.000,11368,11369,11369,1,1
2019-11-01 15:52:51.000,11368,11369,11369,1,1
2019-11-01 15:52:52.000,11368,11369,11368,1,-1
2019-11-01 15:52:53.000,11368,11369,11368,1,-1
2019-11-01 15:53:00.000,11368,11369,11369,1,1
2019-11-01 15:53:00.000,11368,11369,11369,3,3
2019-11-01 15:53:02.000,11369,11370,11369,10,-10
2019-11-01 15:53:06.000,11369,11370,11370,4,4
2019-11-01 15:53:06.000,11369,11370,11370,1,1
2019-11-01 15:53:23.000,11369,11370,11369,3,-3
2019-11-01 15:53:32.000,11369,11370,11369,1,-1
2019-11-01 15:53:56.000,11369,11370,11369,5,-5
2019-11-01 15:54:32.000,11368,11369,11369,1,1
2019-11-01 15:54:45.000,11368,11369,11369,1,1
2019-11-01 15:55:10.000,11369,11370,11370,1,1
2019-11-01 15:55:22.000,11369,11370,11370,1,1
2019-11-01 15:55:22.000,11369,11370,11370,3,3
2019-11-01 15:55:23.000,11369,11370,11370,1,1
2019-11-01 15:55:30.000,11369,11370,11370,1,1
2019-11-01 15:55:42.000,11369,11370,11370,1,1
2019-11-01 15:56:00.000,11369,11370,11370,4,4
2019-11-01 15:56:04.000,11369,11370,11370,2,2
2019-11-01 15:56:21.000,11369,11370,11370,2,2
2019-11-01 15:56:32.000,11369,11370,11370,5,5
2019-11-01 15:56:33.000,11369,11370,11370,1,1
2019-11-01 15:56:50.000,11369,11370,11370,1,1
2019-11-01 15:57:06.000,11369,11370,11370,3,3
2019-11-01 15:57:17.000,11369,11370,11370,1,1
2019-11-01 15:57:18.000,11369,11370,11370,3,3
2019-11-01 15:57:18.000,11369,11370,11370,2,2
2019-11-01 15:57:18.000,11369,11370,11370,2,2
2019-11-01 15:57:18.000,11369,11370,11370,2,2
2019-11-01 15:57:20.000,11369,11370,11370,1,1
2019-11-01 15:57:28.000,11369,11370,11370,2,2
2019-11-01 15:57:29.000,11369,11370,11370,4,4
2019-11-01 15:57:30.000,11369,11370,11370,1,1
2019-11-01 15:57:33.000,11369,11370,11370,4,4
2019-11-01 15:57:34.000,11369,11370,11370,1,1
2019-11-01 15:57:36.000,11369,11370,11370,2,2
2019-11-01 15:57:41.000,11369,11370,11370,1,1
2019-11-01 15:57:44.000,11369,11370,11370,2,2
2019-11-01 15:57:45.000,11369,11370,11370,1,1
2019-11-01 15:57:47.000,11369,11370,11370,5,5
2019-11-01 15:57:47.000,11369,11370,11370,1,1
2019-11-01 15:58:01.000,11370,11371,11370,1,-1
2019-11-01 15:58:24.000,11370,11371,11370,6,-6
2019-11-01 15:58:25.000,11369,11370,11369,3,-3
2019-11-01 15:58:25.000,11369,11370,11370,1,1
2019-11-01 15:58:34.000,11369,11370,11370,2,2
2019-11-01 15:58:37.000,11369,11370,11369,2,-2
2019-11-01 15:58:41.000,11369,11370,11369,1,-1
2019-11-01 15:58:42.000,11368,11369,11369,1,1
2019-11-01 15:58:42.000,11368,11370,11368,2,-2
2019-11-01 15:58:42.000,11368,11370,11369,1,1
2019-11-01 15:58:42.000,11368,11369,11369,1,1
2019-11-01 15:58:42.000,11368,11369,11369,1,1
2019-11-01 15:58:42.000,11368,11369,11369,1,1
2019-11-01 15:58:42.000,11368,11369,11369,1,1
2019-11-01 15:58:42.000,11368,11369,11369,1,1
2019-11-01 15:58:48.000,11369,11370,11369,2,-2
2019-11-01 15:58:53.000,11369,11370,11369,1,-1
2019-11-01 15:58:53.000,11368,11369,11369,1,1
2019-11-01 15:58:57.000,11368,11369,11369,2,2
2019-11-01 15:59:02.000,11368,11369,11369,2,2
2019-11-01 15:59:02.000,11368,11369,11369,2,2
2019-11-01 15:59:12.000,11368,11369,11369,1,1
2019-11-01 15:59:12.000,11368,11369,11369,1,1
2019-11-01 15:59:14.000,11369,11370,11369,1,-1
2019-11-01 15:59:22.000,11369,11370,11369,3,-3
2019-11-01 16:00:01.000,11368,11369,11369,1,1
2019-11-01 16:00:40.000,11368,11369,11369,1,1
2019-11-01 16:00:49.000,11368,11369,11368,12,-12
2019-11-01 16:01:26.000,11367,11368,11367,1,-1
2019-11-01 16:01:27.000,11367,11368,11367,1,-1
2019-11-01 16:01:33.000,11367,11368,11367,6,-6
2019-11-01 16:01:49.000,11367,11368,11367,1,-1
2019-11-01 16:01:49.000,11367,11368,11367,1,-1
2019-11-01 16:02:04.000,11367,11368,11368,1,1
2019-11-01 16:02:07.000,11367,11368,11368,1,1
2019-11-01 16:02:15.000,11367,11368,11368,4,4
2019-11-01 16:02:19.000,11368,11369,11368,1,-1
2019-11-01 16:02:24.000,11368,11369,11368,1,-1
2019-11-01 16:02:28.000,11367,11368,11367,10,-10
2019-11-01 16:02:30.000,11367,11368,11367,1,-1
2019-11-01 16:02:32.000,11367,11368,11366,2,-2
2019-11-01 16:02:32.000,11367,11368,11367,4,4
2019-11-01 16:02:32.000,11366,11368,11366,2,-2
2019-11-01 16:02:45.000,11367,11368,11368,1,1
2019-11-01 16:02:46.000,11367,11369,11367,9,-9
2019-11-01 16:02:54.000,11367,11369,11367,10,-10
2019-11-01 16:03:00.000,11367,11368,11367,1,-1
2019-11-01 16:03:03.000,11367,11368,11367,8,-8
2019-11-01 16:03:04.000,11367,11368,11368,2,2
2019-11-01 16:03:04.000,11367,11368,11368,1,1
2019-11-01 16:03:07.000,11368,11369,11368,1,-1
2019-11-01 16:03:07.000,11368,11369,11368,1,-1
2019-11-01 16:03:09.000,11367,11369,11367,1,-1
2019-11-01 16:03:10.000,11367,11369,11367,1,-1
2019-11-01 16:03:18.000,11367,11368,11368,2,2
2019-11-01 16:03:19.000,11367,11368,11367,10,-10
2019-11-01 16:03:26.000,11367,11368,11367,1,-1
2019-11-01 16:03:31.000,11367,11368,11367,1,-1
2019-11-01 16:03:33.000,11366,11368,11366,1,-1
2019-11-01 16:03:36.000,11366,11367,11366,2,-2
2019-11-01 16:03:41.000,11366,11367,11367,1,1
2019-11-01 16:03:53.000,11367,11368,11367,1,-1
2019-11-01 16:04:04.000,11367,11368,11367,1,-1
2019-11-01 16:04:06.000,11367,11368,11367,1,-1
2019-11-01 16:04:23.000,11367,11368,11367,10,-10
2019-11-01 16:04:29.000,11367,11368,11367,1,-1
2019-11-01 16:04:30.000,11367,11368,11367,1,-1
2019-11-01 16:04:38.000,11367,11368,11367,1,-1
2019-11-01 16:04:38.000,11367,11368,11366,2,-2
2019-11-01 16:04:38.000,11367,11368,11367,1,1
2019-11-01 16:04:39.000,11366,11368,11366,1,-1
2019-11-01 16:04:52.000,11366,11367,11367,1,1
2019-11-01 16:04:53.000,11366,11367,11367,1,1
2019-11-01 16:05:05.000,11366,11367,11366,1,-1
2019-11-01 16:05:08.000,11366,11367,11366,1,-1
2019-11-01 16:05:13.000,11366,11367,11367,10,10
2019-11-01 16:05:18.000,11367,11368,11368,2,2
2019-11-01 16:05:18.000,11367,11368,11368,1,1
2019-11-01 16:05:21.000,11368,11369,11368,1,-1
2019-11-01 16:05:23.000,11368,11369,11368,1,-1
2019-11-01 16:05:28.000,11368,11369,11369,1,1
2019-11-01 16:05:39.000,11368,11369,11368,3,-3
2019-11-01 16:05:41.000,11367,11368,11368,10,10
2019-11-01 16:05:42.000,11367,11369,11367,1,-1
2019-11-01 16:05:43.000,11367,11368,11367,1,-1
2019-11-01 16:05:44.000,11367,11368,11368,2,2
2019-11-01 16:05:50.000,11367,11368,11367,1,-1
2019-11-01 16:05:50.000,11367,11368,11368,1,1
2019-11-01 16:05:54.000,11367,11368,11368,2,2
2019-11-01 16:06:06.000,11368,11369,11368,3,-3
2019-11-01 16:06:07.000,11367,11369,11367,1,-1
2019-11-01 16:06:09.000,11367,11368,11367,1,-1
2019-11-01 16:06:28.000,11367,11368,11367,10,-10
2019-11-01 16:06:29.000,11367,11368,11367,1,-1
2019-11-01 16:06:31.000,11367,11368,11367,1,-1
2019-11-01 16:06:31.000,11367,11368,11368,10,10
2019-11-01 16:06:42.000,11368,11369,11368,1,-1
2019-11-01 16:06:49.000,11368,11369,11368,1,-1
2019-11-01 16:06:50.000,11368,11369,11368,1,-1
2019-11-01 16:07:04.000,11368,11369,11368,10,-10
2019-11-01 16:07:10.000,11368,11369,11368,1,-1
2019-11-01 16:07:10.000,11368,11369,11368,1,-1
2019-11-01 16:07:12.000,11368,11369,11368,1,-1
2019-11-01 16:07:12.000,11368,11369,11368,1,-1
2019-11-01 16:07:15.000,11368,11369,11369,15,15
2019-11-01 16:07:20.000,11369,11370,11370,1,1
2019-11-01 16:07:21.000,11369,11370,11370,1,1
2019-11-01 16:07:23.000,11369,11370,11370,1,1
2019-11-01 16:07:24.000,11369,11370,11370,1,1
2019-11-01 16:07:30.000,11369,11370,11369,1,-1
2019-11-01 16:07:31.000,11369,11370,11369,1,-1
2019-11-01 16:07:58.000,11369,11370,11369,1,-1
2019-11-01 16:08:00.000,11369,11370,11369,1,-1
2019-11-01 16:08:06.000,11369,11370,11370,4,4
2019-11-01 16:08:18.000,11369,11370,11370,1,1
2019-11-01 16:08:29.000,11369,11370,11369,10,-10
2019-11-01 16:08:42.000,11368,11370,11368,1,-1
2019-11-01 16:08:53.000,11368,11370,11368,1,-1
2019-11-01 16:09:08.000,11369,11370,11367,24,-24
2019-11-01 16:09:08.000,11369,11370,11368,72,72
2019-11-01 16:09:08.000,11369,11370,11369,4,4
2019-11-01 16:09:08.000,11369,11370,11368,3,-3
2019-11-01 16:09:08.000,11369,11370,11367,2,-2
2019-11-01 16:09:08.000,11369,11370,11367,1,-1
2019-11-01 16:09:08.000,11369,11370,11367,3,-3
2019-11-01 16:09:09.000,11367,11368,11367,3,-3
2019-11-01 16:09:09.000,11367,11368,11367,3,-3
2019-11-01 16:09:09.000,11367,11368,11367,5,-5
2019-11-01 16:09:09.000,11367,11368,11367,3,-3
2019-11-01 16:09:09.000,11367,11368,11367,1,-1
2019-11-01 16:09:09.000,11367,11368,11367,3,-3
2019-11-01 16:09:09.000,11367,11368,11367,1,-1
2019-11-01 16:09:09.000,11367,11368,11367,2,-2
2019-11-01 16:09:09.000,11367,11368,11367,3,-3
2019-11-01 16:09:09.000,11367,11368,11367,2,-2
2019-11-01 16:09:09.000,11367,11368,11367,1,-1
2019-11-01 16:09:09.000,11367,11368,11367,1,-1
2019-11-01 16:09:09.000,11367,11368,11367,1,-1
2019-11-01 16:09:09.000,11367,11368,11367,1,-1
2019-11-01 16:09:09.000,11367,11368,11367,1,-1
2019-11-01 16:09:09.000,11367,11368,11367,2,-2
2019-11-01 16:09:19.000,11367,11368,11367,2,-2
2019-11-01 16:09:20.000,11367,11368,11366,59,-59
2019-11-01 16:09:20.000,11367,11368,11367,3,3
2019-11-01 16:09:20.000,11367,11368,11366,7,-7
2019-11-01 16:09:20.000,11365,11366,11366,4,4
2019-11-01 16:09:20.000,11365,11366,11366,3,3
2019-11-01 16:09:21.000,11365,11367,11367,1,1
2019-11-01 16:09:30.000,11366,11367,11366,1,-1
2019-11-01 16:09:31.000,11366,11367,11366,1,-1
2019-11-01 16:09:32.000,11366,11367,11366,1,-1
2019-11-01 16:09:34.000,11366,11367,11366,3,-3
2019-11-01 16:09:34.000,11365,11366,11366,9,9
2019-11-01 16:09:34.000,11365,11366,11366,1,1
2019-11-01 16:09:34.000,11365,11366,11366,1,1
2019-11-01 16:09:34.000,11365,11366,11366,1,1
2019-11-01 16:09:38.000,11365,11366,11366,3,3
2019-11-01 16:09:39.000,11365,11366,11366,2,2
2019-11-01 16:09:39.000,11365,11366,11366,2,2
2019-11-01 16:09:39.000,11365,11366,11366,1,1
2019-11-01 16:09:39.000,11365,11366,11366,7,7
2019-11-01 16:09:39.000,11365,11366,11366,1,1
2019-11-01 16:09:40.000,11366,11367,11366,1,-1
2019-11-01 16:09:41.000,11366,11367,11366,1,-1
2019-11-01 16:09:46.000,11366,11368,11366,10,-10
2019-11-01 16:09:47.000,11366,11368,11366,1,-1
2019-11-01 16:09:48.000,11366,11368,11366,1,-1
2019-11-01 16:10:03.000,11367,11368,11367,1,1
2019-11-01 16:10:04.000,11367,11368,11367,1,-1
2019-11-01 16:10:08.000,11366,11367,11366,5,-5
2019-11-01 16:10:18.000,11366,11367,11367,2,2
2019-11-01 16:10:18.000,11366,11367,11367,3,3
2019-11-01 16:10:30.000,11367,11368,11367,1,-1
2019-11-01 16:10:56.000,11367,11368,11367,1,-1
2019-11-01 16:11:17.000,11366,11367,11366,2,-2
2019-11-01 16:11:17.000,11366,11367,11366,2,-2
2019-11-01 16:11:17.000,11366,11367,11366,2,-2
2019-11-01 16:11:17.000,11366,11367,11366,1,-1
2019-11-01 16:11:17.000,11366,11367,11366,1,-1
2019-11-01 16:11:17.000,11366,11367,11366,5,-5
2019-11-01 16:11:17.000,11366,11367,11366,5,-5
2019-11-01 16:11:17.000,11366,11367,11366,3,-3
2019-11-01 16:11:38.000,11365,11366,11366,1,1
2019-11-01 16:12:00.000,11366,11367,11366,1,-1
2019-11-01 16:12:00.000,11366,11367,11366,1,-1
2019-11-01 16:12:00.000,11366,11367,11366,1,-1
2019-11-01 16:12:23.000,11366,11367,11366,1,-1
2019-11-01 16:12:23.000,11366,11367,11366,1,-1
2019-11-01 16:12:50.000,11365,11366,11365,4,-4
2019-11-01 16:12:51.000,11365,11366,11365,12,-12
2019-11-01 16:13:00.000,11365,11366,11365,1,-1
2019-11-01 16:13:29.000,11365,11366,11366,1,1
2019-11-01 16:13:42.000,11365,11366,11365,1,-1
2019-11-01 16:14:00.000,11365,11366,11366,1,1
2019-11-01 16:14:37.000,11365,11366,11366,6,6
2019-11-01 16:15:03.000,11365,11366,11366,7,7
2019-11-01 16:15:07.000,11366,11367,11367,1,1
2019-11-01 16:15:09.000,11366,11367,11366,1,-1
2019-11-01 16:15:34.000,11366,11367,11367,3,3
2019-11-01 16:15:34.000,11366,11367,11367,1,1
2019-11-01 16:15:43.000,11367,11368,11368,7,7
2019-11-01 16:15:55.000,11367,11368,11368,1,1
2019-11-01 16:15:57.000,11367,11368,11368,1,1
2019-11-01 16:16:02.000,11367,11368,11368,1,1
2019-11-01 16:16:03.000,11367,11368,11368,1,1
2019-11-01 16:16:03.000,11367,11368,11368,1,1
2019-11-01 16:16:03.000,11367,11368,11368,1,1
2019-11-01 16:16:03.000,11367,11368,11368,1,1
2019-11-01 16:16:03.000,11368,11369,11368,1,-1
2019-11-01 16:16:04.000,11368,11369,11368,1,-1
2019-11-01 16:16:04.000,11368,11369,11368,2,-2
2019-11-01 16:16:04.000,11368,11369,11368,2,-2
2019-11-01 16:16:04.000,11368,11369,11368,1,-1
2019-11-01 16:16:04.000,11368,11369,11368,4,-4
2019-11-01 16:16:05.000,11367,11368,11368,1,1
2019-11-01 16:16:06.000,11367,11368,11368,1,1
2019-11-01 16:16:07.000,11367,11368,11368,1,1
2019-11-01 16:16:09.000,11367,11368,11368,1,1
2019-11-01 16:16:13.000,11368,11369,11368,1,-1
2019-11-01 16:16:13.000,11368,11369,11368,2,-2
2019-11-01 16:16:17.000,11368,11369,11369,1,1
2019-11-01 16:16:33.000,11368,11369,11368,2,-2
2019-11-01 16:16:38.000,11367,11369,11369,2,2
2019-11-01 16:17:02.000,11368,11369,11369,1,1
2019-11-01 16:17:12.000,11368,11369,11368,3,-3
2019-11-01 16:17:12.000,11368,11369,11368,3,-3
2019-11-01 16:17:12.000,11368,11369,11368,5,-5
2019-11-01 16:17:27.000,11367,11368,11368,1,1
2019-11-01 16:17:32.000,11367,11369,11369,1,1
2019-11-01 16:17:38.000,11367,11368,11368,1,1
2019-11-01 16:17:45.000,11367,11368,11368,1,1
2019-11-01 16:17:49.000,11367,11368,11367,1,-1
2019-11-01 16:17:49.000,11367,11368,11368,1,1
2019-11-01 16:18:17.000,11367,11368,11367,1,-1
2019-11-01 16:18:17.000,11367,11368,11367,1,-1
2019-11-01 16:18:40.000,11367,11368,11367,1,-1
2019-11-01 16:18:40.000,11367,11368,11367,5,-5
2019-11-01 16:18:44.000,11366,11367,11367,5,5
2019-11-01 16:18:44.000,11366,11368,11366,1,-1
2019-11-01 16:19:28.000,11366,11367,11367,1,1
2019-11-01 16:19:31.000,11366,11367,11367,5,5
2019-11-01 16:19:36.000,11366,11368,11366,1,-1
2019-11-01 16:19:41.000,11367,11368,11367,1,1
2019-11-01 16:19:49.000,11366,11368,11366,1,-1
2019-11-01 16:20:06.000,11366,11367,11366,2,-2
2019-11-01 16:20:06.000,11366,11367,11366,1,-1
2019-11-01 16:20:06.000,11366,11367,11366,1,-1
2019-11-01 16:20:06.000,11366,11367,11366,1,-1
2019-11-01 16:20:06.000,11366,11367,11366,2,-2
2019-11-01 16:20:06.000,11366,11367,11366,1,-1
2019-11-01 16:20:06.000,11366,11367,11366,1,-1
2019-11-01 16:20:06.000,11366,11367,11366,4,-4
2019-11-01 16:20:06.000,11366,11367,11366,2,-2
2019-11-01 16:20:09.000,11366,11367,11366,1,-1
2019-11-01 16:20:40.000,11365,11367,11367,1,1
2019-11-01 16:20:40.000,11365,11367,11367,1,1
2019-11-01 16:20:56.000,11366,11367,11366,1,-1
2019-11-01 16:21:49.000,11366,11367,11366,5,-5
2019-11-01 16:21:49.000,11366,11367,11367,1,1
2019-11-01 16:21:49.000,11366,11367,11367,1,1
2019-11-01 16:22:23.000,11366,11367,11367,1,1
2019-11-01 16:22:24.000,11366,11367,11367,2,2
2019-11-01 16:22:45.000,11366,11367,11367,1,1
2019-11-01 16:22:56.000,11366,11367,11367,1,1
2019-11-01 16:23:10.000,11366,11367,11367,2,2
2019-11-01 16:23:54.000,11366,11367,11367,5,5
2019-11-01 16:25:17.000,11366,11367,11367,1,1
2019-11-01 16:26:50.000,11366,11367,11367,2,2
2019-11-01 16:26:58.000,11366,11367,11367,1,1
2019-11-01 16:27:38.000,11366,11367,11366,21,-21
2019-11-01 16:28:04.000,11365,11366,11366,1,1
2019-11-01 16:28:21.000,11365,11366,11366,1,1
2019-11-01 16:28:30.000,11365,11366,11365,1,-1
2019-11-01 16:28:30.000,11365,11366,11365,1,-1
2019-11-01 16:28:31.000,11365,11366,11366,1,1
2019-11-01 16:28:32.000,11365,11366,11365,1,-1
2019-11-01 16:28:57.000,11365,11366,11365,1,-1
2019-11-01 16:29:05.000,11365,11366,11365,1,-1
2019-11-01 16:29:06.000,11365,11366,11365,1,-1
2019-11-01 16:29:06.000,11365,11366,11365,2,-2
2019-11-01 16:29:15.000,11365,11366,11365,1,-1
2019-11-01 16:29:35.000,11365,11366,11366,1,1
2019-11-01 16:29:46.000,11365,11366,11366,1,1
2019-11-01 16:30:01.000,11365,11366,11365,1,-1
2019-11-01 16:30:01.000,11365,11366,11365,2,-2
2019-11-01 16:30:10.000,11365,11366,11366,1,1
2019-11-01 16:30:45.000,11365,11366,11365,1,-1
2019-11-01 16:31:20.000,11365,11366,11365,1,-1
2019-11-01 16:31:21.000,11365,11366,11365,2,-2
2019-11-01 16:31:26.000,11365,11366,11365,1,-1
2019-11-01 16:31:32.000,11365,11366,11365,1,-1
2019-11-01 16:31:35.000,11365,11366,11365,6,-6
2019-11-01 16:31:37.000,11365,11366,11366,1,1
2019-11-01 16:31:40.000,11365,11366,11365,1,-1
2019-11-01 16:31:41.000,11365,11366,11365,2,-2
2019-11-01 16:31:41.000,11365,11366,11365,1,-1
2019-11-01 16:31:46.000,11365,11366,11365,1,-1
2019-11-01 16:31:52.000,11365,11366,11365,10,-10
2019-11-01 16:31:52.000,11365,11366,11365,1,-1
2019-11-01 16:31:54.000,11364,11365,11364,10,-10
2019-11-01 16:31:58.000,11364,11365,11365,2,2
2019-11-01 16:31:58.000,11364,11365,11364,5,-5
2019-11-01 16:31:58.000,11364,11365,11364,5,-5
2019-11-01 16:31:58.000,11364,11365,11364,5,-5
2019-11-01 16:32:05.000,11364,11365,11364,1,-1
2019-11-01 16:32:09.000,11364,11365,11364,2,-2
2019-11-01 16:32:12.000,11364,11365,11364,2,-2
2019-11-01 16:32:14.000,11364,11365,11364,1,-1
2019-11-01 16:32:15.000,11364,11365,11364,4,-4
2019-11-01 16:32:19.000,11364,11365,11364,1,-1
2019-11-01 16:32:23.000,11364,11365,11364,1,-1
2019-11-01 16:32:23.000,11364,11365,11365,1,1
2019-11-01 16:32:40.000,11364,11365,11364,1,-1
2019-11-01 16:32:43.000,11364,11365,11364,4,-4
2019-11-01 16:32:57.000,11364,11365,11364,1,-1
2019-11-01 16:33:00.000,11364,11365,11364,2,-2
2019-11-01 16:33:00.000,11364,11365,11364,2,-2
2019-11-01 16:33:13.000,11363,11364,11364,1,1
2019-11-01 16:33:14.000,11363,11364,11364,1,1
2019-11-01 16:33:24.000,11363,11364,11364,1,1
2019-11-01 16:33:26.000,11363,11364,11363,1,-1
2019-11-01 16:33:27.000,11363,11364,11363,3,-3
2019-11-01 16:33:27.000,11363,11364,11363,1,-1
2019-11-01 16:33:27.000,11363,11364,11363,1,-1
2019-11-01 16:33:27.000,11363,11364,11363,1,-1
2019-11-01 16:33:27.000,11363,11364,11363,1,-1
2019-11-01 16:34:01.000,11363,11364,11364,1,1
2019-11-01 16:34:14.000,11363,11364,11364,1,1
2019-11-01 16:34:19.000,11363,11364,11364,1,1
2019-11-01 16:34:24.000,11363,11364,11364,1,1
2019-11-01 16:34:27.000,11363,11364,11364,1,1
2019-11-01 16:34:31.000,11363,11364,11364,1,1
2019-11-01 16:34:32.000,11363,11364,11364,1,1
2019-11-01 16:34:40.000,11363,11364,11364,2,2
2019-11-01 16:34:42.000,11363,11364,11364,1,1
2019-11-01 16:34:43.000,11363,11364,11364,1,1
2019-11-01 16:34:51.000,11364,11365,11364,1,-1
2019-11-01 16:34:53.000,11364,11365,11364,1,-1
2019-11-01 16:35:10.000,11364,11365,11364,1,-1
2019-11-01 16:35:23.000,11364,11365,11364,1,-1
2019-11-01 16:36:00.000,11364,11365,11364,2,-2
2019-11-01 16:36:01.000,11364,11365,11365,1,1
2019-11-01 16:36:02.000,11364,11365,11364,1,-1
2019-11-01 16:36:02.000,11364,11365,11364,1,-1
2019-11-01 16:36:04.000,11364,11365,11364,1,-1
2019-11-01 16:36:06.000,11364,11365,11364,1,-1
2019-11-01 16:37:16.000,11364,11365,11365,26,26
2019-11-01 16:37:16.000,11364,11365,11365,4,4
2019-11-01 16:37:16.000,11364,11365,11365,4,4
2019-11-01 16:37:16.000,11364,11365,11365,17,17
2019-11-01 16:37:16.000,11364,11365,11365,3,3
2019-11-01 16:37:16.000,11364,11365,11365,4,4
2019-11-01 16:37:16.000,11364,11365,11365,2,2
2019-11-01 16:37:16.000,11364,11365,11365,6,6
2019-11-01 16:37:16.000,11364,11365,11365,1,1
2019-11-01 16:37:16.000,11364,11365,11365,3,3
2019-11-01 16:37:16.000,11364,11365,11365,18,18
2019-11-01 16:37:17.000,11364,11365,11365,4,4
2019-11-01 16:37:17.000,11364,11365,11365,12,12
2019-11-01 16:37:17.000,11364,11365,11365,2,2
2019-11-01 16:37:17.000,11364,11365,11365,3,3
2019-11-01 16:37:17.000,11364,11365,11365,3,3
2019-11-01 16:37:17.000,11364,11365,11365,3,3
2019-11-01 16:37:19.000,11364,11365,11365,1,1
2019-11-01 16:37:20.000,11364,11365,11365,1,1
2019-11-01 16:37:21.000,11364,11365,11365,3,3
2019-11-01 16:37:24.000,11364,11365,11365,1,1
2019-11-01 16:37:30.000,11364,11365,11365,3,3
2019-11-01 16:37:32.000,11364,11365,11365,20,20
2019-11-01 16:37:33.000,11364,11365,11365,1,1
2019-11-01 16:37:34.000,11364,11365,11365,1,1
2019-11-01 16:37:34.000,11364,11365,11365,1,1
2019-11-01 16:37:37.000,11364,11365,11365,1,1
2019-11-01 16:37:38.000,11364,11365,11365,1,1
2019-11-01 16:37:41.000,11364,11365,11365,1,1
2019-11-01 16:37:43.000,11364,11365,11365,3,3
2019-11-01 16:37:45.000,11364,11365,11365,1,1
2019-11-01 16:37:45.000,11364,11365,11365,1,1
2019-11-01 16:37:45.000,11364,11365,11365,3,3
2019-11-01 16:37:45.000,11364,11365,11365,3,3
2019-11-01 16:37:45.000,11364,11365,11365,2,2
2019-11-01 16:37:45.000,11364,11365,11365,3,3
2019-11-01 16:37:46.000,11364,11365,11365,1,1
2019-11-01 16:37:46.000,11364,11365,11365,1,1
2019-11-01 16:37:49.000,11365,11366,11365,1,-1
2019-11-01 16:38:03.000,11365,11366,11365,17,-17
2019-11-01 16:38:04.000,11364,11365,11365,1,1
2019-11-01 16:38:11.000,11364,11365,11365,1,1
2019-11-01 16:38:17.000,11364,11365,11365,1,1
2019-11-01 16:38:17.000,11364,11365,11365,1,1
2019-11-01 16:38:43.000,11364,11365,11365,1,1
2019-11-01 16:39:06.000,11364,11365,11365,1,1
2019-11-01 16:39:07.000,11364,11365,11365,1,1
2019-11-01 16:39:08.000,11364,11365,11365,1,1
2019-11-01 16:39:10.000,11364,11365,11365,1,1
2019-11-01 16:39:13.000,11364,11365,11365,1,1
2019-11-01 16:39:18.000,11364,11365,11365,1,1
2019-11-01 16:39:18.000,11364,11365,11365,1,1
2019-11-01 16:39:21.000,11364,11365,11365,1,1
2019-11-01 16:40:15.000,11364,11365,11365,1,1
2019-11-01 16:40:16.000,11364,11365,11365,1,1
2019-11-01 16:40:16.000,11364,11365,11364,1,-1
2019-11-01 16:40:16.000,11364,11365,11365,1,1
2019-11-01 16:40:48.000,11364,11365,11365,2,2
2019-11-01 16:40:56.000,11364,11365,11365,1,1
2019-11-01 16:41:23.000,11364,11365,11365,1,1
2019-11-01 16:41:34.000,11364,11365,11365,1,1
2019-11-01 16:41:37.000,11365,11366,11365,2,-2
2019-11-01 16:41:52.000,11365,11366,11365,1,-1
2019-11-01 16:42:31.000,11365,11366,11365,1,-1
2019-11-01 16:42:42.000,11365,11366,11366,4,4
2019-11-01 16:43:03.000,11365,11366,11366,1,1
2019-11-01 16:43:06.000,11365,11366,11366,4,4
2019-11-01 16:43:22.000,11365,11367,11367,1,1
2019-11-01 16:43:55.000,11366,11367,11367,1,1
2019-11-01 16:44:31.000,11366,11367,11367,1,1
2019-11-01 16:44:48.000,11366,11367,11367,1,1
2019-11-01 16:45:34.000,11366,11367,11367,1,1
2019-11-01 16:45:35.000,11366,11367,11367,12,12
2019-11-01 16:45:38.000,11366,11367,11367,2,2
2019-11-01 16:45:43.000,11366,11367,11367,1,1
2019-11-01 16:46:07.000,11366,11367,11367,1,1
2019-11-01 16:46:21.000,11366,11367,11367,1,1
2019-11-01 16:46:42.000,11367,11368,11368,2,2
2019-11-01 16:46:43.000,11367,11368,11368,5,5
2019-11-01 16:46:58.000,11367,11368,11368,1,1
2019-11-01 16:47:14.000,11367,11368,11368,1,1
2019-11-01 16:47:23.000,11367,11368,11367,1,-1
2019-11-01 16:47:28.000,11367,11368,11367,1,-1
2019-11-01 16:48:00.000,11367,11368,11367,1,-1
2019-11-01 16:48:00.000,11366,11368,11367,1,-1
2019-11-01 16:48:09.000,11366,11367,11367,1,1
2019-11-01 16:48:18.000,11366,11367,11367,1,1
2019-11-01 16:49:16.000,11366,11367,11367,1,1
2019-11-01 16:51:18.000,11366,11367,11367,1,1
2019-11-01 16:51:29.000,11366,11367,11366,4,-4
2019-11-01 16:52:57.000,11366,11367,11367,1,1
2019-11-01 16:53:00.000,11366,11367,11366,1,-1
2019-11-01 16:53:24.000,11366,11367,11367,7,7
2019-11-01 16:54:11.000,11366,11367,11367,1,1
2019-11-01 16:55:02.000,11366,11367,11366,1,-1
2019-11-01 16:55:07.000,11366,11367,11367,9,9
2019-11-01 16:55:24.000,11367,11368,11368,1,1
2019-11-01 16:55:24.000,11367,11368,11368,1,1
2019-11-01 16:55:25.000,11366,11367,11367,1,1
2019-11-01 16:55:43.000,11366,11367,11366,1,-1
2019-11-01 16:56:02.000,11366,11367,11366,3,-3
2019-11-01 16:56:09.000,11366,11367,11366,1,-1
2019-11-01 16:57:00.000,11366,11367,11367,3,3
2019-11-01 16:57:02.000,11366,11367,11366,2,-2
2019-11-01 16:57:07.000,11366,11367,11366,13,-13
2019-11-01 16:57:10.000,11365,11366,11366,1,1
2019-11-01 16:57:11.000,11365,11366,11366,3,3
2019-11-01 16:57:15.000,11365,11366,11366,6,6
2019-11-01 16:57:16.000,11365,11367,11367,1,1
2019-11-01 16:57:24.000,11365,11366,11366,1,1
2019-11-01 16:57:41.000,11366,11367,11367,4,4
2019-11-01 16:57:41.000,11366,11367,11368,1,1
2019-11-01 16:57:42.000,11366,11368,11368,5,5
2019-11-01 16:58:00.000,11366,11368,11368,1,1
2019-11-01 16:58:01.000,11367,11368,11368,5,5
2019-11-01 16:58:20.000,11367,11368,11368,2,2
2019-11-01 16:58:38.000,11367,11368,11368,2,2
2019-11-01 16:59:00.000,11367,11368,11367,1,-1
2019-11-01 17:01:05.000,11367,11368,11368,1,1
2019-11-01 17:01:47.000,11367,11368,11367,1,-1
2019-11-01 17:02:20.000,11367,11368,11368,2,2
2019-11-01 17:02:25.000,11367,11368,11368,2,2
2019-11-01 17:02:48.000,11367,11368,11368,1,1
2019-11-01 17:02:58.000,11367,11368,11367,20,-20
2019-11-01 17:03:08.000,11367,11368,11367,1,-1
2019-11-01 17:03:17.000,11367,11368,11367,2,-2
2019-11-01 17:03:28.000,11367,11368,11367,5,-5
2019-11-01 17:04:04.000,11367,11368,11367,1,-1
2019-11-01 17:04:06.000,11367,11368,11367,1,-1
2019-11-01 17:04:37.000,11367,11368,11367,3,-3
2019-11-01 17:05:11.000,11366,11367,11366,1,-1
2019-11-01 17:05:12.000,11366,11367,11366,1,-1
2019-11-01 17:05:20.000,11366,11367,11366,2,-2
2019-11-01 17:06:17.000,11366,11367,11366,1,-1
2019-11-01 17:06:25.000,11366,11367,11367,1,1
2019-11-01 17:06:26.000,11366,11367,11366,6,-6
2019-11-01 17:06:28.000,11366,11367,11367,1,1
2019-11-01 17:06:44.000,11367,11368,11367,1,-1
2019-11-01 17:10:26.000,11367,11368,11367,5,-5
2019-11-01 17:10:52.000,11366,11367,11367,3,3
2019-11-01 17:11:00.000,11366,11367,11367,1,1
2019-11-01 17:11:18.000,11366,11367,11366,1,-1
2019-11-01 17:11:39.000,11366,11367,11366,1,-1
2019-11-01 17:11:42.000,11366,11367,11366,1,-1
2019-11-01 17:12:54.000,11366,11367,11366,3,-3
2019-11-01 17:13:46.000,11365,11366,11366,3,3
2019-11-01 17:14:41.000,11365,11366,11366,1,1
2019-11-01 17:14:54.000,11365,11366,11366,4,4
2019-11-01 17:15:03.000,11366,11367,11367,1,1
2019-11-01 17:15:03.000,11366,11367,11367,1,1
2019-11-01 17:15:03.000,11366,11367,11367,1,1
2019-11-01 17:15:03.000,11366,11367,11367,1,1
2019-11-01 17:15:04.000,11366,11367,11367,2,2
2019-11-01 17:15:04.000,11366,11367,11367,3,3
2019-11-01 17:15:04.000,11366,11367,11367,3,3
2019-11-01 17:15:04.000,11367,11368,11367,2,-2
2019-11-01 17:15:33.000,11367,11368,11367,7,-7
2019-11-01 17:18:02.000,11367,11368,11367,2,-2
2019-11-01 17:18:48.000,11367,11368,11367,2,-2
2019-11-01 17:19:27.000,11367,11368,11367,1,-1
2019-11-01 17:19:55.000,11367,11368,11368,5,5
2019-11-01 17:21:00.000,11367,11368,11367,1,-1
2019-11-01 17:21:01.000,11367,11368,11368,1,1
2019-11-01 17:21:11.000,11367,11368,11368,1,1
2019-11-01 17:21:42.000,11367,11368,11368,1,1
2019-11-01 17:21:49.000,11367,11368,11368,1,1
2019-11-01 17:21:51.000,11367,11368,11368,1,1
2019-11-01 17:22:22.000,11368,11369,11369,1,1
2019-11-01 17:22:22.000,11368,11369,11369,1,1
2019-11-01 17:22:23.000,11368,11369,11369,4,4
2019-11-01 17:22:27.000,11368,11369,11369,1,1
2019-11-01 17:22:49.000,11368,11369,11369,1,1
2019-11-01 17:23:18.000,11368,11369,11369,4,4
2019-11-01 17:23:40.000,11368,11369,11369,1,1
2019-11-01 17:23:55.000,11368,11369,11369,1,1
2019-11-01 17:24:24.000,11368,11369,11369,5,5
2019-11-01 17:24:53.000,11368,11369,11369,1,1
2019-11-01 17:25:06.000,11368,11369,11369,1,1
2019-11-01 17:25:07.000,11368,11369,11368,1,-1
2019-11-01 17:25:28.000,11368,11369,11369,1,1
2019-11-01 17:25:32.000,11368,11369,11368,1,-1
2019-11-01 17:25:36.000,11368,11369,11368,1,-1
2019-11-01 17:25:42.000,11368,11369,11369,24,24
2019-11-01 17:25:42.000,11368,11369,11369,1,1
2019-11-01 17:26:32.000,11368,11369,11368,1,-1
2019-11-01 17:27:48.000,11368,11369,11369,2,2
2019-11-01 17:27:59.000,11368,11369,11368,1,-1
2019-11-01 17:28:00.000,11368,11369,11368,1,-1
2019-11-01 17:28:27.000,11368,11369,11369,2,2
2019-11-01 17:29:09.000,11368,11369,11369,1,1
2019-11-01 17:29:23.000,11368,11369,11368,1,-1
2019-11-01 17:29:47.000,11368,11369,11368,1,-1
2019-11-01 17:29:48.000,11368,11369,11368,1,-1
2019-11-01 17:30:04.000,11368,11369,11369,2,2
2019-11-01 17:30:05.000,11368,11369,11369,2,2
2019-11-01 17:30:05.000,11368,11369,11369,2,2
2019-11-01 17:30:05.000,11368,11369,11369,2,2
2019-11-01 17:30:06.000,11368,11369,11369,1,1
2019-11-01 17:30:21.000,11369,11370,11369,1,-1
2019-11-01 17:30:40.000,11369,11370,11369,1,-1
2019-11-01 17:30:41.000,11369,11370,11369,3,-3
2019-11-01 17:30:41.000,11369,11370,11370,1,1
2019-11-01 17:30:41.000,11369,11370,11369,1,-1
2019-11-01 17:30:41.000,11369,11370,11369,2,-2
2019-11-01 17:30:55.000,11369,11370,11369,1,-1
2019-11-01 17:30:56.000,11369,11370,11369,1,-1
2019-11-01 17:30:58.000,11369,11370,11369,1,-1
2019-11-01 17:30:59.000,11369,11370,11369,1,-1
2019-11-01 17:31:16.000,11369,11370,11369,1,-1
2019-11-01 17:31:41.000,11368,11369,11369,1,1
2019-11-01 17:32:43.000,11369,11370,11369,5,-5
2019-11-01 17:32:55.000,11368,11369,11369,1,1
2019-11-01 17:32:56.000,11368,11369,11368,1,-1
2019-11-01 17:32:59.000,11368,11369,11369,1,1
2019-11-01 17:32:59.000,11368,11369,11368,1,-1
2019-11-01 17:33:00.000,11368,11369,11368,1,-1
2019-11-01 17:33:43.000,11368,11369,11368,3,-3
2019-11-01 17:33:44.000,11368,11369,11368,1,-1
2019-11-01 17:33:45.000,11368,11369,11368,1,-1
2019-11-01 17:33:47.000,11368,11369,11368,1,-1
2019-11-01 17:33:48.000,11368,11369,11368,1,-1
2019-11-01 17:34:07.000,11368,11369,11368,1,-1
2019-11-01 17:34:08.000,11368,11369,11368,1,-1
2019-11-01 17:35:05.000,11368,11369,11369,1,1
2019-11-01 17:35:31.000,11368,11369,11369,2,2
2019-11-01 17:35:56.000,11368,11369,11369,1,1
2019-11-01 17:36:07.000,11368,11369,11369,1,1
2019-11-01 17:38:00.000,11368,11369,11369,5,5
2019-11-01 17:39:39.000,11368,11369,11369,1,1
2019-11-01 17:39:45.000,11368,11369,11369,1,1
2019-11-01 17:39:45.000,11368,11369,11369,2,2
2019-11-01 17:39:45.000,11368,11369,11369,4,4
2019-11-01 17:39:45.000,11368,11369,11369,1,1
2019-11-01 17:40:17.000,11369,11370,11369,1,-1
2019-11-01 17:40:18.000,11369,11370,11369,1,-1
2019-11-01 17:40:29.000,11369,11370,11369,1,-1
2019-11-01 17:40:32.000,11369,11370,11369,1,-1
2019-11-01 17:40:35.000,11369,11370,11370,1,1
2019-11-01 17:41:07.000,11369,11370,11369,10,-10
2019-11-01 17:41:07.000,11368,11370,11369,1,-1
2019-11-01 17:41:20.000,11368,11369,11369,1,1
2019-11-01 17:41:24.000,11368,11370,11368,1,-1
2019-11-01 17:41:38.000,11368,11369,11368,2,-2
2019-11-01 17:41:48.000,11368,11369,11368,1,-1
2019-11-01 17:41:54.000,11368,11369,11368,5,-5
2019-11-01 17:41:56.000,11368,11369,11368,1,-1
2019-11-01 17:41:58.000,11368,11369,11368,5,-5
2019-11-01 17:41:59.000,11368,11369,11368,4,-4
2019-11-01 17:41:59.000,11367,11368,11368,1,1
2019-11-01 17:42:07.000,11367,11368,11368,2,2
2019-11-01 17:42:28.000,11367,11368,11368,1,1
2019-11-01 17:42:28.000,11367,11368,11368,1,1
2019-11-01 17:42:28.000,11367,11368,11368,5,5
2019-11-01 17:42:32.000,11368,11369,11368,5,-5
2019-11-01 17:42:33.000,11367,11369,11367,1,-1
2019-11-01 17:42:37.000,11368,11369,11368,5,5
2019-11-01 17:42:42.000,11368,11369,11368,5,-5
2019-11-01 17:42:42.000,11368,11369,11368,5,-5
2019-11-01 17:42:45.000,11368,11369,11368,1,-1
2019-11-01 17:43:01.000,11368,11369,11368,1,-1
2019-11-01 17:43:12.000,11368,11369,11368,1,-1
2019-11-01 17:43:12.000,11367,11369,11367,1,-1
2019-11-01 17:43:48.000,11367,11368,11368,1,1
2019-11-01 17:43:59.000,11367,11369,11369,2,2
2019-11-01 17:44:14.000,11368,11369,11368,1,-1
2019-11-01 17:44:17.000,11368,11369,11368,1,-1
2019-11-01 17:44:23.000,11367,11368,11368,1,1
2019-11-01 17:44:37.000,11367,11368,11368,1,1
2019-11-01 17:44:52.000,11367,11368,11367,1,-1
2019-11-01 17:44:52.000,11367,11368,11367,1,-1
2019-11-01 17:44:54.000,11367,11368,11367,1,-1
2019-11-01 17:44:55.000,11367,11368,11367,1,-1
2019-11-01 17:44:58.000,11367,11368,11367,1,-1
2019-11-01 17:45:01.000,11367,11368,11368,5,5
2019-11-01 17:45:33.000,11367,11368,11368,1,1
2019-11-01 17:45:40.000,11367,11368,11368,1,1
2019-11-01 17:45:42.000,11367,11368,11368,1,1
2019-11-01 17:46:12.000,11367,11368,11368,1,1
2019-11-01 17:46:18.000,11368,11369,11369,2,2
2019-11-01 17:46:45.000,11368,11369,11369,1,1
2019-11-01 17:47:32.000,11368,11369,11369,1,1
2019-11-01 17:47:37.000,11368,11369,11368,4,-4
2019-11-01 17:47:37.000,11367,11368,11368,1,1
2019-11-01 17:47:37.000,11367,11368,11368,1,1
2019-11-01 17:47:37.000,11367,11368,11368,2,2
2019-11-01 17:47:37.000,11367,11368,11368,2,2
2019-11-01 17:47:58.000,11367,11368,11368,7,7
2019-11-01 17:47:58.000,11367,11368,11368,1,1
2019-11-01 17:48:07.000,11367,11368,11367,1,-1
2019-11-01 17:48:08.000,11367,11368,11368,1,1
2019-11-01 17:48:08.000,11367,11368,11367,1,-1
2019-11-01 17:48:50.000,11367,11368,11367,1,-1
2019-11-01 17:48:50.000,11367,11368,11367,1,-1
2019-11-01 17:49:31.000,11367,11368,11367,1,-1
2019-11-01 17:49:38.000,11367,11368,11367,1,-1
2019-11-01 17:50:11.000,11367,11368,11367,1,-1
2019-11-01 17:51:15.000,11367,11368,11367,1,-1
2019-11-01 17:51:15.000,11367,11368,11367,17,-17
2019-11-01 17:51:16.000,11367,11368,11367,5,-5
2019-11-01 17:51:31.000,11366,11367,11366,1,-1
2019-11-01 17:51:44.000,11366,11367,11367,1,1
2019-11-01 17:52:12.000,11366,11367,11367,3,3
2019-11-01 17:52:12.000,11366,11367,11367,1,1
2019-11-01 17:52:19.000,11367,11368,11368,4,4
2019-11-01 17:52:32.000,11367,11368,11368,1,1
2019-11-01 17:53:33.000,11367,11368,11367,1,-1
2019-11-01 17:53:33.000,11367,11368,11367,1,-1
2019-11-01 17:54:29.000,11366,11367,11367,1,1
2019-11-01 17:54:34.000,11366,11367,11367,2,2
2019-11-01 17:55:16.000,11367,11368,11367,1,-1
2019-11-01 17:55:38.000,11367,11368,11368,1,1
2019-11-01 17:55:42.000,11367,11368,11367,1,-1
2019-11-01 17:56:43.000,11367,11368,11368,1,1
2019-11-01 17:57:03.000,11367,11368,11367,1,-1
2019-11-01 17:57:53.000,11367,11368,11367,1,-1
2019-11-01 17:57:55.000,11367,11368,11368,5,5
2019-11-01 17:58:57.000,11367,11368,11368,8,8
2019-11-01 17:59:01.000,11367,11368,11368,1,1
2019-11-01 17:59:11.000,11367,11368,11368,1,1
2019-11-01 17:59:23.000,11367,11368,11367,1,-1
2019-11-01 17:59:32.000,11367,11368,11368,1,1
2019-11-01 17:59:52.000,11367,11368,11368,1,1
2019-11-01 18:00:02.000,11367,11368,11368,1,1
2019-11-01 18:00:02.000,11367,11368,11368,3,3
2019-11-01 18:00:19.000,11368,11369,11368,1,-1
2019-11-01 18:00:21.000,11367,11368,11368,2,2
2019-11-01 18:01:07.000,11367,11369,11368,1,-1
2019-11-01 18:01:09.000,11368,11369,11368,1,-1
2019-11-01 18:01:13.000,11368,11369,11368,1,-1
2019-11-01 18:01:15.000,11368,11369,11368,1,-1
2019-11-01 18:01:37.000,11367,11368,11368,1,1
2019-11-01 18:01:40.000,11368,11369,11368,1,-1
2019-11-01 18:01:43.000,11368,11369,11368,1,-1
2019-11-01 18:01:47.000,11368,11369,11368,1,-1
2019-11-01 18:01:50.000,11368,11369,11368,1,-1
2019-11-01 18:02:17.000,11368,11369,11368,1,-1
2019-11-01 18:02:18.000,11368,11369,11368,1,-1
2019-11-01 18:02:18.000,11368,11369,11368,1,-1
2019-11-01 18:03:46.000,11368,11369,11369,5,5
2019-11-01 18:03:46.000,11368,11369,11369,1,1
2019-11-01 18:03:46.000,11368,11369,11369,1,1
2019-11-01 18:05:02.000,11368,11369,11369,2,2
2019-11-01 18:05:21.000,11368,11369,11369,2,2
2019-11-01 18:05:54.000,11368,11369,11368,1,-1
2019-11-01 18:06:10.000,11368,11369,11369,1,1
2019-11-01 18:06:29.000,11368,11369,11369,12,12
2019-11-01 18:06:29.000,11368,11369,11369,1,1
2019-11-01 18:06:29.000,11368,11369,11369,2,2
2019-11-01 18:06:47.000,11368,11369,11369,1,1
2019-11-01 18:08:52.000,11368,11369,11369,1,1
2019-11-01 18:08:59.000,11368,11369,11369,1,1
2019-11-01 18:09:06.000,11369,11370,11369,1,-1
2019-11-01 18:09:10.000,11368,11369,11369,1,1
2019-11-01 18:09:16.000,11369,11370,11369,1,-1
2019-11-01 18:09:59.000,11369,11370,11369,1,-1
2019-11-01 18:10:09.000,11369,11370,11369,1,-1
2019-11-01 18:10:11.000,11369,11370,11369,1,-1
2019-11-01 18:10:47.000,11369,11370,11369,2,-2
2019-11-01 18:11:01.000,11368,11369,11369,1,1
2019-11-01 18:11:58.000,11369,11370,11369,2,-2
2019-11-01 18:12:14.000,11369,11370,11369,3,-3
2019-11-01 18:12:38.000,11369,11370,11369,1,-1
2019-11-01 18:12:47.000,11369,11370,11370,1,1
2019-11-01 18:13:02.000,11369,11370,11369,1,-1
2019-11-01 18:13:17.000,11369,11370,11369,3,-3
2019-11-01 18:13:45.000,11368,11369,11368,1,-1
2019-11-01 18:14:35.000,11368,11369,11368,1,-1
2019-11-01 18:16:15.000,11368,11369,11368,1,-1
2019-11-01 18:16:20.000,11368,11369,11368,1,-1
2019-11-01 18:17:44.000,11368,11369,11368,2,-2
2019-11-01 18:17:56.000,11368,11369,11368,1,-1
2019-11-01 18:19:44.000,11368,11369,11368,1,-1
2019-11-01 18:20:11.000,11368,11369,11368,7,-7
2019-11-01 18:20:50.000,11368,11369,11368,1,-1
2019-11-01 18:20:57.000,11368,11369,11369,1,1
2019-11-01 18:21:02.000,11368,11369,11368,2,-2
2019-11-01 18:21:03.000,11368,11369,11368,1,-1
2019-11-01 18:21:34.000,11368,11369,11368,1,-1
2019-11-01 18:22:01.000,11368,11369,11368,4,-4
2019-11-01 18:22:09.000,11368,11369,11368,1,-1
2019-11-01 18:22:09.000,11368,11369,11368,2,-2
2019-11-01 18:22:13.000,11368,11369,11368,1,-1
2019-11-01 18:22:16.000,11368,11369,11368,1,-1
2019-11-01 18:22:33.000,11368,11369,11368,1,-1
2019-11-01 18:22:50.000,11367,11368,11368,1,1
2019-11-01 18:22:50.000,11367,11368,11368,2,2
2019-11-01 18:23:11.000,11367,11368,11367,1,-1
2019-11-01 18:23:11.000,11367,11368,11367,6,-6
2019-11-01 18:25:03.000,11367,11368,11367,7,-7
2019-11-01 18:25:03.000,11367,11368,11367,2,-2
2019-11-01 18:25:03.000,11367,11368,11366,1,-1
2019-11-01 18:25:04.000,11366,11367,11367,1,1
2019-11-01 18:25:20.000,11366,11367,11367,2,2
2019-11-01 18:25:49.000,11366,11367,11367,5,5
2019-11-01 18:26:03.000,11366,11367,11367,1,1
2019-11-01 18:26:40.000,11366,11367,11367,1,1
2019-11-01 18:27:40.000,11367,11368,11367,1,-1
2019-11-01 18:28:02.000,11367,11368,11367,1,-1
2019-11-01 18:28:12.000,11367,11368,11368,1,1
2019-11-01 18:28:36.000,11367,11368,11367,1,-1
2019-11-01 18:30:16.000,11367,11368,11368,6,6
2019-11-01 18:30:16.000,11367,11368,11368,4,4
2019-11-01 18:30:16.000,11367,11368,11367,1,-1
2019-11-01 18:31:56.000,11367,11368,11368,1,1
2019-11-01 18:31:59.000,11367,11369,11367,1,-1
2019-11-01 18:32:08.000,11367,11368,11368,1,1
2019-11-01 18:32:56.000,11367,11368,11368,1,1
2019-11-01 18:33:55.000,11368,11369,11368,1,-1
2019-11-01 18:34:42.000,11368,11369,11368,1,-1
2019-11-01 18:34:53.000,11367,11368,11368,2,2
2019-11-01 18:35:04.000,11367,11369,11369,3,3
2019-11-01 18:35:40.000,11368,11369,11368,1,-1
2019-11-01 18:35:58.000,11368,11369,11368,3,-3
2019-11-01 18:36:13.000,11368,11369,11368,1,-1
2019-11-01 18:37:09.000,11368,11369,11368,1,-1
2019-11-01 18:37:12.000,11368,11369,11369,1,1
2019-11-01 18:37:19.000,11368,11369,11369,1,1
2019-11-01 18:37:19.000,11368,11369,11369,3,3
2019-11-01 18:37:19.000,11368,11369,11369,2,2
2019-11-01 18:37:19.000,11368,11369,11369,3,3
2019-11-01 18:37:19.000,11368,11369,11369,4,4
2019-11-01 18:37:19.000,11368,11369,11369,3,3
2019-11-01 18:37:20.000,11369,11370,11370,1,1
2019-11-01 18:37:50.000,11369,11370,11370,3,3
2019-11-01 18:38:09.000,11369,11370,11370,3,3
2019-11-01 18:38:12.000,11369,11370,11370,1,1
2019-11-01 18:38:33.000,11369,11370,11369,1,-1
2019-11-01 18:38:53.000,11369,11370,11369,1,-1
2019-11-01 18:39:28.000,11369,11370,11369,2,-2
2019-11-01 18:40:42.000,11368,11369,11368,1,-1
2019-11-01 18:40:56.000,11368,11369,11368,3,-3
2019-11-01 18:41:42.000,11368,11369,11368,3,-3
2019-11-01 18:42:03.000,11368,11369,11369,5,5
2019-11-01 18:42:13.000,11368,11369,11368,1,-1
2019-11-01 18:42:27.000,11368,11369,11368,1,-1
2019-11-01 18:42:39.000,11368,11369,11368,1,-1
2019-11-01 18:43:27.000,11368,11369,11368,1,-1
2019-11-01 18:43:47.000,11368,11369,11368,2,-2
2019-11-01 18:43:48.000,11367,11369,11369,4,4
2019-11-01 18:45:42.000,11367,11368,11368,2,2
2019-11-01 18:45:58.000,11367,11368,11367,1,-1
2019-11-01 18:47:48.000,11367,11368,11367,1,-1
2019-11-01 18:47:48.000,11367,11368,11367,1,-1
2019-11-01 18:48:27.000,11367,11368,11367,1,-1
2019-11-01 18:49:41.000,11367,11368,11367,1,-1
2019-11-01 18:49:45.000,11367,11368,11368,6,6
2019-11-01 18:49:51.000,11368,11369,11368,1,-1
2019-11-01 18:50:31.000,11368,11369,11369,1,1
2019-11-01 18:51:07.000,11368,11369,11369,1,1
2019-11-01 18:52:06.000,11368,11369,11368,13,-13
2019-11-01 18:52:39.000,11368,11369,11368,1,-1
2019-11-01 18:52:40.000,11367,11368,11368,2,2
2019-11-01 18:53:39.000,11367,11368,11368,1,1
2019-11-01 18:54:38.000,11368,11369,11368,1,-1
2019-11-01 18:55:50.000,11368,11369,11369,1,1
2019-11-01 18:56:10.000,11368,11369,11369,1,1
2019-11-01 18:56:25.000,11368,11369,11369,8,8
2019-11-01 18:56:25.000,11368,11369,11368,1,-1
2019-11-01 18:56:44.000,11368,11369,11369,2,2
2019-11-01 18:57:23.000,11369,11370,11369,3,-3
2019-11-01 18:59:50.000,11369,11370,11369,1,-1
2019-11-01 19:01:44.000,11369,11370,11369,1,-1
2019-11-01 19:01:53.000,11369,11370,11369,5,-5
2019-11-01 19:01:54.000,11369,11370,11368,6,-6
2019-11-01 19:01:54.000,11369,11370,11369,9,9
2019-11-01 19:02:25.000,11368,11369,11369,2,2
2019-11-01 19:03:25.000,11368,11369,11369,1,1
2019-11-01 19:03:28.000,11368,11369,11368,1,-1
2019-11-01 19:03:38.000,11368,11369,11368,20,-20
2019-11-01 19:04:01.000,11368,11369,11368,1,-1
2019-11-01 19:04:02.000,11368,11369,11368,1,-1
2019-11-01 19:04:04.000,11368,11369,11368,1,-1
2019-11-01 19:04:04.000,11368,11369,11369,7,7
2019-11-01 19:04:19.000,11368,11369,11369,1,1
2019-11-01 19:04:46.000,11368,11369,11369,1,1
2019-11-01 19:05:01.000,11368,11369,11369,1,1
2019-11-01 19:05:28.000,11369,11370,11369,1,-1
2019-11-01 19:06:10.000,11368,11369,11369,1,1
2019-11-01 19:07:03.000,11368,11369,11368,1,-1
2019-11-01 19:08:34.000,11368,11369,11368,1,-1
2019-11-01 19:08:56.000,11368,11369,11368,5,-5
2019-11-01 19:09:02.000,11368,11369,11368,2,-2
2019-11-01 19:09:12.000,11368,11369,11368,1,-1
2019-11-01 19:09:43.000,11368,11369,11368,8,-8
2019-11-01 19:09:43.000,11368,11369,11368,3,-3
2019-11-01 19:09:43.000,11368,11369,11368,4,-4
2019-11-01 19:10:37.000,11367,11368,11368,1,1
2019-11-01 19:11:01.000,11368,11369,11368,1,-1
2019-11-01 19:11:34.000,11368,11369,11368,1,-1
2019-11-01 19:12:16.000,11368,11369,11368,1,-1
2019-11-01 19:13:43.000,11368,11369,11369,20,20
2019-11-01 19:14:20.000,11368,11369,11369,1,1
2019-11-01 19:14:24.000,11368,11369,11369,1,1
2019-11-01 19:14:25.000,11368,11369,11369,1,1
2019-11-01 19:14:27.000,11368,11369,11369,1,1
2019-11-01 19:15:40.000,11368,11369,11368,1,-1
2019-11-01 19:16:24.000,11368,11369,11368,2,-2
2019-11-01 19:16:24.000,11368,11369,11368,1,-1
2019-11-01 19:16:24.000,11368,11369,11368,17,-17
2019-11-01 19:16:24.000,11368,11369,11368,5,-5
2019-11-01 19:16:24.000,11368,11369,11368,3,-3
2019-11-01 19:16:42.000,11367,11368,11368,1,1
2019-11-01 19:16:53.000,11367,11369,11368,1,-1
2019-11-01 19:17:14.000,11367,11368,11367,1,-1
2019-11-01 19:17:19.000,11367,11368,11367,2,-2
2019-11-01 19:17:22.000,11367,11368,11367,1,-1
2019-11-01 19:17:30.000,11367,11368,11367,1,-1
2019-11-01 19:18:25.000,11367,11368,11367,1,-1
2019-11-01 19:18:28.000,11367,11368,11368,1,1
2019-11-01 19:18:28.000,11367,11368,11367,8,-8
2019-11-01 19:18:29.000,11367,11368,11367,30,-30
2019-11-01 19:18:37.000,11366,11367,11366,24,-24
2019-11-01 19:18:38.000,11365,11366,11365,1,-1
2019-11-01 19:18:38.000,11365,11366,11365,3,-3
2019-11-01 19:18:38.000,11365,11366,11365,6,-6
2019-11-01 19:18:38.000,11365,11366,11365,8,-8
2019-11-01 19:18:38.000,11365,11366,11365,1,-1
2019-11-01 19:18:38.000,11365,11366,11365,2,-2
2019-11-01 19:18:38.000,11365,11366,11365,2,-2
2019-11-01 19:18:38.000,11365,11366,11365,1,-1
2019-11-01 19:18:38.000,11365,11366,11365,2,-2
2019-11-01 19:18:38.000,11365,11366,11365,1,-1
2019-11-01 19:18:38.000,11365,11366,11365,1,-1
2019-11-01 19:18:39.000,11364,11366,11364,1,-1
2019-11-01 19:18:40.000,11364,11366,11364,1,-1
2019-11-01 19:18:50.000,11365,11366,11365,1,1
2019-11-01 19:18:51.000,11364,11366,11364,3,-3
2019-11-01 19:18:57.000,11365,11366,11365,5,5
2019-11-01 19:19:05.000,11365,11366,11365,1,-1
2019-11-01 19:19:14.000,11364,11365,11364,1,-1
2019-11-01 19:19:16.000,11364,11365,11364,1,-1
2019-11-01 19:19:17.000,11364,11365,11364,1,-1
2019-11-01 19:19:19.000,11364,11365,11364,1,-1
2019-11-01 19:19:21.000,11364,11365,11365,2,2
2019-11-01 19:19:23.000,11364,11365,11365,1,1
2019-11-01 19:19:37.000,11364,11365,11365,2,2
2019-11-01 19:19:37.000,11364,11365,11365,2,2
2019-11-01 19:19:37.000,11364,11365,11365,11,11
2019-11-01 19:19:45.000,11365,11366,11365,1,-1
2019-11-01 19:19:48.000,11365,11366,11365,1,-1
2019-11-01 19:19:49.000,11365,11366,11365,1,-1
2019-11-01 19:19:52.000,11365,11366,11365,4,-4
2019-11-01 19:19:53.000,11365,11366,11365,1,-1
2019-11-01 19:19:55.000,11365,11366,11365,7,-7
2019-11-01 19:19:56.000,11365,11366,11365,2,-2
2019-11-01 19:19:56.000,11365,11366,11365,2,-2
2019-11-01 19:19:59.000,11365,11366,11365,1,-1
2019-11-01 19:20:01.000,11365,11366,11365,3,-3
2019-11-01 19:20:02.000,11365,11366,11365,1,-1
2019-11-01 19:20:02.000,11365,11366,11365,1,-1
2019-11-01 19:20:07.000,11365,11366,11365,2,-2
2019-11-01 19:20:44.000,11364,11365,11365,1,1
2019-11-01 19:20:46.000,11364,11365,11365,2,2
2019-11-01 19:20:53.000,11364,11365,11365,2,2
2019-11-01 19:20:53.000,11364,11365,11365,9,9
2019-11-01 19:20:53.000,11364,11365,11365,2,2
2019-11-01 19:21:24.000,11365,11366,11365,1,-1
2019-11-01 19:21:25.000,11365,11366,11365,3,-3
2019-11-01 19:21:49.000,11365,11366,11365,1,-1
2019-11-01 19:21:58.000,11365,11366,11365,1,-1
2019-11-01 19:22:20.000,11365,11366,11365,2,-2
2019-11-01 19:22:27.000,11365,11366,11365,1,-1
2019-11-01 19:22:31.000,11365,11366,11365,1,-1
2019-11-01 19:22:33.000,11365,11366,11365,1,-1
2019-11-01 19:22:42.000,11365,11366,11365,1,-1
2019-11-01 19:22:42.000,11365,11366,11365,4,-4
2019-11-01 19:22:58.000,11364,11365,11364,2,-2
2019-11-01 19:23:18.000,11364,11365,11365,1,1
2019-11-01 19:23:20.000,11364,11365,11364,1,-1
2019-11-01 19:23:27.000,11364,11365,11365,9,9
2019-11-01 19:23:35.000,11365,11366,11365,1,-1
2019-11-01 19:23:41.000,11364,11365,11365,1,1
2019-11-01 19:24:08.000,11364,11365,11365,1,1
2019-11-01 19:24:24.000,11364,11365,11365,1,1
2019-11-01 19:24:25.000,11364,11366,11364,1,-1
2019-11-01 19:24:46.000,11364,11365,11364,1,-1
2019-11-01 19:24:51.000,11364,11365,11364,1,-1
2019-11-01 19:24:54.000,11364,11365,11364,1,-1
2019-11-01 19:24:57.000,11364,11365,11365,5,5
2019-11-01 19:24:57.000,11364,11365,11365,1,1
2019-11-01 19:25:09.000,11364,11365,11365,1,1
2019-11-01 19:25:13.000,11365,11366,11366,1,1
2019-11-01 19:25:15.000,11365,11366,11365,1,-1
2019-11-01 19:25:15.000,11365,11366,11365,3,-3
2019-11-01 19:25:15.000,11365,11366,11365,1,-1
2019-11-01 19:25:29.000,11364,11365,11365,1,1
2019-11-01 19:25:30.000,11364,11365,11365,1,1
2019-11-01 19:25:34.000,11364,11365,11365,2,2
2019-11-01 19:25:35.000,11364,11365,11364,1,-1
2019-11-01 19:25:35.000,11364,11365,11364,1,-1
2019-11-01 19:25:35.000,11364,11365,11364,1,-1
2019-11-01 19:25:36.000,11364,11365,11364,1,-1
2019-11-01 19:25:38.000,11364,11365,11364,10,-10
2019-11-01 19:25:42.000,11364,11365,11364,11,-11
2019-11-01 19:25:50.000,11364,11365,11364,1,-1
2019-11-01 19:26:09.000,11363,11364,11363,1,-1
2019-11-01 19:26:09.000,11363,11364,11364,1,1
2019-11-01 19:26:09.000,11363,11364,11363,1,-1
2019-11-01 19:26:09.000,11363,11364,11363,1,-1
2019-11-01 19:26:09.000,11363,11364,11363,4,-4
2019-11-01 19:26:09.000,11363,11364,11363,4,-4
2019-11-01 19:26:09.000,11363,11364,11363,4,-4
2019-11-01 19:26:09.000,11363,11364,11363,4,-4
2019-11-01 19:26:09.000,11363,11364,11363,4,-4
2019-11-01 19:26:09.000,11363,11364,11363,4,-4
2019-11-01 19:26:09.000,11363,11364,11363,2,-2
2019-11-01 19:26:09.000,11363,11364,11363,4,-4
2019-11-01 19:26:09.000,11363,11364,11363,4,-4
2019-11-01 19:26:09.000,11363,11364,11363,4,-4
2019-11-01 19:26:09.000,11363,11364,11362,1,-1
2019-11-01 19:26:09.000,11363,11364,11363,3,3
2019-11-01 19:26:09.000,11363,11364,11362,2,-2
2019-11-01 19:26:09.000,11363,11364,11362,4,-4
2019-11-01 19:26:09.000,11362,11363,11362,1,-1
2019-11-01 19:26:09.000,11362,11363,11362,1,-1
2019-11-01 19:26:09.000,11362,11363,11362,1,-1
2019-11-01 19:26:09.000,11362,11363,11362,4,-4
2019-11-01 19:26:09.000,11362,11363,11362,4,-4
2019-11-01 19:26:09.000,11362,11363,11362,4,-4
2019-11-01 19:26:09.000,11362,11363,11362,1,-1
2019-11-01 19:26:09.000,11362,11363,11362,2,-2
2019-11-01 19:26:09.000,11362,11363,11362,1,-1
2019-11-01 19:26:09.000,11362,11363,11362,2,-2
2019-11-01 19:26:09.000,11362,11363,11361,1,-1
2019-11-01 19:26:10.000,11362,11363,11361,6,-6
2019-11-01 19:26:10.000,11362,11363,11361,3,-3
2019-11-01 19:26:10.000,11362,11363,11361,2,-2
2019-11-01 19:26:10.000,11361,11362,11361,6,-6
2019-11-01 19:26:10.000,11361,11362,11361,2,-2
2019-11-01 19:26:10.000,11361,11362,11362,1,1
2019-11-01 19:26:10.000,11361,11362,11361,2,-2
2019-11-01 19:26:10.000,11361,11362,11361,2,-2
2019-11-01 19:26:10.000,11361,11362,11361,1,-1
2019-11-01 19:26:10.000,11361,11362,11361,2,-2
2019-11-01 19:26:10.000,11361,11362,11361,2,-2
2019-11-01 19:26:10.000,11361,11362,11361,5,-5
2019-11-01 19:26:10.000,11361,11362,11361,2,-2
2019-11-01 19:26:10.000,11361,11362,11361,1,-1
2019-11-01 19:26:10.000,11361,11362,11361,1,-1
2019-11-01 19:26:10.000,11361,11362,11361,1,-1
2019-11-01 19:26:10.000,11361,11362,11361,1,-1
2019-11-01 19:26:10.000,11361,11362,11361,2,-2
2019-11-01 19:26:10.000,11361,11362,11361,1,-1
2019-11-01 19:26:10.000,11361,11362,11361,4,-4
2019-11-01 19:26:10.000,11361,11362,11361,1,-1
2019-11-01 19:26:10.000,11361,11362,11361,2,-2
2019-11-01 19:26:10.000,11361,11362,11361,2,-2
2019-11-01 19:26:10.000,11361,11362,11361,2,-2
2019-11-01 19:26:11.000,11361,11362,11361,2,-2
2019-11-01 19:26:11.000,11361,11362,11361,1,-1
2019-11-01 19:26:11.000,11361,11362,11361,1,-1
2019-11-01 19:26:11.000,11361,11362,11361,3,-3
2019-11-01 19:26:11.000,11361,11362,11361,2,-2
2019-11-01 19:26:11.000,11361,11362,11362,10,10
2019-11-01 19:26:11.000,11361,11362,11362,10,10
2019-11-01 19:26:11.000,11361,11363,11361,2,-2
2019-11-01 19:26:11.000,11361,11363,11361,2,-2
2019-11-01 19:26:12.000,11361,11363,11361,1,-1
2019-11-01 19:26:12.000,11361,11363,11361,2,-2
2019-11-01 19:26:17.000,11361,11362,11361,1,-1
2019-11-01 19:26:17.000,11361,11362,11362,1,1
2019-11-01 19:26:29.000,11362,11363,11362,1,-1
2019-11-01 19:26:35.000,11362,11363,11362,5,-5
2019-11-01 19:26:36.000,11362,11363,11363,2,2
2019-11-01 19:26:36.000,11362,11363,11363,1,1
2019-11-01 19:26:39.000,11362,11363,11363,1,1
2019-11-01 19:26:39.000,11362,11363,11362,1,-1
2019-11-01 19:26:41.000,11362,11363,11362,1,-1
2019-11-01 19:26:43.000,11362,11363,11362,1,-1
2019-11-01 19:26:45.000,11362,11363,11363,1,1
2019-11-01 19:26:47.000,11362,11363,11363,1,1
2019-11-01 19:26:49.000,11362,11363,11362,4,-4
2019-11-01 19:26:51.000,11362,11363,11363,3,3
2019-11-01 19:27:04.000,11363,11364,11363,1,-1
2019-11-01 19:27:14.000,11363,11364,11364,4,4
2019-11-01 19:27:14.000,11363,11364,11365,10,10
2019-11-01 19:27:20.000,11363,11364,11364,4,4
2019-11-01 19:27:20.000,11363,11364,11365,10,10
2019-11-01 19:27:28.000,11363,11365,11365,9,9
2019-11-01 19:27:40.000,11364,11365,11365,5,5
2019-11-01 19:27:41.000,11365,11366,11365,1,-1
2019-11-01 19:27:41.000,11365,11366,11365,2,-2
2019-11-01 19:27:45.000,11364,11366,11366,1,1
2019-11-01 19:27:46.000,11364,11366,11366,1,1
2019-11-01 19:27:50.000,11364,11366,11366,1,1
2019-11-01 19:27:51.000,11364,11366,11366,1,1
2019-11-01 19:28:05.000,11364,11365,11365,1,1
2019-11-01 19:28:05.000,11364,11365,11365,1,1
2019-11-01 19:28:05.000,11364,11366,11366,1,1
2019-11-01 19:28:06.000,11364,11366,11366,1,1
2019-11-01 19:28:07.000,11364,11366,11366,1,1
2019-11-01 19:28:33.000,11364,11365,11365,1,1
2019-11-01 19:28:58.000,11364,11365,11364,2,-2
2019-11-01 19:29:12.000,11364,11365,11364,1,-1
2019-11-01 19:29:15.000,11364,11365,11364,1,-1
2019-11-01 19:29:19.000,11364,11365,11364,1,-1
2019-11-01 19:29:19.000,11364,11365,11364,1,-1
2019-11-01 19:29:20.000,11364,11365,11364,1,-1
2019-11-01 19:29:22.000,11364,11365,11364,1,-1
2019-11-01 19:29:25.000,11364,11365,11364,1,-1
2019-11-01 19:29:25.000,11364,11365,11364,1,-1
2019-11-01 19:29:37.000,11364,11365,11364,1,-1
2019-11-01 19:29:39.000,11364,11365,11364,2,-2
2019-11-01 19:30:13.000,11364,11365,11364,11,-11
2019-11-01 19:30:14.000,11364,11365,11363,3,-3
2019-11-01 19:30:14.000,11364,11365,11364,9,9
2019-11-01 19:30:49.000,11364,11365,11365,1,1
2019-11-01 19:30:49.000,11364,11365,11364,4,-4
2019-11-01 19:30:54.000,11364,11365,11364,2,-2
2019-11-01 19:30:57.000,11364,11365,11364,1,-1
2019-11-01 19:31:03.000,11364,11365,11364,1,-1
2019-11-01 19:31:23.000,11364,11365,11364,1,-1
2019-11-01 19:31:24.000,11364,11365,11365,1,1
2019-11-01 19:31:30.000,11364,11365,11365,1,1
2019-11-01 19:31:39.000,11364,11365,11365,2,2
2019-11-01 19:31:39.000,11364,11365,11365,1,1
2019-11-01 19:31:39.000,11364,11365,11365,1,1
2019-11-01 19:31:40.000,11365,11366,11366,1,1
2019-11-01 19:31:52.000,11364,11366,11366,1,1
2019-11-01 19:32:52.000,11365,11366,11366,10,10
2019-11-01 19:32:52.000,11365,11366,11366,1,1
2019-11-01 19:32:53.000,11365,11366,11366,2,2
2019-11-01 19:33:02.000,11365,11366,11366,4,4
2019-11-01 19:33:12.000,11366,11367,11366,1,-1
2019-11-01 19:33:18.000,11365,11367,11367,1,1
2019-11-01 19:33:19.000,11365,11367,11367,1,1
2019-11-01 19:33:22.000,11366,11367,11367,1,1
2019-11-01 19:33:56.000,11366,11367,11367,1,1
2019-11-01 19:34:16.000,11366,11367,11367,1,1
2019-11-01 19:34:24.000,11366,11367,11367,1,1
2019-11-01 19:34:24.000,11366,11367,11367,1,1
2019-11-01 19:34:28.000,11366,11367,11367,7,7
2019-11-01 19:34:28.000,11366,11367,11367,7,7
2019-11-01 19:34:45.000,11367,11368,11368,1,1
2019-11-01 19:34:47.000,11367,11368,11367,1,-1
2019-11-01 19:34:54.000,11367,11368,11367,2,-2
2019-11-01 19:35:08.000,11367,11368,11367,1,-1
2019-11-01 19:35:42.000,11367,11368,11367,1,-1
2019-11-01 19:35:52.000,11367,11368,11368,4,4
2019-11-01 19:35:54.000,11367,11368,11368,2,2
2019-11-01 19:35:54.000,11367,11368,11368,2,2
2019-11-01 19:35:54.000,11367,11368,11368,2,2
2019-11-01 19:35:54.000,11367,11368,11368,4,4
2019-11-01 19:35:55.000,11368,11369,11369,3,3
2019-11-01 19:35:55.000,11368,11369,11369,3,3
2019-11-01 19:35:55.000,11368,11369,11369,1,1
2019-11-01 19:35:55.000,11368,11369,11369,1,1
2019-11-01 19:35:55.000,11368,11369,11369,4,4
2019-11-01 19:35:55.000,11368,11369,11369,1,1
2019-11-01 19:35:55.000,11368,11369,11369,2,2
2019-11-01 19:35:55.000,11368,11369,11369,2,2
2019-11-01 19:35:55.000,11368,11369,11369,1,1
2019-11-01 19:35:57.000,11368,11369,11368,5,-5
2019-11-01 19:36:01.000,11368,11369,11369,1,1
2019-11-01 19:36:01.000,11368,11369,11369,1,1
2019-11-01 19:36:02.000,11368,11369,11369,5,5
2019-11-01 19:36:02.000,11368,11369,11368,4,-4
2019-11-01 19:36:04.000,11368,11369,11368,1,-1
2019-11-01 19:36:17.000,11368,11369,11368,8,-8
2019-11-01 19:36:22.000,11367,11368,11368,1,1
2019-11-01 19:36:24.000,11367,11368,11368,1,1
2019-11-01 19:36:36.000,11368,11369,11368,1,-1
2019-11-01 19:36:41.000,11368,11369,11369,1,1
2019-11-01 19:36:59.000,11368,11369,11368,1,-1
2019-11-01 19:37:01.000,11368,11369,11369,50,50
2019-11-01 19:37:01.000,11368,11369,11369,4,4
2019-11-01 19:37:01.000,11368,11369,11369,3,3
2019-11-01 19:37:04.000,11368,11369,11369,2,2
2019-11-01 19:37:16.000,11369,11370,11370,2,2
2019-11-01 19:37:16.000,11369,11370,11370,6,6
2019-11-01 19:37:16.000,11369,11370,11370,1,1
2019-11-01 19:37:16.000,11369,11370,11370,1,1
2019-11-01 19:37:16.000,11369,11370,11370,2,2
2019-11-01 19:37:17.000,11369,11370,11370,1,1
2019-11-01 19:37:17.000,11369,11370,11370,2,2
2019-11-01 19:37:17.000,11369,11370,11370,2,2
2019-11-01 19:37:17.000,11369,11370,11370,2,2
2019-11-01 19:37:17.000,11369,11370,11370,9,9
2019-11-01 19:37:17.000,11369,11370,11370,1,1
2019-11-01 19:37:25.000,11370,11371,11371,1,1
2019-11-01 19:37:25.000,11370,11371,11371,1,1
2019-11-01 19:37:25.000,11370,11371,11371,2,2
2019-11-01 19:37:25.000,11370,11371,11371,2,2
2019-11-01 19:37:25.000,11370,11371,11371,2,2
2019-11-01 19:37:28.000,11370,11371,11371,1,1
2019-11-01 19:37:28.000,11370,11371,11371,4,4
2019-11-01 19:37:28.000,11370,11371,11371,3,3
2019-11-01 19:37:28.000,11370,11371,11371,1,1
2019-11-01 19:37:28.000,11370,11371,11371,1,1
2019-11-01 19:37:28.000,11370,11371,11371,3,3
2019-11-01 19:37:28.000,11370,11371,11371,8,8
2019-11-01 19:37:28.000,11370,11371,11371,1,1
2019-11-01 19:37:28.000,11370,11371,11371,5,5
2019-11-01 19:37:28.000,11370,11371,11371,3,3
2019-11-01 19:37:28.000,11370,11371,11371,1,1
2019-11-01 19:37:28.000,11371,11372,11372,1,1
2019-11-01 19:37:28.000,11370,11372,11372,2,2
2019-11-01 19:37:28.000,11370,11372,11372,2,2
2019-11-01 19:37:28.000,11370,11372,11372,1,1
2019-11-01 19:37:28.000,11370,11372,11372,1,1
2019-11-01 19:37:29.000,11371,11372,11372,2,2
2019-11-01 19:37:29.000,11371,11372,11372,1,1
2019-11-01 19:37:29.000,11371,11372,11371,3,-3
2019-11-01 19:37:29.000,11371,11372,11371,1,-1
2019-11-01 19:37:29.000,11370,11371,11371,1,1
2019-11-01 19:37:29.000,11370,11371,11372,1,1
2019-11-01 19:37:29.000,11370,11372,11372,2,2
2019-11-01 19:37:30.000,11370,11372,11372,2,2
2019-11-01 19:37:32.000,11371,11372,11372,1,1
2019-11-01 19:37:38.000,11371,11372,11372,2,2
2019-11-01 19:37:38.000,11371,11372,11371,1,-1
2019-11-01 19:37:39.000,11371,11372,11371,1,-1
2019-11-01 19:37:39.000,11371,11372,11371,3,-3
2019-11-01 19:37:40.000,11370,11371,11371,5,5
2019-11-01 19:37:41.000,11370,11371,11371,3,3
2019-11-01 19:37:41.000,11370,11371,11371,1,1
2019-11-01 19:37:41.000,11370,11371,11371,1,1
2019-11-01 19:37:41.000,11370,11371,11371,1,1
2019-11-01 19:37:45.000,11370,11371,11371,2,2
2019-11-01 19:37:45.000,11370,11371,11371,1,1
2019-11-01 19:37:47.000,11370,11371,11371,1,1
2019-11-01 19:37:49.000,11370,11371,11370,1,-1
2019-11-01 19:37:53.000,11370,11371,11371,1,1
2019-11-01 19:37:55.000,11370,11371,11370,1,-1
2019-11-01 19:38:09.000,11370,11371,11371,2,2
2019-11-01 19:38:10.000,11370,11371,11371,1,1
2019-11-01 19:38:10.000,11370,11371,11371,2,2
2019-11-01 19:38:11.000,11370,11371,11371,1,1
2019-11-01 19:38:11.000,11370,11371,11371,1,1
2019-11-01 19:38:13.000,11370,11371,11371,1,1
2019-11-01 19:38:15.000,11370,11371,11371,1,1
2019-11-01 19:38:22.000,11370,11371,11371,1,1
2019-11-01 19:38:26.000,11370,11371,11371,3,3
2019-11-01 19:38:31.000,11370,11371,11370,21,-21
2019-11-01 19:38:32.000,11369,11370,11369,1,-1
2019-11-01 19:38:36.000,11368,11370,11368,1,-1
2019-11-01 19:38:37.000,11368,11370,11368,1,-1
2019-11-01 19:38:38.000,11368,11370,11368,1,-1
2019-11-01 19:38:42.000,11369,11370,11369,1,1
2019-11-01 19:38:47.000,11369,11370,11369,1,-1
2019-11-01 19:38:52.000,11369,11370,11370,5,5
2019-11-01 19:38:53.000,11369,11370,11370,2,2
2019-11-01 19:38:53.000,11369,11370,11370,5,5
2019-11-01 19:38:54.000,11369,11370,11369,1,-1
2019-11-01 19:38:55.000,11369,11370,11370,1,1
2019-11-01 19:38:56.000,11369,11370,11369,1,-1
2019-11-01 19:38:57.000,11369,11370,11369,1,-1
2019-11-01 19:38:57.000,11369,11370,11370,1,1
2019-11-01 19:38:58.000,11369,11370,11370,1,1
2019-11-01 19:39:04.000,11369,11370,11370,2,2
2019-11-01 19:39:04.000,11369,11370,11370,1,1
2019-11-01 19:39:15.000,11370,11371,11370,3,-3
2019-11-01 19:39:15.000,11369,11371,11369,1,-1
2019-11-01 19:39:16.000,11369,11371,11369,1,-1
2019-11-01 19:39:17.000,11369,11371,11369,1,-1
2019-11-01 19:39:26.000,11369,11371,11369,2,-2
2019-11-01 19:39:36.000,11370,11371,11370,7,7
2019-11-01 19:39:45.000,11369,11370,11369,1,-1
2019-11-01 19:39:46.000,11369,11370,11369,1,-1
2019-11-01 19:39:47.000,11369,11370,11369,1,-1
2019-11-01 19:39:56.000,11369,11370,11369,1,-1
2019-11-01 19:40:01.000,11369,11370,11370,2,2
2019-11-01 19:40:01.000,11369,11370,11369,1,-1
2019-11-01 19:40:02.000,11369,11370,11369,7,-7
2019-11-01 19:40:02.000,11369,11370,11369,1,-1
2019-11-01 19:40:02.000,11369,11370,11369,7,-7
2019-11-01 19:40:02.000,11369,11370,11370,2,2
2019-11-01 19:40:03.000,11369,11370,11370,2,2
2019-11-01 19:40:03.000,11369,11370,11369,1,-1
2019-11-01 19:40:06.000,11369,11370,11369,2,-2
2019-11-01 19:40:06.000,11369,11370,11370,2,2
2019-11-01 19:40:07.000,11369,11370,11370,2,2
2019-11-01 19:40:08.000,11369,11370,11370,3,3
2019-11-01 19:40:12.000,11369,11370,11370,2,2
2019-11-01 19:40:13.000,11369,11370,11370,2,2
2019-11-01 19:40:18.000,11369,11370,11370,2,2
2019-11-01 19:40:18.000,11370,11371,11371,1,1
2019-11-01 19:40:18.000,11370,11371,11371,1,1
2019-11-01 19:40:20.000,11370,11371,11370,5,-5
2019-11-01 19:40:24.000,11370,11371,11370,1,-1
2019-11-01 19:40:37.000,11370,11371,11370,2,-2
2019-11-01 19:40:38.000,11369,11370,11370,1,1
2019-11-01 19:40:44.000,11369,11370,11370,2,2
2019-11-01 19:40:44.000,11369,11370,11370,2,2
2019-11-01 19:40:51.000,11369,11370,11369,1,-1
2019-11-01 19:40:55.000,11369,11370,11369,7,-7
2019-11-01 19:41:16.000,11369,11370,11370,1,1
2019-11-01 19:41:17.000,11369,11370,11370,2,2
2019-11-01 19:41:17.000,11369,11370,11370,2,2
2019-11-01 19:41:58.000,11369,11370,11369,3,-3
2019-11-01 19:42:00.000,11369,11370,11369,1,-1
2019-11-01 19:42:00.000,11369,11370,11369,1,-1
2019-11-01 19:42:02.000,11369,11370,11370,2,2
2019-11-01 19:42:02.000,11369,11370,11370,2,2
2019-11-01 19:42:10.000,11369,11370,11370,1,1
2019-11-01 19:42:42.000,11369,11370,11370,4,4
2019-11-01 19:43:12.000,11369,11370,11370,3,3
2019-11-01 19:43:14.000,11369,11370,11370,4,4
2019-11-01 19:43:16.000,11370,11371,11370,1,-1
2019-11-01 19:43:23.000,11370,11371,11370,1,-1
2019-11-01 19:43:35.000,11370,11371,11370,1,-1
2019-11-01 19:43:55.000,11370,11371,11370,1,-1
2019-11-01 19:44:02.000,11370,11371,11370,1,-1
2019-11-01 19:44:12.000,11370,11371,11370,1,-1
2019-11-01 19:44:21.000,11370,11371,11370,1,-1
2019-11-01 19:44:31.000,11370,11371,11371,4,4
2019-11-01 19:44:32.000,11370,11371,11371,4,4
2019-11-01 19:44:34.000,11370,11371,11371,4,4
2019-11-01 19:44:35.000,11370,11371,11371,4,4
2019-11-01 19:44:43.000,11370,11371,11371,4,4
2019-11-01 19:44:43.000,11370,11371,11370,1,-1
2019-11-01 19:44:43.000,11370,11371,11371,5,5
2019-11-01 19:44:50.000,11370,11371,11371,10,10
2019-11-01 19:44:51.000,11370,11371,11371,5,5
2019-11-01 19:44:51.000,11370,11371,11371,4,4
2019-11-01 19:44:59.000,11371,11372,11371,3,-3
2019-11-01 19:45:02.000,11370,11371,11371,1,1
2019-11-01 19:45:06.000,11370,11371,11371,1,1
2019-11-01 19:45:13.000,11371,11372,11371,2,-2
2019-11-01 19:45:17.000,11370,11371,11371,1,1
2019-11-01 19:45:38.000,11370,11371,11371,2,2
2019-11-01 19:45:40.000,11370,11371,11371,2,2
2019-11-01 19:45:42.000,11370,11371,11371,2,2
2019-11-01 19:45:54.000,11370,11371,11371,2,2
2019-11-01 19:45:54.000,11370,11371,11371,2,2
2019-11-01 19:45:58.000,11370,11371,11371,2,2
2019-11-01 19:45:58.000,11370,11371,11371,2,2
2019-11-01 19:46:00.000,11370,11371,11370,1,-1
2019-11-01 19:46:12.000,11370,11371,11370,1,-1
2019-11-01 19:46:33.000,11370,11371,11370,10,-10
2019-11-01 19:46:34.000,11369,11370,11370,2,2
2019-11-01 19:47:02.000,11369,11370,11369,1,-1
2019-11-01 19:47:16.000,11369,11370,11369,2,-2
2019-11-01 19:47:18.000,11369,11370,11369,3,-3
2019-11-01 19:47:20.000,11369,11370,11369,2,-2
2019-11-01 19:47:21.000,11369,11370,11369,2,-2
2019-11-01 19:47:59.000,11369,11370,11369,1,-1
2019-11-01 19:48:55.000,11369,11370,11369,1,-1
2019-11-01 19:49:11.000,11369,11370,11370,1,1
2019-11-01 19:49:11.000,11369,11370,11370,1,1
2019-11-01 19:49:21.000,11369,11370,11369,1,-1
2019-11-01 19:49:23.000,11369,11370,11370,4,4
2019-11-01 19:49:38.000,11369,11370,11370,1,1
2019-11-01 19:49:43.000,11369,11370,11369,1,-1
2019-11-01 19:49:44.000,11369,11370,11369,1,-1
2019-11-01 19:49:46.000,11369,11370,11369,1,-1
2019-11-01 19:49:47.000,11369,11370,11369,1,-1
2019-11-01 19:50:16.000,11369,11370,11369,1,-1
2019-11-01 19:50:50.000,11369,11370,11369,1,-1
2019-11-01 19:50:50.000,11369,11370,11369,1,-1
2019-11-01 19:50:51.000,11369,11370,11369,1,-1
2019-11-01 19:50:52.000,11369,11370,11369,1,-1
2019-11-01 19:50:53.000,11369,11370,11369,1,-1
2019-11-01 19:50:54.000,11369,11370,11369,1,-1
2019-11-01 19:50:57.000,11369,11370,11369,1,-1
2019-11-01 19:51:09.000,11369,11370,11369,1,-1
2019-11-01 19:51:11.000,11368,11369,11369,1,1
2019-11-01 19:51:13.000,11368,11369,11369,1,1
2019-11-01 19:51:28.000,11369,11370,11369,1,-1
2019-11-01 19:51:28.000,11368,11370,11369,1,-1
2019-11-01 19:51:29.000,11368,11369,11369,1,1
2019-11-01 19:51:32.000,11369,11370,11369,2,-2
2019-11-01 19:51:35.000,11368,11369,11369,3,3
2019-11-01 19:51:39.000,11369,11370,11369,1,-1
2019-11-01 19:51:45.000,11369,11370,11369,1,-1
2019-11-01 19:51:46.000,11369,11370,11369,2,-2
2019-11-01 19:51:46.000,11369,11370,11369,2,-2
2019-11-01 19:52:40.000,11369,11370,11369,1,-1
2019-11-01 19:53:07.000,11369,11370,11369,10,-10
2019-11-01 19:53:25.000,11369,11370,11369,2,-2
2019-11-01 19:53:25.000,11369,11370,11369,1,-1
2019-11-01 19:53:54.000,11368,11369,11368,1,-1
2019-11-01 19:53:55.000,11368,11369,11368,1,-1
2019-11-01 19:54:01.000,11368,11369,11368,1,-1
2019-11-01 19:54:03.000,11368,11369,11368,1,-1
2019-11-01 19:54:37.000,11368,11369,11368,1,-1
2019-11-01 19:54:37.000,11368,11369,11368,3,-3
2019-11-01 19:54:37.000,11368,11369,11368,1,-1
2019-11-01 19:54:37.000,11368,11369,11368,1,-1
2019-11-01 19:55:24.000,11368,11369,11368,1,-1
2019-11-01 19:55:24.000,11368,11369,11368,3,-3
2019-11-01 19:55:28.000,11367,11368,11368,1,1
2019-11-01 19:55:51.000,11368,11369,11368,1,-1
2019-11-01 19:55:51.000,11368,11369,11368,4,-4
2019-11-01 19:55:51.000,11367,11368,11367,1,-1
2019-11-01 19:55:55.000,11367,11368,11367,3,-3
2019-11-01 19:56:07.000,11367,11368,11367,1,-1
2019-11-01 19:56:16.000,11367,11368,11368,1,1
2019-11-01 19:56:46.000,11367,11368,11367,25,-25
2019-11-01 19:57:15.000,11367,11368,11367,1,-1
2019-11-01 19:57:16.000,11367,11368,11367,1,-1
2019-11-01 19:57:17.000,11366,11367,11367,1,1
2019-11-01 19:57:19.000,11366,11367,11366,1,-1
2019-11-01 19:57:28.000,11366,11367,11366,1,-1
2019-11-01 19:57:45.000,11366,11367,11366,1,-1
2019-11-01 19:57:46.000,11366,11367,11366,3,-3
2019-11-01 19:57:51.000,11366,11367,11366,1,-1
2019-11-01 19:57:52.000,11366,11367,11366,1,-1
2019-11-01 19:58:00.000,11366,11367,11366,1,-1
2019-11-01 19:58:01.000,11366,11367,11366,1,-1
2019-11-01 19:58:09.000,11366,11367,11366,6,-6
2019-11-01 19:58:13.000,11366,11367,11366,1,-1
2019-11-01 19:58:16.000,11366,11367,11366,1,-1
2019-11-01 19:58:18.000,11366,11367,11366,1,-1
2019-11-01 19:58:19.000,11366,11367,11366,2,-2
2019-11-01 19:58:20.000,11366,11367,11367,1,1
2019-11-01 19:58:22.000,11366,11367,11366,1,-1
2019-11-01 19:58:29.000,11366,11367,11366,8,-8
2019-11-01 19:58:30.000,11365,11366,11366,1,1
2019-11-01 19:58:30.000,11366,11367,11366,1,-1
2019-11-01 19:58:43.000,11366,11367,11366,1,-1
2019-11-01 19:59:09.000,11366,11367,11366,1,-1
2019-11-01 19:59:17.000,11366,11367,11366,1,-1
2019-11-01 19:59:18.000,11366,11367,11366,1,-1
2019-11-01 19:59:29.000,11366,11367,11366,1,-1
2019-11-01 20:00:02.000,11366,11367,11366,5,-5
2019-11-01 20:00:02.000,11366,11367,11367,2,2
2019-11-01 20:00:03.000,11366,11367,11367,4,4
2019-11-01 20:00:04.000,11366,11367,11366,5,-5
2019-11-01 20:00:04.000,11366,11367,11366,1,-1
2019-11-01 20:00:07.000,11366,11367,11366,2,-2
2019-11-01 20:00:23.000,11366,11367,11367,1,1
2019-11-01 20:00:24.000,11366,11367,11366,6,-6
2019-11-01 20:00:33.000,11366,11367,11366,1,-1
2019-11-01 20:00:40.000,11366,11367,11366,1,-1
2019-11-01 20:00:49.000,11366,11367,11366,1,-1
2019-11-01 20:00:57.000,11366,11367,11366,1,-1
2019-11-01 20:01:13.000,11366,11367,11366,1,-1
2019-11-01 20:01:18.000,11366,11367,11366,2,-2
2019-11-01 20:01:28.000,11366,11367,11366,1,-1
2019-11-01 20:01:37.000,11366,11367,11366,1,-1
2019-11-01 20:01:44.000,11366,11367,11366,1,-1
2019-11-01 20:02:08.000,11366,11367,11366,4,-4
2019-11-01 20:02:08.000,11366,11367,11366,2,-2
2019-11-01 20:02:32.000,11365,11366,11366,1,1
2019-11-01 20:02:34.000,11365,11366,11366,8,8
2019-11-01 20:02:39.000,11366,11367,11366,1,-1
2019-11-01 20:03:01.000,11366,11367,11366,1,-1
2019-11-01 20:03:16.000,11366,11367,11366,2,-2
2019-11-01 20:03:27.000,11366,11367,11367,8,8
2019-11-01 20:03:27.000,11367,11368,11367,1,-1
2019-11-01 20:03:41.000,11367,11368,11367,1,-1
2019-11-01 20:03:47.000,11367,11368,11367,1,-1
2019-11-01 20:04:04.000,11367,11368,11367,2,-2
2019-11-01 20:04:09.000,11367,11368,11367,1,-1
2019-11-01 20:04:12.000,11367,11368,11367,1,-1
2019-11-01 20:04:27.000,11367,11368,11367,1,-1
2019-11-01 20:04:46.000,11367,11368,11368,5,5
2019-11-01 20:05:01.000,11367,11368,11368,11,11
2019-11-01 20:05:39.000,11368,11369,11368,1,-1
2019-11-01 20:05:45.000,11368,11369,11368,1,-1
2019-11-01 20:06:50.000,11367,11368,11367,1,-1
2019-11-01 20:07:38.000,11367,11368,11368,1,1
2019-11-01 20:07:46.000,11368,11369,11368,2,-2
2019-11-01 20:08:29.000,11368,11369,11368,1,-1
2019-11-01 20:08:41.000,11367,11368,11368,1,1
2019-11-01 20:08:48.000,11368,11369,11368,1,-1
2019-11-01 20:09:00.000,11368,11369,11369,1,1
2019-11-01 20:09:01.000,11368,11369,11369,1,1
2019-11-01 20:09:01.000,11368,11369,11369,1,1
2019-11-01 20:09:02.000,11368,11369,11369,2,2
2019-11-01 20:09:29.000,11368,11369,11369,5,5
2019-11-01 20:09:55.000,11369,11370,11369,1,-1
2019-11-01 20:10:06.000,11369,11370,11369,5,-5
2019-11-01 20:10:06.000,11369,11370,11369,1,-1
2019-11-01 20:10:25.000,11368,11369,11369,1,1
2019-11-01 20:10:37.000,11368,11369,11368,2,-2
2019-11-01 20:11:01.000,11368,11369,11369,1,1
2019-11-01 20:11:03.000,11368,11369,11369,1,1
2019-11-01 20:11:04.000,11368,11369,11369,1,1
2019-11-01 20:11:05.000,11368,11369,11369,1,1
2019-11-01 20:11:05.000,11368,11369,11369,1,1
2019-11-01 20:11:06.000,11368,11369,11369,1,1
2019-11-01 20:11:07.000,11368,11369,11369,1,1
2019-11-01 20:11:08.000,11368,11369,11369,1,1
2019-11-01 20:11:08.000,11368,11369,11369,1,1
2019-11-01 20:11:28.000,11368,11369,11368,1,-1
2019-11-01 20:11:29.000,11368,11369,11369,1,1
2019-11-01 20:11:30.000,11368,11369,11369,1,1
2019-11-01 20:11:50.000,11368,11369,11369,1,1
2019-11-01 20:12:15.000,11368,11369,11369,1,1
2019-11-01 20:12:44.000,11368,11369,11369,1,1
2019-11-01 20:12:49.000,11368,11369,11369,8,8
2019-11-01 20:12:49.000,11368,11369,11369,2,2
2019-11-01 20:12:49.000,11368,11369,11369,3,3
2019-11-01 20:12:54.000,11368,11369,11368,1,-1
2019-11-01 20:14:11.000,11368,11369,11369,1,1
2019-11-01 20:14:11.000,11368,11369,11369,1,1
2019-11-01 20:14:11.000,11368,11369,11369,1,1
2019-11-01 20:14:25.000,11368,11370,11370,2,2
2019-11-01 20:14:25.000,11368,11370,11370,1,1
2019-11-01 20:14:46.000,11368,11370,11370,2,2
2019-11-01 20:14:58.000,11368,11369,11369,1,1
2019-11-01 20:15:02.000,11369,11370,11369,1,-1
2019-11-01 20:15:07.000,11368,11370,11370,2,2
2019-11-01 20:15:08.000,11369,11370,11369,1,-1
2019-11-01 20:15:35.000,11368,11369,11369,1,1
2019-11-01 20:15:36.000,11368,11369,11368,1,-1
2019-11-01 20:15:41.000,11368,11369,11369,1,1
2019-11-01 20:16:22.000,11368,11369,11369,5,5
2019-11-01 20:16:33.000,11368,11369,11369,1,1
2019-11-01 20:16:33.000,11368,11369,11369,3,3
2019-11-01 20:16:37.000,11368,11369,11369,2,2
2019-11-01 20:16:56.000,11369,11370,11369,1,-1
2019-11-01 20:17:15.000,11368,11369,11369,1,1
2019-11-01 20:17:19.000,11368,11369,11369,1,1
2019-11-01 20:17:39.000,11368,11369,11368,1,-1
2019-11-01 20:18:12.000,11368,11369,11368,1,-1
2019-11-01 20:18:22.000,11368,11369,11368,2,-2
2019-11-01 20:18:22.000,11368,11369,11368,2,-2
2019-11-01 20:18:23.000,11368,11369,11368,1,-1
2019-11-01 20:18:36.000,11367,11368,11368,1,1
2019-11-01 20:19:00.000,11367,11368,11368,1,1
2019-11-01 20:19:00.000,11368,11369,11368,1,-1
2019-11-01 20:19:17.000,11367,11368,11368,2,2
2019-11-01 20:19:46.000,11367,11368,11368,1,1
2019-11-01 20:19:53.000,11367,11368,11368,1,1
2019-11-01 20:20:00.000,11367,11368,11368,1,1
2019-11-01 20:20:14.000,11367,11368,11367,1,-1
2019-11-01 20:20:15.000,11367,11368,11368,2,2
2019-11-01 20:20:15.000,11367,11368,11369,3,3
2019-11-01 20:21:26.000,11367,11368,11367,1,-1
2019-11-01 20:21:33.000,11367,11368,11368,1,1
2019-11-01 20:22:24.000,11367,11368,11368,1,1
2019-11-01 20:23:14.000,11367,11368,11368,1,1
2019-11-01 20:23:52.000,11367,11368,11367,1,-1
2019-11-01 20:24:42.000,11367,11368,11368,2,2
2019-11-01 20:24:42.000,11367,11368,11368,5,5
2019-11-01 20:24:43.000,11368,11369,11368,2,-2
2019-11-01 20:24:43.000,11368,11369,11368,1,-1
2019-11-01 20:25:01.000,11367,11369,11367,16,-16
2019-11-01 20:25:21.000,11367,11368,11368,1,1
2019-11-01 20:25:21.000,11367,11368,11368,1,1
2019-11-01 20:25:58.000,11367,11368,11367,2,-2
2019-11-01 20:25:58.000,11367,11368,11367,5,-5
2019-11-01 20:25:58.000,11367,11368,11367,1,-1
2019-11-01 20:26:05.000,11367,11368,11367,2,-2
2019-11-01 20:26:05.000,11367,11368,11367,2,-2
2019-11-01 20:26:08.000,11367,11368,11367,2,-2
2019-11-01 20:26:28.000,11367,11368,11367,2,-2
2019-11-01 20:26:44.000,11367,11368,11367,2,-2
2019-11-01 20:26:47.000,11367,11368,11367,1,-1
2019-11-01 20:26:49.000,11366,11367,11367,1,1
2019-11-01 20:26:49.000,11366,11367,11367,1,1
2019-11-01 20:27:21.000,11366,11367,11367,2,2
2019-11-01 20:27:26.000,11366,11367,11366,1,-1
2019-11-01 20:27:30.000,11366,11367,11367,1,1
2019-11-01 20:27:32.000,11366,11367,11366,2,-2
2019-11-01 20:28:13.000,11366,11367,11367,2,2
2019-11-01 20:28:36.000,11366,11367,11367,4,4
2019-11-01 20:28:36.000,11366,11367,11367,10,10
2019-11-01 20:29:00.000,11367,11369,11367,2,-2
2019-11-01 20:29:00.000,11367,11369,11367,2,-2
2019-11-01 20:29:00.000,11367,11369,11367,2,-2
2019-11-01 20:29:00.000,11367,11369,11367,2,-2
2019-11-01 20:29:00.000,11367,11369,11367,2,-2
2019-11-01 20:29:00.000,11367,11369,11367,2,-2
2019-11-01 20:29:00.000,11367,11369,11367,2,-2
2019-11-01 20:29:00.000,11367,11369,11367,2,-2
2019-11-01 20:29:00.000,11367,11369,11367,2,-2
2019-11-01 20:29:00.000,11367,11368,11367,2,-2
2019-11-01 20:29:00.000,11367,11368,11367,2,-2
2019-11-01 20:29:00.000,11367,11368,11367,2,-2
2019-11-01 20:29:00.000,11367,11368,11367,2,-2
2019-11-01 20:29:00.000,11367,11368,11367,1,-1
2019-11-01 20:29:10.000,11367,11368,11368,2,2
2019-11-01 20:29:21.000,11367,11368,11368,3,3
2019-11-01 20:29:35.000,11367,11368,11368,2,2
2019-11-01 20:29:35.000,11367,11368,11368,1,1
2019-11-01 20:29:36.000,11367,11368,11368,1,1
2019-11-01 20:29:41.000,11366,11367,11367,1,1
2019-11-01 20:29:41.000,11366,11368,11368,5,5
2019-11-01 20:29:42.000,11367,11369,11369,11,11
2019-11-01 20:30:00.000,11367,11368,11368,1,1
2019-11-01 20:30:00.000,11367,11368,11369,4,4
2019-11-01 20:30:00.000,11368,11369,11369,1,1
2019-11-01 20:30:00.000,11368,11369,11369,2,2
2019-11-01 20:30:00.000,11368,11369,11369,1,1
2019-11-01 20:30:01.000,11368,11370,11370,2,2
2019-11-01 20:30:01.000,11368,11370,11370,1,1
2019-11-01 20:30:01.000,11368,11370,11370,8,8
2019-11-01 20:30:01.000,11368,11370,11370,8,8
2019-11-01 20:30:01.000,11368,11370,11370,2,2
2019-11-01 20:30:01.000,11368,11370,11371,5,5
2019-11-01 20:30:01.000,11368,11370,11371,7,7
2019-11-01 20:30:01.000,11368,11370,11371,3,3
2019-11-01 20:30:01.000,11368,11370,11371,3,3
2019-11-01 20:30:01.000,11368,11370,11371,2,2
2019-11-01 20:30:01.000,11368,11370,11372,1,1
2019-11-01 20:30:01.000,11369,11372,11371,4,-4
2019-11-01 20:30:01.000,11370,11371,11371,2,2
2019-11-01 20:30:02.000,11370,11371,11371,1,1
2019-11-01 20:30:02.000,11370,11371,11372,1,1
2019-11-01 20:30:02.000,11370,11371,11371,1,1
2019-11-01 20:30:02.000,11370,11371,11371,2,2
2019-11-01 20:30:02.000,11370,11371,11371,2,2
2019-11-01 20:30:03.000,11370,11371,11370,2,-2
2019-11-01 20:30:03.000,11369,11371,11370,1,-1
2019-11-01 20:30:05.000,11370,11371,11371,6,6
2019-11-01 20:30:12.000,11370,11371,11370,1,-1
2019-11-01 20:30:14.000,11369,11371,11371,3,3
2019-11-01 20:30:16.000,11369,11370,11370,4,4
2019-11-01 20:30:19.000,11370,11371,11370,1,-1
