2023-02-13 15:00:00,15534,15534,15534,64,0
2023-02-13 15:00:00,15534,15534,15534,2,0
2023-02-13 15:00:00,15533,15533,15533,2,-2
2023-02-13 15:00:00,15532,15532,15532,2,-2
2023-02-13 15:00:00,15532,15532,15532,2,0
2023-02-13 15:00:00,15532,15532,15532,2,0
2023-02-13 15:00:00,15531,15531,15531,2,-2
2023-02-13 15:00:00,15531,15531,15531,2,0
2023-02-13 15:00:00,15531,15531,15531,4,0
2023-02-13 15:00:00,15531,15531,15531,2,0
2023-02-13 15:00:00,15531,15531,15531,2,0
2023-02-13 15:00:00,15533,15533,15533,4,4
2023-02-13 15:00:00,15532,15532,15532,4,-4
2023-02-13 15:00:00,15531,15531,15531,8,-8
2023-02-13 15:00:00,15531,15531,15531,2,0
2023-02-13 15:00:00,15535,15535,15535,4,4
2023-02-13 15:00:00,15531,15531,15531,2,-2
2023-02-13 15:00:00,15531,15531,15531,2,0
2023-02-13 15:00:00,15531,15531,15531,2,0
2023-02-13 15:00:00,15531,15531,15531,2,0
2023-02-13 15:00:00,15530,15530,15530,4,-4
2023-02-13 15:00:00,15530,15530,15530,2,0
2023-02-13 15:00:00,15530,15530,15530,2,0
2023-02-13 15:00:00,15530,15530,15530,10,0
2023-02-13 15:00:00,15530,15530,15530,2,0
2023-02-13 15:00:00,15530,15530,15530,2,0
2023-02-13 15:00:00,15529,15529,15529,2,-2
2023-02-13 15:00:00,15529,15529,15529,2,0
2023-02-13 15:00:00,15529,15529,15529,2,0
2023-02-13 15:00:00,15530,15530,15530,2,2
2023-02-13 15:00:00,15531,15531,15531,2,2
2023-02-13 15:00:00,15529,15529,15529,2,-2
2023-02-13 15:00:00,15528,15528,15528,4,-4
2023-02-13 15:00:00,15529,15529,15529,2,2
2023-02-13 15:00:00,15528,15528,15528,6,-6
2023-02-13 15:00:00,15528,15528,15528,2,0
2023-02-13 15:00:00,15528,15528,15528,2,0
2023-02-13 15:00:00,15529,15529,15529,2,2
2023-02-13 15:00:00,15528,15528,15528,2,-2
2023-02-13 15:00:00,15527,15527,15527,2,-2
2023-02-13 15:00:00,15527,15527,15527,2,0
2023-02-13 15:00:00,15527,15527,15527,2,0
2023-02-13 15:00:00,15527,15527,15527,2,0
2023-02-13 15:00:00,15526,15526,15526,2,-2
2023-02-13 15:00:00,15526,15526,15526,2,0
2023-02-13 15:00:00,15526,15526,15526,4,0
2023-02-13 15:00:00,15526,15526,15526,2,0
2023-02-13 15:00:00,15526,15526,15526,2,0
2023-02-13 15:00:00,15529,15529,15529,2,2
2023-02-13 15:00:00,15526,15526,15526,2,-2
2023-02-13 15:00:00,15526,15526,15526,2,0
2023-02-13 15:00:00,15525,15525,15525,2,-2
2023-02-13 15:00:00,15529,15529,15529,2,2
2023-02-13 15:00:00,15530,15530,15530,2,2
2023-02-13 15:00:00,15526,15526,15526,2,-2
2023-02-13 15:00:00,15526,15526,15526,2,0
2023-02-13 15:00:00,15526,15526,15526,2,0
2023-02-13 15:00:01,15526,15526,15526,2,0
2023-02-13 15:00:01,15525,15525,15525,2,-2
2023-02-13 15:00:01,15525,15525,15525,2,0
2023-02-13 15:00:01,15525,15525,15525,2,0
2023-02-13 15:00:01,15525,15525,15525,4,0
2023-02-13 15:00:01,15525,15525,15525,2,0
2023-02-13 15:00:01,15524,15524,15524,2,-2
2023-02-13 15:00:01,15524,15524,15524,2,0
2023-02-13 15:00:01,15524,15524,15524,6,0
2023-02-13 15:00:01,15525,15525,15525,2,2
2023-02-13 15:00:01,15525,15525,15525,2,0
2023-02-13 15:00:01,15526,15526,15526,4,4
2023-02-13 15:00:01,15524,15524,15524,2,-2
2023-02-13 15:00:01,15524,15524,15524,2,0
2023-02-13 15:00:01,15524,15524,15524,2,0
2023-02-13 15:00:01,15524,15524,15524,2,0
2023-02-13 15:00:01,15524,15524,15524,2,0
2023-02-13 15:00:01,15524,15524,15524,2,0
2023-02-13 15:00:01,15526,15526,15526,2,2
2023-02-13 15:00:01,15527,15527,15527,2,2
2023-02-13 15:00:01,15528,15528,15528,2,2
2023-02-13 15:00:01,15525,15525,15525,2,-2
2023-02-13 15:00:01,15524,15524,15524,2,-2
2023-02-13 15:00:01,15524,15524,15524,2,0
2023-02-13 15:00:01,15526,15526,15526,2,2
2023-02-13 15:00:01,15526,15526,15526,2,0
2023-02-13 15:00:01,15527,15527,15527,2,2
2023-02-13 15:00:01,15525,15525,15525,2,-2
2023-02-13 15:00:01,15527,15527,15527,2,2
2023-02-13 15:00:01,15528,15528,15528,2,2
2023-02-13 15:00:01,15525,15525,15525,2,-2
2023-02-13 15:00:01,15527,15527,15527,2,2
2023-02-13 15:00:01,15528,15528,15528,2,2
2023-02-13 15:00:01,15525,15525,15525,2,-2
2023-02-13 15:00:01,15525,15525,15525,2,0
2023-02-13 15:00:01,15525,15525,15525,2,0
2023-02-13 15:00:01,15527,15527,15527,2,2
2023-02-13 15:00:01,15525,15525,15525,2,-2
2023-02-13 15:00:01,15525,15525,15525,2,0
2023-02-13 15:00:01,15527,15527,15527,2,2
2023-02-13 15:00:01,15528,15528,15528,2,2
2023-02-13 15:00:01,15525,15525,15525,2,-2
2023-02-13 15:00:01,15525,15525,15525,2,0
2023-02-13 15:00:01,15527,15527,15527,2,2
2023-02-13 15:00:01,15525,15525,15525,2,-2
2023-02-13 15:00:01,15527,15527,15527,2,2
2023-02-13 15:00:02,15525,15525,15525,2,-2
2023-02-13 15:00:02,15527,15527,15527,2,2
2023-02-13 15:00:02,15526,15526,15526,2,-2
2023-02-13 15:00:02,15528,15528,15528,4,4
2023-02-13 15:00:02,15528,15528,15528,6,0
2023-02-13 15:00:02,15526,15526,15526,2,-2
2023-02-13 15:00:02,15526,15526,15526,2,0
2023-02-13 15:00:02,15526,15526,15526,2,0
2023-02-13 15:00:02,15525,15525,15525,10,-10
2023-02-13 15:00:02,15525,15525,15525,2,0
2023-02-13 15:00:02,15525,15525,15525,2,0
2023-02-13 15:00:03,15525,15525,15525,2,0
2023-02-13 15:00:04,15527,15527,15527,2,2
2023-02-13 15:00:04,15527,15527,15527,2,0
2023-02-13 15:00:05,15528,15528,15528,2,2
2023-02-13 15:00:05,15528,15528,15528,4,0
2023-02-13 15:00:05,15529,15529,15529,2,2
2023-02-13 15:00:05,15530,15530,15530,2,2
2023-02-13 15:00:05,15529,15529,15529,4,-4
2023-02-13 15:00:05,15527,15527,15527,2,-2
2023-02-13 15:00:05,15529,15529,15529,6,6
2023-02-13 15:00:06,15529,15529,15529,2,0
2023-02-13 15:00:07,15529,15529,15529,4,0
2023-02-13 15:00:10,15530,15530,15530,2,2
2023-02-13 15:00:10,15530,15530,15530,4,0
2023-02-13 15:00:12,15531,15531,15531,12,12
2023-02-13 15:00:14,15532,15532,15532,2,2
2023-02-13 15:00:14,15532,15532,15532,2,0
2023-02-13 15:00:14,15532,15532,15532,2,0
2023-02-13 15:00:16,15533,15533,15533,4,4
2023-02-13 15:00:16,15533,15533,15533,2,0
2023-02-13 15:00:19,15533,15533,15533,2,0
2023-02-13 15:00:19,15533,15533,15533,4,0
2023-02-13 15:00:19,15534,15534,15534,4,4
2023-02-13 15:00:21,15533,15533,15533,2,-2
2023-02-13 15:00:21,15532,15532,15532,2,-2
2023-02-13 15:00:21,15532,15532,15532,2,0
2023-02-13 15:00:22,15532,15532,15532,4,0
2023-02-13 15:00:22,15532,15532,15532,2,0
2023-02-13 15:00:22,15531,15531,15531,2,-2
2023-02-13 15:00:22,15531,15531,15531,4,0
2023-02-13 15:00:22,15531,15531,15531,4,0
2023-02-13 15:00:22,15531,15531,15531,2,0
2023-02-13 15:00:22,15531,15531,15531,2,0
2023-02-13 15:00:22,15531,15531,15531,2,0
2023-02-13 15:00:22,15531,15531,15531,2,0
2023-02-13 15:00:22,15531,15531,15531,2,0
2023-02-13 15:00:22,15531,15531,15531,2,0
2023-02-13 15:00:22,15531,15531,15531,6,0
2023-02-13 15:00:22,15531,15531,15531,26,0
2023-02-13 15:00:22,15532,15532,15532,4,4
2023-02-13 15:00:22,15530,15530,15530,2,-2
2023-02-13 15:00:22,15530,15530,15530,2,0
2023-02-13 15:00:22,15530,15530,15530,2,0
2023-02-13 15:00:22,15530,15530,15530,2,0
2023-02-13 15:00:22,15530,15530,15530,2,0
2023-02-13 15:00:22,15530,15530,15530,2,0
2023-02-13 15:00:23,15531,15531,15531,6,6
2023-02-13 15:00:23,15532,15532,15532,2,2
2023-02-13 15:00:23,15532,15532,15532,2,0
2023-02-13 15:00:33,15531,15531,15531,6,-6
2023-02-13 15:00:40,15532,15532,15532,4,4
2023-02-13 15:00:42,15531,15531,15531,4,-4
2023-02-13 15:00:42,15531,15531,15531,4,0
2023-02-13 15:00:42,15530,15530,15530,4,-4
2023-02-13 15:00:42,15530,15530,15530,2,0
2023-02-13 15:00:42,15530,15530,15530,2,0
2023-02-13 15:00:42,15530,15530,15530,4,0
2023-02-13 15:00:42,15530,15530,15530,4,0
2023-02-13 15:00:42,15530,15530,15530,2,0
2023-02-13 15:00:42,15530,15530,15530,2,0
2023-02-13 15:00:42,15530,15530,15530,6,0
2023-02-13 15:00:42,15530,15530,15530,2,0
2023-02-13 15:00:42,15530,15530,15530,4,0
2023-02-13 15:00:42,15530,15530,15530,10,0
2023-02-13 15:00:47,15530,15530,15530,2,0
2023-02-13 15:00:49,15531,15531,15531,4,4
2023-02-13 15:00:50,15531,15531,15531,2,0
2023-02-13 15:00:51,15530,15530,15530,4,-4
2023-02-13 15:00:54,15532,15532,15532,8,8
2023-02-13 15:00:54,15533,15533,15533,4,4
2023-02-13 15:00:54,15533,15533,15533,2,0
2023-02-13 15:00:55,15532,15532,15532,4,-4
2023-02-13 15:00:55,15532,15532,15532,2,0
2023-02-13 15:00:57,15532,15532,15532,2,0
2023-02-13 15:00:58,15534,15534,15534,2,2
2023-02-13 15:00:59,15533,15533,15533,2,-2
2023-02-13 15:00:59,15533,15533,15533,2,0
2023-02-13 15:01:00,15532,15532,15532,4,-4
2023-02-13 15:01:00,15532,15532,15532,2,0
2023-02-13 15:01:00,15532,15532,15532,2,0
2023-02-13 15:01:00,15532,15532,15532,6,0
2023-02-13 15:01:00,15532,15532,15532,2,0
2023-02-13 15:01:00,15532,15532,15532,2,0
2023-02-13 15:01:00,15531,15531,15531,4,-4
2023-02-13 15:01:00,15531,15531,15531,2,0
2023-02-13 15:01:00,15531,15531,15531,4,0
2023-02-13 15:01:00,15531,15531,15531,2,0
2023-02-13 15:01:00,15531,15531,15531,2,0
2023-02-13 15:01:00,15531,15531,15531,6,0
2023-02-13 15:01:00,15531,15531,15531,2,0
2023-02-13 15:01:00,15531,15531,15531,2,0
2023-02-13 15:01:00,15531,15531,15531,2,0
2023-02-13 15:01:00,15531,15531,15531,10,0
2023-02-13 15:01:00,15530,15530,15530,2,-2
2023-02-13 15:01:00,15530,15530,15530,4,0
2023-02-13 15:01:00,15530,15530,15530,2,0
2023-02-13 15:01:00,15530,15530,15530,6,0
2023-02-13 15:01:00,15530,15530,15530,4,0
2023-02-13 15:01:00,15532,15532,15532,2,2
2023-02-13 15:01:00,15532,15532,15532,2,0
2023-02-13 15:01:00,15531,15531,15531,4,-4
2023-02-13 15:01:00,15532,15532,15532,2,2
2023-02-13 15:01:00,15530,15530,15530,2,-2
2023-02-13 15:01:00,15530,15530,15530,2,0
2023-02-13 15:01:00,15530,15530,15530,2,0
2023-02-13 15:01:00,15532,15532,15532,2,2
2023-02-13 15:01:00,15532,15532,15532,2,0
2023-02-13 15:01:01,15533,15533,15533,4,4
2023-02-13 15:01:01,15533,15533,15533,2,0
2023-02-13 15:01:03,15532,15532,15532,2,-2
2023-02-13 15:01:03,15532,15532,15532,2,0
2023-02-13 15:01:03,15532,15532,15532,4,0
2023-02-13 15:01:05,15533,15533,15533,2,2
2023-02-13 15:01:05,15533,15533,15533,2,0
2023-02-13 15:01:05,15533,15533,15533,2,0
2023-02-13 15:01:06,15532,15532,15532,6,-6
2023-02-13 15:01:07,15533,15533,15533,4,4
2023-02-13 15:01:08,15534,15534,15534,16,16
2023-02-13 15:01:08,15534,15534,15534,16,0
2023-02-13 15:01:10,15535,15535,15535,2,2
2023-02-13 15:01:10,15535,15535,15535,2,0
2023-02-13 15:01:10,15535,15535,15535,2,0
2023-02-13 15:01:10,15535,15535,15535,6,0
2023-02-13 15:01:10,15535,15535,15535,2,0
2023-02-13 15:01:13,15536,15536,15536,4,4
2023-02-13 15:01:14,15536,15536,15536,2,0
2023-02-13 15:01:15,15537,15537,15537,2,2
2023-02-13 15:01:16,15537,15537,15537,4,0
2023-02-13 15:01:16,15538,15538,15538,8,8
2023-02-13 15:01:16,15538,15538,15538,10,0
2023-02-13 15:01:16,15538,15538,15538,2,0
2023-02-13 15:01:16,15539,15539,15539,2,2
2023-02-13 15:01:16,15539,15539,15539,2,0
2023-02-13 15:01:16,15539,15539,15539,2,0
2023-02-13 15:01:16,15539,15539,15539,8,0
2023-02-13 15:01:16,15540,15540,15540,6,6
2023-02-13 15:01:16,15540,15540,15540,2,0
2023-02-13 15:01:16,15539,15539,15539,4,-4
2023-02-13 15:01:16,15540,15540,15540,6,6
2023-02-13 15:01:16,15541,15541,15541,4,4
2023-02-13 15:01:16,15540,15540,15540,4,-4
2023-02-13 15:01:16,15540,15540,15540,2,0
2023-02-13 15:01:16,15538,15538,15538,2,-2
2023-02-13 15:01:16,15540,15540,15540,2,2
2023-02-13 15:01:16,15540,15540,15540,2,0
2023-02-13 15:01:16,15540,15540,15540,4,0
2023-02-13 15:01:16,15541,15541,15541,2,2
2023-02-13 15:01:16,15541,15541,15541,2,0
2023-02-13 15:01:16,15541,15541,15541,2,0
2023-02-13 15:01:16,15539,15539,15539,2,-2
2023-02-13 15:01:16,15538,15538,15538,2,-2
2023-02-13 15:01:16,15538,15538,15538,4,0
2023-02-13 15:01:16,15538,15538,15538,2,0
2023-02-13 15:01:16,15537,15537,15537,2,-2
2023-02-13 15:01:16,15537,15537,15537,2,0
2023-02-13 15:01:16,15537,15537,15537,2,0
2023-02-13 15:01:16,15537,15537,15537,2,0
2023-02-13 15:01:17,15538,15538,15538,10,10
2023-02-13 15:01:17,15538,15538,15538,2,0
2023-02-13 15:01:17,15538,15538,15538,2,0
2023-02-13 15:01:19,15536,15536,15536,2,-2
2023-02-13 15:01:19,15536,15536,15536,2,0
2023-02-13 15:01:19,15537,15537,15537,2,2
2023-02-13 15:01:21,15537,15537,15537,2,0
2023-02-13 15:01:22,15537,15537,15537,2,0
2023-02-13 15:01:23,15537,15537,15537,2,0
2023-02-13 15:01:23,15536,15536,15536,2,-2
2023-02-13 15:01:23,15536,15536,15536,8,0
2023-02-13 15:01:23,15536,15536,15536,2,0
2023-02-13 15:01:25,15536,15536,15536,2,0
2023-02-13 15:01:27,15536,15536,15536,2,0
2023-02-13 15:01:29,15537,15537,15537,2,2
2023-02-13 15:01:29,15536,15536,15536,2,-2
2023-02-13 15:01:32,15537,15537,15537,2,2
2023-02-13 15:01:32,15537,15537,15537,6,0
2023-02-13 15:01:33,15538,15538,15538,2,2
2023-02-13 15:01:35,15537,15537,15537,2,-2
2023-02-13 15:01:37,15537,15537,15537,2,0
2023-02-13 15:01:37,15537,15537,15537,4,0
2023-02-13 15:01:37,15538,15538,15538,6,6
2023-02-13 15:01:39,15537,15537,15537,2,-2
2023-02-13 15:01:39,15537,15537,15537,2,0
2023-02-13 15:01:41,15538,15538,15538,2,2
2023-02-13 15:01:41,15539,15539,15539,2,2
2023-02-13 15:01:41,15539,15539,15539,2,0
2023-02-13 15:01:42,15538,15538,15538,2,-2
2023-02-13 15:01:42,15538,15538,15538,2,0
2023-02-13 15:01:43,15538,15538,15538,2,0
2023-02-13 15:01:43,15538,15538,15538,6,0
2023-02-13 15:01:45,15538,15538,15538,2,0
2023-02-13 15:01:46,15538,15538,15538,2,0
2023-02-13 15:01:46,15537,15537,15537,2,-2
2023-02-13 15:01:46,15537,15537,15537,4,0
2023-02-13 15:01:46,15537,15537,15537,2,0
2023-02-13 15:01:46,15537,15537,15537,2,0
2023-02-13 15:01:47,15539,15539,15539,2,2
2023-02-13 15:01:48,15538,15538,15538,2,-2
2023-02-13 15:01:49,15539,15539,15539,2,2
2023-02-13 15:01:50,15539,15539,15539,2,0
2023-02-13 15:01:50,15539,15539,15539,4,0
2023-02-13 15:01:50,15539,15539,15539,2,0
2023-02-13 15:01:53,15540,15540,15540,2,2
2023-02-13 15:01:53,15540,15540,15540,4,0
2023-02-13 15:01:54,15541,15541,15541,2,2
2023-02-13 15:01:56,15541,15541,15541,2,0
2023-02-13 15:01:56,15541,15541,15541,2,0
2023-02-13 15:01:57,15542,15542,15542,2,2
2023-02-13 15:01:57,15541,15541,15541,6,-6
2023-02-13 15:01:57,15541,15541,15541,2,0
2023-02-13 15:01:59,15542,15542,15542,2,2
2023-02-13 15:01:59,15542,15542,15542,2,0
2023-02-13 15:02:00,15541,15541,15541,2,-2
2023-02-13 15:02:00,15542,15542,15542,2,2
2023-02-13 15:02:00,15542,15542,15542,2,0
2023-02-13 15:02:00,15543,15543,15543,14,14
2023-02-13 15:02:00,15543,15543,15543,4,0
2023-02-13 15:02:01,15543,15543,15543,2,0
2023-02-13 15:02:01,15542,15542,15542,2,-2
2023-02-13 15:02:01,15541,15541,15541,6,-6
2023-02-13 15:02:01,15541,15541,15541,2,0
2023-02-13 15:02:02,15542,15542,15542,10,10
2023-02-13 15:02:05,15542,15542,15542,2,0
2023-02-13 15:02:05,15542,15542,15542,4,0
2023-02-13 15:02:06,15541,15541,15541,4,-4
2023-02-13 15:02:07,15542,15542,15542,10,10
2023-02-13 15:02:09,15542,15542,15542,2,0
2023-02-13 15:02:11,15542,15542,15542,2,0
2023-02-13 15:02:12,15542,15542,15542,2,0
2023-02-13 15:02:13,15542,15542,15542,2,0
2023-02-13 15:02:13,15542,15542,15542,2,0
2023-02-13 15:02:15,15542,15542,15542,2,0
2023-02-13 15:02:17,15541,15541,15541,2,-2
2023-02-13 15:02:17,15541,15541,15541,2,0
2023-02-13 15:02:17,15541,15541,15541,2,0
2023-02-13 15:02:17,15541,15541,15541,2,0
2023-02-13 15:02:19,15542,15542,15542,2,2
2023-02-13 15:02:19,15542,15542,15542,2,0
2023-02-13 15:02:36,15542,15542,15542,6,0
2023-02-13 15:02:36,15542,15542,15542,4,0
2023-02-13 15:02:38,15543,15543,15543,4,4
2023-02-13 15:02:38,15543,15543,15543,2,0
2023-02-13 15:02:40,15543,15543,15543,2,0
2023-02-13 15:02:41,15542,15542,15542,2,-2
2023-02-13 15:02:44,15543,15543,15543,2,2
2023-02-13 15:02:46,15543,15543,15543,2,0
2023-02-13 15:02:46,15544,15544,15544,2,2
2023-02-13 15:02:46,15543,15543,15543,2,-2
2023-02-13 15:02:46,15543,15543,15543,4,0
2023-02-13 15:02:47,15544,15544,15544,2,2
2023-02-13 15:02:47,15544,15544,15544,2,0
2023-02-13 15:02:47,15544,15544,15544,6,0
2023-02-13 15:02:47,15544,15544,15544,2,0
2023-02-13 15:02:49,15544,15544,15544,2,0
2023-02-13 15:02:49,15544,15544,15544,8,0
2023-02-13 15:02:50,15544,15544,15544,10,0
2023-02-13 15:02:50,15543,15543,15543,2,-2
2023-02-13 15:02:50,15545,15545,15545,4,4
2023-02-13 15:02:51,15545,15545,15545,4,0
2023-02-13 15:02:51,15545,15545,15545,4,0
2023-02-13 15:02:51,15545,15545,15545,8,0
2023-02-13 15:02:51,15546,15546,15546,2,2
2023-02-13 15:02:51,15544,15544,15544,2,-2
2023-02-13 15:02:51,15544,15544,15544,2,0
2023-02-13 15:02:51,15545,15545,15545,2,2
2023-02-13 15:02:51,15546,15546,15546,2,2
2023-02-13 15:02:51,15546,15546,15546,20,0
2023-02-13 15:02:51,15547,15547,15547,20,20
2023-02-13 15:02:51,15547,15547,15547,8,0
2023-02-13 15:02:51,15547,15547,15547,2,0
2023-02-13 15:02:51,15547,15547,15547,2,0
2023-02-13 15:02:51,15547,15547,15547,2,0
2023-02-13 15:02:51,15546,15546,15546,2,-2
2023-02-13 15:02:51,15547,15547,15547,2,2
2023-02-13 15:02:51,15547,15547,15547,4,0
2023-02-13 15:02:51,15547,15547,15547,4,0
2023-02-13 15:02:51,15548,15548,15548,2,2
2023-02-13 15:02:51,15547,15547,15547,6,-6
2023-02-13 15:02:51,15548,15548,15548,4,4
2023-02-13 15:02:51,15548,15548,15548,10,0
2023-02-13 15:02:51,15548,15548,15548,12,0
2023-02-13 15:02:51,15549,15549,15549,46,46
2023-02-13 15:02:51,15550,15550,15550,74,74
2023-02-13 15:02:51,15551,15551,15551,22,22
2023-02-13 15:02:51,15549,15549,15549,4,-4
2023-02-13 15:02:51,15549,15549,15549,2,0
2023-02-13 15:02:51,15549,15549,15549,6,0
2023-02-13 15:02:51,15550,15550,15550,8,8
2023-02-13 15:02:51,15550,15550,15550,2,0
2023-02-13 15:02:51,15550,15550,15550,4,0
2023-02-13 15:02:51,15549,15549,15549,4,-4
2023-02-13 15:02:51,15549,15549,15549,4,0
2023-02-13 15:02:51,15550,15550,15550,2,2
2023-02-13 15:02:51,15549,15549,15549,2,-2
2023-02-13 15:02:51,15549,15549,15549,4,0
2023-02-13 15:02:51,15549,15549,15549,2,0
2023-02-13 15:02:51,15550,15550,15550,12,12
2023-02-13 15:02:51,15550,15550,15550,2,0
2023-02-13 15:02:52,15550,15550,15550,2,0
2023-02-13 15:02:52,15549,15549,15549,2,-2
2023-02-13 15:02:52,15549,15549,15549,2,0
2023-02-13 15:02:52,15551,15551,15551,8,8
2023-02-13 15:02:52,15551,15551,15551,2,0
2023-02-13 15:02:52,15551,15551,15551,2,0
2023-02-13 15:02:52,15551,15551,15551,2,0
2023-02-13 15:02:52,15551,15551,15551,4,0
2023-02-13 15:02:52,15551,15551,15551,2,0
2023-02-13 15:02:52,15551,15551,15551,2,0
2023-02-13 15:02:52,15551,15551,15551,2,0
2023-02-13 15:02:52,15549,15549,15549,2,-2
2023-02-13 15:02:52,15549,15549,15549,4,0
2023-02-13 15:02:52,15549,15549,15549,2,0
2023-02-13 15:02:52,15550,15550,15550,4,4
2023-02-13 15:02:52,15549,15549,15549,2,-2
2023-02-13 15:02:53,15551,15551,15551,2,2
2023-02-13 15:02:53,15548,15548,15548,2,-2
2023-02-13 15:02:53,15550,15550,15550,2,2
2023-02-13 15:02:54,15551,15551,15551,2,2
2023-02-13 15:02:55,15550,15550,15550,2,-2
2023-02-13 15:02:56,15550,15550,15550,2,0
2023-02-13 15:02:56,15550,15550,15550,4,0
2023-02-13 15:02:56,15550,15550,15550,4,0
2023-02-13 15:02:56,15549,15549,15549,2,-2
2023-02-13 15:02:56,15549,15549,15549,4,0
2023-02-13 15:02:58,15550,15550,15550,2,2
2023-02-13 15:03:00,15550,15550,15550,2,0
2023-02-13 15:03:00,15551,15551,15551,2,2
2023-02-13 15:03:00,15551,15551,15551,6,0
2023-02-13 15:03:00,15551,15551,15551,2,0
2023-02-13 15:03:00,15552,15552,15552,2,2
2023-02-13 15:03:00,15552,15552,15552,4,0
2023-02-13 15:03:00,15552,15552,15552,2,0
2023-02-13 15:03:00,15552,15552,15552,2,0
2023-02-13 15:03:00,15552,15552,15552,2,0
2023-02-13 15:03:00,15552,15552,15552,2,0
2023-02-13 15:03:00,15552,15552,15552,2,0
2023-02-13 15:03:00,15552,15552,15552,4,0
2023-02-13 15:03:00,15552,15552,15552,2,0
2023-02-13 15:03:00,15552,15552,15552,2,0
2023-02-13 15:03:00,15551,15551,15551,2,-2
2023-02-13 15:03:00,15552,15552,15552,2,2
2023-02-13 15:03:00,15552,15552,15552,2,0
2023-02-13 15:03:00,15552,15552,15552,2,0
2023-02-13 15:03:00,15552,15552,15552,2,0
2023-02-13 15:03:00,15550,15550,15550,2,-2
2023-02-13 15:03:00,15550,15550,15550,2,0
2023-02-13 15:03:00,15550,15550,15550,2,0
2023-02-13 15:03:01,15550,15550,15550,2,0
2023-02-13 15:03:01,15550,15550,15550,2,0
2023-02-13 15:03:01,15551,15551,15551,2,2
2023-02-13 15:03:01,15551,15551,15551,2,0
2023-02-13 15:03:01,15549,15549,15549,2,-2
2023-02-13 15:03:04,15549,15549,15549,6,0
2023-02-13 15:03:04,15549,15549,15549,10,0
2023-02-13 15:03:04,15549,15549,15549,2,0
2023-02-13 15:03:04,15549,15549,15549,2,0
2023-02-13 15:03:04,15550,15550,15550,4,4
2023-02-13 15:03:05,15550,15550,15550,2,0
2023-02-13 15:03:05,15550,15550,15550,2,0
2023-02-13 15:03:05,15549,15549,15549,2,-2
2023-02-13 15:03:07,15550,15550,15550,2,2
2023-02-13 15:03:08,15550,15550,15550,2,0
2023-02-13 15:03:08,15550,15550,15550,2,0
2023-02-13 15:03:08,15549,15549,15549,2,-2
2023-02-13 15:03:09,15550,15550,15550,10,10
2023-02-13 15:03:11,15551,15551,15551,18,18
2023-02-13 15:03:11,15550,15550,15550,2,-2
2023-02-13 15:03:12,15550,15550,15550,2,0
2023-02-13 15:03:16,15550,15550,15550,2,0
2023-02-13 15:03:17,15550,15550,15550,2,0
2023-02-13 15:03:17,15550,15550,15550,2,0
2023-02-13 15:03:17,15550,15550,15550,2,0
2023-02-13 15:03:17,15550,15550,15550,2,0
2023-02-13 15:03:17,15550,15550,15550,10,0
2023-02-13 15:03:17,15550,15550,15550,4,0
2023-02-13 15:03:17,15550,15550,15550,2,0
2023-02-13 15:03:18,15550,15550,15550,10,0
2023-02-13 15:03:18,15550,15550,15550,2,0
2023-02-13 15:03:19,15550,15550,15550,2,0
2023-02-13 15:03:20,15550,15550,15550,2,0
2023-02-13 15:03:22,15550,15550,15550,2,0
2023-02-13 15:03:22,15550,15550,15550,4,0
2023-02-13 15:03:22,15550,15550,15550,2,0
2023-02-13 15:03:22,15550,15550,15550,4,0
2023-02-13 15:03:24,15550,15550,15550,4,0
2023-02-13 15:03:24,15550,15550,15550,2,0
2023-02-13 15:03:24,15550,15550,15550,2,0
2023-02-13 15:03:24,15550,15550,15550,10,0
2023-02-13 15:03:25,15550,15550,15550,2,0
2023-02-13 15:03:25,15550,15550,15550,6,0
2023-02-13 15:03:25,15549,15549,15549,2,-2
2023-02-13 15:03:26,15550,15550,15550,2,2
2023-02-13 15:03:26,15550,15550,15550,2,0
2023-02-13 15:03:27,15549,15549,15549,2,-2
2023-02-13 15:03:27,15550,15550,15550,2,2
2023-02-13 15:03:27,15550,15550,15550,4,0
2023-02-13 15:03:27,15550,15550,15550,6,0
2023-02-13 15:03:27,15550,15550,15550,2,0
2023-02-13 15:03:29,15549,15549,15549,2,-2
2023-02-13 15:03:29,15549,15549,15549,2,0
2023-02-13 15:03:32,15549,15549,15549,2,0
2023-02-13 15:03:32,15549,15549,15549,2,0
2023-02-13 15:03:32,15550,15550,15550,10,10
2023-02-13 15:03:33,15549,15549,15549,2,-2
2023-02-13 15:03:33,15548,15548,15548,2,-2
2023-02-13 15:03:33,15550,15550,15550,10,10
2023-02-13 15:03:37,15549,15549,15549,2,-2
2023-02-13 15:03:37,15549,15549,15549,2,0
2023-02-13 15:03:38,15550,15550,15550,2,2
2023-02-13 15:03:38,15550,15550,15550,2,0
2023-02-13 15:03:40,15550,15550,15550,2,0
2023-02-13 15:03:44,15550,15550,15550,2,0
2023-02-13 15:03:44,15550,15550,15550,2,0
2023-02-13 15:03:47,15549,15549,15549,2,-2
2023-02-13 15:03:47,15549,15549,15549,8,0
2023-02-13 15:03:47,15549,15549,15549,2,0
2023-02-13 15:03:47,15549,15549,15549,2,0
2023-02-13 15:03:47,15549,15549,15549,48,0
2023-02-13 15:03:47,15549,15549,15549,2,0
2023-02-13 15:03:47,15549,15549,15549,4,0
2023-02-13 15:03:47,15549,15549,15549,2,0
2023-02-13 15:03:47,15549,15549,15549,2,0
2023-02-13 15:03:47,15549,15549,15549,2,0
2023-02-13 15:03:47,15549,15549,15549,2,0
2023-02-13 15:03:56,15549,15549,15549,2,0
2023-02-13 15:03:58,15549,15549,15549,2,0
2023-02-13 15:04:00,15549,15549,15549,2,0
2023-02-13 15:04:00,15549,15549,15549,2,0
2023-02-13 15:04:02,15549,15549,15549,2,0
2023-02-13 15:04:02,15548,15548,15548,8,-8
2023-02-13 15:04:02,15548,15548,15548,2,0
2023-02-13 15:04:04,15548,15548,15548,10,0
2023-02-13 15:04:04,15548,15548,15548,4,0
2023-02-13 15:04:05,15549,15549,15549,2,2
2023-02-13 15:04:05,15548,15548,15548,2,-2
2023-02-13 15:04:05,15548,15548,15548,4,0
2023-02-13 15:04:05,15547,15547,15547,2,-2
2023-02-13 15:04:05,15547,15547,15547,2,0
2023-02-13 15:04:05,15547,15547,15547,2,0
2023-02-13 15:04:07,15546,15546,15546,2,-2
2023-02-13 15:04:07,15548,15548,15548,2,2
2023-02-13 15:04:07,15548,15548,15548,2,0
2023-02-13 15:04:10,15547,15547,15547,2,-2
2023-02-13 15:04:13,15546,15546,15546,2,-2
2023-02-13 15:04:14,15546,15546,15546,4,0
2023-02-13 15:04:15,15546,15546,15546,2,0
2023-02-13 15:04:17,15546,15546,15546,2,0
2023-02-13 15:04:19,15546,15546,15546,2,0
2023-02-13 15:04:19,15546,15546,15546,2,0
2023-02-13 15:04:19,15546,15546,15546,2,0
2023-02-13 15:04:20,15545,15545,15545,2,-2
2023-02-13 15:04:20,15546,15546,15546,8,8
2023-02-13 15:04:24,15547,15547,15547,10,10
2023-02-13 15:04:24,15547,15547,15547,22,0
2023-02-13 15:04:24,15548,15548,15548,2,2
2023-02-13 15:04:28,15547,15547,15547,2,-2
2023-02-13 15:04:33,15548,15548,15548,2,2
2023-02-13 15:04:36,15549,15549,15549,2,2
2023-02-13 15:04:40,15548,15548,15548,2,-2
2023-02-13 15:04:40,15548,15548,15548,2,0
2023-02-13 15:04:41,15548,15548,15548,2,0
2023-02-13 15:04:44,15548,15548,15548,2,0
2023-02-13 15:04:46,15548,15548,15548,2,0
2023-02-13 15:04:48,15548,15548,15548,2,0
2023-02-13 15:04:48,15548,15548,15548,2,0
2023-02-13 15:04:51,15548,15548,15548,2,0
2023-02-13 15:04:51,15548,15548,15548,2,0
2023-02-13 15:04:55,15548,15548,15548,10,0
2023-02-13 15:04:57,15548,15548,15548,2,0
2023-02-13 15:04:58,15549,15549,15549,2,2
2023-02-13 15:04:59,15549,15549,15549,2,0
2023-02-13 15:05:00,15549,15549,15549,2,0
2023-02-13 15:05:00,15549,15549,15549,2,0
2023-02-13 15:05:00,15549,15549,15549,2,0
2023-02-13 15:05:00,15549,15549,15549,2,0
2023-02-13 15:05:00,15550,15550,15550,2,2
2023-02-13 15:05:00,15550,15550,15550,2,0
2023-02-13 15:05:00,15550,15550,15550,2,0
2023-02-13 15:05:00,15550,15550,15550,2,0
2023-02-13 15:05:00,15550,15550,15550,2,0
2023-02-13 15:05:00,15550,15550,15550,2,0
2023-02-13 15:05:00,15550,15550,15550,6,0
2023-02-13 15:05:00,15550,15550,15550,2,0
2023-02-13 15:05:00,15550,15550,15550,2,0
2023-02-13 15:05:00,15550,15550,15550,2,0
2023-02-13 15:05:00,15550,15550,15550,2,0
2023-02-13 15:05:00,15550,15550,15550,2,0
2023-02-13 15:05:00,15550,15550,15550,2,0
2023-02-13 15:05:00,15550,15550,15550,4,0
2023-02-13 15:05:02,15549,15549,15549,2,-2
2023-02-13 15:05:02,15549,15549,15549,2,0
2023-02-13 15:05:02,15550,15550,15550,2,2
2023-02-13 15:05:04,15550,15550,15550,2,0
2023-02-13 15:05:08,15549,15549,15549,2,-2
2023-02-13 15:05:11,15548,15548,15548,2,-2
2023-02-13 15:05:11,15548,15548,15548,2,0
2023-02-13 15:05:11,15548,15548,15548,2,0
2023-02-13 15:05:11,15548,15548,15548,2,0
2023-02-13 15:05:12,15549,15549,15549,6,6
2023-02-13 15:05:15,15549,15549,15549,2,0
2023-02-13 15:05:16,15549,15549,15549,2,0
2023-02-13 15:05:22,15549,15549,15549,2,0
2023-02-13 15:05:23,15549,15549,15549,2,0
2023-02-13 15:05:23,15549,15549,15549,2,0
2023-02-13 15:05:23,15549,15549,15549,4,0
2023-02-13 15:05:25,15549,15549,15549,2,0
2023-02-13 15:05:25,15549,15549,15549,2,0
2023-02-13 15:05:25,15548,15548,15548,2,-2
2023-02-13 15:05:35,15549,15549,15549,16,16
2023-02-13 15:05:35,15549,15549,15549,2,0
2023-02-13 15:05:55,15548,15548,15548,2,-2
2023-02-13 15:05:56,15549,15549,15549,2,2
2023-02-13 15:06:00,15549,15549,15549,8,0
2023-02-13 15:06:00,15549,15549,15549,2,0
2023-02-13 15:06:00,15549,15549,15549,2,0
2023-02-13 15:06:11,15549,15549,15549,2,0
2023-02-13 15:06:16,15548,15548,15548,2,-2
2023-02-13 15:06:16,15548,15548,15548,2,0
2023-02-13 15:06:16,15548,15548,15548,2,0
2023-02-13 15:06:16,15548,15548,15548,2,0
2023-02-13 15:06:16,15548,15548,15548,2,0
2023-02-13 15:06:16,15548,15548,15548,2,0
2023-02-13 15:06:16,15548,15548,15548,14,0
2023-02-13 15:06:21,15548,15548,15548,6,0
2023-02-13 15:06:24,15548,15548,15548,2,0
2023-02-13 15:06:27,15548,15548,15548,4,0
2023-02-13 15:06:27,15548,15548,15548,6,0
2023-02-13 15:06:27,15548,15548,15548,2,0
2023-02-13 15:06:27,15548,15548,15548,2,0
2023-02-13 15:06:27,15548,15548,15548,26,0
2023-02-13 15:06:27,15548,15548,15548,2,0
2023-02-13 15:06:31,15547,15547,15547,2,-2
2023-02-13 15:06:32,15548,15548,15548,8,8
2023-02-13 15:06:32,15548,15548,15548,2,0
2023-02-13 15:06:34,15548,15548,15548,2,0
2023-02-13 15:06:38,15548,15548,15548,2,0
2023-02-13 15:06:38,15548,15548,15548,6,0
2023-02-13 15:06:38,15548,15548,15548,2,0
2023-02-13 15:06:39,15548,15548,15548,6,0
2023-02-13 15:06:40,15548,15548,15548,2,0
2023-02-13 15:06:40,15548,15548,15548,4,0
2023-02-13 15:06:40,15548,15548,15548,2,0
2023-02-13 15:06:43,15548,15548,15548,4,0
2023-02-13 15:06:43,15548,15548,15548,2,0
2023-02-13 15:06:43,15548,15548,15548,6,0
2023-02-13 15:06:43,15548,15548,15548,2,0
2023-02-13 15:06:45,15547,15547,15547,4,-4
2023-02-13 15:06:46,15548,15548,15548,4,4
2023-02-13 15:06:47,15548,15548,15548,2,0
2023-02-13 15:06:50,15548,15548,15548,8,0
2023-02-13 15:06:51,15548,15548,15548,2,0
2023-02-13 15:06:51,15547,15547,15547,2,-2
2023-02-13 15:07:00,15548,15548,15548,2,2
2023-02-13 15:07:05,15547,15547,15547,2,-2
2023-02-13 15:07:05,15547,15547,15547,2,0
2023-02-13 15:07:05,15547,15547,15547,4,0
2023-02-13 15:07:05,15547,15547,15547,2,0
2023-02-13 15:07:05,15547,15547,15547,2,0
2023-02-13 15:07:05,15547,15547,15547,2,0
2023-02-13 15:07:05,15547,15547,15547,2,0
2023-02-13 15:07:05,15547,15547,15547,2,0
2023-02-13 15:07:07,15546,15546,15546,2,-2
2023-02-13 15:07:07,15546,15546,15546,6,0
2023-02-13 15:07:07,15546,15546,15546,2,0
2023-02-13 15:07:07,15546,15546,15546,2,0
2023-02-13 15:07:09,15546,15546,15546,14,0
2023-02-13 15:07:09,15546,15546,15546,4,0
2023-02-13 15:07:09,15546,15546,15546,2,0
2023-02-13 15:07:12,15546,15546,15546,2,0
2023-02-13 15:07:15,15546,15546,15546,2,0
2023-02-13 15:07:15,15546,15546,15546,2,0
2023-02-13 15:07:15,15546,15546,15546,2,0
2023-02-13 15:07:15,15546,15546,15546,6,0
2023-02-13 15:07:15,15546,15546,15546,4,0
2023-02-13 15:07:16,15545,15545,15545,2,-2
2023-02-13 15:07:17,15544,15544,15544,4,-4
2023-02-13 15:07:17,15544,15544,15544,2,0
2023-02-13 15:07:17,15544,15544,15544,4,0
2023-02-13 15:07:17,15544,15544,15544,2,0
2023-02-13 15:07:18,15544,15544,15544,2,0
2023-02-13 15:07:20,15543,15543,15543,2,-2
2023-02-13 15:07:24,15544,15544,15544,2,2
2023-02-13 15:07:25,15544,15544,15544,2,0
2023-02-13 15:07:25,15543,15543,15543,2,-2
2023-02-13 15:07:25,15544,15544,15544,2,2
2023-02-13 15:07:36,15544,15544,15544,2,0
2023-02-13 15:07:37,15543,15543,15543,2,-2
2023-02-13 15:07:37,15543,15543,15543,2,0
2023-02-13 15:07:40,15543,15543,15543,2,0
2023-02-13 15:07:40,15543,15543,15543,2,0
2023-02-13 15:07:41,15543,15543,15543,2,0
2023-02-13 15:07:42,15543,15543,15543,2,0
2023-02-13 15:07:44,15543,15543,15543,2,0
2023-02-13 15:07:45,15544,15544,15544,4,4
2023-02-13 15:07:47,15543,15543,15543,2,-2
2023-02-13 15:07:49,15543,15543,15543,2,0
2023-02-13 15:07:49,15543,15543,15543,2,0
2023-02-13 15:07:49,15543,15543,15543,2,0
2023-02-13 15:07:50,15543,15543,15543,2,0
2023-02-13 15:07:50,15543,15543,15543,2,0
2023-02-13 15:07:54,15543,15543,15543,2,0
2023-02-13 15:07:54,15543,15543,15543,2,0
2023-02-13 15:07:55,15542,15542,15542,2,-2
2023-02-13 15:07:59,15543,15543,15543,2,2
2023-02-13 15:08:00,15544,15544,15544,4,4
2023-02-13 15:08:08,15544,15544,15544,28,0
2023-02-13 15:08:08,15544,15544,15544,22,0
2023-02-13 15:08:19,15544,15544,15544,2,0
2023-02-13 15:08:21,15544,15544,15544,2,0
2023-02-13 15:08:26,15544,15544,15544,2,0
2023-02-13 15:08:31,15543,15543,15543,2,-2
2023-02-13 15:08:36,15543,15543,15543,2,0
2023-02-13 15:08:47,15544,15544,15544,2,2
2023-02-13 15:08:52,15543,15543,15543,2,-2
2023-02-13 15:09:06,15543,15543,15543,2,0
2023-02-13 15:09:06,15543,15543,15543,4,0
2023-02-13 15:09:06,15543,15543,15543,2,0
2023-02-13 15:09:06,15543,15543,15543,2,0
2023-02-13 15:09:06,15543,15543,15543,2,0
2023-02-13 15:09:06,15543,15543,15543,2,0
2023-02-13 15:09:06,15543,15543,15543,2,0
2023-02-13 15:09:06,15543,15543,15543,2,0
2023-02-13 15:09:07,15542,15542,15542,2,-2
2023-02-13 15:09:07,15542,15542,15542,2,0
2023-02-13 15:09:07,15542,15542,15542,2,0
2023-02-13 15:09:07,15542,15542,15542,2,0
2023-02-13 15:09:07,15542,15542,15542,2,0
2023-02-13 15:09:07,15542,15542,15542,2,0
2023-02-13 15:09:07,15542,15542,15542,2,0
2023-02-13 15:09:07,15542,15542,15542,2,0
2023-02-13 15:09:07,15542,15542,15542,2,0
2023-02-13 15:09:07,15542,15542,15542,2,0
2023-02-13 15:09:07,15542,15542,15542,2,0
2023-02-13 15:09:07,15542,15542,15542,2,0
2023-02-13 15:09:07,15542,15542,15542,2,0
2023-02-13 15:09:08,15542,15542,15542,2,0
2023-02-13 15:09:09,15541,15541,15541,2,-2
2023-02-13 15:09:09,15541,15541,15541,2,0
2023-02-13 15:09:19,15541,15541,15541,12,0
2023-02-13 15:09:19,15542,15542,15542,12,12
2023-02-13 15:09:20,15541,15541,15541,2,-2
2023-02-13 15:09:20,15541,15541,15541,2,0
2023-02-13 15:09:20,15541,15541,15541,2,0
2023-02-13 15:09:21,15541,15541,15541,2,0
2023-02-13 15:09:28,15541,15541,15541,2,0
2023-02-13 15:09:34,15540,15540,15540,2,-2
2023-02-13 15:09:34,15542,15542,15542,2,2
2023-02-13 15:09:47,15541,15541,15541,2,-2
2023-02-13 15:09:47,15541,15541,15541,2,0
2023-02-13 15:09:58,15540,15540,15540,2,-2
2023-02-13 15:10:04,15541,15541,15541,2,2
2023-02-13 15:10:04,15541,15541,15541,2,0
2023-02-13 15:10:04,15541,15541,15541,2,0
2023-02-13 15:10:04,15542,15542,15542,4,4
2023-02-13 15:10:04,15541,15541,15541,2,-2
2023-02-13 15:10:04,15541,15541,15541,2,0
2023-02-13 15:10:07,15542,15542,15542,2,2
2023-02-13 15:10:07,15542,15542,15542,12,0
2023-02-13 15:10:08,15542,15542,15542,4,0
2023-02-13 15:10:15,15543,15543,15543,8,8
2023-02-13 15:10:15,15543,15543,15543,2,0
2023-02-13 15:10:15,15543,15543,15543,2,0
2023-02-13 15:10:15,15543,15543,15543,2,0
2023-02-13 15:10:15,15543,15543,15543,2,0
2023-02-13 15:10:15,15543,15543,15543,2,0
2023-02-13 15:10:15,15543,15543,15543,4,0
2023-02-13 15:10:17,15543,15543,15543,4,0
2023-02-13 15:10:17,15543,15543,15543,2,0
2023-02-13 15:10:18,15543,15543,15543,2,0
2023-02-13 15:10:19,15543,15543,15543,2,0
2023-02-13 15:10:20,15543,15543,15543,2,0
2023-02-13 15:10:20,15543,15543,15543,6,0
2023-02-13 15:10:21,15542,15542,15542,2,-2
2023-02-13 15:10:21,15543,15543,15543,2,2
2023-02-13 15:10:22,15543,15543,15543,2,0
2023-02-13 15:10:40,15544,15544,15544,2,2
2023-02-13 15:10:49,15543,15543,15543,2,-2
2023-02-13 15:10:49,15544,15544,15544,2,2
2023-02-13 15:10:50,15544,15544,15544,6,0
2023-02-13 15:10:51,15544,15544,15544,2,0
2023-02-13 15:11:00,15545,15545,15545,2,2
2023-02-13 15:11:09,15545,15545,15545,4,0
2023-02-13 15:11:11,15545,15545,15545,6,0
2023-02-13 15:11:14,15545,15545,15545,2,0
2023-02-13 15:11:15,15545,15545,15545,2,0
2023-02-13 15:11:17,15545,15545,15545,2,0
2023-02-13 15:11:28,15545,15545,15545,2,0
2023-02-13 15:11:29,15545,15545,15545,2,0
2023-02-13 15:11:31,15545,15545,15545,2,0
2023-02-13 15:11:33,15545,15545,15545,2,0
2023-02-13 15:11:34,15545,15545,15545,2,0
2023-02-13 15:11:36,15545,15545,15545,4,0
2023-02-13 15:11:37,15544,15544,15544,2,-2
2023-02-13 15:11:40,15545,15545,15545,2,2
2023-02-13 15:11:48,15545,15545,15545,8,0
2023-02-13 15:11:48,15544,15544,15544,4,-4
2023-02-13 15:11:48,15544,15544,15544,2,0
2023-02-13 15:11:48,15544,15544,15544,2,0
2023-02-13 15:11:48,15544,15544,15544,2,0
2023-02-13 15:11:48,15544,15544,15544,2,0
2023-02-13 15:11:49,15544,15544,15544,4,0
2023-02-13 15:11:50,15545,15545,15545,2,2
2023-02-13 15:11:53,15545,15545,15545,2,0
2023-02-13 15:11:56,15545,15545,15545,2,0
2023-02-13 15:11:56,15545,15545,15545,2,0
2023-02-13 15:12:02,15545,15545,15545,26,0
2023-02-13 15:12:02,15545,15545,15545,4,0
2023-02-13 15:12:06,15544,15544,15544,4,-4
2023-02-13 15:12:06,15544,15544,15544,2,0
2023-02-13 15:12:06,15543,15543,15543,2,-2
2023-02-13 15:12:07,15543,15543,15543,2,0
2023-02-13 15:12:11,15543,15543,15543,10,0
2023-02-13 15:12:14,15543,15543,15543,8,0
2023-02-13 15:12:14,15542,15542,15542,2,-2
2023-02-13 15:12:18,15542,15542,15542,2,0
2023-02-13 15:12:25,15542,15542,15542,2,0
2023-02-13 15:12:26,15542,15542,15542,2,0
2023-02-13 15:12:27,15542,15542,15542,2,0
2023-02-13 15:12:29,15542,15542,15542,2,0
2023-02-13 15:12:31,15542,15542,15542,2,0
2023-02-13 15:12:33,15541,15541,15541,2,-2
2023-02-13 15:12:34,15541,15541,15541,2,0
2023-02-13 15:12:34,15541,15541,15541,2,0
2023-02-13 15:12:36,15541,15541,15541,2,0
2023-02-13 15:12:37,15541,15541,15541,6,0
2023-02-13 15:12:40,15542,15542,15542,2,2
2023-02-13 15:12:48,15542,15542,15542,4,0
2023-02-13 15:12:50,15541,15541,15541,2,-2
2023-02-13 15:12:50,15542,15542,15542,4,4
2023-02-13 15:12:51,15542,15542,15542,2,0
2023-02-13 15:12:51,15542,15542,15542,2,0
2023-02-13 15:12:53,15542,15542,15542,4,0
2023-02-13 15:12:53,15542,15542,15542,2,0
2023-02-13 15:12:57,15542,15542,15542,2,0
2023-02-13 15:13:00,15543,15543,15543,2,2
2023-02-13 15:13:02,15542,15542,15542,2,-2
2023-02-13 15:13:02,15542,15542,15542,4,0
2023-02-13 15:13:02,15542,15542,15542,2,0
2023-02-13 15:13:02,15542,15542,15542,2,0
2023-02-13 15:13:12,15542,15542,15542,2,0
2023-02-13 15:13:12,15542,15542,15542,4,0
2023-02-13 15:13:12,15542,15542,15542,2,0
2023-02-13 15:13:12,15542,15542,15542,2,0
2023-02-13 15:13:18,15543,15543,15543,4,4
2023-02-13 15:13:21,15543,15543,15543,2,0
2023-02-13 15:13:22,15543,15543,15543,2,0
2023-02-13 15:13:23,15543,15543,15543,2,0
2023-02-13 15:13:24,15544,15544,15544,2,2
2023-02-13 15:13:25,15544,15544,15544,26,0
2023-02-13 15:13:25,15544,15544,15544,2,0
2023-02-13 15:13:26,15543,15543,15543,2,-2
2023-02-13 15:13:29,15543,15543,15543,2,0
2023-02-13 15:13:30,15543,15543,15543,2,0
2023-02-13 15:13:31,15544,15544,15544,8,8
2023-02-13 15:13:38,15543,15543,15543,2,-2
2023-02-13 15:13:46,15544,15544,15544,2,2
2023-02-13 15:13:57,15545,15545,15545,2,2
2023-02-13 15:13:58,15544,15544,15544,2,-2
2023-02-13 15:13:58,15544,15544,15544,2,0
2023-02-13 15:14:00,15545,15545,15545,4,4
2023-02-13 15:14:00,15546,15546,15546,6,6
2023-02-13 15:14:07,15545,15545,15545,4,-4
2023-02-13 15:14:07,15545,15545,15545,2,0
2023-02-13 15:14:08,15546,15546,15546,2,2
2023-02-13 15:14:10,15546,15546,15546,2,0
2023-02-13 15:14:11,15546,15546,15546,2,0
2023-02-13 15:14:11,15546,15546,15546,2,0
2023-02-13 15:14:13,15546,15546,15546,2,0
2023-02-13 15:14:16,15546,15546,15546,22,0
2023-02-13 15:14:19,15546,15546,15546,2,0
2023-02-13 15:14:28,15546,15546,15546,2,0
2023-02-13 15:14:31,15546,15546,15546,2,0
2023-02-13 15:14:37,15546,15546,15546,2,0
2023-02-13 15:14:41,15547,15547,15547,30,30
2023-02-13 15:14:44,15548,15548,15548,2,2
2023-02-13 15:14:45,15547,15547,15547,2,-2
2023-02-13 15:14:45,15548,15548,15548,2,2
2023-02-13 15:14:46,15547,15547,15547,2,-2
2023-02-13 15:14:47,15548,15548,15548,2,2
2023-02-13 15:14:48,15548,15548,15548,2,0
2023-02-13 15:14:48,15548,15548,15548,2,0
2023-02-13 15:14:48,15548,15548,15548,4,0
2023-02-13 15:14:56,15548,15548,15548,2,0
2023-02-13 15:14:57,15548,15548,15548,2,0
2023-02-13 15:14:58,15548,15548,15548,8,0
2023-02-13 15:14:58,15548,15548,15548,2,0
2023-02-13 15:14:58,15548,15548,15548,6,0
2023-02-13 15:15:01,15549,15549,15549,10,10
2023-02-13 15:15:01,15549,15549,15549,4,0
2023-02-13 15:15:01,15549,15549,15549,16,0
2023-02-13 15:15:01,15547,15547,15547,2,-2
2023-02-13 15:15:01,15547,15547,15547,2,0
2023-02-13 15:15:02,15547,15547,15547,2,0
2023-02-13 15:15:02,15547,15547,15547,2,0
2023-02-13 15:15:02,15547,15547,15547,2,0
2023-02-13 15:15:02,15547,15547,15547,2,0
2023-02-13 15:15:02,15547,15547,15547,2,0
2023-02-13 15:15:02,15546,15546,15546,4,-4
2023-02-13 15:15:14,15548,15548,15548,24,24
2023-02-13 15:15:22,15548,15548,15548,2,0
2023-02-13 15:15:24,15549,15549,15549,2,2
2023-02-13 15:15:26,15549,15549,15549,6,0
2023-02-13 15:15:27,15549,15549,15549,2,0
2023-02-13 15:15:29,15549,15549,15549,2,0
2023-02-13 15:15:30,15550,15550,15550,4,4
2023-02-13 15:15:30,15549,15549,15549,2,-2
2023-02-13 15:15:30,15550,15550,15550,2,2
2023-02-13 15:15:35,15549,15549,15549,2,-2
2023-02-13 15:15:40,15549,15549,15549,4,0
2023-02-13 15:15:40,15549,15549,15549,4,0
2023-02-13 15:15:43,15548,15548,15548,2,-2
2023-02-13 15:15:43,15549,15549,15549,14,14
2023-02-13 15:15:44,15549,15549,15549,2,0
2023-02-13 15:15:48,15549,15549,15549,2,0
2023-02-13 15:15:50,15550,15550,15550,2,2
2023-02-13 15:15:53,15549,15549,15549,2,-2
2023-02-13 15:16:00,15550,15550,15550,4,4
2023-02-13 15:16:02,15550,15550,15550,6,0
2023-02-13 15:16:04,15550,15550,15550,10,0
2023-02-13 15:16:04,15550,15550,15550,26,0
2023-02-13 15:16:09,15551,15551,15551,2,2
2023-02-13 15:16:11,15551,15551,15551,2,0
2023-02-13 15:16:13,15551,15551,15551,4,0
2023-02-13 15:16:13,15551,15551,15551,20,0
2023-02-13 15:16:17,15552,15552,15552,4,4
2023-02-13 15:16:17,15552,15552,15552,16,0
2023-02-13 15:16:17,15552,15552,15552,4,0
2023-02-13 15:16:17,15553,15553,15553,8,8
2023-02-13 15:16:17,15553,15553,15553,2,0
2023-02-13 15:16:17,15553,15553,15553,2,0
2023-02-13 15:16:17,15553,15553,15553,2,0
2023-02-13 15:16:17,15553,15553,15553,12,0
2023-02-13 15:16:17,15553,15553,15553,2,0
2023-02-13 15:16:17,15553,15553,15553,8,0
2023-02-13 15:16:17,15554,15554,15554,2,2
2023-02-13 15:16:17,15554,15554,15554,2,0
2023-02-13 15:16:17,15554,15554,15554,12,0
2023-02-13 15:16:17,15554,15554,15554,2,0
2023-02-13 15:16:17,15554,15554,15554,2,0
2023-02-13 15:16:17,15554,15554,15554,2,0
2023-02-13 15:16:17,15554,15554,15554,2,0
2023-02-13 15:16:17,15554,15554,15554,2,0
2023-02-13 15:16:17,15554,15554,15554,2,0
2023-02-13 15:16:18,15552,15552,15552,2,-2
2023-02-13 15:16:18,15552,15552,15552,2,0
2023-02-13 15:16:18,15553,15553,15553,4,4
2023-02-13 15:16:18,15554,15554,15554,4,4
2023-02-13 15:16:22,15553,15553,15553,2,-2
2023-02-13 15:16:22,15553,15553,15553,6,0
2023-02-13 15:16:23,15553,15553,15553,4,0
2023-02-13 15:16:26,15553,15553,15553,2,0
2023-02-13 15:16:26,15553,15553,15553,2,0
2023-02-13 15:16:30,15554,15554,15554,2,2
2023-02-13 15:16:32,15553,15553,15553,2,-2
2023-02-13 15:16:33,15554,15554,15554,2,2
2023-02-13 15:16:33,15553,15553,15553,2,-2
2023-02-13 15:16:36,15553,15553,15553,2,0
2023-02-13 15:16:37,15554,15554,15554,2,2
2023-02-13 15:16:39,15554,15554,15554,2,0
2023-02-13 15:16:39,15554,15554,15554,2,0
2023-02-13 15:16:39,15554,15554,15554,2,0
2023-02-13 15:16:39,15554,15554,15554,6,0
2023-02-13 15:16:43,15555,15555,15555,2,2
2023-02-13 15:16:43,15555,15555,15555,4,0
2023-02-13 15:16:43,15555,15555,15555,2,0
2023-02-13 15:16:43,15555,15555,15555,2,0
2023-02-13 15:16:43,15555,15555,15555,2,0
2023-02-13 15:16:43,15555,15555,15555,2,0
2023-02-13 15:16:43,15555,15555,15555,2,0
2023-02-13 15:16:43,15555,15555,15555,2,0
2023-02-13 15:16:43,15555,15555,15555,8,0
2023-02-13 15:16:43,15555,15555,15555,10,0
2023-02-13 15:16:43,15555,15555,15555,2,0
2023-02-13 15:16:43,15555,15555,15555,2,0
2023-02-13 15:16:43,15555,15555,15555,2,0
2023-02-13 15:16:43,15555,15555,15555,8,0
2023-02-13 15:16:43,15555,15555,15555,6,0
2023-02-13 15:16:43,15556,15556,15556,2,2
2023-02-13 15:16:43,15555,15555,15555,2,-2
2023-02-13 15:16:43,15556,15556,15556,2,2
2023-02-13 15:16:43,15556,15556,15556,2,0
2023-02-13 15:16:43,15556,15556,15556,2,0
2023-02-13 15:16:44,15556,15556,15556,8,0
2023-02-13 15:16:44,15556,15556,15556,8,0
2023-02-13 15:16:44,15556,15556,15556,2,0
2023-02-13 15:16:44,15556,15556,15556,2,0
2023-02-13 15:16:44,15556,15556,15556,2,0
2023-02-13 15:16:44,15556,15556,15556,2,0
2023-02-13 15:16:46,15556,15556,15556,12,0
2023-02-13 15:16:48,15557,15557,15557,6,6
2023-02-13 15:16:48,15557,15557,15557,2,0
2023-02-13 15:16:48,15558,15558,15558,2,2
2023-02-13 15:16:49,15558,15558,15558,2,0
2023-02-13 15:16:49,15558,15558,15558,2,0
2023-02-13 15:16:49,15558,15558,15558,2,0
2023-02-13 15:16:49,15558,15558,15558,2,0
2023-02-13 15:16:49,15558,15558,15558,2,0
2023-02-13 15:16:49,15558,15558,15558,2,0
2023-02-13 15:16:49,15558,15558,15558,18,0
2023-02-13 15:16:50,15559,15559,15559,2,2
2023-02-13 15:16:50,15557,15557,15557,2,-2
2023-02-13 15:16:50,15558,15558,15558,2,2
2023-02-13 15:16:50,15559,15559,15559,2,2
2023-02-13 15:16:50,15559,15559,15559,10,0
2023-02-13 15:16:51,15558,15558,15558,2,-2
2023-02-13 15:16:51,15559,15559,15559,2,2
2023-02-13 15:16:51,15559,15559,15559,2,0
2023-02-13 15:16:53,15559,15559,15559,8,0
2023-02-13 15:16:53,15560,15560,15560,2,2
2023-02-13 15:16:54,15559,15559,15559,2,-2
2023-02-13 15:16:55,15559,15559,15559,2,0
2023-02-13 15:16:55,15559,15559,15559,2,0
2023-02-13 15:16:56,15559,15559,15559,4,0
2023-02-13 15:16:56,15559,15559,15559,2,0
2023-02-13 15:16:57,15559,15559,15559,2,0
2023-02-13 15:16:57,15559,15559,15559,8,0
2023-02-13 15:16:57,15560,15560,15560,2,2
2023-02-13 15:16:58,15560,15560,15560,12,0
2023-02-13 15:16:59,15560,15560,15560,2,0
2023-02-13 15:17:00,15560,15560,15560,4,0
2023-02-13 15:17:01,15560,15560,15560,2,0
2023-02-13 15:17:01,15560,15560,15560,42,0
2023-02-13 15:17:01,15560,15560,15560,2,0
2023-02-13 15:17:01,15560,15560,15560,2,0
2023-02-13 15:17:02,15560,15560,15560,2,0
2023-02-13 15:17:02,15561,15561,15561,10,10
2023-02-13 15:17:02,15561,15561,15561,8,0
2023-02-13 15:17:02,15561,15561,15561,2,0
2023-02-13 15:17:02,15560,15560,15560,2,-2
2023-02-13 15:17:02,15559,15559,15559,6,-6
2023-02-13 15:17:02,15559,15559,15559,2,0
2023-02-13 15:17:03,15561,15561,15561,8,8
2023-02-13 15:17:03,15561,15561,15561,2,0
2023-02-13 15:17:05,15560,15560,15560,2,-2
2023-02-13 15:17:06,15561,15561,15561,4,4
2023-02-13 15:17:06,15562,15562,15562,6,6
2023-02-13 15:17:06,15560,15560,15560,2,-2
2023-02-13 15:17:06,15561,15561,15561,2,2
2023-02-13 15:17:06,15562,15562,15562,2,2
2023-02-13 15:17:06,15562,15562,15562,4,0
2023-02-13 15:17:06,15562,15562,15562,2,0
2023-02-13 15:17:06,15560,15560,15560,2,-2
2023-02-13 15:17:09,15561,15561,15561,2,2
2023-02-13 15:17:09,15562,15562,15562,8,8
2023-02-13 15:17:10,15561,15561,15561,2,-2
2023-02-13 15:17:10,15561,15561,15561,2,0
2023-02-13 15:17:10,15562,15562,15562,2,2
2023-02-13 15:17:12,15562,15562,15562,2,0
2023-02-13 15:17:13,15562,15562,15562,2,0
2023-02-13 15:17:13,15561,15561,15561,2,-2
2023-02-13 15:17:13,15562,15562,15562,6,6
2023-02-13 15:17:14,15561,15561,15561,4,-4
2023-02-13 15:17:15,15562,15562,15562,2,2
2023-02-13 15:17:15,15561,15561,15561,2,-2
2023-02-13 15:17:16,15562,15562,15562,2,2
2023-02-13 15:17:17,15562,15562,15562,2,0
2023-02-13 15:17:17,15561,15561,15561,2,-2
2023-02-13 15:17:18,15561,15561,15561,2,0
2023-02-13 15:17:19,15562,15562,15562,2,2
2023-02-13 15:17:20,15561,15561,15561,2,-2
2023-02-13 15:17:20,15561,15561,15561,2,0
2023-02-13 15:17:21,15561,15561,15561,2,0
2023-02-13 15:17:25,15560,15560,15560,4,-4
2023-02-13 15:17:25,15560,15560,15560,2,0
2023-02-13 15:17:25,15560,15560,15560,2,0
2023-02-13 15:17:25,15560,15560,15560,2,0
2023-02-13 15:17:25,15560,15560,15560,2,0
2023-02-13 15:17:25,15561,15561,15561,4,4
2023-02-13 15:17:26,15561,15561,15561,6,0
2023-02-13 15:17:26,15561,15561,15561,2,0
2023-02-13 15:17:27,15561,15561,15561,2,0
2023-02-13 15:17:27,15561,15561,15561,8,0
2023-02-13 15:17:29,15559,15559,15559,2,-2
2023-02-13 15:17:29,15560,15560,15560,2,2
2023-02-13 15:17:29,15560,15560,15560,8,0
2023-02-13 15:17:30,15559,15559,15559,2,-2
2023-02-13 15:17:30,15559,15559,15559,4,0
2023-02-13 15:17:30,15559,15559,15559,32,0
2023-02-13 15:17:30,15559,15559,15559,2,0
2023-02-13 15:17:30,15559,15559,15559,8,0
2023-02-13 15:17:30,15559,15559,15559,6,0
2023-02-13 15:17:30,15559,15559,15559,2,0
2023-02-13 15:17:30,15559,15559,15559,2,0
2023-02-13 15:17:30,15559,15559,15559,2,0
2023-02-13 15:17:30,15559,15559,15559,2,0
2023-02-13 15:17:31,15559,15559,15559,2,0
2023-02-13 15:17:31,15560,15560,15560,6,6
2023-02-13 15:17:38,15560,15560,15560,6,0
2023-02-13 15:17:43,15559,15559,15559,4,-4
2023-02-13 15:17:50,15559,15559,15559,2,0
2023-02-13 15:17:51,15559,15559,15559,2,0
2023-02-13 15:18:00,15559,15559,15559,2,0
2023-02-13 15:18:05,15559,15559,15559,2,0
2023-02-13 15:18:05,15559,15559,15559,8,0
2023-02-13 15:18:05,15559,15559,15559,2,0
2023-02-13 15:18:05,15559,15559,15559,2,0
2023-02-13 15:18:06,15560,15560,15560,2,2
2023-02-13 15:18:19,15558,15558,15558,2,-2
2023-02-13 15:18:20,15558,15558,15558,2,0
2023-02-13 15:18:24,15558,15558,15558,2,0
2023-02-13 15:18:24,15559,15559,15559,2,2
2023-02-13 15:18:24,15558,15558,15558,2,-2
2023-02-13 15:18:24,15558,15558,15558,2,0
2023-02-13 15:18:38,15557,15557,15557,2,-2
2023-02-13 15:18:39,15557,15557,15557,2,0
2023-02-13 15:18:43,15557,15557,15557,4,0
2023-02-13 15:18:43,15557,15557,15557,2,0
2023-02-13 15:18:44,15557,15557,15557,2,0
2023-02-13 15:18:44,15557,15557,15557,2,0
2023-02-13 15:18:44,15557,15557,15557,2,0
2023-02-13 15:18:44,15556,15556,15556,2,-2
2023-02-13 15:18:44,15556,15556,15556,2,0
2023-02-13 15:18:45,15557,15557,15557,2,2
2023-02-13 15:18:45,15557,15557,15557,2,0
2023-02-13 15:18:50,15557,15557,15557,8,0
2023-02-13 15:18:50,15558,15558,15558,16,16
2023-02-13 15:18:53,15557,15557,15557,2,-2
2023-02-13 15:18:55,15558,15558,15558,2,2
2023-02-13 15:19:00,15559,15559,15559,2,2
2023-02-13 15:19:03,15559,15559,15559,2,0
2023-02-13 15:19:07,15557,15557,15557,4,-4
2023-02-13 15:19:08,15558,15558,15558,2,2
2023-02-13 15:19:14,15558,15558,15558,2,0
2023-02-13 15:19:14,15558,15558,15558,2,0
2023-02-13 15:19:16,15558,15558,15558,2,0
2023-02-13 15:19:17,15558,15558,15558,2,0
2023-02-13 15:19:21,15558,15558,15558,2,0
2023-02-13 15:19:23,15558,15558,15558,2,0
2023-02-13 15:19:26,15557,15557,15557,2,-2
2023-02-13 15:19:26,15557,15557,15557,2,0
2023-02-13 15:19:26,15557,15557,15557,2,0
2023-02-13 15:19:26,15557,15557,15557,2,0
2023-02-13 15:19:26,15557,15557,15557,2,0
2023-02-13 15:19:26,15557,15557,15557,2,0
2023-02-13 15:19:26,15557,15557,15557,2,0
2023-02-13 15:19:31,15557,15557,15557,2,0
2023-02-13 15:19:34,15557,15557,15557,4,0
2023-02-13 15:19:34,15557,15557,15557,2,0
2023-02-13 15:19:35,15556,15556,15556,2,-2
2023-02-13 15:19:35,15556,15556,15556,2,0
2023-02-13 15:19:35,15556,15556,15556,2,0
2023-02-13 15:19:35,15556,15556,15556,2,0
2023-02-13 15:19:35,15556,15556,15556,4,0
2023-02-13 15:19:35,15556,15556,15556,2,0
2023-02-13 15:19:37,15555,15555,15555,2,-2
2023-02-13 15:19:37,15555,15555,15555,2,0
2023-02-13 15:19:38,15555,15555,15555,2,0
2023-02-13 15:19:38,15554,15554,15554,4,-4
2023-02-13 15:19:38,15554,15554,15554,2,0
2023-02-13 15:19:41,15555,15555,15555,2,2
2023-02-13 15:19:42,15555,15555,15555,2,0
2023-02-13 15:19:43,15554,15554,15554,2,-2
2023-02-13 15:19:43,15554,15554,15554,2,0
2023-02-13 15:19:44,15554,15554,15554,2,0
2023-02-13 15:19:50,15554,15554,15554,2,0
2023-02-13 15:19:51,15554,15554,15554,2,0
2023-02-13 15:19:53,15553,15553,15553,2,-2
2023-02-13 15:19:57,15554,15554,15554,2,2
2023-02-13 15:20:01,15555,15555,15555,2,2
2023-02-13 15:20:01,15555,15555,15555,6,0
2023-02-13 15:20:01,15555,15555,15555,2,0
2023-02-13 15:20:02,15555,15555,15555,2,0
2023-02-13 15:20:02,15554,15554,15554,2,-2
2023-02-13 15:20:02,15554,15554,15554,2,0
2023-02-13 15:20:02,15554,15554,15554,2,0
2023-02-13 15:20:02,15554,15554,15554,2,0
2023-02-13 15:20:05,15554,15554,15554,2,0
2023-02-13 15:20:06,15555,15555,15555,6,6
2023-02-13 15:20:18,15555,15555,15555,2,0
2023-02-13 15:20:28,15555,15555,15555,2,0
2023-02-13 15:20:29,15555,15555,15555,2,0
2023-02-13 15:20:33,15555,15555,15555,2,0
2023-02-13 15:20:34,15555,15555,15555,2,0
2023-02-13 15:20:36,15555,15555,15555,2,0
2023-02-13 15:20:42,15555,15555,15555,2,0
2023-02-13 15:20:50,15556,15556,15556,8,8
2023-02-13 15:20:59,15556,15556,15556,2,0
2023-02-13 15:20:59,15557,15557,15557,4,4
2023-02-13 15:20:59,15558,15558,15558,2,2
2023-02-13 15:21:00,15558,15558,15558,4,0
2023-02-13 15:21:00,15558,15558,15558,4,0
2023-02-13 15:21:03,15557,15557,15557,2,-2
2023-02-13 15:21:08,15557,15557,15557,2,0
2023-02-13 15:21:18,15557,15557,15557,2,0
2023-02-13 15:21:18,15557,15557,15557,2,0
2023-02-13 15:21:20,15558,15558,15558,2,2
2023-02-13 15:21:27,15558,15558,15558,4,0
2023-02-13 15:21:27,15558,15558,15558,6,0
2023-02-13 15:21:27,15558,15558,15558,6,0
2023-02-13 15:21:27,15558,15558,15558,2,0
2023-02-13 15:21:27,15558,15558,15558,4,0
2023-02-13 15:21:27,15558,15558,15558,6,0
2023-02-13 15:21:29,15558,15558,15558,2,0
2023-02-13 15:21:31,15558,15558,15558,2,0
2023-02-13 15:21:31,15558,15558,15558,2,0
2023-02-13 15:21:32,15558,15558,15558,2,0
2023-02-13 15:21:38,15559,15559,15559,2,2
2023-02-13 15:21:40,15559,15559,15559,4,0
2023-02-13 15:21:41,15558,15558,15558,2,-2
2023-02-13 15:21:41,15559,15559,15559,6,6
2023-02-13 15:21:43,15558,15558,15558,2,-2
2023-02-13 15:21:43,15559,15559,15559,2,2
2023-02-13 15:21:45,15559,15559,15559,4,0
2023-02-13 15:21:46,15559,15559,15559,2,0
2023-02-13 15:21:49,15559,15559,15559,2,0
2023-02-13 15:21:49,15559,15559,15559,2,0
2023-02-13 15:21:49,15559,15559,15559,2,0
2023-02-13 15:21:50,15559,15559,15559,2,0
2023-02-13 15:21:55,15559,15559,15559,4,0
2023-02-13 15:21:55,15560,15560,15560,2,2
2023-02-13 15:21:57,15560,15560,15560,2,0
2023-02-13 15:21:58,15559,15559,15559,2,-2
2023-02-13 15:22:03,15559,15559,15559,2,0
2023-02-13 15:22:12,15559,15559,15559,2,0
2023-02-13 15:22:13,15559,15559,15559,2,0
2023-02-13 15:22:13,15559,15559,15559,2,0
2023-02-13 15:22:15,15560,15560,15560,72,72
2023-02-13 15:22:15,15560,15560,15560,6,0
2023-02-13 15:22:15,15560,15560,15560,6,0
2023-02-13 15:22:15,15560,15560,15560,6,0
2023-02-13 15:22:15,15560,15560,15560,2,0
2023-02-13 15:22:15,15560,15560,15560,16,0
2023-02-13 15:22:15,15560,15560,15560,2,0
2023-02-13 15:22:15,15560,15560,15560,4,0
2023-02-13 15:22:22,15560,15560,15560,10,0
2023-02-13 15:22:26,15560,15560,15560,4,0
2023-02-13 15:22:26,15561,15561,15561,6,6
2023-02-13 15:22:27,15560,15560,15560,2,-2
2023-02-13 15:22:30,15560,15560,15560,2,0
2023-02-13 15:22:33,15560,15560,15560,4,0
2023-02-13 15:22:36,15560,15560,15560,2,0
2023-02-13 15:22:39,15560,15560,15560,2,0
2023-02-13 15:22:40,15560,15560,15560,2,0
2023-02-13 15:22:41,15560,15560,15560,2,0
2023-02-13 15:22:42,15561,15561,15561,2,2
2023-02-13 15:22:45,15561,15561,15561,2,0
2023-02-13 15:22:46,15560,15560,15560,2,-2
2023-02-13 15:22:49,15561,15561,15561,2,2
2023-02-13 15:22:54,15561,15561,15561,2,0
2023-02-13 15:22:56,15561,15561,15561,2,0
2023-02-13 15:22:57,15561,15561,15561,2,0
2023-02-13 15:22:58,15561,15561,15561,2,0
2023-02-13 15:22:59,15560,15560,15560,2,-2
2023-02-13 15:23:00,15561,15561,15561,2,2
2023-02-13 15:23:00,15561,15561,15561,4,0
2023-02-13 15:23:00,15561,15561,15561,14,0
2023-02-13 15:23:02,15560,15560,15560,4,-4
2023-02-13 15:23:04,15561,15561,15561,2,2
2023-02-13 15:23:11,15561,15561,15561,2,0
2023-02-13 15:23:13,15561,15561,15561,2,0
2023-02-13 15:23:13,15561,15561,15561,2,0
2023-02-13 15:23:13,15561,15561,15561,2,0
2023-02-13 15:23:13,15561,15561,15561,4,0
2023-02-13 15:23:17,15560,15560,15560,6,-6
2023-02-13 15:23:17,15560,15560,15560,2,0
2023-02-13 15:23:17,15560,15560,15560,2,0
2023-02-13 15:23:17,15560,15560,15560,2,0
2023-02-13 15:23:17,15560,15560,15560,2,0
2023-02-13 15:23:17,15560,15560,15560,12,0
2023-02-13 15:23:17,15561,15561,15561,2,2
2023-02-13 15:23:18,15560,15560,15560,2,-2
2023-02-13 15:23:18,15561,15561,15561,2,2
2023-02-13 15:23:25,15560,15560,15560,6,-6
2023-02-13 15:23:25,15560,15560,15560,2,0
2023-02-13 15:23:28,15561,15561,15561,4,4
2023-02-13 15:23:32,15561,15561,15561,2,0
2023-02-13 15:23:32,15561,15561,15561,2,0
2023-02-13 15:23:36,15561,15561,15561,4,0
2023-02-13 15:23:36,15561,15561,15561,2,0
2023-02-13 15:23:36,15560,15560,15560,2,-2
2023-02-13 15:23:37,15561,15561,15561,2,2
2023-02-13 15:23:40,15561,15561,15561,4,0
2023-02-13 15:23:40,15561,15561,15561,2,0
2023-02-13 15:23:45,15562,15562,15562,20,20
2023-02-13 15:23:45,15563,15563,15563,2,2
2023-02-13 15:23:45,15563,15563,15563,6,0
2023-02-13 15:23:45,15563,15563,15563,2,0
2023-02-13 15:23:45,15563,15563,15563,2,0
2023-02-13 15:23:45,15563,15563,15563,2,0
2023-02-13 15:23:45,15563,15563,15563,4,0
2023-02-13 15:23:45,15563,15563,15563,2,0
2023-02-13 15:23:45,15563,15563,15563,2,0
2023-02-13 15:23:45,15563,15563,15563,2,0
2023-02-13 15:23:45,15563,15563,15563,6,0
2023-02-13 15:23:45,15563,15563,15563,2,0
2023-02-13 15:23:45,15563,15563,15563,2,0
2023-02-13 15:23:45,15563,15563,15563,2,0
2023-02-13 15:23:45,15563,15563,15563,4,0
2023-02-13 15:23:45,15562,15562,15562,4,-4
2023-02-13 15:23:45,15562,15562,15562,2,0
2023-02-13 15:23:45,15562,15562,15562,4,0
2023-02-13 15:23:50,15563,15563,15563,2,2
2023-02-13 15:23:53,15562,15562,15562,2,-2
2023-02-13 15:23:55,15562,15562,15562,2,0
2023-02-13 15:23:55,15562,15562,15562,2,0
2023-02-13 15:23:58,15562,15562,15562,2,0
2023-02-13 15:24:00,15563,15563,15563,4,4
2023-02-13 15:24:00,15562,15562,15562,2,-2
2023-02-13 15:24:03,15563,15563,15563,54,54
2023-02-13 15:24:03,15564,15564,15564,2,2
2023-02-13 15:24:03,15564,15564,15564,2,0
2023-02-13 15:24:03,15564,15564,15564,2,0
2023-02-13 15:24:03,15564,15564,15564,2,0
2023-02-13 15:24:03,15564,15564,15564,2,0
2023-02-13 15:24:04,15563,15563,15563,2,-2
2023-02-13 15:24:04,15563,15563,15563,2,0
2023-02-13 15:24:04,15564,15564,15564,2,2
2023-02-13 15:24:04,15564,15564,15564,2,0
2023-02-13 15:24:04,15564,15564,15564,2,0
2023-02-13 15:24:04,15563,15563,15563,2,-2
2023-02-13 15:24:06,15564,15564,15564,10,10
2023-02-13 15:24:16,15563,15563,15563,2,-2
2023-02-13 15:24:16,15563,15563,15563,2,0
2023-02-13 15:24:16,15563,15563,15563,2,0
2023-02-13 15:24:16,15563,15563,15563,2,0
2023-02-13 15:24:16,15563,15563,15563,2,0
2023-02-13 15:24:16,15563,15563,15563,2,0
2023-02-13 15:24:28,15563,15563,15563,2,0
2023-02-13 15:24:32,15562,15562,15562,2,-2
2023-02-13 15:24:32,15562,15562,15562,2,0
2023-02-13 15:24:32,15562,15562,15562,2,0
2023-02-13 15:24:34,15562,15562,15562,2,0
2023-02-13 15:24:34,15562,15562,15562,2,0
2023-02-13 15:24:36,15563,15563,15563,2,2
2023-02-13 15:24:36,15562,15562,15562,2,-2
2023-02-13 15:24:37,15562,15562,15562,2,0
2023-02-13 15:24:37,15562,15562,15562,2,0
2023-02-13 15:24:37,15562,15562,15562,2,0
2023-02-13 15:24:38,15561,15561,15561,2,-2
2023-02-13 15:24:38,15562,15562,15562,2,2
2023-02-13 15:24:40,15563,15563,15563,4,4
2023-02-13 15:24:40,15563,15563,15563,4,0
2023-02-13 15:24:42,15563,15563,15563,6,0
2023-02-13 15:24:42,15563,15563,15563,2,0
2023-02-13 15:25:08,15560,15560,15560,2,-2
2023-02-13 15:25:08,15560,15560,15560,4,0
2023-02-13 15:25:08,15560,15560,15560,2,0
2023-02-13 15:25:08,15560,15560,15560,2,0
2023-02-13 15:25:08,15562,15562,15562,2,2
2023-02-13 15:25:08,15562,15562,15562,2,0
2023-02-13 15:25:08,15562,15562,15562,2,0
2023-02-13 15:25:09,15562,15562,15562,4,0
2023-02-13 15:25:09,15562,15562,15562,2,0
2023-02-13 15:25:09,15562,15562,15562,2,0
2023-02-13 15:25:09,15563,15563,15563,2,2
2023-02-13 15:25:20,15561,15561,15561,2,-2
2023-02-13 15:25:20,15561,15561,15561,2,0
2023-02-13 15:25:32,15560,15560,15560,2,-2
2023-02-13 15:25:32,15560,15560,15560,2,0
2023-02-13 15:25:32,15560,15560,15560,2,0
2023-02-13 15:25:32,15560,15560,15560,2,0
2023-02-13 15:25:32,15560,15560,15560,2,0
2023-02-13 15:25:32,15560,15560,15560,2,0
2023-02-13 15:25:32,15561,15561,15561,2,2
2023-02-13 15:25:32,15561,15561,15561,2,0
2023-02-13 15:25:32,15561,15561,15561,2,0
2023-02-13 15:25:36,15560,15560,15560,2,-2
2023-02-13 15:25:42,15561,15561,15561,6,6
2023-02-13 15:25:42,15561,15561,15561,2,0
2023-02-13 15:25:55,15561,15561,15561,8,0
2023-02-13 15:25:55,15561,15561,15561,4,0
2023-02-13 15:25:59,15560,15560,15560,2,-2
2023-02-13 15:25:59,15560,15560,15560,2,0
2023-02-13 15:26:15,15561,15561,15561,4,4
2023-02-13 15:26:18,15560,15560,15560,2,-2
2023-02-13 15:26:18,15560,15560,15560,2,0
2023-02-13 15:26:18,15560,15560,15560,2,0
2023-02-13 15:26:18,15560,15560,15560,2,0
2023-02-13 15:26:20,15561,15561,15561,4,4
2023-02-13 15:26:31,15560,15560,15560,2,-2
2023-02-13 15:26:31,15560,15560,15560,2,0
2023-02-13 15:26:31,15560,15560,15560,2,0
2023-02-13 15:26:32,15560,15560,15560,2,0
2023-02-13 15:26:40,15560,15560,15560,4,0
2023-02-13 15:26:40,15560,15560,15560,4,0
2023-02-13 15:26:52,15560,15560,15560,4,0
2023-02-13 15:26:53,15561,15561,15561,2,2
2023-02-13 15:26:53,15561,15561,15561,2,0
2023-02-13 15:26:53,15561,15561,15561,2,0
2023-02-13 15:26:53,15561,15561,15561,6,0
2023-02-13 15:26:53,15562,15562,15562,2,2
2023-02-13 15:27:18,15563,15563,15563,4,4
2023-02-13 15:27:18,15563,15563,15563,4,0
2023-02-13 15:27:18,15563,15563,15563,6,0
2023-02-13 15:27:20,15563,15563,15563,4,0
2023-02-13 15:27:20,15564,15564,15564,2,2
2023-02-13 15:27:21,15563,15563,15563,2,-2
2023-02-13 15:27:23,15563,15563,15563,2,0
2023-02-13 15:27:24,15563,15563,15563,2,0
2023-02-13 15:27:27,15563,15563,15563,2,0
2023-02-13 15:27:28,15564,15564,15564,2,2
2023-02-13 15:27:30,15563,15563,15563,2,-2
2023-02-13 15:27:31,15563,15563,15563,2,0
2023-02-13 15:27:36,15563,15563,15563,2,0
2023-02-13 15:27:38,15562,15562,15562,2,-2
2023-02-13 15:27:39,15563,15563,15563,2,2
2023-02-13 15:27:40,15562,15562,15562,2,-2
2023-02-13 15:27:47,15562,15562,15562,2,0
2023-02-13 15:27:47,15562,15562,15562,2,0
2023-02-13 15:27:48,15562,15562,15562,2,0
2023-02-13 15:27:49,15562,15562,15562,2,0
2023-02-13 15:27:49,15561,15561,15561,2,-2
2023-02-13 15:27:51,15562,15562,15562,2,2
2023-02-13 15:27:52,15562,15562,15562,2,0
2023-02-13 15:27:54,15562,15562,15562,2,0
2023-02-13 15:27:56,15562,15562,15562,2,0
2023-02-13 15:27:58,15562,15562,15562,2,0
2023-02-13 15:28:11,15562,15562,15562,2,0
2023-02-13 15:28:12,15563,15563,15563,2,2
2023-02-13 15:28:13,15562,15562,15562,2,-2
2023-02-13 15:28:13,15562,15562,15562,2,0
2023-02-13 15:28:25,15561,15561,15561,2,-2
2023-02-13 15:28:31,15561,15561,15561,2,0
2023-02-13 15:28:32,15562,15562,15562,2,2
2023-02-13 15:28:32,15562,15562,15562,2,0
2023-02-13 15:28:36,15562,15562,15562,4,0
2023-02-13 15:28:41,15561,15561,15561,2,-2
2023-02-13 15:28:41,15561,15561,15561,2,0
2023-02-13 15:28:44,15561,15561,15561,2,0
2023-02-13 15:28:46,15561,15561,15561,2,0
2023-02-13 15:28:50,15562,15562,15562,2,2
2023-02-13 15:28:50,15562,15562,15562,2,0
2023-02-13 15:29:00,15562,15562,15562,2,0
2023-02-13 15:29:06,15562,15562,15562,4,0
2023-02-13 15:29:12,15562,15562,15562,2,0
2023-02-13 15:29:12,15562,15562,15562,2,0
2023-02-13 15:29:12,15562,15562,15562,2,0
2023-02-13 15:29:12,15562,15562,15562,2,0
2023-02-13 15:29:12,15562,15562,15562,2,0
2023-02-13 15:29:15,15563,15563,15563,2,2
2023-02-13 15:29:15,15563,15563,15563,2,0
2023-02-13 15:29:20,15563,15563,15563,12,0
2023-02-13 15:29:20,15563,15563,15563,24,0
2023-02-13 15:29:20,15563,15563,15563,4,0
2023-02-13 15:29:20,15564,15564,15564,2,2
2023-02-13 15:29:20,15564,15564,15564,2,0
2023-02-13 15:29:21,15564,15564,15564,2,0
2023-02-13 15:29:21,15562,15562,15562,2,-2
2023-02-13 15:29:21,15562,15562,15562,2,0
2023-02-13 15:29:25,15564,15564,15564,2,2
2023-02-13 15:29:25,15564,15564,15564,26,0
2023-02-13 15:29:25,15564,15564,15564,2,0
2023-02-13 15:29:25,15564,15564,15564,2,0
2023-02-13 15:29:25,15564,15564,15564,4,0
2023-02-13 15:29:25,15564,15564,15564,2,0
2023-02-13 15:29:25,15564,15564,15564,2,0
2023-02-13 15:29:25,15565,15565,15565,2,2
2023-02-13 15:29:25,15565,15565,15565,2,0
2023-02-13 15:29:25,15565,15565,15565,2,0
2023-02-13 15:29:25,15565,15565,15565,2,0
2023-02-13 15:29:25,15565,15565,15565,2,0
2023-02-13 15:29:25,15565,15565,15565,2,0
2023-02-13 15:29:25,15565,15565,15565,2,0
2023-02-13 15:29:25,15565,15565,15565,2,0
2023-02-13 15:29:26,15565,15565,15565,2,0
2023-02-13 15:29:26,15564,15564,15564,4,-4
2023-02-13 15:29:29,15564,15564,15564,2,0
2023-02-13 15:29:29,15565,15565,15565,2,2
2023-02-13 15:29:34,15565,15565,15565,2,0
2023-02-13 15:29:35,15565,15565,15565,2,0
2023-02-13 15:29:36,15564,15564,15564,2,-2
2023-02-13 15:29:43,15565,15565,15565,2,2
2023-02-13 15:29:44,15565,15565,15565,2,0
2023-02-13 15:29:45,15565,15565,15565,2,0
2023-02-13 15:29:45,15565,15565,15565,2,0
2023-02-13 15:29:48,15565,15565,15565,2,0
2023-02-13 15:29:52,15565,15565,15565,2,0
2023-02-13 15:29:55,15565,15565,15565,4,0
2023-02-13 15:29:55,15565,15565,15565,2,0
2023-02-13 15:29:55,15565,15565,15565,2,0
2023-02-13 15:29:57,15565,15565,15565,2,0
2023-02-13 15:30:00,15564,15564,15564,2,-2
2023-02-13 15:30:00,15564,15564,15564,2,0
2023-02-13 15:30:00,15564,15564,15564,2,0
2023-02-13 15:30:00,15564,15564,15564,2,0
2023-02-13 15:30:00,15564,15564,15564,2,0
2023-02-13 15:30:00,15565,15565,15565,2,2
2023-02-13 15:30:00,15565,15565,15565,2,0
2023-02-13 15:30:00,15565,15565,15565,4,0
2023-02-13 15:30:00,15565,15565,15565,4,0
2023-02-13 15:30:00,15565,15565,15565,2,0
2023-02-13 15:30:00,15565,15565,15565,4,0
2023-02-13 15:30:00,15565,15565,15565,2,0
2023-02-13 15:30:00,15566,15566,15566,4,4
2023-02-13 15:30:00,15566,15566,15566,8,0
2023-02-13 15:30:00,15566,15566,15566,28,0
2023-02-13 15:30:00,15566,15566,15566,4,0
2023-02-13 15:30:00,15567,15567,15567,4,4
2023-02-13 15:30:00,15567,15567,15567,4,0
2023-02-13 15:30:00,15567,15567,15567,8,0
2023-02-13 15:30:00,15567,15567,15567,2,0
2023-02-13 15:30:00,15567,15567,15567,2,0
2023-02-13 15:30:00,15567,15567,15567,2,0
2023-02-13 15:30:00,15567,15567,15567,2,0
2023-02-13 15:30:00,15567,15567,15567,6,0
2023-02-13 15:30:00,15568,15568,15568,14,14
2023-02-13 15:30:00,15567,15567,15567,2,-2
2023-02-13 15:30:00,15568,15568,15568,4,4
2023-02-13 15:30:00,15568,15568,15568,6,0
2023-02-13 15:30:00,15568,15568,15568,2,0
2023-02-13 15:30:00,15568,15568,15568,8,0
2023-02-13 15:30:00,15568,15568,15568,2,0
2023-02-13 15:30:00,15568,15568,15568,2,0
2023-02-13 15:30:00,15568,15568,15568,2,0
2023-02-13 15:30:01,15568,15568,15568,2,0
2023-02-13 15:30:01,15568,15568,15568,4,0
2023-02-13 15:30:01,15567,15567,15567,2,-2
2023-02-13 15:30:01,15566,15566,15566,2,-2
2023-02-13 15:30:01,15567,15567,15567,8,8
2023-02-13 15:30:01,15567,15567,15567,6,0
2023-02-13 15:30:01,15568,15568,15568,2,2
2023-02-13 15:30:01,15567,15567,15567,4,-4
2023-02-13 15:30:01,15568,15568,15568,2,2
2023-02-13 15:30:01,15568,15568,15568,2,0
2023-02-13 15:30:01,15568,15568,15568,2,0
2023-02-13 15:30:01,15567,15567,15567,2,-2
2023-02-13 15:30:01,15567,15567,15567,2,0
2023-02-13 15:30:01,15567,15567,15567,2,0
2023-02-13 15:30:01,15567,15567,15567,2,0
2023-02-13 15:30:01,15567,15567,15567,16,0
2023-02-13 15:30:01,15567,15567,15567,4,0
2023-02-13 15:30:01,15567,15567,15567,2,0
2023-02-13 15:30:01,15567,15567,15567,2,0
2023-02-13 15:30:01,15567,15567,15567,2,0
2023-02-13 15:30:01,15568,15568,15568,2,2
2023-02-13 15:30:01,15568,15568,15568,2,0
2023-02-13 15:30:01,15568,15568,15568,2,0
2023-02-13 15:30:01,15568,15568,15568,2,0
2023-02-13 15:30:01,15568,15568,15568,2,0
2023-02-13 15:30:01,15568,15568,15568,2,0
2023-02-13 15:30:01,15567,15567,15567,2,-2
2023-02-13 15:30:02,15568,15568,15568,2,2
2023-02-13 15:30:05,15567,15567,15567,2,-2
2023-02-13 15:30:05,15567,15567,15567,2,0
2023-02-13 15:30:05,15566,15566,15566,2,-2
2023-02-13 15:30:05,15568,15568,15568,14,14
2023-02-13 15:30:05,15569,15569,15569,6,6
2023-02-13 15:30:05,15569,15569,15569,38,0
2023-02-13 15:30:05,15569,15569,15569,2,0
2023-02-13 15:30:05,15569,15569,15569,2,0
2023-02-13 15:30:05,15569,15569,15569,2,0
2023-02-13 15:30:05,15568,15568,15568,2,-2
2023-02-13 15:30:05,15569,15569,15569,2,2
2023-02-13 15:30:05,15569,15569,15569,2,0
2023-02-13 15:30:05,15570,15570,15570,10,10
2023-02-13 15:30:05,15570,15570,15570,2,0
2023-02-13 15:30:05,15570,15570,15570,12,0
2023-02-13 15:30:05,15570,15570,15570,2,0
2023-02-13 15:30:05,15570,15570,15570,2,0
2023-02-13 15:30:05,15570,15570,15570,2,0
2023-02-13 15:30:05,15570,15570,15570,2,0
2023-02-13 15:30:05,15570,15570,15570,2,0
2023-02-13 15:30:05,15570,15570,15570,2,0
2023-02-13 15:30:05,15570,15570,15570,2,0
2023-02-13 15:30:05,15569,15569,15569,2,-2
2023-02-13 15:30:05,15569,15569,15569,2,0
2023-02-13 15:30:05,15570,15570,15570,4,4
2023-02-13 15:30:05,15570,15570,15570,2,0
2023-02-13 15:30:06,15569,15569,15569,2,-2
2023-02-13 15:30:06,15569,15569,15569,2,0
2023-02-13 15:30:06,15569,15569,15569,2,0
2023-02-13 15:30:06,15570,15570,15570,4,4
2023-02-13 15:30:06,15570,15570,15570,2,0
2023-02-13 15:30:06,15569,15569,15569,4,-4
2023-02-13 15:30:07,15568,15568,15568,2,-2
2023-02-13 15:30:07,15569,15569,15569,2,2
2023-02-13 15:30:07,15569,15569,15569,6,0
2023-02-13 15:30:07,15570,15570,15570,4,4
2023-02-13 15:30:09,15569,15569,15569,2,-2
2023-02-13 15:30:09,15569,15569,15569,2,0
2023-02-13 15:30:09,15569,15569,15569,4,0
2023-02-13 15:30:10,15569,15569,15569,2,0
2023-02-13 15:30:10,15569,15569,15569,2,0
2023-02-13 15:30:10,15570,15570,15570,2,2
2023-02-13 15:30:11,15570,15570,15570,8,0
2023-02-13 15:30:12,15570,15570,15570,4,0
2023-02-13 15:30:14,15570,15570,15570,14,0
2023-02-13 15:30:14,15570,15570,15570,2,0
2023-02-13 15:30:14,15570,15570,15570,4,0
2023-02-13 15:30:14,15569,15569,15569,2,-2
2023-02-13 15:30:15,15571,15571,15571,2,2
2023-02-13 15:30:16,15571,15571,15571,2,0
2023-02-13 15:30:17,15570,15570,15570,2,-2
2023-02-13 15:30:17,15570,15570,15570,2,0
2023-02-13 15:30:18,15570,15570,15570,4,0
2023-02-13 15:30:18,15570,15570,15570,2,0
2023-02-13 15:30:18,15570,15570,15570,2,0
2023-02-13 15:30:21,15570,15570,15570,4,0
2023-02-13 15:30:24,15569,15569,15569,8,-8
2023-02-13 15:30:24,15569,15569,15569,2,0
2023-02-13 15:30:24,15569,15569,15569,2,0
2023-02-13 15:30:24,15569,15569,15569,2,0
2023-02-13 15:30:24,15569,15569,15569,2,0
2023-02-13 15:30:25,15568,15568,15568,2,-2
2023-02-13 15:30:25,15569,15569,15569,2,2
2023-02-13 15:30:26,15569,15569,15569,2,0
2023-02-13 15:30:26,15568,15568,15568,2,-2
2023-02-13 15:30:26,15568,15568,15568,2,0
2023-02-13 15:30:26,15568,15568,15568,2,0
2023-02-13 15:30:26,15568,15568,15568,2,0
2023-02-13 15:30:26,15567,15567,15567,2,-2
2023-02-13 15:30:27,15567,15567,15567,2,0
2023-02-13 15:30:27,15568,15568,15568,2,2
2023-02-13 15:30:28,15568,15568,15568,2,0
2023-02-13 15:30:30,15568,15568,15568,2,0
2023-02-13 15:30:32,15567,15567,15567,2,-2
2023-02-13 15:30:33,15567,15567,15567,2,0
2023-02-13 15:30:36,15567,15567,15567,4,0
2023-02-13 15:30:37,15566,15566,15566,2,-2
2023-02-13 15:30:38,15566,15566,15566,2,0
2023-02-13 15:30:38,15566,15566,15566,2,0
2023-02-13 15:30:38,15567,15567,15567,2,2
2023-02-13 15:30:39,15565,15565,15565,2,-2
2023-02-13 15:30:39,15565,15565,15565,2,0
2023-02-13 15:30:40,15564,15564,15564,2,-2
2023-02-13 15:30:40,15564,15564,15564,2,0
2023-02-13 15:30:41,15565,15565,15565,4,4
2023-02-13 15:30:41,15565,15565,15565,2,0
2023-02-13 15:30:42,15565,15565,15565,2,0
2023-02-13 15:30:42,15565,15565,15565,2,0
2023-02-13 15:30:43,15565,15565,15565,2,0
2023-02-13 15:30:43,15565,15565,15565,2,0
2023-02-13 15:30:43,15564,15564,15564,4,-4
2023-02-13 15:30:44,15564,15564,15564,2,0
2023-02-13 15:30:44,15564,15564,15564,2,0
2023-02-13 15:30:45,15564,15564,15564,2,0
2023-02-13 15:30:45,15565,15565,15565,2,2
2023-02-13 15:30:48,15564,15564,15564,2,-2
2023-02-13 15:30:49,15564,15564,15564,2,0
2023-02-13 15:30:49,15565,15565,15565,2,2
2023-02-13 15:30:51,15563,15563,15563,2,-2
2023-02-13 15:30:52,15563,15563,15563,2,0
2023-02-13 15:30:55,15562,15562,15562,2,-2
2023-02-13 15:30:55,15562,15562,15562,2,0
2023-02-13 15:30:56,15562,15562,15562,2,0
2023-02-13 15:31:01,15562,15562,15562,2,0
2023-02-13 15:31:03,15562,15562,15562,4,0
2023-02-13 15:31:04,15562,15562,15562,4,0
2023-02-13 15:31:04,15563,15563,15563,2,2
2023-02-13 15:31:06,15562,15562,15562,2,-2
2023-02-13 15:31:08,15562,15562,15562,2,0
2023-02-13 15:31:08,15561,15561,15561,6,-6
2023-02-13 15:31:08,15561,15561,15561,2,0
2023-02-13 15:31:08,15561,15561,15561,2,0
2023-02-13 15:31:08,15561,15561,15561,2,0
2023-02-13 15:31:08,15561,15561,15561,2,0
2023-02-13 15:31:08,15561,15561,15561,2,0
2023-02-13 15:31:08,15560,15560,15560,2,-2
2023-02-13 15:31:08,15560,15560,15560,2,0
2023-02-13 15:31:08,15560,15560,15560,2,0
2023-02-13 15:31:08,15560,15560,15560,2,0
2023-02-13 15:31:09,15559,15559,15559,2,-2
2023-02-13 15:31:11,15560,15560,15560,2,2
2023-02-13 15:31:11,15561,15561,15561,8,8
2023-02-13 15:31:16,15560,15560,15560,2,-2
2023-02-13 15:31:17,15559,15559,15559,2,-2
2023-02-13 15:31:22,15559,15559,15559,2,0
2023-02-13 15:31:24,15560,15560,15560,2,2
2023-02-13 15:31:29,15559,15559,15559,2,-2
2023-02-13 15:31:29,15560,15560,15560,2,2
2023-02-13 15:31:30,15559,15559,15559,2,-2
2023-02-13 15:31:34,15559,15559,15559,2,0
2023-02-13 15:31:34,15559,15559,15559,2,0
2023-02-13 15:31:34,15559,15559,15559,2,0
2023-02-13 15:31:34,15559,15559,15559,2,0
2023-02-13 15:31:36,15558,15558,15558,2,-2
2023-02-13 15:31:36,15558,15558,15558,4,0
2023-02-13 15:31:36,15558,15558,15558,2,0
2023-02-13 15:31:36,15558,15558,15558,2,0
2023-02-13 15:31:36,15558,15558,15558,2,0
2023-02-13 15:31:36,15558,15558,15558,2,0
2023-02-13 15:31:36,15558,15558,15558,2,0
2023-02-13 15:31:36,15558,15558,15558,2,0
2023-02-13 15:31:36,15558,15558,15558,2,0
2023-02-13 15:31:36,15558,15558,15558,2,0
2023-02-13 15:31:36,15558,15558,15558,2,0
2023-02-13 15:31:36,15557,15557,15557,2,-2
2023-02-13 15:31:36,15558,15558,15558,4,4
2023-02-13 15:31:37,15557,15557,15557,2,-2
2023-02-13 15:31:37,15557,15557,15557,2,0
2023-02-13 15:31:38,15557,15557,15557,2,0
2023-02-13 15:31:39,15557,15557,15557,2,0
2023-02-13 15:31:40,15558,15558,15558,2,2
2023-02-13 15:31:41,15557,15557,15557,2,-2
2023-02-13 15:31:43,15558,15558,15558,2,2
2023-02-13 15:31:44,15557,15557,15557,2,-2
2023-02-13 15:31:44,15557,15557,15557,4,0
2023-02-13 15:31:44,15557,15557,15557,2,0
2023-02-13 15:31:44,15557,15557,15557,2,0
2023-02-13 15:31:45,15557,15557,15557,2,0
2023-02-13 15:31:45,15557,15557,15557,2,0
2023-02-13 15:31:46,15557,15557,15557,2,0
2023-02-13 15:31:46,15557,15557,15557,2,0
2023-02-13 15:31:46,15557,15557,15557,2,0
2023-02-13 15:31:46,15557,15557,15557,2,0
2023-02-13 15:31:47,15557,15557,15557,2,0
2023-02-13 15:31:47,15557,15557,15557,2,0
2023-02-13 15:31:48,15558,15558,15558,2,2
2023-02-13 15:31:49,15557,15557,15557,2,-2
2023-02-13 15:31:49,15557,15557,15557,2,0
2023-02-13 15:31:50,15557,15557,15557,2,0
2023-02-13 15:31:52,15557,15557,15557,2,0
2023-02-13 15:31:55,15557,15557,15557,2,0
2023-02-13 15:31:56,15557,15557,15557,2,0
2023-02-13 15:31:58,15557,15557,15557,2,0
2023-02-13 15:31:58,15556,15556,15556,2,-2
2023-02-13 15:31:58,15556,15556,15556,2,0
2023-02-13 15:32:01,15556,15556,15556,2,0
2023-02-13 15:32:09,15556,15556,15556,2,0
2023-02-13 15:32:11,15556,15556,15556,2,0
2023-02-13 15:32:11,15556,15556,15556,2,0
2023-02-13 15:32:13,15556,15556,15556,2,0
2023-02-13 15:32:14,15556,15556,15556,2,0
2023-02-13 15:32:14,15556,15556,15556,2,0
2023-02-13 15:32:14,15556,15556,15556,6,0
2023-02-13 15:32:14,15556,15556,15556,2,0
2023-02-13 15:32:15,15556,15556,15556,4,0
2023-02-13 15:32:15,15555,15555,15555,4,-4
2023-02-13 15:32:15,15555,15555,15555,2,0
2023-02-13 15:32:15,15555,15555,15555,4,0
2023-02-13 15:32:15,15555,15555,15555,2,0
2023-02-13 15:32:16,15556,15556,15556,4,4
2023-02-13 15:32:16,15555,15555,15555,2,-2
2023-02-13 15:32:16,15555,15555,15555,2,0
2023-02-13 15:32:16,15555,15555,15555,2,0
2023-02-13 15:32:16,15555,15555,15555,2,0
2023-02-13 15:32:16,15555,15555,15555,2,0
2023-02-13 15:32:16,15555,15555,15555,2,0
2023-02-13 15:32:18,15554,15554,15554,2,-2
2023-02-13 15:32:19,15554,15554,15554,2,0
2023-02-13 15:32:19,15554,15554,15554,2,0
2023-02-13 15:32:19,15554,15554,15554,2,0
2023-02-13 15:32:20,15554,15554,15554,2,0
2023-02-13 15:32:20,15554,15554,15554,2,0
2023-02-13 15:32:21,15554,15554,15554,2,0
2023-02-13 15:32:21,15554,15554,15554,2,0
2023-02-13 15:32:21,15553,15553,15553,2,-2
2023-02-13 15:32:21,15553,15553,15553,2,0
2023-02-13 15:32:23,15553,15553,15553,2,0
2023-02-13 15:32:23,15553,15553,15553,2,0
2023-02-13 15:32:25,15553,15553,15553,2,0
2023-02-13 15:32:26,15554,15554,15554,6,6
2023-02-13 15:32:26,15555,15555,15555,12,12
2023-02-13 15:32:33,15555,15555,15555,4,0
2023-02-13 15:32:35,15555,15555,15555,2,0
2023-02-13 15:32:35,15555,15555,15555,2,0
2023-02-13 15:32:35,15555,15555,15555,2,0
2023-02-13 15:32:35,15555,15555,15555,2,0
2023-02-13 15:32:35,15555,15555,15555,2,0
2023-02-13 15:32:39,15554,15554,15554,2,-2
2023-02-13 15:32:39,15554,15554,15554,2,0
2023-02-13 15:32:40,15554,15554,15554,2,0
2023-02-13 15:32:43,15554,15554,15554,2,0
2023-02-13 15:32:43,15554,15554,15554,2,0
2023-02-13 15:32:48,15554,15554,15554,2,0
2023-02-13 15:32:48,15554,15554,15554,2,0
2023-02-13 15:32:49,15554,15554,15554,2,0
2023-02-13 15:32:50,15554,15554,15554,2,0
2023-02-13 15:32:52,15554,15554,15554,2,0
2023-02-13 15:33:02,15553,15553,15553,2,-2
2023-02-13 15:33:02,15553,15553,15553,4,0
2023-02-13 15:33:05,15553,15553,15553,2,0
2023-02-13 15:33:05,15553,15553,15553,2,0
2023-02-13 15:33:05,15553,15553,15553,2,0
2023-02-13 15:33:05,15553,15553,15553,2,0
2023-02-13 15:33:09,15554,15554,15554,4,4
2023-02-13 15:33:09,15553,15553,15553,2,-2
2023-02-13 15:33:10,15552,15552,15552,2,-2
2023-02-13 15:33:11,15552,15552,15552,2,0
2023-02-13 15:33:11,15552,15552,15552,4,0
2023-02-13 15:33:12,15553,15553,15553,2,2
2023-02-13 15:33:18,15553,15553,15553,4,0
2023-02-13 15:33:21,15554,15554,15554,6,6
2023-02-13 15:33:21,15554,15554,15554,2,0
2023-02-13 15:33:22,15554,15554,15554,2,0
2023-02-13 15:33:23,15554,15554,15554,4,0
2023-02-13 15:33:25,15555,15555,15555,2,2
2023-02-13 15:33:33,15554,15554,15554,2,-2
2023-02-13 15:33:37,15554,15554,15554,2,0
2023-02-13 15:33:38,15554,15554,15554,2,0
2023-02-13 15:33:38,15555,15555,15555,2,2
2023-02-13 15:33:39,15555,15555,15555,2,0
2023-02-13 15:33:40,15555,15555,15555,2,0
2023-02-13 15:33:40,15554,15554,15554,2,-2
2023-02-13 15:33:40,15554,15554,15554,2,0
2023-02-13 15:33:40,15554,15554,15554,2,0
2023-02-13 15:33:43,15554,15554,15554,2,0
2023-02-13 15:33:44,15554,15554,15554,2,0
2023-02-13 15:33:45,15554,15554,15554,4,0
2023-02-13 15:33:45,15554,15554,15554,2,0
2023-02-13 15:33:50,15555,15555,15555,2,2
2023-02-13 15:33:51,15554,15554,15554,2,-2
2023-02-13 15:33:53,15554,15554,15554,2,0
2023-02-13 15:33:53,15553,15553,15553,2,-2
2023-02-13 15:33:53,15553,15553,15553,2,0
2023-02-13 15:33:58,15553,15553,15553,4,0
2023-02-13 15:33:59,15553,15553,15553,2,0
2023-02-13 15:33:59,15553,15553,15553,2,0
2023-02-13 15:33:59,15553,15553,15553,2,0
2023-02-13 15:33:59,15553,15553,15553,2,0
2023-02-13 15:33:59,15553,15553,15553,2,0
2023-02-13 15:33:59,15553,15553,15553,2,0
2023-02-13 15:33:59,15553,15553,15553,2,0
2023-02-13 15:34:00,15553,15553,15553,2,0
2023-02-13 15:34:01,15553,15553,15553,2,0
2023-02-13 15:34:04,15553,15553,15553,2,0
2023-02-13 15:34:05,15553,15553,15553,2,0
2023-02-13 15:34:09,15553,15553,15553,2,0
2023-02-13 15:34:09,15552,15552,15552,2,-2
2023-02-13 15:34:09,15552,15552,15552,2,0
2023-02-13 15:34:09,15553,15553,15553,2,2
2023-02-13 15:34:18,15552,15552,15552,2,-2
2023-02-13 15:34:20,15552,15552,15552,2,0
2023-02-13 15:34:22,15552,15552,15552,2,0
2023-02-13 15:34:22,15552,15552,15552,2,0
2023-02-13 15:34:22,15552,15552,15552,2,0
2023-02-13 15:34:22,15552,15552,15552,2,0
2023-02-13 15:34:22,15552,15552,15552,2,0
2023-02-13 15:34:23,15551,15551,15551,2,-2
2023-02-13 15:34:24,15552,15552,15552,6,6
2023-02-13 15:34:26,15552,15552,15552,2,0
2023-02-13 15:34:28,15552,15552,15552,32,0
2023-02-13 15:34:28,15552,15552,15552,2,0
2023-02-13 15:34:28,15551,15551,15551,2,-2
2023-02-13 15:34:28,15551,15551,15551,2,0
2023-02-13 15:34:28,15551,15551,15551,2,0
2023-02-13 15:34:28,15551,15551,15551,2,0
2023-02-13 15:34:30,15551,15551,15551,2,0
2023-02-13 15:34:39,15551,15551,15551,2,0
2023-02-13 15:34:39,15551,15551,15551,2,0
2023-02-13 15:34:39,15551,15551,15551,2,0
2023-02-13 15:34:39,15551,15551,15551,2,0
2023-02-13 15:34:40,15550,15550,15550,2,-2
2023-02-13 15:34:40,15550,15550,15550,4,0
2023-02-13 15:34:40,15550,15550,15550,4,0
2023-02-13 15:34:40,15550,15550,15550,2,0
2023-02-13 15:34:40,15550,15550,15550,2,0
2023-02-13 15:34:40,15550,15550,15550,6,0
2023-02-13 15:34:40,15550,15550,15550,2,0
2023-02-13 15:34:40,15550,15550,15550,14,0
2023-02-13 15:34:40,15550,15550,15550,2,0
2023-02-13 15:34:40,15550,15550,15550,6,0
2023-02-13 15:34:40,15550,15550,15550,2,0
2023-02-13 15:34:40,15550,15550,15550,10,0
2023-02-13 15:34:40,15550,15550,15550,2,0
2023-02-13 15:34:40,15550,15550,15550,2,0
2023-02-13 15:34:40,15550,15550,15550,2,0
2023-02-13 15:34:40,15550,15550,15550,14,0
2023-02-13 15:34:40,15550,15550,15550,2,0
2023-02-13 15:34:40,15550,15550,15550,4,0
2023-02-13 15:34:40,15550,15550,15550,2,0
2023-02-13 15:34:40,15550,15550,15550,2,0
2023-02-13 15:34:40,15550,15550,15550,2,0
2023-02-13 15:34:40,15550,15550,15550,10,0
2023-02-13 15:34:40,15550,15550,15550,2,0
2023-02-13 15:34:40,15550,15550,15550,2,0
2023-02-13 15:34:41,15550,15550,15550,2,0
2023-02-13 15:34:41,15551,15551,15551,2,2
2023-02-13 15:34:51,15551,15551,15551,2,0
2023-02-13 15:34:52,15551,15551,15551,4,0
2023-02-13 15:34:55,15550,15550,15550,2,-2
2023-02-13 15:34:55,15550,15550,15550,2,0
2023-02-13 15:35:02,15550,15550,15550,2,0
2023-02-13 15:35:02,15551,15551,15551,4,4
2023-02-13 15:35:03,15551,15551,15551,2,0
2023-02-13 15:35:03,15550,15550,15550,2,-2
2023-02-13 15:35:06,15550,15550,15550,2,0
2023-02-13 15:35:09,15550,15550,15550,2,0
2023-02-13 15:35:17,15551,15551,15551,2,2
2023-02-13 15:35:17,15551,15551,15551,2,0
2023-02-13 15:35:28,15550,15550,15550,2,-2
2023-02-13 15:35:30,15550,15550,15550,4,0
2023-02-13 15:35:30,15550,15550,15550,2,0
2023-02-13 15:35:32,15551,15551,15551,2,2
2023-02-13 15:35:34,15551,15551,15551,2,0
2023-02-13 15:35:52,15550,15550,15550,2,-2
2023-02-13 15:35:53,15551,15551,15551,4,4
2023-02-13 15:35:55,15551,15551,15551,2,0
2023-02-13 15:35:56,15551,15551,15551,2,0
2023-02-13 15:35:56,15551,15551,15551,2,0
2023-02-13 15:36:01,15551,15551,15551,2,0
2023-02-13 15:36:03,15551,15551,15551,2,0
2023-02-13 15:36:13,15551,15551,15551,6,0
2023-02-13 15:36:14,15551,15551,15551,2,0
2023-02-13 15:36:14,15552,15552,15552,2,2
2023-02-13 15:36:16,15551,15551,15551,2,-2
2023-02-13 15:36:17,15551,15551,15551,2,0
2023-02-13 15:36:20,15551,15551,15551,2,0
2023-02-13 15:36:22,15551,15551,15551,2,0
2023-02-13 15:36:23,15551,15551,15551,2,0
2023-02-13 15:36:27,15552,15552,15552,2,2
2023-02-13 15:36:27,15552,15552,15552,2,0
2023-02-13 15:36:39,15552,15552,15552,2,0
2023-02-13 15:36:41,15551,15551,15551,4,-4
2023-02-13 15:36:41,15551,15551,15551,2,0
2023-02-13 15:36:42,15551,15551,15551,2,0
2023-02-13 15:36:52,15551,15551,15551,2,0
2023-02-13 15:36:52,15550,15550,15550,2,-2
2023-02-13 15:37:00,15551,15551,15551,2,2
2023-02-13 15:37:01,15551,15551,15551,2,0
2023-02-13 15:37:08,15551,15551,15551,2,0
2023-02-13 15:37:13,15550,15550,15550,2,-2
2023-02-13 15:37:13,15550,15550,15550,6,0
2023-02-13 15:37:13,15550,15550,15550,2,0
2023-02-13 15:37:13,15550,15550,15550,2,0
2023-02-13 15:37:13,15550,15550,15550,2,0
2023-02-13 15:37:13,15550,15550,15550,2,0
2023-02-13 15:37:13,15550,15550,15550,2,0
2023-02-13 15:37:13,15550,15550,15550,2,0
2023-02-13 15:37:17,15550,15550,15550,2,0
2023-02-13 15:37:17,15550,15550,15550,2,0
2023-02-13 15:37:17,15550,15550,15550,2,0
2023-02-13 15:37:17,15550,15550,15550,2,0
2023-02-13 15:37:17,15550,15550,15550,2,0
2023-02-13 15:37:17,15550,15550,15550,4,0
2023-02-13 15:37:30,15550,15550,15550,2,0
2023-02-13 15:37:31,15549,15549,15549,2,-2
2023-02-13 15:37:31,15549,15549,15549,2,0
2023-02-13 15:37:31,15549,15549,15549,2,0
2023-02-13 15:37:31,15549,15549,15549,4,0
2023-02-13 15:37:31,15549,15549,15549,2,0
2023-02-13 15:37:31,15549,15549,15549,2,0
2023-02-13 15:37:31,15549,15549,15549,2,0
2023-02-13 15:37:31,15549,15549,15549,2,0
2023-02-13 15:37:31,15549,15549,15549,6,0
2023-02-13 15:37:31,15549,15549,15549,2,0
2023-02-13 15:37:31,15549,15549,15549,2,0
2023-02-13 15:37:31,15549,15549,15549,6,0
2023-02-13 15:37:32,15549,15549,15549,2,0
2023-02-13 15:37:40,15549,15549,15549,2,0
2023-02-13 15:37:43,15549,15549,15549,2,0
2023-02-13 15:37:45,15549,15549,15549,4,0
2023-02-13 15:37:48,15549,15549,15549,2,0
2023-02-13 15:37:48,15549,15549,15549,2,0
2023-02-13 15:37:48,15549,15549,15549,2,0
2023-02-13 15:37:48,15549,15549,15549,2,0
2023-02-13 15:37:50,15549,15549,15549,10,0
2023-02-13 15:37:53,15549,15549,15549,4,0
2023-02-13 15:37:55,15548,15548,15548,2,-2
2023-02-13 15:37:55,15548,15548,15548,2,0
2023-02-13 15:37:55,15548,15548,15548,2,0
2023-02-13 15:37:55,15548,15548,15548,2,0
2023-02-13 15:37:55,15548,15548,15548,2,0
2023-02-13 15:37:55,15548,15548,15548,2,0
2023-02-13 15:37:57,15549,15549,15549,4,4
2023-02-13 15:37:57,15548,15548,15548,2,-2
2023-02-13 15:37:59,15548,15548,15548,2,0
2023-02-13 15:38:01,15548,15548,15548,2,0
2023-02-13 15:38:01,15548,15548,15548,2,0
2023-02-13 15:38:01,15548,15548,15548,2,0
2023-02-13 15:38:01,15548,15548,15548,2,0
2023-02-13 15:38:01,15548,15548,15548,2,0
2023-02-13 15:38:01,15548,15548,15548,2,0
2023-02-13 15:38:01,15548,15548,15548,2,0
2023-02-13 15:38:01,15548,15548,15548,2,0
2023-02-13 15:38:01,15548,15548,15548,2,0
2023-02-13 15:38:01,15548,15548,15548,2,0
2023-02-13 15:38:01,15548,15548,15548,2,0
2023-02-13 15:38:01,15548,15548,15548,2,0
2023-02-13 15:38:05,15548,15548,15548,2,0
2023-02-13 15:38:11,15547,15547,15547,2,-2
2023-02-13 15:38:12,15548,15548,15548,10,10
2023-02-13 15:38:13,15547,15547,15547,2,-2
2023-02-13 15:38:13,15547,15547,15547,2,0
2023-02-13 15:38:13,15547,15547,15547,2,0
2023-02-13 15:38:14,15547,15547,15547,2,0
2023-02-13 15:38:17,15547,15547,15547,2,0
2023-02-13 15:38:18,15547,15547,15547,2,0
2023-02-13 15:38:21,15547,15547,15547,2,0
2023-02-13 15:38:21,15547,15547,15547,2,0
2023-02-13 15:38:22,15546,15546,15546,2,-2
2023-02-13 15:38:22,15546,15546,15546,2,0
2023-02-13 15:38:22,15546,15546,15546,2,0
2023-02-13 15:38:22,15546,15546,15546,4,0
2023-02-13 15:38:23,15546,15546,15546,2,0
2023-02-13 15:38:23,15547,15547,15547,2,2
2023-02-13 15:38:24,15547,15547,15547,2,0
2023-02-13 15:38:25,15547,15547,15547,2,0
2023-02-13 15:38:37,15547,15547,15547,2,0
2023-02-13 15:38:40,15547,15547,15547,2,0
2023-02-13 15:38:47,15547,15547,15547,2,0
2023-02-13 15:38:47,15547,15547,15547,2,0
2023-02-13 15:38:47,15547,15547,15547,2,0
2023-02-13 15:38:47,15547,15547,15547,2,0
2023-02-13 15:38:47,15547,15547,15547,2,0
2023-02-13 15:38:47,15547,15547,15547,2,0
2023-02-13 15:38:47,15547,15547,15547,2,0
2023-02-13 15:38:51,15546,15546,15546,2,-2
2023-02-13 15:38:51,15546,15546,15546,2,0
2023-02-13 15:38:51,15546,15546,15546,2,0
2023-02-13 15:38:51,15546,15546,15546,2,0
2023-02-13 15:38:51,15546,15546,15546,2,0
2023-02-13 15:38:51,15546,15546,15546,2,0
2023-02-13 15:38:51,15546,15546,15546,2,0
2023-02-13 15:38:51,15546,15546,15546,2,0
2023-02-13 15:38:51,15546,15546,15546,2,0
2023-02-13 15:38:51,15546,15546,15546,4,0
2023-02-13 15:38:53,15547,15547,15547,2,2
2023-02-13 15:38:53,15546,15546,15546,2,-2
2023-02-13 15:39:09,15546,15546,15546,2,0
2023-02-13 15:39:09,15546,15546,15546,2,0
2023-02-13 15:39:10,15546,15546,15546,2,0
2023-02-13 15:39:11,15546,15546,15546,2,0
2023-02-13 15:39:11,15546,15546,15546,2,0
2023-02-13 15:39:11,15546,15546,15546,2,0
2023-02-13 15:39:21,15546,15546,15546,10,0
2023-02-13 15:39:21,15546,15546,15546,6,0
2023-02-13 15:39:21,15546,15546,15546,6,0
2023-02-13 15:39:21,15546,15546,15546,12,0
2023-02-13 15:39:21,15546,15546,15546,4,0
2023-02-13 15:39:21,15546,15546,15546,2,0
2023-02-13 15:39:21,15546,15546,15546,2,0
2023-02-13 15:39:21,15546,15546,15546,2,0
2023-02-13 15:39:21,15546,15546,15546,2,0
2023-02-13 15:39:21,15546,15546,15546,4,0
2023-02-13 15:39:22,15546,15546,15546,2,0
2023-02-13 15:39:22,15546,15546,15546,2,0
2023-02-13 15:39:25,15546,15546,15546,2,0
2023-02-13 15:39:28,15546,15546,15546,2,0
2023-02-13 15:39:28,15547,15547,15547,4,4
2023-02-13 15:39:29,15546,15546,15546,8,-8
2023-02-13 15:39:29,15546,15546,15546,2,0
2023-02-13 15:39:29,15546,15546,15546,2,0
2023-02-13 15:39:29,15545,15545,15545,2,-2
2023-02-13 15:39:29,15545,15545,15545,2,0
2023-02-13 15:39:29,15545,15545,15545,2,0
2023-02-13 15:39:29,15545,15545,15545,2,0
2023-02-13 15:39:34,15546,15546,15546,2,2
2023-02-13 15:39:34,15546,15546,15546,2,0
2023-02-13 15:39:35,15545,15545,15545,8,-8
2023-02-13 15:39:35,15545,15545,15545,4,0
2023-02-13 15:39:35,15545,15545,15545,2,0
2023-02-13 15:39:35,15545,15545,15545,2,0
2023-02-13 15:39:35,15545,15545,15545,2,0
2023-02-13 15:39:35,15545,15545,15545,2,0
2023-02-13 15:39:36,15545,15545,15545,2,0
2023-02-13 15:39:44,15546,15546,15546,2,2
2023-02-13 15:39:46,15546,15546,15546,2,0
2023-02-13 15:39:49,15547,15547,15547,10,10
2023-02-13 15:39:49,15546,15546,15546,2,-2
2023-02-13 15:39:54,15547,15547,15547,2,2
2023-02-13 15:39:58,15547,15547,15547,2,0
2023-02-13 15:40:00,15548,15548,15548,2,2
2023-02-13 15:40:02,15548,15548,15548,2,0
2023-02-13 15:40:02,15548,15548,15548,10,0
2023-02-13 15:40:02,15548,15548,15548,2,0
2023-02-13 15:40:02,15549,15549,15549,2,2
2023-02-13 15:40:02,15549,15549,15549,2,0
2023-02-13 15:40:02,15549,15549,15549,4,0
2023-02-13 15:40:02,15549,15549,15549,2,0
2023-02-13 15:40:09,15549,15549,15549,2,0
2023-02-13 15:40:13,15549,15549,15549,4,0
2023-02-13 15:40:13,15548,15548,15548,2,-2
2023-02-13 15:40:20,15548,15548,15548,2,0
2023-02-13 15:40:22,15548,15548,15548,2,0
2023-02-13 15:40:22,15548,15548,15548,2,0
2023-02-13 15:40:22,15548,15548,15548,2,0
2023-02-13 15:40:22,15548,15548,15548,2,0
2023-02-13 15:40:22,15548,15548,15548,2,0
2023-02-13 15:40:22,15548,15548,15548,2,0
2023-02-13 15:40:22,15548,15548,15548,2,0
2023-02-13 15:40:34,15548,15548,15548,6,0
2023-02-13 15:40:44,15548,15548,15548,2,0
2023-02-13 15:40:52,15548,15548,15548,2,0
2023-02-13 15:40:52,15548,15548,15548,2,0
2023-02-13 15:41:03,15548,15548,15548,2,0
2023-02-13 15:41:06,15548,15548,15548,2,0
2023-02-13 15:41:06,15548,15548,15548,2,0
2023-02-13 15:41:06,15548,15548,15548,2,0
2023-02-13 15:41:06,15548,15548,15548,4,0
2023-02-13 15:41:06,15548,15548,15548,2,0
2023-02-13 15:41:06,15548,15548,15548,4,0
2023-02-13 15:41:12,15548,15548,15548,2,0
2023-02-13 15:41:16,15548,15548,15548,2,0
2023-02-13 15:41:19,15548,15548,15548,4,0
2023-02-13 15:41:20,15548,15548,15548,4,0
2023-02-13 15:41:22,15548,15548,15548,4,0
2023-02-13 15:41:30,15548,15548,15548,2,0
2023-02-13 15:41:30,15548,15548,15548,8,0
2023-02-13 15:41:39,15548,15548,15548,2,0
2023-02-13 15:41:41,15547,15547,15547,2,-2
2023-02-13 15:41:59,15548,15548,15548,6,6
2023-02-13 15:42:00,15547,15547,15547,2,-2
2023-02-13 15:42:10,15548,15548,15548,2,2
2023-02-13 15:42:19,15549,15549,15549,2,2
2023-02-13 15:42:41,15548,15548,15548,2,-2
2023-02-13 15:42:43,15549,15549,15549,22,22
2023-02-13 15:42:43,15550,15550,15550,42,42
2023-02-13 15:42:43,15549,15549,15549,2,-2
2023-02-13 15:42:43,15549,15549,15549,2,0
2023-02-13 15:42:52,15549,15549,15549,6,0
2023-02-13 15:42:55,15549,15549,15549,2,0
2023-02-13 15:42:56,15549,15549,15549,4,0
2023-02-13 15:42:59,15549,15549,15549,2,0
2023-02-13 15:42:59,15549,15549,15549,2,0
2023-02-13 15:43:15,15550,15550,15550,2,2
2023-02-13 15:43:15,15550,15550,15550,2,0
2023-02-13 15:43:28,15551,15551,15551,6,6
2023-02-13 15:43:32,15551,15551,15551,2,0
2023-02-13 15:43:46,15551,15551,15551,2,0
2023-02-13 15:43:47,15551,15551,15551,2,0
2023-02-13 15:43:47,15551,15551,15551,8,0
2023-02-13 15:43:48,15551,15551,15551,4,0
2023-02-13 15:43:53,15551,15551,15551,2,0
2023-02-13 15:43:56,15551,15551,15551,2,0
2023-02-13 15:44:11,15552,15552,15552,2,2
2023-02-13 15:44:18,15552,15552,15552,2,0
2023-02-13 15:44:24,15552,15552,15552,2,0
2023-02-13 15:44:30,15552,15552,15552,2,0
2023-02-13 15:44:31,15552,15552,15552,8,0
2023-02-13 15:44:31,15552,15552,15552,2,0
2023-02-13 15:44:33,15552,15552,15552,2,0
2023-02-13 15:44:38,15553,15553,15553,2,2
2023-02-13 15:44:38,15553,15553,15553,6,0
2023-02-13 15:44:38,15553,15553,15553,2,0
2023-02-13 15:44:38,15553,15553,15553,2,0
2023-02-13 15:44:38,15553,15553,15553,2,0
2023-02-13 15:44:38,15553,15553,15553,2,0
2023-02-13 15:44:42,15553,15553,15553,2,0
2023-02-13 15:44:47,15553,15553,15553,6,0
2023-02-13 15:44:47,15553,15553,15553,2,0
2023-02-13 15:44:47,15553,15553,15553,2,0
2023-02-13 15:44:49,15553,15553,15553,2,0
2023-02-13 15:44:53,15554,15554,15554,2,2
2023-02-13 15:45:05,15554,15554,15554,2,0
2023-02-13 15:45:05,15554,15554,15554,4,0
2023-02-13 15:45:05,15555,15555,15555,2,2
2023-02-13 15:45:12,15555,15555,15555,2,0
2023-02-13 15:45:13,15555,15555,15555,8,0
2023-02-13 15:45:15,15555,15555,15555,12,0
2023-02-13 15:45:15,15555,15555,15555,2,0
2023-02-13 15:45:15,15555,15555,15555,2,0
2023-02-13 15:45:15,15555,15555,15555,2,0
2023-02-13 15:45:16,15554,15554,15554,2,-2
2023-02-13 15:45:23,15554,15554,15554,14,0
2023-02-13 15:45:23,15554,15554,15554,6,0
2023-02-13 15:45:24,15554,15554,15554,2,0
2023-02-13 15:45:24,15553,15553,15553,2,-2
2023-02-13 15:45:24,15553,15553,15553,2,0
2023-02-13 15:45:24,15553,15553,15553,2,0
2023-02-13 15:45:24,15553,15553,15553,2,0
2023-02-13 15:45:24,15553,15553,15553,14,0
2023-02-13 15:45:24,15553,15553,15553,2,0
2023-02-13 15:45:29,15552,15552,15552,4,-4
2023-02-13 15:45:29,15552,15552,15552,4,0
2023-02-13 15:45:30,15552,15552,15552,2,0
2023-02-13 15:45:32,15552,15552,15552,2,0
2023-02-13 15:45:33,15552,15552,15552,2,0
2023-02-13 15:45:56,15551,15551,15551,2,-2
2023-02-13 15:45:58,15551,15551,15551,2,0
2023-02-13 15:45:59,15551,15551,15551,2,0
2023-02-13 15:45:59,15551,15551,15551,2,0
2023-02-13 15:45:59,15550,15550,15550,2,-2
2023-02-13 15:46:01,15550,15550,15550,2,0
2023-02-13 15:46:05,15549,15549,15549,2,-2
2023-02-13 15:46:06,15549,15549,15549,2,0
2023-02-13 15:46:13,15548,15548,15548,2,-2
2023-02-13 15:46:13,15548,15548,15548,4,0
2023-02-13 15:46:13,15548,15548,15548,2,0
2023-02-13 15:46:13,15548,15548,15548,2,0
2023-02-13 15:46:13,15548,15548,15548,2,0
2023-02-13 15:46:15,15549,15549,15549,2,2
2023-02-13 15:46:22,15548,15548,15548,2,-2
2023-02-13 15:46:25,15548,15548,15548,2,0
2023-02-13 15:46:36,15548,15548,15548,2,0
2023-02-13 15:46:37,15547,15547,15547,2,-2
2023-02-13 15:46:39,15547,15547,15547,2,0
2023-02-13 15:46:39,15547,15547,15547,2,0
2023-02-13 15:46:44,15548,15548,15548,2,2
2023-02-13 15:46:44,15548,15548,15548,2,0
2023-02-13 15:46:49,15548,15548,15548,2,0
2023-02-13 15:46:49,15548,15548,15548,2,0
2023-02-13 15:47:03,15549,15549,15549,6,6
2023-02-13 15:47:04,15549,15549,15549,2,0
2023-02-13 15:47:11,15550,15550,15550,2,2
2023-02-13 15:47:18,15550,15550,15550,2,0
2023-02-13 15:47:25,15550,15550,15550,2,0
2023-02-13 15:47:25,15550,15550,15550,2,0
2023-02-13 15:47:30,15550,15550,15550,2,0
2023-02-13 15:47:46,15551,15551,15551,8,8
2023-02-13 15:47:50,15552,15552,15552,4,4
2023-02-13 15:47:53,15552,15552,15552,2,0
2023-02-13 15:48:07,15551,15551,15551,2,-2
2023-02-13 15:48:35,15551,15551,15551,2,0
2023-02-13 15:48:38,15550,15550,15550,2,-2
2023-02-13 15:48:47,15550,15550,15550,2,0
2023-02-13 15:48:47,15550,15550,15550,2,0
2023-02-13 15:48:47,15550,15550,15550,2,0
2023-02-13 15:48:47,15550,15550,15550,2,0
2023-02-13 15:48:52,15550,15550,15550,2,0
2023-02-13 15:48:56,15549,15549,15549,2,-2
2023-02-13 15:49:02,15550,15550,15550,2,2
2023-02-13 15:49:16,15550,15550,15550,4,0
2023-02-13 15:49:20,15550,15550,15550,2,0
2023-02-13 15:49:25,15550,15550,15550,2,0
2023-02-13 15:49:33,15549,15549,15549,2,-2
2023-02-13 15:49:36,15550,15550,15550,10,10
2023-02-13 15:49:45,15550,15550,15550,2,0
2023-02-13 15:49:45,15551,15551,15551,8,8
2023-02-13 15:49:51,15551,15551,15551,8,0
2023-02-13 15:49:51,15552,15552,15552,2,2
2023-02-13 15:49:55,15550,15550,15550,2,-2
2023-02-13 15:50:00,15551,15551,15551,2,2
2023-02-13 15:50:15,15552,15552,15552,8,8
2023-02-13 15:50:24,15552,15552,15552,2,0
2023-02-13 15:50:39,15552,15552,15552,2,0
2023-02-13 15:50:42,15552,15552,15552,2,0
2023-02-13 15:50:49,15552,15552,15552,2,0
2023-02-13 15:50:54,15552,15552,15552,2,0
2023-02-13 15:50:57,15552,15552,15552,2,0
2023-02-13 15:51:00,15552,15552,15552,8,0
2023-02-13 15:51:00,15552,15552,15552,2,0
2023-02-13 15:51:30,15551,15551,15551,2,-2
2023-02-13 15:51:34,15552,15552,15552,2,2
2023-02-13 15:51:34,15551,15551,15551,2,-2
2023-02-13 15:51:36,15552,15552,15552,2,2
2023-02-13 15:51:37,15552,15552,15552,2,0
2023-02-13 15:51:47,15552,15552,15552,2,0
2023-02-13 15:52:08,15553,15553,15553,2,2
2023-02-13 15:52:13,15553,15553,15553,4,0
2023-02-13 15:52:13,15553,15553,15553,4,0
2023-02-13 15:52:13,15553,15553,15553,2,0
2023-02-13 15:52:17,15553,15553,15553,2,0
2023-02-13 15:52:17,15553,15553,15553,2,0
2023-02-13 15:52:30,15554,15554,15554,2,2
2023-02-13 15:52:32,15554,15554,15554,2,0
2023-02-13 15:52:32,15554,15554,15554,8,0
2023-02-13 15:52:35,15555,15555,15555,14,14
2023-02-13 15:52:35,15555,15555,15555,10,0
2023-02-13 15:52:46,15556,15556,15556,4,4
2023-02-13 15:52:46,15556,15556,15556,2,0
2023-02-13 15:52:47,15556,15556,15556,10,0
2023-02-13 15:52:51,15556,15556,15556,2,0
2023-02-13 15:52:53,15556,15556,15556,2,0
2023-02-13 15:53:04,15556,15556,15556,2,0
2023-02-13 15:53:06,15556,15556,15556,2,0
2023-02-13 15:53:09,15556,15556,15556,2,0
2023-02-13 15:53:13,15555,15555,15555,2,-2
2023-02-13 15:53:13,15555,15555,15555,2,0
2023-02-13 15:53:13,15555,15555,15555,2,0
2023-02-13 15:53:13,15555,15555,15555,2,0
2023-02-13 15:53:13,15555,15555,15555,2,0
2023-02-13 15:53:13,15555,15555,15555,2,0
2023-02-13 15:53:13,15555,15555,15555,2,0
2023-02-13 15:53:19,15555,15555,15555,2,0
2023-02-13 15:53:27,15555,15555,15555,2,0
2023-02-13 15:53:27,15556,15556,15556,2,2
2023-02-13 15:53:27,15556,15556,15556,2,0
2023-02-13 15:53:27,15556,15556,15556,2,0
2023-02-13 15:53:27,15556,15556,15556,2,0
2023-02-13 15:53:27,15556,15556,15556,2,0
2023-02-13 15:53:36,15556,15556,15556,2,0
2023-02-13 15:53:40,15555,15555,15555,2,-2
2023-02-13 15:53:44,15556,15556,15556,10,10
2023-02-13 15:53:45,15555,15555,15555,4,-4
2023-02-13 15:53:45,15555,15555,15555,2,0
2023-02-13 15:53:45,15555,15555,15555,2,0
2023-02-13 15:54:30,15553,15553,15553,2,-2
2023-02-13 15:54:43,15554,15554,15554,2,2
2023-02-13 15:54:49,15553,15553,15553,2,-2
2023-02-13 15:54:59,15553,15553,15553,2,0
2023-02-13 15:55:36,15554,15554,15554,10,10
2023-02-13 15:55:36,15555,15555,15555,2,2
2023-02-13 15:56:01,15555,15555,15555,2,0
2023-02-13 15:56:01,15555,15555,15555,2,0
2023-02-13 15:56:01,15555,15555,15555,2,0
2023-02-13 15:56:01,15555,15555,15555,2,0
2023-02-13 15:56:01,15555,15555,15555,2,0
2023-02-13 15:56:06,15556,15556,15556,2,2
2023-02-13 15:56:15,15555,15555,15555,6,-6
2023-02-13 15:56:34,15555,15555,15555,4,0
2023-02-13 15:56:34,15556,15556,15556,6,6
2023-02-13 15:56:35,15554,15554,15554,2,-2
2023-02-13 15:56:35,15556,15556,15556,2,2
2023-02-13 15:56:44,15556,15556,15556,2,0
2023-02-13 15:56:52,15555,15555,15555,2,-2
2023-02-13 15:56:52,15556,15556,15556,8,8
2023-02-13 15:56:53,15555,15555,15555,2,-2
2023-02-13 15:57:14,15555,15555,15555,2,0
2023-02-13 15:57:31,15555,15555,15555,2,0
2023-02-13 15:57:32,15555,15555,15555,2,0
2023-02-13 15:57:41,15555,15555,15555,2,0
2023-02-13 15:57:42,15554,15554,15554,2,-2
2023-02-13 15:57:42,15554,15554,15554,4,0
2023-02-13 15:57:47,15554,15554,15554,2,0
2023-02-13 15:57:47,15554,15554,15554,4,0
2023-02-13 15:57:47,15554,15554,15554,2,0
2023-02-13 15:57:47,15554,15554,15554,2,0
2023-02-13 15:57:48,15554,15554,15554,2,0
2023-02-13 15:57:48,15554,15554,15554,2,0
2023-02-13 15:57:48,15554,15554,15554,2,0
2023-02-13 15:57:48,15554,15554,15554,2,0
2023-02-13 15:57:49,15553,15553,15553,2,-2
2023-02-13 15:57:49,15553,15553,15553,2,0
2023-02-13 15:57:49,15553,15553,15553,2,0
2023-02-13 15:57:58,15553,15553,15553,2,0
2023-02-13 15:58:00,15554,15554,15554,2,2
2023-02-13 15:58:12,15553,15553,15553,2,-2
2023-02-13 15:58:19,15552,15552,15552,2,-2
2023-02-13 15:58:19,15552,15552,15552,4,0
2023-02-13 15:58:20,15553,15553,15553,2,2
2023-02-13 15:58:33,15553,15553,15553,4,0
2023-02-13 15:58:42,15553,15553,15553,2,0
2023-02-13 15:58:54,15552,15552,15552,4,-4
2023-02-13 15:59:07,15553,15553,15553,2,2
2023-02-13 15:59:08,15553,15553,15553,2,0
2023-02-13 15:59:17,15554,15554,15554,2,2
2023-02-13 15:59:19,15554,15554,15554,6,0
2023-02-13 15:59:19,15554,15554,15554,2,0
2023-02-13 15:59:19,15554,15554,15554,2,0
2023-02-13 15:59:20,15554,15554,15554,2,0
2023-02-13 15:59:25,15553,15553,15553,2,-2
2023-02-13 15:59:43,15553,15553,15553,2,0
2023-02-13 15:59:43,15553,15553,15553,2,0
2023-02-13 15:59:43,15553,15553,15553,4,0
2023-02-13 15:59:43,15553,15553,15553,2,0
2023-02-13 15:59:45,15553,15553,15553,2,0
2023-02-13 15:59:47,15555,15555,15555,2,2
2023-02-13 16:00:01,15555,15555,15555,2,0
2023-02-13 16:00:01,15555,15555,15555,8,0
2023-02-13 16:00:01,15555,15555,15555,2,0
2023-02-13 16:00:01,15555,15555,15555,2,0
2023-02-13 16:00:01,15556,15556,15556,2,2
2023-02-13 16:00:01,15556,15556,15556,2,0
2023-02-13 16:00:01,15556,15556,15556,2,0
2023-02-13 16:00:01,15556,15556,15556,2,0
2023-02-13 16:00:02,15557,15557,15557,6,6
2023-02-13 16:00:02,15557,15557,15557,2,0
2023-02-13 16:00:02,15557,15557,15557,2,0
2023-02-13 16:00:02,15557,15557,15557,2,0
2023-02-13 16:00:02,15557,15557,15557,2,0
2023-02-13 16:00:02,15557,15557,15557,2,0
2023-02-13 16:00:02,15557,15557,15557,2,0
2023-02-13 16:00:02,15557,15557,15557,2,0
2023-02-13 16:00:02,15558,15558,15558,2,2
2023-02-13 16:00:02,15557,15557,15557,2,-2
2023-02-13 16:00:02,15557,15557,15557,2,0
2023-02-13 16:00:02,15558,15558,15558,2,2
2023-02-13 16:00:02,15558,15558,15558,2,0
2023-02-13 16:00:02,15558,15558,15558,2,0
2023-02-13 16:00:02,15557,15557,15557,2,-2
2023-02-13 16:00:02,15557,15557,15557,2,0
2023-02-13 16:00:05,15558,15558,15558,2,2
2023-02-13 16:00:16,15558,15558,15558,2,0
2023-02-13 16:00:22,15557,15557,15557,2,-2
2023-02-13 16:00:22,15557,15557,15557,2,0
2023-02-13 16:00:22,15557,15557,15557,2,0
2023-02-13 16:00:27,15558,15558,15558,2,2
2023-02-13 16:00:32,15558,15558,15558,10,0
2023-02-13 16:00:32,15559,15559,15559,2,2
2023-02-13 16:00:32,15558,15558,15558,2,-2
2023-02-13 16:00:32,15558,15558,15558,2,0
2023-02-13 16:00:32,15558,15558,15558,2,0
2023-02-13 16:00:32,15557,15557,15557,2,-2
2023-02-13 16:00:32,15557,15557,15557,2,0
