2023-05-09 15:00:00.014,15728,15729,15724,111,-111
2023-05-09 15:00:00.015,15723,15724,15724,1,1
2023-05-09 15:00:00.015,15723,15724,15725,1,1
2023-05-09 15:00:00.036,15723,15724,15725,1,1
2023-05-09 15:00:00.058,15724,15725,15725,13,13
2023-05-09 15:00:00.252,15724,15726,15724,1,-1
2023-05-09 15:00:00.286,15724,15726,15726,1,1
2023-05-09 15:00:00.321,15724,15726,15727,1,1
2023-05-09 15:00:00.488,15725,15727,15727,1,1
2023-05-09 15:00:00.497,15725,15727,15726,1,1
2023-05-09 15:00:00.504,15725,15727,15726,1,1
2023-05-09 15:00:00.506,15725,15727,15727,1,1
2023-05-09 15:00:00.554,15725,15727,15726,1,1
2023-05-09 15:00:00.572,15725,15727,15727,4,4
2023-05-09 15:00:00.589,15726,15728,15728,10,10
2023-05-09 15:00:00.590,15726,15728,15728,3,3
2023-05-09 15:00:00.590,15726,15728,15728,10,10
2023-05-09 15:00:00.621,15726,15728,15729,3,3
2023-05-09 15:00:00.627,15726,15728,15727,4,4
2023-05-09 15:00:00.688,15726,15728,15729,1,1
2023-05-09 15:00:00.710,15727,15729,15729,2,2
2023-05-09 15:00:00.711,15727,15729,15729,8,8
2023-05-09 15:00:00.764,15727,15729,15729,2,2
2023-05-09 15:00:00.808,15727,15729,15728,2,2
2023-05-09 15:00:00.819,15727,15729,15728,1,1
2023-05-09 15:00:00.849,15728,15730,15729,1,1
2023-05-09 15:00:00.849,15728,15730,15729,1,1
2023-05-09 15:00:00.862,15728,15730,15729,1,1
2023-05-09 15:00:00.871,15728,15730,15728,2,-2
2023-05-09 15:00:00.956,15728,15730,15728,4,-4
2023-05-09 15:00:01.078,15727,15729,15727,1,-1
2023-05-09 15:00:01.150,15726,15728,15727,2,-2
2023-05-09 15:00:01.150,15726,15728,15727,1,-1
2023-05-09 15:00:01.203,15726,15728,15726,2,-2
2023-05-09 15:00:01.288,15726,15728,15727,2,-2
2023-05-09 15:00:01.288,15726,15728,15728,2,2
2023-05-09 15:00:01.413,15726,15728,15727,1,1
2023-05-09 15:00:01.415,15726,15728,15726,2,-2
2023-05-09 15:00:01.539,15726,15728,15726,1,-1
2023-05-09 15:00:01.596,15726,15727,15726,2,-2
2023-05-09 15:00:01.690,15726,15727,15727,1,1
2023-05-09 15:00:01.795,15725,15728,15725,4,-4
2023-05-09 15:00:02.043,15725,15727,15725,2,-2
2023-05-09 15:00:02.285,15725,15727,15727,1,1
2023-05-09 15:00:02.632,15725,15727,15725,1,-1
2023-05-09 15:00:02.690,15725,15727,15725,9,-9
2023-05-09 15:00:02.720,15725,15727,15727,2,2
2023-05-09 15:00:03.004,15725,15727,15725,4,-4
2023-05-09 15:00:03.339,15726,15727,15726,2,-2
2023-05-09 15:00:03.339,15726,15727,15725,2,-2
2023-05-09 15:00:03.494,15726,15727,15726,1,-1
2023-05-09 15:00:03.682,15726,15727,15726,1,-1
2023-05-09 15:00:04.145,15726,15727,15727,1,1
2023-05-09 15:00:04.245,15726,15727,15727,6,6
2023-05-09 15:00:04.635,15726,15728,15726,5,-5
2023-05-09 15:00:04.719,15726,15728,15728,1,1
2023-05-09 15:00:05.773,15727,15728,15727,1,-1
2023-05-09 15:00:05.845,15726,15728,15728,4,4
2023-05-09 15:00:05.892,15726,15728,15727,2,2
2023-05-09 15:00:06.031,15727,15729,15727,2,-2
2023-05-09 15:00:06.070,15727,15729,15728,2,-2
2023-05-09 15:00:06.773,15727,15728,15727,1,-1
2023-05-09 15:00:06.809,15727,15728,15728,3,3
2023-05-09 15:00:06.919,15727,15728,15728,1,1
2023-05-09 15:00:07.284,15727,15728,15728,1,1
2023-05-09 15:00:07.284,15727,15728,15728,1,1
2023-05-09 15:00:07.285,15727,15728,15728,2,2
2023-05-09 15:00:07.290,15727,15728,15729,1,1
2023-05-09 15:00:07.362,15728,15730,15728,2,-2
2023-05-09 15:00:07.456,15728,15730,15729,11,-11
2023-05-09 15:00:07.456,15728,15730,15730,2,2
2023-05-09 15:00:07.576,15728,15730,15730,2,2
2023-05-09 15:00:07.599,15729,15730,15729,2,-2
2023-05-09 15:00:07.646,15729,15730,15730,10,10
2023-05-09 15:00:07.646,15729,15730,15731,3,3
2023-05-09 15:00:07.647,15729,15730,15730,2,2
2023-05-09 15:00:07.663,15729,15730,15729,2,-2
2023-05-09 15:00:07.863,15729,15731,15730,1,-1
2023-05-09 15:00:07.914,15729,15731,15729,3,-3
2023-05-09 15:00:08.156,15727,15729,15729,1,1
2023-05-09 15:00:08.246,15727,15729,15729,3,3
2023-05-09 15:00:08.281,15727,15729,15728,7,7
2023-05-09 15:00:08.510,15727,15729,15727,1,-1
2023-05-09 15:00:08.912,15727,15728,15728,1,1
2023-05-09 15:00:09.063,15728,15729,15728,1,-1
2023-05-09 15:00:09.259,15728,15729,15728,1,-1
2023-05-09 15:00:09.628,15728,15729,15728,3,-3
2023-05-09 15:00:10.298,15728,15729,15728,1,-1
2023-05-09 15:00:10.300,15728,15729,15728,1,-1
2023-05-09 15:00:10.459,15728,15729,15729,3,3
2023-05-09 15:00:10.459,15728,15729,15730,8,8
2023-05-09 15:00:10.459,15728,15729,15731,2,2
2023-05-09 15:00:11.106,15729,15731,15729,1,-1
2023-05-09 15:00:11.108,15729,15731,15729,1,-1
2023-05-09 15:00:12.895,15729,15730,15730,1,1
2023-05-09 15:00:13.476,15729,15730,15729,1,-1
2023-05-09 15:00:14.456,15729,15730,15729,1,-1
2023-05-09 15:00:14.457,15729,15730,15729,3,-3
2023-05-09 15:00:15.412,15728,15729,15729,1,1
2023-05-09 15:00:15.521,15728,15729,15729,1,1
2023-05-09 15:00:18.766,15729,15730,15729,1,-1
2023-05-09 15:00:19.052,15728,15729,15728,5,-5
2023-05-09 15:00:19.053,15728,15729,15728,2,-2
2023-05-09 15:00:19.053,15728,15729,15728,6,-6
2023-05-09 15:00:19.382,15727,15728,15728,1,1
2023-05-09 15:00:19.399,15727,15728,15727,2,-2
2023-05-09 15:00:20.200,15728,15729,15728,7,-7
2023-05-09 15:00:20.306,15728,15729,15728,2,-2
2023-05-09 15:00:20.500,15728,15729,15728,1,-1
2023-05-09 15:00:20.558,15728,15729,15728,1,-1
2023-05-09 15:00:20.615,15727,15729,15728,2,-2
2023-05-09 15:00:22.047,15727,15728,15728,1,1
2023-05-09 15:00:22.733,15728,15729,15729,1,1
2023-05-09 15:00:22.758,15728,15729,15728,1,-1
2023-05-09 15:00:22.920,15728,15729,15729,1,1
2023-05-09 15:00:24.597,15728,15729,15729,1,1
2023-05-09 15:00:25.608,15728,15729,15729,1,1
2023-05-09 15:00:26.328,15728,15729,15729,1,1
2023-05-09 15:00:26.998,15728,15729,15728,1,-1
2023-05-09 15:00:26.998,15728,15729,15728,1,-1
2023-05-09 15:00:27.134,15727,15728,15727,2,-2
2023-05-09 15:00:27.432,15727,15729,15728,1,-1
2023-05-09 15:00:27.778,15727,15729,15729,1,1
2023-05-09 15:00:28.782,15727,15729,15729,1,1
2023-05-09 15:00:29.854,15727,15728,15727,1,-1
2023-05-09 15:00:29.886,15727,15728,15727,2,-2
2023-05-09 15:00:29.886,15727,15728,15727,5,-5
2023-05-09 15:00:30.124,15727,15728,15728,1,1
2023-05-09 15:00:30.288,15728,15729,15729,1,1
2023-05-09 15:00:30.288,15728,15729,15729,1,1
2023-05-09 15:00:30.288,15728,15729,15729,1,1
2023-05-09 15:00:30.288,15728,15729,15729,3,3
2023-05-09 15:00:30.288,15728,15729,15729,5,5
2023-05-09 15:00:30.288,15728,15729,15729,2,2
2023-05-09 15:00:30.332,15728,15729,15728,2,-2
2023-05-09 15:00:30.368,15728,15730,15728,1,-1
2023-05-09 15:00:30.372,15728,15730,15728,2,-2
2023-05-09 15:00:30.376,15728,15730,15728,1,-1
2023-05-09 15:00:30.386,15728,15730,15728,1,-1
2023-05-09 15:00:30.389,15728,15730,15728,1,-1
2023-05-09 15:00:30.389,15728,15730,15728,2,-2
2023-05-09 15:00:30.481,15727,15728,15727,1,-1
2023-05-09 15:00:30.481,15727,15728,15727,7,-7
2023-05-09 15:00:30.648,15726,15727,15726,1,-1
2023-05-09 15:00:30.660,15726,15727,15726,5,-5
2023-05-09 15:00:30.668,15726,15727,15726,1,-1
2023-05-09 15:00:30.675,15726,15727,15726,1,-1
2023-05-09 15:00:30.680,15726,15727,15726,1,-1
2023-05-09 15:00:30.695,15726,15727,15726,1,-1
2023-05-09 15:00:30.703,15726,15727,15726,1,-1
2023-05-09 15:00:30.719,15726,15727,15726,1,-1
2023-05-09 15:00:30.747,15726,15727,15726,1,-1
2023-05-09 15:00:30.751,15726,15727,15726,1,-1
2023-05-09 15:00:30.763,15726,15727,15726,2,-2
2023-05-09 15:00:30.770,15726,15727,15726,1,-1
2023-05-09 15:00:30.868,15726,15727,15726,4,-4
2023-05-09 15:00:30.876,15726,15727,15726,2,-2
2023-05-09 15:00:30.972,15725,15726,15726,1,1
2023-05-09 15:00:30.973,15725,15726,15726,3,3
2023-05-09 15:00:30.991,15725,15726,15726,2,2
2023-05-09 15:00:31.004,15725,15726,15726,1,1
2023-05-09 15:00:31.024,15725,15726,15726,3,3
2023-05-09 15:00:31.029,15725,15726,15726,2,2
2023-05-09 15:00:31.032,15725,15726,15726,1,1
2023-05-09 15:00:31.035,15725,15726,15726,1,1
2023-05-09 15:00:31.045,15725,15726,15726,1,1
2023-05-09 15:00:31.053,15725,15726,15726,1,1
2023-05-09 15:00:31.055,15725,15726,15726,1,1
2023-05-09 15:00:31.062,15725,15726,15726,2,2
2023-05-09 15:00:31.088,15726,15727,15726,1,-1
2023-05-09 15:00:31.129,15726,15727,15725,1,-1
2023-05-09 15:00:31.136,15726,15727,15725,1,-1
2023-05-09 15:00:31.145,15726,15727,15726,1,-1
2023-05-09 15:00:31.155,15726,15727,15726,1,-1
2023-05-09 15:00:31.162,15726,15727,15726,1,-1
2023-05-09 15:00:31.163,15726,15727,15726,2,-2
2023-05-09 15:00:31.237,15725,15726,15726,1,1
2023-05-09 15:00:31.282,15725,15726,15726,3,3
2023-05-09 15:00:31.282,15725,15726,15727,3,3
2023-05-09 15:00:32.488,15725,15727,15727,3,3
2023-05-09 15:00:32.546,15725,15727,15725,2,-2
2023-05-09 15:00:32.578,15725,15727,15727,1,1
2023-05-09 15:00:32.844,15727,15728,15727,2,-2
2023-05-09 15:00:32.845,15727,15728,15727,2,-2
2023-05-09 15:00:32.845,15727,15728,15727,1,-1
2023-05-09 15:00:33.556,15727,15728,15727,1,-1
2023-05-09 15:00:33.556,15727,15728,15726,1,-1
2023-05-09 15:00:36.079,15725,15727,15727,2,2
2023-05-09 15:00:36.321,15726,15728,15726,1,-1
2023-05-09 15:00:36.444,15726,15727,15726,1,-1
2023-05-09 15:00:37.270,15726,15727,15726,1,-1
2023-05-09 15:00:39.365,15725,15726,15725,20,-20
2023-05-09 15:00:39.481,15724,15726,15726,1,1
2023-05-09 15:00:39.626,15724,15726,15725,1,1
2023-05-09 15:00:41.265,15724,15725,15724,16,-16
2023-05-09 15:00:41.265,15724,15725,15723,14,-14
2023-05-09 15:00:41.265,15724,15725,15722,20,-20
2023-05-09 15:00:41.279,15724,15725,15723,1,-1
2023-05-09 15:00:41.450,15723,15724,15723,2,-2
2023-05-09 15:00:41.450,15723,15724,15723,2,-2
2023-05-09 15:00:41.473,15722,15724,15724,1,1
2023-05-09 15:00:41.608,15722,15724,15724,1,1
2023-05-09 15:00:41.692,15722,15724,15722,1,-1
2023-05-09 15:00:41.696,15722,15724,15722,1,-1
2023-05-09 15:00:42.034,15722,15724,15722,6,-6
2023-05-09 15:00:42.035,15722,15724,15723,2,-2
2023-05-09 15:00:43.432,15723,15724,15724,2,2
2023-05-09 15:00:43.474,15723,15725,15725,1,1
2023-05-09 15:00:43.542,15723,15725,15723,1,-1
2023-05-09 15:00:43.956,15723,15725,15724,1,-1
2023-05-09 15:00:45.175,15724,15725,15724,1,-1
2023-05-09 15:00:46.028,15723,15725,15725,3,3
2023-05-09 15:00:46.390,15723,15725,15723,4,-4
2023-05-09 15:00:46.673,15723,15725,15723,2,-2
2023-05-09 15:00:46.701,15723,15725,15723,1,-1
2023-05-09 15:00:46.701,15723,15725,15724,2,-2
2023-05-09 15:00:46.886,15723,15725,15723,1,-1
2023-05-09 15:00:46.968,15723,15725,15723,1,-1
2023-05-09 15:00:47.235,15723,15725,15724,1,-1
2023-05-09 15:00:47.464,15723,15725,15723,1,-1
2023-05-09 15:00:47.464,15723,15725,15724,2,-2
2023-05-09 15:00:48.263,15724,15725,15724,1,-1
2023-05-09 15:00:48.476,15723,15725,15723,1,-1
2023-05-09 15:00:49.695,15723,15725,15723,1,-1
2023-05-09 15:00:49.705,15723,15725,15724,2,-2
2023-05-09 15:00:50.493,15723,15725,15725,1,1
2023-05-09 15:00:50.832,15723,15725,15725,1,1
2023-05-09 15:00:51.220,15723,15725,15725,1,1
2023-05-09 15:00:51.236,15723,15725,15724,1,1
2023-05-09 15:00:51.240,15723,15725,15724,1,1
2023-05-09 15:00:51.252,15723,15725,15724,1,1
2023-05-09 15:00:51.266,15723,15725,15724,1,1
2023-05-09 15:00:51.598,15723,15725,15725,1,1
2023-05-09 15:00:51.981,15724,15725,15725,1,1
2023-05-09 15:00:51.983,15724,15725,15725,7,7
2023-05-09 15:00:52.250,15724,15725,15725,1,1
2023-05-09 15:00:52.301,15724,15725,15725,1,1
2023-05-09 15:00:52.422,15725,15726,15726,1,1
2023-05-09 15:00:52.448,15725,15726,15725,1,-1
2023-05-09 15:00:52.451,15725,15726,15725,1,-1
2023-05-09 15:00:52.475,15724,15725,15725,2,2
2023-05-09 15:00:52.621,15724,15725,15724,1,-1
2023-05-09 15:00:52.621,15724,15725,15724,4,-4
2023-05-09 15:00:53.332,15724,15725,15725,1,1
2023-05-09 15:00:54.403,15724,15725,15725,1,1
2023-05-09 15:00:54.675,15724,15725,15725,1,1
2023-05-09 15:00:54.675,15724,15725,15725,2,2
2023-05-09 15:00:58.594,15724,15725,15725,1,1
2023-05-09 15:00:59.018,15724,15725,15725,4,4
2023-05-09 15:00:59.186,15724,15726,15724,4,-4
2023-05-09 15:00:59.478,15725,15726,15726,1,1
2023-05-09 15:00:59.560,15725,15726,15725,1,-1
2023-05-09 15:00:59.596,15724,15725,15724,1,-1
2023-05-09 15:00:59.596,15724,15725,15725,1,1
2023-05-09 15:00:59.604,15724,15725,15724,1,-1
2023-05-09 15:00:59.708,15724,15725,15724,1,-1
2023-05-09 15:00:59.711,15724,15725,15724,1,-1
2023-05-09 15:00:59.712,15724,15725,15724,1,-1
2023-05-09 15:00:59.713,15724,15725,15724,15,-15
2023-05-09 15:01:00.117,15723,15724,15724,1,1
2023-05-09 15:01:00.199,15723,15724,15723,4,-4
2023-05-09 15:01:00.205,15723,15724,15723,9,-9
2023-05-09 15:01:00.207,15723,15724,15724,4,4
2023-05-09 15:01:00.241,15723,15724,15724,1,1
2023-05-09 15:01:00.241,15723,15724,15724,1,1
2023-05-09 15:01:00.296,15723,15724,15723,10,-10
2023-05-09 15:01:00.297,15723,15724,15723,3,-3
2023-05-09 15:01:00.313,15723,15724,15724,2,2
2023-05-09 15:01:00.369,15722,15724,15722,1,-1
2023-05-09 15:01:00.372,15722,15724,15722,1,-1
2023-05-09 15:01:00.396,15722,15724,15722,1,-1
2023-05-09 15:01:00.404,15722,15724,15722,1,-1
2023-05-09 15:01:00.448,15722,15724,15722,4,-4
2023-05-09 15:01:02.518,15723,15725,15724,1,-1
2023-05-09 15:01:03.319,15723,15725,15723,4,-4
2023-05-09 15:01:03.491,15723,15725,15723,4,-4
2023-05-09 15:01:04.399,15722,15724,15724,1,1
2023-05-09 15:01:05.236,15723,15725,15723,1,-1
2023-05-09 15:01:06.142,15723,15725,15723,1,-1
2023-05-09 15:01:06.909,15723,15725,15723,2,-2
2023-05-09 15:01:07.355,15724,15725,15725,2,2
2023-05-09 15:01:07.719,15724,15725,15724,1,-1
2023-05-09 15:01:09.939,15724,15725,15724,1,-1
2023-05-09 15:01:10.487,15724,15725,15724,1,-1
2023-05-09 15:01:12.323,15724,15725,15725,1,1
2023-05-09 15:01:14.734,15724,15725,15725,1,1
2023-05-09 15:01:15.563,15724,15725,15725,1,1
2023-05-09 15:01:16.239,15724,15725,15725,1,1
2023-05-09 15:01:16.487,15724,15725,15724,2,-2
2023-05-09 15:01:16.487,15724,15725,15724,3,-3
2023-05-09 15:01:16.487,15724,15725,15724,1,-1
2023-05-09 15:01:20.201,15723,15724,15723,9,-9
2023-05-09 15:01:20.201,15723,15724,15723,1,-1
2023-05-09 15:01:20.396,15722,15724,15724,1,1
2023-05-09 15:01:21.121,15722,15724,15723,1,1
2023-05-09 15:01:22.216,15723,15724,15723,1,-1
2023-05-09 15:01:22.220,15723,15724,15723,1,-1
2023-05-09 15:01:22.270,15723,15724,15723,1,-1
2023-05-09 15:01:22.359,15722,15723,15722,1,-1
2023-05-09 15:01:22.363,15722,15723,15722,1,-1
2023-05-09 15:01:23.072,15722,15723,15723,1,1
2023-05-09 15:01:23.669,15722,15723,15723,1,1
2023-05-09 15:01:23.734,15722,15723,15723,1,1
2023-05-09 15:01:23.735,15722,15723,15723,1,1
2023-05-09 15:01:25.587,15723,15724,15723,10,-10
2023-05-09 15:01:25.587,15723,15724,15722,4,-4
2023-05-09 15:01:26.171,15722,15724,15724,1,1
2023-05-09 15:01:30.046,15722,15724,15723,1,1
2023-05-09 15:01:30.228,15723,15724,15723,1,-1
2023-05-09 15:01:31.412,15723,15724,15723,1,-1
2023-05-09 15:01:31.413,15723,15724,15723,1,-1
2023-05-09 15:01:31.475,15722,15723,15723,2,2
2023-05-09 15:01:32.013,15723,15724,15723,2,-2
2023-05-09 15:01:32.013,15723,15724,15723,1,-1
2023-05-09 15:01:33.412,15722,15724,15724,1,1
2023-05-09 15:01:35.184,15723,15724,15723,1,-1
2023-05-09 15:01:35.312,15723,15724,15723,1,-1
2023-05-09 15:01:35.312,15723,15724,15723,1,-1
2023-05-09 15:01:36.435,15722,15724,15724,1,1
2023-05-09 15:01:36.575,15723,15724,15723,1,-1
2023-05-09 15:01:37.688,15723,15724,15723,1,-1
2023-05-09 15:01:37.820,15723,15724,15723,1,-1
2023-05-09 15:01:37.820,15723,15724,15723,2,-2
2023-05-09 15:01:40.690,15722,15723,15723,1,1
2023-05-09 15:01:41.141,15722,15723,15723,5,5
2023-05-09 15:01:44.148,15722,15723,15723,1,1
2023-05-09 15:01:44.973,15722,15723,15723,1,1
2023-05-09 15:01:45.967,15723,15724,15723,1,-1
2023-05-09 15:01:45.971,15723,15724,15723,1,-1
2023-05-09 15:01:45.995,15723,15724,15723,1,-1
2023-05-09 15:01:46.060,15723,15724,15723,1,-1
2023-05-09 15:01:46.120,15722,15724,15722,1,-1
2023-05-09 15:01:48.355,15723,15724,15724,1,1
2023-05-09 15:01:48.499,15723,15724,15723,9,-9
2023-05-09 15:01:48.725,15723,15724,15723,1,-1
2023-05-09 15:01:48.740,15723,15724,15723,1,-1
2023-05-09 15:01:48.740,15723,15724,15723,2,-2
2023-05-09 15:01:48.872,15722,15724,15722,1,-1
2023-05-09 15:01:52.625,15722,15724,15724,12,12
2023-05-09 15:01:52.706,15722,15724,15724,1,1
2023-05-09 15:01:52.887,15724,15725,15724,8,-8
2023-05-09 15:01:54.000,15724,15725,15724,1,-1
2023-05-09 15:01:54.316,15724,15725,15724,1,-1
2023-05-09 15:01:54.863,15724,15725,15725,1,1
2023-05-09 15:01:55.566,15724,15725,15724,1,-1
2023-05-09 15:01:56.323,15724,15725,15724,1,-1
2023-05-09 15:01:57.420,15724,15725,15725,3,3
2023-05-09 15:01:57.420,15724,15725,15725,25,25
2023-05-09 15:01:57.663,15725,15726,15725,1,-1
2023-05-09 15:01:57.671,15725,15726,15725,1,-1
2023-05-09 15:02:00.467,15725,15726,15725,1,-1
2023-05-09 15:02:03.355,15725,15726,15726,1,1
2023-05-09 15:02:04.958,15725,15726,15726,2,2
2023-05-09 15:02:05.240,15725,15726,15726,2,2
2023-05-09 15:02:05.280,15725,15726,15726,1,1
2023-05-09 15:02:05.294,15725,15726,15726,1,1
2023-05-09 15:02:05.295,15725,15726,15726,1,1
2023-05-09 15:02:05.326,15725,15726,15726,1,1
2023-05-09 15:02:05.327,15725,15726,15726,3,3
2023-05-09 15:02:08.045,15725,15726,15726,1,1
2023-05-09 15:02:08.674,15725,15726,15726,1,1
2023-05-09 15:02:10.048,15725,15726,15726,1,1
2023-05-09 15:02:10.304,15726,15727,15726,2,-2
2023-05-09 15:02:10.316,15726,15727,15726,4,-4
2023-05-09 15:02:10.561,15725,15726,15726,1,1
2023-05-09 15:02:10.948,15725,15726,15726,1,1
2023-05-09 15:02:10.999,15725,15726,15726,1,1
2023-05-09 15:02:11.027,15725,15726,15725,1,-1
2023-05-09 15:02:11.049,15725,15726,15726,1,1
2023-05-09 15:02:11.100,15725,15726,15726,1,1
2023-05-09 15:02:11.150,15725,15726,15726,1,1
2023-05-09 15:02:11.200,15725,15726,15726,1,1
2023-05-09 15:02:11.250,15725,15726,15726,1,1
2023-05-09 15:02:11.301,15725,15726,15726,1,1
2023-05-09 15:02:11.351,15725,15726,15726,1,1
2023-05-09 15:02:11.401,15725,15726,15726,1,1
2023-05-09 15:02:11.594,15725,15726,15726,1,1
2023-05-09 15:02:11.594,15725,15726,15726,1,1
2023-05-09 15:02:11.983,15725,15726,15726,1,1
2023-05-09 15:02:12.328,15725,15726,15726,3,3
2023-05-09 15:02:12.428,15726,15727,15726,1,-1
2023-05-09 15:02:12.440,15726,15727,15726,1,-1
2023-05-09 15:02:12.448,15726,15727,15726,5,-5
2023-05-09 15:02:12.564,15725,15727,15725,1,-1
2023-05-09 15:02:13.626,15726,15727,15726,1,-1
2023-05-09 15:02:14.065,15726,15727,15726,1,-1
2023-05-09 15:02:15.112,15726,15727,15726,2,-2
2023-05-09 15:02:15.325,15726,15727,15726,2,-2
2023-05-09 15:02:20.197,15725,15726,15726,1,1
2023-05-09 15:02:20.198,15725,15726,15725,9,-9
2023-05-09 15:02:20.199,15725,15726,15725,14,-14
2023-05-09 15:02:20.827,15724,15725,15725,1,1
2023-05-09 15:02:20.827,15724,15725,15724,7,-7
2023-05-09 15:02:21.596,15723,15724,15723,2,-2
2023-05-09 15:02:23.860,15723,15724,15724,1,1
2023-05-09 15:02:24.668,15723,15724,15723,1,-1
2023-05-09 15:02:30.342,15723,15725,15723,4,-4
2023-05-09 15:02:30.914,15723,15724,15723,1,-1
2023-05-09 15:02:31.212,15723,15724,15723,1,-1
2023-05-09 15:02:31.219,15723,15724,15723,1,-1
2023-05-09 15:02:31.219,15723,15724,15723,11,-11
2023-05-09 15:02:31.285,15723,15724,15723,1,-1
2023-05-09 15:02:32.635,15722,15723,15723,1,1
2023-05-09 15:02:33.728,15722,15723,15723,1,1
2023-05-09 15:02:34.523,15722,15723,15723,1,1
2023-05-09 15:02:35.424,15722,15723,15723,1,1
2023-05-09 15:02:35.533,15723,15724,15723,1,-1
2023-05-09 15:02:36.636,15722,15723,15723,1,1
2023-05-09 15:02:37.207,15722,15723,15723,1,1
2023-05-09 15:02:38.316,15722,15723,15723,1,1
2023-05-09 15:02:38.973,15722,15723,15723,1,1
2023-05-09 15:02:40.095,15722,15723,15723,1,1
2023-05-09 15:02:40.188,15722,15723,15722,4,-4
2023-05-09 15:02:41.698,15722,15723,15723,3,3
2023-05-09 15:02:42.357,15723,15724,15724,3,3
2023-05-09 15:02:43.092,15723,15725,15723,1,-1
2023-05-09 15:02:43.587,15724,15725,15724,11,-11
2023-05-09 15:02:43.587,15724,15725,15723,1,-1
2023-05-09 15:02:43.611,15724,15725,15723,7,-7
2023-05-09 15:02:44.305,15724,15725,15724,5,-5
2023-05-09 15:02:44.739,15723,15725,15725,4,4
2023-05-09 15:02:49.642,15724,15725,15725,2,2
2023-05-09 15:02:50.327,15724,15725,15724,4,-4
2023-05-09 15:02:51.754,15724,15725,15725,1,1
2023-05-09 15:02:56.717,15724,15725,15725,1,1
2023-05-09 15:02:57.187,15724,15725,15725,1,1
2023-05-09 15:03:00.013,15724,15726,15726,1,1
2023-05-09 15:03:00.038,15724,15726,15726,2,2
2023-05-09 15:03:00.044,15724,15726,15726,1,1
2023-05-09 15:03:00.047,15724,15726,15726,2,2
2023-05-09 15:03:00.056,15724,15726,15726,1,1
2023-05-09 15:03:00.548,15724,15725,15724,2,-2
2023-05-09 15:03:00.592,15724,15725,15725,2,2
2023-05-09 15:03:03.055,15725,15726,15725,1,-1
2023-05-09 15:03:04.741,15725,15726,15726,1,1
2023-05-09 15:03:09.336,15725,15726,15726,1,1
2023-05-09 15:03:09.336,15725,15726,15726,2,2
2023-05-09 15:03:09.337,15725,15726,15726,3,3
2023-05-09 15:03:10.892,15726,15727,15726,1,-1
2023-05-09 15:03:18.549,15726,15727,15726,1,-1
2023-05-09 15:03:18.553,15726,15727,15726,1,-1
2023-05-09 15:03:20.067,15725,15726,15726,1,1
2023-05-09 15:03:20.067,15725,15726,15726,1,1
2023-05-09 15:03:22.386,15725,15726,15726,1,1
2023-05-09 15:03:23.907,15725,15726,15726,1,1
2023-05-09 15:03:24.063,15725,15726,15726,1,1
2023-05-09 15:03:24.766,15725,15726,15726,5,5
2023-05-09 15:03:29.315,15725,15726,15726,2,2
2023-05-09 15:03:29.315,15725,15726,15726,1,1
2023-05-09 15:03:29.316,15725,15726,15726,1,1
2023-05-09 15:03:29.366,15726,15727,15726,1,-1
2023-05-09 15:03:29.416,15726,15727,15726,1,-1
2023-05-09 15:03:29.417,15726,15727,15726,1,-1
2023-05-09 15:03:29.466,15726,15727,15726,1,-1
2023-05-09 15:03:29.647,15725,15726,15726,1,1
2023-05-09 15:03:33.892,15726,15727,15726,1,-1
2023-05-09 15:03:35.376,15725,15726,15725,1,-1
2023-05-09 15:03:35.393,15725,15726,15726,1,1
2023-05-09 15:03:37.186,15725,15726,15726,1,1
2023-05-09 15:03:37.502,15725,15726,15726,1,1
2023-05-09 15:03:37.503,15725,15726,15726,1,1
2023-05-09 15:03:40.548,15726,15727,15726,1,-1
2023-05-09 15:03:41.546,15726,15727,15727,4,4
2023-05-09 15:03:41.846,15726,15727,15726,2,-2
2023-05-09 15:03:43.304,15726,15727,15726,1,-1
2023-05-09 15:03:43.415,15725,15726,15725,1,-1
2023-05-09 15:03:46.370,15725,15726,15726,1,1
2023-05-09 15:03:46.371,15725,15726,15726,1,1
2023-05-09 15:03:48.080,15726,15727,15726,2,-2
2023-05-09 15:03:48.107,15726,15727,15726,1,-1
2023-05-09 15:03:48.384,15725,15726,15725,1,-1
2023-05-09 15:03:48.400,15725,15726,15725,1,-1
2023-05-09 15:03:48.533,15725,15726,15726,1,1
2023-05-09 15:03:49.459,15725,15726,15726,2,2
2023-05-09 15:03:52.568,15725,15726,15726,1,1
2023-05-09 15:03:55.554,15725,15726,15725,18,-18
2023-05-09 15:03:56.226,15724,15725,15725,1,1
2023-05-09 15:04:00.015,15724,15725,15725,1,1
2023-05-09 15:04:00.344,15724,15725,15724,10,-10
2023-05-09 15:04:00.487,15723,15725,15723,5,-5
2023-05-09 15:04:01.396,15723,15724,15724,2,2
2023-05-09 15:04:10.692,15723,15724,15723,1,-1
2023-05-09 15:04:12.114,15723,15724,15724,1,1
2023-05-09 15:04:16.491,15723,15724,15723,1,-1
2023-05-09 15:04:16.495,15723,15724,15723,1,-1
2023-05-09 15:04:16.495,15723,15724,15723,14,-14
2023-05-09 15:04:16.616,15722,15723,15722,1,-1
2023-05-09 15:04:16.623,15722,15723,15722,1,-1
2023-05-09 15:04:16.624,15722,15723,15722,31,-31
2023-05-09 15:04:16.964,15721,15722,15722,7,7
2023-05-09 15:04:17.615,15721,15722,15722,2,2
2023-05-09 15:04:20.900,15721,15722,15721,2,-2
2023-05-09 15:04:21.031,15721,15722,15721,1,-1
2023-05-09 15:04:21.031,15721,15722,15721,16,-16
2023-05-09 15:04:21.839,15720,15721,15721,1,1
2023-05-09 15:04:21.844,15720,15721,15721,1,1
2023-05-09 15:04:22.294,15720,15722,15722,3,3
2023-05-09 15:04:26.301,15721,15722,15722,1,1
2023-05-09 15:04:27.590,15721,15722,15722,5,5
2023-05-09 15:04:29.504,15722,15723,15722,1,-1
2023-05-09 15:04:42.534,15722,15723,15722,1,-1
2023-05-09 15:04:46.335,15722,15724,15724,5,5
2023-05-09 15:04:51.585,15723,15725,15723,16,-16
2023-05-09 15:04:51.586,15723,15725,15723,4,-4
2023-05-09 15:04:52.750,15722,15724,15724,1,1
2023-05-09 15:04:55.924,15723,15725,15723,1,-1
2023-05-09 15:04:56.907,15724,15725,15724,1,-1
2023-05-09 15:04:56.913,15724,15725,15725,2,2
2023-05-09 15:05:00.066,15723,15725,15725,1,1
2023-05-09 15:05:05.298,15723,15725,15725,3,3
2023-05-09 15:05:05.585,15723,15725,15723,2,-2
2023-05-09 15:05:07.112,15723,15725,15725,1,1
2023-05-09 15:05:20.360,15724,15725,15724,1,-1
2023-05-09 15:05:20.360,15724,15725,15724,1,-1
2023-05-09 15:05:22.492,15723,15725,15723,1,-1
2023-05-09 15:05:22.517,15723,15725,15723,1,-1
2023-05-09 15:05:22.632,15723,15724,15723,1,-1
2023-05-09 15:05:22.633,15723,15724,15723,4,-4
2023-05-09 15:05:28.268,15723,15724,15723,1,-1
2023-05-09 15:05:28.272,15723,15724,15723,1,-1
2023-05-09 15:05:28.272,15723,15724,15723,1,-1
2023-05-09 15:05:33.745,15722,15723,15723,1,1
2023-05-09 15:05:35.163,15722,15723,15722,1,-1
2023-05-09 15:05:35.163,15722,15723,15722,1,-1
2023-05-09 15:05:35.163,15722,15723,15722,2,-2
2023-05-09 15:05:35.163,15722,15723,15722,1,-1
2023-05-09 15:05:35.163,15722,15723,15722,9,-9
2023-05-09 15:05:36.294,15721,15722,15722,2,2
2023-05-09 15:05:37.817,15721,15722,15721,1,-1
2023-05-09 15:05:37.817,15721,15722,15721,9,-9
2023-05-09 15:05:37.932,15720,15721,15720,1,-1
2023-05-09 15:05:37.939,15720,15721,15720,2,-2
2023-05-09 15:05:37.939,15720,15721,15720,42,-42
2023-05-09 15:05:38.041,15719,15720,15719,1,-1
2023-05-09 15:05:38.076,15719,15720,15719,1,-1
2023-05-09 15:05:38.083,15719,15720,15719,1,-1
2023-05-09 15:05:38.100,15719,15720,15719,1,-1
2023-05-09 15:05:38.108,15719,15720,15719,1,-1
2023-05-09 15:05:38.138,15719,15720,15719,1,-1
2023-05-09 15:05:38.139,15719,15720,15719,1,-1
2023-05-09 15:05:38.148,15719,15720,15719,1,-1
2023-05-09 15:05:40.646,15719,15721,15719,1,-1
2023-05-09 15:05:42.365,15719,15720,15720,1,1
2023-05-09 15:05:44.167,15719,15720,15720,4,4
2023-05-09 15:05:44.312,15720,15721,15720,1,-1
2023-05-09 15:05:44.316,15720,15721,15720,1,-1
2023-05-09 15:05:46.292,15720,15721,15720,1,-1
2023-05-09 15:05:49.864,15720,15721,15720,1,-1
2023-05-09 15:05:53.029,15720,15721,15721,2,2
2023-05-09 15:05:53.294,15721,15722,15721,1,-1
2023-05-09 15:05:53.436,15720,15722,15722,1,1
2023-05-09 15:05:54.539,15721,15723,15723,1,1
2023-05-09 15:05:54.718,15721,15723,15723,1,1
2023-05-09 15:05:54.896,15721,15723,15723,1,1
2023-05-09 15:05:55.048,15721,15723,15723,1,1
2023-05-09 15:05:55.121,15721,15722,15721,1,-1
2023-05-09 15:05:55.121,15721,15722,15721,1,-1
2023-05-09 15:05:55.251,15720,15722,15722,1,1
2023-05-09 15:05:55.393,15720,15722,15722,1,1
2023-05-09 15:05:55.585,15720,15722,15722,1,1
2023-05-09 15:06:01.383,15720,15722,15720,2,-2
2023-05-09 15:06:02.149,15720,15721,15721,1,1
2023-05-09 15:06:02.613,15721,15722,15721,1,-1
2023-05-09 15:06:03.123,15721,15722,15721,1,-1
2023-05-09 15:06:04.432,15720,15721,15720,1,-1
2023-05-09 15:06:04.440,15720,15721,15720,1,-1
2023-05-09 15:06:04.440,15720,15721,15720,5,-5
2023-05-09 15:06:04.576,15719,15720,15719,1,-1
2023-05-09 15:06:04.564,15719,15720,15719,1,-1
2023-05-09 15:06:04.565,15719,15720,15719,1,-1
2023-05-09 15:06:04.579,15719,15720,15719,1,-1
2023-05-09 15:06:04.580,15719,15720,15719,32,-32
2023-05-09 15:06:04.867,15718,15719,15719,1,1
2023-05-09 15:06:06.478,15719,15720,15720,1,1
2023-05-09 15:06:10.533,15719,15720,15720,1,1
2023-05-09 15:06:10.544,15719,15720,15720,1,1
2023-05-09 15:06:10.586,15719,15720,15720,1,1
2023-05-09 15:06:12.264,15720,15722,15720,1,-1
2023-05-09 15:06:12.399,15720,15722,15720,2,-2
2023-05-09 15:06:16.053,15719,15720,15720,2,2
2023-05-09 15:06:17.530,15719,15720,15720,3,3
2023-05-09 15:06:19.791,15720,15721,15720,2,-2
2023-05-09 15:06:19.859,15720,15721,15720,1,-1
2023-05-09 15:06:19.859,15720,15721,15719,1,-1
2023-05-09 15:06:19.924,15720,15721,15719,1,-1
2023-05-09 15:06:20.328,15719,15720,15719,2,-2
2023-05-09 15:06:20.328,15719,15720,15719,2,-2
2023-05-09 15:06:20.384,15718,15719,15719,1,1
2023-05-09 15:06:21.136,15719,15720,15719,1,-1
2023-05-09 15:06:21.382,15718,15720,15720,2,2
2023-05-09 15:06:21.406,15718,15720,15720,2,2
2023-05-09 15:06:21.573,15718,15720,15720,1,1
2023-05-09 15:06:25.788,15719,15720,15720,1,1
2023-05-09 15:06:27.126,15719,15720,15719,2,-2
2023-05-09 15:06:28.365,15718,15719,15719,1,1
2023-05-09 15:06:30.160,15718,15719,15719,3,3
2023-05-09 15:06:30.163,15718,15719,15720,4,4
2023-05-09 15:06:32.751,15719,15720,15720,2,2
2023-05-09 15:06:32.782,15719,15720,15719,2,-2
2023-05-09 15:06:33.898,15719,15720,15719,1,-1
2023-05-09 15:06:36.158,15719,15720,15720,1,1
2023-05-09 15:06:40.189,15719,15720,15719,2,-2
2023-05-09 15:06:40.257,15719,15720,15719,1,-1
2023-05-09 15:06:44.648,15719,15720,15719,5,-5
2023-05-09 15:06:51.739,15719,15720,15719,2,-2
2023-05-09 15:06:52.139,15719,15720,15720,1,1
2023-05-09 15:06:52.395,15719,15720,15719,2,-2
2023-05-09 15:06:52.395,15719,15720,15719,1,-1
2023-05-09 15:06:52.535,15719,15720,15719,1,-1
2023-05-09 15:06:52.783,15719,15720,15719,1,-1
2023-05-09 15:06:52.783,15719,15720,15719,1,-1
2023-05-09 15:06:52.783,15719,15720,15719,1,-1
2023-05-09 15:06:52.783,15719,15720,15719,22,-22
2023-05-09 15:06:53.160,15718,15719,15718,1,-1
2023-05-09 15:06:53.164,15718,15719,15718,1,-1
2023-05-09 15:06:53.164,15718,15719,15718,2,-2
2023-05-09 15:06:53.165,15718,15719,15718,27,-27
2023-05-09 15:06:53.280,15717,15718,15717,1,-1
2023-05-09 15:06:53.281,15717,15718,15717,30,-30
2023-05-09 15:06:53.281,15717,15718,15717,11,-11
2023-05-09 15:06:53.282,15717,15718,15716,1,-1
2023-05-09 15:06:53.361,15716,15717,15717,9,9
2023-05-09 15:06:53.416,15716,15717,15716,1,-1
2023-05-09 15:06:53.420,15716,15717,15716,1,-1
2023-05-09 15:06:53.429,15716,15717,15716,2,-2
2023-05-09 15:06:53.436,15716,15717,15716,2,-2
2023-05-09 15:06:53.450,15716,15717,15716,1,-1
2023-05-09 15:06:53.563,15716,15717,15716,8,-8
2023-05-09 15:06:53.565,15716,15717,15716,1,-1
2023-05-09 15:06:53.567,15716,15717,15716,2,-2
2023-05-09 15:06:53.706,15716,15717,15716,10,-10
2023-05-09 15:06:53.728,15715,15717,15715,1,-1
2023-05-09 15:06:53.839,15716,15717,15716,6,-6
2023-05-09 15:06:53.892,15716,15717,15716,1,-1
2023-05-09 15:06:57.462,15716,15717,15716,3,-3
2023-05-09 15:06:58.238,15716,15717,15716,1,-1
2023-05-09 15:07:00.210,15716,15717,15716,4,-4
2023-05-09 15:07:00.490,15716,15717,15717,1,1
2023-05-09 15:07:01.080,15716,15717,15717,4,4
2023-05-09 15:07:01.081,15716,15717,15716,1,-1
2023-05-09 15:07:01.679,15716,15717,15716,1,-1
2023-05-09 15:07:03.060,15716,15717,15717,1,1
2023-05-09 15:07:06.352,15718,15719,15718,1,-1
2023-05-09 15:07:07.743,15718,15719,15718,1,-1
2023-05-09 15:07:07.860,15718,15719,15718,1,-1
2023-05-09 15:07:08.158,15718,15719,15718,1,-1
2023-05-09 15:07:09.863,15718,15719,15718,3,-3
2023-05-09 15:07:10.935,15717,15719,15717,1,-1
2023-05-09 15:07:14.647,15717,15718,15718,1,1
2023-05-09 15:07:15.962,15717,15718,15717,1,-1
2023-05-09 15:07:16.284,15717,15718,15717,4,-4
2023-05-09 15:07:16.284,15717,15718,15717,3,-3
2023-05-09 15:07:19.718,15716,15717,15717,5,5
2023-05-09 15:07:21.161,15717,15718,15717,1,-1
2023-05-09 15:07:29.713,15718,15719,15718,4,-4
2023-05-09 15:07:31.166,15717,15719,15717,1,-1
2023-05-09 15:07:32.641,15717,15718,15718,1,1
2023-05-09 15:07:32.964,15717,15719,15717,4,-4
2023-05-09 15:07:36.873,15717,15719,15719,1,1
2023-05-09 15:07:38.256,15718,15719,15718,2,-2
2023-05-09 15:07:38.365,15718,15719,15718,1,-1
2023-05-09 15:07:44.948,15718,15719,15719,1,1
2023-05-09 15:07:46.171,15718,15719,15719,1,1
2023-05-09 15:07:49.295,15719,15720,15719,2,-2
2023-05-09 15:07:49.910,15718,15720,15718,1,-1
2023-05-09 15:07:49.916,15718,15720,15718,2,-2
2023-05-09 15:07:50.321,15718,15720,15720,2,2
2023-05-09 15:07:52.228,15718,15719,15719,1,1
2023-05-09 15:07:53.715,15718,15719,15719,2,2
2023-05-09 15:08:03.699,15719,15720,15719,2,-2
2023-05-09 15:08:04.965,15719,15720,15719,1,-1
2023-05-09 15:08:06.054,15719,15720,15720,12,12
2023-05-09 15:08:06.054,15719,15720,15720,3,3
2023-05-09 15:08:06.054,15719,15720,15720,2,2
2023-05-09 15:08:06.054,15719,15720,15720,6,6
2023-05-09 15:08:06.054,15719,15720,15720,1,1
2023-05-09 15:08:06.054,15719,15720,15720,6,6
2023-05-09 15:08:07.576,15719,15721,15721,1,1
2023-05-09 15:08:09.264,15720,15721,15720,1,-1
2023-05-09 15:08:09.650,15719,15720,15720,1,1
2023-05-09 15:08:10.206,15719,15721,15720,1,1
2023-05-09 15:08:12.447,15719,15720,15720,1,1
2023-05-09 15:08:12.707,15720,15721,15720,1,-1
2023-05-09 15:08:12.715,15720,15721,15720,1,-1
2023-05-09 15:08:13.926,15719,15720,15720,1,1
2023-05-09 15:08:19.760,15720,15721,15720,1,-1
2023-05-09 15:08:25.662,15719,15720,15720,1,1
2023-05-09 15:08:25.844,15720,15721,15720,1,-1
2023-05-09 15:08:25.859,15720,15721,15720,1,-1
2023-05-09 15:08:25.863,15720,15721,15720,1,-1
2023-05-09 15:08:30.823,15719,15720,15719,3,-3
2023-05-09 15:08:33.120,15719,15720,15719,1,-1
2023-05-09 15:08:33.187,15719,15720,15720,1,1
2023-05-09 15:08:39.786,15719,15720,15720,1,1
2023-05-09 15:08:41.486,15719,15720,15719,1,-1
2023-05-09 15:08:41.486,15719,15720,15719,3,-3
2023-05-09 15:08:42.609,15718,15719,15719,4,4
2023-05-09 15:08:42.609,15718,15719,15720,1,1
2023-05-09 15:08:46.086,15718,15719,15719,1,1
2023-05-09 15:08:52.854,15718,15719,15718,1,-1
2023-05-09 15:08:52.854,15718,15719,15718,1,-1
2023-05-09 15:08:52.854,15718,15719,15718,2,-2
2023-05-09 15:08:52.854,15718,15719,15718,4,-4
2023-05-09 15:08:55.956,15718,15719,15718,1,-1
2023-05-09 15:09:01.313,15718,15719,15719,3,3
2023-05-09 15:09:06.129,15718,15719,15718,3,-3
2023-05-09 15:09:06.187,15718,15719,15719,1,1
2023-05-09 15:09:06.240,15717,15719,15717,3,-3
2023-05-09 15:09:09.568,15718,15719,15718,1,-1
2023-05-09 15:09:10.896,15718,15719,15718,1,-1
2023-05-09 15:09:15.796,15717,15718,15717,2,-2
2023-05-09 15:09:15.821,15717,15718,15717,1,-1
2023-05-09 15:09:16.343,15717,15718,15717,1,-1
2023-05-09 15:09:17.677,15717,15718,15717,1,-1
2023-05-09 15:09:18.368,15717,15718,15718,1,1
2023-05-09 15:09:19.282,15717,15718,15718,1,1
2023-05-09 15:09:19.282,15717,15718,15718,1,1
2023-05-09 15:09:21.620,15718,15719,15719,1,1
2023-05-09 15:09:23.626,15718,15720,15718,1,-1
2023-05-09 15:09:24.605,15718,15720,15720,1,1
2023-05-09 15:09:28.087,15718,15719,15718,2,-2
2023-05-09 15:09:33.235,15717,15719,15718,2,-2
2023-05-09 15:09:35.316,15718,15719,15718,1,-1
2023-05-09 15:09:35.460,15717,15718,15717,1,-1
2023-05-09 15:09:35.476,15717,15718,15717,1,-1
2023-05-09 15:09:35.479,15717,15718,15717,1,-1
2023-05-09 15:09:35.487,15717,15718,15717,1,-1
2023-05-09 15:09:35.491,15717,15718,15717,1,-1
2023-05-09 15:09:35.503,15717,15718,15717,1,-1
2023-05-09 15:09:35.944,15717,15718,15717,3,-3
2023-05-09 15:09:40.482,15717,15718,15717,1,-1
2023-05-09 15:09:44.500,15717,15718,15717,1,-1
2023-05-09 15:09:46.014,15717,15718,15718,2,2
2023-05-09 15:09:46.015,15717,15718,15718,1,1
2023-05-09 15:09:49.786,15718,15719,15718,1,-1
2023-05-09 15:09:50.121,15718,15719,15718,1,-1
2023-05-09 15:09:50.494,15717,15718,15717,1,-1
2023-05-09 15:09:52.524,15717,15718,15718,1,1
2023-05-09 15:09:59.266,15718,15719,15718,1,-1
2023-05-09 15:10:01.340,15717,15719,15719,1,1
2023-05-09 15:10:04.453,15717,15718,15718,1,1
2023-05-09 15:10:04.454,15717,15718,15718,1,1
2023-05-09 15:10:04.800,15718,15719,15718,2,-2
2023-05-09 15:10:09.641,15718,15719,15718,1,-1
2023-05-09 15:10:12.645,15718,15719,15718,1,-1
2023-05-09 15:10:21.963,15718,15719,15718,1,-1
2023-05-09 15:10:27.634,15718,15719,15718,1,-1
2023-05-09 15:10:28.831,15718,15719,15718,1,-1
2023-05-09 15:10:30.024,15717,15719,15718,1,-1
2023-05-09 15:10:32.033,15717,15719,15719,9,9
2023-05-09 15:10:32.297,15718,15719,15718,6,-6
2023-05-09 15:10:40.882,15718,15719,15718,1,-1
2023-05-09 15:10:41.428,15718,15719,15718,1,-1
2023-05-09 15:10:47.502,15718,15719,15718,1,-1
2023-05-09 15:10:47.592,15717,15718,15718,3,3
2023-05-09 15:10:49.635,15717,15718,15718,1,1
2023-05-09 15:10:52.713,15718,15719,15718,1,-1
2023-05-09 15:10:52.918,15718,15719,15718,1,-1
2023-05-09 15:10:56.896,15717,15718,15718,1,1
2023-05-09 15:10:58.188,15718,15719,15718,1,-1
2023-05-09 15:10:59.388,15718,15719,15718,4,-4
2023-05-09 15:11:12.472,15719,15720,15719,1,-1
2023-05-09 15:11:13.399,15719,15720,15720,1,1
2023-05-09 15:11:13.399,15719,15720,15720,1,1
2023-05-09 15:11:16.209,15719,15720,15720,4,4
2023-05-09 15:11:17.673,15719,15720,15719,4,-4
2023-05-09 15:11:19.945,15719,15720,15720,6,6
2023-05-09 15:11:23.630,15719,15721,15721,1,1
2023-05-09 15:11:26.612,15719,15720,15719,3,-3
2023-05-09 15:11:28.801,15719,15720,15719,1,-1
2023-05-09 15:11:30.509,15719,15720,15720,1,1
2023-05-09 15:11:37.513,15719,15720,15719,1,-1
2023-05-09 15:11:39.637,15719,15720,15719,1,-1
2023-05-09 15:11:59.298,15719,15720,15719,1,-1
2023-05-09 15:11:59.368,15719,15720,15720,1,1
2023-05-09 15:11:59.375,15719,15720,15720,5,5
2023-05-09 15:12:00.855,15720,15721,15720,1,-1
2023-05-09 15:12:01.933,15720,15721,15721,4,4
2023-05-09 15:12:02.777,15721,15722,15722,5,5
2023-05-09 15:12:03.373,15721,15722,15722,5,5
2023-05-09 15:12:16.483,15721,15722,15721,1,-1
2023-05-09 15:12:16.632,15720,15721,15720,2,-2
2023-05-09 15:12:16.640,15720,15721,15720,1,-1
2023-05-09 15:12:16.658,15720,15721,15721,3,3
2023-05-09 15:12:16.658,15720,15721,15722,2,2
2023-05-09 15:12:16.663,15720,15721,15720,2,-2
2023-05-09 15:12:16.667,15720,15721,15720,1,-1
2023-05-09 15:12:16.671,15720,15721,15720,2,-2
2023-05-09 15:12:16.687,15720,15721,15720,1,-1
2023-05-09 15:12:17.592,15720,15722,15720,2,-2
2023-05-09 15:12:31.359,15722,15723,15722,1,-1
2023-05-09 15:12:38.671,15721,15722,15722,1,1
2023-05-09 15:12:39.301,15722,15723,15722,3,-3
2023-05-09 15:12:43.909,15721,15722,15721,10,-10
2023-05-09 15:12:48.427,15721,15722,15721,1,-1
2023-05-09 15:12:48.427,15721,15722,15720,3,-3
2023-05-09 15:12:53.722,15721,15722,15721,1,-1
2023-05-09 15:12:55.711,15721,15722,15722,3,3
2023-05-09 15:13:00.722,15721,15722,15722,1,1
2023-05-09 15:13:06.414,15721,15722,15722,1,1
2023-05-09 15:13:14.898,15721,15722,15722,1,1
2023-05-09 15:13:19.601,15721,15722,15722,2,2
2023-05-09 15:13:23.668,15721,15722,15722,1,1
2023-05-09 15:13:26.550,15721,15722,15722,3,3
2023-05-09 15:13:26.550,15721,15722,15722,1,1
2023-05-09 15:13:26.551,15721,15722,15722,1,1
2023-05-09 15:13:30.366,15722,15723,15723,1,1
2023-05-09 15:13:30.366,15722,15723,15723,3,3
2023-05-09 15:13:37.736,15722,15723,15723,2,2
2023-05-09 15:13:40.200,15722,15723,15723,3,3
2023-05-09 15:13:46.111,15722,15723,15723,1,1
2023-05-09 15:13:48.973,15723,15724,15723,1,-1
2023-05-09 15:13:49.862,15723,15724,15723,2,-2
2023-05-09 15:13:55.725,15723,15724,15723,1,-1
2023-05-09 15:14:00.664,15723,15724,15723,1,-1
2023-05-09 15:14:00.976,15722,15723,15723,3,3
2023-05-09 15:14:03.216,15722,15723,15723,1,1
2023-05-09 15:14:18.640,15723,15724,15723,1,-1
2023-05-09 15:14:18.640,15723,15724,15723,1,-1
2023-05-09 15:14:23.280,15723,15724,15723,2,-2
2023-05-09 15:14:23.280,15723,15724,15722,1,-1
2023-05-09 15:14:26.717,15722,15724,15722,1,-1
2023-05-09 15:14:32.578,15723,15724,15723,2,-2
2023-05-09 15:14:41.591,15722,15723,15722,1,-1
2023-05-09 15:14:41.592,15722,15723,15722,2,-2
2023-05-09 15:14:41.592,15722,15723,15722,1,-1
2023-05-09 15:14:41.592,15722,15723,15722,1,-1
2023-05-09 15:14:41.592,15722,15723,15722,5,-5
2023-05-09 15:14:41.592,15722,15723,15722,1,-1
2023-05-09 15:14:45.241,15721,15723,15722,2,-2
2023-05-09 15:14:45.241,15721,15723,15721,3,-3
2023-05-09 15:14:57.091,15721,15722,15721,1,-1
2023-05-09 15:14:57.091,15721,15722,15721,1,-1
2023-05-09 15:14:57.091,15721,15722,15721,5,-5
2023-05-09 15:14:57.403,15720,15721,15720,15,-15
2023-05-09 15:14:57.923,15719,15720,15720,1,1
2023-05-09 15:15:10.590,15719,15720,15720,1,1
2023-05-09 15:15:10.591,15719,15720,15720,1,1
2023-05-09 15:15:10.672,15719,15720,15719,1,-1
2023-05-09 15:15:10.712,15719,15720,15719,1,-1
2023-05-09 15:15:10.715,15719,15720,15719,1,-1
2023-05-09 15:15:10.715,15719,15720,15719,1,-1
2023-05-09 15:15:11.084,15719,15720,15719,8,-8
2023-05-09 15:15:11.119,15719,15720,15719,1,-1
2023-05-09 15:15:11.210,15719,15720,15719,1,-1
2023-05-09 15:15:11.211,15719,15720,15719,1,-1
2023-05-09 15:15:11.534,15719,15720,15719,1,-1
2023-05-09 15:15:11.534,15719,15720,15719,1,-1
2023-05-09 15:15:17.920,15719,15720,15719,1,-1
2023-05-09 15:15:21.890,15719,15720,15719,1,-1
2023-05-09 15:15:25.216,15718,15719,15719,1,1
2023-05-09 15:15:36.954,15719,15721,15720,16,16
2023-05-09 15:15:36.954,15719,15721,15721,4,4
2023-05-09 15:15:39.460,15719,15721,15719,1,-1
2023-05-09 15:16:03.050,15720,15721,15721,1,1
2023-05-09 15:16:03.470,15721,15722,15721,3,-3
2023-05-09 15:16:07.278,15721,15722,15721,1,-1
2023-05-09 15:16:07.278,15721,15722,15721,1,-1
2023-05-09 15:16:07.279,15721,15722,15721,1,-1
2023-05-09 15:16:07.364,15720,15721,15720,1,-1
2023-05-09 15:16:07.367,15720,15721,15720,1,-1
2023-05-09 15:16:07.376,15720,15721,15720,1,-1
2023-05-09 15:16:07.391,15720,15721,15720,1,-1
2023-05-09 15:16:07.492,15720,15721,15720,1,-1
2023-05-09 15:16:08.517,15720,15721,15720,1,-1
2023-05-09 15:16:08.593,15720,15721,15721,2,2
2023-05-09 15:16:23.611,15721,15722,15722,1,1
2023-05-09 15:16:23.742,15722,15723,15722,1,-1
2023-05-09 15:16:26.468,15722,15723,15723,1,1
2023-05-09 15:16:39.591,15723,15724,15723,1,-1
2023-05-09 15:16:40.196,15723,15724,15724,5,5
2023-05-09 15:16:44.089,15723,15724,15724,2,2
2023-05-09 15:16:46.704,15723,15724,15724,1,1
2023-05-09 15:16:50.334,15723,15724,15723,1,-1
2023-05-09 15:16:53.794,15723,15724,15724,11,11
2023-05-09 15:16:53.795,15723,15724,15724,1,1
2023-05-09 15:16:53.796,15723,15724,15724,11,11
2023-05-09 15:16:53.927,15724,15725,15724,1,-1
2023-05-09 15:16:59.084,15723,15724,15724,1,1
2023-05-09 15:17:02.410,15723,15724,15724,2,2
2023-05-09 15:17:03.055,15723,15724,15724,1,1
2023-05-09 15:17:12.315,15723,15724,15723,1,-1
2023-05-09 15:17:20.195,15723,15724,15724,2,2
2023-05-09 15:17:30.048,15723,15724,15724,3,3
2023-05-09 15:17:39.918,15723,15724,15724,5,5
2023-05-09 15:17:40.203,15723,15724,15724,2,2
2023-05-09 15:17:53.754,15723,15724,15724,1,1
2023-05-09 15:17:56.167,15723,15724,15724,1,1
2023-05-09 15:18:00.196,15723,15724,15724,1,1
2023-05-09 15:18:03.414,15723,15724,15723,1,-1
2023-05-09 15:18:06.365,15723,15724,15724,1,1
2023-05-09 15:18:09.646,15723,15724,15723,1,-1
2023-05-09 15:18:09.646,15723,15724,15723,3,-3
2023-05-09 15:18:10.726,15722,15723,15723,1,1
2023-05-09 15:18:11.067,15722,15723,15723,1,1
2023-05-09 15:18:12.218,15722,15723,15722,1,-1
2023-05-09 15:18:31.888,15722,15723,15723,1,1
2023-05-09 15:18:48.770,15722,15723,15723,1,1
2023-05-09 15:19:03.122,15722,15723,15722,5,-5
2023-05-09 15:19:04.585,15722,15723,15722,1,-1
2023-05-09 15:19:09.620,15722,15723,15722,1,-1
2023-05-09 15:19:10.212,15721,15722,15721,1,-1
2023-05-09 15:19:13.944,15721,15722,15721,4,-4
2023-05-09 15:19:13.995,15720,15721,15721,1,1
2023-05-09 15:19:14.045,15720,15721,15721,1,1
2023-05-09 15:19:14.095,15720,15721,15721,1,1
2023-05-09 15:19:14.146,15720,15721,15721,1,1
2023-05-09 15:19:14.236,15720,15721,15720,34,-34
2023-05-09 15:19:14.237,15720,15721,15720,1,-1
2023-05-09 15:19:14.237,15720,15721,15720,1,-1
2023-05-09 15:19:14.237,15720,15721,15720,5,-5
2023-05-09 15:19:22.245,15719,15720,15719,1,-1
2023-05-09 15:19:28.518,15719,15720,15719,24,-24
2023-05-09 15:19:28.873,15718,15719,15718,1,-1
2023-05-09 15:19:29.375,15718,15719,15718,1,-1
2023-05-09 15:19:30.460,15718,15719,15719,1,1
2023-05-09 15:19:32.591,15719,15720,15720,2,2
2023-05-09 15:19:38.129,15719,15720,15720,1,1
2023-05-09 15:19:46.457,15719,15720,15720,1,1
2023-05-09 15:20:08.804,15719,15720,15719,1,-1
2023-05-09 15:20:09.461,15719,15720,15720,1,1
2023-05-09 15:20:09.580,15719,15720,15720,1,1
2023-05-09 15:20:12.610,15719,15720,15719,1,-1
2023-05-09 15:20:22.546,15719,15720,15720,1,1
2023-05-09 15:20:33.210,15719,15720,15719,1,-1
2023-05-09 15:20:40.385,15719,15720,15719,1,-1
2023-05-09 15:20:44.123,15719,15720,15719,4,-4
2023-05-09 15:20:45.020,15718,15720,15718,1,-1
2023-05-09 15:20:45.024,15718,15720,15718,1,-1
2023-05-09 15:20:45.036,15718,15720,15718,1,-1
2023-05-09 15:20:48.941,15719,15720,15719,3,-3
2023-05-09 15:20:52.065,15719,15720,15719,1,-1
2023-05-09 15:21:00.313,15719,15720,15719,4,-4
2023-05-09 15:21:08.136,15718,15719,15718,1,-1
2023-05-09 15:21:09.876,15718,15719,15718,1,-1
2023-05-09 15:21:09.888,15718,15719,15718,1,-1
2023-05-09 15:21:10.631,15718,15719,15718,1,-1
2023-05-09 15:21:14.865,15718,15719,15719,1,1
2023-05-09 15:21:29.823,15719,15720,15719,1,-1
2023-05-09 15:21:33.753,15719,15720,15719,2,-2
2023-05-09 15:21:34.581,15719,15720,15720,1,1
2023-05-09 15:21:34.581,15719,15720,15720,1,1
2023-05-09 15:21:34.581,15719,15720,15720,3,3
2023-05-09 15:21:34.581,15719,15720,15720,1,1
2023-05-09 15:21:35.215,15720,15721,15721,1,1
2023-05-09 15:21:35.438,15720,15721,15721,1,1
2023-05-09 15:21:37.025,15721,15722,15721,1,-1
2023-05-09 15:21:52.140,15721,15722,15721,1,-1
2023-05-09 15:21:52.343,15720,15721,15720,1,-1
2023-05-09 15:21:54.260,15720,15721,15721,1,1
2023-05-09 15:22:11.603,15720,15721,15721,1,1
2023-05-09 15:22:20.908,15721,15722,15722,1,1
2023-05-09 15:22:21.866,15721,15722,15722,1,1
2023-05-09 15:22:28.052,15721,15722,15721,1,-1
2023-05-09 15:22:28.064,15721,15722,15721,1,-1
2023-05-09 15:22:39.473,15721,15722,15722,1,1
2023-05-09 15:22:44.406,15721,15722,15721,1,-1
2023-05-09 15:23:18.239,15721,15722,15722,2,2
2023-05-09 15:23:40.548,15722,15723,15722,1,-1
2023-05-09 15:23:45.070,15722,15723,15723,1,1
2023-05-09 15:23:46.914,15722,15723,15722,1,-1
2023-05-09 15:23:47.460,15722,15723,15722,1,-1
2023-05-09 15:23:47.460,15722,15723,15722,1,-1
2023-05-09 15:23:47.460,15722,15723,15722,3,-3
2023-05-09 15:23:52.344,15722,15723,15723,1,1
2023-05-09 15:23:54.452,15722,15723,15723,1,1
2023-05-09 15:24:06.599,15722,15723,15723,1,1
2023-05-09 15:24:06.945,15722,15723,15723,2,2
2023-05-09 15:24:07.175,15722,15723,15723,1,1
2023-05-09 15:24:07.971,15722,15723,15723,2,2
2023-05-09 15:24:08.298,15722,15723,15723,1,1
2023-05-09 15:24:09.001,15722,15723,15723,1,1
2023-05-09 15:24:14.960,15722,15723,15722,1,-1
2023-05-09 15:24:16.643,15722,15723,15723,1,1
2023-05-09 15:24:20.517,15722,15723,15723,1,1
2023-05-09 15:24:23.865,15722,15723,15723,1,1
2023-05-09 15:24:27.592,15723,15724,15724,1,1
2023-05-09 15:24:30.725,15723,15724,15724,3,3
2023-05-09 15:24:41.567,15723,15724,15724,1,1
2023-05-09 15:24:48.876,15723,15724,15723,9,-9
2023-05-09 15:24:48.876,15723,15724,15722,31,-31
2023-05-09 15:24:48.945,15723,15724,15721,9,-9
2023-05-09 15:24:50.085,15721,15722,15721,1,-1
2023-05-09 15:25:00.313,15721,15722,15721,1,-1
2023-05-09 15:25:00.372,15720,15722,15720,1,-1
2023-05-09 15:25:00.404,15720,15722,15720,2,-2
2023-05-09 15:25:00.443,15720,15722,15720,1,-1
2023-05-09 15:25:00.452,15720,15722,15720,1,-1
2023-05-09 15:25:00.452,15720,15722,15720,13,-13
2023-05-09 15:25:01.598,15719,15720,15720,1,1
2023-05-09 15:25:01.598,15719,15720,15721,1,1
2023-05-09 15:25:10.090,15719,15720,15720,2,2
2023-05-09 15:25:17.286,15720,15721,15721,1,1
2023-05-09 15:25:18.350,15720,15721,15721,1,1
2023-05-09 15:25:23.981,15720,15721,15720,1,-1
2023-05-09 15:25:33.982,15720,15721,15721,1,1
2023-05-09 15:25:40.192,15720,15721,15721,1,1
2023-05-09 15:26:06.540,15720,15721,15721,1,1
2023-05-09 15:26:13.752,15720,15721,15720,20,-20
2023-05-09 15:26:23.880,15719,15720,15719,1,-1
2023-05-09 15:26:31.513,15719,15720,15720,2,2
2023-05-09 15:26:31.513,15719,15720,15720,1,1
2023-05-09 15:26:31.514,15719,15720,15720,3,3
2023-05-09 15:26:31.514,15719,15720,15720,4,4
2023-05-09 15:26:31.514,15719,15720,15720,2,2
2023-05-09 15:26:31.514,15719,15720,15720,1,1
2023-05-09 15:26:31.514,15719,15720,15720,1,1
2023-05-09 15:26:31.514,15719,15720,15720,3,3
2023-05-09 15:26:31.514,15719,15720,15720,1,1
2023-05-09 15:26:31.514,15719,15720,15720,1,1
2023-05-09 15:26:31.514,15719,15720,15720,1,1
2023-05-09 15:26:31.514,15719,15720,15720,1,1
2023-05-09 15:26:39.203,15720,15721,15721,4,4
2023-05-09 15:26:47.435,15720,15721,15720,1,-1
2023-05-09 15:26:47.435,15720,15721,15720,1,-1
2023-05-09 15:26:47.436,15720,15721,15720,1,-1
2023-05-09 15:26:54.241,15720,15721,15721,9,9
2023-05-09 15:26:54.243,15720,15721,15720,5,-5
2023-05-09 15:27:11.674,15719,15720,15720,1,1
2023-05-09 15:27:37.308,15720,15721,15720,1,-1
2023-05-09 15:27:58.269,15719,15720,15720,2,2
2023-05-09 15:28:00.382,15719,15720,15719,8,-8
2023-05-09 15:28:05.837,15718,15720,15718,1,-1
2023-05-09 15:28:08.924,15718,15719,15718,1,-1
2023-05-09 15:28:08.948,15718,15719,15718,1,-1
2023-05-09 15:28:08.960,15718,15719,15718,1,-1
2023-05-09 15:28:08.964,15718,15719,15718,1,-1
2023-05-09 15:28:08.965,15718,15719,15718,16,-16
2023-05-09 15:28:08.965,15718,15719,15718,6,-6
2023-05-09 15:28:08.965,15718,15719,15718,2,-2
2023-05-09 15:28:08.966,15718,15719,15718,1,-1
2023-05-09 15:28:08.968,15718,15719,15718,1,-1
2023-05-09 15:28:08.972,15718,15719,15718,1,-1
2023-05-09 15:28:08.976,15718,15719,15718,1,-1
2023-05-09 15:28:09.004,15718,15719,15718,2,-2
2023-05-09 15:28:09.075,15718,15719,15718,1,-1
2023-05-09 15:28:09.172,15718,15719,15718,1,-1
2023-05-09 15:28:09.195,15718,15719,15718,2,-2
2023-05-09 15:28:09.423,15718,15719,15718,1,-1
2023-05-09 15:28:09.576,15717,15719,15717,1,-1
2023-05-09 15:28:09.583,15717,15719,15717,1,-1
2023-05-09 15:28:09.591,15717,15719,15717,1,-1
2023-05-09 15:28:18.603,15717,15718,15718,1,1
2023-05-09 15:28:24.042,15718,15719,15718,1,-1
2023-05-09 15:28:29.808,15718,15719,15718,1,-1
2023-05-09 15:28:29.919,15717,15718,15718,1,1
2023-05-09 15:28:29.940,15717,15718,15718,7,7
2023-05-09 15:28:29.969,15717,15719,15718,1,1
2023-05-09 15:28:47.325,15718,15719,15718,1,-1
2023-05-09 15:28:50.210,15718,15719,15718,1,-1
2023-05-09 15:28:51.790,15717,15718,15718,3,3
2023-05-09 15:28:52.685,15718,15719,15718,1,-1
2023-05-09 15:29:01.396,15717,15718,15718,1,1
2023-05-09 15:29:06.003,15717,15718,15718,1,1
2023-05-09 15:29:08.362,15717,15718,15718,1,1
2023-05-09 15:29:08.527,15717,15719,15717,1,-1
2023-05-09 15:29:11.815,15717,15719,15718,1,-1
2023-05-09 15:29:11.956,15718,15719,15718,1,-1
2023-05-09 15:29:13.061,15717,15718,15718,1,1
2023-05-09 15:29:13.061,15717,15718,15718,1,1
2023-05-09 15:29:13.324,15718,15719,15718,1,-1
2023-05-09 15:29:23.553,15719,15720,15719,1,-1
2023-05-09 15:29:38.239,15719,15720,15720,1,1
2023-05-09 15:29:41.392,15719,15720,15719,2,-2
2023-05-09 15:29:41.392,15719,15720,15718,3,-3
2023-05-09 15:29:42.590,15718,15720,15720,2,2
2023-05-09 15:29:43.533,15718,15720,15719,1,1
2023-05-09 15:29:44.079,15718,15720,15720,1,1
2023-05-09 15:30:03.546,15719,15720,15719,1,-1
2023-05-09 15:30:07.531,15719,15720,15719,1,-1
2023-05-09 15:30:07.531,15719,15720,15719,1,-1
2023-05-09 15:30:07.531,15719,15720,15719,1,-1
2023-05-09 15:30:07.531,15719,15720,15719,6,-6
2023-05-09 15:30:07.531,15719,15720,15719,2,-2
2023-05-09 15:30:07.585,15718,15719,15718,1,-1
2023-05-09 15:30:10.420,15718,15720,15718,30,-30
2023-05-09 15:30:12.496,15717,15718,15717,1,-1
2023-05-09 15:30:19.803,15717,15718,15718,9,9
2023-05-09 15:30:19.804,15717,15718,15718,6,6
2023-05-09 15:30:39.043,15718,15719,15718,2,-2
2023-05-09 15:30:39.048,15718,15719,15718,1,-1
2023-05-09 15:30:39.068,15718,15719,15718,1,-1
2023-05-09 15:30:41.221,15717,15718,15718,1,1
2023-05-09 15:30:48.837,15717,15718,15718,1,1
2023-05-09 15:30:50.212,15717,15718,15717,1,-1
2023-05-09 15:30:50.565,15717,15718,15718,1,1
2023-05-09 15:30:51.066,15717,15718,15718,1,1
2023-05-09 15:30:59.009,15717,15718,15718,1,1
2023-05-09 15:30:59.009,15717,15718,15718,1,1
2023-05-09 15:30:59.010,15717,15718,15718,2,2
2023-05-09 15:30:59.010,15717,15718,15718,2,2
2023-05-09 15:31:15.151,15717,15719,15718,1,1
2023-05-09 15:31:15.151,15717,15719,15718,1,1
2023-05-09 15:31:15.160,15717,15719,15717,1,-1
2023-05-09 15:31:15.164,15717,15719,15717,1,-1
2023-05-09 15:31:15.167,15717,15719,15717,1,-1
2023-05-09 15:31:15.223,15717,15719,15719,1,1
2023-05-09 15:31:15.232,15717,15719,15719,1,1
2023-05-09 15:31:29.819,15718,15719,15719,1,1
2023-05-09 15:31:30.084,15719,15720,15719,1,-1
2023-05-09 15:31:30.084,15719,15720,15719,1,-1
2023-05-09 15:31:31.313,15719,15720,15719,1,-1
2023-05-09 15:31:36.855,15718,15720,15718,3,-3
2023-05-09 15:32:00.496,15718,15719,15718,1,-1
2023-05-09 15:32:00.668,15717,15718,15717,1,-1
2023-05-09 15:32:01.615,15717,15718,15718,1,1
2023-05-09 15:32:12.157,15718,15720,15718,20,-20
2023-05-09 15:32:17.490,15717,15719,15717,20,-20
2023-05-09 15:32:18.657,15718,15719,15718,2,-2
2023-05-09 15:32:27.368,15717,15718,15718,1,1
2023-05-09 15:32:32.847,15717,15718,15717,6,-6
2023-05-09 15:32:36.201,15717,15718,15717,1,-1
2023-05-09 15:32:37.284,15717,15718,15717,1,-1
2023-05-09 15:32:37.778,15717,15718,15717,1,-1
2023-05-09 15:32:42.287,15717,15718,15717,2,-2
2023-05-09 15:32:53.983,15717,15718,15717,1,-1
2023-05-09 15:32:57.080,15717,15718,15717,1,-1
2023-05-09 15:32:57.080,15717,15718,15717,1,-1
2023-05-09 15:33:17.937,15716,15717,15717,1,1
2023-05-09 15:33:18.631,15716,15717,15717,1,1
2023-05-09 15:33:20.047,15716,15717,15717,1,1
2023-05-09 15:33:22.825,15716,15717,15716,1,-1
2023-05-09 15:33:35.202,15717,15718,15717,3,-3
2023-05-09 15:33:49.261,15717,15718,15717,1,-1
2023-05-09 15:33:49.261,15717,15718,15717,2,-2
2023-05-09 15:33:49.261,15717,15718,15717,1,-1
2023-05-09 15:33:49.261,15717,15718,15717,5,-5
2023-05-09 15:33:49.261,15717,15718,15717,1,-1
2023-05-09 15:33:49.261,15717,15718,15717,1,-1
2023-05-09 15:33:49.262,15717,15718,15717,3,-3
2023-05-09 15:33:49.290,15717,15718,15716,1,-1
2023-05-09 15:33:49.576,15716,15717,15717,1,1
2023-05-09 15:33:50.344,15716,15717,15716,1,-1
2023-05-09 15:33:51.612,15716,15717,15716,4,-4
2023-05-09 15:33:51.641,15716,15717,15716,1,-1
2023-05-09 15:33:51.641,15716,15717,15716,1,-1
2023-05-09 15:33:51.691,15716,15717,15716,1,-1
2023-05-09 15:33:51.742,15716,15717,15716,1,-1
2023-05-09 15:33:51.792,15716,15717,15716,1,-1
2023-05-09 15:33:54.357,15716,15717,15716,1,-1
2023-05-09 15:33:54.482,15716,15717,15716,1,-1
2023-05-09 15:33:55.407,15716,15717,15716,1,-1
2023-05-09 15:34:03.573,15716,15717,15717,11,11
2023-05-09 15:34:03.574,15716,15717,15717,1,1
2023-05-09 15:34:03.869,15716,15717,15716,1,-1
2023-05-09 15:34:15.867,15716,15717,15716,1,-1
2023-05-09 15:34:16.034,15716,15717,15717,1,1
2023-05-09 15:34:20.754,15716,15717,15717,1,1
2023-05-09 15:34:30.853,15716,15717,15717,1,1
2023-05-09 15:34:32.596,15717,15718,15717,1,-1
2023-05-09 15:34:32.786,15717,15718,15717,1,-1
2023-05-09 15:34:34.964,15716,15717,15716,1,-1
2023-05-09 15:34:34.980,15716,15717,15716,1,-1
2023-05-09 15:34:35.362,15716,15717,15716,10,-10
2023-05-09 15:34:35.362,15716,15717,15716,11,-11
2023-05-09 15:34:36.228,15715,15716,15716,2,2
2023-05-09 15:34:39.210,15715,15716,15715,1,-1
2023-05-09 15:34:39.351,15715,15716,15715,1,-1
2023-05-09 15:34:39.581,15715,15716,15716,1,1
2023-05-09 15:34:42.009,15715,15716,15715,1,-1
2023-05-09 15:34:46.492,15715,15716,15716,5,5
2023-05-09 15:34:52.539,15715,15716,15716,1,1
2023-05-09 15:34:52.805,15716,15717,15716,1,-1
2023-05-09 15:34:52.971,15715,15717,15715,1,-1
2023-05-09 15:34:53.772,15715,15717,15715,5,-5
2023-05-09 15:34:58.056,15715,15716,15716,1,1
2023-05-09 15:34:59.717,15715,15716,15715,1,-1
2023-05-09 15:35:00.682,15715,15716,15716,3,3
2023-05-09 15:35:10.471,15715,15716,15715,1,-1
2023-05-09 15:35:11.376,15715,15716,15716,1,1
2023-05-09 15:35:17.090,15715,15716,15715,1,-1
2023-05-09 15:35:22.484,15715,15716,15716,2,2
2023-05-09 15:35:22.749,15715,15716,15715,4,-4
2023-05-09 15:35:24.788,15715,15716,15715,5,-5
2023-05-09 15:35:28.940,15715,15716,15715,1,-1
2023-05-09 15:35:33.993,15715,15716,15715,1,-1
2023-05-09 15:35:36.578,15715,15716,15715,1,-1
2023-05-09 15:35:36.579,15715,15716,15715,1,-1
2023-05-09 15:35:36.579,15715,15716,15715,3,-3
2023-05-09 15:35:36.579,15715,15716,15715,2,-2
2023-05-09 15:35:36.579,15715,15716,15715,20,-20
2023-05-09 15:35:36.688,15714,15715,15715,2,2
2023-05-09 15:35:36.924,15714,15715,15714,1,-1
2023-05-09 15:35:37.015,15714,15715,15714,1,-1
2023-05-09 15:35:37.350,15714,15715,15714,1,-1
2023-05-09 15:35:37.351,15714,15715,15714,4,-4
2023-05-09 15:35:37.655,15713,15715,15715,1,1
2023-05-09 15:35:39.275,15713,15714,15714,1,1
2023-05-09 15:35:44.629,15713,15714,15713,1,-1
2023-05-09 15:35:44.721,15713,15714,15713,1,-1
2023-05-09 15:35:44.722,15713,15714,15713,1,-1
2023-05-09 15:35:44.724,15713,15714,15714,1,1
2023-05-09 15:35:44.775,15713,15714,15713,1,-1
2023-05-09 15:35:45.364,15713,15714,15714,7,7
2023-05-09 15:35:45.813,15713,15714,15714,1,1
2023-05-09 15:35:46.080,15714,15715,15714,1,-1
2023-05-09 15:35:48.584,15713,15714,15713,1,-1
2023-05-09 15:35:48.740,15713,15714,15713,2,-2
2023-05-09 15:35:48.768,15713,15714,15713,1,-1
2023-05-09 15:35:49.004,15713,15714,15713,1,-1
2023-05-09 15:35:49.831,15713,15714,15713,1,-1
2023-05-09 15:35:52.045,15713,15714,15714,3,3
2023-05-09 15:35:52.235,15714,15715,15714,1,-1
2023-05-09 15:35:52.310,15714,15715,15714,1,-1
2023-05-09 15:35:52.310,15714,15715,15714,1,-1
2023-05-09 15:35:52.319,15714,15715,15714,1,-1
2023-05-09 15:35:54.609,15714,15715,15714,1,-1
2023-05-09 15:35:57.179,15714,15715,15715,1,1
2023-05-09 15:35:59.329,15714,15715,15714,2,-2
2023-05-09 15:36:00.146,15714,15715,15714,2,-2
2023-05-09 15:36:00.502,15714,15715,15715,2,2
2023-05-09 15:36:00.502,15714,15715,15715,1,1
2023-05-09 15:36:00.502,15714,15715,15715,1,1
2023-05-09 15:36:00.502,15714,15715,15715,1,1
2023-05-09 15:36:00.502,15714,15715,15715,4,4
2023-05-09 15:36:00.502,15714,15715,15715,1,1
2023-05-09 15:36:00.769,15715,15716,15715,1,-1
2023-05-09 15:36:00.769,15715,15716,15715,1,-1
2023-05-09 15:36:07.654,15715,15716,15715,1,-1
2023-05-09 15:36:10.678,15714,15715,15714,1,-1
2023-05-09 15:36:10.711,15714,15715,15715,1,1
2023-05-09 15:36:13.392,15714,15715,15715,4,4
2023-05-09 15:36:23.164,15714,15715,15714,7,-7
2023-05-09 15:36:31.159,15714,15715,15715,1,1
2023-05-09 15:36:31.159,15714,15715,15715,1,1
2023-05-09 15:36:31.159,15714,15715,15715,1,1
2023-05-09 15:36:31.159,15714,15715,15715,2,2
2023-05-09 15:36:31.229,15715,15716,15716,3,3
2023-05-09 15:36:37.137,15715,15716,15715,1,-1
2023-05-09 15:36:40.198,15715,15716,15716,4,4
2023-05-09 15:36:40.461,15715,15717,15715,1,-1
2023-05-09 15:36:40.461,15715,15717,15715,1,-1
2023-05-09 15:37:15.342,15715,15716,15715,2,-2
2023-05-09 15:37:15.646,15715,15716,15715,2,-2
2023-05-09 15:37:17.791,15715,15716,15716,1,1
2023-05-09 15:37:17.993,15715,15716,15716,1,1
2023-05-09 15:37:21.264,15715,15717,15717,4,4
2023-05-09 15:37:22.292,15716,15717,15716,1,-1
2023-05-09 15:37:38.148,15716,15717,15717,8,8
2023-05-09 15:37:39.349,15716,15717,15717,1,1
2023-05-09 15:37:40.225,15716,15717,15716,2,-2
2023-05-09 15:37:40.307,15716,15717,15716,1,-1
2023-05-09 15:37:48.534,15716,15717,15717,1,1
2023-05-09 15:37:50.962,15716,15717,15716,1,-1
2023-05-09 15:37:53.174,15716,15717,15716,1,-1
2023-05-09 15:37:54.688,15716,15717,15716,1,-1
2023-05-09 15:37:54.691,15716,15717,15716,1,-1
2023-05-09 15:37:56.911,15716,15717,15716,1,-1
2023-05-09 15:37:59.704,15716,15717,15716,1,-1
2023-05-09 15:37:59.709,15716,15717,15716,1,-1
2023-05-09 15:37:59.864,15715,15716,15715,4,-4
2023-05-09 15:38:02.488,15715,15716,15716,3,3
2023-05-09 15:38:10.222,15715,15716,15715,1,-1
2023-05-09 15:38:10.260,15715,15716,15715,1,-1
2023-05-09 15:38:18.045,15715,15716,15715,1,-1
2023-05-09 15:38:18.045,15715,15716,15715,2,-2
2023-05-09 15:38:18.045,15715,15716,15715,1,-1
2023-05-09 15:38:18.045,15715,15716,15715,2,-2
2023-05-09 15:38:18.045,15715,15716,15715,1,-1
2023-05-09 15:38:18.164,15714,15715,15714,2,-2
2023-05-09 15:38:18.209,15714,15715,15715,1,1
2023-05-09 15:38:18.210,15714,15715,15715,1,1
2023-05-09 15:38:44.304,15715,15716,15716,1,1
2023-05-09 15:38:44.304,15715,15716,15716,4,4
2023-05-09 15:38:44.304,15715,15716,15716,4,4
2023-05-09 15:38:44.304,15715,15716,15716,10,10
2023-05-09 15:38:44.364,15716,15717,15717,4,4
2023-05-09 15:38:44.364,15716,15717,15718,2,2
2023-05-09 15:38:44.990,15716,15718,15716,26,-26
2023-05-09 15:38:44.990,15716,15718,15715,24,-24
2023-05-09 15:38:45.259,15715,15717,15715,1,-1
2023-05-09 15:38:45.259,15715,15717,15715,1,-1
2023-05-09 15:38:45.308,15715,15717,15715,1,-1
2023-05-09 15:38:45.323,15715,15717,15715,1,-1
2023-05-09 15:38:45.328,15715,15717,15715,1,-1
2023-05-09 15:38:49.428,15715,15716,15716,1,1
2023-05-09 15:38:50.487,15715,15716,15715,1,-1
2023-05-09 15:39:00.125,15715,15716,15715,7,-7
2023-05-09 15:39:00.904,15715,15716,15715,1,-1
2023-05-09 15:39:03.468,15715,15716,15715,1,-1
2023-05-09 15:39:03.468,15715,15716,15715,1,-1
2023-05-09 15:39:05.421,15714,15715,15715,10,10
2023-05-09 15:39:07.806,15714,15715,15715,2,2
2023-05-09 15:39:08.070,15715,15716,15715,1,-1
2023-05-09 15:39:10.265,15715,15716,15715,1,-1
2023-05-09 15:39:20.799,15714,15715,15715,1,1
2023-05-09 15:39:22.028,15714,15715,15715,1,1
2023-05-09 15:39:23.105,15714,15715,15714,1,-1
2023-05-09 15:39:23.122,15714,15715,15714,1,-1
2023-05-09 15:39:23.131,15714,15715,15714,1,-1
2023-05-09 15:39:23.218,15714,15715,15714,1,-1
2023-05-09 15:39:26.260,15714,15715,15714,1,-1
2023-05-09 15:39:26.391,15714,15715,15714,1,-1
2023-05-09 15:39:40.341,15714,15715,15714,1,-1
2023-05-09 15:39:41.631,15714,15715,15715,3,3
2023-05-09 15:39:47.125,15714,15716,15716,5,5
2023-05-09 15:39:47.372,15715,15716,15716,5,5
2023-05-09 15:39:57.936,15715,15716,15715,1,-1
2023-05-09 15:39:57.936,15715,15716,15715,1,-1
2023-05-09 15:39:57.936,15715,15716,15715,1,-1
2023-05-09 15:39:57.936,15715,15716,15715,1,-1
2023-05-09 15:40:00.260,15714,15715,15714,1,-1
2023-05-09 15:40:00.802,15714,15715,15714,10,-10
2023-05-09 15:40:01.322,15714,15715,15715,3,3
2023-05-09 15:40:01.653,15714,15715,15715,2,2
2023-05-09 15:40:01.740,15714,15715,15715,1,1
2023-05-09 15:40:04.645,15714,15715,15715,4,4
2023-05-09 15:40:12.235,15714,15715,15715,1,1
2023-05-09 15:40:13.243,15715,15716,15715,1,-1
2023-05-09 15:40:19.392,15715,15716,15715,1,-1
2023-05-09 15:40:23.879,15715,15716,15716,2,2
2023-05-09 15:40:25.675,15715,15716,15716,2,2
2023-05-09 15:40:37.980,15715,15716,15715,1,-1
2023-05-09 15:40:37.981,15715,15716,15715,2,-2
2023-05-09 15:40:38.521,15714,15716,15716,1,1
2023-05-09 15:40:40.462,15714,15715,15715,5,5
2023-05-09 15:40:40.681,15714,15715,15714,1,-1
2023-05-09 15:40:40.681,15714,15715,15714,1,-1
2023-05-09 15:40:40.681,15714,15715,15714,1,-1
2023-05-09 15:40:40.681,15714,15715,15714,1,-1
2023-05-09 15:40:40.682,15714,15715,15714,1,-1
2023-05-09 15:40:40.682,15714,15715,15714,1,-1
2023-05-09 15:40:40.762,15714,15715,15714,1,-1
2023-05-09 15:40:40.801,15714,15715,15714,1,-1
2023-05-09 15:40:40.844,15714,15715,15714,1,-1
2023-05-09 15:40:40.848,15714,15715,15714,1,-1
2023-05-09 15:40:40.864,15714,15715,15714,1,-1
2023-05-09 15:40:40.868,15714,15715,15714,1,-1
2023-05-09 15:40:40.868,15714,15715,15714,1,-1
2023-05-09 15:40:40.872,15714,15715,15714,1,-1
2023-05-09 15:40:40.880,15714,15715,15714,2,-2
2023-05-09 15:40:41.044,15713,15714,15713,1,-1
2023-05-09 15:40:41.047,15713,15714,15713,1,-1
2023-05-09 15:40:41.055,15713,15714,15713,1,-1
2023-05-09 15:40:41.067,15713,15714,15713,1,-1
2023-05-09 15:40:41.617,15714,15715,15714,1,-1
2023-05-09 15:40:51.959,15714,15715,15714,1,-1
2023-05-09 15:40:53.287,15714,15715,15714,1,-1
2023-05-09 15:40:57.637,15714,15715,15714,8,-8
2023-05-09 15:40:57.901,15714,15715,15714,1,-1
2023-05-09 15:40:57.901,15714,15715,15714,1,-1
2023-05-09 15:41:00.119,15714,15715,15714,3,-3
2023-05-09 15:41:06.187,15714,15715,15714,1,-1
2023-05-09 15:41:07.590,15714,15715,15714,1,-1
2023-05-09 15:41:13.359,15714,15715,15714,1,-1
2023-05-09 15:41:21.213,15714,15715,15714,1,-1
2023-05-09 15:41:22.562,15714,15715,15714,1,-1
2023-05-09 15:41:23.172,15714,15715,15714,1,-1
2023-05-09 15:41:26.070,15714,15715,15715,4,4
2023-05-09 15:41:26.070,15714,15715,15715,2,2
2023-05-09 15:41:26.070,15714,15715,15715,1,1
2023-05-09 15:41:26.070,15714,15715,15715,2,2
2023-05-09 15:41:26.070,15714,15715,15715,3,3
2023-05-09 15:41:26.117,15715,15716,15716,4,4
2023-05-09 15:41:41.507,15714,15715,15714,2,-2
2023-05-09 15:41:43.376,15713,15714,15713,1,-1
2023-05-09 15:41:43.380,15713,15714,15713,1,-1
2023-05-09 15:41:43.396,15713,15714,15713,1,-1
2023-05-09 15:41:44.124,15713,15714,15713,1,-1
2023-05-09 15:41:45.132,15713,15714,15714,1,1
2023-05-09 15:41:47.139,15713,15715,15713,3,-3
2023-05-09 15:41:51.443,15713,15714,15713,8,-8
2023-05-09 15:41:53.923,15713,15714,15713,3,-3
2023-05-09 15:41:54.188,15713,15714,15713,1,-1
2023-05-09 15:42:03.198,15713,15714,15714,1,1
2023-05-09 15:42:03.199,15713,15714,15714,3,3
2023-05-09 15:42:03.199,15713,15714,15714,1,1
2023-05-09 15:42:03.199,15713,15714,15714,1,1
2023-05-09 15:42:08.966,15714,15715,15714,2,-2
2023-05-09 15:42:10.104,15714,15715,15715,1,1
2023-05-09 15:42:20.739,15714,15715,15714,1,-1
2023-05-09 15:42:26.338,15714,15715,15714,4,-4
2023-05-09 15:42:30.617,15714,15715,15714,1,-1
2023-05-09 15:42:31.064,15714,15715,15715,1,1
2023-05-09 15:42:32.629,15715,15716,15715,2,-2
2023-05-09 15:42:35.325,15714,15716,15714,10,-10
2023-05-09 15:43:01.923,15714,15715,15714,1,-1
2023-05-09 15:43:23.525,15714,15715,15714,1,-1
2023-05-09 15:43:25.950,15714,15715,15714,7,-7
2023-05-09 15:43:38.548,15714,15715,15714,1,-1
2023-05-09 15:44:01.197,15714,15715,15715,1,1
2023-05-09 15:44:01.197,15714,15715,15715,1,1
2023-05-09 15:44:01.198,15714,15715,15715,1,1
2023-05-09 15:44:08.877,15715,15716,15715,1,-1
2023-05-09 15:44:16.412,15714,15715,15715,1,1
2023-05-09 15:44:34.847,15715,15716,15715,2,-2
2023-05-09 15:45:00.190,15715,15716,15716,1,1
2023-05-09 15:45:00.338,15715,15716,15716,3,3
2023-05-09 15:45:00.342,15715,15716,15716,6,6
2023-05-09 15:45:00.342,15715,15716,15717,4,4
2023-05-09 15:45:04.402,15715,15717,15717,1,1
2023-05-09 15:45:08.549,15715,15717,15717,1,1
2023-05-09 15:45:08.574,15715,15717,15717,1,1
2023-05-09 15:45:13.374,15716,15717,15717,1,1
2023-05-09 15:45:14.477,15716,15717,15716,1,-1
2023-05-09 15:45:20.049,15715,15717,15717,7,7
2023-05-09 15:45:20.064,15715,15717,15717,8,8
2023-05-09 15:45:35.845,15716,15717,15717,1,1
2023-05-09 15:45:37.331,15716,15717,15717,2,2
2023-05-09 15:45:40.374,15716,15717,15716,1,-1
2023-05-09 15:45:40.576,15715,15716,15715,1,-1
2023-05-09 15:45:40.584,15715,15716,15715,1,-1
2023-05-09 15:45:40.588,15715,15716,15715,1,-1
2023-05-09 15:45:50.394,15715,15716,15715,1,-1
2023-05-09 15:45:53.990,15715,15716,15715,1,-1
2023-05-09 15:45:53.990,15715,15716,15715,1,-1
2023-05-09 15:46:01.599,15715,15716,15715,1,-1
2023-05-09 15:46:08.160,15715,15716,15715,1,-1
2023-05-09 15:46:20.189,15715,15716,15716,1,1
2023-05-09 15:46:35.132,15715,15716,15715,3,-3
2023-05-09 15:46:40.192,15715,15716,15716,2,2
2023-05-09 15:46:55.517,15715,15716,15716,1,1
2023-05-09 15:47:01.266,15715,15716,15716,1,1
2023-05-09 15:47:03.282,15715,15716,15716,2,2
2023-05-09 15:47:18.985,15715,15716,15716,1,1
2023-05-09 15:47:18.985,15715,15716,15717,4,4
2023-05-09 15:47:19.470,15715,15717,15716,2,2
2023-05-09 15:47:20.192,15715,15716,15716,1,1
2023-05-09 15:47:32.633,15715,15716,15716,1,1
2023-05-09 15:47:40.209,15715,15716,15716,1,1
2023-05-09 15:48:03.690,15715,15716,15716,1,1
2023-05-09 15:48:03.691,15715,15716,15716,2,2
2023-05-09 15:48:10.263,15716,15717,15716,1,-1
2023-05-09 15:48:20.190,15716,15717,15717,1,1
2023-05-09 15:48:43.204,15716,15717,15716,1,-1
2023-05-09 15:48:46.229,15716,15717,15716,9,-9
2023-05-09 15:48:46.231,15716,15717,15715,18,-18
2023-05-09 15:49:17.588,15715,15716,15715,1,-1
2023-05-09 15:50:00.664,15715,15717,15717,3,3
2023-05-09 15:50:01.198,15715,15717,15717,2,2
2023-05-09 15:50:07.005,15715,15716,15716,2,2
2023-05-09 15:50:07.196,15716,15717,15716,1,-1
2023-05-09 15:50:07.220,15716,15717,15716,1,-1
2023-05-09 15:50:09.032,15715,15717,15717,2,2
2023-05-09 15:50:22.258,15716,15717,15717,1,1
2023-05-09 15:50:24.611,15716,15717,15717,1,1
2023-05-09 15:50:44.862,15716,15717,15717,1,1
2023-05-09 15:50:50.765,15716,15717,15716,1,-1
2023-05-09 15:50:52.287,15716,15717,15716,1,-1
2023-05-09 15:51:02.156,15716,15717,15717,5,5
2023-05-09 15:51:06.566,15716,15718,15718,1,1
2023-05-09 15:51:06.822,15716,15718,15718,20,20
2023-05-09 15:51:13.601,15716,15718,15716,1,-1
2023-05-09 15:51:18.157,15717,15718,15718,1,1
2023-05-09 15:51:18.157,15717,15718,15718,1,1
2023-05-09 15:51:18.157,15717,15718,15718,1,1
2023-05-09 15:51:18.157,15717,15718,15718,1,1
2023-05-09 15:51:18.363,15718,15719,15719,1,1
2023-05-09 15:51:20.197,15718,15719,15719,1,1
2023-05-09 15:51:22.149,15718,15719,15718,2,-2
2023-05-09 15:51:25.017,15718,15719,15719,1,1
2023-05-09 15:51:33.020,15718,15719,15719,1,1
2023-05-09 15:51:44.875,15718,15719,15718,1,-1
2023-05-09 15:51:45.926,15718,15719,15718,1,-1
2023-05-09 15:51:46.977,15718,15719,15719,4,4
2023-05-09 15:51:55.783,15718,15719,15719,1,1
2023-05-09 15:52:02.980,15718,15719,15719,1,1
2023-05-09 15:52:07.212,15718,15719,15719,2,2
2023-05-09 15:52:10.277,15718,15719,15718,1,-1
2023-05-09 15:52:25.056,15718,15719,15718,1,-1
2023-05-09 15:52:27.420,15718,15719,15719,1,1
2023-05-09 15:52:29.517,15718,15719,15719,1,1
2023-05-09 15:52:40.572,15718,15719,15718,3,-3
2023-05-09 15:52:40.573,15718,15719,15718,2,-2
2023-05-09 15:52:40.573,15718,15719,15718,1,-1
2023-05-09 15:52:40.573,15718,15719,15718,3,-3
2023-05-09 15:52:41.519,15718,15719,15718,1,-1
2023-05-09 15:53:03.002,15718,15719,15718,2,-2
2023-05-09 15:53:27.442,15718,15719,15719,1,1
2023-05-09 15:53:27.564,15718,15719,15718,1,-1
2023-05-09 15:53:37.231,15718,15719,15719,1,1
2023-05-09 15:53:59.900,15718,15719,15719,1,1
2023-05-09 15:53:59.901,15718,15719,15719,1,1
2023-05-09 15:53:59.901,15718,15719,15719,1,1
2023-05-09 15:53:59.901,15718,15719,15719,1,1
2023-05-09 15:53:59.901,15718,15719,15719,1,1
2023-05-09 15:54:00.120,15719,15720,15719,1,-1
2023-05-09 15:54:00.136,15719,15720,15719,1,-1
2023-05-09 15:54:00.151,15719,15720,15719,1,-1
2023-05-09 15:54:00.519,15718,15719,15719,1,1
2023-05-09 15:54:06.330,15718,15719,15718,5,-5
2023-05-09 15:54:31.064,15718,15719,15719,1,1
2023-05-09 15:54:34.952,15718,15719,15719,1,1
2023-05-09 15:54:40.188,15718,15719,15719,1,1
2023-05-09 15:54:51.532,15718,15719,15718,3,-3
2023-05-09 15:54:51.533,15718,15719,15718,1,-1
2023-05-09 15:54:51.533,15718,15719,15718,2,-2
2023-05-09 15:54:51.533,15718,15719,15718,1,-1
2023-05-09 15:54:51.533,15718,15719,15718,1,-1
2023-05-09 15:54:51.533,15718,15719,15718,1,-1
2023-05-09 15:54:51.533,15718,15719,15718,1,-1
2023-05-09 15:55:01.422,15718,15719,15718,1,-1
2023-05-09 15:55:04.369,15718,15719,15719,1,1
2023-05-09 15:55:09.423,15718,15719,15719,6,6
2023-05-09 15:55:10.634,15718,15719,15718,1,-1
2023-05-09 15:55:44.237,15718,15719,15718,2,-2
2023-05-09 15:55:51.552,15718,15719,15718,1,-1
2023-05-09 15:55:51.553,15718,15719,15718,1,-1
2023-05-09 15:55:51.553,15718,15719,15718,3,-3
2023-05-09 15:55:57.353,15717,15719,15717,1,-1
2023-05-09 15:55:57.635,15717,15719,15717,1,-1
2023-05-09 15:56:01.050,15717,15718,15718,1,1
2023-05-09 15:56:04.886,15717,15719,15717,4,-4
2023-05-09 15:56:14.973,15717,15718,15718,1,1
2023-05-09 15:56:18.028,15717,15718,15717,1,-1
2023-05-09 15:56:41.941,15717,15719,15719,1,1
2023-05-09 15:56:49.169,15717,15718,15717,1,-1
2023-05-09 15:56:49.176,15717,15718,15717,1,-1
2023-05-09 15:56:50.577,15717,15718,15717,1,-1
2023-05-09 15:56:51.689,15717,15718,15717,1,-1
2023-05-09 15:56:56.219,15717,15718,15718,1,1
2023-05-09 15:57:00.024,15717,15718,15718,2,2
2023-05-09 15:57:01.408,15717,15719,15717,1,-1
2023-05-09 15:57:15.455,15717,15718,15717,3,-3
2023-05-09 15:57:34.309,15717,15718,15718,1,1
2023-05-09 15:58:15.349,15718,15719,15718,1,-1
2023-05-09 15:58:17.185,15718,15719,15718,1,-1
2023-05-09 15:58:21.172,15717,15718,15717,3,-3
2023-05-09 15:58:23.056,15717,15718,15717,1,-1
2023-05-09 15:58:40.366,15717,15718,15717,1,-1
2023-05-09 15:59:08.841,15717,15718,15718,1,1
2023-05-09 15:59:08.978,15717,15718,15718,1,1
2023-05-09 15:59:14.165,15717,15718,15717,1,-1
2023-05-09 15:59:15.074,15717,15718,15718,1,1
2023-05-09 15:59:22.932,15717,15718,15718,1,1
2023-05-09 15:59:35.027,15717,15718,15717,1,-1
2023-05-09 15:59:45.457,15717,15718,15717,3,-3
2023-05-09 15:59:45.728,15716,15717,15716,1,-1
2023-05-09 15:59:45.732,15716,15717,15716,1,-1
2023-05-09 15:59:45.735,15716,15717,15716,1,-1
2023-05-09 15:59:45.750,15716,15717,15716,11,-11
2023-05-09 15:59:45.774,15716,15717,15716,1,-1
2023-05-09 15:59:45.932,15716,15717,15716,2,-2
2023-05-09 15:59:45.943,15716,15717,15716,1,-1
2023-05-09 15:59:45.982,15715,15716,15716,1,1
2023-05-09 15:59:46.033,15715,15716,15716,1,1
2023-05-09 15:59:46.392,15716,15717,15716,1,-1
2023-05-09 15:59:46.442,15716,15717,15716,1,-1
2023-05-09 15:59:46.492,15715,15716,15716,1,1
2023-05-09 15:59:54.938,15715,15716,15715,3,-3
2023-05-09 15:59:59.819,15715,15716,15715,1,-1
2023-05-09 16:00:00.141,15715,15716,15716,1,1
2023-05-09 16:00:00.141,15715,15716,15716,3,3
2023-05-09 16:00:00.141,15715,15716,15716,1,1
2023-05-09 16:00:00.142,15715,15716,15716,1,1
2023-05-09 16:00:00.763,15715,15717,15717,1,1
2023-05-09 16:00:00.806,15715,15717,15717,1,1
2023-05-09 16:00:00.913,15715,15717,15717,1,1
2023-05-09 16:00:00.938,15715,15717,15717,1,1
2023-05-09 16:00:01.089,15715,15717,15717,1,1
2023-05-09 16:00:28.729,15716,15717,15716,1,-1
2023-05-09 16:00:39.456,15716,15717,15716,1,-1
2023-05-09 16:00:40.050,15716,15717,15717,1,1
2023-05-09 16:00:50.411,15716,15717,15716,1,-1
2023-05-09 16:00:55.523,15716,15717,15717,1,1
2023-05-09 16:00:55.523,15716,15717,15717,1,1
2023-05-09 16:00:55.523,15716,15717,15717,2,2
2023-05-09 16:01:06.587,15717,15718,15718,3,3
2023-05-09 16:01:07.544,15718,15719,15719,17,17
2023-05-09 16:01:07.678,15719,15720,15720,2,2
2023-05-09 16:01:11.965,15719,15720,15719,2,-2
2023-05-09 16:01:12.011,15719,15720,15719,1,-1
2023-05-09 16:01:12.011,15719,15720,15718,4,-4
2023-05-09 16:01:26.103,15718,15719,15719,2,2
2023-05-09 16:01:29.602,15719,15720,15719,1,-1
2023-05-09 16:01:35.869,15719,15720,15720,1,1
2023-05-09 16:01:49.639,15718,15719,15719,1,1
2023-05-09 16:01:50.484,15718,15719,15719,1,1
2023-05-09 16:01:53.776,15717,15719,15719,1,1
2023-05-09 16:01:57.449,15718,15719,15719,1,1
2023-05-09 16:01:57.449,15718,15719,15720,1,1
2023-05-09 16:02:05.717,15719,15720,15720,1,1
2023-05-09 16:02:06.331,15719,15720,15720,1,1
2023-05-09 16:02:06.449,15719,15720,15720,1,1
2023-05-09 16:02:06.477,15719,15720,15720,1,1
2023-05-09 16:02:06.557,15719,15720,15720,1,1
2023-05-09 16:02:06.582,15719,15720,15720,1,1
2023-05-09 16:02:06.583,15719,15720,15720,1,1
2023-05-09 16:02:06.606,15719,15720,15721,1,1
2023-05-09 16:02:06.630,15719,15720,15721,1,1
2023-05-09 16:02:06.656,15719,15720,15721,1,1
2023-05-09 16:02:06.683,15719,15720,15721,1,1
2023-05-09 16:02:06.706,15719,15720,15721,1,1
2023-05-09 16:02:06.728,15719,15721,15721,1,1
2023-05-09 16:02:06.750,15719,15721,15721,1,1
2023-05-09 16:02:06.773,15719,15721,15721,1,1
2023-05-09 16:02:06.785,15719,15721,15721,1,1
2023-05-09 16:02:06.810,15719,15721,15721,1,1
2023-05-09 16:02:07.172,15719,15721,15721,1,1
2023-05-09 16:02:08.886,15719,15720,15720,2,2
2023-05-09 16:02:11.292,15719,15720,15720,1,1
2023-05-09 16:02:17.686,15720,15721,15720,1,-1
2023-05-09 16:02:22.457,15720,15721,15720,6,-6
2023-05-09 16:02:25.174,15720,15721,15721,1,1
2023-05-09 16:02:33.225,15720,15721,15720,1,-1
2023-05-09 16:02:33.287,15720,15721,15721,8,8
2023-05-09 16:02:40.998,15720,15721,15720,1,-1
2023-05-09 16:02:40.998,15720,15721,15719,2,-2
2023-05-09 16:02:43.690,15720,15721,15720,1,-1
2023-05-09 16:02:47.458,15719,15720,15719,1,-1
2023-05-09 16:02:57.528,15718,15719,15719,1,1
2023-05-09 16:03:00.050,15719,15720,15720,1,1
2023-05-09 16:03:20.220,15720,15721,15721,2,2
2023-05-09 16:03:22.244,15720,15721,15720,1,-1
2023-05-09 16:03:27.246,15719,15720,15720,1,1
2023-05-09 16:03:27.842,15719,15720,15720,1,1
2023-05-09 16:03:35.301,15719,15720,15720,4,4
2023-05-09 16:03:36.262,15719,15720,15719,4,-4
2023-05-09 16:03:36.262,15719,15720,15718,2,-2
2023-05-09 16:03:42.745,15719,15720,15719,2,-2
2023-05-09 16:03:53.230,15719,15720,15719,1,-1
2023-05-09 16:03:53.230,15719,15720,15718,1,-1
2023-05-09 16:04:10.225,15719,15720,15719,1,-1
2023-05-09 16:04:23.434,15718,15720,15718,3,-3
2023-05-09 16:04:38.295,15718,15719,15718,4,-4
2023-05-09 16:04:38.295,15718,15719,15718,6,-6
2023-05-09 16:04:55.747,15717,15718,15718,1,1
2023-05-09 16:05:01.255,15717,15719,15717,1,-1
2023-05-09 16:05:42.825,15718,15719,15719,5,5
2023-05-09 16:06:01.270,15718,15719,15718,2,-2
2023-05-09 16:06:01.530,15718,15719,15719,1,1
2023-05-09 16:06:01.596,15718,15719,15719,1,1
2023-05-09 16:06:01.644,15718,15719,15719,1,1
2023-05-09 16:06:14.710,15718,15719,15719,3,3
2023-05-09 16:06:25.221,15718,15719,15719,1,1
2023-05-09 16:06:39.534,15718,15719,15719,1,1
2023-05-09 16:06:41.278,15718,15719,15719,1,1
2023-05-09 16:06:41.735,15718,15719,15719,1,1
2023-05-09 16:06:49.911,15718,15719,15719,1,1
2023-05-09 16:06:49.912,15718,15719,15719,1,1
2023-05-09 16:06:49.912,15718,15719,15719,1,1
2023-05-09 16:06:49.912,15718,15719,15719,1,1
2023-05-09 16:06:49.912,15718,15719,15719,1,1
2023-05-09 16:06:52.887,15719,15720,15720,2,2
2023-05-09 16:07:06.921,15719,15720,15719,1,-1
2023-05-09 16:07:15.455,15719,15720,15719,2,-2
2023-05-09 16:07:20.190,15719,15720,15720,1,1
2023-05-09 16:07:23.528,15719,15720,15720,1,1
2023-05-09 16:07:23.689,15719,15720,15719,1,-1
2023-05-09 16:08:19.417,15718,15719,15719,10,10
2023-05-09 16:08:39.328,15719,15720,15719,1,-1
2023-05-09 16:08:43.915,15719,15720,15719,1,-1
2023-05-09 16:08:43.915,15719,15720,15719,1,-1
2023-05-09 16:08:43.915,15719,15720,15719,2,-2
2023-05-09 16:08:48.378,15719,15720,15719,3,-3
2023-05-09 16:08:48.380,15719,15720,15718,13,-13
2023-05-09 16:08:48.792,15717,15718,15717,3,-3
2023-05-09 16:09:01.158,15717,15718,15718,1,1
2023-05-09 16:09:01.159,15717,15718,15718,2,2
2023-05-09 16:09:21.654,15717,15718,15718,1,1
2023-05-09 16:09:42.013,15717,15718,15718,2,2
2023-05-09 16:09:42.013,15717,15718,15718,1,1
2023-05-09 16:09:42.013,15717,15718,15718,1,1
2023-05-09 16:09:42.013,15717,15718,15718,1,1
2023-05-09 16:09:42.014,15717,15718,15718,1,1
2023-05-09 16:09:53.283,15717,15718,15717,1,-1
2023-05-09 16:09:54.064,15717,15718,15718,7,7
2023-05-09 16:09:54.693,15717,15718,15718,9,9
2023-05-09 16:09:54.694,15717,15718,15718,1,1
2023-05-09 16:09:55.365,15717,15718,15718,1,1
2023-05-09 16:09:56.713,15717,15718,15718,1,1
2023-05-09 16:09:57.890,15717,15718,15718,1,1
2023-05-09 16:09:58.962,15717,15718,15718,1,1
2023-05-09 16:10:02.010,15717,15718,15718,1,1
2023-05-09 16:10:02.716,15717,15718,15718,1,1
2023-05-09 16:10:03.509,15717,15718,15718,1,1
2023-05-09 16:10:03.909,15717,15718,15718,1,1
2023-05-09 16:10:05.170,15717,15718,15718,1,1
2023-05-09 16:10:06.768,15717,15718,15718,1,1
2023-05-09 16:10:07.173,15717,15718,15718,1,1
2023-05-09 16:10:07.465,15717,15718,15718,1,1
2023-05-09 16:10:07.754,15717,15718,15718,1,1
2023-05-09 16:10:07.991,15717,15718,15718,1,1
2023-05-09 16:10:08.228,15717,15718,15718,1,1
2023-05-09 16:10:08.438,15717,15718,15718,1,1
2023-05-09 16:10:08.715,15717,15718,15718,1,1
2023-05-09 16:10:17.722,15717,15718,15717,3,-3
2023-05-09 16:10:17.843,15717,15718,15717,2,-2
2023-05-09 16:10:17.844,15717,15718,15717,6,-6
2023-05-09 16:10:17.894,15717,15718,15717,1,-1
2023-05-09 16:10:20.665,15716,15717,15717,1,1
2023-05-09 16:10:23.972,15716,15717,15716,5,-5
2023-05-09 16:10:23.972,15716,15717,15716,12,-12
2023-05-09 16:10:23.972,15716,15717,15716,5,-5
2023-05-09 16:10:30.817,15715,15716,15715,1,-1
2023-05-09 16:10:32.512,15715,15716,15716,1,1
2023-05-09 16:10:32.521,15715,15716,15716,1,1
2023-05-09 16:10:33.521,15715,15716,15716,1,1
2023-05-09 16:10:34.156,15715,15716,15716,1,1
2023-05-09 16:10:36.485,15715,15716,15715,3,-3
2023-05-09 16:10:37.673,15715,15716,15716,1,1
2023-05-09 16:10:39.968,15715,15716,15716,1,1
2023-05-09 16:10:40.657,15715,15716,15716,1,1
2023-05-09 16:10:42.645,15716,15717,15716,1,-1
2023-05-09 16:11:00.350,15716,15717,15717,1,1
2023-05-09 16:11:01.171,15716,15717,15717,1,1
2023-05-09 16:11:01.412,15716,15717,15716,2,-2
2023-05-09 16:11:01.762,15716,15717,15717,1,1
2023-05-09 16:11:02.315,15716,15717,15717,1,1
2023-05-09 16:11:02.813,15716,15717,15717,1,1
2023-05-09 16:11:03.305,15716,15718,15718,1,1
2023-05-09 16:11:08.556,15716,15718,15716,1,-1
2023-05-09 16:11:09.937,15716,15717,15717,1,1
2023-05-09 16:11:13.346,15716,15717,15717,1,1
2023-05-09 16:11:14.012,15716,15717,15717,1,1
2023-05-09 16:11:14.600,15716,15718,15718,1,1
2023-05-09 16:11:24.608,15716,15717,15716,1,-1
2023-05-09 16:12:10.550,15716,15717,15717,1,1
2023-05-09 16:12:10.882,15716,15717,15716,1,-1
2023-05-09 16:12:48.680,15716,15717,15716,1,-1
2023-05-09 16:13:28.114,15716,15717,15716,1,-1
2023-05-09 16:13:59.843,15716,15717,15716,3,-3
2023-05-09 16:14:00.581,15716,15717,15716,3,-3
2023-05-09 16:14:01.407,15716,15717,15716,1,-1
2023-05-09 16:14:06.476,15716,15717,15716,3,-3
2023-05-09 16:14:15.970,15716,15717,15716,1,-1
2023-05-09 16:14:22.459,15716,15717,15716,1,-1
2023-05-09 16:14:24.255,15716,15717,15717,1,1
2023-05-09 16:14:27.757,15716,15717,15716,1,-1
2023-05-09 16:14:29.781,15716,15717,15716,1,-1
2023-05-09 16:14:29.781,15716,15717,15716,1,-1
2023-05-09 16:14:29.781,15716,15717,15716,1,-1
2023-05-09 16:14:29.781,15716,15717,15716,2,-2
2023-05-09 16:14:29.781,15716,15717,15716,1,-1
2023-05-09 16:14:29.838,15715,15716,15715,3,-3
2023-05-09 16:14:30.050,15715,15716,15715,9,-9
2023-05-09 16:14:30.051,15715,15716,15715,13,-13
2023-05-09 16:14:31.297,15714,15715,15715,1,1
2023-05-09 16:14:31.297,15714,15715,15715,2,2
2023-05-09 16:14:31.298,15714,15715,15715,1,1
2023-05-09 16:14:37.962,15715,15716,15715,1,-1
2023-05-09 16:14:41.334,15715,15716,15715,1,-1
2023-05-09 16:14:57.198,15714,15715,15714,3,-3
2023-05-09 16:14:57.525,15714,15715,15715,1,1
2023-05-09 16:15:04.236,15714,15715,15715,4,4
2023-05-09 16:15:04.236,15714,15715,15716,4,4
2023-05-09 16:15:04.649,15714,15716,15716,2,2
2023-05-09 16:15:14.156,15714,15715,15715,1,1
2023-05-09 16:15:19.807,15714,15715,15714,1,-1
2023-05-09 16:15:26.062,15714,15715,15715,5,5
2023-05-09 16:15:26.063,15714,15715,15715,2,2
2023-05-09 16:15:41.940,15714,15715,15714,2,-2
2023-05-09 16:15:41.940,15714,15715,15714,1,-1
2023-05-09 16:15:41.940,15714,15715,15714,2,-2
2023-05-09 16:15:41.940,15714,15715,15714,1,-1
2023-05-09 16:15:41.940,15714,15715,15714,2,-2
2023-05-09 16:16:05.662,15714,15715,15714,5,-5
2023-05-09 16:16:06.346,15714,15715,15714,1,-1
2023-05-09 16:16:28.714,15714,15715,15714,4,-4
2023-05-09 16:16:28.715,15714,15715,15714,6,-6
2023-05-09 16:16:28.896,15713,15715,15713,3,-3
2023-05-09 16:16:29.212,15713,15715,15713,1,-1
2023-05-09 16:16:29.268,15713,15715,15713,3,-3
2023-05-09 16:16:29.358,15713,15714,15713,1,-1
2023-05-09 16:16:29.546,15713,15714,15713,1,-1
2023-05-09 16:16:29.547,15713,15714,15713,2,-2
2023-05-09 16:16:29.552,15713,15714,15713,1,-1
2023-05-09 16:16:34.981,15713,15714,15714,2,2
2023-05-09 16:16:35.908,15713,15714,15714,2,2
2023-05-09 16:16:35.908,15713,15714,15714,2,2
2023-05-09 16:16:36.465,15714,15715,15714,1,-1
2023-05-09 16:16:40.010,15714,15715,15714,1,-1
2023-05-09 16:16:42.765,15714,15715,15715,1,1
2023-05-09 16:16:44.774,15714,15715,15715,1,1
2023-05-09 16:17:01.528,15714,15715,15715,2,2
2023-05-09 16:17:01.895,15714,15715,15715,1,1
2023-05-09 16:17:08.434,15714,15715,15715,5,5
2023-05-09 16:17:34.888,15714,15715,15714,14,-14
2023-05-09 16:18:02.293,15714,15715,15714,2,-2
2023-05-09 16:18:20.282,15714,15715,15714,5,-5
2023-05-09 16:18:24.686,15714,15715,15714,1,-1
2023-05-09 16:18:25.938,15714,15715,15714,2,-2
2023-05-09 16:18:25.939,15714,15715,15714,13,-13
2023-05-09 16:18:33.546,15713,15714,15714,10,10
2023-05-09 16:18:44.647,15713,15714,15714,2,2
2023-05-09 16:18:53.072,15713,15714,15713,1,-1
2023-05-09 16:18:53.527,15713,15714,15713,2,-2
2023-05-09 16:18:54.246,15713,15714,15714,4,4
2023-05-09 16:19:01.471,15713,15714,15713,1,-1
2023-05-09 16:19:01.821,15713,15714,15713,1,-1
2023-05-09 16:19:02.465,15713,15714,15713,1,-1
2023-05-09 16:19:02.553,15713,15714,15713,1,-1
2023-05-09 16:19:02.763,15713,15714,15714,1,1
2023-05-09 16:19:02.763,15713,15714,15714,1,1
2023-05-09 16:19:02.763,15713,15714,15714,1,1
2023-05-09 16:19:02.763,15713,15714,15714,1,1
2023-05-09 16:19:02.764,15713,15714,15714,2,2
2023-05-09 16:19:02.764,15713,15714,15714,2,2
2023-05-09 16:19:02.764,15713,15714,15714,1,1
2023-05-09 16:19:03.193,15714,15715,15714,1,-1
2023-05-09 16:19:03.323,15714,15715,15714,1,-1
2023-05-09 16:19:05.650,15713,15714,15713,1,-1
2023-05-09 16:19:06.071,15713,15714,15713,1,-1
2023-05-09 16:19:06.553,15713,15714,15713,1,-1
2023-05-09 16:19:07.343,15713,15714,15713,1,-1
2023-05-09 16:19:07.880,15713,15714,15713,1,-1
2023-05-09 16:19:08.329,15713,15714,15713,1,-1
2023-05-09 16:19:09.031,15713,15714,15713,1,-1
2023-05-09 16:19:09.046,15713,15714,15713,1,-1
2023-05-09 16:19:09.211,15713,15714,15713,1,-1
2023-05-09 16:19:09.523,15713,15714,15713,1,-1
2023-05-09 16:19:09.822,15713,15714,15713,1,-1
2023-05-09 16:19:10.111,15713,15714,15713,1,-1
2023-05-09 16:19:10.323,15713,15714,15713,1,-1
2023-05-09 16:19:10.530,15713,15714,15713,1,-1
2023-05-09 16:19:10.757,15713,15714,15713,1,-1
2023-05-09 16:19:11.026,15713,15714,15713,1,-1
2023-05-09 16:19:11.243,15713,15714,15713,1,-1
2023-05-09 16:19:11.430,15713,15714,15713,1,-1
2023-05-09 16:19:11.653,15713,15714,15713,1,-1
2023-05-09 16:19:11.750,15713,15714,15714,1,1
2023-05-09 16:19:12.006,15713,15714,15713,2,-2
2023-05-09 16:19:13.301,15713,15714,15713,1,-1
2023-05-09 16:19:13.728,15713,15714,15713,1,-1
2023-05-09 16:19:15.763,15713,15714,15713,2,-2
2023-05-09 16:19:16.395,15713,15714,15713,1,-1
2023-05-09 16:19:17.541,15713,15714,15713,1,-1
2023-05-09 16:19:17.781,15713,15714,15713,1,-1
2023-05-09 16:19:17.981,15713,15714,15713,1,-1
2023-05-09 16:19:18.187,15713,15714,15713,1,-1
2023-05-09 16:19:18.380,15713,15714,15713,1,-1
2023-05-09 16:19:18.687,15713,15714,15713,1,-1
2023-05-09 16:19:19.245,15713,15714,15713,1,-1
2023-05-09 16:19:20.265,15713,15714,15713,1,-1
2023-05-09 16:19:20.626,15713,15714,15713,1,-1
2023-05-09 16:19:20.895,15713,15714,15713,1,-1
2023-05-09 16:19:21.126,15713,15714,15713,1,-1
2023-05-09 16:19:21.330,15713,15714,15713,1,-1
2023-05-09 16:19:21.515,15713,15714,15713,1,-1
2023-05-09 16:19:21.515,15713,15714,15713,3,-3
2023-05-09 16:19:21.719,15712,15714,15712,1,-1
2023-05-09 16:19:21.844,15713,15714,15713,1,-1
2023-05-09 16:19:21.852,15713,15714,15713,1,-1
2023-05-09 16:19:21.863,15713,15714,15713,5,-5
2023-05-09 16:19:21.863,15713,15714,15712,1,-1
2023-05-09 16:19:21.928,15713,15714,15712,1,-1
2023-05-09 16:19:22.152,15712,15714,15712,1,-1
2023-05-09 16:19:25.945,15713,15714,15713,7,-7
2023-05-09 16:19:29.118,15712,15713,15712,1,-1
2023-05-09 16:19:30.593,15712,15713,15712,1,-1
2023-05-09 16:19:32.869,15712,15713,15712,1,-1
2023-05-09 16:19:33.265,15712,15713,15713,1,1
2023-05-09 16:19:33.307,15712,15713,15713,1,1
2023-05-09 16:19:33.307,15712,15713,15713,1,1
2023-05-09 16:19:33.307,15712,15713,15713,1,1
2023-05-09 16:19:33.917,15712,15714,15712,1,-1
2023-05-09 16:19:35.469,15712,15714,15714,2,2
2023-05-09 16:19:40.123,15713,15714,15713,10,-10
2023-05-09 16:19:47.205,15712,15713,15712,2,-2
2023-05-09 16:19:55.187,15712,15713,15712,1,-1
2023-05-09 16:19:55.427,15712,15713,15712,1,-1
2023-05-09 16:19:59.103,15712,15713,15712,1,-1
2023-05-09 16:20:01.545,15712,15713,15712,1,-1
2023-05-09 16:20:01.732,15712,15713,15712,2,-2
2023-05-09 16:20:01.732,15712,15713,15712,1,-1
2023-05-09 16:20:01.732,15712,15713,15712,1,-1
2023-05-09 16:20:09.831,15712,15713,15713,1,1
2023-05-09 16:20:10.787,15712,15713,15712,1,-1
2023-05-09 16:20:34.149,15712,15713,15712,5,-5
2023-05-09 16:20:42.718,15712,15713,15713,1,1
2023-05-09 16:20:43.075,15712,15713,15712,2,-2
2023-05-09 16:20:47.721,15712,15713,15713,1,1
2023-05-09 16:20:52.079,15712,15713,15713,1,1
2023-05-09 16:20:54.906,15712,15713,15713,1,1
2023-05-09 16:20:55.491,15712,15713,15713,1,1
2023-05-09 16:20:56.849,15712,15713,15713,2,2
2023-05-09 16:21:08.218,15712,15713,15713,1,1
2023-05-09 16:21:08.408,15712,15713,15712,1,-1
2023-05-09 16:21:08.872,15712,15713,15713,2,2
2023-05-09 16:21:10.842,15712,15713,15713,1,1
2023-05-09 16:21:10.842,15712,15713,15713,5,5
2023-05-09 16:21:10.842,15712,15713,15713,1,1
2023-05-09 16:21:15.778,15713,15714,15713,5,-5
2023-05-09 16:21:16.017,15713,15714,15713,2,-2
2023-05-09 16:21:18.002,15713,15714,15713,6,-6
2023-05-09 16:21:18.002,15713,15714,15712,6,-6
2023-05-09 16:21:18.028,15713,15714,15713,2,-2
2023-05-09 16:21:51.679,15712,15713,15713,1,1
2023-05-09 16:21:52.725,15712,15713,15713,1,1
2023-05-09 16:21:59.815,15712,15714,15712,1,-1
2023-05-09 16:22:02.501,15713,15714,15714,1,1
2023-05-09 16:22:04.886,15713,15714,15713,1,-1
2023-05-09 16:22:09.690,15713,15714,15713,1,-1
2023-05-09 16:22:12.778,15712,15714,15712,3,-3
2023-05-09 16:22:25.804,15713,15714,15713,1,-1
2023-05-09 16:22:32.303,15713,15714,15713,1,-1
2023-05-09 16:22:32.303,15713,15714,15712,3,-3
2023-05-09 16:22:40.258,15712,15713,15712,1,-1
2023-05-09 16:22:40.535,15712,15713,15713,1,1
2023-05-09 16:22:52.033,15712,15713,15713,5,5
2023-05-09 16:22:52.033,15712,15713,15714,1,1
2023-05-09 16:23:01.121,15713,15714,15713,2,-2
2023-05-09 16:23:21.625,15712,15713,15713,1,1
2023-05-09 16:23:21.625,15712,15713,15713,1,1
2023-05-09 16:23:27.437,15712,15713,15713,1,1
2023-05-09 16:23:27.807,15712,15713,15713,1,1
2023-05-09 16:23:28.624,15712,15713,15713,1,1
2023-05-09 16:23:29.667,15712,15713,15713,2,2
2023-05-09 16:23:35.550,15712,15713,15713,1,1
2023-05-09 16:23:37.606,15712,15713,15713,2,2
2023-05-09 16:23:48.132,15713,15714,15713,1,-1
2023-05-09 16:23:56.336,15712,15713,15713,2,2
2023-05-09 16:24:10.423,15712,15713,15712,1,-1
2023-05-09 16:24:16.725,15712,15713,15712,1,-1
2023-05-09 16:24:19.440,15712,15713,15713,2,2
2023-05-09 16:24:37.856,15712,15713,15712,1,-1
2023-05-09 16:24:37.929,15712,15713,15712,1,-1
2023-05-09 16:24:48.066,15712,15713,15713,1,1
2023-05-09 16:24:52.736,15712,15713,15712,1,-1
2023-05-09 16:24:52.894,15712,15713,15712,1,-1
2023-05-09 16:24:53.054,15712,15713,15712,1,-1
2023-05-09 16:24:59.456,15712,15713,15712,1,-1
2023-05-09 16:25:03.342,15712,15713,15712,2,-2
2023-05-09 16:25:06.553,15712,15713,15712,2,-2
2023-05-09 16:25:06.718,15712,15713,15712,4,-4
2023-05-09 16:25:11.835,15712,15713,15712,1,-1
2023-05-09 16:25:16.125,15712,15713,15712,6,-6
2023-05-09 16:25:16.394,15712,15713,15712,7,-7
2023-05-09 16:25:17.214,15712,15713,15712,2,-2
2023-05-09 16:25:18.206,15712,15713,15712,1,-1
2023-05-09 16:25:18.917,15712,15713,15712,1,-1
2023-05-09 16:25:18.918,15712,15713,15712,3,-3
2023-05-09 16:25:22.243,15711,15713,15713,1,1
2023-05-09 16:25:22.551,15711,15713,15712,1,1
2023-05-09 16:25:22.551,15711,15713,15711,1,-1
2023-05-09 16:25:22.595,15711,15713,15711,5,-5
2023-05-09 16:25:22.602,15711,15713,15711,1,-1
2023-05-09 16:25:22.839,15711,15713,15711,1,-1
2023-05-09 16:25:22.844,15711,15713,15711,1,-1
2023-05-09 16:25:23.264,15711,15713,15713,1,1
2023-05-09 16:25:23.951,15712,15713,15713,1,1
2023-05-09 16:25:24.549,15712,15713,15712,1,-1
2023-05-09 16:25:24.609,15712,15713,15713,1,1
2023-05-09 16:25:25.405,15712,15713,15713,1,1
2023-05-09 16:25:25.954,15712,15713,15713,1,1
2023-05-09 16:25:26.483,15712,15713,15713,1,1
2023-05-09 16:25:27.030,15712,15713,15713,1,1
2023-05-09 16:25:27.527,15712,15713,15713,1,1
2023-05-09 16:25:30.602,15712,15714,15712,2,-2
2023-05-09 16:25:32.982,15712,15714,15714,1,1
2023-05-09 16:25:39.867,15713,15714,15714,1,1
2023-05-09 16:25:46.049,15713,15714,15714,1,1
2023-05-09 16:25:49.296,15713,15714,15713,1,-1
2023-05-09 16:25:49.296,15713,15714,15712,4,-4
2023-05-09 16:25:54.603,15713,15714,15713,1,-1
2023-05-09 16:25:54.719,15713,15714,15714,2,2
2023-05-09 16:25:55.877,15713,15714,15713,1,-1
2023-05-09 16:26:07.486,15713,15714,15713,1,-1
2023-05-09 16:26:07.486,15713,15714,15712,2,-2
2023-05-09 16:26:27.052,15712,15713,15713,1,1
2023-05-09 16:26:42.824,15712,15713,15712,2,-2
2023-05-09 16:26:42.828,15712,15713,15712,10,-10
2023-05-09 16:26:55.133,15711,15712,15711,1,-1
2023-05-09 16:27:01.761,15711,15712,15711,1,-1
2023-05-09 16:27:13.287,15711,15712,15711,1,-1
2023-05-09 16:27:14.501,15711,15712,15711,2,-2
2023-05-09 16:27:26.834,15711,15712,15711,8,-8
2023-05-09 16:27:26.834,15711,15712,15711,1,-1
2023-05-09 16:27:27.576,15711,15712,15711,1,-1
2023-05-09 16:27:27.673,15711,15712,15711,3,-3
2023-05-09 16:27:29.324,15711,15712,15711,1,-1
2023-05-09 16:27:35.161,15710,15711,15711,2,2
2023-05-09 16:27:37.760,15710,15711,15711,1,1
2023-05-09 16:27:38.116,15710,15711,15711,10,10
2023-05-09 16:27:38.353,15710,15711,15710,5,-5
2023-05-09 16:27:38.512,15710,15711,15710,1,-1
2023-05-09 16:27:38.566,15710,15711,15710,4,-4
2023-05-09 16:27:43.507,15710,15711,15710,1,-1
2023-05-09 16:27:44.248,15710,15711,15710,1,-1
2023-05-09 16:27:44.253,15710,15711,15710,1,-1
2023-05-09 16:27:44.253,15710,15711,15710,11,-11
2023-05-09 16:27:44.254,15710,15711,15710,1,-1
2023-05-09 16:27:44.254,15710,15711,15710,3,-3
2023-05-09 16:27:44.254,15710,15711,15710,1,-1
2023-05-09 16:27:44.254,15710,15711,15710,3,-3
2023-05-09 16:27:44.254,15710,15711,15710,1,-1
2023-05-09 16:27:44.254,15710,15711,15710,3,-3
2023-05-09 16:27:44.254,15710,15711,15710,1,-1
2023-05-09 16:27:44.525,15710,15711,15710,6,-6
2023-05-09 16:27:48.721,15709,15710,15709,3,-3
2023-05-09 16:27:49.159,15709,15710,15710,2,2
2023-05-09 16:27:50.224,15709,15710,15709,1,-1
2023-05-09 16:27:51.107,15709,15710,15710,5,5
2023-05-09 16:27:53.443,15709,15710,15709,1,-1
2023-05-09 16:27:54.914,15709,15710,15710,2,2
2023-05-09 16:27:56.970,15710,15711,15710,1,-1
2023-05-09 16:27:59.511,15710,15711,15710,1,-1
2023-05-09 16:28:00.711,15710,15711,15710,2,-2
2023-05-09 16:28:02.883,15710,15711,15710,1,-1
2023-05-09 16:28:09.837,15710,15711,15710,1,-1
2023-05-09 16:28:10.040,15710,15711,15710,1,-1
2023-05-09 16:28:10.204,15710,15711,15710,1,-1
2023-05-09 16:28:10.627,15710,15711,15710,2,-2
2023-05-09 16:28:10.739,15710,15711,15710,2,-2
2023-05-09 16:28:15.587,15710,15711,15710,1,-1
2023-05-09 16:28:19.718,15710,15711,15710,1,-1
2023-05-09 16:28:20.117,15710,15711,15710,17,-17
2023-05-09 16:28:20.438,15710,15711,15711,1,1
2023-05-09 16:28:21.547,15710,15711,15710,1,-1
2023-05-09 16:28:21.548,15710,15711,15710,1,-1
2023-05-09 16:28:42.535,15709,15710,15710,1,1
2023-05-09 16:28:44.857,15709,15710,15710,1,1
2023-05-09 16:28:46.499,15709,15710,15709,3,-3
2023-05-09 16:28:52.465,15709,15710,15710,1,1
2023-05-09 16:28:54.054,15709,15710,15709,1,-1
2023-05-09 16:28:57.672,15709,15710,15709,1,-1
2023-05-09 16:28:59.603,15709,15710,15709,1,-1
2023-05-09 16:29:00.799,15709,15710,15710,1,1
2023-05-09 16:29:05.871,15709,15710,15710,2,2
2023-05-09 16:29:10.886,15709,15710,15709,1,-1
2023-05-09 16:29:15.864,15709,15710,15709,1,-1
2023-05-09 16:29:19.366,15709,15710,15709,1,-1
2023-05-09 16:29:28.323,15709,15710,15709,4,-4
2023-05-09 16:29:29.222,15709,15710,15710,24,24
2023-05-09 16:29:29.487,15710,15711,15710,4,-4
2023-05-09 16:29:29.487,15710,15711,15710,4,-4
2023-05-09 16:29:29.691,15709,15711,15709,2,-2
2023-05-09 16:29:34.579,15709,15710,15710,1,1
2023-05-09 16:29:47.583,15710,15711,15710,5,-5
2023-05-09 16:29:47.751,15710,15711,15709,2,-2
2023-05-09 16:29:49.814,15710,15711,15710,1,-1
2023-05-09 16:29:51.735,15709,15710,15710,1,1
2023-05-09 16:29:53.526,15709,15710,15710,1,1
2023-05-09 16:29:58.500,15709,15710,15709,1,-1
2023-05-09 16:29:58.526,15709,15710,15710,2,2
2023-05-09 16:30:00.306,15709,15710,15709,2,-2
2023-05-09 16:30:00.307,15709,15710,15709,26,-26
2023-05-09 16:30:00.805,15708,15709,15709,1,1
2023-05-09 16:30:00.824,15708,15709,15709,1,1
2023-05-09 16:30:00.850,15708,15709,15709,4,4
2023-05-09 16:30:00.853,15708,15709,15709,1,1
2023-05-09 16:30:00.924,15708,15709,15709,1,1
2023-05-09 16:30:00.978,15708,15709,15709,1,1
2023-05-09 16:30:01.040,15708,15709,15709,1,1
2023-05-09 16:30:01.105,15708,15710,15710,1,1
2023-05-09 16:30:01.174,15708,15710,15710,1,1
2023-05-09 16:30:01.231,15708,15710,15710,1,1
2023-05-09 16:30:01.293,15708,15710,15710,1,1
2023-05-09 16:30:01.355,15708,15710,15710,1,1
2023-05-09 16:30:01.420,15708,15710,15710,1,1
2023-05-09 16:30:01.480,15708,15710,15710,1,1
2023-05-09 16:30:01.707,15708,15710,15708,2,-2
2023-05-09 16:30:01.724,15708,15710,15708,1,-1
2023-05-09 16:30:01.830,15708,15710,15708,1,-1
2023-05-09 16:30:01.831,15708,15710,15708,1,-1
2023-05-09 16:30:01.834,15708,15710,15708,1,-1
2023-05-09 16:30:04.071,15708,15709,15709,1,1
2023-05-09 16:30:04.338,15709,15710,15709,1,-1
2023-05-09 16:30:09.756,15708,15709,15708,1,-1
2023-05-09 16:30:14.782,15708,15709,15708,1,-1
2023-05-09 16:30:15.332,15708,15709,15709,4,4
2023-05-09 16:30:16.789,15708,15709,15709,1,1
2023-05-09 16:30:20.759,15708,15709,15709,5,5
2023-05-09 16:30:23.689,15708,15709,15709,1,1
2023-05-09 16:30:23.689,15708,15709,15709,1,1
2023-05-09 16:30:23.957,15709,15710,15709,1,-1
2023-05-09 16:30:24.220,15709,15710,15709,1,-1
2023-05-09 16:30:24.221,15709,15710,15709,4,-4
2023-05-09 16:30:28.035,15709,15710,15709,1,-1
2023-05-09 16:30:42.382,15709,15710,15709,1,-1
2023-05-09 16:30:50.588,15709,15710,15709,4,-4
2023-05-09 16:30:57.433,15709,15710,15709,1,-1
2023-05-09 16:31:20.815,15709,15710,15709,6,-6
2023-05-09 16:31:27.444,15709,15710,15710,4,4
2023-05-09 16:31:30.665,15709,15710,15710,4,4
2023-05-09 16:31:36.237,15709,15710,15710,1,1
2023-05-09 16:31:41.615,15709,15710,15709,2,-2
2023-05-09 16:31:55.515,15709,15710,15709,1,-1
2023-05-09 16:31:55.515,15709,15710,15709,1,-1
2023-05-09 16:31:55.515,15709,15710,15709,1,-1
2023-05-09 16:31:55.515,15709,15710,15709,2,-2
2023-05-09 16:31:55.515,15709,15710,15709,5,-5
2023-05-09 16:31:55.516,15709,15710,15709,3,-3
2023-05-09 16:31:55.516,15709,15710,15709,1,-1
2023-05-09 16:31:55.516,15709,15710,15709,1,-1
2023-05-09 16:31:55.516,15709,15710,15709,1,-1
2023-05-09 16:31:55.516,15709,15710,15709,3,-3
2023-05-09 16:31:55.517,15709,15710,15709,2,-2
2023-05-09 16:31:56.178,15708,15709,15708,1,-1
2023-05-09 16:31:57.941,15708,15709,15708,3,-3
2023-05-09 16:31:58.446,15708,15709,15708,3,-3
2023-05-09 16:32:02.905,15708,15709,15708,1,-1
2023-05-09 16:32:03.202,15708,15709,15708,1,-1
2023-05-09 16:32:03.238,15708,15709,15708,35,-35
2023-05-09 16:32:03.239,15708,15709,15708,1,-1
2023-05-09 16:32:03.239,15708,15709,15708,4,-4
2023-05-09 16:32:03.239,15708,15709,15708,2,-2
2023-05-09 16:32:03.239,15708,15709,15708,1,-1
2023-05-09 16:32:03.239,15708,15709,15708,1,-1
2023-05-09 16:32:03.239,15708,15709,15708,1,-1
2023-05-09 16:32:03.239,15708,15709,15708,1,-1
2023-05-09 16:32:03.239,15708,15709,15708,2,-2
2023-05-09 16:32:03.239,15708,15709,15708,59,-59
2023-05-09 16:32:03.239,15708,15709,15708,1,-1
2023-05-09 16:32:03.240,15708,15709,15708,12,-12
2023-05-09 16:32:03.240,15708,15709,15708,43,-43
2023-05-09 16:32:03.240,15708,15709,15708,1,-1
2023-05-09 16:32:03.240,15708,15709,15708,1,-1
2023-05-09 16:32:03.378,15708,15709,15708,1,-1
2023-05-09 16:32:03.378,15708,15709,15708,8,-8
2023-05-09 16:32:03.379,15708,15709,15708,1,-1
2023-05-09 16:32:03.508,15708,15709,15708,2,-2
2023-05-09 16:32:03.509,15708,15709,15708,15,-15
2023-05-09 16:32:03.525,15708,15709,15708,1,-1
2023-05-09 16:32:03.528,15708,15709,15708,1,-1
2023-05-09 16:32:03.580,15708,15709,15708,2,-2
2023-05-09 16:32:03.736,15708,15709,15708,2,-2
2023-05-09 16:32:03.781,15708,15709,15708,2,-2
2023-05-09 16:32:03.981,15708,15709,15708,2,-2
2023-05-09 16:32:04.515,15708,15709,15708,1,-1
2023-05-09 16:32:04.547,15708,15709,15709,1,1
2023-05-09 16:32:04.940,15708,15709,15708,1,-1
2023-05-09 16:32:07.145,15708,15709,15708,1,-1
2023-05-09 16:32:07.817,15708,15709,15708,7,-7
2023-05-09 16:32:10.940,15708,15709,15708,1,-1
2023-05-09 16:32:11.055,15708,15709,15708,1,-1
2023-05-09 16:32:11.502,15708,15709,15708,2,-2
2023-05-09 16:32:11.660,15707,15709,15707,5,-5
2023-05-09 16:32:16.808,15707,15708,15707,3,-3
2023-05-09 16:32:17.658,15707,15708,15707,1,-1
2023-05-09 16:32:18.249,15707,15708,15707,1,-1
2023-05-09 16:32:20.044,15707,15708,15707,1,-1
2023-05-09 16:32:20.199,15707,15708,15707,3,-3
2023-05-09 16:32:21.026,15707,15708,15707,1,-1
2023-05-09 16:32:22.375,15707,15708,15707,1,-1
2023-05-09 16:32:22.953,15707,15708,15708,2,2
2023-05-09 16:32:24.732,15707,15708,15707,3,-3
2023-05-09 16:32:30.984,15707,15708,15708,1,1
2023-05-09 16:32:34.663,15707,15708,15708,1,1
2023-05-09 16:32:34.789,15707,15708,15708,2,2
2023-05-09 16:32:38.829,15708,15709,15708,8,-8
2023-05-09 16:32:39.291,15708,15709,15708,2,-2
2023-05-09 16:32:55.500,15707,15708,15708,1,1
2023-05-09 16:32:55.500,15707,15708,15708,1,1
2023-05-09 16:32:55.768,15708,15709,15708,5,-5
2023-05-09 16:32:55.768,15708,15709,15708,2,-2
2023-05-09 16:32:58.177,15708,15709,15709,3,3
2023-05-09 16:33:14.250,15709,15710,15709,2,-2
2023-05-09 16:33:14.860,15709,15710,15709,2,-2
2023-05-09 16:33:19.014,15709,15710,15710,1,1
2023-05-09 16:33:19.014,15709,15710,15710,8,8
2023-05-09 16:33:25.781,15709,15710,15710,3,3
2023-05-09 16:33:28.755,15710,15711,15711,10,10
