2022-12-21 15:00:00,14168,14168,14168,148,0
2022-12-21 15:00:00,14170,14170,14170,2,2
2022-12-21 15:00:00,14168,14168,14168,2,-2
2022-12-21 15:00:00,14167,14167,14167,2,-2
2022-12-21 15:00:00,14167,14167,14167,2,0
2022-12-21 15:00:00,14167,14167,14167,2,0
2022-12-21 15:00:00,14167,14167,14167,2,0
2022-12-21 15:00:00,14166,14166,14166,2,-2
2022-12-21 15:00:00,14166,14166,14166,2,0
2022-12-21 15:00:00,14166,14166,14166,2,0
2022-12-21 15:00:00,14166,14166,14166,2,0
2022-12-21 15:00:00,14166,14166,14166,2,0
2022-12-21 15:00:00,14165,14165,14165,2,-2
2022-12-21 15:00:00,14165,14165,14165,2,0
2022-12-21 15:00:00,14165,14165,14165,2,0
2022-12-21 15:00:00,14165,14165,14165,2,0
2022-12-21 15:00:00,14165,14165,14165,2,0
2022-12-21 15:00:00,14165,14165,14165,2,0
2022-12-21 15:00:00,14163,14163,14163,2,-2
2022-12-21 15:00:00,14163,14163,14163,2,0
2022-12-21 15:00:00,14163,14163,14163,2,0
2022-12-21 15:00:00,14161,14161,14161,2,-2
2022-12-21 15:00:00,14164,14164,14164,4,4
2022-12-21 15:00:00,14164,14164,14164,2,0
2022-12-21 15:00:00,14163,14163,14163,2,-2
2022-12-21 15:00:00,14163,14163,14163,2,0
2022-12-21 15:00:00,14165,14165,14165,4,4
2022-12-21 15:00:00,14164,14164,14164,2,-2
2022-12-21 15:00:00,14165,14165,14165,2,2
2022-12-21 15:00:00,14165,14165,14165,2,0
2022-12-21 15:00:00,14163,14163,14163,2,-2
2022-12-21 15:00:00,14162,14162,14162,2,-2
2022-12-21 15:00:00,14162,14162,14162,2,0
2022-12-21 15:00:00,14162,14162,14162,2,0
2022-12-21 15:00:00,14162,14162,14162,2,0
2022-12-21 15:00:00,14162,14162,14162,2,0
2022-12-21 15:00:00,14162,14162,14162,2,0
2022-12-21 15:00:00,14162,14162,14162,2,0
2022-12-21 15:00:00,14161,14161,14161,2,-2
2022-12-21 15:00:00,14161,14161,14161,6,0
2022-12-21 15:00:00,14161,14161,14161,2,0
2022-12-21 15:00:00,14163,14163,14163,2,2
2022-12-21 15:00:00,14164,14164,14164,2,2
2022-12-21 15:00:00,14164,14164,14164,2,0
2022-12-21 15:00:00,14165,14165,14165,2,2
2022-12-21 15:00:00,14163,14163,14163,2,-2
2022-12-21 15:00:00,14163,14163,14163,2,0
2022-12-21 15:00:00,14162,14162,14162,2,-2
2022-12-21 15:00:00,14162,14162,14162,2,0
2022-12-21 15:00:00,14162,14162,14162,2,0
2022-12-21 15:00:00,14163,14163,14163,2,2
2022-12-21 15:00:00,14164,14164,14164,2,2
2022-12-21 15:00:00,14165,14165,14165,4,4
2022-12-21 15:00:00,14166,14166,14166,4,4
2022-12-21 15:00:00,14167,14167,14167,4,4
2022-12-21 15:00:00,14167,14167,14167,2,0
2022-12-21 15:00:00,14168,14168,14168,2,2
2022-12-21 15:00:00,14166,14166,14166,2,-2
2022-12-21 15:00:00,14165,14165,14165,2,-2
2022-12-21 15:00:00,14164,14164,14164,2,-2
2022-12-21 15:00:00,14166,14166,14166,2,2
2022-12-21 15:00:00,14166,14166,14166,2,0
2022-12-21 15:00:00,14167,14167,14167,2,2
2022-12-21 15:00:00,14166,14166,14166,2,-2
2022-12-21 15:00:00,14165,14165,14165,2,-2
2022-12-21 15:00:00,14165,14165,14165,2,0
2022-12-21 15:00:00,14167,14167,14167,2,2
2022-12-21 15:00:00,14168,14168,14168,2,2
2022-12-21 15:00:00,14165,14165,14165,2,-2
2022-12-21 15:00:00,14164,14164,14164,2,-2
2022-12-21 15:00:00,14164,14164,14164,2,0
2022-12-21 15:00:00,14164,14164,14164,2,0
2022-12-21 15:00:00,14163,14163,14163,2,-2
2022-12-21 15:00:00,14163,14163,14163,2,0
2022-12-21 15:00:00,14163,14163,14163,2,0
2022-12-21 15:00:00,14165,14165,14165,2,2
2022-12-21 15:00:00,14163,14163,14163,2,-2
2022-12-21 15:00:00,14165,14165,14165,2,2
2022-12-21 15:00:00,14165,14165,14165,2,0
2022-12-21 15:00:00,14165,14165,14165,2,0
2022-12-21 15:00:00,14166,14166,14166,2,2
2022-12-21 15:00:00,14167,14167,14167,2,2
2022-12-21 15:00:00,14168,14168,14168,2,2
2022-12-21 15:00:00,14169,14169,14169,2,2
2022-12-21 15:00:01,14166,14166,14166,2,-2
2022-12-21 15:00:01,14165,14165,14165,2,-2
2022-12-21 15:00:01,14165,14165,14165,2,0
2022-12-21 15:00:01,14167,14167,14167,4,4
2022-12-21 15:00:01,14164,14164,14164,2,-2
2022-12-21 15:00:01,14164,14164,14164,2,0
2022-12-21 15:00:01,14163,14163,14163,2,-2
2022-12-21 15:00:01,14166,14166,14166,2,2
2022-12-21 15:00:01,14167,14167,14167,2,2
2022-12-21 15:00:01,14167,14167,14167,4,0
2022-12-21 15:00:01,14168,14168,14168,2,2
2022-12-21 15:00:01,14169,14169,14169,2,2
2022-12-21 15:00:01,14169,14169,14169,2,0
2022-12-21 15:00:01,14169,14169,14169,2,0
2022-12-21 15:00:01,14166,14166,14166,2,-2
2022-12-21 15:00:01,14168,14168,14168,4,4
2022-12-21 15:00:01,14166,14166,14166,2,-2
2022-12-21 15:00:01,14165,14165,14165,2,-2
2022-12-21 15:00:01,14165,14165,14165,2,0
2022-12-21 15:00:01,14164,14164,14164,2,-2
2022-12-21 15:00:01,14166,14166,14166,2,2
2022-12-21 15:00:01,14166,14166,14166,2,0
2022-12-21 15:00:01,14167,14167,14167,2,2
2022-12-21 15:00:01,14167,14167,14167,2,0
2022-12-21 15:00:01,14166,14166,14166,2,-2
2022-12-21 15:00:01,14165,14165,14165,2,-2
2022-12-21 15:00:02,14165,14165,14165,2,0
2022-12-21 15:00:02,14165,14165,14165,2,0
2022-12-21 15:00:02,14166,14166,14166,2,2
2022-12-21 15:00:02,14165,14165,14165,4,-4
2022-12-21 15:00:02,14165,14165,14165,2,0
2022-12-21 15:00:03,14164,14164,14164,4,-4
2022-12-21 15:00:03,14163,14163,14163,2,-2
2022-12-21 15:00:03,14163,14163,14163,2,0
2022-12-21 15:00:04,14163,14163,14163,4,0
2022-12-21 15:00:04,14164,14164,14164,2,2
2022-12-21 15:00:04,14161,14161,14161,2,-2
2022-12-21 15:00:04,14161,14161,14161,2,0
2022-12-21 15:00:04,14161,14161,14161,2,0
2022-12-21 15:00:04,14160,14160,14160,6,-6
2022-12-21 15:00:04,14160,14160,14160,2,0
2022-12-21 15:00:04,14160,14160,14160,2,0
2022-12-21 15:00:04,14160,14160,14160,2,0
2022-12-21 15:00:04,14160,14160,14160,2,0
2022-12-21 15:00:04,14160,14160,14160,2,0
2022-12-21 15:00:04,14161,14161,14161,2,2
2022-12-21 15:00:04,14162,14162,14162,2,2
2022-12-21 15:00:05,14160,14160,14160,2,-2
2022-12-21 15:00:05,14159,14159,14159,2,-2
2022-12-21 15:00:06,14158,14158,14158,2,-2
2022-12-21 15:00:06,14158,14158,14158,4,0
2022-12-21 15:00:06,14159,14159,14159,2,2
2022-12-21 15:00:06,14158,14158,14158,2,-2
2022-12-21 15:00:06,14159,14159,14159,6,6
2022-12-21 15:00:06,14159,14159,14159,2,0
2022-12-21 15:00:06,14160,14160,14160,4,4
2022-12-21 15:00:06,14160,14160,14160,2,0
2022-12-21 15:00:06,14159,14159,14159,2,-2
2022-12-21 15:00:06,14159,14159,14159,2,0
2022-12-21 15:00:06,14159,14159,14159,2,0
2022-12-21 15:00:06,14158,14158,14158,2,-2
2022-12-21 15:00:06,14158,14158,14158,2,0
2022-12-21 15:00:06,14158,14158,14158,2,0
2022-12-21 15:00:06,14158,14158,14158,2,0
2022-12-21 15:00:06,14158,14158,14158,2,0
2022-12-21 15:00:08,14159,14159,14159,4,4
2022-12-21 15:00:08,14159,14159,14159,4,0
2022-12-21 15:00:08,14160,14160,14160,2,2
2022-12-21 15:00:09,14159,14159,14159,2,-2
2022-12-21 15:00:10,14159,14159,14159,2,0
2022-12-21 15:00:10,14160,14160,14160,4,4
2022-12-21 15:00:10,14161,14161,14161,4,4
2022-12-21 15:00:10,14160,14160,14160,2,-2
2022-12-21 15:00:11,14161,14161,14161,4,4
2022-12-21 15:00:11,14162,14162,14162,6,6
2022-12-21 15:00:13,14162,14162,14162,4,0
2022-12-21 15:00:13,14163,14163,14163,6,6
2022-12-21 15:00:13,14164,14164,14164,2,2
2022-12-21 15:00:13,14165,14165,14165,2,2
2022-12-21 15:00:13,14164,14164,14164,2,-2
2022-12-21 15:00:13,14164,14164,14164,2,0
2022-12-21 15:00:13,14164,14164,14164,2,0
2022-12-21 15:00:14,14163,14163,14163,2,-2
2022-12-21 15:00:14,14163,14163,14163,2,0
2022-12-21 15:00:16,14161,14161,14161,2,-2
2022-12-21 15:00:16,14162,14162,14162,4,4
2022-12-21 15:00:16,14163,14163,14163,8,8
2022-12-21 15:00:16,14164,14164,14164,4,4
2022-12-21 15:00:17,14162,14162,14162,2,-2
2022-12-21 15:00:18,14162,14162,14162,2,0
2022-12-21 15:00:19,14162,14162,14162,2,0
2022-12-21 15:00:19,14162,14162,14162,2,0
2022-12-21 15:00:19,14162,14162,14162,2,0
2022-12-21 15:00:19,14162,14162,14162,2,0
2022-12-21 15:00:19,14162,14162,14162,2,0
2022-12-21 15:00:20,14162,14162,14162,2,0
2022-12-21 15:00:21,14162,14162,14162,2,0
2022-12-21 15:00:21,14162,14162,14162,2,0
2022-12-21 15:00:22,14163,14163,14163,2,2
2022-12-21 15:00:25,14164,14164,14164,4,4
2022-12-21 15:00:26,14163,14163,14163,2,-2
2022-12-21 15:00:27,14163,14163,14163,2,0
2022-12-21 15:00:27,14163,14163,14163,2,0
2022-12-21 15:00:27,14163,14163,14163,2,0
2022-12-21 15:00:29,14163,14163,14163,2,0
2022-12-21 15:00:29,14163,14163,14163,2,0
2022-12-21 15:00:29,14163,14163,14163,2,0
2022-12-21 15:00:31,14164,14164,14164,6,6
2022-12-21 15:00:31,14165,14165,14165,4,4
2022-12-21 15:00:31,14165,14165,14165,2,0
2022-12-21 15:00:32,14163,14163,14163,2,-2
2022-12-21 15:00:32,14163,14163,14163,2,0
2022-12-21 15:00:32,14163,14163,14163,2,0
2022-12-21 15:00:32,14162,14162,14162,2,-2
2022-12-21 15:00:32,14162,14162,14162,2,0
2022-12-21 15:00:33,14164,14164,14164,2,2
2022-12-21 15:00:33,14162,14162,14162,2,-2
2022-12-21 15:00:33,14162,14162,14162,2,0
2022-12-21 15:00:35,14164,14164,14164,6,6
2022-12-21 15:00:35,14165,14165,14165,4,4
2022-12-21 15:00:39,14163,14163,14163,2,-2
2022-12-21 15:00:40,14163,14163,14163,2,0
2022-12-21 15:00:41,14163,14163,14163,2,0
2022-12-21 15:00:43,14165,14165,14165,8,8
2022-12-21 15:00:43,14163,14163,14163,2,-2
2022-12-21 15:00:43,14163,14163,14163,2,0
2022-12-21 15:00:48,14163,14163,14163,2,0
2022-12-21 15:00:50,14163,14163,14163,2,0
2022-12-21 15:00:51,14163,14163,14163,2,0
2022-12-21 15:00:52,14163,14163,14163,2,0
2022-12-21 15:00:53,14163,14163,14163,2,0
2022-12-21 15:00:53,14163,14163,14163,8,0
2022-12-21 15:00:57,14164,14164,14164,4,4
2022-12-21 15:00:58,14165,14165,14165,2,2
2022-12-21 15:00:59,14165,14165,14165,6,0
2022-12-21 15:00:59,14165,14165,14165,2,0
2022-12-21 15:00:59,14165,14165,14165,2,0
2022-12-21 15:01:00,14165,14165,14165,8,0
2022-12-21 15:01:00,14165,14165,14165,12,0
2022-12-21 15:01:00,14165,14165,14165,2,0
2022-12-21 15:01:00,14164,14164,14164,2,-2
2022-12-21 15:01:00,14166,14166,14166,2,2
2022-12-21 15:01:00,14166,14166,14166,2,0
2022-12-21 15:01:00,14166,14166,14166,2,0
2022-12-21 15:01:00,14164,14164,14164,4,-4
2022-12-21 15:01:00,14164,14164,14164,2,0
2022-12-21 15:01:00,14164,14164,14164,2,0
2022-12-21 15:01:00,14166,14166,14166,4,4
2022-12-21 15:01:00,14166,14166,14166,2,0
2022-12-21 15:01:00,14166,14166,14166,4,0
2022-12-21 15:01:00,14167,14167,14167,22,22
2022-12-21 15:01:00,14166,14166,14166,2,-2
2022-12-21 15:01:00,14166,14166,14166,4,0
2022-12-21 15:01:00,14166,14166,14166,2,0
2022-12-21 15:01:00,14167,14167,14167,2,2
2022-12-21 15:01:00,14167,14167,14167,12,0
2022-12-21 15:01:00,14168,14168,14168,14,14
2022-12-21 15:01:00,14167,14167,14167,2,-2
2022-12-21 15:01:01,14168,14168,14168,2,2
2022-12-21 15:01:01,14168,14168,14168,4,0
2022-12-21 15:01:01,14167,14167,14167,2,-2
2022-12-21 15:01:01,14167,14167,14167,2,0
2022-12-21 15:01:01,14168,14168,14168,2,2
2022-12-21 15:01:01,14168,14168,14168,4,0
2022-12-21 15:01:03,14167,14167,14167,4,-4
2022-12-21 15:01:03,14166,14166,14166,2,-2
2022-12-21 15:01:03,14166,14166,14166,2,0
2022-12-21 15:01:04,14166,14166,14166,2,0
2022-12-21 15:01:04,14167,14167,14167,2,2
2022-12-21 15:01:04,14165,14165,14165,2,-2
2022-12-21 15:01:06,14166,14166,14166,2,2
2022-12-21 15:01:06,14166,14166,14166,2,0
2022-12-21 15:01:06,14165,14165,14165,2,-2
2022-12-21 15:01:07,14165,14165,14165,2,0
2022-12-21 15:01:07,14165,14165,14165,2,0
2022-12-21 15:01:08,14165,14165,14165,2,0
2022-12-21 15:01:08,14164,14164,14164,2,-2
2022-12-21 15:01:08,14164,14164,14164,2,0
2022-12-21 15:01:08,14164,14164,14164,2,0
2022-12-21 15:01:09,14165,14165,14165,4,4
2022-12-21 15:01:09,14164,14164,14164,2,-2
2022-12-21 15:01:10,14165,14165,14165,2,2
2022-12-21 15:01:11,14163,14163,14163,4,-4
2022-12-21 15:01:13,14165,14165,14165,4,4
2022-12-21 15:01:19,14164,14164,14164,4,-4
2022-12-21 15:01:19,14164,14164,14164,2,0
2022-12-21 15:01:19,14163,14163,14163,2,-2
2022-12-21 15:01:19,14163,14163,14163,4,0
2022-12-21 15:01:19,14163,14163,14163,2,0
2022-12-21 15:01:19,14163,14163,14163,2,0
2022-12-21 15:01:19,14163,14163,14163,2,0
2022-12-21 15:01:19,14163,14163,14163,4,0
2022-12-21 15:01:19,14163,14163,14163,2,0
2022-12-21 15:01:19,14163,14163,14163,2,0
2022-12-21 15:01:19,14164,14164,14164,2,2
2022-12-21 15:01:20,14164,14164,14164,2,0
2022-12-21 15:01:21,14163,14163,14163,2,-2
2022-12-21 15:01:21,14163,14163,14163,2,0
2022-12-21 15:01:21,14162,14162,14162,2,-2
2022-12-21 15:01:21,14162,14162,14162,2,0
2022-12-21 15:01:21,14162,14162,14162,4,0
2022-12-21 15:01:21,14162,14162,14162,2,0
2022-12-21 15:01:21,14162,14162,14162,10,0
2022-12-21 15:01:21,14162,14162,14162,2,0
2022-12-21 15:01:21,14162,14162,14162,2,0
2022-12-21 15:01:21,14162,14162,14162,2,0
2022-12-21 15:01:21,14161,14161,14161,2,-2
2022-12-21 15:01:21,14163,14163,14163,2,2
2022-12-21 15:01:21,14161,14161,14161,2,-2
2022-12-21 15:01:22,14163,14163,14163,4,4
2022-12-21 15:01:26,14162,14162,14162,2,-2
2022-12-21 15:01:26,14162,14162,14162,2,0
2022-12-21 15:01:26,14162,14162,14162,2,0
2022-12-21 15:01:26,14161,14161,14161,2,-2
2022-12-21 15:01:26,14162,14162,14162,2,2
2022-12-21 15:01:26,14162,14162,14162,2,0
2022-12-21 15:01:26,14162,14162,14162,2,0
2022-12-21 15:01:26,14161,14161,14161,2,-2
2022-12-21 15:01:26,14161,14161,14161,2,0
2022-12-21 15:01:29,14162,14162,14162,2,2
2022-12-21 15:01:30,14161,14161,14161,2,-2
2022-12-21 15:01:30,14161,14161,14161,2,0
2022-12-21 15:01:30,14161,14161,14161,2,0
2022-12-21 15:01:30,14161,14161,14161,2,0
2022-12-21 15:01:30,14161,14161,14161,2,0
2022-12-21 15:01:31,14161,14161,14161,2,0
2022-12-21 15:01:32,14161,14161,14161,2,0
2022-12-21 15:01:32,14161,14161,14161,2,0
2022-12-21 15:01:32,14161,14161,14161,8,0
2022-12-21 15:01:32,14162,14162,14162,2,2
2022-12-21 15:01:32,14161,14161,14161,4,-4
2022-12-21 15:01:32,14161,14161,14161,2,0
2022-12-21 15:01:36,14162,14162,14162,2,2
2022-12-21 15:01:36,14162,14162,14162,2,0
2022-12-21 15:01:36,14161,14161,14161,4,-4
2022-12-21 15:01:36,14161,14161,14161,4,0
2022-12-21 15:01:36,14161,14161,14161,2,0
2022-12-21 15:01:40,14162,14162,14162,14,14
2022-12-21 15:01:40,14163,14163,14163,4,4
2022-12-21 15:01:40,14162,14162,14162,2,-2
2022-12-21 15:01:40,14162,14162,14162,2,0
2022-12-21 15:01:40,14161,14161,14161,2,-2
2022-12-21 15:01:40,14163,14163,14163,2,2
2022-12-21 15:01:40,14163,14163,14163,8,0
2022-12-21 15:01:41,14162,14162,14162,4,-4
2022-12-21 15:01:41,14162,14162,14162,2,0
2022-12-21 15:01:41,14162,14162,14162,2,0
2022-12-21 15:01:41,14162,14162,14162,2,0
2022-12-21 15:01:41,14164,14164,14164,6,6
2022-12-21 15:01:42,14164,14164,14164,4,0
2022-12-21 15:01:46,14163,14163,14163,2,-2
2022-12-21 15:01:46,14162,14162,14162,2,-2
2022-12-21 15:01:46,14162,14162,14162,2,0
2022-12-21 15:01:46,14164,14164,14164,2,2
2022-12-21 15:01:47,14162,14162,14162,2,-2
2022-12-21 15:01:49,14164,14164,14164,2,2
2022-12-21 15:01:51,14163,14163,14163,2,-2
2022-12-21 15:01:51,14162,14162,14162,2,-2
2022-12-21 15:01:51,14162,14162,14162,2,0
2022-12-21 15:01:51,14162,14162,14162,2,0
2022-12-21 15:01:52,14164,14164,14164,2,2
2022-12-21 15:01:55,14162,14162,14162,2,-2
2022-12-21 15:01:56,14163,14163,14163,8,8
2022-12-21 15:01:58,14164,14164,14164,10,10
2022-12-21 15:02:00,14163,14163,14163,2,-2
2022-12-21 15:02:00,14163,14163,14163,2,0
2022-12-21 15:02:00,14163,14163,14163,2,0
2022-12-21 15:02:00,14163,14163,14163,2,0
2022-12-21 15:02:00,14163,14163,14163,2,0
2022-12-21 15:02:01,14164,14164,14164,2,2
2022-12-21 15:02:03,14163,14163,14163,2,-2
2022-12-21 15:02:03,14162,14162,14162,4,-4
2022-12-21 15:02:06,14162,14162,14162,2,0
2022-12-21 15:02:06,14162,14162,14162,2,0
2022-12-21 15:02:06,14162,14162,14162,2,0
2022-12-21 15:02:06,14161,14161,14161,2,-2
2022-12-21 15:02:06,14161,14161,14161,2,0
2022-12-21 15:02:06,14161,14161,14161,2,0
2022-12-21 15:02:06,14161,14161,14161,2,0
2022-12-21 15:02:07,14162,14162,14162,2,2
2022-12-21 15:02:07,14162,14162,14162,2,0
2022-12-21 15:02:09,14162,14162,14162,2,0
2022-12-21 15:02:10,14162,14162,14162,2,0
2022-12-21 15:02:10,14162,14162,14162,2,0
2022-12-21 15:02:10,14161,14161,14161,2,-2
2022-12-21 15:02:10,14162,14162,14162,2,2
2022-12-21 15:02:11,14161,14161,14161,2,-2
2022-12-21 15:02:11,14161,14161,14161,2,0
2022-12-21 15:02:11,14161,14161,14161,2,0
2022-12-21 15:02:11,14160,14160,14160,2,-2
2022-12-21 15:02:11,14160,14160,14160,2,0
2022-12-21 15:02:11,14160,14160,14160,2,0
2022-12-21 15:02:11,14160,14160,14160,2,0
2022-12-21 15:02:11,14160,14160,14160,2,0
2022-12-21 15:02:11,14160,14160,14160,2,0
2022-12-21 15:02:11,14160,14160,14160,2,0
2022-12-21 15:02:11,14160,14160,14160,2,0
2022-12-21 15:02:11,14160,14160,14160,2,0
2022-12-21 15:02:11,14160,14160,14160,2,0
2022-12-21 15:02:11,14160,14160,14160,2,0
2022-12-21 15:02:11,14160,14160,14160,2,0
2022-12-21 15:02:11,14160,14160,14160,2,0
2022-12-21 15:02:11,14160,14160,14160,2,0
2022-12-21 15:02:11,14160,14160,14160,2,0
2022-12-21 15:02:11,14160,14160,14160,20,0
2022-12-21 15:02:11,14160,14160,14160,6,0
2022-12-21 15:02:11,14160,14160,14160,6,0
2022-12-21 15:02:11,14160,14160,14160,4,0
2022-12-21 15:02:11,14160,14160,14160,24,0
2022-12-21 15:02:11,14160,14160,14160,2,0
2022-12-21 15:02:11,14160,14160,14160,2,0
2022-12-21 15:02:11,14160,14160,14160,2,0
2022-12-21 15:02:12,14159,14159,14159,2,-2
2022-12-21 15:02:12,14159,14159,14159,6,0
2022-12-21 15:02:12,14159,14159,14159,2,0
2022-12-21 15:02:13,14160,14160,14160,2,2
2022-12-21 15:02:14,14160,14160,14160,8,0
2022-12-21 15:02:14,14160,14160,14160,2,0
2022-12-21 15:02:15,14162,14162,14162,2,2
2022-12-21 15:02:23,14162,14162,14162,6,0
2022-12-21 15:02:28,14162,14162,14162,2,0
2022-12-21 15:02:28,14161,14161,14161,2,-2
2022-12-21 15:02:28,14161,14161,14161,2,0
2022-12-21 15:02:28,14161,14161,14161,2,0
2022-12-21 15:02:28,14161,14161,14161,2,0
2022-12-21 15:02:28,14161,14161,14161,2,0
2022-12-21 15:02:29,14163,14163,14163,2,2
2022-12-21 15:02:32,14161,14161,14161,2,-2
2022-12-21 15:02:32,14161,14161,14161,4,0
2022-12-21 15:02:32,14161,14161,14161,2,0
2022-12-21 15:02:32,14161,14161,14161,2,0
2022-12-21 15:02:32,14161,14161,14161,2,0
2022-12-21 15:02:32,14161,14161,14161,2,0
2022-12-21 15:02:32,14161,14161,14161,2,0
2022-12-21 15:02:32,14161,14161,14161,2,0
2022-12-21 15:02:32,14160,14160,14160,2,-2
2022-12-21 15:02:37,14163,14163,14163,4,4
2022-12-21 15:02:46,14162,14162,14162,2,-2
2022-12-21 15:02:46,14162,14162,14162,2,0
2022-12-21 15:02:46,14162,14162,14162,4,0
2022-12-21 15:02:46,14162,14162,14162,2,0
2022-12-21 15:02:46,14162,14162,14162,4,0
2022-12-21 15:02:47,14162,14162,14162,2,0
2022-12-21 15:02:49,14164,14164,14164,12,12
2022-12-21 15:02:51,14164,14164,14164,2,0
2022-12-21 15:02:51,14165,14165,14165,44,44
2022-12-21 15:02:52,14166,14166,14166,2,2
2022-12-21 15:02:53,14164,14164,14164,2,-2
2022-12-21 15:02:53,14164,14164,14164,2,0
2022-12-21 15:02:55,14166,14166,14166,2,2
2022-12-21 15:02:59,14165,14165,14165,2,-2
2022-12-21 15:03:00,14166,14166,14166,12,12
2022-12-21 15:03:00,14165,14165,14165,2,-2
2022-12-21 15:03:00,14164,14164,14164,2,-2
2022-12-21 15:03:00,14164,14164,14164,4,0
2022-12-21 15:03:03,14166,14166,14166,4,4
2022-12-21 15:03:03,14164,14164,14164,2,-2
2022-12-21 15:03:07,14165,14165,14165,2,2
2022-12-21 15:03:10,14165,14165,14165,2,0
2022-12-21 15:03:11,14165,14165,14165,2,0
2022-12-21 15:03:13,14164,14164,14164,2,-2
2022-12-21 15:03:16,14165,14165,14165,4,4
2022-12-21 15:03:17,14164,14164,14164,2,-2
2022-12-21 15:03:17,14164,14164,14164,2,0
2022-12-21 15:03:18,14165,14165,14165,2,2
2022-12-21 15:03:18,14164,14164,14164,4,-4
2022-12-21 15:03:18,14164,14164,14164,2,0
2022-12-21 15:03:18,14164,14164,14164,2,0
2022-12-21 15:03:18,14164,14164,14164,2,0
2022-12-21 15:03:23,14165,14165,14165,2,2
2022-12-21 15:03:26,14165,14165,14165,8,0
2022-12-21 15:03:27,14165,14165,14165,6,0
2022-12-21 15:03:27,14165,14165,14165,14,0
2022-12-21 15:03:28,14164,14164,14164,2,-2
2022-12-21 15:03:28,14164,14164,14164,2,0
2022-12-21 15:03:28,14163,14163,14163,2,-2
2022-12-21 15:03:36,14163,14163,14163,2,0
2022-12-21 15:03:36,14163,14163,14163,2,0
2022-12-21 15:03:36,14163,14163,14163,2,0
2022-12-21 15:03:36,14163,14163,14163,2,0
2022-12-21 15:03:36,14163,14163,14163,8,0
2022-12-21 15:03:36,14163,14163,14163,2,0
2022-12-21 15:03:36,14163,14163,14163,2,0
2022-12-21 15:03:36,14163,14163,14163,2,0
2022-12-21 15:03:36,14162,14162,14162,2,-2
2022-12-21 15:03:36,14162,14162,14162,2,0
2022-12-21 15:03:36,14162,14162,14162,2,0
2022-12-21 15:03:38,14164,14164,14164,12,12
2022-12-21 15:03:38,14165,14165,14165,2,2
2022-12-21 15:03:38,14163,14163,14163,2,-2
2022-12-21 15:03:41,14163,14163,14163,2,0
2022-12-21 15:03:43,14165,14165,14165,4,4
2022-12-21 15:03:44,14164,14164,14164,2,-2
2022-12-21 15:03:44,14165,14165,14165,2,2
2022-12-21 15:03:49,14164,14164,14164,8,-8
2022-12-21 15:03:53,14165,14165,14165,2,2
2022-12-21 15:03:55,14165,14165,14165,6,0
2022-12-21 15:03:57,14165,14165,14165,2,0
2022-12-21 15:03:59,14165,14165,14165,4,0
2022-12-21 15:03:59,14165,14165,14165,2,0
2022-12-21 15:03:59,14165,14165,14165,2,0
2022-12-21 15:04:00,14164,14164,14164,2,-2
2022-12-21 15:04:00,14164,14164,14164,2,0
2022-12-21 15:04:00,14165,14165,14165,2,2
2022-12-21 15:04:00,14166,14166,14166,10,10
2022-12-21 15:04:04,14166,14166,14166,2,0
2022-12-21 15:04:05,14166,14166,14166,4,0
2022-12-21 15:04:08,14166,14166,14166,10,0
2022-12-21 15:04:08,14167,14167,14167,2,2
2022-12-21 15:04:08,14167,14167,14167,6,0
2022-12-21 15:04:08,14167,14167,14167,4,0
2022-12-21 15:04:09,14166,14166,14166,2,-2
2022-12-21 15:04:09,14165,14165,14165,2,-2
2022-12-21 15:04:09,14165,14165,14165,2,0
2022-12-21 15:04:14,14166,14166,14166,2,2
2022-12-21 15:04:15,14165,14165,14165,2,-2
2022-12-21 15:04:15,14165,14165,14165,2,0
2022-12-21 15:04:15,14165,14165,14165,4,0
2022-12-21 15:04:16,14166,14166,14166,6,6
2022-12-21 15:04:16,14167,14167,14167,4,4
2022-12-21 15:04:17,14165,14165,14165,2,-2
2022-12-21 15:04:18,14167,14167,14167,2,2
2022-12-21 15:04:18,14167,14167,14167,4,0
2022-12-21 15:04:19,14167,14167,14167,2,0
2022-12-21 15:04:21,14167,14167,14167,2,0
2022-12-21 15:04:24,14167,14167,14167,12,0
2022-12-21 15:04:24,14168,14168,14168,34,34
2022-12-21 15:04:24,14169,14169,14169,24,24
2022-12-21 15:04:24,14168,14168,14168,2,-2
2022-12-21 15:04:25,14167,14167,14167,2,-2
2022-12-21 15:04:30,14167,14167,14167,2,0
2022-12-21 15:04:32,14168,14168,14168,10,10
2022-12-21 15:04:32,14169,14169,14169,2,2
2022-12-21 15:04:32,14167,14167,14167,2,-2
2022-12-21 15:04:32,14168,14168,14168,2,2
2022-12-21 15:04:34,14168,14168,14168,2,0
2022-12-21 15:04:37,14169,14169,14169,4,4
2022-12-21 15:04:40,14169,14169,14169,2,0
2022-12-21 15:04:40,14168,14168,14168,2,-2
2022-12-21 15:04:40,14168,14168,14168,2,0
2022-12-21 15:04:40,14168,14168,14168,2,0
2022-12-21 15:04:40,14168,14168,14168,2,0
2022-12-21 15:04:40,14169,14169,14169,2,2
2022-12-21 15:04:41,14169,14169,14169,10,0
2022-12-21 15:04:43,14170,14170,14170,26,26
2022-12-21 15:04:44,14169,14169,14169,2,-2
2022-12-21 15:04:45,14170,14170,14170,2,2
2022-12-21 15:04:45,14169,14169,14169,2,-2
2022-12-21 15:04:45,14169,14169,14169,2,0
2022-12-21 15:04:46,14169,14169,14169,2,0
2022-12-21 15:04:46,14169,14169,14169,4,0
2022-12-21 15:04:46,14169,14169,14169,2,0
2022-12-21 15:04:46,14169,14169,14169,2,0
2022-12-21 15:04:47,14169,14169,14169,2,0
2022-12-21 15:04:54,14169,14169,14169,2,0
2022-12-21 15:05:00,14169,14169,14169,4,0
2022-12-21 15:05:00,14169,14169,14169,2,0
2022-12-21 15:05:00,14168,14168,14168,2,-2
2022-12-21 15:05:00,14170,14170,14170,12,12
2022-12-21 15:05:00,14171,14171,14171,8,8
2022-12-21 15:05:00,14171,14171,14171,20,0
2022-12-21 15:05:00,14171,14171,14171,20,0
2022-12-21 15:05:00,14170,14170,14170,2,-2
2022-12-21 15:05:01,14170,14170,14170,2,0
2022-12-21 15:05:01,14170,14170,14170,2,0
2022-12-21 15:05:01,14170,14170,14170,2,0
2022-12-21 15:05:01,14170,14170,14170,2,0
2022-12-21 15:05:01,14170,14170,14170,2,0
2022-12-21 15:05:05,14169,14169,14169,2,-2
2022-12-21 15:05:05,14169,14169,14169,2,0
2022-12-21 15:05:05,14169,14169,14169,2,0
2022-12-21 15:05:05,14169,14169,14169,2,0
2022-12-21 15:05:05,14169,14169,14169,2,0
2022-12-21 15:05:05,14170,14170,14170,2,2
2022-12-21 15:05:06,14170,14170,14170,8,0
2022-12-21 15:05:06,14170,14170,14170,2,0
2022-12-21 15:05:06,14171,14171,14171,2,2
2022-12-21 15:05:07,14170,14170,14170,4,-4
2022-12-21 15:05:08,14171,14171,14171,6,6
2022-12-21 15:05:10,14171,14171,14171,6,0
2022-12-21 15:05:10,14172,14172,14172,2,2
2022-12-21 15:05:10,14170,14170,14170,2,-2
2022-12-21 15:05:11,14171,14171,14171,2,2
2022-12-21 15:05:11,14171,14171,14171,8,0
2022-12-21 15:05:11,14171,14171,14171,2,0
2022-12-21 15:05:11,14170,14170,14170,2,-2
2022-12-21 15:05:11,14169,14169,14169,2,-2
2022-12-21 15:05:11,14169,14169,14169,2,0
2022-12-21 15:05:11,14169,14169,14169,2,0
2022-12-21 15:05:11,14169,14169,14169,2,0
2022-12-21 15:05:11,14169,14169,14169,2,0
2022-12-21 15:05:11,14169,14169,14169,2,0
2022-12-21 15:05:12,14171,14171,14171,4,4
2022-12-21 15:05:12,14169,14169,14169,2,-2
2022-12-21 15:05:12,14169,14169,14169,2,0
2022-12-21 15:05:12,14169,14169,14169,2,0
2022-12-21 15:05:12,14170,14170,14170,2,2
2022-12-21 15:05:12,14171,14171,14171,2,2
2022-12-21 15:05:14,14171,14171,14171,4,0
2022-12-21 15:05:16,14171,14171,14171,2,0
2022-12-21 15:05:17,14169,14169,14169,2,-2
2022-12-21 15:05:18,14171,14171,14171,2,2
2022-12-21 15:05:20,14170,14170,14170,2,-2
2022-12-21 15:05:20,14169,14169,14169,2,-2
2022-12-21 15:05:20,14169,14169,14169,2,0
2022-12-21 15:05:20,14169,14169,14169,2,0
2022-12-21 15:05:20,14169,14169,14169,2,0
2022-12-21 15:05:20,14169,14169,14169,2,0
2022-12-21 15:05:20,14169,14169,14169,2,0
2022-12-21 15:05:20,14169,14169,14169,2,0
2022-12-21 15:05:20,14169,14169,14169,2,0
2022-12-21 15:05:20,14169,14169,14169,2,0
2022-12-21 15:05:20,14169,14169,14169,2,0
2022-12-21 15:05:20,14169,14169,14169,2,0
2022-12-21 15:05:27,14169,14169,14169,2,0
2022-12-21 15:05:27,14169,14169,14169,2,0
2022-12-21 15:05:27,14169,14169,14169,2,0
2022-12-21 15:05:29,14170,14170,14170,2,2
2022-12-21 15:05:34,14169,14169,14169,2,-2
2022-12-21 15:05:34,14169,14169,14169,2,0
2022-12-21 15:05:34,14169,14169,14169,4,0
2022-12-21 15:05:34,14169,14169,14169,2,0
2022-12-21 15:05:34,14169,14169,14169,2,0
2022-12-21 15:05:34,14170,14170,14170,8,8
2022-12-21 15:05:34,14170,14170,14170,2,0
2022-12-21 15:05:36,14170,14170,14170,2,0
2022-12-21 15:05:37,14170,14170,14170,2,0
2022-12-21 15:05:38,14170,14170,14170,2,0
2022-12-21 15:05:39,14169,14169,14169,8,-8
2022-12-21 15:05:39,14169,14169,14169,2,0
2022-12-21 15:05:39,14169,14169,14169,2,0
2022-12-21 15:05:40,14169,14169,14169,2,0
2022-12-21 15:05:43,14169,14169,14169,2,0
2022-12-21 15:05:48,14169,14169,14169,2,0
2022-12-21 15:05:51,14170,14170,14170,12,12
2022-12-21 15:05:54,14170,14170,14170,2,0
2022-12-21 15:05:54,14170,14170,14170,2,0
2022-12-21 15:05:54,14170,14170,14170,2,0
2022-12-21 15:05:54,14170,14170,14170,2,0
2022-12-21 15:05:54,14169,14169,14169,2,-2
2022-12-21 15:05:55,14170,14170,14170,2,2
2022-12-21 15:05:55,14170,14170,14170,2,0
2022-12-21 15:05:56,14169,14169,14169,2,-2
2022-12-21 15:06:00,14171,14171,14171,6,6
2022-12-21 15:06:00,14170,14170,14170,2,-2
2022-12-21 15:06:02,14170,14170,14170,2,0
2022-12-21 15:06:04,14170,14170,14170,2,0
2022-12-21 15:06:05,14169,14169,14169,2,-2
2022-12-21 15:06:05,14170,14170,14170,2,2
2022-12-21 15:06:10,14171,14171,14171,2,2
2022-12-21 15:06:13,14171,14171,14171,2,0
2022-12-21 15:06:15,14169,14169,14169,2,-2
2022-12-21 15:06:15,14170,14170,14170,2,2
2022-12-21 15:06:15,14170,14170,14170,2,0
2022-12-21 15:06:17,14170,14170,14170,4,0
2022-12-21 15:06:19,14170,14170,14170,10,0
2022-12-21 15:06:20,14170,14170,14170,28,0
2022-12-21 15:06:20,14170,14170,14170,2,0
2022-12-21 15:06:22,14170,14170,14170,2,0
2022-12-21 15:06:22,14170,14170,14170,2,0
2022-12-21 15:06:22,14170,14170,14170,2,0
2022-12-21 15:06:22,14170,14170,14170,2,0
2022-12-21 15:06:22,14170,14170,14170,2,0
2022-12-21 15:06:24,14170,14170,14170,2,0
2022-12-21 15:06:25,14171,14171,14171,26,26
2022-12-21 15:06:25,14171,14171,14171,4,0
2022-12-21 15:06:26,14172,14172,14172,60,60
2022-12-21 15:06:26,14172,14172,14172,2,0
2022-12-21 15:06:26,14172,14172,14172,2,0
2022-12-21 15:06:26,14173,14173,14173,44,44
2022-12-21 15:06:26,14174,14174,14174,28,28
2022-12-21 15:06:26,14174,14174,14174,2,0
2022-12-21 15:06:26,14175,14175,14175,6,6
2022-12-21 15:06:26,14175,14175,14175,12,0
2022-12-21 15:06:26,14175,14175,14175,2,0
2022-12-21 15:06:26,14175,14175,14175,12,0
2022-12-21 15:06:26,14175,14175,14175,2,0
2022-12-21 15:06:26,14175,14175,14175,4,0
2022-12-21 15:06:26,14175,14175,14175,20,0
2022-12-21 15:06:26,14176,14176,14176,6,6
2022-12-21 15:06:28,14175,14175,14175,2,-2
2022-12-21 15:06:29,14175,14175,14175,2,0
2022-12-21 15:06:30,14174,14174,14174,2,-2
2022-12-21 15:06:32,14176,14176,14176,20,20
2022-12-21 15:06:32,14176,14176,14176,2,0
2022-12-21 15:06:33,14176,14176,14176,2,0
2022-12-21 15:06:34,14176,14176,14176,6,0
2022-12-21 15:06:35,14177,14177,14177,8,8
2022-12-21 15:06:35,14177,14177,14177,2,0
2022-12-21 15:06:36,14177,14177,14177,2,0
2022-12-21 15:06:36,14176,14176,14176,2,-2
2022-12-21 15:06:36,14176,14176,14176,2,0
2022-12-21 15:06:38,14176,14176,14176,2,0
2022-12-21 15:06:38,14176,14176,14176,4,0
2022-12-21 15:06:40,14177,14177,14177,2,2
2022-12-21 15:06:41,14176,14176,14176,2,-2
2022-12-21 15:06:42,14177,14177,14177,6,6
2022-12-21 15:06:42,14177,14177,14177,2,0
2022-12-21 15:06:43,14176,14176,14176,2,-2
2022-12-21 15:06:44,14176,14176,14176,2,0
2022-12-21 15:06:45,14176,14176,14176,2,0
2022-12-21 15:06:45,14176,14176,14176,2,0
2022-12-21 15:06:45,14176,14176,14176,2,0
2022-12-21 15:06:47,14176,14176,14176,2,0
2022-12-21 15:06:47,14176,14176,14176,2,0
2022-12-21 15:06:48,14177,14177,14177,6,6
2022-12-21 15:06:48,14175,14175,14175,2,-2
2022-12-21 15:06:49,14175,14175,14175,2,0
2022-12-21 15:06:52,14176,14176,14176,2,2
2022-12-21 15:06:52,14175,14175,14175,2,-2
2022-12-21 15:06:54,14176,14176,14176,4,4
2022-12-21 15:06:54,14176,14176,14176,2,0
2022-12-21 15:06:55,14175,14175,14175,2,-2
2022-12-21 15:06:56,14175,14175,14175,2,0
2022-12-21 15:06:56,14175,14175,14175,2,0
2022-12-21 15:06:56,14175,14175,14175,2,0
2022-12-21 15:06:56,14175,14175,14175,2,0
2022-12-21 15:06:56,14175,14175,14175,2,0
2022-12-21 15:06:56,14175,14175,14175,2,0
2022-12-21 15:06:56,14175,14175,14175,4,0
2022-12-21 15:06:57,14175,14175,14175,2,0
2022-12-21 15:06:57,14175,14175,14175,2,0
2022-12-21 15:06:57,14176,14176,14176,2,2
2022-12-21 15:06:58,14176,14176,14176,8,0
2022-12-21 15:06:58,14175,14175,14175,2,-2
2022-12-21 15:06:59,14175,14175,14175,2,0
2022-12-21 15:06:59,14175,14175,14175,2,0
2022-12-21 15:06:59,14175,14175,14175,4,0
2022-12-21 15:06:59,14175,14175,14175,2,0
2022-12-21 15:06:59,14176,14176,14176,2,2
2022-12-21 15:07:00,14176,14176,14176,4,0
2022-12-21 15:07:01,14174,14174,14174,2,-2
2022-12-21 15:07:02,14175,14175,14175,4,4
2022-12-21 15:07:04,14173,14173,14173,2,-2
2022-12-21 15:07:06,14174,14174,14174,2,2
2022-12-21 15:07:07,14172,14172,14172,2,-2
2022-12-21 15:07:09,14173,14173,14173,2,2
2022-12-21 15:07:13,14173,14173,14173,2,0
2022-12-21 15:07:14,14173,14173,14173,2,0
2022-12-21 15:07:15,14173,14173,14173,2,0
2022-12-21 15:07:15,14172,14172,14172,2,-2
2022-12-21 15:07:15,14172,14172,14172,2,0
2022-12-21 15:07:15,14172,14172,14172,2,0
2022-12-21 15:07:19,14172,14172,14172,2,0
2022-12-21 15:07:21,14172,14172,14172,2,0
2022-12-21 15:07:24,14172,14172,14172,2,0
2022-12-21 15:07:26,14174,14174,14174,2,2
2022-12-21 15:07:26,14173,14173,14173,2,-2
2022-12-21 15:07:26,14173,14173,14173,4,0
2022-12-21 15:07:26,14173,14173,14173,2,0
2022-12-21 15:07:27,14172,14172,14172,2,-2
2022-12-21 15:07:30,14172,14172,14172,2,0
2022-12-21 15:07:30,14173,14173,14173,2,2
2022-12-21 15:07:32,14173,14173,14173,2,0
2022-12-21 15:07:35,14172,14172,14172,2,-2
2022-12-21 15:07:36,14172,14172,14172,2,0
2022-12-21 15:07:36,14173,14173,14173,2,2
2022-12-21 15:07:38,14172,14172,14172,2,-2
2022-12-21 15:07:38,14173,14173,14173,2,2
2022-12-21 15:07:40,14174,14174,14174,2,2
2022-12-21 15:07:42,14174,14174,14174,2,0
2022-12-21 15:07:42,14174,14174,14174,2,0
2022-12-21 15:07:42,14174,14174,14174,2,0
2022-12-21 15:07:42,14174,14174,14174,2,0
2022-12-21 15:07:42,14174,14174,14174,2,0
2022-12-21 15:07:44,14175,14175,14175,2,2
2022-12-21 15:07:46,14175,14175,14175,2,0
2022-12-21 15:07:48,14173,14173,14173,2,-2
2022-12-21 15:07:49,14175,14175,14175,4,4
2022-12-21 15:07:49,14173,14173,14173,2,-2
2022-12-21 15:07:53,14173,14173,14173,2,0
2022-12-21 15:07:53,14175,14175,14175,4,4
2022-12-21 15:07:54,14173,14173,14173,2,-2
2022-12-21 15:07:56,14174,14174,14174,2,2
2022-12-21 15:07:58,14173,14173,14173,2,-2
2022-12-21 15:08:02,14175,14175,14175,8,8
2022-12-21 15:08:04,14176,14176,14176,10,10
2022-12-21 15:08:05,14177,14177,14177,2,2
2022-12-21 15:08:06,14177,14177,14177,14,0
2022-12-21 15:08:08,14177,14177,14177,6,0
2022-12-21 15:08:15,14177,14177,14177,2,0
2022-12-21 15:08:15,14177,14177,14177,2,0
2022-12-21 15:08:16,14177,14177,14177,2,0
2022-12-21 15:08:19,14177,14177,14177,4,0
2022-12-21 15:08:20,14178,14178,14178,2,2
2022-12-21 15:08:21,14178,14178,14178,2,0
2022-12-21 15:08:22,14177,14177,14177,6,-6
2022-12-21 15:08:23,14177,14177,14177,2,0
2022-12-21 15:08:23,14177,14177,14177,2,0
2022-12-21 15:08:23,14177,14177,14177,4,0
2022-12-21 15:08:23,14177,14177,14177,4,0
2022-12-21 15:08:23,14177,14177,14177,2,0
2022-12-21 15:08:23,14177,14177,14177,2,0
2022-12-21 15:08:23,14177,14177,14177,2,0
2022-12-21 15:08:23,14177,14177,14177,2,0
2022-12-21 15:08:23,14177,14177,14177,2,0
2022-12-21 15:08:24,14177,14177,14177,4,0
2022-12-21 15:08:25,14177,14177,14177,2,0
2022-12-21 15:08:28,14177,14177,14177,2,0
2022-12-21 15:08:29,14177,14177,14177,2,0
2022-12-21 15:08:31,14178,14178,14178,2,2
2022-12-21 15:08:33,14178,14178,14178,2,0
2022-12-21 15:08:37,14177,14177,14177,2,-2
2022-12-21 15:08:37,14177,14177,14177,2,0
2022-12-21 15:08:37,14177,14177,14177,2,0
2022-12-21 15:08:40,14178,14178,14178,6,6
2022-12-21 15:08:40,14177,14177,14177,2,-2
2022-12-21 15:08:40,14177,14177,14177,4,0
2022-12-21 15:08:40,14177,14177,14177,4,0
2022-12-21 15:08:42,14177,14177,14177,2,0
2022-12-21 15:08:42,14178,14178,14178,2,2
2022-12-21 15:08:45,14177,14177,14177,4,-4
2022-12-21 15:08:45,14178,14178,14178,10,10
2022-12-21 15:08:45,14178,14178,14178,8,0
2022-12-21 15:08:45,14178,14178,14178,2,0
2022-12-21 15:08:45,14178,14178,14178,4,0
2022-12-21 15:08:45,14178,14178,14178,8,0
2022-12-21 15:08:45,14178,14178,14178,4,0
2022-12-21 15:08:45,14178,14178,14178,2,0
2022-12-21 15:08:45,14178,14178,14178,14,0
2022-12-21 15:08:46,14178,14178,14178,2,0
2022-12-21 15:08:46,14178,14178,14178,2,0
2022-12-21 15:08:47,14178,14178,14178,2,0
2022-12-21 15:08:49,14178,14178,14178,2,0
2022-12-21 15:08:49,14178,14178,14178,4,0
2022-12-21 15:08:49,14178,14178,14178,4,0
2022-12-21 15:08:50,14179,14179,14179,2,2
2022-12-21 15:08:54,14178,14178,14178,2,-2
2022-12-21 15:08:54,14178,14178,14178,2,0
2022-12-21 15:08:54,14178,14178,14178,2,0
2022-12-21 15:08:59,14178,14178,14178,2,0
2022-12-21 15:09:00,14179,14179,14179,2,2
2022-12-21 15:09:02,14179,14179,14179,24,0
2022-12-21 15:09:02,14180,14180,14180,2,2
2022-12-21 15:09:02,14179,14179,14179,2,-2
2022-12-21 15:09:04,14179,14179,14179,2,0
2022-12-21 15:09:05,14179,14179,14179,4,0
2022-12-21 15:09:08,14179,14179,14179,2,0
2022-12-21 15:09:09,14180,14180,14180,2,2
2022-12-21 15:09:10,14179,14179,14179,2,-2
2022-12-21 15:09:10,14180,14180,14180,2,2
2022-12-21 15:09:11,14179,14179,14179,2,-2
2022-12-21 15:09:11,14179,14179,14179,2,0
2022-12-21 15:09:16,14178,14178,14178,2,-2
2022-12-21 15:09:16,14178,14178,14178,14,0
2022-12-21 15:09:16,14178,14178,14178,2,0
2022-12-21 15:09:16,14178,14178,14178,2,0
2022-12-21 15:09:16,14178,14178,14178,2,0
2022-12-21 15:09:16,14178,14178,14178,2,0
2022-12-21 15:09:16,14178,14178,14178,2,0
2022-12-21 15:09:16,14179,14179,14179,2,2
2022-12-21 15:09:17,14179,14179,14179,4,0
2022-12-21 15:09:17,14178,14178,14178,2,-2
2022-12-21 15:09:19,14178,14178,14178,2,0
2022-12-21 15:09:24,14178,14178,14178,2,0
2022-12-21 15:09:24,14178,14178,14178,2,0
2022-12-21 15:09:24,14178,14178,14178,2,0
2022-12-21 15:09:26,14179,14179,14179,2,2
2022-12-21 15:09:29,14178,14178,14178,2,-2
2022-12-21 15:09:29,14178,14178,14178,2,0
2022-12-21 15:09:30,14178,14178,14178,2,0
2022-12-21 15:09:30,14177,14177,14177,2,-2
2022-12-21 15:09:30,14177,14177,14177,2,0
2022-12-21 15:09:30,14177,14177,14177,2,0
2022-12-21 15:09:30,14177,14177,14177,2,0
2022-12-21 15:09:30,14177,14177,14177,2,0
2022-12-21 15:09:30,14177,14177,14177,2,0
2022-12-21 15:09:30,14177,14177,14177,2,0
2022-12-21 15:09:30,14177,14177,14177,2,0
2022-12-21 15:09:30,14177,14177,14177,2,0
2022-12-21 15:09:30,14177,14177,14177,2,0
2022-12-21 15:09:35,14177,14177,14177,2,0
2022-12-21 15:09:42,14177,14177,14177,2,0
2022-12-21 15:09:42,14177,14177,14177,2,0
2022-12-21 15:09:42,14177,14177,14177,2,0
2022-12-21 15:09:44,14177,14177,14177,2,0
2022-12-21 15:09:45,14177,14177,14177,2,0
2022-12-21 15:09:45,14178,14178,14178,8,8
2022-12-21 15:09:45,14178,14178,14178,2,0
2022-12-21 15:09:48,14177,14177,14177,2,-2
2022-12-21 15:09:50,14177,14177,14177,2,0
2022-12-21 15:09:51,14177,14177,14177,2,0
2022-12-21 15:09:53,14178,14178,14178,2,2
2022-12-21 15:09:54,14177,14177,14177,2,-2
2022-12-21 15:09:57,14178,14178,14178,2,2
2022-12-21 15:09:57,14178,14178,14178,2,0
2022-12-21 15:09:58,14178,14178,14178,6,0
2022-12-21 15:09:59,14178,14178,14178,4,0
2022-12-21 15:09:59,14177,14177,14177,2,-2
2022-12-21 15:10:00,14177,14177,14177,2,0
2022-12-21 15:10:00,14177,14177,14177,2,0
2022-12-21 15:10:00,14177,14177,14177,8,0
2022-12-21 15:10:00,14177,14177,14177,2,0
2022-12-21 15:10:01,14178,14178,14178,2,2
2022-12-21 15:10:02,14177,14177,14177,2,-2
2022-12-21 15:10:03,14178,14178,14178,4,4
2022-12-21 15:10:07,14178,14178,14178,2,0
2022-12-21 15:10:09,14177,14177,14177,2,-2
2022-12-21 15:10:12,14177,14177,14177,2,0
2022-12-21 15:10:14,14177,14177,14177,2,0
2022-12-21 15:10:16,14177,14177,14177,2,0
2022-12-21 15:10:16,14177,14177,14177,2,0
2022-12-21 15:10:16,14177,14177,14177,2,0
2022-12-21 15:10:16,14178,14178,14178,2,2
2022-12-21 15:10:19,14177,14177,14177,2,-2
2022-12-21 15:10:20,14178,14178,14178,2,2
2022-12-21 15:10:22,14178,14178,14178,2,0
2022-12-21 15:10:27,14177,14177,14177,2,-2
2022-12-21 15:10:28,14177,14177,14177,2,0
2022-12-21 15:10:33,14176,14176,14176,2,-2
2022-12-21 15:10:33,14178,14178,14178,2,2
2022-12-21 15:10:35,14176,14176,14176,4,-4
2022-12-21 15:10:39,14177,14177,14177,2,2
2022-12-21 15:10:45,14177,14177,14177,2,0
2022-12-21 15:10:50,14177,14177,14177,4,0
2022-12-21 15:11:00,14178,14178,14178,4,4
2022-12-21 15:11:00,14177,14177,14177,2,-2
2022-12-21 15:11:00,14178,14178,14178,4,4
2022-12-21 15:11:01,14178,14178,14178,14,0
2022-12-21 15:11:07,14177,14177,14177,2,-2
2022-12-21 15:11:07,14177,14177,14177,2,0
2022-12-21 15:11:07,14176,14176,14176,2,-2
2022-12-21 15:11:07,14176,14176,14176,2,0
2022-12-21 15:11:10,14178,14178,14178,2,2
2022-12-21 15:11:10,14178,14178,14178,2,0
2022-12-21 15:11:10,14178,14178,14178,2,0
2022-12-21 15:11:12,14177,14177,14177,2,-2
2022-12-21 15:11:13,14178,14178,14178,2,2
2022-12-21 15:11:17,14178,14178,14178,2,0
2022-12-21 15:11:17,14178,14178,14178,2,0
2022-12-21 15:11:17,14178,14178,14178,2,0
2022-12-21 15:11:19,14176,14176,14176,2,-2
2022-12-21 15:11:25,14177,14177,14177,2,2
2022-12-21 15:11:30,14178,14178,14178,8,8
2022-12-21 15:11:33,14177,14177,14177,2,-2
2022-12-21 15:11:36,14178,14178,14178,2,2
2022-12-21 15:11:37,14177,14177,14177,2,-2
2022-12-21 15:11:40,14177,14177,14177,2,0
2022-12-21 15:11:46,14178,14178,14178,2,2
2022-12-21 15:11:47,14178,14178,14178,4,0
2022-12-21 15:11:50,14178,14178,14178,2,0
2022-12-21 15:11:51,14178,14178,14178,2,0
2022-12-21 15:11:51,14178,14178,14178,4,0
2022-12-21 15:11:55,14178,14178,14178,2,0
2022-12-21 15:11:55,14179,14179,14179,32,32
2022-12-21 15:11:56,14179,14179,14179,2,0
2022-12-21 15:11:58,14180,14180,14180,2,2
2022-12-21 15:12:03,14179,14179,14179,2,-2
2022-12-21 15:12:08,14179,14179,14179,2,0
2022-12-21 15:12:08,14180,14180,14180,6,6
2022-12-21 15:12:10,14178,14178,14178,2,-2
2022-12-21 15:12:10,14178,14178,14178,2,0
2022-12-21 15:12:10,14178,14178,14178,2,0
2022-12-21 15:12:10,14178,14178,14178,2,0
2022-12-21 15:12:10,14178,14178,14178,2,0
2022-12-21 15:12:10,14178,14178,14178,2,0
2022-12-21 15:12:10,14178,14178,14178,2,0
2022-12-21 15:12:10,14178,14178,14178,2,0
2022-12-21 15:12:10,14178,14178,14178,4,0
2022-12-21 15:12:18,14179,14179,14179,2,2
2022-12-21 15:12:18,14179,14179,14179,2,0
2022-12-21 15:12:18,14178,14178,14178,2,-2
2022-12-21 15:12:18,14178,14178,14178,2,0
2022-12-21 15:12:18,14178,14178,14178,2,0
2022-12-21 15:12:18,14178,14178,14178,2,0
2022-12-21 15:12:20,14178,14178,14178,2,0
2022-12-21 15:12:20,14178,14178,14178,2,0
2022-12-21 15:12:20,14178,14178,14178,2,0
2022-12-21 15:12:21,14177,14177,14177,2,-2
2022-12-21 15:12:22,14178,14178,14178,2,2
2022-12-21 15:12:28,14178,14178,14178,2,0
2022-12-21 15:12:28,14178,14178,14178,2,0
2022-12-21 15:12:28,14177,14177,14177,36,-36
2022-12-21 15:12:28,14177,14177,14177,2,0
2022-12-21 15:12:28,14177,14177,14177,4,0
2022-12-21 15:12:28,14177,14177,14177,2,0
2022-12-21 15:12:28,14177,14177,14177,2,0
2022-12-21 15:12:28,14177,14177,14177,8,0
2022-12-21 15:12:28,14177,14177,14177,2,0
2022-12-21 15:12:28,14177,14177,14177,2,0
2022-12-21 15:12:29,14178,14178,14178,4,4
2022-12-21 15:12:29,14177,14177,14177,4,-4
2022-12-21 15:12:34,14178,14178,14178,8,8
2022-12-21 15:12:35,14178,14178,14178,4,0
2022-12-21 15:12:35,14178,14178,14178,2,0
2022-12-21 15:12:35,14179,14179,14179,4,4
2022-12-21 15:12:35,14177,14177,14177,2,-2
2022-12-21 15:12:39,14177,14177,14177,2,0
2022-12-21 15:12:39,14177,14177,14177,2,0
2022-12-21 15:12:39,14177,14177,14177,2,0
2022-12-21 15:12:43,14178,14178,14178,6,6
2022-12-21 15:12:43,14179,14179,14179,38,38
2022-12-21 15:12:43,14179,14179,14179,2,0
2022-12-21 15:12:46,14180,14180,14180,4,4
2022-12-21 15:12:49,14180,14180,14180,2,0
2022-12-21 15:12:50,14179,14179,14179,54,-54
2022-12-21 15:12:50,14179,14179,14179,2,0
2022-12-21 15:12:50,14179,14179,14179,2,0
2022-12-21 15:12:51,14179,14179,14179,6,0
2022-12-21 15:12:58,14179,14179,14179,2,0
2022-12-21 15:12:59,14179,14179,14179,2,0
2022-12-21 15:13:00,14179,14179,14179,4,0
2022-12-21 15:13:01,14179,14179,14179,2,0
2022-12-21 15:13:01,14178,14178,14178,2,-2
2022-12-21 15:13:04,14179,14179,14179,2,2
2022-12-21 15:13:04,14179,14179,14179,2,0
2022-12-21 15:13:04,14180,14180,14180,8,8
2022-12-21 15:13:09,14179,14179,14179,4,-4
2022-12-21 15:13:11,14178,14178,14178,2,-2
2022-12-21 15:13:11,14178,14178,14178,2,0
2022-12-21 15:13:11,14178,14178,14178,2,0
2022-12-21 15:13:11,14178,14178,14178,2,0
2022-12-21 15:13:11,14178,14178,14178,10,0
2022-12-21 15:13:11,14178,14178,14178,2,0
2022-12-21 15:13:11,14178,14178,14178,2,0
2022-12-21 15:13:11,14178,14178,14178,2,0
2022-12-21 15:13:16,14177,14177,14177,2,-2
2022-12-21 15:13:16,14177,14177,14177,4,0
2022-12-21 15:13:16,14177,14177,14177,4,0
2022-12-21 15:13:16,14177,14177,14177,4,0
2022-12-21 15:13:16,14177,14177,14177,2,0
2022-12-21 15:13:16,14177,14177,14177,4,0
2022-12-21 15:13:16,14177,14177,14177,2,0
2022-12-21 15:13:16,14177,14177,14177,2,0
2022-12-21 15:13:16,14177,14177,14177,2,0
2022-12-21 15:13:17,14177,14177,14177,2,0
2022-12-21 15:13:17,14177,14177,14177,2,0
2022-12-21 15:13:23,14177,14177,14177,2,0
2022-12-21 15:13:23,14178,14178,14178,2,2
2022-12-21 15:13:23,14178,14178,14178,30,0
2022-12-21 15:13:23,14178,14178,14178,10,0
2022-12-21 15:13:25,14179,14179,14179,10,10
2022-12-21 15:13:28,14177,14177,14177,4,-4
2022-12-21 15:13:31,14177,14177,14177,4,0
2022-12-21 15:13:31,14177,14177,14177,2,0
2022-12-21 15:13:31,14177,14177,14177,2,0
2022-12-21 15:13:31,14177,14177,14177,2,0
2022-12-21 15:13:35,14177,14177,14177,2,0
2022-12-21 15:13:37,14177,14177,14177,10,0
2022-12-21 15:13:45,14177,14177,14177,10,0
2022-12-21 15:13:48,14177,14177,14177,2,0
2022-12-21 15:13:52,14177,14177,14177,2,0
2022-12-21 15:13:52,14177,14177,14177,2,0
2022-12-21 15:13:52,14177,14177,14177,2,0
2022-12-21 15:13:52,14177,14177,14177,4,0
2022-12-21 15:13:56,14177,14177,14177,2,0
2022-12-21 15:14:01,14177,14177,14177,2,0
2022-12-21 15:14:04,14177,14177,14177,2,0
2022-12-21 15:14:04,14177,14177,14177,2,0
2022-12-21 15:14:06,14177,14177,14177,4,0
2022-12-21 15:14:10,14178,14178,14178,4,4
2022-12-21 15:14:11,14178,14178,14178,4,0
2022-12-21 15:14:11,14179,14179,14179,2,2
2022-12-21 15:14:11,14180,14180,14180,4,4
2022-12-21 15:14:15,14178,14178,14178,2,-2
2022-12-21 15:14:15,14178,14178,14178,2,0
2022-12-21 15:14:15,14178,14178,14178,4,0
2022-12-21 15:14:17,14178,14178,14178,2,0
2022-12-21 15:14:19,14178,14178,14178,2,0
2022-12-21 15:14:23,14178,14178,14178,2,0
2022-12-21 15:14:23,14178,14178,14178,4,0
2022-12-21 15:14:23,14178,14178,14178,2,0
2022-12-21 15:14:23,14178,14178,14178,2,0
2022-12-21 15:14:23,14178,14178,14178,2,0
2022-12-21 15:14:25,14180,14180,14180,2,2
2022-12-21 15:14:41,14179,14179,14179,2,-2
2022-12-21 15:14:46,14179,14179,14179,2,0
2022-12-21 15:14:47,14179,14179,14179,2,0
2022-12-21 15:14:48,14179,14179,14179,2,0
2022-12-21 15:14:48,14179,14179,14179,2,0
2022-12-21 15:14:49,14180,14180,14180,16,16
2022-12-21 15:14:52,14179,14179,14179,2,-2
2022-12-21 15:14:55,14180,14180,14180,4,4
2022-12-21 15:15:02,14180,14180,14180,2,0
2022-12-21 15:15:03,14180,14180,14180,2,0
2022-12-21 15:15:03,14180,14180,14180,28,0
2022-12-21 15:15:03,14179,14179,14179,4,-4
2022-12-21 15:15:03,14179,14179,14179,2,0
2022-12-21 15:15:03,14179,14179,14179,2,0
2022-12-21 15:15:03,14179,14179,14179,2,0
2022-12-21 15:15:03,14181,14181,14181,8,8
2022-12-21 15:15:04,14179,14179,14179,2,-2
2022-12-21 15:15:04,14180,14180,14180,2,2
2022-12-21 15:15:08,14180,14180,14180,2,0
2022-12-21 15:15:11,14180,14180,14180,4,0
2022-12-21 15:15:11,14179,14179,14179,2,-2
2022-12-21 15:15:15,14178,14178,14178,4,-4
2022-12-21 15:15:15,14178,14178,14178,10,0
2022-12-21 15:15:15,14178,14178,14178,2,0
2022-12-21 15:15:17,14178,14178,14178,4,0
2022-12-21 15:15:19,14177,14177,14177,2,-2
2022-12-21 15:15:19,14177,14177,14177,4,0
2022-12-21 15:15:19,14177,14177,14177,2,0
2022-12-21 15:15:24,14177,14177,14177,2,0
2022-12-21 15:15:24,14177,14177,14177,2,0
2022-12-21 15:15:24,14177,14177,14177,2,0
2022-12-21 15:15:26,14176,14176,14176,2,-2
2022-12-21 15:15:26,14176,14176,14176,2,0
2022-12-21 15:15:26,14176,14176,14176,2,0
2022-12-21 15:15:26,14176,14176,14176,22,0
2022-12-21 15:15:26,14176,14176,14176,2,0
2022-12-21 15:15:26,14176,14176,14176,2,0
2022-12-21 15:15:26,14176,14176,14176,8,0
2022-12-21 15:15:26,14176,14176,14176,8,0
2022-12-21 15:15:26,14176,14176,14176,4,0
2022-12-21 15:15:26,14176,14176,14176,2,0
2022-12-21 15:15:26,14176,14176,14176,2,0
2022-12-21 15:15:26,14176,14176,14176,2,0
2022-12-21 15:15:26,14176,14176,14176,2,0
2022-12-21 15:15:27,14177,14177,14177,4,4
2022-12-21 15:15:29,14176,14176,14176,2,-2
2022-12-21 15:15:32,14176,14176,14176,2,0
2022-12-21 15:15:37,14176,14176,14176,2,0
2022-12-21 15:15:37,14175,14175,14175,2,-2
2022-12-21 15:15:37,14175,14175,14175,2,0
2022-12-21 15:15:37,14175,14175,14175,4,0
2022-12-21 15:15:38,14176,14176,14176,4,4
2022-12-21 15:15:40,14175,14175,14175,2,-2
2022-12-21 15:15:40,14175,14175,14175,2,0
2022-12-21 15:15:40,14175,14175,14175,4,0
2022-12-21 15:15:43,14175,14175,14175,4,0
2022-12-21 15:15:44,14175,14175,14175,2,0
2022-12-21 15:15:44,14175,14175,14175,2,0
2022-12-21 15:15:44,14175,14175,14175,2,0
2022-12-21 15:15:44,14175,14175,14175,2,0
2022-12-21 15:15:44,14175,14175,14175,2,0
2022-12-21 15:15:44,14175,14175,14175,2,0
2022-12-21 15:15:44,14175,14175,14175,2,0
2022-12-21 15:15:44,14175,14175,14175,2,0
2022-12-21 15:15:44,14175,14175,14175,2,0
2022-12-21 15:15:44,14175,14175,14175,2,0
2022-12-21 15:15:48,14175,14175,14175,2,0
2022-12-21 15:15:48,14175,14175,14175,2,0
2022-12-21 15:15:48,14175,14175,14175,16,0
2022-12-21 15:15:48,14175,14175,14175,2,0
2022-12-21 15:15:48,14175,14175,14175,2,0
2022-12-21 15:15:48,14175,14175,14175,2,0
2022-12-21 15:15:48,14175,14175,14175,2,0
2022-12-21 15:15:48,14175,14175,14175,2,0
2022-12-21 15:15:48,14175,14175,14175,2,0
2022-12-21 15:15:48,14175,14175,14175,2,0
2022-12-21 15:15:49,14176,14176,14176,8,8
2022-12-21 15:15:49,14175,14175,14175,2,-2
2022-12-21 15:15:50,14175,14175,14175,2,0
2022-12-21 15:15:50,14175,14175,14175,2,0
2022-12-21 15:15:51,14175,14175,14175,2,0
2022-12-21 15:15:51,14175,14175,14175,2,0
2022-12-21 15:15:52,14175,14175,14175,2,0
2022-12-21 15:15:53,14175,14175,14175,2,0
2022-12-21 15:15:56,14175,14175,14175,2,0
2022-12-21 15:15:59,14175,14175,14175,2,0
2022-12-21 15:16:01,14174,14174,14174,2,-2
2022-12-21 15:16:01,14174,14174,14174,2,0
2022-12-21 15:16:04,14174,14174,14174,4,0
2022-12-21 15:16:04,14174,14174,14174,2,0
2022-12-21 15:16:06,14174,14174,14174,2,0
2022-12-21 15:16:06,14174,14174,14174,2,0
2022-12-21 15:16:09,14173,14173,14173,2,-2
2022-12-21 15:16:09,14173,14173,14173,2,0
2022-12-21 15:16:11,14174,14174,14174,2,2
2022-12-21 15:16:12,14174,14174,14174,4,0
2022-12-21 15:16:13,14174,14174,14174,2,0
2022-12-21 15:16:16,14174,14174,14174,2,0
2022-12-21 15:16:19,14174,14174,14174,2,0
2022-12-21 15:16:19,14173,14173,14173,2,-2
2022-12-21 15:16:20,14174,14174,14174,2,2
2022-12-21 15:16:22,14174,14174,14174,2,0
2022-12-21 15:16:23,14174,14174,14174,2,0
2022-12-21 15:16:24,14174,14174,14174,2,0
2022-12-21 15:16:26,14175,14175,14175,2,2
2022-12-21 15:16:26,14175,14175,14175,6,0
2022-12-21 15:16:28,14175,14175,14175,2,0
2022-12-21 15:16:32,14174,14174,14174,2,-2
2022-12-21 15:16:35,14175,14175,14175,2,2
2022-12-21 15:16:37,14175,14175,14175,4,0
2022-12-21 15:16:38,14175,14175,14175,2,0
2022-12-21 15:16:38,14175,14175,14175,2,0
2022-12-21 15:16:41,14174,14174,14174,2,-2
2022-12-21 15:16:41,14174,14174,14174,2,0
2022-12-21 15:16:42,14175,14175,14175,2,2
2022-12-21 15:16:42,14175,14175,14175,2,0
2022-12-21 15:16:42,14175,14175,14175,6,0
2022-12-21 15:16:44,14175,14175,14175,2,0
2022-12-21 15:16:45,14174,14174,14174,2,-2
2022-12-21 15:16:45,14174,14174,14174,2,0
2022-12-21 15:16:45,14174,14174,14174,2,0
2022-12-21 15:16:45,14175,14175,14175,6,6
2022-12-21 15:16:47,14174,14174,14174,2,-2
2022-12-21 15:16:48,14175,14175,14175,18,18
2022-12-21 15:16:50,14175,14175,14175,2,0
2022-12-21 15:16:50,14174,14174,14174,2,-2
2022-12-21 15:17:00,14176,14176,14176,2,2
2022-12-21 15:17:00,14176,14176,14176,8,0
2022-12-21 15:17:00,14176,14176,14176,20,0
2022-12-21 15:17:01,14176,14176,14176,2,0
2022-12-21 15:17:05,14176,14176,14176,2,0
2022-12-21 15:17:13,14177,14177,14177,2,2
2022-12-21 15:17:24,14177,14177,14177,2,0
2022-12-21 15:17:30,14177,14177,14177,2,0
2022-12-21 15:17:33,14177,14177,14177,2,0
2022-12-21 15:17:33,14177,14177,14177,2,0
2022-12-21 15:17:33,14177,14177,14177,2,0
2022-12-21 15:17:47,14176,14176,14176,2,-2
2022-12-21 15:17:49,14177,14177,14177,10,10
2022-12-21 15:17:49,14177,14177,14177,2,0
2022-12-21 15:17:59,14177,14177,14177,2,0
2022-12-21 15:17:59,14176,14176,14176,2,-2
2022-12-21 15:17:59,14176,14176,14176,2,0
2022-12-21 15:17:59,14176,14176,14176,2,0
2022-12-21 15:17:59,14176,14176,14176,2,0
2022-12-21 15:17:59,14176,14176,14176,2,0
2022-12-21 15:18:04,14177,14177,14177,10,10
2022-12-21 15:18:14,14176,14176,14176,2,-2
2022-12-21 15:18:26,14176,14176,14176,2,0
2022-12-21 15:18:48,14176,14176,14176,2,0
2022-12-21 15:18:55,14176,14176,14176,8,0
2022-12-21 15:18:55,14176,14176,14176,2,0
2022-12-21 15:18:55,14176,14176,14176,2,0
2022-12-21 15:18:55,14176,14176,14176,2,0
2022-12-21 15:18:55,14176,14176,14176,2,0
2022-12-21 15:18:55,14176,14176,14176,2,0
2022-12-21 15:18:55,14176,14176,14176,2,0
2022-12-21 15:19:00,14175,14175,14175,2,-2
2022-12-21 15:19:01,14175,14175,14175,2,0
2022-12-21 15:19:01,14175,14175,14175,2,0
2022-12-21 15:19:01,14175,14175,14175,2,0
2022-12-21 15:19:01,14174,14174,14174,2,-2
2022-12-21 15:19:04,14175,14175,14175,2,2
2022-12-21 15:19:06,14175,14175,14175,4,0
2022-12-21 15:19:06,14175,14175,14175,4,0
2022-12-21 15:19:06,14175,14175,14175,2,0
2022-12-21 15:19:06,14176,14176,14176,2,2
2022-12-21 15:19:07,14176,14176,14176,2,0
2022-12-21 15:19:07,14176,14176,14176,4,0
2022-12-21 15:19:23,14177,14177,14177,2,2
2022-12-21 15:19:30,14177,14177,14177,2,0
2022-12-21 15:19:41,14177,14177,14177,22,0
2022-12-21 15:19:52,14177,14177,14177,2,0
2022-12-21 15:19:52,14177,14177,14177,2,0
2022-12-21 15:19:52,14177,14177,14177,2,0
2022-12-21 15:19:55,14177,14177,14177,4,0
2022-12-21 15:20:00,14177,14177,14177,2,0
2022-12-21 15:20:01,14178,14178,14178,10,10
2022-12-21 15:20:03,14176,14176,14176,2,-2
2022-12-21 15:20:07,14177,14177,14177,6,6
2022-12-21 15:20:09,14177,14177,14177,2,0
2022-12-21 15:20:09,14178,14178,14178,8,8
2022-12-21 15:20:18,14177,14177,14177,4,-4
2022-12-21 15:20:18,14177,14177,14177,4,0
2022-12-21 15:20:18,14177,14177,14177,4,0
2022-12-21 15:20:18,14177,14177,14177,8,0
2022-12-21 15:20:18,14177,14177,14177,2,0
2022-12-21 15:20:27,14178,14178,14178,2,2
2022-12-21 15:20:33,14177,14177,14177,2,-2
2022-12-21 15:20:40,14178,14178,14178,4,4
2022-12-21 15:20:46,14178,14178,14178,2,0
2022-12-21 15:20:46,14178,14178,14178,2,0
2022-12-21 15:20:55,14178,14178,14178,16,0
2022-12-21 15:20:56,14178,14178,14178,6,0
2022-12-21 15:20:56,14178,14178,14178,2,0
2022-12-21 15:20:56,14178,14178,14178,12,0
2022-12-21 15:20:57,14179,14179,14179,10,10
2022-12-21 15:20:58,14179,14179,14179,2,0
2022-12-21 15:20:58,14179,14179,14179,10,0
2022-12-21 15:21:05,14180,14180,14180,2,2
2022-12-21 15:21:09,14180,14180,14180,6,0
2022-12-21 15:21:09,14180,14180,14180,8,0
2022-12-21 15:21:09,14180,14180,14180,4,0
2022-12-21 15:21:09,14180,14180,14180,2,0
2022-12-21 15:21:09,14180,14180,14180,2,0
2022-12-21 15:21:09,14180,14180,14180,8,0
2022-12-21 15:21:09,14180,14180,14180,2,0
2022-12-21 15:21:13,14181,14181,14181,4,4
2022-12-21 15:21:15,14180,14180,14180,2,-2
2022-12-21 15:21:15,14181,14181,14181,4,4
2022-12-21 15:21:16,14181,14181,14181,2,0
2022-12-21 15:21:17,14181,14181,14181,2,0
2022-12-21 15:21:18,14181,14181,14181,4,0
2022-12-21 15:21:18,14181,14181,14181,4,0
2022-12-21 15:21:18,14180,14180,14180,2,-2
2022-12-21 15:21:19,14180,14180,14180,2,0
2022-12-21 15:21:20,14181,14181,14181,2,2
2022-12-21 15:21:21,14180,14180,14180,2,-2
2022-12-21 15:21:23,14180,14180,14180,2,0
2022-12-21 15:21:26,14181,14181,14181,2,2
2022-12-21 15:21:29,14181,14181,14181,2,0
2022-12-21 15:21:30,14180,14180,14180,2,-2
2022-12-21 15:21:30,14179,14179,14179,2,-2
2022-12-21 15:21:30,14179,14179,14179,2,0
2022-12-21 15:21:30,14179,14179,14179,2,0
2022-12-21 15:21:30,14179,14179,14179,2,0
2022-12-21 15:21:30,14179,14179,14179,2,0
2022-12-21 15:21:30,14179,14179,14179,2,0
2022-12-21 15:21:32,14180,14180,14180,2,2
2022-12-21 15:21:33,14180,14180,14180,2,0
2022-12-21 15:21:35,14180,14180,14180,2,0
2022-12-21 15:21:44,14179,14179,14179,2,-2
2022-12-21 15:21:44,14179,14179,14179,4,0
2022-12-21 15:21:45,14180,14180,14180,2,2
2022-12-21 15:21:48,14180,14180,14180,2,0
2022-12-21 15:21:50,14180,14180,14180,2,0
2022-12-21 15:22:02,14179,14179,14179,2,-2
2022-12-21 15:22:04,14178,14178,14178,2,-2
2022-12-21 15:22:06,14178,14178,14178,2,0
2022-12-21 15:22:06,14178,14178,14178,2,0
2022-12-21 15:22:06,14178,14178,14178,2,0
2022-12-21 15:22:07,14178,14178,14178,6,0
2022-12-21 15:22:20,14178,14178,14178,4,0
2022-12-21 15:22:20,14178,14178,14178,2,0
2022-12-21 15:22:24,14177,14177,14177,2,-2
2022-12-21 15:22:24,14177,14177,14177,2,0
2022-12-21 15:22:24,14177,14177,14177,2,0
2022-12-21 15:22:24,14177,14177,14177,2,0
2022-12-21 15:22:24,14177,14177,14177,2,0
2022-12-21 15:22:24,14177,14177,14177,2,0
2022-12-21 15:22:24,14177,14177,14177,2,0
2022-12-21 15:22:24,14177,14177,14177,2,0
2022-12-21 15:22:24,14177,14177,14177,2,0
2022-12-21 15:22:28,14176,14176,14176,8,-8
2022-12-21 15:22:28,14176,14176,14176,2,0
2022-12-21 15:22:28,14176,14176,14176,2,0
2022-12-21 15:22:28,14176,14176,14176,2,0
2022-12-21 15:22:42,14176,14176,14176,2,0
2022-12-21 15:22:43,14176,14176,14176,2,0
2022-12-21 15:22:51,14176,14176,14176,2,0
2022-12-21 15:22:52,14175,14175,14175,2,-2
2022-12-21 15:22:54,14176,14176,14176,4,4
2022-12-21 15:22:55,14176,14176,14176,2,0
2022-12-21 15:22:55,14175,14175,14175,2,-2
2022-12-21 15:23:01,14175,14175,14175,2,0
2022-12-21 15:23:01,14175,14175,14175,2,0
2022-12-21 15:23:01,14175,14175,14175,2,0
2022-12-21 15:23:01,14175,14175,14175,2,0
2022-12-21 15:23:02,14175,14175,14175,2,0
2022-12-21 15:23:04,14175,14175,14175,2,0
2022-12-21 15:23:04,14175,14175,14175,2,0
2022-12-21 15:23:04,14175,14175,14175,2,0
2022-12-21 15:23:04,14175,14175,14175,2,0
2022-12-21 15:23:04,14175,14175,14175,2,0
2022-12-21 15:23:04,14175,14175,14175,2,0
2022-12-21 15:23:07,14175,14175,14175,2,0
2022-12-21 15:23:10,14175,14175,14175,2,0
2022-12-21 15:23:12,14175,14175,14175,6,0
2022-12-21 15:23:19,14175,14175,14175,2,0
2022-12-21 15:23:26,14176,14176,14176,2,2
2022-12-21 15:23:34,14174,14174,14174,2,-2
2022-12-21 15:23:36,14174,14174,14174,2,0
2022-12-21 15:23:36,14174,14174,14174,4,0
2022-12-21 15:23:36,14174,14174,14174,2,0
2022-12-21 15:23:36,14174,14174,14174,2,0
2022-12-21 15:23:46,14174,14174,14174,2,0
2022-12-21 15:23:46,14174,14174,14174,2,0
2022-12-21 15:23:46,14174,14174,14174,2,0
2022-12-21 15:23:46,14174,14174,14174,2,0
2022-12-21 15:23:46,14174,14174,14174,2,0
2022-12-21 15:23:46,14174,14174,14174,2,0
2022-12-21 15:23:46,14173,14173,14173,2,-2
2022-12-21 15:23:46,14173,14173,14173,2,0
2022-12-21 15:23:46,14173,14173,14173,2,0
2022-12-21 15:23:46,14173,14173,14173,2,0
2022-12-21 15:23:46,14173,14173,14173,2,0
2022-12-21 15:23:46,14174,14174,14174,2,2
2022-12-21 15:23:46,14173,14173,14173,2,-2
2022-12-21 15:23:46,14173,14173,14173,2,0
2022-12-21 15:23:46,14173,14173,14173,2,0
2022-12-21 15:23:46,14173,14173,14173,2,0
2022-12-21 15:23:46,14173,14173,14173,2,0
2022-12-21 15:23:46,14173,14173,14173,2,0
2022-12-21 15:23:51,14174,14174,14174,2,2
2022-12-21 15:23:51,14174,14174,14174,2,0
2022-12-21 15:23:54,14174,14174,14174,2,0
2022-12-21 15:23:55,14173,14173,14173,2,-2
2022-12-21 15:23:55,14174,14174,14174,2,2
2022-12-21 15:23:58,14174,14174,14174,4,0
2022-12-21 15:24:09,14174,14174,14174,2,0
2022-12-21 15:24:09,14174,14174,14174,2,0
2022-12-21 15:24:12,14174,14174,14174,2,0
2022-12-21 15:24:14,14174,14174,14174,2,0
2022-12-21 15:24:16,14173,14173,14173,2,-2
2022-12-21 15:24:17,14175,14175,14175,2,2
2022-12-21 15:24:17,14175,14175,14175,4,0
2022-12-21 15:24:18,14173,14173,14173,2,-2
2022-12-21 15:24:18,14173,14173,14173,2,0
2022-12-21 15:24:18,14173,14173,14173,6,0
2022-12-21 15:24:19,14173,14173,14173,2,0
2022-12-21 15:24:25,14173,14173,14173,4,0
2022-12-21 15:24:36,14174,14174,14174,4,4
2022-12-21 15:24:36,14174,14174,14174,6,0
2022-12-21 15:24:36,14173,14173,14173,2,-2
2022-12-21 15:24:36,14173,14173,14173,4,0
2022-12-21 15:24:38,14174,14174,14174,2,2
2022-12-21 15:24:45,14174,14174,14174,4,0
2022-12-21 15:24:45,14174,14174,14174,2,0
2022-12-21 15:25:18,14173,14173,14173,2,-2
2022-12-21 15:25:18,14173,14173,14173,2,0
2022-12-21 15:25:18,14173,14173,14173,16,0
2022-12-21 15:25:18,14173,14173,14173,6,0
2022-12-21 15:25:18,14173,14173,14173,6,0
2022-12-21 15:25:18,14173,14173,14173,2,0
2022-12-21 15:25:18,14172,14172,14172,2,-2
2022-12-21 15:25:18,14172,14172,14172,2,0
2022-12-21 15:25:18,14172,14172,14172,2,0
2022-12-21 15:25:18,14172,14172,14172,2,0
2022-12-21 15:25:35,14172,14172,14172,2,0
2022-12-21 15:25:39,14172,14172,14172,2,0
2022-12-21 15:25:56,14172,14172,14172,6,0
2022-12-21 15:25:56,14172,14172,14172,2,0
2022-12-21 15:25:56,14172,14172,14172,2,0
2022-12-21 15:25:56,14172,14172,14172,2,0
2022-12-21 15:25:56,14172,14172,14172,2,0
2022-12-21 15:25:56,14172,14172,14172,4,0
2022-12-21 15:25:56,14172,14172,14172,2,0
2022-12-21 15:25:56,14172,14172,14172,2,0
2022-12-21 15:25:56,14172,14172,14172,6,0
2022-12-21 15:25:56,14172,14172,14172,4,0
2022-12-21 15:25:56,14172,14172,14172,2,0
2022-12-21 15:25:56,14172,14172,14172,2,0
2022-12-21 15:25:56,14172,14172,14172,2,0
2022-12-21 15:25:56,14172,14172,14172,2,0
2022-12-21 15:25:56,14172,14172,14172,2,0
2022-12-21 15:25:56,14172,14172,14172,4,0
2022-12-21 15:25:56,14172,14172,14172,2,0
2022-12-21 15:25:56,14172,14172,14172,2,0
2022-12-21 15:25:56,14172,14172,14172,2,0
2022-12-21 15:25:56,14172,14172,14172,2,0
2022-12-21 15:25:56,14172,14172,14172,2,0
2022-12-21 15:25:57,14171,14171,14171,2,-2
2022-12-21 15:25:58,14171,14171,14171,2,0
2022-12-21 15:25:58,14171,14171,14171,2,0
2022-12-21 15:25:59,14171,14171,14171,2,0
2022-12-21 15:26:04,14172,14172,14172,6,6
2022-12-21 15:26:14,14171,14171,14171,2,-2
2022-12-21 15:26:14,14171,14171,14171,2,0
2022-12-21 15:26:18,14171,14171,14171,2,0
2022-12-21 15:26:19,14171,14171,14171,2,0
2022-12-21 15:26:20,14171,14171,14171,2,0
2022-12-21 15:26:20,14171,14171,14171,2,0
2022-12-21 15:26:27,14171,14171,14171,2,0
2022-12-21 15:26:30,14171,14171,14171,2,0
2022-12-21 15:26:30,14171,14171,14171,2,0
2022-12-21 15:26:30,14171,14171,14171,2,0
2022-12-21 15:26:32,14171,14171,14171,2,0
2022-12-21 15:26:36,14171,14171,14171,2,0
2022-12-21 15:26:45,14172,14172,14172,2,2
2022-12-21 15:26:50,14172,14172,14172,2,0
2022-12-21 15:26:56,14172,14172,14172,18,0
2022-12-21 15:26:56,14172,14172,14172,2,0
2022-12-21 15:26:56,14172,14172,14172,4,0
2022-12-21 15:26:56,14172,14172,14172,6,0
2022-12-21 15:26:56,14172,14172,14172,2,0
2022-12-21 15:26:56,14173,14173,14173,6,6
2022-12-21 15:26:56,14173,14173,14173,8,0
2022-12-21 15:26:56,14173,14173,14173,2,0
2022-12-21 15:26:56,14172,14172,14172,4,-4
2022-12-21 15:26:56,14172,14172,14172,2,0
2022-12-21 15:27:01,14173,14173,14173,2,2
2022-12-21 15:27:07,14174,14174,14174,2,2
2022-12-21 15:27:15,14173,14173,14173,2,-2
2022-12-21 15:27:18,14174,14174,14174,2,2
2022-12-21 15:27:20,14173,14173,14173,2,-2
2022-12-21 15:27:22,14174,14174,14174,2,2
2022-12-21 15:27:29,14173,14173,14173,2,-2
2022-12-21 15:27:32,14174,14174,14174,10,10
2022-12-21 15:27:38,14174,14174,14174,2,0
2022-12-21 15:28:02,14174,14174,14174,4,0
2022-12-21 15:28:03,14174,14174,14174,4,0
2022-12-21 15:28:26,14175,14175,14175,8,8
2022-12-21 15:28:27,14176,14176,14176,6,6
2022-12-21 15:28:27,14177,14177,14177,4,4
2022-12-21 15:28:54,14175,14175,14175,2,-2
2022-12-21 15:28:57,14176,14176,14176,4,4
2022-12-21 15:28:57,14177,14177,14177,2,2
2022-12-21 15:29:06,14176,14176,14176,2,-2
2022-12-21 15:29:14,14175,14175,14175,2,-2
2022-12-21 15:29:16,14176,14176,14176,2,2
2022-12-21 15:29:21,14177,14177,14177,2,2
2022-12-21 15:29:24,14176,14176,14176,2,-2
2022-12-21 15:29:24,14176,14176,14176,2,0
2022-12-21 15:29:36,14176,14176,14176,2,0
2022-12-21 15:29:40,14176,14176,14176,2,0
2022-12-21 15:29:57,14175,14175,14175,2,-2
2022-12-21 15:29:59,14176,14176,14176,2,2
2022-12-21 15:30:00,14176,14176,14176,2,0
2022-12-21 15:30:00,14175,14175,14175,2,-2
2022-12-21 15:30:00,14175,14175,14175,2,0
2022-12-21 15:30:00,14175,14175,14175,2,0
2022-12-21 15:30:00,14175,14175,14175,4,0
2022-12-21 15:30:00,14175,14175,14175,2,0
2022-12-21 15:30:00,14175,14175,14175,2,0
2022-12-21 15:30:00,14174,14174,14174,2,-2
2022-12-21 15:30:05,14174,14174,14174,2,0
2022-12-21 15:30:05,14174,14174,14174,2,0
2022-12-21 15:30:07,14175,14175,14175,6,6
2022-12-21 15:30:29,14176,14176,14176,4,4
2022-12-21 15:30:37,14176,14176,14176,2,0
2022-12-21 15:30:41,14177,14177,14177,10,10
2022-12-21 15:30:48,14177,14177,14177,12,0
2022-12-21 15:30:49,14177,14177,14177,2,0
2022-12-21 15:30:49,14177,14177,14177,16,0
2022-12-21 15:30:49,14177,14177,14177,8,0
2022-12-21 15:30:49,14177,14177,14177,4,0
2022-12-21 15:30:54,14177,14177,14177,2,0
2022-12-21 15:30:55,14177,14177,14177,2,0
2022-12-21 15:31:00,14178,14178,14178,2,2
2022-12-21 15:31:02,14178,14178,14178,2,0
2022-12-21 15:31:02,14178,14178,14178,2,0
2022-12-21 15:31:02,14178,14178,14178,6,0
2022-12-21 15:31:02,14178,14178,14178,2,0
2022-12-21 15:31:02,14178,14178,14178,8,0
2022-12-21 15:31:02,14178,14178,14178,4,0
2022-12-21 15:31:03,14178,14178,14178,2,0
2022-12-21 15:31:03,14179,14179,14179,14,14
2022-12-21 15:31:04,14180,14180,14180,2,2
2022-12-21 15:31:04,14180,14180,14180,6,0
2022-12-21 15:31:04,14180,14180,14180,28,0
2022-12-21 15:31:04,14180,14180,14180,2,0
2022-12-21 15:31:04,14180,14180,14180,2,0
2022-12-21 15:31:04,14180,14180,14180,8,0
2022-12-21 15:31:04,14180,14180,14180,16,0
2022-12-21 15:31:04,14180,14180,14180,10,0
2022-12-21 15:31:04,14181,14181,14181,2,2
2022-12-21 15:31:04,14181,14181,14181,2,0
2022-12-21 15:31:04,14181,14181,14181,6,0
2022-12-21 15:31:04,14181,14181,14181,2,0
2022-12-21 15:31:04,14181,14181,14181,2,0
2022-12-21 15:31:04,14181,14181,14181,2,0
2022-12-21 15:31:04,14182,14182,14182,4,4
2022-12-21 15:31:04,14182,14182,14182,2,0
2022-12-21 15:31:05,14182,14182,14182,2,0
2022-12-21 15:31:05,14182,14182,14182,4,0
2022-12-21 15:31:05,14182,14182,14182,2,0
2022-12-21 15:31:05,14182,14182,14182,4,0
2022-12-21 15:31:06,14182,14182,14182,4,0
2022-12-21 15:31:11,14182,14182,14182,2,0
2022-12-21 15:31:11,14182,14182,14182,2,0
2022-12-21 15:31:11,14182,14182,14182,2,0
2022-12-21 15:31:12,14182,14182,14182,2,0
2022-12-21 15:31:15,14181,14181,14181,2,-2
2022-12-21 15:31:18,14181,14181,14181,2,0
2022-12-21 15:31:18,14182,14182,14182,4,4
2022-12-21 15:31:22,14181,14181,14181,2,-2
2022-12-21 15:31:23,14182,14182,14182,2,2
2022-12-21 15:31:25,14181,14181,14181,2,-2
2022-12-21 15:31:33,14182,14182,14182,2,2
2022-12-21 15:31:34,14181,14181,14181,2,-2
2022-12-21 15:31:39,14181,14181,14181,2,0
2022-12-21 15:31:42,14181,14181,14181,10,0
2022-12-21 15:31:46,14181,14181,14181,10,0
2022-12-21 15:31:51,14181,14181,14181,2,0
2022-12-21 15:31:52,14181,14181,14181,2,0
2022-12-21 15:31:52,14180,14180,14180,2,-2
2022-12-21 15:31:56,14181,14181,14181,18,18
2022-12-21 15:31:57,14181,14181,14181,2,0
2022-12-21 15:32:00,14180,14180,14180,2,-2
2022-12-21 15:32:00,14181,14181,14181,2,2
2022-12-21 15:32:01,14180,14180,14180,2,-2
2022-12-21 15:32:01,14180,14180,14180,2,0
2022-12-21 15:32:01,14181,14181,14181,4,4
2022-12-21 15:32:03,14180,14180,14180,2,-2
2022-12-21 15:32:03,14180,14180,14180,2,0
2022-12-21 15:32:03,14180,14180,14180,2,0
2022-12-21 15:32:06,14180,14180,14180,2,0
2022-12-21 15:32:09,14180,14180,14180,2,0
2022-12-21 15:32:09,14181,14181,14181,2,2
2022-12-21 15:32:09,14180,14180,14180,4,-4
2022-12-21 15:32:09,14180,14180,14180,2,0
2022-12-21 15:32:09,14180,14180,14180,2,0
2022-12-21 15:32:09,14180,14180,14180,2,0
2022-12-21 15:32:12,14181,14181,14181,2,2
2022-12-21 15:32:17,14181,14181,14181,12,0
2022-12-21 15:32:29,14181,14181,14181,2,0
2022-12-21 15:32:35,14181,14181,14181,2,0
2022-12-21 15:32:48,14181,14181,14181,4,0
2022-12-21 15:32:50,14181,14181,14181,2,0
2022-12-21 15:33:00,14181,14181,14181,2,0
2022-12-21 15:33:03,14180,14180,14180,2,-2
2022-12-21 15:33:03,14180,14180,14180,2,0
2022-12-21 15:33:03,14180,14180,14180,2,0
2022-12-21 15:33:03,14180,14180,14180,2,0
2022-12-21 15:33:03,14180,14180,14180,2,0
2022-12-21 15:33:17,14179,14179,14179,4,-4
2022-12-21 15:33:17,14179,14179,14179,2,0
2022-12-21 15:33:17,14179,14179,14179,2,0
2022-12-21 15:33:17,14179,14179,14179,2,0
2022-12-21 15:33:17,14179,14179,14179,2,0
2022-12-21 15:33:17,14178,14178,14178,2,-2
2022-12-21 15:33:17,14178,14178,14178,2,0
2022-12-21 15:33:17,14178,14178,14178,2,0
2022-12-21 15:33:17,14178,14178,14178,2,0
2022-12-21 15:33:17,14178,14178,14178,2,0
2022-12-21 15:33:20,14177,14177,14177,2,-2
2022-12-21 15:33:20,14177,14177,14177,2,0
2022-12-21 15:33:21,14177,14177,14177,2,0
2022-12-21 15:33:21,14177,14177,14177,2,0
2022-12-21 15:33:21,14177,14177,14177,2,0
2022-12-21 15:33:24,14176,14176,14176,2,-2
2022-12-21 15:33:24,14176,14176,14176,2,0
2022-12-21 15:33:24,14176,14176,14176,2,0
2022-12-21 15:33:24,14176,14176,14176,2,0
2022-12-21 15:33:24,14176,14176,14176,2,0
2022-12-21 15:33:25,14177,14177,14177,4,4
2022-12-21 15:33:30,14176,14176,14176,2,-2
2022-12-21 15:33:30,14176,14176,14176,2,0
2022-12-21 15:33:30,14176,14176,14176,2,0
2022-12-21 15:33:30,14176,14176,14176,2,0
2022-12-21 15:33:30,14176,14176,14176,2,0
2022-12-21 15:33:30,14176,14176,14176,2,0
2022-12-21 15:33:30,14176,14176,14176,2,0
2022-12-21 15:33:30,14175,14175,14175,6,-6
2022-12-21 15:33:30,14175,14175,14175,4,0
2022-12-21 15:33:30,14175,14175,14175,2,0
2022-12-21 15:33:30,14175,14175,14175,2,0
2022-12-21 15:33:30,14175,14175,14175,2,0
2022-12-21 15:33:30,14175,14175,14175,6,0
2022-12-21 15:33:30,14175,14175,14175,6,0
2022-12-21 15:33:30,14175,14175,14175,2,0
2022-12-21 15:33:30,14175,14175,14175,2,0
2022-12-21 15:33:30,14175,14175,14175,12,0
2022-12-21 15:33:30,14175,14175,14175,2,0
2022-12-21 15:33:30,14176,14176,14176,4,4
2022-12-21 15:33:45,14176,14176,14176,8,0
2022-12-21 15:33:45,14175,14175,14175,2,-2
2022-12-21 15:34:00,14177,14177,14177,2,2
2022-12-21 15:34:02,14177,14177,14177,2,0
2022-12-21 15:34:11,14177,14177,14177,4,0
2022-12-21 15:34:12,14177,14177,14177,2,0
2022-12-21 15:34:14,14177,14177,14177,2,0
2022-12-21 15:34:15,14176,14176,14176,2,-2
2022-12-21 15:34:15,14176,14176,14176,2,0
2022-12-21 15:34:15,14176,14176,14176,2,0
2022-12-21 15:34:15,14176,14176,14176,2,0
2022-12-21 15:34:15,14176,14176,14176,2,0
2022-12-21 15:34:29,14177,14177,14177,2,2
2022-12-21 15:34:37,14177,14177,14177,2,0
2022-12-21 15:34:42,14177,14177,14177,2,0
2022-12-21 15:34:42,14177,14177,14177,2,0
2022-12-21 15:34:55,14177,14177,14177,2,0
2022-12-21 15:35:21,14177,14177,14177,2,0
2022-12-21 15:35:30,14176,14176,14176,2,-2
2022-12-21 15:35:30,14176,14176,14176,2,0
2022-12-21 15:35:32,14176,14176,14176,2,0
2022-12-21 15:35:33,14176,14176,14176,2,0
2022-12-21 15:35:33,14176,14176,14176,2,0
2022-12-21 15:35:33,14176,14176,14176,2,0
2022-12-21 15:35:35,14175,14175,14175,2,-2
2022-12-21 15:35:35,14175,14175,14175,2,0
2022-12-21 15:36:00,14176,14176,14176,2,2
2022-12-21 15:36:00,14176,14176,14176,2,0
2022-12-21 15:36:08,14177,14177,14177,2,2
2022-12-21 15:36:10,14177,14177,14177,2,0
2022-12-21 15:36:21,14176,14176,14176,2,-2
2022-12-21 15:36:28,14175,14175,14175,2,-2
2022-12-21 15:36:32,14175,14175,14175,2,0
2022-12-21 15:36:42,14175,14175,14175,4,0
2022-12-21 15:36:42,14175,14175,14175,2,0
2022-12-21 15:36:42,14175,14175,14175,2,0
2022-12-21 15:36:55,14176,14176,14176,4,4
2022-12-21 15:37:01,14176,14176,14176,2,0
2022-12-21 15:37:15,14177,14177,14177,8,8
2022-12-21 15:37:30,14177,14177,14177,2,0
2022-12-21 15:37:30,14177,14177,14177,4,0
2022-12-21 15:37:30,14177,14177,14177,2,0
2022-12-21 15:37:35,14178,14178,14178,2,2
2022-12-21 15:37:37,14177,14177,14177,2,-2
2022-12-21 15:37:37,14177,14177,14177,2,0
2022-12-21 15:37:37,14177,14177,14177,2,0
2022-12-21 15:37:40,14178,14178,14178,2,2
2022-12-21 15:37:47,14178,14178,14178,2,0
2022-12-21 15:37:50,14178,14178,14178,2,0
2022-12-21 15:37:50,14177,14177,14177,2,-2
2022-12-21 15:37:50,14177,14177,14177,2,0
2022-12-21 15:37:50,14177,14177,14177,2,0
2022-12-21 15:37:50,14177,14177,14177,4,0
2022-12-21 15:38:01,14177,14177,14177,2,0
2022-12-21 15:38:14,14177,14177,14177,2,0
2022-12-21 15:38:14,14177,14177,14177,2,0
2022-12-21 15:38:17,14176,14176,14176,2,-2
2022-12-21 15:38:17,14176,14176,14176,2,0
2022-12-21 15:38:27,14177,14177,14177,2,2
2022-12-21 15:38:29,14176,14176,14176,2,-2
2022-12-21 15:38:29,14176,14176,14176,2,0
2022-12-21 15:38:30,14176,14176,14176,2,0
2022-12-21 15:38:30,14176,14176,14176,2,0
2022-12-21 15:38:44,14176,14176,14176,2,0
2022-12-21 15:38:44,14176,14176,14176,2,0
2022-12-21 15:38:44,14176,14176,14176,2,0
2022-12-21 15:38:44,14176,14176,14176,2,0
2022-12-21 15:39:00,14175,14175,14175,2,-2
2022-12-21 15:39:01,14176,14176,14176,2,2
2022-12-21 15:39:02,14176,14176,14176,2,0
2022-12-21 15:39:02,14176,14176,14176,8,0
2022-12-21 15:39:02,14176,14176,14176,2,0
2022-12-21 15:39:07,14176,14176,14176,2,0
2022-12-21 15:39:19,14177,14177,14177,2,2
2022-12-21 15:39:19,14177,14177,14177,6,0
2022-12-21 15:39:21,14178,14178,14178,2,2
2022-12-21 15:39:27,14177,14177,14177,4,-4
2022-12-21 15:39:27,14177,14177,14177,8,0
2022-12-21 15:39:28,14178,14178,14178,2,2
2022-12-21 15:39:31,14176,14176,14176,2,-2
2022-12-21 15:39:31,14176,14176,14176,2,0
2022-12-21 15:39:31,14176,14176,14176,10,0
2022-12-21 15:39:31,14176,14176,14176,2,0
2022-12-21 15:39:31,14176,14176,14176,4,0
2022-12-21 15:39:31,14176,14176,14176,2,0
2022-12-21 15:39:31,14176,14176,14176,6,0
2022-12-21 15:39:33,14177,14177,14177,4,4
2022-12-21 15:39:37,14177,14177,14177,2,0
2022-12-21 15:39:41,14178,14178,14178,2,2
2022-12-21 15:39:45,14177,14177,14177,2,-2
2022-12-21 15:39:45,14177,14177,14177,2,0
2022-12-21 15:40:00,14176,14176,14176,2,-2
2022-12-21 15:40:21,14177,14177,14177,2,2
2022-12-21 15:40:23,14176,14176,14176,6,-6
2022-12-21 15:40:23,14176,14176,14176,2,0
2022-12-21 15:40:31,14177,14177,14177,2,2
2022-12-21 15:41:00,14176,14176,14176,2,-2
2022-12-21 15:41:28,14176,14176,14176,2,0
2022-12-21 15:41:47,14176,14176,14176,2,0
2022-12-21 15:41:53,14177,14177,14177,2,2
2022-12-21 15:41:53,14177,14177,14177,2,0
2022-12-21 15:41:53,14177,14177,14177,4,0
2022-12-21 15:42:00,14177,14177,14177,2,0
2022-12-21 15:42:23,14178,14178,14178,2,2
2022-12-21 15:42:27,14177,14177,14177,2,-2
2022-12-21 15:42:35,14178,14178,14178,4,4
2022-12-21 15:42:51,14178,14178,14178,10,0
2022-12-21 15:42:53,14178,14178,14178,2,0
2022-12-21 15:42:57,14177,14177,14177,4,-4
2022-12-21 15:42:57,14177,14177,14177,4,0
2022-12-21 15:42:57,14177,14177,14177,4,0
2022-12-21 15:42:57,14177,14177,14177,2,0
2022-12-21 15:42:57,14177,14177,14177,2,0
2022-12-21 15:42:57,14177,14177,14177,2,0
2022-12-21 15:42:59,14177,14177,14177,2,0
2022-12-21 15:43:00,14177,14177,14177,2,0
2022-12-21 15:43:04,14177,14177,14177,2,0
2022-12-21 15:43:08,14177,14177,14177,2,0
2022-12-21 15:43:18,14177,14177,14177,2,0
2022-12-21 15:43:37,14177,14177,14177,2,0
2022-12-21 15:43:38,14178,14178,14178,4,4
2022-12-21 15:43:39,14178,14178,14178,2,0
2022-12-21 15:43:40,14178,14178,14178,2,0
2022-12-21 15:43:45,14178,14178,14178,4,0
2022-12-21 15:43:46,14177,14177,14177,2,-2
2022-12-21 15:43:46,14177,14177,14177,4,0
2022-12-21 15:44:03,14176,14176,14176,2,-2
2022-12-21 15:44:19,14177,14177,14177,2,2
2022-12-21 15:44:24,14178,14178,14178,2,2
2022-12-21 15:44:50,14178,14178,14178,2,0
2022-12-21 15:44:52,14177,14177,14177,2,-2
2022-12-21 15:45:00,14177,14177,14177,2,0
2022-12-21 15:45:15,14178,14178,14178,2,2
2022-12-21 15:45:22,14177,14177,14177,36,-36
2022-12-21 15:45:22,14177,14177,14177,2,0
2022-12-21 15:45:22,14177,14177,14177,2,0
2022-12-21 15:45:22,14177,14177,14177,2,0
2022-12-21 15:45:24,14177,14177,14177,2,0
2022-12-21 15:45:32,14178,14178,14178,2,2
2022-12-21 15:45:38,14177,14177,14177,4,-4
2022-12-21 15:46:00,14177,14177,14177,2,0
2022-12-21 15:46:01,14177,14177,14177,2,0
2022-12-21 15:46:08,14177,14177,14177,2,0
2022-12-21 15:46:11,14177,14177,14177,2,0
2022-12-21 15:46:11,14177,14177,14177,2,0
2022-12-21 15:46:23,14177,14177,14177,2,0
2022-12-21 15:46:23,14177,14177,14177,2,0
2022-12-21 15:46:23,14177,14177,14177,2,0
2022-12-21 15:46:23,14177,14177,14177,2,0
2022-12-21 15:46:25,14178,14178,14178,2,2
2022-12-21 15:46:30,14178,14178,14178,2,0
2022-12-21 15:46:49,14177,14177,14177,2,-2
2022-12-21 15:46:49,14178,14178,14178,2,2
2022-12-21 15:46:56,14178,14178,14178,8,0
2022-12-21 15:47:02,14178,14178,14178,2,0
2022-12-21 15:47:03,14178,14178,14178,2,0
2022-12-21 15:47:14,14178,14178,14178,2,0
2022-12-21 15:47:16,14178,14178,14178,10,0
2022-12-21 15:47:24,14178,14178,14178,2,0
2022-12-21 15:47:24,14178,14178,14178,4,0
2022-12-21 15:47:31,14178,14178,14178,2,0
2022-12-21 15:47:34,14179,14179,14179,2,2
2022-12-21 15:47:40,14179,14179,14179,2,0
2022-12-21 15:47:42,14178,14178,14178,2,-2
2022-12-21 15:47:51,14179,14179,14179,2,2
2022-12-21 15:47:52,14179,14179,14179,4,0
2022-12-21 15:48:00,14179,14179,14179,2,0
2022-12-21 15:48:00,14179,14179,14179,2,0
2022-12-21 15:48:00,14179,14179,14179,2,0
2022-12-21 15:48:12,14179,14179,14179,2,0
2022-12-21 15:48:12,14179,14179,14179,2,0
2022-12-21 15:48:12,14179,14179,14179,2,0
2022-12-21 15:48:17,14179,14179,14179,2,0
2022-12-21 15:48:19,14179,14179,14179,2,0
2022-12-21 15:48:21,14179,14179,14179,2,0
2022-12-21 15:48:26,14180,14180,14180,2,2
2022-12-21 15:48:43,14179,14179,14179,2,-2
2022-12-21 15:48:43,14179,14179,14179,2,0
2022-12-21 15:48:43,14179,14179,14179,2,0
2022-12-21 15:48:43,14180,14180,14180,2,2
2022-12-21 15:48:44,14180,14180,14180,2,0
2022-12-21 15:48:46,14180,14180,14180,4,0
2022-12-21 15:48:56,14180,14180,14180,2,0
2022-12-21 15:48:56,14180,14180,14180,14,0
2022-12-21 15:48:56,14180,14180,14180,20,0
2022-12-21 15:49:03,14180,14180,14180,2,0
2022-12-21 15:49:03,14181,14181,14181,2,2
2022-12-21 15:49:03,14181,14181,14181,26,0
2022-12-21 15:49:03,14180,14180,14180,2,-2
2022-12-21 15:49:03,14180,14180,14180,2,0
2022-12-21 15:49:16,14180,14180,14180,2,0
2022-12-21 15:49:19,14180,14180,14180,8,0
2022-12-21 15:49:21,14180,14180,14180,2,0
2022-12-21 15:49:22,14180,14180,14180,2,0
2022-12-21 15:49:26,14180,14180,14180,2,0
2022-12-21 15:49:26,14180,14180,14180,2,0
2022-12-21 15:49:35,14180,14180,14180,2,0
2022-12-21 15:49:42,14181,14181,14181,2,2
2022-12-21 15:49:53,14181,14181,14181,2,0
2022-12-21 15:50:01,14180,14180,14180,2,-2
2022-12-21 15:50:01,14180,14180,14180,2,0
2022-12-21 15:50:01,14180,14180,14180,2,0
2022-12-21 15:50:01,14180,14180,14180,2,0
2022-12-21 15:50:08,14179,14179,14179,2,-2
2022-12-21 15:50:08,14179,14179,14179,24,0
2022-12-21 15:50:08,14179,14179,14179,2,0
2022-12-21 15:50:08,14179,14179,14179,2,0
2022-12-21 15:50:26,14179,14179,14179,2,0
2022-12-21 15:50:33,14179,14179,14179,2,0
2022-12-21 15:50:44,14179,14179,14179,2,0
2022-12-21 15:50:47,14178,14178,14178,2,-2
2022-12-21 15:50:47,14178,14178,14178,2,0
2022-12-21 15:50:47,14178,14178,14178,4,0
2022-12-21 15:50:47,14178,14178,14178,4,0
2022-12-21 15:50:47,14178,14178,14178,2,0
2022-12-21 15:51:19,14178,14178,14178,2,0
2022-12-21 15:52:09,14177,14177,14177,2,-2
2022-12-21 15:52:09,14177,14177,14177,2,0
2022-12-21 15:52:09,14177,14177,14177,2,0
2022-12-21 15:52:09,14177,14177,14177,2,0
2022-12-21 15:52:09,14177,14177,14177,2,0
2022-12-21 15:52:09,14176,14176,14176,2,-2
2022-12-21 15:52:21,14176,14176,14176,2,0
2022-12-21 15:52:21,14176,14176,14176,12,0
2022-12-21 15:52:21,14176,14176,14176,6,0
2022-12-21 15:52:21,14176,14176,14176,2,0
2022-12-21 15:52:21,14176,14176,14176,6,0
2022-12-21 15:52:21,14176,14176,14176,6,0
2022-12-21 15:52:21,14176,14176,14176,2,0
2022-12-21 15:52:21,14176,14176,14176,18,0
2022-12-21 15:52:21,14176,14176,14176,2,0
2022-12-21 15:52:21,14176,14176,14176,16,0
2022-12-21 15:52:21,14176,14176,14176,2,0
2022-12-21 15:52:21,14176,14176,14176,2,0
2022-12-21 15:52:21,14176,14176,14176,2,0
2022-12-21 15:52:21,14176,14176,14176,4,0
2022-12-21 15:52:21,14176,14176,14176,2,0
2022-12-21 15:52:21,14176,14176,14176,4,0
2022-12-21 15:52:21,14176,14176,14176,2,0
2022-12-21 15:52:26,14176,14176,14176,2,0
2022-12-21 15:52:33,14175,14175,14175,2,-2
2022-12-21 15:52:34,14175,14175,14175,4,0
2022-12-21 15:52:34,14175,14175,14175,2,0
2022-12-21 15:52:34,14175,14175,14175,2,0
2022-12-21 15:52:35,14175,14175,14175,2,0
2022-12-21 15:52:36,14176,14176,14176,2,2
2022-12-21 15:53:01,14177,14177,14177,4,4
2022-12-21 15:53:01,14177,14177,14177,2,0
2022-12-21 15:53:16,14176,14176,14176,2,-2
2022-12-21 15:53:18,14177,14177,14177,2,2
2022-12-21 15:53:24,14177,14177,14177,2,0
2022-12-21 15:53:27,14178,14178,14178,8,8
2022-12-21 15:53:42,14179,14179,14179,2,2
2022-12-21 15:53:49,14179,14179,14179,2,0
2022-12-21 15:53:59,14180,14180,14180,2,2
2022-12-21 15:54:02,14179,14179,14179,2,-2
2022-12-21 15:54:04,14179,14179,14179,2,0
2022-12-21 15:54:09,14179,14179,14179,2,0
2022-12-21 15:54:13,14179,14179,14179,2,0
2022-12-21 15:54:21,14180,14180,14180,6,6
2022-12-21 15:54:21,14180,14180,14180,6,0
2022-12-21 15:54:21,14181,14181,14181,8,8
2022-12-21 15:54:21,14181,14181,14181,20,0
2022-12-21 15:54:25,14181,14181,14181,2,0
2022-12-21 15:54:35,14182,14182,14182,2,2
2022-12-21 15:54:35,14182,14182,14182,4,0
2022-12-21 15:54:36,14182,14182,14182,12,0
2022-12-21 15:54:36,14182,14182,14182,2,0
2022-12-21 15:54:39,14183,14183,14183,2,2
2022-12-21 15:54:39,14183,14183,14183,2,0
2022-12-21 15:54:39,14182,14182,14182,2,-2
2022-12-21 15:54:40,14183,14183,14183,24,24
2022-12-21 15:54:41,14183,14183,14183,2,0
2022-12-21 15:54:45,14183,14183,14183,2,0
2022-12-21 15:54:53,14183,14183,14183,2,0
2022-12-21 15:54:54,14183,14183,14183,2,0
2022-12-21 15:54:55,14183,14183,14183,2,0
2022-12-21 15:54:56,14183,14183,14183,8,0
2022-12-21 15:54:57,14183,14183,14183,2,0
2022-12-21 15:54:59,14183,14183,14183,2,0
2022-12-21 15:55:09,14183,14183,14183,2,0
2022-12-21 15:55:09,14182,14182,14182,8,-8
2022-12-21 15:55:09,14182,14182,14182,2,0
2022-12-21 15:55:09,14182,14182,14182,6,0
2022-12-21 15:55:23,14182,14182,14182,2,0
2022-12-21 15:55:42,14182,14182,14182,2,0
2022-12-21 15:55:42,14182,14182,14182,2,0
2022-12-21 15:55:55,14182,14182,14182,6,0
2022-12-21 15:55:59,14182,14182,14182,2,0
2022-12-21 15:56:00,14182,14182,14182,2,0
2022-12-21 15:56:00,14182,14182,14182,12,0
2022-12-21 15:56:04,14182,14182,14182,2,0
2022-12-21 15:56:06,14182,14182,14182,2,0
2022-12-21 15:56:19,14182,14182,14182,2,0
2022-12-21 15:56:27,14182,14182,14182,2,0
2022-12-21 15:56:32,14181,14181,14181,2,-2
2022-12-21 15:56:32,14181,14181,14181,2,0
2022-12-21 15:56:32,14181,14181,14181,4,0
2022-12-21 15:56:32,14181,14181,14181,2,0
2022-12-21 15:56:32,14181,14181,14181,2,0
2022-12-21 15:56:47,14180,14180,14180,16,-16
2022-12-21 15:56:47,14180,14180,14180,2,0
2022-12-21 15:56:47,14180,14180,14180,2,0
2022-12-21 15:56:47,14180,14180,14180,4,0
2022-12-21 15:56:47,14180,14180,14180,2,0
2022-12-21 15:56:47,14180,14180,14180,10,0
2022-12-21 15:56:48,14180,14180,14180,2,0
2022-12-21 15:56:57,14180,14180,14180,4,0
2022-12-21 15:57:14,14180,14180,14180,10,0
2022-12-21 15:57:15,14180,14180,14180,4,0
2022-12-21 15:57:28,14180,14180,14180,2,0
2022-12-21 15:57:33,14180,14180,14180,2,0
2022-12-21 15:57:50,14180,14180,14180,2,0
2022-12-21 15:57:50,14179,14179,14179,2,-2
2022-12-21 15:58:03,14179,14179,14179,2,0
2022-12-21 15:58:07,14180,14180,14180,2,2
2022-12-21 15:58:10,14179,14179,14179,2,-2
2022-12-21 15:58:17,14180,14180,14180,6,6
2022-12-21 15:58:20,14180,14180,14180,2,0
2022-12-21 15:58:21,14180,14180,14180,2,0
2022-12-21 15:58:25,14180,14180,14180,2,0
2022-12-21 15:58:27,14180,14180,14180,10,0
2022-12-21 15:58:44,14180,14180,14180,2,0
2022-12-21 15:59:07,14180,14180,14180,2,0
2022-12-21 15:59:20,14180,14180,14180,2,0
2022-12-21 15:59:33,14180,14180,14180,2,0
2022-12-21 15:59:51,14179,14179,14179,6,-6
2022-12-21 15:59:51,14179,14179,14179,6,0
2022-12-21 15:59:51,14179,14179,14179,4,0
2022-12-21 15:59:51,14179,14179,14179,2,0
2022-12-21 15:59:55,14178,14178,14178,2,-2
2022-12-21 15:59:55,14178,14178,14178,2,0
2022-12-21 15:59:55,14178,14178,14178,2,0
2022-12-21 15:59:55,14178,14178,14178,2,0
2022-12-21 15:59:55,14178,14178,14178,4,0
2022-12-21 16:00:00,14177,14177,14177,6,-6
2022-12-21 16:00:00,14177,14177,14177,2,0
2022-12-21 16:00:00,14177,14177,14177,6,0
2022-12-21 16:00:00,14177,14177,14177,2,0
2022-12-21 16:00:00,14177,14177,14177,4,0
2022-12-21 16:00:00,14177,14177,14177,2,0
2022-12-21 16:00:00,14177,14177,14177,2,0
2022-12-21 16:00:00,14177,14177,14177,2,0
2022-12-21 16:00:00,14177,14177,14177,8,0
2022-12-21 16:00:00,14177,14177,14177,2,0
2022-12-21 16:00:00,14177,14177,14177,2,0
2022-12-21 16:00:00,14177,14177,14177,2,0
2022-12-21 16:00:00,14177,14177,14177,2,0
2022-12-21 16:00:00,14177,14177,14177,6,0
2022-12-21 16:00:01,14176,14176,14176,2,-2
2022-12-21 16:00:01,14176,14176,14176,2,0
2022-12-21 16:00:01,14176,14176,14176,2,0
2022-12-21 16:00:01,14176,14176,14176,2,0
2022-12-21 16:00:01,14176,14176,14176,4,0
2022-12-21 16:00:01,14176,14176,14176,2,0
2022-12-21 16:00:01,14176,14176,14176,2,0
2022-12-21 16:00:01,14176,14176,14176,2,0
2022-12-21 16:00:01,14176,14176,14176,2,0
2022-12-21 16:00:01,14176,14176,14176,6,0
2022-12-21 16:00:01,14176,14176,14176,2,0
2022-12-21 16:00:01,14176,14176,14176,2,0
2022-12-21 16:00:02,14175,14175,14175,2,-2
2022-12-21 16:00:02,14175,14175,14175,4,0
2022-12-21 16:00:02,14175,14175,14175,2,0
2022-12-21 16:00:02,14175,14175,14175,2,0
2022-12-21 16:00:02,14175,14175,14175,2,0
2022-12-21 16:00:02,14175,14175,14175,2,0
2022-12-21 16:00:05,14175,14175,14175,2,0
2022-12-21 16:00:05,14175,14175,14175,2,0
2022-12-21 16:00:05,14175,14175,14175,24,0
2022-12-21 16:00:05,14175,14175,14175,2,0
2022-12-21 16:00:05,14175,14175,14175,2,0
2022-12-21 16:00:05,14175,14175,14175,2,0
2022-12-21 16:00:05,14175,14175,14175,2,0
2022-12-21 16:00:05,14175,14175,14175,2,0
2022-12-21 16:00:05,14175,14175,14175,2,0
2022-12-21 16:00:05,14175,14175,14175,4,0
2022-12-21 16:00:05,14175,14175,14175,2,0
2022-12-21 16:00:05,14175,14175,14175,2,0
2022-12-21 16:00:05,14175,14175,14175,2,0
2022-12-21 16:00:05,14175,14175,14175,6,0
2022-12-21 16:00:08,14175,14175,14175,2,0
2022-12-21 16:00:08,14175,14175,14175,2,0
2022-12-21 16:00:08,14176,14176,14176,4,4
2022-12-21 16:00:11,14175,14175,14175,2,-2
2022-12-21 16:00:16,14175,14175,14175,2,0
2022-12-21 16:00:20,14175,14175,14175,2,0
2022-12-21 16:00:25,14175,14175,14175,2,0
2022-12-21 16:00:25,14175,14175,14175,2,0
2022-12-21 16:00:25,14175,14175,14175,2,0
2022-12-21 16:00:25,14174,14174,14174,2,-2
2022-12-21 16:00:25,14174,14174,14174,2,0
2022-12-21 16:00:25,14174,14174,14174,2,0
2022-12-21 16:00:25,14174,14174,14174,2,0
2022-12-21 16:00:25,14174,14174,14174,2,0
2022-12-21 16:00:25,14174,14174,14174,2,0
2022-12-21 16:00:25,14174,14174,14174,2,0
2022-12-21 16:00:25,14174,14174,14174,2,0
2022-12-21 16:00:25,14174,14174,14174,4,0
2022-12-21 16:00:25,14174,14174,14174,2,0
2022-12-21 16:00:25,14174,14174,14174,2,0
2022-12-21 16:00:25,14173,14173,14173,2,-2
2022-12-21 16:00:31,14175,14175,14175,10,10
2022-12-21 16:00:34,14174,14174,14174,2,-2
2022-12-21 16:00:37,14174,14174,14174,2,0
2022-12-21 16:00:45,14173,14173,14173,2,-2
2022-12-21 16:00:47,14173,14173,14173,2,0
2022-12-21 16:00:47,14173,14173,14173,2,0
2022-12-21 16:00:47,14173,14173,14173,4,0
2022-12-21 16:00:50,14174,14174,14174,2,2
2022-12-21 16:00:57,14173,14173,14173,4,-4
2022-12-21 16:00:58,14173,14173,14173,2,0
2022-12-21 16:00:58,14174,14174,14174,2,2
2022-12-21 16:01:00,14173,14173,14173,2,-2
2022-12-21 16:01:00,14173,14173,14173,2,0
2022-12-21 16:01:00,14173,14173,14173,2,0
2022-12-21 16:01:00,14173,14173,14173,2,0
2022-12-21 16:01:00,14173,14173,14173,10,0
2022-12-21 16:01:00,14173,14173,14173,2,0
2022-12-21 16:01:00,14173,14173,14173,2,0
2022-12-21 16:01:00,14172,14172,14172,2,-2
2022-12-21 16:01:00,14172,14172,14172,2,0
2022-12-21 16:01:00,14172,14172,14172,2,0
2022-12-21 16:01:00,14172,14172,14172,2,0
2022-12-21 16:01:00,14172,14172,14172,4,0
2022-12-21 16:01:00,14172,14172,14172,2,0
2022-12-21 16:01:00,14172,14172,14172,2,0
2022-12-21 16:01:00,14172,14172,14172,2,0
2022-12-21 16:01:00,14172,14172,14172,2,0
2022-12-21 16:01:00,14172,14172,14172,4,0
2022-12-21 16:01:00,14172,14172,14172,2,0
2022-12-21 16:01:00,14172,14172,14172,2,0
2022-12-21 16:01:00,14172,14172,14172,8,0
2022-12-21 16:01:00,14172,14172,14172,2,0
2022-12-21 16:01:00,14172,14172,14172,2,0
2022-12-21 16:01:00,14172,14172,14172,4,0
2022-12-21 16:01:00,14172,14172,14172,4,0
2022-12-21 16:01:00,14171,14171,14171,2,-2
2022-12-21 16:01:00,14171,14171,14171,2,0
2022-12-21 16:01:00,14171,14171,14171,2,0
2022-12-21 16:01:01,14171,14171,14171,2,0
2022-12-21 16:01:01,14171,14171,14171,2,0
2022-12-21 16:01:01,14171,14171,14171,2,0
2022-12-21 16:01:01,14171,14171,14171,2,0
2022-12-21 16:01:03,14171,14171,14171,2,0
2022-12-21 16:01:03,14171,14171,14171,2,0
2022-12-21 16:01:04,14171,14171,14171,2,0
2022-12-21 16:01:04,14171,14171,14171,2,0
2022-12-21 16:01:04,14171,14171,14171,4,0
2022-12-21 16:01:05,14171,14171,14171,2,0
2022-12-21 16:01:05,14171,14171,14171,2,0
2022-12-21 16:01:05,14170,14170,14170,2,-2
2022-12-21 16:01:05,14170,14170,14170,2,0
2022-12-21 16:01:05,14170,14170,14170,2,0
2022-12-21 16:01:05,14170,14170,14170,4,0
2022-12-21 16:01:05,14170,14170,14170,4,0
2022-12-21 16:01:05,14170,14170,14170,2,0
2022-12-21 16:01:05,14170,14170,14170,2,0
2022-12-21 16:01:05,14170,14170,14170,2,0
2022-12-21 16:01:05,14170,14170,14170,4,0
2022-12-21 16:01:06,14170,14170,14170,2,0
2022-12-21 16:01:06,14170,14170,14170,2,0
2022-12-21 16:01:06,14171,14171,14171,4,4
2022-12-21 16:01:06,14171,14171,14171,2,0
2022-12-21 16:01:08,14171,14171,14171,2,0
2022-12-21 16:01:08,14171,14171,14171,2,0
2022-12-21 16:01:08,14172,14172,14172,2,2
2022-12-21 16:01:09,14170,14170,14170,2,-2
2022-12-21 16:01:11,14171,14171,14171,2,2
2022-12-21 16:01:13,14172,14172,14172,2,2
2022-12-21 16:01:20,14172,14172,14172,2,0
2022-12-21 16:01:23,14172,14172,14172,2,0
2022-12-21 16:01:26,14172,14172,14172,4,0
2022-12-21 16:01:26,14172,14172,14172,4,0
2022-12-21 16:01:29,14173,14173,14173,2,2
2022-12-21 16:01:29,14173,14173,14173,2,0
2022-12-21 16:01:29,14173,14173,14173,2,0
2022-12-21 16:01:44,14173,14173,14173,2,0
2022-12-21 16:01:44,14173,14173,14173,2,0
2022-12-21 16:01:44,14173,14173,14173,2,0
2022-12-21 16:01:44,14173,14173,14173,6,0
2022-12-21 16:01:45,14172,14172,14172,2,-2
2022-12-21 16:01:46,14172,14172,14172,2,0
2022-12-21 16:01:47,14173,14173,14173,2,2
2022-12-21 16:01:47,14172,14172,14172,2,-2
2022-12-21 16:01:52,14173,14173,14173,2,2
2022-12-21 16:01:53,14173,14173,14173,2,0
2022-12-21 16:01:55,14172,14172,14172,2,-2
2022-12-21 16:01:55,14172,14172,14172,2,0
2022-12-21 16:01:55,14172,14172,14172,2,0
2022-12-21 16:01:55,14171,14171,14171,2,-2
2022-12-21 16:01:55,14171,14171,14171,2,0
2022-12-21 16:01:58,14171,14171,14171,2,0
2022-12-21 16:01:59,14171,14171,14171,2,0
2022-12-21 16:02:00,14170,14170,14170,2,-2
2022-12-21 16:02:00,14171,14171,14171,2,2
2022-12-21 16:02:05,14171,14171,14171,2,0
2022-12-21 16:02:05,14170,14170,14170,2,-2
2022-12-21 16:02:07,14171,14171,14171,2,2
2022-12-21 16:02:08,14170,14170,14170,2,-2
2022-12-21 16:02:09,14171,14171,14171,4,4
2022-12-21 16:02:13,14171,14171,14171,2,0
2022-12-21 16:02:13,14172,14172,14172,2,2
2022-12-21 16:02:17,14173,14173,14173,2,2
2022-12-21 16:02:19,14172,14172,14172,2,-2
2022-12-21 16:02:24,14172,14172,14172,2,0
2022-12-21 16:02:24,14172,14172,14172,4,0
2022-12-21 16:02:28,14171,14171,14171,10,-10
2022-12-21 16:02:33,14172,14172,14172,2,2
2022-12-21 16:02:33,14172,14172,14172,8,0
2022-12-21 16:02:36,14171,14171,14171,8,-8
2022-12-21 16:02:36,14172,14172,14172,2,2
2022-12-21 16:02:37,14172,14172,14172,2,0
2022-12-21 16:02:37,14172,14172,14172,2,0
2022-12-21 16:02:38,14172,14172,14172,2,0
2022-12-21 16:02:42,14172,14172,14172,2,0
2022-12-21 16:02:42,14172,14172,14172,2,0
2022-12-21 16:02:52,14172,14172,14172,2,0
2022-12-21 16:02:52,14172,14172,14172,2,0
2022-12-21 16:02:54,14172,14172,14172,4,0
2022-12-21 16:02:54,14173,14173,14173,2,2
2022-12-21 16:03:03,14172,14172,14172,2,-2
2022-12-21 16:03:15,14172,14172,14172,4,0
2022-12-21 16:03:15,14172,14172,14172,2,0
2022-12-21 16:03:15,14172,14172,14172,2,0
2022-12-21 16:03:16,14172,14172,14172,2,0
2022-12-21 16:03:43,14171,14171,14171,4,-4
2022-12-21 16:03:44,14172,14172,14172,2,2
2022-12-21 16:03:51,14171,14171,14171,2,-2
2022-12-21 16:03:51,14171,14171,14171,2,0
2022-12-21 16:04:01,14172,14172,14172,2,2
2022-12-21 16:04:01,14171,14171,14171,4,-4
2022-12-21 16:04:03,14172,14172,14172,6,6
2022-12-21 16:04:04,14172,14172,14172,2,0
2022-12-21 16:04:15,14172,14172,14172,2,0
2022-12-21 16:04:23,14171,14171,14171,2,-2
2022-12-21 16:04:26,14173,14173,14173,32,32
2022-12-21 16:04:29,14173,14173,14173,2,0
2022-12-21 16:04:29,14173,14173,14173,2,0
2022-12-21 16:04:40,14173,14173,14173,2,0
2022-12-21 16:04:40,14172,14172,14172,2,-2
2022-12-21 16:04:41,14173,14173,14173,2,2
2022-12-21 16:04:41,14173,14173,14173,2,0
2022-12-21 16:04:41,14173,14173,14173,2,0
2022-12-21 16:04:58,14172,14172,14172,2,-2
2022-12-21 16:05:03,14172,14172,14172,2,0
2022-12-21 16:05:03,14172,14172,14172,10,0
2022-12-21 16:05:11,14173,14173,14173,2,2
2022-12-21 16:05:14,14172,14172,14172,2,-2
2022-12-21 16:05:14,14171,14171,14171,6,-6
2022-12-21 16:05:14,14171,14171,14171,6,0
2022-12-21 16:05:18,14172,14172,14172,2,2
2022-12-21 16:05:18,14172,14172,14172,2,0
2022-12-21 16:05:18,14172,14172,14172,4,0
2022-12-21 16:05:18,14172,14172,14172,2,0
2022-12-21 16:05:18,14172,14172,14172,2,0
2022-12-21 16:05:18,14172,14172,14172,4,0
2022-12-21 16:05:18,14172,14172,14172,2,0
2022-12-21 16:05:18,14172,14172,14172,2,0
2022-12-21 16:05:25,14172,14172,14172,2,0
2022-12-21 16:05:40,14173,14173,14173,6,6
2022-12-21 16:06:00,14172,14172,14172,2,-2
2022-12-21 16:06:00,14173,14173,14173,2,2
2022-12-21 16:06:02,14173,14173,14173,8,0
2022-12-21 16:06:04,14172,14172,14172,2,-2
2022-12-21 16:06:04,14171,14171,14171,2,-2
2022-12-21 16:06:04,14171,14171,14171,2,0
2022-12-21 16:06:04,14171,14171,14171,2,0
2022-12-21 16:06:04,14171,14171,14171,2,0
2022-12-21 16:06:04,14171,14171,14171,2,0
2022-12-21 16:06:04,14171,14171,14171,2,0
2022-12-21 16:06:04,14171,14171,14171,2,0
2022-12-21 16:06:04,14171,14171,14171,2,0
2022-12-21 16:06:04,14171,14171,14171,2,0
2022-12-21 16:06:04,14171,14171,14171,2,0
2022-12-21 16:06:04,14171,14171,14171,2,0
2022-12-21 16:06:04,14171,14171,14171,2,0
2022-12-21 16:06:04,14171,14171,14171,2,0
2022-12-21 16:06:04,14171,14171,14171,2,0
2022-12-21 16:06:04,14171,14171,14171,4,0
2022-12-21 16:06:04,14171,14171,14171,2,0
2022-12-21 16:06:04,14171,14171,14171,4,0
2022-12-21 16:06:08,14172,14172,14172,2,2
2022-12-21 16:06:28,14171,14171,14171,14,-14
2022-12-21 16:06:37,14171,14171,14171,2,0
2022-12-21 16:06:44,14171,14171,14171,4,0
2022-12-21 16:06:44,14171,14171,14171,2,0
2022-12-21 16:06:44,14171,14171,14171,2,0
2022-12-21 16:06:46,14171,14171,14171,2,0
2022-12-21 16:06:46,14171,14171,14171,4,0
2022-12-21 16:06:50,14171,14171,14171,2,0
2022-12-21 16:06:50,14170,14170,14170,2,-2
2022-12-21 16:06:50,14170,14170,14170,2,0
2022-12-21 16:06:50,14170,14170,14170,2,0
2022-12-21 16:06:50,14170,14170,14170,2,0
2022-12-21 16:06:54,14170,14170,14170,2,0
2022-12-21 16:06:54,14170,14170,14170,2,0
2022-12-21 16:06:54,14170,14170,14170,4,0
2022-12-21 16:06:54,14170,14170,14170,4,0
2022-12-21 16:06:54,14170,14170,14170,2,0
2022-12-21 16:06:54,14170,14170,14170,2,0
2022-12-21 16:06:54,14170,14170,14170,2,0
2022-12-21 16:06:54,14170,14170,14170,4,0
2022-12-21 16:06:54,14170,14170,14170,2,0
2022-12-21 16:06:54,14170,14170,14170,2,0
2022-12-21 16:06:56,14169,14169,14169,2,-2
2022-12-21 16:06:56,14169,14169,14169,2,0
2022-12-21 16:06:56,14169,14169,14169,2,0
2022-12-21 16:06:57,14170,14170,14170,2,2
2022-12-21 16:06:57,14170,14170,14170,2,0
2022-12-21 16:06:57,14169,14169,14169,2,-2
2022-12-21 16:06:57,14169,14169,14169,2,0
2022-12-21 16:06:57,14169,14169,14169,4,0
2022-12-21 16:06:57,14169,14169,14169,2,0
2022-12-21 16:06:57,14168,14168,14168,2,-2
2022-12-21 16:06:57,14168,14168,14168,2,0
2022-12-21 16:06:57,14168,14168,14168,2,0
2022-12-21 16:06:57,14169,14169,14169,2,2
2022-12-21 16:06:58,14168,14168,14168,4,-4
2022-12-21 16:07:00,14168,14168,14168,2,0
2022-12-21 16:07:00,14168,14168,14168,2,0
2022-12-21 16:07:00,14168,14168,14168,2,0
2022-12-21 16:07:00,14168,14168,14168,2,0
2022-12-21 16:07:03,14170,14170,14170,2,2
2022-12-21 16:07:03,14170,14170,14170,2,0
2022-12-21 16:07:03,14170,14170,14170,2,0
2022-12-21 16:07:08,14170,14170,14170,2,0
2022-12-21 16:07:10,14171,14171,14171,2,2
2022-12-21 16:07:10,14171,14171,14171,4,0
2022-12-21 16:07:15,14171,14171,14171,2,0
2022-12-21 16:07:16,14171,14171,14171,4,0
2022-12-21 16:07:16,14171,14171,14171,2,0
2022-12-21 16:07:16,14171,14171,14171,2,0
2022-12-21 16:07:20,14171,14171,14171,2,0
2022-12-21 16:07:20,14171,14171,14171,2,0
2022-12-21 16:07:21,14171,14171,14171,2,0
2022-12-21 16:07:21,14171,14171,14171,2,0
2022-12-21 16:07:23,14172,14172,14172,2,2
2022-12-21 16:07:25,14171,14171,14171,2,-2
2022-12-21 16:07:29,14171,14171,14171,2,0
2022-12-21 16:07:33,14170,14170,14170,2,-2
2022-12-21 16:07:35,14170,14170,14170,2,0
2022-12-21 16:07:44,14170,14170,14170,2,0
2022-12-21 16:07:51,14169,14169,14169,2,-2
2022-12-21 16:07:56,14169,14169,14169,2,0
2022-12-21 16:07:56,14169,14169,14169,2,0
2022-12-21 16:08:01,14169,14169,14169,2,0
2022-12-21 16:08:02,14168,14168,14168,2,-2
2022-12-21 16:08:03,14169,14169,14169,2,2
2022-12-21 16:08:03,14169,14169,14169,16,0
2022-12-21 16:08:03,14169,14169,14169,2,0
2022-12-21 16:08:03,14169,14169,14169,2,0
2022-12-21 16:08:07,14169,14169,14169,2,0
2022-12-21 16:08:07,14169,14169,14169,2,0
2022-12-21 16:08:07,14169,14169,14169,2,0
2022-12-21 16:08:10,14169,14169,14169,2,0
2022-12-21 16:08:12,14169,14169,14169,2,0
2022-12-21 16:08:12,14169,14169,14169,4,0
2022-12-21 16:08:14,14169,14169,14169,2,0
2022-12-21 16:08:14,14169,14169,14169,2,0
2022-12-21 16:08:14,14169,14169,14169,2,0
2022-12-21 16:08:37,14168,14168,14168,2,-2
2022-12-21 16:08:37,14168,14168,14168,2,0
2022-12-21 16:08:37,14168,14168,14168,2,0
2022-12-21 16:08:37,14168,14168,14168,2,0
2022-12-21 16:08:37,14168,14168,14168,2,0
2022-12-21 16:08:37,14168,14168,14168,2,0
2022-12-21 16:08:37,14168,14168,14168,2,0
2022-12-21 16:08:37,14168,14168,14168,8,0
2022-12-21 16:08:37,14168,14168,14168,2,0
2022-12-21 16:08:37,14168,14168,14168,4,0
2022-12-21 16:08:37,14168,14168,14168,2,0
2022-12-21 16:08:37,14168,14168,14168,2,0
2022-12-21 16:08:37,14168,14168,14168,2,0
2022-12-21 16:08:37,14168,14168,14168,2,0
2022-12-21 16:08:37,14168,14168,14168,2,0
2022-12-21 16:08:37,14168,14168,14168,2,0
2022-12-21 16:08:37,14168,14168,14168,2,0
2022-12-21 16:08:42,14167,14167,14167,2,-2
2022-12-21 16:08:42,14167,14167,14167,4,0
2022-12-21 16:08:42,14167,14167,14167,2,0
2022-12-21 16:08:42,14167,14167,14167,2,0
2022-12-21 16:08:42,14167,14167,14167,2,0
2022-12-21 16:08:44,14167,14167,14167,2,0
2022-12-21 16:08:44,14167,14167,14167,2,0
2022-12-21 16:08:44,14167,14167,14167,2,0
2022-12-21 16:08:44,14167,14167,14167,2,0
2022-12-21 16:08:44,14167,14167,14167,2,0
2022-12-21 16:08:44,14167,14167,14167,4,0
2022-12-21 16:08:44,14167,14167,14167,2,0
2022-12-21 16:08:44,14167,14167,14167,4,0
2022-12-21 16:08:44,14167,14167,14167,2,0
2022-12-21 16:08:44,14167,14167,14167,2,0
2022-12-21 16:08:44,14166,14166,14166,2,-2
2022-12-21 16:08:45,14166,14166,14166,2,0
2022-12-21 16:08:48,14166,14166,14166,2,0
2022-12-21 16:08:49,14166,14166,14166,2,0
2022-12-21 16:08:50,14166,14166,14166,2,0
2022-12-21 16:08:50,14166,14166,14166,2,0
2022-12-21 16:08:52,14166,14166,14166,2,0
2022-12-21 16:08:52,14166,14166,14166,2,0
2022-12-21 16:08:53,14166,14166,14166,2,0
2022-12-21 16:08:53,14166,14166,14166,2,0
2022-12-21 16:08:54,14166,14166,14166,2,0
2022-12-21 16:08:54,14166,14166,14166,2,0
2022-12-21 16:08:54,14166,14166,14166,4,0
2022-12-21 16:08:57,14166,14166,14166,2,0
2022-12-21 16:08:58,14166,14166,14166,2,0
2022-12-21 16:08:59,14167,14167,14167,2,2
2022-12-21 16:09:00,14166,14166,14166,2,-2
2022-12-21 16:09:00,14166,14166,14166,2,0
2022-12-21 16:09:00,14166,14166,14166,2,0
2022-12-21 16:09:00,14166,14166,14166,2,0
2022-12-21 16:09:03,14166,14166,14166,2,0
2022-12-21 16:09:03,14165,14165,14165,2,-2
2022-12-21 16:09:03,14165,14165,14165,2,0
2022-12-21 16:09:03,14166,14166,14166,2,2
2022-12-21 16:09:03,14165,14165,14165,2,-2
2022-12-21 16:09:03,14167,14167,14167,2,2
2022-12-21 16:09:03,14165,14165,14165,2,-2
2022-12-21 16:09:03,14165,14165,14165,2,0
2022-12-21 16:09:03,14165,14165,14165,2,0
2022-12-21 16:09:03,14165,14165,14165,2,0
2022-12-21 16:09:03,14165,14165,14165,2,0
2022-12-21 16:09:10,14165,14165,14165,4,0
2022-12-21 16:09:10,14165,14165,14165,2,0
2022-12-21 16:09:10,14165,14165,14165,2,0
2022-12-21 16:09:17,14165,14165,14165,2,0
2022-12-21 16:09:18,14166,14166,14166,4,4
2022-12-21 16:09:19,14165,14165,14165,2,-2
2022-12-21 16:09:19,14165,14165,14165,2,0
2022-12-21 16:09:22,14165,14165,14165,4,0
2022-12-21 16:09:24,14165,14165,14165,2,0
2022-12-21 16:09:26,14165,14165,14165,2,0
2022-12-21 16:09:27,14165,14165,14165,2,0
2022-12-21 16:09:28,14164,14164,14164,2,-2
2022-12-21 16:09:33,14164,14164,14164,8,0
2022-12-21 16:09:33,14164,14164,14164,2,0
2022-12-21 16:09:33,14164,14164,14164,2,0
2022-12-21 16:09:34,14165,14165,14165,4,4
2022-12-21 16:09:35,14164,14164,14164,2,-2
2022-12-21 16:09:41,14164,14164,14164,2,0
2022-12-21 16:09:44,14163,14163,14163,4,-4
2022-12-21 16:09:44,14163,14163,14163,2,0
2022-12-21 16:09:44,14163,14163,14163,2,0
2022-12-21 16:09:44,14163,14163,14163,2,0
2022-12-21 16:09:44,14162,14162,14162,2,-2
2022-12-21 16:09:44,14162,14162,14162,2,0
2022-12-21 16:09:44,14162,14162,14162,2,0
2022-12-21 16:09:44,14162,14162,14162,4,0
2022-12-21 16:09:44,14162,14162,14162,2,0
2022-12-21 16:09:44,14162,14162,14162,2,0
2022-12-21 16:09:44,14162,14162,14162,4,0
2022-12-21 16:09:44,14162,14162,14162,2,0
2022-12-21 16:09:45,14161,14161,14161,2,-2
2022-12-21 16:09:45,14161,14161,14161,2,0
2022-12-21 16:09:45,14162,14162,14162,2,2
2022-12-21 16:09:46,14161,14161,14161,2,-2
2022-12-21 16:09:47,14161,14161,14161,2,0
2022-12-21 16:09:49,14161,14161,14161,2,0
2022-12-21 16:09:49,14161,14161,14161,2,0
2022-12-21 16:09:49,14161,14161,14161,2,0
2022-12-21 16:09:49,14161,14161,14161,2,0
2022-12-21 16:09:50,14161,14161,14161,2,0
