2021-11-24 15:00:00.022,17687,17690,17694,79,79
2021-11-24 15:00:00.188,17693,17694,17693,1,-1
2021-11-24 15:00:00.264,17693,17694,17694,1,1
2021-11-24 15:00:00.285,17693,17694,17694,1,1
2021-11-24 15:00:00.358,17693,17694,17693,2,-2
2021-11-24 15:00:00.411,17693,17695,17695,2,2
2021-11-24 15:00:00.424,17693,17695,17695,1,1
2021-11-24 15:00:00.429,17693,17695,17695,4,4
2021-11-24 15:00:00.429,17693,17695,17695,1,1
2021-11-24 15:00:00.507,17693,17696,17696,1,1
2021-11-24 15:00:00.510,17693,17696,17696,1,1
2021-11-24 15:00:00.515,17693,17696,17696,2,2
2021-11-24 15:00:00.515,17693,17696,17696,1,1
2021-11-24 15:00:00.521,17693,17696,17697,2,2
2021-11-24 15:00:00.522,17693,17696,17697,1,1
2021-11-24 15:00:00.530,17693,17696,17697,1,1
2021-11-24 15:00:00.535,17693,17696,17697,1,1
2021-11-24 15:00:00.536,17693,17696,17697,3,3
2021-11-24 15:00:00.536,17693,17696,17697,8,8
2021-11-24 15:00:00.554,17693,17696,17698,3,3
2021-11-24 15:00:00.566,17693,17696,17698,2,2
2021-11-24 15:00:00.626,17693,17698,17698,2,2
2021-11-24 15:00:00.632,17693,17698,17698,1,1
2021-11-24 15:00:00.644,17693,17698,17697,1,1
2021-11-24 15:00:00.644,17693,17698,17698,2,2
2021-11-24 15:00:00.644,17693,17698,17698,2,2
2021-11-24 15:00:00.649,17693,17698,17698,1,1
2021-11-24 15:00:00.658,17693,17698,17697,1,1
2021-11-24 15:00:00.658,17693,17698,17698,1,1
2021-11-24 15:00:00.681,17693,17698,17698,1,1
2021-11-24 15:00:00.686,17693,17698,17699,1,1
2021-11-24 15:00:00.694,17693,17698,17699,1,1
2021-11-24 15:00:00.697,17693,17698,17699,6,6
2021-11-24 15:00:00.697,17693,17698,17699,2,2
2021-11-24 15:00:00.702,17693,17698,17700,1,1
2021-11-24 15:00:00.720,17693,17698,17699,1,1
2021-11-24 15:00:00.734,17693,17698,17695,1,-1
2021-11-24 15:00:00.734,17693,17698,17694,1,-1
2021-11-24 15:00:00.750,17695,17697,17697,1,1
2021-11-24 15:00:00.751,17695,17697,17698,1,1
2021-11-24 15:00:00.751,17695,17697,17700,1,1
2021-11-24 15:00:00.758,17695,17697,17699,1,1
2021-11-24 15:00:00.761,17695,17697,17700,2,2
2021-11-24 15:00:00.762,17695,17697,17700,11,11
2021-11-24 15:00:00.762,17695,17697,17700,2,2
2021-11-24 15:00:00.762,17695,17697,17700,1,1
2021-11-24 15:00:00.763,17695,17697,17699,2,2
2021-11-24 15:00:00.769,17695,17697,17700,4,4
2021-11-24 15:00:00.801,17695,17697,17702,1,1
2021-11-24 15:00:00.801,17695,17697,17703,2,2
2021-11-24 15:00:00.808,17695,17697,17703,1,1
2021-11-24 15:00:00.814,17695,17697,17703,1,1
2021-11-24 15:00:00.827,17695,17697,17703,3,3
2021-11-24 15:00:00.827,17695,17697,17703,3,3
2021-11-24 15:00:00.852,17695,17697,17703,2,2
2021-11-24 15:00:00.865,17695,17697,17703,8,8
2021-11-24 15:00:00.887,17701,17703,17702,1,1
2021-11-24 15:00:00.897,17701,17703,17703,1,1
2021-11-24 15:00:00.933,17701,17703,17703,1,1
2021-11-24 15:00:00.953,17701,17703,17703,2,2
2021-11-24 15:00:00.958,17701,17703,17703,1,1
2021-11-24 15:00:00.982,17701,17703,17704,1,1
2021-11-24 15:00:00.982,17701,17703,17705,1,1
2021-11-24 15:00:00.995,17701,17703,17705,1,1
2021-11-24 15:00:01.003,17703,17706,17706,1,1
2021-11-24 15:00:01.021,17703,17706,17706,1,1
2021-11-24 15:00:01.022,17703,17706,17704,1,-1
2021-11-24 15:00:01.023,17703,17706,17706,1,1
2021-11-24 15:00:01.025,17703,17706,17706,1,1
2021-11-24 15:00:01.034,17703,17706,17706,1,1
2021-11-24 15:00:01.035,17703,17706,17706,1,1
2021-11-24 15:00:01.057,17703,17706,17706,1,1
2021-11-24 15:00:01.065,17703,17706,17706,1,1
2021-11-24 15:00:01.066,17703,17706,17706,2,2
2021-11-24 15:00:01.067,17703,17706,17707,1,1
2021-11-24 15:00:01.074,17703,17706,17707,1,1
2021-11-24 15:00:01.078,17703,17706,17704,1,-1
2021-11-24 15:00:01.078,17703,17706,17707,3,3
2021-11-24 15:00:01.079,17703,17706,17707,2,2
2021-11-24 15:00:01.101,17703,17706,17703,2,-2
2021-11-24 15:00:01.114,17703,17706,17707,1,1
2021-11-24 15:00:01.120,17703,17706,17707,1,1
2021-11-24 15:00:01.125,17704,17707,17707,2,2
2021-11-24 15:00:01.133,17704,17707,17707,2,2
2021-11-24 15:00:01.145,17704,17707,17708,1,1
2021-11-24 15:00:01.186,17704,17707,17707,1,1
2021-11-24 15:00:01.189,17704,17707,17708,1,1
2021-11-24 15:00:01.199,17704,17707,17708,2,2
2021-11-24 15:00:01.199,17704,17707,17708,2,2
2021-11-24 15:00:01.216,17704,17707,17706,1,1
2021-11-24 15:00:01.218,17704,17707,17709,1,1
2021-11-24 15:00:01.223,17704,17707,17709,1,1
2021-11-24 15:00:01.223,17704,17707,17709,1,1
2021-11-24 15:00:01.224,17704,17707,17709,1,1
2021-11-24 15:00:01.247,17704,17707,17708,1,1
2021-11-24 15:00:01.263,17705,17709,17709,1,1
2021-11-24 15:00:01.271,17705,17709,17709,6,6
2021-11-24 15:00:01.285,17705,17709,17707,1,1
2021-11-24 15:00:01.303,17705,17709,17707,1,1
2021-11-24 15:00:01.304,17705,17709,17709,1,1
2021-11-24 15:00:01.310,17705,17709,17709,1,1
2021-11-24 15:00:01.330,17705,17709,17710,2,2
2021-11-24 15:00:01.404,17707,17710,17710,3,3
2021-11-24 15:00:01.413,17707,17710,17710,1,1
2021-11-24 15:00:01.440,17707,17710,17710,1,1
2021-11-24 15:00:01.457,17707,17710,17710,3,3
2021-11-24 15:00:01.457,17707,17710,17711,1,1
2021-11-24 15:00:01.457,17707,17710,17712,1,1
2021-11-24 15:00:01.481,17707,17710,17711,1,1
2021-11-24 15:00:01.525,17708,17712,17711,2,2
2021-11-24 15:00:01.525,17708,17712,17712,1,1
2021-11-24 15:00:01.532,17708,17712,17708,1,-1
2021-11-24 15:00:01.536,17708,17712,17711,1,1
2021-11-24 15:00:01.567,17708,17712,17712,4,4
2021-11-24 15:00:01.595,17708,17712,17711,1,1
2021-11-24 15:00:01.595,17708,17712,17712,1,1
2021-11-24 15:00:01.645,17708,17712,17711,1,1
2021-11-24 15:00:01.645,17708,17712,17712,2,2
2021-11-24 15:00:01.645,17708,17712,17713,1,1
2021-11-24 15:00:01.650,17708,17712,17713,1,1
2021-11-24 15:00:01.650,17708,17712,17713,1,1
2021-11-24 15:00:01.694,17708,17712,17712,1,1
2021-11-24 15:00:01.745,17708,17712,17712,1,1
2021-11-24 15:00:01.745,17708,17712,17713,2,2
2021-11-24 15:00:01.745,17708,17712,17714,1,1
2021-11-24 15:00:01.750,17709,17714,17714,1,1
2021-11-24 15:00:01.760,17709,17714,17714,1,1
2021-11-24 15:00:01.795,17709,17714,17714,1,1
2021-11-24 15:00:01.820,17709,17714,17714,1,1
2021-11-24 15:00:01.822,17709,17714,17710,1,-1
2021-11-24 15:00:01.822,17709,17714,17709,2,-2
2021-11-24 15:00:01.823,17709,17714,17713,1,1
2021-11-24 15:00:01.835,17709,17714,17714,1,1
2021-11-24 15:00:01.843,17709,17714,17709,2,-2
2021-11-24 15:00:01.843,17709,17714,17708,1,-1
2021-11-24 15:00:01.852,17709,17714,17713,1,1
2021-11-24 15:00:01.857,17709,17714,17714,1,1
2021-11-24 15:00:01.874,17709,17714,17714,1,1
2021-11-24 15:00:01.892,17709,17714,17709,1,-1
2021-11-24 15:00:01.892,17709,17714,17708,1,-1
2021-11-24 15:00:01.895,17709,17714,17708,1,-1
2021-11-24 15:00:01.895,17709,17714,17707,1,-1
2021-11-24 15:00:01.900,17709,17714,17713,1,1
2021-11-24 15:00:01.947,17709,17714,17710,1,-1
2021-11-24 15:00:01.947,17709,17714,17710,1,-1
2021-11-24 15:00:01.947,17709,17714,17711,1,-1
2021-11-24 15:00:01.947,17709,17714,17711,1,-1
2021-11-24 15:00:01.947,17709,17714,17711,2,-2
2021-11-24 15:00:01.947,17709,17714,17712,3,3
2021-11-24 15:00:01.947,17709,17714,17714,4,4
2021-11-24 15:00:01.954,17709,17714,17715,3,3
2021-11-24 15:00:01.976,17709,17714,17715,1,1
2021-11-24 15:00:02.040,17710,17714,17714,1,1
2021-11-24 15:00:02.063,17710,17714,17714,1,1
2021-11-24 15:00:02.063,17710,17714,17715,2,2
2021-11-24 15:00:02.144,17710,17712,17712,1,1
2021-11-24 15:00:02.176,17710,17712,17712,1,1
2021-11-24 15:00:02.176,17710,17712,17715,1,1
2021-11-24 15:00:02.176,17710,17712,17716,6,6
2021-11-24 15:00:02.176,17710,17712,17717,1,1
2021-11-24 15:00:02.313,17711,17716,17716,2,2
2021-11-24 15:00:02.377,17711,17717,17717,2,2
2021-11-24 15:00:02.394,17711,17717,17711,1,-1
2021-11-24 15:00:02.394,17711,17717,17710,1,-1
2021-11-24 15:00:02.439,17711,17717,17711,1,-1
2021-11-24 15:00:02.455,17711,17717,17716,1,1
2021-11-24 15:00:02.455,17711,17717,17717,1,1
2021-11-24 15:00:02.509,17711,17714,17714,1,1
2021-11-24 15:00:02.509,17711,17714,17715,2,2
2021-11-24 15:00:02.529,17711,17714,17711,1,-1
2021-11-24 15:00:02.529,17711,17714,17710,1,-1
2021-11-24 15:00:02.559,17711,17714,17711,1,-1
2021-11-24 15:00:02.618,17711,17714,17714,1,1
2021-11-24 15:00:02.619,17711,17714,17711,1,-1
2021-11-24 15:00:02.650,17710,17714,17714,1,1
2021-11-24 15:00:02.650,17710,17714,17715,1,1
2021-11-24 15:00:02.651,17710,17714,17711,1,-1
2021-11-24 15:00:02.661,17710,17714,17715,1,1
2021-11-24 15:00:02.674,17710,17714,17715,1,1
2021-11-24 15:00:02.689,17710,17714,17711,1,-1
2021-11-24 15:00:02.729,17710,17714,17714,2,2
2021-11-24 15:00:02.729,17710,17714,17715,2,2
2021-11-24 15:00:02.740,17710,17714,17715,2,2
2021-11-24 15:00:02.812,17711,17715,17715,1,1
2021-11-24 15:00:03.018,17711,17715,17715,2,2
2021-11-24 15:00:03.035,17711,17715,17714,1,1
2021-11-24 15:00:03.036,17711,17715,17714,1,1
2021-11-24 15:00:03.086,17711,17715,17712,1,-1
2021-11-24 15:00:03.143,17712,17716,17716,1,1
2021-11-24 15:00:03.143,17712,17716,17717,1,1
2021-11-24 15:00:03.144,17712,17716,17717,1,1
2021-11-24 15:00:03.144,17712,17716,17712,1,-1
2021-11-24 15:00:03.144,17712,17716,17711,2,-2
2021-11-24 15:00:03.309,17712,17716,17712,1,-1
2021-11-24 15:00:03.334,17712,17716,17711,5,-5
2021-11-24 15:00:03.355,17712,17716,17710,2,-2
2021-11-24 15:00:03.478,17710,17712,17711,1,1
2021-11-24 15:00:03.478,17710,17712,17710,1,-1
2021-11-24 15:00:03.583,17711,17714,17714,1,1
2021-11-24 15:00:03.584,17711,17714,17711,1,-1
2021-11-24 15:00:03.600,17711,17714,17710,2,-2
2021-11-24 15:00:03.601,17711,17714,17710,14,-14
2021-11-24 15:00:03.636,17710,17713,17709,2,-2
2021-11-24 15:00:03.695,17710,17713,17713,1,1
2021-11-24 15:00:03.695,17710,17713,17714,1,1
2021-11-24 15:00:03.733,17710,17713,17713,1,1
2021-11-24 15:00:03.733,17710,17713,17714,2,2
2021-11-24 15:00:03.733,17710,17713,17715,1,1
2021-11-24 15:00:03.770,17709,17716,17716,1,1
2021-11-24 15:00:03.774,17709,17716,17715,1,1
2021-11-24 15:00:03.774,17709,17716,17716,1,1
2021-11-24 15:00:03.795,17709,17716,17709,1,-1
2021-11-24 15:00:03.795,17709,17716,17708,1,-1
2021-11-24 15:00:03.938,17709,17715,17710,1,-1
2021-11-24 15:00:03.938,17709,17715,17709,1,-1
2021-11-24 15:00:03.939,17709,17715,17709,1,-1
2021-11-24 15:00:04.095,17709,17713,17710,1,-1
2021-11-24 15:00:04.095,17709,17713,17709,1,-1
2021-11-24 15:00:04.095,17709,17713,17709,1,-1
2021-11-24 15:00:04.112,17709,17713,17711,1,1
2021-11-24 15:00:04.112,17709,17713,17708,3,-3
2021-11-24 15:00:04.148,17707,17713,17709,1,-1
2021-11-24 15:00:04.214,17707,17713,17711,1,1
2021-11-24 15:00:04.233,17707,17713,17709,2,-2
2021-11-24 15:00:04.237,17707,17713,17708,2,-2
2021-11-24 15:00:04.460,17708,17710,17708,1,-1
2021-11-24 15:00:04.582,17707,17710,17705,2,-2
2021-11-24 15:00:04.582,17707,17710,17705,4,-4
2021-11-24 15:00:04.595,17707,17710,17704,2,-2
2021-11-24 15:00:04.702,17704,17705,17704,1,-1
2021-11-24 15:00:04.819,17702,17704,17702,1,-1
2021-11-24 15:00:04.819,17702,17704,17701,1,-1
2021-11-24 15:00:04.852,17702,17704,17702,2,-2
2021-11-24 15:00:04.852,17702,17704,17703,1,1
2021-11-24 15:00:04.852,17702,17704,17700,2,-2
2021-11-24 15:00:05.188,17700,17702,17700,1,-1
2021-11-24 15:00:05.203,17700,17702,17701,1,1
2021-11-24 15:00:05.263,17699,17702,17700,1,-1
2021-11-24 15:00:05.310,17699,17702,17702,1,1
2021-11-24 15:00:05.311,17699,17702,17700,1,-1
2021-11-24 15:00:05.530,17698,17701,17698,1,-1
2021-11-24 15:00:05.530,17698,17701,17698,4,-4
2021-11-24 15:00:05.629,17696,17699,17699,1,1
2021-11-24 15:00:05.666,17696,17699,17697,1,-1
2021-11-24 15:00:05.739,17696,17699,17697,1,-1
2021-11-24 15:00:07.259,17699,17701,17699,1,-1
2021-11-24 15:00:07.294,17699,17701,17699,1,-1
2021-11-24 15:00:07.377,17699,17701,17699,1,-1
2021-11-24 15:00:07.377,17699,17701,17698,2,-2
2021-11-24 15:00:07.380,17699,17701,17700,1,1
2021-11-24 15:00:07.394,17699,17701,17700,2,2
2021-11-24 15:00:07.910,17698,17700,17700,1,1
2021-11-24 15:00:08.234,17697,17700,17700,2,2
2021-11-24 15:00:08.441,17699,17701,17701,3,3
2021-11-24 15:00:08.441,17699,17701,17702,4,4
2021-11-24 15:00:08.456,17699,17701,17702,1,1
2021-11-24 15:00:08.456,17699,17701,17703,1,1
2021-11-24 15:00:08.456,17699,17701,17704,2,2
2021-11-24 15:00:08.456,17699,17701,17705,3,3
2021-11-24 15:00:08.548,17700,17706,17706,5,5
2021-11-24 15:00:08.548,17700,17706,17707,2,2
2021-11-24 15:00:08.548,17700,17706,17707,2,2
2021-11-24 15:00:08.549,17700,17706,17708,2,2
2021-11-24 15:00:08.568,17700,17706,17710,3,3
2021-11-24 15:00:08.568,17700,17706,17711,3,3
2021-11-24 15:00:08.568,17700,17706,17712,1,1
2021-11-24 15:00:08.764,17700,17712,17712,1,1
2021-11-24 15:00:09.688,17700,17706,17703,1,1
2021-11-24 15:00:09.929,17702,17704,17702,1,-1
2021-11-24 15:00:09.929,17702,17704,17702,2,-2
2021-11-24 15:00:10.242,17702,17704,17704,1,1
2021-11-24 15:00:10.534,17703,17705,17703,2,-2
2021-11-24 15:00:10.534,17703,17705,17702,2,-2
2021-11-24 15:00:11.304,17702,17704,17702,1,-1
2021-11-24 15:00:11.395,17702,17704,17702,1,-1
2021-11-24 15:00:11.395,17702,17704,17702,1,-1
2021-11-24 15:00:11.654,17701,17702,17702,1,1
2021-11-24 15:00:11.655,17701,17702,17701,9,-9
2021-11-24 15:00:11.721,17701,17702,17702,1,1
2021-11-24 15:00:11.989,17701,17702,17702,1,1
2021-11-24 15:00:11.989,17701,17702,17703,4,4
2021-11-24 15:00:12.777,17701,17703,17703,1,1
2021-11-24 15:00:13.094,17702,17703,17703,1,1
2021-11-24 15:00:13.693,17702,17704,17704,1,1
2021-11-24 15:00:13.694,17702,17704,17704,1,1
2021-11-24 15:00:13.719,17702,17704,17705,1,1
2021-11-24 15:00:13.921,17705,17707,17705,1,-1
2021-11-24 15:00:14.106,17705,17707,17704,1,-1
2021-11-24 15:00:14.254,17704,17706,17706,1,1
2021-11-24 15:00:15.345,17705,17707,17705,1,-1
2021-11-24 15:00:15.573,17705,17707,17705,3,-3
2021-11-24 15:00:16.110,17704,17707,17707,1,1
2021-11-24 15:00:16.368,17704,17707,17707,1,1
2021-11-24 15:00:16.368,17704,17707,17708,2,2
2021-11-24 15:00:16.368,17704,17707,17709,2,2
2021-11-24 15:00:16.472,17707,17710,17707,1,-1
2021-11-24 15:00:16.472,17707,17710,17706,2,-2
2021-11-24 15:00:16.755,17706,17709,17706,3,-3
2021-11-24 15:00:17.055,17705,17707,17707,1,1
2021-11-24 15:00:17.109,17705,17707,17708,2,2
2021-11-24 15:00:17.117,17705,17707,17708,1,1
2021-11-24 15:00:17.117,17705,17707,17709,1,1
2021-11-24 15:00:17.221,17706,17709,17709,2,2
2021-11-24 15:00:17.221,17706,17709,17710,2,2
2021-11-24 15:00:17.277,17706,17710,17708,1,1
2021-11-24 15:00:17.326,17706,17710,17707,6,-6
2021-11-24 15:00:17.641,17705,17708,17705,1,-1
2021-11-24 15:00:18.159,17705,17707,17707,1,1
2021-11-24 15:00:18.711,17705,17707,17705,2,-2
2021-11-24 15:00:18.711,17705,17707,17705,1,-1
2021-11-24 15:00:19.694,17704,17706,17706,1,1
2021-11-24 15:00:19.764,17705,17706,17706,1,1
2021-11-24 15:00:19.854,17705,17706,17705,2,-2
2021-11-24 15:00:19.854,17705,17706,17704,1,-1
2021-11-24 15:00:20.723,17704,17707,17704,4,-4
2021-11-24 15:00:20.778,17703,17705,17705,1,1
2021-11-24 15:00:21.256,17704,17705,17705,1,1
2021-11-24 15:00:21.299,17704,17705,17704,1,-1
2021-11-24 15:00:21.407,17703,17705,17705,1,1
2021-11-24 15:00:21.435,17703,17705,17705,1,1
2021-11-24 15:00:21.807,17703,17704,17704,1,1
2021-11-24 15:00:21.991,17703,17704,17703,1,-1
2021-11-24 15:00:22.288,17703,17704,17704,2,2
2021-11-24 15:00:22.564,17703,17704,17703,1,-1
2021-11-24 15:00:22.566,17703,17704,17703,1,-1
2021-11-24 15:00:22.566,17703,17704,17704,2,2
2021-11-24 15:00:22.593,17703,17704,17704,1,1
2021-11-24 15:00:22.881,17702,17704,17702,1,-1
2021-11-24 15:00:23.191,17702,17704,17702,5,-5
2021-11-24 15:00:23.201,17702,17704,17704,1,1
2021-11-24 15:00:23.286,17702,17704,17704,1,1
2021-11-24 15:00:24.222,17702,17703,17703,1,1
2021-11-24 15:00:24.268,17702,17703,17703,1,1
2021-11-24 15:00:24.827,17703,17704,17704,9,9
2021-11-24 15:00:25.191,17704,17705,17705,1,1
2021-11-24 15:00:25.658,17703,17704,17704,1,1
2021-11-24 15:00:25.658,17703,17704,17705,4,4
2021-11-24 15:00:28.275,17702,17704,17702,1,-1
2021-11-24 15:00:28.644,17703,17704,17704,1,1
2021-11-24 15:00:28.750,17704,17705,17704,1,-1
2021-11-24 15:00:29.869,17704,17705,17704,1,-1
2021-11-24 15:00:30.455,17704,17705,17705,1,1
2021-11-24 15:00:30.463,17704,17705,17705,3,3
2021-11-24 15:00:30.712,17704,17705,17705,1,1
2021-11-24 15:00:30.712,17704,17705,17705,4,4
2021-11-24 15:00:30.831,17704,17706,17704,1,-1
2021-11-24 15:00:31.673,17704,17706,17706,2,2
2021-11-24 15:00:31.942,17705,17707,17705,2,-2
2021-11-24 15:00:31.942,17705,17707,17705,11,-11
2021-11-24 15:00:32.195,17705,17707,17707,1,1
2021-11-24 15:00:32.300,17705,17708,17708,1,1
2021-11-24 15:00:32.366,17705,17708,17705,1,-1
2021-11-24 15:00:32.366,17705,17708,17704,2,-2
2021-11-24 15:00:32.514,17705,17707,17705,1,-1
2021-11-24 15:00:32.585,17705,17707,17704,2,-2
2021-11-24 15:00:33.098,17704,17707,17704,1,-1
2021-11-24 15:00:35.625,17704,17706,17704,1,-1
2021-11-24 15:00:36.499,17705,17706,17705,1,-1
2021-11-24 15:00:39.396,17705,17706,17706,4,4
2021-11-24 15:00:39.546,17706,17708,17707,1,1
2021-11-24 15:00:39.724,17706,17708,17706,1,-1
2021-11-24 15:00:39.902,17705,17707,17705,3,-3
2021-11-24 15:00:40.885,17704,17705,17705,2,2
2021-11-24 15:00:43.278,17705,17706,17705,1,-1
2021-11-24 15:00:43.469,17705,17706,17705,1,-1
2021-11-24 15:00:44.839,17705,17706,17705,1,-1
2021-11-24 15:00:45.271,17705,17706,17705,4,-4
2021-11-24 15:00:45.481,17705,17706,17705,1,-1
2021-11-24 15:00:45.768,17704,17705,17705,1,1
2021-11-24 15:00:46.827,17704,17705,17705,1,1
2021-11-24 15:00:46.870,17704,17705,17705,3,3
2021-11-24 15:00:46.870,17704,17705,17706,2,2
2021-11-24 15:00:47.269,17705,17707,17705,1,-1
2021-11-24 15:00:49.312,17705,17706,17705,1,-1
2021-11-24 15:00:49.463,17705,17706,17706,1,1
2021-11-24 15:00:51.828,17705,17706,17706,5,5
2021-11-24 15:00:52.095,17705,17706,17705,2,-2
2021-11-24 15:00:52.125,17704,17706,17704,1,-1
2021-11-24 15:00:52.894,17704,17706,17706,1,1
2021-11-24 15:00:55.430,17705,17706,17706,5,5
2021-11-24 15:00:55.430,17705,17706,17707,5,5
2021-11-24 15:00:55.546,17705,17707,17707,2,2
2021-11-24 15:00:55.546,17705,17707,17708,8,8
2021-11-24 15:00:55.771,17705,17708,17708,1,1
2021-11-24 15:00:56.073,17705,17708,17708,1,1
2021-11-24 15:00:56.112,17705,17708,17708,1,1
2021-11-24 15:00:56.390,17706,17708,17708,1,1
2021-11-24 15:00:57.412,17707,17708,17708,1,1
2021-11-24 15:00:57.641,17707,17709,17709,1,1
2021-11-24 15:00:57.963,17707,17708,17708,1,1
2021-11-24 15:00:58.125,17707,17709,17707,1,-1
2021-11-24 15:00:58.229,17707,17709,17708,4,4
2021-11-24 15:00:58.229,17707,17709,17709,6,6
2021-11-24 15:00:58.893,17708,17709,17708,1,-1
2021-11-24 15:00:59.986,17708,17709,17709,2,2
2021-11-24 15:01:00.032,17708,17709,17709,3,3
2021-11-24 15:01:00.033,17708,17709,17709,9,9
2021-11-24 15:01:00.048,17708,17709,17710,3,3
2021-11-24 15:01:00.061,17708,17709,17710,3,3
2021-11-24 15:01:00.068,17708,17709,17710,5,5
2021-11-24 15:01:00.068,17708,17709,17711,4,4
2021-11-24 15:01:00.069,17708,17709,17711,1,1
2021-11-24 15:01:00.070,17708,17709,17711,1,1
2021-11-24 15:01:00.070,17708,17709,17712,1,1
2021-11-24 15:01:00.076,17708,17709,17712,2,2
2021-11-24 15:01:00.077,17708,17709,17712,2,2
2021-11-24 15:01:00.087,17708,17709,17712,1,1
2021-11-24 15:01:00.104,17708,17709,17712,2,2
2021-11-24 15:01:00.129,17710,17712,17712,1,1
2021-11-24 15:01:00.130,17710,17712,17712,1,1
2021-11-24 15:01:00.130,17710,17712,17712,4,4
2021-11-24 15:01:00.131,17710,17712,17712,2,2
2021-11-24 15:01:00.131,17710,17712,17713,9,9
2021-11-24 15:01:00.141,17710,17712,17713,7,7
2021-11-24 15:01:00.146,17710,17712,17712,1,1
2021-11-24 15:01:00.154,17710,17712,17712,1,1
2021-11-24 15:01:00.154,17710,17712,17711,3,3
2021-11-24 15:01:00.154,17710,17712,17710,1,-1
2021-11-24 15:01:00.216,17710,17712,17710,1,-1
2021-11-24 15:01:00.216,17710,17712,17709,2,-2
2021-11-24 15:01:00.236,17710,17712,17711,1,1
2021-11-24 15:01:00.241,17710,17712,17712,1,1
2021-11-24 15:01:00.257,17709,17712,17712,1,1
2021-11-24 15:01:00.257,17709,17712,17713,2,2
2021-11-24 15:01:00.257,17709,17712,17714,2,2
2021-11-24 15:01:00.592,17710,17713,17710,1,-1
2021-11-24 15:01:00.662,17711,17713,17711,1,-1
2021-11-24 15:01:00.784,17710,17712,17711,1,1
2021-11-24 15:01:00.786,17710,17712,17713,1,1
2021-11-24 15:01:00.792,17710,17712,17713,1,1
2021-11-24 15:01:00.799,17710,17712,17713,1,1
2021-11-24 15:01:00.799,17710,17712,17714,1,1
2021-11-24 15:01:00.799,17710,17712,17714,1,1
2021-11-24 15:01:00.828,17710,17712,17714,1,1
2021-11-24 15:01:00.828,17710,17712,17714,1,1
2021-11-24 15:01:00.828,17710,17712,17714,1,1
2021-11-24 15:01:00.829,17710,17712,17713,1,1
2021-11-24 15:01:00.983,17711,17714,17712,1,-1
2021-11-24 15:01:01.023,17711,17713,17711,1,-1
2021-11-24 15:01:01.128,17710,17713,17713,1,1
2021-11-24 15:01:01.157,17710,17713,17712,1,1
2021-11-24 15:01:01.297,17710,17712,17710,1,-1
2021-11-24 15:01:01.490,17710,17712,17710,2,-2
2021-11-24 15:01:01.807,17708,17711,17711,3,3
2021-11-24 15:01:01.866,17708,17711,17711,2,2
2021-11-24 15:01:01.954,17709,17712,17711,1,1
2021-11-24 15:01:03.109,17708,17711,17711,1,1
2021-11-24 15:01:03.690,17708,17711,17711,3,3
2021-11-24 15:01:03.691,17708,17711,17711,2,2
2021-11-24 15:01:04.608,17708,17710,17710,1,1
2021-11-24 15:01:05.048,17708,17710,17709,1,1
2021-11-24 15:01:05.489,17708,17709,17709,1,1
2021-11-24 15:01:06.027,17708,17709,17708,3,-3
2021-11-24 15:01:06.408,17708,17709,17709,1,1
2021-11-24 15:01:06.810,17708,17709,17708,1,-1
2021-11-24 15:01:07.070,17707,17708,17707,1,-1
2021-11-24 15:01:07.070,17707,17708,17707,1,-1
2021-11-24 15:01:07.127,17706,17708,17708,1,1
2021-11-24 15:01:07.127,17706,17708,17708,1,1
2021-11-24 15:01:07.127,17706,17708,17708,1,1
2021-11-24 15:01:07.127,17706,17708,17708,1,1
2021-11-24 15:01:07.909,17706,17707,17706,10,-10
2021-11-24 15:01:07.909,17706,17707,17706,6,-6
2021-11-24 15:01:08.245,17705,17706,17706,1,1
2021-11-24 15:01:08.293,17705,17706,17705,1,-1
2021-11-24 15:01:08.407,17705,17706,17705,1,-1
2021-11-24 15:01:08.527,17705,17706,17705,2,-2
2021-11-24 15:01:09.498,17704,17705,17705,1,1
2021-11-24 15:01:09.607,17704,17706,17706,1,1
2021-11-24 15:01:10.356,17705,17706,17705,1,-1
2021-11-24 15:01:10.700,17705,17706,17705,1,-1
2021-11-24 15:01:10.764,17705,17706,17706,5,5
2021-11-24 15:01:10.893,17705,17706,17705,2,-2
2021-11-24 15:01:11.010,17705,17706,17705,1,-1
2021-11-24 15:01:11.796,17704,17706,17704,1,-1
2021-11-24 15:01:13.131,17704,17705,17705,1,1
2021-11-24 15:01:13.328,17704,17706,17706,1,1
2021-11-24 15:01:14.564,17705,17706,17706,4,4
2021-11-24 15:01:15.110,17706,17707,17707,1,1
2021-11-24 15:01:15.111,17706,17707,17707,5,5
2021-11-24 15:01:15.111,17706,17707,17707,4,4
2021-11-24 15:01:15.166,17707,17708,17707,1,-1
2021-11-24 15:01:15.166,17707,17708,17706,9,-9
2021-11-24 15:01:15.243,17707,17708,17705,1,-1
2021-11-24 15:01:15.287,17705,17708,17705,1,-1
2021-11-24 15:01:17.226,17706,17708,17706,1,-1
2021-11-24 15:01:19.108,17705,17707,17705,1,-1
2021-11-24 15:01:19.127,17705,17707,17707,1,1
2021-11-24 15:01:19.127,17705,17707,17708,1,1
2021-11-24 15:01:19.127,17705,17707,17708,1,1
2021-11-24 15:01:19.128,17705,17707,17708,1,1
2021-11-24 15:01:19.128,17705,17707,17708,1,1
2021-11-24 15:01:21.100,17706,17707,17707,3,3
2021-11-24 15:01:22.383,17706,17707,17707,4,4
2021-11-24 15:01:22.389,17706,17707,17708,6,6
2021-11-24 15:01:22.541,17708,17710,17710,1,1
2021-11-24 15:01:22.548,17708,17710,17708,1,-1
2021-11-24 15:01:22.842,17708,17710,17710,1,1
2021-11-24 15:01:24.903,17709,17710,17710,3,3
2021-11-24 15:01:24.903,17709,17710,17711,1,1
2021-11-24 15:01:25.183,17709,17711,17709,2,-2
2021-11-24 15:01:26.002,17708,17710,17708,1,-1
2021-11-24 15:01:27.106,17708,17710,17709,1,1
2021-11-24 15:01:27.126,17708,17710,17710,1,1
2021-11-24 15:01:27.126,17708,17710,17711,1,1
2021-11-24 15:01:27.126,17708,17710,17711,1,1
2021-11-24 15:01:27.127,17708,17710,17711,1,1
2021-11-24 15:01:27.127,17708,17710,17711,1,1
2021-11-24 15:01:27.127,17708,17710,17711,1,1
2021-11-24 15:01:29.703,17709,17711,17709,1,-1
2021-11-24 15:01:29.724,17709,17711,17711,3,3
2021-11-24 15:01:29.865,17711,17712,17711,2,-2
2021-11-24 15:01:30.043,17709,17712,17709,1,-1
2021-11-24 15:01:30.237,17709,17711,17709,1,-1
2021-11-24 15:01:30.761,17710,17712,17712,2,2
2021-11-24 15:01:31.163,17711,17712,17711,1,-1
2021-11-24 15:01:31.182,17711,17712,17710,1,-1
2021-11-24 15:01:32.287,17710,17712,17710,1,-1
2021-11-24 15:01:32.455,17710,17712,17712,1,1
2021-11-24 15:01:34.294,17710,17712,17711,1,1
2021-11-24 15:01:35.473,17710,17711,17710,1,-1
2021-11-24 15:01:37.942,17710,17711,17711,1,1
2021-11-24 15:01:39.481,17710,17711,17711,2,2
2021-11-24 15:01:39.502,17710,17711,17711,1,1
2021-11-24 15:01:39.605,17710,17711,17712,1,1
2021-11-24 15:01:40.110,17710,17712,17710,1,-1
2021-11-24 15:01:41.436,17710,17712,17712,1,1
2021-11-24 15:01:43.084,17711,17712,17712,2,2
2021-11-24 15:01:43.084,17711,17712,17712,11,11
2021-11-24 15:01:43.115,17711,17712,17712,1,1
2021-11-24 15:01:43.123,17711,17712,17711,1,-1
2021-11-24 15:01:43.330,17711,17713,17711,2,-2
2021-11-24 15:01:45.610,17712,17713,17712,1,-1
2021-11-24 15:01:46.642,17712,17713,17712,1,-1
2021-11-24 15:01:46.721,17712,17713,17712,1,-1
2021-11-24 15:01:47.811,17711,17713,17711,1,-1
2021-11-24 15:01:48.993,17711,17712,17711,1,-1
2021-11-24 15:01:51.844,17711,17712,17711,1,-1
2021-11-24 15:01:52.691,17711,17712,17711,2,-2
2021-11-24 15:01:53.183,17711,17712,17711,2,-2
2021-11-24 15:01:53.504,17710,17712,17710,1,-1
2021-11-24 15:01:57.871,17711,17712,17712,3,3
2021-11-24 15:01:57.897,17711,17712,17712,3,3
2021-11-24 15:01:58.508,17711,17712,17712,1,1
2021-11-24 15:01:59.467,17711,17712,17711,1,-1
2021-11-24 15:02:00.156,17711,17712,17712,1,1
2021-11-24 15:02:00.162,17711,17712,17713,1,1
2021-11-24 15:02:00.215,17711,17712,17713,1,1
2021-11-24 15:02:00.263,17712,17713,17713,3,3
2021-11-24 15:02:00.287,17712,17713,17713,1,1
2021-11-24 15:02:00.347,17712,17713,17714,1,1
2021-11-24 15:02:00.458,17712,17714,17714,1,1
2021-11-24 15:02:00.529,17713,17714,17714,1,1
2021-11-24 15:02:00.571,17713,17714,17714,1,1
2021-11-24 15:02:00.733,17713,17714,17714,1,1
2021-11-24 15:02:00.736,17713,17714,17713,3,-3
2021-11-24 15:02:00.888,17713,17714,17714,1,1
2021-11-24 15:02:01.072,17713,17715,17715,1,1
2021-11-24 15:02:01.143,17713,17715,17715,1,1
2021-11-24 15:02:01.273,17713,17715,17713,1,-1
2021-11-24 15:02:01.360,17713,17715,17715,1,1
2021-11-24 15:02:01.369,17713,17715,17713,1,-1
2021-11-24 15:02:01.371,17713,17715,17715,1,1
2021-11-24 15:02:04.085,17712,17713,17713,2,2
2021-11-24 15:02:04.085,17712,17713,17714,2,2
2021-11-24 15:02:04.142,17712,17715,17715,1,1
2021-11-24 15:02:04.687,17712,17715,17712,3,-3
2021-11-24 15:02:06.203,17712,17713,17713,1,1
2021-11-24 15:02:07.666,17712,17714,17712,2,-2
2021-11-24 15:02:08.317,17712,17714,17714,1,1
2021-11-24 15:02:08.420,17712,17714,17714,1,1
2021-11-24 15:02:09.428,17712,17715,17715,1,1
2021-11-24 15:02:11.604,17714,17715,17714,1,-1
2021-11-24 15:02:11.972,17712,17715,17714,1,1
2021-11-24 15:02:13.209,17713,17714,17714,1,1
2021-11-24 15:02:13.852,17713,17714,17714,1,1
2021-11-24 15:02:14.939,17713,17714,17714,3,3
2021-11-24 15:02:14.939,17713,17714,17715,2,2
2021-11-24 15:02:15.151,17713,17715,17713,2,-2
2021-11-24 15:02:17.403,17713,17714,17713,1,-1
2021-11-24 15:02:24.534,17713,17714,17714,5,5
2021-11-24 15:02:25.289,17714,17715,17714,1,-1
2021-11-24 15:02:25.289,17714,17715,17714,1,-1
2021-11-24 15:02:26.382,17713,17714,17713,3,-3
2021-11-24 15:02:26.382,17713,17714,17712,2,-2
2021-11-24 15:02:26.676,17712,17714,17714,1,1
2021-11-24 15:02:28.236,17712,17714,17714,1,1
2021-11-24 15:02:31.581,17713,17714,17714,1,1
2021-11-24 15:02:33.722,17713,17714,17714,5,5
2021-11-24 15:02:35.503,17714,17715,17714,2,-2
2021-11-24 15:02:37.010,17713,17714,17714,1,1
2021-11-24 15:02:37.151,17713,17715,17715,2,2
2021-11-24 15:02:37.596,17714,17715,17714,1,-1
2021-11-24 15:02:38.085,17713,17715,17715,1,1
2021-11-24 15:02:38.880,17714,17715,17714,1,-1
2021-11-24 15:02:38.966,17714,17715,17715,1,1
2021-11-24 15:02:42.567,17713,17714,17713,1,-1
2021-11-24 15:02:44.232,17713,17714,17713,3,-3
2021-11-24 15:02:44.632,17712,17713,17712,1,-1
2021-11-24 15:02:44.657,17712,17713,17712,3,-3
2021-11-24 15:02:45.289,17712,17713,17712,2,-2
2021-11-24 15:02:45.290,17712,17713,17712,2,-2
2021-11-24 15:02:47.498,17711,17712,17711,2,-2
2021-11-24 15:02:47.570,17711,17712,17712,1,1
2021-11-24 15:02:47.634,17711,17712,17711,2,-2
2021-11-24 15:02:50.416,17711,17712,17711,1,-1
2021-11-24 15:02:50.654,17711,17712,17711,2,-2
2021-11-24 15:02:52.290,17711,17712,17711,1,-1
2021-11-24 15:02:52.529,17711,17712,17711,1,-1
2021-11-24 15:02:52.987,17711,17712,17711,1,-1
2021-11-24 15:02:56.511,17711,17712,17712,2,2
2021-11-24 15:02:57.569,17712,17713,17712,3,-3
2021-11-24 15:02:57.753,17712,17713,17712,1,-1
2021-11-24 15:02:59.003,17712,17713,17712,1,-1
2021-11-24 15:02:59.937,17712,17713,17713,1,1
2021-11-24 15:02:59.937,17712,17713,17714,1,1
2021-11-24 15:02:59.958,17712,17713,17714,2,2
2021-11-24 15:03:00.050,17713,17714,17714,1,1
2021-11-24 15:03:00.051,17713,17714,17714,1,1
2021-11-24 15:03:00.068,17713,17714,17714,1,1
2021-11-24 15:03:00.084,17713,17714,17713,1,-1
2021-11-24 15:03:00.085,17713,17714,17715,1,1
2021-11-24 15:03:00.089,17713,17714,17715,1,1
2021-11-24 15:03:00.110,17713,17714,17715,1,1
2021-11-24 15:03:00.120,17713,17714,17715,2,2
2021-11-24 15:03:00.504,17713,17715,17713,1,-1
2021-11-24 15:03:00.515,17713,17715,17715,1,1
2021-11-24 15:03:01.164,17713,17715,17715,5,5
2021-11-24 15:03:01.252,17713,17715,17715,1,1
2021-11-24 15:03:01.253,17713,17715,17714,1,1
2021-11-24 15:03:01.977,17713,17715,17713,2,-2
2021-11-24 15:03:02.786,17713,17715,17715,1,1
2021-11-24 15:03:10.838,17713,17714,17714,2,2
2021-11-24 15:03:10.838,17713,17714,17715,3,3
2021-11-24 15:03:15.166,17713,17714,17714,4,4
2021-11-24 15:03:18.263,17714,17715,17714,1,-1
2021-11-24 15:03:18.263,17714,17715,17713,2,-2
2021-11-24 15:03:20.031,17713,17715,17713,1,-1
2021-11-24 15:03:24.444,17713,17714,17714,2,2
2021-11-24 15:03:24.444,17713,17714,17715,1,1
2021-11-24 15:03:24.675,17713,17715,17713,1,-1
2021-11-24 15:03:25.782,17713,17715,17713,2,-2
2021-11-24 15:03:25.782,17713,17715,17712,1,-1
2021-11-24 15:03:27.116,17712,17714,17714,1,1
2021-11-24 15:03:30.892,17712,17713,17712,1,-1
2021-11-24 15:03:31.305,17712,17713,17712,2,-2
2021-11-24 15:03:33.778,17712,17713,17712,1,-1
2021-11-24 15:03:33.908,17712,17713,17712,3,-3
2021-11-24 15:03:35.017,17712,17713,17712,1,-1
2021-11-24 15:03:35.131,17712,17713,17712,1,-1
2021-11-24 15:03:35.407,17712,17713,17712,1,-1
2021-11-24 15:03:35.811,17711,17713,17713,2,2
2021-11-24 15:03:37.772,17712,17713,17712,1,-1
2021-11-24 15:03:40.865,17711,17713,17711,1,-1
2021-11-24 15:03:41.114,17711,17713,17712,2,2
2021-11-24 15:03:42.602,17711,17713,17711,21,-21
2021-11-24 15:03:42.603,17711,17713,17710,21,-21
2021-11-24 15:03:44.620,17709,17710,17709,1,-1
2021-11-24 15:03:44.933,17709,17710,17709,1,-1
2021-11-24 15:03:45.892,17709,17710,17710,1,1
2021-11-24 15:03:46.320,17709,17710,17709,1,-1
2021-11-24 15:03:46.408,17709,17710,17710,1,1
2021-11-24 15:03:46.408,17709,17710,17711,2,2
2021-11-24 15:03:46.408,17709,17710,17712,1,1
2021-11-24 15:03:47.474,17710,17712,17710,4,-4
2021-11-24 15:03:49.406,17710,17712,17712,3,3
2021-11-24 15:03:49.761,17711,17712,17711,2,-2
2021-11-24 15:03:58.760,17710,17711,17710,4,-4
2021-11-24 15:03:59.393,17709,17711,17709,1,-1
2021-11-24 15:04:00.009,17709,17711,17711,1,1
2021-11-24 15:04:00.024,17709,17711,17711,1,1
2021-11-24 15:04:00.027,17709,17711,17712,1,1
2021-11-24 15:04:00.093,17709,17711,17712,1,1
2021-11-24 15:04:00.435,17711,17712,17712,1,1
2021-11-24 15:04:01.058,17711,17713,17713,2,2
2021-11-24 15:04:01.267,17711,17713,17711,1,-1
2021-11-24 15:04:01.346,17711,17713,17711,1,-1
2021-11-24 15:04:02.090,17711,17713,17711,1,-1
2021-11-24 15:04:02.283,17711,17713,17711,2,-2
2021-11-24 15:04:02.508,17710,17713,17711,1,-1
2021-11-24 15:04:03.843,17711,17713,17711,1,-1
2021-11-24 15:04:08.365,17710,17711,17710,1,-1
2021-11-24 15:04:16.164,17710,17711,17710,1,-1
2021-11-24 15:04:16.844,17710,17711,17710,1,-1
2021-11-24 15:04:18.901,17710,17711,17710,1,-1
2021-11-24 15:04:20.927,17710,17711,17710,1,-1
2021-11-24 15:04:21.997,17710,17711,17710,1,-1
2021-11-24 15:04:22.440,17710,17711,17711,2,2
2021-11-24 15:04:26.942,17710,17711,17711,1,1
2021-11-24 15:04:31.115,17710,17711,17710,1,-1
2021-11-24 15:04:32.501,17710,17711,17711,3,3
2021-11-24 15:04:34.085,17710,17711,17710,2,-2
2021-11-24 15:04:34.085,17710,17711,17709,1,-1
2021-11-24 15:04:34.438,17709,17711,17710,1,1
2021-11-24 15:04:37.992,17709,17710,17709,8,-8
2021-11-24 15:04:41.485,17708,17709,17708,1,-1
2021-11-24 15:04:43.179,17708,17709,17709,1,1
2021-11-24 15:04:45.265,17708,17709,17708,1,-1
2021-11-24 15:04:46.378,17708,17709,17708,10,-10
2021-11-24 15:04:47.217,17708,17709,17708,1,-1
2021-11-24 15:04:47.379,17708,17709,17709,1,1
2021-11-24 15:04:49.972,17709,17710,17709,1,-1
2021-11-24 15:04:50.283,17709,17710,17709,1,-1
2021-11-24 15:04:54.714,17708,17709,17709,1,1
2021-11-24 15:04:57.462,17708,17709,17708,2,-2
2021-11-24 15:04:59.239,17708,17709,17709,1,1
2021-11-24 15:04:59.650,17709,17710,17710,5,5
2021-11-24 15:04:59.761,17709,17710,17709,2,-2
2021-11-24 15:05:00.122,17709,17710,17710,1,1
2021-11-24 15:05:00.127,17709,17710,17709,1,-1
2021-11-24 15:05:00.691,17708,17710,17710,1,1
2021-11-24 15:05:00.759,17708,17710,17710,1,1
2021-11-24 15:05:01.528,17709,17710,17710,1,1
2021-11-24 15:05:01.627,17709,17711,17711,1,1
2021-11-24 15:05:02.040,17709,17711,17711,2,2
2021-11-24 15:05:02.051,17709,17711,17711,2,2
2021-11-24 15:05:02.051,17709,17711,17711,4,4
2021-11-24 15:05:02.064,17709,17711,17710,2,2
2021-11-24 15:05:02.305,17710,17712,17710,2,-2
2021-11-24 15:05:02.306,17710,17712,17710,8,-8
2021-11-24 15:05:03.970,17710,17712,17710,1,-1
2021-11-24 15:05:03.974,17710,17712,17709,1,-1
2021-11-24 15:05:04.160,17709,17711,17711,2,2
2021-11-24 15:05:04.160,17709,17711,17712,2,2
2021-11-24 15:05:17.902,17710,17711,17711,1,1
2021-11-24 15:05:19.933,17710,17711,17711,1,1
2021-11-24 15:05:20.002,17710,17712,17712,1,1
2021-11-24 15:05:20.003,17710,17712,17712,1,1
2021-11-24 15:05:24.271,17711,17712,17712,1,1
2021-11-24 15:05:28.721,17711,17712,17712,1,1
2021-11-24 15:05:30.443,17711,17712,17712,1,1
2021-11-24 15:05:30.503,17711,17712,17712,1,1
2021-11-24 15:05:30.503,17711,17712,17712,1,1
2021-11-24 15:05:30.503,17711,17712,17712,1,1
2021-11-24 15:05:31.241,17711,17712,17712,1,1
2021-11-24 15:05:34.680,17712,17713,17712,1,-1
2021-11-24 15:05:34.681,17712,17713,17712,1,-1
2021-11-24 15:05:37.681,17712,17713,17713,1,1
2021-11-24 15:05:38.654,17712,17713,17713,3,3
2021-11-24 15:05:41.220,17712,17713,17713,2,2
2021-11-24 15:05:41.347,17712,17713,17712,1,-1
2021-11-24 15:05:42.353,17712,17713,17713,1,1
2021-11-24 15:05:45.627,17712,17713,17713,4,4
2021-11-24 15:05:49.646,17712,17714,17713,1,1
2021-11-24 15:05:53.113,17713,17714,17713,1,-1
2021-11-24 15:05:57.640,17713,17714,17713,1,-1
2021-11-24 15:05:57.640,17713,17714,17713,2,-2
2021-11-24 15:06:00.859,17712,17713,17712,4,-4
2021-11-24 15:06:00.860,17712,17713,17711,4,-4
2021-11-24 15:06:01.208,17710,17712,17712,1,1
2021-11-24 15:06:01.608,17710,17712,17712,1,1
2021-11-24 15:06:02.813,17710,17712,17712,1,1
2021-11-24 15:06:04.072,17710,17712,17710,1,-1
2021-11-24 15:06:04.589,17710,17712,17712,1,1
2021-11-24 15:06:07.359,17710,17712,17710,8,-8
2021-11-24 15:06:09.049,17710,17712,17711,1,1
2021-11-24 15:06:09.411,17710,17712,17712,1,1
2021-11-24 15:06:11.148,17710,17712,17710,1,-1
2021-11-24 15:06:12.784,17710,17712,17710,2,-2
2021-11-24 15:06:19.976,17710,17711,17711,1,1
2021-11-24 15:06:20.196,17711,17712,17711,1,-1
2021-11-24 15:06:29.537,17711,17712,17711,2,-2
2021-11-24 15:06:45.888,17710,17711,17711,1,1
2021-11-24 15:06:51.096,17710,17711,17711,1,1
2021-11-24 15:06:53.304,17710,17711,17711,1,1
2021-11-24 15:06:54.704,17710,17711,17711,1,1
2021-11-24 15:06:57.238,17710,17711,17711,5,5
2021-11-24 15:07:01.714,17711,17712,17712,2,2
2021-11-24 15:07:02.768,17711,17712,17712,1,1
2021-11-24 15:07:06.671,17711,17712,17711,1,-1
2021-11-24 15:07:09.311,17711,17712,17711,1,-1
2021-11-24 15:07:10.911,17711,17712,17711,1,-1
2021-11-24 15:07:13.449,17711,17712,17712,3,3
2021-11-24 15:07:13.449,17711,17712,17713,1,1
2021-11-24 15:07:15.081,17711,17713,17712,1,1
2021-11-24 15:07:15.461,17711,17713,17713,5,5
2021-11-24 15:07:15.461,17711,17713,17713,2,2
2021-11-24 15:07:17.912,17712,17714,17714,5,5
2021-11-24 15:07:17.913,17712,17714,17714,4,4
2021-11-24 15:07:18.282,17713,17715,17714,1,1
2021-11-24 15:07:24.112,17713,17715,17713,1,-1
2021-11-24 15:07:25.360,17713,17714,17714,3,3
2021-11-24 15:07:25.360,17713,17714,17715,1,1
2021-11-24 15:07:26.180,17714,17715,17715,5,5
2021-11-24 15:07:27.471,17714,17715,17715,8,8
2021-11-24 15:07:27.471,17714,17715,17715,2,2
2021-11-24 15:07:27.472,17714,17715,17715,8,8
2021-11-24 15:07:27.472,17714,17715,17715,3,3
2021-11-24 15:07:28.535,17714,17715,17715,2,2
2021-11-24 15:07:28.559,17714,17715,17714,2,-2
2021-11-24 15:07:33.492,17714,17715,17715,1,1
2021-11-24 15:07:34.789,17714,17715,17715,1,1
2021-11-24 15:07:38.742,17714,17715,17715,2,2
2021-11-24 15:07:40.050,17714,17715,17715,1,1
2021-11-24 15:07:40.215,17714,17715,17715,1,1
2021-11-24 15:07:41.209,17714,17715,17715,1,1
2021-11-24 15:07:41.724,17714,17716,17716,1,1
2021-11-24 15:07:44.096,17714,17715,17715,1,1
2021-11-24 15:07:44.096,17714,17715,17716,2,2
2021-11-24 15:07:44.562,17714,17716,17715,1,1
2021-11-24 15:07:45.410,17714,17715,17715,1,1
2021-11-24 15:07:45.806,17715,17716,17716,2,2
2021-11-24 15:07:46.639,17715,17716,17716,4,4
2021-11-24 15:07:46.640,17715,17716,17717,6,6
2021-11-24 15:07:46.763,17715,17717,17717,5,5
2021-11-24 15:07:46.832,17715,17717,17716,2,2
2021-11-24 15:07:46.997,17715,17717,17716,1,1
2021-11-24 15:07:46.997,17715,17717,17717,6,6
2021-11-24 15:07:47.074,17715,17717,17717,1,1
2021-11-24 15:07:47.078,17715,17717,17717,1,1
2021-11-24 15:07:47.078,17715,17717,17718,1,1
2021-11-24 15:07:47.116,17715,17717,17717,2,2
2021-11-24 15:07:47.116,17715,17717,17718,2,2
2021-11-24 15:07:47.250,17715,17717,17717,1,1
2021-11-24 15:07:47.268,17715,17717,17717,1,1
2021-11-24 15:07:47.295,17715,17717,17717,1,1
2021-11-24 15:07:47.300,17715,17717,17717,1,1
2021-11-24 15:07:47.304,17715,17717,17717,1,1
2021-11-24 15:07:47.320,17715,17717,17717,1,1
2021-11-24 15:07:47.322,17715,17717,17717,1,1
2021-11-24 15:07:47.353,17715,17717,17717,1,1
2021-11-24 15:07:47.356,17715,17717,17718,1,1
2021-11-24 15:07:47.445,17715,17718,17718,1,1
2021-11-24 15:07:47.450,17715,17718,17718,1,1
2021-11-24 15:07:47.473,17715,17718,17718,1,1
2021-11-24 15:07:48.280,17715,17716,17716,1,1
2021-11-24 15:07:48.398,17715,17717,17717,1,1
2021-11-24 15:07:48.822,17715,17716,17715,1,-1
2021-11-24 15:07:48.960,17715,17716,17716,1,1
2021-11-24 15:07:49.904,17715,17717,17715,5,-5
2021-11-24 15:07:49.905,17715,17717,17714,4,-4
2021-11-24 15:07:50.776,17713,17714,17713,1,-1
2021-11-24 15:07:52.458,17713,17714,17714,1,1
2021-11-24 15:07:53.363,17714,17715,17714,1,-1
2021-11-24 15:07:55.560,17714,17715,17715,1,1
2021-11-24 15:07:56.208,17714,17715,17715,1,1
2021-11-24 15:07:58.452,17714,17715,17715,1,1
2021-11-24 15:07:59.762,17714,17715,17715,1,1
2021-11-24 15:08:00.108,17714,17715,17715,1,1
2021-11-24 15:08:00.290,17714,17715,17714,1,-1
2021-11-24 15:08:02.086,17714,17715,17715,1,1
2021-11-24 15:08:03.061,17714,17715,17715,1,1
2021-11-24 15:08:03.419,17714,17715,17715,1,1
2021-11-24 15:08:06.162,17714,17715,17715,4,4
2021-11-24 15:08:09.482,17714,17715,17714,2,-2
2021-11-24 15:08:09.484,17714,17715,17714,1,-1
2021-11-24 15:08:09.484,17714,17715,17714,3,-3
2021-11-24 15:08:11.359,17713,17714,17714,1,1
2021-11-24 15:08:14.954,17713,17715,17715,2,2
2021-11-24 15:08:15.201,17713,17715,17715,1,1
2021-11-24 15:08:16.635,17713,17715,17715,1,1
2021-11-24 15:08:18.140,17713,17715,17715,1,1
2021-11-24 15:08:20.296,17713,17715,17715,1,1
2021-11-24 15:08:28.222,17713,17715,17713,1,-1
2021-11-24 15:08:28.223,17713,17715,17713,5,-5
2021-11-24 15:08:29.479,17712,17714,17714,2,2
2021-11-24 15:08:32.631,17712,17714,17712,3,-3
2021-11-24 15:08:32.632,17712,17714,17712,1,-1
2021-11-24 15:08:36.514,17713,17714,17714,1,1
2021-11-24 15:08:36.515,17713,17714,17713,2,-2
2021-11-24 15:08:38.467,17712,17714,17712,1,-1
2021-11-24 15:08:42.007,17712,17714,17712,3,-3
2021-11-24 15:08:42.008,17712,17714,17712,3,-3
2021-11-24 15:08:43.064,17711,17713,17713,1,1
2021-11-24 15:08:46.903,17712,17714,17713,1,1
2021-11-24 15:08:52.960,17713,17714,17713,2,-2
2021-11-24 15:08:52.961,17713,17714,17712,11,-11
2021-11-24 15:08:57.680,17711,17712,17711,1,-1
2021-11-24 15:08:57.863,17711,17712,17711,2,-2
2021-11-24 15:08:59.533,17711,17712,17711,5,-5
2021-11-24 15:09:02.362,17710,17711,17711,1,1
2021-11-24 15:09:02.796,17710,17711,17711,1,1
2021-11-24 15:09:08.427,17710,17711,17710,2,-2
2021-11-24 15:09:08.428,17710,17711,17710,3,-3
2021-11-24 15:09:09.690,17709,17711,17709,1,-1
2021-11-24 15:09:12.637,17709,17710,17709,14,-14
2021-11-24 15:09:14.833,17708,17709,17708,2,-2
2021-11-24 15:09:18.172,17708,17709,17708,2,-2
2021-11-24 15:09:21.117,17708,17709,17709,6,6
2021-11-24 15:09:21.286,17708,17710,17710,1,1
2021-11-24 15:09:24.734,17708,17710,17710,2,2
2021-11-24 15:09:31.448,17709,17710,17710,1,1
2021-11-24 15:09:36.127,17710,17712,17710,4,-4
2021-11-24 15:09:47.932,17710,17711,17710,1,-1
2021-11-24 15:09:49.080,17710,17711,17710,1,-1
2021-11-24 15:09:49.808,17710,17711,17710,2,-2
2021-11-24 15:10:00.089,17710,17711,17711,1,1
2021-11-24 15:10:00.089,17710,17711,17711,1,1
2021-11-24 15:10:04.136,17710,17712,17712,4,4
2021-11-24 15:10:10.741,17710,17712,17712,1,1
2021-11-24 15:10:14.901,17711,17712,17711,1,-1
2021-11-24 15:10:22.566,17710,17712,17711,1,1
2021-11-24 15:10:27.726,17711,17712,17711,2,-2
2021-11-24 15:10:29.655,17710,17711,17711,1,1
2021-11-24 15:10:32.281,17710,17712,17710,12,-12
2021-11-24 15:10:32.281,17710,17712,17710,4,-4
2021-11-24 15:10:32.465,17709,17710,17710,1,1
2021-11-24 15:10:32.497,17709,17710,17709,1,-1
2021-11-24 15:10:32.497,17709,17710,17709,2,-2
2021-11-24 15:10:32.497,17709,17710,17709,1,-1
2021-11-24 15:10:42.436,17709,17710,17709,1,-1
2021-11-24 15:10:44.140,17708,17709,17708,4,-4
2021-11-24 15:10:44.140,17708,17709,17708,1,-1
2021-11-24 15:10:44.140,17708,17709,17708,1,-1
2021-11-24 15:10:44.140,17708,17709,17708,1,-1
2021-11-24 15:10:44.141,17708,17709,17708,5,-5
2021-11-24 15:10:44.143,17708,17709,17707,10,-10
2021-11-24 15:10:44.292,17706,17708,17708,2,2
2021-11-24 15:10:44.414,17706,17708,17708,1,1
2021-11-24 15:10:48.175,17707,17708,17707,1,-1
2021-11-24 15:10:48.790,17707,17708,17708,1,1
2021-11-24 15:11:00.287,17707,17708,17707,2,-2
2021-11-24 15:11:04.374,17707,17708,17707,2,-2
2021-11-24 15:11:04.542,17707,17708,17707,1,-1
2021-11-24 15:11:06.366,17707,17708,17707,1,-1
2021-11-24 15:11:06.594,17707,17708,17708,1,1
2021-11-24 15:11:07.234,17707,17708,17707,1,-1
2021-11-24 15:11:08.741,17707,17708,17707,2,-2
2021-11-24 15:11:11.935,17706,17707,17707,1,1
2021-11-24 15:11:17.453,17707,17708,17707,1,-1
2021-11-24 15:11:20.931,17707,17708,17708,3,3
2021-11-24 15:11:20.941,17707,17708,17709,1,1
2021-11-24 15:11:20.941,17707,17708,17709,1,1
2021-11-24 15:11:26.140,17708,17710,17710,1,1
2021-11-24 15:11:30.618,17709,17710,17709,1,-1
2021-11-24 15:11:31.085,17709,17710,17710,1,1
2021-11-24 15:11:44.422,17709,17710,17709,2,-2
2021-11-24 15:11:57.172,17708,17709,17708,1,-1
2021-11-24 15:11:57.311,17708,17709,17708,1,-1
2021-11-24 15:12:07.920,17708,17709,17708,5,-5
2021-11-24 15:12:08.034,17708,17709,17708,1,-1
2021-11-24 15:12:10.048,17707,17709,17708,1,1
2021-11-24 15:12:19.529,17707,17708,17707,3,-3
2021-11-24 15:12:19.529,17707,17708,17706,1,-1
2021-11-24 15:12:20.200,17707,17708,17707,1,-1
2021-11-24 15:12:23.574,17707,17708,17707,3,-3
2021-11-24 15:12:23.574,17707,17708,17706,14,-14
2021-11-24 15:12:23.575,17707,17708,17707,1,-1
2021-11-24 15:12:26.460,17706,17707,17707,1,1
2021-11-24 15:12:32.094,17706,17707,17707,1,1
2021-11-24 15:12:32.389,17706,17708,17707,1,1
2021-11-24 15:12:32.783,17706,17708,17706,1,-1
2021-11-24 15:12:36.203,17706,17707,17707,1,1
2021-11-24 15:12:46.083,17707,17708,17707,1,-1
2021-11-24 15:12:48.177,17707,17708,17707,1,-1
2021-11-24 15:12:53.889,17707,17708,17707,1,-1
2021-11-24 15:12:54.920,17707,17708,17707,4,-4
2021-11-24 15:12:54.922,17707,17708,17707,1,-1
2021-11-24 15:13:00.342,17706,17707,17707,1,1
2021-11-24 15:13:00.657,17706,17708,17708,1,1
2021-11-24 15:13:00.664,17706,17708,17708,1,1
2021-11-24 15:13:00.728,17706,17708,17708,1,1
2021-11-24 15:13:01.006,17707,17708,17708,2,2
2021-11-24 15:13:01.790,17707,17708,17707,1,-1
2021-11-24 15:13:04.603,17706,17707,17707,1,1
2021-11-24 15:13:06.510,17706,17707,17706,1,-1
2021-11-24 15:13:07.233,17706,17707,17706,4,-4
2021-11-24 15:13:09.282,17706,17707,17706,1,-1
2021-11-24 15:13:17.004,17706,17707,17706,1,-1
2021-11-24 15:13:17.007,17706,17707,17707,1,1
2021-11-24 15:13:18.972,17706,17707,17707,1,1
2021-11-24 15:13:20.019,17706,17707,17706,5,-5
2021-11-24 15:13:30.034,17706,17707,17706,1,-1
2021-11-24 15:13:30.514,17706,17707,17706,1,-1
2021-11-24 15:13:32.291,17706,17707,17707,1,1
2021-11-24 15:13:34.718,17706,17707,17706,1,-1
2021-11-24 15:13:35.116,17706,17707,17707,4,4
2021-11-24 15:13:37.486,17706,17707,17707,1,1
2021-11-24 15:13:38.155,17706,17707,17707,1,1
2021-11-24 15:13:38.424,17706,17707,17707,1,1
2021-11-24 15:13:38.729,17706,17707,17707,1,1
2021-11-24 15:13:38.991,17706,17707,17707,1,1
2021-11-24 15:13:39.758,17706,17707,17707,1,1
2021-11-24 15:13:39.758,17706,17707,17707,1,1
2021-11-24 15:13:59.943,17706,17708,17708,5,5
2021-11-24 15:14:03.976,17707,17708,17707,6,-6
2021-11-24 15:14:04.666,17707,17708,17708,2,2
2021-11-24 15:14:04.744,17707,17708,17707,1,-1
2021-11-24 15:14:09.158,17707,17708,17707,1,-1
2021-11-24 15:14:11.045,17707,17708,17707,1,-1
2021-11-24 15:14:20.044,17707,17708,17707,1,-1
2021-11-24 15:14:26.200,17706,17707,17706,1,-1
2021-11-24 15:14:26.200,17706,17707,17706,1,-1
2021-11-24 15:14:31.327,17706,17707,17707,2,2
2021-11-24 15:14:31.756,17706,17707,17706,5,-5
2021-11-24 15:14:31.757,17706,17707,17706,7,-7
2021-11-24 15:14:31.757,17706,17707,17706,2,-2
2021-11-24 15:14:31.757,17706,17707,17706,1,-1
2021-11-24 15:14:31.758,17706,17707,17705,16,-16
2021-11-24 15:14:33.698,17704,17705,17705,1,1
2021-11-24 15:14:37.072,17704,17705,17704,1,-1
2021-11-24 15:14:40.504,17704,17705,17704,1,-1
2021-11-24 15:14:46.944,17704,17705,17704,1,-1
2021-11-24 15:14:47.042,17704,17705,17704,1,-1
2021-11-24 15:14:51.997,17704,17705,17704,17,-17
2021-11-24 15:14:53.174,17703,17705,17704,1,1
2021-11-24 15:14:54.363,17703,17705,17705,1,1
2021-11-24 15:14:59.273,17703,17704,17704,1,1
2021-11-24 15:15:00.206,17703,17704,17704,1,1
2021-11-24 15:15:00.217,17703,17704,17705,1,1
2021-11-24 15:15:00.219,17703,17704,17705,1,1
2021-11-24 15:15:00.223,17703,17704,17705,1,1
2021-11-24 15:15:00.223,17703,17704,17705,4,4
2021-11-24 15:15:00.223,17703,17704,17705,3,3
2021-11-24 15:15:01.249,17705,17706,17706,1,1
2021-11-24 15:15:01.934,17704,17706,17706,2,2
2021-11-24 15:15:03.927,17705,17707,17705,1,-1
2021-11-24 15:15:04.126,17705,17707,17707,4,4
2021-11-24 15:15:10.444,17706,17708,17706,1,-1
2021-11-24 15:15:17.773,17706,17707,17707,1,1
2021-11-24 15:15:19.715,17706,17708,17708,1,1
2021-11-24 15:15:22.890,17706,17707,17707,1,1
2021-11-24 15:15:23.464,17706,17707,17706,1,-1
2021-11-24 15:15:24.086,17706,17707,17706,1,-1
2021-11-24 15:15:25.464,17706,17707,17706,1,-1
2021-11-24 15:15:34.182,17705,17707,17707,1,1
2021-11-24 15:15:35.478,17705,17707,17705,1,-1
2021-11-24 15:15:37.385,17705,17707,17707,1,1
2021-11-24 15:15:39.718,17705,17706,17705,1,-1
2021-11-24 15:15:39.854,17705,17706,17705,1,-1
2021-11-24 15:15:40.253,17705,17706,17705,1,-1
2021-11-24 15:15:40.429,17705,17706,17705,1,-1
2021-11-24 15:15:42.409,17705,17706,17705,1,-1
2021-11-24 15:15:42.563,17705,17706,17705,1,-1
2021-11-24 15:15:46.362,17705,17706,17705,1,-1
2021-11-24 15:15:47.557,17704,17706,17704,3,-3
2021-11-24 15:15:48.835,17704,17705,17705,1,1
2021-11-24 15:15:49.670,17704,17706,17704,1,-1
2021-11-24 15:15:50.385,17704,17705,17704,3,-3
2021-11-24 15:15:53.017,17703,17705,17703,1,-1
2021-11-24 15:15:53.211,17703,17704,17704,1,1
2021-11-24 15:15:56.727,17703,17704,17703,2,-2
2021-11-24 15:15:56.727,17703,17704,17703,6,-6
2021-11-24 15:15:56.727,17703,17704,17703,3,-3
2021-11-24 15:15:56.728,17703,17704,17703,1,-1
2021-11-24 15:15:56.794,17702,17703,17702,1,-1
2021-11-24 15:15:57.083,17702,17703,17703,1,1
2021-11-24 15:15:59.299,17702,17703,17702,1,-1
2021-11-24 15:15:59.299,17702,17703,17702,1,-1
2021-11-24 15:15:59.299,17702,17703,17702,1,-1
2021-11-24 15:15:59.300,17702,17703,17702,2,-2
2021-11-24 15:15:59.300,17702,17703,17702,3,-3
2021-11-24 15:15:59.408,17701,17703,17701,3,-3
2021-11-24 15:15:59.658,17701,17703,17701,3,-3
2021-11-24 15:16:00.500,17702,17703,17702,1,-1
2021-11-24 15:16:02.241,17702,17703,17702,1,-1
2021-11-24 15:16:04.146,17702,17703,17703,1,1
2021-11-24 15:16:05.252,17702,17703,17702,3,-3
2021-11-24 15:16:05.404,17702,17703,17702,1,-1
2021-11-24 15:16:06.686,17702,17703,17702,1,-1
2021-11-24 15:16:07.020,17701,17702,17702,1,1
2021-11-24 15:16:08.156,17702,17703,17703,1,1
2021-11-24 15:16:12.296,17702,17703,17702,1,-1
2021-11-24 15:16:12.645,17702,17703,17703,1,1
2021-11-24 15:16:19.842,17702,17703,17702,1,-1
2021-11-24 15:16:19.959,17702,17703,17702,3,-3
2021-11-24 15:16:20.482,17702,17703,17702,1,-1
2021-11-24 15:16:20.623,17701,17703,17702,1,1
2021-11-24 15:16:21.868,17701,17703,17703,2,2
2021-11-24 15:16:32.743,17702,17703,17702,1,-1
2021-11-24 15:16:38.106,17702,17703,17702,5,-5
2021-11-24 15:16:38.106,17702,17703,17701,20,-20
2021-11-24 15:16:43.795,17701,17703,17701,1,-1
2021-11-24 15:16:49.341,17701,17703,17701,5,-5
2021-11-24 15:16:50.749,17700,17702,17700,5,-5
2021-11-24 15:16:50.913,17700,17702,17700,1,-1
2021-11-24 15:16:50.942,17700,17702,17700,1,-1
2021-11-24 15:16:51.045,17700,17702,17700,1,-1
2021-11-24 15:16:51.361,17700,17701,17700,2,-2
2021-11-24 15:16:57.940,17700,17701,17701,1,1
2021-11-24 15:16:58.003,17700,17701,17701,1,1
2021-11-24 15:17:00.164,17701,17702,17702,1,1
2021-11-24 15:17:00.176,17701,17702,17701,1,-1
2021-11-24 15:17:00.176,17701,17702,17700,4,-4
2021-11-24 15:17:03.266,17701,17702,17701,1,-1
2021-11-24 15:17:04.278,17701,17702,17701,2,-2
2021-11-24 15:17:04.415,17701,17702,17701,1,-1
2021-11-24 15:17:04.415,17701,17702,17700,1,-1
2021-11-24 15:17:08.632,17700,17701,17700,2,-2
2021-11-24 15:17:09.048,17700,17701,17700,1,-1
2021-11-24 15:17:09.415,17700,17701,17700,1,-1
2021-11-24 15:17:11.832,17700,17701,17700,4,-4
2021-11-24 15:17:11.833,17700,17701,17700,4,-4
2021-11-24 15:17:15.629,17700,17701,17701,1,1
2021-11-24 15:17:18.342,17700,17701,17700,4,-4
2021-11-24 15:17:19.972,17699,17701,17699,1,-1
2021-11-24 15:17:22.272,17699,17701,17701,1,1
2021-11-24 15:17:24.197,17699,17700,17699,2,-2
2021-11-24 15:17:24.705,17699,17700,17699,1,-1
2021-11-24 15:17:28.100,17699,17700,17699,1,-1
2021-11-24 15:17:28.897,17699,17700,17700,2,2
2021-11-24 15:17:33.701,17699,17700,17699,1,-1
2021-11-24 15:17:35.085,17699,17700,17699,1,-1
2021-11-24 15:17:41.663,17699,17700,17700,1,1
2021-11-24 15:17:42.456,17699,17700,17700,1,1
2021-11-24 15:17:43.755,17699,17700,17700,1,1
2021-11-24 15:17:44.266,17699,17700,17700,1,1
2021-11-24 15:17:47.794,17699,17700,17700,1,1
2021-11-24 15:17:48.363,17699,17700,17700,1,1
2021-11-24 15:17:49.318,17699,17700,17699,3,-3
2021-11-24 15:17:51.820,17699,17700,17699,1,-1
2021-11-24 15:17:52.726,17699,17700,17700,1,1
2021-11-24 15:17:57.814,17699,17700,17700,1,1
2021-11-24 15:18:00.515,17699,17700,17699,1,-1
2021-11-24 15:18:02.511,17699,17700,17700,1,1
2021-11-24 15:18:06.810,17699,17700,17700,1,1
2021-11-24 15:18:06.811,17699,17700,17700,5,5
2021-11-24 15:18:09.146,17700,17701,17700,5,-5
2021-11-24 15:18:09.146,17700,17701,17701,7,7
2021-11-24 15:18:10.940,17700,17702,17701,1,1
2021-11-24 15:18:16.105,17700,17702,17702,1,1
2021-11-24 15:18:23.618,17701,17702,17702,2,2
2021-11-24 15:18:26.603,17701,17702,17701,1,-1
2021-11-24 15:18:29.540,17701,17702,17701,1,-1
2021-11-24 15:18:33.710,17701,17702,17701,1,-1
2021-11-24 15:18:45.931,17701,17702,17701,1,-1
2021-11-24 15:18:49.924,17701,17702,17701,1,-1
2021-11-24 15:18:55.301,17701,17702,17701,1,-1
2021-11-24 15:18:55.570,17701,17702,17701,1,-1
2021-11-24 15:18:55.841,17701,17702,17701,1,-1
2021-11-24 15:18:56.072,17701,17702,17701,1,-1
2021-11-24 15:18:56.279,17701,17702,17701,1,-1
2021-11-24 15:18:56.475,17701,17702,17701,1,-1
2021-11-24 15:18:56.726,17700,17702,17701,1,1
2021-11-24 15:18:57.001,17701,17702,17701,1,-1
2021-11-24 15:18:57.272,17701,17702,17701,1,-1
2021-11-24 15:18:57.621,17701,17702,17701,1,-1
2021-11-24 15:18:57.948,17701,17702,17701,1,-1
2021-11-24 15:18:58.148,17701,17702,17701,1,-1
2021-11-24 15:18:58.375,17701,17702,17701,1,-1
2021-11-24 15:18:58.669,17701,17702,17701,1,-1
2021-11-24 15:18:58.892,17701,17702,17701,1,-1
2021-11-24 15:18:59.227,17700,17702,17701,1,1
2021-11-24 15:18:59.494,17701,17702,17701,1,-1
2021-11-24 15:18:59.707,17701,17702,17702,4,4
2021-11-24 15:18:59.707,17701,17702,17702,1,1
2021-11-24 15:18:59.707,17701,17702,17702,9,9
2021-11-24 15:19:01.191,17702,17703,17702,1,-1
2021-11-24 15:19:01.480,17702,17703,17702,1,-1
2021-11-24 15:19:03.754,17701,17702,17701,1,-1
2021-11-24 15:19:08.733,17701,17702,17702,1,1
2021-11-24 15:19:09.526,17701,17702,17702,1,1
2021-11-24 15:19:09.526,17701,17702,17702,2,2
2021-11-24 15:19:10.591,17702,17703,17702,1,-1
2021-11-24 15:19:11.085,17702,17703,17702,1,-1
2021-11-24 15:19:11.450,17702,17703,17702,1,-1
2021-11-24 15:19:11.805,17702,17703,17702,1,-1
2021-11-24 15:19:12.738,17702,17703,17702,1,-1
2021-11-24 15:19:13.119,17702,17703,17702,1,-1
2021-11-24 15:19:13.576,17701,17703,17702,1,1
2021-11-24 15:19:14.055,17702,17703,17702,1,-1
2021-11-24 15:19:20.029,17702,17703,17702,1,-1
2021-11-24 15:19:21.084,17702,17703,17703,1,1
2021-11-24 15:19:23.577,17702,17703,17703,3,3
2021-11-24 15:19:23.577,17702,17703,17703,8,8
2021-11-24 15:19:38.886,17703,17704,17704,1,1
2021-11-24 15:19:42.220,17703,17704,17704,1,1
2021-11-24 15:19:43.350,17703,17704,17704,5,5
2021-11-24 15:19:43.556,17703,17704,17704,1,1
2021-11-24 15:19:44.063,17703,17704,17703,2,-2
2021-11-24 15:19:45.433,17703,17704,17703,1,-1
2021-11-24 15:19:46.144,17703,17704,17704,2,2
2021-11-24 15:19:47.808,17703,17704,17704,1,1
2021-11-24 15:19:58.888,17703,17704,17704,1,1
2021-11-24 15:20:01.160,17703,17704,17704,2,2
2021-11-24 15:20:01.482,17703,17704,17704,2,2
2021-11-24 15:20:01.482,17703,17704,17705,2,2
2021-11-24 15:20:01.485,17703,17704,17705,2,2
2021-11-24 15:20:01.497,17703,17704,17705,2,2
2021-11-24 15:20:01.520,17703,17705,17705,1,1
2021-11-24 15:20:01.522,17703,17705,17705,1,1
2021-11-24 15:20:02.153,17704,17705,17705,1,1
2021-11-24 15:20:03.739,17704,17705,17705,1,1
2021-11-24 15:20:05.517,17704,17705,17705,1,1
2021-11-24 15:20:06.095,17704,17705,17705,2,2
2021-11-24 15:20:06.424,17704,17705,17704,1,-1
2021-11-24 15:20:06.930,17704,17705,17704,1,-1
2021-11-24 15:20:07.278,17703,17704,17703,2,-2
2021-11-24 15:20:07.278,17703,17704,17703,3,-3
2021-11-24 15:20:07.886,17702,17703,17703,1,1
2021-11-24 15:20:10.068,17702,17703,17703,1,1
2021-11-24 15:20:11.139,17702,17703,17703,1,1
2021-11-24 15:20:14.933,17702,17703,17702,1,-1
2021-11-24 15:20:17.788,17701,17703,17703,1,1
2021-11-24 15:20:21.749,17702,17703,17702,1,-1
2021-11-24 15:20:24.335,17702,17704,17702,3,-3
2021-11-24 15:20:25.705,17701,17702,17701,2,-2
2021-11-24 15:20:26.296,17701,17702,17702,3,3
2021-11-24 15:20:26.296,17701,17702,17703,2,2
2021-11-24 15:20:34.910,17702,17703,17702,1,-1
2021-11-24 15:20:36.794,17702,17703,17702,1,-1
2021-11-24 15:20:41.181,17702,17703,17702,1,-1
2021-11-24 15:20:42.395,17702,17703,17702,2,-2
2021-11-24 15:20:44.375,17701,17702,17702,1,1
2021-11-24 15:20:44.375,17701,17702,17703,4,4
2021-11-24 15:20:48.137,17701,17703,17703,1,1
2021-11-24 15:20:50.275,17702,17703,17702,1,-1
2021-11-24 15:20:51.043,17702,17703,17702,1,-1
2021-11-24 15:20:55.424,17702,17703,17702,1,-1
2021-11-24 15:21:04.916,17702,17703,17702,1,-1
2021-11-24 15:21:07.328,17702,17703,17703,1,1
2021-11-24 15:21:10.090,17702,17704,17702,1,-1
2021-11-24 15:21:20.495,17702,17703,17702,1,-1
2021-11-24 15:21:30.724,17701,17702,17701,7,-7
2021-11-24 15:21:37.602,17701,17702,17701,1,-1
2021-11-24 15:21:46.869,17700,17702,17701,1,1
2021-11-24 15:21:53.545,17700,17701,17701,3,3
2021-11-24 15:21:53.545,17700,17701,17702,3,3
2021-11-24 15:21:53.791,17700,17702,17701,1,1
2021-11-24 15:21:56.091,17700,17701,17700,15,-15
2021-11-24 15:21:56.092,17700,17701,17700,1,-1
2021-11-24 15:21:56.092,17700,17701,17700,2,-2
2021-11-24 15:21:56.094,17700,17701,17699,1,-1
2021-11-24 15:21:56.094,17700,17701,17699,4,-4
2021-11-24 15:21:56.094,17700,17701,17699,5,-5
2021-11-24 15:21:56.141,17698,17700,17700,1,1
2021-11-24 15:21:56.164,17698,17700,17698,1,-1
2021-11-24 15:21:56.265,17698,17699,17698,9,-9
2021-11-24 15:21:56.266,17698,17699,17698,1,-1
2021-11-24 15:21:56.266,17698,17699,17698,4,-4
2021-11-24 15:21:56.266,17698,17699,17698,1,-1
2021-11-24 15:21:56.267,17698,17699,17698,1,-1
2021-11-24 15:21:56.292,17698,17699,17697,1,-1
2021-11-24 15:21:56.345,17698,17699,17697,1,-1
2021-11-24 15:21:56.441,17697,17698,17697,3,-3
2021-11-24 15:21:56.506,17697,17698,17697,3,-3
2021-11-24 15:21:58.302,17697,17699,17697,3,-3
2021-11-24 15:22:01.651,17697,17699,17697,1,-1
2021-11-24 15:22:01.651,17697,17699,17697,1,-1
2021-11-24 15:22:01.752,17696,17698,17698,1,1
2021-11-24 15:22:01.752,17696,17698,17698,1,1
2021-11-24 15:22:01.753,17696,17698,17698,1,1
2021-11-24 15:22:01.753,17696,17698,17698,1,1
2021-11-24 15:22:05.786,17697,17698,17697,1,-1
2021-11-24 15:22:06.384,17697,17698,17697,2,-2
2021-11-24 15:22:08.994,17697,17698,17697,1,-1
2021-11-24 15:22:09.002,17697,17698,17698,1,1
2021-11-24 15:22:10.263,17697,17699,17697,2,-2
2021-11-24 15:22:10.299,17697,17699,17697,1,-1
2021-11-24 15:22:10.735,17697,17699,17699,1,1
2021-11-24 15:22:14.307,17697,17698,17698,1,1
2021-11-24 15:22:14.308,17697,17698,17698,1,1
2021-11-24 15:22:19.539,17698,17699,17698,1,-1
2021-11-24 15:22:23.932,17698,17699,17698,2,-2
2021-11-24 15:22:25.081,17698,17699,17698,2,-2
2021-11-24 15:22:27.510,17698,17699,17698,2,-2
2021-11-24 15:22:46.542,17698,17699,17698,1,-1
2021-11-24 15:22:46.627,17698,17699,17699,1,1
2021-11-24 15:22:47.464,17698,17699,17699,1,1
2021-11-24 15:22:52.827,17698,17699,17698,2,-2
2021-11-24 15:22:52.981,17697,17698,17697,2,-2
2021-11-24 15:22:52.982,17697,17698,17697,3,-3
2021-11-24 15:22:53.155,17696,17698,17698,1,1
2021-11-24 15:23:00.327,17697,17698,17698,1,1
2021-11-24 15:23:10.631,17697,17698,17697,4,-4
2021-11-24 15:23:16.279,17696,17697,17697,1,1
2021-11-24 15:23:20.519,17696,17697,17696,1,-1
2021-11-24 15:23:20.657,17696,17697,17696,2,-2
2021-11-24 15:23:21.526,17696,17697,17696,1,-1
2021-11-24 15:23:25.021,17696,17697,17697,1,1
2021-11-24 15:23:25.021,17696,17697,17698,2,2
2021-11-24 15:23:25.953,17696,17697,17697,2,2
2021-11-24 15:23:45.282,17697,17698,17697,2,-2
2021-11-24 15:23:45.282,17697,17698,17697,1,-1
2021-11-24 15:23:47.532,17697,17698,17697,1,-1
2021-11-24 15:23:50.021,17696,17698,17698,2,2
2021-11-24 15:23:53.814,17697,17698,17697,1,-1
2021-11-24 15:24:02.810,17697,17698,17698,3,3
2021-11-24 15:24:08.860,17697,17698,17697,1,-1
2021-11-24 15:24:15.580,17698,17699,17698,2,-2
2021-11-24 15:24:15.627,17697,17699,17697,1,-1
2021-11-24 15:24:17.439,17697,17699,17697,13,-13
2021-11-24 15:24:17.439,17697,17699,17696,18,-18
2021-11-24 15:24:17.441,17697,17699,17696,19,-19
2021-11-24 15:24:17.442,17697,17699,17696,1,-1
2021-11-24 15:24:20.755,17696,17697,17696,1,-1
2021-11-24 15:24:25.880,17696,17697,17696,1,-1
2021-11-24 15:24:26.156,17696,17697,17697,1,1
2021-11-24 15:24:26.344,17696,17697,17696,4,-4
2021-11-24 15:24:26.986,17696,17697,17697,1,1
2021-11-24 15:24:27.891,17696,17698,17696,1,-1
2021-11-24 15:24:27.931,17696,17698,17696,1,-1
2021-11-24 15:24:30.560,17696,17697,17697,3,3
2021-11-24 15:24:35.562,17696,17697,17697,4,4
2021-11-24 15:24:35.580,17696,17697,17697,1,1
2021-11-24 15:24:35.711,17696,17698,17697,1,1
2021-11-24 15:24:40.227,17696,17698,17698,1,1
2021-11-24 15:24:44.508,17696,17697,17697,1,1
2021-11-24 15:24:48.154,17697,17698,17697,1,-1
2021-11-24 15:25:06.590,17697,17698,17697,4,-4
2021-11-24 15:25:06.627,17696,17698,17696,1,-1
2021-11-24 15:25:07.954,17696,17697,17696,1,-1
2021-11-24 15:25:10.169,17696,17697,17696,1,-1
2021-11-24 15:25:10.170,17696,17697,17696,3,-3
2021-11-24 15:25:17.631,17695,17696,17695,1,-1
2021-11-24 15:25:17.911,17695,17696,17695,1,-1
2021-11-24 15:25:24.843,17695,17696,17696,1,1
2021-11-24 15:25:26.912,17695,17696,17695,1,-1
2021-11-24 15:25:33.660,17695,17696,17695,1,-1
2021-11-24 15:25:36.163,17695,17696,17695,2,-2
2021-11-24 15:25:39.531,17695,17696,17695,1,-1
2021-11-24 15:25:41.937,17695,17696,17695,1,-1
2021-11-24 15:25:42.777,17695,17696,17695,1,-1
2021-11-24 15:25:43.841,17695,17696,17695,1,-1
2021-11-24 15:25:44.155,17695,17696,17695,1,-1
2021-11-24 15:25:44.167,17695,17696,17695,3,-3
2021-11-24 15:25:45.290,17694,17695,17694,1,-1
2021-11-24 15:25:47.850,17694,17695,17694,4,-4
2021-11-24 15:25:48.054,17694,17695,17694,2,-2
2021-11-24 15:25:48.265,17694,17695,17694,1,-1
2021-11-24 15:25:48.834,17694,17695,17694,2,-2
2021-11-24 15:25:49.703,17693,17694,17694,1,1
2021-11-24 15:25:54.454,17694,17695,17694,3,-3
2021-11-24 15:25:54.719,17694,17695,17694,2,-2
2021-11-24 15:25:58.838,17693,17694,17693,3,-3
2021-11-24 15:25:58.883,17693,17694,17693,2,-2
2021-11-24 15:25:58.989,17693,17694,17693,1,-1
2021-11-24 15:26:01.895,17693,17694,17693,1,-1
2021-11-24 15:26:02.002,17693,17694,17693,1,-1
2021-11-24 15:26:02.388,17692,17694,17692,1,-1
2021-11-24 15:26:02.508,17692,17694,17693,1,1
2021-11-24 15:26:02.520,17692,17694,17692,2,-2
2021-11-24 15:26:02.542,17692,17694,17692,2,-2
2021-11-24 15:26:02.613,17692,17694,17692,1,-1
2021-11-24 15:26:03.120,17692,17693,17692,1,-1
2021-11-24 15:26:03.143,17692,17693,17693,1,1
2021-11-24 15:26:06.574,17692,17693,17692,1,-1
2021-11-24 15:26:07.367,17692,17693,17693,1,1
2021-11-24 15:26:12.194,17692,17693,17693,8,8
2021-11-24 15:26:17.118,17693,17694,17693,1,-1
2021-11-24 15:26:17.311,17693,17694,17693,2,-2
2021-11-24 15:26:17.414,17693,17694,17693,1,-1
2021-11-24 15:26:17.847,17693,17694,17693,1,-1
2021-11-24 15:26:18.169,17693,17694,17693,1,-1
2021-11-24 15:26:18.554,17693,17694,17693,1,-1
2021-11-24 15:26:20.604,17693,17694,17693,1,-1
2021-11-24 15:26:20.605,17693,17694,17694,14,14
2021-11-24 15:26:21.107,17694,17695,17695,1,1
2021-11-24 15:26:21.108,17694,17695,17695,2,2
2021-11-24 15:26:28.639,17695,17696,17695,4,-4
2021-11-24 15:26:28.639,17695,17696,17694,1,-1
2021-11-24 15:26:28.960,17694,17696,17696,2,2
2021-11-24 15:26:29.290,17694,17695,17695,1,1
2021-11-24 15:26:29.290,17694,17695,17696,1,1
2021-11-24 15:26:29.502,17694,17696,17696,2,2
2021-11-24 15:26:29.751,17694,17696,17696,2,2
2021-11-24 15:26:30.067,17694,17696,17696,2,2
2021-11-24 15:26:38.623,17694,17696,17696,1,1
2021-11-24 15:26:45.495,17694,17696,17694,1,-1
2021-11-24 15:26:45.603,17694,17696,17696,1,1
2021-11-24 15:26:49.712,17694,17695,17695,1,1
2021-11-24 15:26:49.791,17694,17695,17695,1,1
2021-11-24 15:26:50.910,17694,17695,17695,1,1
2021-11-24 15:26:51.783,17694,17695,17695,2,2
2021-11-24 15:26:54.945,17695,17696,17694,1,-1
2021-11-24 15:27:03.566,17696,17697,17697,2,2
2021-11-24 15:27:23.157,17697,17698,17697,1,-1
2021-11-24 15:27:28.237,17697,17698,17698,1,1
2021-11-24 15:27:29.105,17697,17698,17698,1,1
2021-11-24 15:27:32.825,17697,17698,17698,3,3
2021-11-24 15:28:08.042,17698,17699,17698,1,-1
2021-11-24 15:28:08.390,17698,17699,17699,1,1
2021-11-24 15:28:08.514,17698,17699,17699,1,1
2021-11-24 15:28:08.519,17698,17699,17699,1,1
2021-11-24 15:28:10.580,17698,17699,17699,1,1
2021-11-24 15:28:11.563,17698,17699,17698,3,-3
2021-11-24 15:28:12.644,17698,17699,17699,1,1
2021-11-24 15:28:24.968,17698,17699,17699,1,1
2021-11-24 15:28:28.551,17698,17699,17699,5,5
2021-11-24 15:28:28.575,17698,17699,17699,1,1
2021-11-24 15:28:36.043,17698,17699,17699,1,1
2021-11-24 15:28:41.844,17698,17699,17699,1,1
2021-11-24 15:28:42.074,17698,17699,17699,1,1
2021-11-24 15:28:44.651,17699,17700,17699,1,-1
2021-11-24 15:28:50.972,17699,17700,17699,1,-1
2021-11-24 15:28:50.972,17699,17700,17699,1,-1
2021-11-24 15:28:52.730,17698,17699,17698,1,-1
2021-11-24 15:28:53.232,17698,17699,17698,1,-1
2021-11-24 15:28:58.696,17698,17699,17698,2,-2
2021-11-24 15:29:06.574,17698,17699,17698,2,-2
2021-11-24 15:29:10.069,17697,17698,17697,5,-5
2021-11-24 15:29:10.148,17696,17697,17696,1,-1
2021-11-24 15:29:19.917,17696,17697,17696,2,-2
2021-11-24 15:29:21.304,17696,17697,17696,1,-1
2021-11-24 15:29:27.828,17695,17696,17696,2,2
2021-11-24 15:29:33.655,17695,17696,17695,1,-1
2021-11-24 15:29:44.644,17695,17696,17695,1,-1
2021-11-24 15:29:47.910,17695,17696,17695,1,-1
2021-11-24 15:30:01.470,17695,17696,17696,1,1
2021-11-24 15:30:01.470,17695,17696,17696,1,1
2021-11-24 15:30:01.518,17695,17697,17697,1,1
2021-11-24 15:30:01.518,17695,17697,17697,1,1
2021-11-24 15:30:01.950,17696,17698,17696,4,-4
2021-11-24 15:30:01.961,17696,17698,17695,1,-1
2021-11-24 15:30:02.032,17695,17697,17695,3,-3
2021-11-24 15:30:05.503,17695,17697,17695,1,-1
2021-11-24 15:30:12.864,17695,17696,17695,1,-1
2021-11-24 15:30:12.864,17695,17696,17695,2,-2
2021-11-24 15:30:12.865,17695,17696,17695,4,-4
2021-11-24 15:30:16.040,17694,17695,17694,1,-1
2021-11-24 15:30:16.127,17694,17695,17695,1,1
2021-11-24 15:30:16.127,17694,17695,17695,1,1
2021-11-24 15:30:23.018,17694,17695,17694,2,-2
2021-11-24 15:30:23.019,17694,17695,17694,3,-3
2021-11-24 15:30:23.127,17693,17694,17694,1,1
2021-11-24 15:30:23.127,17693,17694,17695,1,1
2021-11-24 15:30:23.128,17693,17694,17695,1,1
2021-11-24 15:30:23.128,17693,17694,17695,1,1
2021-11-24 15:30:25.337,17694,17695,17694,2,-2
2021-11-24 15:30:25.537,17694,17695,17694,1,-1
2021-11-24 15:30:26.578,17693,17695,17695,5,5
2021-11-24 15:30:29.376,17693,17694,17693,9,-9
2021-11-24 15:30:29.402,17693,17694,17692,1,-1
2021-11-24 15:30:29.402,17693,17694,17692,4,-4
2021-11-24 15:30:29.402,17693,17694,17692,1,-1
2021-11-24 15:30:29.502,17691,17692,17692,1,1
2021-11-24 15:30:29.503,17691,17692,17692,1,1
2021-11-24 15:30:29.505,17691,17692,17692,1,1
2021-11-24 15:30:29.908,17691,17693,17693,1,1
2021-11-24 15:30:30.424,17693,17694,17693,3,-3
2021-11-24 15:30:31.151,17693,17694,17693,1,-1
2021-11-24 15:30:37.068,17691,17693,17691,1,-1
2021-11-24 15:30:40.416,17691,17693,17691,5,-5
2021-11-24 15:30:40.621,17691,17692,17691,1,-1
2021-11-24 15:30:42.871,17690,17691,17690,1,-1
2021-11-24 15:30:42.906,17690,17691,17690,5,-5
2021-11-24 15:30:42.906,17690,17691,17690,20,-20
2021-11-24 15:30:42.921,17690,17691,17689,2,-2
2021-11-24 15:30:42.921,17690,17691,17688,4,-4
2021-11-24 15:30:42.949,17690,17691,17688,7,-7
2021-11-24 15:30:43.024,17688,17689,17688,3,-3
2021-11-24 15:30:43.038,17688,17689,17688,1,-1
2021-11-24 15:30:43.049,17688,17689,17688,1,-1
2021-11-24 15:30:43.225,17688,17690,17688,1,-1
2021-11-24 15:30:43.229,17688,17690,17688,1,-1
2021-11-24 15:30:47.570,17689,17690,17690,2,2
2021-11-24 15:30:47.602,17689,17690,17689,3,-3
2021-11-24 15:30:48.914,17689,17691,17689,1,-1
2021-11-24 15:30:50.474,17690,17692,17690,4,-4
2021-11-24 15:30:50.474,17690,17692,17689,7,-7
2021-11-24 15:31:00.487,17689,17690,17689,3,-3
2021-11-24 15:31:01.004,17689,17690,17689,1,-1
2021-11-24 15:31:01.189,17689,17690,17689,2,-2
2021-11-24 15:31:02.853,17689,17690,17690,2,2
2021-11-24 15:31:03.173,17690,17692,17690,3,-3
2021-11-24 15:31:04.426,17690,17692,17690,1,-1
2021-11-24 15:31:06.149,17690,17692,17690,1,-1
2021-11-24 15:31:07.251,17690,17691,17691,1,1
2021-11-24 15:31:08.559,17690,17692,17690,1,-1
2021-11-24 15:31:13.230,17689,17691,17691,3,3
2021-11-24 15:31:14.242,17691,17692,17691,1,-1
2021-11-24 15:31:19.947,17691,17692,17692,1,1
2021-11-24 15:31:21.806,17691,17692,17691,1,-1
2021-11-24 15:31:28.431,17691,17692,17691,1,-1
2021-11-24 15:31:32.646,17691,17692,17691,1,-1
2021-11-24 15:31:36.918,17691,17692,17692,1,1
2021-11-24 15:31:38.834,17691,17692,17691,5,-5
2021-11-24 15:31:40.502,17691,17692,17691,1,-1
2021-11-24 15:31:42.331,17691,17692,17692,3,3
2021-11-24 15:31:45.997,17691,17693,17691,1,-1
2021-11-24 15:31:49.960,17692,17693,17692,1,-1
2021-11-24 15:31:56.705,17691,17692,17691,1,-1
2021-11-24 15:31:57.407,17691,17692,17691,1,-1
2021-11-24 15:32:02.456,17690,17691,17691,1,1
2021-11-24 15:32:02.504,17690,17691,17690,1,-1
2021-11-24 15:32:02.506,17690,17691,17690,1,-1
2021-11-24 15:32:10.065,17690,17691,17690,1,-1
2021-11-24 15:32:10.955,17690,17691,17690,2,-2
2021-11-24 15:32:11.261,17690,17691,17691,1,1
2021-11-24 15:32:11.376,17690,17691,17690,1,-1
2021-11-24 15:32:11.377,17690,17691,17690,1,-1
2021-11-24 15:32:11.380,17690,17691,17690,1,-1
2021-11-24 15:32:16.557,17690,17691,17690,2,-2
2021-11-24 15:32:17.163,17690,17691,17690,2,-2
2021-11-24 15:32:17.252,17690,17691,17690,1,-1
2021-11-24 15:32:17.252,17690,17691,17690,1,-1
2021-11-24 15:32:18.026,17690,17691,17690,2,-2
2021-11-24 15:32:24.425,17690,17691,17691,2,2
2021-11-24 15:32:25.725,17690,17691,17691,2,2
2021-11-24 15:32:26.651,17690,17691,17690,1,-1
2021-11-24 15:32:34.785,17690,17691,17690,1,-1
2021-11-24 15:32:34.877,17690,17691,17690,1,-1
2021-11-24 15:32:34.878,17690,17691,17690,1,-1
2021-11-24 15:32:36.581,17689,17690,17689,2,-2
2021-11-24 15:32:37.358,17689,17690,17690,2,2
2021-11-24 15:32:51.682,17689,17690,17690,1,1
2021-11-24 15:32:52.147,17689,17690,17689,2,-2
2021-11-24 15:32:53.458,17689,17690,17690,3,3
2021-11-24 15:32:53.458,17689,17690,17690,2,2
2021-11-24 15:32:58.717,17689,17690,17689,1,-1
2021-11-24 15:33:00.502,17689,17690,17689,2,-2
2021-11-24 15:33:03.217,17689,17690,17689,2,-2
2021-11-24 15:33:09.645,17689,17690,17689,1,-1
2021-11-24 15:33:13.072,17689,17690,17689,2,-2
2021-11-24 15:33:13.482,17688,17689,17689,3,3
2021-11-24 15:33:13.482,17688,17689,17690,7,7
2021-11-24 15:33:13.535,17688,17690,17688,2,-2
2021-11-24 15:33:13.877,17688,17689,17688,1,-1
2021-11-24 15:33:16.861,17688,17689,17688,3,-3
2021-11-24 15:33:17.128,17688,17689,17688,1,-1
2021-11-24 15:33:20.266,17688,17689,17689,3,3
2021-11-24 15:33:21.923,17688,17689,17688,3,-3
2021-11-24 15:33:23.065,17688,17689,17689,1,1
2021-11-24 15:33:27.483,17688,17689,17688,1,-1
2021-11-24 15:33:27.483,17688,17689,17688,1,-1
2021-11-24 15:33:27.483,17688,17689,17688,1,-1
2021-11-24 15:33:27.483,17688,17689,17688,5,-5
2021-11-24 15:33:27.483,17688,17689,17688,3,-3
2021-11-24 15:33:30.565,17687,17688,17687,1,-1
2021-11-24 15:33:30.680,17686,17688,17686,2,-2
2021-11-24 15:33:30.687,17686,17688,17686,1,-1
2021-11-24 15:33:30.811,17686,17688,17686,1,-1
2021-11-24 15:33:31.278,17686,17688,17686,1,-1
2021-11-24 15:33:31.346,17686,17688,17686,1,-1
2021-11-24 15:33:33.208,17686,17688,17686,1,-1
2021-11-24 15:33:33.687,17686,17688,17686,1,-1
2021-11-24 15:33:33.968,17686,17688,17686,1,-1
2021-11-24 15:33:40.505,17686,17687,17686,1,-1
2021-11-24 15:33:42.557,17686,17687,17686,1,-1
2021-11-24 15:33:42.571,17686,17687,17686,2,-2
2021-11-24 15:33:43.375,17686,17687,17686,5,-5
2021-11-24 15:33:52.433,17686,17687,17686,1,-1
2021-11-24 15:33:52.433,17686,17687,17685,5,-5
2021-11-24 15:33:52.549,17685,17687,17685,1,-1
2021-11-24 15:33:56.128,17687,17688,17687,2,-2
2021-11-24 15:33:59.422,17686,17688,17686,4,-4
2021-11-24 15:34:01.913,17685,17687,17686,1,1
2021-11-24 15:34:01.914,17685,17687,17686,1,1
2021-11-24 15:34:02.659,17685,17687,17685,1,-1
2021-11-24 15:34:04.107,17685,17687,17686,1,1
2021-11-24 15:34:07.833,17686,17687,17687,1,1
2021-11-24 15:34:15.766,17687,17688,17688,2,2
2021-11-24 15:34:15.766,17687,17688,17688,6,6
2021-11-24 15:34:15.766,17687,17688,17688,33,33
2021-11-24 15:34:15.767,17687,17688,17689,1,1
2021-11-24 15:34:15.767,17687,17688,17689,4,4
2021-11-24 15:34:16.358,17688,17689,17688,1,-1
2021-11-24 15:34:17.282,17688,17689,17689,1,1
2021-11-24 15:34:28.610,17689,17690,17689,1,-1
2021-11-24 15:34:28.611,17689,17690,17689,3,-3
2021-11-24 15:34:29.962,17688,17689,17689,1,1
2021-11-24 15:34:31.614,17687,17689,17687,1,-1
2021-11-24 15:34:34.064,17687,17689,17687,1,-1
2021-11-24 15:34:43.810,17687,17688,17688,1,1
2021-11-24 15:34:43.810,17687,17688,17689,1,1
2021-11-24 15:34:44.366,17687,17689,17687,1,-1
2021-11-24 15:34:46.722,17687,17688,17688,1,1
2021-11-24 15:34:48.246,17687,17688,17688,1,1
2021-11-24 15:34:48.247,17687,17688,17688,2,2
2021-11-24 15:34:49.027,17687,17688,17687,3,-3
2021-11-24 15:34:51.789,17686,17687,17686,1,-1
2021-11-24 15:34:51.790,17686,17687,17686,6,-6
2021-11-24 15:34:51.790,17686,17687,17686,3,-3
2021-11-24 15:34:51.790,17686,17687,17686,3,-3
2021-11-24 15:34:51.886,17685,17686,17686,1,1
2021-11-24 15:34:52.037,17685,17686,17686,1,1
2021-11-24 15:34:53.911,17685,17686,17686,1,1
2021-11-24 15:35:03.877,17685,17686,17685,5,-5
2021-11-24 15:35:04.170,17685,17686,17686,1,1
2021-11-24 15:35:05.826,17685,17686,17686,3,3
2021-11-24 15:35:06.368,17685,17687,17685,4,-4
2021-11-24 15:35:06.827,17685,17687,17686,1,1
2021-11-24 15:35:12.265,17685,17687,17685,1,-1
2021-11-24 15:35:19.293,17685,17687,17685,4,-4
2021-11-24 15:35:24.011,17685,17687,17685,1,-1
2021-11-24 15:35:30.083,17685,17686,17686,1,1
2021-11-24 15:35:33.945,17685,17686,17685,1,-1
2021-11-24 15:35:34.990,17685,17686,17686,2,2
2021-11-24 15:35:40.316,17685,17686,17686,2,2
2021-11-24 15:35:41.656,17685,17686,17685,2,-2
2021-11-24 15:35:42.349,17684,17686,17684,1,-1
2021-11-24 15:35:43.625,17685,17686,17686,1,1
2021-11-24 15:35:48.307,17685,17686,17685,1,-1
2021-11-24 15:35:55.343,17685,17686,17685,1,-1
2021-11-24 15:35:55.921,17685,17686,17686,5,5
2021-11-24 15:35:59.903,17686,17687,17686,2,-2
2021-11-24 15:35:59.903,17686,17687,17685,4,-4
2021-11-24 15:36:01.006,17685,17687,17686,1,1
2021-11-24 15:36:03.096,17686,17687,17686,1,-1
2021-11-24 15:36:10.733,17686,17687,17687,3,3
2021-11-24 15:36:25.699,17687,17688,17687,1,-1
2021-11-24 15:36:40.878,17687,17688,17687,3,-3
2021-11-24 15:36:41.334,17686,17688,17688,1,1
2021-11-24 15:36:46.393,17687,17688,17687,1,-1
2021-11-24 15:36:47.037,17686,17687,17687,1,1
2021-11-24 15:36:52.751,17686,17687,17686,2,-2
2021-11-24 15:36:55.796,17686,17687,17686,1,-1
2021-11-24 15:36:55.797,17686,17687,17686,1,-1
2021-11-24 15:36:55.797,17686,17687,17686,1,-1
2021-11-24 15:36:58.782,17685,17686,17686,1,1
2021-11-24 15:37:00.533,17685,17686,17685,1,-1
2021-11-24 15:37:04.432,17685,17687,17685,4,-4
2021-11-24 15:37:08.247,17685,17686,17686,1,1
2021-11-24 15:37:09.678,17685,17686,17686,1,1
2021-11-24 15:37:09.678,17685,17686,17686,1,1
2021-11-24 15:37:13.999,17686,17687,17686,1,-1
2021-11-24 15:37:18.404,17686,17687,17687,10,10
2021-11-24 15:37:18.744,17687,17688,17688,1,1
2021-11-24 15:37:18.744,17687,17688,17688,4,4
2021-11-24 15:37:28.268,17687,17689,17688,1,1
2021-11-24 15:37:28.268,17687,17689,17688,1,1
2021-11-24 15:37:29.054,17687,17688,17687,2,-2
2021-11-24 15:37:29.054,17687,17688,17686,2,-2
2021-11-24 15:37:29.121,17687,17688,17686,1,-1
2021-11-24 15:37:30.387,17686,17688,17686,1,-1
2021-11-24 15:37:30.801,17686,17688,17686,4,-4
2021-11-24 15:37:31.007,17686,17688,17686,1,-1
2021-11-24 15:37:39.309,17687,17688,17688,2,2
2021-11-24 15:37:51.546,17688,17689,17688,1,-1
2021-11-24 15:37:54.432,17687,17688,17688,1,1
2021-11-24 15:37:59.679,17686,17687,17686,2,-2
2021-11-24 15:38:00.056,17686,17687,17687,1,1
2021-11-24 15:38:00.519,17686,17687,17686,1,-1
2021-11-24 15:38:11.289,17686,17687,17687,1,1
2021-11-24 15:38:11.294,17686,17687,17687,1,1
2021-11-24 15:38:14.298,17687,17689,17687,1,-1
2021-11-24 15:38:20.875,17688,17689,17689,1,1
2021-11-24 15:38:24.806,17688,17689,17689,3,3
2021-11-24 15:38:24.997,17688,17689,17689,6,6
2021-11-24 15:38:26.140,17689,17690,17690,7,7
2021-11-24 15:38:26.140,17689,17690,17690,2,2
2021-11-24 15:38:26.141,17689,17690,17690,2,2
2021-11-24 15:38:27.464,17690,17691,17691,1,1
2021-11-24 15:38:29.576,17690,17691,17691,1,1
2021-11-24 15:38:29.576,17690,17691,17692,1,1
2021-11-24 15:38:31.327,17690,17692,17690,2,-2
2021-11-24 15:38:32.734,17690,17692,17690,2,-2
2021-11-24 15:38:33.420,17689,17691,17689,1,-1
2021-11-24 15:38:39.840,17690,17691,17690,2,-2
2021-11-24 15:38:43.948,17690,17691,17690,2,-2
2021-11-24 15:38:46.768,17690,17691,17691,1,1
2021-11-24 15:38:47.515,17690,17691,17691,1,1
2021-11-24 15:38:50.419,17691,17692,17691,1,-1
2021-11-24 15:38:50.504,17690,17691,17690,1,-1
2021-11-24 15:38:54.793,17690,17691,17691,1,1
2021-11-24 15:38:56.350,17691,17692,17692,1,1
2021-11-24 15:38:57.180,17692,17693,17693,1,1
2021-11-24 15:38:57.339,17692,17693,17693,1,1
2021-11-24 15:38:59.491,17692,17693,17693,1,1
2021-11-24 15:39:01.507,17691,17693,17693,1,1
2021-11-24 15:39:04.011,17691,17693,17693,1,1
2021-11-24 15:39:10.542,17691,17692,17691,1,-1
2021-11-24 15:39:12.968,17691,17692,17692,2,2
2021-11-24 15:39:12.969,17691,17692,17692,3,3
2021-11-24 15:39:13.002,17691,17693,17691,1,-1
2021-11-24 15:39:15.609,17690,17692,17691,1,1
2021-11-24 15:39:16.537,17691,17692,17691,4,-4
2021-11-24 15:39:17.476,17690,17691,17690,1,-1
2021-11-24 15:39:19.655,17690,17691,17690,4,-4
2021-11-24 15:39:19.656,17690,17691,17690,5,-5
2021-11-24 15:39:19.698,17690,17691,17689,2,-2
2021-11-24 15:39:19.992,17689,17690,17689,2,-2
2021-11-24 15:39:19.992,17689,17690,17689,2,-2
2021-11-24 15:39:23.031,17688,17690,17690,5,5
2021-11-24 15:39:23.533,17689,17690,17689,1,-1
2021-11-24 15:39:34.981,17689,17690,17689,7,-7
2021-11-24 15:39:36.485,17688,17689,17689,5,5
2021-11-24 15:39:36.485,17688,17689,17690,10,10
2021-11-24 15:39:45.421,17688,17690,17690,1,1
2021-11-24 15:39:47.586,17688,17690,17688,1,-1
2021-11-24 15:39:52.478,17689,17690,17690,2,2
2021-11-24 15:39:53.077,17690,17692,17690,1,-1
2021-11-24 15:39:55.306,17690,17692,17692,1,1
2021-11-24 15:40:01.639,17691,17692,17692,1,1
2021-11-24 15:40:02.080,17692,17693,17693,1,1
2021-11-24 15:40:02.084,17692,17693,17693,1,1
2021-11-24 15:40:02.221,17692,17693,17693,1,1
2021-11-24 15:40:02.386,17692,17693,17693,1,1
2021-11-24 15:40:02.420,17692,17693,17692,1,-1
2021-11-24 15:40:02.420,17692,17693,17691,1,-1
2021-11-24 15:40:14.527,17691,17693,17691,1,-1
2021-11-24 15:40:16.745,17692,17693,17693,4,4
2021-11-24 15:40:17.125,17693,17694,17693,1,-1
2021-11-24 15:40:18.177,17693,17694,17693,1,-1
2021-11-24 15:40:31.594,17692,17693,17693,2,2
2021-11-24 15:40:31.594,17692,17693,17693,1,1
2021-11-24 15:40:38.011,17693,17694,17694,1,1
2021-11-24 15:40:38.011,17693,17694,17694,1,1
2021-11-24 15:40:41.922,17693,17695,17695,2,2
2021-11-24 15:40:42.055,17694,17695,17694,1,-1
2021-11-24 15:40:42.422,17694,17695,17694,3,-3
2021-11-24 15:40:48.001,17694,17695,17695,1,1
2021-11-24 15:40:49.910,17694,17695,17695,1,1
2021-11-24 15:40:51.388,17694,17695,17695,1,1
2021-11-24 15:40:51.606,17694,17695,17695,1,1
2021-11-24 15:40:52.338,17694,17695,17695,1,1
2021-11-24 15:40:55.432,17694,17695,17695,1,1
2021-11-24 15:40:55.559,17694,17696,17695,1,1
2021-11-24 15:40:55.855,17694,17696,17695,2,2
2021-11-24 15:40:57.499,17694,17696,17695,1,1
2021-11-24 15:40:58.040,17695,17696,17695,1,-1
2021-11-24 15:40:58.098,17695,17696,17694,3,-3
2021-11-24 15:40:58.098,17695,17696,17694,4,-4
2021-11-24 15:40:58.098,17695,17696,17694,1,-1
2021-11-24 15:40:58.334,17693,17694,17693,1,-1
2021-11-24 15:40:58.334,17693,17694,17693,1,-1
2021-11-24 15:40:58.451,17692,17693,17692,1,-1
2021-11-24 15:40:58.569,17692,17693,17692,1,-1
2021-11-24 15:40:58.591,17692,17693,17692,2,-2
2021-11-24 15:41:01.062,17691,17693,17691,1,-1
2021-11-24 15:41:03.461,17691,17693,17692,1,1
2021-11-24 15:41:03.693,17691,17693,17692,1,1
2021-11-24 15:41:10.947,17691,17692,17692,1,1
2021-11-24 15:41:17.544,17691,17692,17692,1,1
2021-11-24 15:41:18.985,17692,17693,17692,2,-2
2021-11-24 15:41:21.533,17692,17693,17692,1,-1
2021-11-24 15:41:21.533,17692,17693,17692,4,-4
2021-11-24 15:41:21.533,17692,17693,17692,6,-6
2021-11-24 15:41:22.286,17691,17692,17691,8,-8
2021-11-24 15:41:23.817,17690,17692,17692,1,1
2021-11-24 15:41:35.154,17691,17692,17692,1,1
2021-11-24 15:41:41.427,17691,17692,17691,1,-1
2021-11-24 15:41:46.431,17691,17692,17691,1,-1
2021-11-24 15:41:46.836,17691,17692,17691,1,-1
2021-11-24 15:41:47.332,17691,17692,17691,2,-2
2021-11-24 15:41:53.138,17690,17691,17690,2,-2
2021-11-24 15:41:53.318,17690,17691,17690,1,-1
2021-11-24 15:41:53.505,17690,17691,17690,1,-1
2021-11-24 15:41:56.947,17690,17691,17690,9,-9
2021-11-24 15:41:57.071,17688,17690,17688,1,-1
2021-11-24 15:41:57.226,17688,17689,17688,1,-1
2021-11-24 15:41:57.474,17688,17689,17688,1,-1
2021-11-24 15:42:07.178,17689,17691,17689,4,-4
2021-11-24 15:42:26.183,17689,17690,17689,1,-1
2021-11-24 15:42:26.473,17689,17690,17690,1,1
2021-11-24 15:42:29.694,17690,17691,17691,1,1
2021-11-24 15:42:46.624,17689,17690,17690,1,1
2021-11-24 15:42:49.871,17689,17690,17690,1,1
2021-11-24 15:42:52.836,17689,17690,17689,1,-1
2021-11-24 15:42:53.187,17689,17690,17690,2,2
2021-11-24 15:43:00.665,17690,17691,17690,1,-1
2021-11-24 15:43:06.810,17689,17691,17691,1,1
2021-11-24 15:43:13.331,17690,17691,17691,1,1
2021-11-24 15:43:13.832,17690,17692,17690,3,-3
2021-11-24 15:43:23.869,17690,17692,17692,2,2
2021-11-24 15:43:27.410,17690,17691,17691,1,1
2021-11-24 15:43:56.936,17690,17691,17690,3,-3
2021-11-24 15:43:56.998,17690,17691,17689,1,-1
2021-11-24 15:43:57.083,17689,17690,17689,1,-1
2021-11-24 15:44:11.653,17689,17691,17689,1,-1
2021-11-24 15:44:19.276,17689,17690,17690,1,1
2021-11-24 15:44:27.483,17689,17690,17690,1,1
2021-11-24 15:44:40.327,17690,17691,17691,1,1
2021-11-24 15:44:40.327,17690,17691,17691,6,6
2021-11-24 15:44:56.132,17690,17691,17691,1,1
2021-11-24 15:44:56.132,17690,17691,17691,2,2
2021-11-24 15:45:32.315,17690,17692,17691,1,1
2021-11-24 15:45:46.172,17690,17691,17690,1,-1
2021-11-24 15:45:46.936,17690,17691,17691,1,1
2021-11-24 15:45:53.593,17690,17691,17690,7,-7
2021-11-24 15:45:53.593,17690,17691,17690,1,-1
2021-11-24 15:45:53.887,17689,17690,17689,4,-4
2021-11-24 15:46:00.500,17688,17689,17689,1,1
2021-11-24 15:46:01.078,17688,17689,17689,1,1
2021-11-24 15:46:16.824,17688,17690,17689,2,2
2021-11-24 15:46:29.840,17689,17690,17689,2,-2
2021-11-24 15:46:31.340,17688,17689,17689,1,1
2021-11-24 15:46:40.483,17688,17689,17689,1,1
2021-11-24 15:47:00.409,17688,17689,17688,15,-15
2021-11-24 15:47:00.410,17688,17689,17688,1,-1
2021-11-24 15:47:00.475,17688,17689,17689,1,1
2021-11-24 15:47:12.125,17688,17689,17689,4,4
2021-11-24 15:47:39.558,17689,17690,17690,1,1
2021-11-24 15:47:39.690,17690,17691,17690,1,-1
2021-11-24 15:47:45.507,17690,17691,17691,1,1
2021-11-24 15:47:53.474,17690,17691,17691,1,1
2021-11-24 15:47:53.474,17690,17691,17691,6,6
2021-11-24 15:47:56.491,17691,17692,17692,1,1
2021-11-24 15:48:07.259,17689,17691,17690,1,1
2021-11-24 15:48:07.863,17689,17690,17690,1,1
2021-11-24 15:48:07.867,17689,17690,17691,1,1
2021-11-24 15:48:07.880,17689,17691,17691,1,1
2021-11-24 15:48:22.509,17690,17692,17690,5,-5
2021-11-24 15:48:35.586,17689,17691,17689,9,-9
2021-11-24 15:48:59.872,17689,17690,17689,8,-8
2021-11-24 15:49:10.213,17688,17689,17689,1,1
2021-11-24 15:49:13.100,17688,17689,17688,1,-1
2021-11-24 15:49:13.868,17688,17689,17689,1,1
2021-11-24 15:49:16.367,17688,17690,17688,1,-1
2021-11-24 15:49:44.459,17688,17689,17688,4,-4
2021-11-24 15:49:44.561,17687,17689,17687,2,-2
2021-11-24 15:49:46.325,17686,17688,17686,16,-16
2021-11-24 15:49:50.359,17685,17686,17686,1,1
2021-11-24 15:49:51.698,17685,17687,17685,1,-1
2021-11-24 15:49:52.156,17685,17687,17685,1,-1
2021-11-24 15:49:52.863,17685,17687,17685,13,-13
2021-11-24 15:50:03.654,17686,17688,17686,1,-1
2021-11-24 15:50:09.011,17686,17688,17686,1,-1
2021-11-24 15:50:15.837,17687,17688,17687,1,-1
2021-11-24 15:50:15.837,17687,17688,17687,1,-1
2021-11-24 15:50:34.419,17687,17688,17687,1,-1
2021-11-24 15:50:51.447,17687,17688,17688,4,4
2021-11-24 15:50:51.503,17688,17689,17688,1,-1
2021-11-24 15:50:53.210,17688,17689,17689,1,1
2021-11-24 15:50:53.210,17688,17689,17689,2,2
2021-11-24 15:50:56.021,17689,17690,17690,1,1
2021-11-24 15:51:03.194,17688,17689,17689,1,1
2021-11-24 15:51:15.693,17689,17690,17689,1,-1
2021-11-24 15:51:19.132,17689,17690,17689,1,-1
2021-11-24 15:51:23.269,17689,17690,17689,1,-1
2021-11-24 15:51:43.369,17688,17689,17688,1,-1
2021-11-24 15:51:52.967,17687,17688,17688,3,3
2021-11-24 15:51:52.967,17687,17688,17689,1,1
2021-11-24 15:51:57.992,17687,17688,17687,1,-1
2021-11-24 15:51:59.494,17687,17688,17687,1,-1
2021-11-24 15:52:12.052,17686,17688,17686,2,-2
2021-11-24 15:52:24.293,17686,17687,17687,1,1
2021-11-24 15:52:29.797,17687,17688,17687,3,-3
2021-11-24 15:52:30.881,17687,17689,17687,2,-2
2021-11-24 15:52:40.926,17687,17689,17687,1,-1
2021-11-24 15:52:44.795,17688,17689,17688,1,-1
2021-11-24 15:52:50.055,17688,17689,17689,2,2
2021-11-24 15:52:56.314,17688,17689,17689,4,4
2021-11-24 15:53:09.195,17689,17690,17689,1,-1
2021-11-24 15:53:11.773,17688,17689,17689,1,1
2021-11-24 15:53:14.100,17689,17690,17690,8,8
2021-11-24 15:53:18.870,17689,17691,17690,1,1
2021-11-24 15:53:32.845,17690,17691,17690,1,-1
2021-11-24 15:53:36.292,17690,17691,17690,1,-1
2021-11-24 15:53:39.245,17690,17691,17690,1,-1
2021-11-24 15:53:39.363,17689,17690,17689,1,-1
2021-11-24 15:53:39.782,17689,17690,17689,1,-1
2021-11-24 15:54:02.306,17689,17690,17689,8,-8
2021-11-24 15:54:03.161,17688,17689,17688,3,-3
2021-11-24 15:54:29.487,17688,17689,17689,2,2
2021-11-24 15:54:29.488,17688,17689,17689,1,1
2021-11-24 15:54:42.714,17688,17689,17689,2,2
2021-11-24 15:54:47.879,17688,17689,17689,1,1
2021-11-24 15:54:50.301,17688,17690,17688,1,-1
2021-11-24 15:54:50.302,17688,17690,17688,1,-1
2021-11-24 15:54:54.573,17687,17688,17687,1,-1
2021-11-24 15:54:54.573,17687,17688,17687,7,-7
2021-11-24 15:54:54.574,17687,17688,17687,3,-3
2021-11-24 15:54:54.861,17686,17687,17686,1,-1
2021-11-24 15:54:59.470,17686,17687,17686,1,-1
2021-11-24 15:55:00.363,17686,17687,17686,7,-7
2021-11-24 15:55:00.616,17685,17686,17685,1,-1
2021-11-24 15:55:19.913,17686,17687,17687,1,1
2021-11-24 15:55:20.334,17687,17688,17687,1,-1
2021-11-24 15:55:23.971,17687,17688,17687,1,-1
2021-11-24 15:55:30.612,17687,17688,17687,1,-1
2021-11-24 15:55:36.067,17687,17688,17688,2,2
2021-11-24 15:55:48.738,17687,17688,17687,2,-2
2021-11-24 15:55:48.738,17687,17688,17687,2,-2
2021-11-24 15:55:48.738,17687,17688,17687,2,-2
2021-11-24 15:55:48.738,17687,17688,17687,15,-15
2021-11-24 15:55:48.739,17687,17688,17687,1,-1
2021-11-24 15:55:48.739,17687,17688,17687,4,-4
2021-11-24 15:55:48.739,17687,17688,17687,5,-5
2021-11-24 15:55:48.860,17686,17687,17686,1,-1
2021-11-24 15:55:49.052,17686,17687,17686,1,-1
2021-11-24 15:55:58.934,17685,17686,17685,18,-18
2021-11-24 15:55:58.934,17685,17686,17684,22,-22
2021-11-24 15:55:58.936,17685,17686,17684,1,-1
2021-11-24 15:55:58.936,17685,17686,17684,2,-2
2021-11-24 15:56:00.675,17684,17686,17684,3,-3
2021-11-24 15:56:08.148,17684,17685,17684,2,-2
2021-11-24 15:56:08.420,17684,17685,17684,1,-1
2021-11-24 15:56:09.418,17684,17686,17684,1,-1
2021-11-24 15:56:11.533,17684,17686,17684,1,-1
2021-11-24 15:56:12.245,17684,17685,17685,1,1
2021-11-24 15:56:12.246,17684,17685,17685,2,2
2021-11-24 15:56:12.246,17684,17685,17685,1,1
2021-11-24 15:56:18.923,17685,17686,17685,2,-2
2021-11-24 15:56:19.605,17685,17686,17685,1,-1
2021-11-24 15:56:21.396,17685,17686,17686,1,1
2021-11-24 15:56:24.071,17686,17687,17687,2,2
2021-11-24 15:56:24.072,17686,17687,17687,1,1
2021-11-24 15:56:26.955,17686,17687,17687,2,2
2021-11-24 15:56:26.955,17686,17687,17687,1,1
2021-11-24 15:56:33.313,17686,17687,17687,1,1
2021-11-24 15:56:36.470,17687,17688,17687,1,-1
2021-11-24 15:56:37.157,17685,17687,17685,1,-1
2021-11-24 15:56:39.972,17686,17687,17686,1,-1
2021-11-24 15:56:42.848,17685,17686,17686,1,1
2021-11-24 15:56:48.507,17686,17687,17686,9,-9
2021-11-24 15:56:48.507,17686,17687,17685,8,-8
2021-11-24 15:56:48.507,17686,17687,17684,25,-25
2021-11-24 15:56:52.859,17683,17684,17684,1,1
2021-11-24 15:56:53.047,17683,17684,17684,1,1
2021-11-24 15:57:00.270,17683,17684,17683,3,-3
2021-11-24 15:57:00.377,17683,17684,17683,1,-1
2021-11-24 15:57:00.377,17683,17684,17683,1,-1
2021-11-24 15:57:00.379,17683,17684,17683,1,-1
2021-11-24 15:57:00.379,17683,17684,17683,1,-1
2021-11-24 15:57:00.421,17683,17684,17683,2,-2
2021-11-24 15:57:00.442,17683,17684,17683,1,-1
2021-11-24 15:57:00.798,17683,17684,17683,1,-1
2021-11-24 15:57:05.862,17682,17683,17683,1,1
2021-11-24 15:57:06.618,17682,17683,17683,1,1
2021-11-24 15:57:10.634,17682,17683,17683,1,1
2021-11-24 15:57:10.752,17682,17684,17682,1,-1
2021-11-24 15:57:10.752,17682,17684,17682,1,-1
2021-11-24 15:57:10.753,17682,17684,17682,1,-1
2021-11-24 15:57:10.753,17682,17684,17682,1,-1
2021-11-24 15:57:10.875,17682,17684,17682,10,-10
2021-11-24 15:57:10.875,17682,17684,17681,1,-1
2021-11-24 15:57:10.967,17682,17684,17681,1,-1
2021-11-24 15:57:11.047,17681,17683,17681,1,-1
2021-11-24 15:57:11.070,17681,17683,17681,1,-1
2021-11-24 15:57:11.092,17681,17683,17681,1,-1
2021-11-24 15:57:11.104,17681,17683,17681,2,-2
2021-11-24 15:57:11.112,17681,17683,17681,1,-1
2021-11-24 15:57:11.118,17681,17683,17681,1,-1
2021-11-24 15:57:11.132,17681,17683,17681,4,-4
2021-11-24 15:57:11.165,17681,17683,17681,1,-1
2021-11-24 15:57:11.217,17681,17683,17681,1,-1
2021-11-24 15:57:14.233,17681,17683,17682,1,1
2021-11-24 15:57:14.677,17682,17684,17682,1,-1
2021-11-24 15:57:18.034,17682,17683,17682,1,-1
2021-11-24 15:57:21.172,17682,17683,17683,1,1
2021-11-24 15:57:21.252,17682,17684,17682,1,-1
2021-11-24 15:57:26.910,17683,17684,17683,3,-3
2021-11-24 15:57:35.018,17683,17684,17683,1,-1
2021-11-24 15:57:35.128,17683,17684,17683,1,-1
2021-11-24 15:57:39.029,17683,17684,17683,1,-1
2021-11-24 15:57:42.758,17683,17684,17683,1,-1
2021-11-24 15:57:45.882,17683,17684,17683,1,-1
2021-11-24 15:57:48.513,17682,17684,17682,5,-5
2021-11-24 15:57:52.139,17683,17684,17683,1,-1
2021-11-24 15:57:52.139,17683,17684,17682,3,-3
2021-11-24 15:57:55.347,17682,17683,17682,2,-2
2021-11-24 15:58:05.860,17681,17682,17681,1,-1
2021-11-24 15:58:05.860,17681,17682,17681,4,-4
2021-11-24 15:58:05.860,17681,17682,17681,1,-1
2021-11-24 15:58:05.860,17681,17682,17681,1,-1
2021-11-24 15:58:05.861,17681,17682,17681,2,-2
2021-11-24 15:58:05.861,17681,17682,17681,4,-4
2021-11-24 15:58:06.352,17680,17681,17681,1,1
2021-11-24 15:58:06.377,17680,17681,17680,1,-1
2021-11-24 15:58:06.534,17680,17681,17680,1,-1
2021-11-24 15:58:06.543,17680,17681,17680,1,-1
2021-11-24 15:58:06.545,17680,17681,17680,1,-1
2021-11-24 15:58:06.640,17680,17681,17680,4,-4
2021-11-24 15:58:07.032,17680,17681,17681,1,1
2021-11-24 15:58:07.036,17680,17681,17680,1,-1
2021-11-24 15:58:07.127,17680,17681,17680,1,-1
2021-11-24 15:58:07.127,17680,17681,17680,1,-1
2021-11-24 15:58:07.127,17680,17681,17680,1,-1
2021-11-24 15:58:07.128,17680,17681,17680,1,-1
2021-11-24 15:58:07.209,17680,17681,17680,1,-1
2021-11-24 15:58:07.289,17680,17681,17680,2,-2
2021-11-24 15:58:07.319,17680,17681,17680,1,-1
2021-11-24 15:58:07.493,17680,17681,17680,1,-1
2021-11-24 15:58:07.626,17680,17681,17680,1,-1
2021-11-24 15:58:07.640,17680,17681,17680,1,-1
2021-11-24 15:58:07.644,17680,17681,17680,1,-1
2021-11-24 15:58:07.662,17680,17681,17680,1,-1
2021-11-24 15:58:07.795,17680,17681,17680,1,-1
2021-11-24 15:58:12.029,17680,17681,17681,1,1
2021-11-24 15:58:12.030,17680,17681,17681,1,1
2021-11-24 15:58:14.062,17680,17682,17680,2,-2
2021-11-24 15:58:18.702,17680,17681,17681,2,2
2021-11-24 15:58:19.241,17680,17681,17681,1,1
2021-11-24 15:58:19.252,17680,17681,17680,1,-1
2021-11-24 15:58:19.252,17680,17681,17680,1,-1
2021-11-24 15:58:24.068,17680,17681,17680,2,-2
2021-11-24 15:58:24.892,17680,17681,17681,1,1
2021-11-24 15:58:26.615,17680,17681,17680,1,-1
2021-11-24 15:58:28.092,17680,17681,17681,1,1
2021-11-24 15:58:28.749,17680,17681,17680,1,-1
2021-11-24 15:58:33.382,17680,17681,17681,1,1
2021-11-24 15:58:35.104,17680,17681,17680,10,-10
2021-11-24 15:58:35.768,17680,17681,17681,5,5
2021-11-24 15:58:36.870,17680,17681,17681,4,4
2021-11-24 15:58:37.276,17681,17682,17681,3,-3
2021-11-24 15:58:37.980,17681,17682,17681,5,-5
2021-11-24 15:58:40.505,17680,17681,17680,15,-15
2021-11-24 15:58:41.259,17679,17680,17680,1,1
2021-11-24 15:58:45.025,17680,17681,17681,1,1
2021-11-24 15:58:47.252,17680,17681,17680,3,-3
2021-11-24 15:59:00.255,17679,17680,17679,1,-1
2021-11-24 15:59:00.396,17679,17680,17679,2,-2
2021-11-24 15:59:10.523,17679,17680,17680,1,1
2021-11-24 15:59:19.373,17679,17680,17680,1,1
2021-11-24 15:59:19.504,17679,17680,17680,1,1
2021-11-24 15:59:21.750,17679,17680,17680,1,1
2021-11-24 15:59:22.239,17679,17680,17679,1,-1
2021-11-24 15:59:26.408,17679,17680,17680,1,1
2021-11-24 15:59:31.231,17679,17680,17680,1,1
2021-11-24 15:59:32.453,17679,17680,17680,20,20
2021-11-24 15:59:33.657,17680,17681,17681,1,1
2021-11-24 15:59:33.657,17680,17681,17681,7,7
2021-11-24 15:59:36.074,17681,17682,17682,5,5
2021-11-24 15:59:55.391,17682,17683,17682,4,-4
2021-11-24 16:00:00.126,17681,17682,17682,1,1
2021-11-24 16:00:00.155,17681,17682,17683,2,2
2021-11-24 16:00:00.544,17680,17682,17680,1,-1
2021-11-24 16:00:05.730,17680,17681,17680,1,-1
2021-11-24 16:00:06.140,17680,17681,17680,2,-2
2021-11-24 16:00:06.307,17680,17681,17681,3,3
2021-11-24 16:00:07.158,17680,17682,17682,1,1
2021-11-24 16:00:09.652,17681,17682,17681,1,-1
2021-11-24 16:00:09.827,17680,17682,17680,1,-1
2021-11-24 16:00:13.607,17679,17680,17679,1,-1
2021-11-24 16:00:13.607,17679,17680,17679,7,-7
2021-11-24 16:00:13.607,17679,17680,17679,2,-2
2021-11-24 16:00:13.607,17679,17680,17679,1,-1
2021-11-24 16:00:13.608,17679,17680,17679,3,-3
2021-11-24 16:00:13.608,17679,17680,17679,5,-5
2021-11-24 16:00:13.608,17679,17680,17679,1,-1
2021-11-24 16:00:13.610,17679,17680,17678,2,-2
2021-11-24 16:00:13.668,17678,17679,17678,1,-1
2021-11-24 16:00:13.744,17678,17679,17678,1,-1
2021-11-24 16:00:13.746,17678,17679,17678,1,-1
2021-11-24 16:00:13.767,17678,17679,17678,1,-1
2021-11-24 16:00:13.840,17678,17679,17679,1,1
2021-11-24 16:00:14.201,17678,17680,17678,1,-1
2021-11-24 16:00:14.735,17678,17680,17678,2,-2
2021-11-24 16:00:14.855,17678,17680,17678,2,-2
2021-11-24 16:00:14.869,17678,17680,17678,2,-2
2021-11-24 16:00:16.672,17678,17679,17679,1,1
2021-11-24 16:00:18.830,17679,17681,17680,1,1
2021-11-24 16:00:28.715,17679,17680,17680,1,1
2021-11-24 16:00:28.854,17679,17680,17679,1,-1
2021-11-24 16:00:28.854,17679,17680,17678,4,-4
2021-11-24 16:00:30.079,17678,17679,17679,1,1
2021-11-24 16:00:30.634,17678,17679,17678,5,-5
2021-11-24 16:00:32.197,17677,17678,17677,4,-4
2021-11-24 16:00:34.652,17677,17678,17677,1,-1
2021-11-24 16:00:34.872,17677,17678,17678,1,1
2021-11-24 16:00:36.078,17677,17678,17678,4,4
2021-11-24 16:00:37.469,17678,17679,17679,9,9
2021-11-24 16:00:38.640,17679,17680,17679,1,-1
2021-11-24 16:00:38.782,17679,17680,17679,1,-1
2021-11-24 16:00:41.080,17679,17680,17680,2,2
2021-11-24 16:00:41.081,17679,17680,17680,1,1
2021-11-24 16:00:41.081,17679,17680,17680,1,1
2021-11-24 16:00:41.081,17679,17680,17680,1,1
2021-11-24 16:00:41.587,17680,17681,17680,1,-1
2021-11-24 16:00:42.391,17680,17681,17680,3,-3
2021-11-24 16:00:44.794,17680,17681,17681,1,1
2021-11-24 16:00:45.208,17680,17682,17680,1,-1
2021-11-24 16:00:50.221,17681,17682,17681,1,-1
2021-11-24 16:00:58.881,17681,17682,17682,1,1
2021-11-24 16:00:59.047,17681,17682,17681,1,-1
2021-11-24 16:01:04.263,17680,17681,17681,1,1
2021-11-24 16:01:04.415,17680,17681,17680,2,-2
2021-11-24 16:01:05.474,17679,17680,17679,2,-2
2021-11-24 16:01:05.976,17678,17679,17678,3,-3
2021-11-24 16:01:05.976,17678,17679,17678,1,-1
2021-11-24 16:01:05.987,17678,17679,17677,1,-1
2021-11-24 16:01:06.049,17677,17678,17677,1,-1
2021-11-24 16:01:20.811,17678,17679,17678,1,-1
2021-11-24 16:01:23.232,17677,17679,17678,2,2
2021-11-24 16:01:25.070,17677,17678,17677,4,-4
2021-11-24 16:01:28.021,17677,17678,17678,1,1
2021-11-24 16:01:28.021,17677,17678,17678,5,5
2021-11-24 16:01:28.021,17677,17678,17678,2,2
2021-11-24 16:01:39.964,17679,17680,17680,1,1
2021-11-24 16:01:39.964,17679,17680,17680,1,1
2021-11-24 16:01:41.551,17680,17681,17680,1,-1
2021-11-24 16:01:47.657,17680,17681,17680,1,-1
2021-11-24 16:01:49.393,17679,17681,17679,1,-1
2021-11-24 16:01:53.653,17679,17681,17679,1,-1
2021-11-24 16:01:55.716,17679,17680,17679,1,-1
2021-11-24 16:01:58.395,17678,17680,17678,1,-1
2021-11-24 16:02:01.262,17679,17681,17681,1,1
2021-11-24 16:02:02.065,17680,17681,17680,1,-1
2021-11-24 16:02:03.294,17680,17681,17681,1,1
2021-11-24 16:02:06.756,17681,17682,17681,1,-1
2021-11-24 16:02:07.241,17681,17682,17682,5,5
2021-11-24 16:02:08.721,17682,17683,17682,1,-1
2021-11-24 16:02:09.840,17682,17683,17682,1,-1
2021-11-24 16:02:12.340,17682,17683,17683,1,1
2021-11-24 16:02:12.340,17682,17683,17683,1,1
2021-11-24 16:02:12.341,17682,17683,17683,3,3
2021-11-24 16:02:12.341,17682,17683,17683,1,1
2021-11-24 16:02:12.343,17682,17683,17683,5,5
2021-11-24 16:02:12.376,17682,17684,17684,1,1
2021-11-24 16:02:13.313,17683,17684,17683,1,-1
2021-11-24 16:02:15.179,17683,17684,17684,1,1
2021-11-24 16:02:15.179,17683,17684,17684,1,1
2021-11-24 16:02:15.179,17683,17684,17684,3,3
2021-11-24 16:02:15.179,17683,17684,17684,2,2
2021-11-24 16:02:23.475,17682,17684,17684,2,2
2021-11-24 16:02:25.307,17684,17685,17684,1,-1
2021-11-24 16:02:27.489,17684,17685,17684,1,-1
2021-11-24 16:02:33.436,17682,17683,17682,1,-1
2021-11-24 16:02:37.038,17682,17683,17682,1,-1
2021-11-24 16:02:38.497,17681,17682,17681,1,-1
2021-11-24 16:02:38.646,17681,17682,17681,1,-1
2021-11-24 16:02:38.657,17681,17682,17681,3,-3
2021-11-24 16:02:38.658,17681,17682,17681,1,-1
2021-11-24 16:02:38.658,17681,17682,17681,2,-2
2021-11-24 16:02:38.658,17681,17682,17681,1,-1
2021-11-24 16:02:38.658,17681,17682,17681,1,-1
2021-11-24 16:02:38.658,17681,17682,17681,1,-1
2021-11-24 16:02:38.658,17681,17682,17681,1,-1
2021-11-24 16:02:38.658,17681,17682,17681,1,-1
2021-11-24 16:02:41.993,17680,17681,17681,2,2
2021-11-24 16:02:43.446,17680,17681,17681,1,1
2021-11-24 16:02:43.974,17680,17681,17680,5,-5
2021-11-24 16:02:44.071,17679,17680,17680,1,1
2021-11-24 16:02:44.596,17679,17681,17681,1,1
2021-11-24 16:02:44.925,17679,17681,17681,1,1
2021-11-24 16:02:46.066,17679,17680,17680,1,1
2021-11-24 16:02:47.139,17680,17681,17680,2,-2
2021-11-24 16:02:51.539,17680,17681,17680,1,-1
2021-11-24 16:02:53.462,17680,17681,17680,1,-1
2021-11-24 16:02:55.345,17680,17681,17680,1,-1
2021-11-24 16:02:57.194,17680,17681,17680,1,-1
2021-11-24 16:02:59.433,17680,17681,17680,1,-1
2021-11-24 16:02:59.961,17680,17681,17681,2,2
2021-11-24 16:03:00.238,17680,17681,17681,3,3
2021-11-24 16:03:05.129,17682,17684,17682,1,-1
2021-11-24 16:03:07.877,17681,17683,17681,1,-1
2021-11-24 16:03:09.129,17680,17682,17682,1,1
2021-11-24 16:03:12.023,17680,17682,17680,3,-3
2021-11-24 16:03:13.738,17679,17681,17679,3,-3
2021-11-24 16:03:19.173,17679,17680,17679,2,-2
2021-11-24 16:03:19.174,17679,17680,17679,1,-1
2021-11-24 16:03:30.453,17680,17682,17680,4,-4
2021-11-24 16:03:30.453,17680,17682,17680,6,-6
2021-11-24 16:03:30.601,17679,17682,17679,10,-10
2021-11-24 16:03:58.223,17680,17682,17680,1,-1
2021-11-24 16:04:01.413,17680,17682,17680,1,-1
2021-11-24 16:04:17.375,17681,17682,17682,1,1
2021-11-24 16:04:22.377,17683,17684,17684,1,1
2021-11-24 16:04:27.022,17683,17684,17684,2,2
2021-11-24 16:04:27.023,17683,17684,17684,1,1
2021-11-24 16:04:33.542,17684,17685,17684,1,-1
2021-11-24 16:04:34.970,17683,17684,17684,1,1
2021-11-24 16:04:37.588,17683,17684,17684,2,2
2021-11-24 16:04:38.328,17683,17684,17683,1,-1
2021-11-24 16:04:38.347,17683,17684,17684,1,1
2021-11-24 16:04:40.472,17683,17684,17683,1,-1
2021-11-24 16:04:45.704,17683,17684,17683,1,-1
2021-11-24 16:04:49.647,17682,17683,17683,1,1
2021-11-24 16:04:50.591,17683,17684,17683,1,-1
2021-11-24 16:04:50.861,17683,17684,17684,4,4
2021-11-24 16:04:51.927,17684,17685,17684,1,-1
2021-11-24 16:05:00.384,17683,17684,17684,1,1
2021-11-24 16:05:00.685,17683,17684,17684,1,1
2021-11-24 16:05:00.685,17683,17684,17685,5,5
2021-11-24 16:05:01.969,17683,17684,17684,1,1
2021-11-24 16:05:03.588,17683,17684,17684,1,1
2021-11-24 16:05:07.490,17683,17684,17683,1,-1
2021-11-24 16:05:07.742,17682,17683,17682,1,-1
2021-11-24 16:05:08.518,17681,17683,17683,1,1
2021-11-24 16:05:09.309,17681,17683,17683,1,1
2021-11-24 16:05:18.082,17682,17683,17683,1,1
2021-11-24 16:05:26.173,17681,17683,17681,1,-1
2021-11-24 16:05:34.749,17683,17684,17684,3,3
2021-11-24 16:05:49.024,17684,17685,17684,1,-1
2021-11-24 16:05:54.880,17684,17685,17685,1,1
2021-11-24 16:05:56.440,17684,17685,17684,1,-1
2021-11-24 16:06:01.085,17684,17685,17684,1,-1
