2021-11-23 15:00:00.057,17660,17661,17658,40,-40
2021-11-23 15:00:00.059,17657,17659,17659,1,1
2021-11-23 15:00:00.059,17657,17659,17660,1,1
2021-11-23 15:00:00.147,17658,17660,17658,1,-1
2021-11-23 15:00:00.147,17658,17660,17657,1,-1
2021-11-23 15:00:00.208,17658,17660,17657,1,-1
2021-11-23 15:00:00.210,17658,17660,17657,1,-1
2021-11-23 15:00:00.210,17658,17660,17656,3,-3
2021-11-23 15:00:00.210,17658,17660,17655,1,-1
2021-11-23 15:00:00.223,17658,17660,17655,1,-1
2021-11-23 15:00:00.275,17655,17659,17659,1,1
2021-11-23 15:00:00.478,17655,17660,17659,1,1
2021-11-23 15:00:00.506,17655,17660,17655,1,-1
2021-11-23 15:00:00.507,17655,17660,17655,1,-1
2021-11-23 15:00:00.507,17655,17660,17655,1,-1
2021-11-23 15:00:00.508,17655,17660,17655,1,-1
2021-11-23 15:00:00.542,17655,17660,17655,2,-2
2021-11-23 15:00:00.569,17655,17660,17656,1,-1
2021-11-23 15:00:00.577,17655,17660,17655,1,-1
2021-11-23 15:00:00.577,17655,17660,17654,1,-1
2021-11-23 15:00:00.660,17654,17658,17658,1,1
2021-11-23 15:00:00.688,17654,17658,17658,1,1
2021-11-23 15:00:00.698,17654,17658,17659,1,1
2021-11-23 15:00:00.723,17654,17658,17659,1,1
2021-11-23 15:00:00.729,17654,17658,17659,1,1
2021-11-23 15:00:00.768,17655,17659,17659,1,1
2021-11-23 15:00:00.784,17655,17659,17660,1,1
2021-11-23 15:00:00.813,17655,17659,17660,1,1
2021-11-23 15:00:00.822,17655,17659,17660,1,1
2021-11-23 15:00:00.871,17655,17659,17656,1,-1
2021-11-23 15:00:00.871,17655,17659,17655,2,-2
2021-11-23 15:00:00.871,17655,17659,17654,1,-1
2021-11-23 15:00:00.874,17655,17659,17654,5,-5
2021-11-23 15:00:00.878,17655,17659,17660,2,2
2021-11-23 15:00:00.971,17654,17660,17655,1,-1
2021-11-23 15:00:00.971,17654,17660,17654,1,-1
2021-11-23 15:00:01.215,17655,17659,17659,1,1
2021-11-23 15:00:01.288,17659,17660,17659,1,-1
2021-11-23 15:00:01.288,17659,17660,17660,3,3
2021-11-23 15:00:01.352,17659,17660,17659,1,-1
2021-11-23 15:00:01.747,17659,17660,17660,1,1
2021-11-23 15:00:01.937,17659,17660,17659,1,-1
2021-11-23 15:00:01.937,17659,17660,17660,1,1
2021-11-23 15:00:02.489,17658,17660,17660,2,2
2021-11-23 15:00:02.489,17658,17660,17660,1,1
2021-11-23 15:00:03.353,17660,17661,17661,6,6
2021-11-23 15:00:03.354,17660,17661,17662,3,3
2021-11-23 15:00:03.355,17660,17661,17663,1,1
2021-11-23 15:00:03.366,17660,17661,17664,1,1
2021-11-23 15:00:03.473,17662,17664,17664,1,1
2021-11-23 15:00:03.937,17663,17665,17665,10,10
2021-11-23 15:00:04.149,17664,17666,17666,1,1
2021-11-23 15:00:04.208,17664,17666,17664,2,-2
2021-11-23 15:00:04.208,17664,17666,17665,1,1
2021-11-23 15:00:04.334,17664,17666,17665,1,1
2021-11-23 15:00:04.604,17664,17666,17665,1,1
2021-11-23 15:00:04.935,17664,17666,17664,1,-1
2021-11-23 15:00:05.809,17662,17664,17664,1,1
2021-11-23 15:00:06.118,17662,17664,17662,1,-1
2021-11-23 15:00:06.478,17661,17663,17663,1,1
2021-11-23 15:00:06.900,17661,17663,17663,1,1
2021-11-23 15:00:07.531,17661,17662,17661,1,-1
2021-11-23 15:00:07.984,17660,17662,17660,1,-1
2021-11-23 15:00:08.938,17659,17660,17660,1,1
2021-11-23 15:00:09.630,17659,17661,17661,1,1
2021-11-23 15:00:09.654,17660,17662,17660,1,-1
2021-11-23 15:00:09.711,17660,17662,17660,1,-1
2021-11-23 15:00:10.619,17659,17661,17659,2,-2
2021-11-23 15:00:11.487,17658,17660,17660,1,1
2021-11-23 15:00:14.026,17659,17660,17659,1,-1
2021-11-23 15:00:14.557,17659,17660,17659,1,-1
2021-11-23 15:00:15.033,17658,17660,17658,4,-4
2021-11-23 15:00:15.033,17658,17660,17658,2,-2
2021-11-23 15:00:15.370,17657,17658,17658,1,1
2021-11-23 15:00:16.161,17657,17658,17657,1,-1
2021-11-23 15:00:16.466,17656,17658,17658,2,2
2021-11-23 15:00:16.476,17656,17658,17657,1,1
2021-11-23 15:00:16.670,17656,17659,17656,1,-1
2021-11-23 15:00:17.021,17656,17658,17656,1,-1
2021-11-23 15:00:17.538,17656,17659,17656,1,-1
2021-11-23 15:00:18.654,17656,17657,17657,1,1
2021-11-23 15:00:21.260,17656,17658,17656,1,-1
2021-11-23 15:00:22.601,17656,17658,17658,1,1
2021-11-23 15:00:23.465,17656,17657,17657,1,1
2021-11-23 15:00:23.511,17656,17658,17656,5,-5
2021-11-23 15:00:25.358,17657,17658,17658,1,1
2021-11-23 15:00:27.928,17658,17659,17659,1,1
2021-11-23 15:00:27.928,17658,17659,17659,1,1
2021-11-23 15:00:28.484,17658,17660,17658,1,-1
2021-11-23 15:00:28.606,17658,17660,17660,1,1
2021-11-23 15:00:28.685,17658,17660,17660,1,1
2021-11-23 15:00:29.768,17658,17660,17659,1,1
2021-11-23 15:00:30.086,17659,17660,17660,5,5
2021-11-23 15:00:30.087,17659,17660,17660,5,5
2021-11-23 15:00:30.087,17659,17660,17660,1,1
2021-11-23 15:00:31.896,17659,17662,17659,1,-1
2021-11-23 15:00:32.852,17659,17662,17660,1,-1
2021-11-23 15:00:34.519,17661,17662,17661,5,-5
2021-11-23 15:00:39.190,17660,17661,17661,2,2
2021-11-23 15:00:39.325,17660,17661,17661,1,1
2021-11-23 15:00:39.325,17660,17661,17662,2,2
2021-11-23 15:00:40.175,17660,17662,17660,2,-2
2021-11-23 15:00:40.998,17659,17661,17661,1,1
2021-11-23 15:00:41.212,17659,17662,17661,2,2
2021-11-23 15:00:42.869,17660,17662,17660,1,-1
2021-11-23 15:00:53.126,17659,17660,17659,2,-2
2021-11-23 15:00:53.127,17659,17660,17659,1,-1
2021-11-23 15:00:55.527,17658,17659,17659,1,1
2021-11-23 15:00:58.248,17658,17659,17659,1,1
2021-11-23 15:00:58.248,17658,17659,17660,2,2
2021-11-23 15:00:58.254,17658,17659,17660,3,3
2021-11-23 15:00:58.448,17658,17660,17660,3,3
2021-11-23 15:00:59.994,17658,17659,17658,2,-2
2021-11-23 15:01:00.065,17658,17659,17659,1,1
2021-11-23 15:01:00.516,17657,17660,17659,1,1
2021-11-23 15:01:02.916,17657,17659,17659,1,1
2021-11-23 15:01:03.011,17657,17659,17659,1,1
2021-11-23 15:01:03.011,17657,17659,17659,1,1
2021-11-23 15:01:03.011,17657,17659,17660,1,1
2021-11-23 15:01:03.011,17657,17659,17660,1,1
2021-11-23 15:01:03.011,17657,17659,17660,1,1
2021-11-23 15:01:03.011,17657,17659,17660,1,1
2021-11-23 15:01:03.011,17657,17659,17660,1,1
2021-11-23 15:01:03.011,17657,17659,17660,1,1
2021-11-23 15:01:03.011,17657,17659,17660,1,1
2021-11-23 15:01:03.012,17657,17659,17660,1,1
2021-11-23 15:01:03.012,17657,17659,17660,1,1
2021-11-23 15:01:03.012,17657,17659,17660,1,1
2021-11-23 15:01:03.013,17657,17659,17660,1,1
2021-11-23 15:01:03.686,17658,17661,17661,1,1
2021-11-23 15:01:07.308,17659,17660,17660,2,2
2021-11-23 15:01:17.484,17659,17660,17659,1,-1
2021-11-23 15:01:17.484,17659,17660,17658,2,-2
2021-11-23 15:01:17.511,17658,17660,17660,1,1
2021-11-23 15:01:17.511,17658,17660,17660,1,1
2021-11-23 15:01:17.511,17658,17660,17660,1,1
2021-11-23 15:01:17.511,17658,17660,17660,1,1
2021-11-23 15:01:17.511,17658,17660,17660,1,1
2021-11-23 15:01:21.819,17659,17660,17660,1,1
2021-11-23 15:01:21.885,17659,17660,17660,1,1
2021-11-23 15:01:21.886,17659,17660,17661,1,1
2021-11-23 15:01:21.886,17659,17660,17661,1,1
2021-11-23 15:01:21.886,17659,17660,17661,1,1
2021-11-23 15:01:21.886,17659,17660,17661,1,1
2021-11-23 15:01:21.886,17659,17660,17661,1,1
2021-11-23 15:01:21.887,17659,17660,17661,1,1
2021-11-23 15:01:22.165,17659,17661,17659,1,-1
2021-11-23 15:01:25.301,17659,17660,17659,1,-1
2021-11-23 15:01:25.850,17658,17660,17660,1,1
2021-11-23 15:01:26.522,17658,17661,17660,1,1
2021-11-23 15:01:30.875,17658,17660,17661,2,2
2021-11-23 15:01:30.885,17658,17661,17661,1,1
2021-11-23 15:01:30.886,17658,17661,17661,1,1
2021-11-23 15:01:30.887,17658,17661,17661,1,1
2021-11-23 15:01:30.956,17658,17661,17661,1,1
2021-11-23 15:01:31.563,17659,17661,17661,1,1
2021-11-23 15:01:31.571,17659,17661,17662,1,1
2021-11-23 15:01:31.571,17659,17661,17662,4,4
2021-11-23 15:01:31.571,17659,17661,17662,2,2
2021-11-23 15:01:31.705,17661,17663,17661,1,-1
2021-11-23 15:01:36.967,17660,17663,17660,1,-1
2021-11-23 15:01:40.570,17660,17662,17661,1,1
2021-11-23 15:01:40.635,17660,17662,17662,1,1
2021-11-23 15:01:40.635,17660,17662,17662,1,1
2021-11-23 15:01:40.635,17660,17662,17662,1,1
2021-11-23 15:01:40.636,17660,17662,17662,1,1
2021-11-23 15:01:40.636,17660,17662,17662,1,1
2021-11-23 15:01:45.196,17660,17662,17661,1,1
2021-11-23 15:01:46.877,17661,17662,17662,8,8
2021-11-23 15:01:47.868,17661,17663,17663,6,6
2021-11-23 15:01:47.869,17661,17663,17663,2,2
2021-11-23 15:01:49.154,17662,17664,17663,2,2
2021-11-23 15:01:50.588,17662,17663,17662,4,-4
2021-11-23 15:01:50.769,17662,17663,17662,3,-3
2021-11-23 15:01:50.769,17662,17663,17661,3,-3
2021-11-23 15:01:53.042,17661,17663,17663,1,1
2021-11-23 15:01:55.144,17662,17663,17663,1,1
2021-11-23 15:01:55.972,17662,17664,17662,1,-1
2021-11-23 15:01:56.451,17662,17664,17664,4,4
2021-11-23 15:01:56.540,17662,17664,17662,1,-1
2021-11-23 15:01:59.352,17662,17664,17664,5,5
2021-11-23 15:02:00.145,17664,17665,17665,3,3
2021-11-23 15:02:00.262,17664,17666,17666,1,1
2021-11-23 15:02:00.263,17664,17666,17666,1,1
2021-11-23 15:02:00.263,17664,17666,17666,1,1
2021-11-23 15:02:00.263,17664,17666,17666,1,1
2021-11-23 15:02:01.358,17665,17666,17666,5,5
2021-11-23 15:02:01.371,17665,17666,17666,3,3
2021-11-23 15:02:01.386,17665,17666,17666,1,1
2021-11-23 15:02:01.387,17665,17666,17667,1,1
2021-11-23 15:02:02.426,17666,17667,17667,1,1
2021-11-23 15:02:05.505,17666,17667,17666,1,-1
2021-11-23 15:02:06.974,17666,17667,17667,5,5
2021-11-23 15:02:06.975,17666,17667,17667,4,4
2021-11-23 15:02:10.742,17666,17667,17667,1,1
2021-11-23 15:02:10.761,17666,17668,17668,1,1
2021-11-23 15:02:10.761,17666,17668,17668,1,1
2021-11-23 15:02:10.761,17666,17668,17668,1,1
2021-11-23 15:02:11.378,17666,17668,17668,4,4
2021-11-23 15:02:11.977,17666,17667,17667,1,1
2021-11-23 15:02:15.244,17665,17667,17665,2,-2
2021-11-23 15:02:15.245,17665,17667,17664,1,-1
2021-11-23 15:02:15.245,17665,17667,17664,1,-1
2021-11-23 15:02:15.245,17665,17667,17664,2,-2
2021-11-23 15:02:15.284,17663,17665,17665,3,3
2021-11-23 15:02:15.352,17663,17665,17666,1,1
2021-11-23 15:02:16.221,17664,17666,17666,1,1
2021-11-23 15:02:17.399,17664,17665,17665,1,1
2021-11-23 15:02:17.510,17664,17666,17666,1,1
2021-11-23 15:02:21.733,17664,17665,17665,1,1
2021-11-23 15:02:23.207,17664,17665,17665,1,1
2021-11-23 15:02:23.852,17664,17666,17666,5,5
2021-11-23 15:02:30.029,17666,17667,17666,1,-1
2021-11-23 15:02:30.997,17666,17667,17666,1,-1
2021-11-23 15:02:32.998,17665,17667,17667,1,1
2021-11-23 15:02:32.998,17665,17667,17667,3,3
2021-11-23 15:02:33.010,17666,17668,17668,1,1
2021-11-23 15:02:33.011,17666,17668,17668,1,1
2021-11-23 15:02:33.818,17666,17668,17666,1,-1
2021-11-23 15:02:34.068,17666,17668,17668,9,9
2021-11-23 15:02:35.258,17668,17669,17669,1,1
2021-11-23 15:02:35.259,17668,17669,17669,1,1
2021-11-23 15:02:35.397,17668,17669,17669,2,2
2021-11-23 15:02:35.652,17668,17669,17668,1,-1
2021-11-23 15:02:39.070,17668,17669,17669,1,1
2021-11-23 15:02:39.222,17668,17670,17668,1,-1
2021-11-23 15:02:40.463,17668,17669,17669,1,1
2021-11-23 15:02:40.511,17668,17670,17670,1,1
2021-11-23 15:02:40.511,17668,17670,17670,1,1
2021-11-23 15:02:40.512,17668,17670,17670,1,1
2021-11-23 15:02:40.512,17668,17670,17670,1,1
2021-11-23 15:02:41.074,17668,17670,17670,1,1
2021-11-23 15:02:41.790,17669,17670,17669,1,-1
2021-11-23 15:02:41.830,17669,17670,17669,1,-1
2021-11-23 15:02:43.251,17669,17670,17669,1,-1
2021-11-23 15:02:43.575,17669,17670,17670,1,1
2021-11-23 15:02:43.906,17669,17670,17669,1,-1
2021-11-23 15:02:46.160,17669,17670,17670,1,1
2021-11-23 15:02:46.863,17669,17670,17670,2,2
2021-11-23 15:02:46.865,17669,17670,17670,2,2
2021-11-23 15:02:48.998,17670,17671,17671,1,1
2021-11-23 15:02:50.808,17670,17671,17670,1,-1
2021-11-23 15:02:51.430,17670,17671,17671,2,2
2021-11-23 15:02:51.430,17670,17671,17672,2,2
2021-11-23 15:02:53.709,17671,17672,17671,1,-1
2021-11-23 15:02:53.725,17671,17672,17670,2,-2
2021-11-23 15:02:53.725,17671,17672,17670,19,-19
2021-11-23 15:02:54.945,17669,17670,17670,5,5
2021-11-23 15:02:57.051,17669,17670,17670,1,1
2021-11-23 15:02:57.052,17669,17670,17670,1,1
2021-11-23 15:02:58.036,17669,17670,17669,2,-2
2021-11-23 15:02:59.984,17668,17670,17670,2,2
2021-11-23 15:03:00.027,17668,17670,17670,2,2
2021-11-23 15:03:00.073,17668,17670,17668,1,-1
2021-11-23 15:03:00.095,17668,17670,17670,2,2
2021-11-23 15:03:00.137,17668,17671,17668,1,-1
2021-11-23 15:03:00.605,17668,17670,17668,2,-2
2021-11-23 15:03:02.652,17667,17670,17668,1,-1
2021-11-23 15:03:09.640,17666,17668,17668,1,1
2021-11-23 15:03:11.228,17666,17669,17669,1,1
2021-11-23 15:03:11.261,17667,17669,17669,1,1
2021-11-23 15:03:15.573,17667,17669,17669,1,1
2021-11-23 15:03:15.573,17667,17669,17670,1,1
2021-11-23 15:03:17.136,17668,17669,17669,1,1
2021-11-23 15:03:19.729,17668,17670,17670,1,1
2021-11-23 15:03:19.760,17668,17670,17670,1,1
2021-11-23 15:03:19.761,17668,17670,17670,1,1
2021-11-23 15:03:19.761,17668,17670,17671,1,1
2021-11-23 15:03:19.761,17668,17670,17671,1,1
2021-11-23 15:03:19.761,17668,17670,17671,1,1
2021-11-23 15:03:19.761,17668,17670,17671,1,1
2021-11-23 15:03:19.761,17668,17670,17671,1,1
2021-11-23 15:03:19.761,17668,17670,17671,1,1
2021-11-23 15:03:19.762,17668,17670,17672,1,1
2021-11-23 15:03:19.762,17668,17670,17672,1,1
2021-11-23 15:03:19.762,17668,17670,17672,1,1
2021-11-23 15:03:19.762,17668,17670,17671,1,1
2021-11-23 15:03:19.762,17668,17670,17672,1,1
2021-11-23 15:03:19.773,17668,17670,17669,1,1
2021-11-23 15:03:22.068,17669,17670,17670,1,1
2021-11-23 15:03:22.705,17669,17670,17670,2,2
2021-11-23 15:03:27.264,17669,17670,17669,1,-1
2021-11-23 15:03:27.771,17668,17670,17670,2,2
2021-11-23 15:03:29.320,17668,17669,17669,1,1
2021-11-23 15:03:29.320,17668,17669,17669,1,1
2021-11-23 15:03:31.842,17668,17670,17668,1,-1
2021-11-23 15:03:32.117,17668,17670,17669,1,1
2021-11-23 15:03:35.620,17668,17670,17668,4,-4
2021-11-23 15:03:36.650,17666,17668,17668,1,1
2021-11-23 15:03:36.650,17666,17668,17669,3,3
2021-11-23 15:03:40.337,17667,17668,17668,1,1
2021-11-23 15:03:40.386,17667,17668,17668,1,1
2021-11-23 15:03:43.965,17667,17668,17668,1,1
2021-11-23 15:03:46.667,17667,17669,17668,1,1
2021-11-23 15:03:46.811,17668,17669,17668,1,-1
2021-11-23 15:03:48.155,17667,17669,17668,1,1
2021-11-23 15:03:48.262,17667,17669,17669,1,1
2021-11-23 15:03:48.263,17667,17669,17669,1,1
2021-11-23 15:03:48.787,17667,17669,17669,1,1
2021-11-23 15:03:54.335,17667,17668,17667,1,-1
2021-11-23 15:03:54.336,17667,17668,17667,1,-1
2021-11-23 15:03:55.465,17666,17668,17668,1,1
2021-11-23 15:03:58.436,17666,17667,17667,1,1
2021-11-23 15:04:00.857,17666,17667,17666,1,-1
2021-11-23 15:04:01.466,17666,17667,17666,2,-2
2021-11-23 15:04:09.834,17665,17666,17666,1,1
2021-11-23 15:04:13.397,17665,17666,17665,3,-3
2021-11-23 15:04:14.533,17664,17666,17666,1,1
2021-11-23 15:04:22.390,17665,17666,17665,1,-1
2021-11-23 15:04:23.746,17664,17666,17664,4,-4
2021-11-23 15:04:24.097,17664,17665,17664,1,-1
2021-11-23 15:04:36.563,17664,17665,17664,2,-2
2021-11-23 15:04:36.878,17663,17664,17664,2,2
2021-11-23 15:04:39.611,17664,17665,17665,2,2
2021-11-23 15:04:42.893,17664,17665,17665,1,1
2021-11-23 15:04:49.222,17664,17665,17665,3,3
2021-11-23 15:04:49.223,17664,17665,17665,1,1
2021-11-23 15:04:50.251,17665,17666,17666,2,2
2021-11-23 15:04:54.418,17665,17666,17665,2,-2
2021-11-23 15:04:59.654,17664,17665,17665,1,1
2021-11-23 15:05:00.276,17665,17666,17666,1,1
2021-11-23 15:05:00.950,17665,17666,17665,1,-1
2021-11-23 15:05:01.275,17664,17665,17665,1,1
2021-11-23 15:05:01.281,17664,17665,17664,3,-3
2021-11-23 15:05:01.281,17664,17665,17664,3,-3
2021-11-23 15:05:01.365,17664,17665,17663,2,-2
2021-11-23 15:05:01.366,17664,17665,17663,5,-5
2021-11-23 15:05:02.054,17662,17663,17663,1,1
2021-11-23 15:05:02.277,17662,17663,17663,2,2
2021-11-23 15:05:03.277,17662,17664,17664,1,1
2021-11-23 15:05:06.157,17662,17663,17662,1,-1
2021-11-23 15:05:08.289,17662,17663,17662,1,-1
2021-11-23 15:05:08.314,17662,17663,17662,1,-1
2021-11-23 15:05:08.709,17661,17662,17661,5,-5
2021-11-23 15:05:10.263,17660,17662,17662,1,1
2021-11-23 15:05:12.911,17661,17662,17661,1,-1
2021-11-23 15:05:12.911,17661,17662,17661,2,-2
2021-11-23 15:05:12.911,17661,17662,17661,1,-1
2021-11-23 15:05:12.912,17661,17662,17660,10,-10
2021-11-23 15:05:13.058,17659,17661,17661,1,1
2021-11-23 15:05:13.367,17659,17662,17661,1,1
2021-11-23 15:05:13.478,17659,17661,17660,1,1
2021-11-23 15:05:13.498,17659,17661,17661,2,2
2021-11-23 15:05:15.924,17660,17662,17661,1,1
2021-11-23 15:05:15.924,17660,17662,17662,1,1
2021-11-23 15:05:18.539,17661,17662,17661,2,-2
2021-11-23 15:05:18.539,17661,17662,17660,2,-2
2021-11-23 15:05:22.929,17661,17662,17662,3,3
2021-11-23 15:05:22.930,17661,17662,17662,1,1
2021-11-23 15:05:23.010,17662,17663,17663,1,1
2021-11-23 15:05:23.011,17662,17663,17663,1,1
2021-11-23 15:05:24.466,17662,17663,17663,1,1
2021-11-23 15:05:24.467,17662,17663,17663,1,1
2021-11-23 15:05:25.905,17662,17664,17664,1,1
2021-11-23 15:05:26.272,17662,17664,17662,4,-4
2021-11-23 15:05:26.897,17662,17664,17664,1,1
2021-11-23 15:05:27.306,17662,17665,17662,1,-1
2021-11-23 15:05:27.386,17662,17664,17664,1,1
2021-11-23 15:05:36.203,17663,17665,17665,2,2
2021-11-23 15:05:41.097,17663,17664,17663,1,-1
2021-11-23 15:05:45.612,17663,17665,17663,2,-2
2021-11-23 15:05:45.612,17663,17665,17663,2,-2
2021-11-23 15:05:45.613,17663,17665,17663,1,-1
2021-11-23 15:05:46.953,17662,17664,17664,4,4
2021-11-23 15:05:47.123,17662,17664,17664,1,1
2021-11-23 15:05:50.407,17662,17663,17662,4,-4
2021-11-23 15:05:55.302,17661,17662,17661,1,-1
2021-11-23 15:05:55.302,17661,17662,17661,3,-3
2021-11-23 15:05:55.345,17661,17662,17660,1,-1
2021-11-23 15:06:00.392,17660,17662,17660,5,-5
2021-11-23 15:06:05.761,17660,17661,17660,3,-3
2021-11-23 15:06:09.383,17659,17660,17659,1,-1
2021-11-23 15:06:11.736,17659,17660,17659,3,-3
2021-11-23 15:06:12.105,17658,17659,17658,1,-1
2021-11-23 15:06:14.420,17658,17659,17658,1,-1
2021-11-23 15:06:14.424,17658,17659,17658,4,-4
2021-11-23 15:06:17.313,17657,17658,17658,1,1
2021-11-23 15:06:19.556,17657,17659,17658,3,3
2021-11-23 15:06:25.399,17657,17658,17657,1,-1
2021-11-23 15:06:25.556,17657,17658,17657,1,-1
2021-11-23 15:06:26.533,17657,17658,17657,2,-2
2021-11-23 15:06:30.558,17656,17657,17656,1,-1
2021-11-23 15:06:30.662,17656,17657,17656,1,-1
2021-11-23 15:06:30.944,17656,17657,17657,1,1
2021-11-23 15:06:32.566,17656,17658,17656,2,-2
2021-11-23 15:06:36.640,17656,17657,17656,3,-3
2021-11-23 15:06:37.756,17655,17657,17655,9,-9
2021-11-23 15:06:43.543,17654,17655,17655,1,1
2021-11-23 15:06:43.638,17654,17655,17655,2,2
2021-11-23 15:06:46.216,17654,17655,17655,2,2
2021-11-23 15:06:50.083,17655,17656,17655,1,-1
2021-11-23 15:06:55.103,17655,17656,17655,2,-2
2021-11-23 15:06:56.918,17655,17656,17655,1,-1
2021-11-23 15:06:59.359,17655,17656,17656,1,1
2021-11-23 15:06:59.359,17655,17656,17656,4,4
2021-11-23 15:07:00.413,17656,17657,17657,1,1
2021-11-23 15:07:00.414,17656,17657,17657,1,1
2021-11-23 15:07:11.660,17656,17657,17656,1,-1
2021-11-23 15:07:23.199,17656,17657,17656,1,-1
2021-11-23 15:07:23.199,17656,17657,17655,4,-4
2021-11-23 15:07:24.374,17655,17657,17655,1,-1
2021-11-23 15:07:27.478,17655,17656,17655,2,-2
2021-11-23 15:07:27.478,17655,17656,17655,1,-1
2021-11-23 15:07:27.479,17655,17656,17655,1,-1
2021-11-23 15:07:27.479,17655,17656,17655,2,-2
2021-11-23 15:07:27.479,17655,17656,17655,1,-1
2021-11-23 15:07:31.058,17654,17655,17654,1,-1
2021-11-23 15:07:33.126,17654,17655,17654,5,-5
2021-11-23 15:07:42.371,17654,17655,17654,1,-1
2021-11-23 15:07:42.402,17654,17655,17654,1,-1
2021-11-23 15:07:52.098,17653,17654,17653,8,-8
2021-11-23 15:07:52.161,17652,17653,17652,2,-2
2021-11-23 15:07:52.231,17652,17653,17652,1,-1
2021-11-23 15:07:52.231,17652,17653,17651,4,-4
2021-11-23 15:07:52.345,17651,17653,17651,1,-1
2021-11-23 15:07:54.027,17651,17653,17651,1,-1
2021-11-23 15:07:55.145,17651,17653,17651,1,-1
2021-11-23 15:07:59.349,17651,17652,17651,5,-5
2021-11-23 15:07:59.351,17651,17652,17651,2,-2
2021-11-23 15:08:00.474,17650,17652,17650,1,-1
2021-11-23 15:08:00.552,17650,17651,17651,1,1
2021-11-23 15:08:00.599,17650,17651,17650,2,-2
2021-11-23 15:08:00.936,17650,17651,17650,1,-1
2021-11-23 15:08:01.125,17650,17651,17650,1,-1
2021-11-23 15:08:02.682,17650,17651,17650,1,-1
2021-11-23 15:08:04.695,17650,17651,17650,5,-5
2021-11-23 15:08:06.256,17650,17651,17650,1,-1
2021-11-23 15:08:06.913,17650,17651,17651,5,5
2021-11-23 15:08:06.914,17650,17651,17651,3,3
2021-11-23 15:08:09.371,17651,17652,17651,1,-1
2021-11-23 15:08:13.331,17651,17652,17651,1,-1
2021-11-23 15:08:14.189,17651,17652,17651,4,-4
2021-11-23 15:08:14.770,17650,17651,17650,6,-6
2021-11-23 15:08:16.062,17649,17650,17650,1,1
2021-11-23 15:08:17.300,17649,17650,17649,3,-3
2021-11-23 15:08:19.711,17649,17650,17649,5,-5
2021-11-23 15:08:20.320,17648,17649,17649,1,1
2021-11-23 15:08:20.391,17648,17650,17650,1,1
2021-11-23 15:08:20.705,17648,17650,17648,4,-4
2021-11-23 15:08:21.393,17648,17650,17648,1,-1
2021-11-23 15:08:21.552,17648,17650,17648,1,-1
2021-11-23 15:08:23.266,17649,17650,17649,1,-1
2021-11-23 15:08:24.037,17648,17650,17648,1,-1
2021-11-23 15:08:25.109,17648,17650,17648,4,-4
2021-11-23 15:08:25.324,17648,17649,17649,1,1
2021-11-23 15:08:25.763,17648,17650,17648,1,-1
2021-11-23 15:08:26.308,17648,17650,17648,7,-7
2021-11-23 15:08:26.309,17648,17650,17648,3,-3
2021-11-23 15:08:27.045,17648,17650,17650,1,1
2021-11-23 15:08:30.002,17648,17650,17648,3,-3
2021-11-23 15:08:31.209,17647,17649,17649,1,1
2021-11-23 15:08:35.023,17648,17649,17649,3,3
2021-11-23 15:08:35.028,17648,17649,17649,1,1
2021-11-23 15:08:35.029,17648,17649,17649,1,1
2021-11-23 15:08:35.029,17648,17649,17649,1,1
2021-11-23 15:08:35.031,17648,17649,17649,4,4
2021-11-23 15:08:35.112,17648,17649,17650,1,1
2021-11-23 15:08:39.645,17649,17650,17650,4,4
2021-11-23 15:08:42.768,17650,17651,17650,1,-1
2021-11-23 15:08:43.323,17650,17651,17650,1,-1
2021-11-23 15:08:43.366,17650,17651,17649,4,-4
2021-11-23 15:08:43.667,17648,17649,17649,1,1
2021-11-23 15:08:43.667,17648,17649,17650,1,1
2021-11-23 15:08:58.208,17649,17650,17649,1,-1
2021-11-23 15:08:58.209,17649,17650,17649,2,-2
2021-11-23 15:08:58.209,17649,17650,17649,1,-1
2021-11-23 15:09:03.617,17648,17649,17649,1,1
2021-11-23 15:09:05.187,17648,17649,17648,5,-5
2021-11-23 15:09:05.188,17648,17649,17648,1,-1
2021-11-23 15:09:05.188,17648,17649,17648,5,-5
2021-11-23 15:09:05.195,17648,17649,17647,2,-2
2021-11-23 15:09:05.504,17647,17648,17647,3,-3
2021-11-23 15:09:05.696,17646,17648,17646,6,-6
2021-11-23 15:09:05.917,17645,17646,17645,2,-2
2021-11-23 15:09:05.933,17645,17646,17645,2,-2
2021-11-23 15:09:06.054,17645,17646,17646,1,1
2021-11-23 15:09:06.194,17645,17646,17645,1,-1
2021-11-23 15:09:06.413,17645,17646,17645,1,-1
2021-11-23 15:09:06.413,17645,17646,17644,2,-2
2021-11-23 15:09:06.776,17644,17646,17644,1,-1
2021-11-23 15:09:06.966,17644,17646,17644,1,-1
2021-11-23 15:09:07.224,17644,17646,17646,2,2
2021-11-23 15:09:09.191,17644,17646,17646,1,1
2021-11-23 15:09:10.472,17645,17646,17646,3,3
2021-11-23 15:09:10.577,17645,17647,17645,1,-1
2021-11-23 15:09:11.534,17645,17646,17645,1,-1
2021-11-23 15:09:12.235,17645,17646,17645,1,-1
2021-11-23 15:09:12.376,17645,17646,17645,1,-1
2021-11-23 15:09:12.376,17645,17646,17644,4,-4
2021-11-23 15:09:14.742,17644,17645,17644,2,-2
2021-11-23 15:09:15.118,17644,17645,17645,1,1
2021-11-23 15:09:15.480,17644,17645,17645,1,1
2021-11-23 15:09:18.196,17644,17646,17644,1,-1
2021-11-23 15:09:20.189,17644,17645,17645,2,2
2021-11-23 15:09:23.765,17643,17645,17643,8,-8
2021-11-23 15:09:29.269,17643,17644,17643,1,-1
2021-11-23 15:09:29.298,17643,17644,17642,1,-1
2021-11-23 15:09:29.298,17643,17644,17642,1,-1
2021-11-23 15:09:29.298,17643,17644,17642,2,-2
2021-11-23 15:09:29.352,17643,17644,17641,1,-1
2021-11-23 15:09:29.353,17643,17644,17641,1,-1
2021-11-23 15:09:29.353,17643,17644,17641,1,-1
2021-11-23 15:09:29.353,17643,17644,17641,1,-1
2021-11-23 15:09:29.353,17643,17644,17641,1,-1
2021-11-23 15:09:29.353,17643,17644,17641,3,-3
2021-11-23 15:09:29.353,17643,17644,17641,1,-1
2021-11-23 15:09:29.445,17640,17641,17640,1,-1
2021-11-23 15:09:29.570,17640,17641,17640,1,-1
2021-11-23 15:09:29.572,17640,17641,17640,1,-1
2021-11-23 15:09:29.577,17640,17641,17640,1,-1
2021-11-23 15:09:29.598,17640,17641,17640,3,-3
2021-11-23 15:09:29.613,17640,17641,17640,2,-2
2021-11-23 15:09:29.613,17640,17641,17640,8,-8
2021-11-23 15:09:29.613,17640,17641,17640,4,-4
2021-11-23 15:09:29.613,17640,17641,17640,1,-1
2021-11-23 15:09:29.614,17640,17641,17640,1,-1
2021-11-23 15:09:29.614,17640,17641,17640,9,-9
2021-11-23 15:09:29.615,17640,17641,17639,1,-1
2021-11-23 15:09:29.677,17639,17640,17640,1,1
2021-11-23 15:09:29.687,17639,17640,17640,2,2
2021-11-23 15:09:29.687,17639,17640,17641,3,3
2021-11-23 15:09:29.687,17639,17640,17642,9,9
2021-11-23 15:09:29.749,17639,17640,17640,1,1
2021-11-23 15:09:29.749,17639,17640,17639,7,-7
2021-11-23 15:09:29.817,17639,17641,17639,2,-2
2021-11-23 15:09:29.829,17639,17641,17640,2,2
2021-11-23 15:09:29.829,17639,17641,17639,3,-3
2021-11-23 15:09:29.861,17639,17641,17639,1,-1
2021-11-23 15:09:30.235,17639,17640,17639,1,-1
2021-11-23 15:09:30.283,17638,17640,17640,1,1
2021-11-23 15:09:30.381,17638,17640,17639,1,1
2021-11-23 15:09:30.402,17638,17639,17638,1,-1
2021-11-23 15:09:30.577,17638,17639,17638,1,-1
2021-11-23 15:09:30.627,17638,17639,17638,1,-1
2021-11-23 15:09:30.629,17638,17639,17638,2,-2
2021-11-23 15:09:30.637,17638,17639,17638,1,-1
2021-11-23 15:09:30.638,17638,17639,17638,4,-4
2021-11-23 15:09:30.639,17638,17639,17638,1,-1
2021-11-23 15:09:30.644,17638,17639,17638,1,-1
2021-11-23 15:09:30.652,17638,17639,17638,1,-1
2021-11-23 15:09:30.658,17638,17639,17638,1,-1
2021-11-23 15:09:30.664,17638,17639,17638,1,-1
2021-11-23 15:09:30.673,17638,17639,17638,6,-6
2021-11-23 15:09:30.673,17638,17639,17637,4,-4
2021-11-23 15:09:30.673,17638,17639,17636,9,-9
2021-11-23 15:09:30.675,17638,17639,17636,1,-1
2021-11-23 15:09:30.683,17638,17639,17636,1,-1
2021-11-23 15:09:30.687,17638,17639,17636,6,-6
2021-11-23 15:09:30.691,17638,17639,17636,1,-1
2021-11-23 15:09:30.692,17638,17639,17636,6,-6
2021-11-23 15:09:30.692,17638,17639,17636,1,-1
2021-11-23 15:09:30.692,17638,17639,17637,1,-1
2021-11-23 15:09:30.698,17638,17639,17636,1,-1
2021-11-23 15:09:30.698,17638,17639,17636,1,-1
2021-11-23 15:09:30.710,17638,17639,17635,1,-1
2021-11-23 15:09:30.749,17638,17639,17636,1,-1
2021-11-23 15:09:30.752,17638,17639,17636,1,-1
2021-11-23 15:09:30.755,17638,17639,17636,1,-1
2021-11-23 15:09:30.759,17636,17637,17636,1,-1
2021-11-23 15:09:30.771,17636,17637,17635,1,-1
2021-11-23 15:09:30.791,17636,17637,17635,1,-1
2021-11-23 15:09:30.793,17636,17637,17635,1,-1
2021-11-23 15:09:30.808,17636,17637,17637,1,1
2021-11-23 15:09:30.813,17636,17637,17637,1,1
2021-11-23 15:09:30.816,17636,17637,17638,1,1
2021-11-23 15:09:30.816,17636,17637,17637,1,1
2021-11-23 15:09:30.826,17636,17637,17637,2,2
2021-11-23 15:09:30.879,17636,17637,17638,1,1
2021-11-23 15:09:30.883,17636,17638,17636,3,-3
2021-11-23 15:09:30.883,17636,17638,17635,5,-5
2021-11-23 15:09:30.887,17636,17638,17635,1,-1
2021-11-23 15:09:30.985,17636,17638,17637,1,1
2021-11-23 15:09:30.985,17636,17638,17636,1,-1
2021-11-23 15:09:30.986,17636,17638,17636,1,-1
2021-11-23 15:09:30.986,17636,17638,17636,1,-1
2021-11-23 15:09:31.008,17636,17638,17636,3,-3
2021-11-23 15:09:31.045,17636,17638,17637,1,1
2021-11-23 15:09:31.055,17636,17638,17636,2,-2
2021-11-23 15:09:31.055,17636,17638,17635,1,-1
2021-11-23 15:09:31.068,17636,17638,17635,2,-2
2021-11-23 15:09:31.130,17636,17638,17636,1,-1
2021-11-23 15:09:31.197,17636,17638,17636,1,-1
2021-11-23 15:09:31.197,17636,17638,17635,5,-5
2021-11-23 15:09:31.212,17636,17638,17635,1,-1
2021-11-23 15:09:31.225,17636,17638,17635,1,-1
2021-11-23 15:09:31.225,17636,17638,17634,1,-1
2021-11-23 15:09:31.236,17636,17638,17634,1,-1
2021-11-23 15:09:31.237,17636,17638,17633,2,-2
2021-11-23 15:09:31.238,17636,17638,17633,1,-1
2021-11-23 15:09:31.254,17636,17638,17635,2,-2
2021-11-23 15:09:31.272,17634,17636,17633,3,-3
2021-11-23 15:09:31.286,17634,17636,17634,1,-1
2021-11-23 15:09:31.386,17634,17635,17635,1,1
2021-11-23 15:09:31.417,17634,17635,17634,1,-1
2021-11-23 15:09:31.431,17634,17635,17634,1,-1
2021-11-23 15:09:31.503,17634,17635,17635,2,2
2021-11-23 15:09:31.505,17634,17635,17634,2,-2
2021-11-23 15:09:31.539,17634,17636,17634,1,-1
2021-11-23 15:09:31.690,17634,17636,17634,1,-1
2021-11-23 15:09:31.762,17634,17636,17634,1,-1
2021-11-23 15:09:31.982,17634,17636,17637,1,1
2021-11-23 15:09:32.237,17634,17636,17635,1,1
2021-11-23 15:09:32.372,17634,17635,17635,2,2
2021-11-23 15:09:32.554,17634,17636,17636,1,1
2021-11-23 15:09:32.659,17634,17636,17636,4,4
2021-11-23 15:09:32.763,17635,17637,17635,2,-2
2021-11-23 15:09:33.007,17635,17636,17635,1,-1
2021-11-23 15:09:33.260,17635,17637,17635,1,-1
2021-11-23 15:09:33.272,17635,17637,17635,1,-1
2021-11-23 15:09:33.326,17635,17637,17638,1,1
2021-11-23 15:09:33.741,17636,17637,17636,1,-1
2021-11-23 15:09:36.919,17637,17638,17637,1,-1
2021-11-23 15:09:38.444,17636,17638,17636,1,-1
2021-11-23 15:09:38.571,17636,17638,17636,1,-1
2021-11-23 15:09:39.406,17636,17638,17636,1,-1
2021-11-23 15:09:41.441,17636,17637,17637,1,1
2021-11-23 15:09:42.321,17637,17638,17637,1,-1
2021-11-23 15:09:42.337,17637,17638,17637,1,-1
2021-11-23 15:09:43.485,17637,17638,17637,1,-1
2021-11-23 15:09:43.612,17637,17638,17637,2,-2
2021-11-23 15:09:44.570,17636,17638,17636,2,-2
2021-11-23 15:09:45.194,17637,17638,17637,1,-1
2021-11-23 15:09:46.493,17636,17637,17637,1,1
2021-11-23 15:09:48.236,17636,17637,17636,2,-2
2021-11-23 15:09:49.162,17636,17637,17637,5,5
2021-11-23 15:09:52.378,17636,17637,17637,1,1
2021-11-23 15:09:53.358,17636,17637,17637,1,1
2021-11-23 15:09:53.634,17636,17637,17637,1,1
2021-11-23 15:09:56.262,17636,17637,17637,1,1
2021-11-23 15:09:56.262,17636,17637,17637,1,1
2021-11-23 15:09:56.262,17636,17637,17637,2,2
2021-11-23 15:09:56.262,17636,17637,17637,1,1
2021-11-23 15:09:57.243,17637,17638,17637,1,-1
2021-11-23 15:09:58.514,17637,17638,17637,1,-1
2021-11-23 15:09:58.710,17637,17638,17638,1,1
2021-11-23 15:09:59.878,17637,17638,17638,1,1
2021-11-23 15:10:00.426,17637,17638,17637,1,-1
2021-11-23 15:10:00.513,17636,17637,17637,1,1
2021-11-23 15:10:00.514,17636,17637,17637,1,1
2021-11-23 15:10:00.517,17636,17637,17637,1,1
2021-11-23 15:10:00.862,17636,17637,17636,1,-1
2021-11-23 15:10:00.879,17636,17637,17636,1,-1
2021-11-23 15:10:00.923,17636,17637,17637,1,1
2021-11-23 15:10:00.978,17636,17637,17636,1,-1
2021-11-23 15:10:02.819,17636,17637,17637,5,5
2021-11-23 15:10:02.866,17636,17637,17637,1,1
2021-11-23 15:10:02.886,17636,17638,17638,1,1
2021-11-23 15:10:02.886,17636,17638,17638,1,1
2021-11-23 15:10:02.886,17636,17638,17638,1,1
2021-11-23 15:10:03.120,17637,17638,17637,1,-1
2021-11-23 15:10:03.130,17637,17638,17637,1,-1
2021-11-23 15:10:05.347,17637,17638,17637,1,-1
2021-11-23 15:10:07.920,17636,17637,17637,1,1
2021-11-23 15:10:08.466,17636,17637,17637,1,1
2021-11-23 15:10:09.445,17636,17637,17637,1,1
2021-11-23 15:10:09.445,17636,17637,17637,2,2
2021-11-23 15:10:10.769,17637,17638,17638,4,4
2021-11-23 15:10:10.769,17637,17638,17639,6,6
2021-11-23 15:10:13.830,17636,17638,17638,1,1
2021-11-23 15:10:14.831,17636,17638,17638,5,5
2021-11-23 15:10:16.542,17637,17638,17638,1,1
2021-11-23 15:10:16.976,17637,17639,17639,1,1
2021-11-23 15:10:16.985,17637,17639,17638,1,1
2021-11-23 15:10:17.212,17637,17639,17639,3,3
2021-11-23 15:10:17.212,17637,17639,17640,2,2
2021-11-23 15:10:17.261,17638,17640,17640,1,1
2021-11-23 15:10:17.262,17638,17640,17640,1,1
2021-11-23 15:10:17.262,17638,17640,17640,1,1
2021-11-23 15:10:18.695,17639,17641,17639,3,-3
2021-11-23 15:10:20.177,17639,17641,17641,1,1
2021-11-23 15:10:23.610,17641,17642,17641,1,-1
2021-11-23 15:10:23.834,17640,17641,17640,1,-1
2021-11-23 15:10:28.149,17638,17639,17639,1,1
2021-11-23 15:10:29.710,17639,17640,17640,1,1
2021-11-23 15:10:29.761,17639,17640,17640,1,1
2021-11-23 15:10:29.761,17639,17640,17641,1,1
2021-11-23 15:10:29.761,17639,17640,17641,1,1
2021-11-23 15:10:30.779,17639,17642,17640,1,-1
2021-11-23 15:10:34.100,17639,17641,17640,1,1
2021-11-23 15:10:34.641,17640,17641,17640,1,-1
2021-11-23 15:10:34.643,17640,17641,17640,4,-4
2021-11-23 15:10:35.268,17640,17641,17640,1,-1
2021-11-23 15:10:35.928,17639,17641,17640,1,1
2021-11-23 15:10:38.951,17639,17640,17640,2,2
2021-11-23 15:10:39.841,17639,17640,17640,1,1
2021-11-23 15:10:39.888,17639,17641,17641,1,1
2021-11-23 15:10:41.061,17639,17641,17639,3,-3
2021-11-23 15:10:42.490,17640,17641,17641,1,1
2021-11-23 15:10:46.478,17640,17641,17640,3,-3
2021-11-23 15:10:46.694,17640,17641,17640,1,-1
2021-11-23 15:10:47.934,17640,17641,17641,1,1
2021-11-23 15:10:48.318,17640,17641,17640,2,-2
2021-11-23 15:10:50.645,17640,17641,17640,1,-1
2021-11-23 15:10:51.646,17640,17641,17641,3,3
2021-11-23 15:10:51.646,17640,17641,17642,11,11
2021-11-23 15:10:51.646,17640,17641,17643,6,6
2021-11-23 15:10:51.650,17640,17641,17643,1,1
2021-11-23 15:10:53.155,17642,17643,17642,3,-3
2021-11-23 15:10:57.904,17642,17643,17642,1,-1
2021-11-23 15:10:57.904,17642,17643,17642,1,-1
2021-11-23 15:11:00.450,17642,17643,17642,1,-1
2021-11-23 15:11:00.450,17642,17643,17642,1,-1
2021-11-23 15:11:00.460,17642,17643,17641,1,-1
2021-11-23 15:11:00.543,17641,17642,17641,1,-1
2021-11-23 15:11:00.543,17641,17642,17641,1,-1
2021-11-23 15:11:00.543,17641,17642,17641,1,-1
2021-11-23 15:11:00.543,17641,17642,17641,2,-2
2021-11-23 15:11:00.720,17640,17641,17641,1,1
2021-11-23 15:11:02.964,17640,17641,17640,3,-3
2021-11-23 15:11:04.922,17639,17640,17639,1,-1
2021-11-23 15:11:04.935,17639,17640,17638,2,-2
2021-11-23 15:11:06.055,17637,17639,17639,1,1
2021-11-23 15:11:06.731,17637,17638,17638,1,1
2021-11-23 15:11:09.271,17638,17639,17638,4,-4
2021-11-23 15:11:14.702,17638,17639,17638,4,-4
2021-11-23 15:11:14.916,17637,17639,17638,1,1
2021-11-23 15:11:15.281,17637,17638,17637,1,-1
2021-11-23 15:11:15.573,17637,17638,17638,1,1
2021-11-23 15:11:19.704,17637,17638,17637,2,-2
2021-11-23 15:11:20.260,17636,17638,17637,1,1
2021-11-23 15:11:21.317,17636,17637,17637,2,2
2021-11-23 15:11:22.009,17636,17637,17636,6,-6
2021-11-23 15:11:22.683,17635,17637,17635,2,-2
2021-11-23 15:11:26.226,17635,17637,17635,2,-2
2021-11-23 15:11:26.385,17635,17636,17636,1,1
2021-11-23 15:11:26.563,17635,17636,17636,1,1
2021-11-23 15:11:30.348,17636,17637,17636,1,-1
2021-11-23 15:11:32.279,17636,17637,17636,2,-2
2021-11-23 15:11:33.107,17635,17637,17635,2,-2
2021-11-23 15:11:33.895,17636,17637,17636,2,-2
2021-11-23 15:11:34.674,17635,17637,17635,1,-1
2021-11-23 15:11:37.864,17636,17637,17636,1,-1
2021-11-23 15:11:38.716,17635,17637,17637,3,3
2021-11-23 15:11:40.204,17635,17637,17635,2,-2
2021-11-23 15:11:46.813,17635,17637,17637,7,7
2021-11-23 15:11:47.306,17637,17638,17638,2,2
2021-11-23 15:11:48.179,17637,17638,17638,1,1
2021-11-23 15:11:48.693,17638,17639,17638,1,-1
2021-11-23 15:11:53.663,17638,17639,17638,1,-1
2021-11-23 15:11:54.019,17638,17639,17639,2,2
2021-11-23 15:11:55.085,17638,17639,17639,1,1
2021-11-23 15:12:00.488,17639,17640,17640,1,1
2021-11-23 15:12:00.495,17639,17640,17639,1,-1
2021-11-23 15:12:00.529,17639,17640,17639,1,-1
2021-11-23 15:12:01.022,17638,17640,17640,1,1
2021-11-23 15:12:02.888,17639,17640,17639,1,-1
2021-11-23 15:12:03.365,17638,17640,17638,1,-1
2021-11-23 15:12:04.893,17637,17639,17639,2,2
2021-11-23 15:12:12.446,17638,17640,17640,2,2
2021-11-23 15:12:13.446,17639,17640,17639,1,-1
2021-11-23 15:12:18.523,17638,17640,17638,2,-2
2021-11-23 15:12:19.332,17638,17640,17640,1,1
2021-11-23 15:12:25.784,17640,17641,17640,2,-2
2021-11-23 15:12:28.871,17640,17641,17640,2,-2
2021-11-23 15:12:31.216,17640,17641,17640,1,-1
2021-11-23 15:12:31.247,17640,17641,17639,1,-1
2021-11-23 15:12:37.452,17638,17640,17640,1,1
2021-11-23 15:12:47.974,17639,17640,17639,1,-1
2021-11-23 15:12:51.806,17639,17640,17639,1,-1
2021-11-23 15:12:56.385,17639,17640,17639,3,-3
2021-11-23 15:12:56.931,17638,17640,17640,1,1
2021-11-23 15:13:00.746,17639,17640,17640,1,1
2021-11-23 15:13:04.017,17639,17640,17639,1,-1
2021-11-23 15:13:04.943,17638,17639,17639,2,2
2021-11-23 15:13:11.093,17639,17640,17639,2,-2
2021-11-23 15:13:17.757,17639,17640,17639,1,-1
2021-11-23 15:13:17.761,17638,17640,17640,1,1
2021-11-23 15:13:19.195,17638,17640,17638,5,-5
2021-11-23 15:13:19.195,17638,17640,17637,1,-1
2021-11-23 15:13:22.140,17636,17638,17636,1,-1
2021-11-23 15:13:23.742,17636,17638,17636,1,-1
2021-11-23 15:13:23.866,17636,17638,17636,2,-2
2021-11-23 15:13:24.095,17635,17637,17635,1,-1
2021-11-23 15:13:24.405,17635,17637,17635,1,-1
2021-11-23 15:13:24.903,17635,17637,17637,1,1
2021-11-23 15:13:27.367,17635,17636,17636,2,2
2021-11-23 15:13:28.933,17635,17636,17636,1,1
2021-11-23 15:13:30.196,17636,17637,17636,1,-1
2021-11-23 15:13:34.599,17635,17636,17636,1,1
2021-11-23 15:13:34.749,17635,17637,17635,2,-2
2021-11-23 15:13:38.168,17635,17637,17635,1,-1
2021-11-23 15:13:39.281,17635,17637,17635,29,-29
2021-11-23 15:13:39.631,17634,17635,17634,1,-1
2021-11-23 15:13:39.631,17634,17635,17633,1,-1
2021-11-23 15:13:39.778,17633,17635,17635,1,1
2021-11-23 15:13:39.928,17633,17635,17633,1,-1
2021-11-23 15:13:40.231,17633,17635,17633,10,-10
2021-11-23 15:13:47.732,17633,17634,17634,1,1
2021-11-23 15:13:47.732,17633,17634,17634,1,1
2021-11-23 15:13:48.670,17634,17635,17634,4,-4
2021-11-23 15:13:48.671,17634,17635,17634,1,-1
2021-11-23 15:13:50.250,17633,17635,17634,2,2
2021-11-23 15:13:50.250,17633,17635,17634,1,1
2021-11-23 15:13:50.684,17634,17635,17634,1,-1
2021-11-23 15:13:55.044,17634,17635,17634,3,-3
2021-11-23 15:13:59.260,17633,17635,17633,1,-1
2021-11-23 15:13:59.948,17633,17634,17633,2,-2
2021-11-23 15:14:00.491,17633,17634,17633,1,-1
2021-11-23 15:14:00.872,17633,17634,17633,1,-1
2021-11-23 15:14:00.947,17633,17634,17633,1,-1
2021-11-23 15:14:01.041,17632,17634,17632,1,-1
2021-11-23 15:14:01.159,17632,17633,17632,1,-1
2021-11-23 15:14:01.198,17632,17633,17632,1,-1
2021-11-23 15:14:01.410,17632,17633,17632,1,-1
2021-11-23 15:14:01.410,17632,17633,17631,1,-1
2021-11-23 15:14:01.556,17631,17633,17631,1,-1
2021-11-23 15:14:01.986,17631,17633,17631,1,-1
2021-11-23 15:14:03.336,17631,17633,17631,5,-5
2021-11-23 15:14:03.580,17631,17632,17631,1,-1
2021-11-23 15:14:03.850,17631,17632,17632,1,1
2021-11-23 15:14:04.034,17631,17632,17631,3,-3
2021-11-23 15:14:04.034,17631,17632,17630,2,-2
2021-11-23 15:14:04.454,17630,17632,17632,1,1
2021-11-23 15:14:06.067,17631,17633,17631,4,-4
2021-11-23 15:14:07.678,17631,17632,17631,1,-1
2021-11-23 15:14:08.098,17631,17632,17631,1,-1
2021-11-23 15:14:08.523,17630,17632,17631,1,1
2021-11-23 15:14:09.839,17631,17632,17631,2,-2
2021-11-23 15:14:10.184,17631,17632,17631,1,-1
2021-11-23 15:14:10.185,17631,17632,17631,1,-1
2021-11-23 15:14:10.185,17631,17632,17631,1,-1
2021-11-23 15:14:10.186,17631,17632,17631,1,-1
2021-11-23 15:14:10.186,17631,17632,17631,1,-1
2021-11-23 15:14:10.451,17630,17631,17631,1,1
2021-11-23 15:14:11.243,17630,17631,17631,1,1
2021-11-23 15:14:12.567,17630,17631,17631,1,1
2021-11-23 15:14:13.621,17630,17631,17630,1,-1
2021-11-23 15:14:14.714,17630,17631,17630,2,-2
2021-11-23 15:14:14.726,17630,17631,17630,1,-1
2021-11-23 15:14:14.765,17630,17631,17630,37,-37
2021-11-23 15:14:14.765,17630,17631,17630,4,-4
2021-11-23 15:14:14.766,17630,17631,17629,1,-1
2021-11-23 15:14:14.767,17630,17631,17629,1,-1
2021-11-23 15:14:14.767,17630,17631,17629,5,-5
2021-11-23 15:14:14.767,17630,17631,17629,2,-2
2021-11-23 15:14:14.931,17628,17629,17628,1,-1
2021-11-23 15:14:15.080,17628,17629,17628,3,-3
2021-11-23 15:14:15.184,17628,17629,17628,1,-1
2021-11-23 15:14:15.185,17628,17629,17628,1,-1
2021-11-23 15:14:15.185,17628,17629,17628,4,-4
2021-11-23 15:14:15.185,17628,17629,17628,5,-5
2021-11-23 15:14:15.185,17628,17629,17628,3,-3
2021-11-23 15:14:15.185,17628,17629,17628,1,-1
2021-11-23 15:14:15.186,17628,17629,17628,1,-1
2021-11-23 15:14:15.186,17628,17629,17627,3,-3
2021-11-23 15:14:15.334,17626,17628,17626,1,-1
2021-11-23 15:14:15.403,17626,17628,17628,5,5
2021-11-23 15:14:15.559,17627,17628,17627,1,-1
2021-11-23 15:14:15.698,17627,17628,17627,1,-1
2021-11-23 15:14:16.450,17627,17628,17628,2,2
2021-11-23 15:14:16.681,17627,17629,17627,1,-1
2021-11-23 15:14:17.297,17627,17629,17627,5,-5
2021-11-23 15:14:18.203,17627,17629,17627,1,-1
2021-11-23 15:14:19.813,17627,17628,17627,1,-1
2021-11-23 15:14:20.915,17626,17627,17627,1,1
2021-11-23 15:14:22.140,17626,17628,17626,1,-1
2021-11-23 15:14:22.910,17627,17628,17627,1,-1
2021-11-23 15:14:23.105,17627,17628,17628,1,1
2021-11-23 15:14:24.010,17627,17628,17627,3,-3
2021-11-23 15:14:24.360,17626,17628,17627,1,1
2021-11-23 15:14:24.544,17626,17628,17627,1,1
2021-11-23 15:14:24.608,17626,17628,17626,1,-1
2021-11-23 15:14:24.992,17626,17628,17628,5,5
2021-11-23 15:14:25.688,17626,17628,17627,1,1
2021-11-23 15:14:25.866,17626,17628,17626,1,-1
2021-11-23 15:14:26.382,17626,17628,17626,1,-1
2021-11-23 15:14:26.383,17626,17627,17626,1,-1
2021-11-23 15:14:26.743,17625,17627,17627,1,1
2021-11-23 15:14:26.793,17625,17627,17627,1,1
2021-11-23 15:14:27.245,17625,17627,17626,2,2
2021-11-23 15:14:27.839,17625,17627,17627,1,1
2021-11-23 15:14:27.839,17625,17627,17626,1,1
2021-11-23 15:14:28.806,17625,17626,17626,1,1
2021-11-23 15:14:29.085,17625,17626,17625,17,-17
2021-11-23 15:14:29.156,17624,17626,17626,1,1
2021-11-23 15:14:29.209,17624,17626,17624,2,-2
2021-11-23 15:14:29.691,17623,17625,17623,1,-1
2021-11-23 15:14:29.802,17623,17625,17625,1,1
2021-11-23 15:14:29.831,17623,17625,17623,1,-1
2021-11-23 15:14:30.122,17623,17625,17623,5,-5
2021-11-23 15:14:30.236,17622,17624,17623,1,1
2021-11-23 15:14:30.724,17623,17625,17624,1,1
2021-11-23 15:14:31.279,17623,17624,17623,1,-1
2021-11-23 15:14:32.168,17623,17624,17623,1,-1
2021-11-23 15:14:32.233,17623,17624,17623,1,-1
2021-11-23 15:14:32.233,17623,17624,17622,1,-1
2021-11-23 15:14:32.235,17623,17624,17622,1,-1
2021-11-23 15:14:33.616,17622,17623,17623,1,1
2021-11-23 15:14:33.945,17622,17623,17622,5,-5
2021-11-23 15:14:34.819,17622,17623,17622,2,-2
2021-11-23 15:14:35.215,17622,17623,17623,1,1
2021-11-23 15:14:35.881,17622,17623,17623,2,2
2021-11-23 15:14:36.084,17623,17624,17623,1,-1
2021-11-23 15:14:36.347,17623,17624,17624,1,1
2021-11-23 15:14:36.713,17624,17625,17624,1,-1
2021-11-23 15:14:36.811,17624,17625,17625,3,3
2021-11-23 15:14:36.816,17624,17625,17626,1,1
2021-11-23 15:14:36.816,17624,17625,17626,2,2
2021-11-23 15:14:36.877,17624,17625,17626,1,1
2021-11-23 15:14:37.287,17626,17628,17626,5,-5
2021-11-23 15:14:39.584,17625,17627,17627,1,1
2021-11-23 15:14:42.673,17626,17627,17627,1,1
2021-11-23 15:14:42.943,17626,17627,17627,1,1
2021-11-23 15:14:42.974,17626,17627,17626,1,-1
2021-11-23 15:14:44.542,17625,17627,17625,2,-2
2021-11-23 15:14:45.539,17625,17626,17626,1,1
2021-11-23 15:14:46.066,17625,17626,17625,1,-1
2021-11-23 15:14:48.021,17623,17624,17623,2,-2
2021-11-23 15:14:48.500,17623,17625,17625,1,1
2021-11-23 15:14:50.395,17624,17625,17625,4,4
2021-11-23 15:14:50.581,17625,17626,17625,2,-2
2021-11-23 15:14:52.069,17625,17626,17625,1,-1
2021-11-23 15:14:52.269,17625,17626,17625,1,-1
2021-11-23 15:14:52.270,17625,17626,17625,3,-3
2021-11-23 15:14:56.170,17624,17626,17624,1,-1
2021-11-23 15:14:58.255,17625,17626,17626,1,1
2021-11-23 15:14:59.439,17625,17626,17625,2,-2
2021-11-23 15:14:59.439,17625,17626,17624,1,-1
2021-11-23 15:15:01.754,17624,17626,17625,2,2
2021-11-23 15:15:01.769,17624,17626,17624,1,-1
2021-11-23 15:15:01.770,17624,17626,17624,1,-1
2021-11-23 15:15:01.928,17624,17626,17624,1,-1
2021-11-23 15:15:01.978,17624,17626,17625,1,1
2021-11-23 15:15:01.978,17624,17626,17624,2,-2
2021-11-23 15:15:01.980,17624,17626,17624,1,-1
2021-11-23 15:15:01.990,17624,17626,17623,1,-1
2021-11-23 15:15:01.999,17624,17626,17623,1,-1
2021-11-23 15:15:02.002,17624,17626,17623,1,-1
2021-11-23 15:15:02.002,17624,17626,17623,1,-1
2021-11-23 15:15:02.008,17624,17626,17623,3,-3
2021-11-23 15:15:02.011,17623,17625,17623,1,-1
2021-11-23 15:15:02.012,17623,17625,17623,1,-1
2021-11-23 15:15:02.012,17623,17625,17623,1,-1
2021-11-23 15:15:02.012,17623,17625,17623,1,-1
2021-11-23 15:15:02.012,17623,17625,17623,1,-1
2021-11-23 15:15:02.018,17623,17625,17623,1,-1
2021-11-23 15:15:02.075,17623,17625,17623,1,-1
2021-11-23 15:15:02.196,17623,17625,17624,1,1
2021-11-23 15:15:02.209,17623,17625,17624,1,1
2021-11-23 15:15:02.301,17623,17625,17623,1,-1
2021-11-23 15:15:02.521,17624,17625,17624,1,-1
2021-11-23 15:15:02.644,17623,17625,17623,1,-1
2021-11-23 15:15:02.898,17623,17625,17625,3,3
2021-11-23 15:15:03.001,17623,17625,17625,1,1
2021-11-23 15:15:03.404,17624,17626,17624,2,-2
2021-11-23 15:15:03.479,17624,17626,17624,3,-3
2021-11-23 15:15:06.271,17624,17626,17626,2,2
2021-11-23 15:15:07.341,17624,17626,17624,1,-1
2021-11-23 15:15:07.386,17624,17626,17624,1,-1
2021-11-23 15:15:07.386,17624,17626,17623,1,-1
2021-11-23 15:15:07.386,17624,17626,17623,1,-1
2021-11-23 15:15:07.386,17624,17626,17623,1,-1
2021-11-23 15:15:07.386,17624,17626,17623,1,-1
2021-11-23 15:15:07.387,17624,17626,17623,1,-1
2021-11-23 15:15:10.256,17623,17625,17625,2,2
2021-11-23 15:15:12.194,17624,17626,17626,4,4
2021-11-23 15:15:13.899,17626,17627,17626,1,-1
2021-11-23 15:15:13.899,17626,17627,17627,1,1
2021-11-23 15:15:14.062,17626,17627,17627,1,1
2021-11-23 15:15:14.294,17626,17627,17626,1,-1
2021-11-23 15:15:14.944,17626,17627,17627,11,11
2021-11-23 15:15:15.029,17627,17628,17628,1,1
2021-11-23 15:15:15.541,17627,17628,17627,1,-1
2021-11-23 15:15:16.025,17627,17628,17628,3,3
2021-11-23 15:15:16.575,17627,17629,17627,2,-2
2021-11-23 15:15:16.663,17627,17629,17627,1,-1
2021-11-23 15:15:19.052,17628,17629,17629,2,2
2021-11-23 15:15:19.136,17628,17630,17628,1,-1
2021-11-23 15:15:19.136,17628,17630,17628,1,-1
2021-11-23 15:15:19.137,17628,17630,17627,1,-1
2021-11-23 15:15:19.357,17627,17629,17627,1,-1
2021-11-23 15:15:20.737,17627,17629,17627,1,-1
2021-11-23 15:15:23.082,17628,17629,17628,1,-1
2021-11-23 15:15:23.932,17626,17627,17627,3,3
2021-11-23 15:15:25.460,17628,17629,17629,1,1
2021-11-23 15:15:26.495,17628,17629,17629,1,1
2021-11-23 15:15:26.495,17628,17629,17630,4,4
2021-11-23 15:15:26.683,17629,17630,17630,1,1
2021-11-23 15:15:27.950,17629,17630,17630,2,2
2021-11-23 15:15:28.011,17629,17631,17629,1,-1
2021-11-23 15:15:28.011,17629,17631,17629,1,-1
2021-11-23 15:15:28.012,17629,17631,17629,1,-1
2021-11-23 15:15:28.441,17629,17631,17631,1,1
2021-11-23 15:15:28.667,17629,17631,17631,5,5
2021-11-23 15:15:29.549,17631,17632,17631,1,-1
2021-11-23 15:15:30.091,17631,17632,17632,1,1
2021-11-23 15:15:30.301,17631,17632,17632,1,1
2021-11-23 15:15:30.303,17631,17632,17632,1,1
2021-11-23 15:15:30.307,17631,17632,17632,1,1
2021-11-23 15:15:30.438,17632,17634,17634,1,1
2021-11-23 15:15:30.532,17632,17634,17632,1,-1
2021-11-23 15:15:30.934,17632,17634,17634,1,1
2021-11-23 15:15:33.397,17632,17633,17632,1,-1
2021-11-23 15:15:33.599,17632,17633,17632,3,-3
2021-11-23 15:15:34.640,17631,17632,17631,1,-1
2021-11-23 15:15:35.275,17630,17631,17631,1,1
2021-11-23 15:15:35.365,17630,17631,17630,1,-1
2021-11-23 15:15:40.222,17628,17629,17629,1,1
2021-11-23 15:15:46.183,17628,17630,17630,1,1
2021-11-23 15:15:49.902,17629,17631,17631,2,2
2021-11-23 15:15:50.011,17629,17632,17629,1,-1
2021-11-23 15:15:50.011,17629,17632,17629,1,-1
2021-11-23 15:15:51.753,17629,17631,17629,1,-1
2021-11-23 15:15:52.368,17628,17630,17630,1,1
2021-11-23 15:15:52.743,17628,17630,17630,4,4
2021-11-23 15:15:55.966,17629,17630,17630,1,1
2021-11-23 15:16:00.078,17629,17630,17629,2,-2
2021-11-23 15:16:01.165,17628,17629,17628,1,-1
2021-11-23 15:16:01.165,17628,17629,17628,1,-1
2021-11-23 15:16:01.165,17628,17629,17628,1,-1
2021-11-23 15:16:01.165,17628,17629,17628,3,-3
2021-11-23 15:16:01.262,17627,17628,17628,1,1
2021-11-23 15:16:01.263,17627,17628,17628,1,1
2021-11-23 15:16:02.833,17627,17629,17629,1,1
2021-11-23 15:16:04.480,17627,17628,17627,1,-1
2021-11-23 15:16:04.480,17627,17628,17627,2,-2
2021-11-23 15:16:04.480,17627,17628,17627,2,-2
2021-11-23 15:16:04.494,17627,17628,17626,2,-2
2021-11-23 15:16:04.500,17627,17628,17626,1,-1
2021-11-23 15:16:04.586,17625,17626,17625,3,-3
2021-11-23 15:16:04.589,17625,17626,17625,2,-2
2021-11-23 15:16:11.096,17627,17628,17628,1,1
2021-11-23 15:16:12.123,17628,17629,17628,2,-2
2021-11-23 15:16:12.662,17628,17629,17629,3,3
2021-11-23 15:16:13.013,17629,17630,17629,1,-1
2021-11-23 15:16:14.124,17629,17630,17629,1,-1
2021-11-23 15:16:14.321,17629,17630,17630,2,2
2021-11-23 15:16:14.754,17628,17630,17630,1,1
2021-11-23 15:16:15.671,17629,17630,17629,2,-2
2021-11-23 15:16:16.393,17629,17630,17629,1,-1
2021-11-23 15:16:17.134,17629,17630,17630,1,1
2021-11-23 15:16:17.260,17629,17631,17631,1,1
2021-11-23 15:16:17.261,17629,17631,17631,1,1
2021-11-23 15:16:17.261,17629,17631,17632,1,1
2021-11-23 15:16:19.442,17631,17632,17632,1,1
2021-11-23 15:16:19.545,17631,17632,17631,1,-1
2021-11-23 15:16:19.859,17630,17632,17632,1,1
2021-11-23 15:16:20.251,17631,17632,17632,1,1
2021-11-23 15:16:21.131,17631,17632,17632,1,1
2021-11-23 15:16:21.270,17631,17632,17631,1,-1
2021-11-23 15:16:21.714,17631,17632,17632,1,1
2021-11-23 15:16:23.418,17632,17633,17633,1,1
2021-11-23 15:16:24.213,17633,17634,17633,2,-2
2021-11-23 15:16:24.227,17633,17634,17633,2,-2
2021-11-23 15:16:24.228,17633,17634,17633,2,-2
2021-11-23 15:16:24.356,17632,17634,17634,1,1
2021-11-23 15:16:26.280,17632,17634,17634,1,1
2021-11-23 15:16:29.324,17632,17634,17634,1,1
2021-11-23 15:16:30.562,17632,17634,17634,1,1
2021-11-23 15:16:30.819,17632,17634,17634,1,1
2021-11-23 15:16:32.019,17633,17634,17633,1,-1
2021-11-23 15:16:36.358,17632,17633,17633,1,1
2021-11-23 15:16:37.281,17633,17634,17633,3,-3
2021-11-23 15:16:37.282,17633,17634,17633,6,-6
2021-11-23 15:16:37.282,17633,17634,17633,1,-1
2021-11-23 15:16:39.024,17632,17634,17632,2,-2
2021-11-23 15:16:40.036,17632,17634,17634,1,1
2021-11-23 15:16:41.574,17632,17633,17632,1,-1
2021-11-23 15:16:42.413,17632,17633,17632,1,-1
2021-11-23 15:16:45.699,17631,17632,17632,1,1
2021-11-23 15:16:46.023,17631,17632,17632,1,1
2021-11-23 15:16:53.717,17632,17633,17632,5,-5
2021-11-23 15:16:53.717,17632,17633,17632,5,-5
2021-11-23 15:16:57.748,17632,17633,17633,1,1
2021-11-23 15:16:58.364,17632,17633,17633,1,1
2021-11-23 15:16:58.364,17632,17633,17633,4,4
2021-11-23 15:17:00.637,17633,17634,17633,1,-1
2021-11-23 15:17:00.637,17633,17634,17632,1,-1
2021-11-23 15:17:03.241,17633,17634,17634,8,8
2021-11-23 15:17:05.407,17634,17635,17634,1,-1
2021-11-23 15:17:05.407,17634,17635,17633,9,-9
2021-11-23 15:17:05.408,17634,17635,17633,1,-1
2021-11-23 15:17:20.529,17633,17634,17633,2,-2
2021-11-23 15:17:21.707,17632,17633,17633,1,1
2021-11-23 15:17:22.561,17632,17633,17633,1,1
2021-11-23 15:17:23.040,17632,17633,17633,1,1
2021-11-23 15:17:25.577,17632,17633,17633,3,3
2021-11-23 15:17:25.577,17632,17633,17633,3,3
2021-11-23 15:17:25.578,17632,17633,17633,1,1
2021-11-23 15:17:27.073,17632,17634,17633,1,1
2021-11-23 15:17:29.120,17633,17634,17633,3,-3
2021-11-23 15:17:29.120,17633,17634,17633,7,-7
2021-11-23 15:17:31.135,17632,17633,17632,16,-16
2021-11-23 15:17:31.135,17632,17633,17631,9,-9
2021-11-23 15:17:32.390,17630,17632,17632,1,1
2021-11-23 15:17:36.333,17630,17632,17631,1,1
2021-11-23 15:17:37.172,17630,17631,17630,3,-3
2021-11-23 15:17:37.181,17630,17631,17629,1,-1
2021-11-23 15:17:37.352,17628,17629,17629,3,3
2021-11-23 15:17:37.811,17628,17629,17628,1,-1
2021-11-23 15:17:37.927,17626,17628,17628,1,1
2021-11-23 15:17:39.688,17626,17628,17628,1,1
2021-11-23 15:17:40.703,17626,17628,17628,1,1
2021-11-23 15:17:41.280,17626,17628,17626,1,-1
2021-11-23 15:17:46.187,17627,17629,17629,5,5
2021-11-23 15:17:46.187,17627,17629,17630,15,15
2021-11-23 15:17:48.180,17629,17631,17629,1,-1
2021-11-23 15:17:51.962,17628,17631,17630,1,1
2021-11-23 15:17:52.338,17627,17629,17629,1,1
2021-11-23 15:17:52.720,17627,17629,17629,1,1
2021-11-23 15:17:53.060,17627,17629,17629,1,1
2021-11-23 15:17:53.498,17627,17629,17629,1,1
2021-11-23 15:17:53.840,17627,17629,17629,1,1
2021-11-23 15:17:54.540,17628,17629,17629,1,1
2021-11-23 15:17:55.339,17629,17630,17629,1,-1
2021-11-23 15:17:55.369,17629,17630,17630,1,1
2021-11-23 15:17:56.195,17628,17631,17628,1,-1
2021-11-23 15:17:57.314,17629,17630,17630,1,1
2021-11-23 15:17:58.131,17629,17631,17631,10,10
2021-11-23 15:17:59.060,17630,17631,17630,1,-1
2021-11-23 15:17:59.116,17630,17631,17629,1,-1
2021-11-23 15:17:59.143,17628,17630,17630,1,1
2021-11-23 15:17:59.725,17627,17628,17627,4,-4
2021-11-23 15:17:59.893,17626,17627,17627,1,1
2021-11-23 15:17:59.921,17626,17627,17626,5,-5
2021-11-23 15:17:59.922,17626,17627,17626,2,-2
2021-11-23 15:18:00.064,17625,17627,17626,1,1
2021-11-23 15:18:00.065,17625,17627,17626,1,1
2021-11-23 15:18:00.114,17625,17627,17626,3,3
2021-11-23 15:18:02.548,17626,17627,17626,1,-1
2021-11-23 15:18:02.871,17625,17627,17627,4,4
2021-11-23 15:18:02.954,17625,17627,17625,3,-3
2021-11-23 15:18:03.062,17625,17626,17626,1,1
2021-11-23 15:18:08.007,17627,17629,17628,1,1
2021-11-23 15:18:08.832,17627,17628,17628,1,1
2021-11-23 15:18:09.131,17627,17628,17627,1,-1
2021-11-23 15:18:09.715,17626,17628,17626,4,-4
2021-11-23 15:18:11.440,17626,17627,17626,1,-1
2021-11-23 15:18:11.440,17626,17627,17625,1,-1
2021-11-23 15:18:13.223,17626,17627,17626,1,-1
2021-11-23 15:18:13.508,17625,17626,17625,1,-1
2021-11-23 15:18:16.938,17625,17627,17627,9,9
2021-11-23 15:18:16.938,17625,17627,17628,1,1
2021-11-23 15:18:18.221,17626,17628,17626,1,-1
2021-11-23 15:18:19.664,17626,17628,17626,4,-4
2021-11-23 15:18:20.838,17626,17627,17627,3,3
2021-11-23 15:18:28.152,17626,17627,17626,1,-1
2021-11-23 15:18:28.325,17626,17627,17626,1,-1
2021-11-23 15:18:29.050,17626,17627,17626,3,-3
2021-11-23 15:18:29.528,17625,17627,17627,7,7
2021-11-23 15:18:29.528,17625,17627,17628,3,3
2021-11-23 15:18:33.533,17626,17628,17628,1,1
2021-11-23 15:18:35.068,17626,17628,17628,1,1
2021-11-23 15:18:37.036,17626,17628,17626,2,-2
2021-11-23 15:18:38.152,17626,17628,17628,1,1
2021-11-23 15:18:41.211,17627,17628,17628,1,1
2021-11-23 15:18:43.427,17626,17628,17627,1,1
2021-11-23 15:18:43.733,17626,17627,17627,1,1
2021-11-23 15:18:44.351,17626,17627,17627,1,1
2021-11-23 15:18:45.384,17627,17628,17627,3,-3
2021-11-23 15:18:45.732,17626,17628,17628,1,1
2021-11-23 15:18:47.066,17627,17628,17628,1,1
2021-11-23 15:18:47.634,17627,17628,17627,1,-1
2021-11-23 15:18:49.041,17627,17628,17627,1,-1
2021-11-23 15:18:50.873,17627,17628,17628,1,1
2021-11-23 15:18:51.189,17627,17628,17628,5,5
2021-11-23 15:18:51.189,17627,17628,17629,5,5
2021-11-23 15:18:56.897,17627,17628,17627,1,-1
2021-11-23 15:19:00.027,17627,17628,17628,1,1
2021-11-23 15:19:00.137,17627,17629,17627,1,-1
2021-11-23 15:19:00.137,17627,17629,17627,1,-1
2021-11-23 15:19:00.138,17627,17629,17627,1,-1
2021-11-23 15:19:00.138,17627,17629,17627,1,-1
2021-11-23 15:19:00.421,17627,17629,17627,1,-1
2021-11-23 15:19:08.405,17628,17629,17628,1,-1
2021-11-23 15:19:08.740,17627,17629,17628,2,2
2021-11-23 15:19:13.000,17628,17629,17629,1,1
2021-11-23 15:19:13.011,17629,17630,17629,1,-1
2021-11-23 15:19:13.011,17629,17630,17629,1,-1
2021-11-23 15:19:13.062,17629,17630,17629,1,-1
2021-11-23 15:19:13.455,17628,17629,17628,1,-1
2021-11-23 15:19:13.869,17628,17629,17629,2,2
2021-11-23 15:19:20.153,17628,17630,17630,1,1
2021-11-23 15:19:21.438,17628,17631,17631,2,2
2021-11-23 15:19:21.511,17629,17631,17629,1,-1
2021-11-23 15:19:25.143,17628,17630,17628,1,-1
2021-11-23 15:19:30.436,17629,17631,17631,1,1
2021-11-23 15:19:35.542,17630,17631,17630,1,-1
2021-11-23 15:19:35.636,17629,17631,17629,1,-1
2021-11-23 15:19:35.637,17629,17631,17629,1,-1
2021-11-23 15:19:38.422,17629,17630,17630,1,1
2021-11-23 15:19:39.184,17629,17630,17630,9,9
2021-11-23 15:19:39.260,17630,17631,17630,1,-1
2021-11-23 15:19:39.261,17630,17631,17630,1,-1
2021-11-23 15:19:40.517,17630,17631,17631,2,2
2021-11-23 15:19:40.978,17630,17631,17631,5,5
2021-11-23 15:19:45.534,17630,17632,17630,3,-3
2021-11-23 15:19:48.464,17629,17630,17630,1,1
2021-11-23 15:19:54.094,17630,17632,17632,1,1
2021-11-23 15:19:56.990,17630,17631,17631,1,1
2021-11-23 15:19:58.129,17630,17632,17632,1,1
2021-11-23 15:20:02.573,17630,17632,17632,1,1
2021-11-23 15:20:18.180,17630,17632,17632,1,1
2021-11-23 15:20:30.223,17630,17631,17631,1,1
2021-11-23 15:20:31.500,17630,17631,17631,1,1
2021-11-23 15:20:32.049,17630,17631,17630,1,-1
2021-11-23 15:20:32.049,17630,17631,17630,1,-1
2021-11-23 15:20:32.049,17630,17631,17630,1,-1
2021-11-23 15:20:32.049,17630,17631,17630,1,-1
2021-11-23 15:20:32.049,17630,17631,17630,3,-3
2021-11-23 15:20:32.307,17629,17630,17630,1,1
2021-11-23 15:20:33.048,17630,17631,17631,1,1
2021-11-23 15:20:38.413,17630,17631,17631,1,1
2021-11-23 15:20:42.082,17630,17631,17631,2,2
2021-11-23 15:20:43.451,17630,17631,17630,1,-1
2021-11-23 15:20:44.087,17629,17631,17631,1,1
2021-11-23 15:20:54.500,17629,17631,17631,1,1
2021-11-23 15:20:56.285,17629,17631,17629,5,-5
2021-11-23 15:21:00.241,17629,17630,17630,1,1
2021-11-23 15:21:00.378,17630,17631,17631,2,2
2021-11-23 15:21:00.509,17630,17631,17631,2,2
2021-11-23 15:21:01.935,17631,17632,17631,1,-1
2021-11-23 15:21:06.381,17631,17632,17631,1,-1
2021-11-23 15:21:07.737,17630,17631,17631,1,1
2021-11-23 15:21:08.067,17630,17631,17630,3,-3
2021-11-23 15:21:09.155,17629,17630,17630,1,1
2021-11-23 15:21:09.955,17629,17630,17629,2,-2
2021-11-23 15:21:09.955,17629,17630,17628,3,-3
2021-11-23 15:21:14.427,17629,17631,17631,1,1
2021-11-23 15:21:16.492,17630,17632,17631,1,1
2021-11-23 15:21:16.968,17630,17632,17632,1,1
2021-11-23 15:21:16.974,17630,17632,17632,2,2
2021-11-23 15:21:16.974,17630,17632,17632,5,5
2021-11-23 15:21:17.054,17632,17633,17633,4,4
2021-11-23 15:21:17.055,17632,17633,17632,4,-4
2021-11-23 15:21:17.055,17632,17633,17633,1,1
2021-11-23 15:21:17.182,17632,17634,17634,1,1
2021-11-23 15:21:17.909,17632,17634,17634,3,3
2021-11-23 15:21:17.988,17632,17634,17634,2,2
2021-11-23 15:21:17.988,17632,17634,17635,1,1
2021-11-23 15:21:18.079,17633,17635,17634,1,1
2021-11-23 15:21:21.128,17632,17634,17634,1,1
2021-11-23 15:21:21.512,17632,17634,17634,1,1
2021-11-23 15:21:27.478,17630,17632,17630,1,-1
2021-11-23 15:21:27.656,17630,17632,17632,1,1
2021-11-23 15:21:32.937,17631,17632,17632,1,1
2021-11-23 15:21:40.500,17632,17633,17633,1,1
2021-11-23 15:21:41.706,17632,17633,17633,1,1
2021-11-23 15:21:47.547,17633,17634,17633,1,-1
2021-11-23 15:21:50.316,17633,17634,17634,1,1
2021-11-23 15:21:50.316,17633,17634,17634,5,5
2021-11-23 15:21:50.316,17633,17634,17634,3,3
2021-11-23 15:21:50.316,17633,17634,17634,2,2
2021-11-23 15:21:52.145,17634,17635,17634,1,-1
2021-11-23 15:21:56.541,17634,17635,17635,7,7
2021-11-23 15:21:59.247,17635,17636,17634,1,-1
2021-11-23 15:21:59.636,17633,17635,17635,1,1
2021-11-23 15:21:59.662,17633,17635,17635,1,1
2021-11-23 15:21:59.662,17633,17635,17636,3,3
2021-11-23 15:21:59.857,17634,17636,17636,7,7
2021-11-23 15:22:00.353,17634,17635,17635,3,3
2021-11-23 15:22:00.353,17634,17635,17636,2,2
2021-11-23 15:22:05.127,17634,17635,17635,1,1
2021-11-23 15:22:13.518,17634,17635,17635,1,1
2021-11-23 15:22:14.116,17635,17636,17635,1,-1
2021-11-23 15:22:15.298,17635,17636,17635,1,-1
2021-11-23 15:22:17.920,17635,17636,17636,3,3
2021-11-23 15:22:17.920,17635,17636,17637,2,2
2021-11-23 15:22:18.060,17635,17637,17637,1,1
2021-11-23 15:22:19.164,17636,17637,17636,1,-1
2021-11-23 15:22:20.509,17636,17637,17637,3,3
2021-11-23 15:22:22.069,17637,17638,17638,1,1
2021-11-23 15:22:22.348,17637,17638,17637,1,-1
2021-11-23 15:22:24.093,17636,17638,17636,1,-1
2021-11-23 15:22:24.210,17636,17638,17638,1,1
2021-11-23 15:22:30.388,17637,17638,17638,1,1
2021-11-23 15:22:31.594,17637,17638,17638,4,4
2021-11-23 15:22:31.880,17637,17638,17637,1,-1
2021-11-23 15:22:31.918,17637,17638,17638,1,1
2021-11-23 15:22:32.428,17637,17638,17638,3,3
2021-11-23 15:22:34.129,17637,17639,17639,1,1
2021-11-23 15:22:35.218,17638,17639,17639,5,5
2021-11-23 15:22:36.743,17638,17639,17638,1,-1
2021-11-23 15:22:40.514,17638,17639,17639,1,1
2021-11-23 15:22:40.640,17638,17639,17639,2,2
2021-11-23 15:22:40.640,17638,17639,17639,3,3
2021-11-23 15:22:43.371,17638,17639,17639,1,1
2021-11-23 15:22:44.900,17638,17639,17638,1,-1
2021-11-23 15:22:45.067,17637,17638,17638,1,1
2021-11-23 15:22:45.169,17637,17638,17638,2,2
2021-11-23 15:22:50.130,17637,17638,17638,1,1
2021-11-23 15:22:50.848,17638,17639,17639,3,3
2021-11-23 15:22:55.257,17639,17640,17639,2,-2
2021-11-23 15:22:55.394,17638,17640,17638,1,-1
2021-11-23 15:22:56.173,17638,17640,17638,1,-1
2021-11-23 15:23:06.842,17638,17639,17639,7,7
2021-11-23 15:23:06.842,17638,17639,17640,18,18
2021-11-23 15:23:06.844,17638,17639,17640,13,13
2021-11-23 15:23:06.844,17638,17639,17640,1,1
2021-11-23 15:23:07.229,17639,17641,17641,1,1
2021-11-23 15:23:07.618,17639,17641,17641,1,1
2021-11-23 15:23:07.747,17639,17641,17641,6,6
2021-11-23 15:23:08.721,17639,17641,17641,1,1
2021-11-23 15:23:11.605,17638,17640,17640,4,4
2021-11-23 15:23:14.870,17638,17639,17639,2,2
2021-11-23 15:23:14.870,17638,17639,17640,2,2
2021-11-23 15:23:16.106,17638,17639,17639,1,1
2021-11-23 15:23:16.433,17638,17640,17640,2,2
2021-11-23 15:23:21.296,17639,17640,17640,1,1
2021-11-23 15:23:22.728,17640,17641,17641,1,1
2021-11-23 15:23:24.622,17640,17641,17641,4,4
2021-11-23 15:23:26.478,17640,17641,17640,1,-1
2021-11-23 15:23:26.925,17640,17641,17641,1,1
2021-11-23 15:23:27.219,17640,17641,17641,1,1
2021-11-23 15:23:27.244,17640,17641,17641,1,1
2021-11-23 15:23:28.726,17640,17642,17640,1,-1
2021-11-23 15:23:29.720,17641,17642,17641,2,-2
2021-11-23 15:23:32.795,17641,17642,17641,1,-1
2021-11-23 15:23:34.143,17641,17642,17642,2,2
2021-11-23 15:23:34.143,17641,17642,17642,1,1
2021-11-23 15:23:34.143,17641,17642,17642,1,1
2021-11-23 15:23:34.144,17641,17642,17642,1,1
2021-11-23 15:23:34.144,17641,17642,17642,1,1
2021-11-23 15:23:34.144,17641,17642,17642,1,1
2021-11-23 15:23:34.144,17641,17642,17642,6,6
2021-11-23 15:23:34.144,17641,17642,17642,4,4
2021-11-23 15:23:34.144,17641,17642,17642,1,1
2021-11-23 15:23:37.453,17641,17643,17643,5,5
2021-11-23 15:23:37.692,17642,17643,17643,1,1
2021-11-23 15:23:39.245,17642,17643,17643,1,1
2021-11-23 15:23:40.242,17642,17643,17643,4,4
2021-11-23 15:23:41.211,17643,17644,17643,1,-1
2021-11-23 15:23:41.710,17643,17644,17643,1,-1
2021-11-23 15:23:43.293,17643,17644,17644,6,6
2021-11-23 15:23:43.911,17644,17645,17644,1,-1
2021-11-23 15:23:44.504,17644,17645,17645,1,1
2021-11-23 15:23:44.506,17644,17645,17645,1,1
2021-11-23 15:23:45.512,17644,17645,17645,1,1
2021-11-23 15:23:45.537,17644,17645,17645,4,4
2021-11-23 15:23:47.495,17645,17646,17646,1,1
2021-11-23 15:23:47.496,17645,17646,17646,1,1
2021-11-23 15:23:47.496,17645,17646,17646,1,1
2021-11-23 15:23:47.496,17645,17646,17646,1,1
2021-11-23 15:23:48.096,17646,17647,17646,1,-1
2021-11-23 15:23:48.096,17646,17647,17645,4,-4
2021-11-23 15:23:48.397,17645,17647,17646,1,1
2021-11-23 15:23:50.236,17645,17646,17645,1,-1
2021-11-23 15:23:50.828,17645,17646,17645,1,-1
2021-11-23 15:23:50.828,17645,17646,17645,1,-1
2021-11-23 15:23:51.483,17644,17645,17645,1,1
2021-11-23 15:23:51.959,17644,17646,17646,2,2
2021-11-23 15:23:53.682,17644,17645,17644,1,-1
2021-11-23 15:23:53.683,17644,17645,17644,1,-1
2021-11-23 15:23:53.686,17644,17645,17645,1,1
2021-11-23 15:23:53.761,17643,17645,17645,1,1
2021-11-23 15:23:54.232,17643,17645,17645,1,1
2021-11-23 15:23:54.872,17643,17645,17645,1,1
2021-11-23 15:23:55.309,17643,17645,17645,1,1
2021-11-23 15:23:56.793,17644,17645,17645,1,1
2021-11-23 15:23:57.093,17644,17645,17645,1,1
2021-11-23 15:24:08.879,17644,17645,17645,1,1
2021-11-23 15:24:09.309,17644,17645,17645,1,1
2021-11-23 15:24:09.555,17644,17645,17645,1,1
2021-11-23 15:24:09.982,17644,17645,17645,1,1
2021-11-23 15:24:10.041,17644,17645,17645,1,1
2021-11-23 15:24:12.520,17645,17646,17645,1,-1
2021-11-23 15:24:14.004,17645,17646,17645,1,-1
2021-11-23 15:24:14.646,17645,17646,17646,3,3
2021-11-23 15:24:14.646,17645,17646,17646,1,1
2021-11-23 15:24:14.646,17645,17646,17646,2,2
2021-11-23 15:24:14.646,17645,17646,17646,1,1
2021-11-23 15:24:14.647,17645,17646,17646,2,2
2021-11-23 15:24:14.647,17645,17646,17646,15,15
2021-11-23 15:24:14.647,17645,17646,17646,1,1
2021-11-23 15:24:17.706,17645,17647,17645,1,-1
2021-11-23 15:24:21.783,17646,17647,17646,7,-7
2021-11-23 15:24:22.113,17645,17646,17646,2,2
2021-11-23 15:24:23.509,17645,17646,17645,2,-2
2021-11-23 15:24:23.509,17645,17646,17644,17,-17
2021-11-23 15:24:23.509,17645,17646,17643,1,-1
2021-11-23 15:24:24.579,17644,17645,17645,2,2
2021-11-23 15:24:26.124,17644,17645,17645,2,2
2021-11-23 15:24:26.231,17644,17645,17645,1,1
2021-11-23 15:24:30.609,17644,17645,17644,1,-1
2021-11-23 15:24:39.864,17643,17644,17644,1,1
2021-11-23 15:24:41.959,17643,17644,17644,4,4
2021-11-23 15:24:42.011,17643,17644,17644,1,1
2021-11-23 15:24:42.011,17643,17644,17644,1,1
2021-11-23 15:24:42.195,17643,17644,17643,1,-1
2021-11-23 15:24:47.484,17643,17644,17643,1,-1
2021-11-23 15:24:51.936,17643,17644,17643,1,-1
2021-11-23 15:24:52.489,17643,17644,17643,2,-2
2021-11-23 15:24:52.489,17643,17644,17643,1,-1
2021-11-23 15:24:52.490,17643,17644,17643,2,-2
2021-11-23 15:24:52.501,17643,17644,17643,2,-2
2021-11-23 15:24:54.428,17642,17643,17642,1,-1
2021-11-23 15:24:54.428,17642,17643,17642,2,-2
2021-11-23 15:24:59.329,17641,17642,17641,1,-1
2021-11-23 15:24:59.330,17641,17642,17641,1,-1
2021-11-23 15:24:59.330,17641,17642,17641,1,-1
2021-11-23 15:24:59.335,17641,17642,17641,1,-1
2021-11-23 15:24:59.335,17641,17642,17641,1,-1
2021-11-23 15:24:59.335,17641,17642,17641,1,-1
2021-11-23 15:25:00.544,17641,17642,17642,1,1
2021-11-23 15:25:07.227,17640,17641,17641,1,1
2021-11-23 15:25:08.271,17641,17642,17641,3,-3
2021-11-23 15:25:08.271,17641,17642,17640,15,-15
2021-11-23 15:25:08.271,17641,17642,17639,2,-2
2021-11-23 15:25:11.082,17640,17642,17640,2,-2
2021-11-23 15:25:11.865,17639,17641,17641,1,1
2021-11-23 15:25:13.206,17639,17641,17639,1,-1
2021-11-23 15:25:16.767,17640,17641,17640,1,-1
2021-11-23 15:25:17.313,17640,17641,17640,1,-1
2021-11-23 15:25:24.953,17640,17641,17641,1,1
2021-11-23 15:25:25.129,17640,17642,17642,2,2
2021-11-23 15:25:25.329,17640,17642,17642,3,3
2021-11-23 15:25:25.948,17640,17642,17642,1,1
2021-11-23 15:25:32.959,17640,17641,17640,2,-2
2021-11-23 15:25:42.205,17640,17641,17640,1,-1
2021-11-23 15:25:44.359,17640,17641,17640,1,-1
2021-11-23 15:25:50.977,17639,17640,17640,1,1
2021-11-23 15:25:51.300,17639,17641,17639,2,-2
2021-11-23 15:25:52.146,17639,17641,17641,5,5
2021-11-23 15:25:52.829,17639,17642,17639,1,-1
2021-11-23 15:25:53.452,17639,17642,17639,1,-1
2021-11-23 15:25:54.568,17639,17642,17639,1,-1
2021-11-23 15:26:08.252,17639,17640,17639,1,-1
2021-11-23 15:26:13.054,17638,17639,17639,1,1
2021-11-23 15:26:14.149,17639,17640,17640,4,4
2021-11-23 15:26:17.949,17640,17641,17641,2,2
2021-11-23 15:26:17.949,17640,17641,17641,1,1
2021-11-23 15:26:17.949,17640,17641,17641,2,2
2021-11-23 15:26:18.883,17641,17643,17641,4,-4
2021-11-23 15:26:22.324,17640,17642,17640,1,-1
2021-11-23 15:26:44.364,17641,17642,17641,1,-1
2021-11-23 15:26:46.455,17641,17642,17642,1,1
2021-11-23 15:26:46.455,17641,17642,17642,4,4
2021-11-23 15:26:50.717,17642,17643,17643,1,1
2021-11-23 15:26:50.717,17642,17643,17643,2,2
2021-11-23 15:26:50.717,17642,17643,17643,1,1
2021-11-23 15:26:50.717,17642,17643,17643,1,1
2021-11-23 15:26:50.717,17642,17643,17643,1,1
2021-11-23 15:26:53.584,17643,17644,17643,1,-1
2021-11-23 15:26:57.906,17643,17644,17644,3,3
2021-11-23 15:26:58.412,17643,17645,17645,1,1
2021-11-23 15:26:58.412,17643,17645,17645,1,1
2021-11-23 15:27:12.338,17642,17644,17642,4,-4
2021-11-23 15:27:14.977,17642,17643,17642,1,-1
2021-11-23 15:27:14.977,17642,17643,17642,1,-1
2021-11-23 15:27:18.021,17641,17642,17642,1,1
2021-11-23 15:27:20.306,17641,17642,17642,1,1
2021-11-23 15:27:35.874,17642,17643,17643,1,1
2021-11-23 15:27:43.155,17642,17644,17642,2,-2
2021-11-23 15:27:51.919,17641,17642,17641,3,-3
2021-11-23 15:28:07.378,17640,17641,17640,1,-1
2021-11-23 15:28:08.980,17638,17640,17640,1,1
2021-11-23 15:28:20.306,17640,17641,17641,1,1
2021-11-23 15:28:20.306,17640,17641,17642,1,1
2021-11-23 15:28:20.440,17640,17642,17642,1,1
2021-11-23 15:28:22.265,17641,17642,17642,1,1
2021-11-23 15:28:22.266,17641,17642,17642,1,1
2021-11-23 15:28:23.593,17642,17643,17643,1,1
2021-11-23 15:28:24.772,17643,17644,17644,5,5
2021-11-23 15:28:26.529,17643,17645,17643,1,-1
2021-11-23 15:28:28.544,17643,17645,17643,1,-1
2021-11-23 15:28:31.861,17644,17645,17644,1,-1
2021-11-23 15:28:34.347,17644,17645,17644,1,-1
2021-11-23 15:28:36.815,17643,17644,17643,1,-1
2021-11-23 15:28:38.943,17643,17644,17644,1,1
2021-11-23 15:28:42.095,17643,17644,17644,1,1
2021-11-23 15:28:50.120,17643,17644,17644,4,4
2021-11-23 15:28:50.597,17643,17644,17644,1,1
2021-11-23 15:28:56.168,17644,17645,17644,1,-1
2021-11-23 15:28:56.168,17644,17645,17645,10,10
2021-11-23 15:28:56.474,17645,17646,17646,3,3
2021-11-23 15:28:56.479,17645,17646,17647,1,1
2021-11-23 15:28:56.865,17645,17647,17647,1,1
2021-11-23 15:28:56.887,17645,17647,17647,1,1
2021-11-23 15:28:56.929,17645,17647,17647,1,1
2021-11-23 15:28:58.182,17646,17647,17647,1,1
2021-11-23 15:28:58.182,17646,17647,17647,1,1
2021-11-23 15:29:02.626,17646,17647,17646,1,-1
2021-11-23 15:29:12.409,17646,17647,17646,3,-3
2021-11-23 15:29:12.777,17645,17646,17645,1,-1
2021-11-23 15:29:12.777,17645,17646,17645,1,-1
2021-11-23 15:29:21.774,17644,17645,17645,1,1
2021-11-23 15:29:23.254,17644,17647,17645,1,-1
2021-11-23 15:29:26.399,17644,17646,17644,3,-3
2021-11-23 15:29:28.066,17646,17647,17646,1,-1
2021-11-23 15:29:31.983,17645,17646,17646,2,2
2021-11-23 15:29:34.364,17646,17647,17646,1,-1
2021-11-23 15:29:34.871,17645,17647,17647,2,2
2021-11-23 15:29:37.037,17645,17647,17645,1,-1
2021-11-23 15:29:38.736,17645,17646,17645,1,-1
2021-11-23 15:29:38.877,17644,17645,17645,1,1
2021-11-23 15:29:45.626,17645,17647,17645,1,-1
2021-11-23 15:29:47.701,17645,17647,17647,1,1
2021-11-23 15:29:50.318,17645,17646,17646,1,1
2021-11-23 15:29:55.834,17645,17646,17645,2,-2
2021-11-23 15:29:56.283,17645,17646,17645,1,-1
2021-11-23 15:29:59.921,17644,17645,17645,1,1
2021-11-23 15:30:00.582,17645,17646,17646,1,1
2021-11-23 15:30:00.742,17646,17647,17646,6,-6
2021-11-23 15:30:05.668,17644,17645,17644,3,-3
2021-11-23 15:30:06.047,17643,17644,17644,1,1
2021-11-23 15:30:06.047,17643,17644,17645,2,2
2021-11-23 15:30:06.187,17643,17645,17645,1,1
2021-11-23 15:30:06.247,17643,17645,17645,1,1
2021-11-23 15:30:08.587,17643,17644,17643,1,-1
2021-11-23 15:30:08.635,17643,17644,17643,1,-1
2021-11-23 15:30:08.636,17643,17644,17643,1,-1
2021-11-23 15:30:09.061,17642,17644,17644,1,1
2021-11-23 15:30:11.197,17642,17643,17642,1,-1
2021-11-23 15:30:12.147,17642,17643,17643,2,2
2021-11-23 15:30:16.614,17643,17645,17645,3,3
2021-11-23 15:30:16.614,17643,17645,17646,1,1
2021-11-23 15:30:21.970,17644,17645,17645,1,1
2021-11-23 15:30:30.455,17644,17645,17645,2,2
2021-11-23 15:30:30.985,17644,17645,17644,2,-2
2021-11-23 15:30:47.540,17644,17645,17644,1,-1
2021-11-23 15:30:47.636,17643,17645,17643,1,-1
2021-11-23 15:30:47.636,17643,17645,17643,1,-1
2021-11-23 15:30:47.636,17643,17645,17643,1,-1
2021-11-23 15:30:47.636,17643,17645,17643,1,-1
2021-11-23 15:30:47.636,17643,17645,17643,1,-1
2021-11-23 15:30:47.636,17643,17645,17643,1,-1
2021-11-23 15:30:47.636,17643,17645,17643,1,-1
2021-11-23 15:30:47.637,17643,17645,17642,1,-1
2021-11-23 15:30:47.637,17643,17645,17642,1,-1
2021-11-23 15:31:02.682,17642,17643,17642,1,-1
2021-11-23 15:31:10.244,17642,17643,17643,1,1
2021-11-23 15:31:10.260,17642,17643,17643,1,1
2021-11-23 15:31:10.260,17642,17643,17644,1,1
2021-11-23 15:31:10.260,17642,17643,17644,1,1
2021-11-23 15:31:10.260,17642,17643,17644,1,1
2021-11-23 15:31:10.260,17642,17643,17644,1,1
2021-11-23 15:31:10.261,17642,17643,17645,1,1
2021-11-23 15:31:10.261,17642,17643,17645,1,1
2021-11-23 15:31:10.261,17642,17643,17645,1,1
2021-11-23 15:31:10.262,17642,17643,17645,1,1
2021-11-23 15:31:10.667,17643,17645,17643,3,-3
2021-11-23 15:31:12.703,17643,17645,17645,1,1
2021-11-23 15:31:12.761,17643,17645,17645,1,1
2021-11-23 15:31:12.761,17643,17645,17645,1,1
2021-11-23 15:31:13.090,17643,17645,17643,3,-3
2021-11-23 15:31:13.476,17642,17643,17643,1,1
2021-11-23 15:31:14.441,17642,17644,17644,1,1
2021-11-23 15:31:18.217,17642,17644,17643,1,1
2021-11-23 15:31:45.728,17642,17644,17643,1,1
2021-11-23 15:31:45.762,17642,17643,17643,1,1
2021-11-23 15:31:45.762,17642,17643,17643,1,1
2021-11-23 15:31:47.088,17642,17643,17642,9,-9
2021-11-23 15:31:56.618,17641,17642,17642,1,1
2021-11-23 15:31:59.193,17641,17643,17641,4,-4
2021-11-23 15:32:05.081,17642,17644,17642,1,-1
2021-11-23 15:32:09.813,17642,17644,17642,3,-3
2021-11-23 15:32:09.813,17642,17644,17641,2,-2
2021-11-23 15:32:13.412,17642,17643,17642,2,-2
2021-11-23 15:32:13.412,17642,17643,17641,3,-3
2021-11-23 15:32:17.248,17641,17643,17641,1,-1
2021-11-23 15:32:18.949,17641,17643,17641,1,-1
2021-11-23 15:32:19.863,17641,17643,17641,1,-1
2021-11-23 15:32:20.873,17640,17642,17642,4,4
2021-11-23 15:32:20.873,17640,17642,17643,1,1
2021-11-23 15:32:20.969,17641,17643,17641,1,-1
2021-11-23 15:32:31.649,17642,17644,17642,1,-1
2021-11-23 15:32:39.175,17641,17643,17641,1,-1
2021-11-23 15:32:45.900,17640,17643,17643,5,5
2021-11-23 15:32:53.957,17641,17642,17642,2,2
2021-11-23 15:32:59.241,17641,17642,17641,1,-1
2021-11-23 15:33:00.243,17641,17642,17641,2,-2
2021-11-23 15:33:01.254,17640,17641,17640,19,-19
2021-11-23 15:33:01.255,17640,17641,17639,3,-3
2021-11-23 15:33:01.476,17639,17640,17639,1,-1
2021-11-23 15:33:27.715,17640,17641,17640,1,-1
2021-11-23 15:33:34.490,17640,17641,17641,4,4
2021-11-23 15:33:38.751,17641,17642,17642,1,1
2021-11-23 15:33:46.410,17642,17643,17643,1,1
2021-11-23 15:33:52.220,17643,17644,17643,1,-1
2021-11-23 15:33:53.207,17641,17643,17641,4,-4
2021-11-23 15:33:53.207,17641,17643,17640,4,-4
2021-11-23 15:33:53.209,17641,17643,17641,1,-1
2021-11-23 15:34:07.273,17640,17642,17642,1,1
2021-11-23 15:34:20.494,17641,17644,17642,1,-1
2021-11-23 15:34:24.972,17642,17644,17642,4,-4
2021-11-23 15:34:24.973,17642,17644,17642,1,-1
2021-11-23 15:34:24.973,17642,17644,17642,7,-7
2021-11-23 15:34:28.013,17642,17644,17642,1,-1
2021-11-23 15:34:35.547,17642,17643,17643,1,1
2021-11-23 15:34:35.702,17642,17643,17642,1,-1
2021-11-23 15:34:51.255,17641,17642,17641,1,-1
2021-11-23 15:34:52.824,17641,17642,17641,1,-1
2021-11-23 15:34:56.477,17640,17641,17641,1,1
2021-11-23 15:35:03.587,17640,17641,17640,1,-1
2021-11-23 15:35:04.737,17640,17641,17640,1,-1
2021-11-23 15:35:05.782,17640,17641,17640,1,-1
2021-11-23 15:35:09.667,17639,17640,17639,1,-1
2021-11-23 15:35:09.948,17639,17640,17639,1,-1
2021-11-23 15:35:10.252,17639,17640,17639,1,-1
2021-11-23 15:35:10.759,17639,17640,17639,1,-1
2021-11-23 15:35:11.081,17639,17640,17639,2,-2
2021-11-23 15:35:17.873,17639,17640,17639,1,-1
2021-11-23 15:35:20.738,17639,17640,17639,1,-1
2021-11-23 15:35:20.738,17639,17640,17638,6,-6
2021-11-23 15:35:29.978,17638,17639,17638,1,-1
2021-11-23 15:35:30.055,17638,17639,17639,1,1
2021-11-23 15:35:34.615,17638,17639,17638,5,-5
2021-11-23 15:35:38.967,17638,17639,17639,1,1
2021-11-23 15:35:38.967,17638,17639,17639,8,8
2021-11-23 15:35:38.967,17638,17639,17639,1,1
2021-11-23 15:35:47.907,17639,17640,17640,1,1
2021-11-23 15:35:47.907,17639,17640,17640,3,3
2021-11-23 15:35:47.907,17639,17640,17640,3,3
2021-11-23 15:35:49.441,17640,17641,17640,1,-1
2021-11-23 15:35:50.875,17640,17641,17640,1,-1
2021-11-23 15:35:51.618,17639,17640,17640,1,1
2021-11-23 15:35:55.776,17639,17640,17639,1,-1
2021-11-23 15:36:06.812,17638,17639,17638,2,-2
2021-11-23 15:36:06.813,17638,17639,17638,4,-4
2021-11-23 15:36:08.341,17637,17638,17637,1,-1
2021-11-23 15:36:08.346,17637,17638,17637,1,-1
2021-11-23 15:36:08.349,17637,17638,17637,1,-1
2021-11-23 15:36:08.349,17637,17638,17637,2,-2
2021-11-23 15:36:08.350,17637,17638,17637,1,-1
2021-11-23 15:36:08.350,17637,17638,17637,1,-1
2021-11-23 15:36:08.350,17637,17638,17637,1,-1
2021-11-23 15:36:08.350,17637,17638,17637,3,-3
2021-11-23 15:36:10.182,17636,17637,17636,1,-1
2021-11-23 15:36:10.857,17636,17637,17636,1,-1
2021-11-23 15:36:12.152,17636,17637,17636,1,-1
2021-11-23 15:36:12.745,17636,17637,17636,1,-1
2021-11-23 15:36:12.745,17636,17637,17636,2,-2
2021-11-23 15:36:12.745,17636,17637,17636,1,-1
2021-11-23 15:36:12.745,17636,17637,17636,1,-1
2021-11-23 15:36:12.745,17636,17637,17636,1,-1
2021-11-23 15:36:12.745,17636,17637,17636,1,-1
2021-11-23 15:36:12.745,17636,17637,17636,5,-5
2021-11-23 15:36:13.744,17635,17637,17635,1,-1
2021-11-23 15:36:14.219,17635,17636,17635,14,-14
2021-11-23 15:36:14.624,17634,17635,17635,1,1
2021-11-23 15:36:15.242,17635,17636,17636,1,1
2021-11-23 15:36:15.320,17635,17636,17635,1,-1
2021-11-23 15:36:15.339,17635,17636,17635,1,-1
2021-11-23 15:36:16.156,17634,17636,17634,8,-8
2021-11-23 15:36:17.971,17634,17635,17634,1,-1
2021-11-23 15:36:17.971,17634,17635,17633,1,-1
2021-11-23 15:36:20.414,17634,17635,17634,2,-2
2021-11-23 15:36:21.497,17633,17634,17633,1,-1
2021-11-23 15:36:21.497,17633,17634,17633,1,-1
2021-11-23 15:36:21.497,17633,17634,17633,4,-4
2021-11-23 15:36:21.497,17633,17634,17633,5,-5
2021-11-23 15:36:21.498,17633,17634,17633,2,-2
2021-11-23 15:36:21.498,17633,17634,17633,1,-1
2021-11-23 15:36:21.498,17633,17634,17633,2,-2
2021-11-23 15:36:21.642,17632,17633,17632,1,-1
2021-11-23 15:36:23.830,17631,17632,17632,4,4
2021-11-23 15:36:23.830,17631,17632,17632,2,2
2021-11-23 15:36:23.977,17631,17633,17632,1,1
2021-11-23 15:36:24.232,17632,17634,17632,1,-1
2021-11-23 15:36:28.529,17633,17634,17633,1,-1
2021-11-23 15:36:30.454,17632,17634,17632,7,-7
2021-11-23 15:36:34.363,17631,17633,17633,5,5
2021-11-23 15:36:35.281,17633,17635,17633,1,-1
2021-11-23 15:36:35.597,17633,17635,17633,2,-2
2021-11-23 15:36:39.228,17633,17635,17633,1,-1
2021-11-23 15:36:41.991,17633,17634,17633,1,-1
2021-11-23 15:36:45.112,17632,17633,17633,1,1
2021-11-23 15:36:50.797,17632,17633,17633,2,2
2021-11-23 15:36:54.970,17632,17633,17632,4,-4
2021-11-23 15:36:54.970,17632,17633,17631,1,-1
2021-11-23 15:36:59.563,17631,17632,17632,1,1
2021-11-23 15:36:59.568,17631,17632,17633,3,3
2021-11-23 15:36:59.568,17631,17632,17633,2,2
2021-11-23 15:36:59.643,17633,17634,17633,1,-1
2021-11-23 15:36:59.774,17633,17634,17633,3,-3
2021-11-23 15:37:00.049,17632,17634,17632,5,-5
2021-11-23 15:37:02.522,17631,17633,17633,1,1
2021-11-23 15:37:03.387,17631,17632,17632,3,3
2021-11-23 15:37:03.448,17631,17632,17632,10,10
2021-11-23 15:37:03.448,17631,17632,17631,10,-10
2021-11-23 15:37:03.764,17631,17633,17631,1,-1
2021-11-23 15:37:07.215,17630,17632,17630,14,-14
2021-11-23 15:37:07.298,17629,17630,17629,1,-1
2021-11-23 15:37:07.408,17629,17630,17629,1,-1
2021-11-23 15:37:07.417,17629,17630,17629,2,-2
2021-11-23 15:37:07.443,17629,17630,17629,1,-1
2021-11-23 15:37:15.742,17629,17630,17629,1,-1
2021-11-23 15:37:16.054,17628,17630,17628,2,-2
2021-11-23 15:37:16.188,17628,17630,17628,1,-1
2021-11-23 15:37:20.506,17628,17629,17628,2,-2
2021-11-23 15:37:20.978,17627,17629,17629,3,3
2021-11-23 15:37:22.897,17627,17628,17628,1,1
2021-11-23 15:37:27.621,17627,17629,17628,1,1
2021-11-23 15:37:32.144,17628,17629,17629,2,2
2021-11-23 15:37:33.293,17629,17630,17630,1,1
2021-11-23 15:37:37.523,17631,17632,17632,1,1
2021-11-23 15:37:40.025,17631,17633,17631,4,-4
2021-11-23 15:37:40.696,17631,17633,17631,1,-1
2021-11-23 15:37:45.227,17632,17633,17632,2,-2
2021-11-23 15:37:45.961,17632,17633,17633,1,1
2021-11-23 15:37:48.837,17632,17633,17633,1,1
2021-11-23 15:37:48.838,17632,17633,17633,1,1
2021-11-23 15:37:48.922,17632,17634,17632,7,-7
2021-11-23 15:37:48.922,17632,17634,17632,1,-1
2021-11-23 15:37:48.922,17632,17634,17632,1,-1
2021-11-23 15:37:50.277,17631,17633,17633,2,2
2021-11-23 15:38:00.228,17632,17633,17632,1,-1
2021-11-23 15:38:11.733,17631,17632,17632,1,1
2021-11-23 15:38:12.121,17631,17632,17631,2,-2
2021-11-23 15:38:12.121,17631,17632,17631,1,-1
2021-11-23 15:38:12.121,17631,17632,17631,1,-1
2021-11-23 15:38:12.497,17630,17631,17631,1,1
2021-11-23 15:38:17.195,17630,17631,17630,1,-1
2021-11-23 15:38:17.195,17630,17631,17630,1,-1
2021-11-23 15:38:17.807,17630,17631,17630,2,-2
2021-11-23 15:38:19.963,17629,17630,17630,1,1
2021-11-23 15:38:20.490,17629,17631,17629,1,-1
2021-11-23 15:38:22.792,17630,17631,17630,1,-1
2021-11-23 15:38:24.037,17630,17631,17630,1,-1
2021-11-23 15:38:24.852,17629,17630,17629,1,-1
2021-11-23 15:38:26.428,17629,17630,17630,1,1
2021-11-23 15:38:27.703,17629,17631,17629,1,-1
2021-11-23 15:38:30.029,17629,17631,17629,1,-1
2021-11-23 15:38:42.688,17630,17631,17630,1,-1
2021-11-23 15:38:43.885,17630,17631,17631,3,3
2021-11-23 15:38:43.897,17630,17631,17632,1,1
2021-11-23 15:38:43.897,17630,17631,17632,1,1
2021-11-23 15:38:43.898,17630,17631,17632,3,3
2021-11-23 15:38:43.958,17630,17631,17632,3,3
2021-11-23 15:38:45.548,17631,17633,17631,1,-1
2021-11-23 15:38:51.201,17631,17632,17631,1,-1
2021-11-23 15:38:56.520,17630,17631,17630,2,-2
2021-11-23 15:39:05.890,17629,17630,17629,2,-2
2021-11-23 15:39:06.438,17629,17630,17629,1,-1
2021-11-23 15:39:06.604,17629,17630,17629,2,-2
2021-11-23 15:39:08.600,17629,17630,17629,1,-1
2021-11-23 15:39:08.601,17629,17630,17629,5,-5
2021-11-23 15:39:08.611,17629,17630,17628,2,-2
2021-11-23 15:39:08.613,17629,17630,17628,1,-1
2021-11-23 15:39:08.613,17629,17630,17628,2,-2
2021-11-23 15:39:08.614,17629,17630,17628,1,-1
2021-11-23 15:39:08.614,17629,17630,17628,1,-1
2021-11-23 15:39:08.614,17629,17630,17628,11,-11
2021-11-23 15:39:08.616,17629,17630,17627,8,-8
2021-11-23 15:39:08.621,17629,17630,17627,1,-1
2021-11-23 15:39:08.622,17629,17630,17627,1,-1
2021-11-23 15:39:08.622,17629,17630,17627,2,-2
2021-11-23 15:39:08.655,17626,17627,17626,1,-1
2021-11-23 15:39:08.655,17626,17627,17626,3,-3
2021-11-23 15:39:08.655,17626,17627,17626,1,-1
2021-11-23 15:39:08.655,17626,17627,17626,4,-4
2021-11-23 15:39:08.854,17625,17626,17625,2,-2
2021-11-23 15:39:08.941,17625,17627,17625,16,-16
2021-11-23 15:39:08.963,17625,17627,17624,4,-4
2021-11-23 15:39:09.128,17624,17625,17625,1,1
2021-11-23 15:39:09.129,17624,17625,17625,1,1
2021-11-23 15:39:09.146,17624,17626,17624,3,-3
2021-11-23 15:39:09.341,17624,17626,17624,2,-2
2021-11-23 15:39:09.353,17624,17626,17624,1,-1
2021-11-23 15:39:09.450,17624,17626,17624,1,-1
2021-11-23 15:39:09.475,17624,17626,17624,1,-1
2021-11-23 15:39:09.914,17625,17626,17626,2,2
2021-11-23 15:39:10.056,17625,17627,17625,1,-1
2021-11-23 15:39:12.515,17626,17627,17627,4,4
2021-11-23 15:39:13.403,17627,17628,17627,1,-1
2021-11-23 15:39:13.404,17627,17628,17627,1,-1
2021-11-23 15:39:13.404,17627,17628,17627,2,-2
2021-11-23 15:39:13.405,17627,17628,17627,3,-3
2021-11-23 15:39:14.326,17626,17627,17627,1,1
2021-11-23 15:39:14.377,17626,17627,17627,1,1
2021-11-23 15:39:14.452,17626,17628,17627,1,1
2021-11-23 15:39:14.503,17626,17628,17629,1,1
2021-11-23 15:39:14.831,17628,17629,17629,1,1
2021-11-23 15:39:17.028,17628,17630,17628,2,-2
2021-11-23 15:39:17.953,17628,17630,17628,5,-5
2021-11-23 15:39:18.193,17629,17630,17630,25,25
2021-11-23 15:39:18.211,17629,17630,17631,3,3
2021-11-23 15:39:21.964,17628,17630,17628,1,-1
2021-11-23 15:39:22.300,17629,17630,17630,1,1
2021-11-23 15:39:22.300,17629,17630,17630,1,1
2021-11-23 15:39:23.721,17629,17631,17631,1,1
2021-11-23 15:39:23.721,17629,17631,17631,2,2
2021-11-23 15:39:23.721,17629,17631,17631,3,3
2021-11-23 15:39:23.721,17629,17631,17631,1,1
2021-11-23 15:39:23.722,17629,17631,17631,3,3
2021-11-23 15:39:23.991,17631,17632,17631,1,-1
2021-11-23 15:39:24.525,17631,17632,17632,1,1
2021-11-23 15:39:24.526,17631,17632,17631,1,-1
2021-11-23 15:39:26.155,17631,17632,17632,1,1
2021-11-23 15:39:26.155,17631,17632,17632,2,2
2021-11-23 15:39:26.155,17631,17632,17632,1,1
2021-11-23 15:39:26.156,17631,17632,17632,1,1
2021-11-23 15:39:26.725,17632,17633,17632,1,-1
2021-11-23 15:39:28.149,17632,17633,17632,1,-1
2021-11-23 15:39:29.392,17631,17633,17633,1,1
2021-11-23 15:39:30.043,17632,17633,17632,1,-1
2021-11-23 15:39:33.918,17632,17633,17633,2,2
2021-11-23 15:39:34.240,17632,17633,17632,1,-1
2021-11-23 15:39:34.596,17632,17633,17633,2,2
2021-11-23 15:39:34.597,17632,17633,17633,1,1
2021-11-23 15:39:36.254,17633,17634,17633,1,-1
2021-11-23 15:39:37.130,17633,17634,17634,1,1
2021-11-23 15:39:37.489,17633,17634,17634,1,1
2021-11-23 15:39:37.490,17633,17634,17634,2,2
2021-11-23 15:39:37.562,17633,17634,17634,1,1
2021-11-23 15:39:37.562,17633,17634,17634,1,1
2021-11-23 15:39:37.848,17633,17634,17633,1,-1
2021-11-23 15:39:38.220,17633,17634,17634,1,1
2021-11-23 15:39:38.245,17633,17634,17633,1,-1
2021-11-23 15:39:41.066,17633,17634,17634,1,1
2021-11-23 15:39:42.254,17633,17635,17635,2,2
2021-11-23 15:39:44.997,17634,17635,17634,2,-2
2021-11-23 15:39:48.609,17631,17633,17633,1,1
2021-11-23 15:39:51.519,17631,17632,17632,1,1
2021-11-23 15:39:52.478,17631,17633,17633,1,1
2021-11-23 15:39:54.209,17632,17633,17633,2,2
2021-11-23 15:39:55.115,17633,17634,17633,1,-1
2021-11-23 15:39:58.702,17633,17634,17633,1,-1
2021-11-23 15:39:58.703,17633,17634,17633,2,-2
2021-11-23 15:40:01.265,17631,17632,17632,1,1
2021-11-23 15:40:02.699,17631,17632,17632,1,1
2021-11-23 15:40:07.497,17632,17633,17632,1,-1
2021-11-23 15:40:07.754,17632,17633,17634,1,1
2021-11-23 15:40:11.201,17633,17634,17634,1,1
2021-11-23 15:40:11.201,17633,17634,17634,2,2
2021-11-23 15:40:11.201,17633,17634,17634,8,8
2021-11-23 15:40:11.201,17633,17634,17634,2,2
2021-11-23 15:40:11.201,17633,17634,17634,2,2
2021-11-23 15:40:13.417,17634,17635,17634,1,-1
2021-11-23 15:40:13.443,17634,17635,17634,1,-1
2021-11-23 15:40:15.078,17634,17635,17634,1,-1
2021-11-23 15:40:16.693,17632,17634,17634,1,1
2021-11-23 15:40:17.202,17632,17634,17634,9,9
2021-11-23 15:40:17.347,17634,17635,17635,1,1
2021-11-23 15:40:17.472,17634,17635,17635,1,1
2021-11-23 15:40:17.472,17634,17635,17635,3,3
2021-11-23 15:40:17.472,17634,17635,17635,15,15
2021-11-23 15:40:17.472,17634,17635,17635,2,2
2021-11-23 15:40:17.472,17634,17635,17635,5,5
2021-11-23 15:40:17.472,17634,17635,17635,1,1
2021-11-23 15:40:17.472,17634,17635,17635,8,8
2021-11-23 15:40:18.306,17635,17636,17635,1,-1
2021-11-23 15:40:21.493,17635,17636,17636,3,3
2021-11-23 15:40:22.666,17636,17637,17636,1,-1
2021-11-23 15:40:24.888,17636,17637,17637,3,3
2021-11-23 15:40:24.888,17636,17637,17637,1,1
2021-11-23 15:40:37.851,17637,17638,17638,1,1
2021-11-23 15:40:37.909,17637,17638,17638,4,4
2021-11-23 15:40:39.307,17637,17638,17638,1,1
2021-11-23 15:40:39.591,17638,17639,17639,1,1
2021-11-23 15:40:41.514,17638,17639,17639,1,1
2021-11-23 15:40:42.693,17638,17639,17638,1,-1
2021-11-23 15:40:43.802,17638,17639,17638,1,-1
2021-11-23 15:40:47.743,17637,17638,17637,1,-1
2021-11-23 15:40:47.744,17637,17638,17637,2,-2
2021-11-23 15:40:50.843,17636,17637,17637,1,1
2021-11-23 15:40:51.725,17636,17637,17637,1,1
2021-11-23 15:40:51.901,17637,17638,17638,1,1
2021-11-23 15:40:51.901,17637,17638,17638,1,1
2021-11-23 15:40:52.885,17638,17639,17639,1,1
2021-11-23 15:40:54.638,17638,17639,17639,1,1
2021-11-23 15:40:54.638,17638,17639,17639,1,1
2021-11-23 15:40:54.638,17638,17639,17639,2,2
2021-11-23 15:40:54.638,17638,17639,17639,2,2
2021-11-23 15:40:55.886,17639,17640,17639,1,-1
2021-11-23 15:40:55.886,17639,17640,17638,3,-3
2021-11-23 15:40:59.105,17638,17640,17638,1,-1
2021-11-23 15:41:03.124,17638,17639,17639,1,1
2021-11-23 15:41:04.760,17638,17639,17638,1,-1
2021-11-23 15:41:15.169,17638,17639,17639,1,1
2021-11-23 15:41:15.169,17638,17639,17639,1,1
2021-11-23 15:41:17.250,17638,17640,17640,1,1
2021-11-23 15:41:17.938,17638,17640,17638,1,-1
2021-11-23 15:41:20.514,17638,17639,17639,3,3
2021-11-23 15:41:21.304,17639,17640,17640,2,2
2021-11-23 15:41:27.568,17640,17641,17641,4,4
2021-11-23 15:41:27.568,17640,17641,17641,1,1
2021-11-23 15:41:27.856,17641,17642,17642,1,1
2021-11-23 15:41:30.139,17642,17643,17643,2,2
2021-11-23 15:41:30.490,17643,17644,17644,3,3
2021-11-23 15:41:30.490,17643,17644,17644,1,1
2021-11-23 15:41:30.872,17643,17645,17645,3,3
2021-11-23 15:41:30.883,17643,17645,17644,1,1
2021-11-23 15:41:36.353,17643,17645,17644,1,1
2021-11-23 15:41:36.364,17643,17645,17643,1,-1
2021-11-23 15:41:36.364,17643,17645,17643,1,-1
2021-11-23 15:41:36.422,17642,17643,17642,1,-1
2021-11-23 15:41:36.762,17641,17643,17643,10,10
2021-11-23 15:41:36.762,17641,17643,17644,17,17
2021-11-23 15:41:36.762,17641,17643,17645,14,14
2021-11-23 15:41:40.224,17644,17646,17646,1,1
2021-11-23 15:41:40.664,17645,17646,17645,1,-1
2021-11-23 15:41:40.927,17645,17646,17646,4,4
2021-11-23 15:41:41.127,17646,17647,17646,1,-1
2021-11-23 15:41:41.641,17646,17647,17647,4,4
2021-11-23 15:41:44.448,17645,17647,17645,1,-1
2021-11-23 15:41:45.527,17646,17647,17646,1,-1
2021-11-23 15:41:48.074,17646,17647,17646,1,-1
2021-11-23 15:41:49.640,17645,17646,17645,1,-1
2021-11-23 15:41:50.158,17645,17646,17645,2,-2
2021-11-23 15:41:50.394,17644,17646,17646,1,1
2021-11-23 15:41:51.838,17644,17646,17646,1,1
2021-11-23 15:41:51.848,17644,17646,17646,1,1
2021-11-23 15:41:52.960,17645,17646,17646,1,1
2021-11-23 15:41:53.745,17645,17647,17646,1,1
2021-11-23 15:41:54.172,17645,17647,17645,1,-1
2021-11-23 15:41:55.139,17646,17647,17647,1,1
2021-11-23 15:41:55.475,17646,17647,17646,4,-4
2021-11-23 15:41:56.256,17646,17647,17646,1,-1
2021-11-23 15:42:00.443,17645,17646,17646,2,2
2021-11-23 15:42:02.956,17646,17647,17646,1,-1
2021-11-23 15:42:13.983,17645,17646,17646,3,3
2021-11-23 15:42:15.459,17646,17647,17647,1,1
2021-11-23 15:42:17.661,17646,17647,17647,2,2
2021-11-23 15:42:18.251,17646,17647,17647,2,2
2021-11-23 15:42:18.251,17646,17647,17647,3,3
2021-11-23 15:42:18.251,17646,17647,17647,1,1
2021-11-23 15:42:18.252,17646,17647,17647,2,2
2021-11-23 15:42:18.252,17646,17647,17647,3,3
2021-11-23 15:42:18.253,17646,17647,17648,8,8
2021-11-23 15:42:18.254,17646,17647,17648,1,1
2021-11-23 15:42:18.254,17646,17647,17648,4,4
2021-11-23 15:42:18.256,17646,17647,17648,3,3
2021-11-23 15:42:18.262,17648,17649,17649,1,1
2021-11-23 15:42:18.318,17648,17649,17649,1,1
2021-11-23 15:42:18.416,17648,17649,17649,2,2
2021-11-23 15:42:18.418,17648,17649,17649,2,2
2021-11-23 15:42:18.821,17648,17649,17649,3,3
2021-11-23 15:42:20.502,17648,17649,17649,1,1
2021-11-23 15:42:20.503,17648,17649,17649,1,1
2021-11-23 15:42:20.982,17648,17649,17648,2,-2
2021-11-23 15:42:22.063,17647,17649,17647,1,-1
2021-11-23 15:42:31.472,17647,17649,17649,1,1
2021-11-23 15:42:34.150,17648,17649,17649,1,1
2021-11-23 15:42:38.140,17648,17649,17648,1,-1
2021-11-23 15:42:39.238,17647,17649,17647,2,-2
2021-11-23 15:42:42.129,17647,17648,17648,2,2
2021-11-23 15:42:43.875,17648,17649,17649,1,1
2021-11-23 15:42:46.334,17648,17649,17649,1,1
2021-11-23 15:42:46.334,17648,17649,17649,1,1
2021-11-23 15:42:46.471,17648,17649,17648,1,-1
2021-11-23 15:42:47.440,17648,17649,17649,1,1
2021-11-23 15:42:48.938,17648,17649,17649,1,1
2021-11-23 15:42:53.001,17647,17649,17648,1,1
2021-11-23 15:42:53.845,17647,17648,17648,2,2
2021-11-23 15:42:53.846,17647,17648,17648,1,1
2021-11-23 15:42:53.964,17647,17649,17648,1,1
2021-11-23 15:42:54.049,17647,17648,17647,1,-1
2021-11-23 15:42:54.049,17647,17648,17647,1,-1
2021-11-23 15:42:54.049,17647,17648,17647,1,-1
2021-11-23 15:42:54.049,17647,17648,17647,1,-1
2021-11-23 15:42:54.049,17647,17648,17647,1,-1
2021-11-23 15:42:54.049,17647,17648,17647,5,-5
2021-11-23 15:42:54.049,17647,17648,17647,1,-1
2021-11-23 15:42:54.298,17646,17647,17647,1,1
2021-11-23 15:42:55.491,17646,17648,17646,1,-1
2021-11-23 15:42:59.984,17647,17648,17647,1,-1
2021-11-23 15:43:19.810,17647,17648,17648,1,1
2021-11-23 15:43:19.811,17647,17648,17648,5,5
2021-11-23 15:43:19.811,17647,17648,17649,1,1
2021-11-23 15:43:23.209,17648,17649,17647,1,-1
2021-11-23 15:43:35.229,17648,17649,17649,1,1
2021-11-23 15:43:37.432,17648,17649,17648,1,-1
2021-11-23 15:43:38.154,17648,17649,17648,1,-1
2021-11-23 15:43:44.099,17648,17649,17649,2,2
2021-11-23 15:43:44.100,17648,17649,17649,1,1
2021-11-23 15:43:44.100,17648,17649,17649,2,2
2021-11-23 15:43:44.101,17648,17649,17649,7,7
2021-11-23 15:43:45.423,17649,17650,17650,4,4
2021-11-23 15:43:45.423,17649,17650,17650,1,1
2021-11-23 15:43:45.423,17649,17650,17650,5,5
2021-11-23 15:43:45.423,17649,17650,17650,1,1
2021-11-23 15:43:45.423,17649,17650,17650,4,4
2021-11-23 15:43:45.845,17650,17651,17650,1,-1
2021-11-23 15:43:52.586,17649,17650,17650,2,2
2021-11-23 15:43:54.819,17649,17650,17650,1,1
2021-11-23 15:43:54.820,17649,17650,17650,1,1
2021-11-23 15:43:55.316,17649,17651,17651,1,1
2021-11-23 15:43:55.408,17650,17651,17651,4,4
2021-11-23 15:43:55.408,17650,17651,17651,1,1
2021-11-23 15:43:55.409,17650,17651,17651,1,1
2021-11-23 15:43:56.916,17650,17651,17651,1,1
2021-11-23 15:43:56.917,17650,17651,17651,1,1
2021-11-23 15:43:57.444,17650,17651,17651,1,1
2021-11-23 15:44:00.337,17651,17652,17652,6,6
2021-11-23 15:44:00.797,17652,17653,17652,1,-1
2021-11-23 15:44:00.957,17652,17653,17653,1,1
2021-11-23 15:44:01.088,17652,17653,17653,1,1
2021-11-23 15:44:01.088,17652,17653,17653,1,1
2021-11-23 15:44:01.088,17652,17653,17653,1,1
2021-11-23 15:44:01.797,17652,17653,17652,1,-1
2021-11-23 15:44:01.798,17652,17653,17653,1,1
2021-11-23 15:44:04.020,17651,17653,17653,1,1
2021-11-23 15:44:07.292,17652,17653,17653,1,1
2021-11-23 15:44:07.814,17652,17653,17653,1,1
2021-11-23 15:44:08.480,17652,17654,17654,1,1
2021-11-23 15:44:08.563,17653,17654,17654,1,1
2021-11-23 15:44:09.694,17653,17654,17653,1,-1
2021-11-23 15:44:09.796,17653,17654,17654,2,2
2021-11-23 15:44:10.100,17654,17655,17654,2,-2
2021-11-23 15:44:10.100,17654,17655,17654,1,-1
2021-11-23 15:44:10.100,17654,17655,17654,1,-1
2021-11-23 15:44:12.467,17653,17654,17654,1,1
2021-11-23 15:44:12.467,17653,17654,17655,18,18
2021-11-23 15:44:12.717,17654,17655,17655,1,1
2021-11-23 15:44:12.718,17654,17655,17655,1,1
2021-11-23 15:44:12.718,17654,17655,17655,1,1
2021-11-23 15:44:12.818,17654,17656,17656,1,1
2021-11-23 15:44:12.818,17654,17656,17656,1,1
2021-11-23 15:44:12.864,17654,17656,17656,1,1
2021-11-23 15:44:12.936,17654,17656,17656,1,1
2021-11-23 15:44:12.947,17654,17656,17656,1,1
2021-11-23 15:44:12.947,17654,17656,17657,1,1
2021-11-23 15:44:12.992,17654,17656,17657,6,6
2021-11-23 15:44:13.005,17654,17656,17657,1,1
2021-11-23 15:44:13.006,17654,17656,17657,1,1
2021-11-23 15:44:13.137,17655,17657,17657,4,4
2021-11-23 15:44:13.137,17655,17657,17658,1,1
2021-11-23 15:44:13.174,17655,17657,17658,5,5
2021-11-23 15:44:13.300,17656,17658,17658,5,5
2021-11-23 15:44:13.332,17656,17658,17658,4,4
2021-11-23 15:44:15.013,17655,17657,17657,1,1
2021-11-23 15:44:17.873,17655,17656,17655,1,-1
2021-11-23 15:44:18.823,17655,17656,17655,1,-1
2021-11-23 15:44:18.915,17654,17656,17656,1,1
2021-11-23 15:44:20.311,17654,17656,17654,1,-1
2021-11-23 15:44:20.311,17654,17656,17654,1,-1
2021-11-23 15:44:20.357,17654,17656,17654,3,-3
2021-11-23 15:44:21.431,17653,17654,17654,1,1
2021-11-23 15:44:21.432,17653,17654,17654,1,1
2021-11-23 15:44:21.762,17653,17654,17654,2,2
2021-11-23 15:44:23.996,17653,17655,17654,1,1
2021-11-23 15:44:25.479,17653,17655,17654,1,1
2021-11-23 15:44:31.592,17654,17655,17654,1,-1
2021-11-23 15:44:31.727,17654,17655,17654,4,-4
2021-11-23 15:44:35.282,17654,17655,17654,1,-1
2021-11-23 15:44:35.530,17654,17655,17654,1,-1
2021-11-23 15:44:36.620,17654,17655,17655,1,1
2021-11-23 15:44:36.988,17654,17655,17655,1,1
2021-11-23 15:44:37.018,17654,17655,17655,1,1
2021-11-23 15:44:37.299,17654,17655,17655,1,1
2021-11-23 15:44:38.291,17654,17655,17654,1,-1
2021-11-23 15:44:40.513,17654,17655,17655,1,1
2021-11-23 15:44:41.098,17654,17655,17655,1,1
2021-11-23 15:44:41.286,17654,17655,17654,4,-4
2021-11-23 15:44:42.232,17653,17654,17653,1,-1
2021-11-23 15:44:43.079,17653,17654,17654,1,1
2021-11-23 15:44:46.897,17654,17655,17654,1,-1
2021-11-23 15:44:58.081,17653,17654,17653,2,-2
2021-11-23 15:44:59.362,17652,17653,17653,2,2
2021-11-23 15:45:00.051,17652,17653,17652,2,-2
2021-11-23 15:45:00.136,17650,17652,17652,1,1
2021-11-23 15:45:00.138,17650,17652,17652,1,1
2021-11-23 15:45:00.138,17650,17652,17652,1,1
2021-11-23 15:45:00.138,17650,17652,17653,1,1
2021-11-23 15:45:14.288,17652,17653,17652,2,-2
2021-11-23 15:45:14.386,17651,17653,17653,1,1
2021-11-23 15:45:14.387,17651,17653,17653,1,1
2021-11-23 15:45:14.845,17651,17654,17654,1,1
2021-11-23 15:45:14.855,17651,17654,17654,1,1
2021-11-23 15:45:14.867,17651,17654,17654,2,2
2021-11-23 15:45:14.897,17652,17654,17654,1,1
2021-11-23 15:45:23.714,17651,17652,17651,2,-2
2021-11-23 15:45:23.760,17650,17652,17652,1,1
2021-11-23 15:45:23.761,17650,17652,17652,1,1
2021-11-23 15:45:23.761,17650,17652,17652,1,1
2021-11-23 15:45:23.904,17651,17653,17652,1,1
2021-11-23 15:45:25.300,17650,17653,17650,4,-4
2021-11-23 15:45:25.386,17650,17652,17652,1,1
2021-11-23 15:45:25.386,17650,17652,17652,1,1
2021-11-23 15:45:25.386,17650,17652,17652,1,1
2021-11-23 15:45:25.387,17650,17652,17652,1,1
2021-11-23 15:45:27.526,17650,17652,17650,1,-1
2021-11-23 15:45:28.846,17650,17651,17650,1,-1
2021-11-23 15:45:28.885,17649,17650,17650,1,1
2021-11-23 15:45:28.886,17649,17650,17651,1,1
2021-11-23 15:45:28.886,17649,17650,17651,1,1
2021-11-23 15:45:28.886,17649,17650,17651,1,1
2021-11-23 15:45:28.886,17649,17650,17651,1,1
2021-11-23 15:45:28.886,17649,17650,17651,1,1
2021-11-23 15:45:29.280,17649,17650,17650,1,1
2021-11-23 15:45:32.208,17649,17650,17649,2,-2
2021-11-23 15:45:32.280,17649,17650,17649,1,-1
2021-11-23 15:45:32.280,17649,17650,17648,1,-1
2021-11-23 15:45:37.634,17648,17650,17648,3,-3
2021-11-23 15:45:38.607,17648,17650,17648,1,-1
2021-11-23 15:45:38.635,17648,17649,17649,1,1
2021-11-23 15:45:38.637,17648,17649,17650,1,1
2021-11-23 15:45:38.895,17648,17650,17650,7,7
2021-11-23 15:45:46.059,17649,17650,17649,5,-5
2021-11-23 15:45:59.611,17648,17650,17648,1,-1
2021-11-23 15:46:06.390,17648,17649,17648,2,-2
2021-11-23 15:46:07.258,17648,17649,17649,2,2
2021-11-23 15:46:08.137,17649,17650,17650,1,1
2021-11-23 15:46:08.137,17649,17650,17650,1,1
2021-11-23 15:46:08.427,17650,17651,17650,1,-1
2021-11-23 15:46:13.555,17650,17651,17650,1,-1
2021-11-23 15:46:18.223,17650,17651,17650,1,-1
2021-11-23 15:46:19.058,17650,17651,17650,1,-1
2021-11-23 15:46:19.135,17649,17651,17651,1,1
2021-11-23 15:46:19.136,17649,17651,17651,1,1
2021-11-23 15:46:27.798,17650,17652,17652,1,1
2021-11-23 15:46:42.293,17650,17652,17651,1,1
2021-11-23 15:46:42.386,17649,17652,17652,1,1
2021-11-23 15:46:42.386,17649,17652,17652,1,1
2021-11-23 15:46:42.387,17649,17652,17652,1,1
2021-11-23 15:46:42.387,17649,17652,17652,1,1
2021-11-23 15:46:42.387,17649,17652,17652,1,1
2021-11-23 15:46:42.388,17649,17652,17652,1,1
2021-11-23 15:46:42.388,17649,17652,17652,1,1
2021-11-23 15:46:42.388,17649,17652,17653,1,1
2021-11-23 15:46:50.439,17650,17652,17652,2,2
2021-11-23 15:46:54.207,17651,17652,17651,2,-2
2021-11-23 15:46:54.609,17650,17652,17651,2,2
2021-11-23 15:47:04.212,17649,17651,17649,1,-1
2021-11-23 15:47:15.690,17649,17650,17650,1,1
2021-11-23 15:47:22.590,17648,17650,17648,1,-1
2021-11-23 15:47:25.798,17648,17650,17648,1,-1
2021-11-23 15:47:28.250,17648,17649,17648,1,-1
2021-11-23 15:47:28.896,17648,17649,17649,1,1
2021-11-23 15:47:31.893,17648,17649,17648,1,-1
2021-11-23 15:47:38.200,17648,17649,17649,1,1
2021-11-23 15:47:38.880,17649,17650,17649,1,-1
2021-11-23 15:47:39.321,17649,17650,17649,2,-2
2021-11-23 15:47:53.373,17649,17650,17649,1,-1
2021-11-23 15:47:55.104,17648,17649,17649,1,1
2021-11-23 15:47:58.965,17648,17649,17648,3,-3
2021-11-23 15:48:03.973,17648,17650,17650,1,1
2021-11-23 15:48:17.299,17648,17649,17648,1,-1
2021-11-23 15:48:20.464,17648,17649,17649,1,1
2021-11-23 15:48:20.464,17648,17649,17649,1,1
2021-11-23 15:48:20.465,17648,17649,17649,1,1
2021-11-23 15:48:22.557,17649,17650,17650,1,1
2021-11-23 15:48:23.308,17649,17650,17649,1,-1
2021-11-23 15:48:23.333,17649,17650,17649,3,-3
2021-11-23 15:48:23.508,17649,17650,17649,1,-1
2021-11-23 15:48:36.463,17649,17650,17650,1,1
2021-11-23 15:48:36.463,17649,17650,17650,1,1
2021-11-23 15:48:36.464,17649,17650,17650,1,1
2021-11-23 15:48:42.109,17649,17650,17649,1,-1
2021-11-23 15:48:43.959,17649,17650,17650,1,1
2021-11-23 15:48:47.231,17649,17650,17650,1,1
2021-11-23 15:48:47.231,17649,17650,17650,1,1
2021-11-23 15:48:47.231,17649,17650,17650,1,1
2021-11-23 15:48:52.676,17649,17650,17650,1,1
2021-11-23 15:48:54.712,17650,17651,17650,1,-1
2021-11-23 15:48:56.582,17649,17651,17649,1,-1
2021-11-23 15:49:08.929,17650,17651,17650,1,-1
2021-11-23 15:49:20.580,17649,17650,17649,4,-4
2021-11-23 15:49:20.810,17648,17649,17648,6,-6
2021-11-23 15:49:20.810,17648,17649,17648,3,-3
2021-11-23 15:49:25.101,17648,17649,17648,1,-1
2021-11-23 15:49:54.602,17649,17650,17649,1,-1
2021-11-23 15:50:03.121,17648,17649,17649,1,1
2021-11-23 15:50:03.140,17648,17649,17648,1,-1
2021-11-23 15:50:03.141,17648,17649,17648,1,-1
2021-11-23 15:50:03.141,17648,17649,17648,1,-1
2021-11-23 15:50:03.142,17648,17649,17648,1,-1
2021-11-23 15:50:21.385,17648,17649,17648,1,-1
