2021-12-14 15:00:00,17590,17590,17590,86,0
2021-12-14 15:00:00,17592,17592,17592,4,4
2021-12-14 15:00:00,17592,17592,17592,2,0
2021-12-14 15:00:00,17592,17592,17592,2,0
2021-12-14 15:00:00,17591,17591,17591,2,-2
2021-12-14 15:00:00,17590,17590,17590,2,-2
2021-12-14 15:00:00,17589,17589,17589,2,-2
2021-12-14 15:00:00,17588,17588,17588,2,-2
2021-12-14 15:00:00,17588,17588,17588,2,0
2021-12-14 15:00:00,17588,17588,17588,2,0
2021-12-14 15:00:00,17588,17588,17588,2,0
2021-12-14 15:00:00,17588,17588,17588,2,0
2021-12-14 15:00:00,17588,17588,17588,2,0
2021-12-14 15:00:00,17588,17588,17588,4,0
2021-12-14 15:00:00,17588,17588,17588,2,0
2021-12-14 15:00:00,17588,17588,17588,4,0
2021-12-14 15:00:00,17588,17588,17588,2,0
2021-12-14 15:00:00,17588,17588,17588,2,0
2021-12-14 15:00:00,17588,17588,17588,2,0
2021-12-14 15:00:00,17592,17592,17592,2,2
2021-12-14 15:00:00,17592,17592,17592,4,0
2021-12-14 15:00:00,17594,17594,17594,2,2
2021-12-14 15:00:00,17592,17592,17592,2,-2
2021-12-14 15:00:00,17592,17592,17592,2,0
2021-12-14 15:00:00,17590,17590,17590,2,-2
2021-12-14 15:00:01,17593,17593,17593,2,2
2021-12-14 15:00:01,17593,17593,17593,6,0
2021-12-14 15:00:01,17593,17593,17593,2,0
2021-12-14 15:00:01,17595,17595,17595,4,4
2021-12-14 15:00:01,17593,17593,17593,2,-2
2021-12-14 15:00:01,17595,17595,17595,2,2
2021-12-14 15:00:02,17596,17596,17596,2,2
2021-12-14 15:00:02,17595,17595,17595,2,-2
2021-12-14 15:00:02,17591,17591,17591,2,-2
2021-12-14 15:00:04,17594,17594,17594,2,2
2021-12-14 15:00:04,17594,17594,17594,2,0
2021-12-14 15:00:05,17595,17595,17595,2,2
2021-12-14 15:00:05,17596,17596,17596,6,6
2021-12-14 15:00:05,17596,17596,17596,8,0
2021-12-14 15:00:06,17594,17594,17594,2,-2
2021-12-14 15:00:06,17594,17594,17594,2,0
2021-12-14 15:00:06,17594,17594,17594,2,0
2021-12-14 15:00:06,17593,17593,17593,2,-2
2021-12-14 15:00:08,17596,17596,17596,2,2
2021-12-14 15:00:08,17596,17596,17596,2,0
2021-12-14 15:00:08,17596,17596,17596,2,0
2021-12-14 15:00:08,17596,17596,17596,2,0
2021-12-14 15:00:10,17597,17597,17597,2,2
2021-12-14 15:00:11,17594,17594,17594,2,-2
2021-12-14 15:00:11,17596,17596,17596,6,6
2021-12-14 15:00:11,17596,17596,17596,2,0
2021-12-14 15:00:11,17594,17594,17594,2,-2
2021-12-14 15:00:11,17596,17596,17596,2,2
2021-12-14 15:00:11,17596,17596,17596,2,0
2021-12-14 15:00:12,17597,17597,17597,2,2
2021-12-14 15:00:12,17595,17595,17595,2,-2
2021-12-14 15:00:13,17596,17596,17596,8,8
2021-12-14 15:00:13,17594,17594,17594,2,-2
2021-12-14 15:00:13,17596,17596,17596,2,2
2021-12-14 15:00:13,17594,17594,17594,2,-2
2021-12-14 15:00:14,17595,17595,17595,2,2
2021-12-14 15:00:14,17596,17596,17596,2,2
2021-12-14 15:00:15,17596,17596,17596,2,0
2021-12-14 15:00:16,17596,17596,17596,2,0
2021-12-14 15:00:16,17596,17596,17596,4,0
2021-12-14 15:00:16,17596,17596,17596,4,0
2021-12-14 15:00:17,17596,17596,17596,2,0
2021-12-14 15:00:17,17595,17595,17595,2,-2
2021-12-14 15:00:19,17596,17596,17596,2,2
2021-12-14 15:00:19,17596,17596,17596,2,0
2021-12-14 15:00:20,17597,17597,17597,4,4
2021-12-14 15:00:20,17596,17596,17596,2,-2
2021-12-14 15:00:21,17597,17597,17597,4,4
2021-12-14 15:00:21,17597,17597,17597,16,0
2021-12-14 15:00:21,17596,17596,17596,2,-2
2021-12-14 15:00:22,17597,17597,17597,2,2
2021-12-14 15:00:22,17596,17596,17596,2,-2
2021-12-14 15:00:23,17596,17596,17596,2,0
2021-12-14 15:00:23,17596,17596,17596,2,0
2021-12-14 15:00:25,17595,17595,17595,16,-16
2021-12-14 15:00:25,17595,17595,17595,2,0
2021-12-14 15:00:25,17595,17595,17595,2,0
2021-12-14 15:00:25,17595,17595,17595,4,0
2021-12-14 15:00:25,17595,17595,17595,2,0
2021-12-14 15:00:25,17594,17594,17594,2,-2
2021-12-14 15:00:25,17594,17594,17594,2,0
2021-12-14 15:00:25,17594,17594,17594,2,0
2021-12-14 15:00:25,17594,17594,17594,2,0
2021-12-14 15:00:25,17594,17594,17594,2,0
2021-12-14 15:00:25,17594,17594,17594,2,0
2021-12-14 15:00:26,17595,17595,17595,2,2
2021-12-14 15:00:26,17594,17594,17594,2,-2
2021-12-14 15:00:26,17594,17594,17594,2,0
2021-12-14 15:00:26,17594,17594,17594,2,0
2021-12-14 15:00:27,17593,17593,17593,2,-2
2021-12-14 15:00:27,17593,17593,17593,2,0
2021-12-14 15:00:27,17593,17593,17593,2,0
2021-12-14 15:00:27,17593,17593,17593,4,0
2021-12-14 15:00:27,17592,17592,17592,2,-2
2021-12-14 15:00:27,17594,17594,17594,6,6
2021-12-14 15:00:27,17595,17595,17595,2,2
2021-12-14 15:00:28,17594,17594,17594,2,-2
2021-12-14 15:00:28,17594,17594,17594,8,0
2021-12-14 15:00:28,17593,17593,17593,4,-4
2021-12-14 15:00:29,17593,17593,17593,2,0
2021-12-14 15:00:30,17592,17592,17592,6,-6
2021-12-14 15:00:30,17592,17592,17592,2,0
2021-12-14 15:00:30,17592,17592,17592,2,0
2021-12-14 15:00:31,17593,17593,17593,2,2
2021-12-14 15:00:31,17591,17591,17591,2,-2
2021-12-14 15:00:31,17591,17591,17591,2,0
2021-12-14 15:00:31,17591,17591,17591,2,0
2021-12-14 15:00:31,17592,17592,17592,2,2
2021-12-14 15:00:31,17593,17593,17593,4,4
2021-12-14 15:00:32,17593,17593,17593,2,0
2021-12-14 15:00:33,17593,17593,17593,2,0
2021-12-14 15:00:33,17592,17592,17592,2,-2
2021-12-14 15:00:36,17593,17593,17593,2,2
2021-12-14 15:00:36,17594,17594,17594,2,2
2021-12-14 15:00:36,17594,17594,17594,2,0
2021-12-14 15:00:39,17594,17594,17594,2,0
2021-12-14 15:00:41,17594,17594,17594,2,0
2021-12-14 15:00:42,17593,17593,17593,2,-2
2021-12-14 15:00:43,17593,17593,17593,2,0
2021-12-14 15:00:43,17592,17592,17592,2,-2
2021-12-14 15:00:44,17593,17593,17593,2,2
2021-12-14 15:00:50,17593,17593,17593,2,0
2021-12-14 15:00:51,17594,17594,17594,2,2
2021-12-14 15:00:51,17593,17593,17593,2,-2
2021-12-14 15:00:51,17594,17594,17594,2,2
2021-12-14 15:00:53,17594,17594,17594,2,0
2021-12-14 15:00:54,17594,17594,17594,4,0
2021-12-14 15:00:56,17594,17594,17594,2,0
2021-12-14 15:00:57,17593,17593,17593,2,-2
2021-12-14 15:00:58,17593,17593,17593,2,0
2021-12-14 15:00:58,17593,17593,17593,2,0
2021-12-14 15:00:58,17592,17592,17592,6,-6
2021-12-14 15:00:58,17592,17592,17592,2,0
2021-12-14 15:00:59,17593,17593,17593,2,2
2021-12-14 15:00:59,17592,17592,17592,4,-4
2021-12-14 15:01:00,17594,17594,17594,2,2
2021-12-14 15:01:00,17594,17594,17594,2,0
2021-12-14 15:01:00,17593,17593,17593,2,-2
2021-12-14 15:01:01,17593,17593,17593,2,0
2021-12-14 15:01:01,17593,17593,17593,2,0
2021-12-14 15:01:01,17592,17592,17592,4,-4
2021-12-14 15:01:01,17592,17592,17592,2,0
2021-12-14 15:01:01,17594,17594,17594,2,2
2021-12-14 15:01:02,17594,17594,17594,4,0
2021-12-14 15:01:03,17594,17594,17594,2,0
2021-12-14 15:01:03,17595,17595,17595,2,2
2021-12-14 15:01:03,17595,17595,17595,6,0
2021-12-14 15:01:03,17595,17595,17595,2,0
2021-12-14 15:01:03,17595,17595,17595,2,0
2021-12-14 15:01:03,17595,17595,17595,2,0
2021-12-14 15:01:03,17595,17595,17595,2,0
2021-12-14 15:01:03,17595,17595,17595,2,0
2021-12-14 15:01:03,17595,17595,17595,34,0
2021-12-14 15:01:03,17596,17596,17596,2,2
2021-12-14 15:01:04,17596,17596,17596,2,0
2021-12-14 15:01:04,17595,17595,17595,2,-2
2021-12-14 15:01:04,17596,17596,17596,2,2
2021-12-14 15:01:04,17597,17597,17597,4,4
2021-12-14 15:01:04,17598,17598,17598,10,10
2021-12-14 15:01:04,17599,17599,17599,4,4
2021-12-14 15:01:04,17597,17597,17597,6,-6
2021-12-14 15:01:04,17597,17597,17597,2,0
2021-12-14 15:01:04,17596,17596,17596,2,-2
2021-12-14 15:01:04,17596,17596,17596,2,0
2021-12-14 15:01:04,17596,17596,17596,2,0
2021-12-14 15:01:04,17596,17596,17596,2,0
2021-12-14 15:01:04,17597,17597,17597,2,2
2021-12-14 15:01:04,17598,17598,17598,2,2
2021-12-14 15:01:04,17596,17596,17596,4,-4
2021-12-14 15:01:05,17598,17598,17598,2,2
2021-12-14 15:01:05,17599,17599,17599,4,4
2021-12-14 15:01:05,17597,17597,17597,2,-2
2021-12-14 15:01:05,17597,17597,17597,2,0
2021-12-14 15:01:05,17597,17597,17597,2,0
2021-12-14 15:01:05,17597,17597,17597,2,0
2021-12-14 15:01:06,17598,17598,17598,2,2
2021-12-14 15:01:07,17598,17598,17598,2,0
2021-12-14 15:01:07,17598,17598,17598,2,0
2021-12-14 15:01:11,17596,17596,17596,2,-2
2021-12-14 15:01:12,17598,17598,17598,2,2
2021-12-14 15:01:13,17596,17596,17596,2,-2
2021-12-14 15:01:13,17596,17596,17596,2,0
2021-12-14 15:01:13,17596,17596,17596,2,0
2021-12-14 15:01:13,17596,17596,17596,4,0
2021-12-14 15:01:13,17596,17596,17596,2,0
2021-12-14 15:01:14,17596,17596,17596,2,0
2021-12-14 15:01:15,17595,17595,17595,2,-2
2021-12-14 15:01:15,17596,17596,17596,2,2
2021-12-14 15:01:16,17595,17595,17595,2,-2
2021-12-14 15:01:16,17595,17595,17595,2,0
2021-12-14 15:01:17,17595,17595,17595,4,0
2021-12-14 15:01:19,17595,17595,17595,2,0
2021-12-14 15:01:21,17594,17594,17594,2,-2
2021-12-14 15:01:21,17596,17596,17596,4,4
2021-12-14 15:01:23,17595,17595,17595,2,-2
2021-12-14 15:01:23,17595,17595,17595,2,0
2021-12-14 15:01:23,17596,17596,17596,2,2
2021-12-14 15:01:25,17595,17595,17595,2,-2
2021-12-14 15:01:26,17595,17595,17595,2,0
2021-12-14 15:01:29,17595,17595,17595,2,0
2021-12-14 15:01:31,17595,17595,17595,2,0
2021-12-14 15:01:31,17594,17594,17594,2,-2
2021-12-14 15:01:34,17596,17596,17596,2,2
2021-12-14 15:01:34,17596,17596,17596,2,0
2021-12-14 15:01:34,17596,17596,17596,2,0
2021-12-14 15:01:34,17597,17597,17597,2,2
2021-12-14 15:01:35,17598,17598,17598,2,2
2021-12-14 15:01:36,17599,17599,17599,2,2
2021-12-14 15:01:39,17597,17597,17597,2,-2
2021-12-14 15:01:39,17597,17597,17597,2,0
2021-12-14 15:01:39,17597,17597,17597,2,0
2021-12-14 15:01:39,17597,17597,17597,2,0
2021-12-14 15:01:41,17595,17595,17595,2,-2
2021-12-14 15:01:42,17596,17596,17596,4,4
2021-12-14 15:01:55,17596,17596,17596,2,0
2021-12-14 15:01:56,17595,17595,17595,2,-2
2021-12-14 15:01:57,17596,17596,17596,2,2
2021-12-14 15:02:00,17596,17596,17596,2,0
2021-12-14 15:02:00,17596,17596,17596,2,0
2021-12-14 15:02:00,17596,17596,17596,2,0
2021-12-14 15:02:00,17596,17596,17596,6,0
2021-12-14 15:02:00,17595,17595,17595,2,-2
2021-12-14 15:02:00,17595,17595,17595,2,0
2021-12-14 15:02:00,17594,17594,17594,2,-2
2021-12-14 15:02:00,17594,17594,17594,2,0
2021-12-14 15:02:00,17594,17594,17594,2,0
2021-12-14 15:02:00,17594,17594,17594,2,0
2021-12-14 15:02:01,17595,17595,17595,2,2
2021-12-14 15:02:02,17593,17593,17593,2,-2
2021-12-14 15:02:02,17593,17593,17593,2,0
2021-12-14 15:02:02,17593,17593,17593,2,0
2021-12-14 15:02:03,17592,17592,17592,2,-2
2021-12-14 15:02:03,17592,17592,17592,2,0
2021-12-14 15:02:03,17592,17592,17592,2,0
2021-12-14 15:02:03,17592,17592,17592,2,0
2021-12-14 15:02:03,17592,17592,17592,2,0
2021-12-14 15:02:03,17592,17592,17592,2,0
2021-12-14 15:02:03,17592,17592,17592,2,0
2021-12-14 15:02:06,17591,17591,17591,2,-2
2021-12-14 15:02:06,17591,17591,17591,2,0
2021-12-14 15:02:06,17591,17591,17591,2,0
2021-12-14 15:02:06,17591,17591,17591,2,0
2021-12-14 15:02:07,17590,17590,17590,2,-2
2021-12-14 15:02:08,17591,17591,17591,2,2
2021-12-14 15:02:09,17591,17591,17591,2,0
2021-12-14 15:02:09,17590,17590,17590,2,-2
2021-12-14 15:02:09,17590,17590,17590,2,0
2021-12-14 15:02:09,17590,17590,17590,2,0
2021-12-14 15:02:09,17590,17590,17590,2,0
2021-12-14 15:02:09,17590,17590,17590,2,0
2021-12-14 15:02:09,17590,17590,17590,2,0
2021-12-14 15:02:12,17590,17590,17590,2,0
2021-12-14 15:02:12,17590,17590,17590,2,0
2021-12-14 15:02:14,17590,17590,17590,2,0
2021-12-14 15:02:17,17590,17590,17590,2,0
2021-12-14 15:02:17,17591,17591,17591,2,2
2021-12-14 15:02:17,17590,17590,17590,2,-2
2021-12-14 15:02:17,17590,17590,17590,2,0
2021-12-14 15:02:17,17589,17589,17589,2,-2
2021-12-14 15:02:17,17589,17589,17589,2,0
2021-12-14 15:02:17,17589,17589,17589,2,0
2021-12-14 15:02:17,17589,17589,17589,2,0
2021-12-14 15:02:17,17589,17589,17589,2,0
2021-12-14 15:02:17,17588,17588,17588,2,-2
2021-12-14 15:02:19,17589,17589,17589,2,2
2021-12-14 15:02:19,17589,17589,17589,2,0
2021-12-14 15:02:21,17589,17589,17589,2,0
2021-12-14 15:02:21,17589,17589,17589,2,0
2021-12-14 15:02:21,17589,17589,17589,2,0
2021-12-14 15:02:22,17589,17589,17589,2,0
2021-12-14 15:02:22,17588,17588,17588,2,-2
2021-12-14 15:02:23,17589,17589,17589,2,2
2021-12-14 15:02:23,17588,17588,17588,4,-4
2021-12-14 15:02:23,17588,17588,17588,2,0
2021-12-14 15:02:23,17588,17588,17588,2,0
2021-12-14 15:02:25,17588,17588,17588,4,0
2021-12-14 15:02:25,17588,17588,17588,4,0
2021-12-14 15:02:25,17588,17588,17588,6,0
2021-12-14 15:02:25,17587,17587,17587,2,-2
2021-12-14 15:02:28,17587,17587,17587,2,0
2021-12-14 15:02:29,17587,17587,17587,2,0
2021-12-14 15:02:29,17588,17588,17588,4,4
2021-12-14 15:02:29,17588,17588,17588,6,0
2021-12-14 15:02:29,17588,17588,17588,2,0
2021-12-14 15:02:30,17588,17588,17588,2,0
2021-12-14 15:02:30,17588,17588,17588,2,0
2021-12-14 15:02:30,17588,17588,17588,2,0
2021-12-14 15:02:35,17588,17588,17588,4,0
2021-12-14 15:02:35,17588,17588,17588,2,0
2021-12-14 15:02:35,17588,17588,17588,2,0
2021-12-14 15:02:35,17588,17588,17588,4,0
2021-12-14 15:02:36,17589,17589,17589,2,2
2021-12-14 15:02:36,17590,17590,17590,2,2
2021-12-14 15:02:39,17591,17591,17591,4,4
2021-12-14 15:02:39,17592,17592,17592,6,6
2021-12-14 15:02:43,17591,17591,17591,2,-2
2021-12-14 15:02:43,17590,17590,17590,2,-2
2021-12-14 15:02:43,17590,17590,17590,2,0
2021-12-14 15:02:43,17590,17590,17590,2,0
2021-12-14 15:02:43,17590,17590,17590,2,0
2021-12-14 15:02:43,17590,17590,17590,2,0
2021-12-14 15:02:43,17592,17592,17592,2,2
2021-12-14 15:02:45,17591,17591,17591,2,-2
2021-12-14 15:02:45,17590,17590,17590,2,-2
2021-12-14 15:02:45,17590,17590,17590,4,0
2021-12-14 15:02:45,17590,17590,17590,2,0
2021-12-14 15:02:45,17590,17590,17590,2,0
2021-12-14 15:02:45,17590,17590,17590,2,0
2021-12-14 15:02:45,17590,17590,17590,4,0
2021-12-14 15:02:45,17590,17590,17590,4,0
2021-12-14 15:02:45,17590,17590,17590,2,0
2021-12-14 15:02:45,17590,17590,17590,2,0
2021-12-14 15:02:52,17590,17590,17590,2,0
2021-12-14 15:02:53,17591,17591,17591,2,2
2021-12-14 15:02:59,17590,17590,17590,2,-2
2021-12-14 15:03:00,17588,17588,17588,2,-2
2021-12-14 15:03:00,17588,17588,17588,2,0
2021-12-14 15:03:00,17590,17590,17590,4,4
2021-12-14 15:03:00,17589,17589,17589,2,-2
2021-12-14 15:03:00,17588,17588,17588,2,-2
2021-12-14 15:03:00,17588,17588,17588,2,0
2021-12-14 15:03:00,17588,17588,17588,2,0
2021-12-14 15:03:01,17589,17589,17589,2,2
2021-12-14 15:03:02,17589,17589,17589,2,0
2021-12-14 15:03:10,17589,17589,17589,2,0
2021-12-14 15:03:11,17589,17589,17589,6,0
2021-12-14 15:03:11,17589,17589,17589,2,0
2021-12-14 15:03:11,17589,17589,17589,2,0
2021-12-14 15:03:12,17589,17589,17589,4,0
2021-12-14 15:03:13,17588,17588,17588,2,-2
2021-12-14 15:03:14,17588,17588,17588,2,0
2021-12-14 15:03:14,17588,17588,17588,2,0
2021-12-14 15:03:15,17588,17588,17588,2,0
2021-12-14 15:03:17,17588,17588,17588,2,0
2021-12-14 15:03:20,17588,17588,17588,2,0
2021-12-14 15:03:20,17588,17588,17588,2,0
2021-12-14 15:03:24,17588,17588,17588,2,0
2021-12-14 15:03:25,17588,17588,17588,4,0
2021-12-14 15:03:29,17588,17588,17588,2,0
2021-12-14 15:03:29,17587,17587,17587,2,-2
2021-12-14 15:03:34,17589,17589,17589,4,4
2021-12-14 15:03:34,17589,17589,17589,2,0
2021-12-14 15:03:41,17588,17588,17588,2,-2
2021-12-14 15:03:42,17587,17587,17587,2,-2
2021-12-14 15:03:42,17587,17587,17587,2,0
2021-12-14 15:03:42,17587,17587,17587,2,0
2021-12-14 15:03:42,17587,17587,17587,2,0
2021-12-14 15:03:42,17587,17587,17587,4,0
2021-12-14 15:03:42,17586,17586,17586,2,-2
2021-12-14 15:03:44,17588,17588,17588,2,2
2021-12-14 15:03:44,17586,17586,17586,2,-2
2021-12-14 15:03:44,17586,17586,17586,2,0
2021-12-14 15:03:46,17586,17586,17586,2,0
2021-12-14 15:03:47,17586,17586,17586,2,0
2021-12-14 15:03:47,17587,17587,17587,2,2
2021-12-14 15:03:49,17587,17587,17587,2,0
2021-12-14 15:03:49,17587,17587,17587,2,0
2021-12-14 15:03:52,17585,17585,17585,2,-2
2021-12-14 15:03:52,17585,17585,17585,6,0
2021-12-14 15:03:52,17585,17585,17585,2,0
2021-12-14 15:03:53,17585,17585,17585,2,0
2021-12-14 15:03:54,17586,17586,17586,2,2
2021-12-14 15:04:00,17585,17585,17585,2,-2
2021-12-14 15:04:01,17585,17585,17585,2,0
2021-12-14 15:04:01,17585,17585,17585,2,0
2021-12-14 15:04:03,17585,17585,17585,2,0
2021-12-14 15:04:03,17585,17585,17585,2,0
2021-12-14 15:04:03,17585,17585,17585,6,0
2021-12-14 15:04:03,17585,17585,17585,2,0
2021-12-14 15:04:03,17585,17585,17585,4,0
2021-12-14 15:04:03,17585,17585,17585,10,0
2021-12-14 15:04:03,17586,17586,17586,4,4
2021-12-14 15:04:03,17587,17587,17587,4,4
2021-12-14 15:04:03,17588,17588,17588,2,2
2021-12-14 15:04:04,17588,17588,17588,2,0
2021-12-14 15:04:16,17587,17587,17587,2,-2
2021-12-14 15:04:21,17587,17587,17587,2,0
2021-12-14 15:04:23,17587,17587,17587,2,0
2021-12-14 15:04:23,17586,17586,17586,2,-2
2021-12-14 15:04:23,17586,17586,17586,2,0
2021-12-14 15:04:37,17588,17588,17588,2,2
2021-12-14 15:04:37,17587,17587,17587,2,-2
2021-12-14 15:04:39,17588,17588,17588,4,4
2021-12-14 15:04:42,17588,17588,17588,2,0
2021-12-14 15:04:47,17589,17589,17589,4,4
2021-12-14 15:04:49,17589,17589,17589,2,0
2021-12-14 15:04:57,17588,17588,17588,2,-2
2021-12-14 15:04:57,17588,17588,17588,2,0
2021-12-14 15:04:58,17588,17588,17588,2,0
2021-12-14 15:05:00,17588,17588,17588,2,0
2021-12-14 15:05:00,17587,17587,17587,2,-2
2021-12-14 15:05:00,17586,17586,17586,2,-2
2021-12-14 15:05:03,17587,17587,17587,2,2
2021-12-14 15:05:03,17587,17587,17587,4,0
2021-12-14 15:05:05,17588,17588,17588,2,2
2021-12-14 15:05:05,17589,17589,17589,2,2
2021-12-14 15:05:17,17588,17588,17588,2,-2
2021-12-14 15:05:25,17588,17588,17588,2,0
2021-12-14 15:05:28,17588,17588,17588,2,0
2021-12-14 15:05:32,17587,17587,17587,4,-4
2021-12-14 15:05:33,17588,17588,17588,2,2
2021-12-14 15:05:41,17587,17587,17587,2,-2
2021-12-14 15:05:41,17589,17589,17589,2,2
2021-12-14 15:05:45,17588,17588,17588,2,-2
2021-12-14 15:05:46,17589,17589,17589,2,2
2021-12-14 15:05:47,17589,17589,17589,2,0
2021-12-14 15:05:47,17589,17589,17589,8,0
2021-12-14 15:05:57,17589,17589,17589,2,0
2021-12-14 15:05:57,17588,17588,17588,2,-2
2021-12-14 15:06:04,17589,17589,17589,2,2
2021-12-14 15:06:04,17588,17588,17588,2,-2
2021-12-14 15:06:04,17588,17588,17588,2,0
2021-12-14 15:06:11,17588,17588,17588,2,0
2021-12-14 15:06:21,17589,17589,17589,2,2
2021-12-14 15:06:24,17589,17589,17589,2,0
2021-12-14 15:06:26,17590,17590,17590,2,2
2021-12-14 15:06:26,17590,17590,17590,16,0
2021-12-14 15:06:28,17591,17591,17591,4,4
2021-12-14 15:06:28,17592,17592,17592,4,4
2021-12-14 15:06:28,17592,17592,17592,2,0
2021-12-14 15:06:31,17592,17592,17592,2,0
2021-12-14 15:06:31,17592,17592,17592,2,0
2021-12-14 15:06:34,17592,17592,17592,2,0
2021-12-14 15:06:34,17592,17592,17592,2,0
2021-12-14 15:06:35,17592,17592,17592,4,0
2021-12-14 15:06:35,17592,17592,17592,4,0
2021-12-14 15:06:36,17591,17591,17591,2,-2
2021-12-14 15:06:37,17590,17590,17590,2,-2
2021-12-14 15:06:38,17591,17591,17591,2,2
2021-12-14 15:06:38,17590,17590,17590,2,-2
2021-12-14 15:06:38,17590,17590,17590,2,0
2021-12-14 15:06:38,17589,17589,17589,4,-4
2021-12-14 15:06:38,17589,17589,17589,2,0
2021-12-14 15:06:38,17589,17589,17589,2,0
2021-12-14 15:06:40,17590,17590,17590,2,2
2021-12-14 15:06:41,17590,17590,17590,2,0
2021-12-14 15:06:43,17590,17590,17590,2,0
2021-12-14 15:06:44,17588,17588,17588,4,-4
2021-12-14 15:06:44,17588,17588,17588,2,0
2021-12-14 15:06:44,17588,17588,17588,4,0
2021-12-14 15:06:44,17588,17588,17588,30,0
2021-12-14 15:06:54,17588,17588,17588,2,0
2021-12-14 15:06:54,17587,17587,17587,2,-2
2021-12-14 15:06:57,17587,17587,17587,2,0
2021-12-14 15:06:59,17587,17587,17587,2,0
2021-12-14 15:07:03,17588,17588,17588,2,2
2021-12-14 15:07:04,17588,17588,17588,2,0
2021-12-14 15:07:06,17587,17587,17587,2,-2
2021-12-14 15:07:09,17586,17586,17586,2,-2
2021-12-14 15:07:09,17586,17586,17586,2,0
2021-12-14 15:07:09,17586,17586,17586,2,0
2021-12-14 15:07:09,17585,17585,17585,2,-2
2021-12-14 15:07:09,17585,17585,17585,2,0
2021-12-14 15:07:09,17585,17585,17585,2,0
2021-12-14 15:07:09,17585,17585,17585,6,0
2021-12-14 15:07:11,17584,17584,17584,2,-2
2021-12-14 15:07:11,17584,17584,17584,2,0
2021-12-14 15:07:11,17584,17584,17584,4,0
2021-12-14 15:07:11,17584,17584,17584,2,0
2021-12-14 15:07:11,17584,17584,17584,2,0
2021-12-14 15:07:11,17583,17583,17583,2,-2
2021-12-14 15:07:11,17583,17583,17583,16,0
2021-12-14 15:07:11,17583,17583,17583,2,0
2021-12-14 15:07:11,17583,17583,17583,2,0
2021-12-14 15:07:11,17583,17583,17583,4,0
2021-12-14 15:07:11,17584,17584,17584,6,6
2021-12-14 15:07:12,17584,17584,17584,2,0
2021-12-14 15:07:13,17583,17583,17583,2,-2
2021-12-14 15:07:14,17583,17583,17583,2,0
2021-12-14 15:07:15,17584,17584,17584,2,2
2021-12-14 15:07:16,17583,17583,17583,2,-2
2021-12-14 15:07:16,17583,17583,17583,2,0
2021-12-14 15:07:16,17583,17583,17583,4,0
2021-12-14 15:07:16,17583,17583,17583,2,0
2021-12-14 15:07:16,17582,17582,17582,4,-4
2021-12-14 15:07:16,17582,17582,17582,4,0
2021-12-14 15:07:16,17582,17582,17582,2,0
2021-12-14 15:07:16,17582,17582,17582,4,0
2021-12-14 15:07:16,17582,17582,17582,2,0
2021-12-14 15:07:16,17582,17582,17582,4,0
2021-12-14 15:07:16,17582,17582,17582,2,0
2021-12-14 15:07:16,17582,17582,17582,2,0
2021-12-14 15:07:16,17582,17582,17582,2,0
2021-12-14 15:07:16,17582,17582,17582,2,0
2021-12-14 15:07:16,17582,17582,17582,2,0
2021-12-14 15:07:16,17581,17581,17581,2,-2
2021-12-14 15:07:16,17581,17581,17581,2,0
2021-12-14 15:07:18,17583,17583,17583,2,2
2021-12-14 15:07:19,17581,17581,17581,2,-2
2021-12-14 15:07:21,17581,17581,17581,2,0
2021-12-14 15:07:21,17582,17582,17582,2,2
2021-12-14 15:07:22,17581,17581,17581,2,-2
2021-12-14 15:07:26,17581,17581,17581,2,0
2021-12-14 15:07:28,17580,17580,17580,2,-2
2021-12-14 15:07:28,17580,17580,17580,6,0
2021-12-14 15:07:28,17580,17580,17580,2,0
2021-12-14 15:07:28,17580,17580,17580,4,0
2021-12-14 15:07:28,17580,17580,17580,2,0
2021-12-14 15:07:28,17580,17580,17580,2,0
2021-12-14 15:07:28,17580,17580,17580,2,0
2021-12-14 15:07:28,17579,17579,17579,2,-2
2021-12-14 15:07:28,17579,17579,17579,2,0
2021-12-14 15:07:28,17580,17580,17580,2,2
2021-12-14 15:07:29,17579,17579,17579,2,-2
2021-12-14 15:07:29,17579,17579,17579,2,0
2021-12-14 15:07:29,17579,17579,17579,2,0
2021-12-14 15:07:30,17578,17578,17578,2,-2
2021-12-14 15:07:33,17578,17578,17578,2,0
2021-12-14 15:07:34,17578,17578,17578,2,0
2021-12-14 15:07:36,17578,17578,17578,2,0
2021-12-14 15:07:40,17579,17579,17579,6,6
2021-12-14 15:07:48,17579,17579,17579,2,0
2021-12-14 15:07:48,17578,17578,17578,2,-2
2021-12-14 15:07:52,17578,17578,17578,2,0
2021-12-14 15:07:54,17578,17578,17578,2,0
2021-12-14 15:07:55,17579,17579,17579,2,2
2021-12-14 15:07:55,17578,17578,17578,2,-2
2021-12-14 15:07:56,17579,17579,17579,2,2
2021-12-14 15:07:56,17578,17578,17578,2,-2
2021-12-14 15:08:00,17579,17579,17579,2,2
2021-12-14 15:08:02,17578,17578,17578,4,-4
2021-12-14 15:08:02,17578,17578,17578,2,0
2021-12-14 15:08:02,17578,17578,17578,2,0
2021-12-14 15:08:02,17577,17577,17577,2,-2
2021-12-14 15:08:02,17577,17577,17577,2,0
2021-12-14 15:08:02,17577,17577,17577,2,0
2021-12-14 15:08:02,17577,17577,17577,2,0
2021-12-14 15:08:05,17577,17577,17577,2,0
2021-12-14 15:08:08,17578,17578,17578,4,4
2021-12-14 15:08:08,17579,17579,17579,2,2
2021-12-14 15:08:08,17579,17579,17579,6,0
2021-12-14 15:08:08,17578,17578,17578,2,-2
2021-12-14 15:08:08,17578,17578,17578,2,0
2021-12-14 15:08:09,17578,17578,17578,2,0
2021-12-14 15:08:11,17577,17577,17577,2,-2
2021-12-14 15:08:11,17578,17578,17578,4,4
2021-12-14 15:08:12,17578,17578,17578,2,0
2021-12-14 15:08:14,17576,17576,17576,2,-2
2021-12-14 15:08:14,17576,17576,17576,2,0
2021-12-14 15:08:15,17576,17576,17576,2,0
2021-12-14 15:08:15,17576,17576,17576,2,0
2021-12-14 15:08:15,17576,17576,17576,2,0
2021-12-14 15:08:15,17576,17576,17576,20,0
2021-12-14 15:08:15,17576,17576,17576,2,0
2021-12-14 15:08:15,17576,17576,17576,2,0
2021-12-14 15:08:15,17576,17576,17576,2,0
2021-12-14 15:08:16,17575,17575,17575,2,-2
2021-12-14 15:08:16,17575,17575,17575,2,0
2021-12-14 15:08:17,17576,17576,17576,6,6
2021-12-14 15:08:17,17575,17575,17575,2,-2
2021-12-14 15:08:17,17575,17575,17575,2,0
2021-12-14 15:08:19,17574,17574,17574,2,-2
2021-12-14 15:08:20,17574,17574,17574,2,0
2021-12-14 15:08:20,17574,17574,17574,6,0
2021-12-14 15:08:20,17574,17574,17574,2,0
2021-12-14 15:08:20,17573,17573,17573,2,-2
2021-12-14 15:08:21,17575,17575,17575,2,2
2021-12-14 15:08:21,17574,17574,17574,2,-2
2021-12-14 15:08:24,17575,17575,17575,2,2
2021-12-14 15:08:25,17574,17574,17574,2,-2
2021-12-14 15:08:25,17574,17574,17574,2,0
2021-12-14 15:08:25,17574,17574,17574,2,0
2021-12-14 15:08:25,17573,17573,17573,4,-4
2021-12-14 15:08:25,17575,17575,17575,4,4
2021-12-14 15:08:29,17574,17574,17574,2,-2
2021-12-14 15:08:29,17573,17573,17573,2,-2
2021-12-14 15:08:29,17573,17573,17573,4,0
2021-12-14 15:08:29,17573,17573,17573,2,0
2021-12-14 15:08:29,17573,17573,17573,2,0
2021-12-14 15:08:29,17573,17573,17573,2,0
2021-12-14 15:08:29,17573,17573,17573,2,0
2021-12-14 15:08:29,17573,17573,17573,2,0
2021-12-14 15:08:31,17572,17572,17572,2,-2
2021-12-14 15:08:33,17572,17572,17572,2,0
2021-12-14 15:08:36,17573,17573,17573,36,36
2021-12-14 15:08:36,17573,17573,17573,2,0
2021-12-14 15:08:38,17574,17574,17574,2,2
2021-12-14 15:08:38,17574,17574,17574,2,0
2021-12-14 15:08:39,17574,17574,17574,4,0
2021-12-14 15:08:40,17573,17573,17573,2,-2
2021-12-14 15:08:40,17573,17573,17573,2,0
2021-12-14 15:08:40,17573,17573,17573,2,0
2021-12-14 15:08:40,17573,17573,17573,4,0
2021-12-14 15:08:45,17574,17574,17574,10,10
2021-12-14 15:08:45,17573,17573,17573,2,-2
2021-12-14 15:08:47,17572,17572,17572,4,-4
2021-12-14 15:08:47,17572,17572,17572,2,0
2021-12-14 15:08:47,17572,17572,17572,2,0
2021-12-14 15:08:47,17572,17572,17572,2,0
2021-12-14 15:08:47,17572,17572,17572,2,0
2021-12-14 15:08:47,17572,17572,17572,2,0
2021-12-14 15:08:47,17572,17572,17572,2,0
2021-12-14 15:08:47,17572,17572,17572,2,0
2021-12-14 15:08:47,17573,17573,17573,4,4
2021-12-14 15:08:48,17571,17571,17571,2,-2
2021-12-14 15:08:48,17571,17571,17571,2,0
2021-12-14 15:08:48,17571,17571,17571,2,0
2021-12-14 15:08:48,17571,17571,17571,2,0
2021-12-14 15:08:48,17571,17571,17571,2,0
2021-12-14 15:08:48,17570,17570,17570,4,-4
2021-12-14 15:08:48,17570,17570,17570,4,0
2021-12-14 15:08:48,17571,17571,17571,2,2
2021-12-14 15:08:48,17572,17572,17572,2,2
2021-12-14 15:08:49,17570,17570,17570,10,-10
2021-12-14 15:08:49,17571,17571,17571,2,2
2021-12-14 15:08:49,17570,17570,17570,2,-2
2021-12-14 15:08:50,17571,17571,17571,2,2
2021-12-14 15:08:51,17570,17570,17570,2,-2
2021-12-14 15:08:51,17570,17570,17570,2,0
2021-12-14 15:08:52,17570,17570,17570,2,0
2021-12-14 15:08:53,17571,17571,17571,2,2
2021-12-14 15:08:53,17570,17570,17570,2,-2
2021-12-14 15:08:53,17570,17570,17570,2,0
2021-12-14 15:08:54,17571,17571,17571,4,4
2021-12-14 15:08:54,17572,17572,17572,6,6
2021-12-14 15:08:54,17570,17570,17570,2,-2
2021-12-14 15:08:55,17572,17572,17572,2,2
2021-12-14 15:08:58,17572,17572,17572,2,0
2021-12-14 15:08:58,17572,17572,17572,4,0
2021-12-14 15:08:58,17572,17572,17572,4,0
2021-12-14 15:08:59,17571,17571,17571,2,-2
2021-12-14 15:09:00,17572,17572,17572,4,4
2021-12-14 15:09:01,17572,17572,17572,2,0
2021-12-14 15:09:01,17571,17571,17571,2,-2
2021-12-14 15:09:01,17572,17572,17572,2,2
2021-12-14 15:09:02,17572,17572,17572,2,0
2021-12-14 15:09:02,17572,17572,17572,26,0
2021-12-14 15:09:03,17573,17573,17573,2,2
2021-12-14 15:09:03,17574,17574,17574,2,2
2021-12-14 15:09:03,17572,17572,17572,2,-2
2021-12-14 15:09:03,17572,17572,17572,2,0
2021-12-14 15:09:07,17572,17572,17572,2,0
2021-12-14 15:09:08,17572,17572,17572,2,0
2021-12-14 15:09:08,17572,17572,17572,2,0
2021-12-14 15:09:09,17572,17572,17572,2,0
2021-12-14 15:09:11,17573,17573,17573,2,2
2021-12-14 15:09:12,17574,17574,17574,4,4
2021-12-14 15:09:13,17574,17574,17574,2,0
2021-12-14 15:09:15,17574,17574,17574,4,0
2021-12-14 15:09:15,17575,17575,17575,6,6
2021-12-14 15:09:16,17575,17575,17575,4,0
2021-12-14 15:09:19,17575,17575,17575,2,0
2021-12-14 15:09:19,17575,17575,17575,8,0
2021-12-14 15:09:19,17575,17575,17575,8,0
2021-12-14 15:09:20,17576,17576,17576,2,2
2021-12-14 15:09:20,17576,17576,17576,4,0
2021-12-14 15:09:20,17575,17575,17575,2,-2
2021-12-14 15:09:20,17575,17575,17575,2,0
2021-12-14 15:09:20,17575,17575,17575,2,0
2021-12-14 15:09:20,17575,17575,17575,2,0
2021-12-14 15:09:22,17576,17576,17576,2,2
2021-12-14 15:09:22,17576,17576,17576,2,0
2021-12-14 15:09:23,17576,17576,17576,6,0
2021-12-14 15:09:23,17576,17576,17576,2,0
2021-12-14 15:09:23,17576,17576,17576,4,0
2021-12-14 15:09:24,17577,17577,17577,4,4
2021-12-14 15:09:25,17577,17577,17577,2,0
2021-12-14 15:09:27,17576,17576,17576,2,-2
2021-12-14 15:09:27,17577,17577,17577,2,2
2021-12-14 15:09:31,17576,17576,17576,2,-2
2021-12-14 15:09:31,17576,17576,17576,4,0
2021-12-14 15:09:31,17576,17576,17576,2,0
2021-12-14 15:09:31,17576,17576,17576,2,0
2021-12-14 15:09:31,17576,17576,17576,2,0
2021-12-14 15:09:34,17576,17576,17576,10,0
2021-12-14 15:09:34,17576,17576,17576,4,0
2021-12-14 15:09:34,17576,17576,17576,2,0
2021-12-14 15:09:35,17576,17576,17576,2,0
2021-12-14 15:09:35,17576,17576,17576,2,0
2021-12-14 15:09:35,17576,17576,17576,6,0
2021-12-14 15:09:35,17577,17577,17577,6,6
2021-12-14 15:09:35,17578,17578,17578,16,16
2021-12-14 15:09:35,17578,17578,17578,50,0
2021-12-14 15:09:35,17579,17579,17579,2,2
2021-12-14 15:09:35,17579,17579,17579,6,0
2021-12-14 15:09:35,17580,17580,17580,6,6
2021-12-14 15:09:40,17576,17576,17576,2,-2
2021-12-14 15:09:40,17576,17576,17576,2,0
2021-12-14 15:09:40,17576,17576,17576,2,0
2021-12-14 15:09:40,17576,17576,17576,4,0
2021-12-14 15:09:44,17577,17577,17577,2,2
2021-12-14 15:09:44,17577,17577,17577,2,0
2021-12-14 15:09:47,17577,17577,17577,2,0
2021-12-14 15:09:48,17576,17576,17576,2,-2
2021-12-14 15:09:48,17576,17576,17576,4,0
2021-12-14 15:09:48,17576,17576,17576,2,0
2021-12-14 15:09:48,17576,17576,17576,2,0
2021-12-14 15:09:49,17577,17577,17577,2,2
2021-12-14 15:09:49,17576,17576,17576,2,-2
2021-12-14 15:09:50,17576,17576,17576,4,0
2021-12-14 15:09:50,17576,17576,17576,2,0
2021-12-14 15:09:51,17577,17577,17577,2,2
2021-12-14 15:09:56,17576,17576,17576,4,-4
2021-12-14 15:09:59,17577,17577,17577,2,2
2021-12-14 15:09:59,17576,17576,17576,2,-2
2021-12-14 15:10:04,17577,17577,17577,2,2
2021-12-14 15:10:07,17576,17576,17576,2,-2
2021-12-14 15:10:09,17576,17576,17576,2,0
2021-12-14 15:10:11,17576,17576,17576,2,0
2021-12-14 15:10:14,17576,17576,17576,2,0
2021-12-14 15:10:18,17576,17576,17576,2,0
2021-12-14 15:10:18,17576,17576,17576,2,0
2021-12-14 15:10:20,17576,17576,17576,2,0
2021-12-14 15:10:22,17576,17576,17576,2,0
2021-12-14 15:10:25,17576,17576,17576,2,0
2021-12-14 15:10:26,17576,17576,17576,2,0
2021-12-14 15:10:27,17576,17576,17576,6,0
2021-12-14 15:10:29,17576,17576,17576,2,0
2021-12-14 15:10:33,17576,17576,17576,2,0
2021-12-14 15:10:33,17576,17576,17576,2,0
2021-12-14 15:10:35,17576,17576,17576,2,0
2021-12-14 15:10:37,17576,17576,17576,2,0
2021-12-14 15:10:37,17576,17576,17576,2,0
2021-12-14 15:10:39,17576,17576,17576,2,0
2021-12-14 15:10:40,17576,17576,17576,2,0
2021-12-14 15:10:40,17575,17575,17575,2,-2
2021-12-14 15:10:40,17575,17575,17575,2,0
2021-12-14 15:10:40,17575,17575,17575,2,0
2021-12-14 15:10:40,17575,17575,17575,4,0
2021-12-14 15:10:46,17575,17575,17575,2,0
2021-12-14 15:10:46,17575,17575,17575,2,0
2021-12-14 15:10:46,17575,17575,17575,2,0
2021-12-14 15:10:46,17575,17575,17575,2,0
2021-12-14 15:10:46,17575,17575,17575,4,0
2021-12-14 15:10:50,17574,17574,17574,2,-2
2021-12-14 15:10:50,17574,17574,17574,2,0
2021-12-14 15:10:50,17574,17574,17574,2,0
2021-12-14 15:10:50,17574,17574,17574,2,0
2021-12-14 15:10:50,17574,17574,17574,2,0
2021-12-14 15:10:50,17574,17574,17574,2,0
2021-12-14 15:10:50,17574,17574,17574,6,0
2021-12-14 15:10:50,17574,17574,17574,8,0
2021-12-14 15:10:55,17573,17573,17573,2,-2
2021-12-14 15:10:58,17573,17573,17573,2,0
2021-12-14 15:10:58,17573,17573,17573,6,0
2021-12-14 15:10:58,17573,17573,17573,2,0
2021-12-14 15:10:59,17573,17573,17573,2,0
2021-12-14 15:11:01,17573,17573,17573,2,0
2021-12-14 15:11:08,17573,17573,17573,2,0
2021-12-14 15:11:08,17573,17573,17573,2,0
2021-12-14 15:11:19,17574,17574,17574,2,2
2021-12-14 15:11:29,17572,17572,17572,2,-2
2021-12-14 15:11:29,17572,17572,17572,4,0
2021-12-14 15:11:29,17572,17572,17572,2,0
2021-12-14 15:11:29,17572,17572,17572,2,0
2021-12-14 15:11:37,17573,17573,17573,2,2
2021-12-14 15:11:37,17573,17573,17573,6,0
2021-12-14 15:11:37,17573,17573,17573,2,0
2021-12-14 15:11:37,17573,17573,17573,8,0
2021-12-14 15:11:38,17573,17573,17573,2,0
2021-12-14 15:11:38,17573,17573,17573,2,0
2021-12-14 15:11:38,17573,17573,17573,2,0
2021-12-14 15:11:38,17573,17573,17573,2,0
2021-12-14 15:11:38,17573,17573,17573,2,0
2021-12-14 15:11:38,17574,17574,17574,14,14
2021-12-14 15:11:45,17575,17575,17575,2,2
2021-12-14 15:11:46,17575,17575,17575,2,0
2021-12-14 15:11:47,17575,17575,17575,2,0
2021-12-14 15:11:49,17575,17575,17575,4,0
2021-12-14 15:11:50,17575,17575,17575,2,0
2021-12-14 15:11:51,17575,17575,17575,2,0
2021-12-14 15:11:52,17575,17575,17575,2,0
2021-12-14 15:11:52,17575,17575,17575,2,0
2021-12-14 15:11:56,17576,17576,17576,2,2
2021-12-14 15:11:56,17575,17575,17575,2,-2
2021-12-14 15:11:58,17576,17576,17576,4,4
2021-12-14 15:11:58,17576,17576,17576,2,0
2021-12-14 15:11:59,17576,17576,17576,2,0
2021-12-14 15:11:59,17576,17576,17576,2,0
2021-12-14 15:11:59,17577,17577,17577,10,10
2021-12-14 15:12:03,17577,17577,17577,2,0
2021-12-14 15:12:05,17579,17579,17579,2,2
2021-12-14 15:12:07,17579,17579,17579,2,0
2021-12-14 15:12:09,17579,17579,17579,2,0
2021-12-14 15:12:11,17579,17579,17579,2,0
2021-12-14 15:12:13,17579,17579,17579,6,0
2021-12-14 15:12:17,17579,17579,17579,2,0
2021-12-14 15:12:18,17580,17580,17580,4,4
2021-12-14 15:12:20,17579,17579,17579,2,-2
2021-12-14 15:12:21,17579,17579,17579,2,0
2021-12-14 15:12:21,17579,17579,17579,6,0
2021-12-14 15:12:21,17580,17580,17580,6,6
2021-12-14 15:12:21,17580,17580,17580,16,0
2021-12-14 15:12:21,17581,17581,17581,2,2
2021-12-14 15:12:26,17581,17581,17581,4,0
2021-12-14 15:12:30,17581,17581,17581,2,0
2021-12-14 15:12:31,17581,17581,17581,2,0
2021-12-14 15:12:31,17581,17581,17581,4,0
2021-12-14 15:12:33,17581,17581,17581,2,0
2021-12-14 15:12:33,17581,17581,17581,2,0
2021-12-14 15:12:33,17580,17580,17580,2,-2
2021-12-14 15:12:37,17581,17581,17581,2,2
2021-12-14 15:12:37,17582,17582,17582,2,2
2021-12-14 15:12:37,17582,17582,17582,2,0
2021-12-14 15:12:41,17581,17581,17581,2,-2
2021-12-14 15:12:42,17582,17582,17582,6,6
2021-12-14 15:12:42,17581,17581,17581,2,-2
2021-12-14 15:12:47,17582,17582,17582,2,2
2021-12-14 15:12:47,17582,17582,17582,2,0
2021-12-14 15:12:47,17583,17583,17583,2,2
2021-12-14 15:12:54,17581,17581,17581,2,-2
2021-12-14 15:13:09,17583,17583,17583,14,14
2021-12-14 15:13:09,17584,17584,17584,2,2
2021-12-14 15:13:09,17584,17584,17584,8,0
2021-12-14 15:13:09,17585,17585,17585,2,2
2021-12-14 15:13:09,17585,17585,17585,4,0
2021-12-14 15:13:09,17585,17585,17585,4,0
2021-12-14 15:13:09,17586,17586,17586,10,10
2021-12-14 15:13:09,17586,17586,17586,2,0
2021-12-14 15:13:10,17587,17587,17587,10,10
2021-12-14 15:13:10,17588,17588,17588,2,2
2021-12-14 15:13:10,17588,17588,17588,4,0
2021-12-14 15:13:10,17588,17588,17588,6,0
2021-12-14 15:13:10,17588,17588,17588,2,0
2021-12-14 15:13:10,17588,17588,17588,2,0
2021-12-14 15:13:10,17588,17588,17588,2,0
2021-12-14 15:13:10,17588,17588,17588,2,0
2021-12-14 15:13:10,17588,17588,17588,2,0
2021-12-14 15:13:10,17588,17588,17588,2,0
2021-12-14 15:13:10,17588,17588,17588,2,0
2021-12-14 15:13:10,17589,17589,17589,2,2
2021-12-14 15:13:10,17587,17587,17587,2,-2
2021-12-14 15:13:10,17588,17588,17588,2,2
2021-12-14 15:13:10,17588,17588,17588,2,0
2021-12-14 15:13:11,17587,17587,17587,2,-2
2021-12-14 15:13:13,17588,17588,17588,2,2
2021-12-14 15:13:20,17587,17587,17587,4,-4
2021-12-14 15:13:21,17588,17588,17588,4,4
2021-12-14 15:13:24,17588,17588,17588,2,0
2021-12-14 15:13:24,17588,17588,17588,2,0
2021-12-14 15:13:26,17589,17589,17589,6,6
2021-12-14 15:13:27,17590,17590,17590,2,2
2021-12-14 15:13:27,17590,17590,17590,2,0
2021-12-14 15:13:27,17590,17590,17590,4,0
2021-12-14 15:13:28,17590,17590,17590,2,0
2021-12-14 15:13:28,17591,17591,17591,4,4
2021-12-14 15:13:29,17591,17591,17591,2,0
2021-12-14 15:13:30,17591,17591,17591,2,0
2021-12-14 15:13:31,17591,17591,17591,2,0
2021-12-14 15:13:31,17590,17590,17590,2,-2
2021-12-14 15:13:32,17591,17591,17591,2,2
2021-12-14 15:13:33,17591,17591,17591,2,0
2021-12-14 15:13:33,17591,17591,17591,4,0
2021-12-14 15:13:35,17590,17590,17590,2,-2
2021-12-14 15:13:36,17591,17591,17591,2,2
2021-12-14 15:13:37,17591,17591,17591,2,0
2021-12-14 15:13:38,17590,17590,17590,2,-2
2021-12-14 15:13:38,17589,17589,17589,2,-2
2021-12-14 15:13:38,17590,17590,17590,2,2
2021-12-14 15:13:40,17590,17590,17590,2,0
2021-12-14 15:13:41,17589,17589,17589,2,-2
2021-12-14 15:13:41,17588,17588,17588,2,-2
2021-12-14 15:13:41,17589,17589,17589,2,2
2021-12-14 15:13:46,17587,17587,17587,2,-2
2021-12-14 15:13:47,17588,17588,17588,2,2
2021-12-14 15:13:50,17588,17588,17588,2,0
2021-12-14 15:13:51,17589,17589,17589,2,2
2021-12-14 15:13:51,17589,17589,17589,2,0
2021-12-14 15:13:52,17588,17588,17588,2,-2
2021-12-14 15:13:57,17588,17588,17588,2,0
2021-12-14 15:13:57,17588,17588,17588,2,0
2021-12-14 15:13:57,17587,17587,17587,2,-2
2021-12-14 15:13:57,17588,17588,17588,2,2
2021-12-14 15:13:59,17587,17587,17587,2,-2
2021-12-14 15:14:01,17588,17588,17588,2,2
2021-12-14 15:14:01,17588,17588,17588,2,0
2021-12-14 15:14:04,17589,17589,17589,4,4
2021-12-14 15:14:06,17588,17588,17588,4,-4
2021-12-14 15:14:06,17587,17587,17587,2,-2
2021-12-14 15:14:06,17587,17587,17587,2,0
2021-12-14 15:14:06,17587,17587,17587,2,0
2021-12-14 15:14:06,17587,17587,17587,2,0
2021-12-14 15:14:06,17587,17587,17587,2,0
2021-12-14 15:14:06,17587,17587,17587,2,0
2021-12-14 15:14:06,17587,17587,17587,2,0
2021-12-14 15:14:06,17587,17587,17587,2,0
2021-12-14 15:14:07,17587,17587,17587,2,0
2021-12-14 15:14:07,17587,17587,17587,2,0
2021-12-14 15:14:07,17586,17586,17586,2,-2
2021-12-14 15:14:07,17586,17586,17586,2,0
2021-12-14 15:14:07,17586,17586,17586,2,0
2021-12-14 15:14:07,17586,17586,17586,2,0
2021-12-14 15:14:07,17586,17586,17586,2,0
2021-12-14 15:14:07,17586,17586,17586,2,0
2021-12-14 15:14:09,17586,17586,17586,2,0
2021-12-14 15:14:11,17585,17585,17585,2,-2
2021-12-14 15:14:15,17585,17585,17585,2,0
2021-12-14 15:14:15,17586,17586,17586,4,4
2021-12-14 15:14:15,17586,17586,17586,2,0
2021-12-14 15:14:17,17586,17586,17586,2,0
2021-12-14 15:14:20,17587,17587,17587,4,4
2021-12-14 15:14:20,17587,17587,17587,4,0
2021-12-14 15:14:20,17587,17587,17587,6,0
2021-12-14 15:14:20,17587,17587,17587,2,0
2021-12-14 15:14:22,17587,17587,17587,4,0
2021-12-14 15:14:29,17589,17589,17589,2,2
2021-12-14 15:14:32,17589,17589,17589,2,0
2021-12-14 15:14:33,17589,17589,17589,2,0
2021-12-14 15:14:37,17590,17590,17590,12,12
2021-12-14 15:14:38,17590,17590,17590,2,0
2021-12-14 15:14:43,17590,17590,17590,6,0
2021-12-14 15:14:43,17590,17590,17590,2,0
2021-12-14 15:14:45,17590,17590,17590,2,0
2021-12-14 15:14:55,17591,17591,17591,2,2
2021-12-14 15:14:55,17591,17591,17591,2,0
2021-12-14 15:14:58,17591,17591,17591,2,0
2021-12-14 15:15:03,17591,17591,17591,2,0
2021-12-14 15:15:03,17591,17591,17591,2,0
2021-12-14 15:15:11,17591,17591,17591,2,0
2021-12-14 15:15:12,17592,17592,17592,2,2
2021-12-14 15:15:20,17591,17591,17591,4,-4
2021-12-14 15:15:20,17591,17591,17591,2,0
2021-12-14 15:15:20,17591,17591,17591,2,0
2021-12-14 15:15:20,17591,17591,17591,2,0
2021-12-14 15:15:21,17590,17590,17590,20,-20
2021-12-14 15:15:21,17590,17590,17590,2,0
2021-12-14 15:15:21,17590,17590,17590,2,0
2021-12-14 15:15:21,17590,17590,17590,2,0
2021-12-14 15:15:21,17590,17590,17590,2,0
2021-12-14 15:15:24,17589,17589,17589,2,-2
2021-12-14 15:15:24,17589,17589,17589,2,0
2021-12-14 15:15:25,17590,17590,17590,2,2
2021-12-14 15:15:27,17591,17591,17591,20,20
2021-12-14 15:15:36,17591,17591,17591,2,0
2021-12-14 15:15:43,17591,17591,17591,2,0
2021-12-14 15:15:43,17591,17591,17591,18,0
2021-12-14 15:15:44,17590,17590,17590,2,-2
2021-12-14 15:15:44,17590,17590,17590,2,0
2021-12-14 15:15:44,17590,17590,17590,2,0
2021-12-14 15:15:53,17590,17590,17590,2,0
2021-12-14 15:15:53,17590,17590,17590,4,0
2021-12-14 15:15:55,17590,17590,17590,14,0
2021-12-14 15:15:55,17590,17590,17590,2,0
2021-12-14 15:15:55,17590,17590,17590,2,0
2021-12-14 15:15:55,17590,17590,17590,2,0
2021-12-14 15:15:55,17590,17590,17590,2,0
2021-12-14 15:15:55,17590,17590,17590,2,0
2021-12-14 15:15:55,17590,17590,17590,2,0
2021-12-14 15:16:02,17590,17590,17590,2,0
2021-12-14 15:16:02,17590,17590,17590,6,0
2021-12-14 15:16:02,17590,17590,17590,2,0
2021-12-14 15:16:02,17590,17590,17590,2,0
2021-12-14 15:16:07,17591,17591,17591,2,2
2021-12-14 15:16:07,17592,17592,17592,2,2
2021-12-14 15:16:07,17592,17592,17592,2,0
2021-12-14 15:16:07,17592,17592,17592,2,0
2021-12-14 15:16:07,17592,17592,17592,2,0
2021-12-14 15:16:11,17592,17592,17592,6,0
2021-12-14 15:16:32,17591,17591,17591,2,-2
2021-12-14 15:16:32,17591,17591,17591,2,0
2021-12-14 15:16:32,17591,17591,17591,8,0
2021-12-14 15:16:35,17592,17592,17592,4,4
2021-12-14 15:16:35,17592,17592,17592,2,0
2021-12-14 15:16:35,17592,17592,17592,2,0
2021-12-14 15:16:35,17592,17592,17592,2,0
2021-12-14 15:16:35,17592,17592,17592,2,0
2021-12-14 15:16:38,17592,17592,17592,2,0
2021-12-14 15:16:40,17592,17592,17592,2,0
2021-12-14 15:16:40,17593,17593,17593,2,2
2021-12-14 15:16:40,17593,17593,17593,2,0
2021-12-14 15:16:40,17593,17593,17593,2,0
2021-12-14 15:16:40,17593,17593,17593,2,0
2021-12-14 15:16:42,17592,17592,17592,2,-2
2021-12-14 15:16:47,17591,17591,17591,2,-2
2021-12-14 15:16:49,17592,17592,17592,10,10
2021-12-14 15:16:49,17593,17593,17593,30,30
2021-12-14 15:16:49,17594,17594,17594,2,2
2021-12-14 15:16:49,17594,17594,17594,2,0
2021-12-14 15:16:49,17594,17594,17594,2,0
2021-12-14 15:16:49,17594,17594,17594,2,0
2021-12-14 15:16:49,17594,17594,17594,2,0
2021-12-14 15:16:49,17594,17594,17594,2,0
2021-12-14 15:16:49,17594,17594,17594,2,0
2021-12-14 15:16:49,17594,17594,17594,2,0
2021-12-14 15:16:49,17592,17592,17592,2,-2
2021-12-14 15:16:49,17592,17592,17592,2,0
2021-12-14 15:16:56,17593,17593,17593,6,6
2021-12-14 15:17:02,17593,17593,17593,2,0
2021-12-14 15:17:03,17593,17593,17593,2,0
2021-12-14 15:17:06,17593,17593,17593,2,0
2021-12-14 15:17:08,17593,17593,17593,2,0
2021-12-14 15:17:12,17594,17594,17594,14,14
2021-12-14 15:17:12,17594,17594,17594,2,0
2021-12-14 15:17:12,17594,17594,17594,4,0
2021-12-14 15:17:12,17594,17594,17594,2,0
2021-12-14 15:17:14,17593,17593,17593,2,-2
2021-12-14 15:17:14,17593,17593,17593,2,0
2021-12-14 15:17:14,17593,17593,17593,2,0
2021-12-14 15:17:18,17592,17592,17592,2,-2
2021-12-14 15:17:18,17592,17592,17592,10,0
2021-12-14 15:17:18,17592,17592,17592,10,0
2021-12-14 15:17:18,17592,17592,17592,2,0
2021-12-14 15:17:21,17592,17592,17592,6,0
2021-12-14 15:17:21,17593,17593,17593,14,14
2021-12-14 15:17:24,17591,17591,17591,2,-2
2021-12-14 15:17:29,17591,17591,17591,2,0
2021-12-14 15:17:34,17591,17591,17591,2,0
2021-12-14 15:17:35,17591,17591,17591,10,0
2021-12-14 15:17:35,17592,17592,17592,10,10
2021-12-14 15:17:53,17593,17593,17593,2,2
2021-12-14 15:17:53,17593,17593,17593,2,0
2021-12-14 15:17:56,17592,17592,17592,10,-10
2021-12-14 15:17:57,17592,17592,17592,10,0
2021-12-14 15:17:57,17592,17592,17592,2,0
2021-12-14 15:18:00,17593,17593,17593,4,4
2021-12-14 15:18:00,17593,17593,17593,4,0
2021-12-14 15:18:00,17593,17593,17593,2,0
2021-12-14 15:18:02,17594,17594,17594,2,2
2021-12-14 15:18:02,17595,17595,17595,14,14
2021-12-14 15:18:02,17595,17595,17595,2,0
2021-12-14 15:18:02,17595,17595,17595,8,0
2021-12-14 15:18:02,17594,17594,17594,2,-2
2021-12-14 15:18:02,17596,17596,17596,2,2
2021-12-14 15:18:02,17596,17596,17596,2,0
2021-12-14 15:18:02,17596,17596,17596,4,0
2021-12-14 15:18:03,17596,17596,17596,2,0
2021-12-14 15:18:08,17595,17595,17595,2,-2
2021-12-14 15:18:18,17596,17596,17596,2,2
2021-12-14 15:18:18,17596,17596,17596,2,0
2021-12-14 15:18:18,17596,17596,17596,2,0
2021-12-14 15:18:18,17596,17596,17596,8,0
2021-12-14 15:18:18,17596,17596,17596,2,0
2021-12-14 15:18:18,17596,17596,17596,2,0
2021-12-14 15:18:18,17596,17596,17596,2,0
2021-12-14 15:18:18,17596,17596,17596,2,0
2021-12-14 15:18:20,17595,17595,17595,2,-2
2021-12-14 15:18:20,17597,17597,17597,2,2
2021-12-14 15:18:20,17597,17597,17597,2,0
2021-12-14 15:18:22,17597,17597,17597,4,0
2021-12-14 15:18:23,17598,17598,17598,4,4
2021-12-14 15:18:23,17598,17598,17598,2,0
2021-12-14 15:18:23,17597,17597,17597,2,-2
2021-12-14 15:18:24,17598,17598,17598,2,2
2021-12-14 15:18:24,17598,17598,17598,4,0
2021-12-14 15:18:24,17598,17598,17598,4,0
2021-12-14 15:18:25,17598,17598,17598,6,0
2021-12-14 15:18:25,17598,17598,17598,2,0
2021-12-14 15:18:26,17598,17598,17598,2,0
2021-12-14 15:18:27,17599,17599,17599,2,2
2021-12-14 15:18:27,17599,17599,17599,2,0
2021-12-14 15:18:27,17599,17599,17599,4,0
2021-12-14 15:18:27,17599,17599,17599,2,0
2021-12-14 15:18:27,17600,17600,17600,2,2
2021-12-14 15:18:27,17600,17600,17600,2,0
2021-12-14 15:18:30,17599,17599,17599,2,-2
2021-12-14 15:18:31,17599,17599,17599,2,0
2021-12-14 15:18:31,17599,17599,17599,4,0
2021-12-14 15:18:32,17599,17599,17599,2,0
2021-12-14 15:18:32,17598,17598,17598,2,-2
2021-12-14 15:18:34,17599,17599,17599,8,8
2021-12-14 15:18:34,17599,17599,17599,2,0
2021-12-14 15:18:35,17599,17599,17599,2,0
2021-12-14 15:18:36,17600,17600,17600,4,4
2021-12-14 15:18:37,17600,17600,17600,4,0
2021-12-14 15:18:37,17600,17600,17600,4,0
2021-12-14 15:18:38,17600,17600,17600,2,0
2021-12-14 15:18:39,17600,17600,17600,2,0
2021-12-14 15:18:39,17600,17600,17600,20,0
2021-12-14 15:18:39,17600,17600,17600,2,0
2021-12-14 15:18:39,17600,17600,17600,4,0
2021-12-14 15:18:39,17600,17600,17600,6,0
2021-12-14 15:18:39,17600,17600,17600,2,0
2021-12-14 15:18:40,17600,17600,17600,2,0
2021-12-14 15:18:41,17600,17600,17600,6,0
2021-12-14 15:18:42,17601,17601,17601,6,6
2021-12-14 15:18:42,17601,17601,17601,2,0
2021-12-14 15:18:43,17600,17600,17600,2,-2
2021-12-14 15:18:44,17601,17601,17601,2,2
2021-12-14 15:18:44,17601,17601,17601,2,0
2021-12-14 15:18:44,17601,17601,17601,2,0
2021-12-14 15:18:48,17601,17601,17601,2,0
2021-12-14 15:18:50,17601,17601,17601,2,0
2021-12-14 15:18:50,17601,17601,17601,2,0
2021-12-14 15:18:51,17601,17601,17601,2,0
2021-12-14 15:18:53,17600,17600,17600,2,-2
2021-12-14 15:18:54,17600,17600,17600,2,0
2021-12-14 15:18:54,17600,17600,17600,2,0
2021-12-14 15:18:56,17601,17601,17601,4,4
2021-12-14 15:18:56,17601,17601,17601,2,0
2021-12-14 15:19:01,17601,17601,17601,2,0
2021-12-14 15:19:02,17602,17602,17602,2,2
2021-12-14 15:19:02,17602,17602,17602,20,0
2021-12-14 15:19:02,17602,17602,17602,2,0
2021-12-14 15:19:02,17602,17602,17602,2,0
2021-12-14 15:19:02,17603,17603,17603,2,2
2021-12-14 15:19:02,17603,17603,17603,2,0
2021-12-14 15:19:03,17603,17603,17603,2,0
2021-12-14 15:19:03,17603,17603,17603,4,0
2021-12-14 15:19:03,17603,17603,17603,2,0
2021-12-14 15:19:03,17602,17602,17602,2,-2
2021-12-14 15:19:03,17603,17603,17603,12,12
2021-12-14 15:19:03,17603,17603,17603,2,0
2021-12-14 15:19:09,17603,17603,17603,2,0
2021-12-14 15:19:09,17602,17602,17602,2,-2
2021-12-14 15:19:10,17603,17603,17603,8,8
2021-12-14 15:19:10,17603,17603,17603,2,0
2021-12-14 15:19:10,17603,17603,17603,2,0
2021-12-14 15:19:10,17603,17603,17603,2,0
2021-12-14 15:19:10,17602,17602,17602,2,-2
2021-12-14 15:19:13,17603,17603,17603,2,2
2021-12-14 15:19:14,17603,17603,17603,12,0
2021-12-14 15:19:14,17604,17604,17604,8,8
2021-12-14 15:19:14,17604,17604,17604,2,0
2021-12-14 15:19:14,17604,17604,17604,2,0
2021-12-14 15:19:14,17604,17604,17604,2,0
2021-12-14 15:19:14,17603,17603,17603,2,-2
2021-12-14 15:19:15,17604,17604,17604,10,10
2021-12-14 15:19:17,17603,17603,17603,6,-6
2021-12-14 15:19:17,17603,17603,17603,2,0
2021-12-14 15:19:20,17603,17603,17603,2,0
2021-12-14 15:19:23,17603,17603,17603,2,0
2021-12-14 15:19:25,17603,17603,17603,14,0
2021-12-14 15:19:25,17604,17604,17604,6,6
2021-12-14 15:19:25,17605,17605,17605,2,2
2021-12-14 15:19:25,17605,17605,17605,8,0
2021-12-14 15:19:25,17605,17605,17605,2,0
2021-12-14 15:19:27,17604,17604,17604,2,-2
2021-12-14 15:19:29,17604,17604,17604,2,0
2021-12-14 15:19:30,17605,17605,17605,8,8
2021-12-14 15:19:31,17604,17604,17604,2,-2
2021-12-14 15:19:31,17604,17604,17604,2,0
2021-12-14 15:19:32,17605,17605,17605,2,2
2021-12-14 15:19:33,17605,17605,17605,2,0
2021-12-14 15:19:33,17605,17605,17605,6,0
2021-12-14 15:19:33,17606,17606,17606,2,2
2021-12-14 15:19:33,17606,17606,17606,8,0
2021-12-14 15:19:33,17607,17607,17607,8,8
2021-12-14 15:19:33,17607,17607,17607,2,0
2021-12-14 15:19:34,17608,17608,17608,2,2
2021-12-14 15:19:34,17608,17608,17608,2,0
2021-12-14 15:19:34,17608,17608,17608,2,0
2021-12-14 15:19:34,17608,17608,17608,2,0
2021-12-14 15:19:34,17608,17608,17608,2,0
2021-12-14 15:19:34,17608,17608,17608,2,0
2021-12-14 15:19:34,17608,17608,17608,2,0
2021-12-14 15:19:34,17608,17608,17608,2,0
2021-12-14 15:19:34,17609,17609,17609,2,2
2021-12-14 15:19:34,17609,17609,17609,2,0
2021-12-14 15:19:34,17609,17609,17609,2,0
2021-12-14 15:19:34,17609,17609,17609,2,0
2021-12-14 15:19:34,17609,17609,17609,2,0
2021-12-14 15:19:34,17609,17609,17609,2,0
2021-12-14 15:19:34,17609,17609,17609,2,0
2021-12-14 15:19:34,17609,17609,17609,8,0
2021-12-14 15:19:34,17609,17609,17609,4,0
2021-12-14 15:19:34,17609,17609,17609,2,0
2021-12-14 15:19:34,17607,17607,17607,2,-2
2021-12-14 15:19:34,17609,17609,17609,4,4
2021-12-14 15:19:34,17609,17609,17609,2,0
2021-12-14 15:19:34,17609,17609,17609,2,0
2021-12-14 15:19:34,17609,17609,17609,4,0
2021-12-14 15:19:34,17609,17609,17609,4,0
2021-12-14 15:19:34,17607,17607,17607,2,-2
2021-12-14 15:19:34,17607,17607,17607,2,0
2021-12-14 15:19:35,17607,17607,17607,2,0
2021-12-14 15:19:36,17606,17606,17606,2,-2
2021-12-14 15:19:36,17606,17606,17606,2,0
2021-12-14 15:19:36,17606,17606,17606,14,0
2021-12-14 15:19:37,17605,17605,17605,2,-2
2021-12-14 15:19:37,17607,17607,17607,2,2
2021-12-14 15:19:37,17605,17605,17605,2,-2
2021-12-14 15:19:37,17605,17605,17605,2,0
2021-12-14 15:19:40,17606,17606,17606,2,2
2021-12-14 15:19:40,17606,17606,17606,4,0
2021-12-14 15:19:41,17607,17607,17607,2,2
2021-12-14 15:19:41,17607,17607,17607,4,0
2021-12-14 15:19:41,17607,17607,17607,2,0
2021-12-14 15:19:41,17607,17607,17607,2,0
2021-12-14 15:19:41,17607,17607,17607,2,0
2021-12-14 15:19:41,17607,17607,17607,6,0
2021-12-14 15:19:43,17607,17607,17607,2,0
2021-12-14 15:19:43,17608,17608,17608,2,2
2021-12-14 15:19:43,17608,17608,17608,2,0
2021-12-14 15:19:44,17607,17607,17607,2,-2
2021-12-14 15:19:44,17607,17607,17607,2,0
2021-12-14 15:19:44,17607,17607,17607,2,0
2021-12-14 15:19:46,17608,17608,17608,2,2
2021-12-14 15:19:46,17609,17609,17609,2,2
2021-12-14 15:19:47,17609,17609,17609,2,0
2021-12-14 15:19:47,17609,17609,17609,2,0
2021-12-14 15:19:48,17609,17609,17609,2,0
2021-12-14 15:19:48,17610,17610,17610,14,14
2021-12-14 15:19:48,17611,17611,17611,2,2
2021-12-14 15:19:48,17610,17610,17610,6,-6
2021-12-14 15:19:48,17610,17610,17610,2,0
2021-12-14 15:19:48,17610,17610,17610,2,0
2021-12-14 15:19:48,17609,17609,17609,4,-4
2021-12-14 15:19:51,17610,17610,17610,2,2
2021-12-14 15:19:51,17610,17610,17610,2,0
2021-12-14 15:19:52,17609,17609,17609,2,-2
2021-12-14 15:19:54,17609,17609,17609,2,0
2021-12-14 15:19:57,17611,17611,17611,2,2
2021-12-14 15:19:57,17612,17612,17612,2,2
2021-12-14 15:19:57,17612,17612,17612,4,0
2021-12-14 15:19:58,17612,17612,17612,2,0
2021-12-14 15:19:58,17613,17613,17613,2,2
2021-12-14 15:19:58,17611,17611,17611,2,-2
2021-12-14 15:19:58,17612,17612,17612,2,2
2021-12-14 15:19:58,17613,17613,17613,2,2
2021-12-14 15:19:58,17613,17613,17613,2,0
2021-12-14 15:19:58,17612,17612,17612,2,-2
2021-12-14 15:19:58,17613,17613,17613,4,4
2021-12-14 15:20:00,17611,17611,17611,6,-6
2021-12-14 15:20:00,17611,17611,17611,2,0
2021-12-14 15:20:00,17611,17611,17611,2,0
2021-12-14 15:20:00,17612,17612,17612,2,2
2021-12-14 15:20:00,17612,17612,17612,2,0
2021-12-14 15:20:00,17612,17612,17612,2,0
2021-12-14 15:20:00,17612,17612,17612,2,0
2021-12-14 15:20:00,17613,17613,17613,2,2
2021-12-14 15:20:00,17613,17613,17613,2,0
2021-12-14 15:20:00,17613,17613,17613,2,0
2021-12-14 15:20:00,17613,17613,17613,2,0
2021-12-14 15:20:01,17613,17613,17613,8,0
2021-12-14 15:20:01,17614,17614,17614,12,12
2021-12-14 15:20:01,17614,17614,17614,2,0
2021-12-14 15:20:01,17614,17614,17614,2,0
2021-12-14 15:20:01,17614,17614,17614,2,0
2021-12-14 15:20:01,17612,17612,17612,2,-2
2021-12-14 15:20:01,17612,17612,17612,2,0
2021-12-14 15:20:01,17612,17612,17612,2,0
2021-12-14 15:20:01,17612,17612,17612,2,0
2021-12-14 15:20:02,17614,17614,17614,2,2
2021-12-14 15:20:02,17614,17614,17614,2,0
2021-12-14 15:20:02,17614,17614,17614,2,0
2021-12-14 15:20:03,17614,17614,17614,2,0
2021-12-14 15:20:05,17612,17612,17612,2,-2
2021-12-14 15:20:05,17612,17612,17612,2,0
2021-12-14 15:20:06,17612,17612,17612,2,0
2021-12-14 15:20:07,17610,17610,17610,2,-2
2021-12-14 15:20:07,17612,17612,17612,2,2
2021-12-14 15:20:07,17612,17612,17612,2,0
2021-12-14 15:20:07,17612,17612,17612,2,0
2021-12-14 15:20:07,17612,17612,17612,2,0
2021-12-14 15:20:07,17612,17612,17612,2,0
2021-12-14 15:20:07,17613,17613,17613,2,2
2021-12-14 15:20:09,17613,17613,17613,10,0
2021-12-14 15:20:09,17613,17613,17613,8,0
2021-12-14 15:20:09,17613,17613,17613,6,0
2021-12-14 15:20:09,17614,17614,17614,2,2
2021-12-14 15:20:09,17614,17614,17614,2,0
2021-12-14 15:20:10,17611,17611,17611,2,-2
2021-12-14 15:20:10,17611,17611,17611,2,0
2021-12-14 15:20:10,17613,17613,17613,10,10
2021-12-14 15:20:13,17611,17611,17611,2,-2
2021-12-14 15:20:13,17611,17611,17611,2,0
2021-12-14 15:20:13,17610,17610,17610,2,-2
2021-12-14 15:20:14,17610,17610,17610,20,0
2021-12-14 15:20:14,17610,17610,17610,10,0
2021-12-14 15:20:14,17610,17610,17610,2,0
2021-12-14 15:20:14,17609,17609,17609,6,-6
2021-12-14 15:20:14,17610,17610,17610,8,8
2021-12-14 15:20:14,17611,17611,17611,2,2
2021-12-14 15:20:15,17609,17609,17609,2,-2
2021-12-14 15:20:19,17609,17609,17609,2,0
2021-12-14 15:20:19,17609,17609,17609,2,0
2021-12-14 15:20:19,17608,17608,17608,2,-2
2021-12-14 15:20:22,17609,17609,17609,2,2
2021-12-14 15:20:22,17610,17610,17610,4,4
2021-12-14 15:20:22,17610,17610,17610,4,0
2021-12-14 15:20:22,17610,17610,17610,10,0
2021-12-14 15:20:22,17610,17610,17610,2,0
2021-12-14 15:20:22,17610,17610,17610,2,0
2021-12-14 15:20:22,17611,17611,17611,2,2
2021-12-14 15:20:22,17611,17611,17611,2,0
2021-12-14 15:20:22,17611,17611,17611,2,0
2021-12-14 15:20:22,17611,17611,17611,2,0
2021-12-14 15:20:22,17609,17609,17609,2,-2
2021-12-14 15:20:27,17609,17609,17609,2,0
2021-12-14 15:20:27,17609,17609,17609,2,0
2021-12-14 15:20:31,17609,17609,17609,2,0
2021-12-14 15:20:31,17610,17610,17610,2,2
2021-12-14 15:20:31,17611,17611,17611,2,2
2021-12-14 15:20:31,17611,17611,17611,2,0
2021-12-14 15:20:31,17611,17611,17611,2,0
2021-12-14 15:20:34,17611,17611,17611,10,0
2021-12-14 15:20:35,17611,17611,17611,2,0
2021-12-14 15:20:39,17609,17609,17609,2,-2
2021-12-14 15:20:40,17609,17609,17609,2,0
2021-12-14 15:20:40,17610,17610,17610,2,2
2021-12-14 15:20:40,17610,17610,17610,2,0
2021-12-14 15:20:40,17610,17610,17610,2,0
2021-12-14 15:20:40,17611,17611,17611,2,2
2021-12-14 15:20:40,17611,17611,17611,2,0
2021-12-14 15:20:40,17611,17611,17611,2,0
2021-12-14 15:20:40,17611,17611,17611,2,0
2021-12-14 15:20:40,17611,17611,17611,2,0
2021-12-14 15:20:40,17611,17611,17611,2,0
2021-12-14 15:20:40,17611,17611,17611,2,0
2021-12-14 15:20:40,17611,17611,17611,2,0
2021-12-14 15:20:40,17611,17611,17611,2,0
2021-12-14 15:20:43,17609,17609,17609,2,-2
2021-12-14 15:20:44,17610,17610,17610,2,2
2021-12-14 15:20:46,17609,17609,17609,2,-2
2021-12-14 15:20:50,17609,17609,17609,2,0
2021-12-14 15:20:50,17610,17610,17610,2,2
2021-12-14 15:20:50,17609,17609,17609,2,-2
2021-12-14 15:20:50,17610,17610,17610,2,2
2021-12-14 15:20:51,17609,17609,17609,2,-2
2021-12-14 15:20:51,17609,17609,17609,2,0
2021-12-14 15:20:53,17609,17609,17609,2,0
2021-12-14 15:20:56,17609,17609,17609,4,0
2021-12-14 15:20:56,17609,17609,17609,12,0
2021-12-14 15:20:58,17608,17608,17608,4,-4
2021-12-14 15:20:58,17608,17608,17608,4,0
2021-12-14 15:20:58,17608,17608,17608,6,0
2021-12-14 15:20:58,17608,17608,17608,16,0
2021-12-14 15:20:58,17608,17608,17608,2,0
2021-12-14 15:20:58,17608,17608,17608,2,0
2021-12-14 15:20:58,17608,17608,17608,2,0
2021-12-14 15:20:58,17608,17608,17608,4,0
2021-12-14 15:20:58,17608,17608,17608,2,0
2021-12-14 15:20:58,17607,17607,17607,2,-2
2021-12-14 15:20:58,17607,17607,17607,2,0
2021-12-14 15:20:59,17606,17606,17606,2,-2
2021-12-14 15:21:04,17605,17605,17605,2,-2
2021-12-14 15:21:04,17605,17605,17605,2,0
2021-12-14 15:21:04,17606,17606,17606,2,2
2021-12-14 15:21:09,17606,17606,17606,4,0
2021-12-14 15:21:09,17607,17607,17607,2,2
2021-12-14 15:21:09,17607,17607,17607,2,0
2021-12-14 15:21:09,17607,17607,17607,2,0
2021-12-14 15:21:14,17607,17607,17607,2,0
2021-12-14 15:21:14,17608,17608,17608,4,4
2021-12-14 15:21:14,17609,17609,17609,2,2
2021-12-14 15:21:14,17609,17609,17609,2,0
2021-12-14 15:21:14,17609,17609,17609,2,0
2021-12-14 15:21:14,17609,17609,17609,2,0
2021-12-14 15:21:14,17609,17609,17609,2,0
2021-12-14 15:21:14,17609,17609,17609,2,0
2021-12-14 15:21:14,17610,17610,17610,2,2
2021-12-14 15:21:14,17610,17610,17610,2,0
2021-12-14 15:21:17,17607,17607,17607,2,-2
2021-12-14 15:21:19,17608,17608,17608,2,2
2021-12-14 15:21:19,17609,17609,17609,2,2
2021-12-14 15:21:19,17609,17609,17609,2,0
2021-12-14 15:21:19,17609,17609,17609,2,0
2021-12-14 15:21:19,17609,17609,17609,2,0
2021-12-14 15:21:19,17609,17609,17609,2,0
2021-12-14 15:21:19,17609,17609,17609,2,0
2021-12-14 15:21:19,17609,17609,17609,2,0
2021-12-14 15:21:19,17609,17609,17609,2,0
2021-12-14 15:21:19,17610,17610,17610,2,2
2021-12-14 15:21:20,17609,17609,17609,2,-2
2021-12-14 15:21:22,17609,17609,17609,2,0
2021-12-14 15:21:31,17609,17609,17609,4,0
2021-12-14 15:21:37,17607,17607,17607,2,-2
2021-12-14 15:21:37,17607,17607,17607,2,0
2021-12-14 15:21:37,17607,17607,17607,2,0
2021-12-14 15:21:37,17608,17608,17608,2,2
2021-12-14 15:21:37,17608,17608,17608,2,0
2021-12-14 15:21:37,17608,17608,17608,2,0
2021-12-14 15:21:37,17608,17608,17608,2,0
2021-12-14 15:21:37,17609,17609,17609,2,2
2021-12-14 15:21:37,17609,17609,17609,2,0
2021-12-14 15:21:37,17609,17609,17609,2,0
2021-12-14 15:21:47,17607,17607,17607,2,-2
2021-12-14 15:21:47,17607,17607,17607,2,0
2021-12-14 15:21:47,17607,17607,17607,2,0
2021-12-14 15:21:47,17607,17607,17607,10,0
2021-12-14 15:21:47,17608,17608,17608,2,2
2021-12-14 15:21:47,17606,17606,17606,2,-2
2021-12-14 15:21:47,17606,17606,17606,2,0
2021-12-14 15:21:47,17606,17606,17606,2,0
2021-12-14 15:21:52,17606,17606,17606,2,0
2021-12-14 15:22:10,17606,17606,17606,2,0
2021-12-14 15:22:10,17606,17606,17606,2,0
2021-12-14 15:22:12,17606,17606,17606,2,0
2021-12-14 15:22:13,17606,17606,17606,2,0
2021-12-14 15:22:21,17607,17607,17607,2,2
2021-12-14 15:22:31,17606,17606,17606,2,-2
2021-12-14 15:22:31,17606,17606,17606,2,0
2021-12-14 15:22:31,17606,17606,17606,2,0
2021-12-14 15:22:31,17606,17606,17606,2,0
2021-12-14 15:22:31,17606,17606,17606,2,0
2021-12-14 15:22:31,17605,17605,17605,2,-2
2021-12-14 15:22:31,17605,17605,17605,2,0
2021-12-14 15:22:31,17605,17605,17605,10,0
2021-12-14 15:22:31,17605,17605,17605,2,0
2021-12-14 15:22:31,17605,17605,17605,2,0
2021-12-14 15:22:31,17605,17605,17605,2,0
2021-12-14 15:22:31,17605,17605,17605,2,0
2021-12-14 15:22:31,17605,17605,17605,2,0
2021-12-14 15:22:36,17605,17605,17605,10,0
2021-12-14 15:22:37,17605,17605,17605,2,0
2021-12-14 15:22:40,17604,17604,17604,2,-2
2021-12-14 15:22:44,17605,17605,17605,2,2
2021-12-14 15:22:46,17604,17604,17604,2,-2
2021-12-14 15:22:46,17604,17604,17604,2,0
2021-12-14 15:22:48,17604,17604,17604,2,0
2021-12-14 15:22:48,17604,17604,17604,2,0
2021-12-14 15:22:48,17604,17604,17604,2,0
2021-12-14 15:22:51,17605,17605,17605,2,2
2021-12-14 15:22:52,17604,17604,17604,2,-2
2021-12-14 15:22:53,17604,17604,17604,2,0
2021-12-14 15:22:56,17604,17604,17604,4,0
2021-12-14 15:22:57,17605,17605,17605,2,2
2021-12-14 15:22:57,17604,17604,17604,4,-4
2021-12-14 15:22:57,17604,17604,17604,6,0
2021-12-14 15:23:09,17604,17604,17604,2,0
2021-12-14 15:23:09,17604,17604,17604,2,0
2021-12-14 15:23:09,17604,17604,17604,2,0
2021-12-14 15:23:09,17603,17603,17603,2,-2
2021-12-14 15:23:09,17603,17603,17603,2,0
2021-12-14 15:23:09,17602,17602,17602,2,-2
2021-12-14 15:23:09,17602,17602,17602,2,0
2021-12-14 15:23:09,17602,17602,17602,2,0
2021-12-14 15:23:09,17602,17602,17602,2,0
2021-12-14 15:23:09,17602,17602,17602,2,0
2021-12-14 15:23:17,17603,17603,17603,8,8
2021-12-14 15:23:22,17604,17604,17604,2,2
2021-12-14 15:23:24,17603,17603,17603,4,-4
2021-12-14 15:23:24,17603,17603,17603,2,0
2021-12-14 15:23:26,17603,17603,17603,2,0
2021-12-14 15:23:31,17603,17603,17603,4,0
2021-12-14 15:23:31,17602,17602,17602,8,-8
2021-12-14 15:23:31,17602,17602,17602,2,0
2021-12-14 15:23:38,17603,17603,17603,6,6
2021-12-14 15:23:38,17603,17603,17603,2,0
2021-12-14 15:23:38,17603,17603,17603,2,0
2021-12-14 15:23:40,17603,17603,17603,4,0
2021-12-14 15:23:44,17602,17602,17602,2,-2
2021-12-14 15:23:51,17603,17603,17603,2,2
2021-12-14 15:23:51,17602,17602,17602,8,-8
2021-12-14 15:23:51,17602,17602,17602,2,0
2021-12-14 15:23:51,17602,17602,17602,2,0
2021-12-14 15:23:51,17602,17602,17602,2,0
2021-12-14 15:23:51,17602,17602,17602,2,0
2021-12-14 15:23:51,17602,17602,17602,2,0
2021-12-14 15:23:51,17602,17602,17602,2,0
2021-12-14 15:23:51,17602,17602,17602,2,0
2021-12-14 15:23:51,17602,17602,17602,2,0
2021-12-14 15:24:01,17602,17602,17602,2,0
2021-12-14 15:24:08,17603,17603,17603,2,2
2021-12-14 15:24:13,17602,17602,17602,2,-2
2021-12-14 15:24:15,17603,17603,17603,2,2
2021-12-14 15:24:21,17603,17603,17603,6,0
2021-12-14 15:24:25,17602,17602,17602,4,-4
2021-12-14 15:24:25,17602,17602,17602,2,0
2021-12-14 15:24:25,17601,17601,17601,4,-4
2021-12-14 15:24:25,17601,17601,17601,4,0
2021-12-14 15:24:25,17601,17601,17601,2,0
2021-12-14 15:24:25,17601,17601,17601,2,0
2021-12-14 15:24:25,17601,17601,17601,2,0
2021-12-14 15:24:25,17601,17601,17601,6,0
2021-12-14 15:24:25,17601,17601,17601,2,0
2021-12-14 15:24:25,17601,17601,17601,2,0
2021-12-14 15:24:50,17602,17602,17602,2,2
2021-12-14 15:24:55,17602,17602,17602,2,0
2021-12-14 15:25:09,17601,17601,17601,2,-2
2021-12-14 15:25:13,17601,17601,17601,2,0
2021-12-14 15:25:29,17602,17602,17602,12,12
2021-12-14 15:25:31,17602,17602,17602,2,0
2021-12-14 15:25:31,17602,17602,17602,2,0
2021-12-14 15:25:45,17602,17602,17602,2,0
2021-12-14 15:25:49,17603,17603,17603,2,2
2021-12-14 15:26:13,17603,17603,17603,8,0
2021-12-14 15:26:21,17604,17604,17604,2,2
2021-12-14 15:26:21,17604,17604,17604,2,0
2021-12-14 15:26:24,17603,17603,17603,2,-2
2021-12-14 15:26:26,17604,17604,17604,2,2
2021-12-14 15:26:29,17604,17604,17604,2,0
2021-12-14 15:26:36,17605,17605,17605,2,2
2021-12-14 15:26:45,17603,17603,17603,2,-2
2021-12-14 15:26:45,17605,17605,17605,4,4
2021-12-14 15:26:47,17605,17605,17605,2,0
2021-12-14 15:26:57,17605,17605,17605,2,0
2021-12-14 15:27:11,17604,17604,17604,2,-2
2021-12-14 15:27:11,17605,17605,17605,2,2
2021-12-14 15:27:11,17605,17605,17605,2,0
2021-12-14 15:27:11,17605,17605,17605,2,0
2021-12-14 15:27:11,17605,17605,17605,4,0
2021-12-14 15:27:12,17605,17605,17605,2,0
2021-12-14 15:27:12,17604,17604,17604,2,-2
2021-12-14 15:27:12,17604,17604,17604,2,0
2021-12-14 15:27:12,17604,17604,17604,2,0
2021-12-14 15:27:12,17604,17604,17604,2,0
2021-12-14 15:27:12,17604,17604,17604,2,0
2021-12-14 15:27:12,17606,17606,17606,2,2
2021-12-14 15:27:12,17606,17606,17606,2,0
2021-12-14 15:27:30,17606,17606,17606,2,0
2021-12-14 15:27:42,17605,17605,17605,4,-4
2021-12-14 15:27:42,17605,17605,17605,2,0
2021-12-14 15:27:42,17606,17606,17606,2,2
2021-12-14 15:27:42,17606,17606,17606,2,0
2021-12-14 15:27:42,17606,17606,17606,2,0
2021-12-14 15:27:42,17606,17606,17606,2,0
2021-12-14 15:27:42,17606,17606,17606,2,0
2021-12-14 15:27:42,17606,17606,17606,2,0
2021-12-14 15:27:42,17606,17606,17606,2,0
2021-12-14 15:27:42,17606,17606,17606,2,0
2021-12-14 15:27:42,17607,17607,17607,2,2
2021-12-14 15:27:42,17607,17607,17607,2,0
2021-12-14 15:27:42,17607,17607,17607,2,0
2021-12-14 15:27:42,17607,17607,17607,2,0
2021-12-14 15:27:42,17607,17607,17607,2,0
2021-12-14 15:27:42,17607,17607,17607,2,0
2021-12-14 15:27:42,17607,17607,17607,2,0
2021-12-14 15:27:42,17607,17607,17607,2,0
2021-12-14 15:27:42,17607,17607,17607,2,0
2021-12-14 15:27:42,17607,17607,17607,2,0
2021-12-14 15:27:42,17607,17607,17607,2,0
2021-12-14 15:27:46,17607,17607,17607,4,0
2021-12-14 15:27:47,17607,17607,17607,2,0
2021-12-14 15:27:47,17608,17608,17608,2,2
2021-12-14 15:27:47,17608,17608,17608,2,0
2021-12-14 15:27:47,17608,17608,17608,2,0
2021-12-14 15:27:47,17608,17608,17608,2,0
2021-12-14 15:27:47,17608,17608,17608,2,0
2021-12-14 15:27:49,17607,17607,17607,2,-2
2021-12-14 15:28:09,17607,17607,17607,2,0
2021-12-14 15:28:09,17607,17607,17607,2,0
2021-12-14 15:28:09,17607,17607,17607,4,0
2021-12-14 15:28:22,17606,17606,17606,2,-2
2021-12-14 15:28:27,17606,17606,17606,2,0
2021-12-14 15:28:28,17606,17606,17606,2,0
2021-12-14 15:28:28,17606,17606,17606,4,0
2021-12-14 15:28:44,17605,17605,17605,2,-2
2021-12-14 15:29:06,17605,17605,17605,2,0
2021-12-14 15:29:06,17605,17605,17605,2,0
2021-12-14 15:29:06,17605,17605,17605,2,0
2021-12-14 15:29:06,17605,17605,17605,2,0
2021-12-14 15:29:06,17605,17605,17605,10,0
2021-12-14 15:29:06,17605,17605,17605,2,0
2021-12-14 15:29:06,17605,17605,17605,4,0
2021-12-14 15:29:06,17605,17605,17605,2,0
2021-12-14 15:29:14,17605,17605,17605,2,0
2021-12-14 15:29:14,17605,17605,17605,2,0
2021-12-14 15:29:48,17604,17604,17604,2,-2
2021-12-14 15:29:48,17605,17605,17605,8,8
2021-12-14 15:29:48,17605,17605,17605,6,0
2021-12-14 15:29:52,17605,17605,17605,2,0
2021-12-14 15:29:52,17605,17605,17605,2,0
2021-12-14 15:29:52,17605,17605,17605,2,0
2021-12-14 15:29:52,17605,17605,17605,4,0
2021-12-14 15:29:52,17606,17606,17606,2,2
2021-12-14 15:29:52,17607,17607,17607,2,2
2021-12-14 15:29:52,17607,17607,17607,2,0
2021-12-14 15:29:52,17607,17607,17607,2,0
2021-12-14 15:29:52,17607,17607,17607,2,0
2021-12-14 15:29:52,17607,17607,17607,2,0
2021-12-14 15:30:00,17606,17606,17606,2,-2
2021-12-14 15:30:04,17606,17606,17606,2,0
2021-12-14 15:30:04,17607,17607,17607,2,2
2021-12-14 15:30:04,17607,17607,17607,2,0
2021-12-14 15:30:04,17608,17608,17608,2,2
2021-12-14 15:30:04,17607,17607,17607,2,-2
2021-12-14 15:30:05,17606,17606,17606,2,-2
2021-12-14 15:30:05,17606,17606,17606,2,0
2021-12-14 15:30:14,17607,17607,17607,2,2
2021-12-14 15:30:28,17606,17606,17606,2,-2
2021-12-14 15:30:28,17606,17606,17606,2,0
2021-12-14 15:30:28,17607,17607,17607,2,2
2021-12-14 15:30:28,17607,17607,17607,2,0
2021-12-14 15:30:28,17607,17607,17607,2,0
2021-12-14 15:30:30,17606,17606,17606,2,-2
2021-12-14 15:30:30,17606,17606,17606,2,0
2021-12-14 15:30:30,17607,17607,17607,2,2
2021-12-14 15:30:56,17607,17607,17607,8,0
2021-12-14 15:30:56,17608,17608,17608,2,2
2021-12-14 15:31:02,17608,17608,17608,2,0
2021-12-14 15:31:02,17608,17608,17608,2,0
2021-12-14 15:31:02,17608,17608,17608,2,0
2021-12-14 15:31:02,17608,17608,17608,6,0
2021-12-14 15:31:13,17607,17607,17607,2,-2
2021-12-14 15:31:28,17607,17607,17607,2,0
2021-12-14 15:31:35,17607,17607,17607,2,0
2021-12-14 15:31:47,17608,17608,17608,2,2
2021-12-14 15:32:02,17608,17608,17608,2,0
2021-12-14 15:32:02,17609,17609,17609,2,2
2021-12-14 15:32:02,17609,17609,17609,2,0
2021-12-14 15:32:09,17609,17609,17609,4,0
2021-12-14 15:32:09,17609,17609,17609,2,0
2021-12-14 15:32:09,17609,17609,17609,2,0
2021-12-14 15:32:09,17609,17609,17609,2,0
2021-12-14 15:32:10,17607,17607,17607,2,-2
2021-12-14 15:32:10,17609,17609,17609,2,2
2021-12-14 15:32:10,17609,17609,17609,2,0
2021-12-14 15:32:11,17609,17609,17609,2,0
2021-12-14 15:32:27,17607,17607,17607,4,-4
2021-12-14 15:32:27,17607,17607,17607,2,0
2021-12-14 15:32:27,17606,17606,17606,2,-2
2021-12-14 15:32:27,17604,17604,17604,2,-2
2021-12-14 15:32:27,17604,17604,17604,2,0
2021-12-14 15:32:27,17603,17603,17603,8,-8
2021-12-14 15:32:27,17603,17603,17603,2,0
2021-12-14 15:32:30,17603,17603,17603,2,0
2021-12-14 15:32:30,17604,17604,17604,2,2
2021-12-14 15:32:30,17605,17605,17605,2,2
2021-12-14 15:32:30,17605,17605,17605,2,0
2021-12-14 15:32:35,17603,17603,17603,2,-2
2021-12-14 15:32:35,17603,17603,17603,2,0
2021-12-14 15:32:35,17603,17603,17603,2,0
2021-12-14 15:32:40,17603,17603,17603,2,0
2021-12-14 15:32:40,17603,17603,17603,2,0
2021-12-14 15:32:40,17603,17603,17603,4,0
2021-12-14 15:32:40,17603,17603,17603,4,0
2021-12-14 15:32:44,17603,17603,17603,2,0
2021-12-14 15:32:44,17603,17603,17603,2,0
2021-12-14 15:32:44,17604,17604,17604,2,2
2021-12-14 15:32:44,17604,17604,17604,2,0
2021-12-14 15:32:57,17604,17604,17604,2,0
2021-12-14 15:32:58,17604,17604,17604,2,0
2021-12-14 15:33:05,17603,17603,17603,2,-2
2021-12-14 15:33:19,17602,17602,17602,16,-16
2021-12-14 15:33:19,17602,17602,17602,2,0
2021-12-14 15:33:19,17602,17602,17602,2,0
2021-12-14 15:33:21,17602,17602,17602,4,0
2021-12-14 15:33:31,17602,17602,17602,4,0
2021-12-14 15:33:45,17602,17602,17602,2,0
2021-12-14 15:33:55,17602,17602,17602,2,0
2021-12-14 15:33:55,17601,17601,17601,2,-2
2021-12-14 15:33:56,17602,17602,17602,2,2
2021-12-14 15:34:00,17601,17601,17601,2,-2
2021-12-14 15:34:00,17601,17601,17601,2,0
2021-12-14 15:34:00,17601,17601,17601,2,0
2021-12-14 15:34:00,17601,17601,17601,2,0
2021-12-14 15:34:07,17600,17600,17600,4,-4
2021-12-14 15:34:07,17600,17600,17600,4,0
2021-12-14 15:34:09,17600,17600,17600,2,0
2021-12-14 15:34:12,17600,17600,17600,2,0
2021-12-14 15:34:12,17600,17600,17600,2,0
2021-12-14 15:34:14,17600,17600,17600,2,0
2021-12-14 15:34:25,17600,17600,17600,2,0
2021-12-14 15:34:26,17600,17600,17600,2,0
2021-12-14 15:34:27,17599,17599,17599,2,-2
2021-12-14 15:34:32,17599,17599,17599,2,0
2021-12-14 15:34:34,17599,17599,17599,4,0
2021-12-14 15:34:36,17598,17598,17598,2,-2
2021-12-14 15:34:38,17598,17598,17598,2,0
2021-12-14 15:34:39,17599,17599,17599,4,4
2021-12-14 15:34:43,17599,17599,17599,2,0
2021-12-14 15:34:52,17598,17598,17598,2,-2
2021-12-14 15:34:53,17598,17598,17598,2,0
2021-12-14 15:35:05,17599,17599,17599,2,2
2021-12-14 15:35:05,17599,17599,17599,6,0
2021-12-14 15:35:05,17599,17599,17599,2,0
2021-12-14 15:35:05,17600,17600,17600,6,6
2021-12-14 15:35:10,17599,17599,17599,2,-2
2021-12-14 15:35:11,17599,17599,17599,2,0
2021-12-14 15:35:22,17599,17599,17599,2,0
2021-12-14 15:35:22,17599,17599,17599,2,0
2021-12-14 15:35:22,17599,17599,17599,4,0
2021-12-14 15:35:44,17599,17599,17599,4,0
2021-12-14 15:35:44,17598,17598,17598,10,-10
2021-12-14 15:35:44,17598,17598,17598,2,0
2021-12-14 15:35:44,17598,17598,17598,2,0
2021-12-14 15:35:44,17598,17598,17598,2,0
2021-12-14 15:35:44,17598,17598,17598,2,0
2021-12-14 15:35:44,17598,17598,17598,2,0
2021-12-14 15:35:52,17598,17598,17598,2,0
2021-12-14 15:36:07,17597,17597,17597,2,-2
2021-12-14 15:36:07,17597,17597,17597,2,0
2021-12-14 15:36:25,17597,17597,17597,6,0
2021-12-14 15:36:26,17597,17597,17597,2,0
2021-12-14 15:36:29,17597,17597,17597,2,0
2021-12-14 15:36:29,17597,17597,17597,2,0
2021-12-14 15:36:41,17596,17596,17596,2,-2
2021-12-14 15:36:44,17596,17596,17596,2,0
2021-12-14 15:36:46,17596,17596,17596,6,0
2021-12-14 15:36:46,17596,17596,17596,2,0
2021-12-14 15:36:59,17595,17595,17595,2,-2
2021-12-14 15:37:04,17595,17595,17595,2,0
2021-12-14 15:37:05,17596,17596,17596,8,8
2021-12-14 15:37:05,17596,17596,17596,2,0
2021-12-14 15:37:05,17595,17595,17595,2,-2
2021-12-14 15:37:08,17595,17595,17595,2,0
2021-12-14 15:37:11,17596,17596,17596,2,2
2021-12-14 15:37:11,17596,17596,17596,2,0
2021-12-14 15:37:11,17597,17597,17597,10,10
2021-12-14 15:37:11,17596,17596,17596,2,-2
2021-12-14 15:37:11,17596,17596,17596,2,0
2021-12-14 15:37:18,17596,17596,17596,2,0
2021-12-14 15:37:18,17596,17596,17596,2,0
2021-12-14 15:37:19,17596,17596,17596,2,0
2021-12-14 15:37:19,17596,17596,17596,2,0
2021-12-14 15:37:22,17596,17596,17596,2,0
2021-12-14 15:37:28,17596,17596,17596,2,0
2021-12-14 15:37:39,17596,17596,17596,2,0
2021-12-14 15:37:42,17597,17597,17597,2,2
2021-12-14 15:37:43,17598,17598,17598,10,10
2021-12-14 15:37:43,17598,17598,17598,2,0
2021-12-14 15:37:43,17599,17599,17599,2,2
2021-12-14 15:38:00,17597,17597,17597,2,-2
2021-12-14 15:38:03,17598,17598,17598,2,2
2021-12-14 15:38:11,17596,17596,17596,2,-2
2021-12-14 15:38:39,17596,17596,17596,2,0
2021-12-14 15:38:47,17596,17596,17596,2,0
2021-12-14 15:38:47,17596,17596,17596,2,0
2021-12-14 15:39:19,17596,17596,17596,2,0
2021-12-14 15:40:10,17596,17596,17596,2,0
2021-12-14 15:40:10,17596,17596,17596,2,0
2021-12-14 15:40:10,17596,17596,17596,4,0
2021-12-14 15:40:23,17596,17596,17596,2,0
2021-12-14 15:40:29,17596,17596,17596,2,0
2021-12-14 15:40:43,17597,17597,17597,2,2
2021-12-14 15:40:43,17598,17598,17598,2,2
2021-12-14 15:40:57,17598,17598,17598,4,0
2021-12-14 15:41:02,17599,17599,17599,4,4
2021-12-14 15:41:07,17599,17599,17599,2,0
2021-12-14 15:41:07,17599,17599,17599,2,0
2021-12-14 15:41:17,17600,17600,17600,4,4
2021-12-14 15:41:22,17600,17600,17600,2,0
2021-12-14 15:41:25,17600,17600,17600,2,0
2021-12-14 15:41:27,17600,17600,17600,2,0
2021-12-14 15:41:32,17601,17601,17601,4,4
2021-12-14 15:41:38,17602,17602,17602,2,2
2021-12-14 15:42:16,17601,17601,17601,6,-6
2021-12-14 15:42:16,17601,17601,17601,2,0
2021-12-14 15:42:16,17601,17601,17601,2,0
2021-12-14 15:42:16,17602,17602,17602,2,2
2021-12-14 15:42:21,17601,17601,17601,2,-2
2021-12-14 15:42:21,17601,17601,17601,2,0
2021-12-14 15:42:21,17601,17601,17601,2,0
2021-12-14 15:42:21,17601,17601,17601,2,0
2021-12-14 15:42:28,17602,17602,17602,2,2
2021-12-14 15:42:38,17602,17602,17602,2,0
2021-12-14 15:42:38,17601,17601,17601,2,-2
2021-12-14 15:42:38,17601,17601,17601,2,0
2021-12-14 15:42:38,17601,17601,17601,2,0
2021-12-14 15:42:38,17601,17601,17601,2,0
2021-12-14 15:42:39,17602,17602,17602,2,2
2021-12-14 15:42:39,17601,17601,17601,2,-2
2021-12-14 15:42:44,17602,17602,17602,2,2
2021-12-14 15:42:53,17603,17603,17603,2,2
2021-12-14 15:42:56,17604,17604,17604,2,2
2021-12-14 15:42:56,17603,17603,17603,2,-2
2021-12-14 15:43:10,17605,17605,17605,4,4
2021-12-14 15:43:10,17605,17605,17605,4,0
2021-12-14 15:43:12,17605,17605,17605,4,0
2021-12-14 15:43:16,17605,17605,17605,2,0
2021-12-14 15:43:21,17605,17605,17605,2,0
2021-12-14 15:43:28,17605,17605,17605,4,0
2021-12-14 15:43:29,17607,17607,17607,2,2
2021-12-14 15:43:29,17607,17607,17607,2,0
2021-12-14 15:43:36,17605,17605,17605,2,-2
2021-12-14 15:43:36,17605,17605,17605,4,0
2021-12-14 15:43:36,17605,17605,17605,2,0
2021-12-14 15:43:36,17605,17605,17605,2,0
2021-12-14 15:43:36,17605,17605,17605,2,0
2021-12-14 15:43:37,17604,17604,17604,2,-2
2021-12-14 15:43:37,17604,17604,17604,2,0
2021-12-14 15:43:39,17604,17604,17604,2,0
2021-12-14 15:43:45,17605,17605,17605,2,2
2021-12-14 15:44:01,17604,17604,17604,2,-2
2021-12-14 15:44:04,17603,17603,17603,2,-2
2021-12-14 15:44:19,17600,17600,17600,2,-2
2021-12-14 15:44:19,17600,17600,17600,2,0
2021-12-14 15:44:19,17600,17600,17600,2,0
2021-12-14 15:44:30,17599,17599,17599,2,-2
2021-12-14 15:44:35,17599,17599,17599,2,0
2021-12-14 15:44:43,17598,17598,17598,2,-2
2021-12-14 15:44:44,17599,17599,17599,2,2
2021-12-14 15:44:58,17599,17599,17599,2,0
2021-12-14 15:45:34,17599,17599,17599,2,0
2021-12-14 15:45:34,17600,17600,17600,4,4
2021-12-14 15:45:34,17599,17599,17599,2,-2
2021-12-14 15:45:36,17599,17599,17599,2,0
2021-12-14 15:45:42,17599,17599,17599,2,0
2021-12-14 15:45:53,17598,17598,17598,2,-2
2021-12-14 15:45:57,17598,17598,17598,2,0
2021-12-14 15:46:06,17598,17598,17598,4,0
2021-12-14 15:46:16,17596,17596,17596,2,-2
2021-12-14 15:46:30,17596,17596,17596,2,0
2021-12-14 15:46:43,17597,17597,17597,6,6
2021-12-14 15:46:43,17597,17597,17597,2,0
2021-12-14 15:46:50,17596,17596,17596,2,-2
2021-12-14 15:46:50,17596,17596,17596,12,0
2021-12-14 15:46:50,17596,17596,17596,2,0
2021-12-14 15:46:50,17595,17595,17595,2,-2
2021-12-14 15:46:50,17595,17595,17595,2,0
2021-12-14 15:46:50,17595,17595,17595,2,0
2021-12-14 15:46:50,17595,17595,17595,2,0
2021-12-14 15:46:50,17595,17595,17595,12,0
2021-12-14 15:46:51,17594,17594,17594,2,-2
2021-12-14 15:46:51,17594,17594,17594,2,0
2021-12-14 15:46:51,17594,17594,17594,2,0
2021-12-14 15:46:51,17594,17594,17594,2,0
2021-12-14 15:46:51,17594,17594,17594,2,0
2021-12-14 15:46:51,17593,17593,17593,2,-2
2021-12-14 15:46:51,17593,17593,17593,2,0
2021-12-14 15:46:51,17593,17593,17593,2,0
2021-12-14 15:46:51,17593,17593,17593,2,0
2021-12-14 15:46:51,17592,17592,17592,2,-2
2021-12-14 15:46:51,17592,17592,17592,2,0
2021-12-14 15:46:51,17592,17592,17592,2,0
2021-12-14 15:46:51,17592,17592,17592,2,0
2021-12-14 15:46:54,17592,17592,17592,2,0
2021-12-14 15:46:55,17593,17593,17593,2,2
2021-12-14 15:46:56,17592,17592,17592,4,-4
2021-12-14 15:46:57,17592,17592,17592,10,0
2021-12-14 15:46:57,17591,17591,17591,2,-2
2021-12-14 15:46:57,17591,17591,17591,2,0
2021-12-14 15:46:57,17591,17591,17591,2,0
2021-12-14 15:46:57,17591,17591,17591,2,0
2021-12-14 15:47:06,17592,17592,17592,2,2
2021-12-14 15:47:06,17592,17592,17592,4,0
2021-12-14 15:47:06,17592,17592,17592,2,0
2021-12-14 15:47:16,17592,17592,17592,2,0
2021-12-14 15:47:25,17591,17591,17591,2,-2
2021-12-14 15:47:25,17591,17591,17591,2,0
2021-12-14 15:47:27,17591,17591,17591,2,0
2021-12-14 15:47:27,17590,17590,17590,2,-2
2021-12-14 15:47:27,17590,17590,17590,4,0
2021-12-14 15:47:27,17590,17590,17590,2,0
2021-12-14 15:47:32,17591,17591,17591,2,2
2021-12-14 15:47:33,17591,17591,17591,2,0
2021-12-14 15:47:33,17591,17591,17591,2,0
2021-12-14 15:47:33,17591,17591,17591,2,0
2021-12-14 15:47:35,17592,17592,17592,6,6
2021-12-14 15:47:36,17593,17593,17593,4,4
2021-12-14 15:47:38,17593,17593,17593,2,0
2021-12-14 15:47:41,17593,17593,17593,2,0
2021-12-14 15:47:49,17593,17593,17593,2,0
2021-12-14 15:47:57,17594,17594,17594,2,2
2021-12-14 15:48:01,17595,17595,17595,2,2
2021-12-14 15:48:14,17596,17596,17596,2,2
2021-12-14 15:48:14,17596,17596,17596,6,0
2021-12-14 15:48:14,17596,17596,17596,2,0
2021-12-14 15:48:16,17596,17596,17596,2,0
2021-12-14 15:48:21,17596,17596,17596,2,0
2021-12-14 15:48:22,17596,17596,17596,2,0
2021-12-14 15:48:22,17596,17596,17596,4,0
2021-12-14 15:48:22,17595,17595,17595,4,-4
2021-12-14 15:48:22,17595,17595,17595,4,0
2021-12-14 15:48:22,17595,17595,17595,4,0
2021-12-14 15:48:22,17595,17595,17595,2,0
2021-12-14 15:48:23,17595,17595,17595,8,0
2021-12-14 15:48:23,17595,17595,17595,2,0
2021-12-14 15:48:23,17595,17595,17595,2,0
2021-12-14 15:48:23,17595,17595,17595,2,0
2021-12-14 15:48:23,17595,17595,17595,2,0
2021-12-14 15:48:23,17595,17595,17595,2,0
2021-12-14 15:48:23,17595,17595,17595,2,0
2021-12-14 15:48:23,17595,17595,17595,2,0
2021-12-14 15:48:25,17596,17596,17596,2,2
2021-12-14 15:48:50,17595,17595,17595,2,-2
2021-12-14 15:49:00,17594,17594,17594,2,-2
2021-12-14 15:49:10,17595,17595,17595,2,2
2021-12-14 15:49:11,17595,17595,17595,2,0
2021-12-14 15:49:19,17596,17596,17596,10,10
2021-12-14 15:49:19,17596,17596,17596,6,0
2021-12-14 15:49:20,17596,17596,17596,2,0
2021-12-14 15:49:20,17596,17596,17596,4,0
2021-12-14 15:49:29,17595,17595,17595,2,-2
2021-12-14 15:49:30,17596,17596,17596,4,4
2021-12-14 15:49:45,17597,17597,17597,6,6
2021-12-14 15:49:45,17597,17597,17597,2,0
2021-12-14 15:49:52,17596,17596,17596,4,-4
2021-12-14 15:49:52,17596,17596,17596,4,0
2021-12-14 15:49:54,17595,17595,17595,2,-2
2021-12-14 15:49:54,17595,17595,17595,4,0
2021-12-14 15:50:01,17596,17596,17596,2,2
2021-12-14 15:50:02,17596,17596,17596,2,0
2021-12-14 15:50:02,17596,17596,17596,2,0
2021-12-14 15:50:02,17596,17596,17596,2,0
2021-12-14 15:50:02,17596,17596,17596,2,0
2021-12-14 15:50:12,17597,17597,17597,2,2
2021-12-14 15:50:12,17598,17598,17598,2,2
2021-12-14 15:50:12,17598,17598,17598,2,0
2021-12-14 15:50:28,17598,17598,17598,2,0
2021-12-14 15:50:57,17597,17597,17597,2,-2
2021-12-14 15:51:04,17597,17597,17597,2,0
2021-12-14 15:51:04,17597,17597,17597,2,0
2021-12-14 15:51:11,17598,17598,17598,6,6
2021-12-14 15:51:37,17598,17598,17598,2,0
2021-12-14 15:51:41,17598,17598,17598,2,0
2021-12-14 15:51:41,17598,17598,17598,2,0
2021-12-14 15:51:43,17598,17598,17598,2,0
2021-12-14 15:52:27,17598,17598,17598,2,0
2021-12-14 15:52:37,17598,17598,17598,2,0
2021-12-14 15:52:40,17599,17599,17599,2,2
2021-12-14 15:52:48,17598,17598,17598,2,-2
2021-12-14 15:52:48,17598,17598,17598,2,0
2021-12-14 15:52:53,17599,17599,17599,4,4
2021-12-14 15:52:55,17599,17599,17599,2,0
2021-12-14 15:53:02,17599,17599,17599,16,0
2021-12-14 15:53:21,17600,17600,17600,2,2
2021-12-14 15:53:22,17600,17600,17600,2,0
2021-12-14 15:53:36,17600,17600,17600,4,0
2021-12-14 15:53:59,17600,17600,17600,2,0
2021-12-14 15:53:59,17600,17600,17600,2,0
2021-12-14 15:53:59,17600,17600,17600,6,0
2021-12-14 15:53:59,17600,17600,17600,2,0
2021-12-14 15:54:17,17600,17600,17600,2,0
2021-12-14 15:54:25,17600,17600,17600,2,0
2021-12-14 15:54:39,17599,17599,17599,2,-2
2021-12-14 15:54:39,17599,17599,17599,2,0
2021-12-14 15:54:39,17599,17599,17599,2,0
2021-12-14 15:54:49,17599,17599,17599,4,0
2021-12-14 15:54:55,17599,17599,17599,4,0
2021-12-14 15:55:00,17600,17600,17600,2,2
2021-12-14 15:55:05,17600,17600,17600,2,0
2021-12-14 15:55:24,17599,17599,17599,4,-4
2021-12-14 15:55:25,17598,17598,17598,2,-2
2021-12-14 15:55:27,17599,17599,17599,4,4
2021-12-14 15:55:33,17598,17598,17598,4,-4
2021-12-14 15:55:35,17597,17597,17597,2,-2
2021-12-14 15:55:37,17598,17598,17598,4,4
2021-12-14 15:55:40,17598,17598,17598,4,0
2021-12-14 15:55:54,17598,17598,17598,4,0
2021-12-14 15:55:56,17599,17599,17599,4,4
2021-12-14 15:55:58,17599,17599,17599,4,0
2021-12-14 15:56:15,17598,17598,17598,2,-2
2021-12-14 15:56:15,17598,17598,17598,4,0
2021-12-14 15:56:15,17598,17598,17598,2,0
2021-12-14 15:56:17,17599,17599,17599,2,2
2021-12-14 15:56:20,17597,17597,17597,2,-2
2021-12-14 15:56:20,17597,17597,17597,4,0
2021-12-14 15:56:26,17596,17596,17596,2,-2
2021-12-14 15:56:26,17596,17596,17596,2,0
2021-12-14 15:56:58,17598,17598,17598,2,2
2021-12-14 15:57:22,17598,17598,17598,2,0
2021-12-14 15:57:35,17597,17597,17597,2,-2
2021-12-14 15:57:35,17597,17597,17597,2,0
2021-12-14 15:57:37,17596,17596,17596,2,-2
2021-12-14 15:57:54,17597,17597,17597,2,2
2021-12-14 15:58:14,17595,17595,17595,2,-2
2021-12-14 15:58:32,17594,17594,17594,2,-2
2021-12-14 15:58:33,17595,17595,17595,2,2
2021-12-14 15:58:37,17594,17594,17594,2,-2
2021-12-14 15:58:38,17593,17593,17593,2,-2
2021-12-14 15:58:41,17594,17594,17594,2,2
2021-12-14 15:58:48,17593,17593,17593,2,-2
2021-12-14 15:58:48,17593,17593,17593,2,0
2021-12-14 15:59:00,17592,17592,17592,2,-2
2021-12-14 15:59:07,17592,17592,17592,2,0
2021-12-14 15:59:07,17593,17593,17593,2,2
2021-12-14 15:59:11,17592,17592,17592,4,-4
2021-12-14 15:59:15,17592,17592,17592,2,0
2021-12-14 15:59:15,17592,17592,17592,2,0
2021-12-14 15:59:16,17592,17592,17592,2,0
2021-12-14 15:59:18,17593,17593,17593,8,8
2021-12-14 15:59:18,17593,17593,17593,2,0
2021-12-14 15:59:19,17593,17593,17593,2,0
2021-12-14 15:59:23,17594,17594,17594,2,2
2021-12-14 15:59:23,17594,17594,17594,2,0
2021-12-14 15:59:39,17593,17593,17593,2,-2
2021-12-14 15:59:41,17594,17594,17594,4,4
2021-12-14 15:59:59,17594,17594,17594,2,0
2021-12-14 15:59:59,17594,17594,17594,2,0
2021-12-14 16:00:00,17594,17594,17594,2,0
2021-12-14 16:00:00,17594,17594,17594,2,0
2021-12-14 16:00:00,17595,17595,17595,2,2
2021-12-14 16:00:00,17595,17595,17595,2,0
2021-12-14 16:00:00,17596,17596,17596,2,2
2021-12-14 16:00:00,17596,17596,17596,2,0
2021-12-14 16:00:00,17596,17596,17596,8,0
2021-12-14 16:00:09,17595,17595,17595,2,-2
2021-12-14 16:00:09,17596,17596,17596,2,2
2021-12-14 16:00:10,17597,17597,17597,6,6
2021-12-14 16:00:10,17597,17597,17597,2,0
2021-12-14 16:00:10,17598,17598,17598,2,2
2021-12-14 16:00:10,17599,17599,17599,2,2
2021-12-14 16:00:10,17599,17599,17599,2,0
2021-12-14 16:00:10,17599,17599,17599,2,0
2021-12-14 16:00:10,17599,17599,17599,2,0
2021-12-14 16:00:11,17600,17600,17600,2,2
2021-12-14 16:00:11,17600,17600,17600,2,0
2021-12-14 16:00:11,17600,17600,17600,2,0
2021-12-14 16:00:11,17600,17600,17600,6,0
2021-12-14 16:00:11,17600,17600,17600,2,0
2021-12-14 16:00:15,17600,17600,17600,2,0
2021-12-14 16:00:17,17600,17600,17600,2,0
2021-12-14 16:00:19,17601,17601,17601,2,2
2021-12-14 16:00:19,17601,17601,17601,2,0
2021-12-14 16:00:22,17600,17600,17600,2,-2
2021-12-14 16:00:22,17600,17600,17600,2,0
2021-12-14 16:00:24,17601,17601,17601,4,4
2021-12-14 16:00:25,17602,17602,17602,4,4
2021-12-14 16:00:25,17603,17603,17603,2,2
2021-12-14 16:00:26,17603,17603,17603,10,0
2021-12-14 16:00:26,17603,17603,17603,2,0
2021-12-14 16:00:26,17604,17604,17604,2,2
2021-12-14 16:00:27,17604,17604,17604,2,0
2021-12-14 16:00:27,17604,17604,17604,2,0
2021-12-14 16:00:27,17604,17604,17604,2,0
2021-12-14 16:00:27,17604,17604,17604,2,0
2021-12-14 16:00:27,17604,17604,17604,2,0
2021-12-14 16:00:27,17604,17604,17604,2,0
2021-12-14 16:00:27,17605,17605,17605,2,2
2021-12-14 16:00:27,17605,17605,17605,2,0
2021-12-14 16:00:27,17603,17603,17603,2,-2
2021-12-14 16:00:27,17604,17604,17604,2,2
2021-12-14 16:00:32,17603,17603,17603,4,-4
2021-12-14 16:00:32,17604,17604,17604,2,2
2021-12-14 16:00:34,17602,17602,17602,2,-2
2021-12-14 16:00:40,17603,17603,17603,2,2
2021-12-14 16:00:41,17603,17603,17603,2,0
2021-12-14 16:00:42,17604,17604,17604,2,2
2021-12-14 16:00:42,17604,17604,17604,2,0
2021-12-14 16:00:42,17604,17604,17604,2,0
2021-12-14 16:00:42,17604,17604,17604,2,0
2021-12-14 16:00:43,17602,17602,17602,2,-2
2021-12-14 16:00:45,17603,17603,17603,8,8
2021-12-14 16:00:47,17602,17602,17602,2,-2
2021-12-14 16:00:47,17602,17602,17602,2,0
2021-12-14 16:00:47,17603,17603,17603,2,2
2021-12-14 16:00:49,17602,17602,17602,2,-2
2021-12-14 16:00:51,17603,17603,17603,16,16
2021-12-14 16:00:51,17604,17604,17604,14,14
2021-12-14 16:00:53,17602,17602,17602,2,-2
2021-12-14 16:00:53,17602,17602,17602,2,0
2021-12-14 16:00:53,17602,17602,17602,2,0
2021-12-14 16:00:53,17602,17602,17602,2,0
2021-12-14 16:01:01,17601,17601,17601,2,-2
2021-12-14 16:01:01,17601,17601,17601,2,0
2021-12-14 16:01:02,17602,17602,17602,2,2
2021-12-14 16:01:02,17603,17603,17603,2,2
2021-12-14 16:01:02,17603,17603,17603,2,0
2021-12-14 16:01:03,17604,17604,17604,20,20
2021-12-14 16:01:07,17603,17603,17603,2,-2
2021-12-14 16:01:08,17604,17604,17604,4,4
2021-12-14 16:01:09,17603,17603,17603,2,-2
2021-12-14 16:01:09,17604,17604,17604,2,2
2021-12-14 16:01:09,17604,17604,17604,2,0
2021-12-14 16:01:09,17604,17604,17604,2,0
2021-12-14 16:01:09,17605,17605,17605,2,2
2021-12-14 16:01:09,17605,17605,17605,2,0
2021-12-14 16:01:09,17605,17605,17605,2,0
2021-12-14 16:01:09,17605,17605,17605,2,0
2021-12-14 16:01:09,17605,17605,17605,2,0
2021-12-14 16:01:09,17605,17605,17605,2,0
2021-12-14 16:01:09,17605,17605,17605,2,0
2021-12-14 16:01:09,17605,17605,17605,2,0
2021-12-14 16:01:09,17605,17605,17605,2,0
2021-12-14 16:01:09,17605,17605,17605,2,0
2021-12-14 16:01:14,17605,17605,17605,2,0
2021-12-14 16:01:14,17605,17605,17605,2,0
2021-12-14 16:01:14,17605,17605,17605,6,0
2021-12-14 16:01:14,17605,17605,17605,2,0
2021-12-14 16:01:17,17604,17604,17604,2,-2
2021-12-14 16:01:17,17604,17604,17604,2,0
2021-12-14 16:01:22,17604,17604,17604,2,0
2021-12-14 16:01:22,17605,17605,17605,2,2
2021-12-14 16:01:22,17605,17605,17605,2,0
2021-12-14 16:01:22,17605,17605,17605,2,0
2021-12-14 16:01:22,17606,17606,17606,2,2
2021-12-14 16:01:22,17606,17606,17606,2,0
2021-12-14 16:01:25,17605,17605,17605,2,-2
2021-12-14 16:01:25,17606,17606,17606,2,2
2021-12-14 16:01:25,17606,17606,17606,2,0
2021-12-14 16:01:28,17605,17605,17605,2,-2
2021-12-14 16:01:28,17605,17605,17605,2,0
2021-12-14 16:01:38,17605,17605,17605,2,0
2021-12-14 16:01:38,17606,17606,17606,2,2
2021-12-14 16:01:38,17606,17606,17606,2,0
2021-12-14 16:01:38,17605,17605,17605,2,-2
2021-12-14 16:01:46,17604,17604,17604,2,-2
2021-12-14 16:01:46,17605,17605,17605,2,2
2021-12-14 16:01:46,17605,17605,17605,2,0
2021-12-14 16:01:48,17604,17604,17604,2,-2
2021-12-14 16:01:48,17605,17605,17605,2,2
2021-12-14 16:01:49,17605,17605,17605,4,0
2021-12-14 16:01:55,17605,17605,17605,4,0
2021-12-14 16:01:57,17604,17604,17604,2,-2
2021-12-14 16:02:02,17605,17605,17605,4,4
2021-12-14 16:02:08,17605,17605,17605,2,0
2021-12-14 16:02:19,17604,17604,17604,2,-2
2021-12-14 16:02:20,17605,17605,17605,2,2
2021-12-14 16:02:31,17604,17604,17604,2,-2
2021-12-14 16:03:00,17605,17605,17605,2,2
2021-12-14 16:03:02,17604,17604,17604,2,-2
2021-12-14 16:03:02,17605,17605,17605,2,2
2021-12-14 16:03:07,17604,17604,17604,2,-2
2021-12-14 16:03:09,17603,17603,17603,2,-2
2021-12-14 16:03:09,17603,17603,17603,2,0
2021-12-14 16:03:09,17603,17603,17603,6,0
2021-12-14 16:03:09,17603,17603,17603,2,0
2021-12-14 16:03:09,17603,17603,17603,2,0
2021-12-14 16:03:09,17603,17603,17603,18,0
2021-12-14 16:03:09,17603,17603,17603,2,0
2021-12-14 16:03:09,17603,17603,17603,2,0
2021-12-14 16:03:09,17602,17602,17602,2,-2
2021-12-14 16:03:11,17602,17602,17602,2,0
2021-12-14 16:03:24,17603,17603,17603,2,2
2021-12-14 16:03:43,17602,17602,17602,2,-2
2021-12-14 16:03:49,17603,17603,17603,4,4
2021-12-14 16:04:00,17602,17602,17602,2,-2
2021-12-14 16:04:09,17602,17602,17602,2,0
2021-12-14 16:04:09,17602,17602,17602,2,0
2021-12-14 16:04:14,17603,17603,17603,2,2
2021-12-14 16:04:44,17602,17602,17602,2,-2
2021-12-14 16:04:45,17603,17603,17603,4,4
2021-12-14 16:05:12,17603,17603,17603,6,0
2021-12-14 16:05:13,17603,17603,17603,2,0
2021-12-14 16:05:19,17604,17604,17604,2,2
2021-12-14 16:05:19,17604,17604,17604,2,0
2021-12-14 16:05:19,17605,17605,17605,6,6
2021-12-14 16:05:26,17605,17605,17605,2,0
2021-12-14 16:05:41,17605,17605,17605,2,0
2021-12-14 16:05:42,17604,17604,17604,2,-2
2021-12-14 16:05:47,17605,17605,17605,2,2
2021-12-14 16:05:47,17605,17605,17605,30,0
2021-12-14 16:05:47,17606,17606,17606,2,2
2021-12-14 16:05:47,17606,17606,17606,4,0
2021-12-14 16:05:55,17607,17607,17607,2,2
2021-12-14 16:05:55,17607,17607,17607,2,0
2021-12-14 16:06:00,17607,17607,17607,2,0
2021-12-14 16:06:00,17607,17607,17607,2,0
2021-12-14 16:06:01,17608,17608,17608,2,2
2021-12-14 16:06:01,17607,17607,17607,2,-2
2021-12-14 16:06:01,17606,17606,17606,2,-2
2021-12-14 16:06:01,17608,17608,17608,2,2
2021-12-14 16:06:01,17608,17608,17608,2,0
2021-12-14 16:06:04,17607,17607,17607,2,-2
2021-12-14 16:06:04,17607,17607,17607,2,0
2021-12-14 16:06:06,17607,17607,17607,2,0
2021-12-14 16:06:08,17606,17606,17606,2,-2
2021-12-14 16:06:10,17606,17606,17606,2,0
2021-12-14 16:06:10,17606,17606,17606,2,0
2021-12-14 16:06:11,17606,17606,17606,2,0
2021-12-14 16:06:12,17606,17606,17606,2,0
2021-12-14 16:06:12,17607,17607,17607,2,2
2021-12-14 16:06:13,17606,17606,17606,2,-2
2021-12-14 16:06:17,17606,17606,17606,2,0
2021-12-14 16:06:20,17606,17606,17606,2,0
2021-12-14 16:06:20,17606,17606,17606,2,0
2021-12-14 16:06:20,17606,17606,17606,2,0
2021-12-14 16:06:20,17606,17606,17606,2,0
2021-12-14 16:06:35,17606,17606,17606,2,0
2021-12-14 16:06:35,17606,17606,17606,4,0
2021-12-14 16:06:44,17606,17606,17606,4,0
2021-12-14 16:06:44,17606,17606,17606,2,0
2021-12-14 16:06:44,17606,17606,17606,2,0
2021-12-14 16:06:44,17606,17606,17606,2,0
2021-12-14 16:06:44,17607,17607,17607,4,4
2021-12-14 16:06:44,17607,17607,17607,2,0
2021-12-14 16:06:46,17606,17606,17606,4,-4
2021-12-14 16:06:46,17606,17606,17606,2,0
2021-12-14 16:06:46,17607,17607,17607,2,2
2021-12-14 16:06:46,17607,17607,17607,2,0
2021-12-14 16:06:46,17607,17607,17607,2,0
2021-12-14 16:06:46,17607,17607,17607,2,0
2021-12-14 16:06:46,17607,17607,17607,2,0
2021-12-14 16:06:52,17606,17606,17606,2,-2
2021-12-14 16:06:53,17605,17605,17605,2,-2
2021-12-14 16:06:53,17605,17605,17605,2,0
2021-12-14 16:06:53,17605,17605,17605,2,0
2021-12-14 16:06:56,17606,17606,17606,2,2
2021-12-14 16:06:59,17606,17606,17606,2,0
2021-12-14 16:07:03,17606,17606,17606,2,0
2021-12-14 16:07:04,17606,17606,17606,2,0
2021-12-14 16:07:05,17606,17606,17606,4,0
2021-12-14 16:07:05,17606,17606,17606,8,0
2021-12-14 16:07:17,17604,17604,17604,2,-2
2021-12-14 16:07:17,17604,17604,17604,2,0
2021-12-14 16:07:17,17604,17604,17604,2,0
2021-12-14 16:07:22,17604,17604,17604,2,0
2021-12-14 16:07:26,17603,17603,17603,2,-2
2021-12-14 16:07:26,17603,17603,17603,2,0
2021-12-14 16:07:26,17603,17603,17603,2,0
2021-12-14 16:07:39,17604,17604,17604,2,2
2021-12-14 16:07:39,17604,17604,17604,4,0
2021-12-14 16:07:39,17605,17605,17605,2,2
2021-12-14 16:07:41,17604,17604,17604,2,-2
2021-12-14 16:07:41,17604,17604,17604,6,0
2021-12-14 16:07:46,17603,17603,17603,2,-2
2021-12-14 16:07:46,17603,17603,17603,2,0
2021-12-14 16:07:46,17603,17603,17603,2,0
2021-12-14 16:07:46,17603,17603,17603,2,0
2021-12-14 16:07:53,17603,17603,17603,6,0
2021-12-14 16:07:56,17603,17603,17603,2,0
2021-12-14 16:07:56,17603,17603,17603,2,0
2021-12-14 16:08:00,17603,17603,17603,2,0
2021-12-14 16:08:04,17604,17604,17604,2,2
2021-12-14 16:08:05,17604,17604,17604,8,0
2021-12-14 16:08:05,17605,17605,17605,8,8
2021-12-14 16:08:16,17605,17605,17605,2,0
2021-12-14 16:08:21,17605,17605,17605,2,0
2021-12-14 16:08:28,17605,17605,17605,2,0
2021-12-14 16:08:56,17605,17605,17605,2,0
2021-12-14 16:08:56,17605,17605,17605,2,0
2021-12-14 16:08:57,17605,17605,17605,2,0
2021-12-14 16:09:11,17606,17606,17606,2,2
2021-12-14 16:09:18,17606,17606,17606,2,0
2021-12-14 16:09:37,17606,17606,17606,4,0
2021-12-14 16:09:37,17606,17606,17606,2,0
2021-12-14 16:09:39,17607,17607,17607,2,2
2021-12-14 16:09:40,17606,17606,17606,2,-2
2021-12-14 16:09:53,17606,17606,17606,2,0
2021-12-14 16:09:53,17605,17605,17605,2,-2
2021-12-14 16:09:53,17605,17605,17605,2,0
2021-12-14 16:09:53,17605,17605,17605,2,0
2021-12-14 16:09:53,17605,17605,17605,2,0
2021-12-14 16:09:53,17605,17605,17605,2,0
2021-12-14 16:09:53,17605,17605,17605,8,0
2021-12-14 16:09:53,17605,17605,17605,2,0
2021-12-14 16:09:55,17606,17606,17606,2,2
2021-12-14 16:09:59,17605,17605,17605,2,-2
2021-12-14 16:10:00,17606,17606,17606,2,2
2021-12-14 16:10:01,17607,17607,17607,2,2
2021-12-14 16:10:02,17606,17606,17606,2,-2
2021-12-14 16:10:10,17607,17607,17607,4,4
2021-12-14 16:10:33,17606,17606,17606,2,-2
2021-12-14 16:10:47,17606,17606,17606,2,0
2021-12-14 16:10:53,17606,17606,17606,2,0
2021-12-14 16:10:53,17606,17606,17606,8,0
2021-12-14 16:11:00,17606,17606,17606,4,0
2021-12-14 16:11:01,17606,17606,17606,4,0
2021-12-14 16:11:06,17606,17606,17606,2,0
2021-12-14 16:11:08,17607,17607,17607,10,10
2021-12-14 16:11:08,17606,17606,17606,4,-4
2021-12-14 16:11:09,17606,17606,17606,4,0
2021-12-14 16:11:09,17606,17606,17606,2,0
2021-12-14 16:11:23,17606,17606,17606,2,0
2021-12-14 16:11:24,17605,17605,17605,2,-2
2021-12-14 16:11:24,17605,17605,17605,2,0
2021-12-14 16:11:25,17605,17605,17605,2,0
2021-12-14 16:11:25,17605,17605,17605,2,0
2021-12-14 16:11:34,17607,17607,17607,10,10
2021-12-14 16:11:34,17607,17607,17607,2,0
2021-12-14 16:11:34,17606,17606,17606,2,-2
2021-12-14 16:11:34,17606,17606,17606,2,0
2021-12-14 16:11:34,17606,17606,17606,2,0
2021-12-14 16:11:58,17606,17606,17606,2,0
2021-12-14 16:12:12,17606,17606,17606,2,0
2021-12-14 16:12:12,17606,17606,17606,2,0
2021-12-14 16:12:12,17606,17606,17606,2,0
2021-12-14 16:12:14,17605,17605,17605,2,-2
2021-12-14 16:12:43,17604,17604,17604,2,-2
2021-12-14 16:12:43,17604,17604,17604,2,0
2021-12-14 16:12:43,17604,17604,17604,2,0
2021-12-14 16:12:43,17604,17604,17604,2,0
2021-12-14 16:12:43,17604,17604,17604,2,0
2021-12-14 16:12:43,17604,17604,17604,2,0
2021-12-14 16:13:24,17604,17604,17604,4,0
2021-12-14 16:13:30,17605,17605,17605,4,4
2021-12-14 16:13:30,17605,17605,17605,2,0
2021-12-14 16:13:38,17603,17603,17603,2,-2
2021-12-14 16:13:55,17604,17604,17604,6,6
2021-12-14 16:14:16,17602,17602,17602,2,-2
2021-12-14 16:14:17,17602,17602,17602,4,0
2021-12-14 16:14:17,17602,17602,17602,2,0
2021-12-14 16:14:17,17602,17602,17602,2,0
2021-12-14 16:14:17,17602,17602,17602,2,0
2021-12-14 16:14:17,17602,17602,17602,8,0
2021-12-14 16:14:17,17602,17602,17602,2,0
2021-12-14 16:14:17,17602,17602,17602,2,0
2021-12-14 16:14:17,17601,17601,17601,2,-2
2021-12-14 16:14:32,17601,17601,17601,2,0
2021-12-14 16:14:47,17601,17601,17601,2,0
2021-12-14 16:14:52,17601,17601,17601,2,0
2021-12-14 16:14:58,17601,17601,17601,2,0
2021-12-14 16:15:01,17601,17601,17601,2,0
2021-12-14 16:15:02,17601,17601,17601,2,0
2021-12-14 16:15:10,17601,17601,17601,2,0
2021-12-14 16:15:10,17601,17601,17601,2,0
2021-12-14 16:15:10,17601,17601,17601,2,0
2021-12-14 16:15:13,17600,17600,17600,2,-2
2021-12-14 16:15:13,17600,17600,17600,2,0
2021-12-14 16:15:13,17600,17600,17600,2,0
2021-12-14 16:15:13,17600,17600,17600,2,0
2021-12-14 16:15:13,17600,17600,17600,2,0
2021-12-14 16:15:23,17601,17601,17601,4,4
2021-12-14 16:15:25,17600,17600,17600,2,-2
2021-12-14 16:15:25,17600,17600,17600,2,0
2021-12-14 16:15:25,17600,17600,17600,4,0
2021-12-14 16:15:25,17600,17600,17600,6,0
2021-12-14 16:15:25,17600,17600,17600,2,0
2021-12-14 16:15:25,17600,17600,17600,2,0
2021-12-14 16:15:25,17599,17599,17599,2,-2
2021-12-14 16:15:29,17600,17600,17600,2,2
2021-12-14 16:15:32,17600,17600,17600,2,0
2021-12-14 16:15:35,17600,17600,17600,2,0
2021-12-14 16:15:35,17600,17600,17600,2,0
2021-12-14 16:15:35,17600,17600,17600,2,0
2021-12-14 16:15:35,17600,17600,17600,2,0
2021-12-14 16:15:35,17600,17600,17600,2,0
2021-12-14 16:15:38,17600,17600,17600,2,0
2021-12-14 16:15:38,17600,17600,17600,2,0
2021-12-14 16:15:46,17601,17601,17601,2,2
2021-12-14 16:16:42,17601,17601,17601,2,0
2021-12-14 16:16:51,17602,17602,17602,2,2
2021-12-14 16:17:10,17602,17602,17602,6,0
2021-12-14 16:17:34,17602,17602,17602,2,0
2021-12-14 16:17:34,17603,17603,17603,2,2
2021-12-14 16:17:55,17602,17602,17602,2,-2
2021-12-14 16:18:02,17602,17602,17602,4,0
2021-12-14 16:18:03,17602,17602,17602,2,0
2021-12-14 16:18:03,17603,17603,17603,2,2
2021-12-14 16:18:15,17602,17602,17602,2,-2
2021-12-14 16:18:15,17602,17602,17602,2,0
2021-12-14 16:18:47,17603,17603,17603,2,2
2021-12-14 16:18:48,17603,17603,17603,6,0
2021-12-14 16:18:48,17604,17604,17604,4,4
2021-12-14 16:18:54,17603,17603,17603,2,-2
2021-12-14 16:19:11,17603,17603,17603,2,0
2021-12-14 16:19:15,17602,17602,17602,2,-2
2021-12-14 16:19:15,17602,17602,17602,4,0
2021-12-14 16:19:15,17602,17602,17602,2,0
2021-12-14 16:19:15,17602,17602,17602,2,0
2021-12-14 16:19:17,17601,17601,17601,2,-2
2021-12-14 16:19:30,17601,17601,17601,20,0
2021-12-14 16:19:30,17600,17600,17600,2,-2
2021-12-14 16:19:30,17600,17600,17600,4,0
2021-12-14 16:19:30,17601,17601,17601,2,2
2021-12-14 16:19:31,17600,17600,17600,2,-2
2021-12-14 16:19:31,17600,17600,17600,2,0
2021-12-14 16:19:38,17600,17600,17600,2,0
2021-12-14 16:19:43,17601,17601,17601,2,2
2021-12-14 16:19:57,17601,17601,17601,2,0
2021-12-14 16:20:11,17600,17600,17600,4,-4
2021-12-14 16:20:24,17601,17601,17601,2,2
2021-12-14 16:20:49,17602,17602,17602,2,2
2021-12-14 16:20:49,17602,17602,17602,2,0
2021-12-14 16:22:12,17604,17604,17604,2,2
2021-12-14 16:22:12,17604,17604,17604,2,0
2021-12-14 16:22:30,17604,17604,17604,2,0
2021-12-14 16:22:33,17604,17604,17604,2,0
2021-12-14 16:22:40,17605,17605,17605,8,8
2021-12-14 16:22:40,17606,17606,17606,2,2
2021-12-14 16:22:51,17604,17604,17604,2,-2
2021-12-14 16:22:55,17606,17606,17606,14,14
2021-12-14 16:22:55,17607,17607,17607,2,2
2021-12-14 16:22:55,17607,17607,17607,2,0
2021-12-14 16:22:55,17607,17607,17607,6,0
2021-12-14 16:23:11,17608,17608,17608,4,4
2021-12-14 16:23:11,17608,17608,17608,4,0
2021-12-14 16:23:11,17608,17608,17608,2,0
2021-12-14 16:23:11,17608,17608,17608,2,0
2021-12-14 16:23:11,17609,17609,17609,2,2
2021-12-14 16:23:11,17609,17609,17609,2,0
2021-12-14 16:23:11,17609,17609,17609,4,0
2021-12-14 16:23:29,17608,17608,17608,2,-2
2021-12-14 16:23:29,17608,17608,17608,2,0
2021-12-14 16:23:29,17608,17608,17608,2,0
2021-12-14 16:23:29,17608,17608,17608,2,0
2021-12-14 16:23:29,17608,17608,17608,2,0
2021-12-14 16:23:29,17608,17608,17608,2,0
2021-12-14 16:23:29,17609,17609,17609,2,2
2021-12-14 16:23:36,17609,17609,17609,6,0
2021-12-14 16:23:36,17609,17609,17609,2,0
2021-12-14 16:23:36,17609,17609,17609,4,0
2021-12-14 16:23:36,17610,17610,17610,2,2
2021-12-14 16:23:36,17610,17610,17610,2,0
2021-12-14 16:23:36,17610,17610,17610,2,0
2021-12-14 16:23:36,17610,17610,17610,2,0
2021-12-14 16:23:36,17610,17610,17610,2,0
2021-12-14 16:23:36,17610,17610,17610,2,0
2021-12-14 16:23:36,17610,17610,17610,2,0
2021-12-14 16:23:36,17610,17610,17610,2,0
2021-12-14 16:23:36,17610,17610,17610,2,0
2021-12-14 16:23:36,17610,17610,17610,2,0
2021-12-14 16:23:36,17610,17610,17610,2,0
2021-12-14 16:23:36,17610,17610,17610,2,0
2021-12-14 16:23:36,17610,17610,17610,2,0
2021-12-14 16:23:40,17609,17609,17609,2,-2
2021-12-14 16:23:40,17609,17609,17609,2,0
2021-12-14 16:23:40,17610,17610,17610,2,2
2021-12-14 16:23:40,17610,17610,17610,4,0
2021-12-14 16:23:40,17610,17610,17610,2,0
2021-12-14 16:23:44,17610,17610,17610,8,0
2021-12-14 16:23:44,17610,17610,17610,4,0
2021-12-14 16:23:44,17610,17610,17610,2,0
2021-12-14 16:23:48,17609,17609,17609,2,-2
2021-12-14 16:23:48,17609,17609,17609,2,0
2021-12-14 16:23:54,17610,17610,17610,2,2
2021-12-14 16:23:54,17610,17610,17610,2,0
2021-12-14 16:23:54,17610,17610,17610,2,0
2021-12-14 16:23:54,17610,17610,17610,2,0
2021-12-14 16:23:54,17610,17610,17610,2,0
2021-12-14 16:23:56,17610,17610,17610,6,0
