2021-04-27 15:00:00.025,17560,17565,17561,64,-64
2021-04-27 15:00:00.199,17562,17565,17565,1,1
2021-04-27 15:00:00.207,17562,17565,17564,1,-1
2021-04-27 15:00:00.212,17564,17566,17564,1,-1
2021-04-27 15:00:00.306,17564,17566,17566,2,2
2021-04-27 15:00:00.314,17564,17566,17567,2,2
2021-04-27 15:00:00.365,17565,17567,17567,3,3
2021-04-27 15:00:00.390,17565,17567,17568,4,4
2021-04-27 15:00:00.415,17565,17567,17569,1,1
2021-04-27 15:00:00.510,17567,17569,17569,4,4
2021-04-27 15:00:00.553,17567,17569,17569,1,1
2021-04-27 15:00:00.656,17568,17570,17569,1,-1
2021-04-27 15:00:00.686,17568,17570,17567,1,-1
2021-04-27 15:00:00.687,17568,17570,17566,36,-36
2021-04-27 15:00:00.688,17568,17570,17567,1,1
2021-04-27 15:00:00.962,17569,17570,17569,1,1
2021-04-27 15:00:00.997,17569,17570,17568,1,-1
2021-04-27 15:00:01.164,17568,17570,17568,1,-1
2021-04-27 15:00:01.279,17565,17567,17567,1,1
2021-04-27 15:00:01.331,17565,17567,17567,1,1
2021-04-27 15:00:01.364,17566,17569,17569,1,1
2021-04-27 15:00:01.403,17566,17569,17570,1,1
2021-04-27 15:00:01.454,17566,17569,17570,1,1
2021-04-27 15:00:01.631,17567,17569,17569,1,1
2021-04-27 15:00:03.102,17568,17569,17569,1,1
2021-04-27 15:00:03.122,17568,17569,17570,4,4
2021-04-27 15:00:03.384,17568,17570,17570,5,5
2021-04-27 15:00:05.130,17568,17569,17569,1,1
2021-04-27 15:00:05.214,17569,17570,17569,1,-1
2021-04-27 15:00:05.711,17568,17569,17568,2,-2
2021-04-27 15:00:05.781,17568,17569,17569,1,1
2021-04-27 15:00:06.319,17568,17570,17569,1,-1
2021-04-27 15:00:06.698,17568,17570,17568,1,-1
2021-04-27 15:00:08.994,17567,17569,17569,4,4
2021-04-27 15:00:09.046,17567,17569,17568,1,-1
2021-04-27 15:00:13.418,17567,17568,17567,2,-2
2021-04-27 15:00:13.490,17567,17568,17568,1,1
2021-04-27 15:00:13.536,17567,17568,17569,1,1
2021-04-27 15:00:15.264,17567,17568,17568,1,1
2021-04-27 15:00:15.517,17567,17568,17568,1,1
2021-04-27 15:00:15.534,17567,17568,17569,1,1
2021-04-27 15:00:15.535,17567,17568,17569,1,1
2021-04-27 15:00:15.562,17567,17568,17569,1,1
2021-04-27 15:00:16.130,17567,17569,17567,1,-1
2021-04-27 15:00:16.138,17567,17569,17566,1,-1
2021-04-27 15:00:19.586,17566,17568,17566,1,-1
2021-04-27 15:00:21.692,17567,17569,17567,1,1
2021-04-27 15:00:21.750,17566,17568,17568,1,1
2021-04-27 15:00:23.326,17567,17569,17567,1,-1
2021-04-27 15:00:25.844,17567,17568,17567,1,-1
2021-04-27 15:00:28.713,17567,17568,17568,1,1
2021-04-27 15:00:29.961,17567,17568,17567,7,-7
2021-04-27 15:00:35.779,17566,17567,17567,1,1
2021-04-27 15:00:36.002,17566,17567,17566,1,-1
2021-04-27 15:00:37.145,17566,17567,17567,1,1
2021-04-27 15:00:37.893,17566,17567,17566,1,-1
2021-04-27 15:00:40.045,17566,17567,17566,2,-2
2021-04-27 15:00:41.262,17566,17567,17566,1,-1
2021-04-27 15:00:41.354,17565,17566,17566,1,1
2021-04-27 15:00:43.511,17566,17567,17566,1,-1
2021-04-27 15:00:46.388,17565,17567,17567,1,1
2021-04-27 15:00:49.452,17565,17566,17566,1,1
2021-04-27 15:00:50.162,17565,17566,17566,1,1
2021-04-27 15:00:50.227,17565,17566,17566,1,1
2021-04-27 15:00:52.237,17565,17566,17565,3,-3
2021-04-27 15:00:52.238,17565,17566,17565,9,-9
2021-04-27 15:00:54.789,17564,17565,17564,1,-1
2021-04-27 15:00:55.445,17564,17565,17564,1,-1
2021-04-27 15:00:56.011,17564,17565,17564,1,-1
2021-04-27 15:00:56.216,17564,17565,17564,1,-1
2021-04-27 15:00:57.268,17564,17565,17565,1,1
2021-04-27 15:00:57.309,17564,17565,17565,1,1
2021-04-27 15:00:57.359,17564,17565,17565,1,1
2021-04-27 15:01:00.069,17564,17565,17565,2,2
2021-04-27 15:01:00.106,17564,17566,17566,1,1
2021-04-27 15:01:00.142,17564,17566,17566,1,1
2021-04-27 15:01:00.180,17564,17566,17566,1,1
2021-04-27 15:01:00.401,17565,17566,17566,1,1
2021-04-27 15:01:00.622,17565,17566,17564,1,-1
2021-04-27 15:01:01.160,17564,17565,17564,1,-1
2021-04-27 15:01:01.787,17564,17565,17564,1,-1
2021-04-27 15:01:02.970,17564,17565,17564,1,-1
2021-04-27 15:01:03.049,17564,17565,17564,44,-44
2021-04-27 15:01:03.050,17564,17565,17563,1,-1
2021-04-27 15:01:03.051,17564,17565,17562,2,-2
2021-04-27 15:01:03.229,17561,17562,17562,1,1
2021-04-27 15:01:03.597,17561,17563,17561,2,-2
2021-04-27 15:01:03.763,17561,17563,17563,1,1
2021-04-27 15:01:05.007,17562,17564,17562,1,-1
2021-04-27 15:01:05.338,17562,17564,17562,1,-1
2021-04-27 15:01:05.787,17562,17564,17564,1,1
2021-04-27 15:01:08.415,17562,17563,17562,4,-4
2021-04-27 15:01:10.548,17562,17563,17562,1,-1
2021-04-27 15:01:11.157,17562,17563,17562,2,-2
2021-04-27 15:01:11.914,17562,17563,17562,1,-1
2021-04-27 15:01:12.550,17562,17563,17562,1,-1
2021-04-27 15:01:12.586,17562,17563,17562,2,-2
2021-04-27 15:01:15.350,17562,17563,17563,1,1
2021-04-27 15:01:15.702,17562,17564,17563,1,-1
2021-04-27 15:01:19.473,17563,17564,17564,1,1
2021-04-27 15:01:24.013,17564,17565,17564,1,-1
2021-04-27 15:01:24.088,17563,17565,17565,1,1
2021-04-27 15:01:25.070,17563,17565,17563,2,-2
2021-04-27 15:01:25.355,17563,17564,17564,1,1
2021-04-27 15:01:26.666,17564,17565,17564,1,-1
2021-04-27 15:01:27.618,17563,17565,17563,2,-2
2021-04-27 15:01:28.234,17562,17565,17564,2,2
2021-04-27 15:01:30.024,17562,17564,17564,1,1
2021-04-27 15:01:31.566,17562,17563,17563,1,1
2021-04-27 15:01:31.995,17562,17564,17564,1,1
2021-04-27 15:01:32.138,17563,17565,17563,2,-2
2021-04-27 15:01:33.852,17562,17564,17562,2,-2
2021-04-27 15:01:34.694,17562,17565,17562,1,-1
2021-04-27 15:01:37.305,17562,17565,17562,2,-2
2021-04-27 15:01:43.610,17563,17565,17563,2,2
2021-04-27 15:01:48.080,17563,17565,17565,1,1
2021-04-27 15:01:50.475,17563,17565,17563,1,-1
2021-04-27 15:01:51.005,17563,17565,17563,1,-1
2021-04-27 15:01:51.049,17563,17565,17563,2,-2
2021-04-27 15:01:51.668,17563,17565,17563,2,-2
2021-04-27 15:01:53.052,17563,17565,17563,1,-1
2021-04-27 15:01:53.825,17562,17564,17562,2,-2
2021-04-27 15:01:57.509,17562,17563,17562,2,-2
2021-04-27 15:01:58.289,17562,17563,17562,2,-2
2021-04-27 15:01:59.290,17562,17563,17562,1,-1
2021-04-27 15:01:59.651,17562,17563,17563,1,1
2021-04-27 15:01:59.811,17562,17563,17562,1,-1
2021-04-27 15:02:02.119,17562,17563,17562,1,-1
2021-04-27 15:02:02.121,17562,17563,17562,1,-1
2021-04-27 15:02:02.293,17561,17563,17561,2,-2
2021-04-27 15:02:03.047,17561,17562,17562,1,1
2021-04-27 15:02:03.565,17561,17562,17561,2,-2
2021-04-27 15:02:04.032,17561,17562,17562,1,1
2021-04-27 15:02:07.001,17561,17562,17562,1,1
2021-04-27 15:02:08.722,17561,17562,17562,1,1
2021-04-27 15:02:08.978,17561,17562,17562,1,1
2021-04-27 15:02:09.061,17561,17562,17561,1,-1
2021-04-27 15:02:09.296,17561,17562,17562,1,1
2021-04-27 15:02:10.193,17561,17563,17561,2,-2
2021-04-27 15:02:10.211,17561,17562,17561,11,-11
2021-04-27 15:02:11.723,17560,17561,17560,2,-2
2021-04-27 15:02:11.811,17560,17561,17561,1,1
2021-04-27 15:02:11.867,17560,17561,17560,1,-1
2021-04-27 15:02:12.093,17560,17561,17560,2,-2
2021-04-27 15:02:13.180,17560,17561,17560,2,-2
2021-04-27 15:02:13.938,17560,17561,17560,2,-2
2021-04-27 15:02:14.467,17560,17561,17560,16,-16
2021-04-27 15:02:14.469,17560,17561,17559,2,-2
2021-04-27 15:02:14.470,17560,17561,17558,1,-1
2021-04-27 15:02:14.471,17560,17561,17558,1,-1
2021-04-27 15:02:14.630,17558,17560,17558,2,-2
2021-04-27 15:02:14.645,17558,17560,17558,1,-1
2021-04-27 15:02:15.067,17558,17560,17560,1,1
2021-04-27 15:02:15.121,17558,17560,17558,2,-2
2021-04-27 15:02:15.889,17558,17560,17559,1,1
2021-04-27 15:02:16.047,17558,17561,17559,1,-1
2021-04-27 15:02:16.219,17560,17561,17560,1,1
2021-04-27 15:02:17.095,17559,17561,17560,1,-1
2021-04-27 15:02:17.271,17559,17561,17561,1,1
2021-04-27 15:02:17.443,17560,17562,17560,1,-1
2021-04-27 15:02:20.890,17560,17561,17561,1,1
2021-04-27 15:02:23.013,17561,17562,17562,1,1
2021-04-27 15:02:24.635,17561,17562,17561,1,-1
2021-04-27 15:02:26.603,17561,17562,17561,1,-1
2021-04-27 15:02:39.860,17561,17562,17561,1,-1
2021-04-27 15:02:40.857,17561,17562,17561,1,-1
2021-04-27 15:02:41.809,17561,17562,17562,1,1
2021-04-27 15:02:43.107,17561,17562,17561,1,-1
2021-04-27 15:02:45.417,17561,17562,17562,1,1
2021-04-27 15:02:47.627,17561,17562,17561,4,-4
2021-04-27 15:02:49.428,17560,17561,17561,1,1
2021-04-27 15:02:50.014,17560,17561,17561,1,1
2021-04-27 15:02:54.906,17560,17561,17561,1,1
2021-04-27 15:02:54.946,17560,17561,17561,1,1
2021-04-27 15:02:58.451,17561,17562,17562,2,2
2021-04-27 15:02:58.452,17561,17562,17562,1,1
2021-04-27 15:02:58.700,17562,17563,17562,1,-1
2021-04-27 15:02:59.934,17562,17563,17563,1,1
2021-04-27 15:03:00.532,17562,17563,17562,1,-1
2021-04-27 15:03:02.028,17562,17563,17563,1,1
2021-04-27 15:03:02.182,17562,17564,17564,2,2
2021-04-27 15:03:10.541,17563,17564,17564,1,1
2021-04-27 15:03:11.721,17563,17564,17563,4,-4
2021-04-27 15:03:11.722,17563,17564,17563,26,-26
2021-04-27 15:03:11.836,17563,17564,17563,2,-2
2021-04-27 15:03:18.209,17563,17564,17563,2,-2
2021-04-27 15:03:19.007,17563,17564,17564,1,1
2021-04-27 15:03:19.401,17563,17564,17564,1,1
2021-04-27 15:03:24.773,17563,17565,17565,1,1
2021-04-27 15:03:26.029,17564,17565,17564,1,-1
2021-04-27 15:03:26.623,17564,17565,17564,1,-1
2021-04-27 15:03:33.417,17563,17564,17563,1,-1
2021-04-27 15:03:33.462,17563,17564,17563,1,-1
2021-04-27 15:03:33.600,17562,17564,17562,2,-2
2021-04-27 15:03:33.638,17562,17564,17562,1,-1
2021-04-27 15:03:33.666,17562,17564,17562,1,-1
2021-04-27 15:03:33.719,17562,17564,17562,1,-1
2021-04-27 15:03:33.898,17562,17564,17562,1,-1
2021-04-27 15:03:33.946,17562,17564,17562,1,-1
2021-04-27 15:03:34.005,17562,17564,17562,1,-1
2021-04-27 15:03:34.032,17562,17564,17562,1,-1
2021-04-27 15:03:34.090,17562,17564,17562,1,-1
2021-04-27 15:03:34.288,17561,17564,17561,1,-1
2021-04-27 15:03:34.335,17561,17564,17562,4,4
2021-04-27 15:03:34.483,17561,17563,17561,1,-1
2021-04-27 15:03:34.530,17561,17563,17561,1,-1
2021-04-27 15:03:34.590,17561,17563,17561,1,-1
2021-04-27 15:03:34.647,17561,17563,17561,1,-1
2021-04-27 15:03:34.675,17561,17563,17561,1,-1
2021-04-27 15:03:41.510,17562,17564,17562,1,1
2021-04-27 15:03:41.858,17563,17564,17564,1,1
2021-04-27 15:03:45.774,17562,17564,17562,1,-1
2021-04-27 15:03:48.821,17563,17564,17563,1,1
2021-04-27 15:03:51.321,17563,17564,17563,1,-1
2021-04-27 15:03:52.192,17563,17564,17563,1,-1
2021-04-27 15:03:57.644,17562,17563,17562,1,-1
2021-04-27 15:04:00.002,17562,17563,17563,1,1
2021-04-27 15:04:00.098,17562,17563,17563,1,1
2021-04-27 15:04:00.463,17562,17563,17563,1,1
2021-04-27 15:04:03.215,17562,17563,17563,37,37
2021-04-27 15:04:03.216,17562,17563,17564,4,4
2021-04-27 15:04:03.344,17563,17565,17565,1,1
2021-04-27 15:04:03.711,17563,17565,17563,4,-4
2021-04-27 15:04:07.901,17564,17565,17565,4,4
2021-04-27 15:04:08.801,17564,17565,17565,5,5
2021-04-27 15:04:08.802,17564,17565,17566,5,5
2021-04-27 15:04:11.016,17566,17567,17566,1,-1
2021-04-27 15:04:12.542,17566,17567,17567,1,1
2021-04-27 15:04:13.870,17566,17567,17566,1,-1
2021-04-27 15:04:13.985,17566,17567,17567,1,1
2021-04-27 15:04:16.312,17566,17567,17567,1,1
2021-04-27 15:04:18.473,17566,17567,17566,1,-1
2021-04-27 15:04:22.973,17566,17567,17566,2,-2
2021-04-27 15:04:32.322,17566,17567,17567,1,1
2021-04-27 15:04:36.079,17566,17567,17566,1,-1
2021-04-27 15:04:41.486,17566,17567,17567,2,2
2021-04-27 15:04:46.053,17566,17567,17567,1,1
2021-04-27 15:04:47.570,17566,17568,17567,1,-1
2021-04-27 15:04:48.058,17567,17568,17568,3,3
2021-04-27 15:04:59.285,17567,17568,17567,1,-1
2021-04-27 15:05:01.409,17567,17568,17567,1,-1
2021-04-27 15:05:01.662,17566,17567,17566,1,-1
2021-04-27 15:05:04.182,17565,17566,17566,1,1
2021-04-27 15:05:07.071,17565,17566,17565,2,-2
2021-04-27 15:05:12.166,17565,17566,17565,2,-2
2021-04-27 15:05:13.449,17565,17566,17565,1,-1
2021-04-27 15:05:22.701,17564,17565,17565,1,1
2021-04-27 15:05:25.075,17564,17565,17564,1,-1
2021-04-27 15:05:25.913,17563,17564,17564,1,1
2021-04-27 15:05:27.403,17563,17564,17564,1,1
2021-04-27 15:05:27.437,17563,17564,17565,1,1
2021-04-27 15:05:31.777,17563,17564,17564,1,1
2021-04-27 15:05:36.873,17563,17564,17564,1,1
2021-04-27 15:05:41.260,17563,17564,17563,3,-3
2021-04-27 15:05:42.478,17563,17564,17563,2,-2
2021-04-27 15:05:48.769,17562,17563,17562,2,-2
2021-04-27 15:05:49.880,17562,17563,17562,1,-1
2021-04-27 15:05:52.182,17562,17563,17562,2,-2
2021-04-27 15:05:55.444,17562,17563,17562,2,-2
2021-04-27 15:05:59.436,17562,17563,17562,1,-1
2021-04-27 15:06:00.038,17562,17563,17562,1,-1
2021-04-27 15:06:00.052,17562,17563,17561,1,-1
2021-04-27 15:06:00.063,17562,17563,17561,1,-1
2021-04-27 15:06:00.091,17561,17563,17561,1,-1
2021-04-27 15:06:00.104,17561,17563,17561,2,-2
2021-04-27 15:06:00.120,17561,17563,17561,1,-1
2021-04-27 15:06:00.123,17561,17563,17561,1,-1
2021-04-27 15:06:00.129,17561,17563,17560,1,-1
2021-04-27 15:06:00.133,17561,17563,17560,1,-1
2021-04-27 15:06:00.169,17561,17563,17560,1,-1
2021-04-27 15:06:00.171,17561,17563,17560,1,-1
2021-04-27 15:06:00.192,17561,17563,17560,2,-2
2021-04-27 15:06:02.498,17560,17561,17561,1,1
2021-04-27 15:06:02.503,17560,17561,17560,1,-1
2021-04-27 15:06:02.973,17560,17561,17560,1,-1
2021-04-27 15:06:03.112,17560,17561,17560,1,-1
2021-04-27 15:06:08.847,17559,17560,17560,1,1
2021-04-27 15:06:11.262,17559,17560,17559,1,-1
2021-04-27 15:06:11.360,17559,17560,17559,2,-2
2021-04-27 15:06:11.460,17559,17560,17559,1,-1
2021-04-27 15:06:11.894,17559,17560,17559,1,-1
2021-04-27 15:06:12.812,17559,17560,17559,1,-1
2021-04-27 15:06:13.095,17559,17560,17559,1,-1
2021-04-27 15:06:13.722,17559,17560,17559,1,-1
2021-04-27 15:06:14.577,17559,17560,17560,1,1
2021-04-27 15:06:21.053,17561,17563,17561,1,1
2021-04-27 15:06:25.709,17561,17563,17561,1,-1
2021-04-27 15:06:30.300,17562,17563,17563,1,1
2021-04-27 15:06:33.876,17562,17563,17563,2,2
2021-04-27 15:06:45.724,17562,17563,17562,2,-2
2021-04-27 15:06:50.852,17561,17562,17561,1,-1
2021-04-27 15:06:54.834,17561,17562,17561,1,-1
2021-04-27 15:06:56.158,17561,17562,17562,1,1
2021-04-27 15:07:05.073,17561,17562,17561,1,-1
2021-04-27 15:07:07.805,17560,17562,17562,1,1
2021-04-27 15:07:09.310,17560,17562,17562,6,6
2021-04-27 15:07:09.924,17561,17563,17561,3,-3
2021-04-27 15:07:09.925,17561,17563,17561,2,-2
2021-04-27 15:07:17.920,17561,17562,17561,1,-1
2021-04-27 15:07:27.222,17561,17562,17562,1,1
2021-04-27 15:07:28.136,17561,17562,17562,3,3
2021-04-27 15:07:29.137,17562,17563,17563,2,2
2021-04-27 15:07:29.138,17562,17563,17563,7,7
2021-04-27 15:07:29.615,17562,17564,17562,3,-3
2021-04-27 15:07:31.863,17562,17564,17562,1,-1
2021-04-27 15:07:33.617,17563,17564,17563,1,1
2021-04-27 15:07:37.844,17563,17564,17563,2,-2
2021-04-27 15:07:40.850,17563,17564,17563,2,-2
2021-04-27 15:07:43.726,17563,17564,17564,46,46
2021-04-27 15:07:43.845,17564,17565,17564,2,-2
2021-04-27 15:07:54.754,17564,17565,17564,1,-1
2021-04-27 15:07:59.303,17564,17565,17564,1,-1
2021-04-27 15:07:59.830,17564,17565,17564,1,-1
2021-04-27 15:08:00.925,17563,17564,17564,1,1
2021-04-27 15:08:02.556,17563,17564,17564,1,1
2021-04-27 15:08:05.155,17563,17564,17564,3,3
2021-04-27 15:08:05.586,17563,17564,17564,1,1
2021-04-27 15:08:07.738,17564,17565,17564,3,-3
2021-04-27 15:08:07.746,17564,17565,17563,1,-1
2021-04-27 15:08:10.389,17563,17564,17564,2,2
2021-04-27 15:08:12.214,17563,17564,17563,1,-1
2021-04-27 15:08:12.215,17563,17564,17563,3,-3
2021-04-27 15:08:12.524,17562,17563,17563,1,1
2021-04-27 15:08:13.565,17562,17563,17563,1,1
2021-04-27 15:08:18.084,17563,17564,17564,1,1
2021-04-27 15:08:21.112,17563,17564,17564,1,1
2021-04-27 15:08:24.762,17563,17564,17564,2,2
2021-04-27 15:08:26.007,17563,17564,17563,1,-1
2021-04-27 15:08:27.480,17563,17564,17563,1,-1
2021-04-27 15:08:28.711,17563,17564,17564,1,1
2021-04-27 15:08:33.674,17563,17565,17565,3,3
2021-04-27 15:08:39.955,17564,17565,17564,1,-1
2021-04-27 15:08:40.162,17564,17565,17565,3,3
2021-04-27 15:08:40.451,17565,17566,17565,2,-2
2021-04-27 15:08:41.483,17564,17565,17565,2,2
2021-04-27 15:08:43.273,17564,17565,17565,2,2
2021-04-27 15:08:49.246,17564,17565,17565,1,1
2021-04-27 15:08:49.537,17565,17566,17565,1,-1
2021-04-27 15:08:49.741,17564,17565,17565,1,1
2021-04-27 15:08:51.494,17564,17566,17565,1,-1
2021-04-27 15:09:09.038,17565,17566,17565,1,-1
2021-04-27 15:09:10.398,17565,17566,17565,6,-6
2021-04-27 15:09:17.935,17564,17565,17564,1,-1
2021-04-27 15:09:18.312,17564,17565,17564,1,-1
2021-04-27 15:09:29.121,17563,17564,17563,1,-1
2021-04-27 15:09:38.217,17563,17564,17563,1,-1
2021-04-27 15:09:38.704,17563,17564,17563,2,-2
2021-04-27 15:09:38.715,17563,17564,17563,1,-1
2021-04-27 15:09:41.023,17563,17564,17563,1,-1
2021-04-27 15:09:45.384,17563,17564,17563,1,-1
2021-04-27 15:10:00.025,17562,17563,17563,1,1
2021-04-27 15:10:05.417,17562,17563,17563,2,2
2021-04-27 15:10:09.096,17562,17563,17563,1,1
2021-04-27 15:10:13.563,17562,17563,17563,1,1
2021-04-27 15:10:19.714,17563,17564,17563,1,-1
2021-04-27 15:10:23.054,17563,17564,17563,1,-1
2021-04-27 15:10:24.926,17562,17563,17562,1,-1
2021-04-27 15:10:34.474,17562,17563,17563,1,1
2021-04-27 15:10:36.296,17562,17563,17563,1,1
2021-04-27 15:10:39.817,17562,17563,17562,14,-14
2021-04-27 15:10:39.920,17561,17562,17561,10,-10
2021-04-27 15:10:39.927,17561,17562,17560,2,-2
2021-04-27 15:10:44.667,17560,17562,17560,2,-2
2021-04-27 15:10:45.297,17560,17561,17560,1,-1
2021-04-27 15:10:48.136,17560,17561,17561,1,1
2021-04-27 15:10:56.532,17560,17561,17560,2,-2
2021-04-27 15:10:59.244,17560,17561,17560,1,-1
2021-04-27 15:11:05.664,17560,17561,17560,1,-1
2021-04-27 15:11:15.076,17560,17561,17560,2,-2
2021-04-27 15:11:16.697,17560,17561,17561,1,1
2021-04-27 15:11:18.832,17561,17562,17561,1,-1
2021-04-27 15:11:25.247,17560,17561,17561,1,1
2021-04-27 15:11:27.507,17560,17561,17561,1,1
2021-04-27 15:11:34.271,17560,17561,17561,1,1
2021-04-27 15:11:39.369,17561,17562,17562,1,1
2021-04-27 15:11:52.348,17561,17562,17562,2,2
2021-04-27 15:11:52.705,17561,17563,17561,7,-7
2021-04-27 15:11:52.706,17561,17563,17561,3,-3
2021-04-27 15:11:57.488,17561,17563,17561,1,-1
2021-04-27 15:12:05.959,17561,17563,17561,1,-1
2021-04-27 15:12:15.739,17560,17562,17562,3,3
2021-04-27 15:12:16.805,17560,17563,17561,1,-1
2021-04-27 15:12:22.942,17561,17562,17561,1,-1
2021-04-27 15:12:27.931,17560,17561,17561,2,2
2021-04-27 15:12:28.445,17560,17561,17561,1,1
2021-04-27 15:12:32.473,17560,17561,17560,5,-5
2021-04-27 15:12:37.549,17560,17561,17560,1,-1
2021-04-27 15:12:57.632,17560,17561,17561,6,6
2021-04-27 15:12:59.802,17561,17562,17561,1,-1
2021-04-27 15:12:59.997,17561,17562,17561,2,-2
2021-04-27 15:13:04.180,17561,17562,17561,1,-1
2021-04-27 15:13:04.696,17561,17562,17562,1,1
2021-04-27 15:13:13.946,17561,17563,17561,2,-2
2021-04-27 15:13:30.478,17561,17563,17561,1,-1
2021-04-27 15:13:34.487,17561,17563,17561,2,-2
2021-04-27 15:13:36.676,17561,17563,17563,1,1
2021-04-27 15:13:54.321,17561,17562,17562,1,1
2021-04-27 15:14:02.212,17561,17562,17562,1,1
2021-04-27 15:14:04.515,17561,17563,17562,1,-1
2021-04-27 15:14:12.959,17561,17562,17562,1,1
2021-04-27 15:14:22.673,17561,17562,17561,1,-1
2021-04-27 15:14:22.674,17561,17562,17561,3,-3
2021-04-27 15:14:27.616,17560,17561,17560,19,-19
2021-04-27 15:14:30.992,17559,17560,17560,2,2
2021-04-27 15:14:39.836,17559,17560,17559,1,-1
2021-04-27 15:14:39.913,17559,17560,17559,62,-62
2021-04-27 15:14:39.914,17559,17560,17558,1,-1
2021-04-27 15:14:39.915,17559,17560,17558,9,-9
2021-04-27 15:14:39.916,17559,17560,17557,1,-1
2021-04-27 15:14:39.917,17559,17560,17557,1,-1
2021-04-27 15:14:39.939,17559,17560,17556,5,-5
2021-04-27 15:14:39.997,17556,17557,17557,1,1
2021-04-27 15:14:40.002,17556,17557,17556,2,-2
2021-04-27 15:14:40.007,17556,17557,17556,2,-2
2021-04-27 15:14:40.008,17556,17557,17556,1,-1
2021-04-27 15:14:40.016,17556,17557,17555,1,-1
2021-04-27 15:14:40.017,17556,17557,17555,3,-3
2021-04-27 15:14:40.018,17556,17557,17555,1,-1
2021-04-27 15:14:40.021,17556,17557,17555,3,-3
2021-04-27 15:14:40.095,17555,17556,17555,1,-1
2021-04-27 15:14:40.119,17555,17556,17555,1,-1
2021-04-27 15:14:40.208,17555,17556,17555,2,-2
2021-04-27 15:14:40.212,17555,17556,17555,1,-1
2021-04-27 15:14:40.213,17555,17556,17555,8,-8
2021-04-27 15:14:40.294,17555,17556,17554,1,-1
2021-04-27 15:14:40.663,17554,17555,17554,1,-1
2021-04-27 15:14:41.095,17554,17555,17555,1,1
2021-04-27 15:14:41.342,17555,17556,17555,1,-1
2021-04-27 15:14:41.962,17554,17556,17554,1,-1
2021-04-27 15:14:43.685,17555,17556,17556,1,1
2021-04-27 15:14:48.087,17555,17557,17555,1,-1
2021-04-27 15:14:48.962,17555,17557,17557,1,1
2021-04-27 15:14:50.819,17556,17557,17556,1,-1
2021-04-27 15:14:52.288,17555,17556,17556,1,1
2021-04-27 15:14:53.194,17555,17556,17556,1,1
2021-04-27 15:14:53.702,17555,17557,17556,1,-1
2021-04-27 15:14:53.920,17556,17557,17556,2,-2
2021-04-27 15:14:55.349,17555,17556,17556,1,1
2021-04-27 15:14:55.713,17555,17556,17555,1,-1
2021-04-27 15:15:00.935,17555,17557,17555,4,-4
2021-04-27 15:15:03.314,17555,17557,17555,1,-1
2021-04-27 15:15:03.573,17554,17556,17554,2,-2
2021-04-27 15:15:03.574,17554,17556,17554,1,-1
2021-04-27 15:15:03.575,17554,17556,17554,11,-11
2021-04-27 15:15:03.636,17553,17554,17553,2,-2
2021-04-27 15:15:03.849,17553,17555,17553,3,-3
2021-04-27 15:15:07.421,17553,17554,17554,1,1
2021-04-27 15:15:07.920,17554,17555,17554,1,-1
2021-04-27 15:15:08.278,17554,17555,17554,1,-1
2021-04-27 15:15:08.767,17554,17555,17554,3,-3
2021-04-27 15:15:09.000,17553,17555,17553,1,-1
2021-04-27 15:15:11.887,17554,17555,17554,1,1
2021-04-27 15:15:13.498,17554,17555,17555,2,2
2021-04-27 15:15:14.606,17554,17556,17554,1,-1
2021-04-27 15:15:16.759,17555,17556,17555,1,1
2021-04-27 15:15:16.810,17555,17556,17555,1,-1
2021-04-27 15:15:20.104,17555,17556,17556,1,1
2021-04-27 15:15:24.276,17556,17557,17557,1,1
2021-04-27 15:15:24.278,17556,17557,17557,1,1
2021-04-27 15:15:27.795,17556,17557,17557,1,1
2021-04-27 15:15:27.796,17556,17557,17557,1,1
2021-04-27 15:15:29.129,17557,17559,17557,1,-1
2021-04-27 15:15:30.586,17558,17559,17558,1,1
2021-04-27 15:15:33.754,17557,17558,17557,1,-1
2021-04-27 15:15:34.820,17557,17558,17557,1,-1
2021-04-27 15:15:36.481,17556,17558,17558,1,1
2021-04-27 15:15:39.825,17557,17558,17558,1,1
2021-04-27 15:15:45.785,17557,17558,17558,1,1
2021-04-27 15:15:48.593,17558,17559,17558,1,-1
2021-04-27 15:15:50.498,17558,17559,17558,1,-1
2021-04-27 15:15:52.305,17558,17559,17558,2,-2
2021-04-27 15:15:59.259,17557,17558,17558,1,1
2021-04-27 15:16:05.214,17557,17558,17558,1,1
2021-04-27 15:16:08.011,17557,17559,17559,1,1
2021-04-27 15:16:14.952,17557,17559,17557,1,-1
2021-04-27 15:16:22.135,17557,17558,17558,1,1
2021-04-27 15:16:24.366,17557,17558,17557,4,-4
2021-04-27 15:16:24.499,17556,17557,17557,1,1
2021-04-27 15:16:27.316,17557,17558,17558,4,4
2021-04-27 15:16:28.715,17558,17559,17559,5,5
2021-04-27 15:16:29.803,17558,17560,17558,1,-1
2021-04-27 15:16:29.974,17559,17560,17559,1,1
2021-04-27 15:16:35.895,17559,17560,17559,3,-3
2021-04-27 15:16:38.591,17559,17560,17560,1,1
2021-04-27 15:16:40.315,17559,17560,17559,1,-1
2021-04-27 15:16:45.383,17559,17560,17559,1,-1
2021-04-27 15:16:45.619,17558,17559,17559,1,1
2021-04-27 15:16:50.086,17558,17559,17559,1,1
2021-04-27 15:16:51.111,17558,17560,17558,1,-1
2021-04-27 15:16:53.419,17558,17559,17559,2,2
2021-04-27 15:17:02.124,17559,17560,17560,5,5
2021-04-27 15:17:12.618,17559,17560,17560,5,5
2021-04-27 15:17:18.902,17560,17561,17560,2,-2
2021-04-27 15:17:25.604,17560,17561,17560,1,-1
2021-04-27 15:17:35.097,17560,17561,17560,1,-1
2021-04-27 15:17:41.108,17560,17561,17560,2,-2
2021-04-27 15:17:42.148,17560,17561,17560,1,-1
2021-04-27 15:17:42.709,17560,17561,17560,3,-3
2021-04-27 15:17:44.596,17559,17560,17559,1,-1
2021-04-27 15:17:58.444,17559,17560,17559,4,-4
2021-04-27 15:18:09.424,17558,17559,17558,1,-1
2021-04-27 15:18:14.172,17558,17559,17558,5,-5
2021-04-27 15:18:19.680,17557,17558,17558,1,1
2021-04-27 15:18:21.491,17557,17558,17557,1,-1
2021-04-27 15:18:21.647,17556,17558,17556,5,-5
2021-04-27 15:18:21.892,17556,17558,17556,1,-1
2021-04-27 15:18:39.393,17556,17557,17556,1,-1
2021-04-27 15:18:40.586,17556,17557,17556,1,-1
2021-04-27 15:18:42.445,17555,17557,17555,1,-1
2021-04-27 15:18:42.483,17555,17557,17555,5,-5
2021-04-27 15:18:43.424,17555,17556,17555,1,-1
2021-04-27 15:18:45.988,17555,17556,17555,1,-1
2021-04-27 15:18:48.653,17555,17556,17555,1,-1
2021-04-27 15:18:51.620,17555,17556,17556,2,2
2021-04-27 15:18:53.798,17555,17557,17555,1,-1
2021-04-27 15:18:57.567,17555,17557,17557,1,1
2021-04-27 15:19:02.011,17556,17558,17556,1,-1
2021-04-27 15:19:12.586,17557,17558,17557,1,1
2021-04-27 15:19:12.716,17557,17558,17557,1,-1
2021-04-27 15:19:16.977,17557,17558,17558,1,1
2021-04-27 15:19:17.506,17557,17558,17558,1,1
2021-04-27 15:19:24.099,17557,17558,17558,1,1
2021-04-27 15:19:25.348,17557,17558,17558,1,1
2021-04-27 15:19:29.730,17557,17558,17557,3,-3
2021-04-27 15:19:48.311,17556,17557,17557,1,1
2021-04-27 15:20:08.198,17556,17557,17557,1,1
2021-04-27 15:20:08.199,17556,17557,17557,1,1
2021-04-27 15:20:16.291,17556,17557,17557,1,1
2021-04-27 15:20:16.338,17556,17558,17556,1,-1
2021-04-27 15:20:18.444,17556,17557,17557,1,1
2021-04-27 15:20:25.783,17556,17558,17556,1,-1
2021-04-27 15:20:26.086,17557,17558,17557,2,2
2021-04-27 15:20:27.951,17556,17557,17557,1,1
2021-04-27 15:20:45.443,17557,17558,17557,1,-1
2021-04-27 15:20:53.980,17557,17558,17558,1,1
2021-04-27 15:21:02.957,17557,17558,17558,1,1
2021-04-27 15:21:15.819,17557,17558,17558,1,1
2021-04-27 15:21:19.783,17557,17558,17558,1,1
2021-04-27 15:21:20.085,17557,17558,17558,1,1
2021-04-27 15:21:20.330,17557,17558,17558,1,1
2021-04-27 15:21:20.917,17557,17558,17558,1,1
2021-04-27 15:21:33.121,17558,17559,17558,1,-1
2021-04-27 15:22:02.377,17557,17558,17558,1,1
2021-04-27 15:22:02.495,17557,17558,17558,1,1
2021-04-27 15:22:20.740,17557,17558,17558,1,1
2021-04-27 15:22:23.208,17557,17558,17558,1,1
2021-04-27 15:22:30.731,17557,17558,17558,1,1
2021-04-27 15:22:34.192,17557,17558,17557,1,-1
2021-04-27 15:22:34.213,17557,17558,17557,1,-1
2021-04-27 15:22:40.430,17557,17558,17557,1,-1
2021-04-27 15:22:40.836,17557,17558,17557,4,-4
2021-04-27 15:22:46.612,17556,17557,17556,1,-1
2021-04-27 15:22:46.797,17555,17556,17555,1,-1
2021-04-27 15:22:48.664,17555,17556,17555,1,-1
2021-04-27 15:22:48.665,17555,17556,17555,2,-2
2021-04-27 15:22:49.337,17554,17555,17554,1,-1
2021-04-27 15:22:49.486,17554,17555,17554,2,-2
2021-04-27 15:22:50.639,17554,17555,17554,2,-2
2021-04-27 15:22:50.771,17553,17554,17553,5,-5
2021-04-27 15:22:57.125,17552,17554,17553,1,-1
2021-04-27 15:22:59.136,17552,17553,17552,2,-2
2021-04-27 15:22:59.238,17552,17553,17552,1,-1
2021-04-27 15:22:59.246,17552,17553,17552,1,-1
2021-04-27 15:22:59.261,17552,17553,17552,2,-2
2021-04-27 15:23:00.452,17552,17553,17552,2,-2
2021-04-27 15:23:00.678,17552,17553,17553,1,1
2021-04-27 15:23:05.601,17552,17554,17553,1,-1
2021-04-27 15:23:09.909,17552,17553,17553,1,1
2021-04-27 15:23:10.980,17552,17553,17553,1,1
2021-04-27 15:23:11.698,17552,17554,17552,1,-1
2021-04-27 15:23:14.754,17552,17553,17552,5,-5
2021-04-27 15:23:14.836,17552,17553,17552,13,-13
2021-04-27 15:23:15.445,17551,17552,17552,1,1
2021-04-27 15:23:22.580,17551,17552,17551,1,-1
2021-04-27 15:23:22.635,17551,17552,17551,5,-5
2021-04-27 15:23:22.876,17551,17552,17551,1,-1
2021-04-27 15:23:22.980,17550,17552,17550,1,-1
2021-04-27 15:23:22.987,17550,17552,17550,1,-1
2021-04-27 15:23:23.122,17550,17551,17550,1,-1
2021-04-27 15:23:23.394,17550,17551,17550,36,-36
2021-04-27 15:23:23.395,17550,17551,17549,1,-1
2021-04-27 15:23:23.396,17550,17551,17549,1,-1
2021-04-27 15:23:23.480,17548,17549,17549,1,1
2021-04-27 15:23:23.574,17548,17549,17550,3,3
2021-04-27 15:23:23.683,17549,17550,17550,1,1
2021-04-27 15:23:23.724,17549,17551,17551,1,1
2021-04-27 15:23:23.830,17549,17551,17550,1,-1
2021-04-27 15:23:23.863,17550,17551,17551,1,1
2021-04-27 15:23:25.849,17550,17551,17551,1,1
2021-04-27 15:23:25.883,17550,17551,17551,1,1
2021-04-27 15:23:26.696,17551,17552,17552,1,1
2021-04-27 15:23:34.976,17552,17553,17553,1,1
2021-04-27 15:23:40.578,17552,17553,17552,1,-1
2021-04-27 15:23:40.973,17552,17553,17553,1,1
2021-04-27 15:23:46.455,17553,17554,17553,1,-1
2021-04-27 15:23:46.456,17553,17554,17553,1,-1
2021-04-27 15:23:48.807,17553,17554,17553,1,-1
2021-04-27 15:23:49.523,17553,17554,17553,1,-1
2021-04-27 15:23:51.765,17553,17554,17554,2,2
2021-04-27 15:23:56.886,17553,17554,17553,2,-2
2021-04-27 15:24:00.592,17553,17554,17553,1,-1
2021-04-27 15:24:05.391,17552,17553,17552,1,-1
2021-04-27 15:24:05.914,17552,17553,17552,2,-2
2021-04-27 15:24:11.305,17552,17553,17552,1,-1
2021-04-27 15:24:12.172,17552,17553,17552,1,-1
2021-04-27 15:24:15.008,17552,17553,17552,1,-1
2021-04-27 15:24:17.861,17552,17553,17552,1,-1
2021-04-27 15:24:22.046,17552,17553,17553,1,1
2021-04-27 15:24:23.354,17552,17553,17552,1,-1
2021-04-27 15:24:25.860,17552,17553,17552,1,-1
2021-04-27 15:24:34.705,17552,17553,17552,7,-7
2021-04-27 15:24:37.234,17552,17553,17552,1,-1
2021-04-27 15:24:43.273,17552,17553,17552,1,-1
2021-04-27 15:24:44.380,17552,17553,17552,1,-1
2021-04-27 15:24:46.866,17552,17553,17552,1,-1
2021-04-27 15:24:52.590,17551,17552,17552,2,2
2021-04-27 15:24:55.361,17551,17552,17551,1,-1
2021-04-27 15:24:55.362,17551,17552,17551,7,-7
2021-04-27 15:24:55.461,17551,17552,17551,1,-1
2021-04-27 15:24:57.797,17549,17550,17550,1,1
2021-04-27 15:25:00.663,17549,17550,17550,2,2
2021-04-27 15:25:00.706,17549,17550,17549,1,-1
2021-04-27 15:25:00.739,17549,17550,17549,2,-2
2021-04-27 15:25:01.081,17549,17550,17550,3,3
2021-04-27 15:25:01.243,17549,17550,17550,1,1
2021-04-27 15:25:01.424,17549,17550,17550,1,1
2021-04-27 15:25:04.066,17549,17550,17550,2,2
2021-04-27 15:25:05.857,17549,17550,17550,1,1
2021-04-27 15:25:13.228,17549,17550,17550,12,12
2021-04-27 15:25:14.270,17550,17552,17550,5,-5
2021-04-27 15:25:14.409,17550,17552,17550,1,-1
2021-04-27 15:25:20.895,17551,17552,17552,1,1
2021-04-27 15:25:31.397,17552,17553,17553,1,1
2021-04-27 15:25:31.398,17552,17553,17553,1,1
2021-04-27 15:25:38.590,17553,17554,17553,6,-6
2021-04-27 15:26:06.049,17553,17554,17553,1,-1
2021-04-27 15:26:09.466,17553,17554,17553,1,-1
2021-04-27 15:26:09.468,17553,17554,17553,1,-1
2021-04-27 15:26:23.917,17552,17553,17552,2,-2
2021-04-27 15:26:25.271,17551,17552,17552,1,1
2021-04-27 15:26:26.856,17551,17552,17552,1,1
2021-04-27 15:26:29.338,17551,17552,17551,1,-1
2021-04-27 15:26:37.338,17551,17552,17552,1,1
2021-04-27 15:26:44.452,17551,17552,17551,3,-3
2021-04-27 15:26:45.766,17550,17551,17551,1,1
2021-04-27 15:26:47.001,17550,17551,17551,1,1
2021-04-27 15:26:47.328,17550,17551,17551,1,1
2021-04-27 15:26:58.013,17550,17551,17551,1,1
2021-04-27 15:26:59.083,17550,17551,17551,1,1
2021-04-27 15:27:10.504,17550,17551,17550,1,-1
2021-04-27 15:27:10.781,17550,17551,17550,1,-1
2021-04-27 15:27:10.782,17550,17551,17550,1,-1
2021-04-27 15:27:11.567,17549,17550,17550,1,1
2021-04-27 15:27:19.014,17549,17550,17549,12,-12
2021-04-27 15:27:19.113,17548,17549,17548,2,-2
2021-04-27 15:27:21.693,17548,17549,17549,1,1
2021-04-27 15:27:22.262,17548,17549,17549,1,1
2021-04-27 15:27:23.814,17548,17549,17548,1,-1
2021-04-27 15:27:27.109,17548,17549,17549,1,1
2021-04-27 15:27:30.312,17548,17549,17548,1,-1
2021-04-27 15:27:31.064,17548,17549,17548,3,-3
2021-04-27 15:27:31.233,17548,17549,17548,1,-1
2021-04-27 15:27:32.382,17548,17549,17548,3,-3
2021-04-27 15:27:33.655,17548,17549,17548,3,-3
2021-04-27 15:27:33.738,17548,17549,17548,2,-2
2021-04-27 15:27:36.086,17547,17548,17548,9,9
2021-04-27 15:27:36.747,17547,17549,17547,1,-1
2021-04-27 15:27:36.896,17547,17549,17547,1,-1
2021-04-27 15:27:36.944,17547,17549,17547,1,-1
2021-04-27 15:27:39.343,17547,17548,17548,1,1
2021-04-27 15:27:39.351,17547,17548,17548,3,3
2021-04-27 15:27:39.640,17548,17549,17549,2,2
2021-04-27 15:27:40.737,17547,17549,17548,3,-3
2021-04-27 15:27:41.104,17548,17549,17548,1,-1
2021-04-27 15:27:41.454,17547,17549,17547,1,-1
2021-04-27 15:27:42.673,17548,17549,17548,2,2
2021-04-27 15:27:43.186,17547,17549,17548,1,-1
2021-04-27 15:27:44.090,17547,17549,17549,1,1
2021-04-27 15:27:46.461,17548,17549,17548,2,-2
2021-04-27 15:27:51.525,17548,17549,17548,1,-1
2021-04-27 15:27:51.527,17548,17549,17548,2,-2
2021-04-27 15:27:52.869,17548,17549,17548,3,-3
2021-04-27 15:27:54.898,17547,17549,17547,6,-6
2021-04-27 15:28:01.144,17547,17548,17548,1,1
2021-04-27 15:28:01.624,17547,17549,17547,1,-1
2021-04-27 15:28:01.984,17547,17549,17547,2,-2
2021-04-27 15:28:12.197,17548,17549,17549,6,6
2021-04-27 15:28:12.202,17548,17549,17550,2,2
2021-04-27 15:28:12.360,17549,17551,17551,1,1
2021-04-27 15:28:13.316,17549,17551,17549,1,-1
2021-04-27 15:28:13.336,17550,17552,17550,2,2
2021-04-27 15:28:13.559,17549,17552,17549,5,-5
2021-04-27 15:28:15.847,17549,17552,17552,2,2
2021-04-27 15:28:23.927,17551,17552,17552,4,4
2021-04-27 15:28:24.171,17551,17552,17552,1,1
2021-04-27 15:28:28.101,17551,17553,17551,2,-2
2021-04-27 15:28:28.102,17551,17553,17551,11,-11
2021-04-27 15:28:29.336,17550,17552,17550,5,-5
2021-04-27 15:28:52.679,17550,17552,17550,1,-1
2021-04-27 15:29:00.731,17550,17551,17550,1,-1
2021-04-27 15:29:12.970,17550,17551,17550,2,-2
2021-04-27 15:29:18.365,17549,17550,17550,1,1
2021-04-27 15:29:27.004,17549,17550,17550,1,1
2021-04-27 15:29:27.353,17549,17550,17550,2,2
2021-04-27 15:29:27.355,17549,17550,17551,1,1
2021-04-27 15:29:27.382,17549,17550,17552,2,2
2021-04-27 15:29:30.307,17551,17552,17551,1,-1
2021-04-27 15:29:41.767,17550,17551,17551,1,1
2021-04-27 15:29:42.488,17550,17551,17551,1,1
2021-04-27 15:29:50.271,17550,17551,17550,1,-1
2021-04-27 15:30:04.036,17550,17551,17550,5,-5
2021-04-27 15:30:04.037,17550,17551,17550,7,-7
2021-04-27 15:30:04.328,17550,17551,17551,4,4
2021-04-27 15:30:04.467,17550,17552,17550,1,-1
2021-04-27 15:30:04.476,17550,17552,17550,3,-3
2021-04-27 15:30:04.757,17549,17551,17551,1,1
2021-04-27 15:30:04.810,17549,17551,17552,1,1
2021-04-27 15:30:11.384,17550,17552,17552,1,1
2021-04-27 15:30:12.919,17550,17552,17551,1,-1
2021-04-27 15:30:20.065,17551,17552,17552,3,3
2021-04-27 15:30:22.789,17551,17553,17551,3,-3
2021-04-27 15:30:22.790,17551,17553,17551,11,-11
2021-04-27 15:30:30.711,17552,17553,17552,1,1
2021-04-27 15:30:32.323,17551,17553,17552,1,-1
2021-04-27 15:30:33.666,17552,17553,17552,1,-1
2021-04-27 15:30:35.409,17551,17552,17551,1,-1
2021-04-27 15:30:40.520,17551,17552,17551,7,-7
2021-04-27 15:30:40.586,17550,17551,17550,7,-7
2021-04-27 15:30:47.541,17550,17552,17552,3,3
2021-04-27 15:30:47.637,17551,17552,17552,1,1
2021-04-27 15:30:55.572,17551,17552,17552,1,1
2021-04-27 15:30:55.591,17551,17552,17552,1,1
2021-04-27 15:30:57.169,17552,17553,17553,3,3
2021-04-27 15:30:57.170,17552,17553,17553,2,2
2021-04-27 15:30:57.404,17552,17554,17554,1,1
2021-04-27 15:30:57.421,17552,17554,17554,1,1
2021-04-27 15:30:58.025,17552,17554,17554,2,2
2021-04-27 15:31:02.911,17552,17553,17553,1,1
2021-04-27 15:31:03.404,17552,17553,17553,1,1
2021-04-27 15:31:03.463,17552,17554,17554,1,1
2021-04-27 15:31:04.638,17552,17553,17553,1,1
2021-04-27 15:31:06.263,17552,17553,17552,1,-1
2021-04-27 15:31:11.772,17551,17552,17551,5,-5
2021-04-27 15:31:11.838,17550,17552,17552,1,1
2021-04-27 15:31:12.709,17550,17552,17552,1,1
2021-04-27 15:31:13.188,17550,17552,17552,2,2
2021-04-27 15:31:13.601,17550,17552,17552,1,1
2021-04-27 15:31:14.389,17550,17552,17552,1,1
2021-04-27 15:31:33.642,17552,17553,17553,2,2
2021-04-27 15:31:38.140,17551,17553,17553,1,1
2021-04-27 15:31:38.213,17551,17553,17553,1,1
2021-04-27 15:31:38.214,17551,17553,17553,1,1
2021-04-27 15:31:38.215,17551,17553,17553,1,1
2021-04-27 15:31:38.216,17551,17553,17553,1,1
2021-04-27 15:31:38.217,17551,17553,17554,1,1
2021-04-27 15:31:38.220,17551,17553,17554,1,1
2021-04-27 15:31:38.394,17552,17554,17554,1,1
2021-04-27 15:31:42.641,17552,17554,17554,1,1
2021-04-27 15:31:42.713,17553,17554,17554,1,1
2021-04-27 15:31:42.714,17553,17554,17555,1,1
2021-04-27 15:31:44.142,17554,17555,17555,1,1
2021-04-27 15:31:46.486,17554,17555,17554,1,-1
2021-04-27 15:31:47.261,17554,17555,17555,1,1
2021-04-27 15:31:47.975,17554,17555,17554,1,-1
2021-04-27 15:31:50.718,17554,17555,17554,1,-1
2021-04-27 15:31:57.613,17553,17554,17554,2,2
2021-04-27 15:32:05.394,17552,17554,17554,2,2
2021-04-27 15:32:05.904,17552,17554,17552,3,-3
2021-04-27 15:32:09.433,17552,17554,17554,1,1
2021-04-27 15:32:16.473,17554,17555,17554,1,-1
2021-04-27 15:32:17.646,17553,17554,17554,2,2
2021-04-27 15:32:18.122,17553,17554,17554,1,1
2021-04-27 15:32:21.220,17553,17554,17553,4,-4
2021-04-27 15:32:21.336,17552,17553,17552,2,-2
2021-04-27 15:32:30.220,17552,17553,17552,3,-3
2021-04-27 15:32:50.398,17552,17553,17553,1,1
2021-04-27 15:33:00.621,17552,17553,17552,2,-2
2021-04-27 15:33:08.687,17551,17552,17552,2,2
2021-04-27 15:33:10.897,17552,17553,17552,1,-1
2021-04-27 15:33:31.963,17551,17553,17551,3,-3
2021-04-27 15:33:38.397,17551,17552,17551,2,-2
2021-04-27 15:33:43.680,17551,17552,17551,6,-6
2021-04-27 15:33:43.711,17550,17552,17550,9,-9
2021-04-27 15:33:44.103,17549,17551,17549,3,-3
2021-04-27 15:33:44.252,17549,17550,17549,1,-1
2021-04-27 15:33:45.965,17549,17550,17550,1,1
2021-04-27 15:33:47.919,17549,17551,17550,1,-1
2021-04-27 15:33:51.021,17550,17551,17551,1,1
2021-04-27 15:33:57.647,17551,17552,17551,2,-2
2021-04-27 15:34:06.422,17551,17552,17551,1,-1
2021-04-27 15:34:06.645,17550,17552,17550,3,-3
2021-04-27 15:34:16.145,17550,17551,17550,2,-2
2021-04-27 15:34:18.682,17550,17551,17551,1,1
2021-04-27 15:34:23.053,17551,17552,17552,1,1
2021-04-27 15:34:23.086,17551,17552,17552,2,2
2021-04-27 15:34:28.792,17552,17553,17553,2,2
2021-04-27 15:34:32.774,17552,17554,17553,1,-1
2021-04-27 15:34:45.180,17553,17554,17554,1,1
2021-04-27 15:34:52.738,17554,17555,17554,1,-1
2021-04-27 15:34:55.530,17554,17555,17555,1,1
2021-04-27 15:35:03.357,17554,17555,17555,1,1
2021-04-27 15:35:07.412,17554,17555,17554,1,-1
2021-04-27 15:35:12.685,17554,17555,17555,1,1
2021-04-27 15:35:12.686,17554,17555,17555,6,6
2021-04-27 15:35:18.677,17555,17556,17555,1,-1
2021-04-27 15:35:20.215,17555,17556,17555,1,-1
2021-04-27 15:35:21.025,17555,17556,17555,1,-1
2021-04-27 15:35:22.899,17555,17556,17556,1,1
2021-04-27 15:35:29.357,17555,17556,17556,1,1
2021-04-27 15:35:34.058,17555,17556,17556,2,2
2021-04-27 15:35:34.885,17555,17556,17556,1,1
2021-04-27 15:35:43.695,17555,17556,17556,2,2
2021-04-27 15:35:43.697,17555,17556,17556,1,1
2021-04-27 15:35:58.437,17555,17556,17556,2,2
2021-04-27 15:36:01.088,17556,17557,17557,5,5
2021-04-27 15:36:01.206,17556,17557,17556,1,-1
2021-04-27 15:36:01.243,17556,17557,17557,1,1
2021-04-27 15:36:01.315,17556,17557,17557,1,1
2021-04-27 15:36:01.808,17556,17557,17557,1,1
2021-04-27 15:36:02.308,17556,17557,17557,1,1
2021-04-27 15:36:03.729,17556,17557,17557,3,3
2021-04-27 15:36:03.730,17556,17557,17557,2,2
2021-04-27 15:36:05.211,17556,17557,17556,7,-7
2021-04-27 15:36:06.145,17555,17557,17557,5,5
2021-04-27 15:36:09.714,17556,17557,17556,5,-5
2021-04-27 15:36:10.426,17555,17556,17556,2,2
2021-04-27 15:36:14.687,17556,17557,17557,5,5
2021-04-27 15:36:16.256,17556,17557,17557,1,1
2021-04-27 15:36:17.991,17556,17557,17556,5,-5
2021-04-27 15:36:20.102,17555,17556,17556,1,1
2021-04-27 15:36:21.076,17555,17556,17556,4,4
2021-04-27 15:36:22.014,17555,17556,17556,1,1
2021-04-27 15:36:30.510,17555,17556,17555,2,-2
2021-04-27 15:36:35.073,17555,17556,17556,1,1
2021-04-27 15:36:35.882,17555,17556,17555,1,-1
2021-04-27 15:36:50.660,17555,17556,17556,1,1
2021-04-27 15:37:09.110,17556,17557,17556,1,-1
2021-04-27 15:37:13.655,17556,17557,17556,1,-1
2021-04-27 15:37:21.023,17556,17557,17556,2,-2
2021-04-27 15:37:21.104,17555,17556,17556,1,1
2021-04-27 15:37:32.560,17555,17556,17555,4,-4
2021-04-27 15:37:34.177,17555,17556,17555,1,-1
2021-04-27 15:37:34.630,17555,17556,17555,4,-4
2021-04-27 15:37:37.499,17555,17556,17555,1,-1
2021-04-27 15:37:40.353,17555,17556,17556,1,1
2021-04-27 15:37:41.952,17555,17556,17555,1,-1
2021-04-27 15:37:47.846,17555,17556,17555,8,-8
2021-04-27 15:37:48.142,17555,17556,17555,1,-1
2021-04-27 15:37:53.686,17555,17556,17555,1,-1
2021-04-27 15:37:53.711,17555,17556,17555,1,-1
2021-04-27 15:38:02.626,17554,17556,17555,1,-1
2021-04-27 15:38:11.056,17554,17556,17554,1,-1
2021-04-27 15:38:56.291,17554,17555,17555,1,1
2021-04-27 15:38:59.549,17555,17556,17555,1,-1
2021-04-27 15:39:39.562,17555,17556,17555,3,-3
2021-04-27 15:39:39.587,17555,17556,17555,2,-2
2021-04-27 15:39:39.711,17554,17555,17554,3,-3
2021-04-27 15:39:39.854,17553,17555,17555,1,1
2021-04-27 15:39:45.048,17554,17555,17554,1,-1
2021-04-27 15:39:47.359,17553,17554,17554,1,1
2021-04-27 15:39:49.190,17553,17554,17554,2,2
2021-04-27 15:39:52.331,17554,17555,17554,1,-1
2021-04-27 15:40:23.452,17553,17554,17553,1,-1
2021-04-27 15:40:50.047,17553,17554,17553,1,-1
2021-04-27 15:40:58.771,17553,17554,17553,1,-1
2021-04-27 15:41:21.763,17553,17554,17553,1,-1
2021-04-27 15:41:25.164,17553,17554,17553,1,-1
2021-04-27 15:41:25.291,17553,17554,17553,2,-2
2021-04-27 15:41:25.303,17553,17554,17553,1,-1
2021-04-27 15:41:28.013,17553,17554,17553,1,-1
2021-04-27 15:41:43.090,17553,17554,17554,3,3
2021-04-27 15:41:45.687,17554,17555,17555,2,2
2021-04-27 15:41:45.688,17554,17555,17555,1,1
2021-04-27 15:41:46.008,17555,17556,17556,1,1
2021-04-27 15:42:14.330,17555,17557,17557,5,5
2021-04-27 15:42:25.711,17555,17556,17555,2,-2
2021-04-27 15:42:45.179,17554,17555,17554,1,-1
2021-04-27 15:42:55.547,17554,17555,17554,1,-1
2021-04-27 15:42:55.548,17554,17555,17554,2,-2
2021-04-27 15:44:05.306,17553,17554,17553,3,-3
2021-04-27 15:44:05.423,17553,17554,17554,1,1
2021-04-27 15:44:16.747,17553,17554,17553,1,-1
2021-04-27 15:44:18.144,17553,17554,17553,3,-3
2021-04-27 15:44:24.669,17552,17553,17552,3,-3
2021-04-27 15:44:24.745,17551,17552,17551,1,-1
2021-04-27 15:44:24.954,17551,17552,17551,2,-2
2021-04-27 15:44:25.623,17551,17552,17551,1,-1
2021-04-27 15:44:25.711,17550,17552,17550,25,-25
2021-04-27 15:44:25.715,17550,17552,17550,1,-1
2021-04-27 15:44:30.515,17549,17550,17550,1,1
2021-04-27 15:44:52.868,17550,17552,17550,1,-1
2021-04-27 15:44:55.598,17551,17552,17551,1,1
2021-04-27 15:45:00.428,17550,17552,17550,5,-5
2021-04-27 15:45:04.360,17550,17552,17550,1,-1
2021-04-27 15:45:20.842,17551,17552,17551,1,1
2021-04-27 15:45:30.622,17551,17552,17552,1,1
2021-04-27 15:45:34.192,17551,17552,17552,1,1
2021-04-27 15:45:36.770,17551,17552,17552,1,1
2021-04-27 15:45:39.049,17551,17553,17551,1,-1
2021-04-27 15:45:40.859,17551,17552,17552,1,1
2021-04-27 15:45:59.861,17551,17552,17552,1,1
2021-04-27 15:46:08.597,17551,17552,17551,1,-1
2021-04-27 15:46:30.218,17551,17552,17552,1,1
2021-04-27 15:46:42.527,17552,17553,17553,1,1
2021-04-27 15:46:43.742,17552,17554,17554,2,2
2021-04-27 15:47:24.155,17553,17555,17555,1,1
2021-04-27 15:47:24.615,17553,17555,17555,1,1
2021-04-27 15:47:41.206,17553,17555,17555,1,1
2021-04-27 15:47:46.599,17553,17555,17553,1,-1
2021-04-27 15:48:24.699,17553,17554,17554,2,2
2021-04-27 15:48:35.913,17553,17554,17553,3,-3
2021-04-27 15:48:41.850,17552,17553,17552,1,-1
2021-04-27 15:48:42.943,17552,17553,17552,1,-1
2021-04-27 15:48:45.077,17552,17553,17552,1,-1
2021-04-27 15:48:48.246,17551,17552,17552,2,2
2021-04-27 15:49:25.789,17551,17552,17551,1,-1
2021-04-27 15:49:33.500,17551,17552,17551,1,-1
2021-04-27 15:49:42.145,17551,17552,17551,1,-1
2021-04-27 15:50:07.264,17551,17552,17552,3,3
2021-04-27 15:50:21.007,17552,17553,17553,1,1
2021-04-27 15:50:25.094,17552,17553,17553,1,1
2021-04-27 15:50:44.065,17552,17553,17553,2,2
2021-04-27 15:50:52.572,17552,17553,17553,2,2
2021-04-27 15:50:57.014,17552,17553,17552,2,-2
2021-04-27 15:51:13.214,17552,17553,17552,2,-2
2021-04-27 15:51:27.839,17553,17554,17554,1,1
2021-04-27 15:51:40.294,17553,17554,17554,2,2
2021-04-27 15:52:04.121,17554,17555,17555,3,3
2021-04-27 15:52:05.685,17554,17555,17555,1,1
2021-04-27 15:52:14.359,17555,17556,17555,1,-1
2021-04-27 15:52:18.996,17555,17556,17556,1,1
2021-04-27 15:52:19.942,17555,17556,17556,1,1
2021-04-27 15:52:22.057,17555,17556,17555,1,-1
2021-04-27 15:52:27.758,17555,17556,17556,1,1
2021-04-27 15:52:30.332,17555,17556,17556,1,1
2021-04-27 15:52:34.216,17555,17556,17556,1,1
2021-04-27 15:52:34.217,17555,17556,17556,1,1
2021-04-27 15:52:46.179,17556,17557,17557,1,1
2021-04-27 15:52:46.447,17556,17557,17557,2,2
2021-04-27 15:52:46.487,17556,17558,17558,1,1
2021-04-27 15:52:46.540,17556,17558,17558,2,2
2021-04-27 15:52:46.706,17556,17558,17558,3,3
2021-04-27 15:52:51.776,17556,17558,17558,1,1
2021-04-27 15:52:53.500,17557,17558,17558,1,1
2021-04-27 15:52:55.509,17557,17558,17558,1,1
2021-04-27 15:52:56.153,17557,17558,17557,2,-2
2021-04-27 15:52:57.848,17556,17557,17557,1,1
2021-04-27 15:52:58.388,17556,17557,17557,1,1
2021-04-27 15:53:17.635,17556,17557,17557,3,3
2021-04-27 15:53:17.637,17556,17557,17557,2,2
2021-04-27 15:53:32.405,17556,17557,17557,1,1
2021-04-27 15:53:36.400,17556,17557,17556,1,-1
2021-04-27 15:53:53.572,17555,17556,17555,1,-1
2021-04-27 15:55:12.134,17556,17557,17557,1,1
2021-04-27 15:55:23.462,17556,17557,17556,1,-1
2021-04-27 15:55:35.959,17555,17556,17556,1,1
2021-04-27 15:55:57.860,17556,17557,17556,1,-1
2021-04-27 15:56:04.016,17556,17557,17557,1,1
2021-04-27 15:56:17.385,17556,17557,17556,1,-1
2021-04-27 15:56:17.920,17555,17556,17556,1,1
2021-04-27 15:56:19.172,17555,17556,17555,3,-3
2021-04-27 15:56:19.264,17554,17556,17555,1,-1
2021-04-27 15:56:34.731,17554,17555,17554,1,-1
2021-04-27 15:56:46.326,17553,17554,17554,1,1
2021-04-27 15:56:57.339,17553,17554,17554,1,1
2021-04-27 15:57:01.179,17553,17554,17554,1,1
2021-04-27 15:57:10.072,17553,17554,17553,2,-2
2021-04-27 15:57:16.348,17553,17554,17553,1,-1
2021-04-27 15:57:25.166,17553,17554,17553,7,-7
2021-04-27 15:57:29.643,17553,17554,17553,1,-1
2021-04-27 15:57:46.548,17553,17554,17553,1,-1
2021-04-27 15:57:51.260,17553,17554,17553,6,-6
2021-04-27 15:58:02.980,17553,17554,17553,1,-1
2021-04-27 15:58:12.562,17553,17554,17554,3,3
2021-04-27 15:58:46.041,17554,17555,17555,4,4
2021-04-27 15:58:47.418,17554,17556,17554,1,-1
2021-04-27 15:59:43.142,17554,17555,17555,2,2
2021-04-27 15:59:43.143,17554,17555,17555,1,1
2021-04-27 15:59:48.307,17555,17556,17556,1,1
2021-04-27 15:59:51.991,17555,17556,17555,2,-2
2021-04-27 16:00:01.359,17555,17556,17556,2,2
2021-04-27 16:00:01.360,17555,17556,17556,1,1
2021-04-27 16:00:02.057,17555,17557,17557,2,2
2021-04-27 16:00:32.375,17555,17556,17555,3,-3
2021-04-27 16:00:51.736,17554,17555,17555,1,1
2021-04-27 16:00:54.961,17554,17555,17555,2,2
2021-04-27 16:01:04.628,17554,17555,17554,3,-3
2021-04-27 16:01:28.676,17553,17554,17554,3,3
2021-04-27 16:01:36.858,17553,17554,17553,5,-5
2021-04-27 16:01:37.228,17552,17553,17552,1,-1
2021-04-27 16:01:37.234,17552,17553,17552,1,-1
2021-04-27 16:01:37.339,17552,17553,17552,1,-1
2021-04-27 16:01:45.854,17552,17553,17552,1,-1
2021-04-27 16:01:46.564,17552,17553,17552,1,-1
2021-04-27 16:01:54.364,17552,17553,17553,1,1
2021-04-27 16:02:11.560,17551,17553,17551,1,-1
2021-04-27 16:02:19.697,17552,17553,17552,1,1
2021-04-27 16:02:20.743,17552,17553,17552,2,-2
2021-04-27 16:02:22.302,17551,17552,17552,2,2
2021-04-27 16:02:23.730,17552,17553,17553,3,3
2021-04-27 16:02:29.556,17553,17554,17553,2,-2
2021-04-27 16:02:32.324,17553,17554,17553,1,-1
2021-04-27 16:02:40.843,17553,17555,17553,1,-1
2021-04-27 16:02:47.416,17553,17555,17553,1,-1
2021-04-27 16:02:48.381,17553,17555,17553,4,-4
2021-04-27 16:03:04.755,17553,17554,17554,1,1
2021-04-27 16:03:40.189,17553,17555,17555,1,1
2021-04-27 16:04:08.386,17553,17555,17555,1,1
2021-04-27 16:04:25.427,17554,17555,17555,1,1
2021-04-27 16:04:26.013,17554,17555,17555,1,1
2021-04-27 16:04:26.020,17554,17555,17555,1,1
2021-04-27 16:04:32.392,17554,17556,17556,1,1
2021-04-27 16:05:18.318,17555,17556,17556,1,1
2021-04-27 16:05:19.391,17555,17556,17555,2,-2
2021-04-27 16:05:20.394,17555,17556,17556,1,1
2021-04-27 16:05:27.433,17555,17556,17555,2,-2
2021-04-27 16:05:27.467,17555,17556,17555,1,-1
2021-04-27 16:06:05.095,17555,17556,17556,3,3
2021-04-27 16:06:06.900,17556,17557,17557,3,3
2021-04-27 16:06:06.963,17557,17558,17558,1,1
2021-04-27 16:06:07.117,17557,17558,17558,1,1
2021-04-27 16:06:07.213,17557,17558,17558,1,1
2021-04-27 16:06:07.214,17557,17558,17558,1,1
2021-04-27 16:06:07.350,17558,17559,17559,1,1
2021-04-27 16:06:07.353,17558,17559,17559,2,2
2021-04-27 16:06:07.355,17558,17559,17560,1,1
2021-04-27 16:06:07.360,17558,17559,17560,1,1
2021-04-27 16:06:07.369,17558,17559,17560,2,2
2021-04-27 16:06:07.371,17558,17559,17560,1,1
2021-04-27 16:06:07.372,17558,17559,17560,1,1
2021-04-27 16:06:07.376,17558,17559,17561,2,2
2021-04-27 16:06:07.391,17558,17559,17561,1,1
2021-04-27 16:06:07.392,17558,17559,17561,1,1
2021-04-27 16:06:07.504,17560,17561,17561,1,1
2021-04-27 16:06:07.698,17560,17561,17561,1,1
2021-04-27 16:06:07.711,17560,17561,17560,1,-1
2021-04-27 16:06:07.811,17560,17561,17560,1,-1
2021-04-27 16:06:08.740,17559,17560,17559,1,-1
2021-04-27 16:06:14.229,17558,17559,17559,1,1
2021-04-27 16:06:14.616,17559,17560,17559,1,-1
2021-04-27 16:06:15.014,17558,17559,17558,1,-1
2021-04-27 16:06:28.309,17558,17559,17559,1,1
2021-04-27 16:06:31.836,17559,17560,17559,1,-1
2021-04-27 16:06:31.963,17558,17559,17559,1,1
2021-04-27 16:06:31.964,17558,17559,17560,1,1
2021-04-27 16:06:31.966,17558,17559,17560,1,1
2021-04-27 16:06:31.967,17558,17559,17560,1,1
2021-04-27 16:06:39.875,17558,17559,17559,1,1
2021-04-27 16:06:47.285,17559,17560,17559,1,-1
2021-04-27 16:06:47.338,17558,17560,17560,1,1
2021-04-27 16:06:47.339,17558,17560,17560,1,1
2021-04-27 16:06:47.340,17558,17560,17561,1,1
2021-04-27 16:06:50.344,17558,17560,17559,1,-1
2021-04-27 16:06:50.463,17558,17560,17560,1,1
2021-04-27 16:06:53.038,17558,17559,17558,2,-2
2021-04-27 16:06:53.086,17558,17559,17558,1,-1
2021-04-27 16:07:11.575,17557,17558,17558,1,1
2021-04-27 16:07:11.776,17557,17558,17558,1,1
2021-04-27 16:07:13.702,17557,17558,17558,1,1
2021-04-27 16:07:17.042,17557,17558,17558,1,1
2021-04-27 16:07:35.058,17557,17558,17558,1,1
2021-04-27 16:07:38.794,17557,17558,17558,1,1
2021-04-27 16:07:39.207,17558,17559,17558,1,-1
2021-04-27 16:07:45.910,17558,17559,17559,8,8
2021-04-27 16:07:45.911,17558,17559,17559,2,2
2021-04-27 16:07:47.211,17558,17559,17558,1,-1
2021-04-27 16:07:48.883,17557,17559,17559,1,1
2021-04-27 16:07:56.455,17557,17558,17558,1,1
2021-04-27 16:07:58.780,17557,17558,17558,1,1
2021-04-27 16:07:58.782,17557,17558,17558,19,19
2021-04-27 16:07:58.836,17557,17558,17557,14,-14
2021-04-27 16:08:02.405,17556,17557,17557,1,1
2021-04-27 16:08:02.503,17556,17557,17556,1,-1
2021-04-27 16:08:02.924,17555,17556,17555,1,-1
2021-04-27 16:08:42.276,17555,17556,17556,1,1
2021-04-27 16:08:49.689,17556,17557,17556,1,-1
2021-04-27 16:09:05.112,17555,17556,17556,1,1
2021-04-27 16:09:08.683,17555,17556,17556,1,1
2021-04-27 16:09:26.023,17555,17556,17556,1,1
2021-04-27 16:09:26.869,17555,17556,17556,1,1
2021-04-27 16:09:29.501,17555,17556,17556,1,1
2021-04-27 16:09:41.855,17556,17557,17556,1,-1
2021-04-27 16:09:44.674,17555,17556,17555,36,-36
2021-04-27 16:09:44.676,17555,17556,17554,1,-1
2021-04-27 16:09:44.681,17555,17556,17554,5,-5
2021-04-27 16:09:44.682,17555,17556,17554,11,-11
2021-04-27 16:09:44.735,17553,17554,17553,2,-2
2021-04-27 16:09:44.736,17553,17554,17553,5,-5
2021-04-27 16:09:44.739,17553,17554,17552,4,-4
2021-04-27 16:10:06.983,17552,17553,17552,4,-4
2021-04-27 16:10:06.984,17552,17553,17551,6,-6
2021-04-27 16:10:06.985,17552,17553,17551,1,-1
2021-04-27 16:10:07.124,17551,17552,17551,1,-1
2021-04-27 16:10:09.085,17551,17552,17552,1,1
2021-04-27 16:10:12.530,17551,17552,17552,1,1
2021-04-27 16:10:12.560,17551,17552,17552,1,1
2021-04-27 16:10:13.156,17551,17552,17552,1,1
2021-04-27 16:10:17.908,17552,17553,17552,1,-1
2021-04-27 16:10:19.726,17551,17552,17552,1,1
2021-04-27 16:10:19.735,17551,17552,17551,1,-1
2021-04-27 16:10:20.865,17551,17553,17551,1,-1
2021-04-27 16:10:22.269,17551,17552,17552,3,3
2021-04-27 16:10:26.461,17551,17552,17551,17,-17
2021-04-27 16:10:32.523,17550,17551,17550,1,-1
2021-04-27 16:10:32.580,17550,17551,17550,1,-1
2021-04-27 16:10:32.611,17550,17551,17550,1,-1
2021-04-27 16:10:32.628,17550,17551,17550,2,-2
2021-04-27 16:10:35.894,17549,17550,17549,2,-2
2021-04-27 16:10:35.985,17549,17550,17549,2,-2
2021-04-27 16:10:38.336,17549,17550,17550,1,1
2021-04-27 16:10:39.914,17549,17550,17549,2,-2
2021-04-27 16:10:42.818,17549,17550,17549,1,-1
2021-04-27 16:10:43.196,17549,17550,17549,1,-1
2021-04-27 16:10:45.088,17549,17550,17549,1,-1
2021-04-27 16:10:49.018,17549,17550,17549,2,-2
2021-04-27 16:10:52.464,17549,17550,17549,2,-2
2021-04-27 16:10:52.465,17549,17550,17549,1,-1
2021-04-27 16:10:54.124,17549,17550,17549,1,-1
2021-04-27 16:11:04.922,17548,17549,17549,1,1
2021-04-27 16:11:09.898,17549,17550,17549,1,-1
2021-04-27 16:11:13.639,17549,17550,17549,1,-1
2021-04-27 16:11:15.798,17549,17550,17549,4,-4
2021-04-27 16:11:17.071,17548,17549,17548,1,-1
2021-04-27 16:11:19.532,17548,17549,17548,5,-5
2021-04-27 16:11:21.942,17548,17549,17548,5,-5
2021-04-27 16:11:26.823,17548,17549,17548,1,-1
2021-04-27 16:11:28.462,17548,17549,17548,10,-10
2021-04-27 16:11:28.463,17548,17549,17548,1,-1
2021-04-27 16:11:30.314,17547,17548,17547,37,-37
2021-04-27 16:11:30.355,17546,17547,17546,5,-5
2021-04-27 16:11:30.356,17546,17547,17546,5,-5
2021-04-27 16:11:30.363,17546,17547,17547,1,1
2021-04-27 16:11:30.513,17545,17547,17545,1,-1
2021-04-27 16:11:30.611,17545,17546,17545,2,-2
2021-04-27 16:11:30.648,17545,17546,17545,3,-3
2021-04-27 16:11:30.670,17545,17546,17545,1,-1
2021-04-27 16:11:30.671,17545,17546,17545,1,-1
2021-04-27 16:11:30.673,17545,17546,17545,1,-1
2021-04-27 16:11:31.641,17544,17545,17545,1,1
2021-04-27 16:11:32.046,17545,17546,17545,2,-2
2021-04-27 16:11:32.086,17544,17546,17544,9,-9
2021-04-27 16:11:32.127,17544,17546,17543,1,-1
2021-04-27 16:11:32.174,17544,17546,17543,1,-1
2021-04-27 16:11:32.860,17543,17545,17544,2,2
2021-04-27 16:11:33.000,17543,17545,17543,1,-1
2021-04-27 16:11:33.085,17543,17545,17544,1,1
2021-04-27 16:11:33.086,17543,17545,17544,1,-1
2021-04-27 16:11:33.155,17543,17545,17545,2,2
2021-04-27 16:11:33.549,17545,17546,17545,1,-1
2021-04-27 16:11:38.297,17545,17547,17545,1,-1
2021-04-27 16:11:41.343,17545,17547,17547,2,2
2021-04-27 16:11:43.557,17545,17546,17545,5,-5
2021-04-27 16:11:45.674,17545,17546,17546,1,1
2021-04-27 16:11:46.519,17545,17546,17545,2,-2
2021-04-27 16:11:46.539,17545,17546,17546,1,1
2021-04-27 16:11:46.668,17545,17547,17545,3,-3
2021-04-27 16:11:54.786,17545,17546,17546,10,10
2021-04-27 16:12:06.265,17546,17547,17547,1,1
2021-04-27 16:12:06.699,17546,17547,17546,1,-1
2021-04-27 16:12:14.876,17546,17547,17547,2,2
2021-04-27 16:12:16.446,17546,17547,17546,1,-1
2021-04-27 16:12:17.977,17546,17547,17547,1,1
2021-04-27 16:12:31.751,17547,17548,17547,2,-2
2021-04-27 16:12:33.795,17547,17548,17547,2,-2
2021-04-27 16:12:40.634,17547,17548,17547,1,-1
2021-04-27 16:12:42.586,17547,17548,17547,1,-1
2021-04-27 16:12:42.588,17547,17548,17547,1,-1
2021-04-27 16:12:43.091,17546,17548,17547,1,-1
2021-04-27 16:12:43.934,17547,17548,17547,1,-1
2021-04-27 16:12:54.617,17547,17548,17547,2,-2
2021-04-27 16:12:57.047,17547,17548,17547,3,-3
2021-04-27 16:12:58.906,17547,17548,17547,2,-2
2021-04-27 16:12:58.907,17547,17548,17547,1,-1
2021-04-27 16:13:03.422,17546,17547,17547,1,1
2021-04-27 16:13:07.426,17546,17547,17547,3,3
2021-04-27 16:13:07.522,17547,17548,17548,9,9
2021-04-27 16:13:11.181,17548,17549,17548,1,-1
2021-04-27 16:13:14.360,17548,17549,17548,1,-1
2021-04-27 16:13:18.608,17547,17548,17548,1,1
2021-04-27 16:13:18.730,17547,17548,17547,1,-1
2021-04-27 16:13:20.988,17547,17548,17547,1,-1
2021-04-27 16:13:23.508,17547,17548,17548,1,1
2021-04-27 16:13:26.737,17547,17548,17548,1,1
2021-04-27 16:13:29.278,17547,17548,17548,1,1
2021-04-27 16:13:34.408,17548,17549,17548,2,-2
2021-04-27 16:13:35.587,17547,17548,17548,1,1
2021-04-27 16:13:35.627,17547,17548,17548,2,2
2021-04-27 16:13:42.493,17548,17549,17548,1,-1
2021-04-27 16:13:51.857,17548,17549,17548,4,-4
2021-04-27 16:13:55.545,17548,17549,17548,2,-2
2021-04-27 16:14:06.544,17548,17549,17549,1,1
2021-04-27 16:14:07.545,17548,17549,17548,3,-3
2021-04-27 16:14:08.030,17548,17549,17548,1,-1
2021-04-27 16:14:18.462,17548,17549,17549,5,5
2021-04-27 16:14:18.490,17548,17549,17549,1,1
2021-04-27 16:14:18.746,17548,17550,17548,3,-3
2021-04-27 16:14:28.393,17549,17550,17549,1,1
2021-04-27 16:14:35.042,17549,17550,17549,1,-1
2021-04-27 16:14:36.020,17549,17550,17550,1,1
2021-04-27 16:14:43.000,17550,17551,17551,2,2
2021-04-27 16:14:44.282,17550,17552,17550,1,-1
2021-04-27 16:14:46.792,17550,17551,17550,1,-1
2021-04-27 16:14:50.601,17550,17551,17550,4,-4
2021-04-27 16:14:52.636,17549,17550,17550,1,1
2021-04-27 16:14:53.650,17549,17550,17550,1,1
2021-04-27 16:14:57.564,17549,17550,17550,1,1
2021-04-27 16:15:07.028,17549,17550,17550,1,1
2021-04-27 16:15:07.641,17549,17550,17549,1,-1
2021-04-27 16:15:07.648,17549,17550,17549,1,-1
2021-04-27 16:15:08.389,17549,17550,17550,2,2
2021-04-27 16:15:17.055,17550,17551,17550,1,-1
2021-04-27 16:15:18.791,17550,17551,17550,1,-1
2021-04-27 16:15:24.899,17550,17551,17551,1,1
2021-04-27 16:15:28.838,17550,17551,17550,1,-1
2021-04-27 16:15:32.063,17550,17551,17550,1,-1
2021-04-27 16:15:32.086,17550,17551,17550,1,-1
2021-04-27 16:15:33.657,17550,17551,17550,1,-1
2021-04-27 16:15:33.965,17549,17550,17550,2,2
2021-04-27 16:15:41.475,17549,17550,17550,1,1
2021-04-27 16:15:51.112,17550,17551,17551,1,1
2021-04-27 16:15:52.755,17550,17551,17551,1,1
2021-04-27 16:16:03.710,17550,17551,17551,1,1
2021-04-27 16:16:03.973,17550,17551,17551,1,1
2021-04-27 16:16:07.788,17550,17551,17551,1,1
2021-04-27 16:16:11.317,17550,17551,17551,1,1
2021-04-27 16:16:11.318,17550,17551,17551,1,1
2021-04-27 16:16:14.680,17551,17552,17551,1,-1
2021-04-27 16:16:24.448,17551,17552,17551,1,-1
2021-04-27 16:16:34.419,17551,17552,17552,3,3
2021-04-27 16:16:41.974,17552,17553,17553,3,3
2021-04-27 16:16:42.168,17553,17554,17554,3,3
2021-04-27 16:16:42.445,17553,17555,17553,1,-1
2021-04-27 16:16:50.201,17553,17554,17553,1,-1
2021-04-27 16:17:05.974,17553,17554,17553,1,-1
2021-04-27 16:17:13.731,17553,17554,17553,1,-1
2021-04-27 16:17:24.221,17553,17554,17553,3,-3
2021-04-27 16:17:28.842,17552,17553,17552,1,-1
2021-04-27 16:17:49.699,17552,17553,17552,1,-1
2021-04-27 16:17:52.453,17553,17554,17553,1,1
2021-04-27 16:17:56.232,17552,17553,17553,1,1
2021-04-27 16:18:04.610,17552,17553,17552,1,-1
2021-04-27 16:18:08.785,17552,17553,17553,1,1
2021-04-27 16:18:14.241,17553,17554,17553,1,-1
2021-04-27 16:18:17.002,17552,17554,17553,1,-1
2021-04-27 16:18:50.892,17552,17553,17552,1,-1
2021-04-27 16:19:00.574,17551,17553,17552,1,-1
2021-04-27 16:19:14.876,17551,17553,17552,1,-1
2021-04-27 16:19:22.132,17551,17552,17551,1,-1
2021-04-27 16:19:27.692,17550,17551,17551,1,1
2021-04-27 16:20:02.577,17550,17551,17550,1,-1
2021-04-27 16:20:11.222,17550,17551,17550,9,-9
2021-04-27 16:20:42.998,17549,17550,17550,5,5
2021-04-27 16:20:43.499,17549,17550,17550,13,13
2021-04-27 16:20:43.500,17549,17550,17550,6,6
2021-04-27 16:20:43.501,17549,17550,17551,1,1
2021-04-27 16:20:43.592,17551,17552,17552,5,5
2021-04-27 16:20:51.125,17550,17553,17552,5,-5
2021-04-27 16:21:04.149,17552,17553,17552,1,-1
2021-04-27 16:21:09.735,17551,17552,17552,1,1
2021-04-27 16:21:30.893,17551,17552,17552,2,2
2021-04-27 16:21:34.818,17552,17553,17552,1,-1
2021-04-27 16:21:37.921,17551,17552,17552,1,1
2021-04-27 16:22:11.119,17552,17553,17552,1,-1
2021-04-27 16:22:25.133,17552,17553,17552,1,-1
2021-04-27 16:22:25.134,17552,17553,17552,1,-1
2021-04-27 16:22:25.139,17552,17553,17552,2,-2
2021-04-27 16:22:32.165,17551,17552,17552,1,1
2021-04-27 16:22:33.359,17551,17552,17551,3,-3
2021-04-27 16:22:41.972,17550,17551,17551,1,1
2021-04-27 16:22:55.330,17550,17551,17551,1,1
2021-04-27 16:22:59.837,17550,17552,17550,4,-4
2021-04-27 16:23:00.477,17550,17551,17551,2,2
2021-04-27 16:23:30.283,17551,17552,17551,1,-1
2021-04-27 16:23:32.194,17551,17552,17552,6,6
2021-04-27 16:23:32.195,17551,17552,17552,2,2
2021-04-27 16:23:39.050,17551,17553,17553,1,1
2021-04-27 16:23:59.263,17552,17553,17552,2,-2
2021-04-27 16:24:21.839,17552,17553,17552,1,-1
2021-04-27 16:24:40.717,17552,17553,17552,1,-1
2021-04-27 16:24:41.902,17552,17553,17552,1,-1
2021-04-27 16:24:51.671,17552,17553,17552,1,-1
2021-04-27 16:25:02.019,17552,17553,17552,1,-1
2021-04-27 16:25:06.107,17552,17553,17552,1,-1
2021-04-27 16:25:08.453,17552,17553,17552,4,-4
2021-04-27 16:25:08.454,17552,17553,17552,4,-4
2021-04-27 16:25:15.526,17551,17552,17552,1,1
2021-04-27 16:25:42.628,17552,17553,17552,1,-1
2021-04-27 16:25:46.536,17551,17552,17552,1,1
2021-04-27 16:25:47.006,17551,17552,17552,1,1
2021-04-27 16:25:49.055,17551,17552,17551,3,-3
2021-04-27 16:25:49.056,17551,17552,17551,1,-1
2021-04-27 16:25:53.711,17550,17551,17550,2,-2
2021-04-27 16:26:00.762,17549,17550,17550,1,1
2021-04-27 16:26:14.903,17549,17550,17550,1,1
2021-04-27 16:26:27.899,17549,17550,17549,1,-1
2021-04-27 16:26:28.044,17549,17550,17549,2,-2
2021-04-27 16:26:29.215,17549,17550,17550,3,3
2021-04-27 16:26:40.696,17550,17551,17550,3,-3
2021-04-27 16:26:41.192,17550,17551,17550,3,-3
2021-04-27 16:26:44.576,17550,17551,17551,1,1
2021-04-27 16:27:23.114,17551,17552,17552,1,1
2021-04-27 16:27:41.463,17552,17553,17553,8,8
2021-04-27 16:27:41.464,17552,17553,17553,1,1
2021-04-27 16:27:44.045,17553,17554,17553,1,-1
2021-04-27 16:27:44.086,17553,17554,17553,1,-1
2021-04-27 16:28:00.284,17552,17553,17553,2,2
2021-04-27 16:28:08.318,17552,17553,17552,1,-1
2021-04-27 16:28:17.810,17552,17553,17552,1,-1
2021-04-27 16:28:28.000,17552,17553,17552,1,-1
2021-04-27 16:28:50.926,17552,17553,17553,1,1
2021-04-27 16:29:00.096,17552,17554,17554,1,1
2021-04-27 16:29:00.106,17552,17554,17554,1,1
2021-04-27 16:29:11.271,17553,17554,17554,2,2
2021-04-27 16:29:15.216,17554,17555,17554,1,-1
2021-04-27 16:29:31.582,17553,17554,17554,1,1
2021-04-27 16:29:40.812,17554,17555,17555,1,1
2021-04-27 16:29:41.032,17554,17555,17555,1,1
2021-04-27 16:29:45.721,17554,17555,17555,1,1
2021-04-27 16:29:54.668,17554,17555,17555,1,1
2021-04-27 16:29:55.777,17554,17555,17555,10,10
2021-04-27 16:30:04.682,17554,17555,17555,2,2
2021-04-27 16:30:11.893,17554,17555,17555,1,1
2021-04-27 16:30:12.754,17554,17555,17555,3,3
2021-04-27 16:30:12.755,17554,17555,17555,4,4
2021-04-27 16:30:21.736,17554,17555,17555,6,6
2021-04-27 16:30:35.254,17554,17555,17555,4,4
2021-04-27 16:30:44.680,17555,17556,17556,6,6
2021-04-27 16:30:44.681,17555,17556,17556,2,2
2021-04-27 16:30:48.306,17555,17556,17556,1,1
2021-04-27 16:30:52.354,17555,17556,17555,1,-1
2021-04-27 16:30:56.560,17555,17556,17556,1,1
2021-04-27 16:31:01.848,17555,17556,17555,1,-1
2021-04-27 16:31:19.162,17555,17556,17555,1,-1
2021-04-27 16:31:22.981,17555,17556,17555,1,-1
2021-04-27 16:31:23.409,17555,17556,17555,1,-1
2021-04-27 16:31:27.453,17555,17556,17555,1,-1
2021-04-27 16:31:29.286,17555,17556,17555,1,-1
2021-04-27 16:31:29.302,17555,17556,17555,1,-1
2021-04-27 16:31:30.692,17555,17556,17555,4,-4
2021-04-27 16:31:30.976,17554,17555,17554,1,-1
2021-04-27 16:31:32.460,17554,17555,17555,1,1
2021-04-27 16:31:40.214,17554,17555,17554,1,-1
2021-04-27 16:31:44.871,17554,17555,17555,1,1
2021-04-27 16:32:19.587,17555,17556,17556,3,3
2021-04-27 16:32:24.837,17555,17556,17555,2,-2
2021-04-27 16:32:43.086,17555,17556,17555,1,-1
2021-04-27 16:32:51.480,17555,17556,17555,1,-1
2021-04-27 16:32:51.944,17554,17556,17554,1,-1
2021-04-27 16:33:17.166,17554,17555,17554,1,-1
2021-04-27 16:34:09.530,17554,17555,17554,1,-1
2021-04-27 16:34:12.335,17554,17555,17555,1,1
2021-04-27 16:34:43.234,17554,17555,17555,1,1
2021-04-27 16:34:49.402,17554,17556,17554,1,-1
2021-04-27 16:35:01.587,17555,17556,17556,1,1
2021-04-27 16:35:46.271,17555,17556,17556,2,2
2021-04-27 16:35:53.988,17555,17556,17556,1,1
2021-04-27 16:36:36.110,17555,17556,17556,1,1
2021-04-27 16:36:36.296,17555,17556,17556,6,6
2021-04-27 16:36:36.304,17555,17556,17558,15,15
2021-04-27 16:36:36.322,17555,17556,17559,15,15
2021-04-27 16:36:36.323,17555,17556,17559,2,2
2021-04-27 16:36:36.368,17558,17559,17559,1,1
2021-04-27 16:36:36.369,17558,17559,17559,1,1
2021-04-27 16:36:37.578,17558,17559,17559,1,1
2021-04-27 16:36:38.591,17558,17559,17559,1,1
2021-04-27 16:36:39.214,17558,17559,17559,1,1
2021-04-27 16:36:39.309,17558,17559,17559,1,1
2021-04-27 16:36:39.412,17558,17559,17559,1,1
2021-04-27 16:36:39.669,17558,17559,17559,1,1
2021-04-27 16:36:40.110,17558,17559,17559,1,1
2021-04-27 16:36:40.776,17558,17559,17559,1,1
2021-04-27 16:36:42.333,17558,17559,17559,1,1
2021-04-27 16:36:42.461,17558,17559,17558,1,-1
2021-04-27 16:36:46.416,17558,17559,17559,1,1
2021-04-27 16:36:48.026,17558,17559,17558,1,-1
2021-04-27 16:36:48.207,17558,17559,17558,1,-1
2021-04-27 16:36:53.646,17557,17558,17557,4,-4
2021-04-27 16:36:58.417,17557,17558,17557,1,-1
2021-04-27 16:36:59.053,17556,17558,17558,1,1
2021-04-27 16:37:20.065,17555,17557,17557,1,1
2021-04-27 16:37:20.358,17555,17557,17555,1,-1
2021-04-27 16:37:45.336,17556,17557,17556,1,1
2021-04-27 16:38:01.116,17556,17557,17556,1,-1
2021-04-27 16:38:09.968,17555,17556,17556,1,1
2021-04-27 16:38:13.702,17556,17557,17556,1,-1
2021-04-27 16:38:17.639,17555,17557,17557,1,1
2021-04-27 16:38:29.801,17555,17556,17556,1,1
2021-04-27 16:38:39.211,17555,17557,17555,4,-4
2021-04-27 16:38:39.336,17555,17557,17555,1,-1
2021-04-27 16:38:52.291,17555,17557,17555,1,-1
2021-04-27 16:38:56.908,17555,17556,17555,1,-1
2021-04-27 16:39:04.696,17555,17556,17555,1,-1
2021-04-27 16:39:23.118,17555,17556,17555,1,-1
2021-04-27 16:39:55.370,17555,17556,17555,1,-1
2021-04-27 16:40:07.373,17555,17556,17555,1,-1
2021-04-27 16:40:15.934,17555,17556,17555,3,-3
2021-04-27 16:40:15.961,17555,17556,17555,7,-7
2021-04-27 16:40:16.245,17555,17556,17555,1,-1
2021-04-27 16:40:16.247,17555,17556,17555,1,-1
2021-04-27 16:40:42.713,17555,17556,17555,1,-1
2021-04-27 16:40:50.389,17555,17556,17555,2,-2
2021-04-27 16:41:02.833,17555,17556,17555,1,-1
2021-04-27 16:41:03.513,17555,17556,17556,1,1
2021-04-27 16:41:29.642,17555,17556,17555,1,-1
2021-04-27 16:41:39.835,17555,17556,17555,3,-3
2021-04-27 16:41:40.067,17555,17556,17556,3,3
2021-04-27 16:42:02.996,17555,17556,17555,1,-1
2021-04-27 16:42:03.303,17555,17556,17556,1,1
2021-04-27 16:42:22.573,17555,17556,17555,2,-2
2021-04-27 16:42:23.316,17555,17556,17556,1,1
2021-04-27 16:42:38.491,17555,17556,17556,1,1
2021-04-27 16:42:48.432,17555,17556,17556,1,1
2021-04-27 16:42:48.775,17556,17557,17556,1,-1
2021-04-27 16:43:19.918,17556,17557,17557,1,1
2021-04-27 16:43:50.968,17556,17557,17557,2,2
2021-04-27 16:44:14.054,17556,17557,17556,3,-3
2021-04-27 16:44:24.512,17556,17557,17556,1,-1
2021-04-27 16:44:30.171,17556,17557,17556,1,-1
2021-04-27 16:44:59.267,17555,17556,17556,1,1
2021-04-27 16:45:15.768,17555,17557,17555,2,-2
2021-04-27 16:45:16.192,17555,17556,17556,1,1
2021-04-27 16:45:26.269,17555,17556,17555,3,-3
2021-04-27 16:45:26.551,17554,17555,17555,1,1
2021-04-27 16:45:29.396,17554,17555,17554,6,-6
2021-04-27 16:45:29.734,17553,17555,17555,1,1
2021-04-27 16:45:40.556,17554,17555,17555,4,4
2021-04-27 16:45:40.557,17554,17555,17556,1,1
2021-04-27 16:45:40.558,17554,17555,17556,4,4
2021-04-27 16:45:40.836,17555,17556,17555,1,-1
2021-04-27 16:46:15.054,17554,17555,17554,1,-1
2021-04-27 16:46:27.737,17554,17555,17554,1,-1
2021-04-27 16:46:29.476,17554,17555,17554,1,-1
2021-04-27 16:46:29.588,17553,17555,17555,1,1
2021-04-27 16:47:13.407,17554,17555,17554,3,-3
2021-04-27 16:47:37.921,17553,17555,17554,1,-1
2021-04-27 16:47:38.438,17554,17555,17554,1,-1
2021-04-27 16:47:38.461,17553,17555,17553,12,-12
2021-04-27 16:47:42.560,17552,17554,17553,1,-1
2021-04-27 16:48:17.242,17552,17553,17553,1,1
2021-04-27 16:48:18.284,17552,17553,17552,1,-1
2021-04-27 16:48:18.304,17552,17553,17552,1,-1
2021-04-27 16:48:18.309,17552,17553,17552,2,-2
2021-04-27 16:48:18.311,17552,17553,17552,1,-1
2021-04-27 16:48:18.320,17552,17553,17552,1,-1
2021-04-27 16:48:18.339,17552,17553,17552,1,-1
2021-04-27 16:48:18.342,17552,17553,17552,1,-1
2021-04-27 16:48:18.431,17552,17553,17552,2,-2
2021-04-27 16:48:18.440,17552,17553,17551,1,-1
2021-04-27 16:48:18.451,17552,17553,17551,1,-1
2021-04-27 16:48:18.473,17551,17552,17551,1,-1
2021-04-27 16:48:18.481,17551,17552,17551,2,-2
2021-04-27 16:48:18.496,17551,17552,17551,1,-1
2021-04-27 16:48:19.474,17551,17553,17551,1,-1
2021-04-27 16:48:19.476,17551,17553,17551,1,-1
2021-04-27 16:48:26.893,17552,17553,17552,1,1
2021-04-27 16:48:33.684,17551,17552,17552,1,1
2021-04-27 16:48:34.736,17552,17553,17552,1,-1
2021-04-27 16:48:35.674,17552,17553,17553,2,2
2021-04-27 16:48:41.084,17553,17554,17554,2,2
2021-04-27 16:48:41.085,17553,17554,17554,1,1
2021-04-27 16:48:53.748,17553,17555,17555,3,3
2021-04-27 16:49:26.890,17554,17555,17555,1,1
2021-04-27 16:49:28.771,17554,17555,17555,1,1
2021-04-27 16:49:34.644,17555,17556,17555,1,-1
2021-04-27 16:50:18.711,17555,17557,17557,1,1
2021-04-27 16:50:21.833,17555,17557,17555,1,-1
2021-04-27 16:50:38.368,17556,17557,17557,1,1
2021-04-27 16:50:46.884,17556,17557,17557,6,6
2021-04-27 16:50:57.277,17557,17558,17558,5,5
2021-04-27 16:51:10.035,17557,17558,17558,1,1
2021-04-27 16:51:11.577,17557,17558,17557,1,-1
2021-04-27 16:51:12.020,17557,17558,17557,1,-1
2021-04-27 16:51:38.642,17554,17556,17556,1,1
2021-04-27 16:52:09.637,17555,17556,17555,1,-1
2021-04-27 16:52:09.713,17555,17556,17556,1,1
2021-04-27 16:52:09.715,17555,17556,17557,1,1
2021-04-27 16:52:20.593,17556,17557,17557,1,1
2021-04-27 16:52:54.104,17555,17557,17557,1,1
2021-04-27 16:55:04.884,17554,17555,17555,1,1
2021-04-27 16:55:27.328,17554,17555,17555,2,2
2021-04-27 16:55:45.622,17555,17556,17555,1,-1
2021-04-27 16:56:06.258,17555,17556,17555,1,-1
2021-04-27 16:58:32.619,17555,17556,17555,1,-1
2021-04-27 16:58:46.102,17555,17556,17555,2,-2
2021-04-27 16:59:51.474,17555,17556,17555,2,-2
2021-04-27 17:00:05.358,17555,17556,17555,1,-1
2021-04-27 17:00:05.778,17554,17555,17555,2,2
2021-04-27 17:00:05.819,17554,17555,17556,1,1
2021-04-27 17:00:05.827,17554,17555,17556,1,1
2021-04-27 17:00:05.867,17554,17556,17554,1,-1
2021-04-27 17:00:05.968,17554,17556,17554,1,-1
2021-04-27 17:00:05.969,17554,17556,17554,1,-1
2021-04-27 17:00:05.972,17554,17556,17554,1,-1
2021-04-27 17:00:06.040,17554,17556,17554,1,-1
2021-04-27 17:00:08.226,17554,17555,17554,1,-1
2021-04-27 17:00:08.231,17554,17555,17553,1,-1
2021-04-27 17:00:26.059,17554,17555,17554,1,1
2021-04-27 17:00:35.870,17554,17555,17554,1,-1
2021-04-27 17:01:04.526,17554,17555,17554,1,-1
2021-04-27 17:01:42.886,17554,17555,17555,3,3
2021-04-27 17:02:15.294,17554,17555,17554,1,-1
2021-04-27 17:02:34.301,17554,17555,17555,1,1
2021-04-27 17:02:47.931,17554,17555,17554,1,-1
2021-04-27 17:03:28.958,17554,17555,17555,2,2
2021-04-27 17:03:29.738,17554,17556,17555,1,-1
2021-04-27 17:03:30.540,17555,17556,17555,1,-1
2021-04-27 17:03:56.988,17555,17556,17555,1,-1
2021-04-27 17:04:37.891,17554,17555,17554,1,-1
2021-04-27 17:04:57.380,17553,17554,17553,9,-9
2021-04-27 17:04:57.381,17553,17554,17553,5,-5
2021-04-27 17:04:57.461,17553,17555,17553,8,-8
2021-04-27 17:04:57.463,17553,17555,17553,1,-1
2021-04-27 17:05:20.153,17552,17554,17552,2,-2
2021-04-27 17:05:26.250,17552,17554,17554,1,1
2021-04-27 17:05:26.338,17552,17554,17554,1,1
2021-04-27 17:07:47.853,17554,17555,17554,1,-1
2021-04-27 17:08:01.137,17553,17554,17554,2,2
2021-04-27 17:08:27.418,17553,17554,17553,1,-1
2021-04-27 17:08:36.911,17553,17554,17553,1,-1
2021-04-27 17:08:46.403,17553,17554,17553,1,-1
2021-04-27 17:08:55.904,17553,17554,17553,1,-1
2021-04-27 17:09:05.400,17553,17554,17553,1,-1
2021-04-27 17:09:14.893,17553,17554,17553,1,-1
2021-04-27 17:09:24.394,17553,17554,17553,1,-1
2021-04-27 17:09:24.462,17553,17554,17553,1,-1
2021-04-27 17:09:33.888,17552,17553,17552,1,-1
2021-04-27 17:09:33.919,17552,17553,17553,1,1
2021-04-27 17:09:37.724,17552,17553,17553,2,2
2021-04-27 17:09:43.381,17553,17554,17553,1,-1
2021-04-27 17:09:52.874,17552,17553,17552,1,-1
2021-04-27 17:09:58.470,17552,17553,17552,2,-2
2021-04-27 17:10:02.375,17552,17553,17552,1,-1
2021-04-27 17:10:11.309,17552,17553,17552,1,-1
2021-04-27 17:10:11.873,17552,17553,17552,1,-1
2021-04-27 17:10:21.368,17552,17553,17552,1,-1
2021-04-27 17:10:24.403,17552,17553,17552,1,-1
2021-04-27 17:10:25.780,17552,17553,17552,2,-2
2021-04-27 17:10:30.872,17551,17553,17551,1,-1
2021-04-27 17:10:31.046,17551,17553,17551,1,-1
2021-04-27 17:10:32.472,17551,17553,17551,1,-1
2021-04-27 17:10:40.370,17551,17553,17551,1,-1
2021-04-27 17:10:41.975,17551,17553,17553,1,1
2021-04-27 17:10:49.865,17552,17553,17552,1,-1
2021-04-27 17:10:59.367,17552,17553,17552,1,-1
2021-04-27 17:11:08.860,17552,17553,17552,1,-1
2021-04-27 17:11:18.355,17552,17553,17552,1,-1
2021-04-27 17:11:18.463,17552,17553,17553,1,1
2021-04-27 17:11:25.977,17552,17553,17552,2,-2
2021-04-27 17:11:27.850,17552,17553,17552,1,-1
2021-04-27 17:11:33.001,17551,17552,17551,5,-5
2021-04-27 17:11:37.884,17551,17552,17551,1,-1
2021-04-27 17:11:48.610,17551,17552,17551,1,-1
2021-04-27 17:11:53.935,17551,17552,17551,2,-2
2021-04-27 17:11:58.421,17551,17552,17552,2,2
2021-04-27 17:12:23.976,17552,17553,17552,2,-2
2021-04-27 17:12:43.940,17552,17553,17553,1,1
2021-04-27 17:12:59.529,17552,17553,17553,1,1
2021-04-27 17:13:40.069,17553,17554,17553,1,-1
2021-04-27 17:13:40.185,17553,17554,17554,1,1
2021-04-27 17:13:49.682,17553,17554,17553,2,-2
2021-04-27 17:13:52.838,17553,17554,17553,1,-1
2021-04-27 17:13:54.145,17553,17554,17553,1,-1
2021-04-27 17:13:58.122,17552,17553,17553,1,1
2021-04-27 17:14:05.238,17552,17553,17552,3,-3
2021-04-27 17:14:41.082,17551,17552,17552,1,1
2021-04-27 17:15:00.823,17551,17552,17551,1,-1
2021-04-27 17:15:00.877,17551,17552,17551,4,-4
2021-04-27 17:15:00.878,17551,17552,17551,3,-3
2021-04-27 17:15:03.763,17550,17551,17550,1,-1
2021-04-27 17:15:03.764,17550,17551,17550,1,-1
2021-04-27 17:15:04.172,17549,17550,17550,1,1
2021-04-27 17:15:04.351,17550,17551,17551,2,2
2021-04-27 17:15:12.576,17550,17551,17551,1,1
2021-04-27 17:15:30.311,17552,17553,17553,1,1
2021-04-27 17:15:42.791,17553,17554,17553,1,-1
2021-04-27 17:15:43.168,17552,17553,17552,1,-1
2021-04-27 17:15:49.678,17552,17553,17552,1,-1
2021-04-27 17:15:49.913,17552,17553,17552,2,-2
2021-04-27 17:15:55.213,17551,17553,17553,2,2
2021-04-27 17:15:59.177,17553,17554,17553,1,-1
2021-04-27 17:16:08.680,17552,17553,17552,1,-1
2021-04-27 17:16:08.902,17552,17553,17553,2,2
2021-04-27 17:16:08.909,17552,17553,17554,2,2
2021-04-27 17:16:08.956,17552,17553,17554,3,3
2021-04-27 17:16:13.133,17552,17553,17553,1,1
2021-04-27 17:16:17.475,17553,17554,17553,1,-1
2021-04-27 17:16:22.938,17551,17552,17551,3,-3
2021-04-27 17:16:35.949,17551,17552,17552,1,1
2021-04-27 17:17:38.867,17551,17553,17551,1,-1
2021-04-27 17:18:00.989,17552,17553,17552,3,3
2021-04-27 17:18:00.990,17552,17553,17552,21,-21
2021-04-27 17:18:22.746,17552,17553,17553,1,1
2021-04-27 17:18:58.873,17552,17553,17553,1,1
2021-04-27 17:19:04.954,17552,17553,17552,1,-1
2021-04-27 17:19:17.177,17552,17553,17552,1,-1
2021-04-27 17:19:30.073,17552,17553,17552,1,-1
2021-04-27 17:19:37.551,17552,17553,17552,1,-1
2021-04-27 17:19:53.931,17552,17553,17552,1,-1
2021-04-27 17:20:15.554,17552,17553,17553,1,1
2021-04-27 17:20:38.217,17552,17553,17553,1,1
2021-04-27 17:20:38.218,17552,17553,17553,1,1
2021-04-27 17:20:38.229,17552,17553,17554,2,2
2021-04-27 17:21:02.698,17554,17555,17555,1,1
2021-04-27 17:21:07.685,17554,17555,17554,1,-1
2021-04-27 17:21:27.769,17554,17555,17554,1,-1
2021-04-27 17:21:32.802,17554,17555,17554,1,-1
2021-04-27 17:21:33.914,17553,17554,17554,1,1
2021-04-27 17:22:09.189,17554,17555,17554,1,-1
2021-04-27 17:22:17.572,17552,17553,17553,1,1
2021-04-27 17:22:30.283,17552,17553,17553,1,1
2021-04-27 17:23:05.316,17552,17553,17552,2,-2
2021-04-27 17:23:12.447,17551,17552,17552,1,1
2021-04-27 17:23:25.446,17552,17553,17552,1,-1
2021-04-27 17:23:26.198,17551,17553,17551,1,-1
2021-04-27 17:23:26.201,17551,17553,17551,1,-1
2021-04-27 17:23:26.204,17551,17553,17551,1,-1
2021-04-27 17:24:01.622,17551,17552,17551,1,-1
2021-04-27 17:24:01.623,17551,17552,17551,4,-4
2021-04-27 17:24:01.961,17550,17552,17550,19,-19
2021-04-27 17:24:02.354,17549,17550,17550,1,1
2021-04-27 17:24:03.158,17549,17551,17550,1,-1
2021-04-27 17:24:03.159,17549,17551,17550,1,-1
2021-04-27 17:24:18.472,17550,17551,17550,1,-1
2021-04-27 17:24:23.185,17550,17551,17551,1,1
2021-04-27 17:24:28.614,17551,17552,17551,3,-3
2021-04-27 17:24:28.615,17551,17552,17551,1,-1
2021-04-27 17:24:56.588,17551,17552,17551,1,-1
2021-04-27 17:25:03.973,17550,17551,17551,1,1
2021-04-27 17:25:06.177,17550,17552,17550,1,-1
2021-04-27 17:25:10.148,17550,17552,17550,1,-1
2021-04-27 17:25:13.330,17551,17552,17551,1,1
2021-04-27 17:25:31.462,17550,17551,17550,1,-1
2021-04-27 17:25:32.900,17550,17551,17550,1,-1
2021-04-27 17:25:54.626,17550,17551,17550,2,-2
2021-04-27 17:25:55.666,17550,17551,17551,1,1
2021-04-27 17:26:00.500,17551,17552,17551,1,-1
2021-04-27 17:26:00.539,17551,17552,17550,1,-1
2021-04-27 17:26:00.597,17550,17552,17550,1,-1
2021-04-27 17:26:00.648,17550,17552,17550,2,-2
2021-04-27 17:26:26.049,17550,17551,17550,1,-1
2021-04-27 17:26:27.461,17550,17551,17550,1,-1
2021-04-27 17:26:32.900,17550,17551,17551,1,1
2021-04-27 17:26:46.316,17550,17551,17550,2,-2
2021-04-27 17:26:55.027,17549,17550,17550,1,1
2021-04-27 17:27:10.247,17550,17551,17550,1,-1
2021-04-27 17:27:12.020,17550,17551,17550,1,-1
2021-04-27 17:27:12.550,17549,17550,17550,1,1
2021-04-27 17:27:24.191,17549,17550,17550,1,1
2021-04-27 17:27:27.881,17550,17551,17550,1,-1
2021-04-27 17:27:41.998,17549,17550,17550,1,1
2021-04-27 17:27:45.148,17549,17550,17550,1,1
2021-04-27 17:27:52.180,17549,17551,17551,1,1
2021-04-27 17:28:06.101,17549,17550,17550,1,1
2021-04-27 17:28:14.470,17549,17550,17549,1,-1
2021-04-27 17:28:14.472,17549,17550,17549,3,-3
2021-04-27 17:28:15.836,17549,17550,17549,1,-1
2021-04-27 17:28:15.838,17549,17550,17549,1,-1
2021-04-27 17:28:16.759,17549,17550,17549,2,-2
2021-04-27 17:28:21.648,17549,17550,17549,1,-1
2021-04-27 17:28:23.973,17549,17550,17549,1,-1
2021-04-27 17:28:31.376,17549,17550,17550,2,2
2021-04-27 17:28:38.633,17549,17550,17549,1,-1
2021-04-27 17:28:53.375,17548,17549,17549,1,1
2021-04-27 17:28:57.808,17548,17550,17549,1,-1
2021-04-27 17:29:22.059,17549,17550,17549,1,-1
2021-04-27 17:29:33.390,17549,17550,17550,3,3
2021-04-27 17:29:36.191,17550,17551,17550,3,-3
2021-04-27 17:29:37.569,17550,17551,17551,1,1
2021-04-27 17:30:10.323,17550,17551,17551,1,1
2021-04-27 17:30:10.862,17550,17552,17550,2,-2
2021-04-27 17:30:12.105,17550,17552,17551,1,1
2021-04-27 17:31:30.096,17551,17552,17551,1,-1
2021-04-27 17:31:30.424,17550,17551,17550,3,-3
2021-04-27 17:31:58.379,17550,17551,17550,5,-5
2021-04-27 17:31:59.870,17549,17550,17549,1,-1
2021-04-27 17:32:01.111,17548,17549,17548,1,-1
2021-04-27 17:32:01.112,17548,17549,17548,1,-1
2021-04-27 17:32:03.179,17547,17548,17548,1,1
2021-04-27 17:32:04.151,17547,17549,17547,2,-2
2021-04-27 17:32:04.383,17547,17549,17547,2,-2
2021-04-27 17:32:13.647,17547,17549,17548,1,1
2021-04-27 17:32:24.691,17547,17548,17548,4,4
2021-04-27 17:32:30.689,17547,17549,17547,1,-1
2021-04-27 17:32:44.386,17547,17548,17547,1,-1
2021-04-27 17:32:44.387,17547,17548,17547,1,-1
2021-04-27 17:32:53.721,17547,17548,17547,10,-10
2021-04-27 17:32:53.722,17547,17548,17547,1,-1
2021-04-27 17:33:00.028,17546,17547,17547,1,1
2021-04-27 17:33:05.277,17547,17548,17547,1,-1
2021-04-27 17:33:05.447,17546,17548,17546,1,-1
2021-04-27 17:33:05.569,17546,17547,17546,1,-1
2021-04-27 17:33:05.589,17546,17547,17546,1,-1
2021-04-27 17:33:06.163,17546,17547,17546,1,-1
2021-04-27 17:33:06.641,17546,17547,17547,1,1
2021-04-27 17:33:15.051,17546,17547,17546,1,-1
2021-04-27 17:33:16.391,17546,17547,17546,1,-1
2021-04-27 17:33:17.590,17546,17547,17547,1,1
2021-04-27 17:33:19.687,17546,17547,17546,1,-1
2021-04-27 17:33:19.745,17546,17547,17546,1,-1
2021-04-27 17:33:19.909,17545,17547,17547,1,1
2021-04-27 17:33:20.064,17545,17547,17545,2,-2
2021-04-27 17:33:20.569,17545,17547,17546,1,1
2021-04-27 17:33:21.821,17546,17547,17546,2,-2
2021-04-27 17:33:29.534,17546,17547,17546,1,-1
2021-04-27 17:33:30.293,17546,17547,17547,15,15
2021-04-27 17:33:32.452,17547,17548,17548,1,1
2021-04-27 17:33:32.461,17548,17549,17548,1,-1
2021-04-27 17:33:35.558,17546,17548,17546,2,-2
2021-04-27 17:33:35.587,17546,17548,17546,1,-1
2021-04-27 17:33:42.035,17546,17547,17547,1,1
2021-04-27 17:33:49.206,17546,17548,17546,2,-2
2021-04-27 17:33:59.555,17547,17548,17548,1,1
2021-04-27 17:34:20.868,17547,17549,17548,3,-3
2021-04-27 17:34:23.561,17548,17549,17548,1,-1
2021-04-27 17:34:28.173,17548,17549,17548,2,-2
2021-04-27 17:34:28.174,17548,17549,17548,2,-2
2021-04-27 17:34:28.211,17547,17549,17547,10,-10
2021-04-27 17:34:38.050,17547,17548,17547,1,-1
2021-04-27 17:34:39.905,17547,17548,17547,2,-2
2021-04-27 17:35:00.286,17547,17548,17547,3,-3
2021-04-27 17:35:06.710,17546,17547,17546,4,-4
2021-04-27 17:35:32.848,17546,17547,17547,1,1
2021-04-27 17:35:33.187,17546,17547,17546,3,-3
2021-04-27 17:35:36.355,17546,17547,17546,2,-2
2021-04-27 17:35:40.458,17546,17547,17546,1,-1
2021-04-27 17:35:40.459,17546,17547,17546,3,-3
2021-04-27 17:35:49.229,17545,17546,17546,1,1
2021-04-27 17:35:52.567,17545,17546,17546,1,1
2021-04-27 17:36:05.499,17546,17547,17546,1,-1
2021-04-27 17:36:05.987,17546,17547,17546,1,-1
2021-04-27 17:36:13.792,17546,17547,17546,1,-1
2021-04-27 17:36:15.832,17545,17547,17545,1,-1
2021-04-27 17:36:30.353,17546,17547,17546,5,5
2021-04-27 17:36:40.080,17545,17547,17545,1,-1
2021-04-27 17:37:11.610,17546,17547,17546,1,1
2021-04-27 17:37:18.090,17546,17547,17546,1,-1
2021-04-27 17:37:32.688,17546,17547,17546,1,-1
2021-04-27 17:37:33.046,17546,17547,17547,1,1
2021-04-27 17:37:38.784,17546,17547,17547,1,1
2021-04-27 17:37:39.664,17546,17547,17547,1,1
2021-04-27 17:37:40.452,17546,17547,17547,1,1
2021-04-27 17:37:41.325,17546,17548,17546,1,-1
2021-04-27 17:37:52.412,17546,17547,17547,1,1
2021-04-27 17:37:56.417,17547,17548,17548,1,1
2021-04-27 17:37:56.511,17547,17549,17547,5,-5
2021-04-27 17:39:05.273,17547,17548,17547,1,-1
2021-04-27 17:39:17.024,17547,17548,17547,1,-1
2021-04-27 17:39:44.041,17547,17548,17548,5,5
2021-04-27 17:40:49.295,17548,17549,17548,1,-1
2021-04-27 17:40:49.467,17548,17549,17548,2,-2
2021-04-27 17:41:13.902,17548,17549,17549,1,1
2021-04-27 17:41:18.946,17548,17549,17549,1,1
2021-04-27 17:41:23.437,17548,17549,17548,1,-1
2021-04-27 17:41:23.438,17548,17549,17549,1,1
2021-04-27 17:41:51.389,17549,17550,17550,4,4
2021-04-27 17:41:57.555,17549,17550,17550,2,2
2021-04-27 17:42:06.086,17549,17550,17550,1,1
2021-04-27 17:42:15.859,17549,17551,17551,1,1
2021-04-27 17:42:21.064,17549,17551,17551,4,4
2021-04-27 17:42:22.627,17549,17551,17551,1,1
2021-04-27 17:42:35.684,17550,17551,17551,1,1
2021-04-27 17:42:39.058,17550,17551,17551,1,1
2021-04-27 17:42:39.756,17550,17551,17551,4,4
2021-04-27 17:42:54.586,17550,17551,17551,3,3
2021-04-27 17:43:09.024,17550,17551,17551,1,1
2021-04-27 17:43:14.194,17550,17551,17551,1,1
2021-04-27 17:43:41.276,17550,17551,17550,2,-2
2021-04-27 17:43:50.325,17550,17551,17550,3,-3
2021-04-27 17:43:51.669,17549,17550,17550,1,1
2021-04-27 17:43:58.825,17549,17550,17550,2,2
2021-04-27 17:44:05.672,17549,17550,17550,1,1
2021-04-27 17:44:08.081,17549,17550,17549,1,-1
2021-04-27 17:44:19.830,17549,17550,17549,1,-1
2021-04-27 17:44:20.917,17549,17550,17549,1,-1
2021-04-27 17:44:20.925,17549,17550,17549,2,-2
2021-04-27 17:44:30.193,17548,17549,17549,1,1
2021-04-27 17:44:48.087,17548,17549,17548,1,-1
2021-04-27 17:45:06.719,17547,17548,17548,2,2
2021-04-27 17:45:07.362,17547,17548,17547,2,-2
2021-04-27 17:45:20.811,17546,17547,17546,1,-1
2021-04-27 17:45:20.812,17546,17547,17546,3,-3
2021-04-27 17:45:20.836,17545,17546,17545,82,-82
2021-04-27 17:45:20.838,17545,17546,17544,1,-1
2021-04-27 17:45:20.839,17545,17546,17544,1,-1
2021-04-27 17:45:21.339,17543,17544,17543,3,-3
2021-04-27 17:45:21.340,17543,17544,17543,2,-2
2021-04-27 17:45:21.482,17542,17543,17542,3,-3
2021-04-27 17:45:21.483,17542,17543,17542,1,-1
2021-04-27 17:45:21.485,17542,17543,17541,5,-5
2021-04-27 17:45:21.619,17541,17542,17541,3,-3
2021-04-27 17:45:21.640,17541,17542,17541,1,-1
2021-04-27 17:45:21.697,17541,17542,17541,1,-1
2021-04-27 17:45:21.755,17541,17542,17541,2,-2
2021-04-27 17:45:21.765,17541,17542,17540,1,-1
2021-04-27 17:45:21.863,17540,17541,17540,1,-1
2021-04-27 17:45:21.870,17540,17541,17540,3,-3
2021-04-27 17:45:22.050,17540,17541,17540,3,-3
2021-04-27 17:45:22.062,17540,17541,17540,3,-3
2021-04-27 17:45:22.086,17540,17541,17540,2,-2
2021-04-27 17:45:22.375,17540,17541,17541,1,1
2021-04-27 17:45:22.394,17540,17541,17541,1,1
2021-04-27 17:45:22.395,17540,17541,17541,1,1
2021-04-27 17:45:22.607,17541,17542,17542,1,1
2021-04-27 17:45:22.655,17541,17542,17542,1,1
2021-04-27 17:45:22.838,17541,17542,17542,1,1
2021-04-27 17:45:24.760,17542,17544,17542,1,-1
2021-04-27 17:45:25.729,17542,17543,17543,1,1
2021-04-27 17:45:26.888,17541,17542,17541,1,-1
2021-04-27 17:45:26.913,17541,17542,17541,1,-1
2021-04-27 17:45:26.921,17541,17542,17540,2,-2
2021-04-27 17:45:27.015,17540,17542,17540,1,-1
2021-04-27 17:45:27.029,17540,17542,17540,1,-1
2021-04-27 17:45:27.039,17540,17542,17540,1,-1
2021-04-27 17:45:28.761,17540,17542,17542,1,1
2021-04-27 17:45:30.509,17540,17542,17541,1,-1
2021-04-27 17:45:31.718,17540,17541,17541,1,1
2021-04-27 17:45:32.646,17540,17542,17540,1,-1
2021-04-27 17:45:33.623,17540,17541,17541,1,1
2021-04-27 17:45:34.620,17540,17541,17541,1,1
2021-04-27 17:45:35.762,17541,17543,17541,1,-1
2021-04-27 17:45:40.472,17541,17543,17541,4,-4
2021-04-27 17:45:41.348,17541,17543,17541,1,-1
2021-04-27 17:45:41.510,17541,17543,17541,1,-1
2021-04-27 17:45:43.848,17541,17543,17542,2,2
2021-04-27 17:45:43.886,17541,17543,17542,1,-1
2021-04-27 17:45:44.539,17542,17543,17542,1,-1
2021-04-27 17:45:44.540,17542,17543,17542,2,-2
2021-04-27 17:45:45.656,17542,17543,17542,1,-1
2021-04-27 17:45:45.729,17542,17543,17543,1,1
2021-04-27 17:45:46.993,17543,17544,17544,3,3
2021-04-27 17:45:46.996,17543,17544,17545,1,1
2021-04-27 17:45:47.062,17543,17544,17545,1,1
2021-04-27 17:45:49.951,17544,17545,17544,2,-2
2021-04-27 17:45:59.966,17543,17544,17544,1,1
2021-04-27 17:46:00.362,17544,17545,17544,3,-3
2021-04-27 17:46:05.458,17544,17545,17544,1,-1
2021-04-27 17:46:13.061,17544,17545,17544,1,-1
2021-04-27 17:46:14.118,17543,17545,17543,2,-2
2021-04-27 17:46:18.434,17543,17544,17543,1,-1
2021-04-27 17:46:21.223,17543,17544,17543,1,-1
2021-04-27 17:46:28.372,17543,17544,17543,2,-2
2021-04-27 17:46:39.892,17543,17544,17543,2,-2
2021-04-27 17:46:39.975,17543,17544,17543,1,-1
2021-04-27 17:46:51.257,17543,17545,17543,1,-1
2021-04-27 17:46:55.989,17543,17545,17543,6,-6
2021-04-27 17:46:57.508,17544,17545,17544,1,1
2021-04-27 17:46:59.596,17543,17545,17543,1,-1
2021-04-27 17:47:02.419,17543,17545,17545,2,2
2021-04-27 17:47:03.627,17543,17545,17543,2,-2
2021-04-27 17:47:06.017,17543,17545,17543,1,-1
2021-04-27 17:47:07.118,17543,17544,17543,1,-1
2021-04-27 17:47:11.657,17543,17544,17543,1,-1
2021-04-27 17:47:13.991,17543,17544,17543,1,-1
2021-04-27 17:47:17.111,17543,17544,17544,1,1
2021-04-27 17:47:20.937,17543,17544,17543,1,-1
2021-04-27 17:47:29.406,17543,17544,17543,2,-2
2021-04-27 17:47:38.000,17543,17544,17543,1,-1
2021-04-27 17:47:38.001,17543,17544,17543,3,-3
2021-04-27 17:47:38.010,17543,17544,17542,2,-2
2021-04-27 17:47:45.714,17541,17542,17541,1,-1
2021-04-27 17:47:45.895,17541,17542,17541,1,-1
2021-04-27 17:47:47.164,17541,17542,17542,1,1
2021-04-27 17:47:48.236,17541,17542,17542,1,1
2021-04-27 17:47:48.971,17541,17542,17542,1,1
2021-04-27 17:47:58.549,17541,17542,17541,1,-1
2021-04-27 17:47:59.792,17541,17542,17541,1,-1
2021-04-27 17:48:01.370,17541,17542,17542,1,1
2021-04-27 17:48:02.719,17542,17543,17542,1,-1
2021-04-27 17:48:03.667,17542,17543,17542,2,-2
2021-04-27 17:48:09.572,17541,17542,17541,1,-1
2021-04-27 17:48:12.145,17541,17542,17542,5,5
2021-04-27 17:48:14.488,17541,17542,17541,4,-4
2021-04-27 17:48:15.867,17541,17542,17541,5,-5
2021-04-27 17:48:15.868,17541,17542,17541,4,-4
2021-04-27 17:48:16.400,17540,17541,17541,1,1
2021-04-27 17:48:25.450,17540,17541,17541,1,1
2021-04-27 17:48:29.547,17540,17541,17541,1,1
2021-04-27 17:48:31.938,17540,17542,17540,1,-1
2021-04-27 17:48:31.963,17540,17542,17540,1,-1
2021-04-27 17:48:51.386,17542,17543,17542,1,1
2021-04-27 17:48:55.363,17542,17543,17542,5,-5
2021-04-27 17:49:11.041,17541,17543,17542,1,-1
2021-04-27 17:49:11.346,17541,17543,17541,1,-1
2021-04-27 17:49:20.048,17542,17543,17543,5,5
2021-04-27 17:49:20.049,17542,17543,17543,7,7
2021-04-27 17:49:20.088,17543,17544,17543,1,-1
2021-04-27 17:49:46.778,17543,17544,17543,1,-1
2021-04-27 17:50:00.244,17543,17544,17543,2,-2
2021-04-27 17:50:00.778,17542,17543,17543,1,1
2021-04-27 17:50:03.463,17542,17543,17542,1,-1
2021-04-27 17:50:12.148,17541,17542,17541,2,-2
2021-04-27 17:50:12.149,17541,17542,17541,1,-1
2021-04-27 17:50:12.807,17540,17541,17541,1,1
2021-04-27 17:50:12.808,17540,17541,17541,1,1
2021-04-27 17:50:16.601,17540,17541,17540,1,-1
2021-04-27 17:50:16.836,17540,17541,17540,12,-12
2021-04-27 17:50:16.837,17540,17541,17540,1,-1
2021-04-27 17:50:18.651,17539,17541,17541,1,1
2021-04-27 17:50:26.497,17539,17540,17539,3,-3
2021-04-27 17:50:26.610,17538,17539,17538,1,-1
2021-04-27 17:50:26.735,17538,17539,17538,1,-1
2021-04-27 17:50:26.796,17538,17539,17538,1,-1
2021-04-27 17:50:26.797,17538,17539,17538,1,-1
2021-04-27 17:50:26.801,17538,17539,17538,2,-2
2021-04-27 17:50:26.802,17538,17539,17538,1,-1
2021-04-27 17:50:26.967,17537,17539,17538,1,-1
2021-04-27 17:50:27.020,17537,17539,17539,1,1
2021-04-27 17:50:28.034,17537,17539,17539,1,1
2021-04-27 17:50:30.456,17538,17539,17539,1,1
2021-04-27 17:50:34.634,17538,17539,17538,1,-1
2021-04-27 17:50:35.325,17537,17538,17537,4,-4
2021-04-27 17:50:35.362,17537,17538,17537,1,-1
2021-04-27 17:50:35.406,17537,17538,17536,1,-1
2021-04-27 17:50:35.548,17536,17538,17536,1,-1
2021-04-27 17:50:35.563,17536,17538,17536,1,-1
2021-04-27 17:50:35.564,17536,17538,17536,2,-2
2021-04-27 17:50:35.576,17536,17538,17536,1,-1
2021-04-27 17:50:35.585,17536,17538,17536,1,-1
2021-04-27 17:50:35.586,17536,17538,17536,1,-1
2021-04-27 17:50:35.595,17536,17537,17536,1,-1
2021-04-27 17:50:35.618,17536,17537,17536,2,-2
2021-04-27 17:50:35.619,17536,17537,17535,1,-1
2021-04-27 17:50:35.620,17536,17537,17535,1,-1
2021-04-27 17:50:35.639,17536,17537,17535,1,-1
2021-04-27 17:50:35.641,17536,17537,17535,1,-1
2021-04-27 17:50:35.642,17536,17537,17535,3,-3
2021-04-27 17:50:35.670,17536,17537,17535,1,-1
2021-04-27 17:50:35.682,17536,17537,17535,1,-1
2021-04-27 17:50:35.691,17536,17537,17535,2,-2
2021-04-27 17:50:35.755,17535,17537,17535,1,-1
2021-04-27 17:50:35.756,17535,17537,17535,8,-8
2021-04-27 17:50:35.806,17535,17537,17534,5,-5
2021-04-27 17:50:35.889,17534,17535,17534,2,-2
2021-04-27 17:50:35.917,17534,17535,17533,4,-4
2021-04-27 17:50:35.925,17534,17535,17533,1,-1
2021-04-27 17:50:35.976,17533,17535,17533,1,-1
2021-04-27 17:50:35.977,17533,17535,17533,1,-1
2021-04-27 17:50:36.027,17533,17535,17533,1,-1
2021-04-27 17:50:36.103,17533,17535,17534,2,2
2021-04-27 17:50:36.105,17533,17535,17534,1,-1
2021-04-27 17:50:36.106,17533,17535,17534,1,-1
2021-04-27 17:50:36.112,17533,17535,17534,1,-1
2021-04-27 17:50:36.189,17533,17535,17534,1,-1
2021-04-27 17:50:36.208,17533,17535,17534,1,-1
2021-04-27 17:50:36.259,17533,17535,17533,1,-1
2021-04-27 17:50:36.292,17533,17535,17533,1,-1
2021-04-27 17:50:36.335,17533,17535,17533,1,-1
2021-04-27 17:50:36.339,17533,17535,17533,1,-1
2021-04-27 17:50:36.340,17533,17535,17533,1,-1
2021-04-27 17:50:36.354,17533,17535,17533,1,-1
2021-04-27 17:50:36.476,17533,17535,17533,1,-1
2021-04-27 17:50:36.500,17533,17535,17533,1,-1
2021-04-27 17:50:36.542,17533,17535,17533,1,-1
2021-04-27 17:50:36.543,17533,17535,17533,1,-1
2021-04-27 17:50:36.544,17533,17535,17533,1,-1
2021-04-27 17:50:36.546,17533,17535,17533,1,-1
2021-04-27 17:50:36.706,17532,17535,17535,1,1
2021-04-27 17:50:36.890,17534,17536,17534,3,-3
2021-04-27 17:50:38.372,17534,17536,17536,1,1
2021-04-27 17:50:38.463,17535,17537,17535,2,-2
2021-04-27 17:50:38.464,17535,17537,17534,1,-1
2021-04-27 17:50:38.668,17534,17536,17534,1,-1
2021-04-27 17:50:38.726,17534,17536,17534,2,-2
2021-04-27 17:50:39.543,17534,17536,17534,2,-2
2021-04-27 17:50:41.065,17534,17536,17535,1,1
2021-04-27 17:50:43.585,17534,17536,17534,1,-1
2021-04-27 17:50:44.172,17534,17535,17534,3,-3
2021-04-27 17:50:45.062,17534,17535,17535,1,1
2021-04-27 17:50:45.437,17535,17536,17535,1,-1
2021-04-27 17:50:46.553,17534,17535,17534,1,-1
2021-04-27 17:50:47.055,17534,17535,17534,1,-1
2021-04-27 17:50:47.089,17533,17535,17533,1,-1
2021-04-27 17:50:47.091,17533,17535,17533,1,-1
2021-04-27 17:50:47.367,17533,17535,17533,2,-2
2021-04-27 17:50:47.917,17533,17534,17533,2,-2
2021-04-27 17:50:48.200,17532,17534,17533,1,-1
2021-04-27 17:50:48.526,17532,17534,17534,1,1
2021-04-27 17:50:49.337,17533,17534,17534,10,10
2021-04-27 17:50:49.750,17534,17535,17535,1,1
2021-04-27 17:50:52.007,17533,17534,17533,1,-1
2021-04-27 17:50:54.129,17533,17534,17533,1,-1
2021-04-27 17:50:56.518,17533,17534,17533,2,-2
2021-04-27 17:50:57.991,17532,17533,17533,1,1
2021-04-27 17:50:58.071,17532,17533,17533,2,2
2021-04-27 17:51:01.337,17532,17533,17532,3,-3
2021-04-27 17:51:02.045,17531,17532,17531,1,-1
2021-04-27 17:51:02.946,17531,17532,17532,1,1
2021-04-27 17:51:03.729,17531,17532,17532,5,5
2021-04-27 17:51:03.730,17531,17532,17532,5,5
2021-04-27 17:51:04.279,17531,17532,17532,4,4
2021-04-27 17:51:04.280,17531,17532,17532,3,3
2021-04-27 17:51:04.758,17532,17533,17533,1,1
2021-04-27 17:51:05.123,17532,17534,17532,4,-4
2021-04-27 17:51:06.530,17532,17533,17532,1,-1
2021-04-27 17:51:08.265,17532,17533,17532,1,-1
2021-04-27 17:51:09.465,17531,17532,17532,1,1
2021-04-27 17:51:12.473,17532,17533,17533,1,1
2021-04-27 17:51:18.023,17532,17533,17532,1,-1
2021-04-27 17:51:18.053,17532,17533,17531,5,-5
2021-04-27 17:51:18.246,17531,17532,17531,3,-3
2021-04-27 17:51:18.247,17531,17532,17531,4,-4
2021-04-27 17:51:19.001,17530,17532,17532,1,1
2021-04-27 17:51:20.878,17530,17531,17530,4,-4
2021-04-27 17:51:21.040,17530,17531,17531,1,1
2021-04-27 17:51:21.129,17530,17531,17530,2,-2
2021-04-27 17:51:21.200,17530,17531,17531,1,1
2021-04-27 17:51:21.329,17530,17531,17530,4,-4
2021-04-27 17:51:21.878,17530,17531,17530,10,-10
2021-04-27 17:51:21.879,17530,17531,17530,17,-17
2021-04-27 17:51:21.880,17530,17531,17530,1,-1
2021-04-27 17:51:22.179,17530,17531,17530,1,-1
2021-04-27 17:51:23.737,17530,17531,17530,1,-1
2021-04-27 17:51:24.548,17530,17531,17531,1,1
2021-04-27 17:51:24.639,17530,17532,17531,1,-1
2021-04-27 17:51:26.103,17530,17532,17530,2,-2
2021-04-27 17:51:26.216,17530,17531,17530,1,-1
2021-04-27 17:51:26.263,17530,17531,17531,1,1
2021-04-27 17:51:26.533,17530,17532,17530,1,-1
2021-04-27 17:51:27.667,17531,17532,17531,1,1
2021-04-27 17:51:27.668,17531,17532,17531,1,-1
2021-04-27 17:51:30.751,17531,17532,17532,1,1
2021-04-27 17:51:31.043,17532,17533,17532,3,-3
2021-04-27 17:51:31.214,17532,17533,17532,1,-1
2021-04-27 17:51:31.258,17532,17533,17533,1,1
2021-04-27 17:51:32.644,17532,17534,17532,1,-1
2021-04-27 17:51:34.988,17533,17534,17534,1,1
2021-04-27 17:51:35.966,17534,17535,17535,7,7
2021-04-27 17:51:36.144,17535,17536,17535,1,-1
2021-04-27 17:51:37.882,17535,17536,17536,2,2
2021-04-27 17:51:38.276,17536,17537,17537,1,1
2021-04-27 17:51:38.464,17536,17538,17536,1,-1
2021-04-27 17:51:39.611,17535,17537,17535,1,-1
2021-04-27 17:51:41.966,17535,17536,17535,1,-1
2021-04-27 17:51:42.028,17535,17536,17536,1,1
2021-04-27 17:51:43.433,17533,17535,17535,1,1
2021-04-27 17:51:46.360,17532,17534,17532,2,-2
2021-04-27 17:51:46.982,17532,17534,17532,1,-1
2021-04-27 17:51:47.602,17532,17534,17534,1,1
2021-04-27 17:51:50.192,17532,17533,17533,1,1
2021-04-27 17:51:50.217,17532,17534,17532,1,-1
2021-04-27 17:51:50.330,17532,17534,17533,1,1
2021-04-27 17:51:50.385,17532,17534,17532,3,-3
2021-04-27 17:51:50.518,17532,17534,17532,5,-5
2021-04-27 17:51:50.751,17531,17534,17532,2,-2
2021-04-27 17:51:51.568,17532,17534,17533,1,1
2021-04-27 17:51:53.697,17532,17533,17533,1,1
2021-04-27 17:51:54.425,17532,17534,17532,1,-1
2021-04-27 17:51:54.618,17532,17533,17532,1,-1
2021-04-27 17:51:55.779,17532,17533,17532,1,-1
2021-04-27 17:51:56.846,17531,17533,17532,1,-1
2021-04-27 17:51:57.334,17531,17533,17531,1,-1
2021-04-27 17:51:57.452,17531,17533,17532,1,1
2021-04-27 17:51:57.820,17531,17533,17532,1,-1
2021-04-27 17:51:58.446,17531,17533,17532,1,-1
2021-04-27 17:51:58.566,17531,17533,17532,1,-1
2021-04-27 17:51:59.804,17531,17533,17532,1,-1
2021-04-27 17:52:00.981,17531,17533,17532,1,-1
2021-04-27 17:52:01.222,17532,17533,17532,3,-3
2021-04-27 17:52:01.225,17532,17533,17530,13,-13
2021-04-27 17:52:01.238,17532,17533,17530,1,-1
2021-04-27 17:52:01.239,17532,17533,17529,1,-1
2021-04-27 17:52:01.266,17532,17533,17530,1,1
2021-04-27 17:52:01.289,17532,17533,17529,2,-2
2021-04-27 17:52:01.290,17532,17533,17529,3,-3
2021-04-27 17:52:01.337,17529,17530,17529,1,-1
2021-04-27 17:52:01.366,17529,17530,17530,1,1
2021-04-27 17:52:01.369,17529,17530,17529,3,-3
2021-04-27 17:52:01.378,17529,17530,17529,1,-1
2021-04-27 17:52:01.380,17529,17530,17530,1,1
2021-04-27 17:52:01.408,17529,17530,17529,4,-4
2021-04-27 17:52:01.409,17529,17530,17529,2,-2
2021-04-27 17:52:01.433,17529,17530,17529,1,-1
2021-04-27 17:52:01.506,17528,17529,17528,3,-3
2021-04-27 17:52:01.508,17528,17529,17528,3,-3
2021-04-27 17:52:01.509,17528,17529,17528,1,-1
2021-04-27 17:52:01.606,17527,17529,17527,1,-1
2021-04-27 17:52:01.656,17527,17529,17527,3,-3
2021-04-27 17:52:01.761,17528,17529,17528,1,1
2021-04-27 17:52:01.806,17528,17529,17528,1,-1
2021-04-27 17:52:03.762,17528,17529,17529,1,1
2021-04-27 17:52:03.773,17528,17529,17528,1,-1
2021-04-27 17:52:03.831,17528,17529,17528,1,-1
2021-04-27 17:52:04.461,17529,17531,17529,2,2
2021-04-27 17:52:05.603,17528,17530,17528,5,-5
2021-04-27 17:52:08.133,17528,17530,17528,2,-2
2021-04-27 17:52:08.733,17528,17530,17528,1,-1
2021-04-27 17:52:08.820,17528,17530,17529,1,1
2021-04-27 17:52:09.862,17528,17529,17528,1,-1
2021-04-27 17:52:10.220,17528,17529,17529,3,3
2021-04-27 17:52:11.160,17528,17530,17530,1,1
2021-04-27 17:52:17.887,17530,17531,17530,2,-2
2021-04-27 17:52:18.791,17529,17531,17529,1,-1
2021-04-27 17:52:19.253,17529,17531,17530,1,1
2021-04-27 17:52:19.384,17529,17531,17531,1,1
2021-04-27 17:52:19.836,17530,17531,17530,1,-1
2021-04-27 17:52:21.773,17529,17531,17531,1,1
2021-04-27 17:52:21.947,17529,17531,17531,1,1
2021-04-27 17:52:23.369,17530,17531,17530,4,-4
2021-04-27 17:52:25.219,17530,17531,17531,1,1
2021-04-27 17:52:25.764,17530,17532,17530,1,-1
2021-04-27 17:52:27.569,17531,17532,17531,1,1
2021-04-27 17:52:28.131,17530,17532,17532,1,1
2021-04-27 17:52:28.213,17530,17532,17532,1,1
2021-04-27 17:52:28.808,17531,17533,17533,2,2
2021-04-27 17:52:29.461,17532,17533,17532,1,-1
2021-04-27 17:52:32.178,17532,17533,17532,1,-1
2021-04-27 17:52:33.941,17532,17533,17533,2,2
2021-04-27 17:52:36.231,17533,17534,17534,1,1
2021-04-27 17:52:36.232,17533,17534,17534,1,1
2021-04-27 17:52:36.342,17533,17535,17533,1,-1
2021-04-27 17:52:39.711,17533,17535,17533,2,-2
2021-04-27 17:52:39.838,17532,17534,17534,1,1
2021-04-27 17:52:39.839,17532,17534,17534,1,1
2021-04-27 17:52:39.840,17532,17534,17535,1,1
2021-04-27 17:52:40.996,17533,17535,17535,10,10
2021-04-27 17:52:41.091,17534,17535,17535,1,1
2021-04-27 17:52:41.211,17535,17536,17535,1,-1
2021-04-27 17:52:43.246,17533,17535,17533,5,-5
2021-04-27 17:52:44.771,17533,17535,17535,1,1
2021-04-27 17:52:48.161,17534,17535,17534,1,-1
2021-04-27 17:52:48.541,17534,17535,17535,1,1
2021-04-27 17:52:50.533,17534,17535,17535,5,5
2021-04-27 17:52:50.588,17534,17535,17535,1,1
2021-04-27 17:52:50.589,17534,17535,17536,1,1
2021-04-27 17:52:50.961,17535,17536,17535,1,-1
2021-04-27 17:52:57.062,17534,17535,17534,1,-1
2021-04-27 17:52:59.159,17534,17535,17534,2,-2
2021-04-27 17:53:00.423,17533,17534,17533,1,-1
2021-04-27 17:53:02.352,17533,17534,17534,1,1
2021-04-27 17:53:02.445,17533,17534,17533,1,-1
2021-04-27 17:53:05.782,17533,17534,17533,1,-1
2021-04-27 17:53:05.904,17533,17534,17533,1,-1
2021-04-27 17:53:06.114,17533,17534,17533,1,-1
2021-04-27 17:53:06.116,17533,17534,17534,1,1
2021-04-27 17:53:07.284,17533,17534,17534,1,1
2021-04-27 17:53:10.805,17533,17535,17535,1,1
2021-04-27 17:53:12.402,17534,17535,17534,1,-1
2021-04-27 17:53:12.461,17534,17536,17534,2,-2
2021-04-27 17:53:20.042,17534,17535,17535,1,1
2021-04-27 17:53:22.572,17534,17535,17535,1,1
2021-04-27 17:53:26.242,17535,17536,17536,1,1
2021-04-27 17:53:29.176,17535,17536,17536,1,1
2021-04-27 17:53:33.370,17536,17537,17536,1,-1
2021-04-27 17:53:36.880,17536,17537,17537,2,2
