2021-11-16 15:00:00,17712,17712,17712,198,198
2021-11-16 15:00:00,17712,17712,17712,2,2
2021-11-16 15:00:00,17711,17711,17711,2,-2
2021-11-16 15:00:00,17710,17710,17710,2,-2
2021-11-16 15:00:00,17710,17710,17710,2,2
2021-11-16 15:00:00,17708,17708,17708,2,-2
2021-11-16 15:00:00,17711,17711,17711,4,4
2021-11-16 15:00:00,17710,17710,17710,2,-2
2021-11-16 15:00:00,17712,17712,17712,2,2
2021-11-16 15:00:00,17713,17713,17713,2,2
2021-11-16 15:00:00,17712,17712,17712,4,-4
2021-11-16 15:00:00,17713,17713,17713,2,2
2021-11-16 15:00:00,17708,17708,17708,2,-2
2021-11-16 15:00:00,17712,17712,17712,2,2
2021-11-16 15:00:00,17708,17708,17708,2,-2
2021-11-16 15:00:00,17708,17708,17708,2,2
2021-11-16 15:00:00,17708,17708,17708,2,2
2021-11-16 15:00:00,17709,17709,17709,2,2
2021-11-16 15:00:00,17708,17708,17708,2,-2
2021-11-16 15:00:00,17708,17708,17708,2,2
2021-11-16 15:00:00,17707,17707,17707,2,-2
2021-11-16 15:00:00,17706,17706,17706,2,-2
2021-11-16 15:00:00,17707,17707,17707,2,2
2021-11-16 15:00:00,17707,17707,17707,2,2
2021-11-16 15:00:00,17708,17708,17708,2,2
2021-11-16 15:00:00,17709,17709,17709,2,2
2021-11-16 15:00:00,17709,17709,17709,2,2
2021-11-16 15:00:00,17710,17710,17710,2,2
2021-11-16 15:00:00,17707,17707,17707,2,-2
2021-11-16 15:00:00,17706,17706,17706,2,-2
2021-11-16 15:00:00,17706,17706,17706,2,2
2021-11-16 15:00:00,17706,17706,17706,2,2
2021-11-16 15:00:00,17706,17706,17706,2,2
2021-11-16 15:00:00,17706,17706,17706,2,2
2021-11-16 15:00:00,17708,17708,17708,2,2
2021-11-16 15:00:00,17706,17706,17706,8,-8
2021-11-16 15:00:00,17706,17706,17706,2,2
2021-11-16 15:00:00,17709,17709,17709,2,2
2021-11-16 15:00:00,17709,17709,17709,2,2
2021-11-16 15:00:00,17710,17710,17710,10,10
2021-11-16 15:00:00,17711,17711,17711,6,6
2021-11-16 15:00:00,17712,17712,17712,2,2
2021-11-16 15:00:00,17709,17709,17709,2,-2
2021-11-16 15:00:00,17712,17712,17712,6,6
2021-11-16 15:00:00,17713,17713,17713,2,2
2021-11-16 15:00:00,17710,17710,17710,2,-2
2021-11-16 15:00:00,17710,17710,17710,2,2
2021-11-16 15:00:00,17710,17710,17710,2,2
2021-11-16 15:00:00,17709,17709,17709,2,-2
2021-11-16 15:00:00,17709,17709,17709,2,2
2021-11-16 15:00:00,17711,17711,17711,2,2
2021-11-16 15:00:00,17709,17709,17709,2,-2
2021-11-16 15:00:00,17711,17711,17711,2,2
2021-11-16 15:00:00,17710,17710,17710,2,-2
2021-11-16 15:00:00,17710,17710,17710,2,2
2021-11-16 15:00:01,17709,17709,17709,4,-4
2021-11-16 15:00:01,17709,17709,17709,2,2
2021-11-16 15:00:01,17709,17709,17709,2,2
2021-11-16 15:00:01,17710,17710,17710,2,2
2021-11-16 15:00:01,17710,17710,17710,2,2
2021-11-16 15:00:01,17709,17709,17709,2,-2
2021-11-16 15:00:01,17710,17710,17710,2,2
2021-11-16 15:00:01,17708,17708,17708,2,-2
2021-11-16 15:00:01,17707,17707,17707,2,-2
2021-11-16 15:00:01,17709,17709,17709,4,4
2021-11-16 15:00:02,17709,17709,17709,2,2
2021-11-16 15:00:02,17709,17709,17709,2,2
2021-11-16 15:00:02,17709,17709,17709,2,2
2021-11-16 15:00:02,17708,17708,17708,2,-2
2021-11-16 15:00:02,17708,17708,17708,2,2
2021-11-16 15:00:02,17711,17711,17711,2,2
2021-11-16 15:00:02,17710,17710,17710,2,-2
2021-11-16 15:00:02,17709,17709,17709,2,-2
2021-11-16 15:00:02,17711,17711,17711,2,2
2021-11-16 15:00:02,17711,17711,17711,2,2
2021-11-16 15:00:02,17709,17709,17709,2,-2
2021-11-16 15:00:02,17709,17709,17709,2,2
2021-11-16 15:00:02,17708,17708,17708,4,-4
2021-11-16 15:00:02,17709,17709,17709,4,4
2021-11-16 15:00:03,17711,17711,17711,2,2
2021-11-16 15:00:03,17711,17711,17711,2,2
2021-11-16 15:00:03,17711,17711,17711,2,2
2021-11-16 15:00:03,17711,17711,17711,2,2
2021-11-16 15:00:03,17711,17711,17711,2,2
2021-11-16 15:00:03,17711,17711,17711,2,2
2021-11-16 15:00:03,17710,17710,17710,2,-2
2021-11-16 15:00:03,17710,17710,17710,2,2
2021-11-16 15:00:03,17710,17710,17710,2,2
2021-11-16 15:00:03,17710,17710,17710,2,2
2021-11-16 15:00:03,17710,17710,17710,2,2
2021-11-16 15:00:03,17710,17710,17710,2,2
2021-11-16 15:00:03,17709,17709,17709,2,-2
2021-11-16 15:00:03,17709,17709,17709,2,2
2021-11-16 15:00:03,17709,17709,17709,2,2
2021-11-16 15:00:03,17709,17709,17709,2,2
2021-11-16 15:00:03,17709,17709,17709,4,4
2021-11-16 15:00:03,17708,17708,17708,2,-2
2021-11-16 15:00:03,17708,17708,17708,2,2
2021-11-16 15:00:04,17709,17709,17709,4,4
2021-11-16 15:00:04,17709,17709,17709,4,4
2021-11-16 15:00:04,17709,17709,17709,4,4
2021-11-16 15:00:04,17711,17711,17711,6,6
2021-11-16 15:00:04,17709,17709,17709,2,-2
2021-11-16 15:00:04,17708,17708,17708,2,-2
2021-11-16 15:00:04,17708,17708,17708,2,2
2021-11-16 15:00:05,17707,17707,17707,2,-2
2021-11-16 15:00:05,17707,17707,17707,2,2
2021-11-16 15:00:05,17707,17707,17707,2,2
2021-11-16 15:00:05,17707,17707,17707,2,2
2021-11-16 15:00:06,17706,17706,17706,2,-2
2021-11-16 15:00:06,17706,17706,17706,2,2
2021-11-16 15:00:06,17706,17706,17706,2,2
2021-11-16 15:00:08,17706,17706,17706,2,2
2021-11-16 15:00:08,17707,17707,17707,2,2
2021-11-16 15:00:08,17707,17707,17707,2,2
2021-11-16 15:00:09,17710,17710,17710,2,2
2021-11-16 15:00:11,17709,17709,17709,2,-2
2021-11-16 15:00:11,17711,17711,17711,8,8
2021-11-16 15:00:13,17711,17711,17711,2,2
2021-11-16 15:00:13,17711,17711,17711,2,2
2021-11-16 15:00:13,17711,17711,17711,2,2
2021-11-16 15:00:14,17710,17710,17710,2,-2
2021-11-16 15:00:14,17711,17711,17711,2,2
2021-11-16 15:00:14,17710,17710,17710,2,-2
2021-11-16 15:00:16,17709,17709,17709,2,-2
2021-11-16 15:00:16,17708,17708,17708,2,-2
2021-11-16 15:00:16,17711,17711,17711,2,2
2021-11-16 15:00:16,17710,17710,17710,4,-4
2021-11-16 15:00:16,17711,17711,17711,2,2
2021-11-16 15:00:16,17711,17711,17711,2,2
2021-11-16 15:00:16,17710,17710,17710,4,-4
2021-11-16 15:00:17,17710,17710,17710,4,4
2021-11-16 15:00:17,17711,17711,17711,6,6
2021-11-16 15:00:17,17712,17712,17712,2,2
2021-11-16 15:00:17,17712,17712,17712,8,8
2021-11-16 15:00:19,17712,17712,17712,2,2
2021-11-16 15:00:19,17712,17712,17712,2,2
2021-11-16 15:00:19,17712,17712,17712,2,2
2021-11-16 15:00:19,17711,17711,17711,2,-2
2021-11-16 15:00:19,17711,17711,17711,2,2
2021-11-16 15:00:19,17713,17713,17713,2,2
2021-11-16 15:00:20,17712,17712,17712,2,-2
2021-11-16 15:00:20,17712,17712,17712,2,2
2021-11-16 15:00:21,17712,17712,17712,2,2
2021-11-16 15:00:21,17712,17712,17712,2,2
2021-11-16 15:00:21,17711,17711,17711,2,-2
2021-11-16 15:00:21,17711,17711,17711,2,2
2021-11-16 15:00:22,17713,17713,17713,2,2
2021-11-16 15:00:22,17713,17713,17713,12,12
2021-11-16 15:00:23,17713,17713,17713,2,2
2021-11-16 15:00:23,17714,17714,17714,2,2
2021-11-16 15:00:23,17713,17713,17713,2,-2
2021-11-16 15:00:23,17713,17713,17713,2,2
2021-11-16 15:00:24,17712,17712,17712,2,-2
2021-11-16 15:00:24,17714,17714,17714,2,2
2021-11-16 15:00:24,17713,17713,17713,2,-2
2021-11-16 15:00:25,17714,17714,17714,2,2
2021-11-16 15:00:27,17711,17711,17711,2,-2
2021-11-16 15:00:30,17713,17713,17713,2,2
2021-11-16 15:00:36,17713,17713,17713,10,10
2021-11-16 15:00:36,17714,17714,17714,22,22
2021-11-16 15:00:36,17715,17715,17715,8,8
2021-11-16 15:00:37,17712,17712,17712,2,-2
2021-11-16 15:00:37,17712,17712,17712,2,2
2021-11-16 15:00:38,17712,17712,17712,2,2
2021-11-16 15:00:38,17713,17713,17713,2,2
2021-11-16 15:00:39,17714,17714,17714,4,4
2021-11-16 15:00:39,17714,17714,17714,4,4
2021-11-16 15:00:39,17714,17714,17714,2,2
2021-11-16 15:00:39,17713,17713,17713,2,-2
2021-11-16 15:00:39,17714,17714,17714,4,4
2021-11-16 15:00:39,17714,17714,17714,2,2
2021-11-16 15:00:39,17714,17714,17714,2,2
2021-11-16 15:00:40,17714,17714,17714,4,4
2021-11-16 15:00:40,17713,17713,17713,2,-2
2021-11-16 15:00:40,17713,17713,17713,2,2
2021-11-16 15:00:40,17713,17713,17713,4,4
2021-11-16 15:00:40,17713,17713,17713,2,2
2021-11-16 15:00:40,17714,17714,17714,2,2
2021-11-16 15:00:41,17714,17714,17714,2,2
2021-11-16 15:00:42,17714,17714,17714,2,2
2021-11-16 15:00:42,17715,17715,17715,2,2
2021-11-16 15:00:42,17715,17715,17715,2,2
2021-11-16 15:00:42,17714,17714,17714,2,-2
2021-11-16 15:00:43,17714,17714,17714,4,4
2021-11-16 15:00:43,17715,17715,17715,4,4
2021-11-16 15:00:44,17714,17714,17714,2,-2
2021-11-16 15:00:44,17715,17715,17715,2,2
2021-11-16 15:00:44,17714,17714,17714,2,-2
2021-11-16 15:00:45,17714,17714,17714,2,2
2021-11-16 15:00:45,17714,17714,17714,4,4
2021-11-16 15:00:45,17714,17714,17714,2,2
2021-11-16 15:00:45,17714,17714,17714,2,2
2021-11-16 15:00:46,17713,17713,17713,2,-2
2021-11-16 15:00:47,17712,17712,17712,2,-2
2021-11-16 15:00:51,17714,17714,17714,4,4
2021-11-16 15:00:52,17714,17714,17714,4,4
2021-11-16 15:00:52,17714,17714,17714,2,2
2021-11-16 15:00:52,17714,17714,17714,4,4
2021-11-16 15:00:53,17713,17713,17713,2,-2
2021-11-16 15:00:53,17715,17715,17715,10,10
2021-11-16 15:00:53,17715,17715,17715,10,10
2021-11-16 15:00:53,17713,17713,17713,2,-2
2021-11-16 15:00:53,17713,17713,17713,2,2
2021-11-16 15:00:54,17714,17714,17714,2,2
2021-11-16 15:00:54,17715,17715,17715,2,2
2021-11-16 15:00:55,17714,17714,17714,2,-2
2021-11-16 15:00:57,17714,17714,17714,4,4
2021-11-16 15:00:57,17712,17712,17712,2,-2
2021-11-16 15:00:57,17712,17712,17712,4,4
2021-11-16 15:00:57,17712,17712,17712,2,2
2021-11-16 15:00:59,17714,17714,17714,4,4
2021-11-16 15:01:00,17713,17713,17713,2,-2
2021-11-16 15:01:00,17713,17713,17713,2,2
2021-11-16 15:01:03,17714,17714,17714,2,2
2021-11-16 15:01:03,17715,17715,17715,2,2
2021-11-16 15:01:05,17713,17713,17713,2,-2
2021-11-16 15:01:05,17713,17713,17713,2,2
2021-11-16 15:01:06,17712,17712,17712,2,-2
2021-11-16 15:01:06,17713,17713,17713,8,8
2021-11-16 15:01:06,17713,17713,17713,2,2
2021-11-16 15:01:06,17713,17713,17713,6,6
2021-11-16 15:01:06,17713,17713,17713,2,2
2021-11-16 15:01:06,17713,17713,17713,2,2
2021-11-16 15:01:07,17714,17714,17714,2,2
2021-11-16 15:01:07,17714,17714,17714,2,2
2021-11-16 15:01:07,17714,17714,17714,2,2
2021-11-16 15:01:07,17715,17715,17715,2,2
2021-11-16 15:01:07,17715,17715,17715,2,2
2021-11-16 15:01:07,17715,17715,17715,2,2
2021-11-16 15:01:07,17714,17714,17714,2,-2
2021-11-16 15:01:07,17715,17715,17715,2,2
2021-11-16 15:01:07,17715,17715,17715,2,2
2021-11-16 15:01:07,17714,17714,17714,2,-2
2021-11-16 15:01:07,17715,17715,17715,2,2
2021-11-16 15:01:07,17715,17715,17715,16,16
2021-11-16 15:01:07,17716,17716,17716,10,10
2021-11-16 15:01:07,17715,17715,17715,2,-2
2021-11-16 15:01:07,17716,17716,17716,4,4
2021-11-16 15:01:07,17716,17716,17716,4,4
2021-11-16 15:01:07,17716,17716,17716,6,6
2021-11-16 15:01:07,17716,17716,17716,8,8
2021-11-16 15:01:07,17716,17716,17716,2,2
2021-11-16 15:01:07,17716,17716,17716,2,2
2021-11-16 15:01:07,17716,17716,17716,2,2
2021-11-16 15:01:07,17716,17716,17716,2,2
2021-11-16 15:01:07,17716,17716,17716,2,2
2021-11-16 15:01:07,17716,17716,17716,6,6
2021-11-16 15:01:07,17716,17716,17716,2,2
2021-11-16 15:01:07,17716,17716,17716,2,2
2021-11-16 15:01:07,17716,17716,17716,2,2
2021-11-16 15:01:07,17716,17716,17716,2,2
2021-11-16 15:01:07,17716,17716,17716,2,2
2021-11-16 15:01:07,17716,17716,17716,2,2
2021-11-16 15:01:07,17716,17716,17716,2,2
2021-11-16 15:01:07,17716,17716,17716,2,2
2021-11-16 15:01:08,17716,17716,17716,4,4
2021-11-16 15:01:08,17716,17716,17716,10,10
2021-11-16 15:01:08,17717,17717,17717,8,8
2021-11-16 15:01:08,17717,17717,17717,2,2
2021-11-16 15:01:08,17717,17717,17717,2,2
2021-11-16 15:01:08,17717,17717,17717,8,8
2021-11-16 15:01:08,17717,17717,17717,12,12
2021-11-16 15:01:08,17718,17718,17718,8,8
2021-11-16 15:01:08,17718,17718,17718,10,10
2021-11-16 15:01:08,17718,17718,17718,4,4
2021-11-16 15:01:08,17718,17718,17718,2,2
2021-11-16 15:01:08,17718,17718,17718,2,2
2021-11-16 15:01:08,17718,17718,17718,2,2
2021-11-16 15:01:08,17718,17718,17718,2,2
2021-11-16 15:01:08,17718,17718,17718,4,4
2021-11-16 15:01:08,17718,17718,17718,2,2
2021-11-16 15:01:08,17718,17718,17718,4,4
2021-11-16 15:01:08,17719,17719,17719,2,2
2021-11-16 15:01:08,17719,17719,17719,2,2
2021-11-16 15:01:09,17719,17719,17719,2,2
2021-11-16 15:01:09,17719,17719,17719,4,4
2021-11-16 15:01:09,17719,17719,17719,2,2
2021-11-16 15:01:09,17719,17719,17719,2,2
2021-11-16 15:01:09,17719,17719,17719,2,2
2021-11-16 15:01:09,17719,17719,17719,2,2
2021-11-16 15:01:09,17719,17719,17719,2,2
2021-11-16 15:01:09,17719,17719,17719,6,6
2021-11-16 15:01:09,17719,17719,17719,2,2
2021-11-16 15:01:09,17720,17720,17720,2,2
2021-11-16 15:01:09,17720,17720,17720,2,2
2021-11-16 15:01:09,17720,17720,17720,6,6
2021-11-16 15:01:09,17720,17720,17720,4,4
2021-11-16 15:01:09,17720,17720,17720,6,6
2021-11-16 15:01:09,17720,17720,17720,4,4
2021-11-16 15:01:09,17720,17720,17720,14,14
2021-11-16 15:01:09,17720,17720,17720,58,58
2021-11-16 15:01:09,17721,17721,17721,2,2
2021-11-16 15:01:09,17721,17721,17721,2,2
2021-11-16 15:01:09,17721,17721,17721,2,2
2021-11-16 15:01:09,17721,17721,17721,2,2
2021-11-16 15:01:09,17721,17721,17721,2,2
2021-11-16 15:01:09,17720,17720,17720,2,-2
2021-11-16 15:01:09,17720,17720,17720,2,2
2021-11-16 15:01:09,17720,17720,17720,2,2
2021-11-16 15:01:09,17721,17721,17721,2,2
2021-11-16 15:01:09,17721,17721,17721,2,2
2021-11-16 15:01:09,17721,17721,17721,2,2
2021-11-16 15:01:09,17721,17721,17721,2,2
2021-11-16 15:01:09,17720,17720,17720,2,-2
2021-11-16 15:01:09,17720,17720,17720,2,2
2021-11-16 15:01:09,17720,17720,17720,2,2
2021-11-16 15:01:09,17721,17721,17721,2,2
2021-11-16 15:01:09,17721,17721,17721,2,2
2021-11-16 15:01:09,17721,17721,17721,2,2
2021-11-16 15:01:09,17721,17721,17721,4,4
2021-11-16 15:01:09,17721,17721,17721,2,2
2021-11-16 15:01:09,17721,17721,17721,2,2
2021-11-16 15:01:09,17721,17721,17721,2,2
2021-11-16 15:01:09,17721,17721,17721,2,2
2021-11-16 15:01:09,17721,17721,17721,4,4
2021-11-16 15:01:09,17720,17720,17720,2,-2
2021-11-16 15:01:09,17721,17721,17721,2,2
2021-11-16 15:01:09,17722,17722,17722,2,2
2021-11-16 15:01:09,17722,17722,17722,2,2
2021-11-16 15:01:09,17720,17720,17720,2,-2
2021-11-16 15:01:09,17720,17720,17720,2,2
2021-11-16 15:01:09,17720,17720,17720,2,2
2021-11-16 15:01:09,17719,17719,17719,2,-2
2021-11-16 15:01:09,17719,17719,17719,2,2
2021-11-16 15:01:09,17719,17719,17719,2,2
2021-11-16 15:01:09,17719,17719,17719,8,8
2021-11-16 15:01:09,17721,17721,17721,2,2
2021-11-16 15:01:09,17721,17721,17721,4,4
2021-11-16 15:01:09,17721,17721,17721,4,4
2021-11-16 15:01:09,17721,17721,17721,4,4
2021-11-16 15:01:09,17721,17721,17721,2,2
2021-11-16 15:01:09,17722,17722,17722,2,2
2021-11-16 15:01:09,17721,17721,17721,2,-2
2021-11-16 15:01:09,17722,17722,17722,10,10
2021-11-16 15:01:09,17722,17722,17722,8,8
2021-11-16 15:01:09,17722,17722,17722,4,4
2021-11-16 15:01:09,17722,17722,17722,4,4
2021-11-16 15:01:09,17722,17722,17722,14,14
2021-11-16 15:01:09,17723,17723,17723,10,10
2021-11-16 15:01:09,17722,17722,17722,2,-2
2021-11-16 15:01:09,17719,17719,17719,2,-2
2021-11-16 15:01:09,17722,17722,17722,2,2
2021-11-16 15:01:09,17722,17722,17722,2,2
2021-11-16 15:01:09,17722,17722,17722,8,8
2021-11-16 15:01:09,17723,17723,17723,2,2
2021-11-16 15:01:09,17723,17723,17723,4,4
2021-11-16 15:01:09,17723,17723,17723,2,2
2021-11-16 15:01:09,17722,17722,17722,2,-2
2021-11-16 15:01:09,17722,17722,17722,2,2
2021-11-16 15:01:09,17722,17722,17722,2,2
2021-11-16 15:01:09,17723,17723,17723,2,2
2021-11-16 15:01:09,17722,17722,17722,2,-2
2021-11-16 15:01:09,17722,17722,17722,2,2
2021-11-16 15:01:09,17722,17722,17722,2,2
2021-11-16 15:01:09,17723,17723,17723,2,2
2021-11-16 15:01:09,17723,17723,17723,2,2
2021-11-16 15:01:09,17723,17723,17723,2,2
2021-11-16 15:01:09,17723,17723,17723,2,2
2021-11-16 15:01:09,17723,17723,17723,2,2
2021-11-16 15:01:09,17723,17723,17723,2,2
2021-11-16 15:01:09,17720,17720,17720,2,-2
2021-11-16 15:01:09,17720,17720,17720,2,2
2021-11-16 15:01:09,17720,17720,17720,2,2
2021-11-16 15:01:09,17719,17719,17719,4,-4
2021-11-16 15:01:09,17721,17721,17721,2,2
2021-11-16 15:01:09,17721,17721,17721,2,2
2021-11-16 15:01:09,17721,17721,17721,2,2
2021-11-16 15:01:09,17718,17718,17718,2,-2
2021-11-16 15:01:09,17720,17720,17720,2,2
2021-11-16 15:01:09,17721,17721,17721,2,2
2021-11-16 15:01:09,17721,17721,17721,2,2
2021-11-16 15:01:09,17721,17721,17721,2,2
2021-11-16 15:01:09,17721,17721,17721,4,4
2021-11-16 15:01:09,17721,17721,17721,2,2
2021-11-16 15:01:09,17721,17721,17721,2,2
2021-11-16 15:01:09,17721,17721,17721,2,2
2021-11-16 15:01:09,17721,17721,17721,2,2
2021-11-16 15:01:09,17721,17721,17721,2,2
2021-11-16 15:01:09,17721,17721,17721,2,2
2021-11-16 15:01:09,17721,17721,17721,2,2
2021-11-16 15:01:09,17721,17721,17721,2,2
2021-11-16 15:01:09,17721,17721,17721,2,2
2021-11-16 15:01:09,17721,17721,17721,2,2
2021-11-16 15:01:09,17721,17721,17721,2,2
2021-11-16 15:01:10,17721,17721,17721,2,2
2021-11-16 15:01:10,17721,17721,17721,2,2
2021-11-16 15:01:10,17721,17721,17721,10,10
2021-11-16 15:01:10,17721,17721,17721,2,2
2021-11-16 15:01:10,17720,17720,17720,2,-2
2021-11-16 15:01:10,17721,17721,17721,2,2
2021-11-16 15:01:10,17719,17719,17719,2,-2
2021-11-16 15:01:10,17720,17720,17720,2,2
2021-11-16 15:01:10,17718,17718,17718,2,-2
2021-11-16 15:01:10,17720,17720,17720,2,2
2021-11-16 15:01:10,17720,17720,17720,2,2
2021-11-16 15:01:10,17721,17721,17721,2,2
2021-11-16 15:01:10,17721,17721,17721,4,4
2021-11-16 15:01:10,17721,17721,17721,2,2
2021-11-16 15:01:10,17721,17721,17721,2,2
2021-11-16 15:01:10,17721,17721,17721,2,2
2021-11-16 15:01:10,17722,17722,17722,2,2
2021-11-16 15:01:10,17722,17722,17722,2,2
2021-11-16 15:01:10,17722,17722,17722,2,2
2021-11-16 15:01:10,17719,17719,17719,2,-2
2021-11-16 15:01:11,17718,17718,17718,2,-2
2021-11-16 15:01:11,17718,17718,17718,2,2
2021-11-16 15:01:11,17718,17718,17718,2,2
2021-11-16 15:01:11,17718,17718,17718,2,2
2021-11-16 15:01:11,17719,17719,17719,2,2
2021-11-16 15:01:12,17719,17719,17719,2,2
2021-11-16 15:01:12,17719,17719,17719,2,2
2021-11-16 15:01:12,17718,17718,17718,2,-2
2021-11-16 15:01:12,17718,17718,17718,2,2
2021-11-16 15:01:12,17718,17718,17718,2,2
2021-11-16 15:01:12,17718,17718,17718,2,2
2021-11-16 15:01:13,17719,17719,17719,2,2
2021-11-16 15:01:13,17719,17719,17719,2,2
2021-11-16 15:01:13,17719,17719,17719,2,2
2021-11-16 15:01:13,17719,17719,17719,2,2
2021-11-16 15:01:13,17719,17719,17719,2,2
2021-11-16 15:01:15,17717,17717,17717,2,-2
2021-11-16 15:01:15,17717,17717,17717,2,2
2021-11-16 15:01:15,17717,17717,17717,2,2
2021-11-16 15:01:15,17717,17717,17717,2,2
2021-11-16 15:01:15,17716,17716,17716,2,-2
2021-11-16 15:01:15,17716,17716,17716,2,2
2021-11-16 15:01:19,17716,17716,17716,2,2
2021-11-16 15:01:19,17716,17716,17716,2,2
2021-11-16 15:01:19,17716,17716,17716,2,2
2021-11-16 15:01:19,17717,17717,17717,2,2
2021-11-16 15:01:20,17716,17716,17716,4,-4
2021-11-16 15:01:20,17716,17716,17716,2,2
2021-11-16 15:01:20,17718,17718,17718,2,2
2021-11-16 15:01:21,17718,17718,17718,4,4
2021-11-16 15:01:21,17718,17718,17718,2,2
2021-11-16 15:01:21,17718,17718,17718,22,22
2021-11-16 15:01:22,17718,17718,17718,2,2
2021-11-16 15:01:22,17718,17718,17718,2,2
2021-11-16 15:01:22,17718,17718,17718,2,2
2021-11-16 15:01:23,17719,17719,17719,2,2
2021-11-16 15:01:24,17718,17718,17718,2,-2
2021-11-16 15:01:25,17718,17718,17718,2,2
2021-11-16 15:01:25,17718,17718,17718,2,2
2021-11-16 15:01:25,17718,17718,17718,2,2
2021-11-16 15:01:25,17718,17718,17718,2,2
2021-11-16 15:01:25,17717,17717,17717,2,-2
2021-11-16 15:01:26,17718,17718,17718,2,2
2021-11-16 15:01:27,17719,17719,17719,4,4
2021-11-16 15:01:27,17719,17719,17719,2,2
2021-11-16 15:01:27,17719,17719,17719,2,2
2021-11-16 15:01:27,17719,17719,17719,2,2
2021-11-16 15:01:29,17719,17719,17719,4,4
2021-11-16 15:01:29,17719,17719,17719,2,2
2021-11-16 15:01:29,17719,17719,17719,2,2
2021-11-16 15:01:30,17719,17719,17719,2,2
2021-11-16 15:01:30,17720,17720,17720,2,2
2021-11-16 15:01:31,17718,17718,17718,2,-2
2021-11-16 15:01:33,17719,17719,17719,4,4
2021-11-16 15:01:34,17719,17719,17719,2,2
2021-11-16 15:01:34,17719,17719,17719,2,2
2021-11-16 15:01:34,17720,17720,17720,2,2
2021-11-16 15:01:34,17719,17719,17719,2,-2
2021-11-16 15:01:34,17720,17720,17720,4,4
2021-11-16 15:01:34,17720,17720,17720,2,2
2021-11-16 15:01:35,17720,17720,17720,2,2
2021-11-16 15:01:35,17720,17720,17720,8,8
2021-11-16 15:01:36,17721,17721,17721,2,2
2021-11-16 15:01:36,17721,17721,17721,6,6
2021-11-16 15:01:36,17722,17722,17722,2,2
2021-11-16 15:01:37,17720,17720,17720,2,-2
2021-11-16 15:01:37,17722,17722,17722,2,2
2021-11-16 15:01:38,17722,17722,17722,4,4
2021-11-16 15:01:38,17722,17722,17722,8,8
2021-11-16 15:01:38,17722,17722,17722,2,2
2021-11-16 15:01:38,17721,17721,17721,2,-2
2021-11-16 15:01:38,17721,17721,17721,4,4
2021-11-16 15:01:39,17722,17722,17722,2,2
2021-11-16 15:01:39,17720,17720,17720,2,-2
2021-11-16 15:01:41,17720,17720,17720,4,4
2021-11-16 15:01:41,17720,17720,17720,2,2
2021-11-16 15:01:41,17719,17719,17719,2,-2
2021-11-16 15:01:41,17719,17719,17719,2,2
2021-11-16 15:01:41,17720,17720,17720,2,2
2021-11-16 15:01:43,17721,17721,17721,2,2
2021-11-16 15:01:44,17721,17721,17721,2,2
2021-11-16 15:01:44,17721,17721,17721,2,2
2021-11-16 15:01:47,17720,17720,17720,2,-2
2021-11-16 15:01:47,17722,17722,17722,2,2
2021-11-16 15:01:48,17722,17722,17722,8,8
2021-11-16 15:01:48,17720,17720,17720,2,-2
2021-11-16 15:01:50,17722,17722,17722,8,8
2021-11-16 15:01:50,17720,17720,17720,2,-2
2021-11-16 15:01:50,17721,17721,17721,2,2
2021-11-16 15:01:51,17719,17719,17719,2,-2
2021-11-16 15:01:51,17722,17722,17722,2,2
2021-11-16 15:01:52,17722,17722,17722,8,8
2021-11-16 15:01:54,17720,17720,17720,2,-2
2021-11-16 15:01:57,17719,17719,17719,2,-2
2021-11-16 15:02:00,17719,17719,17719,2,2
2021-11-16 15:02:00,17720,17720,17720,2,2
2021-11-16 15:02:00,17720,17720,17720,2,2
2021-11-16 15:02:00,17721,17721,17721,4,4
2021-11-16 15:02:00,17721,17721,17721,2,2
2021-11-16 15:02:00,17721,17721,17721,2,2
2021-11-16 15:02:00,17721,17721,17721,2,2
2021-11-16 15:02:00,17721,17721,17721,4,4
2021-11-16 15:02:00,17721,17721,17721,2,2
2021-11-16 15:02:00,17722,17722,17722,2,2
2021-11-16 15:02:00,17722,17722,17722,2,2
2021-11-16 15:02:00,17722,17722,17722,2,2
2021-11-16 15:02:00,17722,17722,17722,2,2
2021-11-16 15:02:00,17722,17722,17722,2,2
2021-11-16 15:02:01,17721,17721,17721,2,-2
2021-11-16 15:02:01,17720,17720,17720,2,-2
2021-11-16 15:02:02,17722,17722,17722,6,6
2021-11-16 15:02:03,17721,17721,17721,2,-2
2021-11-16 15:02:05,17721,17721,17721,2,2
2021-11-16 15:02:06,17720,17720,17720,2,-2
2021-11-16 15:02:09,17720,17720,17720,2,2
2021-11-16 15:02:09,17720,17720,17720,4,4
2021-11-16 15:02:11,17721,17721,17721,2,2
2021-11-16 15:02:14,17720,17720,17720,2,-2
2021-11-16 15:02:14,17721,17721,17721,2,2
2021-11-16 15:02:15,17719,17719,17719,2,-2
2021-11-16 15:02:15,17719,17719,17719,2,2
2021-11-16 15:02:17,17720,17720,17720,2,2
2021-11-16 15:02:17,17719,17719,17719,2,-2
2021-11-16 15:02:19,17720,17720,17720,2,2
2021-11-16 15:02:20,17720,17720,17720,2,2
2021-11-16 15:02:20,17721,17721,17721,2,2
2021-11-16 15:02:20,17720,17720,17720,2,-2
2021-11-16 15:02:27,17720,17720,17720,2,2
2021-11-16 15:02:27,17720,17720,17720,2,2
2021-11-16 15:02:29,17721,17721,17721,2,2
2021-11-16 15:02:29,17721,17721,17721,2,2
2021-11-16 15:02:30,17720,17720,17720,2,-2
2021-11-16 15:02:30,17720,17720,17720,2,2
2021-11-16 15:02:31,17720,17720,17720,2,2
2021-11-16 15:02:32,17721,17721,17721,2,2
2021-11-16 15:02:32,17720,17720,17720,2,-2
2021-11-16 15:02:36,17721,17721,17721,2,2
2021-11-16 15:02:37,17721,17721,17721,4,4
2021-11-16 15:02:37,17721,17721,17721,2,2
2021-11-16 15:02:37,17721,17721,17721,22,22
2021-11-16 15:02:37,17721,17721,17721,2,2
2021-11-16 15:02:37,17721,17721,17721,2,2
2021-11-16 15:02:37,17721,17721,17721,2,2
2021-11-16 15:02:37,17721,17721,17721,2,2
2021-11-16 15:02:39,17720,17720,17720,4,-4
2021-11-16 15:02:40,17721,17721,17721,2,2
2021-11-16 15:02:42,17720,17720,17720,2,-2
2021-11-16 15:02:42,17720,17720,17720,2,2
2021-11-16 15:02:43,17720,17720,17720,2,2
2021-11-16 15:02:45,17720,17720,17720,2,2
2021-11-16 15:02:46,17721,17721,17721,2,2
2021-11-16 15:02:48,17720,17720,17720,2,-2
2021-11-16 15:02:50,17720,17720,17720,2,2
2021-11-16 15:02:50,17719,17719,17719,2,-2
2021-11-16 15:02:53,17719,17719,17719,2,2
2021-11-16 15:02:53,17719,17719,17719,2,2
2021-11-16 15:02:53,17719,17719,17719,2,2
2021-11-16 15:02:53,17719,17719,17719,2,2
2021-11-16 15:02:53,17719,17719,17719,2,2
2021-11-16 15:02:56,17719,17719,17719,2,2
2021-11-16 15:02:56,17719,17719,17719,2,2
2021-11-16 15:02:56,17719,17719,17719,2,2
2021-11-16 15:02:57,17719,17719,17719,2,2
2021-11-16 15:02:57,17720,17720,17720,2,2
2021-11-16 15:02:57,17720,17720,17720,2,2
2021-11-16 15:02:58,17719,17719,17719,2,-2
2021-11-16 15:02:59,17720,17720,17720,2,2
2021-11-16 15:02:59,17719,17719,17719,2,-2
2021-11-16 15:03:00,17720,17720,17720,2,2
2021-11-16 15:03:00,17720,17720,17720,2,2
2021-11-16 15:03:00,17720,17720,17720,2,2
2021-11-16 15:03:00,17720,17720,17720,2,2
2021-11-16 15:03:00,17720,17720,17720,2,2
2021-11-16 15:03:00,17721,17721,17721,2,2
2021-11-16 15:03:00,17721,17721,17721,10,10
2021-11-16 15:03:00,17722,17722,17722,10,10
2021-11-16 15:03:00,17722,17722,17722,10,10
2021-11-16 15:03:00,17723,17723,17723,2,2
2021-11-16 15:03:00,17721,17721,17721,2,-2
2021-11-16 15:03:00,17721,17721,17721,2,2
2021-11-16 15:03:00,17722,17722,17722,2,2
2021-11-16 15:03:01,17721,17721,17721,2,-2
2021-11-16 15:03:02,17721,17721,17721,2,2
2021-11-16 15:03:03,17721,17721,17721,2,2
2021-11-16 15:03:07,17721,17721,17721,2,2
2021-11-16 15:03:08,17722,17722,17722,2,2
2021-11-16 15:03:08,17722,17722,17722,2,2
2021-11-16 15:03:08,17723,17723,17723,2,2
2021-11-16 15:03:08,17723,17723,17723,2,2
2021-11-16 15:03:08,17723,17723,17723,2,2
2021-11-16 15:03:08,17723,17723,17723,2,2
2021-11-16 15:03:08,17723,17723,17723,2,2
2021-11-16 15:03:08,17723,17723,17723,2,2
2021-11-16 15:03:08,17723,17723,17723,2,2
2021-11-16 15:03:08,17723,17723,17723,2,2
2021-11-16 15:03:09,17721,17721,17721,2,-2
2021-11-16 15:03:10,17722,17722,17722,4,4
2021-11-16 15:03:10,17722,17722,17722,18,18
2021-11-16 15:03:10,17722,17722,17722,2,2
2021-11-16 15:03:12,17722,17722,17722,2,2
2021-11-16 15:03:12,17722,17722,17722,2,2
2021-11-16 15:03:13,17721,17721,17721,2,-2
2021-11-16 15:03:18,17722,17722,17722,2,2
2021-11-16 15:03:19,17722,17722,17722,2,2
2021-11-16 15:03:19,17722,17722,17722,2,2
2021-11-16 15:03:19,17721,17721,17721,2,-2
2021-11-16 15:03:19,17721,17721,17721,2,2
2021-11-16 15:03:20,17721,17721,17721,2,2
2021-11-16 15:03:23,17720,17720,17720,2,-2
2021-11-16 15:03:25,17721,17721,17721,2,2
2021-11-16 15:03:28,17721,17721,17721,2,2
2021-11-16 15:03:28,17721,17721,17721,2,2
2021-11-16 15:03:30,17720,17720,17720,2,-2
2021-11-16 15:03:32,17720,17720,17720,2,2
2021-11-16 15:03:32,17720,17720,17720,2,2
2021-11-16 15:03:32,17720,17720,17720,6,6
2021-11-16 15:03:34,17721,17721,17721,2,2
2021-11-16 15:03:34,17721,17721,17721,2,2
2021-11-16 15:03:36,17721,17721,17721,2,2
2021-11-16 15:03:36,17721,17721,17721,2,2
2021-11-16 15:03:39,17720,17720,17720,4,-4
2021-11-16 15:03:39,17721,17721,17721,2,2
2021-11-16 15:03:39,17721,17721,17721,2,2
2021-11-16 15:03:39,17721,17721,17721,2,2
2021-11-16 15:03:41,17721,17721,17721,2,2
2021-11-16 15:03:45,17719,17719,17719,6,-6
2021-11-16 15:03:45,17719,17719,17719,2,2
2021-11-16 15:03:46,17718,17718,17718,2,-2
2021-11-16 15:03:46,17719,17719,17719,2,2
2021-11-16 15:03:46,17720,17720,17720,2,2
2021-11-16 15:03:50,17720,17720,17720,2,2
2021-11-16 15:03:51,17720,17720,17720,2,2
2021-11-16 15:03:53,17719,17719,17719,2,-2
2021-11-16 15:03:53,17719,17719,17719,2,2
2021-11-16 15:03:57,17719,17719,17719,2,2
2021-11-16 15:03:59,17720,17720,17720,4,4
2021-11-16 15:04:00,17720,17720,17720,2,2
2021-11-16 15:04:00,17720,17720,17720,2,2
2021-11-16 15:04:00,17720,17720,17720,4,4
2021-11-16 15:04:02,17719,17719,17719,2,-2
2021-11-16 15:04:03,17720,17720,17720,2,2
2021-11-16 15:04:03,17721,17721,17721,2,2
2021-11-16 15:04:03,17721,17721,17721,2,2
2021-11-16 15:04:03,17719,17719,17719,2,-2
2021-11-16 15:04:03,17721,17721,17721,2,2
2021-11-16 15:04:03,17721,17721,17721,12,12
2021-11-16 15:04:04,17721,17721,17721,8,8
2021-11-16 15:04:04,17721,17721,17721,4,4
2021-11-16 15:04:04,17722,17722,17722,4,4
2021-11-16 15:04:04,17722,17722,17722,4,4
2021-11-16 15:04:08,17720,17720,17720,2,-2
2021-11-16 15:04:11,17720,17720,17720,2,2
2021-11-16 15:04:14,17720,17720,17720,2,2
2021-11-16 15:04:29,17720,17720,17720,4,4
2021-11-16 15:04:29,17720,17720,17720,2,2
2021-11-16 15:04:38,17721,17721,17721,2,2
2021-11-16 15:04:40,17719,17719,17719,2,-2
2021-11-16 15:04:40,17719,17719,17719,2,2
2021-11-16 15:04:40,17719,17719,17719,2,2
2021-11-16 15:04:40,17719,17719,17719,2,2
2021-11-16 15:04:40,17719,17719,17719,2,2
2021-11-16 15:04:43,17719,17719,17719,4,4
2021-11-16 15:04:55,17718,17718,17718,10,-10
2021-11-16 15:04:55,17718,17718,17718,2,2
2021-11-16 15:04:55,17718,17718,17718,2,2
2021-11-16 15:04:55,17718,17718,17718,2,2
2021-11-16 15:04:55,17718,17718,17718,2,2
2021-11-16 15:04:55,17718,17718,17718,2,2
2021-11-16 15:04:55,17718,17718,17718,2,2
2021-11-16 15:04:55,17718,17718,17718,2,2
2021-11-16 15:04:57,17717,17717,17717,2,-2
2021-11-16 15:04:57,17717,17717,17717,2,2
2021-11-16 15:05:01,17717,17717,17717,2,2
2021-11-16 15:05:01,17718,17718,17718,2,2
2021-11-16 15:05:01,17717,17717,17717,2,-2
2021-11-16 15:05:01,17718,17718,17718,2,2
2021-11-16 15:05:01,17716,17716,17716,2,-2
2021-11-16 15:05:01,17716,17716,17716,2,2
2021-11-16 15:05:01,17718,17718,17718,2,2
2021-11-16 15:05:02,17718,17718,17718,2,2
2021-11-16 15:05:02,17718,17718,17718,2,2
2021-11-16 15:05:02,17719,17719,17719,2,2
2021-11-16 15:05:02,17717,17717,17717,2,-2
2021-11-16 15:05:02,17717,17717,17717,2,2
2021-11-16 15:05:04,17717,17717,17717,2,2
2021-11-16 15:05:05,17719,17719,17719,2,2
2021-11-16 15:05:08,17718,17718,17718,2,-2
2021-11-16 15:05:08,17718,17718,17718,4,4
2021-11-16 15:05:11,17718,17718,17718,4,4
2021-11-16 15:05:11,17719,17719,17719,2,2
2021-11-16 15:05:13,17718,17718,17718,2,-2
2021-11-16 15:05:15,17719,17719,17719,8,8
2021-11-16 15:05:20,17718,17718,17718,2,-2
2021-11-16 15:05:21,17719,17719,17719,2,2
2021-11-16 15:05:21,17719,17719,17719,2,2
2021-11-16 15:05:21,17720,17720,17720,2,2
2021-11-16 15:05:22,17719,17719,17719,2,-2
2021-11-16 15:05:27,17718,17718,17718,2,-2
2021-11-16 15:05:27,17719,17719,17719,2,2
2021-11-16 15:05:27,17719,17719,17719,2,2
2021-11-16 15:05:46,17718,17718,17718,6,-6
2021-11-16 15:05:46,17718,17718,17718,2,2
2021-11-16 15:05:46,17718,17718,17718,2,2
2021-11-16 15:05:46,17718,17718,17718,2,2
2021-11-16 15:05:46,17718,17718,17718,2,2
2021-11-16 15:05:51,17717,17717,17717,10,-10
2021-11-16 15:05:51,17717,17717,17717,2,2
2021-11-16 15:05:51,17717,17717,17717,2,2
2021-11-16 15:05:51,17718,17718,17718,2,2
2021-11-16 15:05:51,17718,17718,17718,2,2
2021-11-16 15:05:51,17718,17718,17718,2,2
2021-11-16 15:06:07,17717,17717,17717,2,-2
2021-11-16 15:06:08,17718,17718,17718,2,2
2021-11-16 15:06:15,17717,17717,17717,2,-2
2021-11-16 15:06:19,17717,17717,17717,4,4
2021-11-16 15:06:20,17717,17717,17717,2,2
2021-11-16 15:06:21,17717,17717,17717,2,2
2021-11-16 15:06:33,17717,17717,17717,2,2
2021-11-16 15:06:37,17718,17718,17718,32,32
2021-11-16 15:06:46,17718,17718,17718,2,2
2021-11-16 15:06:46,17718,17718,17718,2,2
2021-11-16 15:06:56,17718,17718,17718,2,2
2021-11-16 15:07:10,17718,17718,17718,8,8
2021-11-16 15:07:15,17719,17719,17719,4,4
2021-11-16 15:07:15,17718,17718,17718,2,-2
2021-11-16 15:07:35,17718,17718,17718,2,2
2021-11-16 15:07:47,17719,17719,17719,2,2
2021-11-16 15:07:47,17719,17719,17719,2,2
2021-11-16 15:07:53,17719,17719,17719,2,2
2021-11-16 15:08:00,17719,17719,17719,4,4
2021-11-16 15:08:00,17719,17719,17719,2,2
2021-11-16 15:08:00,17719,17719,17719,4,4
2021-11-16 15:08:03,17720,17720,17720,4,4
2021-11-16 15:08:03,17720,17720,17720,4,4
2021-11-16 15:08:03,17720,17720,17720,2,2
2021-11-16 15:08:05,17720,17720,17720,2,2
2021-11-16 15:08:11,17720,17720,17720,8,8
2021-11-16 15:08:11,17718,17718,17718,2,-2
2021-11-16 15:08:11,17718,17718,17718,2,2
2021-11-16 15:08:11,17718,17718,17718,2,2
2021-11-16 15:08:11,17718,17718,17718,2,2
2021-11-16 15:08:24,17719,17719,17719,2,2
2021-11-16 15:08:31,17718,17718,17718,2,-2
2021-11-16 15:08:31,17718,17718,17718,2,2
2021-11-16 15:08:31,17719,17719,17719,2,2
2021-11-16 15:08:32,17717,17717,17717,2,-2
2021-11-16 15:08:36,17717,17717,17717,2,2
2021-11-16 15:08:36,17717,17717,17717,2,2
2021-11-16 15:08:54,17718,17718,17718,2,2
2021-11-16 15:08:54,17719,17719,17719,4,4
2021-11-16 15:08:54,17720,17720,17720,2,2
2021-11-16 15:08:55,17718,17718,17718,2,-2
2021-11-16 15:09:00,17719,17719,17719,2,2
2021-11-16 15:09:00,17720,17720,17720,2,2
2021-11-16 15:09:28,17719,17719,17719,2,-2
2021-11-16 15:09:28,17719,17719,17719,2,2
2021-11-16 15:09:28,17720,17720,17720,4,4
2021-11-16 15:09:28,17720,17720,17720,2,2
2021-11-16 15:09:33,17720,17720,17720,2,2
2021-11-16 15:09:33,17720,17720,17720,2,2
2021-11-16 15:09:39,17720,17720,17720,2,2
2021-11-16 15:09:59,17720,17720,17720,2,2
2021-11-16 15:10:00,17720,17720,17720,2,2
2021-11-16 15:10:00,17720,17720,17720,2,2
2021-11-16 15:10:00,17720,17720,17720,2,2
2021-11-16 15:10:00,17720,17720,17720,2,2
2021-11-16 15:10:00,17720,17720,17720,2,2
2021-11-16 15:10:00,17720,17720,17720,2,2
2021-11-16 15:10:00,17721,17721,17721,2,2
2021-11-16 15:10:00,17721,17721,17721,2,2
2021-11-16 15:10:00,17721,17721,17721,30,30
2021-11-16 15:10:00,17721,17721,17721,4,4
2021-11-16 15:10:00,17722,17722,17722,2,2
2021-11-16 15:10:00,17720,17720,17720,2,-2
2021-11-16 15:10:00,17720,17720,17720,2,2
2021-11-16 15:10:00,17720,17720,17720,2,2
2021-11-16 15:10:01,17721,17721,17721,2,2
2021-11-16 15:10:08,17722,17722,17722,2,2
2021-11-16 15:10:23,17722,17722,17722,50,50
2021-11-16 15:10:23,17723,17723,17723,10,10
2021-11-16 15:10:23,17723,17723,17723,2,2
2021-11-16 15:10:23,17723,17723,17723,4,4
2021-11-16 15:10:23,17723,17723,17723,4,4
2021-11-16 15:10:23,17723,17723,17723,2,2
2021-11-16 15:10:23,17723,17723,17723,10,10
2021-11-16 15:10:23,17723,17723,17723,2,2
2021-11-16 15:10:25,17723,17723,17723,2,2
2021-11-16 15:10:25,17723,17723,17723,2,2
2021-11-16 15:10:25,17723,17723,17723,2,2
2021-11-16 15:10:25,17724,17724,17724,2,2
2021-11-16 15:10:25,17724,17724,17724,2,2
2021-11-16 15:10:25,17724,17724,17724,2,2
2021-11-16 15:10:26,17724,17724,17724,2,2
2021-11-16 15:10:26,17722,17722,17722,2,-2
2021-11-16 15:10:33,17722,17722,17722,2,2
2021-11-16 15:10:33,17722,17722,17722,2,2
2021-11-16 15:10:34,17722,17722,17722,2,2
2021-11-16 15:10:34,17722,17722,17722,2,2
2021-11-16 15:10:34,17722,17722,17722,2,2
2021-11-16 15:10:34,17722,17722,17722,2,2
2021-11-16 15:10:34,17723,17723,17723,2,2
2021-11-16 15:10:34,17723,17723,17723,2,2
2021-11-16 15:10:35,17722,17722,17722,2,-2
2021-11-16 15:10:37,17723,17723,17723,2,2
2021-11-16 15:10:37,17723,17723,17723,2,2
2021-11-16 15:10:39,17722,17722,17722,2,-2
2021-11-16 15:10:42,17722,17722,17722,2,2
2021-11-16 15:10:42,17722,17722,17722,2,2
2021-11-16 15:10:47,17722,17722,17722,10,10
2021-11-16 15:10:57,17722,17722,17722,2,2
2021-11-16 15:10:59,17722,17722,17722,4,4
2021-11-16 15:10:59,17723,17723,17723,2,2
2021-11-16 15:11:00,17723,17723,17723,2,2
2021-11-16 15:11:00,17723,17723,17723,2,2
2021-11-16 15:11:05,17722,17722,17722,2,-2
2021-11-16 15:11:05,17722,17722,17722,2,2
2021-11-16 15:11:05,17722,17722,17722,2,2
2021-11-16 15:11:06,17722,17722,17722,2,2
2021-11-16 15:11:08,17722,17722,17722,2,2
2021-11-16 15:11:08,17722,17722,17722,2,2
2021-11-16 15:11:09,17722,17722,17722,14,14
2021-11-16 15:11:09,17722,17722,17722,2,2
2021-11-16 15:11:10,17721,17721,17721,2,-2
2021-11-16 15:11:10,17720,17720,17720,2,-2
2021-11-16 15:11:10,17720,17720,17720,2,2
2021-11-16 15:11:19,17720,17720,17720,2,2
2021-11-16 15:11:19,17721,17721,17721,4,4
2021-11-16 15:11:21,17721,17721,17721,2,2
2021-11-16 15:11:22,17722,17722,17722,6,6
2021-11-16 15:11:31,17719,17719,17719,6,-6
2021-11-16 15:11:51,17720,17720,17720,2,2
2021-11-16 15:11:51,17720,17720,17720,6,6
2021-11-16 15:11:51,17720,17720,17720,2,2
2021-11-16 15:12:05,17719,17719,17719,2,-2
2021-11-16 15:12:16,17719,17719,17719,2,2
2021-11-16 15:12:16,17720,17720,17720,2,2
2021-11-16 15:12:31,17718,17718,17718,2,-2
2021-11-16 15:12:31,17718,17718,17718,2,2
2021-11-16 15:12:31,17718,17718,17718,2,2
2021-11-16 15:12:36,17718,17718,17718,2,2
2021-11-16 15:12:36,17719,17719,17719,2,2
2021-11-16 15:12:40,17717,17717,17717,2,-2
2021-11-16 15:12:40,17717,17717,17717,2,2
2021-11-16 15:12:50,17717,17717,17717,2,2
2021-11-16 15:12:50,17717,17717,17717,2,2
2021-11-16 15:12:51,17718,17718,17718,2,2
2021-11-16 15:12:51,17719,17719,17719,2,2
2021-11-16 15:12:51,17719,17719,17719,2,2
2021-11-16 15:12:53,17718,17718,17718,2,-2
2021-11-16 15:12:54,17717,17717,17717,2,-2
2021-11-16 15:12:55,17717,17717,17717,2,2
2021-11-16 15:12:55,17717,17717,17717,2,2
2021-11-16 15:13:02,17717,17717,17717,2,2
2021-11-16 15:13:03,17717,17717,17717,2,2
2021-11-16 15:13:03,17717,17717,17717,2,2
2021-11-16 15:13:03,17717,17717,17717,2,2
2021-11-16 15:13:05,17718,17718,17718,2,2
2021-11-16 15:13:06,17717,17717,17717,2,-2
2021-11-16 15:13:18,17717,17717,17717,2,2
2021-11-16 15:13:18,17717,17717,17717,2,2
2021-11-16 15:13:18,17717,17717,17717,2,2
2021-11-16 15:13:19,17718,17718,17718,6,6
2021-11-16 15:13:28,17717,17717,17717,2,-2
2021-11-16 15:13:44,17716,17716,17716,2,-2
2021-11-16 15:13:44,17716,17716,17716,2,2
2021-11-16 15:13:44,17716,17716,17716,2,2
2021-11-16 15:13:44,17716,17716,17716,2,2
2021-11-16 15:13:48,17717,17717,17717,2,2
2021-11-16 15:13:49,17717,17717,17717,4,4
2021-11-16 15:13:54,17716,17716,17716,4,-4
2021-11-16 15:13:58,17716,17716,17716,2,2
2021-11-16 15:13:58,17716,17716,17716,2,2
2021-11-16 15:13:59,17717,17717,17717,2,2
2021-11-16 15:13:59,17718,17718,17718,8,8
2021-11-16 15:14:00,17716,17716,17716,8,-8
2021-11-16 15:14:00,17716,17716,17716,2,2
2021-11-16 15:14:00,17716,17716,17716,4,4
2021-11-16 15:14:00,17716,17716,17716,2,2
2021-11-16 15:14:00,17716,17716,17716,2,2
2021-11-16 15:14:00,17716,17716,17716,2,2
2021-11-16 15:14:00,17717,17717,17717,2,2
2021-11-16 15:14:11,17716,17716,17716,2,-2
2021-11-16 15:14:15,17716,17716,17716,2,2
2021-11-16 15:14:16,17716,17716,17716,4,4
2021-11-16 15:14:16,17715,17715,17715,2,-2
2021-11-16 15:14:16,17715,17715,17715,2,2
2021-11-16 15:14:16,17715,17715,17715,2,2
2021-11-16 15:14:16,17715,17715,17715,2,2
2021-11-16 15:14:16,17715,17715,17715,2,2
2021-11-16 15:14:19,17715,17715,17715,6,6
2021-11-16 15:14:19,17715,17715,17715,2,2
2021-11-16 15:14:21,17715,17715,17715,2,2
2021-11-16 15:14:26,17715,17715,17715,2,2
2021-11-16 15:14:26,17715,17715,17715,2,2
2021-11-16 15:14:26,17715,17715,17715,2,2
2021-11-16 15:14:26,17715,17715,17715,2,2
2021-11-16 15:14:26,17715,17715,17715,2,2
2021-11-16 15:14:26,17715,17715,17715,2,2
2021-11-16 15:14:26,17714,17714,17714,2,-2
2021-11-16 15:14:26,17714,17714,17714,2,2
2021-11-16 15:14:26,17714,17714,17714,2,2
2021-11-16 15:14:26,17714,17714,17714,2,2
2021-11-16 15:14:38,17714,17714,17714,2,2
2021-11-16 15:14:54,17714,17714,17714,2,2
2021-11-16 15:14:59,17714,17714,17714,2,2
2021-11-16 15:14:59,17714,17714,17714,2,2
2021-11-16 15:14:59,17714,17714,17714,2,2
2021-11-16 15:14:59,17714,17714,17714,2,2
2021-11-16 15:15:00,17715,17715,17715,2,2
2021-11-16 15:15:00,17715,17715,17715,2,2
2021-11-16 15:15:00,17715,17715,17715,2,2
2021-11-16 15:15:01,17715,17715,17715,6,6
2021-11-16 15:15:02,17715,17715,17715,2,2
2021-11-16 15:15:05,17715,17715,17715,2,2
2021-11-16 15:15:08,17714,17714,17714,2,-2
2021-11-16 15:15:09,17715,17715,17715,10,10
2021-11-16 15:15:09,17715,17715,17715,2,2
2021-11-16 15:15:09,17714,17714,17714,2,-2
2021-11-16 15:15:09,17714,17714,17714,2,2
2021-11-16 15:15:12,17715,17715,17715,2,2
2021-11-16 15:15:15,17715,17715,17715,2,2
2021-11-16 15:15:19,17716,17716,17716,2,2
2021-11-16 15:15:19,17716,17716,17716,2,2
2021-11-16 15:15:24,17716,17716,17716,2,2
2021-11-16 15:15:28,17716,17716,17716,2,2
2021-11-16 15:15:47,17715,17715,17715,2,-2
2021-11-16 15:15:47,17715,17715,17715,2,2
2021-11-16 15:15:47,17715,17715,17715,2,2
2021-11-16 15:15:47,17717,17717,17717,2,2
2021-11-16 15:15:59,17716,17716,17716,2,-2
2021-11-16 15:16:11,17717,17717,17717,4,4
2021-11-16 15:16:11,17717,17717,17717,2,2
2021-11-16 15:16:19,17717,17717,17717,4,4
2021-11-16 15:16:19,17717,17717,17717,2,2
2021-11-16 15:16:20,17716,17716,17716,2,-2
2021-11-16 15:16:20,17716,17716,17716,2,2
2021-11-16 15:16:20,17716,17716,17716,2,2
2021-11-16 15:16:20,17716,17716,17716,2,2
2021-11-16 15:16:24,17716,17716,17716,2,2
2021-11-16 15:16:28,17716,17716,17716,2,2
2021-11-16 15:16:29,17715,17715,17715,2,-2
2021-11-16 15:16:29,17716,17716,17716,2,2
2021-11-16 15:16:29,17717,17717,17717,2,2
2021-11-16 15:16:32,17715,17715,17715,2,-2
2021-11-16 15:16:36,17715,17715,17715,2,2
2021-11-16 15:16:36,17715,17715,17715,2,2
2021-11-16 15:16:36,17715,17715,17715,2,2
2021-11-16 15:16:38,17715,17715,17715,2,2
2021-11-16 15:16:39,17715,17715,17715,2,2
2021-11-16 15:16:40,17715,17715,17715,2,2
2021-11-16 15:16:40,17715,17715,17715,2,2
2021-11-16 15:16:43,17716,17716,17716,4,4
2021-11-16 15:16:44,17716,17716,17716,2,2
2021-11-16 15:16:46,17715,17715,17715,2,-2
2021-11-16 15:16:46,17715,17715,17715,2,2
2021-11-16 15:16:47,17715,17715,17715,2,2
2021-11-16 15:16:48,17715,17715,17715,2,2
2021-11-16 15:16:48,17715,17715,17715,2,2
2021-11-16 15:16:48,17715,17715,17715,2,2
2021-11-16 15:16:48,17715,17715,17715,2,2
2021-11-16 15:16:48,17714,17714,17714,10,-10
2021-11-16 15:16:48,17714,17714,17714,2,2
2021-11-16 15:16:51,17715,17715,17715,2,2
2021-11-16 15:16:53,17715,17715,17715,2,2
2021-11-16 15:16:53,17715,17715,17715,2,2
2021-11-16 15:17:00,17715,17715,17715,2,2
2021-11-16 15:17:00,17715,17715,17715,2,2
2021-11-16 15:17:00,17715,17715,17715,2,2
2021-11-16 15:17:04,17714,17714,17714,2,-2
2021-11-16 15:17:04,17714,17714,17714,2,2
2021-11-16 15:17:04,17714,17714,17714,4,4
2021-11-16 15:17:06,17714,17714,17714,2,2
2021-11-16 15:17:06,17714,17714,17714,2,2
2021-11-16 15:17:07,17714,17714,17714,2,2
2021-11-16 15:17:07,17714,17714,17714,2,2
2021-11-16 15:17:16,17713,17713,17713,2,-2
2021-11-16 15:17:16,17713,17713,17713,4,4
2021-11-16 15:17:16,17713,17713,17713,2,2
2021-11-16 15:17:17,17713,17713,17713,2,2
2021-11-16 15:17:18,17713,17713,17713,2,2
2021-11-16 15:17:18,17713,17713,17713,2,2
2021-11-16 15:17:18,17713,17713,17713,2,2
2021-11-16 15:17:19,17713,17713,17713,2,2
2021-11-16 15:17:19,17713,17713,17713,2,2
2021-11-16 15:17:19,17713,17713,17713,2,2
2021-11-16 15:17:19,17713,17713,17713,2,2
2021-11-16 15:17:19,17713,17713,17713,2,2
2021-11-16 15:17:20,17713,17713,17713,2,2
2021-11-16 15:17:22,17714,17714,17714,6,6
2021-11-16 15:17:22,17714,17714,17714,2,2
2021-11-16 15:17:23,17714,17714,17714,2,2
2021-11-16 15:17:24,17714,17714,17714,2,2
2021-11-16 15:17:24,17714,17714,17714,2,2
2021-11-16 15:17:26,17714,17714,17714,2,2
2021-11-16 15:17:28,17713,17713,17713,2,-2
2021-11-16 15:17:30,17713,17713,17713,2,2
2021-11-16 15:17:34,17713,17713,17713,2,2
2021-11-16 15:17:38,17713,17713,17713,2,2
2021-11-16 15:17:38,17713,17713,17713,2,2
2021-11-16 15:17:44,17713,17713,17713,4,4
2021-11-16 15:17:45,17713,17713,17713,2,2
2021-11-16 15:17:45,17713,17713,17713,2,2
2021-11-16 15:17:45,17713,17713,17713,2,2
2021-11-16 15:17:45,17713,17713,17713,2,2
2021-11-16 15:17:46,17714,17714,17714,16,16
2021-11-16 15:17:46,17714,17714,17714,4,4
2021-11-16 15:17:46,17713,17713,17713,4,-4
2021-11-16 15:17:47,17713,17713,17713,2,2
2021-11-16 15:17:47,17713,17713,17713,2,2
2021-11-16 15:17:49,17713,17713,17713,2,2
2021-11-16 15:17:50,17713,17713,17713,2,2
2021-11-16 15:17:50,17714,17714,17714,6,6
2021-11-16 15:17:54,17714,17714,17714,4,4
2021-11-16 15:17:54,17714,17714,17714,4,4
2021-11-16 15:17:55,17714,17714,17714,4,4
2021-11-16 15:17:55,17715,17715,17715,8,8
2021-11-16 15:17:55,17716,17716,17716,28,28
2021-11-16 15:17:55,17717,17717,17717,40,40
2021-11-16 15:17:55,17717,17717,17717,24,24
2021-11-16 15:17:55,17717,17717,17717,2,2
2021-11-16 15:17:55,17717,17717,17717,2,2
2021-11-16 15:17:57,17716,17716,17716,2,-2
2021-11-16 15:17:57,17716,17716,17716,2,2
2021-11-16 15:17:59,17716,17716,17716,2,2
2021-11-16 15:18:03,17716,17716,17716,2,2
2021-11-16 15:18:03,17716,17716,17716,4,4
2021-11-16 15:18:04,17717,17717,17717,4,4
2021-11-16 15:18:04,17718,17718,17718,32,32
2021-11-16 15:18:04,17719,17719,17719,36,36
2021-11-16 15:18:04,17719,17719,17719,18,18
2021-11-16 15:18:04,17720,17720,17720,4,4
2021-11-16 15:18:04,17719,17719,17719,10,-10
2021-11-16 15:18:04,17719,17719,17719,4,4
2021-11-16 15:18:05,17720,17720,17720,2,2
2021-11-16 15:18:10,17717,17717,17717,4,-4
2021-11-16 15:18:12,17717,17717,17717,2,2
2021-11-16 15:18:12,17717,17717,17717,2,2
2021-11-16 15:18:17,17716,17716,17716,2,-2
2021-11-16 15:18:18,17716,17716,17716,12,12
2021-11-16 15:18:18,17716,17716,17716,2,2
2021-11-16 15:18:18,17716,17716,17716,4,4
2021-11-16 15:18:18,17716,17716,17716,2,2
2021-11-16 15:18:18,17716,17716,17716,2,2
2021-11-16 15:18:18,17716,17716,17716,2,2
2021-11-16 15:18:18,17716,17716,17716,4,4
2021-11-16 15:18:18,17716,17716,17716,2,2
2021-11-16 15:18:20,17716,17716,17716,2,2
2021-11-16 15:18:20,17716,17716,17716,2,2
2021-11-16 15:18:21,17716,17716,17716,2,2
2021-11-16 15:18:25,17716,17716,17716,10,10
2021-11-16 15:18:25,17716,17716,17716,12,12
2021-11-16 15:18:27,17717,17717,17717,2,2
2021-11-16 15:18:27,17717,17717,17717,2,2
2021-11-16 15:18:28,17718,17718,17718,2,2
2021-11-16 15:18:28,17717,17717,17717,2,-2
2021-11-16 15:18:28,17717,17717,17717,4,4
2021-11-16 15:18:28,17717,17717,17717,2,2
2021-11-16 15:18:33,17717,17717,17717,2,2
2021-11-16 15:18:34,17718,17718,17718,4,4
2021-11-16 15:18:34,17719,17719,17719,42,42
2021-11-16 15:18:34,17720,17720,17720,48,48
2021-11-16 15:18:34,17720,17720,17720,6,6
2021-11-16 15:18:34,17720,17720,17720,2,2
2021-11-16 15:18:34,17720,17720,17720,2,2
2021-11-16 15:18:34,17719,17719,17719,4,-4
2021-11-16 15:18:36,17721,17721,17721,16,16
2021-11-16 15:18:36,17722,17722,17722,46,46
2021-11-16 15:18:36,17722,17722,17722,8,8
2021-11-16 15:18:36,17722,17722,17722,8,8
2021-11-16 15:18:36,17723,17723,17723,2,2
2021-11-16 15:18:36,17723,17723,17723,2,2
2021-11-16 15:18:37,17723,17723,17723,2,2
2021-11-16 15:18:37,17723,17723,17723,2,2
2021-11-16 15:18:38,17723,17723,17723,2,2
2021-11-16 15:18:39,17722,17722,17722,4,-4
2021-11-16 15:18:41,17722,17722,17722,2,2
2021-11-16 15:18:41,17722,17722,17722,2,2
2021-11-16 15:18:44,17723,17723,17723,2,2
2021-11-16 15:18:44,17723,17723,17723,2,2
2021-11-16 15:18:45,17722,17722,17722,4,-4
2021-11-16 15:18:45,17722,17722,17722,2,2
2021-11-16 15:18:49,17722,17722,17722,2,2
2021-11-16 15:18:49,17722,17722,17722,2,2
2021-11-16 15:18:49,17722,17722,17722,2,2
2021-11-16 15:18:49,17722,17722,17722,2,2
2021-11-16 15:18:50,17721,17721,17721,12,-12
2021-11-16 15:18:50,17722,17722,17722,8,8
2021-11-16 15:18:51,17721,17721,17721,2,-2
2021-11-16 15:18:52,17722,17722,17722,22,22
2021-11-16 15:18:54,17723,17723,17723,20,20
2021-11-16 15:18:54,17723,17723,17723,2,2
2021-11-16 15:18:55,17722,17722,17722,4,-4
2021-11-16 15:18:56,17722,17722,17722,2,2
2021-11-16 15:19:01,17723,17723,17723,8,8
2021-11-16 15:19:08,17723,17723,17723,2,2
2021-11-16 15:19:10,17723,17723,17723,4,4
2021-11-16 15:19:10,17723,17723,17723,2,2
2021-11-16 15:19:10,17723,17723,17723,4,4
2021-11-16 15:19:10,17722,17722,17722,2,-2
2021-11-16 15:19:10,17723,17723,17723,4,4
2021-11-16 15:19:10,17722,17722,17722,2,-2
2021-11-16 15:19:14,17723,17723,17723,2,2
2021-11-16 15:19:14,17723,17723,17723,2,2
2021-11-16 15:19:18,17723,17723,17723,2,2
2021-11-16 15:19:20,17723,17723,17723,2,2
2021-11-16 15:19:20,17723,17723,17723,2,2
2021-11-16 15:19:23,17722,17722,17722,2,-2
2021-11-16 15:19:24,17722,17722,17722,2,2
2021-11-16 15:19:24,17722,17722,17722,2,2
2021-11-16 15:19:31,17722,17722,17722,2,2
2021-11-16 15:19:32,17723,17723,17723,2,2
2021-11-16 15:19:37,17723,17723,17723,2,2
2021-11-16 15:19:38,17723,17723,17723,2,2
2021-11-16 15:19:38,17723,17723,17723,2,2
2021-11-16 15:19:38,17723,17723,17723,2,2
2021-11-16 15:19:38,17723,17723,17723,4,4
2021-11-16 15:19:38,17723,17723,17723,2,2
2021-11-16 15:19:38,17723,17723,17723,2,2
2021-11-16 15:19:38,17723,17723,17723,2,2
2021-11-16 15:19:38,17723,17723,17723,2,2
2021-11-16 15:19:38,17723,17723,17723,4,4
2021-11-16 15:19:38,17723,17723,17723,6,6
2021-11-16 15:19:39,17723,17723,17723,2,2
2021-11-16 15:19:39,17724,17724,17724,2,2
2021-11-16 15:19:39,17724,17724,17724,2,2
2021-11-16 15:19:39,17724,17724,17724,4,4
2021-11-16 15:19:39,17724,17724,17724,4,4
2021-11-16 15:19:39,17724,17724,17724,2,2
2021-11-16 15:19:39,17724,17724,17724,2,2
2021-11-16 15:19:39,17724,17724,17724,2,2
2021-11-16 15:19:39,17724,17724,17724,2,2
2021-11-16 15:19:40,17724,17724,17724,2,2
2021-11-16 15:19:41,17724,17724,17724,2,2
2021-11-16 15:19:53,17722,17722,17722,2,-2
2021-11-16 15:19:54,17721,17721,17721,4,-4
2021-11-16 15:19:54,17721,17721,17721,2,2
2021-11-16 15:19:54,17721,17721,17721,2,2
2021-11-16 15:19:54,17720,17720,17720,2,-2
2021-11-16 15:19:55,17721,17721,17721,2,2
2021-11-16 15:19:56,17722,17722,17722,4,4
2021-11-16 15:19:57,17722,17722,17722,2,2
2021-11-16 15:19:57,17722,17722,17722,2,2
2021-11-16 15:19:58,17723,17723,17723,8,8
2021-11-16 15:19:58,17722,17722,17722,2,-2
2021-11-16 15:20:00,17722,17722,17722,2,2
2021-11-16 15:20:00,17723,17723,17723,2,2
2021-11-16 15:20:00,17723,17723,17723,2,2
2021-11-16 15:20:02,17723,17723,17723,10,10
2021-11-16 15:20:02,17724,17724,17724,48,48
2021-11-16 15:20:02,17724,17724,17724,2,2
2021-11-16 15:20:03,17725,17725,17725,2,2
2021-11-16 15:20:03,17725,17725,17725,2,2
2021-11-16 15:20:03,17725,17725,17725,4,4
2021-11-16 15:20:03,17725,17725,17725,2,2
2021-11-16 15:20:03,17725,17725,17725,2,2
2021-11-16 15:20:03,17725,17725,17725,2,2
2021-11-16 15:20:03,17725,17725,17725,4,4
2021-11-16 15:20:03,17725,17725,17725,8,8
2021-11-16 15:20:03,17724,17724,17724,2,-2
2021-11-16 15:20:03,17725,17725,17725,2,2
2021-11-16 15:20:03,17725,17725,17725,2,2
2021-11-16 15:20:03,17725,17725,17725,2,2
2021-11-16 15:20:03,17725,17725,17725,2,2
2021-11-16 15:20:04,17725,17725,17725,2,2
2021-11-16 15:20:04,17723,17723,17723,2,-2
2021-11-16 15:20:04,17723,17723,17723,2,2
2021-11-16 15:20:04,17725,17725,17725,60,60
2021-11-16 15:20:04,17724,17724,17724,2,-2
2021-11-16 15:20:09,17724,17724,17724,2,2
2021-11-16 15:20:09,17725,17725,17725,2,2
2021-11-16 15:20:10,17723,17723,17723,2,-2
2021-11-16 15:20:13,17724,17724,17724,4,4
2021-11-16 15:20:16,17724,17724,17724,10,10
2021-11-16 15:20:22,17724,17724,17724,2,2
2021-11-16 15:20:26,17724,17724,17724,2,2
2021-11-16 15:20:26,17724,17724,17724,4,4
2021-11-16 15:20:30,17724,17724,17724,2,2
2021-11-16 15:20:33,17724,17724,17724,2,2
2021-11-16 15:20:36,17724,17724,17724,2,2
2021-11-16 15:20:46,17723,17723,17723,4,-4
2021-11-16 15:20:46,17723,17723,17723,2,2
2021-11-16 15:20:46,17724,17724,17724,2,2
2021-11-16 15:20:56,17722,17722,17722,4,-4
2021-11-16 15:21:04,17722,17722,17722,2,2
2021-11-16 15:21:06,17722,17722,17722,2,2
2021-11-16 15:21:11,17721,17721,17721,2,-2
2021-11-16 15:21:11,17721,17721,17721,2,2
2021-11-16 15:21:11,17720,17720,17720,4,-4
2021-11-16 15:21:11,17720,17720,17720,2,2
2021-11-16 15:21:11,17720,17720,17720,2,2
2021-11-16 15:21:17,17720,17720,17720,4,4
2021-11-16 15:21:23,17719,17719,17719,2,-2
2021-11-16 15:21:28,17720,17720,17720,2,2
2021-11-16 15:21:32,17720,17720,17720,2,2
2021-11-16 15:21:35,17720,17720,17720,2,2
2021-11-16 15:21:35,17720,17720,17720,2,2
2021-11-16 15:21:43,17720,17720,17720,2,2
2021-11-16 15:21:51,17719,17719,17719,2,-2
2021-11-16 15:22:03,17719,17719,17719,2,2
2021-11-16 15:22:03,17720,17720,17720,2,2
2021-11-16 15:22:10,17720,17720,17720,2,2
2021-11-16 15:22:10,17720,17720,17720,4,4
2021-11-16 15:22:10,17720,17720,17720,2,2
2021-11-16 15:22:10,17720,17720,17720,2,2
2021-11-16 15:22:10,17721,17721,17721,2,2
2021-11-16 15:22:11,17721,17721,17721,2,2
2021-11-16 15:22:13,17722,17722,17722,2,2
2021-11-16 15:22:15,17721,17721,17721,2,-2
2021-11-16 15:22:15,17721,17721,17721,2,2
2021-11-16 15:22:15,17721,17721,17721,2,2
2021-11-16 15:22:15,17720,17720,17720,2,-2
2021-11-16 15:22:15,17720,17720,17720,2,2
2021-11-16 15:22:15,17720,17720,17720,4,4
2021-11-16 15:22:15,17720,17720,17720,2,2
2021-11-16 15:22:15,17720,17720,17720,2,2
2021-11-16 15:22:15,17720,17720,17720,2,2
2021-11-16 15:22:34,17720,17720,17720,2,2
2021-11-16 15:22:34,17720,17720,17720,2,2
2021-11-16 15:23:01,17719,17719,17719,2,-2
2021-11-16 15:23:01,17719,17719,17719,2,2
2021-11-16 15:23:01,17719,17719,17719,2,2
2021-11-16 15:23:05,17719,17719,17719,2,2
2021-11-16 15:23:07,17720,17720,17720,4,4
2021-11-16 15:23:15,17719,17719,17719,2,-2
2021-11-16 15:23:16,17720,17720,17720,6,6
2021-11-16 15:23:19,17720,17720,17720,2,2
2021-11-16 15:23:29,17720,17720,17720,4,4
2021-11-16 15:23:35,17721,17721,17721,2,2
2021-11-16 15:23:35,17721,17721,17721,2,2
2021-11-16 15:23:38,17721,17721,17721,2,2
2021-11-16 15:23:42,17721,17721,17721,2,2
2021-11-16 15:23:42,17721,17721,17721,2,2
2021-11-16 15:23:42,17721,17721,17721,2,2
2021-11-16 15:23:42,17721,17721,17721,2,2
2021-11-16 15:23:43,17721,17721,17721,2,2
2021-11-16 15:23:51,17722,17722,17722,8,8
2021-11-16 15:23:51,17722,17722,17722,2,2
2021-11-16 15:23:51,17722,17722,17722,4,4
2021-11-16 15:23:51,17721,17721,17721,2,-2
2021-11-16 15:23:53,17723,17723,17723,10,10
2021-11-16 15:23:55,17723,17723,17723,2,2
2021-11-16 15:24:35,17722,17722,17722,2,-2
2021-11-16 15:24:41,17721,17721,17721,2,-2
2021-11-16 15:24:42,17722,17722,17722,2,2
2021-11-16 15:24:45,17722,17722,17722,10,10
2021-11-16 15:24:53,17722,17722,17722,6,6
2021-11-16 15:24:53,17722,17722,17722,12,12
2021-11-16 15:24:53,17722,17722,17722,8,8
2021-11-16 15:24:54,17722,17722,17722,2,2
2021-11-16 15:24:57,17723,17723,17723,6,6
2021-11-16 15:24:57,17723,17723,17723,10,10
2021-11-16 15:25:02,17724,17724,17724,12,12
2021-11-16 15:25:03,17724,17724,17724,2,2
2021-11-16 15:25:05,17725,17725,17725,4,4
2021-11-16 15:25:05,17725,17725,17725,4,4
2021-11-16 15:25:06,17725,17725,17725,2,2
2021-11-16 15:25:07,17724,17724,17724,6,-6
2021-11-16 15:25:09,17725,17725,17725,4,4
2021-11-16 15:25:09,17725,17725,17725,8,8
2021-11-16 15:25:09,17725,17725,17725,2,2
2021-11-16 15:25:10,17724,17724,17724,2,-2
2021-11-16 15:25:10,17724,17724,17724,2,2
2021-11-16 15:25:11,17725,17725,17725,8,8
2021-11-16 15:25:11,17725,17725,17725,2,2
2021-11-16 15:25:11,17725,17725,17725,28,28
2021-11-16 15:25:11,17725,17725,17725,2,2
2021-11-16 15:25:11,17725,17725,17725,2,2
2021-11-16 15:25:11,17724,17724,17724,2,-2
2021-11-16 15:25:11,17725,17725,17725,2,2
2021-11-16 15:25:11,17725,17725,17725,2,2
2021-11-16 15:25:12,17726,17726,17726,2,2
2021-11-16 15:25:12,17725,17725,17725,2,-2
2021-11-16 15:25:14,17726,17726,17726,4,4
2021-11-16 15:25:18,17725,17725,17725,2,-2
2021-11-16 15:25:19,17725,17725,17725,2,2
2021-11-16 15:25:20,17723,17723,17723,2,-2
2021-11-16 15:25:20,17723,17723,17723,2,2
2021-11-16 15:25:20,17723,17723,17723,2,2
2021-11-16 15:25:25,17725,17725,17725,2,2
2021-11-16 15:25:34,17724,17724,17724,2,-2
2021-11-16 15:25:38,17723,17723,17723,2,-2
2021-11-16 15:25:49,17723,17723,17723,2,2
2021-11-16 15:25:49,17723,17723,17723,2,2
2021-11-16 15:25:49,17723,17723,17723,2,2
2021-11-16 15:25:54,17724,17724,17724,2,2
2021-11-16 15:25:58,17723,17723,17723,4,-4
2021-11-16 15:26:03,17724,17724,17724,8,8
2021-11-16 15:26:03,17723,17723,17723,2,-2
2021-11-16 15:26:04,17724,17724,17724,2,2
2021-11-16 15:26:09,17725,17725,17725,2,2
2021-11-16 15:26:09,17723,17723,17723,2,-2
2021-11-16 15:26:10,17724,17724,17724,2,2
2021-11-16 15:26:10,17725,17725,17725,2,2
2021-11-16 15:26:17,17724,17724,17724,4,-4
2021-11-16 15:26:18,17723,17723,17723,8,-8
2021-11-16 15:26:18,17723,17723,17723,4,4
2021-11-16 15:26:18,17723,17723,17723,2,2
2021-11-16 15:26:18,17723,17723,17723,2,2
2021-11-16 15:26:18,17723,17723,17723,2,2
2021-11-16 15:26:18,17723,17723,17723,2,2
2021-11-16 15:26:18,17723,17723,17723,2,2
2021-11-16 15:26:19,17723,17723,17723,2,2
2021-11-16 15:26:20,17723,17723,17723,2,2
2021-11-16 15:26:21,17722,17722,17722,2,-2
2021-11-16 15:26:21,17722,17722,17722,2,2
2021-11-16 15:26:34,17723,17723,17723,14,14
2021-11-16 15:26:34,17723,17723,17723,26,26
2021-11-16 15:26:36,17724,17724,17724,6,6
2021-11-16 15:26:39,17725,17725,17725,34,34
2021-11-16 15:26:43,17725,17725,17725,6,6
2021-11-16 15:26:43,17725,17725,17725,2,2
2021-11-16 15:26:52,17725,17725,17725,2,2
2021-11-16 15:26:52,17725,17725,17725,2,2
2021-11-16 15:26:52,17725,17725,17725,2,2
2021-11-16 15:26:52,17725,17725,17725,2,2
2021-11-16 15:26:59,17726,17726,17726,2,2
2021-11-16 15:26:59,17726,17726,17726,2,2
2021-11-16 15:27:00,17725,17725,17725,2,-2
2021-11-16 15:27:03,17726,17726,17726,12,12
2021-11-16 15:27:03,17727,17727,17727,2,2
2021-11-16 15:27:03,17727,17727,17727,2,2
2021-11-16 15:27:04,17727,17727,17727,4,4
2021-11-16 15:27:04,17727,17727,17727,2,2
2021-11-16 15:27:04,17727,17727,17727,2,2
2021-11-16 15:27:04,17727,17727,17727,2,2
2021-11-16 15:27:04,17727,17727,17727,2,2
2021-11-16 15:27:04,17727,17727,17727,2,2
2021-11-16 15:27:04,17727,17727,17727,2,2
2021-11-16 15:27:04,17727,17727,17727,2,2
2021-11-16 15:27:04,17727,17727,17727,2,2
2021-11-16 15:27:07,17727,17727,17727,2,2
2021-11-16 15:27:09,17726,17726,17726,2,-2
2021-11-16 15:27:20,17727,17727,17727,6,6
2021-11-16 15:27:24,17726,17726,17726,2,-2
2021-11-16 15:27:25,17727,17727,17727,2,2
2021-11-16 15:27:26,17727,17727,17727,10,10
2021-11-16 15:27:26,17727,17727,17727,14,14
2021-11-16 15:27:26,17727,17727,17727,8,8
2021-11-16 15:27:27,17727,17727,17727,4,4
2021-11-16 15:27:28,17727,17727,17727,2,2
2021-11-16 15:27:30,17726,17726,17726,2,-2
2021-11-16 15:27:30,17727,17727,17727,12,12
2021-11-16 15:27:40,17726,17726,17726,2,-2
2021-11-16 15:27:42,17725,17725,17725,2,-2
2021-11-16 15:27:42,17725,17725,17725,2,2
2021-11-16 15:27:42,17725,17725,17725,18,18
2021-11-16 15:27:42,17725,17725,17725,2,2
2021-11-16 15:27:42,17725,17725,17725,4,4
2021-11-16 15:27:42,17725,17725,17725,2,2
2021-11-16 15:27:42,17725,17725,17725,2,2
2021-11-16 15:27:42,17725,17725,17725,2,2
2021-11-16 15:27:44,17725,17725,17725,2,2
2021-11-16 15:27:45,17725,17725,17725,2,2
2021-11-16 15:27:47,17725,17725,17725,4,4
2021-11-16 15:27:58,17725,17725,17725,10,10
2021-11-16 15:27:58,17725,17725,17725,2,2
2021-11-16 15:28:13,17725,17725,17725,2,2
2021-11-16 15:28:14,17725,17725,17725,2,2
2021-11-16 15:28:14,17725,17725,17725,6,6
2021-11-16 15:28:14,17726,17726,17726,2,2
2021-11-16 15:28:14,17727,17727,17727,2,2
2021-11-16 15:28:14,17727,17727,17727,2,2
2021-11-16 15:28:14,17727,17727,17727,2,2
2021-11-16 15:28:23,17727,17727,17727,2,2
2021-11-16 15:28:28,17727,17727,17727,2,2
2021-11-16 15:28:31,17727,17727,17727,8,8
2021-11-16 15:28:41,17727,17727,17727,2,2
2021-11-16 15:28:41,17727,17727,17727,20,20
2021-11-16 15:28:44,17726,17726,17726,2,-2
2021-11-16 15:28:44,17726,17726,17726,2,2
2021-11-16 15:28:59,17725,17725,17725,2,-2
2021-11-16 15:28:59,17725,17725,17725,4,4
2021-11-16 15:28:59,17725,17725,17725,2,2
2021-11-16 15:28:59,17725,17725,17725,2,2
2021-11-16 15:28:59,17725,17725,17725,2,2
2021-11-16 15:28:59,17725,17725,17725,2,2
2021-11-16 15:28:59,17725,17725,17725,2,2
2021-11-16 15:28:59,17725,17725,17725,2,2
2021-11-16 15:29:07,17725,17725,17725,2,2
2021-11-16 15:29:08,17725,17725,17725,2,2
2021-11-16 15:29:08,17725,17725,17725,2,2
2021-11-16 15:29:08,17725,17725,17725,2,2
2021-11-16 15:29:09,17726,17726,17726,4,4
2021-11-16 15:29:10,17726,17726,17726,2,2
2021-11-16 15:29:11,17726,17726,17726,4,4
2021-11-16 15:29:12,17726,17726,17726,2,2
2021-11-16 15:29:27,17724,17724,17724,10,-10
2021-11-16 15:29:41,17725,17725,17725,2,2
2021-11-16 15:29:55,17724,17724,17724,2,-2
2021-11-16 15:29:56,17724,17724,17724,22,22
2021-11-16 15:29:56,17724,17724,17724,2,2
2021-11-16 15:29:56,17724,17724,17724,2,2
2021-11-16 15:29:58,17724,17724,17724,4,4
2021-11-16 15:30:03,17723,17723,17723,2,-2
2021-11-16 15:30:03,17723,17723,17723,2,2
2021-11-16 15:30:03,17724,17724,17724,2,2
2021-11-16 15:30:03,17724,17724,17724,2,2
2021-11-16 15:30:03,17724,17724,17724,2,2
2021-11-16 15:30:03,17724,17724,17724,6,6
2021-11-16 15:30:03,17724,17724,17724,2,2
2021-11-16 15:30:03,17725,17725,17725,2,2
2021-11-16 15:30:03,17725,17725,17725,2,2
2021-11-16 15:30:04,17725,17725,17725,4,4
2021-11-16 15:30:04,17725,17725,17725,4,4
2021-11-16 15:30:04,17725,17725,17725,2,2
2021-11-16 15:30:04,17725,17725,17725,2,2
2021-11-16 15:30:04,17725,17725,17725,2,2
2021-11-16 15:30:04,17725,17725,17725,2,2
2021-11-16 15:30:04,17725,17725,17725,2,2
2021-11-16 15:30:05,17725,17725,17725,4,4
2021-11-16 15:30:05,17726,17726,17726,2,2
2021-11-16 15:30:05,17726,17726,17726,4,4
2021-11-16 15:30:05,17726,17726,17726,2,2
2021-11-16 15:30:10,17724,17724,17724,2,-2
2021-11-16 15:30:13,17724,17724,17724,2,2
2021-11-16 15:30:43,17723,17723,17723,4,-4
2021-11-16 15:30:43,17723,17723,17723,2,2
2021-11-16 15:30:43,17723,17723,17723,2,2
2021-11-16 15:30:43,17723,17723,17723,2,2
2021-11-16 15:30:52,17723,17723,17723,4,4
2021-11-16 15:31:08,17723,17723,17723,2,2
2021-11-16 15:31:12,17724,17724,17724,2,2
2021-11-16 15:31:12,17723,17723,17723,2,-2
2021-11-16 15:31:13,17722,17722,17722,2,-2
2021-11-16 15:31:19,17723,17723,17723,2,2
2021-11-16 15:31:20,17723,17723,17723,4,4
2021-11-16 15:31:21,17723,17723,17723,4,4
2021-11-16 15:31:26,17723,17723,17723,2,2
2021-11-16 15:31:43,17723,17723,17723,2,2
2021-11-16 15:31:44,17723,17723,17723,4,4
2021-11-16 15:31:48,17723,17723,17723,2,2
2021-11-16 15:31:49,17723,17723,17723,2,2
2021-11-16 15:31:52,17722,17722,17722,2,-2
2021-11-16 15:32:14,17722,17722,17722,2,2
2021-11-16 15:32:15,17723,17723,17723,2,2
2021-11-16 15:32:15,17722,17722,17722,2,-2
2021-11-16 15:32:17,17722,17722,17722,2,2
2021-11-16 15:32:18,17723,17723,17723,2,2
2021-11-16 15:32:19,17722,17722,17722,14,-14
2021-11-16 15:32:19,17721,17721,17721,2,-2
2021-11-16 15:32:19,17721,17721,17721,4,4
2021-11-16 15:32:19,17721,17721,17721,2,2
2021-11-16 15:32:19,17721,17721,17721,2,2
2021-11-16 15:32:19,17721,17721,17721,2,2
2021-11-16 15:32:19,17721,17721,17721,6,6
2021-11-16 15:32:19,17721,17721,17721,2,2
2021-11-16 15:32:19,17721,17721,17721,2,2
2021-11-16 15:32:19,17721,17721,17721,2,2
2021-11-16 15:32:19,17721,17721,17721,2,2
2021-11-16 15:32:19,17721,17721,17721,2,2
2021-11-16 15:32:19,17721,17721,17721,6,6
2021-11-16 15:32:24,17721,17721,17721,2,2
2021-11-16 15:32:26,17721,17721,17721,2,2
2021-11-16 15:32:26,17721,17721,17721,4,4
2021-11-16 15:32:29,17721,17721,17721,2,2
2021-11-16 15:32:33,17723,17723,17723,2,2
2021-11-16 15:32:33,17723,17723,17723,4,4
2021-11-16 15:32:33,17722,17722,17722,4,-4
2021-11-16 15:32:33,17722,17722,17722,2,2
2021-11-16 15:32:34,17722,17722,17722,2,2
2021-11-16 15:32:38,17722,17722,17722,2,2
2021-11-16 15:32:38,17722,17722,17722,2,2
2021-11-16 15:32:47,17722,17722,17722,2,2
2021-11-16 15:32:50,17722,17722,17722,2,2
2021-11-16 15:32:59,17722,17722,17722,2,2
2021-11-16 15:32:59,17722,17722,17722,2,2
2021-11-16 15:33:02,17722,17722,17722,2,2
2021-11-16 15:33:04,17721,17721,17721,2,-2
2021-11-16 15:33:18,17722,17722,17722,2,2
2021-11-16 15:33:21,17722,17722,17722,2,2
2021-11-16 15:33:49,17721,17721,17721,2,-2
2021-11-16 15:33:52,17722,17722,17722,2,2
2021-11-16 15:33:54,17721,17721,17721,2,-2
2021-11-16 15:34:00,17722,17722,17722,2,2
2021-11-16 15:34:00,17722,17722,17722,2,2
2021-11-16 15:34:00,17722,17722,17722,2,2
2021-11-16 15:34:00,17723,17723,17723,4,4
2021-11-16 15:34:03,17722,17722,17722,2,-2
2021-11-16 15:34:39,17722,17722,17722,2,2
2021-11-16 15:34:42,17723,17723,17723,10,10
2021-11-16 15:34:47,17722,17722,17722,2,-2
2021-11-16 15:34:47,17722,17722,17722,2,2
2021-11-16 15:34:47,17722,17722,17722,4,4
2021-11-16 15:34:47,17722,17722,17722,4,4
2021-11-16 15:34:52,17721,17721,17721,6,-6
2021-11-16 15:34:52,17721,17721,17721,16,16
2021-11-16 15:34:52,17721,17721,17721,2,2
2021-11-16 15:34:52,17721,17721,17721,2,2
2021-11-16 15:34:52,17721,17721,17721,4,4
2021-11-16 15:34:52,17721,17721,17721,2,2
2021-11-16 15:34:52,17721,17721,17721,2,2
2021-11-16 15:34:52,17721,17721,17721,2,2
2021-11-16 15:34:52,17721,17721,17721,4,4
2021-11-16 15:34:59,17722,17722,17722,2,2
2021-11-16 15:35:25,17722,17722,17722,2,2
2021-11-16 15:35:26,17723,17723,17723,4,4
2021-11-16 15:35:41,17722,17722,17722,2,-2
2021-11-16 15:35:52,17723,17723,17723,2,2
2021-11-16 15:36:01,17723,17723,17723,4,4
2021-11-16 15:36:01,17723,17723,17723,12,12
2021-11-16 15:36:01,17724,17724,17724,2,2
2021-11-16 15:36:11,17721,17721,17721,2,-2
2021-11-16 15:36:17,17721,17721,17721,4,4
2021-11-16 15:36:17,17721,17721,17721,2,2
2021-11-16 15:36:28,17720,17720,17720,2,-2
2021-11-16 15:36:37,17720,17720,17720,2,2
2021-11-16 15:37:03,17720,17720,17720,2,2
2021-11-16 15:37:03,17720,17720,17720,2,2
2021-11-16 15:37:04,17721,17721,17721,2,2
2021-11-16 15:37:06,17721,17721,17721,2,2
2021-11-16 15:37:15,17720,17720,17720,2,-2
2021-11-16 15:37:19,17721,17721,17721,2,2
2021-11-16 15:37:29,17721,17721,17721,2,2
2021-11-16 15:37:40,17721,17721,17721,2,2
2021-11-16 15:38:16,17722,17722,17722,26,26
2021-11-16 15:38:16,17723,17723,17723,2,2
2021-11-16 15:38:16,17722,17722,17722,2,-2
2021-11-16 15:38:17,17723,17723,17723,2,2
2021-11-16 15:38:18,17722,17722,17722,2,-2
2021-11-16 15:38:19,17723,17723,17723,2,2
2021-11-16 15:38:20,17723,17723,17723,2,2
2021-11-16 15:38:25,17723,17723,17723,8,8
2021-11-16 15:38:31,17723,17723,17723,2,2
2021-11-16 15:38:59,17723,17723,17723,16,16
2021-11-16 15:39:00,17723,17723,17723,2,2
2021-11-16 15:39:00,17724,17724,17724,4,4
2021-11-16 15:39:00,17724,17724,17724,4,4
2021-11-16 15:39:00,17724,17724,17724,4,4
2021-11-16 15:39:02,17724,17724,17724,2,2
2021-11-16 15:39:06,17723,17723,17723,2,-2
2021-11-16 15:39:11,17723,17723,17723,4,4
2021-11-16 15:39:23,17723,17723,17723,8,8
2021-11-16 15:39:23,17723,17723,17723,2,2
2021-11-16 15:39:40,17722,17722,17722,2,-2
2021-11-16 15:39:40,17722,17722,17722,2,2
2021-11-16 15:39:48,17724,17724,17724,2,2
2021-11-16 15:39:56,17724,17724,17724,2,2
2021-11-16 15:39:57,17724,17724,17724,2,2
2021-11-16 15:40:36,17724,17724,17724,2,2
2021-11-16 15:40:37,17725,17725,17725,2,2
2021-11-16 15:40:39,17724,17724,17724,2,-2
2021-11-16 15:41:04,17725,17725,17725,4,4
2021-11-16 15:41:13,17724,17724,17724,2,-2
2021-11-16 15:41:26,17723,17723,17723,2,-2
2021-11-16 15:42:02,17723,17723,17723,2,2
2021-11-16 15:42:03,17724,17724,17724,14,14
2021-11-16 15:42:03,17724,17724,17724,6,6
2021-11-16 15:42:03,17724,17724,17724,2,2
2021-11-16 15:42:15,17724,17724,17724,2,2
2021-11-16 15:42:27,17724,17724,17724,2,2
2021-11-16 15:42:35,17724,17724,17724,2,2
2021-11-16 15:42:45,17724,17724,17724,2,2
2021-11-16 15:43:01,17724,17724,17724,2,2
2021-11-16 15:43:04,17724,17724,17724,2,2
2021-11-16 15:43:41,17723,17723,17723,2,-2
2021-11-16 15:43:41,17723,17723,17723,2,2
2021-11-16 15:43:41,17723,17723,17723,2,2
2021-11-16 15:44:42,17724,17724,17724,4,4
2021-11-16 15:44:42,17724,17724,17724,4,4
2021-11-16 15:44:43,17725,17725,17725,2,2
2021-11-16 15:44:43,17725,17725,17725,2,2
2021-11-16 15:44:43,17725,17725,17725,4,4
2021-11-16 15:44:43,17725,17725,17725,2,2
2021-11-16 15:44:43,17725,17725,17725,4,4
2021-11-16 15:44:43,17725,17725,17725,2,2
2021-11-16 15:44:43,17725,17725,17725,24,24
2021-11-16 15:44:43,17725,17725,17725,4,4
2021-11-16 15:44:43,17725,17725,17725,2,2
2021-11-16 15:44:43,17725,17725,17725,2,2
2021-11-16 15:44:43,17725,17725,17725,2,2
2021-11-16 15:44:43,17725,17725,17725,24,24
2021-11-16 15:44:43,17725,17725,17725,2,2
2021-11-16 15:44:43,17725,17725,17725,2,2
2021-11-16 15:44:43,17726,17726,17726,2,2
2021-11-16 15:44:43,17726,17726,17726,2,2
2021-11-16 15:44:43,17726,17726,17726,6,6
2021-11-16 15:44:43,17726,17726,17726,2,2
2021-11-16 15:44:43,17727,17727,17727,2,2
2021-11-16 15:44:43,17727,17727,17727,2,2
2021-11-16 15:44:43,17727,17727,17727,2,2
2021-11-16 15:44:43,17727,17727,17727,2,2
2021-11-16 15:44:43,17727,17727,17727,4,4
2021-11-16 15:44:43,17727,17727,17727,4,4
2021-11-16 15:44:43,17727,17727,17727,4,4
2021-11-16 15:44:43,17727,17727,17727,4,4
2021-11-16 15:44:43,17728,17728,17728,2,2
2021-11-16 15:44:43,17728,17728,17728,14,14
2021-11-16 15:44:43,17728,17728,17728,2,2
2021-11-16 15:44:43,17728,17728,17728,2,2
2021-11-16 15:44:43,17728,17728,17728,2,2
2021-11-16 15:44:43,17728,17728,17728,2,2
2021-11-16 15:44:44,17726,17726,17726,2,-2
2021-11-16 15:44:44,17728,17728,17728,2,2
2021-11-16 15:44:44,17728,17728,17728,4,4
2021-11-16 15:44:44,17728,17728,17728,2,2
2021-11-16 15:44:44,17728,17728,17728,2,2
2021-11-16 15:44:44,17728,17728,17728,2,2
2021-11-16 15:44:44,17728,17728,17728,2,2
2021-11-16 15:44:44,17728,17728,17728,2,2
2021-11-16 15:44:44,17727,17727,17727,2,-2
2021-11-16 15:44:44,17727,17727,17727,2,2
2021-11-16 15:44:44,17727,17727,17727,8,8
2021-11-16 15:44:45,17728,17728,17728,2,2
2021-11-16 15:44:45,17726,17726,17726,2,-2
2021-11-16 15:44:48,17726,17726,17726,2,2
2021-11-16 15:44:48,17726,17726,17726,2,2
2021-11-16 15:44:48,17726,17726,17726,2,2
2021-11-16 15:44:52,17726,17726,17726,6,6
2021-11-16 15:44:53,17726,17726,17726,2,2
2021-11-16 15:45:08,17726,17726,17726,2,2
2021-11-16 15:45:09,17727,17727,17727,2,2
2021-11-16 15:45:20,17727,17727,17727,2,2
2021-11-16 15:45:23,17726,17726,17726,2,-2
2021-11-16 15:45:23,17725,17725,17725,2,-2
2021-11-16 15:45:24,17727,17727,17727,2,2
2021-11-16 15:45:33,17727,17727,17727,2,2
2021-11-16 15:45:42,17727,17727,17727,2,2
2021-11-16 15:45:56,17727,17727,17727,2,2
2021-11-16 15:45:57,17728,17728,17728,2,2
2021-11-16 15:45:57,17728,17728,17728,4,4
2021-11-16 15:45:57,17728,17728,17728,4,4
2021-11-16 15:45:57,17728,17728,17728,4,4
2021-11-16 15:45:57,17727,17727,17727,2,-2
2021-11-16 15:45:58,17728,17728,17728,4,4
2021-11-16 15:46:02,17728,17728,17728,2,2
2021-11-16 15:46:02,17729,17729,17729,20,20
2021-11-16 15:46:02,17729,17729,17729,2,2
2021-11-16 15:46:02,17729,17729,17729,2,2
2021-11-16 15:46:02,17729,17729,17729,2,2
2021-11-16 15:46:02,17729,17729,17729,2,2
2021-11-16 15:46:02,17729,17729,17729,2,2
2021-11-16 15:46:02,17729,17729,17729,2,2
2021-11-16 15:46:02,17729,17729,17729,2,2
2021-11-16 15:46:02,17729,17729,17729,2,2
2021-11-16 15:46:02,17729,17729,17729,4,4
2021-11-16 15:46:03,17729,17729,17729,2,2
2021-11-16 15:46:03,17728,17728,17728,2,-2
2021-11-16 15:46:03,17729,17729,17729,2,2
2021-11-16 15:46:08,17729,17729,17729,8,8
2021-11-16 15:46:10,17729,17729,17729,2,2
2021-11-16 15:46:13,17729,17729,17729,8,8
2021-11-16 15:46:14,17729,17729,17729,2,2
2021-11-16 15:46:19,17728,17728,17728,2,-2
2021-11-16 15:46:25,17728,17728,17728,2,2
2021-11-16 15:46:30,17728,17728,17728,2,2
2021-11-16 15:46:31,17729,17729,17729,2,2
2021-11-16 15:46:34,17728,17728,17728,2,-2
2021-11-16 15:46:41,17729,17729,17729,6,6
2021-11-16 15:46:43,17729,17729,17729,2,2
2021-11-16 15:46:44,17729,17729,17729,2,2
2021-11-16 15:46:50,17729,17729,17729,2,2
2021-11-16 15:46:54,17729,17729,17729,2,2
2021-11-16 15:46:55,17729,17729,17729,2,2
2021-11-16 15:46:55,17730,17730,17730,4,4
2021-11-16 15:46:55,17730,17730,17730,2,2
2021-11-16 15:46:55,17730,17730,17730,2,2
2021-11-16 15:46:55,17730,17730,17730,2,2
2021-11-16 15:46:56,17730,17730,17730,2,2
2021-11-16 15:46:56,17730,17730,17730,2,2
2021-11-16 15:46:56,17730,17730,17730,4,4
2021-11-16 15:46:56,17730,17730,17730,2,2
2021-11-16 15:46:56,17730,17730,17730,2,2
2021-11-16 15:46:56,17730,17730,17730,2,2
2021-11-16 15:46:59,17729,17729,17729,2,-2
2021-11-16 15:46:59,17729,17729,17729,2,2
2021-11-16 15:46:59,17729,17729,17729,2,2
2021-11-16 15:46:59,17729,17729,17729,4,4
2021-11-16 15:47:00,17730,17730,17730,2,2
2021-11-16 15:47:02,17730,17730,17730,2,2
2021-11-16 15:47:03,17729,17729,17729,2,-2
2021-11-16 15:47:14,17730,17730,17730,6,6
2021-11-16 15:47:15,17729,17729,17729,2,-2
2021-11-16 15:47:15,17729,17729,17729,2,2
2021-11-16 15:47:15,17729,17729,17729,2,2
2021-11-16 15:47:15,17729,17729,17729,2,2
2021-11-16 15:47:15,17729,17729,17729,2,2
2021-11-16 15:47:15,17729,17729,17729,2,2
2021-11-16 15:47:15,17729,17729,17729,2,2
2021-11-16 15:47:15,17729,17729,17729,2,2
2021-11-16 15:47:15,17729,17729,17729,4,4
2021-11-16 15:47:31,17729,17729,17729,20,20
2021-11-16 15:47:32,17728,17728,17728,2,-2
2021-11-16 15:47:32,17728,17728,17728,2,2
2021-11-16 15:47:32,17728,17728,17728,2,2
2021-11-16 15:47:32,17728,17728,17728,2,2
2021-11-16 15:47:33,17729,17729,17729,2,2
2021-11-16 15:47:41,17729,17729,17729,4,4
2021-11-16 15:47:51,17729,17729,17729,2,2
2021-11-16 15:47:57,17729,17729,17729,2,2
2021-11-16 15:47:57,17730,17730,17730,6,6
2021-11-16 15:48:00,17729,17729,17729,2,-2
2021-11-16 15:48:01,17730,17730,17730,2,2
2021-11-16 15:48:01,17730,17730,17730,2,2
2021-11-16 15:48:01,17730,17730,17730,4,4
2021-11-16 15:48:01,17730,17730,17730,2,2
2021-11-16 15:48:01,17730,17730,17730,2,2
2021-11-16 15:48:07,17730,17730,17730,4,4
2021-11-16 15:48:12,17730,17730,17730,2,2
2021-11-16 15:48:12,17730,17730,17730,2,2
2021-11-16 15:48:22,17729,17729,17729,2,-2
2021-11-16 15:48:25,17730,17730,17730,4,4
2021-11-16 15:48:32,17730,17730,17730,4,4
2021-11-16 15:48:41,17729,17729,17729,2,-2
2021-11-16 15:48:41,17729,17729,17729,2,2
2021-11-16 15:48:41,17729,17729,17729,2,2
2021-11-16 15:48:41,17729,17729,17729,2,2
2021-11-16 15:48:41,17729,17729,17729,2,2
2021-11-16 15:48:46,17729,17729,17729,2,2
2021-11-16 15:48:46,17729,17729,17729,2,2
2021-11-16 15:48:46,17729,17729,17729,2,2
2021-11-16 15:48:46,17729,17729,17729,2,2
2021-11-16 15:48:46,17729,17729,17729,2,2
2021-11-16 15:48:50,17728,17728,17728,4,-4
2021-11-16 15:48:50,17728,17728,17728,2,2
2021-11-16 15:48:50,17728,17728,17728,4,4
2021-11-16 15:48:53,17728,17728,17728,2,2
2021-11-16 15:49:11,17728,17728,17728,2,2
2021-11-16 15:49:11,17728,17728,17728,2,2
2021-11-16 15:49:11,17728,17728,17728,2,2
2021-11-16 15:49:11,17728,17728,17728,4,4
2021-11-16 15:49:11,17728,17728,17728,6,6
2021-11-16 15:49:11,17728,17728,17728,2,2
2021-11-16 15:49:11,17728,17728,17728,6,6
2021-11-16 15:49:11,17728,17728,17728,2,2
2021-11-16 15:49:11,17728,17728,17728,2,2
2021-11-16 15:49:11,17728,17728,17728,2,2
2021-11-16 15:49:11,17728,17728,17728,2,2
2021-11-16 15:49:11,17728,17728,17728,2,2
2021-11-16 15:49:11,17728,17728,17728,4,4
2021-11-16 15:49:17,17728,17728,17728,2,2
2021-11-16 15:49:31,17727,17727,17727,2,-2
2021-11-16 15:49:31,17727,17727,17727,2,2
2021-11-16 15:49:31,17727,17727,17727,2,2
2021-11-16 15:49:55,17728,17728,17728,2,2
2021-11-16 15:49:57,17728,17728,17728,2,2
2021-11-16 15:49:58,17728,17728,17728,2,2
2021-11-16 15:50:02,17727,17727,17727,2,-2
2021-11-16 15:50:02,17727,17727,17727,10,10
2021-11-16 15:50:02,17727,17727,17727,2,2
2021-11-16 15:50:02,17727,17727,17727,2,2
2021-11-16 15:50:04,17727,17727,17727,2,2
2021-11-16 15:50:04,17727,17727,17727,2,2
2021-11-16 15:50:10,17727,17727,17727,2,2
2021-11-16 15:50:10,17727,17727,17727,2,2
2021-11-16 15:50:10,17727,17727,17727,2,2
2021-11-16 15:50:10,17727,17727,17727,2,2
2021-11-16 15:50:10,17727,17727,17727,2,2
2021-11-16 15:50:13,17727,17727,17727,2,2
2021-11-16 15:50:13,17727,17727,17727,2,2
2021-11-16 15:50:13,17727,17727,17727,2,2
2021-11-16 15:50:13,17727,17727,17727,4,4
2021-11-16 15:50:13,17727,17727,17727,2,2
2021-11-16 15:50:19,17727,17727,17727,2,2
2021-11-16 15:50:29,17727,17727,17727,2,2
2021-11-16 15:50:29,17727,17727,17727,2,2
2021-11-16 15:50:42,17727,17727,17727,2,2
2021-11-16 15:50:43,17728,17728,17728,2,2
2021-11-16 15:50:51,17728,17728,17728,2,2
2021-11-16 15:50:54,17728,17728,17728,2,2
2021-11-16 15:50:54,17728,17728,17728,4,4
2021-11-16 15:51:07,17728,17728,17728,2,2
2021-11-16 15:51:08,17727,17727,17727,2,-2
2021-11-16 15:51:43,17728,17728,17728,4,4
2021-11-16 15:51:43,17728,17728,17728,2,2
2021-11-16 15:51:43,17728,17728,17728,4,4
2021-11-16 15:51:53,17728,17728,17728,2,2
2021-11-16 15:51:56,17728,17728,17728,4,4
2021-11-16 15:51:59,17728,17728,17728,2,2
2021-11-16 15:52:21,17728,17728,17728,2,2
2021-11-16 15:52:22,17729,17729,17729,2,2
2021-11-16 15:52:22,17729,17729,17729,2,2
2021-11-16 15:52:22,17729,17729,17729,2,2
2021-11-16 15:52:30,17727,17727,17727,2,-2
2021-11-16 15:52:32,17728,17728,17728,2,2
2021-11-16 15:52:52,17728,17728,17728,2,2
2021-11-16 15:52:59,17727,17727,17727,2,-2
2021-11-16 15:53:06,17727,17727,17727,8,8
2021-11-16 15:53:06,17727,17727,17727,2,2
2021-11-16 15:53:06,17727,17727,17727,2,2
2021-11-16 15:53:10,17726,17726,17726,2,-2
2021-11-16 15:53:14,17726,17726,17726,2,2
2021-11-16 15:53:20,17726,17726,17726,2,2
2021-11-16 15:53:20,17726,17726,17726,2,2
2021-11-16 15:53:29,17726,17726,17726,2,2
2021-11-16 15:53:29,17726,17726,17726,2,2
2021-11-16 15:53:29,17726,17726,17726,2,2
2021-11-16 15:53:57,17727,17727,17727,8,8
2021-11-16 15:54:23,17727,17727,17727,2,2
2021-11-16 15:54:44,17728,17728,17728,2,2
2021-11-16 15:54:47,17728,17728,17728,2,2
2021-11-16 15:54:56,17728,17728,17728,2,2
2021-11-16 15:55:03,17728,17728,17728,12,12
2021-11-16 15:55:04,17727,17727,17727,2,-2
2021-11-16 15:55:18,17727,17727,17727,4,4
2021-11-16 15:55:23,17727,17727,17727,2,2
2021-11-16 15:55:33,17727,17727,17727,2,2
2021-11-16 15:56:29,17726,17726,17726,2,-2
2021-11-16 15:56:29,17726,17726,17726,2,2
2021-11-16 15:56:47,17726,17726,17726,2,2
2021-11-16 15:57:26,17726,17726,17726,2,2
2021-11-16 15:57:26,17726,17726,17726,2,2
2021-11-16 15:57:50,17725,17725,17725,2,-2
2021-11-16 15:57:50,17725,17725,17725,2,2
2021-11-16 15:57:50,17725,17725,17725,2,2
2021-11-16 15:57:50,17725,17725,17725,2,2
2021-11-16 15:57:50,17725,17725,17725,2,2
2021-11-16 15:57:50,17725,17725,17725,2,2
2021-11-16 15:57:50,17725,17725,17725,2,2
2021-11-16 15:57:50,17725,17725,17725,2,2
2021-11-16 15:58:00,17725,17725,17725,2,2
2021-11-16 15:58:06,17725,17725,17725,2,2
2021-11-16 15:58:06,17725,17725,17725,2,2
2021-11-16 15:58:06,17725,17725,17725,2,2
2021-11-16 15:58:06,17725,17725,17725,4,4
2021-11-16 15:58:06,17725,17725,17725,2,2
2021-11-16 15:58:06,17725,17725,17725,2,2
2021-11-16 15:58:09,17724,17724,17724,2,-2
2021-11-16 15:58:09,17724,17724,17724,4,4
2021-11-16 15:58:09,17724,17724,17724,2,2
2021-11-16 15:58:14,17724,17724,17724,2,2
2021-11-16 15:58:14,17724,17724,17724,2,2
2021-11-16 15:58:14,17724,17724,17724,2,2
2021-11-16 15:58:22,17724,17724,17724,2,2
2021-11-16 15:58:34,17725,17725,17725,10,10
2021-11-16 15:58:34,17725,17725,17725,2,2
2021-11-16 15:58:37,17725,17725,17725,2,2
2021-11-16 15:58:37,17725,17725,17725,2,2
2021-11-16 15:58:37,17725,17725,17725,4,4
2021-11-16 15:58:37,17725,17725,17725,4,4
2021-11-16 15:58:37,17724,17724,17724,2,-2
2021-11-16 15:58:50,17725,17725,17725,2,2
2021-11-16 15:58:57,17725,17725,17725,2,2
2021-11-16 15:58:57,17725,17725,17725,2,2
2021-11-16 15:59:37,17726,17726,17726,2,2
2021-11-16 15:59:38,17726,17726,17726,2,2
2021-11-16 15:59:55,17726,17726,17726,4,4
2021-11-16 15:59:55,17727,17727,17727,2,2
2021-11-16 16:00:05,17726,17726,17726,6,-6
2021-11-16 16:00:05,17727,17727,17727,2,2
2021-11-16 16:00:05,17727,17727,17727,4,4
2021-11-16 16:00:05,17727,17727,17727,2,2
2021-11-16 16:00:05,17727,17727,17727,4,4
2021-11-16 16:00:05,17727,17727,17727,2,2
2021-11-16 16:00:06,17728,17728,17728,2,2
2021-11-16 16:00:06,17728,17728,17728,2,2
2021-11-16 16:00:06,17728,17728,17728,2,2
2021-11-16 16:00:06,17728,17728,17728,2,2
2021-11-16 16:00:06,17728,17728,17728,4,4
2021-11-16 16:00:06,17728,17728,17728,2,2
2021-11-16 16:00:06,17728,17728,17728,4,4
2021-11-16 16:00:06,17728,17728,17728,4,4
2021-11-16 16:00:06,17728,17728,17728,4,4
2021-11-16 16:00:10,17727,17727,17727,2,-2
2021-11-16 16:00:13,17728,17728,17728,2,2
2021-11-16 16:00:14,17728,17728,17728,2,2
2021-11-16 16:00:14,17728,17728,17728,4,4
2021-11-16 16:00:15,17729,17729,17729,4,4
2021-11-16 16:00:15,17729,17729,17729,4,4
2021-11-16 16:00:15,17728,17728,17728,2,-2
2021-11-16 16:00:21,17728,17728,17728,2,2
2021-11-16 16:00:22,17727,17727,17727,2,-2
2021-11-16 16:00:22,17728,17728,17728,2,2
2021-11-16 16:00:23,17726,17726,17726,2,-2
2021-11-16 16:00:36,17729,17729,17729,8,8
2021-11-16 16:00:39,17730,17730,17730,32,32
2021-11-16 16:00:39,17731,17731,17731,2,2
2021-11-16 16:00:39,17731,17731,17731,2,2
2021-11-16 16:00:39,17731,17731,17731,10,10
2021-11-16 16:00:39,17731,17731,17731,18,18
2021-11-16 16:00:39,17731,17731,17731,2,2
2021-11-16 16:00:39,17731,17731,17731,8,8
2021-11-16 16:00:39,17731,17731,17731,2,2
2021-11-16 16:00:39,17731,17731,17731,2,2
2021-11-16 16:00:39,17731,17731,17731,2,2
2021-11-16 16:00:39,17732,17732,17732,2,2
2021-11-16 16:00:39,17732,17732,17732,4,4
2021-11-16 16:00:39,17732,17732,17732,8,8
2021-11-16 16:00:39,17732,17732,17732,4,4
2021-11-16 16:00:39,17732,17732,17732,4,4
2021-11-16 16:00:39,17732,17732,17732,4,4
2021-11-16 16:00:39,17732,17732,17732,2,2
2021-11-16 16:00:39,17732,17732,17732,2,2
2021-11-16 16:00:39,17732,17732,17732,2,2
2021-11-16 16:00:39,17732,17732,17732,2,2
2021-11-16 16:00:39,17732,17732,17732,2,2
2021-11-16 16:00:39,17732,17732,17732,2,2
2021-11-16 16:00:39,17732,17732,17732,8,8
2021-11-16 16:00:39,17732,17732,17732,2,2
2021-11-16 16:00:39,17732,17732,17732,2,2
2021-11-16 16:00:39,17732,17732,17732,2,2
2021-11-16 16:00:39,17732,17732,17732,8,8
2021-11-16 16:00:39,17732,17732,17732,2,2
2021-11-16 16:00:39,17732,17732,17732,2,2
2021-11-16 16:00:39,17733,17733,17733,2,2
2021-11-16 16:00:39,17733,17733,17733,2,2
2021-11-16 16:00:39,17731,17731,17731,2,-2
2021-11-16 16:00:39,17731,17731,17731,2,2
2021-11-16 16:00:39,17731,17731,17731,2,2
2021-11-16 16:00:39,17731,17731,17731,2,2
2021-11-16 16:00:39,17733,17733,17733,2,2
2021-11-16 16:00:39,17733,17733,17733,2,2
2021-11-16 16:00:39,17731,17731,17731,2,-2
2021-11-16 16:00:39,17731,17731,17731,2,2
2021-11-16 16:00:39,17731,17731,17731,2,2
2021-11-16 16:00:39,17731,17731,17731,2,2
2021-11-16 16:00:39,17733,17733,17733,2,2
2021-11-16 16:00:39,17733,17733,17733,2,2
2021-11-16 16:00:40,17733,17733,17733,2,2
2021-11-16 16:00:40,17733,17733,17733,2,2
2021-11-16 16:00:40,17733,17733,17733,2,2
2021-11-16 16:00:40,17732,17732,17732,4,-4
2021-11-16 16:00:41,17732,17732,17732,2,2
2021-11-16 16:00:45,17731,17731,17731,12,-12
2021-11-16 16:00:45,17732,17732,17732,2,2
2021-11-16 16:00:45,17730,17730,17730,2,-2
2021-11-16 16:00:45,17730,17730,17730,2,2
2021-11-16 16:00:45,17730,17730,17730,2,2
2021-11-16 16:00:45,17730,17730,17730,2,2
2021-11-16 16:00:45,17730,17730,17730,2,2
2021-11-16 16:00:45,17730,17730,17730,2,2
2021-11-16 16:00:45,17730,17730,17730,2,2
2021-11-16 16:00:45,17730,17730,17730,2,2
2021-11-16 16:00:50,17729,17729,17729,2,-2
2021-11-16 16:01:09,17728,17728,17728,2,-2
2021-11-16 16:01:09,17728,17728,17728,2,2
2021-11-16 16:01:09,17728,17728,17728,2,2
2021-11-16 16:01:19,17729,17729,17729,4,4
2021-11-16 16:01:19,17728,17728,17728,2,-2
2021-11-16 16:01:19,17728,17728,17728,2,2
2021-11-16 16:01:19,17728,17728,17728,2,2
2021-11-16 16:01:19,17728,17728,17728,2,2
2021-11-16 16:01:21,17729,17729,17729,2,2
2021-11-16 16:01:21,17728,17728,17728,2,-2
2021-11-16 16:01:21,17728,17728,17728,2,2
2021-11-16 16:01:21,17728,17728,17728,2,2
2021-11-16 16:01:21,17728,17728,17728,2,2
2021-11-16 16:01:21,17728,17728,17728,2,2
2021-11-16 16:01:21,17728,17728,17728,2,2
2021-11-16 16:01:30,17729,17729,17729,2,2
2021-11-16 16:01:34,17729,17729,17729,2,2
2021-11-16 16:01:34,17728,17728,17728,2,-2
2021-11-16 16:01:34,17727,17727,17727,2,-2
2021-11-16 16:01:34,17727,17727,17727,2,2
2021-11-16 16:01:34,17727,17727,17727,2,2
2021-11-16 16:01:34,17727,17727,17727,2,2
2021-11-16 16:01:42,17728,17728,17728,2,2
2021-11-16 16:01:42,17728,17728,17728,2,2
2021-11-16 16:01:42,17728,17728,17728,2,2
2021-11-16 16:01:42,17728,17728,17728,2,2
2021-11-16 16:01:53,17728,17728,17728,2,2
2021-11-16 16:01:53,17727,17727,17727,2,-2
2021-11-16 16:01:53,17727,17727,17727,2,2
2021-11-16 16:01:53,17727,17727,17727,2,2
2021-11-16 16:01:53,17727,17727,17727,2,2
2021-11-16 16:01:53,17727,17727,17727,2,2
2021-11-16 16:01:53,17726,17726,17726,2,-2
2021-11-16 16:01:53,17727,17727,17727,2,2
2021-11-16 16:01:53,17726,17726,17726,2,-2
2021-11-16 16:01:53,17726,17726,17726,2,2
2021-11-16 16:01:54,17728,17728,17728,2,2
2021-11-16 16:02:00,17729,17729,17729,2,2
2021-11-16 16:02:00,17729,17729,17729,12,12
2021-11-16 16:02:02,17729,17729,17729,4,4
2021-11-16 16:02:04,17729,17729,17729,2,2
2021-11-16 16:02:04,17729,17729,17729,2,2
2021-11-16 16:02:04,17730,17730,17730,2,2
2021-11-16 16:02:06,17729,17729,17729,2,-2
2021-11-16 16:02:08,17731,17731,17731,2,2
2021-11-16 16:02:15,17729,17729,17729,2,-2
2021-11-16 16:02:25,17729,17729,17729,2,2
2021-11-16 16:02:31,17729,17729,17729,2,2
2021-11-16 16:03:00,17728,17728,17728,2,-2
2021-11-16 16:03:00,17728,17728,17728,2,2
2021-11-16 16:03:00,17728,17728,17728,2,2
2021-11-16 16:03:01,17729,17729,17729,4,4
2021-11-16 16:03:08,17728,17728,17728,2,-2
2021-11-16 16:03:08,17728,17728,17728,2,2
2021-11-16 16:03:08,17728,17728,17728,2,2
2021-11-16 16:03:12,17728,17728,17728,2,2
2021-11-16 16:03:23,17729,17729,17729,4,4
2021-11-16 16:03:33,17728,17728,17728,4,-4
2021-11-16 16:04:01,17728,17728,17728,2,2
2021-11-16 16:04:01,17728,17728,17728,2,2
2021-11-16 16:04:15,17727,17727,17727,2,-2
2021-11-16 16:04:22,17728,17728,17728,2,2
2021-11-16 16:04:30,17728,17728,17728,2,2
2021-11-16 16:04:42,17727,17727,17727,2,-2
2021-11-16 16:04:42,17727,17727,17727,2,2
2021-11-16 16:04:42,17727,17727,17727,2,2
2021-11-16 16:04:45,17727,17727,17727,2,2
2021-11-16 16:04:45,17727,17727,17727,2,2
2021-11-16 16:04:46,17727,17727,17727,2,2
2021-11-16 16:04:46,17727,17727,17727,2,2
2021-11-16 16:04:51,17726,17726,17726,2,-2
2021-11-16 16:04:51,17726,17726,17726,2,2
2021-11-16 16:04:54,17726,17726,17726,2,2
2021-11-16 16:04:54,17726,17726,17726,4,4
2021-11-16 16:04:54,17727,17727,17727,2,2
2021-11-16 16:05:17,17726,17726,17726,2,-2
2021-11-16 16:05:17,17726,17726,17726,2,2
2021-11-16 16:05:17,17726,17726,17726,2,2
2021-11-16 16:05:17,17726,17726,17726,2,2
2021-11-16 16:05:17,17726,17726,17726,4,4
2021-11-16 16:05:17,17726,17726,17726,6,6
2021-11-16 16:05:25,17726,17726,17726,2,2
2021-11-16 16:05:33,17726,17726,17726,2,2
2021-11-16 16:05:33,17726,17726,17726,2,2
2021-11-16 16:05:53,17726,17726,17726,2,2
2021-11-16 16:06:22,17726,17726,17726,2,2
2021-11-16 16:06:26,17726,17726,17726,2,2
2021-11-16 16:06:36,17727,17727,17727,2,2
2021-11-16 16:06:36,17727,17727,17727,2,2
2021-11-16 16:07:01,17725,17725,17725,2,-2
2021-11-16 16:07:01,17725,17725,17725,2,2
2021-11-16 16:07:01,17725,17725,17725,2,2
2021-11-16 16:07:01,17725,17725,17725,2,2
2021-11-16 16:07:01,17725,17725,17725,10,10
2021-11-16 16:07:01,17725,17725,17725,2,2
2021-11-16 16:07:01,17725,17725,17725,2,2
2021-11-16 16:07:01,17725,17725,17725,2,2
2021-11-16 16:07:01,17725,17725,17725,2,2
2021-11-16 16:07:01,17725,17725,17725,2,2
2021-11-16 16:07:01,17725,17725,17725,2,2
2021-11-16 16:07:03,17725,17725,17725,2,2
2021-11-16 16:07:09,17725,17725,17725,4,4
2021-11-16 16:07:13,17725,17725,17725,4,4
2021-11-16 16:07:16,17724,17724,17724,2,-2
2021-11-16 16:07:16,17724,17724,17724,2,2
2021-11-16 16:07:19,17724,17724,17724,2,2
2021-11-16 16:07:19,17724,17724,17724,2,2
2021-11-16 16:07:31,17724,17724,17724,4,4
2021-11-16 16:07:31,17724,17724,17724,2,2
2021-11-16 16:07:40,17724,17724,17724,2,2
2021-11-16 16:07:40,17724,17724,17724,2,2
2021-11-16 16:07:47,17724,17724,17724,2,2
2021-11-16 16:07:47,17724,17724,17724,2,2
2021-11-16 16:07:56,17724,17724,17724,2,2
2021-11-16 16:07:58,17724,17724,17724,2,2
2021-11-16 16:07:58,17724,17724,17724,2,2
2021-11-16 16:07:58,17724,17724,17724,2,2
2021-11-16 16:08:04,17725,17725,17725,2,2
2021-11-16 16:08:04,17725,17725,17725,2,2
2021-11-16 16:08:04,17725,17725,17725,2,2
2021-11-16 16:08:04,17725,17725,17725,2,2
2021-11-16 16:08:05,17725,17725,17725,2,2
2021-11-16 16:08:05,17724,17724,17724,2,-2
2021-11-16 16:08:08,17726,17726,17726,2,2
2021-11-16 16:08:18,17726,17726,17726,2,2
2021-11-16 16:08:28,17725,17725,17725,2,-2
2021-11-16 16:08:43,17725,17725,17725,2,2
2021-11-16 16:08:45,17724,17724,17724,2,-2
2021-11-16 16:08:50,17724,17724,17724,2,2
2021-11-16 16:08:56,17724,17724,17724,2,2
2021-11-16 16:08:56,17723,17723,17723,2,-2
2021-11-16 16:08:56,17723,17723,17723,2,2
2021-11-16 16:09:00,17723,17723,17723,4,4
2021-11-16 16:09:03,17723,17723,17723,4,4
2021-11-16 16:09:15,17723,17723,17723,4,4
2021-11-16 16:09:15,17723,17723,17723,2,2
2021-11-16 16:09:15,17723,17723,17723,4,4
2021-11-16 16:09:15,17723,17723,17723,2,2
2021-11-16 16:09:15,17723,17723,17723,2,2
2021-11-16 16:09:24,17723,17723,17723,2,2
2021-11-16 16:09:24,17723,17723,17723,2,2
2021-11-16 16:09:24,17723,17723,17723,2,2
2021-11-16 16:09:24,17723,17723,17723,4,4
2021-11-16 16:09:28,17722,17722,17722,2,-2
2021-11-16 16:09:28,17722,17722,17722,2,2
2021-11-16 16:09:34,17722,17722,17722,2,2
2021-11-16 16:09:35,17722,17722,17722,2,2
2021-11-16 16:09:35,17722,17722,17722,2,2
2021-11-16 16:09:35,17722,17722,17722,2,2
2021-11-16 16:09:35,17722,17722,17722,2,2
2021-11-16 16:09:35,17722,17722,17722,2,2
2021-11-16 16:09:36,17722,17722,17722,2,2
2021-11-16 16:09:37,17722,17722,17722,2,2
2021-11-16 16:09:40,17722,17722,17722,24,24
2021-11-16 16:09:45,17723,17723,17723,2,2
2021-11-16 16:09:45,17723,17723,17723,2,2
2021-11-16 16:09:46,17723,17723,17723,2,2
2021-11-16 16:09:46,17723,17723,17723,4,4
2021-11-16 16:09:46,17723,17723,17723,2,2
2021-11-16 16:09:47,17723,17723,17723,2,2
2021-11-16 16:09:47,17723,17723,17723,2,2
2021-11-16 16:09:47,17723,17723,17723,2,2
2021-11-16 16:09:47,17723,17723,17723,2,2
2021-11-16 16:09:47,17723,17723,17723,4,4
2021-11-16 16:09:47,17723,17723,17723,4,4
2021-11-16 16:09:47,17723,17723,17723,4,4
2021-11-16 16:10:07,17723,17723,17723,2,2
2021-11-16 16:10:08,17723,17723,17723,2,2
2021-11-16 16:10:20,17724,17724,17724,4,4
2021-11-16 16:10:43,17724,17724,17724,2,2
2021-11-16 16:10:53,17723,17723,17723,2,-2
2021-11-16 16:10:53,17723,17723,17723,4,4
2021-11-16 16:10:53,17723,17723,17723,2,2
2021-11-16 16:11:04,17723,17723,17723,2,2
2021-11-16 16:11:17,17723,17723,17723,2,2
2021-11-16 16:11:51,17722,17722,17722,2,-2
2021-11-16 16:12:01,17722,17722,17722,2,2
2021-11-16 16:12:08,17722,17722,17722,2,2
2021-11-16 16:12:18,17722,17722,17722,2,2
2021-11-16 16:12:19,17723,17723,17723,2,2
2021-11-16 16:12:40,17723,17723,17723,2,2
2021-11-16 16:12:41,17722,17722,17722,2,-2
2021-11-16 16:12:43,17722,17722,17722,2,2
2021-11-16 16:12:51,17723,17723,17723,10,10
2021-11-16 16:12:58,17723,17723,17723,2,2
2021-11-16 16:13:27,17722,17722,17722,2,-2
2021-11-16 16:13:44,17722,17722,17722,2,2
2021-11-16 16:13:44,17722,17722,17722,2,2
2021-11-16 16:13:44,17722,17722,17722,2,2
2021-11-16 16:13:44,17722,17722,17722,2,2
2021-11-16 16:13:44,17722,17722,17722,2,2
2021-11-16 16:13:44,17722,17722,17722,4,4
2021-11-16 16:13:44,17721,17721,17721,2,-2
2021-11-16 16:13:44,17721,17721,17721,2,2
2021-11-16 16:13:51,17722,17722,17722,2,2
2021-11-16 16:13:53,17722,17722,17722,2,2
2021-11-16 16:13:55,17724,17724,17724,4,4
2021-11-16 16:13:55,17724,17724,17724,4,4
2021-11-16 16:13:55,17722,17722,17722,2,-2
2021-11-16 16:13:55,17724,17724,17724,4,4
2021-11-16 16:13:55,17724,17724,17724,2,2
2021-11-16 16:13:55,17725,17725,17725,2,2
2021-11-16 16:13:55,17725,17725,17725,4,4
2021-11-16 16:13:55,17723,17723,17723,2,-2
2021-11-16 16:13:55,17724,17724,17724,2,2
2021-11-16 16:13:55,17725,17725,17725,2,2
2021-11-16 16:13:55,17725,17725,17725,4,4
2021-11-16 16:13:56,17725,17725,17725,2,2
2021-11-16 16:13:56,17725,17725,17725,4,4
2021-11-16 16:14:12,17723,17723,17723,8,-8
2021-11-16 16:14:18,17723,17723,17723,2,2
2021-11-16 16:14:18,17723,17723,17723,2,2
2021-11-16 16:14:18,17723,17723,17723,2,2
2021-11-16 16:14:18,17723,17723,17723,2,2
2021-11-16 16:14:18,17723,17723,17723,2,2
2021-11-16 16:14:21,17723,17723,17723,2,2
2021-11-16 16:14:25,17723,17723,17723,2,2
2021-11-16 16:14:31,17722,17722,17722,2,-2
2021-11-16 16:14:48,17722,17722,17722,2,2
2021-11-16 16:15:02,17722,17722,17722,2,2
2021-11-16 16:15:02,17722,17722,17722,4,4
2021-11-16 16:15:02,17722,17722,17722,2,2
2021-11-16 16:15:02,17723,17723,17723,16,16
2021-11-16 16:15:08,17722,17722,17722,2,-2
2021-11-16 16:15:08,17722,17722,17722,2,2
2021-11-16 16:15:08,17722,17722,17722,2,2
2021-11-16 16:15:08,17722,17722,17722,2,2
2021-11-16 16:15:08,17722,17722,17722,2,2
2021-11-16 16:15:24,17722,17722,17722,2,2
2021-11-16 16:15:24,17722,17722,17722,2,2
2021-11-16 16:15:43,17722,17722,17722,2,2
2021-11-16 16:15:48,17722,17722,17722,2,2
2021-11-16 16:15:48,17722,17722,17722,2,2
2021-11-16 16:15:49,17722,17722,17722,2,2
2021-11-16 16:15:57,17722,17722,17722,2,2
2021-11-16 16:15:57,17722,17722,17722,2,2
2021-11-16 16:15:57,17722,17722,17722,2,2
2021-11-16 16:15:57,17722,17722,17722,2,2
2021-11-16 16:15:57,17722,17722,17722,2,2
2021-11-16 16:16:02,17722,17722,17722,2,2
2021-11-16 16:16:09,17722,17722,17722,2,2
2021-11-16 16:16:30,17722,17722,17722,2,2
2021-11-16 16:16:36,17723,17723,17723,2,2
2021-11-16 16:16:36,17722,17722,17722,2,-2
2021-11-16 16:16:44,17722,17722,17722,2,2
2021-11-16 16:16:44,17722,17722,17722,2,2
2021-11-16 16:16:58,17722,17722,17722,2,2
2021-11-16 16:17:02,17722,17722,17722,6,6
2021-11-16 16:17:02,17722,17722,17722,2,2
2021-11-16 16:17:02,17722,17722,17722,2,2
2021-11-16 16:17:11,17722,17722,17722,4,4
2021-11-16 16:17:13,17723,17723,17723,2,2
2021-11-16 16:17:40,17722,17722,17722,2,-2
2021-11-16 16:17:41,17723,17723,17723,8,8
2021-11-16 16:17:41,17722,17722,17722,2,-2
2021-11-16 16:17:41,17722,17722,17722,10,10
2021-11-16 16:17:41,17722,17722,17722,2,2
2021-11-16 16:17:41,17722,17722,17722,2,2
2021-11-16 16:17:41,17722,17722,17722,2,2
2021-11-16 16:17:41,17722,17722,17722,2,2
2021-11-16 16:17:50,17722,17722,17722,2,2
2021-11-16 16:17:53,17722,17722,17722,2,2
2021-11-16 16:17:53,17722,17722,17722,2,2
2021-11-16 16:17:53,17722,17722,17722,2,2
2021-11-16 16:17:53,17722,17722,17722,2,2
2021-11-16 16:18:16,17723,17723,17723,4,4
2021-11-16 16:18:18,17722,17722,17722,2,-2
2021-11-16 16:19:00,17723,17723,17723,2,2
2021-11-16 16:19:15,17723,17723,17723,2,2
2021-11-16 16:19:36,17723,17723,17723,2,2
2021-11-16 16:19:36,17723,17723,17723,2,2
2021-11-16 16:19:49,17722,17722,17722,2,-2
2021-11-16 16:19:49,17722,17722,17722,2,2
2021-11-16 16:19:49,17722,17722,17722,2,2
2021-11-16 16:19:49,17722,17722,17722,2,2
2021-11-16 16:19:56,17722,17722,17722,2,2
2021-11-16 16:20:02,17722,17722,17722,2,2
2021-11-16 16:20:13,17722,17722,17722,2,2
2021-11-16 16:20:13,17722,17722,17722,2,2
2021-11-16 16:20:13,17722,17722,17722,2,2
2021-11-16 16:20:58,17721,17721,17721,2,-2
2021-11-16 16:20:58,17721,17721,17721,2,2
2021-11-16 16:20:58,17721,17721,17721,2,2
2021-11-16 16:20:58,17721,17721,17721,2,2
2021-11-16 16:20:58,17721,17721,17721,2,2
2021-11-16 16:21:07,17721,17721,17721,2,2
2021-11-16 16:21:13,17721,17721,17721,2,2
2021-11-16 16:21:36,17721,17721,17721,2,2
2021-11-16 16:21:38,17721,17721,17721,6,6
2021-11-16 16:21:38,17721,17721,17721,2,2
2021-11-16 16:21:40,17722,17722,17722,2,2
2021-11-16 16:21:45,17721,17721,17721,2,-2
2021-11-16 16:22:01,17721,17721,17721,2,2
2021-11-16 16:22:01,17721,17721,17721,2,2
2021-11-16 16:22:01,17721,17721,17721,2,2
2021-11-16 16:22:01,17721,17721,17721,2,2
2021-11-16 16:22:01,17721,17721,17721,2,2
2021-11-16 16:22:01,17721,17721,17721,2,2
2021-11-16 16:22:01,17721,17721,17721,2,2
2021-11-16 16:22:01,17721,17721,17721,4,4
2021-11-16 16:22:01,17721,17721,17721,2,2
2021-11-16 16:22:16,17721,17721,17721,2,2
2021-11-16 16:22:23,17721,17721,17721,8,8
2021-11-16 16:22:28,17721,17721,17721,2,2
2021-11-16 16:23:02,17722,17722,17722,2,2
2021-11-16 16:23:17,17722,17722,17722,2,2
2021-11-16 16:23:40,17722,17722,17722,20,20
2021-11-16 16:23:40,17721,17721,17721,2,-2
2021-11-16 16:23:45,17722,17722,17722,2,2
2021-11-16 16:23:45,17722,17722,17722,2,2
2021-11-16 16:23:53,17722,17722,17722,2,2
2021-11-16 16:24:07,17721,17721,17721,6,-6
2021-11-16 16:24:07,17721,17721,17721,2,2
2021-11-16 16:24:07,17721,17721,17721,2,2
2021-11-16 16:24:07,17721,17721,17721,2,2
2021-11-16 16:24:07,17721,17721,17721,2,2
2021-11-16 16:24:07,17720,17720,17720,2,-2
2021-11-16 16:24:07,17720,17720,17720,2,2
2021-11-16 16:24:07,17720,17720,17720,6,6
2021-11-16 16:24:07,17720,17720,17720,2,2
2021-11-16 16:24:07,17720,17720,17720,2,2
2021-11-16 16:24:07,17720,17720,17720,30,30
2021-11-16 16:24:07,17720,17720,17720,4,4
2021-11-16 16:24:07,17720,17720,17720,4,4
2021-11-16 16:24:07,17720,17720,17720,4,4
2021-11-16 16:24:07,17720,17720,17720,2,2
2021-11-16 16:24:07,17720,17720,17720,4,4
2021-11-16 16:24:07,17720,17720,17720,2,2
2021-11-16 16:24:07,17720,17720,17720,4,4
2021-11-16 16:24:07,17720,17720,17720,2,2
2021-11-16 16:24:07,17720,17720,17720,4,4
2021-11-16 16:24:07,17720,17720,17720,4,4
2021-11-16 16:24:07,17720,17720,17720,2,2
2021-11-16 16:24:07,17720,17720,17720,4,4
2021-11-16 16:24:07,17720,17720,17720,2,2
2021-11-16 16:24:07,17720,17720,17720,2,2
2021-11-16 16:24:07,17720,17720,17720,2,2
2021-11-16 16:24:07,17720,17720,17720,2,2
2021-11-16 16:24:07,17720,17720,17720,2,2
2021-11-16 16:24:08,17719,17719,17719,2,-2
2021-11-16 16:24:08,17719,17719,17719,2,2
2021-11-16 16:24:08,17719,17719,17719,2,2
2021-11-16 16:24:08,17719,17719,17719,2,2
2021-11-16 16:24:08,17719,17719,17719,2,2
2021-11-16 16:24:08,17719,17719,17719,2,2
2021-11-16 16:24:08,17719,17719,17719,2,2
2021-11-16 16:24:08,17719,17719,17719,2,2
2021-11-16 16:24:08,17719,17719,17719,2,2
2021-11-16 16:24:08,17719,17719,17719,2,2
2021-11-16 16:24:08,17719,17719,17719,2,2
2021-11-16 16:24:08,17719,17719,17719,2,2
2021-11-16 16:24:08,17718,17718,17718,2,-2
2021-11-16 16:24:08,17718,17718,17718,2,2
2021-11-16 16:24:08,17718,17718,17718,2,2
2021-11-16 16:24:08,17718,17718,17718,2,2
2021-11-16 16:24:08,17718,17718,17718,2,2
2021-11-16 16:24:08,17719,17719,17719,2,2
2021-11-16 16:24:08,17718,17718,17718,2,-2
2021-11-16 16:24:08,17718,17718,17718,2,2
2021-11-16 16:24:08,17718,17718,17718,2,2
2021-11-16 16:24:08,17718,17718,17718,2,2
2021-11-16 16:24:08,17718,17718,17718,4,4
2021-11-16 16:24:08,17718,17718,17718,2,2
2021-11-16 16:24:08,17718,17718,17718,6,6
2021-11-16 16:24:08,17718,17718,17718,2,2
2021-11-16 16:24:08,17718,17718,17718,2,2
2021-11-16 16:24:08,17718,17718,17718,2,2
2021-11-16 16:24:08,17718,17718,17718,2,2
2021-11-16 16:24:08,17717,17717,17717,2,-2
2021-11-16 16:24:08,17717,17717,17717,2,2
2021-11-16 16:24:09,17717,17717,17717,2,2
2021-11-16 16:24:09,17717,17717,17717,2,2
2021-11-16 16:24:09,17717,17717,17717,2,2
2021-11-16 16:24:09,17717,17717,17717,2,2
2021-11-16 16:24:09,17717,17717,17717,2,2
2021-11-16 16:24:09,17717,17717,17717,2,2
2021-11-16 16:24:12,17718,17718,17718,2,2
2021-11-16 16:24:12,17718,17718,17718,2,2
2021-11-16 16:24:13,17718,17718,17718,2,2
2021-11-16 16:24:18,17718,17718,17718,4,4
2021-11-16 16:24:21,17719,17719,17719,2,2
2021-11-16 16:24:25,17719,17719,17719,2,2
2021-11-16 16:24:26,17719,17719,17719,2,2
2021-11-16 16:24:26,17719,17719,17719,2,2
2021-11-16 16:24:30,17719,17719,17719,2,2
2021-11-16 16:24:37,17719,17719,17719,2,2
2021-11-16 16:24:40,17719,17719,17719,2,2
2021-11-16 16:24:43,17720,17720,17720,2,2
2021-11-16 16:24:50,17719,17719,17719,2,-2
2021-11-16 16:24:52,17719,17719,17719,2,2
2021-11-16 16:24:54,17719,17719,17719,2,2
2021-11-16 16:25:00,17718,17718,17718,2,-2
2021-11-16 16:25:02,17718,17718,17718,2,2
2021-11-16 16:25:03,17719,17719,17719,2,2
2021-11-16 16:25:04,17718,17718,17718,2,-2
2021-11-16 16:25:04,17718,17718,17718,2,2
2021-11-16 16:25:06,17719,17719,17719,2,2
2021-11-16 16:25:06,17718,17718,17718,2,-2
2021-11-16 16:25:11,17719,17719,17719,2,2
2021-11-16 16:25:13,17718,17718,17718,2,-2
2021-11-16 16:25:22,17718,17718,17718,2,2
2021-11-16 16:25:27,17719,17719,17719,2,2
2021-11-16 16:25:34,17719,17719,17719,2,2
2021-11-16 16:25:56,17719,17719,17719,2,2
2021-11-16 16:26:08,17719,17719,17719,2,2
2021-11-16 16:26:09,17719,17719,17719,4,4
2021-11-16 16:26:13,17719,17719,17719,2,2
2021-11-16 16:26:30,17719,17719,17719,2,2
2021-11-16 16:26:35,17719,17719,17719,2,2
2021-11-16 16:26:35,17719,17719,17719,2,2
2021-11-16 16:26:35,17719,17719,17719,2,2
2021-11-16 16:26:44,17719,17719,17719,2,2
2021-11-16 16:27:01,17719,17719,17719,2,2
2021-11-16 16:27:16,17719,17719,17719,2,2
2021-11-16 16:27:29,17720,17720,17720,2,2
2021-11-16 16:27:29,17720,17720,17720,8,8
2021-11-16 16:27:29,17720,17720,17720,34,34
2021-11-16 16:27:39,17721,17721,17721,2,2
2021-11-16 16:27:39,17721,17721,17721,2,2
2021-11-16 16:27:44,17721,17721,17721,2,2
2021-11-16 16:27:47,17721,17721,17721,2,2
2021-11-16 16:27:47,17721,17721,17721,2,2
2021-11-16 16:28:03,17721,17721,17721,2,2
2021-11-16 16:28:05,17721,17721,17721,2,2
2021-11-16 16:28:18,17722,17722,17722,2,2
2021-11-16 16:28:21,17722,17722,17722,10,10
2021-11-16 16:28:41,17723,17723,17723,2,2
2021-11-16 16:29:00,17722,17722,17722,2,-2
2021-11-16 16:29:05,17722,17722,17722,2,2
2021-11-16 16:29:08,17721,17721,17721,2,-2
2021-11-16 16:29:21,17721,17721,17721,2,2
2021-11-16 16:29:48,17721,17721,17721,2,2
2021-11-16 16:29:50,17720,17720,17720,2,-2
2021-11-16 16:29:50,17720,17720,17720,2,2
2021-11-16 16:29:50,17720,17720,17720,2,2
2021-11-16 16:29:58,17720,17720,17720,2,2
2021-11-16 16:29:58,17720,17720,17720,2,2
2021-11-16 16:29:58,17720,17720,17720,2,2
2021-11-16 16:29:58,17720,17720,17720,4,4
