2023-01-05 15:00:00,14275,14275,14275,278,0
2023-01-05 15:00:00,14275,14275,14275,10,0
2023-01-05 15:00:00,14275,14275,14275,2,0
2023-01-05 15:00:00,14275,14275,14275,2,0
2023-01-05 15:00:00,14275,14275,14275,2,0
2023-01-05 15:00:00,14275,14275,14275,2,0
2023-01-05 15:00:00,14274,14274,14274,10,-10
2023-01-05 15:00:00,14274,14274,14274,10,0
2023-01-05 15:00:00,14274,14274,14274,2,0
2023-01-05 15:00:00,14273,14273,14273,2,-2
2023-01-05 15:00:00,14273,14273,14273,2,0
2023-01-05 15:00:00,14276,14276,14276,2,2
2023-01-05 15:00:00,14273,14273,14273,8,-8
2023-01-05 15:00:00,14273,14273,14273,10,0
2023-01-05 15:00:00,14273,14273,14273,2,0
2023-01-05 15:00:00,14273,14273,14273,2,0
2023-01-05 15:00:00,14272,14272,14272,8,-8
2023-01-05 15:00:00,14275,14275,14275,2,2
2023-01-05 15:00:00,14272,14272,14272,2,-2
2023-01-05 15:00:00,14276,14276,14276,6,6
2023-01-05 15:00:00,14276,14276,14276,10,0
2023-01-05 15:00:00,14273,14273,14273,2,-2
2023-01-05 15:00:00,14274,14274,14274,2,2
2023-01-05 15:00:00,14273,14273,14273,2,-2
2023-01-05 15:00:00,14273,14273,14273,2,0
2023-01-05 15:00:00,14273,14273,14273,2,0
2023-01-05 15:00:00,14273,14273,14273,2,0
2023-01-05 15:00:00,14272,14272,14272,2,-2
2023-01-05 15:00:00,14272,14272,14272,2,0
2023-01-05 15:00:00,14274,14274,14274,2,2
2023-01-05 15:00:00,14274,14274,14274,2,0
2023-01-05 15:00:00,14275,14275,14275,2,2
2023-01-05 15:00:00,14273,14273,14273,2,-2
2023-01-05 15:00:00,14273,14273,14273,2,0
2023-01-05 15:00:00,14273,14273,14273,2,0
2023-01-05 15:00:00,14273,14273,14273,2,0
2023-01-05 15:00:00,14274,14274,14274,2,2
2023-01-05 15:00:00,14273,14273,14273,2,-2
2023-01-05 15:00:00,14273,14273,14273,2,0
2023-01-05 15:00:00,14272,14272,14272,2,-2
2023-01-05 15:00:00,14272,14272,14272,2,0
2023-01-05 15:00:00,14272,14272,14272,2,0
2023-01-05 15:00:00,14272,14272,14272,2,0
2023-01-05 15:00:00,14272,14272,14272,2,0
2023-01-05 15:00:00,14273,14273,14273,2,2
2023-01-05 15:00:00,14272,14272,14272,2,-2
2023-01-05 15:00:00,14272,14272,14272,2,0
2023-01-05 15:00:00,14274,14274,14274,2,2
2023-01-05 15:00:00,14273,14273,14273,2,-2
2023-01-05 15:00:00,14271,14271,14271,2,-2
2023-01-05 15:00:00,14271,14271,14271,6,0
2023-01-05 15:00:00,14272,14272,14272,2,2
2023-01-05 15:00:00,14272,14272,14272,2,0
2023-01-05 15:00:00,14272,14272,14272,10,0
2023-01-05 15:00:00,14272,14272,14272,2,0
2023-01-05 15:00:00,14272,14272,14272,2,0
2023-01-05 15:00:00,14273,14273,14273,2,2
2023-01-05 15:00:00,14272,14272,14272,2,-2
2023-01-05 15:00:00,14272,14272,14272,2,0
2023-01-05 15:00:00,14272,14272,14272,2,0
2023-01-05 15:00:00,14272,14272,14272,2,0
2023-01-05 15:00:00,14272,14272,14272,2,0
2023-01-05 15:00:00,14272,14272,14272,2,0
2023-01-05 15:00:00,14273,14273,14273,2,2
2023-01-05 15:00:00,14272,14272,14272,2,-2
2023-01-05 15:00:00,14272,14272,14272,2,0
2023-01-05 15:00:00,14272,14272,14272,2,0
2023-01-05 15:00:00,14272,14272,14272,2,0
2023-01-05 15:00:00,14271,14271,14271,2,-2
2023-01-05 15:00:00,14274,14274,14274,2,2
2023-01-05 15:00:00,14274,14274,14274,2,0
2023-01-05 15:00:00,14272,14272,14272,2,-2
2023-01-05 15:00:00,14272,14272,14272,2,0
2023-01-05 15:00:00,14273,14273,14273,2,2
2023-01-05 15:00:00,14273,14273,14273,2,0
2023-01-05 15:00:00,14273,14273,14273,2,0
2023-01-05 15:00:00,14273,14273,14273,2,0
2023-01-05 15:00:00,14272,14272,14272,2,-2
2023-01-05 15:00:00,14272,14272,14272,2,0
2023-01-05 15:00:00,14272,14272,14272,2,0
2023-01-05 15:00:00,14271,14271,14271,2,-2
2023-01-05 15:00:00,14271,14271,14271,2,0
2023-01-05 15:00:00,14271,14271,14271,2,0
2023-01-05 15:00:01,14272,14272,14272,2,2
2023-01-05 15:00:01,14272,14272,14272,2,0
2023-01-05 15:00:01,14272,14272,14272,2,0
2023-01-05 15:00:01,14272,14272,14272,2,0
2023-01-05 15:00:01,14271,14271,14271,2,-2
2023-01-05 15:00:01,14271,14271,14271,2,0
2023-01-05 15:00:01,14271,14271,14271,2,0
2023-01-05 15:00:01,14271,14271,14271,2,0
2023-01-05 15:00:01,14271,14271,14271,2,0
2023-01-05 15:00:01,14273,14273,14273,2,2
2023-01-05 15:00:01,14273,14273,14273,6,0
2023-01-05 15:00:01,14274,14274,14274,6,6
2023-01-05 15:00:01,14272,14272,14272,2,-2
2023-01-05 15:00:01,14272,14272,14272,2,0
2023-01-05 15:00:01,14272,14272,14272,2,0
2023-01-05 15:00:01,14272,14272,14272,2,0
2023-01-05 15:00:01,14272,14272,14272,2,0
2023-01-05 15:00:01,14272,14272,14272,2,0
2023-01-05 15:00:01,14274,14274,14274,4,4
2023-01-05 15:00:01,14272,14272,14272,2,-2
2023-01-05 15:00:01,14272,14272,14272,2,0
2023-01-05 15:00:02,14272,14272,14272,2,0
2023-01-05 15:00:02,14272,14272,14272,2,0
2023-01-05 15:00:02,14272,14272,14272,2,0
2023-01-05 15:00:02,14274,14274,14274,4,4
2023-01-05 15:00:02,14272,14272,14272,2,-2
2023-01-05 15:00:02,14271,14271,14271,2,-2
2023-01-05 15:00:02,14271,14271,14271,2,0
2023-01-05 15:00:02,14271,14271,14271,2,0
2023-01-05 15:00:02,14271,14271,14271,2,0
2023-01-05 15:00:02,14271,14271,14271,2,0
2023-01-05 15:00:02,14273,14273,14273,4,4
2023-01-05 15:00:02,14272,14272,14272,2,-2
2023-01-05 15:00:02,14272,14272,14272,2,0
2023-01-05 15:00:02,14272,14272,14272,2,0
2023-01-05 15:00:02,14274,14274,14274,2,2
2023-01-05 15:00:02,14272,14272,14272,2,-2
2023-01-05 15:00:03,14272,14272,14272,2,0
2023-01-05 15:00:03,14274,14274,14274,2,2
2023-01-05 15:00:03,14273,14273,14273,2,-2
2023-01-05 15:00:03,14273,14273,14273,2,0
2023-01-05 15:00:03,14272,14272,14272,2,-2
2023-01-05 15:00:03,14272,14272,14272,2,0
2023-01-05 15:00:04,14272,14272,14272,2,0
2023-01-05 15:00:04,14273,14273,14273,2,2
2023-01-05 15:00:04,14272,14272,14272,2,-2
2023-01-05 15:00:04,14271,14271,14271,4,-4
2023-01-05 15:00:05,14272,14272,14272,10,10
2023-01-05 15:00:05,14273,14273,14273,2,2
2023-01-05 15:00:05,14274,14274,14274,2,2
2023-01-05 15:00:05,14274,14274,14274,4,0
2023-01-05 15:00:05,14272,14272,14272,2,-2
2023-01-05 15:00:05,14272,14272,14272,2,0
2023-01-05 15:00:05,14272,14272,14272,8,0
2023-01-05 15:00:05,14272,14272,14272,2,0
2023-01-05 15:00:05,14272,14272,14272,2,0
2023-01-05 15:00:05,14271,14271,14271,2,-2
2023-01-05 15:00:05,14271,14271,14271,2,0
2023-01-05 15:00:05,14271,14271,14271,2,0
2023-01-05 15:00:05,14271,14271,14271,10,0
2023-01-05 15:00:05,14271,14271,14271,2,0
2023-01-05 15:00:05,14271,14271,14271,2,0
2023-01-05 15:00:05,14271,14271,14271,2,0
2023-01-05 15:00:05,14271,14271,14271,2,0
2023-01-05 15:00:05,14270,14270,14270,10,-10
2023-01-05 15:00:05,14270,14270,14270,2,0
2023-01-05 15:00:05,14270,14270,14270,6,0
2023-01-05 15:00:05,14270,14270,14270,2,0
2023-01-05 15:00:05,14270,14270,14270,4,0
2023-01-05 15:00:05,14270,14270,14270,2,0
2023-01-05 15:00:05,14270,14270,14270,2,0
2023-01-05 15:00:05,14270,14270,14270,2,0
2023-01-05 15:00:05,14270,14270,14270,2,0
2023-01-05 15:00:05,14270,14270,14270,4,0
2023-01-05 15:00:05,14270,14270,14270,2,0
2023-01-05 15:00:05,14270,14270,14270,2,0
2023-01-05 15:00:05,14271,14271,14271,2,2
2023-01-05 15:00:05,14270,14270,14270,2,-2
2023-01-05 15:00:05,14271,14271,14271,2,2
2023-01-05 15:00:05,14271,14271,14271,2,0
2023-01-05 15:00:05,14271,14271,14271,2,0
2023-01-05 15:00:06,14270,14270,14270,2,-2
2023-01-05 15:00:06,14271,14271,14271,2,2
2023-01-05 15:00:07,14271,14271,14271,38,0
2023-01-05 15:00:07,14271,14271,14271,4,0
2023-01-05 15:00:07,14271,14271,14271,2,0
2023-01-05 15:00:07,14272,14272,14272,2,2
2023-01-05 15:00:08,14273,14273,14273,2,2
2023-01-05 15:00:08,14273,14273,14273,2,0
2023-01-05 15:00:08,14272,14272,14272,2,-2
2023-01-05 15:00:08,14271,14271,14271,6,-6
2023-01-05 15:00:08,14271,14271,14271,4,0
2023-01-05 15:00:08,14272,14272,14272,2,2
2023-01-05 15:00:09,14272,14272,14272,2,0
2023-01-05 15:00:10,14272,14272,14272,2,0
2023-01-05 15:00:11,14272,14272,14272,4,0
2023-01-05 15:00:12,14272,14272,14272,2,0
2023-01-05 15:00:12,14272,14272,14272,2,0
2023-01-05 15:00:12,14272,14272,14272,2,0
2023-01-05 15:00:12,14272,14272,14272,2,0
2023-01-05 15:00:12,14273,14273,14273,2,2
2023-01-05 15:00:12,14272,14272,14272,2,-2
2023-01-05 15:00:13,14272,14272,14272,2,0
2023-01-05 15:00:13,14272,14272,14272,2,0
2023-01-05 15:00:13,14273,14273,14273,2,2
2023-01-05 15:00:13,14272,14272,14272,2,-2
2023-01-05 15:00:13,14271,14271,14271,2,-2
2023-01-05 15:00:13,14271,14271,14271,2,0
2023-01-05 15:00:13,14271,14271,14271,2,0
2023-01-05 15:00:13,14271,14271,14271,2,0
2023-01-05 15:00:13,14271,14271,14271,2,0
2023-01-05 15:00:13,14271,14271,14271,4,0
2023-01-05 15:00:13,14271,14271,14271,2,0
2023-01-05 15:00:13,14271,14271,14271,2,0
2023-01-05 15:00:13,14272,14272,14272,2,2
2023-01-05 15:00:14,14273,14273,14273,2,2
2023-01-05 15:00:15,14272,14272,14272,2,-2
2023-01-05 15:00:15,14272,14272,14272,4,0
2023-01-05 15:00:15,14272,14272,14272,2,0
2023-01-05 15:00:15,14272,14272,14272,2,0
2023-01-05 15:00:15,14272,14272,14272,4,0
2023-01-05 15:00:17,14272,14272,14272,2,0
2023-01-05 15:00:18,14273,14273,14273,2,2
2023-01-05 15:00:18,14272,14272,14272,2,-2
2023-01-05 15:00:18,14272,14272,14272,2,0
2023-01-05 15:00:18,14272,14272,14272,6,0
2023-01-05 15:00:18,14272,14272,14272,2,0
2023-01-05 15:00:18,14272,14272,14272,2,0
2023-01-05 15:00:19,14273,14273,14273,2,2
2023-01-05 15:00:19,14272,14272,14272,2,-2
2023-01-05 15:00:19,14273,14273,14273,2,2
2023-01-05 15:00:20,14273,14273,14273,2,0
2023-01-05 15:00:20,14272,14272,14272,2,-2
2023-01-05 15:00:20,14272,14272,14272,2,0
2023-01-05 15:00:20,14272,14272,14272,2,0
2023-01-05 15:00:20,14272,14272,14272,2,0
2023-01-05 15:00:20,14272,14272,14272,2,0
2023-01-05 15:00:20,14272,14272,14272,4,0
2023-01-05 15:00:20,14273,14273,14273,2,2
2023-01-05 15:00:20,14273,14273,14273,2,0
2023-01-05 15:00:21,14272,14272,14272,2,-2
2023-01-05 15:00:21,14273,14273,14273,2,2
2023-01-05 15:00:21,14271,14271,14271,2,-2
2023-01-05 15:00:22,14273,14273,14273,2,2
2023-01-05 15:00:23,14272,14272,14272,2,-2
2023-01-05 15:00:23,14272,14272,14272,2,0
2023-01-05 15:00:24,14273,14273,14273,8,8
2023-01-05 15:00:24,14273,14273,14273,4,0
2023-01-05 15:00:24,14273,14273,14273,2,0
2023-01-05 15:00:24,14273,14273,14273,2,0
2023-01-05 15:00:26,14275,14275,14275,8,8
2023-01-05 15:00:26,14275,14275,14275,2,0
2023-01-05 15:00:26,14274,14274,14274,2,-2
2023-01-05 15:00:27,14274,14274,14274,2,0
2023-01-05 15:00:28,14274,14274,14274,8,0
2023-01-05 15:00:28,14274,14274,14274,2,0
2023-01-05 15:00:29,14273,14273,14273,2,-2
2023-01-05 15:00:29,14273,14273,14273,2,0
2023-01-05 15:00:29,14274,14274,14274,8,8
2023-01-05 15:00:29,14273,14273,14273,2,-2
2023-01-05 15:00:29,14273,14273,14273,2,0
2023-01-05 15:00:30,14274,14274,14274,2,2
2023-01-05 15:00:31,14273,14273,14273,2,-2
2023-01-05 15:00:31,14274,14274,14274,4,4
2023-01-05 15:00:31,14275,14275,14275,4,4
2023-01-05 15:00:32,14273,14273,14273,2,-2
2023-01-05 15:00:33,14274,14274,14274,2,2
2023-01-05 15:00:33,14274,14274,14274,2,0
2023-01-05 15:00:33,14274,14274,14274,2,0
2023-01-05 15:00:34,14274,14274,14274,4,0
2023-01-05 15:00:34,14273,14273,14273,2,-2
2023-01-05 15:00:34,14273,14273,14273,4,0
2023-01-05 15:00:34,14273,14273,14273,2,0
2023-01-05 15:00:34,14273,14273,14273,2,0
2023-01-05 15:00:34,14273,14273,14273,2,0
2023-01-05 15:00:34,14273,14273,14273,2,0
2023-01-05 15:00:34,14273,14273,14273,2,0
2023-01-05 15:00:36,14273,14273,14273,2,0
2023-01-05 15:00:36,14272,14272,14272,2,-2
2023-01-05 15:00:36,14272,14272,14272,4,0
2023-01-05 15:00:36,14272,14272,14272,2,0
2023-01-05 15:00:36,14272,14272,14272,2,0
2023-01-05 15:00:36,14272,14272,14272,2,0
2023-01-05 15:00:36,14272,14272,14272,2,0
2023-01-05 15:00:36,14272,14272,14272,10,0
2023-01-05 15:00:36,14272,14272,14272,2,0
2023-01-05 15:00:36,14272,14272,14272,4,0
2023-01-05 15:00:37,14273,14273,14273,2,2
2023-01-05 15:00:37,14273,14273,14273,2,0
2023-01-05 15:00:40,14273,14273,14273,2,0
2023-01-05 15:00:40,14272,14272,14272,2,-2
2023-01-05 15:00:41,14272,14272,14272,10,0
2023-01-05 15:00:41,14272,14272,14272,4,0
2023-01-05 15:00:41,14272,14272,14272,4,0
2023-01-05 15:00:41,14272,14272,14272,2,0
2023-01-05 15:00:41,14272,14272,14272,4,0
2023-01-05 15:00:41,14272,14272,14272,6,0
2023-01-05 15:00:41,14272,14272,14272,2,0
2023-01-05 15:00:41,14272,14272,14272,4,0
2023-01-05 15:00:41,14272,14272,14272,4,0
2023-01-05 15:00:41,14272,14272,14272,2,0
2023-01-05 15:00:42,14272,14272,14272,2,0
2023-01-05 15:00:44,14273,14273,14273,54,54
2023-01-05 15:00:45,14273,14273,14273,4,0
2023-01-05 15:00:45,14273,14273,14273,2,0
2023-01-05 15:00:46,14273,14273,14273,2,0
2023-01-05 15:00:46,14273,14273,14273,2,0
2023-01-05 15:00:46,14273,14273,14273,4,0
2023-01-05 15:00:47,14273,14273,14273,2,0
2023-01-05 15:00:47,14273,14273,14273,2,0
2023-01-05 15:00:47,14273,14273,14273,2,0
2023-01-05 15:00:47,14273,14273,14273,2,0
2023-01-05 15:00:49,14274,14274,14274,2,2
2023-01-05 15:00:50,14273,14273,14273,2,-2
2023-01-05 15:00:52,14274,14274,14274,2,2
2023-01-05 15:00:53,14274,14274,14274,2,0
2023-01-05 15:00:53,14273,14273,14273,2,-2
2023-01-05 15:00:53,14273,14273,14273,2,0
2023-01-05 15:00:53,14273,14273,14273,2,0
2023-01-05 15:00:54,14273,14273,14273,2,0
2023-01-05 15:00:54,14273,14273,14273,2,0
2023-01-05 15:00:54,14273,14273,14273,2,0
2023-01-05 15:00:54,14273,14273,14273,2,0
2023-01-05 15:00:54,14273,14273,14273,2,0
2023-01-05 15:00:54,14272,14272,14272,2,-2
2023-01-05 15:00:54,14273,14273,14273,2,2
2023-01-05 15:00:56,14273,14273,14273,2,0
2023-01-05 15:00:57,14273,14273,14273,2,0
2023-01-05 15:00:57,14273,14273,14273,2,0
2023-01-05 15:00:57,14273,14273,14273,2,0
2023-01-05 15:01:00,14274,14274,14274,4,4
2023-01-05 15:01:00,14275,14275,14275,2,2
2023-01-05 15:01:00,14275,14275,14275,2,0
2023-01-05 15:01:00,14273,14273,14273,2,-2
2023-01-05 15:01:00,14273,14273,14273,2,0
2023-01-05 15:01:00,14275,14275,14275,2,2
2023-01-05 15:01:00,14273,14273,14273,2,-2
2023-01-05 15:01:00,14273,14273,14273,2,0
2023-01-05 15:01:00,14273,14273,14273,2,0
2023-01-05 15:01:00,14273,14273,14273,2,0
2023-01-05 15:01:00,14272,14272,14272,2,-2
2023-01-05 15:01:00,14273,14273,14273,2,2
2023-01-05 15:01:00,14272,14272,14272,2,-2
2023-01-05 15:01:01,14273,14273,14273,2,2
2023-01-05 15:01:06,14274,14274,14274,2,2
2023-01-05 15:01:07,14274,14274,14274,2,0
2023-01-05 15:01:08,14275,14275,14275,2,2
2023-01-05 15:01:09,14275,14275,14275,2,0
2023-01-05 15:01:10,14274,14274,14274,2,-2
2023-01-05 15:01:11,14275,14275,14275,2,2
2023-01-05 15:01:12,14275,14275,14275,2,0
2023-01-05 15:01:13,14275,14275,14275,2,0
2023-01-05 15:01:13,14275,14275,14275,4,0
2023-01-05 15:01:13,14275,14275,14275,12,0
2023-01-05 15:01:14,14275,14275,14275,2,0
2023-01-05 15:01:14,14275,14275,14275,2,0
2023-01-05 15:01:14,14275,14275,14275,2,0
2023-01-05 15:01:15,14276,14276,14276,8,8
2023-01-05 15:01:15,14276,14276,14276,2,0
2023-01-05 15:01:16,14277,14277,14277,12,12
2023-01-05 15:01:16,14278,14278,14278,14,14
2023-01-05 15:01:16,14278,14278,14278,26,0
2023-01-05 15:01:16,14279,14279,14279,26,26
2023-01-05 15:01:16,14279,14279,14279,14,0
2023-01-05 15:01:16,14280,14280,14280,12,12
2023-01-05 15:01:18,14278,14278,14278,2,-2
2023-01-05 15:01:18,14279,14279,14279,2,2
2023-01-05 15:01:19,14279,14279,14279,2,0
2023-01-05 15:01:20,14279,14279,14279,2,0
2023-01-05 15:01:20,14279,14279,14279,2,0
2023-01-05 15:01:21,14279,14279,14279,2,0
2023-01-05 15:01:22,14280,14280,14280,10,10
2023-01-05 15:01:22,14279,14279,14279,2,-2
2023-01-05 15:01:25,14279,14279,14279,2,0
2023-01-05 15:01:27,14279,14279,14279,2,0
2023-01-05 15:01:29,14279,14279,14279,2,0
2023-01-05 15:01:29,14278,14278,14278,2,-2
2023-01-05 15:01:30,14279,14279,14279,20,20
2023-01-05 15:01:31,14278,14278,14278,2,-2
2023-01-05 15:01:32,14279,14279,14279,6,6
2023-01-05 15:01:33,14278,14278,14278,4,-4
2023-01-05 15:01:33,14278,14278,14278,2,0
2023-01-05 15:01:33,14278,14278,14278,4,0
2023-01-05 15:01:33,14279,14279,14279,2,2
2023-01-05 15:01:37,14278,14278,14278,2,-2
2023-01-05 15:01:37,14278,14278,14278,2,0
2023-01-05 15:01:37,14278,14278,14278,2,0
2023-01-05 15:01:39,14278,14278,14278,2,0
2023-01-05 15:01:39,14279,14279,14279,2,2
2023-01-05 15:01:39,14279,14279,14279,2,0
2023-01-05 15:01:39,14279,14279,14279,2,0
2023-01-05 15:01:39,14280,14280,14280,2,2
2023-01-05 15:01:40,14279,14279,14279,2,-2
2023-01-05 15:01:40,14280,14280,14280,2,2
2023-01-05 15:01:41,14280,14280,14280,2,0
2023-01-05 15:01:41,14280,14280,14280,2,0
2023-01-05 15:01:41,14280,14280,14280,6,0
2023-01-05 15:01:41,14280,14280,14280,4,0
2023-01-05 15:01:47,14281,14281,14281,2,2
2023-01-05 15:01:49,14281,14281,14281,8,0
2023-01-05 15:01:51,14280,14280,14280,2,-2
2023-01-05 15:01:52,14281,14281,14281,10,10
2023-01-05 15:01:54,14281,14281,14281,4,0
2023-01-05 15:01:59,14280,14280,14280,2,-2
2023-01-05 15:01:59,14279,14279,14279,2,-2
2023-01-05 15:01:59,14279,14279,14279,2,0
2023-01-05 15:01:59,14279,14279,14279,2,0
2023-01-05 15:02:00,14278,14278,14278,2,-2
2023-01-05 15:02:00,14278,14278,14278,2,0
2023-01-05 15:02:00,14278,14278,14278,2,0
2023-01-05 15:02:01,14280,14280,14280,4,4
2023-01-05 15:02:03,14280,14280,14280,2,0
2023-01-05 15:02:03,14280,14280,14280,4,0
2023-01-05 15:02:06,14280,14280,14280,2,0
2023-01-05 15:02:07,14280,14280,14280,2,0
2023-01-05 15:02:07,14280,14280,14280,2,0
2023-01-05 15:02:10,14279,14279,14279,2,-2
2023-01-05 15:02:10,14279,14279,14279,6,0
2023-01-05 15:02:10,14279,14279,14279,4,0
2023-01-05 15:02:10,14278,14278,14278,2,-2
2023-01-05 15:02:10,14278,14278,14278,2,0
2023-01-05 15:02:10,14278,14278,14278,2,0
2023-01-05 15:02:10,14278,14278,14278,2,0
2023-01-05 15:02:20,14278,14278,14278,2,0
2023-01-05 15:02:20,14277,14277,14277,6,-6
2023-01-05 15:02:20,14277,14277,14277,2,0
2023-01-05 15:02:20,14277,14277,14277,4,0
2023-01-05 15:02:21,14278,14278,14278,2,2
2023-01-05 15:02:22,14277,14277,14277,2,-2
2023-01-05 15:02:22,14277,14277,14277,2,0
2023-01-05 15:02:22,14277,14277,14277,2,0
2023-01-05 15:02:22,14277,14277,14277,2,0
2023-01-05 15:02:23,14277,14277,14277,2,0
2023-01-05 15:02:26,14277,14277,14277,2,0
2023-01-05 15:02:26,14278,14278,14278,4,4
2023-01-05 15:02:31,14277,14277,14277,4,-4
2023-01-05 15:02:31,14277,14277,14277,2,0
2023-01-05 15:02:31,14277,14277,14277,2,0
2023-01-05 15:02:31,14277,14277,14277,4,0
2023-01-05 15:02:32,14277,14277,14277,2,0
2023-01-05 15:02:39,14276,14276,14276,4,-4
2023-01-05 15:02:39,14276,14276,14276,2,0
2023-01-05 15:02:39,14276,14276,14276,2,0
2023-01-05 15:02:39,14276,14276,14276,2,0
2023-01-05 15:02:39,14276,14276,14276,2,0
2023-01-05 15:02:39,14276,14276,14276,2,0
2023-01-05 15:02:42,14276,14276,14276,2,0
2023-01-05 15:02:43,14276,14276,14276,2,0
2023-01-05 15:02:47,14275,14275,14275,2,-2
2023-01-05 15:02:48,14275,14275,14275,2,0
2023-01-05 15:02:50,14276,14276,14276,4,4
2023-01-05 15:02:50,14276,14276,14276,4,0
2023-01-05 15:02:50,14276,14276,14276,4,0
2023-01-05 15:02:50,14276,14276,14276,4,0
2023-01-05 15:02:50,14275,14275,14275,2,-2
2023-01-05 15:02:51,14275,14275,14275,6,0
2023-01-05 15:02:55,14276,14276,14276,2,2
2023-01-05 15:02:55,14276,14276,14276,2,0
2023-01-05 15:02:55,14276,14276,14276,4,0
2023-01-05 15:02:55,14276,14276,14276,2,0
2023-01-05 15:02:55,14276,14276,14276,2,0
2023-01-05 15:02:57,14276,14276,14276,4,0
2023-01-05 15:02:57,14276,14276,14276,2,0
2023-01-05 15:02:57,14276,14276,14276,2,0
2023-01-05 15:02:58,14276,14276,14276,2,0
2023-01-05 15:03:02,14275,14275,14275,2,-2
2023-01-05 15:03:03,14276,14276,14276,2,2
2023-01-05 15:03:03,14277,14277,14277,6,6
2023-01-05 15:03:03,14277,14277,14277,2,0
2023-01-05 15:03:03,14277,14277,14277,2,0
2023-01-05 15:03:03,14277,14277,14277,2,0
2023-01-05 15:03:03,14277,14277,14277,2,0
2023-01-05 15:03:04,14275,14275,14275,2,-2
2023-01-05 15:03:10,14276,14276,14276,2,2
2023-01-05 15:03:19,14275,14275,14275,2,-2
2023-01-05 15:03:19,14275,14275,14275,2,0
2023-01-05 15:03:20,14276,14276,14276,2,2
2023-01-05 15:03:22,14276,14276,14276,2,0
2023-01-05 15:03:23,14276,14276,14276,2,0
2023-01-05 15:03:23,14276,14276,14276,2,0
2023-01-05 15:03:27,14277,14277,14277,2,2
2023-01-05 15:03:28,14276,14276,14276,2,-2
2023-01-05 15:03:31,14276,14276,14276,2,0
2023-01-05 15:03:32,14276,14276,14276,2,0
2023-01-05 15:03:32,14276,14276,14276,2,0
2023-01-05 15:03:32,14275,14275,14275,2,-2
2023-01-05 15:03:32,14275,14275,14275,20,0
2023-01-05 15:03:32,14275,14275,14275,6,0
2023-01-05 15:03:32,14275,14275,14275,2,0
2023-01-05 15:03:32,14275,14275,14275,2,0
2023-01-05 15:03:32,14275,14275,14275,2,0
2023-01-05 15:03:32,14275,14275,14275,2,0
2023-01-05 15:03:32,14275,14275,14275,2,0
2023-01-05 15:03:32,14275,14275,14275,2,0
2023-01-05 15:03:32,14275,14275,14275,2,0
2023-01-05 15:03:32,14274,14274,14274,2,-2
2023-01-05 15:03:32,14274,14274,14274,2,0
2023-01-05 15:03:34,14273,14273,14273,2,-2
2023-01-05 15:03:34,14273,14273,14273,2,0
2023-01-05 15:03:34,14273,14273,14273,2,0
2023-01-05 15:03:34,14273,14273,14273,2,0
2023-01-05 15:03:34,14273,14273,14273,2,0
2023-01-05 15:03:34,14273,14273,14273,2,0
2023-01-05 15:03:34,14273,14273,14273,2,0
2023-01-05 15:03:38,14273,14273,14273,2,0
2023-01-05 15:03:38,14273,14273,14273,2,0
2023-01-05 15:03:38,14273,14273,14273,2,0
2023-01-05 15:03:38,14273,14273,14273,2,0
2023-01-05 15:03:38,14273,14273,14273,2,0
2023-01-05 15:03:41,14274,14274,14274,20,20
2023-01-05 15:03:41,14273,14273,14273,2,-2
2023-01-05 15:03:41,14273,14273,14273,2,0
2023-01-05 15:03:43,14273,14273,14273,2,0
2023-01-05 15:03:55,14274,14274,14274,2,2
2023-01-05 15:04:01,14275,14275,14275,14,14
2023-01-05 15:04:01,14275,14275,14275,2,0
2023-01-05 15:04:03,14273,14273,14273,2,-2
2023-01-05 15:04:03,14273,14273,14273,2,0
2023-01-05 15:04:03,14273,14273,14273,2,0
2023-01-05 15:04:03,14273,14273,14273,2,0
2023-01-05 15:04:03,14273,14273,14273,2,0
2023-01-05 15:04:03,14273,14273,14273,4,0
2023-01-05 15:04:03,14272,14272,14272,2,-2
2023-01-05 15:04:12,14274,14274,14274,2,2
2023-01-05 15:04:14,14274,14274,14274,2,0
2023-01-05 15:04:14,14273,14273,14273,2,-2
2023-01-05 15:04:16,14274,14274,14274,2,2
2023-01-05 15:04:18,14274,14274,14274,2,0
2023-01-05 15:04:21,14273,14273,14273,4,-4
2023-01-05 15:04:21,14274,14274,14274,4,4
2023-01-05 15:04:22,14272,14272,14272,2,-2
2023-01-05 15:04:27,14273,14273,14273,2,2
2023-01-05 15:04:27,14273,14273,14273,2,0
2023-01-05 15:04:32,14273,14273,14273,8,0
2023-01-05 15:04:34,14274,14274,14274,4,4
2023-01-05 15:04:44,14273,14273,14273,2,-2
2023-01-05 15:04:51,14274,14274,14274,4,4
2023-01-05 15:04:51,14274,14274,14274,4,0
2023-01-05 15:04:51,14274,14274,14274,4,0
2023-01-05 15:04:51,14274,14274,14274,2,0
2023-01-05 15:04:51,14274,14274,14274,28,0
2023-01-05 15:04:54,14275,14275,14275,2,2
2023-01-05 15:04:54,14275,14275,14275,8,0
2023-01-05 15:04:54,14275,14275,14275,4,0
2023-01-05 15:05:00,14276,14276,14276,2,2
2023-01-05 15:05:00,14277,14277,14277,6,6
2023-01-05 15:05:00,14277,14277,14277,4,0
2023-01-05 15:05:00,14277,14277,14277,4,0
2023-01-05 15:05:00,14277,14277,14277,6,0
2023-01-05 15:05:00,14277,14277,14277,2,0
2023-01-05 15:05:00,14277,14277,14277,6,0
2023-01-05 15:05:00,14277,14277,14277,2,0
2023-01-05 15:05:00,14278,14278,14278,4,4
2023-01-05 15:05:00,14276,14276,14276,2,-2
2023-01-05 15:05:00,14276,14276,14276,4,0
2023-01-05 15:05:01,14278,14278,14278,6,6
2023-01-05 15:05:01,14278,14278,14278,4,0
2023-01-05 15:05:01,14276,14276,14276,4,-4
2023-01-05 15:05:01,14278,14278,14278,6,6
2023-01-05 15:05:01,14276,14276,14276,4,-4
2023-01-05 15:05:01,14276,14276,14276,2,0
2023-01-05 15:05:01,14276,14276,14276,2,0
2023-01-05 15:05:01,14276,14276,14276,2,0
2023-01-05 15:05:01,14275,14275,14275,4,-4
2023-01-05 15:05:03,14277,14277,14277,6,6
2023-01-05 15:05:07,14276,14276,14276,2,-2
2023-01-05 15:05:07,14276,14276,14276,2,0
2023-01-05 15:05:08,14275,14275,14275,2,-2
2023-01-05 15:05:08,14275,14275,14275,2,0
2023-01-05 15:05:08,14275,14275,14275,4,0
2023-01-05 15:05:08,14275,14275,14275,2,0
2023-01-05 15:05:08,14275,14275,14275,2,0
2023-01-05 15:05:08,14276,14276,14276,2,2
2023-01-05 15:05:09,14275,14275,14275,2,-2
2023-01-05 15:05:10,14276,14276,14276,2,2
2023-01-05 15:05:10,14275,14275,14275,2,-2
2023-01-05 15:05:11,14275,14275,14275,2,0
2023-01-05 15:05:13,14274,14274,14274,2,-2
2023-01-05 15:05:13,14274,14274,14274,2,0
2023-01-05 15:05:13,14275,14275,14275,2,2
2023-01-05 15:05:14,14273,14273,14273,2,-2
2023-01-05 15:05:14,14273,14273,14273,2,0
2023-01-05 15:05:18,14273,14273,14273,2,0
2023-01-05 15:05:18,14273,14273,14273,2,0
2023-01-05 15:05:19,14273,14273,14273,2,0
2023-01-05 15:05:19,14273,14273,14273,4,0
2023-01-05 15:05:19,14273,14273,14273,4,0
2023-01-05 15:05:22,14274,14274,14274,2,2
2023-01-05 15:05:26,14275,14275,14275,2,2
2023-01-05 15:05:26,14276,14276,14276,2,2
2023-01-05 15:05:26,14276,14276,14276,4,0
2023-01-05 15:05:26,14276,14276,14276,2,0
2023-01-05 15:05:26,14277,14277,14277,2,2
2023-01-05 15:05:26,14275,14275,14275,2,-2
2023-01-05 15:05:26,14275,14275,14275,2,0
2023-01-05 15:05:26,14275,14275,14275,2,0
2023-01-05 15:05:27,14275,14275,14275,2,0
2023-01-05 15:05:27,14275,14275,14275,2,0
2023-01-05 15:05:27,14275,14275,14275,2,0
2023-01-05 15:05:27,14275,14275,14275,2,0
2023-01-05 15:05:27,14275,14275,14275,4,0
2023-01-05 15:05:27,14274,14274,14274,2,-2
2023-01-05 15:05:27,14274,14274,14274,2,0
2023-01-05 15:05:27,14276,14276,14276,4,4
2023-01-05 15:05:27,14274,14274,14274,2,-2
2023-01-05 15:05:27,14274,14274,14274,2,0
2023-01-05 15:05:27,14274,14274,14274,2,0
2023-01-05 15:05:27,14274,14274,14274,2,0
2023-01-05 15:05:27,14274,14274,14274,4,0
2023-01-05 15:05:27,14276,14276,14276,6,6
2023-01-05 15:05:36,14276,14276,14276,2,0
2023-01-05 15:05:36,14276,14276,14276,2,0
2023-01-05 15:05:38,14276,14276,14276,2,0
2023-01-05 15:05:41,14276,14276,14276,2,0
2023-01-05 15:05:43,14277,14277,14277,2,2
2023-01-05 15:05:54,14276,14276,14276,2,-2
2023-01-05 15:05:54,14277,14277,14277,4,4
2023-01-05 15:05:54,14278,14278,14278,2,2
2023-01-05 15:05:54,14276,14276,14276,2,-2
2023-01-05 15:05:54,14276,14276,14276,2,0
2023-01-05 15:05:54,14276,14276,14276,2,0
2023-01-05 15:05:54,14278,14278,14278,6,6
2023-01-05 15:05:54,14278,14278,14278,4,0
2023-01-05 15:05:54,14279,14279,14279,4,4
2023-01-05 15:05:54,14279,14279,14279,4,0
2023-01-05 15:05:55,14277,14277,14277,2,-2
2023-01-05 15:05:55,14277,14277,14277,2,0
2023-01-05 15:05:55,14277,14277,14277,2,0
2023-01-05 15:05:55,14277,14277,14277,4,0
2023-01-05 15:05:55,14277,14277,14277,2,0
2023-01-05 15:05:57,14277,14277,14277,2,0
2023-01-05 15:06:03,14279,14279,14279,8,8
2023-01-05 15:06:10,14279,14279,14279,2,0
2023-01-05 15:06:17,14278,14278,14278,2,-2
2023-01-05 15:06:17,14278,14278,14278,2,0
2023-01-05 15:06:17,14278,14278,14278,2,0
2023-01-05 15:06:18,14278,14278,14278,2,0
2023-01-05 15:06:18,14278,14278,14278,2,0
2023-01-05 15:06:19,14278,14278,14278,6,0
2023-01-05 15:06:19,14279,14279,14279,6,6
2023-01-05 15:06:19,14279,14279,14279,6,0
2023-01-05 15:06:20,14277,14277,14277,2,-2
2023-01-05 15:06:20,14277,14277,14277,4,0
2023-01-05 15:06:20,14277,14277,14277,2,0
2023-01-05 15:06:20,14277,14277,14277,2,0
2023-01-05 15:06:20,14277,14277,14277,2,0
2023-01-05 15:06:20,14277,14277,14277,2,0
2023-01-05 15:06:20,14277,14277,14277,2,0
2023-01-05 15:06:20,14276,14276,14276,2,-2
2023-01-05 15:06:20,14278,14278,14278,6,6
2023-01-05 15:06:21,14278,14278,14278,4,0
2023-01-05 15:06:21,14276,14276,14276,2,-2
2023-01-05 15:06:21,14276,14276,14276,2,0
2023-01-05 15:06:21,14276,14276,14276,2,0
2023-01-05 15:06:21,14279,14279,14279,4,4
2023-01-05 15:06:21,14277,14277,14277,2,-2
2023-01-05 15:06:21,14277,14277,14277,4,0
2023-01-05 15:06:21,14279,14279,14279,4,4
2023-01-05 15:06:28,14278,14278,14278,2,-2
2023-01-05 15:06:28,14278,14278,14278,10,0
2023-01-05 15:06:28,14278,14278,14278,4,0
2023-01-05 15:06:28,14278,14278,14278,2,0
2023-01-05 15:06:28,14278,14278,14278,4,0
2023-01-05 15:06:28,14278,14278,14278,2,0
2023-01-05 15:06:28,14278,14278,14278,2,0
2023-01-05 15:06:42,14278,14278,14278,2,0
2023-01-05 15:06:44,14279,14279,14279,4,4
2023-01-05 15:06:44,14280,14280,14280,2,2
2023-01-05 15:06:44,14280,14280,14280,6,0
2023-01-05 15:06:44,14278,14278,14278,4,-4
2023-01-05 15:06:44,14278,14278,14278,2,0
2023-01-05 15:06:44,14278,14278,14278,2,0
2023-01-05 15:06:44,14278,14278,14278,2,0
2023-01-05 15:06:44,14278,14278,14278,2,0
2023-01-05 15:06:44,14278,14278,14278,2,0
2023-01-05 15:06:44,14278,14278,14278,2,0
2023-01-05 15:06:44,14278,14278,14278,2,0
2023-01-05 15:06:44,14279,14279,14279,4,4
2023-01-05 15:06:44,14279,14279,14279,4,0
2023-01-05 15:06:45,14279,14279,14279,6,0
2023-01-05 15:06:45,14277,14277,14277,4,-4
2023-01-05 15:06:45,14279,14279,14279,4,4
2023-01-05 15:06:57,14279,14279,14279,2,0
2023-01-05 15:07:00,14277,14277,14277,2,-2
2023-01-05 15:07:00,14277,14277,14277,2,0
2023-01-05 15:07:01,14277,14277,14277,2,0
2023-01-05 15:07:06,14277,14277,14277,2,0
2023-01-05 15:07:09,14275,14275,14275,2,-2
2023-01-05 15:07:11,14276,14276,14276,2,2
2023-01-05 15:07:12,14278,14278,14278,4,4
2023-01-05 15:07:12,14276,14276,14276,2,-2
2023-01-05 15:07:12,14276,14276,14276,2,0
2023-01-05 15:07:12,14276,14276,14276,2,0
2023-01-05 15:07:12,14276,14276,14276,2,0
2023-01-05 15:07:12,14276,14276,14276,2,0
2023-01-05 15:07:12,14276,14276,14276,2,0
2023-01-05 15:07:12,14276,14276,14276,2,0
2023-01-05 15:07:12,14276,14276,14276,2,0
2023-01-05 15:07:12,14275,14275,14275,6,-6
2023-01-05 15:07:12,14275,14275,14275,2,0
2023-01-05 15:07:12,14275,14275,14275,2,0
2023-01-05 15:07:12,14277,14277,14277,6,6
2023-01-05 15:07:12,14278,14278,14278,4,4
2023-01-05 15:07:12,14278,14278,14278,4,0
2023-01-05 15:07:12,14276,14276,14276,4,-4
2023-01-05 15:07:12,14276,14276,14276,2,0
2023-01-05 15:07:15,14275,14275,14275,2,-2
2023-01-05 15:07:25,14276,14276,14276,2,2
2023-01-05 15:07:29,14276,14276,14276,2,0
2023-01-05 15:07:38,14277,14277,14277,6,6
2023-01-05 15:07:38,14277,14277,14277,4,0
2023-01-05 15:07:38,14278,14278,14278,2,2
2023-01-05 15:07:38,14278,14278,14278,6,0
2023-01-05 15:07:38,14278,14278,14278,12,0
2023-01-05 15:07:38,14277,14277,14277,2,-2
2023-01-05 15:07:38,14277,14277,14277,4,0
2023-01-05 15:07:38,14279,14279,14279,6,6
2023-01-05 15:07:39,14277,14277,14277,4,-4
2023-01-05 15:07:39,14277,14277,14277,4,0
2023-01-05 15:07:39,14277,14277,14277,4,0
2023-01-05 15:07:39,14277,14277,14277,2,0
2023-01-05 15:07:39,14277,14277,14277,2,0
2023-01-05 15:07:39,14277,14277,14277,2,0
2023-01-05 15:07:39,14277,14277,14277,2,0
2023-01-05 15:07:39,14277,14277,14277,2,0
2023-01-05 15:07:39,14276,14276,14276,2,-2
2023-01-05 15:07:39,14278,14278,14278,4,4
2023-01-05 15:07:39,14276,14276,14276,2,-2
2023-01-05 15:07:39,14276,14276,14276,2,0
2023-01-05 15:07:48,14275,14275,14275,2,-2
2023-01-05 15:07:48,14275,14275,14275,2,0
2023-01-05 15:07:48,14275,14275,14275,2,0
2023-01-05 15:07:48,14275,14275,14275,2,0
2023-01-05 15:07:54,14276,14276,14276,2,2
2023-01-05 15:07:54,14277,14277,14277,10,10
2023-01-05 15:07:55,14275,14275,14275,2,-2
2023-01-05 15:08:00,14277,14277,14277,2,2
2023-01-05 15:08:20,14276,14276,14276,2,-2
2023-01-05 15:08:21,14276,14276,14276,2,0
2023-01-05 15:08:29,14276,14276,14276,2,0
2023-01-05 15:08:30,14277,14277,14277,6,6
2023-01-05 15:08:40,14276,14276,14276,8,-8
2023-01-05 15:08:40,14276,14276,14276,2,0
2023-01-05 15:08:40,14276,14276,14276,2,0
2023-01-05 15:08:47,14276,14276,14276,2,0
2023-01-05 15:08:56,14276,14276,14276,2,0
2023-01-05 15:09:04,14276,14276,14276,2,0
2023-01-05 15:09:08,14276,14276,14276,2,0
2023-01-05 15:09:23,14276,14276,14276,6,0
2023-01-05 15:09:33,14276,14276,14276,2,0
2023-01-05 15:09:33,14277,14277,14277,2,2
2023-01-05 15:09:33,14276,14276,14276,2,-2
2023-01-05 15:09:36,14276,14276,14276,2,0
2023-01-05 15:09:37,14277,14277,14277,2,2
2023-01-05 15:09:45,14277,14277,14277,2,0
2023-01-05 15:09:45,14277,14277,14277,2,0
2023-01-05 15:09:45,14276,14276,14276,2,-2
2023-01-05 15:09:48,14277,14277,14277,2,2
2023-01-05 15:09:48,14278,14278,14278,2,2
2023-01-05 15:09:49,14277,14277,14277,2,-2
2023-01-05 15:09:58,14277,14277,14277,2,0
2023-01-05 15:09:58,14277,14277,14277,2,0
2023-01-05 15:09:59,14276,14276,14276,4,-4
2023-01-05 15:10:16,14276,14276,14276,2,0
2023-01-05 15:10:24,14276,14276,14276,2,0
2023-01-05 15:10:24,14276,14276,14276,2,0
2023-01-05 15:10:24,14276,14276,14276,2,0
2023-01-05 15:10:24,14276,14276,14276,6,0
2023-01-05 15:10:24,14276,14276,14276,2,0
2023-01-05 15:10:32,14276,14276,14276,2,0
2023-01-05 15:10:36,14276,14276,14276,2,0
2023-01-05 15:10:52,14276,14276,14276,2,0
2023-01-05 15:10:52,14276,14276,14276,2,0
2023-01-05 15:10:52,14276,14276,14276,2,0
2023-01-05 15:10:52,14276,14276,14276,2,0
2023-01-05 15:10:52,14276,14276,14276,2,0
2023-01-05 15:11:01,14275,14275,14275,4,-4
2023-01-05 15:11:01,14275,14275,14275,4,0
2023-01-05 15:11:01,14275,14275,14275,20,0
2023-01-05 15:11:01,14275,14275,14275,2,0
2023-01-05 15:11:01,14275,14275,14275,4,0
2023-01-05 15:11:01,14275,14275,14275,2,0
2023-01-05 15:11:01,14275,14275,14275,2,0
2023-01-05 15:11:01,14275,14275,14275,2,0
2023-01-05 15:11:01,14275,14275,14275,2,0
2023-01-05 15:11:03,14274,14274,14274,4,-4
2023-01-05 15:11:03,14274,14274,14274,4,0
2023-01-05 15:11:03,14274,14274,14274,4,0
2023-01-05 15:11:03,14274,14274,14274,2,0
2023-01-05 15:11:03,14274,14274,14274,12,0
2023-01-05 15:11:03,14274,14274,14274,2,0
2023-01-05 15:11:03,14274,14274,14274,2,0
2023-01-05 15:11:03,14274,14274,14274,18,0
2023-01-05 15:11:03,14274,14274,14274,2,0
2023-01-05 15:11:03,14274,14274,14274,2,0
2023-01-05 15:11:03,14274,14274,14274,2,0
2023-01-05 15:11:03,14274,14274,14274,4,0
2023-01-05 15:11:03,14274,14274,14274,2,0
2023-01-05 15:11:03,14274,14274,14274,2,0
2023-01-05 15:11:03,14274,14274,14274,2,0
2023-01-05 15:11:09,14273,14273,14273,2,-2
2023-01-05 15:11:09,14273,14273,14273,2,0
2023-01-05 15:11:09,14273,14273,14273,2,0
2023-01-05 15:11:09,14273,14273,14273,2,0
2023-01-05 15:11:09,14273,14273,14273,2,0
2023-01-05 15:11:09,14273,14273,14273,4,0
2023-01-05 15:11:09,14273,14273,14273,2,0
2023-01-05 15:11:09,14273,14273,14273,4,0
2023-01-05 15:11:09,14273,14273,14273,2,0
2023-01-05 15:11:09,14273,14273,14273,2,0
2023-01-05 15:11:09,14274,14274,14274,2,2
2023-01-05 15:11:13,14273,14273,14273,8,-8
2023-01-05 15:11:16,14273,14273,14273,2,0
2023-01-05 15:11:18,14273,14273,14273,2,0
2023-01-05 15:11:18,14273,14273,14273,2,0
2023-01-05 15:11:25,14273,14273,14273,2,0
2023-01-05 15:11:25,14273,14273,14273,4,0
2023-01-05 15:11:25,14274,14274,14274,2,2
2023-01-05 15:11:27,14273,14273,14273,2,-2
2023-01-05 15:11:27,14275,14275,14275,2,2
2023-01-05 15:11:33,14275,14275,14275,2,0
2023-01-05 15:11:34,14274,14274,14274,2,-2
2023-01-05 15:11:39,14274,14274,14274,2,0
2023-01-05 15:11:41,14274,14274,14274,8,0
2023-01-05 15:11:41,14273,14273,14273,2,-2
2023-01-05 15:11:41,14273,14273,14273,2,0
2023-01-05 15:11:41,14273,14273,14273,2,0
2023-01-05 15:11:41,14273,14273,14273,2,0
2023-01-05 15:11:41,14273,14273,14273,2,0
2023-01-05 15:11:41,14273,14273,14273,2,0
2023-01-05 15:11:41,14273,14273,14273,2,0
2023-01-05 15:11:41,14273,14273,14273,2,0
2023-01-05 15:11:41,14273,14273,14273,2,0
2023-01-05 15:11:41,14273,14273,14273,4,0
2023-01-05 15:11:41,14273,14273,14273,4,0
2023-01-05 15:11:41,14273,14273,14273,2,0
2023-01-05 15:11:42,14273,14273,14273,2,0
2023-01-05 15:11:46,14273,14273,14273,2,0
2023-01-05 15:11:50,14272,14272,14272,16,-16
2023-01-05 15:11:50,14272,14272,14272,2,0
2023-01-05 15:11:50,14272,14272,14272,10,0
2023-01-05 15:11:50,14272,14272,14272,2,0
2023-01-05 15:11:50,14272,14272,14272,2,0
2023-01-05 15:11:50,14272,14272,14272,4,0
2023-01-05 15:11:50,14272,14272,14272,2,0
2023-01-05 15:11:50,14272,14272,14272,2,0
2023-01-05 15:11:50,14272,14272,14272,2,0
2023-01-05 15:11:50,14272,14272,14272,2,0
2023-01-05 15:11:50,14272,14272,14272,2,0
2023-01-05 15:11:50,14272,14272,14272,2,0
2023-01-05 15:11:50,14272,14272,14272,2,0
2023-01-05 15:11:50,14272,14272,14272,2,0
2023-01-05 15:11:50,14272,14272,14272,2,0
2023-01-05 15:11:50,14272,14272,14272,2,0
2023-01-05 15:11:50,14272,14272,14272,2,0
2023-01-05 15:11:51,14272,14272,14272,2,0
2023-01-05 15:11:51,14272,14272,14272,2,0
2023-01-05 15:11:54,14272,14272,14272,2,0
2023-01-05 15:11:57,14272,14272,14272,2,0
2023-01-05 15:11:57,14272,14272,14272,6,0
2023-01-05 15:12:01,14271,14271,14271,2,-2
2023-01-05 15:12:01,14271,14271,14271,2,0
2023-01-05 15:12:01,14271,14271,14271,2,0
2023-01-05 15:12:01,14271,14271,14271,6,0
2023-01-05 15:12:01,14271,14271,14271,10,0
2023-01-05 15:12:01,14271,14271,14271,4,0
2023-01-05 15:12:01,14271,14271,14271,2,0
2023-01-05 15:12:01,14271,14271,14271,6,0
2023-01-05 15:12:01,14271,14271,14271,2,0
2023-01-05 15:12:01,14271,14271,14271,6,0
2023-01-05 15:12:01,14271,14271,14271,2,0
2023-01-05 15:12:01,14271,14271,14271,2,0
2023-01-05 15:12:01,14271,14271,14271,10,0
2023-01-05 15:12:01,14271,14271,14271,2,0
2023-01-05 15:12:01,14271,14271,14271,2,0
2023-01-05 15:12:01,14271,14271,14271,2,0
2023-01-05 15:12:01,14271,14271,14271,2,0
2023-01-05 15:12:01,14271,14271,14271,2,0
2023-01-05 15:12:01,14271,14271,14271,2,0
2023-01-05 15:12:02,14270,14270,14270,2,-2
2023-01-05 15:12:03,14270,14270,14270,2,0
2023-01-05 15:12:03,14270,14270,14270,2,0
2023-01-05 15:12:03,14270,14270,14270,2,0
2023-01-05 15:12:03,14270,14270,14270,2,0
2023-01-05 15:12:07,14271,14271,14271,2,2
2023-01-05 15:12:07,14271,14271,14271,4,0
2023-01-05 15:12:07,14271,14271,14271,2,0
2023-01-05 15:12:07,14271,14271,14271,2,0
2023-01-05 15:12:07,14271,14271,14271,2,0
2023-01-05 15:12:07,14271,14271,14271,2,0
2023-01-05 15:12:09,14271,14271,14271,2,0
2023-01-05 15:12:09,14271,14271,14271,2,0
2023-01-05 15:12:09,14271,14271,14271,4,0
2023-01-05 15:12:09,14271,14271,14271,2,0
2023-01-05 15:12:09,14271,14271,14271,2,0
2023-01-05 15:12:09,14271,14271,14271,2,0
2023-01-05 15:12:10,14271,14271,14271,2,0
2023-01-05 15:12:16,14270,14270,14270,2,-2
2023-01-05 15:12:16,14270,14270,14270,4,0
2023-01-05 15:12:16,14270,14270,14270,2,0
2023-01-05 15:12:16,14270,14270,14270,2,0
2023-01-05 15:12:16,14270,14270,14270,2,0
2023-01-05 15:12:16,14270,14270,14270,2,0
2023-01-05 15:12:16,14270,14270,14270,2,0
2023-01-05 15:12:16,14270,14270,14270,4,0
2023-01-05 15:12:16,14270,14270,14270,2,0
2023-01-05 15:12:16,14270,14270,14270,2,0
2023-01-05 15:12:16,14270,14270,14270,2,0
2023-01-05 15:12:16,14270,14270,14270,2,0
2023-01-05 15:12:16,14270,14270,14270,2,0
2023-01-05 15:12:16,14270,14270,14270,2,0
2023-01-05 15:12:16,14270,14270,14270,2,0
2023-01-05 15:12:16,14270,14270,14270,2,0
2023-01-05 15:12:16,14270,14270,14270,2,0
2023-01-05 15:12:16,14270,14270,14270,4,0
2023-01-05 15:12:16,14270,14270,14270,2,0
2023-01-05 15:12:16,14270,14270,14270,4,0
2023-01-05 15:12:16,14270,14270,14270,6,0
2023-01-05 15:12:16,14270,14270,14270,4,0
2023-01-05 15:12:16,14269,14269,14269,2,-2
2023-01-05 15:12:16,14269,14269,14269,4,0
2023-01-05 15:12:16,14269,14269,14269,4,0
2023-01-05 15:12:16,14269,14269,14269,4,0
2023-01-05 15:12:17,14271,14271,14271,2,2
2023-01-05 15:12:21,14271,14271,14271,8,0
2023-01-05 15:12:21,14271,14271,14271,4,0
2023-01-05 15:12:21,14271,14271,14271,2,0
2023-01-05 15:12:21,14271,14271,14271,2,0
2023-01-05 15:12:22,14271,14271,14271,2,0
2023-01-05 15:12:22,14271,14271,14271,2,0
2023-01-05 15:12:22,14271,14271,14271,2,0
2023-01-05 15:12:27,14271,14271,14271,2,0
2023-01-05 15:12:33,14271,14271,14271,4,0
2023-01-05 15:12:33,14271,14271,14271,2,0
2023-01-05 15:12:33,14271,14271,14271,2,0
2023-01-05 15:12:33,14271,14271,14271,2,0
2023-01-05 15:12:33,14271,14271,14271,2,0
2023-01-05 15:12:33,14271,14271,14271,2,0
2023-01-05 15:12:33,14270,14270,14270,2,-2
2023-01-05 15:12:33,14270,14270,14270,2,0
2023-01-05 15:12:33,14270,14270,14270,2,0
2023-01-05 15:12:33,14270,14270,14270,2,0
2023-01-05 15:12:33,14270,14270,14270,2,0
2023-01-05 15:12:33,14270,14270,14270,2,0
2023-01-05 15:12:33,14270,14270,14270,2,0
2023-01-05 15:12:33,14270,14270,14270,2,0
2023-01-05 15:12:33,14270,14270,14270,4,0
2023-01-05 15:12:33,14270,14270,14270,2,0
2023-01-05 15:12:33,14270,14270,14270,4,0
2023-01-05 15:12:33,14270,14270,14270,2,0
2023-01-05 15:12:33,14270,14270,14270,2,0
2023-01-05 15:12:33,14270,14270,14270,4,0
2023-01-05 15:12:33,14270,14270,14270,2,0
2023-01-05 15:12:33,14270,14270,14270,2,0
2023-01-05 15:12:33,14270,14270,14270,2,0
2023-01-05 15:12:33,14270,14270,14270,2,0
2023-01-05 15:12:33,14270,14270,14270,2,0
2023-01-05 15:12:33,14270,14270,14270,2,0
2023-01-05 15:12:39,14270,14270,14270,2,0
2023-01-05 15:12:39,14270,14270,14270,2,0
2023-01-05 15:12:39,14270,14270,14270,2,0
2023-01-05 15:12:39,14270,14270,14270,2,0
2023-01-05 15:12:39,14270,14270,14270,2,0
2023-01-05 15:12:39,14270,14270,14270,2,0
2023-01-05 15:12:39,14269,14269,14269,2,-2
2023-01-05 15:12:39,14269,14269,14269,4,0
2023-01-05 15:12:39,14269,14269,14269,4,0
2023-01-05 15:12:39,14269,14269,14269,2,0
2023-01-05 15:12:39,14269,14269,14269,2,0
2023-01-05 15:12:39,14269,14269,14269,2,0
2023-01-05 15:12:39,14269,14269,14269,2,0
2023-01-05 15:12:39,14269,14269,14269,2,0
2023-01-05 15:12:39,14269,14269,14269,2,0
2023-01-05 15:12:39,14269,14269,14269,2,0
2023-01-05 15:12:39,14269,14269,14269,4,0
2023-01-05 15:12:39,14269,14269,14269,2,0
2023-01-05 15:12:39,14269,14269,14269,2,0
2023-01-05 15:12:39,14269,14269,14269,2,0
2023-01-05 15:12:39,14269,14269,14269,2,0
2023-01-05 15:12:39,14269,14269,14269,2,0
2023-01-05 15:12:39,14269,14269,14269,2,0
2023-01-05 15:12:39,14269,14269,14269,8,0
2023-01-05 15:12:39,14269,14269,14269,4,0
2023-01-05 15:12:43,14269,14269,14269,2,0
2023-01-05 15:12:43,14269,14269,14269,2,0
2023-01-05 15:12:43,14270,14270,14270,2,2
2023-01-05 15:12:45,14269,14269,14269,2,-2
2023-01-05 15:12:46,14269,14269,14269,2,0
2023-01-05 15:12:50,14270,14270,14270,2,2
2023-01-05 15:12:50,14270,14270,14270,2,0
2023-01-05 15:12:51,14270,14270,14270,2,0
2023-01-05 15:12:51,14270,14270,14270,2,0
2023-01-05 15:12:51,14270,14270,14270,4,0
2023-01-05 15:12:54,14271,14271,14271,2,2
2023-01-05 15:12:54,14271,14271,14271,4,0
2023-01-05 15:12:54,14271,14271,14271,2,0
2023-01-05 15:12:54,14271,14271,14271,2,0
2023-01-05 15:13:00,14273,14273,14273,2,2
2023-01-05 15:13:15,14272,14272,14272,2,-2
2023-01-05 15:13:18,14272,14272,14272,2,0
2023-01-05 15:13:19,14271,14271,14271,2,-2
2023-01-05 15:13:21,14271,14271,14271,2,0
2023-01-05 15:13:21,14271,14271,14271,4,0
2023-01-05 15:13:21,14271,14271,14271,4,0
2023-01-05 15:13:23,14272,14272,14272,2,2
2023-01-05 15:13:23,14272,14272,14272,2,0
2023-01-05 15:13:23,14272,14272,14272,2,0
2023-01-05 15:13:23,14272,14272,14272,2,0
2023-01-05 15:13:23,14272,14272,14272,2,0
2023-01-05 15:13:32,14272,14272,14272,2,0
2023-01-05 15:13:33,14272,14272,14272,2,0
2023-01-05 15:13:42,14272,14272,14272,2,0
2023-01-05 15:13:42,14272,14272,14272,2,0
2023-01-05 15:13:42,14272,14272,14272,4,0
2023-01-05 15:13:42,14272,14272,14272,2,0
2023-01-05 15:13:42,14272,14272,14272,2,0
2023-01-05 15:13:42,14271,14271,14271,2,-2
2023-01-05 15:13:42,14271,14271,14271,2,0
2023-01-05 15:13:57,14272,14272,14272,2,2
2023-01-05 15:13:57,14272,14272,14272,2,0
2023-01-05 15:14:00,14273,14273,14273,2,2
2023-01-05 15:14:01,14272,14272,14272,2,-2
2023-01-05 15:14:02,14273,14273,14273,2,2
2023-01-05 15:14:02,14273,14273,14273,2,0
2023-01-05 15:14:02,14273,14273,14273,2,0
2023-01-05 15:14:02,14273,14273,14273,2,0
2023-01-05 15:14:02,14273,14273,14273,2,0
2023-01-05 15:14:02,14273,14273,14273,8,0
2023-01-05 15:14:05,14275,14275,14275,4,4
2023-01-05 15:14:14,14275,14275,14275,2,0
2023-01-05 15:14:21,14275,14275,14275,2,0
2023-01-05 15:14:48,14274,14274,14274,2,-2
2023-01-05 15:14:48,14275,14275,14275,2,2
2023-01-05 15:14:53,14274,14274,14274,2,-2
2023-01-05 15:14:54,14275,14275,14275,2,2
2023-01-05 15:15:00,14275,14275,14275,2,0
2023-01-05 15:15:00,14275,14275,14275,2,0
2023-01-05 15:15:00,14275,14275,14275,12,0
2023-01-05 15:15:17,14275,14275,14275,2,0
2023-01-05 15:15:24,14275,14275,14275,2,0
2023-01-05 15:15:24,14275,14275,14275,2,0
2023-01-05 15:15:39,14274,14274,14274,2,-2
2023-01-05 15:15:42,14275,14275,14275,2,2
2023-01-05 15:15:48,14275,14275,14275,8,0
2023-01-05 15:15:48,14275,14275,14275,2,0
2023-01-05 15:16:00,14276,14276,14276,2,2
2023-01-05 15:16:02,14276,14276,14276,4,0
2023-01-05 15:16:07,14276,14276,14276,2,0
2023-01-05 15:16:22,14276,14276,14276,2,0
2023-01-05 15:16:22,14276,14276,14276,2,0
2023-01-05 15:16:35,14276,14276,14276,2,0
2023-01-05 15:16:39,14276,14276,14276,2,0
2023-01-05 15:16:39,14275,14275,14275,2,-2
2023-01-05 15:16:39,14275,14275,14275,2,0
2023-01-05 15:16:39,14275,14275,14275,2,0
2023-01-05 15:16:46,14276,14276,14276,8,8
2023-01-05 15:16:57,14276,14276,14276,2,0
2023-01-05 15:16:58,14276,14276,14276,2,0
2023-01-05 15:16:59,14276,14276,14276,2,0
2023-01-05 15:17:00,14277,14277,14277,2,2
2023-01-05 15:17:03,14277,14277,14277,4,0
2023-01-05 15:17:04,14277,14277,14277,2,0
2023-01-05 15:17:06,14277,14277,14277,2,0
2023-01-05 15:17:07,14277,14277,14277,2,0
2023-01-05 15:17:11,14277,14277,14277,2,0
2023-01-05 15:17:14,14277,14277,14277,2,0
2023-01-05 15:17:16,14277,14277,14277,2,0
2023-01-05 15:17:18,14277,14277,14277,2,0
2023-01-05 15:17:21,14277,14277,14277,2,0
2023-01-05 15:17:23,14277,14277,14277,2,0
2023-01-05 15:17:26,14278,14278,14278,2,2
2023-01-05 15:17:26,14278,14278,14278,2,0
2023-01-05 15:17:33,14277,14277,14277,2,-2
2023-01-05 15:17:33,14277,14277,14277,2,0
2023-01-05 15:17:33,14277,14277,14277,2,0
2023-01-05 15:17:39,14277,14277,14277,6,0
2023-01-05 15:17:51,14278,14278,14278,2,2
2023-01-05 15:17:54,14278,14278,14278,6,0
2023-01-05 15:17:54,14278,14278,14278,2,0
2023-01-05 15:17:55,14279,14279,14279,22,22
2023-01-05 15:17:55,14279,14279,14279,2,0
2023-01-05 15:17:56,14278,14278,14278,2,-2
2023-01-05 15:18:04,14280,14280,14280,2,2
2023-01-05 15:18:04,14280,14280,14280,2,0
2023-01-05 15:18:13,14279,14279,14279,2,-2
2023-01-05 15:18:13,14280,14280,14280,8,8
2023-01-05 15:18:13,14279,14279,14279,2,-2
2023-01-05 15:18:14,14279,14279,14279,2,0
2023-01-05 15:18:24,14280,14280,14280,2,2
2023-01-05 15:18:24,14280,14280,14280,6,0
2023-01-05 15:18:24,14280,14280,14280,2,0
2023-01-05 15:18:24,14280,14280,14280,2,0
2023-01-05 15:18:24,14280,14280,14280,8,0
2023-01-05 15:18:24,14280,14280,14280,34,0
2023-01-05 15:18:24,14280,14280,14280,2,0
2023-01-05 15:18:24,14280,14280,14280,2,0
2023-01-05 15:18:24,14280,14280,14280,2,0
2023-01-05 15:18:24,14280,14280,14280,2,0
2023-01-05 15:18:28,14280,14280,14280,2,0
2023-01-05 15:18:30,14281,14281,14281,4,4
2023-01-05 15:18:30,14280,14280,14280,2,-2
2023-01-05 15:18:30,14281,14281,14281,10,10
2023-01-05 15:18:30,14281,14281,14281,2,0
2023-01-05 15:18:30,14281,14281,14281,2,0
2023-01-05 15:18:36,14281,14281,14281,2,0
2023-01-05 15:18:44,14280,14280,14280,2,-2
2023-01-05 15:18:48,14280,14280,14280,2,0
2023-01-05 15:18:50,14280,14280,14280,2,0
2023-01-05 15:18:57,14280,14280,14280,2,0
2023-01-05 15:18:57,14280,14280,14280,2,0
2023-01-05 15:19:00,14281,14281,14281,2,2
2023-01-05 15:19:01,14281,14281,14281,10,0
2023-01-05 15:19:03,14280,14280,14280,4,-4
2023-01-05 15:19:04,14281,14281,14281,14,14
2023-01-05 15:19:06,14281,14281,14281,6,0
2023-01-05 15:19:09,14281,14281,14281,4,0
2023-01-05 15:19:10,14281,14281,14281,2,0
2023-01-05 15:19:14,14280,14280,14280,4,-4
2023-01-05 15:19:14,14280,14280,14280,2,0
2023-01-05 15:19:14,14280,14280,14280,4,0
2023-01-05 15:19:14,14280,14280,14280,12,0
2023-01-05 15:19:14,14280,14280,14280,2,0
2023-01-05 15:19:14,14280,14280,14280,2,0
2023-01-05 15:19:14,14280,14280,14280,4,0
2023-01-05 15:19:18,14279,14279,14279,2,-2
2023-01-05 15:19:18,14279,14279,14279,2,0
2023-01-05 15:19:18,14279,14279,14279,4,0
2023-01-05 15:19:18,14279,14279,14279,4,0
2023-01-05 15:19:18,14279,14279,14279,10,0
2023-01-05 15:19:18,14279,14279,14279,4,0
2023-01-05 15:19:18,14279,14279,14279,2,0
2023-01-05 15:19:19,14279,14279,14279,6,0
2023-01-05 15:19:24,14279,14279,14279,4,0
2023-01-05 15:19:52,14279,14279,14279,2,0
2023-01-05 15:20:00,14279,14279,14279,2,0
2023-01-05 15:20:06,14278,14278,14278,2,-2
2023-01-05 15:20:14,14279,14279,14279,2,2
2023-01-05 15:20:14,14279,14279,14279,2,0
2023-01-05 15:20:14,14279,14279,14279,2,0
2023-01-05 15:20:14,14279,14279,14279,6,0
2023-01-05 15:20:20,14279,14279,14279,2,0
2023-01-05 15:20:20,14279,14279,14279,2,0
2023-01-05 15:20:20,14279,14279,14279,2,0
2023-01-05 15:20:21,14279,14279,14279,2,0
2023-01-05 15:20:21,14279,14279,14279,2,0
2023-01-05 15:20:21,14279,14279,14279,2,0
2023-01-05 15:20:21,14279,14279,14279,2,0
2023-01-05 15:20:21,14279,14279,14279,2,0
2023-01-05 15:20:26,14279,14279,14279,2,0
2023-01-05 15:20:31,14279,14279,14279,2,0
2023-01-05 15:20:50,14279,14279,14279,2,0
2023-01-05 15:20:50,14279,14279,14279,2,0
2023-01-05 15:20:50,14279,14279,14279,2,0
2023-01-05 15:20:50,14279,14279,14279,2,0
2023-01-05 15:20:50,14280,14280,14280,4,4
2023-01-05 15:20:51,14280,14280,14280,6,0
2023-01-05 15:20:51,14279,14279,14279,2,-2
2023-01-05 15:21:00,14280,14280,14280,2,2
2023-01-05 15:21:00,14280,14280,14280,2,0
2023-01-05 15:21:02,14280,14280,14280,2,0
2023-01-05 15:21:09,14280,14280,14280,2,0
2023-01-05 15:21:09,14280,14280,14280,2,0
2023-01-05 15:21:10,14280,14280,14280,2,0
2023-01-05 15:21:20,14281,14281,14281,2,2
2023-01-05 15:21:29,14281,14281,14281,2,0
2023-01-05 15:21:36,14281,14281,14281,2,0
2023-01-05 15:21:37,14281,14281,14281,10,0
2023-01-05 15:21:39,14282,14282,14282,2,2
2023-01-05 15:21:39,14282,14282,14282,2,0
2023-01-05 15:21:39,14282,14282,14282,2,0
2023-01-05 15:21:54,14282,14282,14282,2,0
2023-01-05 15:22:03,14282,14282,14282,2,0
2023-01-05 15:22:07,14282,14282,14282,2,0
2023-01-05 15:22:10,14281,14281,14281,10,-10
2023-01-05 15:22:10,14281,14281,14281,4,0
2023-01-05 15:22:10,14281,14281,14281,2,0
2023-01-05 15:22:10,14281,14281,14281,2,0
2023-01-05 15:22:12,14281,14281,14281,2,0
2023-01-05 15:22:18,14281,14281,14281,12,0
2023-01-05 15:22:26,14280,14280,14280,4,-4
2023-01-05 15:22:26,14280,14280,14280,2,0
2023-01-05 15:22:26,14280,14280,14280,4,0
2023-01-05 15:22:26,14280,14280,14280,2,0
2023-01-05 15:22:26,14280,14280,14280,2,0
2023-01-05 15:22:26,14280,14280,14280,2,0
2023-01-05 15:22:26,14280,14280,14280,2,0
2023-01-05 15:22:26,14280,14280,14280,2,0
2023-01-05 15:22:34,14279,14279,14279,2,-2
2023-01-05 15:22:34,14279,14279,14279,2,0
2023-01-05 15:22:34,14279,14279,14279,2,0
2023-01-05 15:22:34,14279,14279,14279,2,0
2023-01-05 15:23:00,14279,14279,14279,2,0
2023-01-05 15:23:03,14279,14279,14279,2,0
2023-01-05 15:23:04,14278,14278,14278,2,-2
2023-01-05 15:23:05,14279,14279,14279,2,2
2023-01-05 15:23:08,14279,14279,14279,2,0
2023-01-05 15:23:08,14280,14280,14280,2,2
2023-01-05 15:23:28,14279,14279,14279,2,-2
2023-01-05 15:23:30,14280,14280,14280,2,2
2023-01-05 15:23:30,14280,14280,14280,4,0
2023-01-05 15:23:36,14279,14279,14279,2,-2
2023-01-05 15:23:36,14279,14279,14279,2,0
2023-01-05 15:23:53,14279,14279,14279,2,0
2023-01-05 15:24:12,14279,14279,14279,2,0
2023-01-05 15:24:12,14279,14279,14279,2,0
2023-01-05 15:24:12,14279,14279,14279,2,0
2023-01-05 15:24:12,14279,14279,14279,6,0
2023-01-05 15:24:12,14279,14279,14279,2,0
2023-01-05 15:24:12,14279,14279,14279,2,0
2023-01-05 15:24:12,14279,14279,14279,2,0
2023-01-05 15:24:16,14279,14279,14279,2,0
2023-01-05 15:24:22,14280,14280,14280,2,2
2023-01-05 15:25:00,14279,14279,14279,2,-2
2023-01-05 15:25:00,14279,14279,14279,2,0
2023-01-05 15:25:06,14279,14279,14279,2,0
2023-01-05 15:25:10,14278,14278,14278,2,-2
2023-01-05 15:25:10,14278,14278,14278,10,0
2023-01-05 15:25:10,14278,14278,14278,4,0
2023-01-05 15:25:10,14278,14278,14278,2,0
2023-01-05 15:25:10,14278,14278,14278,2,0
2023-01-05 15:25:10,14278,14278,14278,2,0
2023-01-05 15:25:10,14278,14278,14278,2,0
2023-01-05 15:25:10,14278,14278,14278,2,0
2023-01-05 15:25:10,14277,14277,14277,2,-2
2023-01-05 15:25:10,14277,14277,14277,2,0
2023-01-05 15:25:10,14278,14278,14278,2,2
2023-01-05 15:25:11,14278,14278,14278,2,0
2023-01-05 15:25:12,14278,14278,14278,2,0
2023-01-05 15:25:13,14277,14277,14277,2,-2
2023-01-05 15:25:13,14277,14277,14277,2,0
2023-01-05 15:25:13,14277,14277,14277,2,0
2023-01-05 15:25:19,14277,14277,14277,2,0
2023-01-05 15:25:19,14277,14277,14277,2,0
2023-01-05 15:25:19,14278,14278,14278,2,2
2023-01-05 15:25:19,14277,14277,14277,2,-2
2023-01-05 15:25:24,14278,14278,14278,2,2
2023-01-05 15:25:24,14278,14278,14278,2,0
2023-01-05 15:25:30,14278,14278,14278,2,0
2023-01-05 15:25:34,14278,14278,14278,2,0
2023-01-05 15:25:34,14278,14278,14278,2,0
2023-01-05 15:25:45,14278,14278,14278,4,0
2023-01-05 15:25:56,14277,14277,14277,2,-2
2023-01-05 15:25:56,14277,14277,14277,8,0
2023-01-05 15:25:56,14277,14277,14277,2,0
2023-01-05 15:25:56,14277,14277,14277,2,0
2023-01-05 15:25:56,14277,14277,14277,2,0
2023-01-05 15:25:56,14277,14277,14277,4,0
2023-01-05 15:25:56,14277,14277,14277,2,0
2023-01-05 15:25:58,14276,14276,14276,2,-2
2023-01-05 15:25:58,14276,14276,14276,2,0
2023-01-05 15:25:58,14276,14276,14276,2,0
2023-01-05 15:25:58,14276,14276,14276,2,0
2023-01-05 15:26:02,14275,14275,14275,2,-2
2023-01-05 15:26:02,14275,14275,14275,2,0
2023-01-05 15:26:03,14275,14275,14275,2,0
2023-01-05 15:26:03,14275,14275,14275,2,0
2023-01-05 15:26:03,14275,14275,14275,2,0
2023-01-05 15:26:03,14275,14275,14275,2,0
2023-01-05 15:26:03,14275,14275,14275,2,0
2023-01-05 15:26:04,14275,14275,14275,2,0
2023-01-05 15:26:07,14276,14276,14276,4,4
2023-01-05 15:26:07,14276,14276,14276,2,0
2023-01-05 15:26:07,14276,14276,14276,2,0
2023-01-05 15:26:17,14277,14277,14277,2,2
2023-01-05 15:26:42,14277,14277,14277,2,0
2023-01-05 15:26:42,14277,14277,14277,4,0
2023-01-05 15:26:56,14277,14277,14277,2,0
2023-01-05 15:27:00,14278,14278,14278,2,2
2023-01-05 15:27:21,14276,14276,14276,2,-2
2023-01-05 15:27:21,14276,14276,14276,2,0
2023-01-05 15:27:21,14276,14276,14276,2,0
2023-01-05 15:27:21,14275,14275,14275,2,-2
2023-01-05 15:27:31,14275,14275,14275,2,0
2023-01-05 15:27:33,14275,14275,14275,2,0
2023-01-05 15:27:45,14276,14276,14276,2,2
2023-01-05 15:27:45,14276,14276,14276,2,0
2023-01-05 15:27:51,14276,14276,14276,6,0
2023-01-05 15:27:56,14276,14276,14276,2,0
2023-01-05 15:27:57,14277,14277,14277,4,4
2023-01-05 15:28:00,14277,14277,14277,2,0
2023-01-05 15:28:04,14277,14277,14277,2,0
2023-01-05 15:28:04,14277,14277,14277,4,0
2023-01-05 15:28:17,14277,14277,14277,2,0
2023-01-05 15:28:25,14276,14276,14276,8,-8
2023-01-05 15:28:41,14277,14277,14277,2,2
2023-01-05 15:28:41,14277,14277,14277,2,0
2023-01-05 15:29:00,14277,14277,14277,2,0
2023-01-05 15:29:04,14276,14276,14276,2,-2
2023-01-05 15:29:09,14276,14276,14276,2,0
2023-01-05 15:29:11,14276,14276,14276,4,0
2023-01-05 15:29:15,14277,14277,14277,8,8
2023-01-05 15:29:15,14277,14277,14277,4,0
2023-01-05 15:29:37,14276,14276,14276,2,-2
2023-01-05 15:29:37,14276,14276,14276,2,0
2023-01-05 15:29:40,14276,14276,14276,2,0
2023-01-05 15:29:40,14276,14276,14276,2,0
2023-01-05 15:29:40,14276,14276,14276,2,0
2023-01-05 15:30:00,14276,14276,14276,4,0
2023-01-05 15:30:01,14276,14276,14276,2,0
2023-01-05 15:30:02,14275,14275,14275,2,-2
2023-01-05 15:30:02,14275,14275,14275,10,0
2023-01-05 15:30:02,14275,14275,14275,6,0
2023-01-05 15:30:02,14275,14275,14275,2,0
2023-01-05 15:30:02,14275,14275,14275,2,0
2023-01-05 15:30:02,14275,14275,14275,2,0
2023-01-05 15:30:06,14274,14274,14274,2,-2
2023-01-05 15:30:06,14274,14274,14274,2,0
2023-01-05 15:30:06,14273,14273,14273,2,-2
2023-01-05 15:30:06,14273,14273,14273,4,0
2023-01-05 15:30:06,14273,14273,14273,2,0
2023-01-05 15:30:06,14273,14273,14273,2,0
2023-01-05 15:30:06,14273,14273,14273,2,0
2023-01-05 15:30:13,14273,14273,14273,2,0
2023-01-05 15:30:14,14273,14273,14273,2,0
2023-01-05 15:30:16,14273,14273,14273,2,0
2023-01-05 15:30:17,14274,14274,14274,6,6
2023-01-05 15:30:17,14273,14273,14273,2,-2
2023-01-05 15:30:17,14273,14273,14273,2,0
2023-01-05 15:30:19,14273,14273,14273,2,0
2023-01-05 15:30:19,14273,14273,14273,2,0
2023-01-05 15:30:21,14273,14273,14273,2,0
2023-01-05 15:30:34,14275,14275,14275,2,2
2023-01-05 15:30:41,14275,14275,14275,2,0
2023-01-05 15:30:41,14275,14275,14275,2,0
2023-01-05 15:30:41,14275,14275,14275,2,0
2023-01-05 15:30:41,14275,14275,14275,2,0
2023-01-05 15:30:41,14275,14275,14275,2,0
2023-01-05 15:30:41,14275,14275,14275,4,0
2023-01-05 15:30:41,14275,14275,14275,4,0
2023-01-05 15:30:41,14275,14275,14275,2,0
2023-01-05 15:30:41,14274,14274,14274,4,-4
2023-01-05 15:30:41,14274,14274,14274,2,0
2023-01-05 15:30:41,14274,14274,14274,2,0
2023-01-05 15:31:04,14276,14276,14276,2,2
2023-01-05 15:31:19,14276,14276,14276,4,0
2023-01-05 15:31:19,14276,14276,14276,2,0
2023-01-05 15:31:31,14275,14275,14275,2,-2
2023-01-05 15:31:31,14276,14276,14276,2,2
2023-01-05 15:31:31,14276,14276,14276,2,0
2023-01-05 15:32:10,14276,14276,14276,2,0
2023-01-05 15:32:10,14276,14276,14276,2,0
2023-01-05 15:32:10,14276,14276,14276,2,0
2023-01-05 15:32:10,14276,14276,14276,2,0
2023-01-05 15:32:15,14275,14275,14275,2,-2
2023-01-05 15:32:23,14275,14275,14275,2,0
2023-01-05 15:32:31,14276,14276,14276,2,2
2023-01-05 15:32:31,14277,14277,14277,30,30
2023-01-05 15:32:36,14278,14278,14278,2,2
2023-01-05 15:32:36,14278,14278,14278,6,0
2023-01-05 15:32:36,14278,14278,14278,2,0
2023-01-05 15:32:36,14278,14278,14278,14,0
2023-01-05 15:32:47,14278,14278,14278,2,0
2023-01-05 15:32:47,14278,14278,14278,2,0
2023-01-05 15:32:47,14278,14278,14278,2,0
2023-01-05 15:32:56,14279,14279,14279,2,2
2023-01-05 15:33:03,14279,14279,14279,6,0
2023-01-05 15:33:10,14278,14278,14278,2,-2
2023-01-05 15:33:10,14278,14278,14278,2,0
2023-01-05 15:33:18,14278,14278,14278,2,0
2023-01-05 15:33:18,14278,14278,14278,2,0
2023-01-05 15:33:31,14279,14279,14279,10,10
2023-01-05 15:33:50,14278,14278,14278,2,-2
2023-01-05 15:33:56,14277,14277,14277,2,-2
2023-01-05 15:33:56,14277,14277,14277,4,0
2023-01-05 15:33:56,14277,14277,14277,2,0
2023-01-05 15:33:57,14276,14276,14276,4,-4
2023-01-05 15:33:58,14275,14275,14275,2,-2
2023-01-05 15:33:58,14275,14275,14275,6,0
2023-01-05 15:34:11,14275,14275,14275,2,0
2023-01-05 15:34:15,14275,14275,14275,2,0
2023-01-05 15:34:25,14275,14275,14275,2,0
2023-01-05 15:34:35,14274,14274,14274,2,-2
2023-01-05 15:34:37,14274,14274,14274,4,0
2023-01-05 15:34:37,14274,14274,14274,6,0
2023-01-05 15:34:37,14274,14274,14274,2,0
2023-01-05 15:34:37,14274,14274,14274,2,0
2023-01-05 15:34:37,14274,14274,14274,2,0
2023-01-05 15:34:37,14274,14274,14274,2,0
2023-01-05 15:34:37,14274,14274,14274,2,0
2023-01-05 15:34:37,14274,14274,14274,2,0
2023-01-05 15:34:37,14274,14274,14274,2,0
2023-01-05 15:34:37,14274,14274,14274,2,0
2023-01-05 15:34:37,14274,14274,14274,4,0
2023-01-05 15:34:37,14273,14273,14273,2,-2
2023-01-05 15:34:46,14273,14273,14273,2,0
2023-01-05 15:34:46,14273,14273,14273,2,0
2023-01-05 15:34:46,14273,14273,14273,2,0
2023-01-05 15:34:48,14272,14272,14272,2,-2
2023-01-05 15:34:49,14272,14272,14272,2,0
2023-01-05 15:34:49,14272,14272,14272,2,0
2023-01-05 15:34:49,14272,14272,14272,2,0
2023-01-05 15:34:49,14272,14272,14272,2,0
2023-01-05 15:34:49,14272,14272,14272,4,0
2023-01-05 15:34:49,14272,14272,14272,2,0
2023-01-05 15:34:49,14272,14272,14272,4,0
2023-01-05 15:34:49,14272,14272,14272,2,0
2023-01-05 15:34:49,14272,14272,14272,10,0
2023-01-05 15:34:49,14272,14272,14272,2,0
2023-01-05 15:34:49,14271,14271,14271,4,-4
2023-01-05 15:34:49,14271,14271,14271,2,0
2023-01-05 15:34:52,14272,14272,14272,2,2
2023-01-05 15:34:52,14272,14272,14272,2,0
2023-01-05 15:34:52,14272,14272,14272,2,0
2023-01-05 15:34:56,14271,14271,14271,2,-2
2023-01-05 15:34:58,14272,14272,14272,8,8
2023-01-05 15:35:01,14273,14273,14273,2,2
2023-01-05 15:35:01,14273,14273,14273,2,0
2023-01-05 15:35:01,14274,14274,14274,2,2
2023-01-05 15:35:01,14275,14275,14275,2,2
2023-01-05 15:35:01,14275,14275,14275,2,0
2023-01-05 15:35:01,14275,14275,14275,2,0
2023-01-05 15:35:06,14274,14274,14274,2,-2
2023-01-05 15:35:07,14272,14272,14272,2,-2
2023-01-05 15:35:08,14272,14272,14272,2,0
2023-01-05 15:35:08,14272,14272,14272,2,0
2023-01-05 15:35:08,14272,14272,14272,4,0
2023-01-05 15:35:08,14272,14272,14272,2,0
2023-01-05 15:35:23,14272,14272,14272,2,0
2023-01-05 15:35:23,14273,14273,14273,4,4
2023-01-05 15:35:30,14273,14273,14273,2,0
2023-01-05 15:35:39,14272,14272,14272,2,-2
2023-01-05 15:35:39,14274,14274,14274,2,2
2023-01-05 15:35:48,14272,14272,14272,4,-4
2023-01-05 15:36:00,14274,14274,14274,2,2
2023-01-05 15:36:03,14275,14275,14275,2,2
2023-01-05 15:36:05,14274,14274,14274,4,-4
2023-01-05 15:36:24,14274,14274,14274,2,0
2023-01-05 15:36:28,14275,14275,14275,2,2
2023-01-05 15:36:28,14275,14275,14275,2,0
2023-01-05 15:36:28,14275,14275,14275,2,0
2023-01-05 15:36:45,14276,14276,14276,2,2
2023-01-05 15:37:22,14275,14275,14275,2,-2
2023-01-05 15:37:22,14275,14275,14275,2,0
2023-01-05 15:37:22,14275,14275,14275,2,0
2023-01-05 15:37:22,14275,14275,14275,2,0
2023-01-05 15:37:51,14275,14275,14275,2,0
2023-01-05 15:37:51,14275,14275,14275,2,0
2023-01-05 15:37:51,14275,14275,14275,2,0
2023-01-05 15:37:58,14275,14275,14275,2,0
2023-01-05 15:37:58,14275,14275,14275,2,0
2023-01-05 15:38:09,14275,14275,14275,2,0
2023-01-05 15:38:13,14275,14275,14275,2,0
2023-01-05 15:38:34,14275,14275,14275,2,0
2023-01-05 15:38:48,14276,14276,14276,2,2
2023-01-05 15:38:48,14276,14276,14276,4,0
2023-01-05 15:38:48,14276,14276,14276,2,0
2023-01-05 15:38:48,14276,14276,14276,2,0
2023-01-05 15:38:48,14276,14276,14276,4,0
2023-01-05 15:38:48,14276,14276,14276,2,0
2023-01-05 15:38:48,14276,14276,14276,12,0
2023-01-05 15:39:02,14278,14278,14278,2,2
2023-01-05 15:39:02,14276,14276,14276,2,-2
2023-01-05 15:39:02,14276,14276,14276,2,0
2023-01-05 15:39:02,14276,14276,14276,2,0
2023-01-05 15:39:02,14276,14276,14276,2,0
2023-01-05 15:39:35,14277,14277,14277,4,4
2023-01-05 15:39:35,14276,14276,14276,2,-2
2023-01-05 15:39:51,14276,14276,14276,2,0
2023-01-05 15:39:51,14275,14275,14275,2,-2
2023-01-05 15:40:05,14277,14277,14277,2,2
2023-01-05 15:40:06,14277,14277,14277,2,0
2023-01-05 15:40:06,14276,14276,14276,2,-2
2023-01-05 15:40:06,14276,14276,14276,2,0
2023-01-05 15:40:34,14276,14276,14276,2,0
2023-01-05 15:40:47,14277,14277,14277,6,6
2023-01-05 15:40:56,14278,14278,14278,2,2
2023-01-05 15:41:01,14278,14278,14278,2,0
2023-01-05 15:41:08,14279,14279,14279,2,2
2023-01-05 15:41:08,14279,14279,14279,6,0
2023-01-05 15:41:13,14279,14279,14279,2,0
2023-01-05 15:41:14,14280,14280,14280,2,2
2023-01-05 15:41:15,14279,14279,14279,4,-4
2023-01-05 15:41:20,14279,14279,14279,4,0
2023-01-05 15:41:24,14279,14279,14279,2,0
2023-01-05 15:41:26,14280,14280,14280,2,2
2023-01-05 15:41:27,14280,14280,14280,2,0
2023-01-05 15:41:27,14280,14280,14280,2,0
2023-01-05 15:41:28,14280,14280,14280,2,0
2023-01-05 15:41:29,14280,14280,14280,2,0
2023-01-05 15:41:30,14280,14280,14280,2,0
2023-01-05 15:41:31,14279,14279,14279,2,-2
2023-01-05 15:41:39,14280,14280,14280,2,2
2023-01-05 15:41:39,14280,14280,14280,8,0
2023-01-05 15:41:39,14280,14280,14280,2,0
2023-01-05 15:41:39,14280,14280,14280,2,0
2023-01-05 15:41:47,14280,14280,14280,4,0
2023-01-05 15:41:51,14280,14280,14280,2,0
2023-01-05 15:41:58,14280,14280,14280,4,0
2023-01-05 15:42:01,14280,14280,14280,2,0
2023-01-05 15:42:02,14280,14280,14280,4,0
2023-01-05 15:42:09,14280,14280,14280,8,0
2023-01-05 15:42:11,14280,14280,14280,2,0
2023-01-05 15:42:11,14280,14280,14280,2,0
2023-01-05 15:42:20,14280,14280,14280,2,0
2023-01-05 15:42:22,14280,14280,14280,2,0
2023-01-05 15:42:23,14280,14280,14280,4,0
2023-01-05 15:42:26,14280,14280,14280,2,0
2023-01-05 15:42:33,14280,14280,14280,2,0
2023-01-05 15:42:37,14279,14279,14279,2,-2
2023-01-05 15:42:37,14279,14279,14279,2,0
2023-01-05 15:42:37,14279,14279,14279,2,0
2023-01-05 15:42:58,14280,14280,14280,2,2
2023-01-05 15:42:58,14281,14281,14281,2,2
2023-01-05 15:43:38,14281,14281,14281,6,0
2023-01-05 15:43:40,14281,14281,14281,8,0
2023-01-05 15:43:45,14281,14281,14281,10,0
2023-01-05 15:43:46,14281,14281,14281,6,0
2023-01-05 15:43:46,14282,14282,14282,4,4
2023-01-05 15:43:46,14282,14282,14282,8,0
2023-01-05 15:43:46,14282,14282,14282,2,0
2023-01-05 15:43:46,14282,14282,14282,2,0
2023-01-05 15:43:47,14282,14282,14282,10,0
2023-01-05 15:43:47,14282,14282,14282,2,0
2023-01-05 15:43:47,14282,14282,14282,8,0
2023-01-05 15:43:47,14282,14282,14282,2,0
2023-01-05 15:43:48,14283,14283,14283,10,10
2023-01-05 15:43:48,14283,14283,14283,6,0
2023-01-05 15:43:48,14284,14284,14284,2,2
2023-01-05 15:43:48,14284,14284,14284,4,0
2023-01-05 15:43:48,14284,14284,14284,2,0
2023-01-05 15:43:48,14284,14284,14284,2,0
2023-01-05 15:43:50,14284,14284,14284,10,0
2023-01-05 15:43:51,14285,14285,14285,2,2
2023-01-05 15:43:51,14285,14285,14285,6,0
2023-01-05 15:43:54,14284,14284,14284,2,-2
2023-01-05 15:43:54,14284,14284,14284,6,0
2023-01-05 15:43:55,14283,14283,14283,10,-10
2023-01-05 15:43:57,14283,14283,14283,2,0
2023-01-05 15:43:58,14283,14283,14283,2,0
2023-01-05 15:44:01,14283,14283,14283,2,0
2023-01-05 15:44:01,14283,14283,14283,2,0
2023-01-05 15:44:05,14283,14283,14283,2,0
2023-01-05 15:44:18,14283,14283,14283,2,0
2023-01-05 15:44:21,14283,14283,14283,2,0
2023-01-05 15:44:29,14283,14283,14283,4,0
2023-01-05 15:44:29,14281,14281,14281,2,-2
2023-01-05 15:44:31,14282,14282,14282,2,2
2023-01-05 15:44:39,14281,14281,14281,2,-2
2023-01-05 15:44:39,14281,14281,14281,2,0
2023-01-05 15:44:49,14281,14281,14281,2,0
2023-01-05 15:44:57,14280,14280,14280,4,-4
2023-01-05 15:44:57,14280,14280,14280,2,0
2023-01-05 15:44:58,14280,14280,14280,2,0
2023-01-05 15:44:59,14281,14281,14281,10,10
2023-01-05 15:45:05,14280,14280,14280,2,-2
2023-01-05 15:45:05,14280,14280,14280,2,0
2023-01-05 15:45:05,14280,14280,14280,2,0
2023-01-05 15:45:05,14280,14280,14280,2,0
2023-01-05 15:45:05,14280,14280,14280,2,0
2023-01-05 15:45:05,14280,14280,14280,4,0
2023-01-05 15:45:05,14280,14280,14280,4,0
2023-01-05 15:45:05,14280,14280,14280,2,0
2023-01-05 15:45:05,14280,14280,14280,2,0
2023-01-05 15:45:05,14280,14280,14280,4,0
2023-01-05 15:45:05,14280,14280,14280,2,0
2023-01-05 15:45:05,14280,14280,14280,2,0
2023-01-05 15:45:05,14280,14280,14280,2,0
2023-01-05 15:45:05,14280,14280,14280,2,0
2023-01-05 15:45:05,14279,14279,14279,2,-2
2023-01-05 15:45:05,14279,14279,14279,2,0
2023-01-05 15:45:05,14279,14279,14279,2,0
2023-01-05 15:45:05,14279,14279,14279,2,0
2023-01-05 15:45:05,14279,14279,14279,4,0
2023-01-05 15:45:05,14279,14279,14279,2,0
2023-01-05 15:45:05,14279,14279,14279,4,0
2023-01-05 15:45:05,14279,14279,14279,4,0
2023-01-05 15:45:05,14279,14279,14279,2,0
2023-01-05 15:45:05,14279,14279,14279,2,0
2023-01-05 15:45:11,14279,14279,14279,2,0
2023-01-05 15:45:11,14278,14278,14278,2,-2
2023-01-05 15:45:11,14278,14278,14278,2,0
2023-01-05 15:45:16,14279,14279,14279,2,2
2023-01-05 15:45:16,14278,14278,14278,2,-2
2023-01-05 15:45:18,14278,14278,14278,2,0
2023-01-05 15:45:18,14278,14278,14278,2,0
2023-01-05 15:45:18,14278,14278,14278,2,0
2023-01-05 15:45:18,14278,14278,14278,2,0
2023-01-05 15:45:20,14277,14277,14277,2,-2
2023-01-05 15:45:20,14277,14277,14277,2,0
2023-01-05 15:45:20,14277,14277,14277,2,0
2023-01-05 15:45:23,14278,14278,14278,2,2
2023-01-05 15:45:26,14277,14277,14277,2,-2
2023-01-05 15:45:32,14277,14277,14277,2,0
2023-01-05 15:45:33,14277,14277,14277,2,0
2023-01-05 15:45:33,14277,14277,14277,2,0
2023-01-05 15:45:33,14277,14277,14277,2,0
2023-01-05 15:45:33,14277,14277,14277,2,0
2023-01-05 15:45:33,14277,14277,14277,2,0
2023-01-05 15:45:33,14277,14277,14277,2,0
2023-01-05 15:45:33,14277,14277,14277,2,0
2023-01-05 15:45:34,14275,14275,14275,2,-2
2023-01-05 15:45:46,14277,14277,14277,2,2
2023-01-05 15:45:46,14277,14277,14277,2,0
2023-01-05 15:45:46,14277,14277,14277,2,0
2023-01-05 15:45:46,14277,14277,14277,2,0
2023-01-05 15:45:47,14278,14278,14278,2,2
2023-01-05 15:45:48,14278,14278,14278,2,0
2023-01-05 15:45:52,14278,14278,14278,2,0
2023-01-05 15:46:01,14277,14277,14277,2,-2
2023-01-05 15:46:10,14277,14277,14277,2,0
2023-01-05 15:46:16,14276,14276,14276,2,-2
2023-01-05 15:46:16,14276,14276,14276,2,0
2023-01-05 15:46:17,14276,14276,14276,2,0
2023-01-05 15:46:17,14276,14276,14276,2,0
2023-01-05 15:46:19,14276,14276,14276,4,0
2023-01-05 15:46:19,14276,14276,14276,2,0
2023-01-05 15:46:19,14275,14275,14275,2,-2
2023-01-05 15:46:19,14275,14275,14275,4,0
2023-01-05 15:46:20,14275,14275,14275,2,0
2023-01-05 15:46:20,14275,14275,14275,2,0
2023-01-05 15:46:20,14275,14275,14275,2,0
2023-01-05 15:46:27,14276,14276,14276,2,2
2023-01-05 15:46:27,14276,14276,14276,2,0
2023-01-05 15:46:41,14275,14275,14275,2,-2
2023-01-05 15:46:43,14275,14275,14275,2,0
2023-01-05 15:46:57,14275,14275,14275,2,0
2023-01-05 15:46:57,14275,14275,14275,2,0
2023-01-05 15:46:58,14275,14275,14275,2,0
2023-01-05 15:46:58,14275,14275,14275,2,0
2023-01-05 15:46:58,14275,14275,14275,2,0
2023-01-05 15:46:58,14275,14275,14275,2,0
2023-01-05 15:46:58,14275,14275,14275,2,0
2023-01-05 15:46:58,14275,14275,14275,2,0
2023-01-05 15:46:58,14274,14274,14274,2,-2
2023-01-05 15:47:00,14274,14274,14274,2,0
2023-01-05 15:47:01,14274,14274,14274,4,0
2023-01-05 15:47:01,14274,14274,14274,4,0
2023-01-05 15:47:01,14274,14274,14274,4,0
2023-01-05 15:47:01,14274,14274,14274,2,0
2023-01-05 15:47:01,14274,14274,14274,2,0
2023-01-05 15:47:01,14274,14274,14274,2,0
2023-01-05 15:47:01,14274,14274,14274,2,0
2023-01-05 15:47:01,14274,14274,14274,2,0
2023-01-05 15:47:01,14274,14274,14274,2,0
2023-01-05 15:47:01,14274,14274,14274,2,0
2023-01-05 15:47:01,14274,14274,14274,2,0
2023-01-05 15:47:01,14274,14274,14274,6,0
2023-01-05 15:47:01,14274,14274,14274,2,0
2023-01-05 15:47:01,14274,14274,14274,2,0
2023-01-05 15:47:01,14274,14274,14274,2,0
2023-01-05 15:47:01,14274,14274,14274,2,0
2023-01-05 15:47:01,14273,14273,14273,4,-4
2023-01-05 15:47:06,14273,14273,14273,2,0
2023-01-05 15:47:07,14274,14274,14274,4,4
2023-01-05 15:47:08,14274,14274,14274,2,0
2023-01-05 15:47:08,14274,14274,14274,2,0
2023-01-05 15:47:08,14274,14274,14274,2,0
2023-01-05 15:47:10,14274,14274,14274,2,0
2023-01-05 15:47:11,14274,14274,14274,2,0
2023-01-05 15:47:14,14273,14273,14273,2,-2
2023-01-05 15:47:22,14273,14273,14273,2,0
2023-01-05 15:47:22,14273,14273,14273,2,0
2023-01-05 15:47:22,14273,14273,14273,2,0
2023-01-05 15:47:24,14273,14273,14273,2,0
2023-01-05 15:47:34,14273,14273,14273,2,0
2023-01-05 15:47:34,14273,14273,14273,12,0
2023-01-05 15:47:34,14273,14273,14273,4,0
2023-01-05 15:47:34,14273,14273,14273,2,0
2023-01-05 15:47:34,14273,14273,14273,4,0
2023-01-05 15:47:34,14273,14273,14273,2,0
2023-01-05 15:47:34,14273,14273,14273,2,0
2023-01-05 15:47:34,14273,14273,14273,2,0
2023-01-05 15:47:34,14273,14273,14273,2,0
2023-01-05 15:47:34,14273,14273,14273,2,0
2023-01-05 15:47:34,14273,14273,14273,2,0
2023-01-05 15:47:34,14273,14273,14273,2,0
2023-01-05 15:47:34,14273,14273,14273,2,0
2023-01-05 15:47:34,14273,14273,14273,2,0
2023-01-05 15:47:34,14273,14273,14273,14,0
2023-01-05 15:47:34,14273,14273,14273,2,0
2023-01-05 15:47:34,14273,14273,14273,4,0
2023-01-05 15:47:34,14273,14273,14273,2,0
2023-01-05 15:47:34,14273,14273,14273,2,0
2023-01-05 15:47:34,14273,14273,14273,2,0
2023-01-05 15:47:34,14273,14273,14273,2,0
2023-01-05 15:47:34,14272,14272,14272,2,-2
2023-01-05 15:47:34,14272,14272,14272,2,0
2023-01-05 15:47:34,14272,14272,14272,2,0
2023-01-05 15:47:34,14272,14272,14272,2,0
2023-01-05 15:47:34,14272,14272,14272,2,0
2023-01-05 15:47:34,14272,14272,14272,2,0
2023-01-05 15:47:34,14272,14272,14272,2,0
2023-01-05 15:47:34,14272,14272,14272,4,0
2023-01-05 15:47:34,14272,14272,14272,4,0
2023-01-05 15:47:34,14272,14272,14272,2,0
2023-01-05 15:47:34,14272,14272,14272,4,0
2023-01-05 15:47:34,14272,14272,14272,2,0
2023-01-05 15:47:34,14272,14272,14272,2,0
2023-01-05 15:47:34,14272,14272,14272,2,0
2023-01-05 15:47:34,14272,14272,14272,2,0
2023-01-05 15:47:34,14272,14272,14272,2,0
2023-01-05 15:47:34,14272,14272,14272,4,0
2023-01-05 15:47:34,14272,14272,14272,2,0
2023-01-05 15:47:34,14272,14272,14272,2,0
2023-01-05 15:47:34,14272,14272,14272,2,0
2023-01-05 15:47:34,14271,14271,14271,2,-2
2023-01-05 15:47:35,14272,14272,14272,4,4
2023-01-05 15:47:40,14271,14271,14271,4,-4
2023-01-05 15:47:42,14271,14271,14271,2,0
2023-01-05 15:47:42,14271,14271,14271,2,0
2023-01-05 15:47:42,14271,14271,14271,2,0
2023-01-05 15:47:42,14271,14271,14271,2,0
2023-01-05 15:47:42,14271,14271,14271,2,0
2023-01-05 15:47:42,14271,14271,14271,2,0
2023-01-05 15:47:42,14271,14271,14271,2,0
2023-01-05 15:47:42,14271,14271,14271,2,0
2023-01-05 15:47:42,14271,14271,14271,2,0
2023-01-05 15:47:42,14271,14271,14271,2,0
2023-01-05 15:47:42,14271,14271,14271,4,0
2023-01-05 15:47:42,14271,14271,14271,2,0
2023-01-05 15:47:42,14271,14271,14271,2,0
2023-01-05 15:47:42,14271,14271,14271,2,0
2023-01-05 15:47:42,14271,14271,14271,2,0
2023-01-05 15:47:42,14271,14271,14271,2,0
2023-01-05 15:47:42,14271,14271,14271,2,0
2023-01-05 15:47:42,14271,14271,14271,2,0
2023-01-05 15:47:42,14271,14271,14271,2,0
2023-01-05 15:47:42,14271,14271,14271,2,0
2023-01-05 15:47:42,14271,14271,14271,2,0
2023-01-05 15:47:42,14271,14271,14271,2,0
2023-01-05 15:47:42,14271,14271,14271,2,0
2023-01-05 15:47:42,14271,14271,14271,2,0
2023-01-05 15:47:43,14271,14271,14271,2,0
2023-01-05 15:47:44,14271,14271,14271,2,0
2023-01-05 15:47:46,14271,14271,14271,2,0
2023-01-05 15:47:48,14271,14271,14271,4,0
2023-01-05 15:47:50,14270,14270,14270,2,-2
2023-01-05 15:47:50,14270,14270,14270,2,0
2023-01-05 15:47:51,14271,14271,14271,2,2
2023-01-05 15:47:51,14271,14271,14271,4,0
2023-01-05 15:47:51,14271,14271,14271,4,0
2023-01-05 15:47:51,14271,14271,14271,2,0
2023-01-05 15:47:51,14271,14271,14271,2,0
2023-01-05 15:47:51,14271,14271,14271,4,0
2023-01-05 15:47:51,14271,14271,14271,2,0
2023-01-05 15:47:52,14271,14271,14271,2,0
2023-01-05 15:47:52,14271,14271,14271,2,0
2023-01-05 15:47:52,14271,14271,14271,2,0
2023-01-05 15:47:52,14271,14271,14271,2,0
2023-01-05 15:47:52,14270,14270,14270,4,-4
2023-01-05 15:47:52,14270,14270,14270,2,0
2023-01-05 15:47:58,14270,14270,14270,6,0
2023-01-05 15:48:01,14270,14270,14270,2,0
2023-01-05 15:48:01,14270,14270,14270,2,0
2023-01-05 15:48:01,14270,14270,14270,2,0
2023-01-05 15:48:01,14270,14270,14270,2,0
2023-01-05 15:48:01,14270,14270,14270,2,0
2023-01-05 15:48:01,14270,14270,14270,2,0
2023-01-05 15:48:01,14270,14270,14270,4,0
2023-01-05 15:48:01,14270,14270,14270,6,0
2023-01-05 15:48:01,14270,14270,14270,2,0
2023-01-05 15:48:01,14270,14270,14270,2,0
2023-01-05 15:48:01,14270,14270,14270,2,0
2023-01-05 15:48:01,14270,14270,14270,2,0
2023-01-05 15:48:01,14270,14270,14270,2,0
2023-01-05 15:48:01,14270,14270,14270,2,0
2023-01-05 15:48:01,14270,14270,14270,6,0
2023-01-05 15:48:02,14270,14270,14270,2,0
2023-01-05 15:48:04,14270,14270,14270,2,0
2023-01-05 15:48:04,14270,14270,14270,4,0
2023-01-05 15:48:05,14270,14270,14270,2,0
2023-01-05 15:48:05,14270,14270,14270,2,0
2023-01-05 15:48:08,14269,14269,14269,2,-2
2023-01-05 15:48:08,14269,14269,14269,4,0
2023-01-05 15:48:08,14269,14269,14269,2,0
2023-01-05 15:48:08,14269,14269,14269,2,0
2023-01-05 15:48:08,14269,14269,14269,2,0
2023-01-05 15:48:08,14269,14269,14269,2,0
2023-01-05 15:48:08,14269,14269,14269,2,0
2023-01-05 15:48:08,14269,14269,14269,2,0
2023-01-05 15:48:08,14269,14269,14269,2,0
2023-01-05 15:48:08,14269,14269,14269,4,0
2023-01-05 15:48:08,14269,14269,14269,2,0
2023-01-05 15:48:08,14268,14268,14268,2,-2
2023-01-05 15:48:08,14268,14268,14268,2,0
2023-01-05 15:48:08,14268,14268,14268,2,0
2023-01-05 15:48:08,14268,14268,14268,2,0
2023-01-05 15:48:08,14268,14268,14268,2,0
2023-01-05 15:48:08,14268,14268,14268,2,0
2023-01-05 15:48:08,14268,14268,14268,2,0
2023-01-05 15:48:08,14268,14268,14268,2,0
2023-01-05 15:48:08,14268,14268,14268,2,0
2023-01-05 15:48:08,14268,14268,14268,2,0
2023-01-05 15:48:08,14268,14268,14268,2,0
2023-01-05 15:48:08,14268,14268,14268,2,0
2023-01-05 15:48:08,14268,14268,14268,2,0
2023-01-05 15:48:08,14268,14268,14268,4,0
2023-01-05 15:48:08,14268,14268,14268,2,0
2023-01-05 15:48:08,14268,14268,14268,2,0
2023-01-05 15:48:08,14268,14268,14268,2,0
2023-01-05 15:48:08,14268,14268,14268,2,0
2023-01-05 15:48:08,14268,14268,14268,2,0
2023-01-05 15:48:08,14267,14267,14267,6,-6
2023-01-05 15:48:09,14267,14267,14267,2,0
2023-01-05 15:48:09,14267,14267,14267,2,0
2023-01-05 15:48:09,14267,14267,14267,2,0
2023-01-05 15:48:09,14267,14267,14267,2,0
2023-01-05 15:48:09,14267,14267,14267,2,0
2023-01-05 15:48:09,14267,14267,14267,2,0
2023-01-05 15:48:11,14267,14267,14267,2,0
2023-01-05 15:48:11,14267,14267,14267,2,0
2023-01-05 15:48:11,14268,14268,14268,10,10
2023-01-05 15:48:11,14269,14269,14269,18,18
2023-01-05 15:48:14,14269,14269,14269,2,0
2023-01-05 15:48:14,14268,14268,14268,2,-2
2023-01-05 15:48:14,14268,14268,14268,2,0
2023-01-05 15:48:14,14268,14268,14268,2,0
2023-01-05 15:48:14,14268,14268,14268,2,0
2023-01-05 15:48:15,14268,14268,14268,2,0
2023-01-05 15:48:18,14268,14268,14268,2,0
2023-01-05 15:48:18,14267,14267,14267,2,-2
2023-01-05 15:48:18,14267,14267,14267,2,0
2023-01-05 15:48:18,14267,14267,14267,2,0
2023-01-05 15:48:18,14267,14267,14267,2,0
2023-01-05 15:48:19,14268,14268,14268,2,2
2023-01-05 15:48:20,14267,14267,14267,2,-2
2023-01-05 15:48:20,14267,14267,14267,2,0
2023-01-05 15:48:20,14267,14267,14267,2,0
2023-01-05 15:48:20,14267,14267,14267,4,0
2023-01-05 15:48:20,14267,14267,14267,2,0
2023-01-05 15:48:20,14267,14267,14267,4,0
2023-01-05 15:48:20,14267,14267,14267,2,0
2023-01-05 15:48:20,14267,14267,14267,2,0
2023-01-05 15:48:20,14267,14267,14267,2,0
2023-01-05 15:48:20,14266,14266,14266,2,-2
2023-01-05 15:48:20,14266,14266,14266,2,0
2023-01-05 15:48:20,14266,14266,14266,4,0
2023-01-05 15:48:20,14266,14266,14266,4,0
2023-01-05 15:48:20,14266,14266,14266,2,0
2023-01-05 15:48:20,14266,14266,14266,2,0
2023-01-05 15:48:20,14266,14266,14266,2,0
2023-01-05 15:48:20,14266,14266,14266,2,0
2023-01-05 15:48:20,14266,14266,14266,2,0
2023-01-05 15:48:20,14266,14266,14266,2,0
2023-01-05 15:48:21,14266,14266,14266,2,0
2023-01-05 15:48:23,14266,14266,14266,2,0
2023-01-05 15:48:23,14266,14266,14266,2,0
2023-01-05 15:48:23,14267,14267,14267,2,2
2023-01-05 15:48:23,14267,14267,14267,2,0
2023-01-05 15:48:24,14266,14266,14266,2,-2
2023-01-05 15:48:24,14266,14266,14266,4,0
2023-01-05 15:48:24,14266,14266,14266,2,0
2023-01-05 15:48:26,14267,14267,14267,2,2
2023-01-05 15:48:30,14267,14267,14267,2,0
2023-01-05 15:48:30,14267,14267,14267,2,0
2023-01-05 15:48:30,14267,14267,14267,4,0
2023-01-05 15:48:30,14267,14267,14267,2,0
2023-01-05 15:48:30,14267,14267,14267,2,0
2023-01-05 15:48:30,14267,14267,14267,2,0
2023-01-05 15:48:30,14267,14267,14267,2,0
2023-01-05 15:48:31,14267,14267,14267,2,0
2023-01-05 15:48:38,14267,14267,14267,2,0
2023-01-05 15:48:39,14266,14266,14266,2,-2
2023-01-05 15:48:40,14267,14267,14267,2,2
2023-01-05 15:48:40,14267,14267,14267,2,0
2023-01-05 15:48:40,14267,14267,14267,2,0
2023-01-05 15:48:46,14267,14267,14267,2,0
2023-01-05 15:48:46,14267,14267,14267,2,0
2023-01-05 15:48:46,14267,14267,14267,2,0
2023-01-05 15:48:50,14267,14267,14267,2,0
2023-01-05 15:48:51,14267,14267,14267,2,0
2023-01-05 15:48:52,14268,14268,14268,2,2
2023-01-05 15:48:52,14269,14269,14269,2,2
2023-01-05 15:48:56,14269,14269,14269,2,0
2023-01-05 15:49:01,14267,14267,14267,2,-2
2023-01-05 15:49:02,14267,14267,14267,2,0
2023-01-05 15:49:02,14267,14267,14267,2,0
2023-01-05 15:49:02,14267,14267,14267,2,0
2023-01-05 15:49:02,14267,14267,14267,2,0
2023-01-05 15:49:02,14267,14267,14267,4,0
2023-01-05 15:49:03,14267,14267,14267,2,0
2023-01-05 15:49:03,14267,14267,14267,2,0
2023-01-05 15:49:05,14267,14267,14267,2,0
2023-01-05 15:49:05,14267,14267,14267,2,0
2023-01-05 15:49:05,14267,14267,14267,2,0
2023-01-05 15:49:05,14267,14267,14267,2,0
2023-01-05 15:49:05,14267,14267,14267,2,0
2023-01-05 15:49:05,14267,14267,14267,2,0
2023-01-05 15:49:05,14267,14267,14267,2,0
2023-01-05 15:49:06,14267,14267,14267,2,0
2023-01-05 15:49:06,14267,14267,14267,2,0
2023-01-05 15:49:06,14267,14267,14267,2,0
2023-01-05 15:49:06,14267,14267,14267,14,0
2023-01-05 15:49:06,14267,14267,14267,2,0
2023-01-05 15:49:11,14267,14267,14267,2,0
2023-01-05 15:49:17,14268,14268,14268,2,2
2023-01-05 15:49:18,14268,14268,14268,2,0
2023-01-05 15:49:20,14267,14267,14267,4,-4
2023-01-05 15:49:20,14267,14267,14267,2,0
2023-01-05 15:49:20,14267,14267,14267,4,0
2023-01-05 15:49:20,14267,14267,14267,2,0
2023-01-05 15:49:20,14267,14267,14267,2,0
2023-01-05 15:49:20,14267,14267,14267,2,0
2023-01-05 15:49:24,14267,14267,14267,2,0
2023-01-05 15:49:24,14267,14267,14267,2,0
2023-01-05 15:49:25,14266,14266,14266,2,-2
2023-01-05 15:49:25,14266,14266,14266,2,0
2023-01-05 15:49:25,14266,14266,14266,2,0
2023-01-05 15:49:25,14266,14266,14266,2,0
2023-01-05 15:49:25,14266,14266,14266,2,0
2023-01-05 15:49:25,14266,14266,14266,2,0
2023-01-05 15:49:25,14266,14266,14266,2,0
2023-01-05 15:49:25,14266,14266,14266,4,0
2023-01-05 15:49:25,14266,14266,14266,2,0
2023-01-05 15:49:28,14266,14266,14266,2,0
2023-01-05 15:49:30,14265,14265,14265,2,-2
2023-01-05 15:49:30,14265,14265,14265,2,0
2023-01-05 15:49:30,14265,14265,14265,2,0
2023-01-05 15:49:30,14265,14265,14265,2,0
2023-01-05 15:49:30,14265,14265,14265,2,0
2023-01-05 15:49:30,14265,14265,14265,4,0
2023-01-05 15:49:30,14265,14265,14265,2,0
2023-01-05 15:49:30,14265,14265,14265,2,0
2023-01-05 15:49:30,14265,14265,14265,2,0
2023-01-05 15:49:30,14265,14265,14265,4,0
2023-01-05 15:49:32,14266,14266,14266,4,4
2023-01-05 15:49:35,14266,14266,14266,4,0
2023-01-05 15:49:40,14265,14265,14265,2,-2
2023-01-05 15:49:41,14265,14265,14265,2,0
2023-01-05 15:49:43,14265,14265,14265,2,0
2023-01-05 15:49:43,14265,14265,14265,2,0
2023-01-05 15:49:43,14265,14265,14265,2,0
2023-01-05 15:49:43,14265,14265,14265,2,0
2023-01-05 15:49:43,14266,14266,14266,2,2
2023-01-05 15:49:44,14265,14265,14265,2,-2
2023-01-05 15:49:46,14265,14265,14265,2,0
2023-01-05 15:49:48,14265,14265,14265,4,0
2023-01-05 15:49:50,14265,14265,14265,2,0
2023-01-05 15:49:50,14265,14265,14265,2,0
2023-01-05 15:49:51,14265,14265,14265,2,0
2023-01-05 15:49:51,14265,14265,14265,2,0
2023-01-05 15:49:52,14265,14265,14265,2,0
2023-01-05 15:49:52,14265,14265,14265,2,0
2023-01-05 15:49:52,14265,14265,14265,2,0
2023-01-05 15:49:52,14265,14265,14265,2,0
2023-01-05 15:49:52,14265,14265,14265,2,0
2023-01-05 15:49:57,14265,14265,14265,2,0
2023-01-05 15:50:00,14264,14264,14264,4,-4
2023-01-05 15:50:00,14264,14264,14264,4,0
2023-01-05 15:50:00,14264,14264,14264,2,0
2023-01-05 15:50:00,14265,14265,14265,10,10
2023-01-05 15:50:00,14264,14264,14264,2,-2
2023-01-05 15:50:00,14264,14264,14264,2,0
2023-01-05 15:50:00,14264,14264,14264,2,0
2023-01-05 15:50:00,14264,14264,14264,2,0
2023-01-05 15:50:00,14264,14264,14264,2,0
2023-01-05 15:50:00,14264,14264,14264,6,0
2023-01-05 15:50:00,14264,14264,14264,2,0
2023-01-05 15:50:01,14263,14263,14263,2,-2
2023-01-05 15:50:01,14263,14263,14263,2,0
2023-01-05 15:50:01,14263,14263,14263,2,0
2023-01-05 15:50:04,14265,14265,14265,2,2
2023-01-05 15:50:04,14264,14264,14264,2,-2
2023-01-05 15:50:06,14264,14264,14264,4,0
2023-01-05 15:50:07,14263,14263,14263,2,-2
2023-01-05 15:50:07,14263,14263,14263,2,0
2023-01-05 15:50:08,14264,14264,14264,2,2
2023-01-05 15:50:08,14263,14263,14263,2,-2
2023-01-05 15:50:08,14263,14263,14263,2,0
2023-01-05 15:50:09,14263,14263,14263,2,0
2023-01-05 15:50:09,14263,14263,14263,2,0
2023-01-05 15:50:09,14263,14263,14263,2,0
2023-01-05 15:50:09,14263,14263,14263,2,0
2023-01-05 15:50:09,14263,14263,14263,2,0
2023-01-05 15:50:09,14263,14263,14263,2,0
2023-01-05 15:50:09,14263,14263,14263,2,0
2023-01-05 15:50:09,14262,14262,14262,2,-2
2023-01-05 15:50:09,14262,14262,14262,2,0
2023-01-05 15:50:10,14262,14262,14262,2,0
2023-01-05 15:50:12,14262,14262,14262,2,0
2023-01-05 15:50:14,14262,14262,14262,2,0
2023-01-05 15:50:14,14262,14262,14262,2,0
2023-01-05 15:50:16,14263,14263,14263,2,2
2023-01-05 15:50:17,14262,14262,14262,2,-2
2023-01-05 15:50:20,14262,14262,14262,2,0
2023-01-05 15:50:22,14262,14262,14262,2,0
2023-01-05 15:50:23,14262,14262,14262,4,0
2023-01-05 15:50:25,14262,14262,14262,2,0
2023-01-05 15:50:26,14263,14263,14263,14,14
2023-01-05 15:50:26,14263,14263,14263,4,0
2023-01-05 15:50:26,14263,14263,14263,12,0
2023-01-05 15:50:26,14263,14263,14263,2,0
2023-01-05 15:50:26,14263,14263,14263,2,0
2023-01-05 15:50:26,14263,14263,14263,2,0
2023-01-05 15:50:26,14263,14263,14263,2,0
2023-01-05 15:50:26,14263,14263,14263,2,0
2023-01-05 15:50:26,14263,14263,14263,6,0
2023-01-05 15:50:29,14263,14263,14263,2,0
2023-01-05 15:50:29,14263,14263,14263,2,0
2023-01-05 15:50:31,14263,14263,14263,2,0
2023-01-05 15:50:31,14263,14263,14263,2,0
2023-01-05 15:50:31,14263,14263,14263,2,0
2023-01-05 15:50:31,14263,14263,14263,2,0
2023-01-05 15:50:31,14262,14262,14262,36,-36
2023-01-05 15:50:31,14262,14262,14262,2,0
2023-01-05 15:50:31,14262,14262,14262,2,0
2023-01-05 15:50:31,14262,14262,14262,2,0
2023-01-05 15:50:31,14262,14262,14262,2,0
2023-01-05 15:50:31,14262,14262,14262,2,0
2023-01-05 15:50:31,14262,14262,14262,4,0
2023-01-05 15:50:31,14262,14262,14262,2,0
2023-01-05 15:50:31,14262,14262,14262,2,0
2023-01-05 15:50:31,14262,14262,14262,2,0
2023-01-05 15:50:31,14262,14262,14262,2,0
2023-01-05 15:50:31,14262,14262,14262,2,0
2023-01-05 15:50:32,14263,14263,14263,2,2
2023-01-05 15:50:32,14263,14263,14263,2,0
2023-01-05 15:50:36,14263,14263,14263,2,0
2023-01-05 15:50:36,14263,14263,14263,2,0
2023-01-05 15:50:39,14263,14263,14263,2,0
2023-01-05 15:50:40,14263,14263,14263,2,0
2023-01-05 15:50:40,14263,14263,14263,2,0
2023-01-05 15:50:40,14262,14262,14262,2,-2
2023-01-05 15:50:40,14262,14262,14262,2,0
2023-01-05 15:50:40,14262,14262,14262,2,0
2023-01-05 15:50:40,14262,14262,14262,2,0
2023-01-05 15:50:40,14261,14261,14261,2,-2
2023-01-05 15:50:41,14262,14262,14262,2,2
2023-01-05 15:50:44,14263,14263,14263,2,2
2023-01-05 15:50:44,14264,14264,14264,2,2
2023-01-05 15:50:48,14263,14263,14263,2,-2
2023-01-05 15:50:49,14263,14263,14263,2,0
2023-01-05 15:50:50,14263,14263,14263,2,0
2023-01-05 15:50:51,14263,14263,14263,2,0
2023-01-05 15:50:51,14263,14263,14263,2,0
2023-01-05 15:50:51,14263,14263,14263,2,0
2023-01-05 15:50:51,14263,14263,14263,2,0
2023-01-05 15:50:51,14263,14263,14263,2,0
2023-01-05 15:50:52,14263,14263,14263,2,0
2023-01-05 15:50:55,14262,14262,14262,2,-2
2023-01-05 15:50:57,14263,14263,14263,2,2
2023-01-05 15:50:59,14263,14263,14263,2,0
2023-01-05 15:50:59,14263,14263,14263,4,0
2023-01-05 15:50:59,14263,14263,14263,2,0
2023-01-05 15:51:03,14263,14263,14263,2,0
2023-01-05 15:51:03,14263,14263,14263,2,0
2023-01-05 15:51:11,14263,14263,14263,2,0
2023-01-05 15:51:11,14263,14263,14263,2,0
2023-01-05 15:51:11,14262,14262,14262,2,-2
2023-01-05 15:51:11,14262,14262,14262,2,0
2023-01-05 15:51:12,14262,14262,14262,2,0
2023-01-05 15:51:12,14262,14262,14262,2,0
2023-01-05 15:51:12,14262,14262,14262,2,0
2023-01-05 15:51:12,14262,14262,14262,2,0
2023-01-05 15:51:12,14264,14264,14264,2,2
2023-01-05 15:51:14,14263,14263,14263,2,-2
2023-01-05 15:51:14,14263,14263,14263,2,0
2023-01-05 15:51:15,14263,14263,14263,6,0
2023-01-05 15:51:15,14263,14263,14263,2,0
2023-01-05 15:51:15,14262,14262,14262,4,-4
2023-01-05 15:51:15,14262,14262,14262,4,0
2023-01-05 15:51:15,14262,14262,14262,4,0
2023-01-05 15:51:15,14262,14262,14262,2,0
2023-01-05 15:51:15,14262,14262,14262,4,0
2023-01-05 15:51:15,14262,14262,14262,2,0
2023-01-05 15:51:15,14262,14262,14262,2,0
2023-01-05 15:51:15,14262,14262,14262,2,0
2023-01-05 15:51:15,14262,14262,14262,2,0
2023-01-05 15:51:17,14262,14262,14262,2,0
2023-01-05 15:51:17,14261,14261,14261,2,-2
2023-01-05 15:51:23,14262,14262,14262,2,2
2023-01-05 15:51:24,14261,14261,14261,2,-2
2023-01-05 15:51:24,14261,14261,14261,2,0
2023-01-05 15:51:24,14261,14261,14261,2,0
2023-01-05 15:51:24,14261,14261,14261,2,0
2023-01-05 15:51:24,14261,14261,14261,4,0
2023-01-05 15:51:24,14261,14261,14261,2,0
2023-01-05 15:51:24,14261,14261,14261,2,0
2023-01-05 15:51:24,14261,14261,14261,10,0
2023-01-05 15:51:29,14262,14262,14262,12,12
2023-01-05 15:51:30,14262,14262,14262,2,0
2023-01-05 15:51:39,14262,14262,14262,2,0
2023-01-05 15:51:39,14262,14262,14262,4,0
2023-01-05 15:51:41,14261,14261,14261,4,-4
2023-01-05 15:51:48,14262,14262,14262,2,2
2023-01-05 15:51:57,14262,14262,14262,2,0
2023-01-05 15:52:04,14262,14262,14262,2,0
2023-01-05 15:52:06,14262,14262,14262,2,0
2023-01-05 15:52:14,14262,14262,14262,2,0
2023-01-05 15:52:14,14263,14263,14263,2,2
2023-01-05 15:52:17,14263,14263,14263,2,0
2023-01-05 15:52:17,14263,14263,14263,2,0
2023-01-05 15:52:42,14263,14263,14263,2,0
2023-01-05 15:52:49,14263,14263,14263,2,0
2023-01-05 15:52:53,14263,14263,14263,2,0
2023-01-05 15:52:53,14263,14263,14263,2,0
2023-01-05 15:52:53,14263,14263,14263,2,0
2023-01-05 15:53:00,14263,14263,14263,4,0
2023-01-05 15:53:04,14264,14264,14264,2,2
2023-01-05 15:53:05,14263,14263,14263,2,-2
2023-01-05 15:53:14,14263,14263,14263,2,0
2023-01-05 15:53:38,14264,14264,14264,2,2
2023-01-05 15:53:40,14264,14264,14264,2,0
2023-01-05 15:53:42,14264,14264,14264,8,0
2023-01-05 15:53:55,14264,14264,14264,2,0
2023-01-05 15:53:56,14264,14264,14264,2,0
2023-01-05 15:54:00,14264,14264,14264,8,0
2023-01-05 15:54:04,14263,14263,14263,6,-6
2023-01-05 15:54:17,14265,14265,14265,2,2
2023-01-05 15:54:17,14265,14265,14265,6,0
2023-01-05 15:54:30,14265,14265,14265,2,0
2023-01-05 15:54:33,14266,14266,14266,2,2
2023-01-05 15:54:33,14266,14266,14266,8,0
2023-01-05 15:54:33,14266,14266,14266,4,0
2023-01-05 15:54:38,14265,14265,14265,2,-2
2023-01-05 15:54:38,14265,14265,14265,2,0
2023-01-05 15:54:38,14265,14265,14265,2,0
2023-01-05 15:54:38,14265,14265,14265,2,0
2023-01-05 15:54:43,14267,14267,14267,2,2
2023-01-05 15:54:45,14266,14266,14266,2,-2
2023-01-05 15:54:50,14266,14266,14266,2,0
2023-01-05 15:54:50,14266,14266,14266,2,0
2023-01-05 15:54:50,14266,14266,14266,2,0
2023-01-05 15:54:50,14266,14266,14266,2,0
2023-01-05 15:55:00,14267,14267,14267,6,6
2023-01-05 15:55:01,14267,14267,14267,4,0
2023-01-05 15:55:01,14267,14267,14267,2,0
2023-01-05 15:55:01,14266,14266,14266,2,-2
2023-01-05 15:55:05,14266,14266,14266,2,0
2023-01-05 15:55:05,14266,14266,14266,2,0
2023-01-05 15:55:05,14266,14266,14266,2,0
2023-01-05 15:55:05,14266,14266,14266,2,0
2023-01-05 15:55:05,14266,14266,14266,2,0
2023-01-05 15:55:05,14266,14266,14266,2,0
2023-01-05 15:55:05,14266,14266,14266,2,0
2023-01-05 15:55:05,14266,14266,14266,2,0
2023-01-05 15:55:05,14266,14266,14266,2,0
2023-01-05 15:55:10,14267,14267,14267,2,2
2023-01-05 15:55:13,14267,14267,14267,2,0
2023-01-05 15:55:13,14266,14266,14266,2,-2
2023-01-05 15:55:13,14266,14266,14266,2,0
2023-01-05 15:55:18,14267,14267,14267,2,2
2023-01-05 15:55:21,14267,14267,14267,4,0
2023-01-05 15:55:28,14267,14267,14267,2,0
2023-01-05 15:55:34,14268,14268,14268,2,2
2023-01-05 15:55:34,14268,14268,14268,2,0
2023-01-05 15:55:35,14267,14267,14267,2,-2
2023-01-05 15:55:47,14267,14267,14267,2,0
2023-01-05 15:55:47,14267,14267,14267,2,0
2023-01-05 15:55:47,14267,14267,14267,2,0
2023-01-05 15:55:47,14266,14266,14266,2,-2
2023-01-05 15:55:47,14266,14266,14266,2,0
2023-01-05 15:55:48,14267,14267,14267,2,2
2023-01-05 15:55:48,14267,14267,14267,4,0
2023-01-05 15:55:48,14267,14267,14267,4,0
2023-01-05 15:56:02,14267,14267,14267,2,0
2023-01-05 15:56:04,14266,14266,14266,2,-2
2023-01-05 15:56:04,14266,14266,14266,2,0
2023-01-05 15:56:04,14266,14266,14266,2,0
2023-01-05 15:56:04,14266,14266,14266,2,0
2023-01-05 15:56:08,14266,14266,14266,4,0
2023-01-05 15:56:08,14267,14267,14267,2,2
2023-01-05 15:56:16,14265,14265,14265,2,-2
2023-01-05 15:56:16,14265,14265,14265,2,0
2023-01-05 15:56:16,14265,14265,14265,2,0
2023-01-05 15:56:16,14265,14265,14265,2,0
2023-01-05 15:56:16,14265,14265,14265,2,0
2023-01-05 15:56:16,14265,14265,14265,2,0
2023-01-05 15:56:18,14264,14264,14264,2,-2
2023-01-05 15:56:20,14264,14264,14264,2,0
2023-01-05 15:56:20,14264,14264,14264,2,0
2023-01-05 15:56:24,14264,14264,14264,2,0
2023-01-05 15:56:24,14264,14264,14264,2,0
2023-01-05 15:56:31,14264,14264,14264,2,0
2023-01-05 15:56:41,14264,14264,14264,2,0
2023-01-05 15:56:41,14264,14264,14264,2,0
2023-01-05 15:57:00,14265,14265,14265,10,10
2023-01-05 15:57:00,14265,14265,14265,2,0
2023-01-05 15:57:02,14265,14265,14265,2,0
2023-01-05 15:57:15,14265,14265,14265,2,0
2023-01-05 15:57:26,14265,14265,14265,2,0
2023-01-05 15:57:27,14265,14265,14265,2,0
2023-01-05 15:57:32,14264,14264,14264,2,-2
2023-01-05 15:57:32,14265,14265,14265,4,4
2023-01-05 15:57:33,14265,14265,14265,2,0
2023-01-05 15:57:41,14264,14264,14264,2,-2
2023-01-05 15:57:49,14264,14264,14264,2,0
2023-01-05 15:57:54,14264,14264,14264,2,0
2023-01-05 15:57:58,14264,14264,14264,10,0
2023-01-05 15:58:00,14263,14263,14263,2,-2
2023-01-05 15:58:02,14263,14263,14263,2,0
2023-01-05 15:58:02,14264,14264,14264,2,2
2023-01-05 15:58:05,14263,14263,14263,2,-2
2023-01-05 15:58:07,14265,14265,14265,2,2
2023-01-05 15:58:07,14265,14265,14265,2,0
2023-01-05 15:58:09,14265,14265,14265,2,0
2023-01-05 15:58:20,14266,14266,14266,2,2
2023-01-05 15:58:30,14265,14265,14265,2,-2
2023-01-05 15:58:30,14266,14266,14266,16,16
2023-01-05 15:58:32,14266,14266,14266,2,0
2023-01-05 15:58:35,14264,14264,14264,2,-2
2023-01-05 15:58:35,14264,14264,14264,2,0
2023-01-05 15:58:39,14264,14264,14264,2,0
2023-01-05 15:58:39,14264,14264,14264,2,0
2023-01-05 15:58:45,14264,14264,14264,2,0
2023-01-05 15:58:45,14264,14264,14264,2,0
2023-01-05 15:58:53,14265,14265,14265,4,4
2023-01-05 15:59:02,14266,14266,14266,2,2
2023-01-05 15:59:08,14268,14268,14268,40,40
2023-01-05 15:59:09,14269,14269,14269,2,2
2023-01-05 15:59:09,14269,14269,14269,2,0
2023-01-05 15:59:09,14267,14267,14267,2,-2
2023-01-05 15:59:18,14269,14269,14269,6,6
2023-01-05 15:59:19,14268,14268,14268,2,-2
2023-01-05 15:59:20,14268,14268,14268,2,0
2023-01-05 15:59:25,14268,14268,14268,2,0
2023-01-05 15:59:28,14269,14269,14269,2,2
2023-01-05 15:59:28,14269,14269,14269,2,0
2023-01-05 15:59:35,14268,14268,14268,2,-2
2023-01-05 15:59:35,14268,14268,14268,2,0
2023-01-05 15:59:35,14268,14268,14268,2,0
2023-01-05 15:59:35,14268,14268,14268,2,0
2023-01-05 15:59:36,14268,14268,14268,2,0
2023-01-05 15:59:40,14268,14268,14268,2,0
2023-01-05 15:59:56,14268,14268,14268,2,0
2023-01-05 15:59:56,14268,14268,14268,2,0
2023-01-05 16:00:00,14269,14269,14269,8,8
2023-01-05 16:00:00,14270,14270,14270,6,6
2023-01-05 16:00:00,14270,14270,14270,2,0
2023-01-05 16:00:00,14270,14270,14270,2,0
2023-01-05 16:00:00,14270,14270,14270,8,0
2023-01-05 16:00:00,14270,14270,14270,4,0
2023-01-05 16:00:00,14270,14270,14270,2,0
2023-01-05 16:00:00,14270,14270,14270,2,0
2023-01-05 16:00:00,14270,14270,14270,4,0
2023-01-05 16:00:00,14270,14270,14270,6,0
2023-01-05 16:00:00,14270,14270,14270,4,0
2023-01-05 16:00:00,14270,14270,14270,2,0
2023-01-05 16:00:00,14270,14270,14270,2,0
2023-01-05 16:00:00,14270,14270,14270,8,0
2023-01-05 16:00:00,14269,14269,14269,2,-2
2023-01-05 16:00:00,14269,14269,14269,6,0
2023-01-05 16:00:00,14269,14269,14269,2,0
2023-01-05 16:00:00,14269,14269,14269,2,0
2023-01-05 16:00:00,14269,14269,14269,2,0
2023-01-05 16:00:05,14269,14269,14269,2,0
2023-01-05 16:00:05,14268,14268,14268,2,-2
2023-01-05 16:00:05,14268,14268,14268,2,0
2023-01-05 16:00:07,14270,14270,14270,6,6
2023-01-05 16:00:07,14269,14269,14269,2,-2
2023-01-05 16:00:08,14270,14270,14270,2,2
2023-01-05 16:00:08,14269,14269,14269,2,-2
2023-01-05 16:00:13,14271,14271,14271,2,2
2023-01-05 16:00:14,14271,14271,14271,8,0
2023-01-05 16:00:16,14270,14270,14270,4,-4
2023-01-05 16:00:19,14270,14270,14270,2,0
2023-01-05 16:00:19,14271,14271,14271,2,2
2023-01-05 16:00:20,14271,14271,14271,2,0
2023-01-05 16:00:26,14271,14271,14271,2,0
2023-01-05 16:00:33,14272,14272,14272,2,2
2023-01-05 16:00:35,14271,14271,14271,2,-2
2023-01-05 16:00:36,14270,14270,14270,2,-2
2023-01-05 16:00:42,14271,14271,14271,2,2
2023-01-05 16:00:47,14272,14272,14272,2,2
2023-01-05 16:00:47,14272,14272,14272,2,0
2023-01-05 16:00:47,14272,14272,14272,2,0
2023-01-05 16:00:51,14270,14270,14270,2,-2
2023-01-05 16:00:51,14270,14270,14270,2,0
2023-01-05 16:00:51,14270,14270,14270,4,0
2023-01-05 16:00:51,14270,14270,14270,2,0
2023-01-05 16:00:51,14270,14270,14270,2,0
2023-01-05 16:00:51,14270,14270,14270,2,0
2023-01-05 16:00:51,14270,14270,14270,2,0
2023-01-05 16:00:52,14271,14271,14271,2,2
2023-01-05 16:00:59,14271,14271,14271,6,0
2023-01-05 16:01:01,14271,14271,14271,18,0
2023-01-05 16:01:01,14272,14272,14272,8,8
2023-01-05 16:01:01,14272,14272,14272,2,0
2023-01-05 16:01:01,14272,14272,14272,2,0
2023-01-05 16:01:01,14272,14272,14272,2,0
2023-01-05 16:01:01,14272,14272,14272,2,0
2023-01-05 16:01:03,14272,14272,14272,6,0
2023-01-05 16:01:03,14273,14273,14273,38,38
2023-01-05 16:01:06,14273,14273,14273,2,0
2023-01-05 16:01:08,14273,14273,14273,2,0
2023-01-05 16:01:09,14273,14273,14273,2,0
2023-01-05 16:01:10,14272,14272,14272,2,-2
2023-01-05 16:01:10,14272,14272,14272,2,0
2023-01-05 16:01:10,14272,14272,14272,2,0
2023-01-05 16:01:10,14272,14272,14272,4,0
2023-01-05 16:01:10,14272,14272,14272,2,0
2023-01-05 16:01:11,14272,14272,14272,2,0
2023-01-05 16:01:11,14272,14272,14272,2,0
2023-01-05 16:01:11,14272,14272,14272,8,0
2023-01-05 16:01:15,14272,14272,14272,2,0
2023-01-05 16:01:15,14272,14272,14272,2,0
2023-01-05 16:01:17,14272,14272,14272,2,0
2023-01-05 16:01:19,14272,14272,14272,2,0
2023-01-05 16:01:20,14271,14271,14271,2,-2
2023-01-05 16:01:20,14272,14272,14272,2,2
2023-01-05 16:01:20,14272,14272,14272,8,0
2023-01-05 16:01:25,14272,14272,14272,2,0
2023-01-05 16:01:32,14271,14271,14271,2,-2
2023-01-05 16:01:34,14271,14271,14271,2,0
2023-01-05 16:01:35,14272,14272,14272,2,2
2023-01-05 16:01:35,14272,14272,14272,2,0
2023-01-05 16:01:35,14272,14272,14272,2,0
2023-01-05 16:01:35,14272,14272,14272,2,0
2023-01-05 16:01:40,14273,14273,14273,4,4
2023-01-05 16:01:44,14272,14272,14272,2,-2
2023-01-05 16:01:45,14272,14272,14272,2,0
2023-01-05 16:01:47,14272,14272,14272,2,0
2023-01-05 16:01:47,14272,14272,14272,2,0
2023-01-05 16:01:49,14272,14272,14272,2,0
2023-01-05 16:01:50,14272,14272,14272,2,0
2023-01-05 16:01:50,14272,14272,14272,2,0
2023-01-05 16:01:51,14272,14272,14272,2,0
2023-01-05 16:01:58,14273,14273,14273,2,2
2023-01-05 16:01:58,14273,14273,14273,2,0
2023-01-05 16:01:58,14273,14273,14273,2,0
2023-01-05 16:01:58,14273,14273,14273,4,0
2023-01-05 16:02:00,14274,14274,14274,4,4
2023-01-05 16:02:00,14274,14274,14274,4,0
2023-01-05 16:02:02,14274,14274,14274,2,0
2023-01-05 16:02:03,14274,14274,14274,2,0
2023-01-05 16:02:04,14275,14275,14275,2,2
2023-01-05 16:02:06,14274,14274,14274,2,-2
2023-01-05 16:02:06,14275,14275,14275,2,2
2023-01-05 16:02:10,14273,14273,14273,2,-2
2023-01-05 16:02:22,14273,14273,14273,2,0
2023-01-05 16:02:26,14274,14274,14274,8,8
2023-01-05 16:02:26,14274,14274,14274,2,0
2023-01-05 16:02:36,14273,14273,14273,2,-2
2023-01-05 16:02:36,14273,14273,14273,2,0
2023-01-05 16:02:36,14274,14274,14274,2,2
2023-01-05 16:02:40,14272,14272,14272,2,-2
2023-01-05 16:02:42,14274,14274,14274,8,8
2023-01-05 16:02:44,14274,14274,14274,2,0
2023-01-05 16:02:44,14274,14274,14274,2,0
2023-01-05 16:02:52,14274,14274,14274,2,0
2023-01-05 16:02:54,14274,14274,14274,2,0
2023-01-05 16:02:54,14274,14274,14274,2,0
2023-01-05 16:02:55,14275,14275,14275,2,2
2023-01-05 16:02:55,14275,14275,14275,2,0
2023-01-05 16:02:55,14275,14275,14275,8,0
2023-01-05 16:02:55,14275,14275,14275,2,0
2023-01-05 16:02:55,14275,14275,14275,12,0
2023-01-05 16:02:55,14275,14275,14275,2,0
2023-01-05 16:02:55,14275,14275,14275,2,0
2023-01-05 16:02:55,14275,14275,14275,2,0
2023-01-05 16:02:55,14275,14275,14275,2,0
2023-01-05 16:02:55,14275,14275,14275,14,0
2023-01-05 16:02:56,14276,14276,14276,4,4
2023-01-05 16:02:56,14276,14276,14276,4,0
2023-01-05 16:02:56,14276,14276,14276,8,0
2023-01-05 16:02:56,14277,14277,14277,2,2
2023-01-05 16:03:00,14276,14276,14276,6,-6
2023-01-05 16:03:00,14276,14276,14276,6,0
2023-01-05 16:03:01,14273,14273,14273,2,-2
2023-01-05 16:03:06,14276,14276,14276,6,6
2023-01-05 16:03:08,14274,14274,14274,2,-2
2023-01-05 16:03:12,14273,14273,14273,2,-2
2023-01-05 16:03:14,14273,14273,14273,2,0
2023-01-05 16:03:16,14273,14273,14273,2,0
2023-01-05 16:03:20,14274,14274,14274,6,6
2023-01-05 16:03:23,14273,14273,14273,2,-2
2023-01-05 16:03:23,14273,14273,14273,4,0
2023-01-05 16:03:26,14272,14272,14272,2,-2
2023-01-05 16:03:38,14272,14272,14272,2,0
2023-01-05 16:03:38,14272,14272,14272,2,0
2023-01-05 16:03:52,14271,14271,14271,2,-2
2023-01-05 16:03:57,14271,14271,14271,2,0
2023-01-05 16:04:00,14272,14272,14272,2,2
2023-01-05 16:04:00,14272,14272,14272,2,0
2023-01-05 16:04:03,14272,14272,14272,2,0
2023-01-05 16:04:05,14272,14272,14272,2,0
2023-01-05 16:04:05,14272,14272,14272,2,0
2023-01-05 16:04:10,14271,14271,14271,2,-2
2023-01-05 16:04:10,14273,14273,14273,2,2
2023-01-05 16:04:11,14273,14273,14273,2,0
2023-01-05 16:04:11,14273,14273,14273,2,0
2023-01-05 16:04:16,14272,14272,14272,2,-2
2023-01-05 16:04:20,14272,14272,14272,2,0
2023-01-05 16:04:38,14273,14273,14273,2,2
2023-01-05 16:04:38,14273,14273,14273,2,0
2023-01-05 16:04:39,14273,14273,14273,2,0
2023-01-05 16:04:44,14274,14274,14274,2,2
2023-01-05 16:04:44,14274,14274,14274,2,0
2023-01-05 16:04:57,14274,14274,14274,2,0
2023-01-05 16:04:57,14274,14274,14274,2,0
2023-01-05 16:05:00,14274,14274,14274,2,0
2023-01-05 16:05:00,14274,14274,14274,2,0
2023-01-05 16:05:02,14273,14273,14273,2,-2
2023-01-05 16:05:02,14273,14273,14273,2,0
2023-01-05 16:05:02,14273,14273,14273,2,0
2023-01-05 16:05:02,14273,14273,14273,2,0
2023-01-05 16:05:02,14273,14273,14273,2,0
