2022-11-04 15:00:00.043,13045,13046,13050,149,149
2022-11-04 15:00:00.047,13049,13050,13049,1,-1
2022-11-04 15:00:00.047,13049,13050,13049,1,-1
2022-11-04 15:00:00.060,13049,13050,13050,1,1
2022-11-04 15:00:00.072,13048,13050,13050,2,2
2022-11-04 15:00:00.125,13048,13050,13050,1,1
2022-11-04 15:00:00.174,13048,13050,13048,1,-1
2022-11-04 15:00:00.219,13048,13050,13050,8,8
2022-11-04 15:00:00.219,13048,13050,13050,1,1
2022-11-04 15:00:00.229,13048,13051,13051,1,1
2022-11-04 15:00:00.248,13048,13051,13048,1,-1
2022-11-04 15:00:00.252,13048,13051,13051,2,2
2022-11-04 15:00:00.261,13048,13051,13049,1,-1
2022-11-04 15:00:00.263,13048,13051,13050,1,1
2022-11-04 15:00:00.288,13048,13051,13050,2,2
2022-11-04 15:00:00.288,13048,13051,13051,2,2
2022-11-04 15:00:00.292,13048,13051,13051,3,3
2022-11-04 15:00:00.295,13048,13051,13052,3,3
2022-11-04 15:00:00.310,13048,13051,13052,1,1
2022-11-04 15:00:00.314,13048,13051,13053,2,2
2022-11-04 15:00:00.321,13048,13051,13051,3,3
2022-11-04 15:00:00.341,13048,13051,13052,3,3
2022-11-04 15:00:00.341,13048,13051,13053,2,2
2022-11-04 15:00:00.341,13048,13051,13054,1,1
2022-11-04 15:00:00.343,13048,13051,13054,1,1
2022-11-04 15:00:00.424,13050,13053,13053,2,2
2022-11-04 15:00:00.446,13050,13053,13052,1,1
2022-11-04 15:00:00.466,13050,13053,13052,2,2
2022-11-04 15:00:00.501,13051,13052,13053,3,3
2022-11-04 15:00:00.501,13051,13052,13054,2,2
2022-11-04 15:00:00.515,13051,13052,13053,1,1
2022-11-04 15:00:00.529,13051,13052,13053,3,3
2022-11-04 15:00:00.530,13051,13052,13054,2,2
2022-11-04 15:00:00.540,13051,13052,13054,2,2
2022-11-04 15:00:00.545,13051,13052,13054,2,2
2022-11-04 15:00:00.545,13051,13052,13055,1,1
2022-11-04 15:00:00.565,13051,13052,13054,1,1
2022-11-04 15:00:00.592,13051,13052,13054,1,1
2022-11-04 15:00:00.594,13051,13052,13054,1,1
2022-11-04 15:00:00.594,13051,13052,13055,1,1
2022-11-04 15:00:00.615,13053,13055,13055,3,3
2022-11-04 15:00:00.635,13053,13055,13055,2,2
2022-11-04 15:00:00.698,13053,13055,13055,1,1
2022-11-04 15:00:00.699,13053,13055,13055,1,1
2022-11-04 15:00:00.699,13053,13055,13055,1,1
2022-11-04 15:00:00.700,13053,13055,13054,2,2
2022-11-04 15:00:00.701,13053,13055,13053,1,-1
2022-11-04 15:00:00.718,13053,13055,13054,1,-1
2022-11-04 15:00:00.725,13053,13054,13055,2,2
2022-11-04 15:00:00.735,13053,13054,13055,1,1
2022-11-04 15:00:00.735,13053,13054,13057,2,2
2022-11-04 15:00:00.735,13053,13054,13057,1,1
2022-11-04 15:00:00.768,13053,13054,13057,1,1
2022-11-04 15:00:00.795,13053,13054,13057,1,1
2022-11-04 15:00:00.851,13055,13057,13057,1,1
2022-11-04 15:00:00.875,13055,13057,13057,1,1
2022-11-04 15:00:00.896,13055,13057,13057,1,1
2022-11-04 15:00:00.896,13055,13057,13057,1,1
2022-11-04 15:00:00.897,13055,13057,13056,1,1
2022-11-04 15:00:00.923,13055,13057,13057,1,1
2022-11-04 15:00:00.924,13055,13057,13056,1,1
2022-11-04 15:00:00.926,13055,13057,13057,1,1
2022-11-04 15:00:00.940,13055,13057,13056,1,1
2022-11-04 15:00:00.993,13055,13057,13055,2,-2
2022-11-04 15:00:01.059,13055,13057,13054,1,-1
2022-11-04 15:00:01.061,13055,13057,13056,3,-3
2022-11-04 15:00:01.061,13055,13057,13057,5,5
2022-11-04 15:00:01.061,13055,13057,13057,22,22
2022-11-04 15:00:01.102,13055,13056,13056,1,1
2022-11-04 15:00:01.102,13055,13056,13057,3,3
2022-11-04 15:00:01.134,13055,13056,13058,1,1
2022-11-04 15:00:01.156,13055,13056,13056,2,2
2022-11-04 15:00:01.156,13055,13056,13055,1,-1
2022-11-04 15:00:01.163,13055,13056,13057,3,3
2022-11-04 15:00:01.164,13055,13056,13058,1,1
2022-11-04 15:00:01.165,13055,13056,13058,1,1
2022-11-04 15:00:01.203,13055,13056,13057,1,1
2022-11-04 15:00:01.243,13055,13056,13055,3,-3
2022-11-04 15:00:01.252,13055,13056,13056,1,1
2022-11-04 15:00:01.253,13055,13056,13055,1,-1
2022-11-04 15:00:01.319,13055,13056,13056,1,1
2022-11-04 15:00:01.321,13055,13056,13056,1,1
2022-11-04 15:00:01.322,13055,13056,13056,1,1
2022-11-04 15:00:01.337,13055,13056,13055,1,-1
2022-11-04 15:00:01.341,13055,13056,13056,1,1
2022-11-04 15:00:01.370,13054,13056,13056,1,1
2022-11-04 15:00:01.401,13054,13056,13056,3,3
2022-11-04 15:00:01.421,13054,13056,13057,1,1
2022-11-04 15:00:01.445,13054,13056,13057,1,1
2022-11-04 15:00:01.523,13055,13057,13055,2,-2
2022-11-04 15:00:01.562,13055,13057,13055,1,-1
2022-11-04 15:00:01.634,13054,13056,13055,1,-1
2022-11-04 15:00:01.726,13054,13056,13056,1,1
2022-11-04 15:00:01.734,13054,13056,13056,1,1
2022-11-04 15:00:01.735,13054,13056,13056,3,3
2022-11-04 15:00:01.737,13054,13056,13056,1,1
2022-11-04 15:00:01.757,13054,13056,13056,1,1
2022-11-04 15:00:01.757,13054,13056,13055,3,3
2022-11-04 15:00:01.762,13054,13056,13055,1,1
2022-11-04 15:00:01.779,13054,13056,13057,1,1
2022-11-04 15:00:01.809,13054,13056,13056,1,1
2022-11-04 15:00:01.849,13055,13057,13057,1,1
2022-11-04 15:00:01.859,13055,13057,13057,1,1
2022-11-04 15:00:01.886,13055,13057,13057,2,2
2022-11-04 15:00:01.974,13055,13057,13056,1,1
2022-11-04 15:00:02.061,13055,13057,13055,2,-2
2022-11-04 15:00:02.154,13054,13056,13056,1,1
2022-11-04 15:00:02.158,13054,13056,13054,3,-3
2022-11-04 15:00:02.184,13054,13056,13055,1,-1
2022-11-04 15:00:02.440,13053,13055,13053,1,-1
2022-11-04 15:00:02.441,13053,13055,13053,2,-2
2022-11-04 15:00:02.441,13053,13055,13052,7,-7
2022-11-04 15:00:02.457,13053,13055,13052,1,-1
2022-11-04 15:00:02.471,13053,13055,13051,1,-1
2022-11-04 15:00:02.492,13051,13052,13052,1,1
2022-11-04 15:00:02.525,13051,13052,13052,1,1
2022-11-04 15:00:02.619,13051,13052,13051,1,-1
2022-11-04 15:00:02.696,13051,13052,13052,10,10
2022-11-04 15:00:02.696,13051,13052,13052,1,1
2022-11-04 15:00:02.696,13051,13052,13052,1,1
2022-11-04 15:00:02.697,13051,13052,13052,5,5
2022-11-04 15:00:03.007,13051,13053,13053,1,1
2022-11-04 15:00:03.025,13051,13053,13053,1,1
2022-11-04 15:00:03.028,13051,13053,13053,4,4
2022-11-04 15:00:03.178,13052,13054,13051,3,-3
2022-11-04 15:00:03.184,13052,13054,13053,1,-1
2022-11-04 15:00:03.236,13051,13053,13053,2,2
2022-11-04 15:00:03.393,13052,13053,13053,1,1
2022-11-04 15:00:03.477,13051,13053,13053,1,1
2022-11-04 15:00:03.510,13051,13053,13054,1,1
2022-11-04 15:00:03.732,13051,13053,13051,1,-1
2022-11-04 15:00:03.797,13051,13053,13051,2,-2
2022-11-04 15:00:03.797,13051,13053,13050,9,-9
2022-11-04 15:00:03.832,13051,13053,13052,1,-1
2022-11-04 15:00:03.986,13050,13052,13050,1,-1
2022-11-04 15:00:03.986,13050,13052,13050,1,-1
2022-11-04 15:00:04.197,13049,13051,13051,1,1
2022-11-04 15:00:04.412,13049,13051,13051,1,1
2022-11-04 15:00:04.515,13049,13051,13051,1,1
2022-11-04 15:00:04.534,13049,13051,13051,1,1
2022-11-04 15:00:04.624,13049,13051,13049,1,-1
2022-11-04 15:00:04.857,13049,13051,13051,1,1
2022-11-04 15:00:05.218,13049,13051,13051,1,1
2022-11-04 15:00:05.542,13049,13051,13051,1,1
2022-11-04 15:00:05.641,13050,13051,13050,1,-1
2022-11-04 15:00:05.642,13050,13051,13050,1,-1
2022-11-04 15:00:05.680,13050,13051,13050,1,-1
2022-11-04 15:00:06.004,13049,13050,13049,2,-2
2022-11-04 15:00:06.255,13048,13050,13048,1,-1
2022-11-04 15:00:06.409,13048,13049,13049,1,1
2022-11-04 15:00:06.610,13048,13049,13049,1,1
2022-11-04 15:00:07.289,13048,13050,13050,3,3
2022-11-04 15:00:07.291,13048,13050,13051,4,4
2022-11-04 15:00:07.558,13050,13052,13050,5,-5
2022-11-04 15:00:08.023,13050,13052,13050,1,-1
2022-11-04 15:00:08.210,13050,13052,13050,1,-1
2022-11-04 15:00:08.288,13050,13052,13051,5,-5
2022-11-04 15:00:08.372,13050,13052,13050,1,-1
2022-11-04 15:00:08.497,13050,13052,13052,1,1
2022-11-04 15:00:08.633,13050,13052,13052,3,3
2022-11-04 15:00:08.720,13050,13052,13051,1,1
2022-11-04 15:00:08.977,13052,13053,13052,1,-1
2022-11-04 15:00:08.977,13052,13053,13052,2,-2
2022-11-04 15:00:08.977,13052,13053,13052,1,-1
2022-11-04 15:00:08.977,13052,13053,13052,1,-1
2022-11-04 15:00:08.977,13052,13053,13051,3,-3
2022-11-04 15:00:08.978,13052,13053,13052,11,-11
2022-11-04 15:00:09.150,13051,13053,13051,1,-1
2022-11-04 15:00:09.539,13051,13053,13051,1,-1
2022-11-04 15:00:09.767,13051,13053,13052,1,-1
2022-11-04 15:00:09.899,13051,13053,13053,1,1
2022-11-04 15:00:09.977,13051,13053,13052,5,5
2022-11-04 15:00:10.433,13051,13053,13053,4,4
2022-11-04 15:00:10.553,13051,13053,13052,2,2
2022-11-04 15:00:10.716,13051,13053,13053,2,2
2022-11-04 15:00:10.904,13052,13053,13053,2,2
2022-11-04 15:00:10.908,13052,13053,13052,1,-1
2022-11-04 15:00:10.951,13052,13053,13051,3,-3
2022-11-04 15:00:10.964,13052,13053,13052,1,-1
2022-11-04 15:00:11.090,13051,13052,13051,2,-2
2022-11-04 15:00:11.090,13051,13052,13051,2,-2
2022-11-04 15:00:11.090,13051,13052,13051,2,-2
2022-11-04 15:00:11.095,13051,13052,13051,1,-1
2022-11-04 15:00:11.278,13050,13051,13051,1,1
2022-11-04 15:00:11.300,13050,13051,13051,2,2
2022-11-04 15:00:11.401,13050,13052,13052,1,1
2022-11-04 15:00:11.422,13050,13052,13050,1,-1
2022-11-04 15:00:11.427,13050,13052,13050,1,-1
2022-11-04 15:00:11.667,13050,13052,13052,2,2
2022-11-04 15:00:12.128,13051,13052,13052,1,1
2022-11-04 15:00:12.376,13051,13052,13051,1,-1
2022-11-04 15:00:12.597,13051,13052,13051,3,-3
2022-11-04 15:00:12.640,13050,13052,13051,1,-1
2022-11-04 15:00:13.096,13050,13051,13051,2,2
2022-11-04 15:00:13.134,13050,13051,13050,1,-1
2022-11-04 15:00:13.199,13050,13051,13051,1,1
2022-11-04 15:00:13.548,13050,13051,13050,1,-1
2022-11-04 15:00:13.653,13050,13051,13050,1,-1
2022-11-04 15:00:13.653,13050,13051,13049,1,-1
2022-11-04 15:00:13.812,13049,13050,13050,1,1
2022-11-04 15:00:13.815,13049,13050,13049,1,-1
2022-11-04 15:00:14.008,13049,13050,13050,3,3
2022-11-04 15:00:14.041,13049,13050,13049,1,-1
2022-11-04 15:00:14.210,13049,13051,13051,2,2
2022-11-04 15:00:14.241,13050,13052,13052,1,1
2022-11-04 15:00:14.278,13050,13052,13052,1,1
2022-11-04 15:00:14.846,13050,13052,13050,1,-1
2022-11-04 15:00:15.313,13050,13051,13051,1,1
2022-11-04 15:00:15.341,13050,13051,13052,1,1
2022-11-04 15:00:15.341,13050,13051,13052,1,1
2022-11-04 15:00:15.832,13050,13052,13050,1,-1
2022-11-04 15:00:15.946,13050,13052,13051,1,-1
2022-11-04 15:00:16.182,13050,13051,13051,3,3
2022-11-04 15:00:16.182,13050,13051,13052,1,1
2022-11-04 15:00:16.564,13050,13051,13051,1,1
2022-11-04 15:00:16.655,13050,13052,13050,1,-1
2022-11-04 15:00:16.714,13050,13052,13052,1,1
2022-11-04 15:00:17.112,13050,13051,13051,1,1
2022-11-04 15:00:17.146,13050,13051,13051,1,1
2022-11-04 15:00:17.367,13050,13052,13050,1,-1
2022-11-04 15:00:17.686,13050,13051,13050,5,-5
2022-11-04 15:00:17.705,13050,13051,13051,2,2
2022-11-04 15:00:17.723,13049,13051,13051,1,1
2022-11-04 15:00:17.748,13049,13051,13051,2,2
2022-11-04 15:00:17.758,13049,13051,13051,1,1
2022-11-04 15:00:17.762,13049,13051,13052,1,1
2022-11-04 15:00:18.209,13050,13052,13050,4,-4
2022-11-04 15:00:18.238,13050,13051,13051,1,1
2022-11-04 15:00:18.514,13050,13051,13051,1,1
2022-11-04 15:00:18.672,13050,13052,13052,1,1
2022-11-04 15:00:19.978,13050,13052,13052,1,1
2022-11-04 15:00:20.559,13050,13051,13050,7,-7
2022-11-04 15:00:20.777,13049,13051,13051,1,1
2022-11-04 15:00:21.078,13049,13051,13049,9,-9
2022-11-04 15:00:21.726,13048,13049,13049,1,1
2022-11-04 15:00:21.976,13049,13050,13050,1,1
2022-11-04 15:00:22.456,13049,13051,13049,3,-3
2022-11-04 15:00:22.663,13049,13050,13050,1,1
2022-11-04 15:00:24.629,13049,13051,13049,10,-10
2022-11-04 15:00:24.630,13049,13051,13049,4,-4
2022-11-04 15:00:24.630,13049,13051,13049,1,-1
2022-11-04 15:00:24.631,13049,13051,13049,4,-4
2022-11-04 15:00:24.666,13049,13051,13050,1,-1
2022-11-04 15:00:25.866,13049,13050,13049,1,-1
2022-11-04 15:00:26.375,13048,13050,13048,1,-1
2022-11-04 15:00:26.377,13048,13050,13048,4,-4
2022-11-04 15:00:26.510,13047,13049,13049,2,2
2022-11-04 15:00:26.548,13047,13049,13049,2,2
2022-11-04 15:00:27.918,13047,13049,13049,1,1
2022-11-04 15:00:28.573,13048,13049,13048,1,-1
2022-11-04 15:00:29.570,13048,13049,13049,4,4
2022-11-04 15:00:29.570,13048,13049,13050,1,1
2022-11-04 15:00:30.510,13048,13049,13048,2,-2
2022-11-04 15:00:30.882,13048,13049,13049,1,1
2022-11-04 15:00:31.551,13048,13050,13048,5,-5
2022-11-04 15:00:32.201,13048,13050,13048,3,-3
2022-11-04 15:00:32.859,13048,13049,13048,1,-1
2022-11-04 15:00:35.034,13048,13049,13048,1,-1
2022-11-04 15:00:36.442,13048,13049,13048,1,-1
2022-11-04 15:00:37.144,13048,13049,13049,2,2
2022-11-04 15:00:37.645,13048,13049,13049,2,2
2022-11-04 15:00:37.645,13048,13049,13049,1,1
2022-11-04 15:00:37.646,13048,13049,13049,1,1
2022-11-04 15:00:37.646,13048,13049,13049,1,1
2022-11-04 15:00:37.646,13048,13049,13049,10,10
2022-11-04 15:00:38.170,13048,13050,13049,5,5
2022-11-04 15:00:39.781,13048,13049,13049,1,1
2022-11-04 15:00:40.029,13048,13049,13049,5,5
2022-11-04 15:00:41.538,13048,13050,13050,2,2
2022-11-04 15:00:41.750,13048,13050,13048,1,-1
2022-11-04 15:00:41.784,13048,13050,13050,1,1
2022-11-04 15:00:41.810,13048,13050,13048,1,-1
2022-11-04 15:00:42.030,13048,13050,13049,1,-1
2022-11-04 15:00:42.292,13048,13050,13048,2,-2
2022-11-04 15:00:42.668,13049,13050,13049,1,-1
2022-11-04 15:00:43.712,13048,13049,13049,1,1
2022-11-04 15:00:44.069,13048,13049,13049,4,4
2022-11-04 15:00:44.328,13049,13050,13049,1,-1
2022-11-04 15:00:44.328,13049,13050,13048,1,-1
2022-11-04 15:00:44.801,13048,13049,13048,18,-18
2022-11-04 15:00:45.581,13048,13049,13048,8,-8
2022-11-04 15:00:47.590,13048,13049,13048,1,-1
2022-11-04 15:00:49.642,13047,13049,13047,1,-1
2022-11-04 15:00:50.592,13047,13048,13048,1,1
2022-11-04 15:00:53.248,13047,13048,13047,2,-2
2022-11-04 15:00:53.625,13047,13048,13048,2,2
2022-11-04 15:00:53.629,13047,13048,13048,2,2
2022-11-04 15:00:53.790,13047,13049,13049,2,2
2022-11-04 15:00:54.263,13048,13049,13049,17,17
2022-11-04 15:00:54.264,13048,13049,13050,7,7
2022-11-04 15:00:54.265,13048,13049,13050,9,9
2022-11-04 15:00:54.265,13048,13049,13050,9,9
2022-11-04 15:00:54.265,13048,13049,13050,1,1
2022-11-04 15:00:54.266,13048,13049,13050,2,2
2022-11-04 15:00:54.266,13048,13049,13050,1,1
2022-11-04 15:00:54.266,13048,13049,13050,2,2
2022-11-04 15:00:54.266,13048,13049,13050,1,1
2022-11-04 15:00:54.266,13048,13049,13050,2,2
2022-11-04 15:00:54.304,13048,13049,13050,1,1
2022-11-04 15:00:55.460,13049,13050,13049,1,-1
2022-11-04 15:00:55.825,13048,13050,13049,1,-1
2022-11-04 15:00:56.786,13049,13050,13050,2,2
2022-11-04 15:00:57.556,13049,13051,13050,2,2
2022-11-04 15:00:58.134,13049,13050,13050,1,1
2022-11-04 15:00:59.178,13049,13050,13050,2,2
2022-11-04 15:00:59.438,13050,13051,13051,1,1
2022-11-04 15:00:59.882,13050,13051,13051,1,1
2022-11-04 15:01:00.026,13050,13051,13051,1,1
2022-11-04 15:01:00.029,13050,13051,13050,6,-6
2022-11-04 15:01:00.083,13050,13051,13051,13,13
2022-11-04 15:01:00.083,13050,13051,13051,14,14
2022-11-04 15:01:00.089,13050,13051,13052,2,2
2022-11-04 15:01:00.102,13051,13052,13051,1,-1
2022-11-04 15:01:00.103,13051,13052,13051,1,-1
2022-11-04 15:01:00.103,13051,13052,13050,1,-1
2022-11-04 15:01:00.106,13051,13052,13052,2,2
2022-11-04 15:01:00.131,13051,13052,13052,2,2
2022-11-04 15:01:00.137,13051,13052,13052,2,2
2022-11-04 15:01:00.167,13051,13052,13052,1,1
2022-11-04 15:01:00.186,13051,13052,13052,1,1
2022-11-04 15:01:00.186,13051,13052,13052,3,3
2022-11-04 15:01:00.187,13051,13052,13052,1,1
2022-11-04 15:01:00.455,13051,13053,13051,2,-2
2022-11-04 15:01:00.592,13051,13053,13053,1,1
2022-11-04 15:01:00.592,13051,13053,13053,1,1
2022-11-04 15:01:00.592,13051,13053,13053,1,1
2022-11-04 15:01:00.592,13051,13053,13053,2,2
2022-11-04 15:01:00.782,13053,13054,13054,4,4
2022-11-04 15:01:00.783,13053,13054,13054,4,4
2022-11-04 15:01:00.784,13053,13054,13054,2,2
2022-11-04 15:01:00.784,13053,13054,13054,9,9
2022-11-04 15:01:01.494,13054,13055,13055,1,1
2022-11-04 15:01:01.494,13054,13055,13055,7,7
2022-11-04 15:01:01.494,13054,13055,13055,1,1
2022-11-04 15:01:01.494,13054,13055,13055,1,1
2022-11-04 15:01:01.495,13054,13055,13055,1,1
2022-11-04 15:01:01.495,13054,13055,13055,1,1
2022-11-04 15:01:01.495,13054,13055,13055,1,1
2022-11-04 15:01:01.495,13054,13055,13055,1,1
2022-11-04 15:01:01.495,13054,13055,13055,5,5
2022-11-04 15:01:01.496,13054,13055,13055,1,1
2022-11-04 15:01:01.733,13054,13055,13055,1,1
2022-11-04 15:01:02.055,13054,13055,13054,1,-1
2022-11-04 15:01:02.064,13054,13055,13054,1,-1
2022-11-04 15:01:02.064,13054,13055,13054,1,-1
2022-11-04 15:01:03.001,13052,13054,13052,2,-2
2022-11-04 15:01:03.642,13052,13053,13052,1,-1
2022-11-04 15:01:05.385,13051,13052,13051,1,-1
2022-11-04 15:01:06.249,13051,13053,13053,5,5
2022-11-04 15:01:06.561,13052,13053,13053,1,1
2022-11-04 15:01:07.138,13052,13053,13052,1,-1
2022-11-04 15:01:07.928,13052,13053,13052,2,-2
2022-11-04 15:01:07.949,13052,13053,13052,1,-1
2022-11-04 15:01:08.256,13052,13053,13053,2,2
2022-11-04 15:01:08.533,13052,13053,13053,2,2
2022-11-04 15:01:08.591,13052,13053,13054,3,3
2022-11-04 15:01:09.080,13053,13054,13053,2,-2
2022-11-04 15:01:10.523,13052,13054,13054,11,11
2022-11-04 15:01:10.523,13052,13054,13055,22,22
2022-11-04 15:01:10.523,13052,13054,13055,2,2
2022-11-04 15:01:10.524,13052,13054,13055,1,1
2022-11-04 15:01:10.524,13052,13054,13055,2,2
2022-11-04 15:01:10.524,13052,13054,13055,1,1
2022-11-04 15:01:10.524,13052,13054,13055,1,1
2022-11-04 15:01:10.525,13052,13054,13055,5,5
2022-11-04 15:01:10.525,13052,13054,13055,1,1
2022-11-04 15:01:10.525,13052,13054,13055,2,2
2022-11-04 15:01:10.581,13052,13054,13055,1,1
2022-11-04 15:01:11.302,13055,13056,13055,1,-1
2022-11-04 15:01:11.626,13055,13056,13055,1,-1
2022-11-04 15:01:11.626,13055,13056,13054,1,-1
2022-11-04 15:01:12.071,13055,13056,13055,1,-1
2022-11-04 15:01:12.664,13055,13056,13055,1,-1
2022-11-04 15:01:12.664,13055,13056,13054,1,-1
2022-11-04 15:01:12.694,13055,13056,13054,1,-1
2022-11-04 15:01:14.093,13054,13056,13056,1,1
2022-11-04 15:01:14.745,13054,13055,13055,1,1
2022-11-04 15:01:14.745,13054,13055,13055,1,1
2022-11-04 15:01:14.877,13054,13056,13054,1,-1
2022-11-04 15:01:15.415,13054,13056,13055,1,-1
2022-11-04 15:01:17.141,13054,13056,13056,1,1
2022-11-04 15:01:17.225,13055,13056,13055,1,-1
2022-11-04 15:01:17.601,13055,13056,13056,4,4
2022-11-04 15:01:17.601,13055,13056,13057,15,15
2022-11-04 15:01:17.919,13057,13058,13057,14,-14
2022-11-04 15:01:20.044,13057,13058,13058,2,2
2022-11-04 15:01:20.101,13057,13059,13057,1,-1
2022-11-04 15:01:20.101,13057,13059,13057,1,-1
2022-11-04 15:01:20.731,13058,13059,13058,1,-1
2022-11-04 15:01:20.880,13058,13059,13059,5,5
2022-11-04 15:01:21.033,13058,13059,13059,3,3
2022-11-04 15:01:21.131,13058,13059,13059,1,1
2022-11-04 15:01:21.638,13059,13060,13060,2,2
2022-11-04 15:01:21.639,13059,13060,13060,12,12
2022-11-04 15:01:21.639,13059,13060,13060,6,6
2022-11-04 15:01:21.639,13059,13060,13060,1,1
2022-11-04 15:01:21.639,13059,13060,13060,2,2
2022-11-04 15:01:21.639,13059,13060,13060,1,1
2022-11-04 15:01:21.639,13059,13060,13060,1,1
2022-11-04 15:01:21.639,13059,13060,13060,4,4
2022-11-04 15:01:21.817,13059,13061,13061,12,12
2022-11-04 15:01:21.817,13059,13061,13062,10,10
2022-11-04 15:01:21.818,13059,13061,13061,1,1
2022-11-04 15:01:21.819,13059,13061,13061,1,1
2022-11-04 15:01:21.831,13059,13061,13059,1,-1
2022-11-04 15:01:21.856,13059,13061,13061,1,1
2022-11-04 15:01:21.948,13059,13061,13059,1,-1
2022-11-04 15:01:21.956,13059,13061,13061,2,2
2022-11-04 15:01:22.025,13059,13061,13059,2,-2
2022-11-04 15:01:22.059,13059,13061,13059,2,-2
2022-11-04 15:01:22.272,13059,13060,13060,1,1
2022-11-04 15:01:23.916,13059,13060,13060,2,2
2022-11-04 15:01:24.212,13059,13061,13061,2,2
2022-11-04 15:01:24.756,13059,13060,13060,1,1
2022-11-04 15:01:24.912,13059,13060,13060,2,2
2022-11-04 15:01:25.152,13059,13060,13060,1,1
2022-11-04 15:01:25.526,13060,13062,13060,1,-1
2022-11-04 15:01:25.673,13060,13062,13060,1,-1
2022-11-04 15:01:27.901,13060,13061,13060,1,-1
2022-11-04 15:01:27.944,13060,13061,13060,5,-5
2022-11-04 15:01:28.528,13059,13061,13059,1,-1
2022-11-04 15:01:28.963,13059,13060,13060,1,1
2022-11-04 15:01:29.581,13059,13060,13060,1,1
2022-11-04 15:01:29.581,13059,13060,13061,3,3
2022-11-04 15:01:30.954,13060,13061,13061,1,1
2022-11-04 15:01:31.386,13060,13061,13060,1,-1
2022-11-04 15:01:32.529,13059,13060,13059,1,-1
2022-11-04 15:01:32.529,13059,13060,13059,1,-1
2022-11-04 15:01:32.529,13059,13060,13059,1,-1
2022-11-04 15:01:33.329,13058,13059,13059,2,2
2022-11-04 15:01:33.760,13058,13060,13060,1,1
2022-11-04 15:01:33.993,13058,13060,13058,1,-1
2022-11-04 15:01:34.253,13057,13058,13058,1,1
2022-11-04 15:01:34.404,13057,13059,13057,1,-1
2022-11-04 15:01:34.440,13057,13059,13057,2,-2
2022-11-04 15:01:35.056,13057,13059,13057,1,-1
2022-11-04 15:01:35.344,13057,13058,13058,1,1
2022-11-04 15:01:35.546,13057,13059,13059,2,2
2022-11-04 15:01:36.741,13057,13059,13059,1,1
2022-11-04 15:01:36.768,13057,13059,13059,1,1
2022-11-04 15:01:37.969,13057,13059,13058,4,4
2022-11-04 15:01:38.493,13057,13058,13058,3,3
2022-11-04 15:01:38.493,13057,13058,13059,2,2
2022-11-04 15:01:38.600,13057,13059,13057,1,-1
2022-11-04 15:01:38.600,13057,13059,13057,1,-1
2022-11-04 15:01:38.902,13057,13059,13059,1,1
2022-11-04 15:01:38.986,13057,13059,13059,1,1
2022-11-04 15:01:39.171,13057,13059,13057,11,-11
2022-11-04 15:01:39.252,13056,13057,13056,1,-1
2022-11-04 15:01:39.612,13056,13057,13057,1,1
2022-11-04 15:01:39.643,13056,13057,13057,1,1
2022-11-04 15:01:40.273,13056,13057,13056,1,-1
2022-11-04 15:01:40.273,13056,13057,13056,1,-1
2022-11-04 15:01:40.273,13056,13057,13056,7,-7
2022-11-04 15:01:40.273,13056,13057,13056,5,-5
2022-11-04 15:01:40.720,13055,13056,13056,1,1
2022-11-04 15:01:42.002,13055,13056,13055,10,-10
2022-11-04 15:01:42.778,13054,13055,13054,1,-1
2022-11-04 15:01:42.992,13054,13055,13055,1,1
2022-11-04 15:01:43.188,13054,13056,13056,1,1
2022-11-04 15:01:43.244,13054,13055,13055,1,1
2022-11-04 15:01:43.244,13054,13055,13056,14,14
2022-11-04 15:01:43.244,13054,13055,13057,5,5
2022-11-04 15:01:43.450,13055,13057,13055,1,-1
2022-11-04 15:01:44.534,13056,13057,13057,1,1
2022-11-04 15:01:44.534,13056,13057,13058,1,1
2022-11-04 15:01:46.075,13057,13058,13058,1,1
2022-11-04 15:01:46.433,13057,13058,13059,1,1
2022-11-04 15:01:47.561,13057,13058,13058,5,5
2022-11-04 15:01:47.980,13057,13059,13057,2,-2
2022-11-04 15:01:50.225,13057,13059,13059,1,1
2022-11-04 15:01:50.459,13057,13059,13058,1,1
2022-11-04 15:01:54.740,13058,13059,13059,2,2
2022-11-04 15:01:55.650,13058,13059,13058,1,-1
2022-11-04 15:01:58.586,13058,13059,13058,1,-1
2022-11-04 15:01:58.645,13058,13059,13059,1,1
2022-11-04 15:01:58.852,13058,13059,13058,5,-5
2022-11-04 15:01:58.854,13058,13059,13058,1,-1
2022-11-04 15:01:59.989,13058,13059,13059,1,1
2022-11-04 15:01:59.989,13058,13059,13059,1,1
2022-11-04 15:02:00.217,13058,13059,13059,1,1
2022-11-04 15:02:00.217,13058,13059,13059,6,6
2022-11-04 15:02:00.276,13058,13060,13060,1,1
2022-11-04 15:02:00.610,13058,13060,13060,1,1
2022-11-04 15:02:01.011,13058,13060,13060,12,12
2022-11-04 15:02:01.426,13059,13060,13059,1,-1
2022-11-04 15:02:02.080,13058,13060,13060,1,1
2022-11-04 15:02:02.975,13058,13060,13058,1,-1
2022-11-04 15:02:03.560,13059,13060,13060,2,2
2022-11-04 15:02:04.700,13059,13060,13060,2,2
2022-11-04 15:02:06.673,13059,13060,13060,9,9
2022-11-04 15:02:07.218,13059,13061,13061,1,1
2022-11-04 15:02:07.757,13060,13061,13060,2,-2
2022-11-04 15:02:08.095,13060,13061,13061,1,1
2022-11-04 15:02:09.600,13060,13061,13060,1,-1
2022-11-04 15:02:09.616,13060,13061,13061,4,4
2022-11-04 15:02:09.686,13060,13061,13060,2,-2
2022-11-04 15:02:11.225,13060,13061,13061,1,1
2022-11-04 15:02:11.709,13060,13061,13060,1,-1
2022-11-04 15:02:12.299,13059,13061,13061,11,11
2022-11-04 15:02:13.991,13059,13060,13060,1,1
2022-11-04 15:02:14.245,13059,13061,13061,1,1
2022-11-04 15:02:15.058,13059,13061,13060,1,1
2022-11-04 15:02:15.980,13059,13060,13060,5,5
2022-11-04 15:02:17.080,13059,13060,13060,1,1
2022-11-04 15:02:17.246,13059,13060,13060,1,1
2022-11-04 15:02:17.298,13059,13060,13060,1,1
2022-11-04 15:02:17.565,13059,13060,13060,1,1
2022-11-04 15:02:17.799,13059,13061,13059,2,-2
2022-11-04 15:02:17.799,13059,13061,13059,1,-1
2022-11-04 15:02:18.222,13058,13059,13059,6,6
2022-11-04 15:02:18.867,13058,13059,13058,1,-1
2022-11-04 15:02:18.867,13058,13059,13058,1,-1
2022-11-04 15:02:18.867,13058,13059,13058,5,-5
2022-11-04 15:02:19.692,13057,13058,13058,1,1
2022-11-04 15:02:19.692,13057,13058,13059,4,4
2022-11-04 15:02:20.192,13058,13059,13058,1,-1
2022-11-04 15:02:22.686,13057,13059,13059,10,10
2022-11-04 15:02:24.598,13058,13060,13058,1,-1
2022-11-04 15:02:25.261,13058,13060,13058,5,-5
2022-11-04 15:02:25.838,13058,13060,13060,1,1
2022-11-04 15:02:25.914,13059,13060,13059,2,-2
2022-11-04 15:02:29.129,13059,13060,13060,9,9
2022-11-04 15:02:29.129,13059,13060,13061,21,21
2022-11-04 15:02:29.132,13059,13060,13061,1,1
2022-11-04 15:02:30.531,13061,13062,13061,1,-1
2022-11-04 15:02:32.121,13061,13062,13062,4,4
2022-11-04 15:02:32.398,13061,13062,13061,1,-1
2022-11-04 15:02:32.433,13061,13062,13061,1,-1
2022-11-04 15:02:32.463,13061,13062,13061,1,-1
2022-11-04 15:02:32.484,13061,13062,13061,1,-1
2022-11-04 15:02:32.516,13061,13062,13061,1,-1
2022-11-04 15:02:32.516,13061,13062,13061,14,-14
2022-11-04 15:02:35.522,13060,13061,13061,1,1
2022-11-04 15:02:36.870,13060,13061,13060,1,-1
2022-11-04 15:02:37.047,13059,13061,13059,1,-1
2022-11-04 15:02:38.755,13060,13061,13061,5,5
2022-11-04 15:02:39.074,13061,13062,13061,1,-1
2022-11-04 15:02:40.081,13061,13062,13062,1,1
2022-11-04 15:02:40.393,13061,13062,13061,1,-1
2022-11-04 15:02:40.749,13061,13062,13061,3,-3
2022-11-04 15:02:40.749,13061,13062,13060,2,-2
2022-11-04 15:02:40.751,13061,13062,13060,5,-5
2022-11-04 15:02:40.755,13061,13062,13060,5,-5
2022-11-04 15:02:40.756,13061,13062,13059,5,-5
2022-11-04 15:02:41.544,13060,13062,13062,1,1
2022-11-04 15:02:42.375,13060,13062,13060,3,-3
2022-11-04 15:02:42.390,13060,13062,13060,5,-5
2022-11-04 15:02:42.422,13060,13062,13059,5,-5
2022-11-04 15:02:42.426,13060,13062,13061,1,-1
2022-11-04 15:02:42.427,13060,13062,13059,5,-5
2022-11-04 15:02:42.431,13060,13062,13059,2,-2
2022-11-04 15:02:42.866,13059,13061,13061,2,2
2022-11-04 15:02:45.756,13059,13061,13061,2,2
2022-11-04 15:02:45.844,13059,13061,13061,4,4
2022-11-04 15:02:46.185,13061,13062,13062,1,1
2022-11-04 15:02:46.185,13061,13062,13062,1,1
2022-11-04 15:02:46.185,13061,13062,13062,7,7
2022-11-04 15:02:46.287,13062,13063,13062,1,-1
2022-11-04 15:02:46.287,13062,13063,13061,9,-9
2022-11-04 15:02:46.391,13061,13063,13061,2,-2
2022-11-04 15:02:47.875,13059,13061,13061,1,1
2022-11-04 15:02:48.466,13060,13061,13060,1,-1
2022-11-04 15:02:49.229,13059,13061,13061,1,1
2022-11-04 15:02:50.609,13059,13061,13061,1,1
2022-11-04 15:02:54.239,13059,13060,13060,1,1
2022-11-04 15:02:54.287,13059,13060,13061,1,1
2022-11-04 15:02:54.869,13059,13060,13060,1,1
2022-11-04 15:02:55.077,13059,13060,13060,1,1
2022-11-04 15:02:55.850,13059,13060,13060,1,1
2022-11-04 15:02:55.977,13059,13060,13060,2,2
2022-11-04 15:02:57.141,13060,13061,13061,1,1
2022-11-04 15:02:57.141,13060,13061,13061,6,6
2022-11-04 15:02:57.316,13060,13061,13060,1,-1
2022-11-04 15:02:57.490,13060,13061,13061,1,1
2022-11-04 15:02:59.429,13060,13061,13061,1,1
2022-11-04 15:03:00.031,13060,13061,13061,4,4
2022-11-04 15:03:00.076,13060,13061,13061,2,2
2022-11-04 15:03:00.094,13060,13061,13061,3,3
2022-11-04 15:03:00.113,13061,13062,13062,1,1
2022-11-04 15:03:00.113,13061,13062,13062,1,1
2022-11-04 15:03:00.116,13061,13062,13063,2,2
2022-11-04 15:03:00.180,13061,13062,13063,2,2
2022-11-04 15:03:00.180,13061,13062,13064,1,1
2022-11-04 15:03:00.198,13061,13062,13064,3,3
2022-11-04 15:03:00.198,13061,13062,13064,4,4
2022-11-04 15:03:00.284,13062,13064,13064,1,1
2022-11-04 15:03:00.300,13062,13064,13064,1,1
2022-11-04 15:03:00.360,13063,13065,13065,1,1
2022-11-04 15:03:00.367,13063,13065,13065,2,2
2022-11-04 15:03:00.650,13063,13065,13065,10,10
2022-11-04 15:03:01.102,13063,13065,13063,1,-1
2022-11-04 15:03:01.446,13063,13065,13063,5,-5
2022-11-04 15:03:01.447,13063,13065,13063,1,-1
2022-11-04 15:03:01.463,13063,13065,13065,1,1
2022-11-04 15:03:01.517,13063,13065,13063,2,-2
2022-11-04 15:03:01.914,13062,13064,13064,1,1
2022-11-04 15:03:02.689,13062,13064,13062,3,-3
2022-11-04 15:03:02.719,13062,13064,13064,1,1
2022-11-04 15:03:03.890,13062,13063,13063,1,1
2022-11-04 15:03:03.890,13062,13063,13063,1,1
2022-11-04 15:03:04.134,13062,13063,13062,1,-1
2022-11-04 15:03:04.726,13061,13063,13063,1,1
2022-11-04 15:03:04.906,13061,13062,13062,1,1
2022-11-04 15:03:06.812,13061,13062,13061,1,-1
2022-11-04 15:03:06.812,13061,13062,13061,1,-1
2022-11-04 15:03:06.816,13061,13062,13061,1,-1
2022-11-04 15:03:06.962,13060,13061,13060,1,-1
2022-11-04 15:03:06.962,13060,13061,13060,1,-1
2022-11-04 15:03:06.962,13060,13061,13060,1,-1
2022-11-04 15:03:08.799,13060,13061,13060,1,-1
2022-11-04 15:03:11.989,13060,13061,13061,1,1
2022-11-04 15:03:12.501,13060,13061,13061,2,2
2022-11-04 15:03:12.627,13060,13061,13060,4,-4
2022-11-04 15:03:12.921,13060,13061,13060,1,-1
2022-11-04 15:03:12.921,13060,13061,13060,1,-1
2022-11-04 15:03:13.163,13059,13060,13059,5,-5
2022-11-04 15:03:13.807,13058,13060,13060,14,14
2022-11-04 15:03:13.807,13058,13060,13061,1,1
2022-11-04 15:03:14.044,13059,13061,13060,3,3
2022-11-04 15:03:14.459,13059,13061,13059,1,-1
2022-11-04 15:03:16.325,13059,13061,13059,1,-1
2022-11-04 15:03:19.655,13059,13060,13060,1,1
2022-11-04 15:03:23.767,13059,13060,13060,2,2
2022-11-04 15:03:25.359,13060,13061,13060,1,-1
2022-11-04 15:03:25.610,13059,13061,13059,1,-1
2022-11-04 15:03:26.219,13059,13061,13060,1,-1
2022-11-04 15:03:26.589,13059,13061,13061,1,1
2022-11-04 15:03:26.667,13059,13061,13061,2,2
2022-11-04 15:03:27.456,13059,13060,13059,7,-7
2022-11-04 15:03:27.548,13058,13060,13059,1,-1
2022-11-04 15:03:28.086,13058,13059,13058,1,-1
2022-11-04 15:03:28.096,13058,13059,13058,1,-1
2022-11-04 15:03:28.096,13058,13059,13058,1,-1
2022-11-04 15:03:28.096,13058,13059,13058,1,-1
2022-11-04 15:03:28.096,13058,13059,13058,2,-2
2022-11-04 15:03:28.096,13058,13059,13058,4,-4
2022-11-04 15:03:28.096,13058,13059,13058,5,-5
2022-11-04 15:03:28.096,13058,13059,13058,1,-1
2022-11-04 15:03:28.096,13058,13059,13058,2,-2
2022-11-04 15:03:28.096,13058,13059,13058,1,-1
2022-11-04 15:03:28.097,13058,13059,13058,1,-1
2022-11-04 15:03:28.097,13058,13059,13058,5,-5
2022-11-04 15:03:28.097,13058,13059,13058,6,-6
2022-11-04 15:03:28.271,13057,13059,13059,1,1
2022-11-04 15:03:28.481,13057,13059,13059,1,1
2022-11-04 15:03:28.515,13057,13059,13059,1,1
2022-11-04 15:03:28.630,13057,13059,13059,1,1
2022-11-04 15:03:31.555,13057,13059,13059,2,2
2022-11-04 15:03:35.405,13058,13059,13058,1,-1
2022-11-04 15:03:36.448,13057,13059,13059,1,1
2022-11-04 15:03:37.605,13057,13059,13057,1,-1
2022-11-04 15:03:39.636,13057,13058,13057,1,-1
2022-11-04 15:03:39.671,13057,13058,13057,9,-9
2022-11-04 15:03:39.779,13056,13058,13056,1,-1
2022-11-04 15:03:40.487,13056,13058,13058,1,1
2022-11-04 15:03:40.957,13057,13058,13057,1,-1
2022-11-04 15:03:41.498,13057,13058,13057,1,-1
2022-11-04 15:03:42.088,13057,13058,13057,3,-3
2022-11-04 15:03:42.477,13056,13057,13057,2,2
2022-11-04 15:03:45.483,13056,13058,13058,1,1
2022-11-04 15:03:46.968,13058,13059,13058,1,-1
2022-11-04 15:03:50.266,13058,13059,13058,1,-1
2022-11-04 15:03:50.912,13058,13059,13058,1,-1
2022-11-04 15:03:52.373,13058,13059,13058,1,-1
2022-11-04 15:03:53.051,13058,13059,13058,1,-1
2022-11-04 15:03:53.227,13057,13059,13059,8,8
2022-11-04 15:03:55.385,13058,13060,13059,1,1
2022-11-04 15:03:56.574,13059,13060,13060,1,1
2022-11-04 15:03:56.575,13059,13060,13060,9,9
2022-11-04 15:03:56.575,13059,13060,13060,14,14
2022-11-04 15:03:56.575,13059,13060,13060,4,4
2022-11-04 15:03:56.993,13060,13061,13059,15,-15
2022-11-04 15:03:57.551,13059,13061,13059,1,-1
2022-11-04 15:03:58.699,13059,13061,13061,1,1
2022-11-04 15:04:00.257,13060,13061,13061,1,1
2022-11-04 15:04:00.442,13060,13061,13061,3,3
2022-11-04 15:04:00.443,13060,13061,13061,1,1
2022-11-04 15:04:00.539,13061,13062,13061,3,-3
2022-11-04 15:04:01.393,13061,13062,13061,1,-1
2022-11-04 15:04:01.590,13061,13062,13061,1,-1
2022-11-04 15:04:02.308,13060,13062,13060,4,-4
2022-11-04 15:04:04.047,13060,13061,13061,1,1
2022-11-04 15:04:04.958,13060,13061,13061,1,1
2022-11-04 15:04:05.675,13060,13062,13060,1,-1
2022-11-04 15:04:11.975,13060,13061,13061,1,1
2022-11-04 15:04:13.237,13061,13062,13061,1,-1
2022-11-04 15:04:14.304,13060,13061,13060,9,-9
2022-11-04 15:04:16.234,13059,13060,13060,1,1
2022-11-04 15:04:16.234,13059,13060,13061,3,3
2022-11-04 15:04:20.919,13059,13061,13061,4,4
2022-11-04 15:04:25.812,13058,13060,13060,1,1
2022-11-04 15:04:26.387,13058,13060,13060,1,1
2022-11-04 15:04:26.639,13058,13060,13060,1,1
2022-11-04 15:04:27.388,13059,13061,13059,1,-1
2022-11-04 15:04:28.959,13058,13060,13060,1,1
2022-11-04 15:04:34.356,13059,13060,13059,2,-2
2022-11-04 15:04:39.009,13059,13060,13060,1,1
2022-11-04 15:04:41.008,13059,13060,13060,3,3
2022-11-04 15:04:43.081,13059,13060,13059,1,-1
2022-11-04 15:04:45.995,13059,13060,13060,1,1
2022-11-04 15:04:45.997,13059,13060,13060,1,1
2022-11-04 15:04:45.997,13059,13060,13060,1,1
2022-11-04 15:04:45.997,13059,13060,13060,1,1
2022-11-04 15:04:46.057,13059,13060,13060,2,2
2022-11-04 15:04:46.057,13059,13060,13060,3,3
2022-11-04 15:04:46.181,13060,13061,13060,1,-1
2022-11-04 15:04:46.245,13060,13061,13061,2,2
2022-11-04 15:04:46.252,13060,13061,13061,2,2
2022-11-04 15:04:46.258,13060,13061,13061,1,1
2022-11-04 15:04:46.259,13060,13061,13061,1,1
2022-11-04 15:04:46.751,13061,13062,13061,1,-1
2022-11-04 15:04:46.794,13061,13062,13061,2,-2
2022-11-04 15:04:46.794,13061,13062,13060,3,-3
2022-11-04 15:04:47.006,13060,13062,13060,1,-1
2022-11-04 15:04:47.162,13060,13062,13060,5,-5
2022-11-04 15:04:49.350,13059,13060,13059,1,-1
2022-11-04 15:04:50.126,13059,13060,13060,2,2
2022-11-04 15:04:51.531,13060,13061,13060,1,-1
2022-11-04 15:04:52.081,13059,13060,13060,1,1
2022-11-04 15:04:53.544,13060,13061,13060,1,-1
2022-11-04 15:04:53.750,13060,13061,13060,1,-1
2022-11-04 15:04:56.848,13060,13061,13060,3,-3
2022-11-04 15:04:56.848,13060,13061,13061,2,2
2022-11-04 15:04:56.951,13060,13061,13060,1,-1
2022-11-04 15:04:57.045,13060,13062,13062,1,1
2022-11-04 15:04:57.425,13060,13062,13060,1,-1
2022-11-04 15:04:57.951,13060,13061,13061,1,1
2022-11-04 15:04:58.477,13060,13062,13062,1,1
2022-11-04 15:05:00.000,13060,13062,13062,2,2
2022-11-04 15:05:00.217,13061,13062,13062,6,6
2022-11-04 15:05:00.333,13060,13062,13061,6,6
2022-11-04 15:05:01.025,13060,13061,13061,4,4
2022-11-04 15:05:01.802,13060,13061,13061,1,1
2022-11-04 15:05:02.444,13060,13061,13061,2,2
2022-11-04 15:05:02.486,13060,13061,13061,1,1
2022-11-04 15:05:04.667,13060,13061,13060,3,-3
2022-11-04 15:05:04.667,13060,13061,13060,1,-1
2022-11-04 15:05:04.685,13060,13061,13059,1,-1
2022-11-04 15:05:06.012,13059,13060,13060,1,1
2022-11-04 15:05:10.130,13059,13060,13060,1,1
2022-11-04 15:05:15.209,13059,13060,13059,1,-1
2022-11-04 15:05:15.955,13059,13060,13059,1,-1
2022-11-04 15:05:17.577,13059,13060,13059,1,-1
2022-11-04 15:05:18.602,13059,13060,13059,1,-1
2022-11-04 15:05:18.910,13059,13060,13059,2,-2
2022-11-04 15:05:19.062,13058,13059,13059,1,1
2022-11-04 15:05:19.806,13058,13059,13059,1,1
2022-11-04 15:05:20.070,13058,13059,13059,1,1
2022-11-04 15:05:20.213,13058,13060,13059,1,1
2022-11-04 15:05:20.472,13059,13060,13059,1,-1
2022-11-04 15:05:20.892,13059,13060,13059,1,-1
2022-11-04 15:05:21.681,13058,13060,13059,4,-4
2022-11-04 15:05:21.681,13058,13060,13059,6,-6
2022-11-04 15:05:23.638,13059,13060,13059,6,-6
2022-11-04 15:05:23.821,13058,13059,13059,1,1
2022-11-04 15:05:23.822,13058,13059,13059,14,14
2022-11-04 15:05:24.732,13058,13060,13060,1,1
2022-11-04 15:05:27.234,13058,13060,13060,1,1
2022-11-04 15:05:29.064,13058,13060,13058,2,-2
2022-11-04 15:05:29.386,13058,13060,13060,1,1
2022-11-04 15:05:29.706,13058,13060,13060,2,2
2022-11-04 15:05:30.229,13059,13060,13060,2,2
2022-11-04 15:05:30.283,13059,13060,13060,1,1
2022-11-04 15:05:30.648,13060,13061,13061,2,2
2022-11-04 15:05:31.833,13061,13062,13062,1,1
2022-11-04 15:05:31.833,13061,13062,13062,3,3
2022-11-04 15:05:31.833,13061,13062,13062,5,5
2022-11-04 15:05:32.117,13062,13063,13063,2,2
2022-11-04 15:05:34.092,13061,13063,13061,2,-2
2022-11-04 15:05:36.403,13061,13062,13062,1,1
2022-11-04 15:05:37.084,13061,13063,13061,1,-1
2022-11-04 15:05:37.102,13061,13063,13061,1,-1
2022-11-04 15:05:39.601,13061,13063,13063,2,2
2022-11-04 15:05:43.710,13061,13062,13062,3,3
2022-11-04 15:05:44.855,13061,13062,13061,1,-1
2022-11-04 15:05:45.138,13060,13061,13061,1,1
2022-11-04 15:05:47.987,13060,13061,13061,1,1
2022-11-04 15:05:48.308,13060,13061,13061,1,1
2022-11-04 15:05:51.033,13060,13061,13061,2,2
2022-11-04 15:05:51.033,13060,13061,13061,3,3
2022-11-04 15:05:51.312,13060,13061,13061,1,1
2022-11-04 15:05:51.696,13060,13061,13060,1,-1
2022-11-04 15:05:51.751,13059,13061,13061,2,2
2022-11-04 15:05:53.225,13059,13060,13060,1,1
2022-11-04 15:05:53.225,13059,13060,13060,3,3
2022-11-04 15:05:53.502,13059,13060,13060,2,2
2022-11-04 15:05:53.690,13059,13060,13059,1,-1
2022-11-04 15:05:53.690,13059,13060,13059,6,-6
2022-11-04 15:05:54.066,13058,13059,13058,5,-5
2022-11-04 15:05:54.066,13058,13059,13058,1,-1
2022-11-04 15:05:54.066,13058,13059,13058,1,-1
2022-11-04 15:05:54.066,13058,13059,13058,5,-5
2022-11-04 15:05:54.066,13058,13059,13058,2,-2
2022-11-04 15:05:54.563,13057,13058,13057,2,-2
2022-11-04 15:05:54.609,13057,13059,13057,1,-1
2022-11-04 15:05:55.188,13057,13059,13059,1,1
2022-11-04 15:05:55.192,13057,13059,13059,1,1
2022-11-04 15:05:56.680,13057,13059,13059,2,2
2022-11-04 15:05:58.947,13059,13060,13059,2,-2
2022-11-04 15:05:58.947,13059,13060,13058,1,-1
2022-11-04 15:06:00.229,13057,13059,13059,1,1
2022-11-04 15:06:01.301,13058,13060,13058,1,-1
2022-11-04 15:06:05.948,13058,13059,13059,1,1
2022-11-04 15:06:09.705,13059,13060,13059,1,-1
2022-11-04 15:06:09.705,13059,13060,13058,4,-4
2022-11-04 15:06:10.849,13058,13060,13060,1,1
2022-11-04 15:06:14.201,13058,13059,13058,10,-10
2022-11-04 15:06:14.369,13057,13059,13057,6,-6
2022-11-04 15:06:14.532,13056,13058,13056,1,-1
2022-11-04 15:06:14.532,13056,13058,13056,5,-5
2022-11-04 15:06:14.532,13056,13058,13056,8,-8
2022-11-04 15:06:15.349,13055,13057,13057,1,1
2022-11-04 15:06:15.519,13055,13057,13057,3,3
2022-11-04 15:06:16.232,13055,13057,13057,2,2
2022-11-04 15:06:16.335,13055,13057,13056,1,1
2022-11-04 15:06:20.650,13055,13056,13056,1,1
2022-11-04 15:06:22.413,13055,13056,13056,1,1
2022-11-04 15:06:22.413,13055,13056,13056,1,1
2022-11-04 15:06:29.031,13056,13058,13056,2,-2
2022-11-04 15:06:31.890,13056,13057,13057,2,2
2022-11-04 15:06:32.018,13057,13058,13057,1,-1
2022-11-04 15:06:35.641,13056,13058,13056,1,-1
2022-11-04 15:06:36.521,13056,13058,13057,1,-1
2022-11-04 15:06:39.217,13057,13058,13058,1,1
2022-11-04 15:06:39.748,13056,13058,13056,2,-2
2022-11-04 15:06:50.146,13056,13057,13057,2,2
2022-11-04 15:06:51.875,13056,13058,13056,2,-2
2022-11-04 15:06:52.024,13056,13058,13056,1,-1
2022-11-04 15:06:56.418,13056,13058,13056,1,-1
2022-11-04 15:06:56.418,13056,13058,13056,2,-2
2022-11-04 15:06:56.418,13056,13058,13056,2,-2
2022-11-04 15:06:56.418,13056,13058,13056,1,-1
2022-11-04 15:06:58.913,13056,13057,13056,1,-1
2022-11-04 15:06:59.464,13055,13057,13056,1,-1
2022-11-04 15:06:59.905,13055,13056,13056,1,1
2022-11-04 15:07:00.300,13055,13057,13057,1,1
2022-11-04 15:07:00.865,13055,13057,13057,1,1
2022-11-04 15:07:02.527,13055,13057,13055,24,-24
2022-11-04 15:07:04.178,13054,13055,13055,1,1
2022-11-04 15:07:06.382,13054,13056,13055,2,2
2022-11-04 15:07:07.841,13055,13056,13056,2,2
2022-11-04 15:07:07.922,13055,13056,13055,1,-1
2022-11-04 15:07:08.379,13055,13056,13055,1,-1
2022-11-04 15:07:11.309,13054,13055,13054,12,-12
2022-11-04 15:07:12.332,13053,13055,13055,16,16
2022-11-04 15:07:12.332,13053,13055,13055,11,11
2022-11-04 15:07:19.714,13054,13055,13055,1,1
2022-11-04 15:07:19.773,13054,13055,13054,1,-1
2022-11-04 15:07:20.605,13053,13054,13054,1,1
2022-11-04 15:07:21.651,13053,13054,13054,1,1
2022-11-04 15:07:21.735,13053,13054,13054,3,3
2022-11-04 15:07:21.735,13053,13054,13055,7,7
2022-11-04 15:07:22.640,13053,13055,13055,1,1
2022-11-04 15:07:23.905,13054,13055,13054,2,-2
2022-11-04 15:07:24.526,13053,13054,13054,1,1
2022-11-04 15:07:26.440,13053,13054,13054,2,2
2022-11-04 15:07:26.747,13053,13054,13054,1,1
2022-11-04 15:07:28.331,13053,13054,13053,1,-1
2022-11-04 15:07:30.854,13053,13054,13054,1,1
2022-11-04 15:07:31.623,13053,13054,13054,2,2
2022-11-04 15:07:31.623,13053,13054,13054,2,2
2022-11-04 15:07:31.623,13053,13054,13054,1,1
2022-11-04 15:07:32.723,13054,13055,13054,1,-1
2022-11-04 15:07:33.443,13054,13055,13054,1,-1
2022-11-04 15:07:33.718,13054,13055,13054,1,-1
2022-11-04 15:07:35.614,13054,13055,13055,5,5
2022-11-04 15:07:36.107,13054,13055,13054,1,-1
2022-11-04 15:07:37.180,13054,13055,13054,1,-1
2022-11-04 15:07:40.040,13054,13055,13055,2,2
2022-11-04 15:07:40.194,13054,13055,13054,2,-2
2022-11-04 15:07:41.681,13054,13055,13054,2,-2
2022-11-04 15:07:45.820,13054,13055,13054,1,-1
2022-11-04 15:07:46.514,13054,13055,13054,2,-2
2022-11-04 15:07:48.402,13054,13055,13054,1,-1
2022-11-04 15:07:51.808,13053,13054,13053,24,-24
2022-11-04 15:07:52.916,13052,13053,13052,1,-1
2022-11-04 15:07:52.916,13052,13053,13052,8,-8
2022-11-04 15:07:52.916,13052,13053,13052,12,-12
2022-11-04 15:07:55.316,13051,13053,13051,1,-1
2022-11-04 15:07:56.433,13051,13053,13053,1,1
2022-11-04 15:07:57.001,13051,13053,13051,1,-1
2022-11-04 15:07:57.461,13051,13053,13051,1,-1
2022-11-04 15:07:57.652,13051,13053,13051,1,-1
2022-11-04 15:07:59.112,13052,13053,13052,1,-1
2022-11-04 15:08:00.195,13052,13054,13052,1,-1
2022-11-04 15:08:00.257,13052,13054,13054,1,1
2022-11-04 15:08:01.638,13052,13054,13052,1,-1
2022-11-04 15:08:03.454,13052,13054,13053,1,-1
2022-11-04 15:08:03.984,13053,13054,13053,1,-1
2022-11-04 15:08:04.560,13053,13054,13054,1,1
2022-11-04 15:08:04.823,13053,13054,13053,4,-4
2022-11-04 15:08:05.416,13052,13054,13052,2,-2
2022-11-04 15:08:08.577,13053,13054,13053,1,-1
2022-11-04 15:08:08.641,13053,13054,13053,1,-1
2022-11-04 15:08:08.831,13053,13054,13053,1,-1
2022-11-04 15:08:11.366,13052,13053,13052,4,-4
2022-11-04 15:08:13.328,13052,13053,13053,1,1
2022-11-04 15:08:13.598,13052,13053,13053,2,2
2022-11-04 15:08:13.625,13052,13053,13052,1,-1
2022-11-04 15:08:16.303,13052,13053,13053,4,4
2022-11-04 15:08:20.524,13052,13054,13054,1,1
2022-11-04 15:08:22.400,13053,13054,13053,1,-1
2022-11-04 15:08:24.889,13053,13054,13054,1,1
2022-11-04 15:08:24.889,13053,13054,13054,6,6
2022-11-04 15:08:24.889,13053,13054,13054,2,2
2022-11-04 15:08:25.106,13054,13055,13055,2,2
2022-11-04 15:08:25.106,13054,13055,13055,1,1
2022-11-04 15:08:25.668,13055,13056,13055,1,-1
2022-11-04 15:08:25.717,13055,13056,13055,1,-1
2022-11-04 15:08:27.819,13054,13056,13054,10,-10
2022-11-04 15:08:28.269,13054,13056,13055,1,-1
2022-11-04 15:08:28.423,13054,13056,13055,1,-1
2022-11-04 15:08:34.624,13055,13056,13055,1,-1
2022-11-04 15:08:38.821,13055,13056,13055,1,-1
2022-11-04 15:08:39.238,13054,13056,13056,1,1
2022-11-04 15:08:40.214,13054,13056,13055,1,1
2022-11-04 15:08:41.117,13053,13055,13055,1,1
2022-11-04 15:08:45.331,13053,13055,13055,1,1
2022-11-04 15:08:46.756,13054,13055,13054,1,-1
2022-11-04 15:08:50.407,13053,13054,13053,1,-1
2022-11-04 15:08:51.269,13053,13054,13053,2,-2
2022-11-04 15:08:51.269,13053,13054,13053,2,-2
2022-11-04 15:08:51.499,13052,13054,13052,6,-6
2022-11-04 15:08:57.213,13052,13053,13052,2,-2
2022-11-04 15:08:57.390,13052,13053,13052,1,-1
2022-11-04 15:09:00.206,13052,13053,13052,4,-4
2022-11-04 15:09:00.717,13052,13053,13053,1,1
2022-11-04 15:09:01.513,13053,13054,13053,1,-1
2022-11-04 15:09:06.034,13053,13054,13054,1,1
2022-11-04 15:09:07.457,13053,13054,13054,2,2
2022-11-04 15:09:09.351,13053,13055,13053,1,-1
2022-11-04 15:09:13.571,13054,13055,13054,2,-2
2022-11-04 15:09:14.439,13054,13055,13054,1,-1
2022-11-04 15:09:14.509,13054,13055,13055,1,1
2022-11-04 15:09:14.509,13054,13055,13055,1,1
2022-11-04 15:09:17.609,13055,13056,13055,2,-2
2022-11-04 15:09:24.190,13054,13055,13055,1,1
2022-11-04 15:09:26.602,13055,13056,13055,1,-1
2022-11-04 15:09:32.110,13054,13056,13054,16,-16
2022-11-04 15:09:39.250,13054,13055,13054,14,-14
2022-11-04 15:09:39.250,13054,13055,13053,2,-2
2022-11-04 15:09:40.739,13053,13054,13054,4,4
2022-11-04 15:09:41.140,13053,13054,13053,1,-1
2022-11-04 15:09:44.494,13053,13054,13053,9,-9
2022-11-04 15:09:45.217,13052,13054,13053,2,-2
2022-11-04 15:09:46.118,13052,13054,13052,2,-2
2022-11-04 15:09:49.254,13052,13054,13052,1,-1
2022-11-04 15:09:49.763,13052,13054,13052,7,-7
2022-11-04 15:09:54.806,13052,13053,13053,1,1
2022-11-04 15:09:54.806,13052,13053,13053,1,1
2022-11-04 15:09:54.806,13052,13053,13053,1,1
2022-11-04 15:09:54.806,13052,13053,13053,1,1
2022-11-04 15:09:54.807,13052,13053,13053,1,1
2022-11-04 15:09:56.011,13052,13053,13052,1,-1
2022-11-04 15:09:56.533,13052,13053,13053,2,2
2022-11-04 15:09:56.533,13052,13053,13053,1,1
2022-11-04 15:09:56.533,13052,13053,13053,1,1
2022-11-04 15:09:56.533,13052,13053,13053,1,1
2022-11-04 15:09:56.534,13052,13053,13053,1,1
2022-11-04 15:09:56.534,13052,13053,13053,1,1
2022-11-04 15:09:56.534,13052,13053,13053,1,1
2022-11-04 15:09:56.534,13052,13053,13053,1,1
2022-11-04 15:09:56.534,13052,13053,13053,1,1
2022-11-04 15:09:56.534,13052,13053,13053,1,1
2022-11-04 15:09:56.534,13052,13053,13053,1,1
2022-11-04 15:09:56.534,13052,13053,13053,2,2
2022-11-04 15:09:56.534,13052,13053,13053,1,1
2022-11-04 15:09:56.838,13053,13054,13053,2,-2
2022-11-04 15:10:00.235,13053,13054,13054,1,1
2022-11-04 15:10:00.652,13054,13055,13055,1,1
2022-11-04 15:10:00.664,13054,13055,13055,1,1
2022-11-04 15:10:00.669,13054,13055,13055,1,1
2022-11-04 15:10:00.669,13054,13055,13056,4,4
2022-11-04 15:10:09.750,13054,13055,13054,5,-5
2022-11-04 15:10:10.284,13053,13054,13053,6,-6
2022-11-04 15:10:11.550,13052,13053,13052,1,-1
2022-11-04 15:10:18.301,13052,13053,13052,5,-5
2022-11-04 15:10:22.023,13051,13052,13051,6,-6
2022-11-04 15:10:22.023,13051,13052,13051,1,-1
2022-11-04 15:10:22.024,13051,13052,13051,2,-2
2022-11-04 15:10:22.024,13051,13052,13051,1,-1
2022-11-04 15:10:22.024,13051,13052,13051,3,-3
2022-11-04 15:10:22.024,13051,13052,13051,2,-2
2022-11-04 15:10:22.224,13050,13052,13052,1,1
2022-11-04 15:10:26.677,13051,13052,13051,1,-1
2022-11-04 15:10:27.382,13051,13052,13052,1,1
2022-11-04 15:10:31.854,13051,13052,13051,1,-1
2022-11-04 15:10:35.994,13051,13052,13051,1,-1
2022-11-04 15:10:36.800,13051,13052,13051,1,-1
2022-11-04 15:10:39.664,13051,13052,13051,1,-1
2022-11-04 15:10:40.817,13051,13052,13051,1,-1
2022-11-04 15:10:41.993,13051,13052,13051,1,-1
2022-11-04 15:10:42.343,13051,13052,13051,1,-1
2022-11-04 15:10:42.448,13051,13052,13051,4,-4
2022-11-04 15:10:42.453,13051,13052,13051,1,-1
2022-11-04 15:10:42.701,13050,13052,13051,1,-1
2022-11-04 15:10:46.375,13051,13052,13051,1,-1
2022-11-04 15:10:48.755,13051,13052,13051,1,-1
2022-11-04 15:10:52.363,13050,13051,13050,3,-3
2022-11-04 15:10:52.364,13050,13051,13050,1,-1
2022-11-04 15:10:52.364,13050,13051,13050,19,-19
2022-11-04 15:10:52.364,13050,13051,13050,1,-1
2022-11-04 15:10:52.364,13050,13051,13050,1,-1
2022-11-04 15:10:52.364,13050,13051,13050,2,-2
2022-11-04 15:10:52.364,13050,13051,13050,1,-1
2022-11-04 15:10:52.364,13050,13051,13050,1,-1
2022-11-04 15:10:52.364,13050,13051,13050,1,-1
2022-11-04 15:10:52.364,13050,13051,13050,1,-1
2022-11-04 15:10:52.364,13050,13051,13050,5,-5
2022-11-04 15:10:52.364,13050,13051,13050,5,-5
2022-11-04 15:10:52.482,13049,13050,13049,1,-1
2022-11-04 15:10:52.520,13049,13050,13049,1,-1
2022-11-04 15:10:52.546,13049,13050,13049,1,-1
2022-11-04 15:10:52.700,13049,13050,13049,1,-1
2022-11-04 15:10:53.882,13049,13050,13050,1,1
2022-11-04 15:10:55.067,13049,13050,13049,2,-2
2022-11-04 15:10:55.067,13049,13050,13049,13,-13
2022-11-04 15:10:55.924,13048,13049,13049,1,1
2022-11-04 15:10:56.853,13048,13049,13048,25,-25
2022-11-04 15:10:57.088,13047,13048,13047,1,-1
2022-11-04 15:10:57.089,13047,13048,13047,7,-7
2022-11-04 15:10:57.132,13046,13048,13046,1,-1
2022-11-04 15:10:57.258,13046,13048,13047,1,-1
2022-11-04 15:10:57.377,13047,13048,13048,1,1
2022-11-04 15:10:57.675,13047,13048,13047,2,-2
2022-11-04 15:10:59.035,13047,13048,13048,1,1
2022-11-04 15:10:59.128,13047,13048,13048,1,1
2022-11-04 15:11:00.055,13048,13049,13049,1,1
2022-11-04 15:11:01.243,13047,13049,13047,1,-1
2022-11-04 15:11:01.693,13047,13049,13047,5,-5
2022-11-04 15:11:01.800,13047,13049,13049,1,1
2022-11-04 15:11:02.707,13047,13048,13047,6,-6
2022-11-04 15:11:02.984,13047,13048,13047,2,-2
2022-11-04 15:11:03.379,13047,13048,13047,1,-1
2022-11-04 15:11:04.919,13047,13048,13047,1,-1
2022-11-04 15:11:06.615,13047,13048,13047,6,-6
2022-11-04 15:11:06.696,13047,13048,13047,2,-2
2022-11-04 15:11:06.874,13046,13047,13046,2,-2
2022-11-04 15:11:07.442,13046,13047,13046,1,-1
2022-11-04 15:11:07.502,13046,13047,13047,1,1
2022-11-04 15:11:07.531,13046,13047,13047,1,1
2022-11-04 15:11:08.094,13046,13047,13047,1,1
2022-11-04 15:11:09.681,13046,13047,13047,1,1
2022-11-04 15:11:09.783,13046,13047,13047,1,1
2022-11-04 15:11:12.232,13046,13047,13046,5,-5
2022-11-04 15:11:14.772,13046,13047,13047,1,1
2022-11-04 15:11:17.279,13046,13047,13046,1,-1
2022-11-04 15:11:18.209,13046,13047,13046,1,-1
2022-11-04 15:11:18.225,13046,13047,13047,1,1
2022-11-04 15:11:18.226,13046,13047,13047,1,1
2022-11-04 15:11:19.802,13046,13047,13047,15,15
2022-11-04 15:11:22.528,13047,13048,13047,4,-4
2022-11-04 15:11:22.528,13047,13048,13047,6,-6
2022-11-04 15:11:23.750,13046,13047,13046,1,-1
2022-11-04 15:11:23.750,13046,13047,13046,9,-9
2022-11-04 15:11:25.897,13045,13046,13046,1,1
2022-11-04 15:11:29.212,13045,13046,13045,8,-8
2022-11-04 15:11:29.212,13045,13046,13045,2,-2
2022-11-04 15:11:29.212,13045,13046,13045,5,-5
2022-11-04 15:11:29.253,13044,13045,13044,1,-1
2022-11-04 15:11:29.938,13045,13046,13045,1,-1
2022-11-04 15:11:29.938,13045,13046,13045,1,-1
2022-11-04 15:11:32.887,13045,13046,13045,1,-1
2022-11-04 15:11:33.105,13045,13046,13045,1,-1
2022-11-04 15:11:34.562,13045,13046,13045,1,-1
2022-11-04 15:11:34.996,13045,13046,13045,1,-1
2022-11-04 15:11:36.188,13045,13046,13046,1,1
2022-11-04 15:11:38.380,13045,13046,13045,1,-1
2022-11-04 15:11:38.380,13045,13046,13045,1,-1
2022-11-04 15:11:39.009,13044,13045,13045,1,1
2022-11-04 15:11:39.105,13044,13045,13045,1,1
2022-11-04 15:11:40.197,13044,13045,13044,8,-8
2022-11-04 15:11:40.502,13044,13045,13045,1,1
2022-11-04 15:11:42.090,13044,13046,13045,1,1
2022-11-04 15:11:42.376,13044,13045,13044,1,-1
2022-11-04 15:11:43.186,13044,13045,13044,1,-1
2022-11-04 15:11:43.186,13044,13045,13043,1,-1
2022-11-04 15:11:43.554,13043,13045,13043,1,-1
2022-11-04 15:11:43.619,13043,13045,13043,1,-1
2022-11-04 15:11:44.467,13043,13045,13043,2,-2
2022-11-04 15:11:49.445,13044,13045,13044,1,-1
2022-11-04 15:11:50.221,13044,13045,13044,1,-1
2022-11-04 15:11:50.221,13044,13045,13043,4,-4
2022-11-04 15:11:50.648,13044,13045,13044,5,-5
2022-11-04 15:11:51.872,13044,13045,13045,1,1
2022-11-04 15:11:55.328,13044,13045,13044,1,-1
2022-11-04 15:11:55.328,13044,13045,13044,1,-1
2022-11-04 15:11:55.328,13044,13045,13044,2,-2
2022-11-04 15:11:57.236,13043,13045,13044,1,-1
2022-11-04 15:11:57.908,13044,13045,13045,6,6
2022-11-04 15:11:57.908,13044,13045,13045,2,2
2022-11-04 15:11:59.455,13045,13046,13045,2,-2
2022-11-04 15:12:00.185,13045,13046,13045,1,-1
2022-11-04 15:12:00.723,13045,13046,13046,11,11
2022-11-04 15:12:00.724,13045,13046,13046,2,2
2022-11-04 15:12:00.724,13045,13046,13046,1,1
2022-11-04 15:12:00.724,13045,13046,13046,1,1
2022-11-04 15:12:00.724,13045,13046,13046,1,1
2022-11-04 15:12:00.724,13045,13046,13046,2,2
2022-11-04 15:12:00.724,13045,13046,13046,2,2
2022-11-04 15:12:00.724,13045,13046,13046,5,5
2022-11-04 15:12:00.871,13045,13047,13047,2,2
2022-11-04 15:12:01.358,13045,13047,13045,1,-1
2022-11-04 15:12:02.788,13045,13047,13045,1,-1
2022-11-04 15:12:03.138,13046,13047,13047,2,2
2022-11-04 15:12:04.069,13046,13047,13046,1,-1
2022-11-04 15:12:05.415,13045,13047,13047,1,1
2022-11-04 15:12:07.020,13046,13047,13047,1,1
2022-11-04 15:12:07.033,13046,13047,13047,1,1
2022-11-04 15:12:08.917,13047,13048,13047,1,-1
2022-11-04 15:12:12.178,13046,13047,13046,1,-1
2022-11-04 15:12:12.178,13046,13047,13046,3,-3
2022-11-04 15:12:14.469,13045,13046,13046,1,1
2022-11-04 15:12:18.527,13045,13046,13045,5,-5
2022-11-04 15:12:19.952,13045,13046,13045,1,-1
2022-11-04 15:12:19.952,13045,13046,13045,1,-1
2022-11-04 15:12:25.100,13045,13046,13045,2,-2
2022-11-04 15:12:26.459,13045,13046,13045,1,-1
2022-11-04 15:12:26.459,13045,13046,13044,3,-3
2022-11-04 15:12:30.716,13044,13046,13045,1,-1
2022-11-04 15:12:30.716,13044,13046,13045,3,-3
2022-11-04 15:12:30.978,13045,13046,13046,2,2
2022-11-04 15:12:31.796,13045,13047,13045,1,-1
2022-11-04 15:12:34.618,13046,13047,13046,1,-1
2022-11-04 15:12:34.648,13046,13047,13045,1,-1
2022-11-04 15:12:34.648,13046,13047,13045,2,-2
2022-11-04 15:12:36.791,13044,13045,13045,1,1
2022-11-04 15:12:38.625,13044,13045,13045,1,1
2022-11-04 15:12:43.116,13045,13046,13045,1,-1
2022-11-04 15:12:43.116,13045,13046,13045,1,-1
2022-11-04 15:12:45.561,13044,13045,13045,1,1
2022-11-04 15:12:48.160,13044,13045,13045,2,2
2022-11-04 15:12:48.985,13045,13046,13045,1,-1
2022-11-04 15:12:55.755,13044,13045,13045,1,1
2022-11-04 15:13:00.195,13044,13045,13044,1,-1
2022-11-04 15:13:00.284,13044,13045,13045,1,1
2022-11-04 15:13:01.061,13044,13045,13044,16,-16
2022-11-04 15:13:03.482,13043,13044,13044,1,1
2022-11-04 15:13:04.121,13043,13044,13044,1,1
2022-11-04 15:13:04.466,13043,13044,13043,1,-1
2022-11-04 15:13:06.691,13043,13044,13043,1,-1
2022-11-04 15:13:08.305,13043,13044,13043,1,-1
2022-11-04 15:13:09.382,13043,13044,13043,5,-5
2022-11-04 15:13:14.333,13043,13044,13043,4,-4
2022-11-04 15:13:14.334,13043,13044,13043,3,-3
2022-11-04 15:13:14.761,13042,13043,13043,1,1
2022-11-04 15:13:19.229,13042,13043,13042,1,-1
2022-11-04 15:13:19.232,13042,13043,13043,1,1
2022-11-04 15:13:19.358,13042,13043,13042,1,-1
2022-11-04 15:13:20.042,13042,13043,13043,3,3
2022-11-04 15:13:20.471,13042,13043,13043,3,3
2022-11-04 15:13:21.451,13042,13043,13042,5,-5
2022-11-04 15:13:22.066,13042,13043,13043,1,1
2022-11-04 15:13:23.603,13042,13043,13042,1,-1
2022-11-04 15:13:24.962,13042,13043,13043,3,3
2022-11-04 15:13:27.277,13042,13043,13042,1,-1
2022-11-04 15:13:28.752,13042,13043,13043,2,2
2022-11-04 15:13:32.459,13042,13043,13043,1,1
2022-11-04 15:13:34.938,13042,13043,13043,1,1
2022-11-04 15:13:34.977,13042,13043,13043,1,1
2022-11-04 15:13:39.556,13042,13043,13042,12,-12
2022-11-04 15:13:43.228,13042,13043,13042,1,-1
2022-11-04 15:13:43.305,13042,13043,13042,1,-1
2022-11-04 15:13:47.669,13042,13043,13043,1,1
2022-11-04 15:13:47.790,13042,13043,13042,1,-1
2022-11-04 15:13:48.473,13042,13043,13043,1,1
2022-11-04 15:13:53.650,13042,13043,13043,3,3
2022-11-04 15:13:55.881,13043,13044,13044,1,1
2022-11-04 15:13:56.655,13043,13044,13044,5,5
2022-11-04 15:13:56.656,13043,13044,13044,1,1
2022-11-04 15:13:56.656,13043,13044,13044,2,2
2022-11-04 15:13:56.656,13043,13044,13044,1,1
2022-11-04 15:14:00.202,13044,13045,13045,2,2
2022-11-04 15:14:02.558,13044,13045,13045,3,3
2022-11-04 15:14:06.051,13045,13046,13045,2,-2
2022-11-04 15:14:06.233,13044,13045,13045,2,2
2022-11-04 15:14:15.427,13045,13046,13045,1,-1
2022-11-04 15:14:15.883,13044,13046,13045,1,-1
2022-11-04 15:14:16.919,13044,13045,13045,1,1
2022-11-04 15:14:18.059,13044,13045,13044,2,-2
2022-11-04 15:14:22.679,13044,13045,13045,1,1
2022-11-04 15:14:26.877,13044,13045,13045,1,1
2022-11-04 15:14:26.885,13044,13045,13045,1,1
2022-11-04 15:14:28.477,13045,13046,13045,1,-1
2022-11-04 15:14:28.629,13044,13046,13044,10,-10
2022-11-04 15:14:32.280,13044,13046,13044,1,-1
2022-11-04 15:14:40.753,13044,13045,13044,1,-1
2022-11-04 15:14:40.753,13044,13045,13044,1,-1
2022-11-04 15:14:40.869,13044,13045,13044,1,-1
2022-11-04 15:14:42.830,13043,13044,13044,1,1
2022-11-04 15:14:46.690,13043,13044,13043,4,-4
2022-11-04 15:14:46.866,13042,13043,13043,1,1
2022-11-04 15:14:48.938,13042,13043,13042,2,-2
2022-11-04 15:14:52.296,13042,13043,13042,4,-4
2022-11-04 15:14:52.296,13042,13043,13042,1,-1
2022-11-04 15:14:52.296,13042,13043,13042,10,-10
2022-11-04 15:14:55.032,13041,13043,13043,3,3
2022-11-04 15:14:58.657,13042,13043,13042,3,-3
2022-11-04 15:15:00.198,13041,13043,13043,1,1
2022-11-04 15:15:02.079,13042,13043,13042,1,-1
2022-11-04 15:15:02.863,13042,13043,13042,1,-1
2022-11-04 15:15:03.414,13042,13043,13042,1,-1
2022-11-04 15:15:03.475,13041,13043,13041,1,-1
2022-11-04 15:15:08.178,13041,13042,13042,3,3
2022-11-04 15:15:10.960,13041,13042,13041,1,-1
2022-11-04 15:15:10.976,13041,13042,13041,1,-1
2022-11-04 15:15:12.259,13041,13042,13041,1,-1
2022-11-04 15:15:12.481,13041,13042,13041,1,-1
2022-11-04 15:15:12.605,13041,13042,13041,2,-2
2022-11-04 15:15:13.669,13041,13042,13041,4,-4
2022-11-04 15:15:17.163,13041,13042,13042,1,1
2022-11-04 15:15:17.163,13041,13042,13042,1,1
2022-11-04 15:15:19.360,13042,13043,13042,1,-1
2022-11-04 15:15:19.475,13042,13043,13042,1,-1
2022-11-04 15:15:19.475,13042,13043,13042,1,-1
2022-11-04 15:15:23.485,13042,13043,13042,1,-1
2022-11-04 15:15:26.971,13042,13043,13043,1,1
2022-11-04 15:15:28.888,13042,13043,13043,1,1
2022-11-04 15:15:30.389,13042,13043,13042,1,-1
2022-11-04 15:15:30.389,13042,13043,13042,7,-7
2022-11-04 15:15:30.390,13042,13043,13042,2,-2
2022-11-04 15:15:30.390,13042,13043,13042,2,-2
2022-11-04 15:15:30.390,13042,13043,13042,1,-1
2022-11-04 15:15:30.413,13042,13043,13041,1,-1
2022-11-04 15:15:30.479,13041,13042,13041,1,-1
2022-11-04 15:15:32.367,13041,13042,13042,5,5
2022-11-04 15:15:34.260,13041,13042,13042,1,1
2022-11-04 15:15:44.086,13041,13042,13041,1,-1
2022-11-04 15:15:49.999,13041,13042,13041,1,-1
2022-11-04 15:15:50.100,13041,13042,13041,1,-1
2022-11-04 15:15:58.484,13041,13042,13041,1,-1
2022-11-04 15:15:58.485,13041,13042,13041,16,-16
2022-11-04 15:16:00.199,13040,13041,13040,2,-2
2022-11-04 15:16:00.265,13040,13041,13040,1,-1
2022-11-04 15:16:00.266,13040,13041,13041,1,1
2022-11-04 15:16:03.768,13040,13041,13040,15,-15
2022-11-04 15:16:03.769,13040,13041,13040,1,-1
2022-11-04 15:16:03.769,13040,13041,13040,5,-5
2022-11-04 15:16:03.769,13040,13041,13040,8,-8
2022-11-04 15:16:03.769,13040,13041,13040,1,-1
2022-11-04 15:16:03.769,13040,13041,13040,4,-4
2022-11-04 15:16:03.769,13040,13041,13040,2,-2
2022-11-04 15:16:03.769,13040,13041,13040,2,-2
2022-11-04 15:16:03.769,13040,13041,13040,8,-8
2022-11-04 15:16:04.074,13039,13040,13040,1,1
2022-11-04 15:16:04.227,13039,13040,13040,1,1
2022-11-04 15:16:08.560,13039,13040,13039,21,-21
2022-11-04 15:16:08.764,13038,13039,13039,1,1
2022-11-04 15:16:09.922,13038,13040,13038,9,-9
2022-11-04 15:16:10.510,13038,13040,13038,1,-1
2022-11-04 15:16:10.980,13038,13040,13040,2,2
2022-11-04 15:16:15.886,13038,13040,13038,1,-1
2022-11-04 15:16:16.857,13038,13039,13038,1,-1
2022-11-04 15:16:16.857,13038,13039,13038,6,-6
2022-11-04 15:16:17.616,13037,13038,13037,1,-1
2022-11-04 15:16:18.461,13037,13038,13037,3,-3
2022-11-04 15:16:18.461,13037,13038,13037,6,-6
2022-11-04 15:16:21.895,13036,13038,13037,2,-2
2022-11-04 15:16:21.896,13036,13038,13037,1,-1
2022-11-04 15:16:22.594,13036,13038,13037,3,-3
2022-11-04 15:16:22.595,13036,13038,13037,1,-1
2022-11-04 15:16:22.970,13036,13038,13036,2,-2
2022-11-04 15:16:23.789,13036,13038,13036,10,-10
2022-11-04 15:16:24.659,13037,13038,13037,2,-2
2022-11-04 15:16:25.051,13037,13038,13037,1,-1
2022-11-04 15:16:25.437,13037,13038,13037,2,-2
2022-11-04 15:16:26.217,13036,13038,13037,1,-1
2022-11-04 15:16:26.984,13036,13038,13038,1,1
2022-11-04 15:16:29.588,13036,13038,13038,1,1
2022-11-04 15:16:29.870,13037,13038,13037,1,-1
2022-11-04 15:16:29.974,13037,13038,13038,13,13
2022-11-04 15:16:29.974,13037,13038,13038,2,2
2022-11-04 15:16:29.974,13037,13038,13038,2,2
2022-11-04 15:16:29.974,13037,13038,13038,1,1
2022-11-04 15:16:29.974,13037,13038,13038,2,2
2022-11-04 15:16:30.643,13038,13039,13038,1,-1
2022-11-04 15:16:30.676,13038,13039,13038,1,-1
2022-11-04 15:16:33.642,13038,13039,13038,1,-1
2022-11-04 15:16:34.290,13038,13039,13039,1,1
2022-11-04 15:16:34.290,13038,13039,13039,2,2
2022-11-04 15:16:36.147,13039,13040,13040,2,2
2022-11-04 15:16:39.382,13039,13040,13039,1,-1
2022-11-04 15:16:39.571,13039,13040,13039,1,-1
2022-11-04 15:16:39.574,13039,13040,13039,1,-1
2022-11-04 15:16:40.166,13039,13040,13040,2,2
2022-11-04 15:16:46.309,13039,13040,13040,2,2
2022-11-04 15:16:47.963,13039,13040,13039,1,-1
2022-11-04 15:16:48.013,13039,13040,13040,1,1
2022-11-04 15:16:48.835,13039,13040,13039,1,-1
2022-11-04 15:16:48.871,13039,13040,13039,1,-1
2022-11-04 15:16:50.404,13039,13040,13039,1,-1
2022-11-04 15:16:52.439,13039,13040,13039,5,-5
2022-11-04 15:16:52.942,13038,13039,13039,2,2
2022-11-04 15:16:52.942,13038,13039,13040,3,3
2022-11-04 15:16:57.300,13038,13040,13039,2,2
2022-11-04 15:17:00.191,13039,13040,13039,1,-1
2022-11-04 15:17:00.531,13039,13040,13039,1,-1
2022-11-04 15:17:01.900,13039,13040,13040,1,1
2022-11-04 15:17:01.900,13039,13040,13040,7,7
2022-11-04 15:17:01.900,13039,13040,13040,2,2
2022-11-04 15:17:02.002,13040,13041,13040,3,-3
2022-11-04 15:17:02.004,13040,13041,13040,1,-1
2022-11-04 15:17:02.547,13039,13041,13040,1,-1
2022-11-04 15:17:03.956,13040,13041,13040,1,-1
2022-11-04 15:17:04.553,13040,13041,13040,2,-2
2022-11-04 15:17:04.553,13040,13041,13039,6,-6
2022-11-04 15:17:10.957,13040,13041,13040,1,-1
2022-11-04 15:17:12.590,13040,13041,13040,3,-3
2022-11-04 15:17:12.606,13040,13041,13040,5,-5
2022-11-04 15:17:15.933,13040,13041,13041,1,1
2022-11-04 15:17:17.256,13040,13041,13041,1,1
2022-11-04 15:17:18.155,13040,13041,13040,2,-2
2022-11-04 15:17:21.246,13039,13040,13040,1,1
2022-11-04 15:17:22.612,13039,13040,13039,5,-5
2022-11-04 15:17:24.991,13039,13040,13039,1,-1
2022-11-04 15:17:26.004,13039,13040,13040,1,1
2022-11-04 15:17:28.444,13039,13040,13039,1,-1
2022-11-04 15:17:29.423,13039,13040,13040,1,1
2022-11-04 15:17:30.917,13039,13040,13039,3,-3
2022-11-04 15:17:32.849,13039,13040,13039,1,-1
2022-11-04 15:17:33.422,13039,13040,13039,1,-1
2022-11-04 15:17:39.598,13039,13040,13040,1,1
2022-11-04 15:17:40.199,13039,13040,13039,2,-2
2022-11-04 15:17:44.417,13039,13040,13040,1,1
2022-11-04 15:17:54.298,13039,13040,13039,4,-4
2022-11-04 15:17:54.989,13038,13039,13039,1,1
2022-11-04 15:17:58.516,13038,13039,13038,6,-6
2022-11-04 15:17:58.595,13038,13039,13039,1,1
2022-11-04 15:18:00.204,13038,13039,13038,1,-1
2022-11-04 15:18:00.207,13038,13039,13038,1,-1
2022-11-04 15:18:00.332,13038,13039,13039,1,1
2022-11-04 15:18:02.937,13039,13040,13039,1,-1
2022-11-04 15:18:03.513,13038,13039,13038,1,-1
2022-11-04 15:18:03.513,13038,13039,13038,1,-1
2022-11-04 15:18:03.513,13038,13039,13038,2,-2
2022-11-04 15:18:03.513,13038,13039,13038,19,-19
2022-11-04 15:18:03.514,13038,13039,13037,1,-1
2022-11-04 15:18:03.562,13038,13039,13037,2,-2
2022-11-04 15:18:03.562,13038,13039,13037,3,-3
2022-11-04 15:18:03.562,13038,13039,13036,1,-1
2022-11-04 15:18:11.740,13037,13038,13037,1,-1
2022-11-04 15:18:12.229,13036,13038,13036,1,-1
2022-11-04 15:18:16.392,13037,13038,13037,1,-1
2022-11-04 15:18:19.474,13037,13039,13037,1,-1
2022-11-04 15:18:30.929,13037,13038,13037,1,-1
2022-11-04 15:18:30.930,13037,13038,13037,3,-3
2022-11-04 15:18:30.951,13037,13038,13037,2,-2
2022-11-04 15:18:31.377,13036,13038,13036,1,-1
2022-11-04 15:18:32.548,13036,13038,13036,1,-1
2022-11-04 15:18:32.914,13036,13038,13037,1,-1
2022-11-04 15:18:34.756,13036,13038,13036,1,-1
2022-11-04 15:18:42.975,13037,13038,13037,1,-1
2022-11-04 15:18:43.755,13037,13038,13037,1,-1
2022-11-04 15:18:44.126,13037,13038,13037,1,-1
2022-11-04 15:18:44.127,13037,13038,13037,2,-2
2022-11-04 15:18:45.735,13036,13037,13037,1,1
2022-11-04 15:18:48.194,13036,13038,13037,1,1
2022-11-04 15:18:52.725,13037,13038,13037,1,-1
2022-11-04 15:18:52.856,13037,13038,13037,1,-1
2022-11-04 15:18:54.984,13037,13038,13037,1,-1
2022-11-04 15:18:55.255,13037,13038,13037,1,-1
2022-11-04 15:18:59.404,13037,13038,13037,1,-1
2022-11-04 15:19:00.499,13037,13038,13037,1,-1
2022-11-04 15:19:03.230,13036,13037,13036,3,-3
2022-11-04 15:19:03.230,13036,13037,13036,2,-2
2022-11-04 15:19:03.231,13036,13037,13036,5,-5
2022-11-04 15:19:03.231,13036,13037,13036,3,-3
2022-11-04 15:19:03.231,13036,13037,13036,1,-1
2022-11-04 15:19:03.231,13036,13037,13036,3,-3
2022-11-04 15:19:06.271,13036,13037,13037,3,3
2022-11-04 15:19:06.362,13036,13037,13036,1,-1
2022-11-04 15:19:06.850,13036,13037,13037,1,1
2022-11-04 15:19:09.264,13036,13037,13036,1,-1
2022-11-04 15:19:11.556,13036,13037,13036,1,-1
2022-11-04 15:19:12.467,13036,13037,13036,1,-1
2022-11-04 15:19:12.468,13036,13037,13036,1,-1
2022-11-04 15:19:12.468,13036,13037,13036,7,-7
2022-11-04 15:19:12.468,13036,13037,13036,1,-1
2022-11-04 15:19:12.468,13036,13037,13036,1,-1
2022-11-04 15:19:12.468,13036,13037,13036,1,-1
2022-11-04 15:19:12.469,13036,13037,13036,1,-1
2022-11-04 15:19:12.719,13035,13036,13037,2,2
2022-11-04 15:19:13.436,13035,13036,13036,1,1
2022-11-04 15:19:17.896,13035,13036,13036,1,1
2022-11-04 15:19:20.198,13035,13036,13035,3,-3
2022-11-04 15:19:20.283,13035,13036,13035,1,-1
2022-11-04 15:19:20.456,13035,13036,13035,1,-1
2022-11-04 15:19:20.471,13035,13036,13035,1,-1
2022-11-04 15:19:20.471,13035,13036,13035,19,-19
2022-11-04 15:19:20.491,13034,13035,13034,1,-1
2022-11-04 15:19:20.629,13034,13035,13034,1,-1
2022-11-04 15:19:20.646,13034,13035,13034,1,-1
2022-11-04 15:19:20.696,13034,13035,13034,1,-1
2022-11-04 15:19:20.846,13034,13035,13034,1,-1
2022-11-04 15:19:20.896,13034,13035,13034,1,-1
2022-11-04 15:19:20.896,13034,13035,13034,3,-3
2022-11-04 15:19:20.947,13034,13035,13033,1,-1
2022-11-04 15:19:20.947,13034,13035,13033,1,-1
2022-11-04 15:19:21.072,13033,13035,13033,1,-1
2022-11-04 15:19:21.103,13033,13035,13033,1,-1
2022-11-04 15:19:21.147,13033,13035,13033,1,-1
2022-11-04 15:19:21.172,13033,13035,13033,1,-1
2022-11-04 15:19:21.247,13033,13035,13033,1,-1
2022-11-04 15:19:22.196,13033,13035,13033,1,-1
2022-11-04 15:19:22.619,13033,13035,13035,1,1
2022-11-04 15:19:22.622,13033,13035,13035,2,2
2022-11-04 15:19:22.632,13033,13035,13036,4,4
2022-11-04 15:19:22.696,13033,13035,13036,1,1
2022-11-04 15:19:24.130,13034,13036,13034,1,-1
2022-11-04 15:19:24.152,13034,13036,13034,2,-2
2022-11-04 15:19:24.624,13034,13036,13034,1,-1
2022-11-04 15:19:24.878,13035,13036,13035,1,-1
2022-11-04 15:19:26.193,13035,13036,13035,1,-1
2022-11-04 15:19:26.193,13035,13036,13034,11,-11
2022-11-04 15:19:26.270,13034,13035,13034,2,-2
2022-11-04 15:19:26.669,13033,13034,13033,1,-1
2022-11-04 15:19:32.347,13033,13034,13033,1,-1
2022-11-04 15:19:32.423,13033,13034,13033,1,-1
2022-11-04 15:19:32.424,13033,13034,13033,1,-1
2022-11-04 15:19:33.997,13033,13034,13034,1,1
2022-11-04 15:19:34.451,13033,13034,13033,1,-1
2022-11-04 15:19:34.474,13033,13034,13033,1,-1
2022-11-04 15:19:37.451,13033,13034,13034,9,9
2022-11-04 15:19:37.900,13034,13035,13034,2,-2
2022-11-04 15:19:37.900,13034,13035,13033,3,-3
2022-11-04 15:19:38.089,13033,13035,13035,1,1
2022-11-04 15:19:38.175,13033,13035,13033,1,-1
2022-11-04 15:19:39.778,13033,13035,13034,1,-1
2022-11-04 15:19:40.933,13033,13035,13033,2,-2
2022-11-04 15:19:42.738,13034,13035,13035,1,1
2022-11-04 15:19:42.740,13034,13035,13035,2,2
2022-11-04 15:19:42.741,13034,13035,13035,1,1
2022-11-04 15:19:42.741,13034,13035,13035,1,1
2022-11-04 15:19:43.168,13034,13036,13034,10,-10
2022-11-04 15:19:48.706,13034,13036,13034,7,-7
2022-11-04 15:19:50.359,13033,13034,13033,6,-6
2022-11-04 15:19:56.656,13032,13033,13032,4,-4
2022-11-04 15:19:56.656,13032,13033,13032,1,-1
2022-11-04 15:19:56.656,13032,13033,13032,3,-3
2022-11-04 15:19:56.656,13032,13033,13032,5,-5
2022-11-04 15:19:56.777,13031,13032,13031,4,-4
2022-11-04 15:19:56.864,13031,13032,13031,1,-1
2022-11-04 15:19:56.864,13031,13032,13031,7,-7
2022-11-04 15:19:56.875,13031,13032,13031,1,-1
2022-11-04 15:19:56.889,13031,13032,13031,1,-1
2022-11-04 15:19:56.935,13031,13032,13031,1,-1
2022-11-04 15:19:56.951,13031,13032,13031,3,-3
2022-11-04 15:19:56.979,13031,13032,13031,1,-1
2022-11-04 15:19:56.985,13031,13032,13031,1,-1
2022-11-04 15:19:56.985,13031,13032,13030,1,-1
2022-11-04 15:19:56.985,13031,13032,13030,1,-1
2022-11-04 15:19:56.985,13031,13032,13030,1,-1
2022-11-04 15:19:57.032,13031,13032,13030,1,-1
2022-11-04 15:19:57.032,13031,13032,13030,1,-1
2022-11-04 15:19:57.108,13030,13031,13030,1,-1
2022-11-04 15:19:57.129,13030,13031,13030,1,-1
2022-11-04 15:20:00.442,13031,13033,13032,2,-2
2022-11-04 15:20:00.710,13031,13032,13031,5,-5
2022-11-04 15:20:00.725,13031,13032,13031,1,-1
2022-11-04 15:20:01.533,13031,13032,13032,1,1
2022-11-04 15:20:01.533,13031,13032,13032,1,1
2022-11-04 15:20:01.533,13031,13032,13032,1,1
2022-11-04 15:20:01.533,13031,13032,13032,1,1
2022-11-04 15:20:05.775,13032,13033,13032,1,-1
2022-11-04 15:20:05.775,13032,13033,13031,1,-1
2022-11-04 15:20:09.435,13031,13032,13031,1,-1
2022-11-04 15:20:10.484,13031,13032,13031,1,-1
2022-11-04 15:20:11.084,13030,13032,13030,8,-8
2022-11-04 15:20:11.086,13030,13032,13030,28,-28
2022-11-04 15:20:11.278,13029,13030,13029,1,-1
2022-11-04 15:20:11.889,13029,13030,13030,1,1
2022-11-04 15:20:12.108,13029,13030,13029,1,-1
2022-11-04 15:20:13.587,13029,13030,13030,1,1
2022-11-04 15:20:15.927,13029,13030,13029,2,-2
2022-11-04 15:20:16.795,13029,13030,13029,1,-1
2022-11-04 15:20:17.882,13029,13030,13030,3,3
2022-11-04 15:20:19.381,13030,13031,13030,1,-1
2022-11-04 15:20:19.656,13030,13031,13030,1,-1
2022-11-04 15:20:20.194,13030,13031,13030,2,-2
2022-11-04 15:20:20.367,13030,13031,13030,3,-3
2022-11-04 15:20:22.468,13029,13030,13030,1,1
2022-11-04 15:20:27.251,13029,13030,13029,4,-4
2022-11-04 15:20:27.744,13029,13030,13030,1,1
2022-11-04 15:20:28.593,13029,13030,13030,1,1
2022-11-04 15:20:28.593,13029,13030,13030,1,1
2022-11-04 15:20:28.593,13029,13030,13030,1,1
2022-11-04 15:20:28.593,13029,13030,13030,2,2
2022-11-04 15:20:28.593,13029,13030,13030,1,1
2022-11-04 15:20:28.593,13029,13030,13030,1,1
2022-11-04 15:20:28.593,13029,13030,13030,1,1
2022-11-04 15:20:29.004,13029,13031,13029,1,-1
2022-11-04 15:20:29.686,13029,13030,13029,2,-2
2022-11-04 15:20:29.686,13029,13030,13029,11,-11
2022-11-04 15:20:29.687,13029,13030,13029,1,-1
2022-11-04 15:20:29.687,13029,13030,13029,1,-1
2022-11-04 15:20:29.687,13029,13030,13029,2,-2
2022-11-04 15:20:29.687,13029,13030,13029,3,-3
2022-11-04 15:20:30.027,13028,13029,13029,1,1
2022-11-04 15:20:30.111,13028,13029,13029,2,2
2022-11-04 15:20:32.698,13028,13029,13029,1,1
2022-11-04 15:20:33.501,13028,13029,13028,1,-1
2022-11-04 15:20:33.642,13028,13029,13028,4,-4
2022-11-04 15:20:34.226,13028,13029,13029,6,6
2022-11-04 15:20:34.227,13028,13029,13029,1,1
2022-11-04 15:20:39.288,13029,13030,13029,1,-1
2022-11-04 15:20:39.288,13029,13030,13029,1,-1
2022-11-04 15:20:39.288,13029,13030,13029,1,-1
2022-11-04 15:20:39.289,13029,13030,13029,1,-1
2022-11-04 15:20:39.289,13029,13030,13029,1,-1
2022-11-04 15:20:40.203,13028,13029,13028,1,-1
2022-11-04 15:20:41.101,13028,13029,13028,1,-1
2022-11-04 15:20:41.662,13028,13029,13029,1,1
2022-11-04 15:20:43.937,13028,13029,13029,1,1
2022-11-04 15:20:44.553,13028,13029,13028,1,-1
2022-11-04 15:20:50.124,13028,13029,13028,1,-1
2022-11-04 15:20:52.100,13028,13029,13029,1,1
2022-11-04 15:20:52.100,13028,13029,13029,1,1
2022-11-04 15:20:52.177,13028,13029,13029,1,1
2022-11-04 15:20:52.244,13029,13030,13030,12,12
2022-11-04 15:20:52.244,13029,13030,13030,2,2
2022-11-04 15:20:55.469,13030,13031,13031,1,1
2022-11-04 15:20:58.034,13030,13031,13030,1,-1
2022-11-04 15:20:59.167,13030,13031,13031,1,1
2022-11-04 15:21:01.168,13031,13032,13032,7,7
2022-11-04 15:21:01.168,13031,13032,13032,1,1
2022-11-04 15:21:01.226,13032,13033,13032,1,-1
2022-11-04 15:21:01.227,13032,13033,13032,1,-1
2022-11-04 15:21:06.438,13030,13031,13031,1,1
2022-11-04 15:21:06.762,13031,13032,13031,1,-1
2022-11-04 15:21:10.396,13030,13032,13032,5,5
2022-11-04 15:21:10.397,13030,13032,13031,1,1
2022-11-04 15:21:11.837,13031,13032,13031,2,-2
2022-11-04 15:21:15.133,13031,13032,13031,2,-2
2022-11-04 15:21:18.215,13031,13032,13032,1,1
2022-11-04 15:21:19.092,13031,13032,13031,2,-2
2022-11-04 15:21:23.415,13031,13032,13031,1,-1
2022-11-04 15:21:23.415,13031,13032,13031,2,-2
2022-11-04 15:21:23.415,13031,13032,13031,2,-2
2022-11-04 15:21:23.596,13030,13031,13032,1,1
2022-11-04 15:21:25.162,13030,13031,13031,1,1
2022-11-04 15:21:27.847,13031,13032,13031,2,-2
2022-11-04 15:21:28.160,13030,13031,13031,1,1
2022-11-04 15:21:29.273,13030,13031,13031,1,1
2022-11-04 15:21:29.616,13030,13031,13030,1,-1
2022-11-04 15:21:32.253,13030,13031,13031,1,1
2022-11-04 15:21:33.175,13030,13031,13031,2,2
2022-11-04 15:21:35.490,13030,13032,13030,1,-1
2022-11-04 15:21:44.273,13031,13032,13031,1,-1
2022-11-04 15:21:48.667,13031,13032,13032,1,1
2022-11-04 15:21:48.688,13031,13032,13032,1,1
2022-11-04 15:21:48.688,13031,13032,13032,1,1
2022-11-04 15:21:48.688,13031,13032,13032,1,1
2022-11-04 15:21:48.688,13031,13032,13032,2,2
2022-11-04 15:21:48.688,13031,13032,13032,1,1
2022-11-04 15:21:48.688,13031,13032,13032,1,1
2022-11-04 15:21:48.688,13031,13032,13032,2,2
2022-11-04 15:21:48.688,13031,13032,13032,6,6
2022-11-04 15:21:48.688,13031,13032,13032,1,1
2022-11-04 15:21:48.688,13031,13032,13032,1,1
2022-11-04 15:21:52.982,13032,13033,13033,1,1
2022-11-04 15:21:53.798,13032,13033,13033,1,1
2022-11-04 15:21:54.259,13032,13033,13033,2,2
2022-11-04 15:21:58.586,13033,13034,13034,5,5
2022-11-04 15:21:58.848,13033,13034,13034,1,1
2022-11-04 15:21:59.559,13033,13035,13035,5,5
2022-11-04 15:21:59.710,13034,13035,13035,1,1
2022-11-04 15:22:00.594,13034,13035,13035,5,5
2022-11-04 15:22:03.278,13034,13035,13035,1,1
2022-11-04 15:22:03.914,13034,13035,13035,1,1
2022-11-04 15:22:03.915,13034,13035,13035,1,1
2022-11-04 15:22:07.818,13035,13036,13035,1,-1
2022-11-04 15:22:07.818,13035,13036,13034,19,-19
2022-11-04 15:22:08.398,13033,13035,13035,1,1
2022-11-04 15:22:08.627,13033,13035,13033,1,-1
2022-11-04 15:22:09.976,13034,13035,13035,1,1
2022-11-04 15:22:11.937,13035,13036,13035,1,-1
2022-11-04 15:22:18.271,13034,13036,13034,1,-1
2022-11-04 15:22:18.881,13034,13035,13034,1,-1
2022-11-04 15:22:21.088,13033,13034,13034,1,1
2022-11-04 15:22:21.597,13033,13034,13034,1,1
2022-11-04 15:22:21.853,13033,13034,13034,2,2
2022-11-04 15:22:22.362,13033,13034,13033,6,-6
2022-11-04 15:22:23.110,13033,13034,13034,1,1
2022-11-04 15:22:25.632,13034,13035,13035,1,1
2022-11-04 15:22:27.658,13034,13035,13035,1,1
2022-11-04 15:22:27.736,13034,13035,13034,3,-3
2022-11-04 15:22:28.181,13033,13034,13034,1,1
2022-11-04 15:22:29.876,13033,13034,13034,2,2
2022-11-04 15:22:29.877,13033,13034,13034,1,1
2022-11-04 15:22:32.169,13033,13034,13033,1,-1
2022-11-04 15:22:33.297,13033,13034,13034,1,1
2022-11-04 15:22:33.580,13033,13034,13033,1,-1
2022-11-04 15:22:33.639,13033,13034,13033,2,-2
2022-11-04 15:22:34.450,13032,13033,13033,1,1
2022-11-04 15:22:35.196,13032,13033,13032,1,-1
2022-11-04 15:22:50.651,13032,13033,13033,1,1
2022-11-04 15:22:55.600,13032,13033,13033,1,1
2022-11-04 15:22:55.722,13032,13033,13033,1,1
2022-11-04 15:22:57.411,13032,13033,13033,1,1
2022-11-04 15:23:00.065,13032,13033,13033,2,2
2022-11-04 15:23:00.336,13032,13033,13032,1,-1
2022-11-04 15:23:02.710,13032,13033,13033,1,1
2022-11-04 15:23:05.044,13033,13034,13033,4,-4
2022-11-04 15:23:05.044,13033,13034,13032,1,-1
2022-11-04 15:23:05.591,13032,13033,13033,11,11
2022-11-04 15:23:05.591,13032,13033,13034,4,4
2022-11-04 15:23:06.239,13032,13033,13033,1,1
2022-11-04 15:23:06.458,13032,13033,13033,1,1
2022-11-04 15:23:08.711,13032,13033,13033,1,1
2022-11-04 15:23:09.661,13032,13033,13032,28,-28
2022-11-04 15:23:10.562,13031,13032,13032,1,1
2022-11-04 15:23:10.698,13031,13032,13032,1,1
2022-11-04 15:23:11.127,13031,13032,13032,1,1
2022-11-04 15:23:16.568,13031,13033,13032,1,1
2022-11-04 15:23:18.209,13031,13032,13032,1,1
2022-11-04 15:23:18.775,13031,13032,13032,1,1
2022-11-04 15:23:20.970,13031,13032,13031,9,-9
2022-11-04 15:23:20.971,13031,13032,13031,2,-2
2022-11-04 15:23:25.758,13031,13032,13031,1,-1
2022-11-04 15:23:30.093,13030,13031,13031,1,1
2022-11-04 15:23:34.438,13030,13031,13030,2,-2
2022-11-04 15:23:34.819,13030,13031,13030,2,-2
2022-11-04 15:23:34.819,13030,13031,13030,1,-1
2022-11-04 15:23:34.820,13030,13031,13030,8,-8
2022-11-04 15:23:34.820,13030,13031,13030,1,-1
2022-11-04 15:23:34.820,13030,13031,13030,4,-4
2022-11-04 15:23:34.820,13030,13031,13030,1,-1
2022-11-04 15:23:34.820,13030,13031,13030,5,-5
2022-11-04 15:23:36.469,13029,13030,13030,1,1
2022-11-04 15:23:37.145,13029,13030,13029,1,-1
2022-11-04 15:23:37.526,13029,13030,13029,1,-1
2022-11-04 15:23:37.526,13029,13030,13029,4,-4
2022-11-04 15:23:37.526,13029,13030,13029,2,-2
2022-11-04 15:23:37.526,13029,13030,13029,2,-2
2022-11-04 15:23:37.526,13029,13030,13029,1,-1
2022-11-04 15:23:37.657,13028,13029,13029,1,1
2022-11-04 15:23:38.839,13028,13030,13030,1,1
2022-11-04 15:23:39.046,13029,13030,13029,1,-1
2022-11-04 15:23:39.298,13029,13030,13029,2,-2
2022-11-04 15:23:39.926,13029,13030,13029,1,-1
2022-11-04 15:23:41.832,13029,13030,13029,1,-1
2022-11-04 15:23:42.569,13029,13030,13029,1,-1
2022-11-04 15:23:43.557,13029,13030,13029,3,-3
2022-11-04 15:23:44.506,13029,13030,13029,1,-1
2022-11-04 15:23:48.313,13028,13029,13028,2,-2
2022-11-04 15:23:48.493,13028,13029,13028,1,-1
2022-11-04 15:23:48.609,13028,13029,13028,2,-2
2022-11-04 15:23:48.695,13028,13029,13028,2,-2
2022-11-04 15:23:51.343,13028,13029,13028,1,-1
2022-11-04 15:23:52.472,13028,13029,13028,1,-1
2022-11-04 15:23:52.472,13028,13029,13028,18,-18
2022-11-04 15:23:55.725,13027,13028,13027,1,-1
2022-11-04 15:23:56.013,13027,13028,13027,1,-1
2022-11-04 15:23:59.255,13027,13028,13027,5,-5
2022-11-04 15:24:00.298,13027,13028,13027,1,-1
2022-11-04 15:24:01.509,13027,13028,13027,7,-7
2022-11-04 15:24:01.658,13027,13028,13027,2,-2
2022-11-04 15:24:01.922,13026,13027,13027,1,1
2022-11-04 15:24:04.434,13026,13027,13026,4,-4
2022-11-04 15:24:04.434,13026,13027,13026,2,-2
2022-11-04 15:24:04.434,13026,13027,13026,2,-2
2022-11-04 15:24:04.434,13026,13027,13026,2,-2
2022-11-04 15:24:04.434,13026,13027,13026,4,-4
2022-11-04 15:24:04.549,13025,13026,13025,1,-1
2022-11-04 15:24:04.553,13025,13026,13025,1,-1
2022-11-04 15:24:04.681,13025,13026,13025,3,-3
2022-11-04 15:24:04.973,13025,13026,13025,3,-3
2022-11-04 15:24:05.723,13025,13026,13025,1,-1
2022-11-04 15:24:06.783,13025,13026,13025,1,-1
2022-11-04 15:24:07.512,13025,13026,13025,1,-1
2022-11-04 15:24:07.977,13025,13026,13025,11,-11
2022-11-04 15:24:08.218,13024,13025,13025,1,1
2022-11-04 15:24:08.858,13024,13025,13024,2,-2
2022-11-04 15:24:10.655,13024,13025,13024,5,-5
2022-11-04 15:24:10.655,13024,13025,13024,1,-1
2022-11-04 15:24:10.655,13024,13025,13024,1,-1
2022-11-04 15:24:10.655,13024,13025,13024,2,-2
2022-11-04 15:24:10.655,13024,13025,13024,2,-2
2022-11-04 15:24:11.574,13023,13024,13023,1,-1
2022-11-04 15:24:11.575,13023,13024,13023,2,-2
2022-11-04 15:24:11.575,13023,13024,13023,1,-1
2022-11-04 15:24:11.575,13023,13024,13023,5,-5
2022-11-04 15:24:11.609,13022,13024,13024,1,1
2022-11-04 15:24:11.638,13022,13024,13023,1,1
2022-11-04 15:24:11.695,13022,13024,13022,2,-2
2022-11-04 15:24:11.738,13022,13023,13023,1,1
2022-11-04 15:24:11.877,13022,13023,13023,1,1
2022-11-04 15:24:11.914,13022,13023,13022,2,-2
2022-11-04 15:24:12.387,13022,13023,13022,1,-1
2022-11-04 15:24:12.391,13022,13023,13022,2,-2
2022-11-04 15:24:12.520,13022,13023,13023,1,1
2022-11-04 15:24:12.673,13022,13023,13022,2,-2
2022-11-04 15:24:12.738,13022,13023,13022,2,-2
2022-11-04 15:24:15.097,13022,13023,13023,1,1
2022-11-04 15:24:15.098,13022,13023,13023,1,1
2022-11-04 15:24:15.098,13022,13023,13023,2,2
2022-11-04 15:24:17.316,13024,13025,13024,1,-1
2022-11-04 15:24:17.685,13024,13025,13025,1,1
2022-11-04 15:24:18.862,13025,13026,13025,1,-1
2022-11-04 15:24:19.385,13025,13026,13025,1,-1
2022-11-04 15:24:20.064,13025,13026,13026,1,1
2022-11-04 15:24:22.109,13025,13026,13026,1,1
2022-11-04 15:24:22.301,13025,13026,13025,1,-1
2022-11-04 15:24:24.841,13025,13026,13026,2,2
2022-11-04 15:24:24.841,13025,13026,13026,1,1
2022-11-04 15:24:28.215,13026,13027,13026,1,-1
2022-11-04 15:24:29.362,13026,13027,13026,1,-1
2022-11-04 15:24:29.491,13025,13026,13026,1,1
2022-11-04 15:24:35.592,13025,13026,13026,1,1
2022-11-04 15:24:37.535,13025,13026,13026,1,1
2022-11-04 15:24:39.243,13025,13026,13026,1,1
2022-11-04 15:24:39.784,13025,13026,13025,2,-2
2022-11-04 15:24:39.811,13025,13026,13026,1,1
2022-11-04 15:24:39.911,13025,13026,13026,1,1
2022-11-04 15:24:47.034,13026,13027,13026,1,-1
2022-11-04 15:24:48.379,13026,13027,13027,1,1
2022-11-04 15:24:48.834,13026,13027,13027,1,1
2022-11-04 15:24:53.275,13026,13027,13027,1,1
2022-11-04 15:24:56.475,13026,13027,13026,1,-1
2022-11-04 15:25:02.867,13026,13027,13026,1,-1
2022-11-04 15:25:03.181,13026,13027,13026,1,-1
2022-11-04 15:25:07.833,13026,13027,13027,1,1
2022-11-04 15:25:07.834,13026,13027,13027,1,1
2022-11-04 15:25:07.834,13026,13027,13027,1,1
2022-11-04 15:25:07.834,13026,13027,13027,1,1
2022-11-04 15:25:07.834,13026,13027,13027,1,1
2022-11-04 15:25:07.834,13026,13027,13027,10,10
2022-11-04 15:25:09.537,13027,13028,13028,2,2
2022-11-04 15:25:11.116,13027,13028,13028,2,2
2022-11-04 15:25:11.536,13027,13029,13029,2,2
2022-11-04 15:25:11.935,13027,13029,13029,1,1
2022-11-04 15:25:15.363,13027,13029,13029,4,4
2022-11-04 15:25:17.979,13028,13029,13029,2,2
2022-11-04 15:25:18.259,13028,13029,13029,1,1
2022-11-04 15:25:18.259,13028,13029,13029,2,2
2022-11-04 15:25:24.062,13029,13030,13029,1,-1
2022-11-04 15:25:24.354,13028,13030,13028,1,-1
2022-11-04 15:25:25.382,13028,13030,13030,3,3
2022-11-04 15:25:29.580,13029,13030,13029,3,-3
2022-11-04 15:25:34.075,13028,13029,13028,1,-1
2022-11-04 15:25:34.076,13028,13029,13028,1,-1
2022-11-04 15:25:39.969,13027,13028,13028,1,1
2022-11-04 15:25:45.635,13027,13028,13028,1,1
2022-11-04 15:25:58.783,13027,13028,13027,2,-2
2022-11-04 15:26:03.507,13027,13028,13027,1,-1
2022-11-04 15:26:08.882,13027,13028,13027,1,-1
2022-11-04 15:26:11.550,13027,13028,13027,3,-3
2022-11-04 15:26:11.550,13027,13028,13026,3,-3
2022-11-04 15:26:29.759,13027,13028,13027,1,-1
2022-11-04 15:26:29.759,13027,13028,13027,1,-1
2022-11-04 15:26:29.759,13027,13028,13027,1,-1
2022-11-04 15:26:29.759,13027,13028,13027,2,-2
2022-11-04 15:26:30.182,13026,13027,13026,4,-4
2022-11-04 15:26:31.238,13025,13026,13025,1,-1
2022-11-04 15:26:31.238,13025,13026,13025,4,-4
2022-11-04 15:26:31.238,13025,13026,13025,1,-1
2022-11-04 15:26:31.442,13024,13025,13025,1,1
2022-11-04 15:26:31.557,13024,13026,13024,1,-1
2022-11-04 15:26:31.672,13024,13026,13025,4,-4
2022-11-04 15:26:33.263,13024,13026,13025,1,-1
2022-11-04 15:26:33.263,13024,13026,13025,1,-1
2022-11-04 15:26:36.288,13024,13025,13025,1,1
2022-11-04 15:26:36.807,13024,13025,13025,1,1
2022-11-04 15:26:38.878,13024,13025,13025,1,1
2022-11-04 15:26:40.196,13024,13025,13024,2,-2
2022-11-04 15:26:42.150,13024,13025,13024,1,-1
2022-11-04 15:26:42.150,13024,13025,13024,5,-5
2022-11-04 15:26:42.151,13024,13025,13023,24,-24
2022-11-04 15:26:44.644,13022,13024,13022,1,-1
2022-11-04 15:26:46.119,13022,13023,13022,2,-2
2022-11-04 15:26:46.915,13022,13023,13022,1,-1
2022-11-04 15:26:46.915,13022,13023,13022,7,-7
2022-11-04 15:26:46.967,13022,13023,13022,1,-1
2022-11-04 15:26:50.693,13021,13022,13022,1,1
2022-11-04 15:26:52.773,13021,13022,13021,1,-1
2022-11-04 15:26:52.916,13021,13022,13021,2,-2
2022-11-04 15:26:53.095,13021,13022,13022,2,2
2022-11-04 15:26:53.095,13021,13022,13022,2,2
2022-11-04 15:26:55.192,13022,13023,13023,2,2
2022-11-04 15:27:00.544,13024,13025,13025,1,1
2022-11-04 15:27:02.837,13024,13025,13024,1,-1
2022-11-04 15:27:04.317,13024,13025,13025,1,1
2022-11-04 15:27:04.343,13024,13025,13025,1,1
2022-11-04 15:27:04.343,13024,13025,13025,1,1
2022-11-04 15:27:04.343,13024,13025,13025,1,1
2022-11-04 15:27:07.504,13024,13025,13024,2,-2
2022-11-04 15:27:10.326,13024,13025,13024,1,-1
2022-11-04 15:27:11.842,13024,13025,13024,1,-1
2022-11-04 15:27:15.510,13023,13024,13023,3,-3
2022-11-04 15:27:18.541,13023,13024,13023,1,-1
2022-11-04 15:27:20.191,13023,13024,13023,1,-1
2022-11-04 15:27:27.010,13023,13024,13023,1,-1
2022-11-04 15:27:30.928,13023,13024,13024,2,2
2022-11-04 15:27:30.928,13023,13024,13024,14,14
2022-11-04 15:27:30.928,13023,13024,13024,3,3
2022-11-04 15:27:34.296,13024,13025,13025,1,1
2022-11-04 15:27:34.778,13024,13025,13025,3,3
2022-11-04 15:27:40.968,13024,13025,13025,5,5
2022-11-04 15:27:43.326,13024,13025,13025,1,1
2022-11-04 15:27:43.399,13024,13025,13024,1,-1
2022-11-04 15:27:46.068,13023,13024,13023,1,-1
2022-11-04 15:27:46.069,13023,13024,13023,4,-4
2022-11-04 15:27:54.143,13023,13024,13023,1,-1
2022-11-04 15:27:58.179,13023,13024,13024,1,1
2022-11-04 15:27:58.179,13023,13024,13024,6,6
2022-11-04 15:28:09.578,13024,13025,13024,1,-1
2022-11-04 15:28:12.374,13024,13025,13024,2,-2
2022-11-04 15:28:15.535,13024,13025,13024,3,-3
2022-11-04 15:28:16.710,13024,13025,13024,1,-1
2022-11-04 15:28:18.313,13023,13024,13024,4,4
2022-11-04 15:28:18.313,13023,13024,13025,6,6
2022-11-04 15:28:23.602,13024,13025,13025,1,1
2022-11-04 15:28:23.602,13024,13025,13026,9,9
2022-11-04 15:28:25.954,13025,13026,13026,2,2
2022-11-04 15:28:28.877,13025,13026,13026,4,4
2022-11-04 15:28:28.878,13025,13026,13026,4,4
2022-11-04 15:28:29.311,13025,13026,13025,4,-4
2022-11-04 15:28:30.724,13024,13026,13026,1,1
2022-11-04 15:28:35.555,13024,13025,13024,4,-4
2022-11-04 15:28:35.660,13024,13025,13025,1,1
2022-11-04 15:28:35.834,13024,13025,13024,8,-8
2022-11-04 15:28:35.835,13024,13025,13024,1,-1
2022-11-04 15:28:37.738,13024,13025,13024,1,-1
2022-11-04 15:28:37.738,13024,13025,13023,1,-1
2022-11-04 15:28:38.192,13023,13025,13025,1,1
2022-11-04 15:28:45.159,13023,13025,13025,1,1
2022-11-04 15:28:52.973,13023,13025,13025,1,1
2022-11-04 15:28:57.173,13023,13024,13023,5,-5
2022-11-04 15:28:58.374,13022,13023,13023,1,1
2022-11-04 15:29:00.493,13022,13024,13024,1,1
2022-11-04 15:29:00.772,13023,13025,13023,1,-1
2022-11-04 15:29:00.772,13023,13025,13023,1,-1
2022-11-04 15:29:00.815,13023,13025,13023,1,-1
2022-11-04 15:29:00.816,13023,13025,13023,3,-3
2022-11-04 15:29:00.816,13023,13025,13023,1,-1
2022-11-04 15:29:01.758,13022,13023,13022,5,-5
2022-11-04 15:29:01.758,13022,13023,13022,1,-1
2022-11-04 15:29:02.077,13021,13023,13023,5,5
2022-11-04 15:29:06.845,13022,13023,13023,1,1
2022-11-04 15:29:07.650,13022,13024,13022,2,-2
2022-11-04 15:29:11.036,13023,13024,13023,7,-7
2022-11-04 15:29:11.037,13023,13024,13023,2,-2
2022-11-04 15:29:11.729,13022,13023,13022,1,-1
2022-11-04 15:29:13.680,13022,13023,13023,1,1
2022-11-04 15:29:13.778,13023,13024,13024,2,2
2022-11-04 15:29:14.463,13023,13025,13023,1,-1
2022-11-04 15:29:19.036,13023,13024,13024,1,1
2022-11-04 15:29:19.036,13023,13024,13024,5,5
2022-11-04 15:29:21.991,13023,13025,13025,1,1
2022-11-04 15:29:25.428,13024,13025,13024,4,-4
2022-11-04 15:29:29.248,13024,13025,13025,1,1
2022-11-04 15:29:30.383,13024,13025,13025,3,3
2022-11-04 15:29:30.383,13024,13025,13026,2,2
2022-11-04 15:29:32.378,13024,13026,13026,1,1
2022-11-04 15:29:33.672,13023,13025,13025,1,1
2022-11-04 15:29:37.649,13024,13025,13025,1,1
2022-11-04 15:29:38.173,13024,13026,13026,2,2
2022-11-04 15:29:38.395,13024,13026,13026,1,1
2022-11-04 15:29:41.608,13024,13026,13025,1,1
2022-11-04 15:29:42.668,13025,13026,13025,1,-1
2022-11-04 15:29:47.257,13024,13025,13025,1,1
2022-11-04 15:29:51.016,13024,13025,13024,2,-2
2022-11-04 15:29:52.206,13023,13024,13023,4,-4
2022-11-04 15:29:53.416,13022,13023,13022,20,-20
2022-11-04 15:29:56.022,13021,13022,13021,1,-1
2022-11-04 15:29:56.023,13021,13022,13021,2,-2
2022-11-04 15:29:56.023,13021,13022,13021,1,-1
2022-11-04 15:29:56.023,13021,13022,13021,1,-1
2022-11-04 15:29:56.023,13021,13022,13021,17,-17
2022-11-04 15:29:56.023,13021,13022,13021,3,-3
2022-11-04 15:29:56.164,13020,13021,13020,2,-2
2022-11-04 15:29:56.217,13020,13021,13021,1,1
2022-11-04 15:29:56.327,13020,13022,13021,1,1
2022-11-04 15:29:56.327,13020,13022,13020,1,-1
2022-11-04 15:29:57.125,13021,13022,13021,1,-1
2022-11-04 15:29:59.245,13021,13022,13022,1,1
2022-11-04 15:30:00.192,13021,13022,13021,3,-3
2022-11-04 15:30:00.240,13021,13022,13022,1,1
2022-11-04 15:30:00.240,13021,13022,13022,1,1
2022-11-04 15:30:00.409,13021,13022,13022,1,1
2022-11-04 15:30:00.425,13021,13022,13022,1,1
2022-11-04 15:30:00.531,13021,13023,13021,2,-2
2022-11-04 15:30:00.539,13021,13023,13021,2,-2
2022-11-04 15:30:00.565,13021,13023,13021,1,-1
2022-11-04 15:30:01.846,13021,13023,13021,4,-4
2022-11-04 15:30:02.319,13021,13023,13023,1,1
2022-11-04 15:30:02.799,13021,13023,13021,1,-1
2022-11-04 15:30:04.738,13021,13022,13022,1,1
2022-11-04 15:30:04.738,13021,13022,13022,1,1
2022-11-04 15:30:05.016,13022,13023,13022,1,-1
2022-11-04 15:30:07.867,13022,13023,13022,1,-1
2022-11-04 15:30:07.867,13022,13023,13021,1,-1
2022-11-04 15:30:11.612,13021,13022,13021,1,-1
2022-11-04 15:30:12.436,13021,13022,13021,5,-5
2022-11-04 15:30:14.363,13021,13022,13021,2,-2
2022-11-04 15:30:19.059,13020,13021,13020,10,-10
2022-11-04 15:30:19.059,13020,13021,13020,2,-2
2022-11-04 15:30:19.059,13020,13021,13020,10,-10
2022-11-04 15:30:19.059,13020,13021,13020,14,-14
2022-11-04 15:30:19.061,13020,13021,13019,2,-2
2022-11-04 15:30:19.170,13019,13020,13019,2,-2
2022-11-04 15:30:19.947,13019,13020,13020,1,1
2022-11-04 15:30:20.186,13019,13020,13019,2,-2
2022-11-04 15:30:20.224,13019,13020,13020,1,1
2022-11-04 15:30:20.869,13019,13020,13020,1,1
2022-11-04 15:30:24.104,13019,13020,13019,1,-1
2022-11-04 15:30:24.951,13019,13020,13019,1,-1
2022-11-04 15:30:24.951,13019,13020,13019,7,-7
2022-11-04 15:30:24.951,13019,13020,13019,10,-10
2022-11-04 15:30:26.837,13018,13019,13019,1,1
2022-11-04 15:30:29.203,13018,13019,13018,2,-2
2022-11-04 15:30:29.258,13018,13019,13018,1,-1
2022-11-04 15:30:29.258,13018,13019,13018,20,-20
2022-11-04 15:30:29.267,13018,13019,13017,1,-1
2022-11-04 15:30:29.351,13017,13018,13017,1,-1
2022-11-04 15:30:29.402,13017,13018,13017,1,-1
2022-11-04 15:30:29.494,13017,13018,13017,2,-2
2022-11-04 15:30:29.521,13017,13018,13017,1,-1
2022-11-04 15:30:30.111,13017,13018,13017,1,-1
2022-11-04 15:30:30.232,13017,13018,13018,1,1
2022-11-04 15:30:30.276,13017,13018,13018,1,1
2022-11-04 15:30:30.379,13018,13019,13018,3,-3
2022-11-04 15:30:30.425,13018,13019,13018,1,-1
2022-11-04 15:30:30.687,13018,13019,13018,3,-3
2022-11-04 15:30:32.643,13018,13019,13018,1,-1
2022-11-04 15:30:33.401,13018,13019,13018,1,-1
2022-11-04 15:30:33.592,13018,13019,13017,4,-4
2022-11-04 15:30:36.130,13017,13018,13017,1,-1
2022-11-04 15:30:36.781,13017,13018,13018,1,1
2022-11-04 15:30:38.786,13017,13018,13017,3,-3
2022-11-04 15:30:39.833,13017,13018,13018,1,1
2022-11-04 15:30:40.194,13017,13018,13017,1,-1
2022-11-04 15:30:40.408,13017,13018,13017,2,-2
2022-11-04 15:30:40.958,13017,13018,13018,5,5
2022-11-04 15:30:41.626,13018,13019,13019,2,2
2022-11-04 15:30:42.499,13019,13020,13020,1,1
2022-11-04 15:30:43.251,13019,13020,13020,1,1
2022-11-04 15:30:43.251,13019,13020,13020,1,1
2022-11-04 15:30:45.846,13020,13021,13021,1,1
2022-11-04 15:30:45.846,13020,13021,13021,1,1
2022-11-04 15:30:45.880,13020,13022,13020,2,-2
2022-11-04 15:30:46.288,13021,13022,13022,2,2
2022-11-04 15:30:46.289,13021,13022,13022,1,1
2022-11-04 15:30:46.651,13022,13024,13024,3,3
2022-11-04 15:30:46.802,13022,13024,13024,1,1
2022-11-04 15:30:47.417,13022,13024,13022,7,-7
2022-11-04 15:30:49.472,13021,13023,13021,1,-1
2022-11-04 15:30:53.292,13020,13022,13021,4,-4
2022-11-04 15:30:53.448,13020,13021,13021,1,1
2022-11-04 15:30:53.786,13021,13022,13021,2,-2
2022-11-04 15:30:53.786,13021,13022,13020,3,-3
2022-11-04 15:30:54.715,13020,13022,13020,5,-5
2022-11-04 15:30:55.032,13020,13022,13020,5,-5
2022-11-04 15:30:55.374,13020,13021,13020,5,-5
2022-11-04 15:30:56.273,13019,13020,13019,5,-5
2022-11-04 15:30:56.707,13018,13020,13020,1,1
2022-11-04 15:30:57.571,13018,13019,13019,1,1
2022-11-04 15:30:58.265,13018,13019,13018,1,-1
2022-11-04 15:30:59.755,13017,13018,13018,1,1
2022-11-04 15:31:05.136,13017,13018,13018,1,1
2022-11-04 15:31:06.376,13017,13018,13017,1,-1
2022-11-04 15:31:07.731,13017,13018,13017,2,-2
2022-11-04 15:31:08.398,13017,13018,13018,1,1
2022-11-04 15:31:08.913,13017,13018,13018,1,1
2022-11-04 15:31:11.818,13017,13018,13018,1,1
2022-11-04 15:31:11.850,13017,13018,13018,1,1
2022-11-04 15:31:13.178,13017,13018,13018,1,1
2022-11-04 15:31:16.043,13020,13022,13020,1,-1
2022-11-04 15:31:16.224,13020,13022,13020,1,-1
2022-11-04 15:31:18.276,13020,13022,13020,1,-1
2022-11-04 15:31:18.345,13020,13022,13020,14,-14
2022-11-04 15:31:18.353,13019,13020,13020,1,1
2022-11-04 15:31:18.353,13019,13020,13020,1,1
2022-11-04 15:31:20.309,13019,13021,13019,1,-1
2022-11-04 15:31:21.549,13019,13021,13019,2,-2
2022-11-04 15:31:22.322,13018,13019,13018,1,-1
2022-11-04 15:31:22.322,13018,13019,13018,1,-1
2022-11-04 15:31:33.545,13018,13019,13018,3,-3
2022-11-04 15:31:37.877,13017,13019,13017,1,-1
2022-11-04 15:31:45.612,13017,13018,13017,2,-2
2022-11-04 15:31:45.612,13017,13018,13017,9,-9
2022-11-04 15:31:46.236,13016,13017,13016,1,-1
2022-11-04 15:31:46.413,13016,13017,13016,1,-1
2022-11-04 15:31:46.417,13016,13017,13016,1,-1
2022-11-04 15:31:46.446,13016,13017,13016,1,-1
2022-11-04 15:31:46.610,13016,13017,13016,12,-12
2022-11-04 15:31:46.680,13016,13017,13015,3,-3
2022-11-04 15:31:46.806,13015,13017,13015,1,-1
2022-11-04 15:31:47.223,13015,13017,13015,1,-1
2022-11-04 15:31:47.664,13015,13016,13015,2,-2
2022-11-04 15:31:47.700,13015,13016,13015,2,-2
2022-11-04 15:31:48.056,13015,13016,13016,1,1
2022-11-04 15:31:48.311,13015,13017,13015,1,-1
2022-11-04 15:31:48.569,13016,13017,13017,2,2
2022-11-04 15:31:48.644,13017,13018,13018,2,2
2022-11-04 15:31:48.644,13017,13018,13018,5,5
2022-11-04 15:31:49.797,13018,13020,13018,1,-1
2022-11-04 15:31:50.660,13019,13020,13019,2,-2
2022-11-04 15:31:56.671,13017,13018,13018,1,1
2022-11-04 15:31:57.099,13017,13018,13018,1,1
2022-11-04 15:31:58.914,13017,13018,13017,1,-1
2022-11-04 15:32:00.724,13017,13018,13018,2,2
2022-11-04 15:32:00.724,13017,13018,13018,1,1
2022-11-04 15:32:00.761,13017,13018,13018,1,1
2022-11-04 15:32:01.255,13018,13019,13018,1,-1
2022-11-04 15:32:06.011,13018,13019,13019,1,1
2022-11-04 15:32:06.011,13018,13019,13019,2,2
2022-11-04 15:32:12.671,13019,13020,13019,1,-1
2022-11-04 15:32:18.532,13019,13020,13020,5,5
2022-11-04 15:32:18.600,13019,13020,13019,1,-1
2022-11-04 15:32:18.716,13019,13020,13020,1,1
2022-11-04 15:32:19.251,13019,13020,13020,1,1
2022-11-04 15:32:19.251,13019,13020,13020,1,1
2022-11-04 15:32:19.251,13019,13020,13020,1,1
2022-11-04 15:32:19.299,13019,13020,13022,3,3
2022-11-04 15:32:23.106,13021,13022,13022,1,1
2022-11-04 15:32:23.646,13021,13022,13021,1,-1
2022-11-04 15:32:24.504,13020,13021,13020,1,-1
2022-11-04 15:32:29.621,13019,13020,13020,1,1
2022-11-04 15:32:30.004,13019,13020,13020,1,1
2022-11-04 15:32:30.005,13019,13020,13020,3,3
2022-11-04 15:32:31.560,13020,13022,13020,1,-1
2022-11-04 15:32:32.011,13020,13022,13022,1,1
2022-11-04 15:32:34.708,13020,13022,13020,1,-1
2022-11-04 15:32:35.090,13020,13022,13020,1,-1
2022-11-04 15:32:35.613,13020,13022,13020,1,-1
2022-11-04 15:32:35.953,13021,13022,13021,5,-5
2022-11-04 15:32:36.262,13021,13022,13021,4,-4
2022-11-04 15:32:36.262,13021,13022,13020,1,-1
2022-11-04 15:32:36.574,13020,13022,13020,5,-5
2022-11-04 15:32:36.902,13020,13022,13020,5,-5
2022-11-04 15:32:37.270,13020,13022,13020,5,-5
2022-11-04 15:32:37.591,13020,13022,13020,5,-5
2022-11-04 15:32:37.934,13020,13022,13020,5,-5
2022-11-04 15:32:38.239,13020,13022,13020,5,-5
2022-11-04 15:32:38.354,13020,13022,13020,1,-1
2022-11-04 15:32:38.408,13020,13022,13022,1,1
2022-11-04 15:32:40.784,13021,13022,13021,1,-1
2022-11-04 15:32:40.925,13021,13022,13021,1,-1
2022-11-04 15:32:44.216,13020,13021,13020,5,-5
2022-11-04 15:32:44.217,13020,13021,13020,4,-4
2022-11-04 15:32:45.113,13019,13021,13021,2,2
2022-11-04 15:32:45.485,13019,13021,13021,1,1
2022-11-04 15:32:46.984,13019,13020,13019,5,-5
2022-11-04 15:32:48.262,13019,13020,13019,5,-5
2022-11-04 15:32:48.563,13018,13020,13020,1,1
2022-11-04 15:32:50.707,13019,13020,13020,1,1
2022-11-04 15:32:50.707,13019,13020,13020,1,1
2022-11-04 15:32:50.707,13019,13020,13020,3,3
2022-11-04 15:32:53.524,13019,13021,13019,5,-5
2022-11-04 15:32:53.542,13019,13021,13020,1,-1
2022-11-04 15:32:53.869,13020,13021,13020,1,-1
2022-11-04 15:32:53.869,13020,13021,13019,4,-4
2022-11-04 15:32:54.898,13019,13020,13019,5,-5
2022-11-04 15:32:56.311,13018,13019,13018,5,-5
2022-11-04 15:32:56.312,13018,13019,13018,7,-7
2022-11-04 15:32:58.878,13017,13018,13018,1,1
2022-11-04 15:32:58.878,13017,13018,13019,4,4
2022-11-04 15:32:59.140,13017,13019,13017,1,-1
2022-11-04 15:33:00.166,13017,13019,13019,3,3
2022-11-04 15:33:01.046,13017,13018,13017,3,-3
2022-11-04 15:33:01.046,13017,13018,13016,2,-2
2022-11-04 15:33:01.481,13016,13018,13017,5,-5
2022-11-04 15:33:01.953,13016,13018,13018,1,1
2022-11-04 15:33:03.022,13016,13017,13017,2,2
2022-11-04 15:33:03.401,13016,13017,13016,5,-5
2022-11-04 15:33:03.547,13016,13017,13017,2,2
2022-11-04 15:33:03.648,13016,13017,13017,1,1
2022-11-04 15:33:05.126,13017,13018,13017,1,-1
2022-11-04 15:33:06.547,13017,13018,13017,1,-1
2022-11-04 15:33:07.041,13017,13018,13018,2,2
2022-11-04 15:33:07.997,13018,13019,13018,1,-1
2022-11-04 15:33:07.997,13018,13019,13017,11,-11
2022-11-04 15:33:08.724,13017,13019,13017,5,-5
2022-11-04 15:33:09.709,13016,13017,13016,11,-11
2022-11-04 15:33:09.725,13015,13016,13015,1,-1
2022-11-04 15:33:09.807,13015,13016,13015,1,-1
2022-11-04 15:33:09.809,13015,13016,13016,2,2
2022-11-04 15:33:09.824,13015,13016,13016,1,1
2022-11-04 15:33:09.909,13015,13016,13016,2,2
2022-11-04 15:33:10.122,13015,13016,13016,1,1
2022-11-04 15:33:12.519,13015,13017,13017,6,6
2022-11-04 15:33:13.777,13016,13018,13016,1,-1
2022-11-04 15:33:14.496,13016,13018,13016,2,-2
2022-11-04 15:33:14.739,13015,13017,13017,1,1
2022-11-04 15:33:15.901,13015,13017,13015,1,-1
2022-11-04 15:33:17.612,13015,13016,13016,1,1
2022-11-04 15:33:22.410,13015,13016,13015,1,-1
2022-11-04 15:33:22.410,13015,13016,13015,2,-2
2022-11-04 15:33:22.410,13015,13016,13015,2,-2
2022-11-04 15:33:22.410,13015,13016,13015,1,-1
2022-11-04 15:33:22.410,13015,13016,13015,1,-1
2022-11-04 15:33:22.410,13015,13016,13015,8,-8
2022-11-04 15:33:22.410,13015,13016,13015,5,-5
2022-11-04 15:33:22.603,13014,13015,13014,2,-2
2022-11-04 15:33:22.688,13014,13015,13015,1,1
2022-11-04 15:33:22.788,13014,13015,13015,1,1
2022-11-04 15:33:22.889,13014,13015,13015,1,1
2022-11-04 15:33:23.204,13014,13016,13014,1,-1
2022-11-04 15:33:23.204,13014,13016,13014,1,-1
2022-11-04 15:33:23.407,13014,13016,13014,1,-1
2022-11-04 15:33:23.413,13014,13016,13014,1,-1
2022-11-04 15:33:23.413,13014,13016,13015,1,-1
2022-11-04 15:33:23.558,13014,13015,13014,1,-1
2022-11-04 15:33:27.172,13014,13015,13014,1,-1
2022-11-04 15:33:29.691,13014,13015,13014,1,-1
2022-11-04 15:33:30.349,13014,13015,13014,1,-1
2022-11-04 15:33:31.080,13014,13015,13014,14,-14
2022-11-04 15:33:33.040,13013,13014,13014,1,1
2022-11-04 15:33:33.441,13014,13015,13015,6,6
2022-11-04 15:33:40.070,13014,13015,13014,1,-1
2022-11-04 15:33:40.275,13014,13015,13015,2,2
2022-11-04 15:33:40.286,13014,13015,13015,1,1
2022-11-04 15:33:41.110,13015,13016,13015,3,-3
2022-11-04 15:33:41.364,13015,13016,13015,1,-1
2022-11-04 15:33:41.567,13015,13016,13015,1,-1
2022-11-04 15:33:42.819,13015,13016,13015,7,-7
2022-11-04 15:33:42.821,13015,13016,13015,6,-6
2022-11-04 15:33:43.994,13014,13015,13014,1,-1
2022-11-04 15:33:43.995,13014,13015,13014,2,-2
2022-11-04 15:33:44.232,13013,13015,13013,1,-1
2022-11-04 15:33:46.097,13013,13014,13013,1,-1
2022-11-04 15:33:47.996,13013,13014,13013,1,-1
2022-11-04 15:33:51.588,13013,13014,13013,1,-1
2022-11-04 15:33:51.904,13013,13014,13013,2,-2
2022-11-04 15:33:54.233,13013,13014,13014,1,1
2022-11-04 15:33:56.661,13013,13014,13014,5,5
2022-11-04 15:33:57.330,13014,13015,13014,1,-1
2022-11-04 15:33:57.330,13014,13015,13014,1,-1
2022-11-04 15:33:57.607,13014,13015,13014,1,-1
2022-11-04 15:33:58.673,13014,13015,13015,14,14
2022-11-04 15:33:58.676,13014,13015,13016,1,1
2022-11-04 15:34:00.402,13015,13017,13017,2,2
2022-11-04 15:34:01.792,13016,13017,13017,1,1
2022-11-04 15:34:02.719,13017,13018,13018,1,1
2022-11-04 15:34:03.451,13017,13019,13018,1,1
2022-11-04 15:34:06.539,13017,13019,13019,1,1
2022-11-04 15:34:07.642,13017,13019,13019,1,1
2022-11-04 15:34:08.295,13017,13019,13017,3,-3
2022-11-04 15:34:09.410,13017,13018,13018,1,1
2022-11-04 15:34:13.157,13017,13018,13018,1,1
2022-11-04 15:34:14.519,13017,13018,13017,1,-1
2022-11-04 15:34:20.134,13017,13018,13017,5,-5
2022-11-04 15:34:22.455,13016,13017,13017,2,2
