2022-12-28 15:00:00,14127,14127,14127,180,0
2022-12-28 15:00:00,14127,14127,14127,2,0
2022-12-28 15:00:00,14128,14128,14128,22,22
2022-12-28 15:00:00,14129,14129,14129,12,12
2022-12-28 15:00:00,14129,14129,14129,8,0
2022-12-28 15:00:00,14130,14130,14130,2,2
2022-12-28 15:00:00,14130,14130,14130,2,0
2022-12-28 15:00:00,14130,14130,14130,2,0
2022-12-28 15:00:00,14130,14130,14130,12,0
2022-12-28 15:00:00,14130,14130,14130,2,0
2022-12-28 15:00:00,14130,14130,14130,4,0
2022-12-28 15:00:00,14128,14128,14128,2,-2
2022-12-28 15:00:00,14128,14128,14128,2,0
2022-12-28 15:00:00,14129,14129,14129,2,2
2022-12-28 15:00:00,14129,14129,14129,2,0
2022-12-28 15:00:00,14129,14129,14129,2,0
2022-12-28 15:00:00,14128,14128,14128,2,-2
2022-12-28 15:00:00,14130,14130,14130,2,2
2022-12-28 15:00:00,14130,14130,14130,2,0
2022-12-28 15:00:00,14130,14130,14130,2,0
2022-12-28 15:00:00,14130,14130,14130,12,0
2022-12-28 15:00:00,14129,14129,14129,4,-4
2022-12-28 15:00:00,14128,14128,14128,2,-2
2022-12-28 15:00:00,14126,14126,14126,2,-2
2022-12-28 15:00:00,14126,14126,14126,2,0
2022-12-28 15:00:00,14126,14126,14126,2,0
2022-12-28 15:00:00,14130,14130,14130,12,12
2022-12-28 15:00:00,14131,14131,14131,4,4
2022-12-28 15:00:00,14129,14129,14129,2,-2
2022-12-28 15:00:00,14126,14126,14126,2,-2
2022-12-28 15:00:00,14126,14126,14126,2,0
2022-12-28 15:00:00,14129,14129,14129,2,2
2022-12-28 15:00:00,14127,14127,14127,2,-2
2022-12-28 15:00:00,14127,14127,14127,2,0
2022-12-28 15:00:00,14128,14128,14128,2,2
2022-12-28 15:00:00,14128,14128,14128,2,0
2022-12-28 15:00:00,14128,14128,14128,2,0
2022-12-28 15:00:00,14128,14128,14128,2,0
2022-12-28 15:00:00,14126,14126,14126,2,-2
2022-12-28 15:00:00,14128,14128,14128,2,2
2022-12-28 15:00:00,14128,14128,14128,4,0
2022-12-28 15:00:00,14128,14128,14128,2,0
2022-12-28 15:00:00,14129,14129,14129,4,4
2022-12-28 15:00:00,14130,14130,14130,4,4
2022-12-28 15:00:00,14131,14131,14131,2,2
2022-12-28 15:00:00,14131,14131,14131,4,0
2022-12-28 15:00:00,14131,14131,14131,8,0
2022-12-28 15:00:00,14131,14131,14131,8,0
2022-12-28 15:00:00,14132,14132,14132,8,8
2022-12-28 15:00:00,14131,14131,14131,2,-2
2022-12-28 15:00:00,14131,14131,14131,6,0
2022-12-28 15:00:00,14131,14131,14131,2,0
2022-12-28 15:00:00,14132,14132,14132,2,2
2022-12-28 15:00:00,14130,14130,14130,2,-2
2022-12-28 15:00:00,14132,14132,14132,4,4
2022-12-28 15:00:01,14130,14130,14130,6,-6
2022-12-28 15:00:01,14130,14130,14130,2,0
2022-12-28 15:00:01,14130,14130,14130,2,0
2022-12-28 15:00:01,14131,14131,14131,2,2
2022-12-28 15:00:01,14131,14131,14131,2,0
2022-12-28 15:00:01,14131,14131,14131,2,0
2022-12-28 15:00:01,14132,14132,14132,2,2
2022-12-28 15:00:01,14132,14132,14132,2,0
2022-12-28 15:00:01,14132,14132,14132,2,0
2022-12-28 15:00:01,14132,14132,14132,2,0
2022-12-28 15:00:01,14130,14130,14130,2,-2
2022-12-28 15:00:01,14132,14132,14132,2,2
2022-12-28 15:00:01,14132,14132,14132,2,0
2022-12-28 15:00:01,14132,14132,14132,2,0
2022-12-28 15:00:01,14130,14130,14130,2,-2
2022-12-28 15:00:01,14130,14130,14130,2,0
2022-12-28 15:00:01,14132,14132,14132,2,2
2022-12-28 15:00:01,14132,14132,14132,2,0
2022-12-28 15:00:01,14132,14132,14132,4,0
2022-12-28 15:00:01,14132,14132,14132,4,0
2022-12-28 15:00:01,14133,14133,14133,4,4
2022-12-28 15:00:01,14133,14133,14133,4,0
2022-12-28 15:00:01,14133,14133,14133,4,0
2022-12-28 15:00:01,14133,14133,14133,2,0
2022-12-28 15:00:01,14133,14133,14133,4,0
2022-12-28 15:00:01,14133,14133,14133,2,0
2022-12-28 15:00:01,14133,14133,14133,2,0
2022-12-28 15:00:01,14133,14133,14133,2,0
2022-12-28 15:00:01,14133,14133,14133,2,0
2022-12-28 15:00:01,14133,14133,14133,2,0
2022-12-28 15:00:01,14133,14133,14133,2,0
2022-12-28 15:00:01,14133,14133,14133,2,0
2022-12-28 15:00:01,14133,14133,14133,2,0
2022-12-28 15:00:01,14133,14133,14133,2,0
2022-12-28 15:00:01,14133,14133,14133,2,0
2022-12-28 15:00:01,14133,14133,14133,2,0
2022-12-28 15:00:01,14133,14133,14133,2,0
2022-12-28 15:00:01,14134,14134,14134,2,2
2022-12-28 15:00:01,14134,14134,14134,2,0
2022-12-28 15:00:01,14134,14134,14134,2,0
2022-12-28 15:00:01,14134,14134,14134,2,0
2022-12-28 15:00:01,14134,14134,14134,2,0
2022-12-28 15:00:01,14132,14132,14132,2,-2
2022-12-28 15:00:01,14134,14134,14134,8,8
2022-12-28 15:00:01,14133,14133,14133,2,-2
2022-12-28 15:00:01,14134,14134,14134,8,8
2022-12-28 15:00:01,14133,14133,14133,2,-2
2022-12-28 15:00:01,14134,14134,14134,10,10
2022-12-28 15:00:01,14134,14134,14134,2,0
2022-12-28 15:00:01,14135,14135,14135,12,12
2022-12-28 15:00:01,14135,14135,14135,4,0
2022-12-28 15:00:01,14135,14135,14135,10,0
2022-12-28 15:00:01,14135,14135,14135,10,0
2022-12-28 15:00:01,14136,14136,14136,16,16
2022-12-28 15:00:02,14136,14136,14136,4,0
2022-12-28 15:00:02,14136,14136,14136,10,0
2022-12-28 15:00:02,14137,14137,14137,2,2
2022-12-28 15:00:02,14137,14137,14137,2,0
2022-12-28 15:00:02,14137,14137,14137,12,0
2022-12-28 15:00:02,14137,14137,14137,2,0
2022-12-28 15:00:02,14137,14137,14137,2,0
2022-12-28 15:00:02,14138,14138,14138,2,2
2022-12-28 15:00:02,14136,14136,14136,8,-8
2022-12-28 15:00:02,14134,14134,14134,2,-2
2022-12-28 15:00:02,14135,14135,14135,2,2
2022-12-28 15:00:02,14136,14136,14136,2,2
2022-12-28 15:00:02,14136,14136,14136,2,0
2022-12-28 15:00:02,14137,14137,14137,2,2
2022-12-28 15:00:02,14137,14137,14137,2,0
2022-12-28 15:00:02,14138,14138,14138,2,2
2022-12-28 15:00:02,14138,14138,14138,2,0
2022-12-28 15:00:02,14138,14138,14138,2,0
2022-12-28 15:00:02,14138,14138,14138,4,0
2022-12-28 15:00:02,14136,14136,14136,2,-2
2022-12-28 15:00:02,14137,14137,14137,2,2
2022-12-28 15:00:02,14138,14138,14138,4,4
2022-12-28 15:00:02,14136,14136,14136,2,-2
2022-12-28 15:00:02,14136,14136,14136,2,0
2022-12-28 15:00:02,14138,14138,14138,4,4
2022-12-28 15:00:02,14137,14137,14137,2,-2
2022-12-28 15:00:02,14137,14137,14137,2,0
2022-12-28 15:00:02,14136,14136,14136,2,-2
2022-12-28 15:00:02,14136,14136,14136,2,0
2022-12-28 15:00:02,14136,14136,14136,2,0
2022-12-28 15:00:03,14137,14137,14137,2,2
2022-12-28 15:00:03,14137,14137,14137,2,0
2022-12-28 15:00:03,14135,14135,14135,2,-2
2022-12-28 15:00:03,14135,14135,14135,2,0
2022-12-28 15:00:03,14134,14134,14134,2,-2
2022-12-28 15:00:03,14136,14136,14136,2,2
2022-12-28 15:00:03,14137,14137,14137,2,2
2022-12-28 15:00:03,14134,14134,14134,2,-2
2022-12-28 15:00:03,14136,14136,14136,2,2
2022-12-28 15:00:03,14136,14136,14136,2,0
2022-12-28 15:00:03,14136,14136,14136,2,0
2022-12-28 15:00:04,14137,14137,14137,2,2
2022-12-28 15:00:04,14134,14134,14134,2,-2
2022-12-28 15:00:04,14134,14134,14134,2,0
2022-12-28 15:00:04,14133,14133,14133,2,-2
2022-12-28 15:00:04,14135,14135,14135,2,2
2022-12-28 15:00:04,14134,14134,14134,2,-2
2022-12-28 15:00:04,14133,14133,14133,2,-2
2022-12-28 15:00:04,14133,14133,14133,4,0
2022-12-28 15:00:05,14133,14133,14133,4,0
2022-12-28 15:00:05,14132,14132,14132,2,-2
2022-12-28 15:00:05,14132,14132,14132,2,0
2022-12-28 15:00:05,14131,14131,14131,2,-2
2022-12-28 15:00:05,14131,14131,14131,2,0
2022-12-28 15:00:05,14131,14131,14131,4,0
2022-12-28 15:00:05,14131,14131,14131,2,0
2022-12-28 15:00:05,14131,14131,14131,2,0
2022-12-28 15:00:05,14130,14130,14130,2,-2
2022-12-28 15:00:05,14130,14130,14130,2,0
2022-12-28 15:00:05,14130,14130,14130,2,0
2022-12-28 15:00:05,14130,14130,14130,6,0
2022-12-28 15:00:05,14130,14130,14130,2,0
2022-12-28 15:00:05,14131,14131,14131,2,2
2022-12-28 15:00:05,14133,14133,14133,2,2
2022-12-28 15:00:05,14131,14131,14131,4,-4
2022-12-28 15:00:05,14131,14131,14131,2,0
2022-12-28 15:00:06,14132,14132,14132,2,2
2022-12-28 15:00:07,14132,14132,14132,2,0
2022-12-28 15:00:07,14131,14131,14131,2,-2
2022-12-28 15:00:08,14131,14131,14131,2,0
2022-12-28 15:00:09,14131,14131,14131,2,0
2022-12-28 15:00:09,14131,14131,14131,4,0
2022-12-28 15:00:09,14130,14130,14130,2,-2
2022-12-28 15:00:09,14130,14130,14130,2,0
2022-12-28 15:00:09,14130,14130,14130,6,0
2022-12-28 15:00:09,14130,14130,14130,2,0
2022-12-28 15:00:09,14130,14130,14130,4,0
2022-12-28 15:00:09,14130,14130,14130,2,0
2022-12-28 15:00:09,14130,14130,14130,2,0
2022-12-28 15:00:09,14129,14129,14129,2,-2
2022-12-28 15:00:09,14129,14129,14129,2,0
2022-12-28 15:00:09,14130,14130,14130,74,74
2022-12-28 15:00:09,14130,14130,14130,4,0
2022-12-28 15:00:09,14131,14131,14131,2,2
2022-12-28 15:00:10,14131,14131,14131,2,0
2022-12-28 15:00:10,14131,14131,14131,2,0
2022-12-28 15:00:10,14131,14131,14131,2,0
2022-12-28 15:00:10,14131,14131,14131,2,0
2022-12-28 15:00:12,14131,14131,14131,2,0
2022-12-28 15:00:13,14131,14131,14131,4,0
2022-12-28 15:00:13,14129,14129,14129,2,-2
2022-12-28 15:00:14,14131,14131,14131,2,2
2022-12-28 15:00:15,14129,14129,14129,2,-2
2022-12-28 15:00:16,14129,14129,14129,2,0
2022-12-28 15:00:16,14129,14129,14129,2,0
2022-12-28 15:00:17,14129,14129,14129,2,0
2022-12-28 15:00:17,14128,14128,14128,2,-2
2022-12-28 15:00:17,14128,14128,14128,2,0
2022-12-28 15:00:18,14127,14127,14127,2,-2
2022-12-28 15:00:18,14127,14127,14127,2,0
2022-12-28 15:00:18,14127,14127,14127,2,0
2022-12-28 15:00:18,14127,14127,14127,2,0
2022-12-28 15:00:18,14129,14129,14129,2,2
2022-12-28 15:00:19,14128,14128,14128,2,-2
2022-12-28 15:00:19,14129,14129,14129,8,8
2022-12-28 15:00:21,14129,14129,14129,2,0
2022-12-28 15:00:21,14129,14129,14129,4,0
2022-12-28 15:00:21,14129,14129,14129,2,0
2022-12-28 15:00:21,14129,14129,14129,2,0
2022-12-28 15:00:22,14129,14129,14129,2,0
2022-12-28 15:00:22,14130,14130,14130,2,2
2022-12-28 15:00:22,14130,14130,14130,2,0
2022-12-28 15:00:22,14129,14129,14129,2,-2
2022-12-28 15:00:23,14129,14129,14129,2,0
2022-12-28 15:00:23,14129,14129,14129,4,0
2022-12-28 15:00:24,14129,14129,14129,2,0
2022-12-28 15:00:24,14128,14128,14128,2,-2
2022-12-28 15:00:24,14130,14130,14130,2,2
2022-12-28 15:00:25,14128,14128,14128,2,-2
2022-12-28 15:00:26,14129,14129,14129,2,2
2022-12-28 15:00:27,14128,14128,14128,2,-2
2022-12-28 15:00:28,14128,14128,14128,2,0
2022-12-28 15:00:29,14128,14128,14128,2,0
2022-12-28 15:00:30,14128,14128,14128,2,0
2022-12-28 15:00:30,14128,14128,14128,2,0
2022-12-28 15:00:32,14129,14129,14129,2,2
2022-12-28 15:00:33,14129,14129,14129,2,0
2022-12-28 15:00:33,14129,14129,14129,6,0
2022-12-28 15:00:33,14128,14128,14128,2,-2
2022-12-28 15:00:36,14129,14129,14129,2,2
2022-12-28 15:00:37,14128,14128,14128,2,-2
2022-12-28 15:00:37,14129,14129,14129,2,2
2022-12-28 15:00:38,14128,14128,14128,2,-2
2022-12-28 15:00:38,14128,14128,14128,6,0
2022-12-28 15:00:40,14129,14129,14129,4,4
2022-12-28 15:00:43,14129,14129,14129,2,0
2022-12-28 15:00:44,14129,14129,14129,2,0
2022-12-28 15:00:47,14129,14129,14129,2,0
2022-12-28 15:00:47,14129,14129,14129,4,0
2022-12-28 15:00:49,14129,14129,14129,2,0
2022-12-28 15:00:49,14128,14128,14128,2,-2
2022-12-28 15:00:49,14128,14128,14128,2,0
2022-12-28 15:00:49,14128,14128,14128,4,0
2022-12-28 15:00:52,14129,14129,14129,2,2
2022-12-28 15:00:53,14130,14130,14130,2,2
2022-12-28 15:00:55,14130,14130,14130,20,0
2022-12-28 15:00:55,14130,14130,14130,8,0
2022-12-28 15:00:55,14130,14130,14130,2,0
2022-12-28 15:00:55,14130,14130,14130,2,0
2022-12-28 15:00:56,14131,14131,14131,4,4
2022-12-28 15:00:59,14129,14129,14129,2,-2
2022-12-28 15:01:00,14130,14130,14130,2,2
2022-12-28 15:01:00,14128,14128,14128,6,-6
2022-12-28 15:01:00,14128,14128,14128,4,0
2022-12-28 15:01:00,14128,14128,14128,6,0
2022-12-28 15:01:00,14128,14128,14128,2,0
2022-12-28 15:01:00,14128,14128,14128,2,0
2022-12-28 15:01:00,14127,14127,14127,4,-4
2022-12-28 15:01:00,14127,14127,14127,2,0
2022-12-28 15:01:00,14127,14127,14127,2,0
2022-12-28 15:01:00,14129,14129,14129,2,2
2022-12-28 15:01:00,14129,14129,14129,2,0
2022-12-28 15:01:00,14129,14129,14129,2,0
2022-12-28 15:01:00,14129,14129,14129,2,0
2022-12-28 15:01:00,14129,14129,14129,2,0
2022-12-28 15:01:00,14130,14130,14130,2,2
2022-12-28 15:01:00,14130,14130,14130,2,0
2022-12-28 15:01:00,14129,14129,14129,2,-2
2022-12-28 15:01:00,14129,14129,14129,2,0
2022-12-28 15:01:00,14128,14128,14128,2,-2
2022-12-28 15:01:00,14128,14128,14128,2,0
2022-12-28 15:01:00,14128,14128,14128,2,0
2022-12-28 15:01:00,14128,14128,14128,2,0
2022-12-28 15:01:00,14127,14127,14127,2,-2
2022-12-28 15:01:00,14127,14127,14127,2,0
2022-12-28 15:01:00,14127,14127,14127,2,0
2022-12-28 15:01:00,14127,14127,14127,2,0
2022-12-28 15:01:00,14127,14127,14127,2,0
2022-12-28 15:01:00,14127,14127,14127,4,0
2022-12-28 15:01:00,14127,14127,14127,2,0
2022-12-28 15:01:00,14127,14127,14127,2,0
2022-12-28 15:01:00,14128,14128,14128,2,2
2022-12-28 15:01:01,14128,14128,14128,2,0
2022-12-28 15:01:01,14128,14128,14128,4,0
2022-12-28 15:01:01,14128,14128,14128,2,0
2022-12-28 15:01:01,14129,14129,14129,2,2
2022-12-28 15:01:01,14129,14129,14129,2,0
2022-12-28 15:01:01,14129,14129,14129,4,0
2022-12-28 15:01:01,14129,14129,14129,2,0
2022-12-28 15:01:01,14129,14129,14129,2,0
2022-12-28 15:01:01,14129,14129,14129,2,0
2022-12-28 15:01:01,14129,14129,14129,2,0
2022-12-28 15:01:01,14129,14129,14129,2,0
2022-12-28 15:01:01,14129,14129,14129,2,0
2022-12-28 15:01:01,14129,14129,14129,4,0
2022-12-28 15:01:01,14129,14129,14129,6,0
2022-12-28 15:01:01,14128,14128,14128,2,-2
2022-12-28 15:01:01,14130,14130,14130,10,10
2022-12-28 15:01:02,14129,14129,14129,2,-2
2022-12-28 15:01:02,14129,14129,14129,2,0
2022-12-28 15:01:03,14130,14130,14130,4,4
2022-12-28 15:01:03,14129,14129,14129,2,-2
2022-12-28 15:01:03,14131,14131,14131,2,2
2022-12-28 15:01:03,14131,14131,14131,2,0
2022-12-28 15:01:03,14131,14131,14131,2,0
2022-12-28 15:01:03,14131,14131,14131,2,0
2022-12-28 15:01:03,14131,14131,14131,2,0
2022-12-28 15:01:03,14130,14130,14130,2,-2
2022-12-28 15:01:05,14130,14130,14130,2,0
2022-12-28 15:01:06,14130,14130,14130,2,0
2022-12-28 15:01:06,14130,14130,14130,2,0
2022-12-28 15:01:07,14130,14130,14130,2,0
2022-12-28 15:01:07,14130,14130,14130,2,0
2022-12-28 15:01:07,14130,14130,14130,2,0
2022-12-28 15:01:07,14130,14130,14130,2,0
2022-12-28 15:01:07,14130,14130,14130,2,0
2022-12-28 15:01:08,14130,14130,14130,6,0
2022-12-28 15:01:09,14130,14130,14130,2,0
2022-12-28 15:01:09,14130,14130,14130,2,0
2022-12-28 15:01:09,14130,14130,14130,2,0
2022-12-28 15:01:09,14131,14131,14131,2,2
2022-12-28 15:01:09,14131,14131,14131,2,0
2022-12-28 15:01:09,14131,14131,14131,2,0
2022-12-28 15:01:09,14131,14131,14131,2,0
2022-12-28 15:01:09,14131,14131,14131,2,0
2022-12-28 15:01:09,14131,14131,14131,2,0
2022-12-28 15:01:09,14131,14131,14131,2,0
2022-12-28 15:01:09,14131,14131,14131,2,0
2022-12-28 15:01:09,14131,14131,14131,20,0
2022-12-28 15:01:09,14132,14132,14132,4,4
2022-12-28 15:01:10,14131,14131,14131,4,-4
2022-12-28 15:01:10,14131,14131,14131,2,0
2022-12-28 15:01:11,14131,14131,14131,2,0
2022-12-28 15:01:14,14131,14131,14131,2,0
2022-12-28 15:01:15,14130,14130,14130,2,-2
2022-12-28 15:01:15,14130,14130,14130,2,0
2022-12-28 15:01:15,14130,14130,14130,2,0
2022-12-28 15:01:18,14129,14129,14129,2,-2
2022-12-28 15:01:18,14130,14130,14130,2,2
2022-12-28 15:01:18,14130,14130,14130,2,0
2022-12-28 15:01:18,14131,14131,14131,2,2
2022-12-28 15:01:18,14131,14131,14131,2,0
2022-12-28 15:01:18,14131,14131,14131,4,0
2022-12-28 15:01:18,14131,14131,14131,2,0
2022-12-28 15:01:18,14131,14131,14131,2,0
2022-12-28 15:01:18,14131,14131,14131,2,0
2022-12-28 15:01:18,14131,14131,14131,4,0
2022-12-28 15:01:18,14131,14131,14131,4,0
2022-12-28 15:01:20,14130,14130,14130,2,-2
2022-12-28 15:01:20,14131,14131,14131,2,2
2022-12-28 15:01:24,14130,14130,14130,2,-2
2022-12-28 15:01:25,14130,14130,14130,2,0
2022-12-28 15:01:34,14129,14129,14129,2,-2
2022-12-28 15:01:34,14129,14129,14129,2,0
2022-12-28 15:01:34,14129,14129,14129,2,0
2022-12-28 15:01:34,14129,14129,14129,2,0
2022-12-28 15:01:34,14129,14129,14129,2,0
2022-12-28 15:01:35,14130,14130,14130,8,8
2022-12-28 15:01:35,14130,14130,14130,2,0
2022-12-28 15:01:35,14130,14130,14130,2,0
2022-12-28 15:01:35,14130,14130,14130,2,0
2022-12-28 15:01:35,14130,14130,14130,2,0
2022-12-28 15:01:35,14130,14130,14130,2,0
2022-12-28 15:01:35,14130,14130,14130,2,0
2022-12-28 15:01:35,14130,14130,14130,2,0
2022-12-28 15:01:35,14131,14131,14131,2,2
2022-12-28 15:01:35,14131,14131,14131,2,0
2022-12-28 15:01:35,14131,14131,14131,2,0
2022-12-28 15:01:35,14131,14131,14131,2,0
2022-12-28 15:01:35,14131,14131,14131,2,0
2022-12-28 15:01:35,14131,14131,14131,2,0
2022-12-28 15:01:35,14131,14131,14131,2,0
2022-12-28 15:01:35,14132,14132,14132,2,2
2022-12-28 15:01:35,14132,14132,14132,2,0
2022-12-28 15:01:37,14131,14131,14131,2,-2
2022-12-28 15:01:37,14132,14132,14132,2,2
2022-12-28 15:01:40,14130,14130,14130,2,-2
2022-12-28 15:01:40,14132,14132,14132,2,2
2022-12-28 15:01:40,14132,14132,14132,2,0
2022-12-28 15:01:44,14130,14130,14130,2,-2
2022-12-28 15:01:44,14130,14130,14130,2,0
2022-12-28 15:01:51,14130,14130,14130,2,0
2022-12-28 15:01:51,14130,14130,14130,2,0
2022-12-28 15:01:55,14129,14129,14129,2,-2
2022-12-28 15:01:55,14131,14131,14131,2,2
2022-12-28 15:01:58,14130,14130,14130,2,-2
2022-12-28 15:01:59,14131,14131,14131,8,8
2022-12-28 15:02:00,14131,14131,14131,2,0
2022-12-28 15:02:00,14130,14130,14130,2,-2
2022-12-28 15:02:00,14130,14130,14130,2,0
2022-12-28 15:02:00,14130,14130,14130,2,0
2022-12-28 15:02:00,14129,14129,14129,2,-2
2022-12-28 15:02:00,14129,14129,14129,4,0
2022-12-28 15:02:00,14131,14131,14131,4,4
2022-12-28 15:02:00,14130,14130,14130,2,-2
2022-12-28 15:02:07,14130,14130,14130,2,0
2022-12-28 15:02:12,14131,14131,14131,4,4
2022-12-28 15:02:12,14131,14131,14131,2,0
2022-12-28 15:02:12,14131,14131,14131,2,0
2022-12-28 15:02:12,14131,14131,14131,2,0
2022-12-28 15:02:12,14132,14132,14132,2,2
2022-12-28 15:02:14,14131,14131,14131,2,-2
2022-12-28 15:02:14,14131,14131,14131,2,0
2022-12-28 15:02:14,14131,14131,14131,2,0
2022-12-28 15:02:14,14131,14131,14131,2,0
2022-12-28 15:02:14,14132,14132,14132,2,2
2022-12-28 15:02:14,14132,14132,14132,2,0
2022-12-28 15:02:14,14132,14132,14132,2,0
2022-12-28 15:02:20,14131,14131,14131,4,-4
2022-12-28 15:02:23,14130,14130,14130,2,-2
2022-12-28 15:02:23,14130,14130,14130,2,0
2022-12-28 15:02:23,14131,14131,14131,2,2
2022-12-28 15:02:23,14131,14131,14131,2,0
2022-12-28 15:02:23,14131,14131,14131,2,0
2022-12-28 15:02:30,14130,14130,14130,2,-2
2022-12-28 15:02:31,14129,14129,14129,2,-2
2022-12-28 15:02:31,14129,14129,14129,2,0
2022-12-28 15:02:31,14130,14130,14130,2,2
2022-12-28 15:02:31,14130,14130,14130,2,0
2022-12-28 15:02:31,14130,14130,14130,2,0
2022-12-28 15:02:31,14130,14130,14130,2,0
2022-12-28 15:02:31,14130,14130,14130,2,0
2022-12-28 15:02:31,14130,14130,14130,2,0
2022-12-28 15:02:31,14130,14130,14130,2,0
2022-12-28 15:02:31,14131,14131,14131,2,2
2022-12-28 15:02:31,14131,14131,14131,2,0
2022-12-28 15:02:31,14130,14130,14130,2,-2
2022-12-28 15:02:31,14130,14130,14130,2,0
2022-12-28 15:02:37,14129,14129,14129,2,-2
2022-12-28 15:02:44,14128,14128,14128,2,-2
2022-12-28 15:02:44,14129,14129,14129,2,2
2022-12-28 15:02:44,14129,14129,14129,2,0
2022-12-28 15:02:44,14130,14130,14130,2,2
2022-12-28 15:02:44,14130,14130,14130,2,0
2022-12-28 15:02:48,14129,14129,14129,2,-2
2022-12-28 15:02:53,14129,14129,14129,2,0
2022-12-28 15:02:58,14130,14130,14130,2,2
2022-12-28 15:03:02,14129,14129,14129,2,-2
2022-12-28 15:03:02,14130,14130,14130,2,2
2022-12-28 15:03:02,14130,14130,14130,2,0
2022-12-28 15:03:02,14130,14130,14130,14,0
2022-12-28 15:03:02,14130,14130,14130,2,0
2022-12-28 15:03:02,14130,14130,14130,2,0
2022-12-28 15:03:02,14130,14130,14130,4,0
2022-12-28 15:03:03,14131,14131,14131,6,6
2022-12-28 15:03:03,14132,14132,14132,2,2
2022-12-28 15:03:03,14132,14132,14132,2,0
2022-12-28 15:03:08,14131,14131,14131,2,-2
2022-12-28 15:03:10,14130,14130,14130,2,-2
2022-12-28 15:03:10,14131,14131,14131,2,2
2022-12-28 15:03:10,14132,14132,14132,2,2
2022-12-28 15:03:24,14131,14131,14131,2,-2
2022-12-28 15:03:25,14130,14130,14130,2,-2
2022-12-28 15:03:25,14131,14131,14131,2,2
2022-12-28 15:03:25,14131,14131,14131,2,0
2022-12-28 15:03:25,14132,14132,14132,2,2
2022-12-28 15:03:25,14132,14132,14132,2,0
2022-12-28 15:03:27,14132,14132,14132,2,0
2022-12-28 15:03:36,14131,14131,14131,2,-2
2022-12-28 15:03:37,14132,14132,14132,2,2
2022-12-28 15:03:37,14132,14132,14132,2,0
2022-12-28 15:03:37,14132,14132,14132,2,0
2022-12-28 15:03:37,14132,14132,14132,2,0
2022-12-28 15:03:37,14132,14132,14132,2,0
2022-12-28 15:03:37,14132,14132,14132,2,0
2022-12-28 15:03:41,14131,14131,14131,2,-2
2022-12-28 15:03:44,14130,14130,14130,2,-2
2022-12-28 15:03:47,14130,14130,14130,2,0
2022-12-28 15:03:48,14130,14130,14130,2,0
2022-12-28 15:03:50,14130,14130,14130,2,0
2022-12-28 15:03:57,14129,14129,14129,2,-2
2022-12-28 15:03:57,14129,14129,14129,2,0
2022-12-28 15:03:58,14129,14129,14129,2,0
2022-12-28 15:04:00,14128,14128,14128,2,-2
2022-12-28 15:04:00,14128,14128,14128,2,0
2022-12-28 15:04:00,14128,14128,14128,2,0
2022-12-28 15:04:00,14128,14128,14128,2,0
2022-12-28 15:04:00,14128,14128,14128,2,0
2022-12-28 15:04:08,14127,14127,14127,2,-2
2022-12-28 15:04:08,14127,14127,14127,2,0
2022-12-28 15:04:16,14127,14127,14127,2,0
2022-12-28 15:04:16,14127,14127,14127,2,0
2022-12-28 15:04:18,14127,14127,14127,2,0
2022-12-28 15:04:29,14127,14127,14127,2,0
2022-12-28 15:04:29,14127,14127,14127,2,0
2022-12-28 15:04:35,14126,14126,14126,2,-2
2022-12-28 15:04:37,14127,14127,14127,2,2
2022-12-28 15:04:45,14127,14127,14127,2,0
2022-12-28 15:04:47,14127,14127,14127,2,0
2022-12-28 15:04:48,14126,14126,14126,2,-2
2022-12-28 15:04:52,14126,14126,14126,2,0
2022-12-28 15:04:52,14126,14126,14126,2,0
2022-12-28 15:04:53,14127,14127,14127,2,2
2022-12-28 15:04:56,14126,14126,14126,2,-2
2022-12-28 15:04:56,14126,14126,14126,2,0
2022-12-28 15:04:57,14126,14126,14126,2,0
2022-12-28 15:04:57,14126,14126,14126,2,0
2022-12-28 15:04:57,14126,14126,14126,2,0
2022-12-28 15:04:57,14126,14126,14126,2,0
2022-12-28 15:04:58,14125,14125,14125,2,-2
2022-12-28 15:04:58,14126,14126,14126,2,2
2022-12-28 15:05:00,14125,14125,14125,2,-2
2022-12-28 15:05:00,14126,14126,14126,2,2
2022-12-28 15:05:00,14126,14126,14126,2,0
2022-12-28 15:05:03,14126,14126,14126,2,0
2022-12-28 15:05:03,14125,14125,14125,6,-6
2022-12-28 15:05:03,14126,14126,14126,4,4
2022-12-28 15:05:06,14126,14126,14126,4,0
2022-12-28 15:05:07,14126,14126,14126,2,0
2022-12-28 15:05:08,14125,14125,14125,2,-2
2022-12-28 15:05:08,14125,14125,14125,2,0
2022-12-28 15:05:08,14125,14125,14125,2,0
2022-12-28 15:05:08,14125,14125,14125,2,0
2022-12-28 15:05:08,14125,14125,14125,2,0
2022-12-28 15:05:08,14125,14125,14125,2,0
2022-12-28 15:05:08,14125,14125,14125,2,0
2022-12-28 15:05:08,14125,14125,14125,2,0
2022-12-28 15:05:08,14125,14125,14125,2,0
2022-12-28 15:05:08,14125,14125,14125,2,0
2022-12-28 15:05:08,14125,14125,14125,2,0
2022-12-28 15:05:10,14124,14124,14124,2,-2
2022-12-28 15:05:10,14124,14124,14124,4,0
2022-12-28 15:05:10,14125,14125,14125,2,2
2022-12-28 15:05:10,14125,14125,14125,2,0
2022-12-28 15:05:11,14125,14125,14125,2,0
2022-12-28 15:05:11,14124,14124,14124,2,-2
2022-12-28 15:05:13,14124,14124,14124,2,0
2022-12-28 15:05:15,14125,14125,14125,2,2
2022-12-28 15:05:16,14124,14124,14124,2,-2
2022-12-28 15:05:16,14123,14123,14123,2,-2
2022-12-28 15:05:16,14125,14125,14125,2,2
2022-12-28 15:05:16,14125,14125,14125,2,0
2022-12-28 15:05:16,14125,14125,14125,2,0
2022-12-28 15:05:16,14125,14125,14125,2,0
2022-12-28 15:05:16,14125,14125,14125,2,0
2022-12-28 15:05:16,14125,14125,14125,2,0
2022-12-28 15:05:16,14126,14126,14126,2,2
2022-12-28 15:05:16,14126,14126,14126,2,0
2022-12-28 15:05:17,14125,14125,14125,2,-2
2022-12-28 15:05:20,14125,14125,14125,2,0
2022-12-28 15:05:29,14126,14126,14126,2,2
2022-12-28 15:05:32,14125,14125,14125,2,-2
2022-12-28 15:05:35,14126,14126,14126,2,2
2022-12-28 15:05:35,14126,14126,14126,10,0
2022-12-28 15:05:36,14126,14126,14126,2,0
2022-12-28 15:05:39,14126,14126,14126,2,0
2022-12-28 15:05:41,14127,14127,14127,2,2
2022-12-28 15:05:41,14127,14127,14127,2,0
2022-12-28 15:05:43,14126,14126,14126,2,-2
2022-12-28 15:05:44,14128,14128,14128,2,2
2022-12-28 15:05:47,14127,14127,14127,2,-2
2022-12-28 15:05:52,14126,14126,14126,2,-2
2022-12-28 15:05:55,14126,14126,14126,2,0
2022-12-28 15:05:55,14126,14126,14126,2,0
2022-12-28 15:05:55,14126,14126,14126,2,0
2022-12-28 15:05:55,14126,14126,14126,2,0
2022-12-28 15:06:00,14126,14126,14126,2,0
2022-12-28 15:06:00,14126,14126,14126,4,0
2022-12-28 15:06:00,14126,14126,14126,2,0
2022-12-28 15:06:07,14126,14126,14126,4,0
2022-12-28 15:06:07,14126,14126,14126,2,0
2022-12-28 15:06:07,14126,14126,14126,2,0
2022-12-28 15:06:07,14127,14127,14127,2,2
2022-12-28 15:06:08,14126,14126,14126,2,-2
2022-12-28 15:06:16,14126,14126,14126,2,0
2022-12-28 15:06:17,14127,14127,14127,2,2
2022-12-28 15:06:17,14127,14127,14127,2,0
2022-12-28 15:06:17,14126,14126,14126,2,-2
2022-12-28 15:06:17,14126,14126,14126,2,0
2022-12-28 15:06:17,14126,14126,14126,2,0
2022-12-28 15:06:17,14128,14128,14128,2,2
2022-12-28 15:06:17,14128,14128,14128,2,0
2022-12-28 15:06:17,14128,14128,14128,2,0
2022-12-28 15:06:17,14128,14128,14128,2,0
2022-12-28 15:06:20,14128,14128,14128,2,0
2022-12-28 15:06:22,14129,14129,14129,4,4
2022-12-28 15:06:28,14128,14128,14128,10,-10
2022-12-28 15:06:29,14129,14129,14129,4,4
2022-12-28 15:06:30,14129,14129,14129,2,0
2022-12-28 15:06:34,14128,14128,14128,2,-2
2022-12-28 15:06:35,14128,14128,14128,2,0
2022-12-28 15:06:35,14127,14127,14127,2,-2
2022-12-28 15:06:35,14128,14128,14128,2,2
2022-12-28 15:06:42,14129,14129,14129,2,2
2022-12-28 15:06:51,14128,14128,14128,4,-4
2022-12-28 15:06:51,14128,14128,14128,2,0
2022-12-28 15:06:51,14128,14128,14128,2,0
2022-12-28 15:07:00,14128,14128,14128,2,0
2022-12-28 15:07:03,14127,14127,14127,2,-2
2022-12-28 15:07:03,14127,14127,14127,2,0
2022-12-28 15:07:03,14127,14127,14127,2,0
2022-12-28 15:07:03,14127,14127,14127,4,0
2022-12-28 15:07:10,14127,14127,14127,2,0
2022-12-28 15:07:18,14128,14128,14128,2,2
2022-12-28 15:07:20,14128,14128,14128,2,0
2022-12-28 15:07:20,14127,14127,14127,4,-4
2022-12-28 15:07:20,14127,14127,14127,2,0
2022-12-28 15:07:20,14127,14127,14127,2,0
2022-12-28 15:07:20,14127,14127,14127,28,0
2022-12-28 15:07:20,14127,14127,14127,2,0
2022-12-28 15:07:20,14127,14127,14127,2,0
2022-12-28 15:07:20,14127,14127,14127,2,0
2022-12-28 15:07:20,14127,14127,14127,4,0
2022-12-28 15:07:20,14126,14126,14126,2,-2
2022-12-28 15:07:20,14126,14126,14126,2,0
2022-12-28 15:07:20,14126,14126,14126,4,0
2022-12-28 15:07:20,14126,14126,14126,4,0
2022-12-28 15:07:20,14126,14126,14126,4,0
2022-12-28 15:07:20,14126,14126,14126,2,0
2022-12-28 15:07:20,14126,14126,14126,2,0
2022-12-28 15:07:20,14126,14126,14126,2,0
2022-12-28 15:07:20,14127,14127,14127,2,2
2022-12-28 15:07:26,14127,14127,14127,4,0
2022-12-28 15:07:34,14126,14126,14126,2,-2
2022-12-28 15:07:36,14127,14127,14127,2,2
2022-12-28 15:07:38,14126,14126,14126,2,-2
2022-12-28 15:07:46,14127,14127,14127,2,2
2022-12-28 15:07:46,14127,14127,14127,4,0
2022-12-28 15:07:50,14128,14128,14128,2,2
2022-12-28 15:07:50,14128,14128,14128,4,0
2022-12-28 15:07:52,14129,14129,14129,8,8
2022-12-28 15:07:52,14129,14129,14129,2,0
2022-12-28 15:07:54,14128,14128,14128,2,-2
2022-12-28 15:07:54,14127,14127,14127,4,-4
2022-12-28 15:07:54,14127,14127,14127,2,0
2022-12-28 15:07:54,14127,14127,14127,2,0
2022-12-28 15:07:57,14127,14127,14127,2,0
2022-12-28 15:08:00,14127,14127,14127,2,0
2022-12-28 15:08:01,14127,14127,14127,2,0
2022-12-28 15:08:16,14129,14129,14129,2,2
2022-12-28 15:08:16,14130,14130,14130,38,38
2022-12-28 15:08:16,14130,14130,14130,2,0
2022-12-28 15:08:19,14130,14130,14130,2,0
2022-12-28 15:08:19,14130,14130,14130,2,0
2022-12-28 15:08:19,14130,14130,14130,4,0
2022-12-28 15:08:19,14130,14130,14130,2,0
2022-12-28 15:08:21,14130,14130,14130,2,0
2022-12-28 15:08:22,14131,14131,14131,2,2
2022-12-28 15:08:22,14130,14130,14130,2,-2
2022-12-28 15:08:22,14130,14130,14130,2,0
2022-12-28 15:08:27,14131,14131,14131,10,10
2022-12-28 15:08:28,14130,14130,14130,4,-4
2022-12-28 15:08:29,14129,14129,14129,4,-4
2022-12-28 15:08:29,14129,14129,14129,2,0
2022-12-28 15:08:29,14129,14129,14129,2,0
2022-12-28 15:08:29,14129,14129,14129,2,0
2022-12-28 15:08:29,14129,14129,14129,2,0
2022-12-28 15:08:29,14129,14129,14129,4,0
2022-12-28 15:08:29,14129,14129,14129,2,0
2022-12-28 15:08:30,14130,14130,14130,2,2
2022-12-28 15:08:30,14129,14129,14129,2,-2
2022-12-28 15:08:30,14129,14129,14129,2,0
2022-12-28 15:08:32,14131,14131,14131,2,2
2022-12-28 15:08:42,14129,14129,14129,2,-2
2022-12-28 15:08:55,14130,14130,14130,2,2
2022-12-28 15:08:59,14129,14129,14129,2,-2
2022-12-28 15:08:59,14129,14129,14129,2,0
2022-12-28 15:08:59,14129,14129,14129,2,0
2022-12-28 15:08:59,14129,14129,14129,2,0
2022-12-28 15:08:59,14129,14129,14129,4,0
2022-12-28 15:08:59,14129,14129,14129,4,0
2022-12-28 15:09:01,14130,14130,14130,6,6
2022-12-28 15:09:01,14131,14131,14131,2,2
2022-12-28 15:09:01,14131,14131,14131,2,0
2022-12-28 15:09:04,14129,14129,14129,2,-2
2022-12-28 15:09:04,14129,14129,14129,4,0
2022-12-28 15:09:04,14129,14129,14129,4,0
2022-12-28 15:09:28,14129,14129,14129,2,0
2022-12-28 15:09:32,14130,14130,14130,4,4
2022-12-28 15:09:46,14130,14130,14130,2,0
2022-12-28 15:09:51,14131,14131,14131,2,2
2022-12-28 15:09:51,14131,14131,14131,2,0
2022-12-28 15:09:52,14130,14130,14130,2,-2
2022-12-28 15:09:52,14130,14130,14130,2,0
2022-12-28 15:09:52,14131,14131,14131,2,2
2022-12-28 15:09:53,14130,14130,14130,2,-2
2022-12-28 15:09:53,14130,14130,14130,2,0
2022-12-28 15:10:01,14130,14130,14130,2,0
2022-12-28 15:10:01,14131,14131,14131,2,2
2022-12-28 15:10:01,14130,14130,14130,2,-2
2022-12-28 15:10:05,14130,14130,14130,2,0
2022-12-28 15:10:16,14130,14130,14130,2,0
2022-12-28 15:10:16,14130,14130,14130,2,0
2022-12-28 15:10:16,14130,14130,14130,2,0
2022-12-28 15:10:18,14130,14130,14130,2,0
2022-12-28 15:10:20,14130,14130,14130,2,0
2022-12-28 15:10:23,14131,14131,14131,14,14
2022-12-28 15:10:25,14132,14132,14132,2,2
2022-12-28 15:10:25,14132,14132,14132,6,0
2022-12-28 15:10:25,14132,14132,14132,2,0
2022-12-28 15:10:25,14132,14132,14132,2,0
2022-12-28 15:10:25,14132,14132,14132,48,0
2022-12-28 15:10:36,14132,14132,14132,2,0
2022-12-28 15:10:38,14132,14132,14132,2,0
2022-12-28 15:10:38,14132,14132,14132,2,0
2022-12-28 15:10:38,14132,14132,14132,2,0
2022-12-28 15:10:38,14132,14132,14132,2,0
2022-12-28 15:10:44,14130,14130,14130,2,-2
2022-12-28 15:10:44,14130,14130,14130,2,0
2022-12-28 15:10:44,14130,14130,14130,2,0
2022-12-28 15:10:44,14130,14130,14130,2,0
2022-12-28 15:10:45,14129,14129,14129,2,-2
2022-12-28 15:10:49,14129,14129,14129,2,0
2022-12-28 15:10:49,14129,14129,14129,2,0
2022-12-28 15:10:49,14129,14129,14129,2,0
2022-12-28 15:10:50,14129,14129,14129,2,0
2022-12-28 15:10:52,14129,14129,14129,2,0
2022-12-28 15:11:00,14128,14128,14128,2,-2
2022-12-28 15:11:03,14128,14128,14128,2,0
2022-12-28 15:11:06,14128,14128,14128,2,0
2022-12-28 15:11:24,14128,14128,14128,2,0
2022-12-28 15:11:27,14128,14128,14128,2,0
2022-12-28 15:11:27,14129,14129,14129,30,30
2022-12-28 15:11:27,14130,14130,14130,28,28
2022-12-28 15:11:37,14130,14130,14130,2,0
2022-12-28 15:11:39,14130,14130,14130,2,0
2022-12-28 15:11:40,14130,14130,14130,2,0
2022-12-28 15:11:41,14129,14129,14129,2,-2
2022-12-28 15:11:41,14129,14129,14129,2,0
2022-12-28 15:11:41,14129,14129,14129,2,0
2022-12-28 15:11:44,14130,14130,14130,10,10
2022-12-28 15:11:44,14130,14130,14130,2,0
2022-12-28 15:11:44,14130,14130,14130,4,0
2022-12-28 15:11:44,14131,14131,14131,2,2
2022-12-28 15:11:44,14131,14131,14131,2,0
2022-12-28 15:11:50,14130,14130,14130,2,-2
2022-12-28 15:11:51,14130,14130,14130,2,0
2022-12-28 15:11:57,14130,14130,14130,2,0
2022-12-28 15:12:07,14130,14130,14130,10,0
2022-12-28 15:12:07,14131,14131,14131,2,2
2022-12-28 15:12:08,14131,14131,14131,2,0
2022-12-28 15:12:08,14131,14131,14131,2,0
2022-12-28 15:12:08,14130,14130,14130,2,-2
2022-12-28 15:12:08,14130,14130,14130,2,0
2022-12-28 15:12:08,14130,14130,14130,4,0
2022-12-28 15:12:08,14131,14131,14131,4,4
2022-12-28 15:12:08,14132,14132,14132,4,4
2022-12-28 15:12:11,14130,14130,14130,2,-2
2022-12-28 15:12:15,14131,14131,14131,2,2
2022-12-28 15:12:19,14130,14130,14130,4,-4
2022-12-28 15:12:19,14130,14130,14130,2,0
2022-12-28 15:12:19,14130,14130,14130,2,0
2022-12-28 15:12:19,14130,14130,14130,2,0
2022-12-28 15:12:19,14130,14130,14130,2,0
2022-12-28 15:12:27,14131,14131,14131,2,2
2022-12-28 15:12:37,14131,14131,14131,2,0
2022-12-28 15:12:37,14131,14131,14131,2,0
2022-12-28 15:12:38,14132,14132,14132,2,2
2022-12-28 15:12:44,14132,14132,14132,8,0
2022-12-28 15:12:56,14132,14132,14132,4,0
2022-12-28 15:13:03,14132,14132,14132,2,0
2022-12-28 15:13:03,14132,14132,14132,4,0
2022-12-28 15:13:11,14132,14132,14132,2,0
2022-12-28 15:13:13,14132,14132,14132,2,0
2022-12-28 15:13:13,14133,14133,14133,2,2
2022-12-28 15:13:13,14133,14133,14133,2,0
2022-12-28 15:13:13,14133,14133,14133,2,0
2022-12-28 15:13:13,14133,14133,14133,2,0
2022-12-28 15:13:16,14132,14132,14132,2,-2
2022-12-28 15:13:18,14133,14133,14133,4,4
2022-12-28 15:13:18,14133,14133,14133,10,0
2022-12-28 15:13:20,14133,14133,14133,4,0
2022-12-28 15:13:20,14133,14133,14133,4,0
2022-12-28 15:13:20,14132,14132,14132,4,-4
2022-12-28 15:13:20,14132,14132,14132,4,0
2022-12-28 15:13:20,14132,14132,14132,2,0
2022-12-28 15:13:20,14132,14132,14132,2,0
2022-12-28 15:13:25,14132,14132,14132,2,0
2022-12-28 15:13:26,14132,14132,14132,2,0
2022-12-28 15:13:29,14134,14134,14134,2,2
2022-12-28 15:13:32,14133,14133,14133,2,-2
2022-12-28 15:13:34,14134,14134,14134,2,2
2022-12-28 15:13:35,14134,14134,14134,2,0
2022-12-28 15:13:37,14133,14133,14133,2,-2
2022-12-28 15:13:40,14134,14134,14134,10,10
2022-12-28 15:13:40,14134,14134,14134,2,0
2022-12-28 15:13:41,14134,14134,14134,2,0
2022-12-28 15:13:46,14134,14134,14134,2,0
2022-12-28 15:13:49,14134,14134,14134,26,0
2022-12-28 15:13:54,14134,14134,14134,2,0
2022-12-28 15:13:55,14134,14134,14134,2,0
2022-12-28 15:13:57,14135,14135,14135,2,2
2022-12-28 15:14:03,14134,14134,14134,4,-4
2022-12-28 15:14:03,14134,14134,14134,4,0
2022-12-28 15:14:06,14134,14134,14134,8,0
2022-12-28 15:14:10,14134,14134,14134,8,0
2022-12-28 15:14:13,14134,14134,14134,2,0
2022-12-28 15:14:13,14134,14134,14134,2,0
2022-12-28 15:14:15,14133,14133,14133,4,-4
2022-12-28 15:14:15,14133,14133,14133,2,0
2022-12-28 15:14:15,14133,14133,14133,2,0
2022-12-28 15:14:15,14134,14134,14134,16,16
2022-12-28 15:14:17,14134,14134,14134,2,0
2022-12-28 15:14:17,14134,14134,14134,2,0
2022-12-28 15:14:17,14134,14134,14134,2,0
2022-12-28 15:14:17,14134,14134,14134,2,0
2022-12-28 15:14:17,14135,14135,14135,2,2
2022-12-28 15:14:26,14135,14135,14135,2,0
2022-12-28 15:14:26,14133,14133,14133,2,-2
2022-12-28 15:14:26,14133,14133,14133,2,0
2022-12-28 15:14:26,14133,14133,14133,2,0
2022-12-28 15:14:26,14133,14133,14133,4,0
2022-12-28 15:14:26,14133,14133,14133,2,0
2022-12-28 15:14:26,14133,14133,14133,2,0
2022-12-28 15:14:26,14133,14133,14133,4,0
2022-12-28 15:14:26,14133,14133,14133,2,0
2022-12-28 15:14:38,14134,14134,14134,2,2
2022-12-28 15:14:40,14134,14134,14134,4,0
2022-12-28 15:14:40,14135,14135,14135,2,2
2022-12-28 15:14:40,14135,14135,14135,2,0
2022-12-28 15:14:42,14134,14134,14134,8,-8
2022-12-28 15:14:45,14134,14134,14134,10,0
2022-12-28 15:14:47,14134,14134,14134,2,0
2022-12-28 15:14:50,14134,14134,14134,8,0
2022-12-28 15:14:52,14133,14133,14133,6,-6
2022-12-28 15:14:53,14132,14132,14132,2,-2
2022-12-28 15:14:54,14132,14132,14132,8,0
2022-12-28 15:14:58,14133,14133,14133,2,2
2022-12-28 15:14:58,14133,14133,14133,2,0
2022-12-28 15:15:00,14133,14133,14133,2,0
2022-12-28 15:15:00,14134,14134,14134,2,2
2022-12-28 15:15:01,14133,14133,14133,2,-2
2022-12-28 15:15:01,14132,14132,14132,2,-2
2022-12-28 15:15:01,14132,14132,14132,2,0
2022-12-28 15:15:02,14133,14133,14133,2,2
2022-12-28 15:15:02,14132,14132,14132,2,-2
2022-12-28 15:15:02,14132,14132,14132,2,0
2022-12-28 15:15:02,14131,14131,14131,2,-2
2022-12-28 15:15:02,14131,14131,14131,2,0
2022-12-28 15:15:02,14133,14133,14133,2,2
2022-12-28 15:15:06,14132,14132,14132,2,-2
2022-12-28 15:15:06,14133,14133,14133,2,2
2022-12-28 15:15:07,14133,14133,14133,24,0
2022-12-28 15:15:07,14134,14134,14134,16,16
2022-12-28 15:15:07,14133,14133,14133,4,-4
2022-12-28 15:15:08,14134,14134,14134,2,2
2022-12-28 15:15:17,14134,14134,14134,2,0
2022-12-28 15:15:17,14134,14134,14134,6,0
2022-12-28 15:15:29,14135,14135,14135,54,54
2022-12-28 15:15:29,14135,14135,14135,2,0
2022-12-28 15:15:30,14136,14136,14136,2,2
2022-12-28 15:15:30,14136,14136,14136,4,0
2022-12-28 15:15:34,14136,14136,14136,8,0
2022-12-28 15:15:35,14135,14135,14135,2,-2
2022-12-28 15:15:35,14135,14135,14135,2,0
2022-12-28 15:15:35,14135,14135,14135,2,0
2022-12-28 15:15:41,14135,14135,14135,2,0
2022-12-28 15:15:44,14136,14136,14136,2,2
2022-12-28 15:15:49,14136,14136,14136,2,0
2022-12-28 15:15:55,14134,14134,14134,2,-2
2022-12-28 15:16:00,14135,14135,14135,4,4
2022-12-28 15:16:00,14134,14134,14134,2,-2
2022-12-28 15:16:09,14136,14136,14136,2,2
2022-12-28 15:16:20,14136,14136,14136,36,0
2022-12-28 15:16:20,14137,14137,14137,2,2
2022-12-28 15:16:28,14137,14137,14137,2,0
2022-12-28 15:16:28,14137,14137,14137,2,0
2022-12-28 15:16:31,14137,14137,14137,2,0
2022-12-28 15:16:31,14137,14137,14137,2,0
2022-12-28 15:16:31,14137,14137,14137,2,0
2022-12-28 15:16:31,14137,14137,14137,4,0
2022-12-28 15:16:31,14138,14138,14138,2,2
2022-12-28 15:16:32,14138,14138,14138,8,0
2022-12-28 15:16:32,14138,14138,14138,2,0
2022-12-28 15:16:32,14138,14138,14138,2,0
2022-12-28 15:16:32,14138,14138,14138,2,0
2022-12-28 15:16:32,14138,14138,14138,2,0
2022-12-28 15:16:32,14138,14138,14138,2,0
2022-12-28 15:16:32,14138,14138,14138,4,0
2022-12-28 15:16:32,14138,14138,14138,4,0
2022-12-28 15:16:32,14138,14138,14138,2,0
2022-12-28 15:16:32,14139,14139,14139,2,2
2022-12-28 15:16:32,14139,14139,14139,2,0
2022-12-28 15:16:32,14139,14139,14139,2,0
2022-12-28 15:16:32,14139,14139,14139,2,0
2022-12-28 15:16:32,14139,14139,14139,2,0
2022-12-28 15:16:32,14139,14139,14139,4,0
2022-12-28 15:16:32,14139,14139,14139,4,0
2022-12-28 15:16:32,14139,14139,14139,2,0
2022-12-28 15:16:32,14139,14139,14139,8,0
2022-12-28 15:16:32,14140,14140,14140,8,8
2022-12-28 15:16:32,14140,14140,14140,8,0
2022-12-28 15:16:33,14140,14140,14140,2,0
2022-12-28 15:16:33,14140,14140,14140,8,0
2022-12-28 15:16:33,14140,14140,14140,2,0
2022-12-28 15:16:33,14140,14140,14140,2,0
2022-12-28 15:16:33,14139,14139,14139,2,-2
2022-12-28 15:16:33,14139,14139,14139,2,0
2022-12-28 15:16:34,14139,14139,14139,2,0
2022-12-28 15:16:34,14138,14138,14138,2,-2
2022-12-28 15:16:34,14138,14138,14138,4,0
2022-12-28 15:16:34,14138,14138,14138,2,0
2022-12-28 15:16:34,14138,14138,14138,2,0
2022-12-28 15:16:35,14139,14139,14139,6,6
2022-12-28 15:16:39,14139,14139,14139,2,0
2022-12-28 15:16:40,14139,14139,14139,10,0
2022-12-28 15:16:40,14139,14139,14139,10,0
2022-12-28 15:16:41,14139,14139,14139,4,0
2022-12-28 15:16:41,14139,14139,14139,16,0
2022-12-28 15:16:41,14138,14138,14138,4,-4
2022-12-28 15:16:43,14138,14138,14138,2,0
2022-12-28 15:16:44,14138,14138,14138,2,0
2022-12-28 15:16:44,14137,14137,14137,2,-2
2022-12-28 15:16:44,14137,14137,14137,2,0
2022-12-28 15:16:46,14138,14138,14138,2,2
2022-12-28 15:16:47,14137,14137,14137,2,-2
2022-12-28 15:16:52,14139,14139,14139,2,2
2022-12-28 15:16:53,14137,14137,14137,2,-2
2022-12-28 15:16:56,14139,14139,14139,4,4
2022-12-28 15:16:56,14139,14139,14139,4,0
2022-12-28 15:16:57,14138,14138,14138,4,-4
2022-12-28 15:16:59,14139,14139,14139,2,2
2022-12-28 15:17:00,14138,14138,14138,2,-2
2022-12-28 15:17:00,14138,14138,14138,2,0
2022-12-28 15:17:01,14137,14137,14137,2,-2
2022-12-28 15:17:02,14138,14138,14138,4,4
2022-12-28 15:17:02,14139,14139,14139,32,32
2022-12-28 15:17:02,14139,14139,14139,4,0
2022-12-28 15:17:04,14139,14139,14139,6,0
2022-12-28 15:17:06,14140,14140,14140,2,2
2022-12-28 15:17:07,14138,14138,14138,2,-2
2022-12-28 15:17:08,14140,14140,14140,4,4
2022-12-28 15:17:13,14139,14139,14139,2,-2
2022-12-28 15:17:13,14140,14140,14140,18,18
2022-12-28 15:17:17,14140,14140,14140,2,0
2022-12-28 15:17:20,14140,14140,14140,4,0
2022-12-28 15:17:24,14139,14139,14139,2,-2
2022-12-28 15:17:25,14139,14139,14139,2,0
2022-12-28 15:17:26,14140,14140,14140,2,2
2022-12-28 15:17:26,14140,14140,14140,2,0
2022-12-28 15:17:28,14140,14140,14140,2,0
2022-12-28 15:17:30,14140,14140,14140,2,0
2022-12-28 15:17:30,14140,14140,14140,4,0
2022-12-28 15:17:30,14140,14140,14140,2,0
2022-12-28 15:17:31,14141,14141,14141,2,2
2022-12-28 15:17:31,14141,14141,14141,8,0
2022-12-28 15:17:31,14141,14141,14141,4,0
2022-12-28 15:17:31,14141,14141,14141,4,0
2022-12-28 15:17:31,14140,14140,14140,2,-2
2022-12-28 15:17:31,14141,14141,14141,4,4
2022-12-28 15:17:31,14141,14141,14141,4,0
2022-12-28 15:17:31,14141,14141,14141,2,0
2022-12-28 15:17:31,14142,14142,14142,2,2
2022-12-28 15:17:32,14142,14142,14142,8,0
2022-12-28 15:17:32,14142,14142,14142,6,0
2022-12-28 15:17:32,14142,14142,14142,2,0
2022-12-28 15:17:32,14141,14141,14141,2,-2
2022-12-28 15:17:32,14142,14142,14142,2,2
2022-12-28 15:17:32,14142,14142,14142,2,0
2022-12-28 15:17:32,14142,14142,14142,4,0
2022-12-28 15:17:32,14142,14142,14142,2,0
2022-12-28 15:17:32,14142,14142,14142,2,0
2022-12-28 15:17:32,14142,14142,14142,4,0
2022-12-28 15:17:32,14142,14142,14142,2,0
2022-12-28 15:17:32,14142,14142,14142,2,0
2022-12-28 15:17:32,14142,14142,14142,2,0
2022-12-28 15:17:32,14142,14142,14142,2,0
2022-12-28 15:17:36,14142,14142,14142,6,0
2022-12-28 15:17:36,14142,14142,14142,6,0
2022-12-28 15:17:36,14142,14142,14142,2,0
2022-12-28 15:17:37,14142,14142,14142,4,0
2022-12-28 15:17:37,14142,14142,14142,2,0
2022-12-28 15:17:37,14141,14141,14141,6,-6
2022-12-28 15:17:37,14141,14141,14141,2,0
2022-12-28 15:17:37,14141,14141,14141,2,0
2022-12-28 15:17:38,14140,14140,14140,2,-2
2022-12-28 15:17:38,14140,14140,14140,2,0
2022-12-28 15:17:38,14140,14140,14140,2,0
2022-12-28 15:17:38,14140,14140,14140,2,0
2022-12-28 15:17:38,14140,14140,14140,4,0
2022-12-28 15:17:38,14140,14140,14140,8,0
2022-12-28 15:17:41,14140,14140,14140,4,0
2022-12-28 15:17:41,14140,14140,14140,6,0
2022-12-28 15:17:41,14140,14140,14140,2,0
2022-12-28 15:17:41,14140,14140,14140,2,0
2022-12-28 15:17:43,14140,14140,14140,2,0
2022-12-28 15:17:43,14140,14140,14140,2,0
2022-12-28 15:17:44,14140,14140,14140,2,0
2022-12-28 15:17:45,14139,14139,14139,2,-2
2022-12-28 15:17:45,14141,14141,14141,2,2
2022-12-28 15:17:51,14141,14141,14141,28,0
2022-12-28 15:17:51,14140,14140,14140,2,-2
2022-12-28 15:17:56,14139,14139,14139,2,-2
2022-12-28 15:17:56,14139,14139,14139,2,0
2022-12-28 15:17:59,14140,14140,14140,2,2
2022-12-28 15:18:00,14140,14140,14140,2,0
2022-12-28 15:18:00,14141,14141,14141,2,2
2022-12-28 15:18:05,14139,14139,14139,6,-6
2022-12-28 15:18:05,14139,14139,14139,2,0
2022-12-28 15:18:05,14139,14139,14139,2,0
2022-12-28 15:18:05,14139,14139,14139,2,0
2022-12-28 15:18:05,14139,14139,14139,2,0
2022-12-28 15:18:05,14139,14139,14139,2,0
2022-12-28 15:18:05,14140,14140,14140,2,2
2022-12-28 15:18:06,14140,14140,14140,2,0
2022-12-28 15:18:07,14139,14139,14139,2,-2
2022-12-28 15:18:07,14140,14140,14140,26,26
2022-12-28 15:18:08,14139,14139,14139,2,-2
2022-12-28 15:18:10,14139,14139,14139,2,0
2022-12-28 15:18:11,14140,14140,14140,2,2
2022-12-28 15:18:13,14140,14140,14140,2,0
2022-12-28 15:18:13,14140,14140,14140,2,0
2022-12-28 15:18:15,14140,14140,14140,2,0
2022-12-28 15:18:16,14139,14139,14139,2,-2
2022-12-28 15:18:18,14140,14140,14140,6,6
2022-12-28 15:18:22,14139,14139,14139,2,-2
2022-12-28 15:18:23,14140,14140,14140,8,8
2022-12-28 15:18:23,14140,14140,14140,2,0
2022-12-28 15:18:25,14140,14140,14140,8,0
2022-12-28 15:18:25,14140,14140,14140,2,0
2022-12-28 15:18:31,14139,14139,14139,4,-4
2022-12-28 15:18:31,14139,14139,14139,2,0
2022-12-28 15:18:36,14139,14139,14139,2,0
2022-12-28 15:18:40,14138,14138,14138,4,-4
2022-12-28 15:18:40,14138,14138,14138,2,0
2022-12-28 15:18:44,14138,14138,14138,2,0
2022-12-28 15:18:45,14138,14138,14138,2,0
2022-12-28 15:18:47,14139,14139,14139,4,4
2022-12-28 15:18:49,14138,14138,14138,2,-2
2022-12-28 15:18:50,14138,14138,14138,2,0
2022-12-28 15:18:50,14138,14138,14138,12,0
2022-12-28 15:18:50,14138,14138,14138,2,0
2022-12-28 15:18:50,14138,14138,14138,2,0
2022-12-28 15:18:50,14138,14138,14138,2,0
2022-12-28 15:18:50,14138,14138,14138,2,0
2022-12-28 15:18:50,14138,14138,14138,2,0
2022-12-28 15:18:50,14138,14138,14138,2,0
2022-12-28 15:18:54,14138,14138,14138,2,0
2022-12-28 15:19:03,14138,14138,14138,2,0
2022-12-28 15:19:16,14137,14137,14137,2,-2
2022-12-28 15:19:17,14138,14138,14138,10,10
2022-12-28 15:19:20,14139,14139,14139,10,10
2022-12-28 15:19:29,14138,14138,14138,2,-2
2022-12-28 15:19:30,14138,14138,14138,2,0
2022-12-28 15:19:37,14138,14138,14138,2,0
2022-12-28 15:19:49,14139,14139,14139,8,8
2022-12-28 15:19:51,14138,14138,14138,4,-4
2022-12-28 15:19:51,14138,14138,14138,6,0
2022-12-28 15:19:54,14139,14139,14139,2,2
2022-12-28 15:20:00,14139,14139,14139,4,0
2022-12-28 15:20:00,14139,14139,14139,20,0
2022-12-28 15:20:01,14139,14139,14139,2,0
2022-12-28 15:20:03,14140,14140,14140,6,6
2022-12-28 15:20:05,14139,14139,14139,2,-2
2022-12-28 15:20:06,14140,14140,14140,10,10
2022-12-28 15:20:12,14140,14140,14140,40,0
2022-12-28 15:20:12,14140,14140,14140,4,0
2022-12-28 15:20:13,14141,14141,14141,4,4
2022-12-28 15:20:13,14141,14141,14141,4,0
2022-12-28 15:20:13,14141,14141,14141,2,0
2022-12-28 15:20:17,14140,14140,14140,2,-2
2022-12-28 15:20:17,14140,14140,14140,2,0
2022-12-28 15:20:17,14140,14140,14140,4,0
2022-12-28 15:20:17,14140,14140,14140,2,0
2022-12-28 15:20:17,14140,14140,14140,4,0
2022-12-28 15:20:18,14140,14140,14140,2,0
2022-12-28 15:20:18,14140,14140,14140,2,0
2022-12-28 15:20:19,14140,14140,14140,2,0
2022-12-28 15:20:21,14140,14140,14140,4,0
2022-12-28 15:20:25,14140,14140,14140,2,0
2022-12-28 15:20:31,14140,14140,14140,2,0
2022-12-28 15:20:31,14140,14140,14140,2,0
2022-12-28 15:20:31,14140,14140,14140,2,0
2022-12-28 15:20:32,14141,14141,14141,24,24
2022-12-28 15:20:34,14142,14142,14142,2,2
2022-12-28 15:20:39,14141,14141,14141,2,-2
2022-12-28 15:20:39,14141,14141,14141,4,0
2022-12-28 15:20:41,14141,14141,14141,2,0
2022-12-28 15:20:43,14141,14141,14141,4,0
2022-12-28 15:20:48,14141,14141,14141,2,0
2022-12-28 15:20:52,14142,14142,14142,6,6
2022-12-28 15:21:00,14140,14140,14140,2,-2
2022-12-28 15:21:00,14140,14140,14140,4,0
2022-12-28 15:21:00,14140,14140,14140,2,0
2022-12-28 15:21:00,14141,14141,14141,2,2
2022-12-28 15:21:00,14139,14139,14139,2,-2
2022-12-28 15:21:01,14139,14139,14139,2,0
2022-12-28 15:21:02,14140,14140,14140,2,2
2022-12-28 15:21:02,14138,14138,14138,2,-2
2022-12-28 15:21:14,14140,14140,14140,2,2
2022-12-28 15:21:14,14140,14140,14140,2,0
2022-12-28 15:21:14,14140,14140,14140,2,0
2022-12-28 15:21:14,14140,14140,14140,2,0
2022-12-28 15:21:14,14140,14140,14140,2,0
2022-12-28 15:21:14,14140,14140,14140,2,0
2022-12-28 15:21:14,14140,14140,14140,2,0
2022-12-28 15:21:14,14140,14140,14140,2,0
2022-12-28 15:21:14,14141,14141,14141,2,2
2022-12-28 15:21:14,14141,14141,14141,2,0
2022-12-28 15:21:14,14141,14141,14141,2,0
2022-12-28 15:21:27,14140,14140,14140,4,-4
2022-12-28 15:21:28,14141,14141,14141,2,2
2022-12-28 15:21:28,14141,14141,14141,2,0
2022-12-28 15:21:28,14141,14141,14141,4,0
2022-12-28 15:21:28,14141,14141,14141,2,0
2022-12-28 15:21:28,14141,14141,14141,2,0
2022-12-28 15:21:28,14141,14141,14141,2,0
2022-12-28 15:21:28,14141,14141,14141,2,0
2022-12-28 15:21:28,14141,14141,14141,2,0
2022-12-28 15:21:28,14141,14141,14141,2,0
2022-12-28 15:21:28,14142,14142,14142,2,2
2022-12-28 15:21:28,14142,14142,14142,4,0
2022-12-28 15:21:28,14142,14142,14142,2,0
2022-12-28 15:21:28,14142,14142,14142,2,0
2022-12-28 15:21:28,14142,14142,14142,4,0
2022-12-28 15:21:28,14142,14142,14142,2,0
2022-12-28 15:21:28,14142,14142,14142,2,0
2022-12-28 15:21:28,14142,14142,14142,4,0
2022-12-28 15:21:28,14142,14142,14142,2,0
2022-12-28 15:21:28,14142,14142,14142,2,0
2022-12-28 15:21:28,14142,14142,14142,6,0
2022-12-28 15:21:28,14143,14143,14143,2,2
2022-12-28 15:21:28,14143,14143,14143,4,0
2022-12-28 15:21:28,14142,14142,14142,2,-2
2022-12-28 15:21:28,14142,14142,14142,2,0
2022-12-28 15:21:28,14143,14143,14143,6,6
2022-12-28 15:21:28,14143,14143,14143,26,0
2022-12-28 15:21:28,14143,14143,14143,8,0
2022-12-28 15:21:28,14143,14143,14143,14,0
2022-12-28 15:21:28,14143,14143,14143,2,0
2022-12-28 15:21:28,14143,14143,14143,4,0
2022-12-28 15:21:28,14144,14144,14144,6,6
2022-12-28 15:21:28,14144,14144,14144,2,0
2022-12-28 15:21:28,14144,14144,14144,6,0
2022-12-28 15:21:28,14144,14144,14144,2,0
2022-12-28 15:21:28,14144,14144,14144,2,0
2022-12-28 15:21:35,14143,14143,14143,2,-2
2022-12-28 15:21:37,14143,14143,14143,2,0
2022-12-28 15:21:38,14143,14143,14143,4,0
2022-12-28 15:21:38,14144,14144,14144,2,2
2022-12-28 15:21:38,14144,14144,14144,2,0
2022-12-28 15:21:38,14144,14144,14144,2,0
2022-12-28 15:21:38,14144,14144,14144,2,0
2022-12-28 15:21:38,14144,14144,14144,2,0
2022-12-28 15:21:38,14144,14144,14144,4,0
2022-12-28 15:21:38,14144,14144,14144,2,0
2022-12-28 15:21:39,14144,14144,14144,4,0
2022-12-28 15:21:39,14143,14143,14143,6,-6
2022-12-28 15:21:40,14144,14144,14144,6,6
2022-12-28 15:21:46,14143,14143,14143,2,-2
2022-12-28 15:21:46,14143,14143,14143,4,0
2022-12-28 15:21:46,14143,14143,14143,4,0
2022-12-28 15:21:46,14143,14143,14143,4,0
2022-12-28 15:21:46,14143,14143,14143,4,0
2022-12-28 15:21:46,14143,14143,14143,2,0
2022-12-28 15:21:46,14143,14143,14143,2,0
2022-12-28 15:21:46,14143,14143,14143,2,0
2022-12-28 15:21:47,14143,14143,14143,2,0
2022-12-28 15:21:47,14143,14143,14143,2,0
2022-12-28 15:21:47,14143,14143,14143,4,0
2022-12-28 15:21:47,14143,14143,14143,2,0
2022-12-28 15:21:48,14144,14144,14144,2,2
2022-12-28 15:21:49,14143,14143,14143,2,-2
2022-12-28 15:21:56,14143,14143,14143,2,0
2022-12-28 15:21:57,14143,14143,14143,6,0
2022-12-28 15:22:10,14143,14143,14143,12,0
2022-12-28 15:22:11,14143,14143,14143,4,0
2022-12-28 15:22:13,14142,14142,14142,2,-2
2022-12-28 15:22:21,14142,14142,14142,2,0
2022-12-28 15:22:24,14142,14142,14142,2,0
2022-12-28 15:22:31,14142,14142,14142,2,0
2022-12-28 15:22:34,14141,14141,14141,2,-2
2022-12-28 15:22:40,14140,14140,14140,2,-2
2022-12-28 15:22:40,14140,14140,14140,2,0
2022-12-28 15:22:43,14140,14140,14140,2,0
2022-12-28 15:22:43,14139,14139,14139,2,-2
2022-12-28 15:22:43,14139,14139,14139,2,0
2022-12-28 15:22:43,14139,14139,14139,2,0
2022-12-28 15:22:43,14139,14139,14139,2,0
2022-12-28 15:22:43,14139,14139,14139,4,0
2022-12-28 15:22:43,14139,14139,14139,2,0
2022-12-28 15:22:43,14139,14139,14139,2,0
2022-12-28 15:22:43,14139,14139,14139,2,0
2022-12-28 15:22:43,14139,14139,14139,2,0
2022-12-28 15:22:43,14139,14139,14139,2,0
2022-12-28 15:22:43,14138,14138,14138,2,-2
2022-12-28 15:22:43,14138,14138,14138,2,0
2022-12-28 15:22:43,14138,14138,14138,2,0
2022-12-28 15:22:43,14138,14138,14138,2,0
2022-12-28 15:22:43,14139,14139,14139,2,2
2022-12-28 15:22:43,14140,14140,14140,6,6
2022-12-28 15:22:46,14140,14140,14140,2,0
2022-12-28 15:22:51,14139,14139,14139,2,-2
2022-12-28 15:22:51,14139,14139,14139,2,0
2022-12-28 15:22:51,14139,14139,14139,2,0
2022-12-28 15:22:51,14139,14139,14139,2,0
2022-12-28 15:22:51,14139,14139,14139,2,0
2022-12-28 15:22:53,14139,14139,14139,2,0
2022-12-28 15:22:56,14139,14139,14139,2,0
2022-12-28 15:22:58,14139,14139,14139,2,0
2022-12-28 15:22:58,14140,14140,14140,8,8
2022-12-28 15:23:01,14140,14140,14140,2,0
2022-12-28 15:23:04,14140,14140,14140,2,0
2022-12-28 15:23:04,14140,14140,14140,2,0
2022-12-28 15:23:07,14139,14139,14139,2,-2
2022-12-28 15:23:08,14140,14140,14140,10,10
2022-12-28 15:23:08,14139,14139,14139,2,-2
2022-12-28 15:23:08,14139,14139,14139,2,0
2022-12-28 15:23:09,14140,14140,14140,2,2
2022-12-28 15:23:09,14140,14140,14140,2,0
2022-12-28 15:23:09,14139,14139,14139,2,-2
2022-12-28 15:23:13,14140,14140,14140,2,2
2022-12-28 15:23:14,14141,14141,14141,4,4
2022-12-28 15:23:17,14140,14140,14140,2,-2
2022-12-28 15:23:19,14141,14141,14141,4,4
2022-12-28 15:23:31,14141,14141,14141,2,0
2022-12-28 15:23:33,14140,14140,14140,2,-2
2022-12-28 15:23:37,14140,14140,14140,8,0
2022-12-28 15:23:41,14140,14140,14140,10,0
2022-12-28 15:23:41,14140,14140,14140,2,0
2022-12-28 15:23:49,14140,14140,14140,34,0
2022-12-28 15:23:57,14140,14140,14140,6,0
2022-12-28 15:23:58,14139,14139,14139,2,-2
2022-12-28 15:24:04,14139,14139,14139,2,0
2022-12-28 15:24:10,14139,14139,14139,2,0
2022-12-28 15:24:10,14139,14139,14139,2,0
2022-12-28 15:24:11,14140,14140,14140,20,20
2022-12-28 15:24:12,14139,14139,14139,2,-2
2022-12-28 15:24:15,14140,14140,14140,4,4
2022-12-28 15:24:16,14140,14140,14140,2,0
2022-12-28 15:24:16,14141,14141,14141,4,4
2022-12-28 15:24:18,14141,14141,14141,8,0
2022-12-28 15:24:22,14140,14140,14140,2,-2
2022-12-28 15:24:24,14140,14140,14140,2,0
2022-12-28 15:24:29,14142,14142,14142,34,34
2022-12-28 15:24:29,14142,14142,14142,2,0
2022-12-28 15:24:30,14141,14141,14141,2,-2
2022-12-28 15:24:36,14141,14141,14141,2,0
2022-12-28 15:24:36,14142,14142,14142,2,2
2022-12-28 15:24:38,14143,14143,14143,2,2
2022-12-28 15:24:39,14142,14142,14142,2,-2
2022-12-28 15:24:40,14143,14143,14143,30,30
2022-12-28 15:24:44,14144,14144,14144,2,2
2022-12-28 15:24:45,14144,14144,14144,2,0
2022-12-28 15:24:48,14144,14144,14144,2,0
2022-12-28 15:24:50,14143,14143,14143,2,-2
2022-12-28 15:24:50,14143,14143,14143,4,0
2022-12-28 15:24:50,14143,14143,14143,6,0
2022-12-28 15:24:51,14142,14142,14142,2,-2
2022-12-28 15:24:54,14143,14143,14143,2,2
2022-12-28 15:25:00,14143,14143,14143,2,0
2022-12-28 15:25:00,14142,14142,14142,2,-2
2022-12-28 15:25:00,14143,14143,14143,2,2
2022-12-28 15:25:02,14143,14143,14143,2,0
2022-12-28 15:25:03,14143,14143,14143,4,0
2022-12-28 15:25:07,14143,14143,14143,6,0
2022-12-28 15:25:07,14143,14143,14143,2,0
2022-12-28 15:25:07,14143,14143,14143,2,0
2022-12-28 15:25:08,14143,14143,14143,8,0
2022-12-28 15:25:10,14143,14143,14143,8,0
2022-12-28 15:25:13,14143,14143,14143,2,0
2022-12-28 15:25:16,14143,14143,14143,2,0
2022-12-28 15:25:17,14143,14143,14143,4,0
2022-12-28 15:25:17,14144,14144,14144,2,2
2022-12-28 15:25:19,14143,14143,14143,2,-2
2022-12-28 15:25:28,14143,14143,14143,10,0
2022-12-28 15:25:30,14142,14142,14142,2,-2
2022-12-28 15:25:35,14143,14143,14143,2,2
2022-12-28 15:25:36,14143,14143,14143,12,0
2022-12-28 15:25:46,14143,14143,14143,12,0
2022-12-28 15:25:46,14143,14143,14143,2,0
2022-12-28 15:25:46,14143,14143,14143,2,0
2022-12-28 15:25:46,14143,14143,14143,2,0
2022-12-28 15:25:47,14143,14143,14143,2,0
2022-12-28 15:25:48,14142,14142,14142,2,-2
2022-12-28 15:25:50,14143,14143,14143,6,6
2022-12-28 15:25:56,14144,14144,14144,4,4
2022-12-28 15:25:56,14144,14144,14144,18,0
2022-12-28 15:26:00,14143,14143,14143,2,-2
2022-12-28 15:26:00,14143,14143,14143,2,0
2022-12-28 15:26:01,14144,14144,14144,8,8
2022-12-28 15:26:02,14143,14143,14143,2,-2
2022-12-28 15:26:03,14143,14143,14143,2,0
2022-12-28 15:26:03,14143,14143,14143,2,0
2022-12-28 15:26:06,14144,14144,14144,12,12
2022-12-28 15:26:11,14145,14145,14145,2,2
2022-12-28 15:26:11,14145,14145,14145,38,0
2022-12-28 15:26:11,14145,14145,14145,30,0
2022-12-28 15:26:11,14145,14145,14145,2,0
2022-12-28 15:26:11,14145,14145,14145,10,0
2022-12-28 15:26:11,14145,14145,14145,16,0
2022-12-28 15:26:11,14146,14146,14146,2,2
2022-12-28 15:26:11,14146,14146,14146,4,0
2022-12-28 15:26:11,14146,14146,14146,2,0
2022-12-28 15:26:11,14146,14146,14146,8,0
2022-12-28 15:26:11,14146,14146,14146,4,0
2022-12-28 15:26:11,14147,14147,14147,4,4
2022-12-28 15:26:11,14147,14147,14147,10,0
2022-12-28 15:26:11,14147,14147,14147,2,0
2022-12-28 15:26:11,14147,14147,14147,2,0
2022-12-28 15:26:11,14147,14147,14147,10,0
2022-12-28 15:26:11,14146,14146,14146,2,-2
2022-12-28 15:26:11,14146,14146,14146,2,0
2022-12-28 15:26:11,14146,14146,14146,2,0
2022-12-28 15:26:11,14146,14146,14146,4,0
2022-12-28 15:26:11,14145,14145,14145,2,-2
2022-12-28 15:26:11,14145,14145,14145,2,0
2022-12-28 15:26:11,14145,14145,14145,2,0
2022-12-28 15:26:11,14147,14147,14147,2,2
2022-12-28 15:26:11,14147,14147,14147,2,0
2022-12-28 15:26:11,14147,14147,14147,2,0
2022-12-28 15:26:12,14147,14147,14147,2,0
2022-12-28 15:26:12,14147,14147,14147,2,0
2022-12-28 15:26:12,14146,14146,14146,2,-2
2022-12-28 15:26:12,14147,14147,14147,2,2
2022-12-28 15:26:12,14147,14147,14147,2,0
2022-12-28 15:26:12,14147,14147,14147,2,0
2022-12-28 15:26:12,14147,14147,14147,2,0
2022-12-28 15:26:12,14147,14147,14147,2,0
2022-12-28 15:26:12,14147,14147,14147,2,0
2022-12-28 15:26:12,14147,14147,14147,2,0
2022-12-28 15:26:12,14148,14148,14148,2,2
2022-12-28 15:26:12,14148,14148,14148,2,0
2022-12-28 15:26:13,14148,14148,14148,2,0
2022-12-28 15:26:13,14146,14146,14146,2,-2
2022-12-28 15:26:14,14147,14147,14147,2,2
2022-12-28 15:26:16,14147,14147,14147,4,0
2022-12-28 15:26:17,14148,14148,14148,8,8
2022-12-28 15:26:20,14147,14147,14147,2,-2
2022-12-28 15:26:22,14147,14147,14147,2,0
2022-12-28 15:26:22,14147,14147,14147,2,0
2022-12-28 15:26:22,14148,14148,14148,2,2
2022-12-28 15:26:25,14148,14148,14148,2,0
2022-12-28 15:26:27,14147,14147,14147,8,-8
2022-12-28 15:26:27,14148,14148,14148,2,2
2022-12-28 15:26:29,14148,14148,14148,2,0
2022-12-28 15:26:37,14147,14147,14147,2,-2
2022-12-28 15:26:42,14147,14147,14147,10,0
2022-12-28 15:26:45,14148,14148,14148,2,2
2022-12-28 15:26:46,14147,14147,14147,8,-8
2022-12-28 15:26:46,14147,14147,14147,2,0
2022-12-28 15:26:46,14147,14147,14147,2,0
2022-12-28 15:26:46,14147,14147,14147,2,0
2022-12-28 15:26:48,14146,14146,14146,2,-2
2022-12-28 15:26:48,14145,14145,14145,2,-2
2022-12-28 15:26:52,14145,14145,14145,2,0
2022-12-28 15:26:54,14144,14144,14144,4,-4
2022-12-28 15:26:57,14145,14145,14145,8,8
2022-12-28 15:26:57,14145,14145,14145,4,0
2022-12-28 15:27:00,14145,14145,14145,4,0
2022-12-28 15:27:00,14145,14145,14145,8,0
2022-12-28 15:27:00,14144,14144,14144,2,-2
2022-12-28 15:27:03,14145,14145,14145,2,2
2022-12-28 15:27:04,14145,14145,14145,2,0
2022-12-28 15:27:05,14145,14145,14145,2,0
2022-12-28 15:27:07,14145,14145,14145,2,0
2022-12-28 15:27:09,14146,14146,14146,8,8
2022-12-28 15:27:12,14145,14145,14145,2,-2
2022-12-28 15:27:12,14145,14145,14145,2,0
2022-12-28 15:27:12,14145,14145,14145,18,0
2022-12-28 15:27:12,14145,14145,14145,2,0
2022-12-28 15:27:12,14145,14145,14145,4,0
2022-12-28 15:27:13,14145,14145,14145,2,0
2022-12-28 15:27:15,14144,14144,14144,2,-2
2022-12-28 15:27:19,14144,14144,14144,2,0
2022-12-28 15:27:19,14144,14144,14144,2,0
2022-12-28 15:27:19,14144,14144,14144,4,0
2022-12-28 15:27:19,14144,14144,14144,2,0
2022-12-28 15:27:24,14145,14145,14145,4,4
2022-12-28 15:27:24,14145,14145,14145,24,0
2022-12-28 15:27:24,14146,14146,14146,62,62
2022-12-28 15:27:24,14146,14146,14146,2,0
2022-12-28 15:27:24,14146,14146,14146,2,0
2022-12-28 15:27:29,14145,14145,14145,2,-2
2022-12-28 15:27:32,14147,14147,14147,2,2
2022-12-28 15:27:45,14147,14147,14147,2,0
2022-12-28 15:28:00,14145,14145,14145,2,-2
2022-12-28 15:28:00,14146,14146,14146,2,2
2022-12-28 15:28:01,14146,14146,14146,2,0
2022-12-28 15:28:01,14146,14146,14146,2,0
2022-12-28 15:28:04,14146,14146,14146,2,0
2022-12-28 15:28:08,14146,14146,14146,2,0
2022-12-28 15:28:13,14145,14145,14145,2,-2
2022-12-28 15:28:14,14146,14146,14146,2,2
2022-12-28 15:28:17,14145,14145,14145,2,-2
2022-12-28 15:28:17,14145,14145,14145,2,0
2022-12-28 15:28:17,14145,14145,14145,6,0
2022-12-28 15:28:17,14145,14145,14145,2,0
2022-12-28 15:28:19,14145,14145,14145,2,0
2022-12-28 15:28:20,14144,14144,14144,2,-2
2022-12-28 15:28:25,14145,14145,14145,2,2
2022-12-28 15:28:26,14144,14144,14144,2,-2
2022-12-28 15:28:29,14145,14145,14145,2,2
2022-12-28 15:28:33,14144,14144,14144,2,-2
2022-12-28 15:28:36,14144,14144,14144,2,0
2022-12-28 15:28:40,14145,14145,14145,18,18
2022-12-28 15:28:40,14146,14146,14146,2,2
2022-12-28 15:28:40,14145,14145,14145,2,-2
2022-12-28 15:28:44,14145,14145,14145,2,0
2022-12-28 15:28:51,14145,14145,14145,2,0
2022-12-28 15:29:01,14145,14145,14145,4,0
2022-12-28 15:29:01,14146,14146,14146,2,2
2022-12-28 15:29:03,14145,14145,14145,2,-2
2022-12-28 15:29:09,14146,14146,14146,2,2
2022-12-28 15:29:11,14145,14145,14145,2,-2
2022-12-28 15:29:11,14146,14146,14146,2,2
2022-12-28 15:29:11,14146,14146,14146,2,0
2022-12-28 15:29:12,14146,14146,14146,2,0
2022-12-28 15:29:34,14144,14144,14144,2,-2
2022-12-28 15:29:34,14144,14144,14144,4,0
2022-12-28 15:29:34,14144,14144,14144,2,0
2022-12-28 15:29:38,14144,14144,14144,2,0
2022-12-28 15:29:39,14144,14144,14144,2,0
2022-12-28 15:29:39,14145,14145,14145,2,2
2022-12-28 15:29:47,14144,14144,14144,2,-2
2022-12-28 15:29:52,14144,14144,14144,2,0
2022-12-28 15:29:54,14144,14144,14144,2,0
2022-12-28 15:30:00,14144,14144,14144,4,0
2022-12-28 15:30:00,14144,14144,14144,2,0
2022-12-28 15:30:00,14145,14145,14145,2,2
2022-12-28 15:30:00,14145,14145,14145,2,0
2022-12-28 15:30:00,14145,14145,14145,2,0
2022-12-28 15:30:00,14146,14146,14146,8,8
2022-12-28 15:30:00,14146,14146,14146,2,0
2022-12-28 15:30:00,14146,14146,14146,10,0
2022-12-28 15:30:01,14145,14145,14145,2,-2
2022-12-28 15:30:01,14146,14146,14146,2,2
2022-12-28 15:30:01,14146,14146,14146,6,0
2022-12-28 15:30:02,14146,14146,14146,2,0
2022-12-28 15:30:02,14146,14146,14146,2,0
2022-12-28 15:30:02,14147,14147,14147,2,2
2022-12-28 15:30:03,14145,14145,14145,2,-2
2022-12-28 15:30:07,14147,14147,14147,2,2
2022-12-28 15:30:08,14145,14145,14145,2,-2
2022-12-28 15:30:13,14147,14147,14147,2,2
2022-12-28 15:30:14,14146,14146,14146,2,-2
2022-12-28 15:30:14,14145,14145,14145,2,-2
2022-12-28 15:30:14,14145,14145,14145,2,0
2022-12-28 15:30:14,14145,14145,14145,4,0
2022-12-28 15:30:18,14147,14147,14147,2,2
2022-12-28 15:30:24,14147,14147,14147,2,0
2022-12-28 15:30:28,14147,14147,14147,2,0
2022-12-28 15:30:29,14147,14147,14147,2,0
2022-12-28 15:30:32,14147,14147,14147,6,0
2022-12-28 15:30:32,14146,14146,14146,2,-2
2022-12-28 15:30:32,14146,14146,14146,2,0
2022-12-28 15:30:32,14146,14146,14146,2,0
2022-12-28 15:30:34,14147,14147,14147,20,20
2022-12-28 15:30:34,14147,14147,14147,2,0
2022-12-28 15:30:35,14148,14148,14148,2,2
2022-12-28 15:30:35,14148,14148,14148,14,0
2022-12-28 15:30:35,14148,14148,14148,26,0
2022-12-28 15:30:35,14149,14149,14149,4,4
2022-12-28 15:30:35,14149,14149,14149,4,0
2022-12-28 15:30:35,14149,14149,14149,6,0
2022-12-28 15:30:35,14150,14150,14150,4,4
2022-12-28 15:30:35,14150,14150,14150,4,0
2022-12-28 15:30:35,14150,14150,14150,6,0
2022-12-28 15:30:35,14150,14150,14150,8,0
2022-12-28 15:30:35,14150,14150,14150,2,0
2022-12-28 15:30:35,14150,14150,14150,48,0
2022-12-28 15:30:35,14150,14150,14150,8,0
2022-12-28 15:30:35,14150,14150,14150,2,0
2022-12-28 15:30:35,14151,14151,14151,2,2
2022-12-28 15:30:35,14151,14151,14151,8,0
2022-12-28 15:30:35,14152,14152,14152,2,2
2022-12-28 15:30:35,14152,14152,14152,2,0
2022-12-28 15:30:35,14152,14152,14152,2,0
2022-12-28 15:30:35,14152,14152,14152,2,0
2022-12-28 15:30:35,14152,14152,14152,2,0
2022-12-28 15:30:35,14152,14152,14152,2,0
2022-12-28 15:30:35,14152,14152,14152,2,0
2022-12-28 15:30:35,14152,14152,14152,2,0
2022-12-28 15:30:35,14152,14152,14152,2,0
2022-12-28 15:30:35,14152,14152,14152,2,0
2022-12-28 15:30:35,14152,14152,14152,2,0
2022-12-28 15:30:35,14152,14152,14152,2,0
2022-12-28 15:30:35,14152,14152,14152,8,0
2022-12-28 15:30:35,14152,14152,14152,2,0
2022-12-28 15:30:35,14153,14153,14153,2,2
2022-12-28 15:30:35,14152,14152,14152,2,-2
2022-12-28 15:30:35,14153,14153,14153,2,2
2022-12-28 15:30:35,14153,14153,14153,2,0
2022-12-28 15:30:35,14153,14153,14153,2,0
2022-12-28 15:30:35,14153,14153,14153,6,0
2022-12-28 15:30:35,14153,14153,14153,2,0
2022-12-28 15:30:35,14153,14153,14153,2,0
2022-12-28 15:30:35,14153,14153,14153,2,0
2022-12-28 15:30:35,14153,14153,14153,2,0
2022-12-28 15:30:35,14153,14153,14153,2,0
2022-12-28 15:30:35,14153,14153,14153,2,0
2022-12-28 15:30:35,14154,14154,14154,6,6
2022-12-28 15:30:35,14154,14154,14154,4,0
2022-12-28 15:30:35,14155,14155,14155,2,2
2022-12-28 15:30:35,14155,14155,14155,2,0
2022-12-28 15:30:35,14155,14155,14155,4,0
2022-12-28 15:30:35,14155,14155,14155,20,0
2022-12-28 15:30:35,14155,14155,14155,2,0
2022-12-28 15:30:35,14155,14155,14155,8,0
2022-12-28 15:30:35,14155,14155,14155,2,0
2022-12-28 15:30:35,14155,14155,14155,2,0
2022-12-28 15:30:35,14156,14156,14156,4,4
2022-12-28 15:30:35,14156,14156,14156,2,0
2022-12-28 15:30:35,14156,14156,14156,4,0
2022-12-28 15:30:35,14156,14156,14156,12,0
2022-12-28 15:30:35,14156,14156,14156,4,0
2022-12-28 15:30:35,14156,14156,14156,12,0
2022-12-28 15:30:35,14157,14157,14157,2,2
2022-12-28 15:30:35,14157,14157,14157,8,0
2022-12-28 15:30:35,14157,14157,14157,2,0
2022-12-28 15:30:35,14157,14157,14157,2,0
2022-12-28 15:30:35,14157,14157,14157,4,0
2022-12-28 15:30:35,14157,14157,14157,4,0
2022-12-28 15:30:35,14158,14158,14158,2,2
2022-12-28 15:30:35,14157,14157,14157,2,-2
2022-12-28 15:30:35,14157,14157,14157,2,0
2022-12-28 15:30:35,14157,14157,14157,2,0
2022-12-28 15:30:35,14157,14157,14157,8,0
2022-12-28 15:30:35,14158,14158,14158,2,2
2022-12-28 15:30:35,14157,14157,14157,2,-2
2022-12-28 15:30:35,14157,14157,14157,10,0
2022-12-28 15:30:35,14157,14157,14157,4,0
2022-12-28 15:30:35,14156,14156,14156,2,-2
2022-12-28 15:30:35,14157,14157,14157,2,2
2022-12-28 15:30:35,14157,14157,14157,6,0
2022-12-28 15:30:35,14157,14157,14157,2,0
2022-12-28 15:30:35,14158,14158,14158,2,2
2022-12-28 15:30:36,14158,14158,14158,8,0
2022-12-28 15:30:36,14158,14158,14158,4,0
2022-12-28 15:30:36,14158,14158,14158,2,0
2022-12-28 15:30:36,14158,14158,14158,2,0
2022-12-28 15:30:36,14158,14158,14158,2,0
2022-12-28 15:30:36,14158,14158,14158,2,0
2022-12-28 15:30:36,14156,14156,14156,2,-2
2022-12-28 15:30:36,14156,14156,14156,2,0
2022-12-28 15:30:36,14157,14157,14157,4,4
2022-12-28 15:30:36,14158,14158,14158,2,2
2022-12-28 15:30:36,14158,14158,14158,6,0
2022-12-28 15:30:36,14157,14157,14157,2,-2
2022-12-28 15:30:36,14157,14157,14157,2,0
2022-12-28 15:30:36,14158,14158,14158,2,2
2022-12-28 15:30:36,14156,14156,14156,2,-2
2022-12-28 15:30:36,14158,14158,14158,2,2
2022-12-28 15:30:36,14158,14158,14158,2,0
2022-12-28 15:30:36,14158,14158,14158,2,0
2022-12-28 15:30:36,14157,14157,14157,2,-2
2022-12-28 15:30:36,14157,14157,14157,2,0
2022-12-28 15:30:36,14156,14156,14156,2,-2
2022-12-28 15:30:36,14156,14156,14156,2,0
2022-12-28 15:30:36,14158,14158,14158,6,6
2022-12-28 15:30:36,14158,14158,14158,2,0
2022-12-28 15:30:36,14158,14158,14158,2,0
2022-12-28 15:30:36,14158,14158,14158,2,0
2022-12-28 15:30:36,14158,14158,14158,2,0
2022-12-28 15:30:36,14156,14156,14156,2,-2
2022-12-28 15:30:36,14158,14158,14158,2,2
2022-12-28 15:30:36,14158,14158,14158,8,0
2022-12-28 15:30:36,14158,14158,14158,2,0
2022-12-28 15:30:36,14158,14158,14158,2,0
2022-12-28 15:30:36,14158,14158,14158,2,0
2022-12-28 15:30:36,14159,14159,14159,8,8
2022-12-28 15:30:36,14159,14159,14159,2,0
2022-12-28 15:30:36,14159,14159,14159,2,0
2022-12-28 15:30:36,14159,14159,14159,2,0
2022-12-28 15:30:36,14159,14159,14159,2,0
2022-12-28 15:30:36,14159,14159,14159,2,0
2022-12-28 15:30:36,14159,14159,14159,2,0
2022-12-28 15:30:36,14159,14159,14159,2,0
2022-12-28 15:30:36,14159,14159,14159,2,0
2022-12-28 15:30:36,14159,14159,14159,2,0
2022-12-28 15:30:36,14160,14160,14160,4,4
2022-12-28 15:30:36,14160,14160,14160,4,0
2022-12-28 15:30:36,14159,14159,14159,8,-8
2022-12-28 15:30:36,14160,14160,14160,2,2
2022-12-28 15:30:36,14158,14158,14158,2,-2
2022-12-28 15:30:36,14160,14160,14160,2,2
2022-12-28 15:30:36,14159,14159,14159,2,-2
2022-12-28 15:30:36,14160,14160,14160,2,2
2022-12-28 15:30:36,14160,14160,14160,2,0
2022-12-28 15:30:36,14159,14159,14159,2,-2
2022-12-28 15:30:36,14160,14160,14160,14,14
2022-12-28 15:30:36,14160,14160,14160,10,0
2022-12-28 15:30:36,14160,14160,14160,2,0
2022-12-28 15:30:36,14159,14159,14159,2,-2
2022-12-28 15:30:36,14160,14160,14160,4,4
2022-12-28 15:30:36,14160,14160,14160,4,0
2022-12-28 15:30:36,14160,14160,14160,4,0
2022-12-28 15:30:36,14160,14160,14160,2,0
2022-12-28 15:30:36,14160,14160,14160,2,0
2022-12-28 15:30:36,14160,14160,14160,2,0
2022-12-28 15:30:36,14160,14160,14160,4,0
2022-12-28 15:30:36,14160,14160,14160,8,0
2022-12-28 15:30:36,14160,14160,14160,2,0
2022-12-28 15:30:36,14160,14160,14160,6,0
2022-12-28 15:30:36,14160,14160,14160,2,0
2022-12-28 15:30:36,14160,14160,14160,2,0
2022-12-28 15:30:36,14160,14160,14160,6,0
2022-12-28 15:30:36,14160,14160,14160,2,0
2022-12-28 15:30:36,14160,14160,14160,2,0
2022-12-28 15:30:36,14160,14160,14160,2,0
2022-12-28 15:30:36,14160,14160,14160,2,0
2022-12-28 15:30:36,14160,14160,14160,2,0
2022-12-28 15:30:36,14158,14158,14158,2,-2
2022-12-28 15:30:37,14159,14159,14159,2,2
2022-12-28 15:30:37,14160,14160,14160,2,2
2022-12-28 15:30:37,14159,14159,14159,4,-4
2022-12-28 15:30:37,14159,14159,14159,2,0
2022-12-28 15:30:37,14160,14160,14160,2,2
2022-12-28 15:30:37,14160,14160,14160,2,0
2022-12-28 15:30:38,14160,14160,14160,2,0
2022-12-28 15:30:38,14160,14160,14160,2,0
2022-12-28 15:30:38,14160,14160,14160,2,0
2022-12-28 15:30:38,14160,14160,14160,2,0
2022-12-28 15:30:38,14160,14160,14160,2,0
2022-12-28 15:30:38,14160,14160,14160,10,0
2022-12-28 15:30:38,14160,14160,14160,4,0
2022-12-28 15:30:38,14159,14159,14159,2,-2
2022-12-28 15:30:38,14159,14159,14159,2,0
2022-12-28 15:30:38,14159,14159,14159,2,0
2022-12-28 15:30:38,14158,14158,14158,2,-2
2022-12-28 15:30:38,14160,14160,14160,2,2
2022-12-28 15:30:38,14158,14158,14158,2,-2
2022-12-28 15:30:38,14158,14158,14158,2,0
2022-12-28 15:30:38,14158,14158,14158,2,0
2022-12-28 15:30:38,14158,14158,14158,2,0
2022-12-28 15:30:38,14158,14158,14158,2,0
2022-12-28 15:30:38,14158,14158,14158,2,0
2022-12-28 15:30:38,14157,14157,14157,2,-2
2022-12-28 15:30:38,14159,14159,14159,2,2
2022-12-28 15:30:38,14159,14159,14159,2,0
2022-12-28 15:30:38,14159,14159,14159,2,0
2022-12-28 15:30:39,14159,14159,14159,2,0
2022-12-28 15:30:39,14159,14159,14159,2,0
2022-12-28 15:30:39,14158,14158,14158,2,-2
2022-12-28 15:30:40,14158,14158,14158,2,0
2022-12-28 15:30:40,14158,14158,14158,2,0
2022-12-28 15:30:40,14156,14156,14156,2,-2
2022-12-28 15:30:41,14158,14158,14158,2,2
2022-12-28 15:30:42,14158,14158,14158,4,0
2022-12-28 15:30:42,14156,14156,14156,2,-2
2022-12-28 15:30:42,14156,14156,14156,2,0
2022-12-28 15:30:42,14156,14156,14156,2,0
2022-12-28 15:30:42,14155,14155,14155,2,-2
2022-12-28 15:30:42,14155,14155,14155,2,0
2022-12-28 15:30:42,14155,14155,14155,2,0
2022-12-28 15:30:42,14154,14154,14154,4,-4
2022-12-28 15:30:42,14154,14154,14154,2,0
2022-12-28 15:30:42,14154,14154,14154,2,0
2022-12-28 15:30:42,14153,14153,14153,2,-2
2022-12-28 15:30:43,14154,14154,14154,2,2
2022-12-28 15:30:45,14154,14154,14154,2,0
2022-12-28 15:30:46,14156,14156,14156,2,2
2022-12-28 15:30:46,14156,14156,14156,2,0
2022-12-28 15:30:47,14156,14156,14156,2,0
2022-12-28 15:30:48,14156,14156,14156,2,0
2022-12-28 15:30:48,14156,14156,14156,2,0
2022-12-28 15:30:50,14155,14155,14155,2,-2
2022-12-28 15:30:50,14155,14155,14155,2,0
2022-12-28 15:30:50,14154,14154,14154,6,-6
2022-12-28 15:30:50,14154,14154,14154,2,0
2022-12-28 15:30:51,14155,14155,14155,2,2
2022-12-28 15:30:51,14155,14155,14155,2,0
2022-12-28 15:30:56,14154,14154,14154,2,-2
2022-12-28 15:30:56,14154,14154,14154,2,0
2022-12-28 15:30:56,14154,14154,14154,2,0
2022-12-28 15:30:56,14154,14154,14154,2,0
2022-12-28 15:30:56,14154,14154,14154,2,0
2022-12-28 15:30:57,14154,14154,14154,2,0
2022-12-28 15:31:00,14153,14153,14153,2,-2
2022-12-28 15:31:00,14153,14153,14153,2,0
2022-12-28 15:31:00,14153,14153,14153,2,0
2022-12-28 15:31:00,14154,14154,14154,2,2
2022-12-28 15:31:00,14154,14154,14154,4,0
2022-12-28 15:31:00,14154,14154,14154,4,0
2022-12-28 15:31:01,14154,14154,14154,2,0
2022-12-28 15:31:02,14155,14155,14155,2,2
2022-12-28 15:31:02,14155,14155,14155,8,0
2022-12-28 15:31:02,14155,14155,14155,2,0
2022-12-28 15:31:02,14154,14154,14154,2,-2
2022-12-28 15:31:02,14155,14155,14155,8,8
2022-12-28 15:31:02,14155,14155,14155,2,0
2022-12-28 15:31:02,14156,14156,14156,2,2
2022-12-28 15:31:02,14154,14154,14154,2,-2
2022-12-28 15:31:02,14154,14154,14154,2,0
2022-12-28 15:31:03,14154,14154,14154,2,0
2022-12-28 15:31:12,14154,14154,14154,4,0
2022-12-28 15:31:13,14154,14154,14154,2,0
2022-12-28 15:31:14,14153,14153,14153,2,-2
2022-12-28 15:31:14,14154,14154,14154,2,2
2022-12-28 15:31:15,14155,14155,14155,6,6
2022-12-28 15:31:17,14154,14154,14154,2,-2
2022-12-28 15:31:17,14154,14154,14154,2,0
2022-12-28 15:31:17,14154,14154,14154,2,0
2022-12-28 15:31:18,14155,14155,14155,2,2
2022-12-28 15:31:21,14155,14155,14155,2,0
2022-12-28 15:31:21,14155,14155,14155,12,0
2022-12-28 15:31:22,14155,14155,14155,4,0
2022-12-28 15:31:23,14155,14155,14155,2,0
2022-12-28 15:31:24,14155,14155,14155,2,0
2022-12-28 15:31:28,14156,14156,14156,2,2
2022-12-28 15:31:31,14156,14156,14156,4,0
2022-12-28 15:31:35,14156,14156,14156,4,0
2022-12-28 15:31:36,14155,14155,14155,2,-2
2022-12-28 15:31:36,14155,14155,14155,2,0
2022-12-28 15:31:36,14155,14155,14155,6,0
2022-12-28 15:31:36,14155,14155,14155,2,0
2022-12-28 15:31:38,14155,14155,14155,2,0
2022-12-28 15:31:41,14155,14155,14155,2,0
2022-12-28 15:31:47,14155,14155,14155,4,0
2022-12-28 15:31:51,14154,14154,14154,2,-2
2022-12-28 15:31:51,14154,14154,14154,2,0
2022-12-28 15:31:51,14154,14154,14154,2,0
2022-12-28 15:31:51,14154,14154,14154,4,0
2022-12-28 15:31:51,14154,14154,14154,2,0
2022-12-28 15:31:54,14153,14153,14153,2,-2
2022-12-28 15:31:55,14153,14153,14153,2,0
2022-12-28 15:31:57,14153,14153,14153,2,0
2022-12-28 15:31:57,14154,14154,14154,6,6
2022-12-28 15:31:59,14152,14152,14152,2,-2
2022-12-28 15:31:59,14152,14152,14152,2,0
2022-12-28 15:31:59,14152,14152,14152,2,0
2022-12-28 15:32:00,14151,14151,14151,2,-2
2022-12-28 15:32:00,14151,14151,14151,2,0
2022-12-28 15:32:00,14152,14152,14152,2,2
2022-12-28 15:32:01,14152,14152,14152,2,0
2022-12-28 15:32:01,14152,14152,14152,2,0
2022-12-28 15:32:02,14153,14153,14153,2,2
2022-12-28 15:32:04,14151,14151,14151,2,-2
2022-12-28 15:32:08,14151,14151,14151,2,0
2022-12-28 15:32:08,14151,14151,14151,2,0
2022-12-28 15:32:08,14151,14151,14151,2,0
2022-12-28 15:32:08,14151,14151,14151,10,0
2022-12-28 15:32:10,14151,14151,14151,2,0
2022-12-28 15:32:16,14151,14151,14151,2,0
2022-12-28 15:32:22,14151,14151,14151,2,0
2022-12-28 15:32:26,14152,14152,14152,2,2
2022-12-28 15:32:26,14152,14152,14152,2,0
2022-12-28 15:32:31,14151,14151,14151,2,-2
2022-12-28 15:32:33,14152,14152,14152,2,2
2022-12-28 15:32:39,14152,14152,14152,2,0
2022-12-28 15:32:39,14152,14152,14152,2,0
2022-12-28 15:32:41,14152,14152,14152,2,0
2022-12-28 15:32:43,14153,14153,14153,2,2
2022-12-28 15:32:43,14152,14152,14152,2,-2
2022-12-28 15:32:45,14152,14152,14152,2,0
2022-12-28 15:32:47,14152,14152,14152,2,0
2022-12-28 15:32:54,14151,14151,14151,2,-2
2022-12-28 15:32:54,14151,14151,14151,2,0
2022-12-28 15:33:00,14151,14151,14151,2,0
2022-12-28 15:33:00,14151,14151,14151,2,0
2022-12-28 15:33:00,14151,14151,14151,2,0
2022-12-28 15:33:01,14151,14151,14151,6,0
2022-12-28 15:33:01,14151,14151,14151,2,0
2022-12-28 15:33:01,14151,14151,14151,4,0
2022-12-28 15:33:01,14150,14150,14150,2,-2
2022-12-28 15:33:02,14150,14150,14150,2,0
2022-12-28 15:33:02,14150,14150,14150,2,0
2022-12-28 15:33:02,14150,14150,14150,2,0
2022-12-28 15:33:02,14150,14150,14150,2,0
2022-12-28 15:33:02,14150,14150,14150,2,0
2022-12-28 15:33:05,14150,14150,14150,2,0
2022-12-28 15:33:12,14148,14148,14148,4,-4
2022-12-28 15:33:13,14148,14148,14148,2,0
2022-12-28 15:33:13,14148,14148,14148,2,0
2022-12-28 15:33:15,14147,14147,14147,2,-2
2022-12-28 15:33:15,14147,14147,14147,4,0
2022-12-28 15:33:15,14147,14147,14147,2,0
2022-12-28 15:33:15,14147,14147,14147,2,0
2022-12-28 15:33:20,14148,14148,14148,2,2
2022-12-28 15:33:24,14148,14148,14148,2,0
2022-12-28 15:33:29,14147,14147,14147,2,-2
2022-12-28 15:33:29,14147,14147,14147,2,0
2022-12-28 15:33:31,14147,14147,14147,4,0
2022-12-28 15:33:31,14147,14147,14147,2,0
2022-12-28 15:33:36,14146,14146,14146,2,-2
2022-12-28 15:33:36,14145,14145,14145,2,-2
2022-12-28 15:33:36,14145,14145,14145,2,0
2022-12-28 15:33:36,14145,14145,14145,2,0
2022-12-28 15:33:36,14145,14145,14145,2,0
2022-12-28 15:33:36,14145,14145,14145,2,0
2022-12-28 15:33:36,14145,14145,14145,4,0
2022-12-28 15:33:36,14145,14145,14145,2,0
2022-12-28 15:33:36,14145,14145,14145,2,0
2022-12-28 15:33:36,14145,14145,14145,4,0
2022-12-28 15:33:36,14145,14145,14145,2,0
2022-12-28 15:33:36,14145,14145,14145,2,0
2022-12-28 15:33:36,14145,14145,14145,4,0
2022-12-28 15:33:36,14145,14145,14145,2,0
2022-12-28 15:33:36,14145,14145,14145,2,0
2022-12-28 15:33:36,14145,14145,14145,24,0
2022-12-28 15:33:39,14145,14145,14145,2,0
2022-12-28 15:33:40,14145,14145,14145,2,0
2022-12-28 15:33:41,14145,14145,14145,2,0
2022-12-28 15:33:42,14145,14145,14145,2,0
2022-12-28 15:33:42,14145,14145,14145,2,0
2022-12-28 15:33:42,14145,14145,14145,4,0
2022-12-28 15:33:42,14144,14144,14144,4,-4
2022-12-28 15:33:47,14144,14144,14144,2,0
2022-12-28 15:33:50,14144,14144,14144,2,0
2022-12-28 15:33:50,14144,14144,14144,4,0
2022-12-28 15:33:50,14144,14144,14144,2,0
2022-12-28 15:33:50,14144,14144,14144,4,0
2022-12-28 15:33:54,14144,14144,14144,2,0
2022-12-28 15:33:59,14144,14144,14144,14,0
2022-12-28 15:34:01,14144,14144,14144,2,0
2022-12-28 15:34:02,14145,14145,14145,4,4
2022-12-28 15:34:02,14145,14145,14145,2,0
2022-12-28 15:34:02,14145,14145,14145,4,0
2022-12-28 15:34:02,14145,14145,14145,2,0
2022-12-28 15:34:02,14146,14146,14146,2,2
2022-12-28 15:34:10,14147,14147,14147,4,4
2022-12-28 15:34:13,14147,14147,14147,4,0
2022-12-28 15:34:16,14147,14147,14147,4,0
2022-12-28 15:34:21,14147,14147,14147,2,0
2022-12-28 15:34:21,14147,14147,14147,2,0
2022-12-28 15:34:22,14146,14146,14146,2,-2
2022-12-28 15:34:22,14146,14146,14146,2,0
2022-12-28 15:34:22,14146,14146,14146,2,0
2022-12-28 15:34:24,14147,14147,14147,4,4
2022-12-28 15:34:30,14146,14146,14146,2,-2
2022-12-28 15:34:32,14145,14145,14145,2,-2
2022-12-28 15:34:33,14146,14146,14146,4,4
2022-12-28 15:34:35,14146,14146,14146,2,0
2022-12-28 15:34:35,14147,14147,14147,4,4
2022-12-28 15:34:36,14145,14145,14145,2,-2
2022-12-28 15:34:38,14147,14147,14147,4,4
2022-12-28 15:34:41,14147,14147,14147,4,0
2022-12-28 15:34:43,14147,14147,14147,4,0
2022-12-28 15:34:51,14147,14147,14147,4,0
2022-12-28 15:34:53,14147,14147,14147,4,0
2022-12-28 15:34:57,14147,14147,14147,2,0
2022-12-28 15:35:00,14146,14146,14146,2,-2
2022-12-28 15:35:00,14147,14147,14147,2,2
2022-12-28 15:35:00,14147,14147,14147,2,0
2022-12-28 15:35:00,14148,14148,14148,2,2
2022-12-28 15:35:01,14148,14148,14148,20,0
2022-12-28 15:35:01,14148,14148,14148,4,0
2022-12-28 15:35:09,14148,14148,14148,2,0
2022-12-28 15:35:09,14148,14148,14148,2,0
2022-12-28 15:35:13,14148,14148,14148,2,0
2022-12-28 15:35:33,14147,14147,14147,4,-4
2022-12-28 15:35:34,14146,14146,14146,2,-2
2022-12-28 15:35:34,14146,14146,14146,2,0
2022-12-28 15:35:41,14146,14146,14146,2,0
2022-12-28 15:35:43,14147,14147,14147,2,2
2022-12-28 15:35:45,14147,14147,14147,2,0
2022-12-28 15:35:47,14147,14147,14147,2,0
2022-12-28 15:35:51,14147,14147,14147,2,0
2022-12-28 15:35:51,14147,14147,14147,2,0
2022-12-28 15:35:57,14147,14147,14147,2,0
2022-12-28 15:35:57,14147,14147,14147,2,0
2022-12-28 15:36:00,14146,14146,14146,2,-2
2022-12-28 15:36:04,14147,14147,14147,2,2
2022-12-28 15:36:08,14147,14147,14147,4,0
2022-12-28 15:36:10,14147,14147,14147,2,0
2022-12-28 15:36:12,14148,14148,14148,2,2
2022-12-28 15:36:15,14148,14148,14148,6,0
2022-12-28 15:36:15,14148,14148,14148,2,0
2022-12-28 15:36:17,14148,14148,14148,2,0
2022-12-28 15:36:26,14147,14147,14147,2,-2
2022-12-28 15:36:27,14148,14148,14148,4,4
2022-12-28 15:36:29,14147,14147,14147,2,-2
2022-12-28 15:36:29,14148,14148,14148,4,4
2022-12-28 15:36:33,14148,14148,14148,4,0
2022-12-28 15:36:35,14148,14148,14148,4,0
2022-12-28 15:36:37,14148,14148,14148,4,0
2022-12-28 15:36:39,14148,14148,14148,4,0
2022-12-28 15:36:42,14148,14148,14148,4,0
2022-12-28 15:36:45,14148,14148,14148,2,0
2022-12-28 15:36:53,14148,14148,14148,2,0
2022-12-28 15:36:54,14148,14148,14148,2,0
2022-12-28 15:36:54,14147,14147,14147,2,-2
2022-12-28 15:37:01,14147,14147,14147,2,0
2022-12-28 15:37:01,14147,14147,14147,2,0
2022-12-28 15:37:28,14146,14146,14146,2,-2
2022-12-28 15:37:28,14146,14146,14146,4,0
2022-12-28 15:37:28,14146,14146,14146,2,0
2022-12-28 15:37:29,14146,14146,14146,2,0
2022-12-28 15:37:29,14147,14147,14147,6,6
2022-12-28 15:37:49,14146,14146,14146,2,-2
2022-12-28 15:37:52,14145,14145,14145,2,-2
2022-12-28 15:37:52,14145,14145,14145,2,0
2022-12-28 15:37:52,14145,14145,14145,6,0
2022-12-28 15:37:52,14145,14145,14145,14,0
2022-12-28 15:37:52,14145,14145,14145,2,0
2022-12-28 15:37:52,14145,14145,14145,2,0
2022-12-28 15:37:52,14145,14145,14145,2,0
2022-12-28 15:37:52,14145,14145,14145,2,0
2022-12-28 15:37:52,14145,14145,14145,2,0
2022-12-28 15:37:52,14145,14145,14145,12,0
2022-12-28 15:37:52,14145,14145,14145,20,0
2022-12-28 15:37:52,14145,14145,14145,18,0
2022-12-28 15:37:52,14145,14145,14145,2,0
2022-12-28 15:37:52,14145,14145,14145,20,0
2022-12-28 15:37:52,14145,14145,14145,2,0
2022-12-28 15:37:52,14145,14145,14145,2,0
2022-12-28 15:37:52,14146,14146,14146,4,4
2022-12-28 15:37:53,14147,14147,14147,4,4
2022-12-28 15:38:00,14145,14145,14145,2,-2
2022-12-28 15:38:03,14146,14146,14146,4,4
2022-12-28 15:38:03,14147,14147,14147,2,2
2022-12-28 15:38:12,14146,14146,14146,4,-4
2022-12-28 15:38:12,14146,14146,14146,2,0
2022-12-28 15:38:21,14146,14146,14146,2,0
2022-12-28 15:38:26,14146,14146,14146,2,0
2022-12-28 15:38:31,14146,14146,14146,2,0
2022-12-28 15:38:32,14145,14145,14145,2,-2
2022-12-28 15:38:35,14145,14145,14145,2,0
2022-12-28 15:38:35,14145,14145,14145,2,0
2022-12-28 15:38:35,14145,14145,14145,2,0
2022-12-28 15:38:35,14145,14145,14145,4,0
2022-12-28 15:38:35,14144,14144,14144,2,-2
2022-12-28 15:38:35,14144,14144,14144,6,0
2022-12-28 15:38:36,14144,14144,14144,2,0
2022-12-28 15:38:41,14144,14144,14144,4,0
2022-12-28 15:38:44,14144,14144,14144,2,0
2022-12-28 15:38:44,14144,14144,14144,2,0
2022-12-28 15:38:44,14143,14143,14143,2,-2
2022-12-28 15:38:44,14143,14143,14143,2,0
2022-12-28 15:38:44,14143,14143,14143,2,0
2022-12-28 15:38:46,14143,14143,14143,2,0
2022-12-28 15:38:46,14143,14143,14143,2,0
2022-12-28 15:38:46,14143,14143,14143,2,0
2022-12-28 15:38:46,14144,14144,14144,2,2
2022-12-28 15:38:46,14145,14145,14145,2,2
2022-12-28 15:38:48,14143,14143,14143,2,-2
2022-12-28 15:38:52,14143,14143,14143,4,0
2022-12-28 15:38:52,14143,14143,14143,2,0
2022-12-28 15:38:56,14143,14143,14143,2,0
2022-12-28 15:38:59,14143,14143,14143,2,0
2022-12-28 15:38:59,14144,14144,14144,4,4
2022-12-28 15:38:59,14143,14143,14143,2,-2
2022-12-28 15:39:01,14143,14143,14143,2,0
2022-12-28 15:39:01,14144,14144,14144,2,2
2022-12-28 15:39:02,14144,14144,14144,2,0
2022-12-28 15:39:02,14144,14144,14144,2,0
2022-12-28 15:39:02,14144,14144,14144,2,0
2022-12-28 15:39:06,14144,14144,14144,2,0
2022-12-28 15:39:07,14144,14144,14144,2,0
2022-12-28 15:39:08,14144,14144,14144,2,0
2022-12-28 15:39:15,14143,14143,14143,2,-2
2022-12-28 15:39:15,14143,14143,14143,2,0
2022-12-28 15:39:19,14144,14144,14144,2,2
2022-12-28 15:39:20,14143,14143,14143,2,-2
2022-12-28 15:39:21,14143,14143,14143,2,0
2022-12-28 15:39:21,14143,14143,14143,2,0
2022-12-28 15:39:22,14143,14143,14143,2,0
2022-12-28 15:39:25,14142,14142,14142,2,-2
2022-12-28 15:39:27,14142,14142,14142,2,0
2022-12-28 15:39:28,14142,14142,14142,2,0
2022-12-28 15:39:29,14142,14142,14142,2,0
2022-12-28 15:39:30,14143,14143,14143,4,4
2022-12-28 15:39:32,14143,14143,14143,4,0
2022-12-28 15:39:33,14143,14143,14143,2,0
2022-12-28 15:39:35,14143,14143,14143,2,0
2022-12-28 15:39:35,14143,14143,14143,2,0
2022-12-28 15:39:36,14142,14142,14142,2,-2
2022-12-28 15:39:47,14142,14142,14142,4,0
2022-12-28 15:39:47,14142,14142,14142,2,0
2022-12-28 15:39:47,14142,14142,14142,4,0
2022-12-28 15:39:47,14142,14142,14142,2,0
2022-12-28 15:39:51,14142,14142,14142,2,0
2022-12-28 15:39:57,14143,14143,14143,2,2
2022-12-28 15:40:01,14143,14143,14143,2,0
2022-12-28 15:40:01,14142,14142,14142,2,-2
2022-12-28 15:40:01,14142,14142,14142,2,0
2022-12-28 15:40:01,14142,14142,14142,2,0
2022-12-28 15:40:01,14142,14142,14142,4,0
2022-12-28 15:40:01,14142,14142,14142,2,0
2022-12-28 15:40:01,14142,14142,14142,2,0
2022-12-28 15:40:06,14142,14142,14142,2,0
2022-12-28 15:40:07,14142,14142,14142,6,0
2022-12-28 15:40:08,14143,14143,14143,2,2
2022-12-28 15:40:12,14141,14141,14141,2,-2
2022-12-28 15:40:16,14143,14143,14143,4,4
2022-12-28 15:40:17,14143,14143,14143,2,0
2022-12-28 15:40:17,14143,14143,14143,2,0
2022-12-28 15:40:25,14143,14143,14143,2,0
2022-12-28 15:40:40,14143,14143,14143,2,0
2022-12-28 15:40:40,14143,14143,14143,4,0
2022-12-28 15:40:41,14143,14143,14143,4,0
2022-12-28 15:40:41,14143,14143,14143,2,0
2022-12-28 15:40:48,14143,14143,14143,4,0
2022-12-28 15:40:50,14143,14143,14143,4,0
2022-12-28 15:41:00,14142,14142,14142,2,-2
2022-12-28 15:41:06,14142,14142,14142,2,0
2022-12-28 15:41:06,14142,14142,14142,2,0
2022-12-28 15:41:06,14142,14142,14142,2,0
2022-12-28 15:41:06,14142,14142,14142,2,0
2022-12-28 15:41:16,14142,14142,14142,2,0
2022-12-28 15:41:16,14142,14142,14142,2,0
2022-12-28 15:41:18,14142,14142,14142,2,0
2022-12-28 15:41:24,14142,14142,14142,2,0
2022-12-28 15:41:28,14141,14141,14141,2,-2
2022-12-28 15:41:35,14141,14141,14141,2,0
2022-12-28 15:41:38,14142,14142,14142,2,2
2022-12-28 15:41:39,14141,14141,14141,4,-4
2022-12-28 15:41:39,14142,14142,14142,4,4
2022-12-28 15:41:41,14142,14142,14142,4,0
2022-12-28 15:41:44,14142,14142,14142,4,0
2022-12-28 15:41:59,14141,14141,14141,2,-2
2022-12-28 15:42:02,14141,14141,14141,2,0
2022-12-28 15:42:02,14141,14141,14141,2,0
2022-12-28 15:42:05,14142,14142,14142,2,2
2022-12-28 15:42:09,14141,14141,14141,2,-2
2022-12-28 15:42:09,14142,14142,14142,2,2
2022-12-28 15:42:11,14141,14141,14141,2,-2
2022-12-28 15:42:12,14142,14142,14142,2,2
2022-12-28 15:42:49,14142,14142,14142,2,0
2022-12-28 15:42:49,14142,14142,14142,8,0
2022-12-28 15:42:49,14142,14142,14142,2,0
2022-12-28 15:42:49,14142,14142,14142,18,0
2022-12-28 15:42:49,14142,14142,14142,2,0
2022-12-28 15:42:50,14143,14143,14143,4,4
2022-12-28 15:42:54,14142,14142,14142,2,-2
2022-12-28 15:42:58,14143,14143,14143,2,2
2022-12-28 15:42:58,14143,14143,14143,6,0
2022-12-28 15:43:02,14142,14142,14142,4,-4
2022-12-28 15:43:02,14142,14142,14142,4,0
2022-12-28 15:43:02,14142,14142,14142,2,0
2022-12-28 15:43:02,14142,14142,14142,2,0
2022-12-28 15:43:02,14143,14143,14143,2,2
2022-12-28 15:43:02,14143,14143,14143,2,0
2022-12-28 15:43:06,14142,14142,14142,2,-2
2022-12-28 15:43:15,14144,14144,14144,2,2
2022-12-28 15:43:16,14144,14144,14144,4,0
2022-12-28 15:43:17,14144,14144,14144,4,0
2022-12-28 15:43:30,14143,14143,14143,4,-4
2022-12-28 15:43:31,14143,14143,14143,2,0
2022-12-28 15:43:33,14143,14143,14143,2,0
2022-12-28 15:43:34,14144,14144,14144,2,2
2022-12-28 15:43:36,14143,14143,14143,2,-2
2022-12-28 15:43:37,14142,14142,14142,2,-2
2022-12-28 15:43:39,14144,14144,14144,2,2
2022-12-28 15:43:55,14142,14142,14142,2,-2
2022-12-28 15:43:55,14142,14142,14142,2,0
2022-12-28 15:44:01,14142,14142,14142,2,0
2022-12-28 15:44:10,14141,14141,14141,2,-2
2022-12-28 15:44:10,14141,14141,14141,4,0
2022-12-28 15:44:10,14141,14141,14141,2,0
2022-12-28 15:44:10,14141,14141,14141,2,0
2022-12-28 15:44:10,14141,14141,14141,2,0
2022-12-28 15:44:10,14141,14141,14141,2,0
2022-12-28 15:44:10,14141,14141,14141,4,0
2022-12-28 15:44:10,14141,14141,14141,2,0
2022-12-28 15:44:10,14141,14141,14141,2,0
2022-12-28 15:44:10,14141,14141,14141,2,0
2022-12-28 15:44:10,14141,14141,14141,2,0
2022-12-28 15:44:10,14141,14141,14141,2,0
2022-12-28 15:44:10,14141,14141,14141,2,0
2022-12-28 15:44:10,14141,14141,14141,2,0
2022-12-28 15:44:10,14140,14140,14140,2,-2
2022-12-28 15:44:10,14140,14140,14140,2,0
2022-12-28 15:44:15,14140,14140,14140,2,0
2022-12-28 15:44:15,14142,14142,14142,2,2
2022-12-28 15:44:19,14141,14141,14141,2,-2
2022-12-28 15:44:20,14140,14140,14140,2,-2
2022-12-28 15:44:21,14142,14142,14142,2,2
2022-12-28 15:44:36,14141,14141,14141,2,-2
2022-12-28 15:44:43,14141,14141,14141,2,0
2022-12-28 15:44:45,14140,14140,14140,2,-2
2022-12-28 15:44:53,14140,14140,14140,2,0
2022-12-28 15:44:53,14140,14140,14140,2,0
2022-12-28 15:44:54,14140,14140,14140,2,0
2022-12-28 15:44:58,14140,14140,14140,2,0
2022-12-28 15:44:58,14140,14140,14140,2,0
2022-12-28 15:44:58,14140,14140,14140,2,0
2022-12-28 15:45:01,14140,14140,14140,2,0
2022-12-28 15:45:02,14141,14141,14141,4,4
2022-12-28 15:45:02,14141,14141,14141,4,0
2022-12-28 15:45:02,14141,14141,14141,2,0
2022-12-28 15:45:02,14142,14142,14142,2,2
2022-12-28 15:45:05,14142,14142,14142,4,0
2022-12-28 15:45:05,14142,14142,14142,4,0
2022-12-28 15:45:08,14141,14141,14141,2,-2
2022-12-28 15:45:23,14140,14140,14140,2,-2
2022-12-28 15:45:23,14140,14140,14140,2,0
2022-12-28 15:45:23,14140,14140,14140,2,0
2022-12-28 15:45:23,14140,14140,14140,4,0
2022-12-28 15:45:32,14140,14140,14140,2,0
2022-12-28 15:45:38,14140,14140,14140,2,0
2022-12-28 15:46:06,14141,14141,14141,2,2
2022-12-28 15:46:08,14141,14141,14141,8,0
2022-12-28 15:46:08,14140,14140,14140,2,-2
2022-12-28 15:46:35,14141,14141,14141,6,6
2022-12-28 15:46:35,14141,14141,14141,2,0
2022-12-28 15:46:40,14141,14141,14141,2,0
2022-12-28 15:46:44,14141,14141,14141,2,0
2022-12-28 15:46:47,14141,14141,14141,2,0
2022-12-28 15:46:47,14141,14141,14141,2,0
2022-12-28 15:46:47,14141,14141,14141,2,0
2022-12-28 15:46:51,14141,14141,14141,2,0
2022-12-28 15:46:53,14141,14141,14141,2,0
2022-12-28 15:46:53,14141,14141,14141,2,0
2022-12-28 15:46:54,14141,14141,14141,2,0
2022-12-28 15:46:54,14141,14141,14141,2,0
2022-12-28 15:46:56,14141,14141,14141,2,0
2022-12-28 15:46:56,14141,14141,14141,2,0
2022-12-28 15:47:00,14141,14141,14141,2,0
2022-12-28 15:47:00,14141,14141,14141,2,0
2022-12-28 15:47:04,14142,14142,14142,2,2
2022-12-28 15:47:04,14142,14142,14142,4,0
2022-12-28 15:47:04,14142,14142,14142,2,0
2022-12-28 15:47:04,14142,14142,14142,2,0
2022-12-28 15:47:04,14142,14142,14142,2,0
2022-12-28 15:47:04,14142,14142,14142,12,0
2022-12-28 15:47:04,14142,14142,14142,2,0
2022-12-28 15:47:09,14142,14142,14142,2,0
2022-12-28 15:47:12,14143,14143,14143,2,2
2022-12-28 15:47:13,14143,14143,14143,2,0
2022-12-28 15:47:14,14143,14143,14143,4,0
2022-12-28 15:47:15,14144,14144,14144,2,2
2022-12-28 15:47:16,14142,14142,14142,2,-2
2022-12-28 15:47:17,14143,14143,14143,4,4
2022-12-28 15:47:20,14143,14143,14143,4,0
2022-12-28 15:47:20,14143,14143,14143,2,0
2022-12-28 15:47:20,14144,14144,14144,8,8
2022-12-28 15:47:25,14143,14143,14143,2,-2
2022-12-28 15:47:27,14143,14143,14143,2,0
2022-12-28 15:47:28,14143,14143,14143,2,0
2022-12-28 15:47:30,14144,14144,14144,10,10
2022-12-28 15:47:52,14143,14143,14143,2,-2
2022-12-28 15:47:52,14144,14144,14144,2,2
2022-12-28 15:48:00,14143,14143,14143,2,-2
2022-12-28 15:48:05,14143,14143,14143,10,0
2022-12-28 15:48:17,14143,14143,14143,2,0
2022-12-28 15:48:26,14143,14143,14143,4,0
2022-12-28 15:48:38,14143,14143,14143,2,0
2022-12-28 15:48:39,14142,14142,14142,2,-2
2022-12-28 15:48:39,14142,14142,14142,10,0
2022-12-28 15:48:39,14142,14142,14142,2,0
2022-12-28 15:48:39,14142,14142,14142,2,0
2022-12-28 15:48:39,14142,14142,14142,2,0
2022-12-28 15:48:39,14142,14142,14142,2,0
2022-12-28 15:48:39,14142,14142,14142,2,0
2022-12-28 15:48:40,14141,14141,14141,2,-2
2022-12-28 15:48:40,14141,14141,14141,2,0
2022-12-28 15:48:50,14140,14140,14140,6,-6
2022-12-28 15:48:50,14140,14140,14140,2,0
2022-12-28 15:48:50,14140,14140,14140,2,0
2022-12-28 15:48:50,14140,14140,14140,2,0
2022-12-28 15:48:50,14140,14140,14140,8,0
2022-12-28 15:48:50,14140,14140,14140,2,0
2022-12-28 15:48:50,14140,14140,14140,2,0
2022-12-28 15:48:50,14140,14140,14140,2,0
2022-12-28 15:48:50,14140,14140,14140,2,0
2022-12-28 15:48:50,14140,14140,14140,2,0
2022-12-28 15:48:51,14140,14140,14140,2,0
2022-12-28 15:48:54,14140,14140,14140,2,0
2022-12-28 15:48:55,14140,14140,14140,2,0
2022-12-28 15:48:55,14141,14141,14141,26,26
2022-12-28 15:48:55,14142,14142,14142,66,66
2022-12-28 15:48:55,14142,14142,14142,2,0
2022-12-28 15:48:55,14142,14142,14142,4,0
2022-12-28 15:48:55,14142,14142,14142,2,0
2022-12-28 15:48:55,14142,14142,14142,6,0
2022-12-28 15:48:55,14142,14142,14142,2,0
2022-12-28 15:48:55,14142,14142,14142,2,0
2022-12-28 15:48:55,14142,14142,14142,4,0
2022-12-28 15:48:55,14142,14142,14142,2,0
2022-12-28 15:48:55,14142,14142,14142,2,0
2022-12-28 15:48:58,14142,14142,14142,12,0
2022-12-28 15:48:58,14142,14142,14142,2,0
2022-12-28 15:48:58,14141,14141,14141,8,-8
2022-12-28 15:49:00,14142,14142,14142,2,2
2022-12-28 15:49:25,14144,14144,14144,2,2
2022-12-28 15:49:26,14144,14144,14144,4,0
2022-12-28 15:49:26,14144,14144,14144,18,0
2022-12-28 15:49:27,14144,14144,14144,2,0
2022-12-28 15:49:30,14144,14144,14144,2,0
2022-12-28 15:49:30,14144,14144,14144,2,0
2022-12-28 15:49:30,14144,14144,14144,2,0
2022-12-28 15:49:30,14144,14144,14144,2,0
2022-12-28 15:49:30,14144,14144,14144,2,0
2022-12-28 15:49:53,14144,14144,14144,2,0
2022-12-28 15:49:59,14145,14145,14145,2,2
2022-12-28 15:49:59,14145,14145,14145,10,0
2022-12-28 15:50:03,14144,14144,14144,2,-2
2022-12-28 15:50:15,14143,14143,14143,2,-2
2022-12-28 15:50:39,14143,14143,14143,2,0
2022-12-28 15:50:42,14143,14143,14143,10,0
2022-12-28 15:50:59,14143,14143,14143,2,0
2022-12-28 15:50:59,14143,14143,14143,12,0
2022-12-28 15:51:09,14143,14143,14143,2,0
2022-12-28 15:51:20,14143,14143,14143,2,0
2022-12-28 15:51:20,14143,14143,14143,8,0
2022-12-28 15:51:36,14144,14144,14144,6,6
2022-12-28 15:51:37,14143,14143,14143,2,-2
2022-12-28 15:51:40,14143,14143,14143,2,0
2022-12-28 15:51:44,14143,14143,14143,2,0
2022-12-28 15:51:47,14143,14143,14143,4,0
2022-12-28 15:51:47,14143,14143,14143,2,0
2022-12-28 15:51:53,14143,14143,14143,6,0
2022-12-28 15:51:57,14143,14143,14143,2,0
2022-12-28 15:52:13,14144,14144,14144,2,2
2022-12-28 15:52:17,14143,14143,14143,2,-2
2022-12-28 15:52:17,14143,14143,14143,4,0
2022-12-28 15:52:17,14143,14143,14143,2,0
2022-12-28 15:52:20,14144,14144,14144,2,2
2022-12-28 15:52:23,14143,14143,14143,2,-2
2022-12-28 15:52:26,14143,14143,14143,2,0
2022-12-28 15:52:39,14142,14142,14142,2,-2
2022-12-28 15:52:58,14143,14143,14143,4,4
2022-12-28 15:53:01,14142,14142,14142,2,-2
2022-12-28 15:53:01,14143,14143,14143,2,2
2022-12-28 15:53:17,14144,14144,14144,20,20
2022-12-28 15:53:37,14145,14145,14145,2,2
2022-12-28 15:53:39,14145,14145,14145,6,0
2022-12-28 15:53:42,14145,14145,14145,6,0
2022-12-28 15:53:45,14145,14145,14145,6,0
2022-12-28 15:53:49,14145,14145,14145,6,0
2022-12-28 15:53:52,14145,14145,14145,6,0
2022-12-28 15:53:56,14144,14144,14144,2,-2
2022-12-28 15:53:58,14144,14144,14144,2,0
2022-12-28 15:54:01,14145,14145,14145,2,2
2022-12-28 15:54:01,14144,14144,14144,2,-2
2022-12-28 15:54:06,14145,14145,14145,2,2
2022-12-28 15:54:29,14145,14145,14145,8,0
2022-12-28 15:54:29,14145,14145,14145,2,0
2022-12-28 15:54:29,14145,14145,14145,2,0
2022-12-28 15:54:29,14145,14145,14145,2,0
2022-12-28 15:54:51,14146,14146,14146,2,2
2022-12-28 15:54:53,14145,14145,14145,2,-2
2022-12-28 15:55:00,14146,14146,14146,2,2
2022-12-28 15:55:00,14146,14146,14146,2,0
2022-12-28 15:55:00,14146,14146,14146,2,0
2022-12-28 15:55:00,14146,14146,14146,2,0
2022-12-28 15:55:00,14146,14146,14146,2,0
2022-12-28 15:55:00,14146,14146,14146,2,0
2022-12-28 15:55:00,14146,14146,14146,2,0
2022-12-28 15:55:00,14146,14146,14146,8,0
2022-12-28 15:55:00,14147,14147,14147,2,2
2022-12-28 15:55:01,14147,14147,14147,2,0
2022-12-28 15:55:01,14147,14147,14147,2,0
2022-12-28 15:55:14,14146,14146,14146,2,-2
2022-12-28 15:55:24,14146,14146,14146,2,0
2022-12-28 15:55:50,14145,14145,14145,2,-2
2022-12-28 15:55:51,14145,14145,14145,2,0
2022-12-28 15:55:56,14145,14145,14145,2,0
2022-12-28 15:55:56,14146,14146,14146,2,2
2022-12-28 15:56:01,14145,14145,14145,2,-2
2022-12-28 15:56:13,14144,14144,14144,10,-10
2022-12-28 15:56:14,14145,14145,14145,2,2
2022-12-28 15:56:15,14146,14146,14146,2,2
2022-12-28 15:56:15,14145,14145,14145,2,-2
2022-12-28 15:56:15,14146,14146,14146,2,2
2022-12-28 15:56:15,14146,14146,14146,2,0
2022-12-28 15:56:16,14146,14146,14146,2,0
2022-12-28 15:56:26,14144,14144,14144,8,-8
2022-12-28 15:56:26,14144,14144,14144,2,0
2022-12-28 15:56:26,14144,14144,14144,2,0
2022-12-28 15:56:26,14144,14144,14144,2,0
2022-12-28 15:56:26,14144,14144,14144,14,0
2022-12-28 15:56:32,14142,14142,14142,2,-2
2022-12-28 15:56:39,14143,14143,14143,8,8
2022-12-28 15:56:53,14143,14143,14143,2,0
2022-12-28 15:56:53,14143,14143,14143,2,0
2022-12-28 15:57:00,14143,14143,14143,2,0
2022-12-28 15:57:02,14143,14143,14143,2,0
2022-12-28 15:57:14,14143,14143,14143,2,0
2022-12-28 15:57:39,14143,14143,14143,4,0
2022-12-28 15:57:44,14143,14143,14143,2,0
2022-12-28 15:58:00,14144,14144,14144,2,2
2022-12-28 15:58:00,14143,14143,14143,2,-2
2022-12-28 15:58:10,14144,14144,14144,6,6
2022-12-28 15:58:15,14144,14144,14144,2,0
2022-12-28 15:58:24,14144,14144,14144,2,0
2022-12-28 15:58:25,14145,14145,14145,2,2
2022-12-28 15:58:41,14145,14145,14145,2,0
2022-12-28 15:58:47,14146,14146,14146,6,6
2022-12-28 15:58:59,14146,14146,14146,2,0
2022-12-28 15:59:00,14145,14145,14145,2,-2
2022-12-28 15:59:11,14145,14145,14145,2,0
2022-12-28 15:59:27,14145,14145,14145,2,0
2022-12-28 15:59:27,14145,14145,14145,4,0
2022-12-28 15:59:27,14145,14145,14145,4,0
2022-12-28 15:59:27,14145,14145,14145,2,0
2022-12-28 15:59:27,14145,14145,14145,2,0
2022-12-28 15:59:29,14145,14145,14145,2,0
2022-12-28 15:59:31,14146,14146,14146,8,8
2022-12-28 15:59:31,14146,14146,14146,2,0
2022-12-28 15:59:31,14146,14146,14146,18,0
2022-12-28 15:59:31,14147,14147,14147,6,6
2022-12-28 15:59:31,14147,14147,14147,2,0
2022-12-28 15:59:33,14147,14147,14147,10,0
2022-12-28 15:59:34,14148,14148,14148,6,6
2022-12-28 15:59:34,14149,14149,14149,2,2
2022-12-28 15:59:34,14149,14149,14149,2,0
2022-12-28 15:59:34,14149,14149,14149,2,0
2022-12-28 15:59:37,14149,14149,14149,8,0
2022-12-28 15:59:44,14149,14149,14149,6,0
2022-12-28 15:59:46,14148,14148,14148,2,-2
2022-12-28 15:59:51,14149,14149,14149,2,2
2022-12-28 15:59:53,14149,14149,14149,2,0
2022-12-28 15:59:58,14149,14149,14149,2,0
2022-12-28 15:59:59,14150,14150,14150,2,2
2022-12-28 15:59:59,14150,14150,14150,2,0
2022-12-28 15:59:59,14150,14150,14150,2,0
2022-12-28 16:00:00,14149,14149,14149,2,-2
2022-12-28 16:00:00,14149,14149,14149,2,0
2022-12-28 16:00:00,14148,14148,14148,2,-2
2022-12-28 16:00:00,14148,14148,14148,2,0
2022-12-28 16:00:00,14148,14148,14148,2,0
2022-12-28 16:00:00,14148,14148,14148,2,0
2022-12-28 16:00:00,14149,14149,14149,6,6
2022-12-28 16:00:00,14149,14149,14149,2,0
2022-12-28 16:00:00,14147,14147,14147,2,-2
2022-12-28 16:00:00,14149,14149,14149,2,2
2022-12-28 16:00:01,14147,14147,14147,6,-6
2022-12-28 16:00:01,14147,14147,14147,2,0
2022-12-28 16:00:01,14147,14147,14147,2,0
2022-12-28 16:00:01,14147,14147,14147,2,0
2022-12-28 16:00:01,14147,14147,14147,2,0
2022-12-28 16:00:01,14146,14146,14146,2,-2
2022-12-28 16:00:01,14146,14146,14146,2,0
2022-12-28 16:00:01,14147,14147,14147,2,2
2022-12-28 16:00:01,14148,14148,14148,4,4
2022-12-28 16:00:01,14147,14147,14147,2,-2
2022-12-28 16:00:01,14146,14146,14146,2,-2
2022-12-28 16:00:01,14146,14146,14146,2,0
2022-12-28 16:00:01,14148,14148,14148,4,4
2022-12-28 16:00:03,14148,14148,14148,2,0
2022-12-28 16:00:04,14148,14148,14148,2,0
2022-12-28 16:00:04,14150,14150,14150,4,4
2022-12-28 16:00:05,14149,14149,14149,2,-2
2022-12-28 16:00:09,14150,14150,14150,4,4
2022-12-28 16:00:10,14150,14150,14150,2,0
2022-12-28 16:00:11,14149,14149,14149,2,-2
2022-12-28 16:00:12,14150,14150,14150,6,6
2022-12-28 16:00:12,14149,14149,14149,2,-2
2022-12-28 16:00:13,14150,14150,14150,2,2
2022-12-28 16:00:13,14150,14150,14150,2,0
2022-12-28 16:00:14,14150,14150,14150,8,0
2022-12-28 16:00:14,14150,14150,14150,2,0
2022-12-28 16:00:14,14150,14150,14150,12,0
2022-12-28 16:00:14,14150,14150,14150,6,0
2022-12-28 16:00:14,14150,14150,14150,2,0
2022-12-28 16:00:14,14150,14150,14150,2,0
2022-12-28 16:00:15,14151,14151,14151,2,2
2022-12-28 16:00:15,14150,14150,14150,6,-6
2022-12-28 16:00:17,14149,14149,14149,2,-2
2022-12-28 16:00:21,14151,14151,14151,2,2
2022-12-28 16:00:21,14151,14151,14151,6,0
2022-12-28 16:00:23,14152,14152,14152,2,2
2022-12-28 16:00:24,14151,14151,14151,2,-2
2022-12-28 16:00:24,14151,14151,14151,2,0
2022-12-28 16:00:26,14152,14152,14152,4,4
2022-12-28 16:00:28,14152,14152,14152,4,0
2022-12-28 16:00:37,14152,14152,14152,2,0
2022-12-28 16:00:37,14151,14151,14151,2,-2
2022-12-28 16:00:42,14153,14153,14153,10,10
2022-12-28 16:00:45,14152,14152,14152,2,-2
2022-12-28 16:00:45,14152,14152,14152,2,0
2022-12-28 16:00:45,14152,14152,14152,4,0
2022-12-28 16:00:46,14151,14151,14151,2,-2
2022-12-28 16:00:47,14150,14150,14150,2,-2
2022-12-28 16:00:47,14151,14151,14151,2,2
2022-12-28 16:00:49,14151,14151,14151,2,0
2022-12-28 16:00:53,14151,14151,14151,4,0
2022-12-28 16:00:56,14152,14152,14152,2,2
2022-12-28 16:00:59,14151,14151,14151,4,-4
2022-12-28 16:01:02,14150,14150,14150,2,-2
2022-12-28 16:01:02,14150,14150,14150,2,0
2022-12-28 16:01:02,14150,14150,14150,2,0
2022-12-28 16:01:02,14150,14150,14150,2,0
2022-12-28 16:01:02,14150,14150,14150,2,0
2022-12-28 16:01:03,14150,14150,14150,4,0
2022-12-28 16:01:07,14150,14150,14150,2,0
