2022-09-16 15:00:00.019,14470,14474,14472,40,40
2022-09-16 15:00:00.031,14471,14474,14474,1,1
2022-09-16 15:00:00.119,14471,14473,14473,1,1
2022-09-16 15:00:00.119,14471,14473,14473,1,1
2022-09-16 15:00:00.139,14471,14473,14471,2,-2
2022-09-16 15:00:00.139,14471,14473,14470,1,-1
2022-09-16 15:00:00.181,14471,14473,14471,1,-1
2022-09-16 15:00:00.181,14471,14473,14470,6,-6
2022-09-16 15:00:00.592,14471,14472,14471,1,-1
2022-09-16 15:00:00.592,14471,14472,14470,3,-3
2022-09-16 15:00:00.592,14471,14472,14469,4,-4
2022-09-16 15:00:00.654,14471,14472,14470,1,-1
2022-09-16 15:00:00.792,14469,14472,14470,1,-1
2022-09-16 15:00:00.821,14469,14472,14472,3,3
2022-09-16 15:00:00.942,14469,14472,14469,1,-1
2022-09-16 15:00:00.966,14469,14471,14470,1,-1
2022-09-16 15:00:01.110,14469,14471,14469,2,-2
2022-09-16 15:00:01.110,14469,14471,14470,1,-1
2022-09-16 15:00:01.253,14468,14470,14469,1,-1
2022-09-16 15:00:01.253,14468,14470,14470,1,1
2022-09-16 15:00:01.258,14468,14470,14469,1,1
2022-09-16 15:00:01.262,14468,14470,14469,1,1
2022-09-16 15:00:01.335,14469,14471,14469,1,-1
2022-09-16 15:00:01.598,14468,14470,14470,2,2
2022-09-16 15:00:01.598,14468,14470,14471,1,1
2022-09-16 15:00:01.758,14470,14471,14471,2,2
2022-09-16 15:00:01.780,14470,14471,14471,4,4
2022-09-16 15:00:01.866,14471,14472,14472,4,4
2022-09-16 15:00:01.930,14471,14472,14473,9,9
2022-09-16 15:00:01.945,14472,14474,14472,2,-2
2022-09-16 15:00:02.034,14472,14474,14474,2,2
2022-09-16 15:00:02.034,14472,14474,14474,1,1
2022-09-16 15:00:02.096,14472,14474,14474,1,1
2022-09-16 15:00:03.005,14473,14474,14473,1,-1
2022-09-16 15:00:03.741,14472,14473,14473,1,1
2022-09-16 15:00:04.115,14473,14474,14473,1,-1
2022-09-16 15:00:04.465,14473,14474,14474,1,1
2022-09-16 15:00:04.883,14473,14474,14474,1,1
2022-09-16 15:00:05.186,14473,14474,14473,2,-2
2022-09-16 15:00:05.186,14473,14474,14472,1,-1
2022-09-16 15:00:05.205,14472,14474,14474,1,1
2022-09-16 15:00:05.704,14472,14474,14474,1,1
2022-09-16 15:00:06.001,14472,14474,14474,1,1
2022-09-16 15:00:06.001,14472,14474,14474,1,1
2022-09-16 15:00:06.001,14472,14474,14474,3,3
2022-09-16 15:00:06.001,14472,14474,14474,2,2
2022-09-16 15:00:06.738,14473,14475,14475,1,1
2022-09-16 15:00:07.240,14473,14475,14473,1,-1
2022-09-16 15:00:07.888,14473,14475,14475,1,1
2022-09-16 15:00:07.905,14473,14475,14473,1,-1
2022-09-16 15:00:07.973,14473,14475,14475,1,1
2022-09-16 15:00:08.207,14473,14475,14475,2,2
2022-09-16 15:00:08.858,14473,14475,14475,1,1
2022-09-16 15:00:08.888,14473,14475,14474,1,1
2022-09-16 15:00:09.801,14473,14475,14475,1,1
2022-09-16 15:00:09.813,14473,14475,14475,1,1
2022-09-16 15:00:11.290,14474,14475,14475,1,1
2022-09-16 15:00:11.290,14474,14475,14475,1,1
2022-09-16 15:00:11.479,14475,14476,14475,1,-1
2022-09-16 15:00:13.339,14474,14475,14475,1,1
2022-09-16 15:00:14.402,14474,14475,14475,1,1
2022-09-16 15:00:15.250,14475,14476,14475,1,-1
2022-09-16 15:00:15.526,14475,14476,14475,2,-2
2022-09-16 15:00:15.566,14475,14476,14474,2,-2
2022-09-16 15:00:16.541,14474,14475,14474,1,-1
2022-09-16 15:00:16.710,14474,14475,14474,1,-1
2022-09-16 15:00:16.711,14474,14475,14474,1,-1
2022-09-16 15:00:17.406,14473,14475,14473,1,-1
2022-09-16 15:00:17.406,14473,14475,14473,6,-6
2022-09-16 15:00:17.406,14473,14475,14472,2,-2
2022-09-16 15:00:17.407,14473,14475,14472,8,-8
2022-09-16 15:00:17.801,14472,14473,14472,2,-2
2022-09-16 15:00:18.003,14470,14472,14470,1,-1
2022-09-16 15:00:18.124,14470,14472,14472,5,5
2022-09-16 15:00:18.454,14470,14472,14470,1,-1
2022-09-16 15:00:18.600,14470,14471,14470,1,-1
2022-09-16 15:00:18.727,14470,14471,14470,1,-1
2022-09-16 15:00:18.862,14470,14471,14470,1,-1
2022-09-16 15:00:18.918,14470,14471,14471,1,1
2022-09-16 15:00:19.459,14469,14470,14470,1,1
2022-09-16 15:00:19.676,14469,14470,14469,1,-1
2022-09-16 15:00:19.812,14469,14470,14469,1,-1
2022-09-16 15:00:20.214,14468,14469,14468,13,-13
2022-09-16 15:00:20.742,14467,14468,14467,1,-1
2022-09-16 15:00:20.890,14467,14468,14467,14,-14
2022-09-16 15:00:21.377,14466,14467,14466,1,-1
2022-09-16 15:00:21.528,14466,14467,14466,1,-1
2022-09-16 15:00:21.660,14466,14467,14466,1,-1
2022-09-16 15:00:21.751,14466,14467,14466,10,-10
2022-09-16 15:00:21.751,14466,14467,14466,2,-2
2022-09-16 15:00:21.770,14466,14467,14465,4,-4
2022-09-16 15:00:21.770,14466,14467,14464,4,-4
2022-09-16 15:00:21.773,14466,14467,14465,1,-1
2022-09-16 15:00:21.863,14464,14466,14464,1,-1
2022-09-16 15:00:21.875,14464,14466,14464,1,-1
2022-09-16 15:00:21.875,14464,14466,14463,4,-4
2022-09-16 15:00:21.952,14463,14464,14463,1,-1
2022-09-16 15:00:21.978,14463,14464,14463,1,-1
2022-09-16 15:00:21.978,14463,14464,14462,4,-4
2022-09-16 15:00:21.979,14463,14464,14463,1,-1
2022-09-16 15:00:21.979,14463,14464,14463,1,-1
2022-09-16 15:00:21.988,14463,14464,14462,2,-2
2022-09-16 15:00:22.045,14463,14464,14462,2,-2
2022-09-16 15:00:22.054,14463,14464,14462,1,-1
2022-09-16 15:00:22.056,14463,14464,14462,2,-2
2022-09-16 15:00:22.073,14462,14464,14463,1,-1
2022-09-16 15:00:22.102,14462,14464,14462,3,-3
2022-09-16 15:00:22.121,14462,14464,14462,1,-1
2022-09-16 15:00:22.142,14462,14464,14462,1,-1
2022-09-16 15:00:22.158,14462,14464,14462,4,-4
2022-09-16 15:00:22.159,14462,14464,14461,2,-2
2022-09-16 15:00:22.179,14462,14464,14462,1,-1
2022-09-16 15:00:22.180,14462,14464,14462,3,-3
2022-09-16 15:00:22.478,14461,14463,14463,1,1
2022-09-16 15:00:22.483,14461,14463,14463,1,1
2022-09-16 15:00:22.496,14461,14463,14464,1,1
2022-09-16 15:00:22.497,14461,14463,14464,5,5
2022-09-16 15:00:22.501,14461,14463,14465,1,1
2022-09-16 15:00:22.502,14461,14463,14465,1,1
2022-09-16 15:00:22.581,14462,14465,14462,2,-2
2022-09-16 15:00:22.611,14462,14465,14462,1,-1
2022-09-16 15:00:22.629,14462,14465,14462,1,-1
2022-09-16 15:00:22.629,14462,14465,14461,1,-1
2022-09-16 15:00:22.752,14462,14464,14464,4,4
2022-09-16 15:00:22.840,14463,14465,14463,1,-1
2022-09-16 15:00:22.847,14463,14465,14463,1,-1
2022-09-16 15:00:22.848,14463,14465,14463,1,-1
2022-09-16 15:00:22.849,14463,14465,14463,1,-1
2022-09-16 15:00:22.850,14463,14465,14462,1,-1
2022-09-16 15:00:22.851,14463,14465,14462,1,-1
2022-09-16 15:00:23.095,14462,14464,14462,2,-2
2022-09-16 15:00:23.098,14462,14464,14461,1,-1
2022-09-16 15:00:23.099,14462,14464,14461,1,-1
2022-09-16 15:00:23.144,14462,14464,14461,1,-1
2022-09-16 15:00:23.406,14461,14463,14461,2,-2
2022-09-16 15:00:23.471,14461,14463,14463,4,4
2022-09-16 15:00:23.471,14461,14463,14464,1,1
2022-09-16 15:00:23.479,14461,14463,14464,1,1
2022-09-16 15:00:23.486,14461,14463,14464,1,1
2022-09-16 15:00:23.644,14462,14464,14464,1,1
2022-09-16 15:00:23.668,14462,14464,14463,1,1
2022-09-16 15:00:24.331,14464,14465,14465,2,2
2022-09-16 15:00:24.331,14464,14465,14465,1,1
2022-09-16 15:00:24.471,14465,14466,14466,2,2
2022-09-16 15:00:24.586,14465,14467,14465,1,-1
2022-09-16 15:00:24.699,14465,14467,14465,1,-1
2022-09-16 15:00:24.775,14465,14467,14465,1,-1
2022-09-16 15:00:24.809,14465,14467,14465,1,-1
2022-09-16 15:00:24.898,14465,14467,14465,1,-1
2022-09-16 15:00:25.126,14465,14467,14466,1,-1
2022-09-16 15:00:26.262,14465,14466,14465,1,-1
2022-09-16 15:00:26.404,14465,14466,14466,1,1
2022-09-16 15:00:26.404,14465,14466,14466,1,1
2022-09-16 15:00:26.517,14466,14468,14466,1,-1
2022-09-16 15:00:26.599,14466,14468,14468,1,1
2022-09-16 15:00:26.621,14466,14468,14468,1,1
2022-09-16 15:00:27.145,14467,14468,14468,1,1
2022-09-16 15:00:27.152,14467,14468,14467,1,-1
2022-09-16 15:00:27.319,14467,14469,14467,2,-2
2022-09-16 15:00:28.157,14468,14469,14468,1,-1
2022-09-16 15:00:28.158,14468,14469,14468,1,-1
2022-09-16 15:00:28.242,14467,14468,14467,1,-1
2022-09-16 15:00:28.551,14467,14468,14467,1,-1
2022-09-16 15:00:28.900,14467,14468,14468,1,1
2022-09-16 15:00:32.623,14468,14469,14468,2,-2
2022-09-16 15:00:32.874,14468,14469,14469,1,1
2022-09-16 15:00:32.874,14468,14469,14469,10,10
2022-09-16 15:00:32.875,14468,14469,14470,2,2
2022-09-16 15:00:32.992,14469,14471,14469,1,-1
2022-09-16 15:00:33.098,14469,14471,14469,2,-2
2022-09-16 15:00:33.556,14469,14471,14469,1,-1
2022-09-16 15:00:35.700,14469,14470,14470,3,3
2022-09-16 15:00:36.677,14470,14471,14471,1,1
2022-09-16 15:00:36.684,14470,14471,14471,1,1
2022-09-16 15:00:37.767,14471,14473,14471,1,-1
2022-09-16 15:00:39.702,14471,14473,14473,2,2
2022-09-16 15:00:40.204,14474,14475,14474,2,-2
2022-09-16 15:00:41.664,14473,14475,14473,1,-1
2022-09-16 15:00:42.219,14472,14474,14472,1,-1
2022-09-16 15:00:43.903,14473,14474,14473,1,-1
2022-09-16 15:00:46.928,14472,14474,14474,5,5
2022-09-16 15:00:47.576,14473,14474,14474,1,1
2022-09-16 15:00:47.743,14473,14474,14474,2,2
2022-09-16 15:00:47.984,14473,14474,14474,1,1
2022-09-16 15:00:48.884,14473,14474,14474,2,2
2022-09-16 15:00:49.145,14473,14475,14473,1,-1
2022-09-16 15:00:51.696,14473,14474,14474,1,1
2022-09-16 15:00:51.985,14473,14474,14474,1,1
2022-09-16 15:00:53.222,14474,14475,14474,1,-1
2022-09-16 15:00:54.422,14473,14475,14473,1,-1
2022-09-16 15:00:54.690,14473,14474,14474,1,1
2022-09-16 15:00:54.959,14473,14474,14474,2,2
2022-09-16 15:00:55.230,14473,14474,14474,1,1
2022-09-16 15:00:56.186,14473,14474,14474,1,1
2022-09-16 15:00:58.349,14473,14475,14475,14,14
2022-09-16 15:00:58.458,14474,14476,14474,1,-1
2022-09-16 15:00:58.622,14475,14476,14476,1,1
2022-09-16 15:00:58.865,14475,14477,14475,7,-7
2022-09-16 15:00:58.865,14475,14477,14474,13,-13
2022-09-16 15:00:58.865,14475,14477,14473,4,-4
2022-09-16 15:00:59.124,14474,14475,14475,1,1
2022-09-16 15:00:59.142,14474,14475,14475,1,1
2022-09-16 15:00:59.882,14474,14475,14474,1,-1
2022-09-16 15:01:00.049,14473,14475,14475,1,1
2022-09-16 15:01:00.061,14473,14475,14475,1,1
2022-09-16 15:01:00.075,14474,14476,14474,1,-1
2022-09-16 15:01:00.204,14474,14476,14474,1,-1
2022-09-16 15:01:00.590,14474,14476,14476,2,2
2022-09-16 15:01:00.858,14474,14476,14476,1,1
2022-09-16 15:01:01.890,14475,14476,14476,5,5
2022-09-16 15:01:01.890,14475,14476,14477,2,2
2022-09-16 15:01:02.196,14475,14477,14477,1,1
2022-09-16 15:01:02.464,14475,14478,14478,1,1
2022-09-16 15:01:02.743,14476,14478,14476,1,-1
2022-09-16 15:01:03.008,14475,14477,14477,1,1
2022-09-16 15:01:03.174,14476,14477,14477,1,1
2022-09-16 15:01:03.660,14476,14478,14478,1,1
2022-09-16 15:01:04.797,14476,14478,14476,1,-1
2022-09-16 15:01:07.609,14475,14476,14476,9,9
2022-09-16 15:01:08.417,14476,14478,14478,2,2
2022-09-16 15:01:08.446,14476,14478,14476,1,-1
2022-09-16 15:01:08.448,14476,14478,14476,1,-1
2022-09-16 15:01:08.450,14476,14478,14476,1,-1
2022-09-16 15:01:09.115,14475,14478,14476,1,-1
2022-09-16 15:01:09.384,14476,14477,14477,1,1
2022-09-16 15:01:10.276,14475,14477,14477,1,1
2022-09-16 15:01:14.981,14477,14478,14477,5,-5
2022-09-16 15:01:15.250,14476,14477,14477,1,1
2022-09-16 15:01:15.250,14476,14477,14477,1,1
2022-09-16 15:01:16.040,14476,14477,14476,1,-1
2022-09-16 15:01:16.040,14476,14477,14476,2,-2
2022-09-16 15:01:16.267,14475,14476,14475,4,-4
2022-09-16 15:01:16.823,14474,14476,14476,1,1
2022-09-16 15:01:17.158,14474,14476,14476,1,1
2022-09-16 15:01:22.030,14474,14475,14474,4,-4
2022-09-16 15:01:22.031,14474,14475,14473,3,-3
2022-09-16 15:01:22.072,14472,14474,14472,1,-1
2022-09-16 15:01:22.072,14472,14474,14472,1,-1
2022-09-16 15:01:22.631,14472,14473,14472,1,-1
2022-09-16 15:01:23.397,14471,14473,14471,1,-1
2022-09-16 15:01:23.397,14471,14473,14471,2,-2
2022-09-16 15:01:23.554,14470,14471,14471,1,1
2022-09-16 15:01:23.597,14470,14471,14471,1,1
2022-09-16 15:01:23.699,14470,14472,14472,1,1
2022-09-16 15:01:31.039,14471,14472,14472,2,2
2022-09-16 15:01:32.211,14471,14472,14472,1,1
2022-09-16 15:01:32.872,14471,14472,14471,1,-1
2022-09-16 15:01:33.223,14470,14472,14472,1,1
2022-09-16 15:01:33.456,14470,14472,14470,2,-2
2022-09-16 15:01:33.773,14470,14471,14471,1,1
2022-09-16 15:01:34.150,14470,14471,14470,1,-1
2022-09-16 15:01:35.861,14469,14470,14470,1,1
2022-09-16 15:01:36.513,14469,14471,14469,1,-1
2022-09-16 15:01:38.043,14470,14471,14470,1,-1
2022-09-16 15:01:38.552,14470,14471,14471,3,3
2022-09-16 15:01:39.512,14471,14473,14473,1,1
2022-09-16 15:01:39.513,14471,14473,14473,1,1
2022-09-16 15:01:40.323,14473,14474,14473,3,-3
2022-09-16 15:01:40.323,14473,14474,14472,13,-13
2022-09-16 15:01:40.323,14473,14474,14471,4,-4
2022-09-16 15:01:42.052,14473,14474,14473,1,-1
2022-09-16 15:01:42.063,14473,14474,14473,1,-1
2022-09-16 15:01:42.513,14473,14474,14473,2,-2
2022-09-16 15:01:44.035,14473,14474,14474,2,2
2022-09-16 15:01:45.517,14473,14474,14474,1,1
2022-09-16 15:01:46.140,14473,14474,14474,1,1
2022-09-16 15:01:46.526,14473,14475,14473,1,-1
2022-09-16 15:01:48.473,14474,14475,14474,1,-1
2022-09-16 15:01:48.510,14474,14475,14474,1,-1
2022-09-16 15:01:50.488,14474,14475,14475,1,1
2022-09-16 15:01:51.622,14474,14476,14474,1,-1
2022-09-16 15:01:51.996,14474,14476,14474,7,-7
2022-09-16 15:01:51.996,14474,14476,14473,3,-3
2022-09-16 15:01:51.998,14474,14476,14475,2,-2
2022-09-16 15:01:52.468,14475,14476,14475,1,-1
2022-09-16 15:01:53.209,14475,14476,14475,1,-1
2022-09-16 15:01:54.631,14474,14475,14475,1,1
2022-09-16 15:01:54.901,14474,14475,14475,1,1
2022-09-16 15:01:56.316,14474,14476,14475,1,1
2022-09-16 15:01:56.897,14475,14476,14476,6,6
2022-09-16 15:01:57.022,14475,14477,14477,1,1
2022-09-16 15:01:57.022,14475,14477,14477,2,2
2022-09-16 15:01:57.023,14475,14477,14477,3,3
2022-09-16 15:01:57.384,14476,14478,14476,1,-1
2022-09-16 15:01:58.865,14476,14478,14476,1,-1
2022-09-16 15:01:59.563,14475,14477,14475,4,-4
2022-09-16 15:02:03.425,14475,14476,14476,2,2
2022-09-16 15:02:04.132,14475,14476,14476,8,8
2022-09-16 15:02:05.549,14475,14477,14477,1,1
2022-09-16 15:02:05.669,14475,14477,14475,1,-1
2022-09-16 15:02:07.771,14475,14476,14475,1,-1
2022-09-16 15:02:09.510,14474,14475,14475,1,1
2022-09-16 15:02:10.985,14474,14476,14476,5,5
2022-09-16 15:02:15.651,14475,14476,14476,1,1
2022-09-16 15:02:15.928,14475,14476,14475,3,-3
2022-09-16 15:02:16.542,14474,14475,14475,2,2
2022-09-16 15:02:16.542,14474,14475,14475,1,1
2022-09-16 15:02:16.753,14475,14476,14476,1,1
2022-09-16 15:02:17.810,14475,14477,14475,1,-1
2022-09-16 15:02:19.055,14474,14477,14475,1,-1
2022-09-16 15:02:21.105,14474,14476,14476,1,1
2022-09-16 15:02:22.334,14475,14476,14476,1,1
2022-09-16 15:02:22.664,14475,14476,14475,2,-2
2022-09-16 15:02:24.119,14475,14476,14475,2,-2
2022-09-16 15:02:25.380,14474,14476,14476,1,1
2022-09-16 15:02:27.179,14474,14475,14474,2,-2
2022-09-16 15:02:30.917,14473,14475,14475,5,5
2022-09-16 15:02:30.955,14473,14475,14475,1,1
2022-09-16 15:02:33.651,14473,14475,14475,1,1
2022-09-16 15:02:34.425,14473,14475,14474,1,1
2022-09-16 15:02:34.925,14473,14474,14474,2,2
2022-09-16 15:02:34.926,14473,14474,14473,1,-1
2022-09-16 15:02:35.634,14472,14474,14473,1,-1
2022-09-16 15:02:35.654,14472,14474,14474,1,1
2022-09-16 15:02:35.682,14472,14474,14473,1,1
2022-09-16 15:02:38.217,14472,14473,14473,1,1
2022-09-16 15:02:41.319,14472,14473,14473,1,1
2022-09-16 15:02:46.030,14473,14475,14473,2,-2
2022-09-16 15:02:46.124,14473,14475,14473,3,-3
2022-09-16 15:02:46.124,14473,14475,14472,2,-2
2022-09-16 15:02:50.135,14472,14473,14473,1,1
2022-09-16 15:02:52.226,14472,14474,14472,2,-2
2022-09-16 15:02:52.492,14471,14473,14473,2,2
2022-09-16 15:02:53.182,14471,14473,14471,2,-2
2022-09-16 15:02:53.417,14470,14472,14472,1,1
2022-09-16 15:02:53.447,14470,14472,14472,1,1
2022-09-16 15:02:53.666,14470,14472,14472,1,1
2022-09-16 15:02:54.179,14470,14473,14472,3,3
2022-09-16 15:02:54.447,14470,14472,14472,1,1
2022-09-16 15:02:55.595,14471,14473,14471,2,-2
2022-09-16 15:02:56.805,14471,14473,14473,3,3
2022-09-16 15:02:57.053,14471,14473,14472,1,1
2022-09-16 15:02:57.074,14471,14473,14473,1,1
2022-09-16 15:02:58.516,14471,14474,14474,1,1
2022-09-16 15:02:59.602,14473,14475,14473,1,-1
2022-09-16 15:03:00.279,14472,14475,14472,5,-5
2022-09-16 15:03:00.560,14472,14474,14474,2,2
2022-09-16 15:03:01.281,14472,14474,14474,2,2
2022-09-16 15:03:02.357,14473,14475,14475,1,1
2022-09-16 15:03:03.959,14473,14474,14474,1,1
2022-09-16 15:03:04.251,14473,14474,14474,1,1
2022-09-16 15:03:08.353,14473,14474,14474,2,2
2022-09-16 15:03:08.353,14473,14474,14474,1,1
2022-09-16 15:03:08.600,14473,14474,14474,2,2
2022-09-16 15:03:09.867,14473,14474,14473,1,-1
2022-09-16 15:03:09.882,14473,14474,14473,1,-1
2022-09-16 15:03:10.002,14472,14474,14474,1,1
2022-09-16 15:03:11.437,14472,14473,14473,1,1
2022-09-16 15:03:13.274,14472,14473,14472,1,-1
2022-09-16 15:03:14.188,14471,14473,14473,1,1
2022-09-16 15:03:14.258,14471,14473,14471,3,-3
2022-09-16 15:03:15.430,14471,14473,14473,1,1
2022-09-16 15:03:18.717,14471,14472,14471,3,-3
2022-09-16 15:03:21.623,14470,14472,14470,1,-1
2022-09-16 15:03:24.540,14471,14472,14471,1,-1
2022-09-16 15:03:25.547,14471,14472,14472,2,2
2022-09-16 15:03:29.199,14471,14472,14472,1,1
2022-09-16 15:03:29.571,14471,14472,14471,3,-3
2022-09-16 15:03:30.977,14470,14471,14471,1,1
2022-09-16 15:03:34.217,14470,14472,14470,1,-1
2022-09-16 15:03:35.682,14470,14471,14470,3,-3
2022-09-16 15:03:35.683,14470,14471,14470,9,-9
2022-09-16 15:03:35.684,14470,14471,14470,1,-1
2022-09-16 15:03:35.684,14470,14471,14470,3,-3
2022-09-16 15:03:37.775,14470,14471,14471,1,1
2022-09-16 15:03:38.059,14471,14472,14472,1,1
2022-09-16 15:03:38.060,14471,14472,14472,1,1
2022-09-16 15:03:43.401,14471,14472,14471,1,-1
2022-09-16 15:03:54.489,14472,14474,14474,3,3
2022-09-16 15:03:56.285,14473,14475,14472,3,-3
2022-09-16 15:03:58.284,14472,14474,14472,1,-1
2022-09-16 15:03:58.888,14472,14474,14472,1,-1
2022-09-16 15:03:59.646,14472,14473,14472,1,-1
2022-09-16 15:03:59.887,14472,14473,14472,1,-1
2022-09-16 15:04:02.148,14472,14473,14472,1,-1
2022-09-16 15:04:03.121,14471,14472,14471,2,-2
2022-09-16 15:04:04.794,14471,14472,14471,1,-1
2022-09-16 15:04:06.450,14471,14472,14471,1,-1
2022-09-16 15:04:08.274,14471,14472,14472,1,1
2022-09-16 15:04:09.163,14472,14473,14473,1,1
2022-09-16 15:04:09.378,14472,14474,14474,1,1
2022-09-16 15:04:09.379,14472,14474,14474,14,14
2022-09-16 15:04:10.258,14474,14475,14474,1,-1
2022-09-16 15:04:10.722,14474,14475,14475,1,1
2022-09-16 15:04:10.722,14474,14475,14475,3,3
2022-09-16 15:04:10.722,14474,14475,14475,11,11
2022-09-16 15:04:10.723,14474,14475,14475,8,8
2022-09-16 15:04:10.724,14474,14475,14476,11,11
2022-09-16 15:04:10.855,14476,14477,14476,1,-1
2022-09-16 15:04:11.033,14476,14477,14476,1,-1
2022-09-16 15:04:11.481,14476,14477,14477,9,9
2022-09-16 15:04:11.486,14476,14477,14478,2,2
2022-09-16 15:04:11.486,14476,14477,14478,2,2
2022-09-16 15:04:11.633,14477,14479,14479,1,1
2022-09-16 15:04:12.100,14477,14479,14477,3,-3
2022-09-16 15:04:12.387,14477,14479,14479,1,1
2022-09-16 15:04:14.673,14476,14477,14476,1,-1
2022-09-16 15:04:15.693,14474,14476,14476,1,1
2022-09-16 15:04:17.353,14474,14476,14474,1,-1
2022-09-16 15:04:20.121,14474,14476,14475,2,-2
2022-09-16 15:04:20.121,14474,14476,14474,1,-1
2022-09-16 15:04:20.813,14474,14476,14474,1,-1
2022-09-16 15:04:29.155,14472,14474,14474,1,1
2022-09-16 15:04:32.586,14472,14474,14474,1,1
2022-09-16 15:04:33.930,14472,14474,14472,1,-1
2022-09-16 15:04:36.869,14472,14474,14474,1,1
2022-09-16 15:04:40.649,14472,14473,14472,6,-6
2022-09-16 15:04:41.048,14471,14473,14471,3,-3
2022-09-16 15:04:41.240,14471,14472,14472,1,1
2022-09-16 15:04:51.274,14472,14473,14473,1,1
2022-09-16 15:04:51.274,14472,14473,14473,2,2
2022-09-16 15:04:55.499,14472,14473,14473,1,1
2022-09-16 15:04:56.921,14472,14475,14472,1,-1
2022-09-16 15:04:59.275,14472,14475,14472,3,-3
2022-09-16 15:04:59.543,14472,14474,14474,2,2
2022-09-16 15:05:00.427,14472,14474,14474,1,1
2022-09-16 15:05:00.427,14472,14474,14474,2,2
2022-09-16 15:05:02.226,14473,14475,14473,3,-3
2022-09-16 15:05:02.837,14472,14474,14474,3,3
2022-09-16 15:05:02.988,14472,14474,14474,1,1
2022-09-16 15:05:03.661,14473,14475,14475,1,1
2022-09-16 15:05:06.236,14475,14477,14475,2,-2
2022-09-16 15:05:06.281,14475,14477,14475,1,-1
2022-09-16 15:05:06.286,14475,14477,14475,2,-2
2022-09-16 15:05:06.292,14475,14477,14475,1,-1
2022-09-16 15:05:06.550,14474,14475,14475,2,2
2022-09-16 15:05:06.574,14474,14475,14475,10,10
2022-09-16 15:05:10.140,14474,14475,14475,2,2
2022-09-16 15:05:12.853,14475,14476,14475,1,-1
2022-09-16 15:05:13.039,14474,14475,14474,3,-3
2022-09-16 15:05:13.040,14474,14475,14473,7,-7
2022-09-16 15:05:13.248,14472,14474,14474,1,1
2022-09-16 15:05:13.614,14472,14474,14474,1,1
2022-09-16 15:05:16.602,14473,14474,14473,1,-1
2022-09-16 15:05:24.012,14472,14474,14474,3,3
2022-09-16 15:05:26.128,14473,14475,14473,1,-1
2022-09-16 15:05:33.378,14473,14474,14474,1,1
2022-09-16 15:05:36.976,14473,14474,14474,1,1
2022-09-16 15:05:37.389,14473,14475,14475,2,2
2022-09-16 15:05:37.390,14473,14475,14475,3,3
2022-09-16 15:05:37.756,14475,14477,14475,1,-1
2022-09-16 15:05:39.898,14476,14477,14476,1,-1
2022-09-16 15:05:40.031,14475,14477,14476,1,-1
2022-09-16 15:05:47.894,14474,14475,14475,1,1
2022-09-16 15:05:48.712,14474,14475,14475,1,1
2022-09-16 15:05:50.248,14474,14475,14474,3,-3
2022-09-16 15:05:50.248,14474,14475,14474,1,-1
2022-09-16 15:05:51.327,14473,14474,14473,1,-1
2022-09-16 15:05:58.122,14473,14475,14475,5,5
2022-09-16 15:06:00.074,14474,14475,14474,1,-1
2022-09-16 15:06:00.074,14474,14475,14474,1,-1
2022-09-16 15:06:00.584,14472,14474,14474,4,4
2022-09-16 15:06:00.596,14472,14474,14474,1,1
2022-09-16 15:06:00.596,14472,14474,14475,2,2
2022-09-16 15:06:05.963,14473,14475,14475,1,1
2022-09-16 15:06:13.392,14473,14475,14475,6,6
2022-09-16 15:06:13.392,14473,14475,14475,1,1
2022-09-16 15:06:13.762,14474,14476,14475,1,1
2022-09-16 15:06:13.762,14474,14476,14475,1,1
2022-09-16 15:06:14.137,14474,14476,14475,2,2
2022-09-16 15:06:14.138,14474,14476,14476,1,1
2022-09-16 15:06:14.728,14474,14476,14475,2,2
2022-09-16 15:06:17.050,14474,14475,14475,5,5
2022-09-16 15:06:17.318,14474,14476,14475,2,2
2022-09-16 15:06:20.208,14475,14476,14475,1,-1
2022-09-16 15:06:22.620,14474,14475,14475,5,5
2022-09-16 15:06:22.717,14475,14476,14475,3,-3
2022-09-16 15:06:26.110,14474,14475,14475,4,4
2022-09-16 15:06:26.110,14474,14475,14475,1,1
2022-09-16 15:06:27.823,14475,14476,14476,6,6
2022-09-16 15:06:27.824,14475,14476,14476,4,4
2022-09-16 15:06:31.778,14475,14477,14475,1,-1
2022-09-16 15:06:50.118,14474,14475,14475,2,2
2022-09-16 15:06:55.012,14474,14475,14475,1,1
2022-09-16 15:06:56.335,14474,14476,14476,3,3
2022-09-16 15:06:59.085,14474,14475,14474,4,-4
2022-09-16 15:07:05.227,14473,14474,14474,1,1
2022-09-16 15:07:05.227,14473,14474,14473,14,-14
2022-09-16 15:07:07.719,14472,14474,14474,2,2
2022-09-16 15:07:15.394,14473,14474,14474,1,1
2022-09-16 15:07:19.430,14474,14475,14475,3,3
2022-09-16 15:07:19.430,14474,14475,14475,1,1
2022-09-16 15:07:19.771,14474,14476,14476,5,5
2022-09-16 15:07:19.859,14475,14477,14475,5,-5
2022-09-16 15:07:30.272,14475,14476,14476,9,9
2022-09-16 15:07:32.888,14475,14477,14477,1,1
2022-09-16 15:07:37.831,14475,14476,14476,1,1
2022-09-16 15:07:37.831,14475,14476,14476,1,1
2022-09-16 15:07:40.200,14475,14476,14475,3,-3
2022-09-16 15:07:41.545,14475,14476,14476,3,3
2022-09-16 15:07:48.280,14475,14476,14476,1,1
2022-09-16 15:07:50.515,14476,14477,14476,1,-1
2022-09-16 15:07:51.490,14475,14476,14475,1,-1
2022-09-16 15:07:51.491,14475,14476,14475,4,-4
2022-09-16 15:07:54.722,14474,14475,14474,1,-1
2022-09-16 15:07:54.723,14474,14475,14474,1,-1
2022-09-16 15:08:00.213,14473,14474,14473,1,-1
2022-09-16 15:08:00.366,14473,14474,14473,1,-1
2022-09-16 15:08:00.366,14473,14474,14473,6,-6
2022-09-16 15:08:11.023,14474,14475,14474,1,-1
2022-09-16 15:08:12.485,14474,14475,14474,1,-1
2022-09-16 15:08:30.147,14473,14475,14473,1,-1
2022-09-16 15:08:41.721,14473,14475,14473,1,-1
2022-09-16 15:08:42.811,14473,14475,14475,2,2
2022-09-16 15:08:42.812,14473,14475,14475,6,6
2022-09-16 15:08:42.812,14473,14475,14475,1,1
2022-09-16 15:08:42.812,14473,14475,14475,5,5
2022-09-16 15:08:47.183,14475,14476,14476,1,1
2022-09-16 15:08:47.184,14475,14476,14476,5,5
2022-09-16 15:08:47.864,14476,14477,14477,2,2
2022-09-16 15:08:54.107,14476,14477,14476,5,-5
2022-09-16 15:08:54.459,14476,14477,14477,6,6
2022-09-16 15:08:55.354,14476,14477,14476,1,-1
2022-09-16 15:08:57.055,14476,14477,14477,1,1
2022-09-16 15:08:57.055,14476,14477,14477,3,3
2022-09-16 15:08:57.055,14476,14477,14477,1,1
2022-09-16 15:08:57.055,14476,14477,14477,3,3
2022-09-16 15:08:57.056,14476,14477,14477,10,10
2022-09-16 15:08:57.749,14477,14478,14477,1,-1
2022-09-16 15:09:02.993,14477,14478,14478,1,1
2022-09-16 15:09:03.244,14477,14478,14477,1,-1
2022-09-16 15:09:08.945,14476,14477,14476,1,-1
2022-09-16 15:09:08.945,14476,14477,14476,1,-1
2022-09-16 15:09:08.945,14476,14477,14476,2,-2
2022-09-16 15:09:08.946,14476,14477,14476,2,-2
2022-09-16 15:09:08.946,14476,14477,14476,1,-1
2022-09-16 15:09:08.946,14476,14477,14476,3,-3
2022-09-16 15:09:18.698,14475,14476,14476,1,1
2022-09-16 15:09:20.208,14475,14476,14475,3,-3
2022-09-16 15:09:20.227,14475,14476,14476,3,3
2022-09-16 15:09:20.227,14475,14476,14476,1,1
2022-09-16 15:09:25.772,14476,14477,14477,1,1
2022-09-16 15:09:25.773,14476,14477,14477,4,4
2022-09-16 15:09:25.957,14477,14478,14478,6,6
2022-09-16 15:09:25.958,14477,14478,14478,4,4
2022-09-16 15:09:25.958,14477,14478,14478,6,6
2022-09-16 15:09:26.800,14478,14479,14479,1,1
2022-09-16 15:09:26.858,14478,14479,14478,1,-1
2022-09-16 15:09:27.795,14478,14479,14478,2,-2
2022-09-16 15:09:30.135,14477,14478,14478,1,1
2022-09-16 15:09:30.574,14477,14478,14478,1,1
2022-09-16 15:09:33.760,14477,14478,14478,1,1
2022-09-16 15:09:34.560,14477,14478,14477,1,-1
2022-09-16 15:09:34.827,14476,14478,14478,1,1
2022-09-16 15:09:41.271,14477,14478,14478,1,1
2022-09-16 15:09:43.273,14478,14479,14478,5,-5
2022-09-16 15:09:46.718,14478,14479,14478,1,-1
2022-09-16 15:09:52.627,14477,14478,14477,1,-1
2022-09-16 15:09:54.039,14475,14477,14477,1,1
2022-09-16 15:09:57.276,14476,14477,14477,1,1
2022-09-16 15:09:58.867,14476,14478,14476,1,-1
2022-09-16 15:10:01.232,14477,14478,14477,1,-1
2022-09-16 15:10:14.599,14476,14477,14477,1,1
2022-09-16 15:10:15.792,14477,14478,14477,1,-1
2022-09-16 15:10:18.863,14477,14478,14477,1,-1
2022-09-16 15:10:25.691,14476,14477,14477,1,1
2022-09-16 15:10:40.550,14476,14477,14476,2,-2
2022-09-16 15:10:40.550,14476,14477,14476,1,-1
2022-09-16 15:10:40.550,14476,14477,14476,1,-1
2022-09-16 15:10:40.550,14476,14477,14476,1,-1
2022-09-16 15:10:41.673,14475,14476,14475,1,-1
2022-09-16 15:10:41.673,14475,14476,14475,3,-3
2022-09-16 15:10:58.243,14475,14476,14476,1,1
2022-09-16 15:10:58.375,14475,14476,14476,2,2
2022-09-16 15:10:58.376,14475,14476,14476,3,3
2022-09-16 15:11:00.097,14476,14477,14477,1,1
2022-09-16 15:11:03.926,14477,14478,14478,3,3
2022-09-16 15:11:03.927,14477,14478,14478,2,2
2022-09-16 15:11:04.890,14478,14479,14479,1,1
2022-09-16 15:11:04.890,14478,14479,14479,1,1
2022-09-16 15:11:04.890,14478,14479,14479,12,12
2022-09-16 15:11:04.891,14478,14479,14479,1,1
2022-09-16 15:11:04.891,14478,14479,14479,1,1
2022-09-16 15:11:06.582,14479,14480,14480,1,1
2022-09-16 15:11:14.526,14479,14480,14480,16,16
2022-09-16 15:11:14.628,14480,14481,14481,1,1
2022-09-16 15:11:14.666,14480,14481,14481,7,7
2022-09-16 15:11:14.782,14481,14482,14482,1,1
2022-09-16 15:11:14.820,14481,14482,14482,1,1
2022-09-16 15:11:14.820,14481,14482,14482,2,2
2022-09-16 15:11:17.154,14481,14483,14483,2,2
2022-09-16 15:11:17.231,14481,14483,14483,1,1
2022-09-16 15:11:17.493,14481,14483,14483,2,2
2022-09-16 15:11:18.827,14481,14482,14482,1,1
2022-09-16 15:11:19.734,14482,14483,14482,1,-1
2022-09-16 15:11:19.734,14482,14483,14482,2,-2
2022-09-16 15:11:19.734,14482,14483,14482,1,-1
2022-09-16 15:11:19.734,14482,14483,14482,6,-6
2022-09-16 15:11:19.926,14481,14482,14481,1,-1
2022-09-16 15:11:20.004,14481,14482,14482,3,3
2022-09-16 15:11:20.004,14481,14482,14483,2,2
2022-09-16 15:11:20.792,14481,14483,14483,2,2
2022-09-16 15:11:22.181,14481,14482,14482,1,1
2022-09-16 15:11:23.116,14481,14483,14483,9,9
2022-09-16 15:11:23.117,14481,14483,14483,1,1
2022-09-16 15:11:26.331,14481,14483,14481,1,-1
2022-09-16 15:11:28.685,14482,14483,14483,6,6
2022-09-16 15:11:28.960,14482,14483,14483,1,1
2022-09-16 15:11:32.073,14483,14484,14484,2,2
2022-09-16 15:11:32.073,14483,14484,14484,1,1
2022-09-16 15:11:32.073,14483,14484,14484,5,5
2022-09-16 15:11:32.074,14483,14484,14484,43,43
2022-09-16 15:11:32.074,14483,14484,14484,6,6
2022-09-16 15:11:32.076,14483,14484,14485,1,1
2022-09-16 15:11:32.076,14483,14484,14485,1,1
2022-09-16 15:11:32.076,14483,14484,14485,1,1
2022-09-16 15:11:32.843,14485,14486,14486,2,2
2022-09-16 15:11:32.969,14485,14486,14486,2,2
2022-09-16 15:11:35.321,14485,14486,14486,1,1
2022-09-16 15:11:35.784,14485,14486,14485,1,-1
2022-09-16 15:11:37.104,14485,14486,14486,5,5
2022-09-16 15:11:37.119,14485,14486,14486,1,1
2022-09-16 15:11:38.191,14485,14486,14485,1,-1
2022-09-16 15:11:38.773,14485,14486,14486,1,1
2022-09-16 15:11:42.728,14485,14486,14485,1,-1
2022-09-16 15:11:44.595,14483,14485,14485,1,1
2022-09-16 15:11:47.652,14484,14485,14485,1,1
2022-09-16 15:11:47.652,14484,14485,14485,1,1
2022-09-16 15:11:50.067,14484,14485,14485,1,1
2022-09-16 15:11:50.996,14483,14485,14485,2,2
2022-09-16 15:11:58.690,14485,14486,14486,5,5
2022-09-16 15:12:00.403,14485,14486,14486,1,1
2022-09-16 15:12:00.448,14485,14486,14486,1,1
2022-09-16 15:12:00.448,14485,14486,14486,1,1
2022-09-16 15:12:00.449,14485,14486,14486,1,1
2022-09-16 15:12:01.186,14485,14486,14485,3,-3
2022-09-16 15:12:01.374,14485,14486,14485,1,-1
2022-09-16 15:12:01.382,14485,14486,14485,1,-1
2022-09-16 15:12:04.122,14485,14486,14485,1,-1
2022-09-16 15:12:04.938,14485,14486,14485,2,-2
2022-09-16 15:12:06.882,14485,14486,14485,1,-1
2022-09-16 15:12:06.927,14485,14486,14485,1,-1
2022-09-16 15:12:07.342,14485,14486,14486,5,5
2022-09-16 15:12:08.438,14485,14486,14485,1,-1
2022-09-16 15:12:09.751,14484,14485,14484,1,-1
2022-09-16 15:12:09.751,14484,14485,14484,1,-1
2022-09-16 15:12:09.751,14484,14485,14484,4,-4
2022-09-16 15:12:13.755,14482,14483,14483,1,1
2022-09-16 15:12:15.854,14482,14483,14483,3,3
2022-09-16 15:12:18.731,14482,14483,14482,1,-1
2022-09-16 15:12:20.565,14482,14483,14482,2,-2
2022-09-16 15:12:20.854,14480,14482,14482,1,1
2022-09-16 15:12:23.902,14482,14484,14482,1,-1
2022-09-16 15:12:29.238,14484,14485,14485,3,3
2022-09-16 15:12:29.437,14484,14486,14486,1,1
2022-09-16 15:12:34.629,14484,14485,14485,1,1
2022-09-16 15:12:44.251,14482,14483,14483,1,1
2022-09-16 15:12:44.251,14482,14483,14484,1,1
2022-09-16 15:12:52.495,14484,14485,14485,2,2
2022-09-16 15:12:52.571,14485,14486,14486,1,1
2022-09-16 15:12:52.761,14485,14486,14486,1,1
2022-09-16 15:12:54.975,14485,14486,14485,1,-1
2022-09-16 15:12:54.975,14485,14486,14484,1,-1
2022-09-16 15:13:00.213,14484,14486,14486,1,1
2022-09-16 15:13:02.844,14484,14485,14484,1,-1
2022-09-16 15:13:05.388,14483,14485,14483,2,-2
2022-09-16 15:13:05.623,14483,14484,14484,1,1
2022-09-16 15:13:07.323,14483,14484,14483,4,-4
2022-09-16 15:13:07.323,14483,14484,14483,2,-2
2022-09-16 15:13:07.323,14483,14484,14483,1,-1
2022-09-16 15:13:07.323,14483,14484,14483,1,-1
2022-09-16 15:13:10.209,14482,14483,14482,1,-1
2022-09-16 15:13:18.861,14483,14484,14483,1,-1
2022-09-16 15:13:24.318,14483,14484,14483,1,-1
2022-09-16 15:13:31.483,14482,14483,14483,1,1
2022-09-16 15:13:33.872,14483,14484,14483,1,-1
2022-09-16 15:13:38.779,14482,14484,14482,1,-1
2022-09-16 15:13:38.779,14482,14484,14482,1,-1
2022-09-16 15:13:38.779,14482,14484,14482,4,-4
2022-09-16 15:13:40.505,14481,14482,14482,1,1
2022-09-16 15:13:40.738,14481,14482,14482,1,1
2022-09-16 15:13:43.998,14481,14482,14481,1,-1
2022-09-16 15:14:04.375,14481,14482,14482,2,2
2022-09-16 15:14:13.101,14481,14482,14482,1,1
2022-09-16 15:14:14.862,14481,14482,14481,3,-3
2022-09-16 15:14:15.169,14480,14482,14481,3,-3
2022-09-16 15:14:16.027,14480,14482,14482,2,2
2022-09-16 15:14:20.546,14481,14482,14482,2,2
2022-09-16 15:14:22.931,14484,14485,14485,1,1
2022-09-16 15:14:22.931,14484,14485,14485,1,1
2022-09-16 15:14:22.931,14484,14485,14485,1,1
2022-09-16 15:14:26.259,14484,14485,14484,1,-1
2022-09-16 15:14:26.706,14484,14485,14485,1,1
2022-09-16 15:14:27.882,14484,14485,14485,2,2
2022-09-16 15:14:28.116,14484,14485,14484,1,-1
2022-09-16 15:14:33.524,14484,14485,14484,1,-1
2022-09-16 15:14:34.423,14484,14485,14484,1,-1
2022-09-16 15:14:36.067,14484,14485,14484,1,-1
2022-09-16 15:14:36.694,14484,14485,14484,2,-2
2022-09-16 15:14:37.797,14484,14485,14485,14,14
2022-09-16 15:14:37.797,14484,14485,14485,1,1
2022-09-16 15:14:37.798,14484,14485,14485,2,2
2022-09-16 15:14:37.798,14484,14485,14485,2,2
2022-09-16 15:14:37.798,14484,14485,14485,1,1
2022-09-16 15:14:37.798,14484,14485,14485,3,3
2022-09-16 15:14:37.798,14484,14485,14485,2,2
2022-09-16 15:14:37.798,14484,14485,14485,3,3
2022-09-16 15:14:38.966,14485,14486,14486,2,2
2022-09-16 15:14:38.966,14485,14486,14486,3,3
2022-09-16 15:14:38.966,14485,14486,14486,2,2
2022-09-16 15:14:38.967,14485,14486,14486,4,4
2022-09-16 15:14:38.999,14485,14486,14485,1,-1
2022-09-16 15:14:43.323,14486,14487,14486,1,-1
2022-09-16 15:14:44.821,14486,14487,14486,1,-1
2022-09-16 15:14:45.217,14486,14487,14486,1,-1
2022-09-16 15:14:45.298,14486,14487,14485,1,-1
2022-09-16 15:14:45.302,14486,14487,14485,1,-1
2022-09-16 15:14:45.523,14485,14486,14485,1,-1
2022-09-16 15:14:48.231,14486,14487,14486,2,-2
2022-09-16 15:14:48.413,14484,14486,14484,1,-1
2022-09-16 15:14:50.899,14485,14486,14486,1,1
2022-09-16 15:14:58.579,14485,14486,14486,1,1
2022-09-16 15:15:00.361,14486,14487,14486,3,-3
2022-09-16 15:15:00.456,14485,14486,14486,1,1
2022-09-16 15:15:00.457,14485,14486,14486,1,1
2022-09-16 15:15:00.457,14485,14486,14487,1,1
2022-09-16 15:15:00.457,14485,14486,14487,1,1
2022-09-16 15:15:00.457,14485,14486,14487,1,1
2022-09-16 15:15:00.457,14485,14486,14487,1,1
2022-09-16 15:15:01.521,14485,14486,14485,1,-1
2022-09-16 15:15:01.571,14485,14486,14486,1,1
2022-09-16 15:15:01.575,14485,14486,14486,1,1
2022-09-16 15:15:03.017,14485,14486,14486,2,2
2022-09-16 15:15:03.275,14485,14486,14485,1,-1
2022-09-16 15:15:05.127,14485,14486,14485,1,-1
2022-09-16 15:15:05.127,14485,14486,14485,1,-1
2022-09-16 15:15:08.260,14485,14486,14485,1,-1
2022-09-16 15:15:15.315,14484,14485,14485,2,2
2022-09-16 15:15:15.315,14484,14485,14485,6,6
2022-09-16 15:15:15.315,14484,14485,14485,2,2
2022-09-16 15:15:15.321,14485,14486,14486,1,1
2022-09-16 15:15:15.857,14485,14486,14486,2,2
2022-09-16 15:15:20.545,14486,14487,14487,2,2
2022-09-16 15:15:20.545,14486,14487,14487,1,1
2022-09-16 15:15:20.649,14486,14487,14487,1,1
2022-09-16 15:15:21.266,14486,14487,14487,1,1
2022-09-16 15:15:21.266,14486,14487,14487,1,1
2022-09-16 15:15:21.266,14486,14487,14487,1,1
2022-09-16 15:15:21.672,14486,14487,14487,1,1
2022-09-16 15:15:21.681,14486,14487,14487,1,1
2022-09-16 15:15:21.682,14486,14487,14487,1,1
2022-09-16 15:15:21.682,14486,14487,14487,1,1
2022-09-16 15:15:21.812,14487,14488,14487,1,-1
2022-09-16 15:15:24.066,14487,14488,14488,3,3
2022-09-16 15:15:24.066,14487,14488,14488,2,2
2022-09-16 15:15:24.066,14487,14488,14488,5,5
2022-09-16 15:15:24.066,14487,14488,14488,1,1
2022-09-16 15:15:24.066,14487,14488,14488,1,1
2022-09-16 15:15:24.067,14487,14488,14488,2,2
2022-09-16 15:15:24.067,14487,14488,14488,2,2
2022-09-16 15:15:24.171,14488,14489,14488,1,-1
2022-09-16 15:15:25.468,14488,14489,14488,1,-1
2022-09-16 15:15:25.717,14488,14489,14489,2,2
2022-09-16 15:15:25.887,14488,14489,14489,5,5
2022-09-16 15:15:26.147,14488,14489,14489,1,1
2022-09-16 15:15:27.985,14488,14489,14489,5,5
2022-09-16 15:15:28.072,14488,14489,14489,1,1
2022-09-16 15:15:34.781,14488,14489,14489,1,1
2022-09-16 15:15:34.782,14488,14489,14489,6,6
2022-09-16 15:15:34.782,14488,14489,14489,1,1
2022-09-16 15:15:34.782,14488,14489,14489,1,1
2022-09-16 15:15:35.160,14488,14490,14488,1,-1
2022-09-16 15:15:40.692,14487,14488,14487,2,-2
2022-09-16 15:15:46.516,14485,14487,14487,1,1
2022-09-16 15:15:50.918,14487,14488,14487,1,-1
2022-09-16 15:15:52.265,14485,14487,14487,3,3
2022-09-16 15:16:00.226,14485,14487,14487,2,2
2022-09-16 15:16:00.325,14485,14487,14487,1,1
2022-09-16 15:16:01.862,14487,14488,14487,1,-1
2022-09-16 15:16:03.253,14486,14488,14488,1,1
2022-09-16 15:16:03.283,14486,14488,14488,2,2
2022-09-16 15:16:09.668,14488,14489,14488,1,-1
2022-09-16 15:16:13.927,14487,14488,14488,1,1
2022-09-16 15:16:14.105,14487,14488,14488,3,3
2022-09-16 15:16:15.114,14487,14488,14488,1,1
2022-09-16 15:16:15.612,14487,14489,14487,1,-1
2022-09-16 15:16:16.240,14487,14488,14488,1,1
2022-09-16 15:16:20.438,14488,14489,14488,1,-1
2022-09-16 15:16:21.735,14487,14489,14487,3,-3
2022-09-16 15:16:26.174,14487,14488,14488,3,3
2022-09-16 15:16:31.118,14487,14488,14488,1,1
2022-09-16 15:16:33.772,14487,14488,14488,1,1
2022-09-16 15:16:39.667,14487,14488,14488,6,6
2022-09-16 15:16:47.004,14487,14488,14488,1,1
2022-09-16 15:16:47.398,14487,14488,14488,1,1
2022-09-16 15:16:47.942,14487,14488,14487,1,-1
2022-09-16 15:16:59.392,14486,14487,14487,3,3
2022-09-16 15:17:04.201,14486,14487,14486,1,-1
2022-09-16 15:17:04.201,14486,14487,14486,2,-2
2022-09-16 15:17:08.882,14485,14486,14485,1,-1
2022-09-16 15:17:08.882,14485,14486,14485,10,-10
2022-09-16 15:17:08.882,14485,14486,14485,1,-1
2022-09-16 15:17:08.882,14485,14486,14485,1,-1
2022-09-16 15:17:08.883,14485,14486,14485,1,-1
2022-09-16 15:17:14.230,14485,14486,14486,1,1
2022-09-16 15:17:17.420,14485,14487,14485,1,-1
2022-09-16 15:17:23.161,14486,14487,14487,3,3
2022-09-16 15:17:29.453,14486,14487,14486,1,-1
2022-09-16 15:17:29.629,14486,14487,14487,1,1
2022-09-16 15:17:30.229,14486,14487,14486,1,-1
2022-09-16 15:17:32.852,14485,14486,14486,2,2
2022-09-16 15:17:32.852,14485,14486,14486,1,1
2022-09-16 15:17:41.224,14486,14487,14486,1,-1
2022-09-16 15:17:46.171,14485,14486,14485,1,-1
2022-09-16 15:17:48.541,14485,14486,14485,2,-2
2022-09-16 15:17:48.542,14485,14486,14485,1,-1
2022-09-16 15:17:48.569,14484,14485,14484,2,-2
2022-09-16 15:17:48.691,14484,14485,14483,1,-1
2022-09-16 15:17:48.699,14483,14484,14483,1,-1
2022-09-16 15:17:48.736,14483,14484,14482,1,-1
2022-09-16 15:17:48.904,14482,14484,14482,1,-1
2022-09-16 15:17:48.938,14482,14484,14482,1,-1
2022-09-16 15:17:49.188,14482,14483,14482,1,-1
2022-09-16 15:17:49.410,14482,14483,14482,1,-1
2022-09-16 15:17:56.715,14482,14483,14483,1,1
2022-09-16 15:17:56.978,14482,14483,14482,1,-1
2022-09-16 15:17:59.382,14482,14483,14483,1,1
2022-09-16 15:18:02.772,14482,14483,14483,1,1
2022-09-16 15:18:13.540,14484,14485,14484,1,-1
2022-09-16 15:18:17.272,14483,14484,14483,1,-1
2022-09-16 15:18:17.280,14483,14484,14483,1,-1
2022-09-16 15:18:19.767,14483,14484,14484,1,1
2022-09-16 15:18:27.974,14484,14485,14484,1,-1
2022-09-16 15:18:38.879,14484,14485,14484,2,-2
2022-09-16 15:18:38.885,14484,14485,14483,1,-1
2022-09-16 15:18:38.922,14484,14485,14483,1,-1
2022-09-16 15:18:38.947,14482,14483,14483,1,1
2022-09-16 15:18:39.071,14482,14484,14482,1,-1
2022-09-16 15:18:39.196,14482,14484,14484,1,1
2022-09-16 15:18:39.200,14482,14484,14484,1,1
2022-09-16 15:18:41.353,14482,14483,14482,3,-3
2022-09-16 15:18:51.359,14483,14484,14483,1,-1
2022-09-16 15:18:51.628,14483,14484,14483,4,-4
2022-09-16 15:18:53.363,14482,14483,14482,7,-7
2022-09-16 15:18:53.363,14482,14483,14482,1,-1
2022-09-16 15:18:53.363,14482,14483,14482,5,-5
2022-09-16 15:18:53.363,14482,14483,14482,1,-1
2022-09-16 15:18:53.363,14482,14483,14482,1,-1
2022-09-16 15:18:53.363,14482,14483,14482,1,-1
2022-09-16 15:18:53.364,14482,14483,14482,3,-3
2022-09-16 15:18:54.588,14481,14482,14482,1,1
2022-09-16 15:19:12.040,14481,14482,14481,1,-1
2022-09-16 15:19:12.073,14481,14482,14482,1,1
2022-09-16 15:19:12.073,14481,14482,14482,1,1
2022-09-16 15:19:12.074,14481,14482,14482,1,1
2022-09-16 15:19:17.156,14481,14482,14481,3,-3
2022-09-16 15:19:17.197,14480,14481,14481,1,1
2022-09-16 15:19:19.141,14480,14481,14480,2,-2
2022-09-16 15:19:19.142,14480,14481,14480,12,-12
2022-09-16 15:19:19.885,14479,14480,14479,1,-1
2022-09-16 15:19:20.119,14479,14480,14479,1,-1
2022-09-16 15:19:20.446,14479,14480,14479,1,-1
2022-09-16 15:19:21.522,14478,14479,14478,1,-1
2022-09-16 15:19:26.284,14478,14479,14478,2,-2
2022-09-16 15:19:26.286,14478,14479,14478,2,-2
2022-09-16 15:19:27.393,14477,14479,14478,1,-1
2022-09-16 15:19:29.701,14478,14479,14479,1,1
2022-09-16 15:19:31.169,14478,14480,14478,1,-1
2022-09-16 15:19:31.976,14478,14480,14478,5,-5
2022-09-16 15:19:32.388,14478,14480,14478,1,-1
2022-09-16 15:19:37.935,14478,14479,14478,2,-2
2022-09-16 15:19:39.349,14478,14479,14478,1,-1
2022-09-16 15:19:43.258,14477,14478,14478,2,2
2022-09-16 15:19:44.641,14477,14478,14478,1,1
2022-09-16 15:19:55.713,14478,14479,14478,1,-1
2022-09-16 15:20:00.216,14478,14479,14478,1,-1
2022-09-16 15:20:00.504,14478,14479,14478,4,-4
2022-09-16 15:20:00.505,14478,14479,14478,4,-4
2022-09-16 15:20:00.505,14478,14479,14478,2,-2
2022-09-16 15:20:00.505,14478,14479,14478,1,-1
2022-09-16 15:20:00.506,14478,14479,14478,1,-1
2022-09-16 15:20:00.506,14478,14479,14478,1,-1
2022-09-16 15:20:00.573,14477,14478,14477,1,-1
2022-09-16 15:20:00.581,14477,14478,14477,1,-1
2022-09-16 15:20:00.720,14477,14478,14477,1,-1
2022-09-16 15:20:04.607,14477,14478,14477,10,-10
2022-09-16 15:20:07.125,14476,14477,14476,1,-1
2022-09-16 15:20:07.314,14475,14477,14475,1,-1
2022-09-16 15:20:07.329,14475,14477,14475,8,-8
2022-09-16 15:20:07.397,14475,14477,14475,1,-1
2022-09-16 15:20:07.602,14475,14476,14475,2,-2
2022-09-16 15:20:10.240,14475,14476,14476,10,10
2022-09-16 15:20:10.935,14475,14476,14476,1,1
2022-09-16 15:20:12.262,14476,14477,14476,1,-1
2022-09-16 15:20:12.262,14476,14477,14475,1,-1
2022-09-16 15:20:17.486,14475,14477,14475,1,-1
2022-09-16 15:20:20.199,14476,14477,14476,1,-1
2022-09-16 15:20:21.523,14476,14477,14476,1,-1
2022-09-16 15:20:25.005,14475,14476,14476,2,2
2022-09-16 15:20:25.569,14475,14476,14476,2,2
2022-09-16 15:20:33.060,14477,14478,14477,1,-1
2022-09-16 15:20:37.074,14476,14477,14476,1,-1
2022-09-16 15:20:37.074,14476,14477,14476,1,-1
2022-09-16 15:20:37.080,14476,14477,14476,1,-1
2022-09-16 15:21:00.201,14475,14476,14475,3,-3
2022-09-16 15:21:03.692,14475,14476,14475,1,-1
2022-09-16 15:21:15.065,14475,14476,14476,1,1
2022-09-16 15:21:17.854,14475,14476,14476,1,1
2022-09-16 15:21:18.557,14475,14476,14476,1,1
2022-09-16 15:21:18.951,14475,14476,14476,1,1
2022-09-16 15:21:20.858,14475,14476,14475,17,-17
2022-09-16 15:21:23.363,14474,14476,14474,5,-5
2022-09-16 15:21:28.174,14475,14476,14475,9,-9
2022-09-16 15:21:28.370,14474,14476,14474,1,-1
2022-09-16 15:21:33.766,14475,14476,14475,1,-1
2022-09-16 15:21:39.667,14475,14476,14476,1,1
2022-09-16 15:21:39.775,14476,14477,14477,1,1
2022-09-16 15:21:45.071,14476,14477,14476,1,-1
2022-09-16 15:21:47.780,14476,14477,14477,1,1
2022-09-16 15:21:48.937,14476,14477,14476,1,-1
2022-09-16 15:21:50.094,14475,14476,14475,1,-1
2022-09-16 15:21:55.879,14475,14476,14475,4,-4
2022-09-16 15:21:58.020,14474,14475,14474,1,-1
2022-09-16 15:21:58.020,14474,14475,14474,4,-4
2022-09-16 15:21:59.225,14474,14475,14474,1,-1
2022-09-16 15:22:00.212,14474,14475,14474,4,-4
2022-09-16 15:22:00.902,14474,14475,14474,2,-2
2022-09-16 15:22:00.902,14474,14475,14474,2,-2
2022-09-16 15:22:00.903,14474,14475,14474,8,-8
2022-09-16 15:22:02.194,14473,14474,14474,1,1
2022-09-16 15:22:04.495,14473,14474,14474,1,1
2022-09-16 15:22:06.518,14473,14474,14474,1,1
2022-09-16 15:22:10.187,14473,14474,14474,2,2
2022-09-16 15:22:20.194,14474,14475,14474,1,-1
2022-09-16 15:22:23.808,14474,14475,14474,3,-3
2022-09-16 15:22:23.809,14474,14475,14474,2,-2
2022-09-16 15:22:30.854,14474,14475,14474,1,-1
2022-09-16 15:22:31.741,14473,14475,14474,1,-1
2022-09-16 15:22:31.741,14473,14475,14474,1,-1
2022-09-16 15:22:32.316,14474,14475,14474,1,-1
2022-09-16 15:22:33.331,14474,14475,14475,3,3
2022-09-16 15:22:33.428,14474,14475,14476,1,1
2022-09-16 15:22:45.909,14476,14477,14476,1,-1
2022-09-16 15:22:46.326,14476,14477,14477,1,1
2022-09-16 15:23:00.213,14477,14478,14477,1,-1
2022-09-16 15:23:02.800,14477,14478,14477,1,-1
2022-09-16 15:23:11.313,14477,14478,14478,5,5
2022-09-16 15:23:12.620,14478,14479,14478,1,-1
2022-09-16 15:23:18.909,14478,14479,14478,1,-1
2022-09-16 15:23:20.958,14478,14479,14479,1,1
2022-09-16 15:23:24.007,14478,14479,14479,1,1
2022-09-16 15:23:26.960,14478,14479,14479,1,1
2022-09-16 15:23:36.574,14478,14479,14479,1,1
2022-09-16 15:23:41.940,14477,14479,14479,1,1
2022-09-16 15:23:42.504,14477,14479,14479,4,4
2022-09-16 15:23:57.298,14479,14480,14480,1,1
2022-09-16 15:23:58.747,14479,14480,14479,1,-1
2022-09-16 15:23:58.747,14479,14480,14479,1,-1
2022-09-16 15:24:09.934,14478,14479,14478,1,-1
2022-09-16 15:24:10.703,14477,14478,14477,1,-1
2022-09-16 15:24:11.358,14476,14478,14478,1,1
2022-09-16 15:24:18.439,14478,14480,14480,1,1
2022-09-16 15:24:34.822,14478,14479,14479,2,2
2022-09-16 15:24:47.985,14478,14479,14478,1,-1
2022-09-16 15:24:48.039,14478,14479,14476,3,-3
2022-09-16 15:24:50.303,14476,14478,14476,1,-1
2022-09-16 15:24:57.163,14477,14478,14477,1,-1
2022-09-16 15:24:58.180,14477,14478,14477,5,-5
2022-09-16 15:24:58.722,14477,14478,14477,3,-3
2022-09-16 15:24:58.722,14477,14478,14476,2,-2
2022-09-16 15:25:09.696,14476,14477,14476,1,-1
2022-09-16 15:25:15.219,14476,14477,14477,1,1
2022-09-16 15:25:15.219,14476,14477,14477,2,2
2022-09-16 15:25:16.695,14477,14478,14477,2,-2
2022-09-16 15:25:30.258,14476,14477,14476,4,-4
2022-09-16 15:25:32.533,14475,14477,14475,1,-1
2022-09-16 15:25:36.801,14475,14477,14475,7,-7
2022-09-16 15:25:41.463,14475,14476,14476,1,1
2022-09-16 15:25:57.559,14476,14477,14477,1,1
2022-09-16 15:25:57.559,14476,14477,14477,1,1
2022-09-16 15:25:57.559,14476,14477,14477,1,1
2022-09-16 15:26:00.214,14477,14478,14477,1,-1
2022-09-16 15:26:11.561,14477,14478,14477,1,-1
2022-09-16 15:26:14.911,14477,14478,14477,1,-1
2022-09-16 15:26:21.706,14476,14477,14476,1,-1
2022-09-16 15:26:27.947,14474,14475,14474,6,-6
2022-09-16 15:26:28.179,14473,14474,14474,1,1
2022-09-16 15:26:32.484,14473,14474,14474,1,1
2022-09-16 15:26:32.484,14473,14474,14474,1,1
2022-09-16 15:26:32.484,14473,14474,14474,2,2
2022-09-16 15:26:38.227,14474,14476,14474,3,-3
2022-09-16 15:26:39.870,14475,14477,14475,2,-2
2022-09-16 15:26:49.913,14477,14478,14477,1,-1
2022-09-16 15:26:52.539,14477,14478,14477,3,-3
2022-09-16 15:26:53.037,14477,14478,14478,3,3
2022-09-16 15:27:00.712,14478,14479,14478,1,-1
2022-09-16 15:27:00.778,14478,14479,14476,2,-2
2022-09-16 15:27:17.369,14475,14476,14476,1,1
2022-09-16 15:27:24.297,14475,14476,14475,1,-1
2022-09-16 15:27:24.773,14474,14476,14474,1,-1
2022-09-16 15:27:32.564,14474,14475,14476,1,1
2022-09-16 15:27:33.176,14474,14476,14474,1,-1
2022-09-16 15:27:38.136,14474,14475,14474,1,-1
2022-09-16 15:27:39.182,14474,14475,14474,1,-1
2022-09-16 15:27:39.455,14474,14475,14474,1,-1
2022-09-16 15:27:40.143,14474,14475,14474,1,-1
2022-09-16 15:27:41.561,14474,14475,14475,1,1
2022-09-16 15:27:41.563,14474,14475,14475,1,1
2022-09-16 15:27:49.254,14475,14476,14475,1,-1
2022-09-16 15:27:50.166,14475,14476,14476,1,1
2022-09-16 15:27:50.166,14475,14476,14476,1,1
2022-09-16 15:28:10.865,14475,14476,14476,1,1
2022-09-16 15:28:10.866,14475,14476,14476,1,1
2022-09-16 15:28:15.947,14477,14478,14478,1,1
2022-09-16 15:28:19.600,14477,14478,14478,1,1
2022-09-16 15:28:34.888,14478,14479,14478,1,-1
2022-09-16 15:28:39.734,14478,14479,14479,1,1
2022-09-16 15:28:39.734,14478,14479,14479,1,1
2022-09-16 15:28:39.734,14478,14479,14479,1,1
2022-09-16 15:28:39.734,14478,14479,14479,5,5
2022-09-16 15:28:39.734,14478,14479,14479,1,1
2022-09-16 15:28:39.734,14478,14479,14479,1,1
2022-09-16 15:28:39.734,14478,14479,14479,1,1
2022-09-16 15:28:39.734,14478,14479,14479,4,4
2022-09-16 15:28:40.864,14478,14480,14478,6,-6
2022-09-16 15:28:43.529,14478,14480,14478,4,-4
2022-09-16 15:28:46.980,14477,14479,14478,1,-1
2022-09-16 15:28:49.645,14477,14478,14477,1,-1
2022-09-16 15:28:55.206,14476,14477,14477,2,2
2022-09-16 15:29:02.169,14476,14479,14477,1,-1
2022-09-16 15:29:03.918,14476,14478,14476,1,-1
2022-09-16 15:29:04.592,14476,14478,14476,1,-1
2022-09-16 15:29:17.331,14477,14478,14477,2,-2
2022-09-16 15:29:19.454,14476,14477,14477,1,1
2022-09-16 15:29:29.726,14477,14479,14479,1,1
2022-09-16 15:29:35.357,14478,14479,14479,1,1
2022-09-16 15:29:35.607,14478,14479,14478,2,-2
2022-09-16 15:29:35.607,14478,14479,14478,1,-1
2022-09-16 15:29:39.090,14477,14479,14478,1,-1
2022-09-16 15:30:02.156,14477,14478,14477,1,-1
2022-09-16 15:30:02.156,14477,14478,14477,1,-1
2022-09-16 15:30:02.657,14476,14478,14476,8,-8
2022-09-16 15:30:06.323,14475,14476,14476,1,1
2022-09-16 15:30:07.447,14475,14476,14475,1,-1
2022-09-16 15:30:07.447,14475,14476,14475,3,-3
2022-09-16 15:30:07.448,14475,14476,14475,1,-1
2022-09-16 15:30:07.448,14475,14476,14475,5,-5
2022-09-16 15:30:07.449,14475,14476,14474,6,-6
2022-09-16 15:30:15.342,14473,14475,14473,1,-1
2022-09-16 15:30:15.502,14473,14475,14473,1,-1
2022-09-16 15:30:19.388,14473,14475,14473,1,-1
2022-09-16 15:30:26.890,14473,14475,14473,1,-1
2022-09-16 15:30:28.173,14473,14474,14473,2,-2
2022-09-16 15:30:38.958,14473,14474,14473,1,-1
2022-09-16 15:30:40.393,14473,14474,14473,6,-6
2022-09-16 15:30:41.102,14472,14473,14472,1,-1
2022-09-16 15:30:41.102,14472,14473,14472,2,-2
2022-09-16 15:30:41.102,14472,14473,14472,6,-6
2022-09-16 15:30:41.102,14472,14473,14472,1,-1
2022-09-16 15:30:41.214,14471,14472,14471,2,-2
2022-09-16 15:30:41.215,14471,14472,14471,3,-3
2022-09-16 15:30:41.215,14471,14472,14471,12,-12
2022-09-16 15:30:41.661,14470,14471,14470,24,-24
2022-09-16 15:30:41.662,14470,14471,14470,1,-1
2022-09-16 15:30:41.662,14470,14471,14470,1,-1
2022-09-16 15:30:41.662,14470,14471,14470,1,-1
2022-09-16 15:30:41.885,14469,14470,14470,1,1
2022-09-16 15:30:44.059,14469,14470,14469,1,-1
2022-09-16 15:30:44.223,14469,14470,14469,1,-1
2022-09-16 15:30:44.295,14469,14470,14469,2,-2
2022-09-16 15:30:44.396,14468,14470,14468,1,-1
2022-09-16 15:30:44.573,14468,14470,14468,1,-1
2022-09-16 15:30:44.763,14468,14470,14468,1,-1
2022-09-16 15:30:44.948,14468,14470,14468,1,-1
2022-09-16 15:30:45.244,14468,14470,14468,1,-1
2022-09-16 15:30:45.445,14468,14469,14468,4,-4
2022-09-16 15:30:45.445,14468,14469,14468,1,-1
2022-09-16 15:30:45.445,14468,14469,14468,2,-2
2022-09-16 15:30:45.445,14468,14469,14468,2,-2
2022-09-16 15:30:45.445,14468,14469,14468,2,-2
2022-09-16 15:30:45.445,14468,14469,14468,6,-6
2022-09-16 15:30:46.705,14467,14468,14468,1,1
2022-09-16 15:30:48.257,14467,14468,14467,1,-1
2022-09-16 15:30:48.344,14467,14468,14467,1,-1
2022-09-16 15:30:48.567,14467,14468,14467,1,-1
2022-09-16 15:30:49.202,14467,14468,14467,1,-1
2022-09-16 15:30:52.419,14466,14467,14467,4,4
2022-09-16 15:30:52.427,14466,14467,14467,1,1
2022-09-16 15:30:52.582,14467,14468,14467,1,-1
2022-09-16 15:30:59.104,14467,14468,14467,2,-2
2022-09-16 15:30:59.362,14467,14468,14468,1,1
2022-09-16 15:31:03.025,14467,14468,14468,1,1
2022-09-16 15:31:03.073,14467,14468,14468,1,1
2022-09-16 15:31:03.326,14467,14468,14467,4,-4
2022-09-16 15:31:03.326,14467,14468,14466,2,-2
2022-09-16 15:31:04.964,14466,14467,14466,1,-1
2022-09-16 15:31:04.965,14466,14467,14467,1,1
2022-09-16 15:31:10.191,14467,14468,14467,1,-1
2022-09-16 15:31:11.106,14467,14468,14467,1,-1
2022-09-16 15:31:11.196,14467,14468,14468,1,1
2022-09-16 15:31:11.999,14467,14468,14468,1,1
2022-09-16 15:31:15.146,14467,14468,14468,1,1
2022-09-16 15:31:18.429,14467,14468,14468,1,1
2022-09-16 15:31:19.196,14467,14468,14468,1,1
2022-09-16 15:31:19.199,14467,14468,14468,1,1
2022-09-16 15:31:19.207,14467,14468,14468,1,1
2022-09-16 15:31:20.209,14468,14469,14468,1,-1
2022-09-16 15:31:20.287,14468,14469,14468,1,-1
2022-09-16 15:31:25.146,14468,14469,14468,1,-1
2022-09-16 15:31:28.911,14467,14468,14468,1,1
2022-09-16 15:31:35.539,14467,14468,14467,1,-1
2022-09-16 15:31:35.571,14467,14468,14468,1,1
2022-09-16 15:31:35.571,14467,14468,14468,1,1
2022-09-16 15:31:38.763,14467,14468,14467,4,-4
2022-09-16 15:31:39.976,14466,14467,14467,1,1
2022-09-16 15:31:40.213,14466,14467,14466,1,-1
2022-09-16 15:31:40.259,14466,14467,14466,3,-3
2022-09-16 15:31:40.260,14466,14467,14466,17,-17
2022-09-16 15:31:41.423,14465,14466,14466,1,1
2022-09-16 15:31:41.822,14465,14466,14466,1,1
2022-09-16 15:31:43.317,14465,14466,14465,1,-1
2022-09-16 15:31:43.318,14465,14466,14465,1,-1
2022-09-16 15:31:43.318,14465,14466,14465,3,-3
2022-09-16 15:31:43.318,14465,14466,14465,1,-1
2022-09-16 15:31:43.318,14465,14466,14465,11,-11
2022-09-16 15:31:43.318,14465,14466,14465,2,-2
2022-09-16 15:31:43.671,14464,14465,14465,2,2
2022-09-16 15:31:43.763,14464,14465,14464,1,-1
2022-09-16 15:31:43.858,14463,14465,14464,1,-1
2022-09-16 15:31:46.304,14463,14465,14463,1,-1
2022-09-16 15:31:49.649,14464,14465,14464,1,-1
2022-09-16 15:31:49.649,14464,14465,14463,1,-1
2022-09-16 15:31:50.684,14463,14464,14464,1,1
2022-09-16 15:31:53.257,14463,14465,14463,1,-1
2022-09-16 15:31:54.938,14464,14465,14465,2,2
2022-09-16 15:31:54.977,14465,14466,14465,2,-2
2022-09-16 15:31:55.068,14465,14466,14466,4,4
2022-09-16 15:31:57.494,14466,14467,14466,1,-1
2022-09-16 15:32:00.204,14465,14466,14465,1,-1
2022-09-16 15:32:00.880,14464,14466,14464,1,-1
2022-09-16 15:32:01.868,14464,14465,14465,1,1
2022-09-16 15:32:02.772,14464,14465,14464,1,-1
2022-09-16 15:32:02.772,14464,14465,14464,1,-1
2022-09-16 15:32:02.772,14464,14465,14464,1,-1
2022-09-16 15:32:04.194,14463,14464,14464,1,1
2022-09-16 15:32:04.746,14463,14465,14464,1,1
2022-09-16 15:32:12.668,14464,14465,14465,1,1
2022-09-16 15:32:12.668,14464,14465,14465,2,2
2022-09-16 15:32:13.125,14465,14466,14466,1,1
2022-09-16 15:32:14.341,14466,14468,14468,1,1
2022-09-16 15:32:16.908,14466,14468,14466,1,-1
2022-09-16 15:32:17.158,14466,14468,14466,1,-1
2022-09-16 15:32:19.945,14465,14467,14467,1,1
2022-09-16 15:32:20.323,14466,14468,14466,5,-5
2022-09-16 15:32:23.520,14466,14467,14467,1,1
2022-09-16 15:32:30.025,14467,14468,14467,1,-1
2022-09-16 15:32:30.297,14467,14468,14468,1,1
2022-09-16 15:32:30.756,14467,14468,14468,1,1
2022-09-16 15:32:30.756,14467,14468,14468,1,1
2022-09-16 15:32:32.382,14468,14469,14468,2,-2
2022-09-16 15:32:32.879,14468,14469,14469,1,1
2022-09-16 15:32:43.180,14468,14470,14468,1,-1
2022-09-16 15:32:54.886,14469,14470,14470,1,1
2022-09-16 15:32:55.646,14469,14470,14470,2,2
2022-09-16 15:32:56.931,14471,14472,14472,2,2
2022-09-16 15:32:56.931,14471,14472,14472,1,1
2022-09-16 15:32:56.956,14472,14473,14473,1,1
2022-09-16 15:32:58.900,14473,14474,14473,1,-1
2022-09-16 15:32:58.997,14472,14474,14474,1,1
2022-09-16 15:32:59.978,14472,14474,14472,1,-1
2022-09-16 15:33:00.480,14472,14474,14472,1,-1
2022-09-16 15:33:01.036,14473,14474,14473,1,-1
2022-09-16 15:33:01.136,14473,14474,14473,1,-1
2022-09-16 15:33:02.953,14472,14473,14473,1,1
2022-09-16 15:33:05.024,14473,14474,14473,1,-1
2022-09-16 15:33:07.669,14472,14473,14472,1,-1
2022-09-16 15:33:08.244,14472,14473,14473,1,1
2022-09-16 15:33:18.664,14472,14473,14472,1,-1
2022-09-16 15:33:20.221,14472,14473,14472,1,-1
2022-09-16 15:33:22.508,14472,14473,14472,5,-5
2022-09-16 15:33:24.246,14471,14472,14472,2,2
2022-09-16 15:33:32.203,14470,14472,14472,2,2
2022-09-16 15:33:32.554,14470,14472,14470,1,-1
2022-09-16 15:33:34.740,14471,14472,14472,5,5
2022-09-16 15:33:37.006,14472,14473,14473,3,3
2022-09-16 15:33:38.177,14472,14473,14473,1,1
2022-09-16 15:33:38.177,14472,14473,14473,1,1
2022-09-16 15:33:38.177,14472,14473,14473,1,1
2022-09-16 15:33:38.177,14472,14473,14473,3,3
2022-09-16 15:33:56.384,14472,14473,14473,1,1
2022-09-16 15:33:56.803,14472,14473,14473,1,1
2022-09-16 15:34:03.479,14472,14473,14472,1,-1
2022-09-16 15:34:03.479,14472,14473,14472,1,-1
2022-09-16 15:34:03.683,14471,14472,14472,1,1
2022-09-16 15:34:04.644,14471,14472,14471,1,-1
2022-09-16 15:34:05.316,14470,14471,14471,1,1
2022-09-16 15:34:05.619,14470,14471,14471,1,1
2022-09-16 15:34:06.967,14470,14471,14470,1,-1
2022-09-16 15:34:06.967,14470,14471,14470,1,-1
2022-09-16 15:34:12.268,14468,14469,14469,1,1
2022-09-16 15:34:15.596,14468,14469,14469,1,1
2022-09-16 15:34:16.947,14468,14469,14468,1,-1
2022-09-16 15:34:16.947,14468,14469,14468,2,-2
2022-09-16 15:34:16.947,14468,14469,14468,4,-4
2022-09-16 15:34:18.522,14467,14468,14468,1,1
2022-09-16 15:34:28.427,14467,14468,14467,2,-2
2022-09-16 15:34:28.427,14467,14468,14466,9,-9
2022-09-16 15:34:30.719,14465,14467,14467,2,2
2022-09-16 15:34:34.756,14465,14467,14465,1,-1
2022-09-16 15:34:41.656,14466,14467,14466,3,-3
2022-09-16 15:34:43.906,14466,14467,14466,1,-1
2022-09-16 15:34:43.906,14466,14467,14466,1,-1
2022-09-16 15:34:45.464,14465,14466,14466,1,1
2022-09-16 15:34:48.278,14465,14466,14466,1,1
2022-09-16 15:34:49.894,14465,14466,14465,2,-2
2022-09-16 15:34:57.767,14465,14466,14465,1,-1
2022-09-16 15:34:58.130,14465,14466,14466,1,1
2022-09-16 15:34:59.462,14465,14466,14466,1,1
2022-09-16 15:35:00.350,14465,14466,14466,1,1
2022-09-16 15:35:00.651,14465,14467,14465,1,-1
2022-09-16 15:35:00.672,14465,14467,14465,5,-5
2022-09-16 15:35:00.675,14465,14467,14465,1,-1
2022-09-16 15:35:02.230,14465,14466,14465,1,-1
2022-09-16 15:35:05.025,14465,14466,14465,1,-1
2022-09-16 15:35:07.347,14464,14465,14464,1,-1
2022-09-16 15:35:11.875,14464,14465,14464,1,-1
2022-09-16 15:35:13.053,14464,14465,14465,1,1
2022-09-16 15:35:14.836,14464,14465,14464,5,-5
2022-09-16 15:35:16.193,14463,14465,14463,1,-1
2022-09-16 15:35:19.936,14464,14465,14464,4,-4
2022-09-16 15:35:20.101,14464,14465,14464,1,-1
2022-09-16 15:35:20.206,14464,14465,14464,1,-1
2022-09-16 15:35:23.828,14464,14465,14464,5,-5
2022-09-16 15:35:25.708,14463,14465,14463,1,-1
2022-09-16 15:35:26.022,14463,14465,14463,5,-5
2022-09-16 15:35:26.803,14463,14464,14464,1,1
2022-09-16 15:35:27.712,14463,14464,14464,1,1
2022-09-16 15:35:28.005,14464,14465,14465,6,6
2022-09-16 15:35:35.476,14465,14467,14466,1,1
2022-09-16 15:35:37.559,14466,14467,14467,1,1
2022-09-16 15:35:37.559,14466,14467,14467,1,1
2022-09-16 15:35:42.798,14467,14468,14468,1,1
2022-09-16 15:35:42.798,14467,14468,14468,1,1
2022-09-16 15:35:42.798,14467,14468,14468,1,1
2022-09-16 15:35:43.053,14467,14469,14469,5,5
2022-09-16 15:35:47.871,14466,14468,14466,1,-1
2022-09-16 15:35:53.765,14466,14468,14468,2,2
2022-09-16 15:35:55.445,14466,14468,14466,13,-13
2022-09-16 15:35:57.301,14465,14466,14465,1,-1
2022-09-16 15:35:57.302,14465,14466,14465,1,-1
2022-09-16 15:35:59.822,14463,14465,14463,1,-1
2022-09-16 15:36:00.286,14463,14465,14463,4,-4
2022-09-16 15:36:00.383,14463,14465,14463,2,-2
2022-09-16 15:36:00.392,14463,14465,14463,1,-1
2022-09-16 15:36:00.404,14463,14465,14464,1,-1
2022-09-16 15:36:00.425,14463,14465,14463,3,-3
2022-09-16 15:36:01.591,14464,14465,14464,2,-2
2022-09-16 15:36:02.338,14463,14464,14464,1,1
2022-09-16 15:36:04.589,14463,14464,14464,3,3
2022-09-16 15:36:05.681,14463,14464,14463,3,-3
2022-09-16 15:36:05.681,14463,14464,14463,1,-1
2022-09-16 15:36:05.681,14463,14464,14463,1,-1
2022-09-16 15:36:05.681,14463,14464,14463,6,-6
2022-09-16 15:36:05.901,14462,14463,14463,1,1
2022-09-16 15:36:06.852,14462,14463,14462,1,-1
2022-09-16 15:36:06.853,14462,14463,14462,1,-1
2022-09-16 15:36:06.853,14462,14463,14462,2,-2
2022-09-16 15:36:06.853,14462,14463,14462,7,-7
2022-09-16 15:36:06.853,14462,14463,14462,1,-1
2022-09-16 15:36:06.853,14462,14463,14462,1,-1
2022-09-16 15:36:06.853,14462,14463,14462,4,-4
2022-09-16 15:36:06.853,14462,14463,14462,1,-1
2022-09-16 15:36:06.853,14462,14463,14462,1,-1
2022-09-16 15:36:08.999,14461,14462,14462,1,1
2022-09-16 15:36:10.100,14462,14464,14463,2,2
2022-09-16 15:36:10.777,14462,14464,14462,7,-7
2022-09-16 15:36:10.777,14462,14464,14461,3,-3
2022-09-16 15:36:10.844,14461,14463,14461,1,-1
2022-09-16 15:36:10.884,14461,14463,14461,1,-1
2022-09-16 15:36:11.013,14461,14463,14461,4,-4
2022-09-16 15:36:11.045,14461,14463,14461,1,-1
2022-09-16 15:36:11.129,14461,14463,14461,1,-1
2022-09-16 15:36:11.659,14461,14462,14462,4,4
2022-09-16 15:36:12.581,14461,14462,14462,1,1
2022-09-16 15:36:13.997,14462,14463,14462,1,-1
2022-09-16 15:36:15.039,14462,14463,14462,1,-1
2022-09-16 15:36:16.510,14462,14463,14462,1,-1
2022-09-16 15:36:17.377,14462,14463,14462,2,-2
2022-09-16 15:36:18.241,14462,14463,14462,1,-1
2022-09-16 15:36:20.428,14462,14463,14462,1,-1
2022-09-16 15:36:22.529,14462,14463,14462,1,-1
2022-09-16 15:36:27.462,14462,14463,14463,1,1
2022-09-16 15:36:29.496,14463,14464,14464,1,1
2022-09-16 15:36:29.496,14463,14464,14464,1,1
2022-09-16 15:36:29.496,14463,14464,14464,1,1
2022-09-16 15:36:29.496,14463,14464,14464,2,2
2022-09-16 15:36:31.943,14464,14465,14464,1,-1
2022-09-16 15:36:36.481,14463,14464,14464,1,1
2022-09-16 15:36:36.569,14463,14464,14464,2,2
2022-09-16 15:36:36.569,14463,14464,14464,1,1
2022-09-16 15:36:36.569,14463,14464,14464,1,1
2022-09-16 15:36:45.596,14463,14465,14463,1,-1
2022-09-16 15:36:48.748,14462,14463,14462,1,-1
2022-09-16 15:36:50.074,14462,14463,14462,1,-1
2022-09-16 15:36:50.311,14462,14463,14462,1,-1
2022-09-16 15:36:50.311,14462,14463,14462,1,-1
2022-09-16 15:36:50.312,14462,14463,14462,3,-3
2022-09-16 15:36:50.734,14461,14462,14461,1,-1
2022-09-16 15:36:52.760,14461,14462,14461,3,-3
2022-09-16 15:36:54.508,14461,14462,14461,18,-18
2022-09-16 15:36:54.508,14461,14462,14461,1,-1
2022-09-16 15:36:54.595,14460,14461,14461,2,2
2022-09-16 15:36:54.691,14460,14461,14461,1,1
2022-09-16 15:36:55.280,14460,14461,14460,2,-2
2022-09-16 15:36:55.327,14460,14461,14460,1,-1
2022-09-16 15:36:55.328,14460,14461,14460,1,-1
2022-09-16 15:36:55.338,14460,14461,14460,5,-5
2022-09-16 15:36:55.350,14460,14461,14460,1,-1
2022-09-16 15:36:55.350,14460,14461,14460,1,-1
2022-09-16 15:36:55.351,14460,14461,14460,16,-16
2022-09-16 15:36:55.362,14460,14461,14459,1,-1
2022-09-16 15:36:55.363,14460,14461,14459,1,-1
2022-09-16 15:36:55.379,14460,14461,14459,1,-1
2022-09-16 15:36:55.412,14460,14461,14460,3,-3
2022-09-16 15:36:55.443,14459,14460,14460,1,1
2022-09-16 15:36:55.454,14459,14460,14459,1,-1
2022-09-16 15:36:55.511,14459,14460,14459,1,-1
2022-09-16 15:36:55.524,14459,14460,14459,1,-1
2022-09-16 15:36:55.548,14459,14460,14459,2,-2
2022-09-16 15:36:55.594,14459,14461,14461,4,4
2022-09-16 15:36:56.773,14459,14460,14460,1,1
2022-09-16 15:36:56.980,14459,14460,14459,1,-1
2022-09-16 15:36:57.934,14458,14460,14458,1,-1
2022-09-16 15:36:57.994,14458,14460,14458,1,-1
2022-09-16 15:36:58.037,14458,14460,14458,1,-1
2022-09-16 15:36:58.287,14458,14460,14458,2,-2
2022-09-16 15:36:58.326,14458,14460,14458,2,-2
2022-09-16 15:36:59.032,14458,14460,14458,4,-4
2022-09-16 15:36:59.196,14458,14460,14458,1,-1
2022-09-16 15:36:59.611,14458,14460,14458,4,-4
2022-09-16 15:37:00.134,14458,14460,14458,5,-5
2022-09-16 15:37:00.198,14458,14460,14458,1,-1
2022-09-16 15:37:00.422,14458,14460,14458,1,-1
2022-09-16 15:37:01.208,14458,14459,14458,1,-1
2022-09-16 15:37:01.518,14458,14459,14458,1,-1
2022-09-16 15:37:02.383,14458,14459,14458,1,-1
2022-09-16 15:37:02.969,14458,14459,14458,3,-3
2022-09-16 15:37:02.969,14458,14459,14457,1,-1
2022-09-16 15:37:04.295,14458,14459,14458,4,-4
2022-09-16 15:37:04.996,14458,14459,14458,2,-2
2022-09-16 15:37:04.996,14458,14459,14457,2,-2
2022-09-16 15:37:05.543,14458,14459,14458,2,-2
2022-09-16 15:37:05.543,14458,14459,14457,1,-1
2022-09-16 15:37:06.103,14457,14459,14457,2,-2
2022-09-16 15:37:07.018,14457,14459,14458,1,-1
2022-09-16 15:37:07.071,14457,14459,14457,1,-1
2022-09-16 15:37:07.071,14457,14459,14457,1,-1
2022-09-16 15:37:07.251,14457,14458,14458,11,11
2022-09-16 15:37:09.083,14458,14459,14459,1,1
2022-09-16 15:37:09.339,14458,14459,14459,1,1
2022-09-16 15:37:09.732,14458,14460,14458,4,-4
2022-09-16 15:37:09.978,14458,14460,14458,4,-4
2022-09-16 15:37:11.187,14458,14459,14458,1,-1
2022-09-16 15:37:14.122,14458,14459,14459,1,1
2022-09-16 15:37:14.669,14458,14460,14460,6,6
2022-09-16 15:37:15.026,14460,14461,14460,1,-1
2022-09-16 15:37:15.506,14460,14461,14460,4,-4
2022-09-16 15:37:16.683,14459,14461,14460,1,-1
2022-09-16 15:37:20.221,14459,14460,14459,1,-1
2022-09-16 15:37:24.524,14460,14461,14460,1,-1
2022-09-16 15:37:24.571,14460,14461,14460,1,-1
2022-09-16 15:37:25.453,14460,14461,14460,2,-2
2022-09-16 15:37:31.298,14460,14461,14460,1,-1
2022-09-16 15:37:32.267,14459,14460,14460,1,1
2022-09-16 15:37:34.245,14459,14460,14459,2,-2
2022-09-16 15:37:34.245,14459,14460,14458,1,-1
2022-09-16 15:37:36.253,14459,14460,14460,1,1
2022-09-16 15:37:36.258,14459,14460,14460,1,1
2022-09-16 15:37:43.815,14459,14460,14459,5,-5
2022-09-16 15:37:44.855,14458,14459,14458,1,-1
2022-09-16 15:37:44.855,14458,14459,14458,5,-5
2022-09-16 15:37:44.908,14458,14459,14458,1,-1
2022-09-16 15:37:45.138,14457,14458,14458,2,2
2022-09-16 15:37:51.637,14458,14459,14458,1,-1
2022-09-16 15:37:53.426,14458,14459,14459,1,1
2022-09-16 15:37:53.530,14458,14459,14458,3,-3
2022-09-16 15:37:55.632,14458,14459,14459,7,7
2022-09-16 15:37:55.761,14459,14460,14460,1,1
2022-09-16 15:37:56.698,14459,14460,14460,1,1
2022-09-16 15:37:56.853,14460,14461,14460,1,-1
2022-09-16 15:37:57.757,14458,14460,14459,1,-1
2022-09-16 15:37:59.200,14458,14460,14458,3,-3
2022-09-16 15:37:59.202,14458,14460,14458,11,-11
2022-09-16 15:38:05.556,14458,14459,14458,1,-1
2022-09-16 15:38:06.086,14458,14459,14458,6,-6
2022-09-16 15:38:06.448,14457,14458,14458,1,1
2022-09-16 15:38:09.000,14457,14458,14458,1,1
2022-09-16 15:38:09.558,14457,14458,14457,1,-1
2022-09-16 15:38:09.607,14457,14458,14457,1,-1
2022-09-16 15:38:09.630,14457,14458,14456,4,-4
2022-09-16 15:38:09.817,14456,14458,14456,5,-5
2022-09-16 15:38:16.936,14457,14458,14458,1,1
2022-09-16 15:38:17.100,14457,14458,14457,1,-1
2022-09-16 15:38:17.616,14457,14458,14457,1,-1
2022-09-16 15:38:20.225,14456,14458,14456,3,-3
2022-09-16 15:38:22.980,14457,14458,14458,1,1
2022-09-16 15:38:28.316,14457,14458,14458,13,13
2022-09-16 15:38:31.158,14457,14458,14457,7,-7
2022-09-16 15:38:32.427,14456,14457,14457,1,1
2022-09-16 15:38:39.499,14457,14458,14457,1,-1
2022-09-16 15:38:40.223,14457,14458,14457,2,-2
2022-09-16 15:38:40.929,14456,14458,14456,1,-1
2022-09-16 15:38:43.118,14456,14458,14456,3,-3
2022-09-16 15:38:44.560,14456,14457,14457,1,1
2022-09-16 15:38:44.972,14456,14457,14456,1,-1
2022-09-16 15:38:45.394,14456,14457,14456,1,-1
2022-09-16 15:38:45.394,14456,14457,14456,2,-2
2022-09-16 15:38:46.289,14456,14457,14456,3,-3
2022-09-16 15:38:46.289,14456,14457,14456,1,-1
2022-09-16 15:38:46.289,14456,14457,14456,5,-5
2022-09-16 15:38:46.289,14456,14457,14456,1,-1
2022-09-16 15:38:46.290,14456,14457,14456,13,-13
2022-09-16 15:38:46.349,14455,14456,14456,1,1
2022-09-16 15:38:49.840,14455,14456,14455,10,-10
2022-09-16 15:38:50.428,14455,14456,14455,1,-1
2022-09-16 15:38:50.621,14455,14456,14456,2,2
2022-09-16 15:38:50.622,14455,14456,14456,1,1
2022-09-16 15:38:52.024,14456,14457,14456,3,-3
2022-09-16 15:38:52.936,14456,14457,14456,2,-2
2022-09-16 15:38:54.888,14456,14457,14457,2,2
2022-09-16 15:38:55.471,14456,14458,14456,1,-1
2022-09-16 15:38:59.756,14456,14457,14456,2,-2
2022-09-16 15:38:59.805,14456,14457,14457,5,5
2022-09-16 15:39:05.196,14456,14457,14456,1,-1
2022-09-16 15:39:05.648,14455,14457,14455,1,-1
2022-09-16 15:39:05.669,14455,14457,14455,1,-1
2022-09-16 15:39:05.752,14455,14457,14455,1,-1
2022-09-16 15:39:08.095,14456,14457,14456,1,-1
2022-09-16 15:39:08.124,14456,14457,14456,1,-1
2022-09-16 15:39:09.096,14455,14456,14455,1,-1
2022-09-16 15:39:09.831,14455,14456,14456,1,1
2022-09-16 15:39:10.052,14455,14456,14456,1,1
2022-09-16 15:39:11.696,14456,14457,14456,1,-1
2022-09-16 15:39:12.135,14456,14457,14456,1,-1
2022-09-16 15:39:13.135,14455,14457,14455,1,-1
2022-09-16 15:39:14.026,14455,14457,14455,1,-1
2022-09-16 15:39:15.954,14455,14456,14455,1,-1
2022-09-16 15:39:18.822,14455,14456,14455,2,-2
2022-09-16 15:39:20.454,14455,14456,14456,2,2
2022-09-16 15:39:20.746,14455,14456,14455,2,-2
2022-09-16 15:39:20.939,14455,14456,14455,1,-1
2022-09-16 15:39:23.511,14455,14456,14455,1,-1
2022-09-16 15:39:24.766,14455,14456,14456,1,1
2022-09-16 15:39:28.013,14455,14456,14455,5,-5
2022-09-16 15:39:29.153,14455,14456,14455,6,-6
2022-09-16 15:39:30.890,14454,14455,14454,15,-15
2022-09-16 15:39:30.890,14454,14455,14453,15,-15
2022-09-16 15:39:31.057,14453,14454,14454,1,1
2022-09-16 15:39:31.074,14453,14455,14455,1,1
2022-09-16 15:39:31.088,14453,14455,14453,1,-1
2022-09-16 15:39:31.208,14453,14455,14453,13,-13
2022-09-16 15:39:31.235,14453,14455,14454,3,-3
2022-09-16 15:39:31.257,14453,14455,14455,2,2
2022-09-16 15:39:31.263,14453,14455,14455,2,2
2022-09-16 15:39:31.283,14453,14455,14453,3,-3
2022-09-16 15:39:31.306,14453,14455,14455,2,2
2022-09-16 15:39:31.323,14453,14455,14455,1,1
2022-09-16 15:39:31.349,14453,14455,14455,1,1
2022-09-16 15:39:31.349,14453,14455,14456,1,1
2022-09-16 15:39:31.357,14453,14455,14455,2,2
2022-09-16 15:39:31.357,14453,14455,14456,2,2
2022-09-16 15:39:31.375,14453,14455,14456,1,1
2022-09-16 15:39:31.399,14453,14455,14456,1,1
2022-09-16 15:39:31.430,14453,14455,14456,1,1
2022-09-16 15:39:31.691,14454,14455,14454,1,-1
2022-09-16 15:39:31.746,14454,14455,14454,1,-1
2022-09-16 15:39:32.232,14454,14455,14455,1,1
2022-09-16 15:39:32.776,14454,14455,14454,1,-1
2022-09-16 15:39:32.923,14454,14455,14454,1,-1
2022-09-16 15:39:37.124,14454,14455,14454,3,-3
2022-09-16 15:39:38.252,14454,14455,14454,1,-1
2022-09-16 15:39:38.542,14454,14455,14454,1,-1
2022-09-16 15:39:40.293,14454,14455,14455,1,1
2022-09-16 15:39:41.395,14454,14455,14454,3,-3
2022-09-16 15:39:47.691,14453,14454,14453,3,-3
2022-09-16 15:39:48.187,14453,14454,14453,1,-1
2022-09-16 15:39:48.788,14452,14454,14453,1,-1
2022-09-16 15:39:50.499,14452,14453,14453,2,2
2022-09-16 15:39:50.620,14452,14454,14452,1,-1
2022-09-16 15:39:52.623,14453,14454,14454,3,3
2022-09-16 15:39:52.916,14454,14455,14454,3,-3
2022-09-16 15:39:52.916,14454,14455,14453,1,-1
2022-09-16 15:39:53.581,14454,14455,14454,3,-3
2022-09-16 15:39:53.581,14454,14455,14453,21,-21
2022-09-16 15:39:53.582,14454,14455,14453,1,-1
2022-09-16 15:39:53.583,14454,14455,14453,1,-1
2022-09-16 15:39:53.583,14454,14455,14453,1,-1
2022-09-16 15:39:54.246,14453,14455,14453,3,-3
2022-09-16 15:39:54.390,14453,14455,14453,1,-1
2022-09-16 15:39:54.665,14453,14454,14453,3,-3
2022-09-16 15:39:57.404,14452,14453,14453,1,1
2022-09-16 15:39:58.919,14454,14455,14454,2,-2
2022-09-16 15:39:58.987,14453,14455,14455,5,5
2022-09-16 15:39:59.005,14453,14455,14454,5,5
2022-09-16 15:39:59.052,14453,14455,14453,5,-5
2022-09-16 15:39:59.821,14453,14455,14453,1,-1
2022-09-16 15:40:00.506,14454,14456,14454,1,-1
2022-09-16 15:40:00.578,14454,14456,14454,1,-1
2022-09-16 15:40:00.578,14454,14456,14454,1,-1
2022-09-16 15:40:00.578,14454,14456,14454,1,-1
2022-09-16 15:40:00.578,14454,14456,14454,1,-1
2022-09-16 15:40:00.687,14454,14456,14454,5,-5
2022-09-16 15:40:01.059,14454,14455,14455,1,1
2022-09-16 15:40:01.186,14454,14456,14454,1,-1
2022-09-16 15:40:01.409,14454,14456,14456,8,8
2022-09-16 15:40:01.427,14454,14456,14454,8,-8
2022-09-16 15:40:01.697,14454,14456,14455,1,-1
2022-09-16 15:40:06.234,14456,14457,14457,1,1
2022-09-16 15:40:11.220,14455,14456,14455,2,-2
2022-09-16 15:40:11.220,14455,14456,14454,1,-1
2022-09-16 15:40:11.321,14454,14456,14454,1,-1
2022-09-16 15:40:12.425,14454,14456,14454,1,-1
2022-09-16 15:40:13.130,14454,14456,14456,1,1
2022-09-16 15:40:15.220,14454,14455,14454,1,-1
2022-09-16 15:40:15.947,14453,14455,14455,10,10
2022-09-16 15:40:15.948,14453,14455,14455,6,6
2022-09-16 15:40:15.948,14453,14455,14455,2,2
2022-09-16 15:40:15.948,14453,14455,14455,3,3
2022-09-16 15:40:19.163,14454,14456,14454,1,-1
2022-09-16 15:40:20.484,14455,14456,14455,1,-1
2022-09-16 15:40:20.571,14454,14456,14454,1,-1
2022-09-16 15:40:20.571,14454,14456,14454,1,-1
2022-09-16 15:40:20.579,14454,14456,14454,1,-1
2022-09-16 15:40:23.383,14455,14456,14455,1,-1
2022-09-16 15:40:31.499,14454,14455,14455,1,1
2022-09-16 15:40:37.072,14455,14456,14456,1,1
2022-09-16 15:40:37.072,14455,14456,14456,1,1
2022-09-16 15:40:37.197,14455,14457,14456,1,1
2022-09-16 15:40:38.382,14456,14457,14456,1,-1
2022-09-16 15:40:39.840,14456,14457,14457,1,1
2022-09-16 15:40:40.181,14456,14457,14456,2,-2
2022-09-16 15:40:40.214,14456,14457,14456,1,-1
2022-09-16 15:40:40.214,14456,14457,14456,1,-1
2022-09-16 15:40:40.214,14456,14457,14456,1,-1
2022-09-16 15:40:50.217,14456,14457,14456,2,-2
2022-09-16 15:40:50.973,14456,14457,14456,1,-1
2022-09-16 15:40:50.973,14456,14457,14456,2,-2
2022-09-16 15:40:54.219,14456,14457,14456,3,-3
2022-09-16 15:40:55.230,14456,14457,14457,1,1
2022-09-16 15:40:56.680,14456,14457,14456,1,-1
2022-09-16 15:40:58.050,14456,14457,14456,4,-4
2022-09-16 15:41:00.846,14455,14456,14455,1,-1
2022-09-16 15:41:00.846,14455,14456,14455,1,-1
2022-09-16 15:41:00.846,14455,14456,14455,8,-8
2022-09-16 15:41:01.396,14454,14455,14455,1,1
2022-09-16 15:41:02.981,14454,14455,14455,1,1
2022-09-16 15:41:08.225,14455,14456,14455,1,-1
2022-09-16 15:41:26.303,14455,14456,14455,1,-1
2022-09-16 15:41:30.771,14455,14456,14455,1,-1
2022-09-16 15:41:31.349,14455,14456,14455,1,-1
2022-09-16 15:41:32.766,14454,14455,14454,1,-1
2022-09-16 15:41:37.421,14454,14455,14454,1,-1
2022-09-16 15:41:37.753,14454,14455,14454,1,-1
2022-09-16 15:41:37.890,14454,14455,14454,1,-1
2022-09-16 15:41:38.045,14454,14455,14454,1,-1
2022-09-16 15:41:38.216,14454,14455,14454,1,-1
2022-09-16 15:41:40.102,14454,14455,14455,1,1
2022-09-16 15:41:44.923,14454,14455,14454,1,-1
2022-09-16 15:41:44.923,14454,14455,14454,5,-5
2022-09-16 15:41:45.903,14453,14454,14454,1,1
2022-09-16 15:41:47.130,14454,14455,14454,1,-1
2022-09-16 15:42:01.512,14453,14454,14453,13,-13
2022-09-16 15:42:01.613,14452,14453,14452,1,-1
2022-09-16 15:42:01.910,14452,14453,14452,1,-1
2022-09-16 15:42:02.074,14452,14453,14452,1,-1
2022-09-16 15:42:02.181,14452,14453,14452,1,-1
2022-09-16 15:42:02.186,14452,14453,14452,1,-1
2022-09-16 15:42:02.315,14452,14453,14452,1,-1
2022-09-16 15:42:02.321,14452,14453,14452,1,-1
2022-09-16 15:42:02.352,14452,14453,14452,3,-3
2022-09-16 15:42:02.352,14452,14453,14452,1,-1
2022-09-16 15:42:02.710,14451,14453,14453,2,2
2022-09-16 15:42:04.059,14453,14454,14453,1,-1
2022-09-16 15:42:04.060,14453,14454,14453,2,-2
2022-09-16 15:42:04.906,14453,14454,14453,1,-1
2022-09-16 15:42:04.938,14453,14454,14453,2,-2
2022-09-16 15:42:05.438,14453,14454,14454,1,1
2022-09-16 15:42:05.438,14453,14454,14454,2,2
2022-09-16 15:42:05.457,14454,14455,14455,1,1
2022-09-16 15:42:05.458,14454,14455,14455,8,8
2022-09-16 15:42:06.450,14455,14456,14456,3,3
2022-09-16 15:42:06.450,14455,14456,14456,1,1
2022-09-16 15:42:17.114,14456,14457,14456,3,-3
2022-09-16 15:42:20.761,14456,14457,14457,4,4
2022-09-16 15:42:21.462,14456,14458,14456,1,-1
2022-09-16 15:42:24.248,14457,14458,14458,1,1
2022-09-16 15:42:24.248,14457,14458,14458,1,1
2022-09-16 15:42:24.267,14457,14458,14458,2,2
2022-09-16 15:42:24.267,14457,14458,14458,2,2
2022-09-16 15:42:28.247,14457,14459,14459,1,1
2022-09-16 15:42:28.472,14457,14459,14459,1,1
2022-09-16 15:42:28.493,14457,14459,14459,1,1
2022-09-16 15:42:32.148,14458,14459,14459,1,1
2022-09-16 15:42:32.474,14458,14459,14458,1,-1
2022-09-16 15:42:38.706,14458,14459,14459,1,1
2022-09-16 15:42:39.002,14458,14459,14458,1,-1
2022-09-16 15:42:39.367,14457,14458,14457,1,-1
2022-09-16 15:42:40.671,14457,14458,14458,2,2
2022-09-16 15:42:41.364,14456,14458,14456,3,-3
2022-09-16 15:42:47.139,14457,14458,14457,1,-1
2022-09-16 15:42:47.139,14457,14458,14457,1,-1
2022-09-16 15:42:47.139,14457,14458,14457,1,-1
2022-09-16 15:42:47.548,14456,14457,14456,1,-1
2022-09-16 15:42:50.549,14456,14457,14456,1,-1
2022-09-16 15:42:50.549,14456,14457,14456,1,-1
2022-09-16 15:42:50.549,14456,14457,14456,1,-1
2022-09-16 15:42:55.876,14455,14456,14455,2,-2
2022-09-16 15:42:55.876,14455,14456,14454,3,-3
2022-09-16 15:43:05.651,14453,14455,14453,2,-2
2022-09-16 15:43:11.751,14453,14455,14455,1,1
2022-09-16 15:43:11.751,14453,14455,14455,1,1
2022-09-16 15:43:11.801,14453,14455,14455,1,1
2022-09-16 15:43:12.063,14455,14456,14455,1,-1
2022-09-16 15:43:12.777,14455,14456,14456,2,2
2022-09-16 15:43:13.704,14455,14457,14455,1,-1
2022-09-16 15:43:15.515,14456,14457,14457,1,1
2022-09-16 15:43:15.515,14456,14457,14457,1,1
2022-09-16 15:43:15.515,14456,14457,14457,1,1
2022-09-16 15:43:47.953,14456,14457,14457,1,1
2022-09-16 15:43:48.295,14456,14457,14456,1,-1
2022-09-16 15:43:48.910,14456,14457,14457,1,1
2022-09-16 15:44:00.180,14457,14458,14458,1,1
2022-09-16 15:44:00.328,14457,14458,14458,4,4
2022-09-16 15:44:00.525,14458,14459,14458,1,-1
2022-09-16 15:44:00.830,14458,14459,14458,1,-1
2022-09-16 15:44:00.832,14458,14459,14457,1,-1
2022-09-16 15:44:00.834,14458,14459,14457,1,-1
2022-09-16 15:44:00.835,14458,14459,14457,1,-1
2022-09-16 15:44:13.639,14457,14458,14458,1,1
2022-09-16 15:44:17.350,14457,14458,14457,1,-1
2022-09-16 15:44:17.560,14457,14458,14458,5,5
2022-09-16 15:44:21.101,14457,14458,14458,1,1
2022-09-16 15:44:21.341,14457,14458,14458,2,2
2022-09-16 15:44:23.639,14457,14458,14458,1,1
2022-09-16 15:44:24.964,14457,14458,14458,1,1
2022-09-16 15:44:24.964,14457,14458,14458,4,4
2022-09-16 15:44:33.512,14458,14459,14458,1,-1
2022-09-16 15:44:37.025,14458,14459,14458,3,-3
2022-09-16 15:44:37.094,14457,14458,14457,1,-1
2022-09-16 15:44:37.192,14457,14458,14457,1,-1
2022-09-16 15:44:37.435,14457,14458,14457,1,-1
2022-09-16 15:44:37.860,14457,14458,14458,1,1
2022-09-16 15:44:38.244,14457,14458,14457,1,-1
2022-09-16 15:44:38.245,14457,14458,14457,2,-2
2022-09-16 15:44:38.245,14457,14458,14457,6,-6
2022-09-16 15:44:41.370,14456,14457,14456,2,-2
2022-09-16 15:44:41.487,14455,14457,14457,1,1
2022-09-16 15:44:49.634,14456,14457,14456,1,-1
2022-09-16 15:44:49.634,14456,14457,14455,2,-2
2022-09-16 15:44:56.858,14455,14456,14456,1,1
2022-09-16 15:44:57.088,14455,14457,14455,1,-1
2022-09-16 15:45:03.082,14455,14456,14456,1,1
2022-09-16 15:45:03.211,14455,14456,14455,1,-1
2022-09-16 15:45:03.211,14455,14456,14455,1,-1
2022-09-16 15:45:03.211,14455,14456,14455,1,-1
2022-09-16 15:45:03.211,14455,14456,14455,1,-1
2022-09-16 15:45:03.212,14455,14456,14455,1,-1
2022-09-16 15:45:04.278,14455,14456,14455,5,-5
2022-09-16 15:45:04.278,14455,14456,14455,5,-5
2022-09-16 15:45:06.071,14455,14456,14456,1,1
2022-09-16 15:45:11.660,14455,14456,14455,5,-5
2022-09-16 15:45:14.125,14455,14456,14456,1,1
2022-09-16 15:45:14.564,14455,14457,14455,1,-1
2022-09-16 15:45:24.953,14455,14456,14455,5,-5
2022-09-16 15:45:25.406,14455,14456,14455,1,-1
2022-09-16 15:45:25.446,14455,14456,14455,1,-1
2022-09-16 15:45:28.515,14455,14456,14455,1,-1
2022-09-16 15:45:29.802,14454,14455,14455,2,2
2022-09-16 15:45:30.946,14454,14455,14454,1,-1
2022-09-16 15:45:30.946,14454,14455,14454,1,-1
2022-09-16 15:45:30.946,14454,14455,14454,10,-10
2022-09-16 15:45:31.114,14453,14454,14453,1,-1
2022-09-16 15:45:31.114,14453,14454,14453,1,-1
2022-09-16 15:45:31.115,14453,14454,14453,2,-2
2022-09-16 15:45:31.115,14453,14454,14453,1,-1
2022-09-16 15:45:31.115,14453,14454,14453,2,-2
2022-09-16 15:45:31.116,14453,14454,14453,1,-1
2022-09-16 15:45:31.116,14453,14454,14453,1,-1
2022-09-16 15:45:31.116,14453,14454,14453,2,-2
2022-09-16 15:45:31.122,14453,14454,14453,2,-2
2022-09-16 15:45:31.123,14453,14454,14453,1,-1
2022-09-16 15:45:31.124,14453,14454,14453,1,-1
2022-09-16 15:45:31.124,14453,14454,14453,1,-1
2022-09-16 15:45:31.124,14453,14454,14453,1,-1
2022-09-16 15:45:31.124,14453,14454,14453,1,-1
2022-09-16 15:45:34.925,14452,14453,14453,1,1
2022-09-16 15:45:35.356,14452,14453,14452,1,-1
2022-09-16 15:45:35.524,14452,14453,14452,1,-1
2022-09-16 15:45:38.607,14452,14453,14452,1,-1
2022-09-16 15:45:38.607,14452,14453,14452,1,-1
2022-09-16 15:45:39.139,14452,14453,14452,8,-8
2022-09-16 15:45:41.436,14451,14452,14452,1,1
2022-09-16 15:45:44.752,14451,14452,14452,1,1
2022-09-16 15:45:47.485,14451,14452,14452,4,4
2022-09-16 15:45:47.486,14451,14452,14452,1,1
2022-09-16 15:45:47.833,14452,14453,14452,5,-5
2022-09-16 15:45:48.018,14451,14453,14453,1,1
2022-09-16 15:45:48.042,14451,14453,14452,1,1
2022-09-16 15:45:49.042,14452,14453,14453,1,1
2022-09-16 15:45:50.080,14452,14454,14452,1,-1
2022-09-16 15:45:51.598,14452,14453,14452,2,-2
2022-09-16 15:45:51.598,14452,14453,14452,1,-1
2022-09-16 15:45:51.669,14452,14453,14451,2,-2
2022-09-16 15:45:51.699,14451,14453,14451,1,-1
2022-09-16 15:45:51.727,14451,14453,14451,1,-1
2022-09-16 15:45:52.465,14452,14454,14452,1,-1
2022-09-16 15:45:52.687,14452,14453,14452,1,-1
2022-09-16 15:45:52.920,14451,14453,14452,1,-1
2022-09-16 15:45:53.020,14452,14453,14453,1,1
2022-09-16 15:45:53.184,14452,14453,14452,1,-1
2022-09-16 15:45:56.813,14452,14453,14452,2,-2
2022-09-16 15:45:57.893,14452,14453,14453,1,1
2022-09-16 15:45:58.524,14452,14454,14454,1,1
2022-09-16 15:46:00.198,14453,14454,14453,1,-1
2022-09-16 15:46:00.363,14452,14454,14452,2,-2
2022-09-16 15:46:02.356,14452,14453,14452,1,-1
2022-09-16 15:46:03.578,14452,14453,14452,1,-1
2022-09-16 15:46:03.584,14452,14453,14452,1,-1
2022-09-16 15:46:04.146,14451,14452,14452,2,2
2022-09-16 15:46:04.147,14451,14452,14452,1,1
2022-09-16 15:46:04.568,14451,14453,14451,1,-1
2022-09-16 15:46:07.444,14452,14453,14452,2,-2
2022-09-16 15:46:07.712,14452,14453,14452,1,-1
2022-09-16 15:46:07.712,14452,14453,14452,1,-1
2022-09-16 15:46:07.935,14452,14453,14453,1,1
2022-09-16 15:46:07.980,14452,14454,14452,1,-1
2022-09-16 15:46:10.862,14452,14453,14452,1,-1
2022-09-16 15:46:11.831,14451,14452,14452,1,1
2022-09-16 15:46:14.970,14452,14453,14453,1,1
2022-09-16 15:46:15.367,14453,14454,14454,1,1
2022-09-16 15:46:15.513,14454,14455,14453,2,-2
2022-09-16 15:46:16.161,14453,14455,14453,1,-1
2022-09-16 15:46:27.611,14453,14454,14453,1,-1
2022-09-16 15:46:38.160,14453,14455,14453,1,-1
2022-09-16 15:46:40.653,14453,14454,14453,1,-1
2022-09-16 15:46:46.241,14453,14454,14453,1,-1
2022-09-16 15:46:46.475,14453,14454,14453,3,-3
2022-09-16 15:46:46.508,14453,14454,14453,1,-1
2022-09-16 15:46:46.509,14453,14454,14453,1,-1
2022-09-16 15:46:46.509,14453,14454,14453,1,-1
2022-09-16 15:46:46.509,14453,14454,14453,1,-1
2022-09-16 15:46:47.114,14452,14453,14453,1,1
2022-09-16 15:46:49.411,14452,14453,14452,1,-1
2022-09-16 15:46:50.043,14452,14453,14452,1,-1
2022-09-16 15:46:56.185,14451,14452,14452,1,1
2022-09-16 15:46:56.310,14451,14452,14451,1,-1
2022-09-16 15:46:56.311,14451,14452,14451,1,-1
2022-09-16 15:46:56.311,14451,14452,14451,1,-1
2022-09-16 15:46:56.312,14451,14452,14451,1,-1
2022-09-16 15:46:56.312,14451,14452,14451,1,-1
2022-09-16 15:46:56.312,14451,14452,14451,5,-5
2022-09-16 15:46:56.312,14451,14452,14451,1,-1
2022-09-16 15:46:56.312,14451,14452,14451,6,-6
2022-09-16 15:46:56.312,14451,14452,14451,1,-1
2022-09-16 15:46:56.312,14451,14452,14451,6,-6
2022-09-16 15:46:56.312,14451,14452,14451,1,-1
2022-09-16 15:46:56.314,14451,14452,14451,3,-3
2022-09-16 15:46:56.332,14451,14452,14451,40,-40
2022-09-16 15:46:56.333,14451,14452,14450,1,-1
2022-09-16 15:46:56.333,14451,14452,14450,4,-4
2022-09-16 15:46:56.334,14451,14452,14450,1,-1
2022-09-16 15:46:56.334,14451,14452,14450,2,-2
2022-09-16 15:46:56.334,14451,14452,14450,2,-2
2022-09-16 15:46:56.334,14451,14452,14450,27,-27
2022-09-16 15:46:56.336,14451,14452,14450,1,-1
2022-09-16 15:46:56.336,14451,14452,14450,1,-1
2022-09-16 15:46:56.336,14451,14452,14450,5,-5
2022-09-16 15:46:56.336,14451,14452,14450,1,-1
2022-09-16 15:46:56.336,14451,14452,14450,8,-8
2022-09-16 15:46:56.336,14451,14452,14450,1,-1
2022-09-16 15:46:56.336,14451,14452,14450,2,-2
2022-09-16 15:46:56.336,14451,14452,14450,1,-1
2022-09-16 15:46:56.338,14451,14452,14449,1,-1
2022-09-16 15:46:56.338,14451,14452,14449,1,-1
2022-09-16 15:46:56.459,14448,14449,14448,2,-2
2022-09-16 15:46:56.473,14448,14449,14448,2,-2
2022-09-16 15:46:56.482,14448,14449,14448,1,-1
2022-09-16 15:46:56.500,14448,14449,14448,1,-1
2022-09-16 15:46:56.514,14448,14449,14448,1,-1
2022-09-16 15:46:56.516,14448,14449,14448,1,-1
2022-09-16 15:46:56.563,14448,14449,14448,1,-1
2022-09-16 15:46:56.602,14448,14449,14448,1,-1
2022-09-16 15:46:56.606,14448,14449,14448,1,-1
2022-09-16 15:46:56.637,14448,14449,14449,9,9
2022-09-16 15:46:56.727,14449,14450,14449,1,-1
2022-09-16 15:46:56.845,14449,14450,14450,5,5
2022-09-16 15:46:56.849,14449,14450,14450,1,1
2022-09-16 15:46:58.946,14449,14450,14449,6,-6
2022-09-16 15:47:00.512,14448,14450,14448,1,-1
2022-09-16 15:47:00.804,14448,14450,14448,5,-5
2022-09-16 15:47:01.047,14447,14449,14447,1,-1
2022-09-16 15:47:02.350,14448,14449,14448,1,-1
2022-09-16 15:47:02.798,14447,14449,14448,1,-1
2022-09-16 15:47:02.979,14448,14449,14449,1,1
2022-09-16 15:47:02.979,14448,14449,14449,3,3
2022-09-16 15:47:03.257,14448,14450,14448,1,-1
2022-09-16 15:47:03.505,14448,14450,14448,1,-1
2022-09-16 15:47:03.724,14449,14450,14449,2,-2
2022-09-16 15:47:03.724,14449,14450,14448,5,-5
2022-09-16 15:47:06.656,14447,14449,14449,2,2
2022-09-16 15:47:07.818,14447,14449,14447,1,-1
2022-09-16 15:47:09.421,14447,14448,14448,1,1
2022-09-16 15:47:09.913,14447,14448,14447,1,-1
2022-09-16 15:47:10.657,14447,14448,14447,1,-1
2022-09-16 15:47:15.324,14447,14449,14449,1,1
2022-09-16 15:47:16.430,14449,14450,14450,1,1
2022-09-16 15:47:16.449,14449,14450,14449,2,-2
2022-09-16 15:47:18.132,14449,14450,14450,1,1
2022-09-16 15:47:18.132,14449,14450,14450,1,1
2022-09-16 15:47:18.132,14449,14450,14450,1,1
2022-09-16 15:47:18.132,14449,14450,14450,1,1
2022-09-16 15:47:18.132,14449,14450,14450,6,6
2022-09-16 15:47:19.467,14450,14452,14450,1,-1
2022-09-16 15:47:21.765,14450,14452,14452,1,1
2022-09-16 15:47:24.039,14449,14451,14451,2,2
2022-09-16 15:47:30.054,14450,14451,14451,2,2
2022-09-16 15:47:30.520,14451,14452,14451,2,-2
2022-09-16 15:47:33.894,14451,14452,14451,1,-1
2022-09-16 15:47:33.911,14451,14452,14451,1,-1
2022-09-16 15:47:34.874,14451,14452,14451,1,-1
2022-09-16 15:47:36.659,14450,14451,14451,1,1
2022-09-16 15:47:36.660,14450,14451,14450,1,-1
2022-09-16 15:47:41.403,14449,14451,14451,1,1
2022-09-16 15:47:42.373,14449,14451,14451,1,1
2022-09-16 15:47:47.867,14450,14451,14451,1,1
2022-09-16 15:47:48.506,14451,14452,14451,1,-1
2022-09-16 15:47:54.023,14450,14452,14450,3,-3
2022-09-16 15:47:56.336,14450,14451,14450,1,-1
2022-09-16 15:48:01.007,14449,14450,14449,1,-1
2022-09-16 15:48:01.008,14449,14450,14448,2,-2
2022-09-16 15:48:02.328,14447,14448,14447,1,-1
2022-09-16 15:48:03.682,14447,14448,14447,1,-1
2022-09-16 15:48:04.166,14447,14448,14447,4,-4
2022-09-16 15:48:04.172,14447,14448,14447,1,-1
2022-09-16 15:48:04.173,14447,14448,14447,1,-1
2022-09-16 15:48:04.173,14447,14448,14447,1,-1
2022-09-16 15:48:04.173,14447,14448,14447,3,-3
2022-09-16 15:48:04.173,14447,14448,14447,1,-1
2022-09-16 15:48:04.173,14447,14448,14447,1,-1
2022-09-16 15:48:04.173,14447,14448,14447,1,-1
2022-09-16 15:48:07.887,14447,14449,14449,1,1
2022-09-16 15:48:09.866,14448,14449,14448,1,-1
2022-09-16 15:48:13.081,14448,14449,14448,2,-2
2022-09-16 15:48:13.081,14448,14449,14448,3,-3
2022-09-16 15:48:14.624,14447,14448,14448,1,1
2022-09-16 15:48:15.073,14447,14448,14447,1,-1
2022-09-16 15:48:16.713,14447,14448,14448,2,2
2022-09-16 15:48:17.384,14448,14449,14448,3,-3
2022-09-16 15:48:17.384,14448,14449,14447,2,-2
2022-09-16 15:48:18.291,14447,14449,14449,1,1
2022-09-16 15:48:19.591,14448,14449,14448,1,-1
2022-09-16 15:48:20.117,14448,14449,14448,1,-1
2022-09-16 15:48:20.766,14448,14449,14448,1,-1
2022-09-16 15:48:20.766,14448,14449,14448,1,-1
2022-09-16 15:48:20.766,14448,14449,14448,2,-2
2022-09-16 15:48:25.269,14447,14448,14448,1,1
2022-09-16 15:48:27.258,14448,14449,14449,1,1
2022-09-16 15:48:27.743,14448,14449,14448,1,-1
2022-09-16 15:48:28.436,14448,14449,14448,1,-1
2022-09-16 15:48:28.436,14448,14449,14447,1,-1
2022-09-16 15:48:29.211,14447,14448,14448,1,1
2022-09-16 15:48:31.450,14447,14448,14448,1,1
2022-09-16 15:48:32.796,14447,14448,14448,1,1
2022-09-16 15:48:37.333,14448,14450,14448,2,-2
2022-09-16 15:48:39.584,14448,14450,14448,1,-1
2022-09-16 15:48:41.342,14449,14450,14449,1,-1
2022-09-16 15:48:41.342,14449,14450,14448,1,-1
2022-09-16 15:48:42.620,14448,14450,14448,2,-2
2022-09-16 15:48:45.487,14448,14449,14449,1,1
2022-09-16 15:48:50.117,14449,14450,14449,2,-2
2022-09-16 15:48:51.374,14448,14450,14448,7,-7
2022-09-16 15:48:51.423,14448,14450,14449,1,-1
2022-09-16 15:48:53.990,14448,14449,14448,1,-1
2022-09-16 15:48:54.230,14448,14449,14448,1,-1
2022-09-16 15:48:54.484,14447,14449,14448,1,-1
2022-09-16 15:48:55.041,14448,14449,14448,2,-2
2022-09-16 15:48:55.137,14448,14449,14448,1,-1
2022-09-16 15:48:56.028,14447,14448,14447,8,-8
2022-09-16 15:48:57.523,14446,14448,14446,1,-1
2022-09-16 15:48:58.609,14446,14447,14447,1,1
2022-09-16 15:48:58.877,14447,14448,14447,9,-9
2022-09-16 15:48:58.877,14447,14448,14447,1,-1
2022-09-16 15:49:00.220,14446,14448,14446,1,-1
2022-09-16 15:49:05.606,14446,14447,14447,1,1
2022-09-16 15:49:06.125,14447,14448,14447,2,-2
2022-09-16 15:49:06.949,14447,14448,14447,1,-1
2022-09-16 15:49:08.182,14446,14448,14446,1,-1
2022-09-16 15:49:08.965,14447,14448,14447,1,-1
2022-09-16 15:49:16.659,14446,14447,14447,2,2
2022-09-16 15:49:16.660,14446,14447,14447,1,1
2022-09-16 15:49:16.660,14446,14447,14447,4,4
2022-09-16 15:49:16.933,14447,14448,14447,2,-2
2022-09-16 15:49:19.126,14446,14447,14447,1,1
2022-09-16 15:49:21.213,14446,14447,14446,1,-1
2022-09-16 15:49:22.026,14446,14447,14447,1,1
2022-09-16 15:49:27.022,14447,14448,14447,1,-1
2022-09-16 15:49:28.523,14446,14447,14446,5,-5
2022-09-16 15:49:28.571,14446,14447,14446,1,-1
2022-09-16 15:49:28.580,14446,14447,14447,2,2
2022-09-16 15:49:34.608,14446,14447,14447,1,1
2022-09-16 15:49:36.802,14446,14447,14447,1,1
2022-09-16 15:49:36.803,14446,14447,14447,1,1
2022-09-16 15:49:39.341,14447,14448,14448,2,2
2022-09-16 15:49:39.342,14447,14448,14448,8,8
2022-09-16 15:49:47.631,14447,14448,14448,1,1
2022-09-16 15:49:48.323,14447,14448,14447,1,-1
2022-09-16 15:49:51.799,14446,14447,14447,1,1
2022-09-16 15:49:52.554,14446,14447,14446,1,-1
2022-09-16 15:49:57.774,14446,14447,14446,1,-1
2022-09-16 15:49:57.775,14446,14447,14446,1,-1
2022-09-16 15:49:58.098,14446,14447,14446,1,-1
2022-09-16 15:49:59.084,14446,14447,14446,3,-3
2022-09-16 15:50:00.934,14446,14447,14446,1,-1
2022-09-16 15:50:01.344,14446,14447,14446,1,-1
2022-09-16 15:50:01.347,14446,14447,14446,1,-1
2022-09-16 15:50:03.400,14446,14447,14446,2,-2
2022-09-16 15:50:04.514,14446,14448,14446,1,-1
2022-09-16 15:50:05.652,14446,14448,14448,5,5
2022-09-16 15:50:08.350,14446,14447,14446,1,-1
2022-09-16 15:50:08.350,14446,14447,14446,9,-9
2022-09-16 15:50:08.351,14446,14447,14446,1,-1
2022-09-16 15:50:09.262,14445,14446,14445,3,-3
2022-09-16 15:50:09.346,14445,14446,14445,1,-1
2022-09-16 15:50:09.363,14445,14446,14446,1,1
2022-09-16 15:50:09.468,14445,14446,14445,1,-1
2022-09-16 15:50:09.495,14445,14446,14446,5,5
2022-09-16 15:50:09.597,14445,14446,14445,1,-1
2022-09-16 15:50:09.709,14445,14446,14445,1,-1
2022-09-16 15:50:10.177,14445,14446,14445,1,-1
2022-09-16 15:50:10.269,14445,14446,14445,2,-2
2022-09-16 15:50:10.294,14445,14446,14445,2,-2
2022-09-16 15:50:10.548,14445,14446,14445,1,-1
2022-09-16 15:50:10.552,14445,14446,14445,2,-2
2022-09-16 15:50:10.552,14445,14446,14445,1,-1
2022-09-16 15:50:10.565,14445,14446,14445,1,-1
2022-09-16 15:50:11.638,14445,14446,14445,1,-1
2022-09-16 15:50:11.681,14445,14446,14445,1,-1
2022-09-16 15:50:11.943,14445,14446,14445,1,-1
2022-09-16 15:50:11.943,14445,14446,14445,5,-5
2022-09-16 15:50:11.943,14445,14446,14445,3,-3
2022-09-16 15:50:11.943,14445,14446,14445,6,-6
2022-09-16 15:50:11.943,14445,14446,14445,1,-1
2022-09-16 15:50:11.943,14445,14446,14445,2,-2
2022-09-16 15:50:11.944,14445,14446,14445,1,-1
2022-09-16 15:50:11.944,14445,14446,14445,3,-3
2022-09-16 15:50:11.944,14445,14446,14445,1,-1
2022-09-16 15:50:11.944,14445,14446,14445,2,-2
2022-09-16 15:50:11.944,14445,14446,14445,2,-2
2022-09-16 15:50:11.944,14445,14446,14445,1,-1
2022-09-16 15:50:11.944,14445,14446,14445,1,-1
2022-09-16 15:50:11.944,14445,14446,14445,2,-2
2022-09-16 15:50:11.944,14445,14446,14445,2,-2
2022-09-16 15:50:11.944,14445,14446,14445,1,-1
2022-09-16 15:50:11.944,14445,14446,14445,1,-1
2022-09-16 15:50:14.774,14444,14446,14444,2,-2
2022-09-16 15:50:15.096,14444,14446,14445,1,-1
2022-09-16 15:50:15.289,14444,14446,14446,1,1
2022-09-16 15:50:15.369,14445,14446,14445,1,-1
2022-09-16 15:50:15.521,14445,14446,14445,1,-1
2022-09-16 15:50:16.421,14445,14446,14445,1,-1
2022-09-16 15:50:16.753,14445,14446,14445,2,-2
2022-09-16 15:50:17.055,14445,14446,14445,2,-2
2022-09-16 15:50:17.055,14445,14446,14445,2,-2
2022-09-16 15:50:18.141,14444,14445,14444,1,-1
2022-09-16 15:50:20.491,14444,14445,14444,1,-1
2022-09-16 15:50:21.207,14444,14445,14444,1,-1
2022-09-16 15:50:21.606,14444,14445,14444,1,-1
2022-09-16 15:50:22.157,14444,14445,14445,2,2
2022-09-16 15:50:23.995,14444,14445,14444,1,-1
2022-09-16 15:50:25.455,14444,14445,14445,5,5
2022-09-16 15:50:25.470,14444,14445,14445,2,2
2022-09-16 15:50:25.470,14444,14445,14446,2,2
2022-09-16 15:50:25.704,14444,14446,14444,15,-15
2022-09-16 15:50:25.704,14444,14446,14443,5,-5
2022-09-16 15:50:25.856,14443,14445,14443,2,-2
2022-09-16 15:50:25.895,14443,14445,14443,10,-10
2022-09-16 15:50:25.924,14443,14445,14443,3,-3
2022-09-16 15:50:25.939,14443,14445,14443,3,-3
2022-09-16 15:50:26.053,14443,14444,14443,1,-1
2022-09-16 15:50:26.069,14443,14444,14443,1,-1
2022-09-16 15:50:26.133,14443,14444,14443,3,-3
2022-09-16 15:50:26.144,14443,14444,14442,2,-2
2022-09-16 15:50:26.156,14443,14444,14442,1,-1
2022-09-16 15:50:26.177,14443,14444,14442,2,-2
2022-09-16 15:50:26.227,14442,14443,14442,1,-1
2022-09-16 15:50:26.228,14442,14443,14442,5,-5
2022-09-16 15:50:26.228,14442,14443,14442,1,-1
2022-09-16 15:50:26.228,14442,14443,14442,2,-2
2022-09-16 15:50:26.249,14442,14443,14441,1,-1
2022-09-16 15:50:26.249,14442,14443,14441,1,-1
2022-09-16 15:50:26.254,14442,14443,14441,1,-1
2022-09-16 15:50:26.261,14442,14443,14441,1,-1
2022-09-16 15:50:26.275,14442,14443,14441,2,-2
2022-09-16 15:50:26.313,14442,14443,14441,1,-1
2022-09-16 15:50:26.326,14441,14442,14441,2,-2
2022-09-16 15:50:26.333,14441,14442,14441,1,-1
2022-09-16 15:50:26.333,14441,14442,14441,1,-1
2022-09-16 15:50:26.389,14441,14442,14441,1,-1
2022-09-16 15:50:26.457,14441,14442,14442,1,1
2022-09-16 15:50:26.759,14441,14443,14441,2,-2
2022-09-16 15:50:26.849,14441,14443,14441,2,-2
2022-09-16 15:50:28.036,14441,14443,14441,3,-3
2022-09-16 15:50:28.256,14441,14443,14441,1,-1
2022-09-16 15:50:28.824,14441,14443,14441,3,-3
2022-09-16 15:50:28.961,14441,14443,14443,1,1
2022-09-16 15:50:29.032,14441,14443,14441,1,-1
2022-09-16 15:50:31.322,14441,14443,14441,2,-2
2022-09-16 15:50:31.368,14441,14443,14441,1,-1
2022-09-16 15:50:31.999,14441,14442,14441,3,-3
2022-09-16 15:50:32.698,14441,14442,14441,3,-3
2022-09-16 15:50:34.855,14441,14442,14441,1,-1
2022-09-16 15:50:35.590,14440,14442,14440,1,-1
2022-09-16 15:50:35.897,14440,14442,14441,1,-1
2022-09-16 15:50:36.152,14441,14443,14441,1,-1
2022-09-16 15:50:36.276,14441,14443,14443,1,1
2022-09-16 15:50:36.663,14442,14443,14442,1,-1
2022-09-16 15:50:37.404,14442,14443,14443,1,1
2022-09-16 15:50:38.635,14443,14444,14443,3,-3
2022-09-16 15:50:40.806,14443,14444,14443,2,-2
2022-09-16 15:50:45.641,14442,14443,14443,1,1
2022-09-16 15:50:46.900,14443,14444,14443,1,-1
2022-09-16 15:50:49.495,14443,14444,14443,1,-1
2022-09-16 15:50:49.560,14443,14444,14444,17,17
2022-09-16 15:50:50.625,14444,14445,14444,2,-2
2022-09-16 15:50:50.787,14443,14445,14443,5,-5
2022-09-16 15:50:50.852,14443,14445,14443,1,-1
2022-09-16 15:50:51.612,14443,14445,14443,1,-1
2022-09-16 15:50:53.091,14442,14443,14443,1,1
2022-09-16 15:50:53.238,14442,14444,14444,1,1
2022-09-16 15:50:54.064,14443,14445,14443,3,-3
2022-09-16 15:50:54.800,14442,14444,14442,1,-1
2022-09-16 15:50:55.746,14443,14445,14443,2,-2
2022-09-16 15:50:55.790,14443,14445,14442,1,-1
2022-09-16 15:50:56.152,14442,14443,14443,2,2
2022-09-16 15:50:57.823,14442,14444,14444,1,1
2022-09-16 15:51:00.503,14442,14443,14443,1,1
2022-09-16 15:51:00.844,14442,14444,14443,1,1
2022-09-16 15:51:00.913,14442,14444,14442,1,-1
2022-09-16 15:51:00.919,14442,14444,14442,1,-1
2022-09-16 15:51:00.947,14442,14443,14442,1,-1
2022-09-16 15:51:00.954,14442,14443,14442,1,-1
2022-09-16 15:51:01.178,14442,14443,14442,1,-1
2022-09-16 15:51:01.429,14442,14444,14442,1,-1
2022-09-16 15:51:01.685,14442,14444,14442,1,-1
2022-09-16 15:51:01.785,14442,14444,14442,1,-1
2022-09-16 15:51:04.649,14443,14444,14444,1,1
2022-09-16 15:51:07.724,14444,14445,14444,5,-5
2022-09-16 15:51:08.121,14444,14445,14444,1,-1
2022-09-16 15:51:08.150,14444,14445,14444,1,-1
2022-09-16 15:51:08.150,14444,14445,14443,2,-2
2022-09-16 15:51:14.132,14444,14445,14444,1,-1
2022-09-16 15:51:14.542,14443,14445,14443,1,-1
2022-09-16 15:51:15.442,14443,14444,14443,1,-1
2022-09-16 15:51:15.442,14443,14444,14443,1,-1
2022-09-16 15:51:15.442,14443,14444,14443,1,-1
2022-09-16 15:51:15.443,14443,14444,14443,1,-1
2022-09-16 15:51:15.444,14443,14444,14443,1,-1
2022-09-16 15:51:15.447,14443,14444,14443,1,-1
2022-09-16 15:51:15.480,14443,14444,14443,1,-1
2022-09-16 15:51:15.480,14443,14444,14443,1,-1
2022-09-16 15:51:15.480,14443,14444,14443,1,-1
2022-09-16 15:51:15.718,14443,14444,14443,1,-1
2022-09-16 15:51:18.110,14442,14443,14442,1,-1
2022-09-16 15:51:20.957,14442,14443,14442,1,-1
2022-09-16 15:51:20.957,14442,14443,14442,1,-1
2022-09-16 15:51:20.957,14442,14443,14442,1,-1
2022-09-16 15:51:20.957,14442,14443,14442,1,-1
2022-09-16 15:51:20.957,14442,14443,14442,6,-6
2022-09-16 15:51:20.957,14442,14443,14442,1,-1
2022-09-16 15:51:20.957,14442,14443,14442,5,-5
2022-09-16 15:51:21.331,14441,14442,14442,2,2
2022-09-16 15:51:21.545,14441,14442,14442,2,2
2022-09-16 15:51:21.934,14441,14442,14442,1,1
2022-09-16 15:51:27.602,14442,14443,14443,1,1
2022-09-16 15:51:31.521,14442,14443,14442,1,-1
2022-09-16 15:51:31.550,14442,14443,14442,1,-1
2022-09-16 15:51:31.778,14442,14443,14442,1,-1
2022-09-16 15:51:32.647,14442,14443,14442,1,-1
2022-09-16 15:51:34.399,14442,14443,14442,3,-3
2022-09-16 15:51:34.400,14442,14443,14442,1,-1
2022-09-16 15:51:38.112,14442,14443,14442,10,-10
2022-09-16 15:51:38.894,14441,14442,14442,1,1
2022-09-16 15:51:38.919,14441,14442,14442,5,5
2022-09-16 15:51:43.453,14441,14442,14441,1,-1
2022-09-16 15:51:44.396,14441,14442,14442,2,2
2022-09-16 15:51:50.986,14441,14442,14441,1,-1
2022-09-16 15:51:52.122,14441,14442,14441,2,-2
2022-09-16 15:51:52.214,14441,14442,14442,2,2
2022-09-16 15:51:52.215,14441,14442,14442,2,2
2022-09-16 15:51:52.215,14441,14442,14442,1,1
2022-09-16 15:51:53.084,14442,14443,14442,1,-1
2022-09-16 15:51:53.282,14442,14443,14443,1,1
2022-09-16 15:51:55.070,14442,14443,14442,1,-1
2022-09-16 15:51:58.683,14442,14443,14442,2,-2
2022-09-16 15:52:00.588,14442,14443,14443,1,1
2022-09-16 15:52:00.589,14442,14443,14443,1,1
2022-09-16 15:52:00.589,14442,14443,14443,1,1
2022-09-16 15:52:00.589,14442,14443,14443,6,6
2022-09-16 15:52:01.050,14443,14445,14443,1,-1
2022-09-16 15:52:01.797,14443,14445,14443,1,-1
2022-09-16 15:52:02.390,14443,14445,14443,1,-1
2022-09-16 15:52:04.654,14442,14443,14443,2,2
2022-09-16 15:52:08.297,14444,14445,14445,3,3
2022-09-16 15:52:08.297,14444,14445,14445,1,1
2022-09-16 15:52:08.297,14444,14445,14445,1,1
2022-09-16 15:52:08.297,14444,14445,14445,4,4
2022-09-16 15:52:08.359,14445,14446,14446,1,1
2022-09-16 15:52:09.062,14445,14447,14445,1,-1
2022-09-16 15:52:10.845,14444,14446,14445,1,-1
2022-09-16 15:52:18.417,14446,14447,14447,1,1
2022-09-16 15:52:18.418,14446,14447,14447,1,1
2022-09-16 15:52:19.049,14446,14448,14446,1,-1
2022-09-16 15:52:21.602,14446,14447,14447,1,1
2022-09-16 15:52:21.602,14446,14447,14448,1,1
2022-09-16 15:52:23.045,14447,14448,14447,1,-1
2022-09-16 15:52:23.874,14446,14448,14448,1,1
2022-09-16 15:52:30.805,14446,14447,14446,2,-2
2022-09-16 15:52:30.806,14446,14447,14446,1,-1
2022-09-16 15:52:31.414,14445,14446,14446,10,10
2022-09-16 15:52:36.543,14445,14446,14446,9,9
2022-09-16 15:52:39.041,14445,14446,14446,1,1
2022-09-16 15:52:39.396,14445,14446,14446,1,1
2022-09-16 15:52:39.396,14445,14446,14446,3,3
2022-09-16 15:52:40.523,14446,14447,14447,1,1
2022-09-16 15:52:40.523,14446,14447,14447,8,8
2022-09-16 15:52:40.523,14446,14447,14447,2,2
2022-09-16 15:52:40.523,14446,14447,14447,9,9
2022-09-16 15:52:46.961,14446,14447,14446,3,-3
2022-09-16 15:52:49.759,14445,14446,14445,1,-1
2022-09-16 15:52:49.759,14445,14446,14445,4,-4
2022-09-16 15:52:54.751,14444,14445,14445,1,1
2022-09-16 15:52:54.976,14444,14445,14445,1,1
2022-09-16 15:52:55.066,14444,14445,14445,1,1
2022-09-16 15:52:55.066,14444,14445,14445,1,1
2022-09-16 15:52:57.089,14444,14445,14444,1,-1
2022-09-16 15:52:57.089,14444,14445,14444,1,-1
2022-09-16 15:52:57.089,14444,14445,14444,2,-2
2022-09-16 15:53:02.174,14443,14444,14443,1,-1
2022-09-16 15:53:02.948,14442,14444,14442,1,-1
2022-09-16 15:53:04.140,14442,14443,14442,2,-2
2022-09-16 15:53:04.165,14442,14443,14443,5,5
2022-09-16 15:53:04.478,14441,14443,14443,1,1
2022-09-16 15:53:04.933,14441,14443,14443,1,1
