2020-04-23 15:00:00.018,10305,10306,10308,67,67
2020-04-23 15:00:00.020,10307,10308,10307,1,-1
2020-04-23 15:00:00.199,10307,10308,10308,1,1
2020-04-23 15:00:00.205,10307,10308,10308,1,1
2020-04-23 15:00:00.207,10307,10308,10308,3,3
2020-04-23 15:00:00.207,10307,10308,10309,4,4
2020-04-23 15:00:00.207,10307,10308,10310,3,3
2020-04-23 15:00:00.207,10307,10308,10311,1,1
2020-04-23 15:00:00.207,10307,10308,10312,4,4
2020-04-23 15:00:00.211,10307,10308,10312,1,1
2020-04-23 15:00:00.213,10307,10308,10312,2,2
2020-04-23 15:00:00.213,10307,10308,10312,1,1
2020-04-23 15:00:00.228,10307,10308,10312,6,6
2020-04-23 15:00:00.234,10307,10308,10312,1,1
2020-04-23 15:00:00.263,10307,10308,10313,1,1
2020-04-23 15:00:00.298,10307,10313,10313,1,1
2020-04-23 15:00:00.319,10307,10313,10313,1,1
2020-04-23 15:00:00.333,10307,10313,10313,2,2
2020-04-23 15:00:00.336,10307,10313,10313,1,1
2020-04-23 15:00:00.383,10307,10313,10313,1,1
2020-04-23 15:00:00.490,10307,10313,10313,1,1
2020-04-23 15:00:00.499,10307,10313,10307,1,-1
2020-04-23 15:00:00.516,10307,10313,10307,1,-1
2020-04-23 15:00:00.522,10307,10313,10307,1,-1
2020-04-23 15:00:00.542,10307,10313,10307,1,-1
2020-04-23 15:00:00.550,10307,10313,10307,1,-1
2020-04-23 15:00:00.583,10307,10313,10307,1,-1
2020-04-23 15:00:00.622,10307,10313,10308,1,1
2020-04-23 15:00:00.622,10307,10313,10307,1,-1
2020-04-23 15:00:00.622,10307,10313,10306,1,-1
2020-04-23 15:00:00.636,10307,10313,10310,1,1
2020-04-23 15:00:00.636,10307,10313,10311,1,1
2020-04-23 15:00:00.691,10307,10311,10307,1,-1
2020-04-23 15:00:00.691,10307,10311,10306,1,-1
2020-04-23 15:00:00.711,10307,10311,10311,1,1
2020-04-23 15:00:00.711,10307,10311,10312,1,1
2020-04-23 15:00:00.766,10307,10311,10312,1,1
2020-04-23 15:00:00.766,10307,10311,10313,2,2
2020-04-23 15:00:00.971,10308,10310,10311,1,1
2020-04-23 15:00:01.131,10308,10312,10312,2,2
2020-04-23 15:00:01.200,10308,10313,10310,1,-1
2020-04-23 15:00:01.268,10308,10313,10313,2,2
2020-04-23 15:00:01.434,10308,10314,10311,1,-1
2020-04-23 15:00:01.469,10308,10314,10310,1,-1
2020-04-23 15:00:01.469,10308,10314,10309,1,-1
2020-04-23 15:00:01.469,10308,10314,10308,2,-2
2020-04-23 15:00:01.672,10308,10312,10312,1,1
2020-04-23 15:00:01.672,10308,10312,10313,1,1
2020-04-23 15:00:01.695,10308,10312,10314,3,3
2020-04-23 15:00:01.875,10308,10314,10314,1,1
2020-04-23 15:00:02.074,10309,10313,10309,1,-1
2020-04-23 15:00:02.141,10309,10313,10310,1,1
2020-04-23 15:00:02.141,10309,10313,10313,2,2
2020-04-23 15:00:02.198,10309,10311,10311,1,1
2020-04-23 15:00:02.237,10309,10311,10311,2,2
2020-04-23 15:00:02.243,10309,10311,10311,4,4
2020-04-23 15:00:02.243,10309,10311,10313,1,1
2020-04-23 15:00:02.456,10310,10313,10313,1,1
2020-04-23 15:00:02.456,10310,10313,10313,2,2
2020-04-23 15:00:02.456,10310,10313,10314,2,2
2020-04-23 15:00:02.456,10310,10313,10315,1,1
2020-04-23 15:00:02.508,10310,10313,10314,1,1
2020-04-23 15:00:02.653,10312,10315,10315,1,1
2020-04-23 15:00:02.724,10312,10315,10315,1,1
2020-04-23 15:00:02.979,10313,10315,10313,1,-1
2020-04-23 15:00:03.109,10312,10314,10314,1,1
2020-04-23 15:00:03.133,10312,10314,10314,1,1
2020-04-23 15:00:03.239,10312,10313,10312,1,-1
2020-04-23 15:00:03.264,10312,10313,10313,1,1
2020-04-23 15:00:03.266,10312,10313,10312,2,-2
2020-04-23 15:00:03.266,10312,10313,10311,3,-3
2020-04-23 15:00:03.678,10310,10311,10310,1,-1
2020-04-23 15:00:04.992,10309,10311,10311,1,1
2020-04-23 15:00:05.724,10309,10311,10311,2,2
2020-04-23 15:00:06.409,10309,10311,10309,1,-1
2020-04-23 15:00:06.421,10309,10310,10309,1,-1
2020-04-23 15:00:07.667,10308,10309,10309,1,1
2020-04-23 15:00:08.136,10308,10310,10308,1,-1
2020-04-23 15:00:08.213,10307,10309,10307,1,-1
2020-04-23 15:00:08.597,10307,10309,10309,1,1
2020-04-23 15:00:09.120,10307,10309,10307,1,-1
2020-04-23 15:00:09.459,10307,10309,10309,2,2
2020-04-23 15:00:09.766,10307,10309,10307,1,-1
2020-04-23 15:00:10.279,10306,10308,10308,2,2
2020-04-23 15:00:10.619,10306,10308,10306,1,-1
2020-04-23 15:00:11.033,10306,10308,10307,1,1
2020-04-23 15:00:11.047,10306,10308,10308,1,1
2020-04-23 15:00:11.342,10306,10308,10306,1,-1
2020-04-23 15:00:11.987,10306,10308,10307,1,1
2020-04-23 15:00:12.895,10307,10308,10307,1,-1
2020-04-23 15:00:13.082,10307,10308,10308,2,2
2020-04-23 15:00:13.211,10307,10308,10308,1,1
2020-04-23 15:00:13.729,10307,10309,10308,1,-1
2020-04-23 15:00:13.813,10307,10309,10307,3,-3
2020-04-23 15:00:13.842,10307,10309,10308,1,1
2020-04-23 15:00:14.292,10307,10309,10309,1,1
2020-04-23 15:00:14.437,10307,10309,10307,1,-1
2020-04-23 15:00:15.015,10306,10307,10307,1,1
2020-04-23 15:00:15.125,10306,10308,10308,1,1
2020-04-23 15:00:15.447,10306,10307,10307,2,2
2020-04-23 15:00:15.482,10306,10307,10306,1,-1
2020-04-23 15:00:15.582,10306,10308,10306,1,-1
2020-04-23 15:00:15.666,10306,10308,10306,1,-1
2020-04-23 15:00:15.670,10306,10308,10306,1,-1
2020-04-23 15:00:15.670,10306,10308,10306,1,-1
2020-04-23 15:00:16.443,10305,10307,10307,1,1
2020-04-23 15:00:17.068,10305,10307,10307,2,2
2020-04-23 15:00:17.122,10305,10307,10305,1,-1
2020-04-23 15:00:17.437,10306,10307,10306,1,1
2020-04-23 15:00:17.522,10306,10307,10307,1,1
2020-04-23 15:00:17.548,10306,10307,10307,1,1
2020-04-23 15:00:17.639,10306,10307,10307,2,2
2020-04-23 15:00:19.386,10307,10308,10307,1,-1
2020-04-23 15:00:19.387,10307,10308,10307,1,-1
2020-04-23 15:00:20.337,10306,10307,10307,1,1
2020-04-23 15:00:21.941,10306,10307,10306,1,-1
2020-04-23 15:00:21.941,10306,10307,10306,3,-3
2020-04-23 15:00:21.942,10306,10307,10306,1,-1
2020-04-23 15:00:22.254,10305,10306,10307,1,1
2020-04-23 15:00:22.428,10305,10307,10307,1,1
2020-04-23 15:00:22.850,10305,10307,10307,2,2
2020-04-23 15:00:24.225,10306,10307,10306,1,-1
2020-04-23 15:00:24.294,10306,10307,10307,1,1
2020-04-23 15:00:24.780,10305,10306,10306,1,1
2020-04-23 15:00:26.123,10305,10307,10307,3,3
2020-04-23 15:00:27.048,10306,10307,10306,1,-1
2020-04-23 15:00:28.709,10306,10307,10306,1,-1
2020-04-23 15:00:29.964,10306,10307,10307,2,2
2020-04-23 15:00:30.882,10306,10307,10307,6,6
2020-04-23 15:00:30.962,10307,10308,10307,1,-1
2020-04-23 15:00:32.309,10307,10308,10307,4,-4
2020-04-23 15:00:32.309,10307,10308,10306,12,-12
2020-04-23 15:00:32.336,10307,10308,10307,1,1
2020-04-23 15:00:33.935,10307,10308,10308,6,6
2020-04-23 15:00:34.303,10307,10308,10307,2,-2
2020-04-23 15:00:34.782,10307,10308,10307,1,-1
2020-04-23 15:00:35.142,10307,10308,10307,3,-3
2020-04-23 15:00:36.324,10307,10308,10308,4,4
2020-04-23 15:00:37.062,10307,10308,10308,2,2
2020-04-23 15:00:37.062,10307,10308,10309,1,1
2020-04-23 15:00:37.068,10307,10308,10307,1,-1
2020-04-23 15:00:37.329,10307,10309,10309,1,1
2020-04-23 15:00:37.570,10307,10309,10307,1,-1
2020-04-23 15:00:38.993,10307,10308,10308,2,2
2020-04-23 15:00:39.278,10307,10309,10307,2,-2
2020-04-23 15:00:40.343,10307,10309,10307,1,-1
2020-04-23 15:00:41.683,10308,10309,10308,2,2
2020-04-23 15:00:42.250,10308,10309,10309,1,1
2020-04-23 15:00:43.786,10308,10309,10308,1,-1
2020-04-23 15:00:43.885,10308,10309,10308,1,-1
2020-04-23 15:00:44.237,10307,10309,10309,1,1
2020-04-23 15:00:44.969,10307,10309,10308,1,-1
2020-04-23 15:00:45.312,10307,10308,10308,1,1
2020-04-23 15:00:47.130,10307,10308,10307,1,-1
2020-04-23 15:00:47.282,10307,10308,10307,1,-1
2020-04-23 15:00:47.318,10307,10308,10307,5,-5
2020-04-23 15:00:47.318,10307,10308,10307,2,-2
2020-04-23 15:00:47.318,10307,10308,10307,5,-5
2020-04-23 15:00:47.855,10306,10307,10307,1,1
2020-04-23 15:00:48.398,10306,10307,10306,3,-3
2020-04-23 15:00:48.636,10306,10307,10306,1,-1
2020-04-23 15:00:49.967,10306,10307,10306,1,-1
2020-04-23 15:00:50.278,10306,10307,10307,1,1
2020-04-23 15:00:50.473,10306,10307,10307,1,1
2020-04-23 15:00:50.528,10306,10307,10307,2,2
2020-04-23 15:00:50.890,10306,10307,10307,1,1
2020-04-23 15:00:53.314,10306,10307,10307,5,5
2020-04-23 15:00:53.314,10306,10307,10308,2,2
2020-04-23 15:00:54.222,10307,10308,10307,1,-1
2020-04-23 15:00:54.800,10307,10308,10307,1,-1
2020-04-23 15:00:56.287,10307,10308,10308,5,5
2020-04-23 15:00:56.287,10307,10308,10308,3,3
2020-04-23 15:00:57.735,10308,10309,10309,1,1
2020-04-23 15:00:57.735,10308,10309,10309,4,4
2020-04-23 15:00:57.735,10308,10309,10309,1,1
2020-04-23 15:00:57.735,10308,10309,10309,2,2
2020-04-23 15:00:59.045,10309,10310,10310,1,1
2020-04-23 15:00:59.353,10309,10310,10310,1,1
2020-04-23 15:00:59.374,10309,10310,10310,1,1
2020-04-23 15:00:59.843,10309,10310,10309,2,-2
2020-04-23 15:01:00.042,10309,10310,10310,1,1
2020-04-23 15:01:00.095,10309,10310,10310,1,1
2020-04-23 15:01:00.095,10309,10310,10310,1,1
2020-04-23 15:01:00.095,10309,10310,10310,1,1
2020-04-23 15:01:00.340,10309,10311,10311,1,1
2020-04-23 15:01:01.061,10310,10311,10310,1,-1
2020-04-23 15:01:01.357,10310,10311,10311,1,1
2020-04-23 15:01:01.433,10310,10311,10311,1,1
2020-04-23 15:01:01.435,10310,10311,10311,1,1
2020-04-23 15:01:01.436,10310,10311,10311,1,1
2020-04-23 15:01:01.438,10310,10311,10312,1,1
2020-04-23 15:01:01.439,10310,10311,10312,1,1
2020-04-23 15:01:01.441,10310,10311,10312,1,1
2020-04-23 15:01:01.445,10310,10311,10312,1,1
2020-04-23 15:01:01.449,10310,10311,10312,1,1
2020-04-23 15:01:01.450,10310,10311,10312,1,1
2020-04-23 15:01:01.452,10310,10311,10313,5,5
2020-04-23 15:01:01.525,10310,10311,10311,3,3
2020-04-23 15:01:01.529,10310,10311,10311,1,1
2020-04-23 15:01:02.011,10310,10312,10312,1,1
2020-04-23 15:01:02.230,10310,10312,10312,1,1
2020-04-23 15:01:02.735,10310,10312,10312,1,1
2020-04-23 15:01:02.796,10311,10312,10311,1,-1
2020-04-23 15:01:03.046,10310,10311,10310,5,-5
2020-04-23 15:01:03.904,10309,10310,10310,1,1
2020-04-23 15:01:04.077,10309,10311,10311,1,1
2020-04-23 15:01:04.426,10309,10310,10309,1,-1
2020-04-23 15:01:04.921,10308,10309,10308,1,-1
2020-04-23 15:01:05.769,10307,10309,10307,1,-1
2020-04-23 15:01:06.138,10307,10309,10309,1,1
2020-04-23 15:01:06.785,10308,10310,10308,1,-1
2020-04-23 15:01:06.796,10308,10309,10308,2,-2
2020-04-23 15:01:07.104,10307,10309,10309,1,1
2020-04-23 15:01:07.562,10308,10310,10308,1,-1
2020-04-23 15:01:08.546,10308,10309,10308,1,-1
2020-04-23 15:01:08.734,10307,10309,10309,1,1
2020-04-23 15:01:09.466,10307,10309,10309,5,5
2020-04-23 15:01:09.711,10308,10310,10310,5,5
2020-04-23 15:01:09.767,10308,10310,10310,1,1
2020-04-23 15:01:09.947,10308,10310,10310,4,4
2020-04-23 15:01:09.947,10308,10310,10311,1,1
2020-04-23 15:01:10.164,10309,10311,10311,5,5
2020-04-23 15:01:11.707,10309,10311,10311,3,3
2020-04-23 15:01:11.809,10309,10311,10309,6,-6
2020-04-23 15:01:12.586,10308,10309,10308,1,-1
2020-04-23 15:01:14.088,10308,10309,10309,1,1
2020-04-23 15:01:15.148,10308,10309,10309,1,1
2020-04-23 15:01:15.196,10308,10310,10308,1,-1
2020-04-23 15:01:15.755,10308,10310,10308,1,-1
2020-04-23 15:01:16.337,10308,10310,10308,1,-1
2020-04-23 15:01:16.502,10308,10310,10308,1,-1
2020-04-23 15:01:18.132,10308,10309,10309,1,1
2020-04-23 15:01:20.565,10308,10309,10308,5,-5
2020-04-23 15:01:22.249,10308,10309,10308,1,-1
2020-04-23 15:01:22.899,10308,10309,10308,1,-1
2020-04-23 15:01:23.941,10308,10309,10308,2,-2
2020-04-23 15:01:23.941,10308,10309,10308,1,-1
2020-04-23 15:01:23.941,10308,10309,10308,1,-1
2020-04-23 15:01:25.766,10308,10309,10309,1,1
2020-04-23 15:01:26.850,10308,10309,10309,2,2
2020-04-23 15:01:26.850,10308,10309,10309,2,2
2020-04-23 15:01:26.850,10308,10309,10309,2,2
2020-04-23 15:01:27.152,10308,10310,10308,3,-3
2020-04-23 15:01:28.251,10309,10310,10310,2,2
2020-04-23 15:01:28.252,10309,10310,10310,1,1
2020-04-23 15:01:28.252,10309,10310,10310,3,3
2020-04-23 15:01:28.483,10310,10311,10310,1,-1
2020-04-23 15:01:29.374,10309,10310,10310,1,1
2020-04-23 15:01:31.661,10310,10311,10310,1,-1
2020-04-23 15:01:31.662,10310,10311,10310,1,-1
2020-04-23 15:01:32.048,10309,10311,10311,1,1
2020-04-23 15:01:32.516,10309,10311,10309,1,-1
2020-04-23 15:01:34.039,10309,10310,10310,3,3
2020-04-23 15:01:34.839,10309,10310,10310,2,2
2020-04-23 15:01:34.840,10309,10310,10310,3,3
2020-04-23 15:01:35.326,10309,10310,10309,4,-4
2020-04-23 15:01:35.326,10309,10310,10309,2,-2
2020-04-23 15:01:36.810,10308,10309,10309,1,1
2020-04-23 15:01:38.863,10308,10309,10309,1,1
2020-04-23 15:01:39.606,10308,10309,10309,1,1
2020-04-23 15:01:40.546,10308,10309,10309,1,1
2020-04-23 15:01:40.732,10308,10310,10308,1,-1
2020-04-23 15:01:42.995,10308,10309,10309,1,1
2020-04-23 15:01:42.995,10308,10309,10310,4,4
2020-04-23 15:01:43.814,10308,10310,10310,5,5
2020-04-23 15:01:48.954,10309,10310,10309,1,-1
2020-04-23 15:01:49.588,10309,10310,10310,2,2
2020-04-23 15:01:50.051,10309,10310,10310,2,2
2020-04-23 15:01:52.442,10309,10310,10310,1,1
2020-04-23 15:01:53.537,10309,10310,10310,1,1
2020-04-23 15:01:54.298,10309,10310,10310,2,2
2020-04-23 15:01:54.385,10309,10310,10309,1,-1
2020-04-23 15:01:55.251,10309,10310,10309,1,-1
2020-04-23 15:01:56.228,10309,10310,10309,1,-1
2020-04-23 15:01:59.154,10309,10310,10309,4,-4
2020-04-23 15:01:59.223,10309,10310,10310,2,2
2020-04-23 15:02:01.733,10309,10310,10309,2,-2
2020-04-23 15:02:01.893,10309,10310,10310,1,1
2020-04-23 15:02:02.332,10309,10310,10310,5,5
2020-04-23 15:02:03.556,10309,10310,10310,1,1
2020-04-23 15:02:03.729,10309,10310,10310,4,4
2020-04-23 15:02:03.729,10309,10310,10311,1,1
2020-04-23 15:02:04.315,10309,10311,10311,5,5
2020-04-23 15:02:05.211,10310,10311,10310,1,-1
2020-04-23 15:02:05.549,10309,10311,10311,4,4
2020-04-23 15:02:05.697,10309,10311,10311,4,4
2020-04-23 15:02:05.909,10309,10311,10309,2,-2
2020-04-23 15:02:06.792,10310,10311,10310,1,1
2020-04-23 15:02:07.869,10309,10310,10310,4,4
2020-04-23 15:02:07.869,10309,10310,10311,1,1
2020-04-23 15:02:08.629,10309,10310,10309,1,-1
2020-04-23 15:02:10.215,10309,10310,10310,1,1
2020-04-23 15:02:11.447,10309,10310,10310,2,2
2020-04-23 15:02:11.448,10309,10310,10310,1,1
2020-04-23 15:02:12.490,10309,10311,10311,10,10
2020-04-23 15:02:15.908,10310,10311,10311,1,1
2020-04-23 15:02:17.604,10310,10312,10310,1,-1
2020-04-23 15:02:19.969,10311,10312,10311,1,1
2020-04-23 15:02:24.864,10311,10312,10311,1,-1
2020-04-23 15:02:25.164,10310,10312,10311,1,-1
2020-04-23 15:02:25.296,10310,10311,10310,2,-2
2020-04-23 15:02:25.784,10309,10311,10309,1,-1
2020-04-23 15:02:25.833,10309,10311,10309,1,-1
2020-04-23 15:02:25.899,10309,10311,10310,1,1
2020-04-23 15:02:28.242,10309,10311,10311,1,1
2020-04-23 15:02:28.585,10310,10311,10310,1,-1
2020-04-23 15:02:28.645,10310,10311,10310,1,-1
2020-04-23 15:02:28.761,10310,10311,10310,1,-1
2020-04-23 15:02:29.477,10310,10311,10310,1,-1
2020-04-23 15:02:31.622,10309,10311,10311,5,5
2020-04-23 15:02:35.268,10309,10311,10310,1,-1
2020-04-23 15:02:41.085,10309,10310,10310,2,2
2020-04-23 15:02:41.636,10309,10310,10310,1,1
2020-04-23 15:02:43.854,10310,10311,10310,1,-1
2020-04-23 15:02:46.473,10309,10310,10309,1,-1
2020-04-23 15:02:48.040,10309,10310,10310,1,1
2020-04-23 15:02:49.034,10309,10310,10310,2,2
2020-04-23 15:02:49.173,10310,10311,10310,2,-2
2020-04-23 15:02:51.278,10310,10311,10311,1,1
2020-04-23 15:02:51.279,10310,10311,10311,5,5
2020-04-23 15:02:51.279,10310,10311,10311,2,2
2020-04-23 15:02:51.279,10310,10311,10311,2,2
2020-04-23 15:02:51.279,10310,10311,10311,12,12
2020-04-23 15:02:51.279,10310,10311,10311,4,4
2020-04-23 15:02:51.279,10310,10311,10311,1,1
2020-04-23 15:02:52.256,10311,10312,10311,2,-2
2020-04-23 15:02:52.871,10310,10312,10312,5,5
2020-04-23 15:02:54.420,10310,10312,10310,1,-1
2020-04-23 15:03:00.706,10310,10311,10311,1,1
2020-04-23 15:03:00.883,10310,10311,10310,3,-3
2020-04-23 15:03:00.883,10310,10311,10310,3,-3
2020-04-23 15:03:02.380,10309,10310,10310,1,1
2020-04-23 15:03:02.514,10309,10310,10310,2,2
2020-04-23 15:03:02.655,10309,10310,10309,10,-10
2020-04-23 15:03:03.685,10308,10309,10308,12,-12
2020-04-23 15:03:05.034,10307,10309,10307,1,-1
2020-04-23 15:03:05.584,10307,10308,10307,10,-10
2020-04-23 15:03:06.828,10307,10308,10308,1,1
2020-04-23 15:03:07.343,10307,10309,10307,1,-1
2020-04-23 15:03:09.914,10307,10308,10307,1,-1
2020-04-23 15:03:11.639,10307,10308,10308,1,1
2020-04-23 15:03:12.134,10307,10308,10307,1,-1
2020-04-23 15:03:12.932,10307,10308,10308,3,3
2020-04-23 15:03:12.933,10307,10308,10308,2,2
2020-04-23 15:03:13.160,10308,10309,10309,1,1
2020-04-23 15:03:18.066,10308,10310,10308,1,-1
2020-04-23 15:03:18.403,10308,10309,10308,5,-5
2020-04-23 15:03:20.028,10308,10309,10309,5,5
2020-04-23 15:03:20.679,10308,10309,10308,1,-1
2020-04-23 15:03:23.655,10307,10309,10307,1,-1
2020-04-23 15:03:24.805,10307,10308,10308,1,1
2020-04-23 15:03:25.189,10307,10308,10308,1,1
2020-04-23 15:03:26.227,10307,10308,10307,1,-1
2020-04-23 15:03:26.227,10307,10308,10307,3,-3
2020-04-23 15:03:26.855,10306,10307,10307,1,1
2020-04-23 15:03:27.764,10306,10307,10306,4,-4
2020-04-23 15:03:27.765,10306,10307,10306,4,-4
2020-04-23 15:03:27.766,10306,10307,10306,1,-1
2020-04-23 15:03:27.767,10306,10307,10306,1,-1
2020-04-23 15:03:32.048,10305,10306,10305,1,-1
2020-04-23 15:03:32.642,10305,10306,10305,1,-1
2020-04-23 15:03:32.646,10305,10306,10305,1,-1
2020-04-23 15:03:32.716,10305,10306,10305,1,-1
2020-04-23 15:03:32.918,10305,10306,10305,4,-4
2020-04-23 15:03:32.918,10305,10306,10305,1,-1
2020-04-23 15:03:32.919,10305,10306,10305,4,-4
2020-04-23 15:03:33.403,10304,10306,10306,2,2
2020-04-23 15:03:33.578,10304,10305,10305,1,1
2020-04-23 15:03:35.311,10304,10305,10304,1,-1
2020-04-23 15:03:35.442,10304,10305,10304,1,-1
2020-04-23 15:03:35.453,10304,10305,10304,2,-2
2020-04-23 15:03:35.696,10304,10305,10305,1,1
2020-04-23 15:03:35.750,10304,10305,10304,1,-1
2020-04-23 15:03:35.864,10304,10305,10305,1,1
2020-04-23 15:03:36.481,10304,10305,10305,1,1
2020-04-23 15:03:36.618,10304,10305,10303,1,-1
2020-04-23 15:03:40.536,10303,10304,10303,1,-1
2020-04-23 15:03:41.035,10303,10304,10303,2,-2
2020-04-23 15:03:41.405,10303,10304,10303,4,-4
2020-04-23 15:03:42.180,10303,10304,10303,2,-2
2020-04-23 15:03:43.294,10303,10304,10303,1,-1
2020-04-23 15:03:43.758,10303,10304,10304,6,6
2020-04-23 15:03:43.861,10303,10305,10304,1,-1
2020-04-23 15:03:44.229,10304,10305,10304,1,-1
2020-04-23 15:03:45.171,10304,10305,10305,1,1
2020-04-23 15:03:45.945,10304,10305,10304,1,-1
2020-04-23 15:03:47.464,10304,10305,10304,1,-1
2020-04-23 15:03:49.989,10304,10305,10304,1,-1
2020-04-23 15:03:50.194,10304,10305,10305,12,12
2020-04-23 15:03:50.194,10304,10305,10305,3,3
2020-04-23 15:03:50.194,10304,10305,10305,1,1
2020-04-23 15:03:50.194,10304,10305,10305,10,10
2020-04-23 15:03:50.194,10304,10305,10305,4,4
2020-04-23 15:03:50.766,10304,10306,10304,1,-1
2020-04-23 15:03:52.431,10304,10305,10305,1,1
2020-04-23 15:03:53.671,10305,10306,10306,8,8
2020-04-23 15:03:53.709,10305,10306,10306,1,1
2020-04-23 15:03:53.955,10306,10307,10306,1,-1
2020-04-23 15:03:56.550,10305,10307,10305,6,-6
2020-04-23 15:03:58.073,10305,10306,10305,1,-1
2020-04-23 15:04:00.280,10305,10306,10306,1,1
2020-04-23 15:04:00.280,10305,10306,10307,1,1
2020-04-23 15:04:00.906,10305,10307,10305,1,-1
2020-04-23 15:04:01.457,10305,10306,10305,1,-1
2020-04-23 15:04:01.761,10305,10306,10306,1,1
2020-04-23 15:04:03.197,10305,10306,10305,3,-3
2020-04-23 15:04:03.899,10304,10305,10305,1,1
2020-04-23 15:04:07.231,10304,10305,10304,3,-3
2020-04-23 15:04:07.663,10303,10304,10303,8,-8
2020-04-23 15:04:08.487,10303,10304,10304,2,2
2020-04-23 15:04:10.362,10303,10304,10304,1,1
2020-04-23 15:04:10.362,10303,10304,10305,4,4
2020-04-23 15:04:12.605,10304,10305,10304,2,-2
2020-04-23 15:04:19.019,10303,10304,10304,7,7
2020-04-23 15:04:19.062,10303,10304,10304,3,3
2020-04-23 15:04:19.099,10303,10304,10304,1,1
2020-04-23 15:04:19.099,10303,10304,10304,1,1
2020-04-23 15:04:19.099,10303,10304,10304,4,4
2020-04-23 15:04:19.099,10303,10304,10304,1,1
2020-04-23 15:04:19.099,10303,10304,10304,5,5
2020-04-23 15:04:19.099,10303,10304,10304,2,2
2020-04-23 15:04:20.796,10304,10305,10304,1,-1
2020-04-23 15:04:22.097,10304,10305,10304,1,-1
2020-04-23 15:04:24.703,10304,10305,10304,1,-1
2020-04-23 15:04:29.588,10304,10305,10304,1,-1
2020-04-23 15:04:29.589,10304,10305,10304,1,-1
2020-04-23 15:04:31.048,10304,10305,10305,1,1
2020-04-23 15:04:31.603,10304,10305,10304,1,-1
2020-04-23 15:04:32.241,10303,10304,10303,1,-1
2020-04-23 15:04:32.473,10303,10304,10304,3,3
2020-04-23 15:04:33.625,10303,10304,10303,1,-1
2020-04-23 15:04:39.514,10303,10304,10303,1,-1
2020-04-23 15:04:40.054,10303,10304,10303,1,-1
2020-04-23 15:04:40.983,10303,10304,10303,1,-1
2020-04-23 15:04:41.566,10303,10304,10304,1,1
2020-04-23 15:04:42.562,10303,10304,10303,1,-1
2020-04-23 15:04:44.728,10303,10304,10304,1,1
2020-04-23 15:04:44.742,10303,10304,10304,2,2
2020-04-23 15:04:46.214,10304,10305,10304,1,-1
2020-04-23 15:04:46.942,10304,10305,10304,1,-1
2020-04-23 15:04:48.850,10304,10305,10304,1,-1
2020-04-23 15:04:49.340,10304,10305,10304,1,-1
2020-04-23 15:04:50.254,10303,10304,10304,1,1
2020-04-23 15:04:58.251,10303,10304,10303,1,-1
2020-04-23 15:04:59.477,10303,10304,10303,3,-3
2020-04-23 15:04:59.478,10303,10304,10303,6,-6
2020-04-23 15:04:59.478,10303,10304,10303,1,-1
2020-04-23 15:04:59.587,10302,10303,10303,1,1
2020-04-23 15:05:00.885,10303,10304,10303,2,-2
2020-04-23 15:05:00.885,10303,10304,10302,3,-3
2020-04-23 15:05:01.266,10302,10304,10303,2,2
2020-04-23 15:05:01.289,10302,10304,10303,1,-1
2020-04-23 15:05:01.978,10302,10304,10304,1,1
2020-04-23 15:05:02.156,10302,10304,10302,1,-1
2020-04-23 15:05:03.356,10302,10303,10303,1,1
2020-04-23 15:05:04.410,10302,10304,10302,1,-1
2020-04-23 15:05:09.076,10302,10304,10302,1,-1
2020-04-23 15:05:09.322,10302,10304,10302,3,-3
2020-04-23 15:05:12.333,10302,10303,10303,2,2
2020-04-23 15:05:12.663,10302,10303,10302,1,-1
2020-04-23 15:05:13.332,10302,10303,10302,1,-1
2020-04-23 15:05:13.937,10302,10303,10302,3,-3
2020-04-23 15:05:14.288,10301,10302,10302,1,1
2020-04-23 15:05:14.648,10302,10303,10302,1,-1
2020-04-23 15:05:14.887,10301,10303,10301,2,-2
2020-04-23 15:05:14.898,10301,10303,10301,1,-1
2020-04-23 15:05:16.454,10301,10303,10301,1,-1
2020-04-23 15:05:16.853,10301,10303,10301,2,-2
2020-04-23 15:05:17.652,10301,10302,10302,1,1
2020-04-23 15:05:20.178,10302,10303,10302,2,-2
2020-04-23 15:05:23.221,10301,10303,10302,1,-1
2020-04-23 15:05:23.952,10301,10302,10302,1,1
2020-04-23 15:05:24.960,10302,10303,10303,8,8
2020-04-23 15:05:24.960,10302,10303,10303,1,1
2020-04-23 15:05:25.171,10303,10304,10303,1,-1
2020-04-23 15:05:29.003,10302,10303,10303,1,1
2020-04-23 15:05:29.035,10302,10303,10303,2,2
2020-04-23 15:05:29.046,10303,10304,10303,1,-1
2020-04-23 15:05:29.335,10303,10304,10303,1,-1
2020-04-23 15:05:30.184,10303,10304,10303,1,-1
2020-04-23 15:05:30.925,10303,10304,10303,1,-1
2020-04-23 15:05:31.884,10303,10304,10303,1,-1
2020-04-23 15:05:33.327,10303,10304,10303,1,-1
2020-04-23 15:05:33.752,10303,10304,10303,1,-1
2020-04-23 15:05:35.395,10302,10303,10302,8,-8
2020-04-23 15:05:35.396,10302,10303,10302,8,-8
2020-04-23 15:05:35.396,10302,10303,10302,1,-1
2020-04-23 15:05:35.396,10302,10303,10302,3,-3
2020-04-23 15:05:38.102,10301,10302,10302,1,1
2020-04-23 15:05:38.252,10301,10302,10301,4,-4
2020-04-23 15:05:39.340,10301,10303,10301,5,-5
2020-04-23 15:05:40.079,10301,10302,10301,5,-5
2020-04-23 15:05:41.886,10301,10302,10301,1,-1
2020-04-23 15:05:42.203,10300,10302,10300,1,-1
2020-04-23 15:05:44.122,10300,10301,10300,1,-1
2020-04-23 15:05:45.184,10300,10301,10300,1,-1
2020-04-23 15:05:45.445,10300,10301,10301,1,1
2020-04-23 15:05:45.455,10300,10301,10300,1,-1
2020-04-23 15:05:46.685,10300,10301,10300,1,-1
2020-04-23 15:05:48.284,10300,10301,10300,1,-1
2020-04-23 15:05:48.868,10300,10301,10300,1,-1
2020-04-23 15:05:49.041,10300,10301,10300,1,-1
2020-04-23 15:05:49.073,10300,10301,10300,1,-1
2020-04-23 15:05:50.484,10300,10301,10300,1,-1
2020-04-23 15:05:50.733,10300,10301,10300,2,-2
2020-04-23 15:05:51.104,10300,10301,10300,3,-3
2020-04-23 15:05:51.296,10300,10301,10300,1,-1
2020-04-23 15:05:51.384,10300,10301,10300,2,-2
2020-04-23 15:05:53.833,10300,10301,10300,1,-1
2020-04-23 15:05:54.111,10300,10301,10300,2,-2
2020-04-23 15:05:54.112,10300,10301,10300,2,-2
2020-04-23 15:05:54.112,10300,10301,10300,2,-2
2020-04-23 15:05:54.112,10300,10301,10300,3,-3
2020-04-23 15:05:54.112,10300,10301,10300,1,-1
2020-04-23 15:05:54.112,10300,10301,10300,3,-3
2020-04-23 15:05:54.112,10300,10301,10300,1,-1
2020-04-23 15:05:54.112,10300,10301,10300,2,-2
2020-04-23 15:05:54.112,10300,10301,10300,3,-3
2020-04-23 15:05:54.112,10300,10301,10300,4,-4
2020-04-23 15:05:54.112,10300,10301,10300,1,-1
2020-04-23 15:05:56.286,10299,10300,10300,1,1
2020-04-23 15:05:57.158,10299,10300,10300,1,1
2020-04-23 15:05:57.819,10299,10300,10299,1,-1
2020-04-23 15:05:57.940,10298,10299,10298,1,-1
2020-04-23 15:05:58.131,10298,10299,10298,1,-1
2020-04-23 15:05:58.363,10298,10299,10298,1,-1
2020-04-23 15:05:59.378,10298,10299,10299,2,2
2020-04-23 15:05:59.512,10298,10300,10298,2,-2
2020-04-23 15:06:00.028,10298,10299,10299,1,1
2020-04-23 15:06:00.687,10298,10300,10298,1,-1
2020-04-23 15:06:01.428,10298,10299,10299,1,1
2020-04-23 15:06:03.650,10298,10299,10299,1,1
2020-04-23 15:06:03.799,10299,10300,10299,1,-1
2020-04-23 15:06:04.805,10298,10300,10298,1,-1
2020-04-23 15:06:05.397,10298,10300,10298,2,-2
2020-04-23 15:06:05.407,10298,10300,10299,1,1
2020-04-23 15:06:06.949,10298,10299,10299,1,1
2020-04-23 15:06:08.342,10299,10300,10300,14,14
2020-04-23 15:06:08.685,10300,10301,10300,2,-2
2020-04-23 15:06:08.763,10300,10301,10301,2,2
2020-04-23 15:06:09.190,10299,10301,10299,1,-1
2020-04-23 15:06:10.797,10299,10301,10299,1,-1
2020-04-23 15:06:12.113,10300,10301,10300,4,4
2020-04-23 15:06:12.566,10299,10301,10301,6,6
2020-04-23 15:06:12.671,10300,10301,10301,1,1
2020-04-23 15:06:14.201,10301,10302,10301,1,-1
2020-04-23 15:06:14.582,10300,10302,10300,3,-3
2020-04-23 15:06:14.602,10300,10302,10300,1,-1
2020-04-23 15:06:15.704,10300,10302,10302,1,1
2020-04-23 15:06:16.491,10301,10302,10302,4,4
2020-04-23 15:06:19.929,10301,10302,10302,1,1
2020-04-23 15:06:19.929,10301,10302,10302,1,1
2020-04-23 15:06:19.929,10301,10302,10302,3,3
2020-04-23 15:06:20.506,10301,10303,10303,2,2
2020-04-23 15:06:23.873,10302,10303,10302,1,-1
2020-04-23 15:06:24.654,10302,10303,10302,1,-1
2020-04-23 15:06:24.654,10302,10303,10302,1,-1
2020-04-23 15:06:25.437,10301,10302,10301,1,-1
2020-04-23 15:06:26.265,10301,10302,10302,1,1
2020-04-23 15:06:29.856,10301,10302,10301,2,-2
2020-04-23 15:06:34.558,10300,10302,10300,1,-1
2020-04-23 15:06:35.848,10300,10302,10300,2,-2
2020-04-23 15:06:38.012,10300,10302,10302,1,1
2020-04-23 15:06:39.871,10301,10302,10302,2,2
2020-04-23 15:06:40.942,10301,10302,10302,5,5
2020-04-23 15:06:42.004,10302,10303,10302,1,-1
2020-04-23 15:06:42.774,10302,10303,10302,4,-4
2020-04-23 15:06:42.774,10302,10303,10302,1,-1
2020-04-23 15:06:47.897,10301,10302,10302,2,2
2020-04-23 15:06:48.006,10301,10302,10302,1,1
2020-04-23 15:06:48.188,10302,10303,10302,1,-1
2020-04-23 15:06:49.009,10301,10302,10302,2,2
2020-04-23 15:06:49.528,10301,10303,10303,1,1
2020-04-23 15:06:51.731,10302,10303,10302,1,-1
2020-04-23 15:06:52.747,10302,10303,10302,3,-3
2020-04-23 15:06:52.818,10302,10303,10302,1,-1
2020-04-23 15:06:52.818,10302,10303,10302,2,-2
2020-04-23 15:06:54.381,10301,10302,10301,1,-1
2020-04-23 15:06:54.564,10301,10302,10301,1,-1
2020-04-23 15:06:55.227,10301,10302,10302,3,3
2020-04-23 15:06:55.803,10302,10303,10302,1,-1
2020-04-23 15:06:56.320,10301,10302,10302,1,1
2020-04-23 15:06:56.902,10301,10303,10301,1,-1
2020-04-23 15:06:57.064,10301,10303,10301,1,-1
2020-04-23 15:07:00.245,10302,10303,10302,1,1
2020-04-23 15:07:00.386,10302,10303,10302,1,-1
2020-04-23 15:07:05.567,10302,10303,10302,1,-1
2020-04-23 15:07:05.569,10302,10303,10302,1,-1
2020-04-23 15:07:05.570,10302,10303,10302,1,-1
2020-04-23 15:07:05.570,10302,10303,10302,1,-1
2020-04-23 15:07:05.720,10301,10302,10301,1,-1
2020-04-23 15:07:07.336,10301,10302,10302,2,2
2020-04-23 15:07:07.443,10302,10303,10302,3,-3
2020-04-23 15:07:07.443,10302,10303,10301,3,-3
2020-04-23 15:07:08.421,10301,10302,10301,2,-2
2020-04-23 15:07:14.115,10300,10301,10300,1,-1
2020-04-23 15:07:14.321,10300,10301,10300,1,-1
2020-04-23 15:07:15.029,10300,10301,10300,2,-2
2020-04-23 15:07:15.030,10300,10301,10300,1,-1
2020-04-23 15:07:15.060,10299,10301,10299,1,-1
2020-04-23 15:07:17.295,10299,10300,10299,1,-1
2020-04-23 15:07:18.962,10299,10300,10300,2,2
2020-04-23 15:07:18.963,10299,10300,10300,1,1
2020-04-23 15:07:21.074,10300,10301,10300,1,-1
2020-04-23 15:07:24.204,10299,10300,10300,1,1
2020-04-23 15:07:28.400,10299,10300,10300,3,3
2020-04-23 15:07:28.793,10299,10301,10299,1,-1
2020-04-23 15:07:32.102,10299,10300,10299,8,-8
2020-04-23 15:07:32.103,10299,10300,10299,1,-1
2020-04-23 15:07:33.144,10298,10299,10298,1,-1
2020-04-23 15:07:33.362,10298,10299,10298,1,-1
2020-04-23 15:07:41.142,10298,10299,10298,2,-2
2020-04-23 15:07:43.453,10298,10299,10299,1,1
2020-04-23 15:07:53.438,10299,10300,10299,2,-2
2020-04-23 15:07:53.551,10298,10300,10298,1,-1
2020-04-23 15:07:53.773,10298,10300,10299,1,1
2020-04-23 15:07:56.567,10298,10300,10299,1,-1
2020-04-23 15:07:58.752,10299,10300,10300,1,1
2020-04-23 15:07:58.752,10299,10300,10300,2,2
2020-04-23 15:08:02.442,10299,10300,10299,1,-1
2020-04-23 15:08:09.748,10298,10299,10298,2,-2
2020-04-23 15:08:09.748,10298,10299,10298,1,-1
2020-04-23 15:08:09.748,10298,10299,10298,1,-1
2020-04-23 15:08:09.748,10298,10299,10298,3,-3
2020-04-23 15:08:09.748,10298,10299,10298,2,-2
2020-04-23 15:08:11.424,10298,10299,10298,1,-1
2020-04-23 15:08:12.240,10298,10299,10298,1,-1
2020-04-23 15:08:12.450,10298,10299,10298,1,-1
2020-04-23 15:08:15.264,10298,10299,10298,1,-1
2020-04-23 15:08:16.571,10298,10299,10298,1,-1
2020-04-23 15:08:19.171,10298,10299,10299,1,1
2020-04-23 15:08:20.184,10298,10299,10298,1,-1
2020-04-23 15:08:21.534,10298,10299,10298,6,-6
2020-04-23 15:08:21.535,10298,10299,10298,1,-1
2020-04-23 15:08:22.071,10298,10299,10298,1,-1
2020-04-23 15:08:26.939,10297,10299,10297,1,-1
2020-04-23 15:08:27.085,10297,10299,10297,1,-1
2020-04-23 15:08:31.500,10297,10299,10298,1,1
2020-04-23 15:08:33.190,10298,10299,10298,1,-1
2020-04-23 15:08:35.022,10298,10299,10299,5,5
2020-04-23 15:08:35.023,10298,10299,10299,1,1
2020-04-23 15:08:35.236,10298,10300,10300,5,5
2020-04-23 15:08:37.194,10298,10300,10298,1,-1
2020-04-23 15:08:38.027,10298,10300,10299,1,1
2020-04-23 15:08:39.384,10299,10300,10300,2,2
2020-04-23 15:08:39.385,10299,10300,10300,2,2
2020-04-23 15:08:41.289,10300,10301,10300,1,-1
2020-04-23 15:08:42.160,10299,10300,10300,1,1
2020-04-23 15:08:42.227,10299,10301,10301,1,1
2020-04-23 15:08:44.657,10299,10301,10299,1,-1
2020-04-23 15:08:45.815,10300,10301,10300,1,1
2020-04-23 15:08:48.643,10300,10301,10301,12,12
2020-04-23 15:08:48.644,10300,10301,10301,1,1
2020-04-23 15:08:49.757,10301,10302,10301,1,-1
2020-04-23 15:08:50.633,10301,10302,10302,2,2
2020-04-23 15:08:50.756,10301,10302,10302,2,2
2020-04-23 15:08:51.013,10301,10302,10301,1,-1
2020-04-23 15:08:51.049,10301,10302,10302,1,1
2020-04-23 15:08:51.312,10301,10303,10301,1,-1
2020-04-23 15:08:51.963,10301,10302,10302,1,1
2020-04-23 15:08:54.860,10301,10302,10302,2,2
2020-04-23 15:08:55.607,10301,10302,10301,1,-1
2020-04-23 15:08:56.270,10301,10302,10302,1,1
2020-04-23 15:08:58.789,10301,10302,10302,1,1
2020-04-23 15:09:02.081,10301,10302,10302,2,2
2020-04-23 15:09:04.455,10302,10303,10302,1,-1
2020-04-23 15:09:05.082,10302,10303,10302,1,-1
2020-04-23 15:09:05.301,10302,10303,10303,3,3
2020-04-23 15:09:06.188,10302,10303,10302,1,-1
2020-04-23 15:09:07.798,10302,10303,10302,1,-1
2020-04-23 15:09:08.581,10302,10303,10303,1,1
2020-04-23 15:09:10.780,10302,10303,10303,6,6
2020-04-23 15:09:10.780,10302,10303,10303,7,7
2020-04-23 15:09:10.780,10302,10303,10303,1,1
2020-04-23 15:09:10.781,10302,10303,10303,2,2
2020-04-23 15:09:12.666,10303,10304,10303,1,-1
2020-04-23 15:09:13.109,10303,10304,10303,1,-1
2020-04-23 15:09:14.065,10303,10304,10303,1,-1
2020-04-23 15:09:14.300,10303,10304,10303,1,-1
2020-04-23 15:09:15.993,10302,10303,10303,1,1
2020-04-23 15:09:21.124,10303,10304,10303,1,-1
2020-04-23 15:09:21.576,10303,10304,10304,1,1
2020-04-23 15:09:23.229,10303,10304,10303,1,-1
2020-04-23 15:09:23.599,10303,10304,10303,1,-1
2020-04-23 15:09:24.514,10303,10304,10304,2,2
2020-04-23 15:09:28.752,10303,10304,10303,5,-5
2020-04-23 15:09:29.352,10303,10304,10303,1,-1
2020-04-23 15:09:31.260,10302,10303,10303,1,1
2020-04-23 15:09:32.063,10302,10303,10303,1,1
2020-04-23 15:09:36.254,10302,10303,10303,1,1
2020-04-23 15:09:46.822,10303,10304,10304,1,1
2020-04-23 15:09:47.967,10303,10304,10304,3,3
2020-04-23 15:09:50.401,10303,10304,10303,4,-4
2020-04-23 15:09:50.402,10303,10304,10303,1,-1
2020-04-23 15:09:53.337,10302,10304,10302,3,-3
2020-04-23 15:09:57.245,10302,10303,10303,1,1
2020-04-23 15:10:04.171,10302,10303,10303,1,1
2020-04-23 15:10:05.582,10303,10304,10304,2,2
2020-04-23 15:10:05.582,10303,10304,10304,2,2
2020-04-23 15:10:05.582,10303,10304,10304,1,1
2020-04-23 15:10:05.582,10303,10304,10304,1,1
2020-04-23 15:10:05.582,10303,10304,10304,1,1
2020-04-23 15:10:05.582,10303,10304,10304,1,1
2020-04-23 15:10:05.582,10303,10304,10304,1,1
2020-04-23 15:10:05.718,10304,10305,10304,1,-1
2020-04-23 15:10:13.152,10304,10305,10305,5,5
2020-04-23 15:10:13.197,10304,10305,10305,1,1
2020-04-23 15:10:13.810,10304,10305,10305,5,5
2020-04-23 15:10:13.811,10304,10305,10305,8,8
2020-04-23 15:10:13.811,10304,10305,10305,2,2
2020-04-23 15:10:13.831,10304,10305,10305,1,1
2020-04-23 15:10:14.257,10305,10306,10305,1,-1
2020-04-23 15:10:15.201,10305,10306,10305,1,-1
2020-04-23 15:10:15.336,10304,10306,10304,1,-1
2020-04-23 15:10:15.438,10304,10306,10306,1,1
2020-04-23 15:10:19.026,10305,10306,10305,1,-1
2020-04-23 15:10:20.493,10305,10306,10306,1,1
2020-04-23 15:10:23.545,10305,10306,10306,1,1
2020-04-23 15:10:23.812,10305,10306,10306,1,1
2020-04-23 15:10:25.515,10305,10306,10306,1,1
2020-04-23 15:10:25.607,10305,10306,10306,1,1
2020-04-23 15:10:26.555,10305,10306,10306,1,1
2020-04-23 15:10:28.142,10305,10306,10306,2,2
2020-04-23 15:10:29.284,10306,10307,10307,6,6
2020-04-23 15:10:29.284,10306,10307,10307,1,1
2020-04-23 15:10:33.422,10306,10307,10307,1,1
2020-04-23 15:10:33.422,10306,10307,10308,2,2
2020-04-23 15:10:34.036,10306,10308,10308,1,1
2020-04-23 15:10:35.182,10306,10307,10307,1,1
2020-04-23 15:10:37.513,10307,10308,10307,1,-1
2020-04-23 15:10:37.953,10307,10308,10308,1,1
2020-04-23 15:10:38.071,10307,10308,10307,2,-2
2020-04-23 15:10:39.286,10307,10308,10307,1,-1
2020-04-23 15:10:40.915,10307,10308,10308,1,1
2020-04-23 15:10:42.509,10307,10308,10307,1,-1
2020-04-23 15:10:43.088,10307,10308,10308,2,2
2020-04-23 15:10:43.741,10307,10308,10308,1,1
2020-04-23 15:10:44.263,10307,10308,10308,1,1
2020-04-23 15:10:44.718,10307,10308,10308,1,1
2020-04-23 15:10:44.980,10307,10308,10307,2,-2
2020-04-23 15:10:45.541,10307,10308,10308,1,1
2020-04-23 15:10:46.073,10307,10309,10309,1,1
2020-04-23 15:10:47.209,10307,10308,10308,1,1
2020-04-23 15:10:49.816,10307,10308,10308,2,2
2020-04-23 15:10:49.816,10307,10308,10308,1,1
2020-04-23 15:10:51.472,10307,10309,10309,1,1
2020-04-23 15:10:51.721,10308,10309,10308,1,-1
2020-04-23 15:10:53.933,10308,10309,10309,4,4
2020-04-23 15:10:53.939,10308,10309,10309,3,3
2020-04-23 15:10:55.043,10309,10310,10310,1,1
2020-04-23 15:10:55.244,10309,10310,10310,1,1
2020-04-23 15:10:55.410,10309,10310,10310,1,1
2020-04-23 15:10:59.226,10309,10310,10310,1,1
2020-04-23 15:10:59.226,10309,10310,10310,4,4
2020-04-23 15:10:59.226,10309,10310,10310,4,4
2020-04-23 15:10:59.227,10309,10310,10310,2,2
2020-04-23 15:10:59.227,10309,10310,10310,3,3
2020-04-23 15:10:59.227,10309,10310,10310,4,4
2020-04-23 15:10:59.323,10309,10311,10309,1,-1
2020-04-23 15:11:00.450,10309,10310,10309,3,-3
2020-04-23 15:11:00.468,10309,10310,10310,1,1
2020-04-23 15:11:01.526,10309,10310,10310,1,1
2020-04-23 15:11:01.817,10309,10310,10310,1,1
2020-04-23 15:11:02.621,10309,10310,10309,1,-1
2020-04-23 15:11:03.808,10310,10311,10311,1,1
2020-04-23 15:11:03.950,10310,10311,10311,1,1
2020-04-23 15:11:03.969,10310,10311,10311,1,1
2020-04-23 15:11:04.703,10310,10311,10310,1,-1
2020-04-23 15:11:04.703,10310,10311,10310,1,-1
2020-04-23 15:11:04.704,10310,10311,10310,2,-2
2020-04-23 15:11:05.212,10309,10310,10310,2,2
2020-04-23 15:11:06.538,10310,10311,10311,1,1
2020-04-23 15:11:07.403,10310,10311,10310,1,-1
2020-04-23 15:11:07.404,10310,10311,10310,1,-1
2020-04-23 15:11:07.893,10309,10311,10310,1,-1
2020-04-23 15:11:08.183,10309,10311,10309,1,-1
2020-04-23 15:11:08.933,10310,10311,10311,1,1
2020-04-23 15:11:10.895,10310,10311,10310,1,-1
2020-04-23 15:11:11.021,10310,10311,10311,1,1
2020-04-23 15:11:12.129,10310,10311,10311,1,1
2020-04-23 15:11:13.955,10310,10311,10311,1,1
2020-04-23 15:11:14.218,10310,10311,10310,1,-1
2020-04-23 15:11:14.569,10310,10311,10311,1,1
2020-04-23 15:11:14.722,10310,10311,10311,1,1
2020-04-23 15:11:17.328,10310,10311,10310,2,-2
2020-04-23 15:11:17.329,10310,10311,10310,2,-2
2020-04-23 15:11:18.127,10309,10311,10311,4,4
2020-04-23 15:11:19.094,10310,10311,10310,1,-1
2020-04-23 15:11:21.187,10310,10311,10311,1,1
2020-04-23 15:11:22.154,10310,10311,10310,1,-1
2020-04-23 15:11:23.123,10310,10311,10310,1,-1
2020-04-23 15:11:24.092,10310,10311,10310,1,-1
2020-04-23 15:11:26.158,10309,10310,10310,1,1
2020-04-23 15:11:26.426,10309,10310,10310,2,2
2020-04-23 15:11:26.518,10309,10310,10310,1,1
2020-04-23 15:11:27.199,10309,10310,10309,1,-1
2020-04-23 15:11:27.333,10309,10310,10309,1,-1
2020-04-23 15:11:31.651,10309,10310,10310,1,1
2020-04-23 15:11:32.030,10309,10310,10310,1,1
2020-04-23 15:11:33.403,10309,10310,10310,2,2
2020-04-23 15:11:33.868,10309,10310,10310,1,1
2020-04-23 15:11:34.012,10310,10311,10311,5,5
2020-04-23 15:11:34.256,10310,10311,10310,1,-1
2020-04-23 15:11:34.256,10310,10311,10310,4,-4
2020-04-23 15:11:34.257,10310,10311,10310,2,-2
2020-04-23 15:11:34.257,10310,10311,10310,1,-1
2020-04-23 15:11:34.316,10309,10310,10310,1,1
2020-04-23 15:11:34.422,10309,10310,10310,1,1
2020-04-23 15:11:37.848,10310,10311,10310,1,-1
2020-04-23 15:11:39.151,10310,10311,10310,1,-1
2020-04-23 15:11:40.631,10310,10311,10311,5,5
2020-04-23 15:11:40.774,10310,10311,10310,1,-1
2020-04-23 15:11:40.965,10310,10311,10311,1,1
2020-04-23 15:11:41.017,10310,10311,10310,1,-1
2020-04-23 15:11:42.949,10310,10311,10310,1,-1
2020-04-23 15:11:49.414,10310,10311,10311,1,1
2020-04-23 15:11:49.622,10310,10311,10311,1,1
2020-04-23 15:11:53.533,10310,10311,10311,1,1
2020-04-23 15:11:54.085,10310,10311,10311,2,2
2020-04-23 15:11:54.167,10310,10311,10310,1,-1
2020-04-23 15:11:54.982,10310,10311,10310,1,-1
2020-04-23 15:11:54.982,10310,10311,10310,2,-2
2020-04-23 15:11:54.982,10310,10311,10310,2,-2
2020-04-23 15:11:54.983,10310,10311,10310,11,-11
2020-04-23 15:11:55.401,10309,10310,10310,1,1
2020-04-23 15:11:58.605,10309,10310,10309,1,-1
2020-04-23 15:11:58.797,10309,10310,10310,1,1
2020-04-23 15:12:00.154,10309,10310,10310,1,1
2020-04-23 15:12:00.459,10309,10310,10309,4,-4
2020-04-23 15:12:01.835,10309,10310,10309,1,-1
2020-04-23 15:12:02.169,10309,10310,10309,12,-12
2020-04-23 15:12:02.847,10308,10309,10309,2,2
2020-04-23 15:12:04.401,10308,10310,10310,1,1
2020-04-23 15:12:09.302,10308,10309,10309,1,1
2020-04-23 15:12:09.302,10308,10309,10310,1,1
2020-04-23 15:12:09.512,10309,10310,10309,2,-2
2020-04-23 15:12:13.865,10309,10310,10309,1,-1
2020-04-23 15:12:17.671,10309,10310,10309,1,-1
2020-04-23 15:12:20.398,10308,10310,10308,1,-1
2020-04-23 15:12:20.496,10308,10310,10308,1,-1
2020-04-23 15:12:26.034,10308,10309,10309,1,1
2020-04-23 15:12:27.443,10308,10309,10309,3,3
2020-04-23 15:12:27.717,10309,10310,10309,1,-1
2020-04-23 15:12:28.003,10309,10310,10309,1,-1
2020-04-23 15:12:36.543,10309,10310,10309,1,-1
2020-04-23 15:12:37.054,10309,10310,10310,3,3
2020-04-23 15:12:38.791,10309,10310,10310,2,2
2020-04-23 15:12:40.303,10309,10310,10309,1,-1
2020-04-23 15:12:45.899,10309,10310,10310,1,1
2020-04-23 15:12:51.559,10308,10309,10309,1,1
2020-04-23 15:12:51.965,10309,10310,10310,1,1
2020-04-23 15:13:00.038,10309,10310,10309,1,-1
2020-04-23 15:13:00.614,10308,10310,10310,1,1
2020-04-23 15:13:02.038,10308,10309,10308,1,-1
2020-04-23 15:13:02.177,10308,10309,10309,1,1
2020-04-23 15:13:15.918,10308,10309,10308,3,-3
2020-04-23 15:13:15.918,10308,10309,10308,8,-8
2020-04-23 15:13:15.921,10308,10309,10308,1,-1
2020-04-23 15:13:15.921,10308,10309,10308,4,-4
2020-04-23 15:13:18.318,10307,10308,10307,1,-1
2020-04-23 15:13:18.450,10307,10308,10307,1,-1
2020-04-23 15:13:19.087,10307,10308,10307,3,-3
2020-04-23 15:13:19.087,10307,10308,10307,1,-1
2020-04-23 15:13:19.088,10307,10308,10307,1,-1
2020-04-23 15:13:19.574,10306,10307,10306,1,-1
2020-04-23 15:13:23.614,10306,10307,10307,3,3
2020-04-23 15:13:26.445,10306,10308,10306,1,-1
2020-04-23 15:13:32.528,10306,10307,10307,1,1
2020-04-23 15:13:36.422,10307,10308,10308,1,1
2020-04-23 15:13:46.103,10307,10308,10307,1,-1
2020-04-23 15:13:57.238,10307,10308,10307,5,-5
2020-04-23 15:14:05.629,10307,10308,10307,1,-1
2020-04-23 15:14:06.074,10307,10308,10308,1,1
2020-04-23 15:14:06.513,10307,10308,10307,1,-1
2020-04-23 15:14:17.708,10307,10308,10308,2,2
2020-04-23 15:14:30.794,10307,10308,10307,1,-1
2020-04-23 15:14:35.369,10307,10308,10308,1,1
2020-04-23 15:14:42.907,10307,10308,10307,1,-1
2020-04-23 15:14:58.422,10306,10307,10306,2,-2
2020-04-23 15:14:58.613,10305,10307,10307,1,1
2020-04-23 15:15:00.094,10305,10306,10305,2,-2
2020-04-23 15:15:00.095,10305,10306,10305,10,-10
2020-04-23 15:15:00.109,10305,10306,10305,1,-1
2020-04-23 15:15:00.199,10304,10305,10304,1,-1
2020-04-23 15:15:00.199,10304,10305,10303,1,-1
2020-04-23 15:15:00.391,10303,10305,10303,1,-1
2020-04-23 15:15:00.431,10303,10305,10303,1,-1
2020-04-23 15:15:01.537,10303,10305,10305,1,1
2020-04-23 15:15:02.229,10303,10305,10303,3,-3
2020-04-23 15:15:02.422,10303,10304,10303,7,-7
2020-04-23 15:15:03.437,10302,10303,10302,13,-13
2020-04-23 15:15:05.671,10301,10302,10302,1,1
2020-04-23 15:15:06.422,10301,10302,10301,15,-15
2020-04-23 15:15:06.547,10301,10302,10301,6,-6
2020-04-23 15:15:06.547,10301,10302,10301,11,-11
2020-04-23 15:15:06.904,10300,10301,10300,1,-1
2020-04-23 15:15:06.904,10300,10301,10300,4,-4
2020-04-23 15:15:06.904,10300,10301,10300,1,-1
2020-04-23 15:15:06.905,10300,10301,10300,1,-1
2020-04-23 15:15:06.905,10300,10301,10300,5,-5
2020-04-23 15:15:06.905,10300,10301,10300,1,-1
2020-04-23 15:15:06.906,10300,10301,10300,1,-1
2020-04-23 15:15:06.908,10300,10301,10300,1,-1
2020-04-23 15:15:06.926,10300,10301,10300,1,-1
2020-04-23 15:15:07.053,10300,10301,10300,5,-5
2020-04-23 15:15:07.216,10300,10301,10300,2,-2
2020-04-23 15:15:07.320,10300,10301,10300,1,-1
2020-04-23 15:15:07.434,10300,10301,10300,1,-1
2020-04-23 15:15:07.546,10300,10301,10300,2,-2
2020-04-23 15:15:07.805,10299,10300,10299,2,-2
2020-04-23 15:15:08.317,10299,10300,10299,1,-1
2020-04-23 15:15:09.527,10299,10300,10299,2,-2
2020-04-23 15:15:11.582,10299,10300,10299,1,-1
2020-04-23 15:15:12.118,10298,10299,10299,1,1
2020-04-23 15:15:14.528,10298,10299,10298,17,-17
2020-04-23 15:15:14.653,10297,10298,10297,1,-1
2020-04-23 15:15:14.952,10297,10298,10297,1,-1
2020-04-23 15:15:15.866,10297,10298,10297,1,-1
2020-04-23 15:15:16.562,10297,10298,10297,1,-1
2020-04-23 15:15:16.875,10297,10298,10297,1,-1
2020-04-23 15:15:20.821,10296,10297,10296,11,-11
2020-04-23 15:15:20.952,10295,10296,10295,1,-1
2020-04-23 15:15:21.130,10295,10296,10295,1,-1
2020-04-23 15:15:22.054,10295,10296,10295,1,-1
2020-04-23 15:15:22.167,10295,10296,10295,1,-1
2020-04-23 15:15:22.831,10295,10296,10295,2,-2
2020-04-23 15:15:23.392,10295,10296,10295,1,-1
2020-04-23 15:15:23.885,10295,10296,10296,1,1
2020-04-23 15:15:24.902,10296,10297,10296,1,-1
2020-04-23 15:15:25.265,10296,10297,10296,1,-1
2020-04-23 15:15:25.306,10296,10297,10296,3,-3
2020-04-23 15:15:25.306,10296,10297,10295,3,-3
2020-04-23 15:15:26.722,10296,10297,10296,1,1
2020-04-23 15:15:27.415,10295,10297,10295,1,-1
2020-04-23 15:15:27.854,10295,10296,10295,1,-1
2020-04-23 15:15:28.669,10295,10296,10295,1,-1
2020-04-23 15:15:29.267,10295,10296,10295,6,-6
2020-04-23 15:15:29.277,10295,10296,10295,1,-1
2020-04-23 15:15:29.397,10295,10296,10295,1,-1
2020-04-23 15:15:30.276,10295,10296,10295,1,-1
2020-04-23 15:15:31.245,10294,10296,10294,1,-1
2020-04-23 15:15:31.322,10294,10296,10294,1,-1
2020-04-23 15:15:31.550,10294,10296,10294,1,-1
2020-04-23 15:15:32.893,10295,10296,10296,1,1
2020-04-23 15:15:32.926,10295,10296,10295,1,-1
2020-04-23 15:15:35.564,10295,10296,10295,1,-1
2020-04-23 15:15:36.366,10295,10296,10295,2,-2
2020-04-23 15:15:36.982,10295,10296,10295,1,-1
2020-04-23 15:15:37.566,10294,10296,10294,1,-1
2020-04-23 15:15:37.956,10295,10296,10295,1,1
2020-04-23 15:15:38.195,10295,10296,10296,1,1
2020-04-23 15:15:39.791,10295,10296,10296,1,1
2020-04-23 15:15:39.877,10295,10296,10296,1,1
2020-04-23 15:15:42.526,10295,10297,10295,1,-1
2020-04-23 15:15:44.518,10296,10297,10296,1,1
2020-04-23 15:15:49.043,10296,10297,10297,2,2
2020-04-23 15:15:49.207,10296,10297,10296,1,-1
2020-04-23 15:15:49.426,10296,10297,10296,5,-5
2020-04-23 15:15:49.953,10296,10297,10296,1,-1
2020-04-23 15:15:52.548,10295,10296,10296,1,1
2020-04-23 15:15:57.723,10295,10296,10296,1,1
2020-04-23 15:15:58.958,10295,10296,10295,4,-4
2020-04-23 15:16:00.249,10295,10296,10295,3,-3
2020-04-23 15:16:00.359,10295,10296,10295,2,-2
2020-04-23 15:16:00.359,10295,10296,10295,3,-3
2020-04-23 15:16:02.726,10294,10295,10294,1,-1
2020-04-23 15:16:03.886,10294,10295,10295,1,1
2020-04-23 15:16:05.171,10294,10295,10294,2,-2
2020-04-23 15:16:05.197,10294,10295,10294,2,-2
2020-04-23 15:16:06.115,10294,10295,10295,3,3
2020-04-23 15:16:06.116,10294,10295,10295,3,3
2020-04-23 15:16:06.375,10295,10296,10295,1,-1
2020-04-23 15:16:07.110,10295,10296,10296,7,7
2020-04-23 15:16:08.803,10296,10297,10296,1,-1
2020-04-23 15:16:15.654,10294,10295,10295,1,1
2020-04-23 15:16:16.691,10294,10295,10295,6,6
2020-04-23 15:16:16.691,10294,10295,10296,4,4
2020-04-23 15:16:16.711,10294,10295,10295,1,1
2020-04-23 15:16:16.841,10294,10295,10294,2,-2
2020-04-23 15:16:18.314,10295,10296,10296,1,1
2020-04-23 15:16:18.730,10295,10296,10296,1,1
2020-04-23 15:16:19.016,10295,10297,10297,1,1
2020-04-23 15:16:19.442,10295,10297,10297,1,1
2020-04-23 15:16:19.811,10295,10297,10297,1,1
2020-04-23 15:16:19.951,10295,10297,10296,2,-2
2020-04-23 15:16:22.242,10295,10296,10295,1,-1
2020-04-23 15:16:27.072,10295,10296,10295,2,-2
2020-04-23 15:16:27.072,10295,10296,10295,3,-3
2020-04-23 15:16:28.219,10294,10295,10295,1,1
2020-04-23 15:16:28.392,10294,10296,10294,1,-1
2020-04-23 15:16:30.925,10294,10296,10294,1,-1
2020-04-23 15:16:32.885,10294,10296,10295,1,1
2020-04-23 15:16:34.487,10295,10296,10296,1,1
2020-04-23 15:16:35.547,10295,10296,10295,1,-1
2020-04-23 15:16:38.594,10294,10296,10294,1,-1
2020-04-23 15:16:44.540,10294,10296,10294,2,-2
2020-04-23 15:16:47.600,10294,10295,10295,4,4
2020-04-23 15:16:47.600,10294,10295,10295,1,1
2020-04-23 15:16:47.790,10295,10296,10295,1,-1
2020-04-23 15:16:48.371,10295,10296,10295,1,-1
2020-04-23 15:16:51.414,10295,10296,10295,1,-1
2020-04-23 15:17:00.597,10295,10296,10295,1,-1
2020-04-23 15:17:02.296,10295,10296,10295,3,-3
2020-04-23 15:17:05.129,10295,10296,10295,1,-1
2020-04-23 15:17:06.456,10295,10296,10295,1,-1
2020-04-23 15:17:07.323,10295,10296,10295,2,-2
2020-04-23 15:17:07.329,10295,10296,10295,1,-1
2020-04-23 15:17:07.330,10295,10296,10295,1,-1
2020-04-23 15:17:08.964,10294,10295,10295,1,1
2020-04-23 15:17:09.808,10294,10295,10295,1,1
2020-04-23 15:17:12.921,10294,10295,10295,4,4
2020-04-23 15:17:15.798,10294,10295,10295,5,5
2020-04-23 15:17:15.798,10294,10295,10295,1,1
2020-04-23 15:17:18.990,10295,10296,10295,1,-1
2020-04-23 15:17:22.271,10295,10296,10295,1,-1
2020-04-23 15:17:25.534,10295,10296,10296,2,2
2020-04-23 15:17:25.535,10295,10296,10296,3,3
2020-04-23 15:17:26.918,10295,10297,10295,1,-1
2020-04-23 15:17:28.216,10295,10297,10295,2,-2
2020-04-23 15:17:28.948,10295,10296,10296,1,1
2020-04-23 15:17:29.132,10296,10297,10297,1,1
2020-04-23 15:17:29.748,10295,10297,10295,1,-1
2020-04-23 15:17:29.967,10295,10297,10297,1,1
2020-04-23 15:17:30.859,10295,10297,10297,10,10
2020-04-23 15:17:33.383,10296,10297,10297,1,1
2020-04-23 15:17:36.705,10296,10297,10296,2,-2
2020-04-23 15:17:38.043,10295,10296,10296,1,1
2020-04-23 15:17:38.186,10295,10296,10296,1,1
2020-04-23 15:17:38.510,10295,10296,10296,1,1
2020-04-23 15:17:40.730,10295,10296,10296,1,1
2020-04-23 15:17:43.119,10295,10296,10295,6,-6
2020-04-23 15:17:43.859,10294,10295,10295,1,1
2020-04-23 15:17:45.693,10294,10295,10294,2,-2
2020-04-23 15:17:45.693,10294,10295,10294,1,-1
2020-04-23 15:17:45.693,10294,10295,10294,2,-2
2020-04-23 15:17:45.797,10294,10295,10294,1,-1
2020-04-23 15:17:45.797,10294,10295,10294,1,-1
2020-04-23 15:17:45.798,10294,10295,10294,1,-1
2020-04-23 15:17:45.839,10294,10295,10294,1,-1
2020-04-23 15:17:45.864,10294,10295,10294,1,-1
2020-04-23 15:17:51.550,10293,10294,10293,1,-1
2020-04-23 15:17:51.817,10293,10294,10294,1,1
2020-04-23 15:17:52.283,10293,10294,10293,2,-2
2020-04-23 15:17:53.364,10293,10294,10294,1,1
2020-04-23 15:17:54.557,10293,10294,10293,3,-3
2020-04-23 15:17:55.712,10293,10294,10293,1,-1
2020-04-23 15:17:56.601,10293,10294,10293,1,-1
2020-04-23 15:17:56.943,10293,10294,10294,1,1
2020-04-23 15:17:58.354,10293,10294,10293,5,-5
2020-04-23 15:17:59.802,10293,10294,10293,1,-1
2020-04-23 15:17:59.996,10292,10294,10292,1,-1
2020-04-23 15:18:00.235,10292,10294,10292,1,-1
2020-04-23 15:18:00.447,10292,10294,10292,1,-1
2020-04-23 15:18:00.470,10292,10294,10292,1,-1
2020-04-23 15:18:00.677,10292,10294,10292,1,-1
2020-04-23 15:18:01.511,10292,10294,10292,1,-1
2020-04-23 15:18:02.434,10292,10294,10292,1,-1
2020-04-23 15:18:03.127,10292,10294,10292,1,-1
2020-04-23 15:18:03.922,10293,10294,10293,1,1
2020-04-23 15:18:06.977,10292,10293,10293,1,1
2020-04-23 15:18:06.978,10292,10293,10293,3,3
2020-04-23 15:18:08.089,10293,10294,10293,1,-1
2020-04-23 15:18:13.521,10293,10294,10293,1,-1
2020-04-23 15:18:14.490,10293,10294,10294,1,1
2020-04-23 15:18:15.219,10293,10294,10293,1,-1
2020-04-23 15:18:16.251,10293,10294,10293,1,-1
2020-04-23 15:18:18.537,10293,10294,10294,1,1
2020-04-23 15:18:21.414,10293,10294,10293,1,-1
2020-04-23 15:18:23.435,10293,10294,10293,3,-3
2020-04-23 15:18:23.436,10293,10294,10293,4,-4
2020-04-23 15:18:27.150,10292,10293,10293,1,1
2020-04-23 15:18:28.099,10292,10293,10293,1,1
2020-04-23 15:18:29.591,10292,10294,10292,4,-4
2020-04-23 15:18:31.915,10292,10293,10292,1,-1
2020-04-23 15:18:35.088,10292,10293,10292,6,-6
2020-04-23 15:18:35.113,10292,10293,10293,1,1
2020-04-23 15:18:40.381,10292,10293,10292,8,-8
2020-04-23 15:18:40.382,10292,10293,10292,4,-4
2020-04-23 15:18:40.382,10292,10293,10292,1,-1
2020-04-23 15:18:40.383,10292,10293,10292,1,-1
2020-04-23 15:18:40.383,10292,10293,10292,7,-7
2020-04-23 15:18:42.054,10292,10293,10293,10,10
2020-04-23 15:18:42.241,10292,10293,10292,1,-1
2020-04-23 15:18:43.484,10292,10293,10292,1,-1
2020-04-23 15:18:47.278,10291,10292,10292,3,3
2020-04-23 15:18:47.388,10292,10293,10292,1,-1
2020-04-23 15:18:47.649,10292,10293,10292,1,-1
2020-04-23 15:18:49.902,10291,10293,10292,1,-1
2020-04-23 15:18:51.792,10291,10292,10292,1,1
2020-04-23 15:18:55.364,10291,10292,10291,1,-1
2020-04-23 15:18:55.364,10291,10292,10291,1,-1
2020-04-23 15:18:55.421,10291,10292,10291,5,-5
2020-04-23 15:18:55.455,10291,10292,10290,3,-3
2020-04-23 15:18:55.579,10290,10291,10290,1,-1
2020-04-23 15:18:55.621,10290,10291,10290,1,-1
2020-04-23 15:18:55.703,10290,10291,10290,1,-1
2020-04-23 15:18:56.718,10290,10291,10291,1,1
2020-04-23 15:18:56.718,10290,10291,10292,1,1
2020-04-23 15:19:01.447,10290,10292,10290,1,-1
2020-04-23 15:19:01.542,10290,10292,10290,1,-1
2020-04-23 15:19:02.260,10290,10292,10290,1,-1
2020-04-23 15:19:06.545,10290,10291,10290,1,-1
2020-04-23 15:19:07.615,10290,10291,10290,1,-1
2020-04-23 15:19:09.986,10290,10291,10291,1,1
2020-04-23 15:19:10.071,10290,10291,10290,1,-1
2020-04-23 15:19:10.535,10290,10291,10291,2,2
2020-04-23 15:19:12.073,10291,10292,10291,1,-1
2020-04-23 15:19:12.968,10290,10291,10291,1,1
2020-04-23 15:19:13.731,10290,10291,10291,1,1
2020-04-23 15:19:13.808,10291,10292,10291,1,-1
2020-04-23 15:19:15.556,10290,10291,10291,1,1
2020-04-23 15:19:19.198,10290,10291,10291,4,4
2020-04-23 15:19:21.178,10291,10292,10291,1,-1
2020-04-23 15:19:21.603,10291,10292,10291,1,-1
2020-04-23 15:19:22.562,10290,10291,10290,1,-1
2020-04-23 15:19:23.111,10290,10291,10290,1,-1
2020-04-23 15:19:23.121,10290,10291,10290,3,-3
2020-04-23 15:19:23.121,10290,10291,10290,3,-3
2020-04-23 15:19:23.121,10290,10291,10290,1,-1
2020-04-23 15:19:24.320,10289,10290,10290,1,1
2020-04-23 15:19:24.972,10289,10290,10289,1,-1
2020-04-23 15:19:25.087,10289,10290,10289,1,-1
2020-04-23 15:19:25.408,10289,10290,10289,1,-1
2020-04-23 15:19:25.451,10289,10290,10289,1,-1
2020-04-23 15:19:26.568,10289,10290,10290,1,1
2020-04-23 15:19:28.211,10289,10290,10289,1,-1
2020-04-23 15:19:29.839,10289,10290,10290,2,2
2020-04-23 15:19:29.932,10289,10290,10289,1,-1
2020-04-23 15:19:30.209,10289,10290,10289,1,-1
2020-04-23 15:19:30.245,10289,10290,10289,2,-2
2020-04-23 15:19:30.439,10289,10290,10289,1,-1
2020-04-23 15:19:31.308,10289,10290,10289,1,-1
2020-04-23 15:19:31.362,10289,10290,10290,3,3
2020-04-23 15:19:32.352,10289,10290,10289,1,-1
2020-04-23 15:19:32.384,10289,10290,10289,1,-1
2020-04-23 15:19:32.421,10289,10290,10289,1,-1
2020-04-23 15:19:34.707,10289,10290,10289,1,-1
2020-04-23 15:19:35.522,10288,10290,10288,1,-1
2020-04-23 15:19:35.693,10288,10290,10288,10,-10
2020-04-23 15:19:35.732,10288,10290,10288,3,-3
2020-04-23 15:19:35.775,10288,10290,10288,2,-2
2020-04-23 15:19:35.796,10288,10289,10288,2,-2
2020-04-23 15:19:37.546,10287,10288,10287,3,-3
2020-04-23 15:19:37.592,10287,10288,10286,1,-1
2020-04-23 15:19:37.708,10286,10287,10286,1,-1
2020-04-23 15:19:37.719,10286,10287,10286,1,-1
2020-04-23 15:19:38.067,10286,10287,10286,1,-1
2020-04-23 15:19:38.187,10286,10287,10286,1,-1
2020-04-23 15:19:38.256,10286,10287,10285,1,-1
2020-04-23 15:19:38.327,10285,10287,10285,6,-6
2020-04-23 15:19:38.344,10285,10287,10287,1,1
2020-04-23 15:19:38.527,10285,10287,10285,1,-1
2020-04-23 15:19:38.823,10285,10287,10285,1,-1
2020-04-23 15:19:38.943,10285,10287,10285,1,-1
2020-04-23 15:19:38.975,10285,10287,10285,1,-1
2020-04-23 15:19:40.526,10285,10286,10285,1,-1
2020-04-23 15:19:41.880,10285,10286,10285,1,-1
2020-04-23 15:19:42.029,10285,10286,10285,4,-4
2020-04-23 15:19:43.363,10284,10285,10285,2,2
2020-04-23 15:19:45.224,10285,10286,10285,2,-2
2020-04-23 15:19:45.224,10285,10286,10285,1,-1
2020-04-23 15:19:45.674,10285,10286,10285,1,-1
2020-04-23 15:19:46.117,10285,10286,10286,1,1
2020-04-23 15:19:46.370,10285,10287,10285,1,-1
2020-04-23 15:19:46.964,10285,10286,10286,1,1
2020-04-23 15:19:47.520,10285,10286,10285,1,-1
2020-04-23 15:19:49.273,10285,10286,10285,3,-3
2020-04-23 15:19:50.254,10285,10286,10285,1,-1
2020-04-23 15:19:50.412,10285,10286,10285,1,-1
2020-04-23 15:19:51.466,10285,10286,10285,1,-1
2020-04-23 15:19:51.513,10285,10286,10285,1,-1
2020-04-23 15:19:51.513,10285,10286,10285,1,-1
2020-04-23 15:19:51.514,10285,10286,10285,1,-1
2020-04-23 15:19:51.514,10285,10286,10285,1,-1
2020-04-23 15:19:51.514,10285,10286,10285,1,-1
2020-04-23 15:19:51.514,10285,10286,10285,1,-1
2020-04-23 15:19:51.514,10285,10286,10285,2,-2
2020-04-23 15:19:51.616,10284,10285,10285,1,1
2020-04-23 15:19:54.001,10284,10285,10284,3,-3
2020-04-23 15:19:54.001,10284,10285,10283,9,-9
2020-04-23 15:19:54.079,10283,10284,10284,1,1
2020-04-23 15:19:54.616,10283,10285,10283,1,-1
2020-04-23 15:19:54.659,10283,10285,10283,1,-1
2020-04-23 15:19:55.334,10283,10284,10283,1,-1
2020-04-23 15:19:56.268,10283,10284,10284,3,3
2020-04-23 15:19:58.127,10283,10284,10283,1,-1
2020-04-23 15:19:58.909,10283,10284,10283,1,-1
2020-04-23 15:19:59.318,10282,10283,10283,1,1
2020-04-23 15:19:59.348,10282,10283,10282,1,-1
2020-04-23 15:19:59.790,10282,10284,10282,1,-1
2020-04-23 15:20:00.217,10282,10284,10282,1,-1
2020-04-23 15:20:00.224,10282,10284,10282,2,-2
2020-04-23 15:20:00.904,10283,10284,10283,1,1
2020-04-23 15:20:00.954,10283,10284,10284,1,1
2020-04-23 15:20:01.438,10283,10284,10283,1,-1
2020-04-23 15:20:01.485,10283,10284,10284,6,6
2020-04-23 15:20:02.009,10283,10285,10285,1,1
2020-04-23 15:20:02.553,10284,10285,10284,2,-2
2020-04-23 15:20:03.249,10284,10285,10284,1,-1
2020-04-23 15:20:03.663,10283,10285,10285,4,4
2020-04-23 15:20:03.700,10284,10286,10285,2,-2
2020-04-23 15:20:03.823,10284,10286,10284,2,-2
2020-04-23 15:20:04.125,10284,10286,10284,2,-2
2020-04-23 15:20:04.298,10284,10285,10285,3,3
2020-04-23 15:20:04.379,10284,10285,10285,1,1
2020-04-23 15:20:04.798,10284,10286,10284,1,-1
2020-04-23 15:20:06.822,10284,10286,10284,1,-1
2020-04-23 15:20:06.861,10284,10286,10286,1,1
2020-04-23 15:20:07.786,10284,10286,10285,1,-1
2020-04-23 15:20:08.891,10285,10286,10286,1,1
2020-04-23 15:20:08.929,10285,10286,10286,1,1
2020-04-23 15:20:11.505,10285,10286,10286,1,1
2020-04-23 15:20:12.777,10285,10286,10285,1,-1
2020-04-23 15:20:12.975,10285,10286,10285,1,-1
2020-04-23 15:20:13.392,10284,10286,10286,1,1
2020-04-23 15:20:13.687,10284,10285,10285,1,1
2020-04-23 15:20:14.060,10284,10286,10284,1,-1
2020-04-23 15:20:14.696,10284,10285,10284,1,-1
2020-04-23 15:20:16.296,10284,10285,10285,2,2
2020-04-23 15:20:17.667,10284,10285,10284,1,-1
2020-04-23 15:20:18.617,10284,10285,10285,1,1
2020-04-23 15:20:19.909,10285,10286,10285,1,-1
2020-04-23 15:20:20.912,10285,10286,10285,2,-2
2020-04-23 15:20:21.386,10285,10286,10285,1,-1
2020-04-23 15:20:21.797,10285,10286,10285,1,-1
2020-04-23 15:20:21.884,10285,10286,10285,1,-1
2020-04-23 15:20:23.218,10285,10286,10286,1,1
2020-04-23 15:20:28.208,10285,10286,10286,2,2
2020-04-23 15:20:28.208,10285,10286,10286,6,6
2020-04-23 15:20:31.397,10286,10287,10286,1,-1
2020-04-23 15:20:33.938,10285,10286,10285,1,-1
2020-04-23 15:20:37.047,10285,10286,10285,1,-1
2020-04-23 15:20:40.136,10285,10286,10285,2,-2
2020-04-23 15:20:40.878,10284,10286,10286,1,1
2020-04-23 15:20:42.019,10284,10286,10286,2,2
2020-04-23 15:20:44.239,10284,10285,10285,1,1
2020-04-23 15:20:44.239,10284,10285,10286,1,1
2020-04-23 15:20:47.852,10285,10286,10285,1,-1
2020-04-23 15:20:48.511,10285,10286,10286,1,1
2020-04-23 15:20:49.116,10286,10287,10286,1,-1
2020-04-23 15:20:58.923,10285,10286,10286,1,1
2020-04-23 15:20:59.107,10285,10286,10285,1,-1
2020-04-23 15:21:03.214,10285,10286,10285,2,-2
2020-04-23 15:21:04.170,10284,10286,10284,2,-2
2020-04-23 15:21:04.206,10284,10286,10284,1,-1
2020-04-23 15:21:18.397,10284,10285,10285,1,1
2020-04-23 15:21:19.053,10284,10285,10284,1,-1
2020-04-23 15:21:21.769,10284,10285,10285,1,1
2020-04-23 15:21:21.877,10284,10285,10284,1,-1
2020-04-23 15:21:23.307,10284,10285,10284,5,-5
2020-04-23 15:21:23.308,10284,10285,10284,1,-1
2020-04-23 15:21:23.308,10284,10285,10284,1,-1
2020-04-23 15:21:23.309,10284,10285,10284,1,-1
2020-04-23 15:21:23.309,10284,10285,10284,1,-1
2020-04-23 15:21:23.309,10284,10285,10284,1,-1
2020-04-23 15:21:27.952,10284,10285,10284,2,-2
2020-04-23 15:21:30.203,10284,10285,10285,3,3
2020-04-23 15:21:30.305,10284,10286,10285,2,-2
2020-04-23 15:21:30.897,10285,10286,10286,1,1
2020-04-23 15:21:30.898,10285,10286,10286,5,5
2020-04-23 15:21:33.599,10286,10287,10287,5,5
2020-04-23 15:21:34.368,10286,10288,10286,1,-1
2020-04-23 15:21:34.807,10286,10287,10286,1,-1
2020-04-23 15:21:37.214,10285,10286,10286,1,1
2020-04-23 15:21:38.127,10285,10286,10286,1,1
2020-04-23 15:21:40.423,10285,10286,10286,1,1
2020-04-23 15:21:41.192,10285,10286,10285,1,-1
2020-04-23 15:21:41.193,10285,10286,10285,2,-2
2020-04-23 15:21:41.333,10284,10285,10285,1,1
2020-04-23 15:21:41.762,10284,10285,10285,1,1
2020-04-23 15:21:43.782,10284,10285,10284,2,-2
2020-04-23 15:21:52.775,10284,10285,10285,1,1
2020-04-23 15:21:53.078,10285,10286,10285,1,-1
2020-04-23 15:21:58.909,10284,10285,10285,1,1
2020-04-23 15:21:59.134,10284,10285,10284,5,-5
2020-04-23 15:21:59.746,10284,10285,10285,1,1
2020-04-23 15:22:02.316,10284,10285,10284,2,-2
2020-04-23 15:22:03.684,10284,10285,10285,1,1
2020-04-23 15:22:05.129,10284,10285,10285,1,1
2020-04-23 15:22:09.131,10285,10286,10285,3,-3
2020-04-23 15:22:09.132,10285,10286,10285,1,-1
2020-04-23 15:22:09.132,10285,10286,10285,1,-1
2020-04-23 15:22:09.132,10285,10286,10285,1,-1
2020-04-23 15:22:11.179,10284,10286,10286,1,1
2020-04-23 15:22:11.990,10284,10286,10286,1,1
2020-04-23 15:22:12.033,10284,10286,10286,1,1
2020-04-23 15:22:15.705,10285,10286,10285,1,-1
2020-04-23 15:22:16.422,10285,10286,10286,1,1
2020-04-23 15:22:20.026,10285,10286,10285,5,-5
2020-04-23 15:22:22.383,10285,10286,10285,1,-1
2020-04-23 15:22:24.875,10285,10286,10285,1,-1
2020-04-23 15:22:26.053,10284,10285,10285,3,3
2020-04-23 15:22:27.369,10285,10286,10285,1,-1
2020-04-23 15:22:29.784,10284,10285,10285,12,12
2020-04-23 15:22:30.877,10285,10286,10285,1,-1
2020-04-23 15:22:31.141,10285,10286,10285,1,-1
2020-04-23 15:22:31.246,10285,10286,10285,2,-2
2020-04-23 15:22:32.139,10284,10285,10285,1,1
2020-04-23 15:22:33.431,10285,10286,10286,13,13
2020-04-23 15:22:34.103,10286,10287,10286,3,-3
2020-04-23 15:22:34.103,10286,10287,10285,1,-1
2020-04-23 15:22:34.376,10285,10287,10285,2,-2
2020-04-23 15:22:35.052,10285,10287,10285,1,-1
2020-04-23 15:22:35.383,10285,10287,10285,1,-1
2020-04-23 15:22:40.160,10286,10287,10286,3,3
2020-04-23 15:22:40.606,10285,10286,10286,1,1
2020-04-23 15:22:40.993,10285,10286,10285,1,-1
2020-04-23 15:22:41.481,10285,10286,10286,1,1
2020-04-23 15:22:43.140,10285,10286,10285,1,-1
2020-04-23 15:22:44.372,10285,10286,10286,2,2
2020-04-23 15:22:45.226,10286,10287,10287,5,5
2020-04-23 15:22:45.227,10286,10287,10287,7,7
2020-04-23 15:22:59.020,10287,10288,10288,1,1
2020-04-23 15:23:02.713,10287,10288,10287,2,-2
2020-04-23 15:23:06.899,10287,10288,10287,1,-1
2020-04-23 15:23:10.299,10287,10288,10288,7,7
2020-04-23 15:23:13.337,10287,10289,10289,1,1
2020-04-23 15:23:15.023,10288,10289,10288,1,-1
2020-04-23 15:23:15.935,10287,10288,10288,1,1
2020-04-23 15:23:16.315,10287,10288,10288,1,1
2020-04-23 15:23:17.138,10287,10288,10288,1,1
2020-04-23 15:23:17.138,10287,10288,10289,1,1
2020-04-23 15:23:17.809,10287,10289,10288,1,-1
2020-04-23 15:23:19.714,10288,10289,10288,1,-1
2020-04-23 15:23:21.739,10287,10289,10288,1,-1
2020-04-23 15:23:24.657,10287,10288,10287,5,-5
2020-04-23 15:23:30.246,10286,10287,10286,1,-1
2020-04-23 15:23:30.246,10286,10287,10286,1,-1
2020-04-23 15:23:30.246,10286,10287,10286,1,-1
2020-04-23 15:23:30.320,10285,10286,10285,1,-1
2020-04-23 15:23:31.069,10285,10286,10286,1,1
2020-04-23 15:23:31.343,10285,10287,10287,2,2
2020-04-23 15:23:34.724,10285,10286,10285,1,-1
2020-04-23 15:23:34.816,10285,10286,10285,1,-1
2020-04-23 15:23:34.817,10285,10286,10285,1,-1
2020-04-23 15:23:35.904,10284,10286,10286,5,5
2020-04-23 15:23:36.921,10285,10286,10285,1,-1
2020-04-23 15:23:39.615,10284,10286,10284,1,-1
2020-04-23 15:23:40.263,10284,10286,10284,3,-3
2020-04-23 15:23:43.615,10284,10286,10284,3,-3
2020-04-23 15:23:44.303,10284,10285,10284,1,-1
2020-04-23 15:23:44.305,10284,10285,10284,2,-2
2020-04-23 15:23:44.305,10284,10285,10284,4,-4
2020-04-23 15:23:44.329,10284,10285,10283,3,-3
2020-04-23 15:23:45.945,10282,10284,10284,1,1
2020-04-23 15:23:47.103,10282,10284,10284,4,4
2020-04-23 15:23:47.267,10283,10284,10283,1,-1
2020-04-23 15:23:47.787,10282,10284,10282,5,-5
2020-04-23 15:23:47.794,10282,10284,10282,1,-1
2020-04-23 15:23:47.921,10282,10283,10282,4,-4
2020-04-23 15:23:48.855,10282,10284,10282,5,-5
2020-04-23 15:23:48.862,10282,10284,10282,2,-2
2020-04-23 15:23:49.680,10281,10283,10281,4,-4
2020-04-23 15:23:50.007,10281,10283,10283,1,1
2020-04-23 15:23:50.894,10281,10283,10282,1,-1
2020-04-23 15:23:50.894,10281,10283,10281,2,-2
2020-04-23 15:23:51.031,10281,10283,10281,1,-1
2020-04-23 15:23:51.730,10281,10283,10281,5,-5
2020-04-23 15:23:53.904,10281,10282,10281,2,-2
2020-04-23 15:23:54.332,10281,10282,10281,1,-1
2020-04-23 15:23:54.381,10281,10282,10281,1,-1
2020-04-23 15:23:54.471,10281,10282,10282,3,3
2020-04-23 15:23:54.796,10281,10282,10281,2,-2
2020-04-23 15:23:55.023,10281,10282,10281,1,-1
2020-04-23 15:23:55.089,10281,10282,10281,1,-1
2020-04-23 15:23:55.089,10281,10282,10281,2,-2
2020-04-23 15:23:55.089,10281,10282,10281,1,-1
2020-04-23 15:23:55.089,10281,10282,10281,2,-2
2020-04-23 15:23:55.089,10281,10282,10281,1,-1
2020-04-23 15:23:55.090,10281,10282,10281,1,-1
2020-04-23 15:23:56.143,10280,10281,10280,1,-1
2020-04-23 15:23:56.209,10280,10281,10280,1,-1
2020-04-23 15:23:56.541,10280,10281,10280,1,-1
2020-04-23 15:23:56.732,10280,10281,10280,5,-5
2020-04-23 15:23:57.118,10280,10281,10280,2,-2
2020-04-23 15:23:57.781,10280,10281,10280,2,-2
2020-04-23 15:23:58.305,10280,10281,10280,1,-1
2020-04-23 15:23:58.693,10280,10281,10280,1,-1
2020-04-23 15:23:58.693,10280,10281,10279,5,-5
2020-04-23 15:23:58.800,10279,10281,10279,1,-1
2020-04-23 15:23:58.969,10279,10281,10279,3,-3
2020-04-23 15:23:59.548,10278,10280,10280,1,1
2020-04-23 15:23:59.675,10278,10280,10278,1,-1
2020-04-23 15:24:00.103,10278,10280,10278,1,-1
2020-04-23 15:24:00.209,10278,10279,10278,1,-1
2020-04-23 15:24:00.223,10278,10279,10278,2,-2
2020-04-23 15:24:00.352,10278,10279,10278,1,-1
2020-04-23 15:24:00.864,10278,10279,10278,1,-1
2020-04-23 15:24:00.913,10278,10279,10277,1,-1
2020-04-23 15:24:00.926,10277,10278,10278,1,1
2020-04-23 15:24:00.982,10277,10278,10277,1,-1
2020-04-23 15:24:02.501,10277,10278,10278,1,1
2020-04-23 15:24:02.857,10277,10278,10277,5,-5
2020-04-23 15:24:03.029,10276,10277,10277,1,1
2020-04-23 15:24:03.444,10276,10277,10277,1,1
2020-04-23 15:24:03.800,10276,10277,10277,1,1
2020-04-23 15:24:03.801,10276,10277,10277,2,2
2020-04-23 15:24:04.513,10276,10277,10277,1,1
2020-04-23 15:24:04.582,10276,10277,10277,3,3
2020-04-23 15:24:04.583,10276,10277,10277,1,1
2020-04-23 15:24:04.768,10277,10278,10277,1,-1
2020-04-23 15:24:05.173,10277,10278,10277,1,-1
2020-04-23 15:24:05.741,10277,10278,10277,1,-1
2020-04-23 15:24:06.796,10277,10278,10277,2,-2
2020-04-23 15:24:07.259,10277,10278,10278,1,1
2020-04-23 15:24:07.871,10277,10278,10277,1,-1
2020-04-23 15:24:08.656,10277,10278,10277,2,-2
2020-04-23 15:24:08.668,10277,10278,10277,1,-1
2020-04-23 15:24:08.669,10277,10278,10277,1,-1
2020-04-23 15:24:08.712,10277,10278,10277,1,-1
2020-04-23 15:24:10.089,10276,10277,10276,5,-5
2020-04-23 15:24:10.454,10276,10277,10277,3,3
2020-04-23 15:24:10.534,10276,10277,10276,1,-1
2020-04-23 15:24:10.766,10277,10278,10277,1,1
2020-04-23 15:24:10.892,10277,10278,10277,2,-2
2020-04-23 15:24:10.935,10276,10277,10277,2,2
2020-04-23 15:24:10.998,10276,10277,10276,1,-1
2020-04-23 15:24:11.277,10276,10278,10276,1,-1
2020-04-23 15:24:11.378,10276,10277,10277,1,1
2020-04-23 15:24:11.654,10276,10277,10277,1,1
2020-04-23 15:24:11.900,10275,10277,10275,1,-1
2020-04-23 15:24:12.953,10275,10276,10275,1,-1
2020-04-23 15:24:13.474,10275,10276,10275,2,-2
2020-04-23 15:24:13.474,10275,10276,10275,4,-4
2020-04-23 15:24:15.296,10274,10276,10274,2,-2
2020-04-23 15:24:15.303,10274,10276,10274,4,-4
2020-04-23 15:24:15.435,10274,10275,10274,4,-4
2020-04-23 15:24:15.452,10274,10275,10274,2,-2
2020-04-23 15:24:15.698,10273,10275,10273,1,-1
2020-04-23 15:24:15.806,10273,10275,10273,1,-1
2020-04-23 15:24:15.830,10273,10275,10273,1,-1
2020-04-23 15:24:16.568,10274,10275,10274,1,1
2020-04-23 15:24:16.825,10273,10275,10275,1,1
2020-04-23 15:24:17.803,10274,10275,10275,2,2
2020-04-23 15:24:18.007,10274,10276,10275,3,-3
2020-04-23 15:24:18.008,10274,10276,10275,1,-1
2020-04-23 15:24:18.401,10274,10276,10274,1,-1
2020-04-23 15:24:18.455,10274,10276,10274,1,-1
2020-04-23 15:24:19.026,10274,10276,10274,1,-1
2020-04-23 15:24:19.383,10274,10276,10274,2,-2
2020-04-23 15:24:19.564,10274,10276,10274,5,-5
2020-04-23 15:24:20.539,10273,10275,10273,1,-1
2020-04-23 15:24:20.601,10273,10275,10273,1,-1
2020-04-23 15:24:20.766,10273,10275,10273,1,-1
2020-04-23 15:24:21.422,10274,10275,10275,4,4
2020-04-23 15:24:22.297,10274,10275,10275,1,1
2020-04-23 15:24:23.231,10274,10276,10274,1,-1
2020-04-23 15:24:23.595,10274,10276,10274,2,-2
2020-04-23 15:24:23.654,10274,10276,10274,1,-1
2020-04-23 15:24:23.783,10274,10276,10274,1,-1
2020-04-23 15:24:26.180,10274,10275,10274,2,-2
2020-04-23 15:24:28.728,10274,10275,10274,1,-1
2020-04-23 15:24:29.074,10274,10275,10275,1,1
2020-04-23 15:24:29.441,10274,10275,10274,1,-1
2020-04-23 15:24:29.721,10274,10275,10275,1,1
2020-04-23 15:24:29.897,10274,10275,10274,1,-1
2020-04-23 15:24:29.948,10274,10275,10274,1,-1
2020-04-23 15:24:30.550,10274,10275,10275,1,1
2020-04-23 15:24:31.194,10274,10275,10274,4,-4
2020-04-23 15:24:33.310,10274,10275,10274,2,-2
2020-04-23 15:24:33.450,10274,10275,10274,1,-1
2020-04-23 15:24:33.576,10274,10275,10274,1,-1
2020-04-23 15:24:33.670,10274,10275,10274,2,-2
2020-04-23 15:24:33.787,10274,10275,10274,1,-1
2020-04-23 15:24:34.043,10274,10275,10274,1,-1
2020-04-23 15:24:34.044,10274,10275,10274,1,-1
2020-04-23 15:24:34.044,10274,10275,10274,6,-6
2020-04-23 15:24:34.078,10273,10274,10274,1,1
2020-04-23 15:24:34.350,10273,10274,10274,6,6
2020-04-23 15:24:34.929,10274,10275,10274,1,-1
2020-04-23 15:24:35.246,10274,10275,10274,1,-1
2020-04-23 15:24:35.582,10274,10275,10274,1,-1
2020-04-23 15:24:35.584,10274,10275,10274,1,-1
2020-04-23 15:24:35.663,10274,10275,10274,1,-1
2020-04-23 15:24:37.057,10273,10274,10273,2,-2
2020-04-23 15:24:38.044,10273,10274,10274,1,1
2020-04-23 15:24:38.799,10273,10274,10274,1,1
2020-04-23 15:24:40.586,10273,10274,10274,1,1
2020-04-23 15:24:41.106,10273,10274,10274,2,2
2020-04-23 15:24:41.598,10273,10275,10273,1,-1
2020-04-23 15:24:41.935,10273,10274,10274,1,1
2020-04-23 15:24:42.524,10274,10275,10274,1,-1
2020-04-23 15:24:43.093,10273,10274,10274,1,1
2020-04-23 15:24:43.140,10273,10274,10273,6,-6
2020-04-23 15:24:43.389,10273,10275,10273,10,-10
2020-04-23 15:24:43.789,10273,10274,10274,1,1
2020-04-23 15:24:44.106,10273,10274,10273,1,-1
2020-04-23 15:24:45.134,10272,10274,10273,1,-1
2020-04-23 15:24:45.396,10272,10274,10272,6,-6
2020-04-23 15:24:45.669,10272,10273,10273,1,1
2020-04-23 15:24:46.286,10272,10273,10273,5,5
2020-04-23 15:24:46.360,10272,10273,10272,1,-1
2020-04-23 15:24:46.932,10272,10274,10272,1,-1
2020-04-23 15:24:48.142,10272,10273,10272,2,-2
2020-04-23 15:24:49.277,10272,10273,10272,5,-5
2020-04-23 15:24:49.300,10271,10273,10271,1,-1
2020-04-23 15:24:49.470,10271,10272,10271,1,-1
2020-04-23 15:24:49.546,10271,10272,10271,1,-1
2020-04-23 15:24:49.564,10271,10272,10271,3,-3
2020-04-23 15:24:49.568,10271,10272,10271,1,-1
2020-04-23 15:24:49.568,10271,10272,10270,1,-1
2020-04-23 15:24:49.581,10271,10272,10270,2,-2
2020-04-23 15:24:49.678,10270,10272,10270,2,-2
2020-04-23 15:24:49.705,10270,10272,10270,1,-1
2020-04-23 15:24:49.723,10270,10272,10270,2,-2
2020-04-23 15:24:49.750,10270,10272,10270,1,-1
2020-04-23 15:24:50.070,10270,10272,10270,1,-1
2020-04-23 15:24:50.463,10270,10271,10270,5,-5
2020-04-23 15:24:50.488,10270,10271,10270,5,-5
2020-04-23 15:24:51.153,10270,10271,10270,6,-6
2020-04-23 15:24:51.800,10270,10271,10271,1,1
2020-04-23 15:24:52.690,10270,10271,10270,1,-1
2020-04-23 15:24:52.895,10270,10271,10270,1,-1
2020-04-23 15:24:53.108,10270,10271,10271,1,1
2020-04-23 15:24:53.784,10270,10271,10270,1,-1
2020-04-23 15:24:54.326,10270,10271,10270,3,-3
2020-04-23 15:24:54.527,10270,10271,10270,3,-3
2020-04-23 15:24:54.527,10270,10271,10270,1,-1
2020-04-23 15:24:55.956,10269,10270,10270,1,1
2020-04-23 15:24:56.684,10269,10271,10269,4,-4
2020-04-23 15:24:56.819,10269,10270,10269,4,-4
2020-04-23 15:24:58.316,10269,10270,10270,1,1
2020-04-23 15:24:58.458,10269,10270,10269,1,-1
2020-04-23 15:24:58.691,10269,10270,10270,1,1
2020-04-23 15:24:58.795,10269,10270,10269,2,-2
2020-04-23 15:24:58.955,10269,10270,10270,1,1
2020-04-23 15:24:59.053,10269,10270,10269,3,-3
2020-04-23 15:24:59.053,10269,10270,10268,2,-2
2020-04-23 15:24:59.326,10268,10270,10268,1,-1
2020-04-23 15:25:00.242,10268,10270,10268,4,-4
2020-04-23 15:25:00.306,10267,10269,10267,2,-2
2020-04-23 15:25:00.346,10267,10269,10267,7,-7
2020-04-23 15:25:00.491,10267,10268,10268,1,1
2020-04-23 15:25:00.554,10267,10268,10268,1,1
2020-04-23 15:25:00.773,10267,10268,10267,1,-1
2020-04-23 15:25:00.980,10267,10268,10267,1,-1
2020-04-23 15:25:02.610,10266,10267,10267,1,1
2020-04-23 15:25:02.752,10266,10267,10266,5,-5
2020-04-23 15:25:02.814,10266,10267,10266,2,-2
2020-04-23 15:25:03.193,10266,10267,10266,1,-1
2020-04-23 15:25:03.860,10265,10266,10266,1,1
2020-04-23 15:25:03.929,10265,10266,10266,1,1
2020-04-23 15:25:03.951,10265,10266,10265,1,-1
2020-04-23 15:25:04.049,10265,10266,10265,1,-1
2020-04-23 15:25:04.079,10265,10266,10265,1,-1
2020-04-23 15:25:04.191,10265,10266,10266,1,1
2020-04-23 15:25:04.215,10265,10266,10265,1,-1
2020-04-23 15:25:04.298,10265,10266,10266,1,1
2020-04-23 15:25:04.526,10265,10266,10265,3,-3
2020-04-23 15:25:05.338,10265,10266,10265,1,-1
2020-04-23 15:25:05.904,10265,10266,10266,1,1
2020-04-23 15:25:06.044,10265,10266,10266,1,1
2020-04-23 15:25:06.220,10265,10266,10265,1,-1
2020-04-23 15:25:06.245,10265,10266,10265,1,-1
2020-04-23 15:25:06.423,10265,10266,10265,1,-1
2020-04-23 15:25:06.525,10265,10266,10265,2,-2
2020-04-23 15:25:07.050,10265,10266,10265,1,-1
2020-04-23 15:25:07.708,10265,10266,10266,1,1
2020-04-23 15:25:07.737,10265,10266,10266,1,1
2020-04-23 15:25:07.855,10266,10267,10267,1,1
2020-04-23 15:25:08.206,10266,10267,10266,1,-1
2020-04-23 15:25:08.241,10266,10267,10266,5,-5
2020-04-23 15:25:08.286,10266,10267,10265,2,-2
2020-04-23 15:25:08.459,10265,10267,10265,2,-2
2020-04-23 15:25:08.925,10265,10266,10266,2,2
2020-04-23 15:25:09.021,10265,10266,10266,1,1
2020-04-23 15:25:09.021,10265,10266,10266,5,5
2020-04-23 15:25:09.379,10266,10267,10267,3,3
2020-04-23 15:25:09.712,10266,10268,10268,1,1
2020-04-23 15:25:09.923,10266,10268,10266,1,-1
2020-04-23 15:25:10.420,10266,10268,10268,1,1
2020-04-23 15:25:10.447,10266,10268,10266,1,-1
2020-04-23 15:25:11.440,10266,10268,10267,1,1
2020-04-23 15:25:11.710,10267,10268,10267,1,-1
2020-04-23 15:25:11.791,10267,10268,10268,3,3
2020-04-23 15:25:12.256,10267,10268,10268,3,3
2020-04-23 15:25:12.538,10266,10268,10267,1,-1
2020-04-23 15:25:12.539,10266,10268,10266,1,-1
2020-04-23 15:25:13.217,10267,10268,10268,1,1
2020-04-23 15:25:13.367,10267,10268,10267,1,-1
2020-04-23 15:25:13.810,10266,10267,10266,2,-2
2020-04-23 15:25:13.918,10266,10267,10267,5,5
2020-04-23 15:25:15.163,10266,10267,10266,2,-2
2020-04-23 15:25:15.272,10265,10267,10267,1,1
2020-04-23 15:25:15.368,10265,10267,10265,1,-1
2020-04-23 15:25:15.377,10265,10267,10265,2,-2
2020-04-23 15:25:15.403,10265,10267,10265,2,-2
2020-04-23 15:25:16.505,10265,10266,10266,1,1
2020-04-23 15:25:16.698,10265,10266,10266,2,2
2020-04-23 15:25:17.496,10265,10266,10266,1,1
2020-04-23 15:25:19.060,10265,10266,10265,1,-1
2020-04-23 15:25:19.093,10265,10266,10266,1,1
2020-04-23 15:25:19.128,10265,10266,10265,11,-11
2020-04-23 15:25:19.344,10264,10265,10265,11,11
2020-04-23 15:25:20.324,10264,10266,10266,1,1
2020-04-23 15:25:20.447,10264,10266,10264,1,-1
2020-04-23 15:25:20.563,10264,10265,10264,3,-3
2020-04-23 15:25:20.842,10264,10265,10264,1,-1
2020-04-23 15:25:20.885,10264,10265,10263,1,-1
2020-04-23 15:25:21.176,10263,10265,10263,2,-2
2020-04-23 15:25:21.298,10263,10265,10263,1,-1
2020-04-23 15:25:22.053,10263,10264,10264,2,2
2020-04-23 15:25:22.162,10263,10264,10263,1,-1
2020-04-23 15:25:22.233,10263,10265,10265,1,1
2020-04-23 15:25:22.401,10263,10265,10264,1,-1
2020-04-23 15:25:24.049,10263,10265,10263,1,-1
2020-04-23 15:25:25.595,10263,10265,10265,3,3
2020-04-23 15:25:26.220,10264,10265,10264,1,-1
2020-04-23 15:25:26.305,10264,10265,10265,4,4
2020-04-23 15:25:26.701,10265,10266,10265,1,-1
2020-04-23 15:25:27.129,10265,10266,10266,3,3
2020-04-23 15:25:27.659,10266,10267,10266,1,-1
2020-04-23 15:25:27.722,10265,10267,10265,1,-1
2020-04-23 15:25:27.951,10265,10266,10265,2,-2
2020-04-23 15:25:28.153,10265,10266,10265,4,-4
2020-04-23 15:25:29.925,10265,10266,10265,1,-1
2020-04-23 15:25:30.038,10265,10266,10265,3,-3
2020-04-23 15:25:30.064,10265,10266,10266,1,1
2020-04-23 15:25:30.199,10265,10267,10265,1,-1
2020-04-23 15:25:30.202,10265,10267,10265,2,-2
2020-04-23 15:25:30.313,10265,10266,10266,1,1
2020-04-23 15:25:30.454,10265,10267,10267,2,2
2020-04-23 15:25:31.163,10265,10267,10267,5,5
2020-04-23 15:25:31.176,10266,10267,10266,1,-1
2020-04-23 15:25:31.741,10266,10267,10266,1,-1
2020-04-23 15:25:31.871,10266,10267,10266,2,-2
2020-04-23 15:25:32.571,10266,10267,10266,1,-1
2020-04-23 15:25:32.572,10266,10267,10265,1,-1
2020-04-23 15:25:33.733,10265,10266,10266,1,1
2020-04-23 15:25:33.883,10265,10267,10267,1,1
2020-04-23 15:25:35.289,10266,10267,10266,1,-1
2020-04-23 15:25:35.866,10266,10267,10266,1,-1
2020-04-23 15:25:36.207,10266,10267,10267,1,1
2020-04-23 15:25:36.259,10266,10267,10267,8,8
2020-04-23 15:25:36.881,10267,10268,10268,3,3
2020-04-23 15:25:37.887,10266,10268,10268,5,5
2020-04-23 15:25:37.911,10266,10268,10268,1,1
2020-04-23 15:25:37.973,10266,10268,10268,4,4
2020-04-23 15:25:37.973,10266,10268,10269,2,2
2020-04-23 15:25:38.260,10267,10268,10268,2,2
2020-04-23 15:25:38.260,10267,10268,10269,1,1
2020-04-23 15:25:38.597,10267,10268,10267,1,-1
2020-04-23 15:25:39.915,10267,10268,10268,2,2
2020-04-23 15:25:40.225,10267,10268,10268,2,2
2020-04-23 15:25:44.743,10267,10269,10269,2,2
2020-04-23 15:25:45.520,10268,10269,10268,1,-1
2020-04-23 15:25:46.166,10268,10269,10268,2,-2
2020-04-23 15:25:46.166,10268,10269,10267,4,-4
2020-04-23 15:25:46.192,10267,10268,10268,1,1
2020-04-23 15:25:46.203,10267,10268,10269,2,2
2020-04-23 15:25:48.439,10267,10268,10267,1,-1
2020-04-23 15:25:49.360,10267,10268,10267,1,-1
2020-04-23 15:25:49.939,10267,10268,10268,1,1
2020-04-23 15:25:50.186,10267,10268,10267,1,-1
2020-04-23 15:25:50.345,10266,10268,10268,1,1
2020-04-23 15:25:50.677,10267,10268,10268,1,1
2020-04-23 15:25:53.559,10267,10268,10268,2,2
2020-04-23 15:25:54.590,10268,10269,10269,4,4
2020-04-23 15:25:54.590,10268,10269,10269,7,7
2020-04-23 15:25:54.590,10268,10269,10269,1,1
2020-04-23 15:25:54.591,10268,10269,10269,1,1
2020-04-23 15:25:54.702,10268,10269,10269,6,6
2020-04-23 15:25:54.703,10268,10269,10269,1,1
2020-04-23 15:25:54.745,10268,10269,10270,5,5
2020-04-23 15:25:54.851,10268,10270,10268,1,-1
2020-04-23 15:25:54.939,10268,10270,10270,1,1
2020-04-23 15:25:57.340,10268,10270,10268,1,-1
2020-04-23 15:25:57.791,10268,10270,10270,1,1
2020-04-23 15:25:57.914,10269,10270,10270,2,2
2020-04-23 15:25:57.926,10269,10270,10270,2,2
2020-04-23 15:25:57.934,10269,10270,10270,1,1
2020-04-23 15:25:57.947,10269,10270,10270,1,1
2020-04-23 15:25:57.953,10269,10270,10270,1,1
2020-04-23 15:25:58.190,10269,10270,10270,1,1
2020-04-23 15:25:58.939,10269,10270,10270,1,1
2020-04-23 15:26:02.499,10269,10270,10269,1,-1
2020-04-23 15:26:02.742,10268,10269,10268,2,-2
2020-04-23 15:26:04.707,10268,10269,10269,1,1
2020-04-23 15:26:06.410,10268,10269,10269,1,1
2020-04-23 15:26:06.558,10268,10270,10270,1,1
2020-04-23 15:26:07.032,10268,10270,10268,1,-1
2020-04-23 15:26:09.679,10269,10270,10269,1,1
2020-04-23 15:26:09.679,10269,10270,10269,1,-1
2020-04-23 15:26:10.417,10268,10269,10268,2,-2
2020-04-23 15:26:11.376,10268,10270,10270,1,1
2020-04-23 15:26:11.626,10268,10269,10268,1,-1
2020-04-23 15:26:11.685,10268,10269,10268,8,-8
2020-04-23 15:26:12.172,10268,10269,10268,1,-1
2020-04-23 15:26:14.627,10267,10269,10269,5,5
2020-04-23 15:26:17.819,10268,10269,10268,1,-1
2020-04-23 15:26:19.542,10268,10269,10268,2,-2
2020-04-23 15:26:21.936,10268,10269,10269,1,1
2020-04-23 15:26:24.105,10268,10269,10269,1,1
2020-04-23 15:26:25.048,10268,10269,10269,1,1
2020-04-23 15:26:25.064,10268,10269,10269,6,6
2020-04-23 15:26:25.510,10268,10269,10269,1,1
2020-04-23 15:26:26.034,10268,10269,10269,1,1
2020-04-23 15:26:28.273,10268,10269,10268,1,-1
2020-04-23 15:26:30.073,10268,10269,10268,3,-3
2020-04-23 15:26:30.149,10268,10269,10268,1,-1
2020-04-23 15:26:30.181,10268,10269,10268,1,-1
2020-04-23 15:26:31.757,10267,10268,10268,6,6
2020-04-23 15:26:32.465,10267,10268,10268,1,1
2020-04-23 15:26:36.499,10267,10268,10267,1,-1
2020-04-23 15:26:37.020,10267,10268,10268,4,4
2020-04-23 15:26:38.494,10267,10268,10268,2,2
2020-04-23 15:26:39.622,10267,10268,10267,1,-1
2020-04-23 15:26:40.822,10267,10268,10267,2,-2
2020-04-23 15:26:40.935,10267,10268,10267,1,-1
2020-04-23 15:26:40.982,10267,10268,10267,2,-2
2020-04-23 15:26:41.344,10267,10268,10267,1,-1
2020-04-23 15:26:42.345,10267,10268,10268,4,4
2020-04-23 15:26:42.348,10267,10268,10267,1,-1
2020-04-23 15:26:42.474,10266,10268,10268,1,1
2020-04-23 15:26:43.799,10267,10268,10267,1,-1
2020-04-23 15:26:45.422,10266,10267,10266,1,-1
2020-04-23 15:26:47.531,10267,10268,10267,1,1
2020-04-23 15:26:47.568,10267,10268,10267,2,-2
2020-04-23 15:26:49.990,10267,10268,10267,3,-3
2020-04-23 15:26:54.550,10267,10268,10268,2,2
2020-04-23 15:26:58.645,10267,10268,10268,10,10
2020-04-23 15:26:59.011,10268,10270,10269,1,1
2020-04-23 15:26:59.071,10268,10270,10269,1,-1
2020-04-23 15:26:59.468,10268,10270,10268,1,-1
2020-04-23 15:27:00.880,10268,10269,10269,3,3
2020-04-23 15:27:03.156,10268,10269,10269,1,1
2020-04-23 15:27:05.148,10268,10269,10269,1,1
2020-04-23 15:27:09.290,10268,10269,10268,2,-2
2020-04-23 15:27:10.278,10268,10269,10268,1,-1
2020-04-23 15:27:10.279,10268,10269,10268,4,-4
2020-04-23 15:27:10.279,10268,10269,10268,5,-5
2020-04-23 15:27:10.279,10268,10269,10268,1,-1
2020-04-23 15:27:14.085,10267,10268,10268,3,3
2020-04-23 15:27:14.154,10267,10268,10269,1,1
2020-04-23 15:27:15.258,10268,10269,10268,1,-1
2020-04-23 15:27:15.425,10267,10269,10269,1,1
2020-04-23 15:27:16.446,10268,10269,10269,1,1
2020-04-23 15:27:16.924,10268,10269,10268,1,-1
2020-04-23 15:27:17.152,10268,10269,10268,1,-1
2020-04-23 15:27:18.232,10268,10269,10268,1,-1
2020-04-23 15:27:18.774,10268,10269,10268,1,-1
2020-04-23 15:27:19.711,10268,10269,10269,1,1
2020-04-23 15:27:25.527,10268,10269,10269,1,1
2020-04-23 15:27:28.084,10268,10269,10269,1,1
2020-04-23 15:27:28.085,10268,10269,10269,2,2
2020-04-23 15:27:28.085,10268,10269,10269,6,6
2020-04-23 15:27:28.110,10268,10269,10269,2,2
2020-04-23 15:27:29.308,10269,10270,10269,3,-3
2020-04-23 15:27:29.308,10269,10270,10269,1,-1
2020-04-23 15:27:30.516,10269,10270,10269,1,-1
2020-04-23 15:27:35.581,10268,10269,10268,1,-1
2020-04-23 15:27:36.341,10268,10269,10269,6,6
2020-04-23 15:27:36.763,10269,10270,10269,2,-2
2020-04-23 15:27:39.864,10268,10269,10269,1,1
2020-04-23 15:27:42.666,10269,10270,10269,1,-1
2020-04-23 15:27:43.363,10269,10270,10269,1,-1
2020-04-23 15:27:43.665,10269,10270,10269,1,-1
2020-04-23 15:27:43.912,10268,10269,10269,1,1
2020-04-23 15:27:43.922,10268,10269,10269,1,1
2020-04-23 15:27:47.727,10269,10270,10269,1,-1
2020-04-23 15:27:48.211,10269,10270,10270,19,19
2020-04-23 15:27:48.425,10270,10271,10270,4,-4
2020-04-23 15:27:52.395,10270,10271,10270,1,-1
2020-04-23 15:27:54.799,10270,10271,10270,2,-2
2020-04-23 15:27:55.331,10269,10270,10270,1,1
2020-04-23 15:27:55.589,10269,10270,10270,1,1
2020-04-23 15:27:56.144,10269,10270,10270,1,1
2020-04-23 15:27:58.532,10269,10270,10270,1,1
2020-04-23 15:27:59.900,10269,10270,10269,1,-1
2020-04-23 15:27:59.900,10269,10270,10269,1,-1
2020-04-23 15:28:00.155,10268,10269,10268,11,-11
2020-04-23 15:28:00.155,10268,10269,10268,1,-1
2020-04-23 15:28:01.501,10267,10269,10269,2,2
2020-04-23 15:28:04.804,10267,10268,10268,1,1
2020-04-23 15:28:05.793,10267,10268,10267,1,-1
2020-04-23 15:28:05.807,10267,10268,10267,10,-10
2020-04-23 15:28:06.168,10266,10267,10267,1,1
2020-04-23 15:28:06.944,10266,10268,10267,2,-2
2020-04-23 15:28:10.536,10266,10267,10266,5,-5
2020-04-23 15:28:10.582,10266,10267,10266,1,-1
2020-04-23 15:28:10.784,10266,10267,10266,5,-5
2020-04-23 15:28:10.931,10266,10267,10267,1,1
2020-04-23 15:28:11.040,10266,10267,10266,4,-4
2020-04-23 15:28:11.040,10266,10267,10265,1,-1
2020-04-23 15:28:11.075,10265,10267,10265,1,-1
2020-04-23 15:28:11.282,10265,10267,10265,5,-5
2020-04-23 15:28:12.884,10265,10267,10267,1,1
2020-04-23 15:28:13.870,10265,10267,10267,1,1
2020-04-23 15:28:14.462,10265,10267,10265,1,-1
2020-04-23 15:28:14.753,10265,10267,10267,2,2
2020-04-23 15:28:18.157,10266,10267,10267,5,5
2020-04-23 15:28:19.590,10267,10268,10268,3,3
2020-04-23 15:28:20.906,10268,10269,10268,1,-1
2020-04-23 15:28:21.445,10268,10269,10268,1,-1
2020-04-23 15:28:22.212,10268,10269,10268,2,-2
2020-04-23 15:28:22.579,10268,10269,10268,1,-1
2020-04-23 15:28:24.579,10268,10269,10269,4,4
2020-04-23 15:28:25.307,10268,10269,10268,1,-1
2020-04-23 15:28:28.323,10267,10269,10267,4,-4
2020-04-23 15:28:28.576,10267,10268,10268,1,1
2020-04-23 15:28:29.143,10267,10268,10268,1,1
2020-04-23 15:28:29.860,10267,10268,10268,3,3
2020-04-23 15:28:31.536,10267,10268,10267,1,-1
2020-04-23 15:28:34.149,10267,10268,10267,1,-1
2020-04-23 15:28:34.379,10267,10268,10267,1,-1
2020-04-23 15:28:36.411,10267,10268,10268,1,1
2020-04-23 15:28:37.098,10267,10268,10268,2,2
2020-04-23 15:28:37.098,10267,10268,10268,1,1
2020-04-23 15:28:37.098,10267,10268,10268,4,4
2020-04-23 15:28:37.984,10268,10269,10269,1,1
2020-04-23 15:28:37.985,10268,10269,10269,1,1
2020-04-23 15:28:38.220,10268,10270,10268,1,-1
2020-04-23 15:28:41.227,10269,10270,10270,1,1
2020-04-23 15:28:42.288,10269,10270,10269,1,-1
2020-04-23 15:28:43.695,10269,10270,10270,3,3
2020-04-23 15:28:43.696,10269,10270,10270,2,2
2020-04-23 15:28:43.696,10269,10270,10270,2,2
2020-04-23 15:28:44.831,10270,10271,10270,1,-1
2020-04-23 15:28:46.138,10270,10271,10270,1,-1
2020-04-23 15:28:51.324,10270,10271,10270,3,-3
2020-04-23 15:28:51.380,10270,10271,10271,1,1
2020-04-23 15:28:51.437,10269,10271,10271,3,3
2020-04-23 15:28:51.656,10269,10271,10271,1,1
2020-04-23 15:28:51.692,10270,10271,10271,1,1
2020-04-23 15:28:56.989,10270,10271,10271,1,1
2020-04-23 15:28:57.123,10270,10271,10271,1,1
2020-04-23 15:28:58.430,10270,10271,10271,1,1
2020-04-23 15:28:58.582,10270,10271,10271,1,1
2020-04-23 15:28:59.613,10270,10272,10270,1,-1
2020-04-23 15:29:00.313,10270,10272,10272,1,1
2020-04-23 15:29:00.643,10270,10272,10272,2,2
2020-04-23 15:29:02.076,10271,10272,10271,1,-1
2020-04-23 15:29:02.566,10271,10272,10272,1,1
2020-04-23 15:29:02.607,10271,10272,10272,1,1
2020-04-23 15:29:03.651,10271,10272,10272,2,2
2020-04-23 15:29:03.772,10271,10272,10272,2,2
2020-04-23 15:29:04.395,10271,10272,10271,1,-1
2020-04-23 15:29:05.361,10271,10272,10272,1,1
2020-04-23 15:29:05.361,10271,10272,10272,1,1
2020-04-23 15:29:05.361,10271,10272,10272,1,1
2020-04-23 15:29:05.361,10271,10272,10272,1,1
2020-04-23 15:29:06.105,10272,10273,10273,1,1
2020-04-23 15:29:06.197,10272,10273,10273,1,1
2020-04-23 15:29:06.271,10272,10273,10273,1,1
2020-04-23 15:29:06.382,10272,10273,10273,1,1
2020-04-23 15:29:06.382,10272,10273,10274,4,4
2020-04-23 15:29:06.422,10273,10274,10274,1,1
2020-04-23 15:29:06.933,10272,10273,10273,1,1
2020-04-23 15:29:07.035,10272,10273,10274,1,1
2020-04-23 15:29:08.335,10274,10275,10274,1,-1
2020-04-23 15:29:08.335,10274,10275,10274,2,-2
2020-04-23 15:29:08.650,10273,10275,10273,1,-1
2020-04-23 15:29:11.131,10273,10274,10274,1,1
2020-04-23 15:29:11.396,10273,10275,10275,1,1
2020-04-23 15:29:11.457,10273,10275,10275,1,1
2020-04-23 15:29:11.524,10273,10275,10275,1,1
2020-04-23 15:29:11.571,10273,10275,10275,1,1
2020-04-23 15:29:11.753,10273,10275,10275,1,1
2020-04-23 15:29:13.265,10274,10275,10275,1,1
2020-04-23 15:29:14.108,10274,10275,10275,1,1
2020-04-23 15:29:14.338,10274,10275,10274,1,-1
2020-04-23 15:29:14.826,10274,10275,10274,1,-1
2020-04-23 15:29:15.260,10273,10275,10275,1,1
2020-04-23 15:29:16.357,10273,10275,10274,1,-1
2020-04-23 15:29:17.079,10274,10275,10275,1,1
2020-04-23 15:29:17.359,10274,10275,10274,1,-1
2020-04-23 15:29:17.966,10274,10275,10275,1,1
2020-04-23 15:29:18.588,10274,10275,10275,7,7
2020-04-23 15:29:19.936,10275,10276,10275,1,-1
2020-04-23 15:29:20.371,10274,10276,10275,1,-1
2020-04-23 15:29:20.422,10274,10276,10275,1,-1
2020-04-23 15:29:21.048,10274,10275,10275,1,1
2020-04-23 15:29:21.072,10274,10275,10274,1,-1
2020-04-23 15:29:21.074,10274,10275,10276,1,1
2020-04-23 15:29:21.194,10274,10275,10275,1,1
2020-04-23 15:29:21.215,10274,10275,10275,2,2
2020-04-23 15:29:21.215,10274,10275,10275,1,1
2020-04-23 15:29:21.672,10275,10276,10275,1,-1
2020-04-23 15:29:21.788,10275,10276,10276,1,1
2020-04-23 15:29:22.285,10275,10276,10275,2,-2
2020-04-23 15:29:22.285,10275,10276,10274,1,-1
2020-04-23 15:29:22.805,10274,10275,10274,1,-1
2020-04-23 15:29:23.050,10274,10275,10275,2,2
2020-04-23 15:29:23.804,10274,10275,10275,1,1
2020-04-23 15:29:23.951,10274,10275,10274,1,-1
2020-04-23 15:29:24.132,10273,10275,10274,1,-1
2020-04-23 15:29:24.132,10273,10275,10275,1,1
2020-04-23 15:29:24.144,10273,10275,10275,1,1
2020-04-23 15:29:24.223,10273,10275,10275,1,1
2020-04-23 15:29:25.472,10273,10275,10275,1,1
2020-04-23 15:29:25.853,10273,10275,10275,1,1
2020-04-23 15:29:26.654,10273,10275,10275,1,1
2020-04-23 15:29:28.207,10273,10275,10274,1,-1
2020-04-23 15:29:29.287,10274,10275,10275,1,1
2020-04-23 15:29:30.745,10273,10275,10275,5,5
2020-04-23 15:29:32.407,10275,10276,10275,1,-1
2020-04-23 15:29:32.731,10275,10276,10275,2,-2
2020-04-23 15:29:34.352,10275,10276,10275,1,-1
2020-04-23 15:29:36.844,10275,10276,10276,2,2
2020-04-23 15:29:37.315,10275,10276,10276,1,1
2020-04-23 15:29:38.649,10275,10276,10276,1,1
2020-04-23 15:29:38.966,10275,10276,10276,1,1
2020-04-23 15:29:39.382,10275,10276,10276,1,1
2020-04-23 15:29:39.383,10275,10276,10276,2,2
2020-04-23 15:29:39.998,10276,10277,10277,1,1
2020-04-23 15:29:40.217,10276,10277,10277,1,1
2020-04-23 15:29:40.731,10276,10277,10276,5,-5
2020-04-23 15:29:41.933,10275,10276,10276,1,1
2020-04-23 15:29:46.588,10276,10277,10276,4,-4
2020-04-23 15:29:46.908,10275,10276,10276,1,1
2020-04-23 15:29:46.973,10275,10276,10276,1,1
2020-04-23 15:29:46.973,10275,10276,10277,2,2
2020-04-23 15:29:47.547,10276,10277,10276,1,-1
2020-04-23 15:29:48.317,10275,10276,10276,2,2
2020-04-23 15:29:48.317,10275,10276,10277,6,6
2020-04-23 15:29:48.922,10276,10277,10276,1,-1
2020-04-23 15:29:49.627,10275,10276,10276,1,1
2020-04-23 15:29:49.653,10275,10276,10276,1,1
2020-04-23 15:29:51.131,10275,10276,10276,1,1
2020-04-23 15:29:51.601,10275,10276,10276,1,1
2020-04-23 15:29:52.442,10275,10276,10275,24,-24
2020-04-23 15:29:53.449,10274,10275,10275,1,1
2020-04-23 15:29:53.590,10274,10275,10275,1,1
2020-04-23 15:29:53.932,10274,10276,10274,1,-1
2020-04-23 15:29:54.547,10275,10276,10275,1,1
2020-04-23 15:29:54.688,10274,10276,10276,7,7
2020-04-23 15:29:54.942,10275,10276,10275,1,-1
2020-04-23 15:29:56.958,10274,10276,10274,1,-1
2020-04-23 15:30:00.132,10274,10275,10275,1,1
2020-04-23 15:30:00.132,10274,10275,10276,2,2
2020-04-23 15:30:00.823,10273,10275,10275,1,1
2020-04-23 15:30:00.952,10273,10275,10273,1,-1
2020-04-23 15:30:01.123,10273,10275,10275,1,1
2020-04-23 15:30:01.470,10273,10275,10273,1,-1
2020-04-23 15:30:04.442,10275,10276,10275,1,1
2020-04-23 15:30:05.369,10273,10275,10273,1,-1
2020-04-23 15:30:06.733,10274,10275,10274,1,1
2020-04-23 15:30:07.262,10273,10275,10273,1,-1
2020-04-23 15:30:09.751,10274,10275,10274,1,1
2020-04-23 15:30:10.504,10274,10275,10274,1,-1
2020-04-23 15:30:14.034,10273,10275,10273,1,-1
2020-04-23 15:30:17.419,10273,10274,10274,1,1
2020-04-23 15:30:19.888,10274,10275,10274,1,-1
2020-04-23 15:30:20.314,10273,10275,10273,1,-1
2020-04-23 15:30:20.912,10273,10275,10275,1,1
2020-04-23 15:30:21.970,10273,10275,10273,5,-5
2020-04-23 15:30:22.184,10273,10274,10273,4,-4
2020-04-23 15:30:22.184,10273,10274,10272,1,-1
2020-04-23 15:30:22.421,10272,10274,10272,5,-5
2020-04-23 15:30:22.560,10271,10273,10273,1,1
2020-04-23 15:30:22.678,10271,10273,10271,5,-5
2020-04-23 15:30:22.897,10270,10272,10270,5,-5
2020-04-23 15:30:23.259,10269,10272,10269,5,-5
2020-04-23 15:30:23.353,10269,10271,10269,1,-1
2020-04-23 15:30:23.769,10270,10272,10270,1,1
2020-04-23 15:30:23.920,10270,10271,10271,1,1
2020-04-23 15:30:24.902,10270,10271,10270,1,-1
2020-04-23 15:30:25.224,10270,10271,10271,1,1
2020-04-23 15:30:26.547,10271,10272,10272,1,1
2020-04-23 15:30:26.743,10271,10273,10273,1,1
2020-04-23 15:30:29.608,10271,10273,10271,1,-1
2020-04-23 15:30:34.363,10271,10273,10271,1,-1
2020-04-23 15:30:34.988,10271,10273,10272,1,1
2020-04-23 15:30:34.988,10271,10273,10271,6,-6
2020-04-23 15:30:34.990,10271,10273,10272,2,2
2020-04-23 15:30:37.383,10272,10273,10273,3,3
2020-04-23 15:30:38.761,10273,10275,10273,1,-1
2020-04-23 15:30:39.619,10274,10275,10275,4,4
2020-04-23 15:30:41.768,10274,10275,10275,1,1
2020-04-23 15:30:42.066,10274,10275,10275,1,1
2020-04-23 15:30:42.862,10274,10275,10274,1,-1
2020-04-23 15:30:43.110,10274,10275,10274,1,-1
2020-04-23 15:30:45.075,10273,10275,10273,4,-4
2020-04-23 15:30:49.310,10273,10275,10273,1,-1
2020-04-23 15:30:50.624,10273,10275,10275,1,1
2020-04-23 15:30:51.246,10273,10275,10273,3,-3
2020-04-23 15:30:51.612,10273,10274,10274,1,1
2020-04-23 15:30:52.927,10274,10275,10275,9,9
2020-04-23 15:30:55.433,10274,10275,10275,4,4
2020-04-23 15:30:55.507,10274,10275,10276,1,1
2020-04-23 15:30:57.532,10274,10275,10275,1,1
2020-04-23 15:31:00.714,10274,10275,10275,1,1
2020-04-23 15:31:01.036,10274,10275,10275,2,2
2020-04-23 15:31:01.771,10274,10275,10275,1,1
2020-04-23 15:31:02.173,10274,10275,10274,4,-4
2020-04-23 15:31:03.267,10274,10275,10275,1,1
2020-04-23 15:31:04.765,10274,10275,10275,1,1
2020-04-23 15:31:04.765,10274,10275,10275,1,1
2020-04-23 15:31:04.766,10274,10275,10276,1,1
2020-04-23 15:31:05.745,10274,10276,10274,1,-1
2020-04-23 15:31:06.723,10274,10276,10274,1,-1
2020-04-23 15:31:09.288,10275,10276,10276,2,2
2020-04-23 15:31:18.904,10275,10276,10276,1,1
2020-04-23 15:31:19.865,10275,10276,10275,4,-4
2020-04-23 15:31:19.865,10275,10276,10275,7,-7
2020-04-23 15:31:19.992,10274,10275,10275,1,1
2020-04-23 15:31:21.479,10274,10276,10276,3,3
2020-04-23 15:31:22.930,10275,10276,10276,1,1
2020-04-23 15:31:27.455,10275,10276,10275,4,-4
2020-04-23 15:31:28.277,10275,10276,10275,2,-2
2020-04-23 15:31:28.277,10275,10276,10275,1,-1
2020-04-23 15:31:29.494,10274,10275,10275,8,8
2020-04-23 15:31:29.918,10274,10275,10275,1,1
2020-04-23 15:31:30.968,10274,10275,10274,1,-1
2020-04-23 15:31:31.515,10274,10275,10275,1,1
2020-04-23 15:31:32.450,10274,10275,10275,2,2
2020-04-23 15:31:33.913,10274,10275,10274,1,-1
2020-04-23 15:31:34.344,10274,10275,10275,2,2
2020-04-23 15:31:35.749,10274,10275,10274,1,-1
2020-04-23 15:31:38.987,10274,10275,10274,2,-2
2020-04-23 15:31:39.123,10274,10275,10274,3,-3
2020-04-23 15:31:40.712,10274,10275,10274,2,-2
2020-04-23 15:31:41.120,10273,10274,10274,1,1
2020-04-23 15:31:42.224,10273,10274,10274,2,2
2020-04-23 15:31:42.681,10273,10274,10273,1,-1
2020-04-23 15:31:44.382,10273,10274,10274,4,4
2020-04-23 15:31:44.382,10273,10274,10274,3,3
2020-04-23 15:31:45.244,10274,10275,10274,1,-1
2020-04-23 15:31:46.681,10274,10275,10274,1,-1
2020-04-23 15:31:47.568,10273,10275,10274,1,-1
2020-04-23 15:31:48.169,10274,10275,10275,3,3
2020-04-23 15:31:48.170,10274,10275,10275,5,5
2020-04-23 15:31:48.446,10275,10276,10275,1,-1
2020-04-23 15:31:48.858,10274,10276,10276,1,1
2020-04-23 15:31:49.155,10274,10276,10274,2,-2
2020-04-23 15:31:59.049,10275,10276,10275,1,1
2020-04-23 15:31:59.049,10275,10276,10274,4,-4
2020-04-23 15:32:04.191,10274,10276,10276,3,3
2020-04-23 15:32:05.183,10275,10276,10275,1,-1
2020-04-23 15:32:06.130,10274,10275,10275,1,1
2020-04-23 15:32:16.889,10275,10276,10276,1,1
2020-04-23 15:32:18.276,10275,10276,10275,2,-2
2020-04-23 15:32:21.678,10275,10276,10275,1,-1
2020-04-23 15:32:24.825,10275,10276,10276,1,1
2020-04-23 15:32:24.921,10275,10276,10276,1,1
2020-04-23 15:32:26.186,10276,10277,10277,3,3
2020-04-23 15:32:26.537,10276,10277,10277,1,1
2020-04-23 15:32:26.861,10276,10277,10277,3,3
2020-04-23 15:32:26.861,10276,10277,10278,7,7
2020-04-23 15:32:30.047,10277,10278,10278,1,1
2020-04-23 15:32:30.087,10277,10278,10278,1,1
2020-04-23 15:32:31.042,10277,10278,10277,1,-1
2020-04-23 15:32:31.042,10277,10278,10277,1,-1
2020-04-23 15:32:33.376,10276,10278,10276,1,-1
2020-04-23 15:32:43.068,10276,10277,10277,2,2
2020-04-23 15:32:44.369,10276,10278,10278,1,1
2020-04-23 15:32:44.412,10276,10278,10278,1,1
2020-04-23 15:32:47.356,10277,10278,10277,1,-1
2020-04-23 15:32:50.047,10277,10278,10277,1,-1
2020-04-23 15:32:55.039,10276,10278,10278,1,1
2020-04-23 15:32:57.341,10276,10278,10277,1,-1
2020-04-23 15:32:58.058,10276,10277,10277,1,1
2020-04-23 15:32:58.855,10276,10278,10278,2,2
2020-04-23 15:33:02.974,10277,10278,10278,1,1
2020-04-23 15:33:03.593,10277,10278,10277,1,-1
2020-04-23 15:33:07.135,10276,10277,10277,2,2
2020-04-23 15:33:07.228,10276,10278,10278,1,1
2020-04-23 15:33:11.971,10276,10277,10277,1,1
2020-04-23 15:33:12.844,10276,10277,10277,1,1
2020-04-23 15:33:14.219,10276,10277,10277,3,3
2020-04-23 15:33:14.226,10276,10277,10278,1,1
2020-04-23 15:33:15.811,10277,10278,10278,1,1
2020-04-23 15:33:15.811,10277,10278,10278,2,2
2020-04-23 15:33:15.811,10277,10278,10278,2,2
2020-04-23 15:33:15.811,10277,10278,10278,1,1
2020-04-23 15:33:15.811,10277,10278,10278,1,1
2020-04-23 15:33:17.377,10278,10279,10279,1,1
2020-04-23 15:33:17.378,10278,10279,10279,9,9
2020-04-23 15:33:17.378,10278,10279,10279,7,7
2020-04-23 15:33:18.764,10279,10280,10280,1,1
2020-04-23 15:33:18.888,10279,10280,10280,1,1
2020-04-23 15:33:18.900,10279,10280,10280,1,1
2020-04-23 15:33:18.951,10279,10280,10280,1,1
2020-04-23 15:33:19.227,10279,10280,10280,2,2
2020-04-23 15:33:19.297,10279,10280,10280,8,8
2020-04-23 15:33:21.344,10280,10281,10280,1,-1
2020-04-23 15:33:25.450,10279,10280,10280,1,1
2020-04-23 15:33:26.198,10279,10280,10280,1,1
2020-04-23 15:33:26.207,10279,10280,10279,4,-4
2020-04-23 15:33:27.381,10278,10279,10278,1,-1
2020-04-23 15:33:27.401,10278,10279,10279,1,1
2020-04-23 15:33:27.676,10277,10278,10278,1,1
2020-04-23 15:33:27.850,10277,10278,10278,1,1
2020-04-23 15:33:28.541,10277,10278,10277,1,-1
2020-04-23 15:33:29.991,10276,10278,10276,1,-1
2020-04-23 15:33:30.419,10276,10278,10276,1,-1
2020-04-23 15:33:32.336,10276,10278,10278,1,1
2020-04-23 15:33:32.432,10276,10278,10278,1,1
2020-04-23 15:33:34.137,10277,10278,10277,1,-1
2020-04-23 15:33:36.951,10277,10278,10277,1,-1
2020-04-23 15:33:40.354,10277,10278,10277,1,-1
2020-04-23 15:33:40.355,10277,10278,10277,2,-2
2020-04-23 15:33:40.355,10277,10278,10277,1,-1
2020-04-23 15:33:40.355,10277,10278,10277,1,-1
2020-04-23 15:33:45.148,10277,10278,10277,1,-1
2020-04-23 15:33:46.551,10276,10278,10278,1,1
2020-04-23 15:33:46.648,10276,10278,10277,1,-1
2020-04-23 15:33:47.489,10277,10278,10277,1,-1
2020-04-23 15:33:47.689,10277,10278,10277,3,-3
2020-04-23 15:33:49.131,10276,10277,10277,3,3
2020-04-23 15:33:53.901,10276,10277,10277,1,1
2020-04-23 15:33:57.100,10276,10277,10277,1,1
2020-04-23 15:34:00.262,10276,10277,10276,12,-12
2020-04-23 15:34:00.422,10275,10276,10276,3,3
2020-04-23 15:34:01.380,10275,10277,10275,1,-1
2020-04-23 15:34:01.915,10275,10277,10275,1,-1
2020-04-23 15:34:02.269,10275,10276,10275,1,-1
2020-04-23 15:34:05.962,10275,10276,10276,1,1
2020-04-23 15:34:05.962,10275,10276,10277,3,3
2020-04-23 15:34:08.004,10275,10276,10275,1,-1
2020-04-23 15:34:10.082,10275,10276,10276,2,2
2020-04-23 15:34:11.028,10275,10276,10275,1,-1
2020-04-23 15:34:11.649,10275,10276,10276,1,1
2020-04-23 15:34:13.346,10275,10276,10275,3,-3
2020-04-23 15:34:14.498,10275,10276,10275,5,-5
2020-04-23 15:34:15.448,10275,10276,10276,1,1
2020-04-23 15:34:18.813,10275,10276,10275,1,-1
2020-04-23 15:34:19.349,10275,10276,10275,2,-2
2020-04-23 15:34:19.593,10274,10275,10274,1,-1
2020-04-23 15:34:20.484,10274,10275,10275,1,1
2020-04-23 15:34:20.741,10274,10275,10275,1,1
2020-04-23 15:34:23.026,10274,10276,10274,1,-1
2020-04-23 15:34:24.774,10274,10275,10274,4,-4
2020-04-23 15:34:27.563,10274,10276,10274,2,-2
2020-04-23 15:34:31.255,10274,10275,10274,1,-1
2020-04-23 15:34:31.852,10274,10275,10275,1,1
2020-04-23 15:34:32.172,10274,10275,10274,3,-3
2020-04-23 15:34:32.198,10274,10275,10275,1,1
2020-04-23 15:34:32.617,10274,10275,10275,2,2
2020-04-23 15:34:34.439,10273,10274,10273,1,-1
2020-04-23 15:34:34.589,10273,10274,10273,1,-1
2020-04-23 15:34:34.671,10273,10274,10273,2,-2
2020-04-23 15:34:39.375,10272,10273,10272,3,-3
2020-04-23 15:34:39.421,10272,10273,10273,1,1
2020-04-23 15:34:39.640,10272,10273,10273,1,1
2020-04-23 15:34:39.863,10272,10273,10272,1,-1
2020-04-23 15:34:42.089,10273,10274,10273,1,1
2020-04-23 15:34:42.292,10273,10274,10273,1,-1
2020-04-23 15:34:43.867,10273,10275,10273,1,-1
2020-04-23 15:34:44.834,10274,10275,10274,1,1
2020-04-23 15:34:45.584,10274,10275,10274,1,-1
2020-04-23 15:34:49.081,10273,10275,10275,1,1
2020-04-23 15:34:51.089,10273,10275,10275,1,1
2020-04-23 15:34:53.841,10274,10275,10274,1,-1
2020-04-23 15:34:55.575,10274,10275,10274,2,-2
2020-04-23 15:34:59.016,10273,10274,10273,3,-3
