2021-05-27 15:00:00.013,16499,16500,16500,124,124
2021-05-27 15:00:00.015,16500,16501,16500,1,-1
2021-05-27 15:00:00.090,16499,16501,16499,1,-1
2021-05-27 15:00:00.091,16499,16501,16499,4,-4
2021-05-27 15:00:00.091,16499,16501,16499,5,-5
2021-05-27 15:00:00.183,16499,16501,16499,1,-1
2021-05-27 15:00:00.215,16499,16501,16499,2,-2
2021-05-27 15:00:00.216,16499,16501,16499,1,-1
2021-05-27 15:00:00.216,16499,16501,16501,1,1
2021-05-27 15:00:00.225,16499,16501,16501,1,1
2021-05-27 15:00:00.229,16499,16501,16501,2,2
2021-05-27 15:00:00.236,16499,16501,16501,1,1
2021-05-27 15:00:00.298,16500,16501,16500,3,-3
2021-05-27 15:00:00.315,16500,16501,16501,1,1
2021-05-27 15:00:00.353,16500,16501,16500,1,-1
2021-05-27 15:00:00.423,16500,16502,16502,2,2
2021-05-27 15:00:00.432,16500,16502,16501,1,-1
2021-05-27 15:00:00.436,16500,16502,16501,1,-1
2021-05-27 15:00:00.440,16500,16502,16503,1,1
2021-05-27 15:00:00.481,16500,16502,16501,1,-1
2021-05-27 15:00:00.532,16501,16503,16501,1,-1
2021-05-27 15:00:00.544,16501,16503,16501,1,-1
2021-05-27 15:00:00.549,16501,16503,16501,16,-16
2021-05-27 15:00:00.564,16501,16503,16501,10,-10
2021-05-27 15:00:00.565,16501,16503,16501,1,-1
2021-05-27 15:00:00.567,16501,16503,16501,5,-5
2021-05-27 15:00:00.568,16501,16503,16501,1,-1
2021-05-27 15:00:00.615,16501,16503,16502,1,1
2021-05-27 15:00:00.630,16501,16503,16501,1,-1
2021-05-27 15:00:00.741,16500,16502,16500,1,-1
2021-05-27 15:00:00.741,16500,16502,16499,1,-1
2021-05-27 15:00:00.858,16498,16501,16498,4,-4
2021-05-27 15:00:00.891,16498,16501,16498,1,-1
2021-05-27 15:00:01.000,16497,16500,16500,2,2
2021-05-27 15:00:01.131,16500,16503,16503,2,2
2021-05-27 15:00:01.297,16501,16503,16503,1,1
2021-05-27 15:00:01.343,16501,16503,16503,1,1
2021-05-27 15:00:01.397,16501,16503,16503,2,2
2021-05-27 15:00:01.398,16501,16503,16501,3,-3
2021-05-27 15:00:01.434,16501,16503,16503,1,1
2021-05-27 15:00:01.434,16501,16503,16504,7,7
2021-05-27 15:00:01.442,16501,16503,16505,1,1
2021-05-27 15:00:01.498,16501,16503,16505,1,1
2021-05-27 15:00:01.508,16501,16503,16505,1,1
2021-05-27 15:00:01.522,16501,16503,16505,2,2
2021-05-27 15:00:01.523,16503,16505,16505,1,1
2021-05-27 15:00:01.606,16503,16505,16506,2,2
2021-05-27 15:00:01.606,16503,16505,16507,4,4
2021-05-27 15:00:01.606,16503,16505,16508,2,2
2021-05-27 15:00:01.817,16507,16509,16509,2,2
2021-05-27 15:00:01.861,16507,16509,16510,4,4
2021-05-27 15:00:01.881,16507,16509,16510,4,4
2021-05-27 15:00:01.881,16507,16509,16510,1,1
2021-05-27 15:00:01.883,16507,16509,16511,4,4
2021-05-27 15:00:01.883,16507,16509,16512,4,4
2021-05-27 15:00:01.898,16511,16513,16513,5,5
2021-05-27 15:00:01.898,16511,16513,16514,1,1
2021-05-27 15:00:01.951,16511,16513,16514,5,5
2021-05-27 15:00:01.951,16511,16513,16515,3,3
2021-05-27 15:00:02.034,16512,16515,16515,2,2
2021-05-27 15:00:02.048,16512,16515,16515,8,8
2021-05-27 15:00:02.048,16512,16515,16515,4,4
2021-05-27 15:00:02.049,16512,16515,16516,4,4
2021-05-27 15:00:02.071,16512,16515,16515,1,1
2021-05-27 15:00:02.148,16515,16517,16515,1,-1
2021-05-27 15:00:02.206,16515,16517,16514,1,-1
2021-05-27 15:00:02.206,16515,16517,16516,2,2
2021-05-27 15:00:02.233,16515,16517,16515,1,-1
2021-05-27 15:00:02.233,16515,16517,16517,3,3
2021-05-27 15:00:02.417,16514,16517,16517,4,4
2021-05-27 15:00:02.417,16514,16517,16518,6,6
2021-05-27 15:00:02.419,16514,16517,16515,1,-1
2021-05-27 15:00:02.419,16514,16517,16514,2,-2
2021-05-27 15:00:02.436,16514,16517,16513,2,-2
2021-05-27 15:00:02.436,16514,16517,16512,1,-1
2021-05-27 15:00:02.530,16513,16516,16516,3,3
2021-05-27 15:00:02.530,16513,16516,16517,1,1
2021-05-27 15:00:02.559,16513,16516,16517,2,2
2021-05-27 15:00:02.692,16514,16518,16514,1,-1
2021-05-27 15:00:02.695,16514,16518,16513,1,-1
2021-05-27 15:00:03.028,16512,16515,16515,2,2
2021-05-27 15:00:03.028,16512,16515,16516,2,2
2021-05-27 15:00:03.029,16512,16515,16517,2,2
2021-05-27 15:00:03.029,16512,16515,16518,2,2
2021-05-27 15:00:03.029,16512,16515,16519,2,2
2021-05-27 15:00:03.031,16512,16515,16517,1,1
2021-05-27 15:00:03.031,16512,16515,16518,1,1
2021-05-27 15:00:03.033,16512,16515,16516,2,2
2021-05-27 15:00:03.035,16512,16515,16515,1,1
2021-05-27 15:00:03.109,16512,16515,16514,1,-1
2021-05-27 15:00:03.741,16513,16515,16513,1,-1
2021-05-27 15:00:03.768,16513,16515,16512,1,-1
2021-05-27 15:00:03.770,16513,16515,16512,1,-1
2021-05-27 15:00:04.074,16509,16513,16513,2,2
2021-05-27 15:00:04.157,16510,16513,16510,1,-1
2021-05-27 15:00:04.214,16510,16513,16509,1,-1
2021-05-27 15:00:04.214,16510,16513,16509,4,-4
2021-05-27 15:00:04.675,16508,16511,16511,3,3
2021-05-27 15:00:04.675,16508,16511,16512,7,7
2021-05-27 15:00:04.914,16509,16513,16509,1,-1
2021-05-27 15:00:04.938,16509,16513,16509,1,-1
2021-05-27 15:00:04.951,16509,16513,16509,2,-2
2021-05-27 15:00:05.391,16509,16513,16512,1,1
2021-05-27 15:00:05.559,16509,16513,16512,1,-1
2021-05-27 15:00:05.970,16510,16511,16510,1,-1
2021-05-27 15:00:06.584,16508,16511,16508,1,-1
2021-05-27 15:00:06.647,16508,16511,16508,1,-1
2021-05-27 15:00:06.648,16508,16510,16508,2,-2
2021-05-27 15:00:06.709,16508,16510,16507,1,-1
2021-05-27 15:00:06.748,16508,16510,16507,1,-1
2021-05-27 15:00:07.119,16507,16509,16509,1,1
2021-05-27 15:00:07.144,16507,16509,16509,1,1
2021-05-27 15:00:08.178,16506,16508,16508,1,1
2021-05-27 15:00:08.826,16506,16508,16506,5,-5
2021-05-27 15:00:08.826,16506,16508,16506,2,-2
2021-05-27 15:00:08.844,16506,16508,16505,1,-1
2021-05-27 15:00:09.218,16504,16507,16508,1,1
2021-05-27 15:00:09.251,16504,16507,16507,1,1
2021-05-27 15:00:09.639,16505,16508,16505,1,-1
2021-05-27 15:00:10.324,16504,16506,16505,1,-1
2021-05-27 15:00:10.396,16504,16506,16504,2,-2
2021-05-27 15:00:10.865,16503,16505,16503,2,-2
2021-05-27 15:00:10.947,16503,16505,16503,1,-1
2021-05-27 15:00:11.137,16502,16505,16503,1,-1
2021-05-27 15:00:11.148,16503,16505,16505,1,1
2021-05-27 15:00:11.273,16503,16506,16506,2,2
2021-05-27 15:00:11.398,16504,16507,16507,4,4
2021-05-27 15:00:11.523,16505,16508,16508,2,2
2021-05-27 15:00:11.697,16505,16508,16508,1,1
2021-05-27 15:00:12.082,16504,16508,16504,1,-1
2021-05-27 15:00:13.219,16505,16507,16506,1,1
2021-05-27 15:00:13.537,16505,16508,16505,1,-1
2021-05-27 15:00:14.060,16505,16508,16505,1,-1
2021-05-27 15:00:14.148,16505,16507,16505,2,-2
2021-05-27 15:00:14.209,16505,16507,16505,1,-1
2021-05-27 15:00:15.112,16506,16507,16506,2,2
2021-05-27 15:00:15.113,16506,16507,16506,8,-8
2021-05-27 15:00:16.717,16505,16506,16506,1,1
2021-05-27 15:00:16.761,16505,16506,16505,1,-1
2021-05-27 15:00:16.778,16504,16506,16504,1,-1
2021-05-27 15:00:17.646,16505,16506,16505,1,1
2021-05-27 15:00:18.261,16503,16505,16505,1,1
2021-05-27 15:00:18.374,16503,16505,16505,1,1
2021-05-27 15:00:19.167,16503,16505,16505,1,1
2021-05-27 15:00:19.273,16503,16505,16503,1,-1
2021-05-27 15:00:19.321,16503,16505,16502,1,-1
2021-05-27 15:00:19.394,16503,16505,16505,1,1
2021-05-27 15:00:19.596,16502,16504,16502,1,-1
2021-05-27 15:00:20.055,16502,16504,16502,2,-2
2021-05-27 15:00:20.805,16502,16504,16504,1,1
2021-05-27 15:00:20.973,16502,16505,16502,1,-1
2021-05-27 15:00:21.256,16504,16505,16504,1,1
2021-05-27 15:00:21.363,16502,16505,16504,1,-1
2021-05-27 15:00:21.844,16502,16504,16502,1,-1
2021-05-27 15:00:22.273,16503,16504,16503,1,1
2021-05-27 15:00:22.273,16503,16504,16502,6,-6
2021-05-27 15:00:23.245,16503,16504,16503,6,6
2021-05-27 15:00:23.246,16503,16504,16503,2,-2
2021-05-27 15:00:23.246,16503,16504,16503,2,-2
2021-05-27 15:00:23.354,16502,16503,16502,1,-1
2021-05-27 15:00:23.462,16500,16502,16502,2,2
2021-05-27 15:00:23.478,16500,16502,16500,1,-1
2021-05-27 15:00:23.998,16501,16503,16500,3,-3
2021-05-27 15:00:24.611,16500,16503,16501,1,1
2021-05-27 15:00:24.775,16500,16503,16502,1,1
2021-05-27 15:00:25.511,16501,16503,16501,1,-1
2021-05-27 15:00:25.599,16501,16503,16502,1,1
2021-05-27 15:00:27.075,16502,16503,16502,1,-1
2021-05-27 15:00:27.662,16502,16503,16503,1,1
2021-05-27 15:00:27.665,16502,16503,16503,50,50
2021-05-27 15:00:27.665,16502,16503,16503,4,4
2021-05-27 15:00:27.665,16502,16503,16503,1,1
2021-05-27 15:00:27.665,16502,16503,16503,13,13
2021-05-27 15:00:27.820,16504,16505,16504,1,1
2021-05-27 15:00:27.822,16504,16505,16504,1,-1
2021-05-27 15:00:27.898,16503,16505,16505,3,3
2021-05-27 15:00:28.072,16504,16506,16505,1,-1
2021-05-27 15:00:28.219,16504,16506,16506,2,2
2021-05-27 15:00:28.573,16505,16506,16506,2,2
2021-05-27 15:00:28.669,16506,16507,16507,1,1
2021-05-27 15:00:28.837,16506,16508,16507,1,-1
2021-05-27 15:00:28.868,16506,16508,16505,1,-1
2021-05-27 15:00:29.315,16506,16508,16508,2,2
2021-05-27 15:00:29.563,16507,16509,16509,1,1
2021-05-27 15:00:30.053,16507,16510,16507,1,-1
2021-05-27 15:00:31.423,16508,16510,16508,1,1
2021-05-27 15:00:31.490,16508,16510,16510,2,2
2021-05-27 15:00:31.494,16508,16510,16510,1,1
2021-05-27 15:00:31.495,16508,16510,16509,1,-1
2021-05-27 15:00:31.585,16508,16510,16510,1,1
2021-05-27 15:00:31.655,16508,16510,16509,1,-1
2021-05-27 15:00:33.192,16508,16510,16508,1,-1
2021-05-27 15:00:33.264,16508,16510,16508,6,-6
2021-05-27 15:00:35.010,16509,16510,16510,1,1
2021-05-27 15:00:35.010,16509,16510,16510,5,5
2021-05-27 15:00:35.140,16509,16511,16511,1,1
2021-05-27 15:00:35.695,16509,16511,16511,1,1
2021-05-27 15:00:36.062,16509,16511,16509,5,-5
2021-05-27 15:00:36.211,16509,16511,16511,3,3
2021-05-27 15:00:36.212,16509,16511,16511,2,2
2021-05-27 15:00:36.212,16509,16511,16511,5,5
2021-05-27 15:00:36.565,16509,16511,16511,1,1
2021-05-27 15:00:37.071,16509,16511,16509,1,-1
2021-05-27 15:00:38.023,16509,16510,16509,5,-5
2021-05-27 15:00:38.109,16509,16510,16510,1,1
2021-05-27 15:00:38.709,16508,16510,16508,1,-1
2021-05-27 15:00:38.748,16508,16510,16510,1,1
2021-05-27 15:00:39.335,16508,16510,16510,2,2
2021-05-27 15:00:39.569,16508,16509,16508,1,-1
2021-05-27 15:00:39.569,16508,16509,16507,1,-1
2021-05-27 15:00:39.864,16507,16509,16507,1,-1
2021-05-27 15:00:40.130,16506,16509,16509,1,1
2021-05-27 15:00:40.138,16506,16509,16509,1,1
2021-05-27 15:00:40.142,16506,16509,16509,2,2
2021-05-27 15:00:41.088,16509,16510,16509,1,-1
2021-05-27 15:00:41.091,16509,16510,16510,1,1
2021-05-27 15:00:41.964,16509,16510,16510,1,1
2021-05-27 15:00:42.691,16509,16511,16511,2,2
2021-05-27 15:00:42.968,16509,16511,16509,7,-7
2021-05-27 15:00:42.968,16509,16511,16508,7,-7
2021-05-27 15:00:42.968,16509,16511,16508,1,-1
2021-05-27 15:00:42.968,16509,16511,16508,14,-14
2021-05-27 15:00:42.969,16509,16511,16508,1,-1
2021-05-27 15:00:42.969,16509,16511,16508,8,-8
2021-05-27 15:00:42.969,16509,16511,16508,4,-4
2021-05-27 15:00:43.419,16509,16510,16510,1,1
2021-05-27 15:00:43.419,16509,16510,16511,1,1
2021-05-27 15:00:44.398,16509,16510,16509,1,-1
2021-05-27 15:00:45.161,16509,16510,16510,1,1
2021-05-27 15:00:45.523,16509,16510,16510,1,1
2021-05-27 15:00:45.615,16509,16510,16510,1,1
2021-05-27 15:00:47.478,16509,16510,16509,1,-1
2021-05-27 15:00:47.586,16509,16510,16510,1,1
2021-05-27 15:00:48.036,16508,16510,16510,1,1
2021-05-27 15:00:50.123,16509,16510,16509,1,-1
2021-05-27 15:00:50.372,16508,16510,16508,3,-3
2021-05-27 15:00:50.750,16508,16510,16508,2,-2
2021-05-27 15:00:51.142,16507,16510,16510,1,1
2021-05-27 15:00:51.708,16507,16510,16510,1,1
2021-05-27 15:00:52.338,16508,16509,16509,1,1
2021-05-27 15:00:52.383,16508,16509,16510,1,1
2021-05-27 15:00:53.191,16508,16510,16508,5,-5
2021-05-27 15:00:55.148,16508,16509,16509,1,1
2021-05-27 15:00:56.859,16508,16510,16510,2,2
2021-05-27 15:00:58.398,16508,16509,16508,2,-2
2021-05-27 15:00:59.407,16507,16509,16507,1,-1
2021-05-27 15:01:00.103,16507,16509,16507,1,-1
2021-05-27 15:01:00.103,16507,16509,16506,5,-5
2021-05-27 15:01:00.165,16506,16508,16506,1,-1
2021-05-27 15:01:00.166,16506,16508,16506,1,-1
2021-05-27 15:01:00.183,16506,16508,16505,1,-1
2021-05-27 15:01:00.359,16505,16506,16505,3,-3
2021-05-27 15:01:00.359,16505,16506,16505,12,-12
2021-05-27 15:01:00.398,16504,16505,16504,8,-8
2021-05-27 15:01:00.401,16504,16505,16504,1,-1
2021-05-27 15:01:00.435,16504,16505,16503,1,-1
2021-05-27 15:01:00.492,16504,16505,16503,1,-1
2021-05-27 15:01:00.563,16503,16505,16505,2,2
2021-05-27 15:01:00.597,16503,16505,16505,2,2
2021-05-27 15:01:00.667,16503,16506,16503,1,-1
2021-05-27 15:01:00.702,16503,16506,16503,1,-1
2021-05-27 15:01:01.025,16504,16507,16504,1,1
2021-05-27 15:01:01.150,16504,16506,16504,1,-1
2021-05-27 15:01:01.528,16504,16507,16507,1,1
2021-05-27 15:01:01.561,16504,16507,16505,1,-1
2021-05-27 15:01:02.034,16504,16506,16504,1,-1
2021-05-27 15:01:02.648,16505,16506,16506,1,1
2021-05-27 15:01:03.548,16506,16508,16506,1,-1
2021-05-27 15:01:03.548,16506,16508,16505,1,-1
2021-05-27 15:01:04.000,16506,16508,16508,1,1
2021-05-27 15:01:04.837,16506,16508,16508,1,1
2021-05-27 15:01:04.898,16506,16508,16508,1,1
2021-05-27 15:01:05.160,16507,16509,16507,1,-1
2021-05-27 15:01:06.273,16507,16509,16509,2,2
2021-05-27 15:01:08.498,16508,16509,16508,1,-1
2021-05-27 15:01:08.527,16508,16509,16508,1,-1
2021-05-27 15:01:09.444,16506,16509,16509,2,2
2021-05-27 15:01:09.949,16508,16510,16508,4,-4
2021-05-27 15:01:12.206,16508,16509,16508,1,-1
2021-05-27 15:01:12.207,16508,16509,16508,2,-2
2021-05-27 15:01:15.201,16507,16508,16508,1,1
2021-05-27 15:01:15.244,16507,16508,16508,1,1
2021-05-27 15:01:15.325,16508,16509,16508,1,-1
2021-05-27 15:01:15.469,16507,16509,16507,1,-1
2021-05-27 15:01:16.933,16507,16509,16508,1,1
2021-05-27 15:01:21.272,16507,16508,16508,1,1
2021-05-27 15:01:21.275,16507,16509,16507,1,-1
2021-05-27 15:01:21.275,16507,16509,16507,1,-1
2021-05-27 15:01:21.275,16507,16509,16506,1,-1
2021-05-27 15:01:21.275,16507,16509,16506,1,-1
2021-05-27 15:01:21.276,16507,16509,16506,1,-1
2021-05-27 15:01:21.276,16507,16509,16506,1,-1
2021-05-27 15:01:21.278,16507,16509,16506,1,-1
2021-05-27 15:01:21.278,16507,16509,16506,1,-1
2021-05-27 15:01:21.278,16507,16509,16506,1,-1
2021-05-27 15:01:21.768,16506,16508,16508,1,1
2021-05-27 15:01:22.194,16508,16509,16508,1,-1
2021-05-27 15:01:22.735,16508,16509,16509,1,1
2021-05-27 15:01:24.441,16508,16509,16509,1,1
2021-05-27 15:01:25.983,16508,16509,16509,2,2
2021-05-27 15:01:27.504,16509,16510,16510,10,10
2021-05-27 15:01:27.506,16509,16510,16510,1,1
2021-05-27 15:01:27.785,16509,16510,16509,1,-1
2021-05-27 15:01:28.550,16508,16510,16510,1,1
2021-05-27 15:01:28.779,16508,16510,16510,1,1
2021-05-27 15:01:30.246,16510,16511,16510,2,-2
2021-05-27 15:01:30.246,16510,16511,16510,1,-1
2021-05-27 15:01:30.247,16510,16511,16510,5,-5
2021-05-27 15:01:30.273,16509,16510,16509,1,-1
2021-05-27 15:01:31.007,16509,16510,16509,1,-1
2021-05-27 15:01:33.338,16508,16511,16508,2,-2
2021-05-27 15:01:34.826,16509,16510,16510,1,1
2021-05-27 15:01:35.867,16509,16511,16510,1,-1
2021-05-27 15:01:37.690,16509,16511,16509,1,-1
2021-05-27 15:01:38.592,16509,16511,16509,1,-1
2021-05-27 15:01:39.580,16509,16511,16509,2,-2
2021-05-27 15:01:41.562,16509,16511,16511,1,1
2021-05-27 15:01:41.562,16509,16511,16511,5,5
2021-05-27 15:01:43.590,16510,16512,16511,1,-1
2021-05-27 15:01:46.443,16510,16512,16512,3,3
2021-05-27 15:01:46.912,16511,16512,16512,9,9
2021-05-27 15:01:46.914,16511,16512,16513,1,1
2021-05-27 15:01:48.812,16511,16513,16511,2,-2
2021-05-27 15:01:48.812,16511,16513,16510,1,-1
2021-05-27 15:01:48.903,16510,16512,16510,1,-1
2021-05-27 15:01:50.026,16510,16512,16512,1,1
2021-05-27 15:01:52.540,16510,16511,16510,1,-1
2021-05-27 15:01:53.628,16510,16511,16511,1,1
2021-05-27 15:01:54.904,16510,16512,16510,2,-2
2021-05-27 15:01:55.932,16511,16512,16512,1,1
2021-05-27 15:01:56.648,16511,16512,16512,1,1
2021-05-27 15:01:59.399,16511,16513,16511,2,-2
2021-05-27 15:01:59.817,16510,16512,16511,1,-1
2021-05-27 15:02:00.070,16510,16513,16513,1,1
2021-05-27 15:02:00.126,16510,16513,16513,1,1
2021-05-27 15:02:01.466,16511,16512,16512,1,1
2021-05-27 15:02:01.526,16511,16513,16513,1,1
2021-05-27 15:02:02.291,16511,16513,16513,3,3
2021-05-27 15:02:06.139,16511,16512,16512,1,1
2021-05-27 15:02:10.621,16511,16512,16512,4,4
2021-05-27 15:02:10.621,16511,16512,16512,1,1
2021-05-27 15:02:10.621,16511,16512,16512,2,2
2021-05-27 15:02:10.622,16511,16512,16513,2,2
2021-05-27 15:02:10.622,16511,16512,16513,1,1
2021-05-27 15:02:11.318,16512,16513,16513,5,5
2021-05-27 15:02:12.122,16512,16514,16514,4,4
2021-05-27 15:02:12.122,16512,16514,16514,1,1
2021-05-27 15:02:12.172,16513,16514,16514,1,1
2021-05-27 15:02:12.185,16513,16514,16514,1,1
2021-05-27 15:02:12.185,16513,16514,16514,1,1
2021-05-27 15:02:12.185,16513,16514,16514,1,1
2021-05-27 15:02:12.185,16513,16514,16514,1,1
2021-05-27 15:02:12.186,16513,16514,16514,1,1
2021-05-27 15:02:12.186,16513,16514,16514,1,1
2021-05-27 15:02:12.296,16513,16515,16515,2,2
2021-05-27 15:02:12.738,16513,16515,16515,5,5
2021-05-27 15:02:12.898,16514,16515,16514,5,-5
2021-05-27 15:02:12.947,16514,16515,16514,1,-1
2021-05-27 15:02:12.947,16514,16515,16513,1,-1
2021-05-27 15:02:14.354,16512,16514,16514,1,1
2021-05-27 15:02:14.354,16512,16514,16515,3,3
2021-05-27 15:02:15.031,16513,16515,16515,1,1
2021-05-27 15:02:15.749,16513,16515,16515,1,1
2021-05-27 15:02:16.768,16513,16515,16515,3,3
2021-05-27 15:02:16.798,16513,16515,16515,1,1
2021-05-27 15:02:17.138,16514,16515,16515,45,45
2021-05-27 15:02:17.138,16514,16515,16515,1,1
2021-05-27 15:02:17.138,16514,16515,16515,1,1
2021-05-27 15:02:17.138,16514,16515,16515,1,1
2021-05-27 15:02:17.203,16514,16515,16515,40,40
2021-05-27 15:02:17.204,16514,16515,16515,1,1
2021-05-27 15:02:17.204,16514,16515,16515,6,6
2021-05-27 15:02:17.204,16514,16515,16515,1,1
2021-05-27 15:02:17.204,16514,16515,16515,1,1
2021-05-27 15:02:17.204,16514,16515,16515,6,6
2021-05-27 15:02:17.204,16514,16515,16515,1,1
2021-05-27 15:02:17.204,16514,16515,16515,1,1
2021-05-27 15:02:17.205,16514,16515,16515,6,6
2021-05-27 15:02:17.313,16516,16517,16517,2,2
2021-05-27 15:02:17.889,16515,16517,16515,1,-1
2021-05-27 15:02:18.284,16514,16517,16517,1,1
2021-05-27 15:02:19.512,16515,16517,16517,1,1
2021-05-27 15:02:20.430,16516,16517,16517,4,4
2021-05-27 15:02:20.430,16516,16517,16518,1,1
2021-05-27 15:02:21.826,16516,16518,16518,1,1
2021-05-27 15:02:21.913,16516,16518,16518,1,1
2021-05-27 15:02:21.915,16516,16518,16518,1,1
2021-05-27 15:02:21.917,16516,16518,16518,1,1
2021-05-27 15:02:22.103,16516,16518,16518,1,1
2021-05-27 15:02:22.626,16515,16517,16517,2,2
2021-05-27 15:02:23.064,16515,16517,16517,3,3
2021-05-27 15:02:23.114,16515,16517,16518,1,1
2021-05-27 15:02:24.209,16514,16517,16517,1,1
2021-05-27 15:02:26.227,16514,16517,16514,1,-1
2021-05-27 15:02:26.438,16514,16516,16516,1,1
2021-05-27 15:02:26.455,16514,16516,16516,1,1
2021-05-27 15:02:26.526,16514,16516,16516,2,2
2021-05-27 15:02:26.549,16514,16516,16516,1,1
2021-05-27 15:02:28.155,16515,16517,16517,3,3
2021-05-27 15:02:28.275,16516,16517,16517,1,1
2021-05-27 15:02:28.275,16516,16517,16517,1,1
2021-05-27 15:02:28.276,16516,16517,16518,1,1
2021-05-27 15:02:28.278,16516,16517,16518,1,1
2021-05-27 15:02:28.278,16516,16517,16518,1,1
2021-05-27 15:02:28.278,16516,16517,16518,1,1
2021-05-27 15:02:28.278,16516,16517,16518,1,1
2021-05-27 15:02:28.278,16516,16517,16518,1,1
2021-05-27 15:02:28.278,16516,16517,16518,1,1
2021-05-27 15:02:29.283,16517,16518,16518,1,1
2021-05-27 15:02:29.419,16517,16518,16518,1,1
2021-05-27 15:02:29.420,16517,16518,16518,5,5
2021-05-27 15:02:29.578,16517,16518,16518,1,1
2021-05-27 15:02:30.474,16517,16518,16518,2,2
2021-05-27 15:02:31.410,16517,16518,16518,1,1
2021-05-27 15:02:32.915,16518,16519,16518,1,-1
2021-05-27 15:02:33.712,16517,16519,16518,1,-1
2021-05-27 15:02:33.756,16517,16519,16517,1,-1
2021-05-27 15:02:33.756,16517,16519,16517,2,-2
2021-05-27 15:02:33.756,16517,16519,16517,1,-1
2021-05-27 15:02:33.756,16517,16519,16517,1,-1
2021-05-27 15:02:33.756,16517,16519,16517,3,-3
2021-05-27 15:02:33.757,16517,16519,16517,2,-2
2021-05-27 15:02:33.898,16516,16517,16516,1,-1
2021-05-27 15:02:34.007,16516,16517,16517,1,1
2021-05-27 15:02:34.007,16516,16517,16518,1,1
2021-05-27 15:02:36.484,16516,16519,16519,1,1
2021-05-27 15:02:36.508,16516,16519,16519,1,1
2021-05-27 15:02:36.542,16517,16519,16519,2,2
2021-05-27 15:02:36.593,16517,16519,16519,2,2
2021-05-27 15:02:36.778,16517,16519,16519,1,1
2021-05-27 15:02:37.910,16516,16518,16518,1,1
2021-05-27 15:02:39.619,16517,16518,16518,1,1
2021-05-27 15:02:39.670,16517,16518,16517,1,-1
2021-05-27 15:02:40.238,16515,16517,16517,1,1
2021-05-27 15:02:40.292,16516,16518,16518,1,1
2021-05-27 15:02:40.667,16516,16518,16518,1,1
2021-05-27 15:02:41.562,16516,16518,16517,1,-1
2021-05-27 15:02:43.009,16516,16518,16517,1,-1
2021-05-27 15:02:43.724,16516,16518,16517,1,-1
2021-05-27 15:02:46.839,16516,16517,16517,1,1
2021-05-27 15:02:47.442,16516,16517,16517,2,2
2021-05-27 15:02:48.049,16516,16517,16516,2,-2
2021-05-27 15:02:50.307,16515,16516,16516,1,1
2021-05-27 15:02:53.250,16515,16517,16517,5,5
2021-05-27 15:03:00.136,16515,16517,16515,1,-1
2021-05-27 15:03:00.152,16515,16517,16517,1,1
2021-05-27 15:03:00.152,16515,16517,16517,1,1
2021-05-27 15:03:00.152,16515,16517,16517,1,1
2021-05-27 15:03:00.157,16515,16517,16517,2,2
2021-05-27 15:03:00.158,16515,16517,16517,2,2
2021-05-27 15:03:00.158,16515,16517,16518,2,2
2021-05-27 15:03:00.226,16515,16517,16518,1,1
2021-05-27 15:03:00.227,16515,16517,16518,2,2
2021-05-27 15:03:00.227,16515,16517,16518,1,1
2021-05-27 15:03:00.228,16515,16517,16518,1,1
2021-05-27 15:03:01.070,16516,16518,16516,1,-1
2021-05-27 15:03:01.077,16516,16518,16518,1,1
2021-05-27 15:03:01.149,16516,16518,16518,1,1
2021-05-27 15:03:01.150,16516,16518,16518,1,1
2021-05-27 15:03:01.150,16516,16518,16519,1,1
2021-05-27 15:03:01.150,16516,16518,16519,1,1
2021-05-27 15:03:01.150,16516,16518,16519,1,1
2021-05-27 15:03:01.150,16516,16518,16519,1,1
2021-05-27 15:03:01.150,16516,16518,16520,1,1
2021-05-27 15:03:01.152,16516,16518,16520,1,1
2021-05-27 15:03:01.152,16516,16518,16520,1,1
2021-05-27 15:03:01.153,16516,16518,16520,6,6
2021-05-27 15:03:01.153,16516,16518,16520,1,1
2021-05-27 15:03:01.153,16516,16518,16520,1,1
2021-05-27 15:03:01.168,16516,16518,16520,1,1
2021-05-27 15:03:01.336,16519,16520,16520,1,1
2021-05-27 15:03:01.430,16519,16520,16519,1,-1
2021-05-27 15:03:01.430,16519,16520,16518,4,-4
2021-05-27 15:03:01.468,16519,16520,16518,1,-1
2021-05-27 15:03:01.468,16519,16520,16517,4,-4
2021-05-27 15:03:01.478,16519,16520,16517,2,-2
2021-05-27 15:03:01.478,16519,16520,16516,3,-3
2021-05-27 15:03:02.581,16516,16519,16516,1,-1
2021-05-27 15:03:02.600,16516,16519,16516,1,-1
2021-05-27 15:03:02.600,16516,16519,16516,1,-1
2021-05-27 15:03:02.629,16516,16519,16516,1,-1
2021-05-27 15:03:02.630,16516,16519,16515,1,-1
2021-05-27 15:03:02.635,16516,16519,16517,2,2
2021-05-27 15:03:02.635,16516,16519,16518,1,1
2021-05-27 15:03:02.642,16516,16519,16515,1,-1
2021-05-27 15:03:02.646,16516,16519,16515,1,-1
2021-05-27 15:03:02.647,16516,16519,16515,1,-1
2021-05-27 15:03:02.653,16515,16517,16515,1,-1
2021-05-27 15:03:02.655,16515,16517,16514,1,-1
2021-05-27 15:03:02.659,16515,16517,16514,1,-1
2021-05-27 15:03:02.664,16515,16517,16514,1,-1
2021-05-27 15:03:02.682,16515,16517,16514,1,-1
2021-05-27 15:03:02.794,16514,16516,16514,1,-1
2021-05-27 15:03:02.926,16514,16516,16514,1,-1
2021-05-27 15:03:03.061,16514,16516,16514,1,-1
2021-05-27 15:03:03.126,16514,16516,16516,3,3
2021-05-27 15:03:08.593,16516,16517,16516,1,-1
2021-05-27 15:03:09.148,16515,16516,16515,2,-2
2021-05-27 15:03:09.273,16514,16515,16514,2,-2
2021-05-27 15:03:09.275,16514,16515,16515,2,2
2021-05-27 15:03:09.275,16514,16515,16515,1,1
2021-05-27 15:03:09.275,16514,16515,16516,1,1
2021-05-27 15:03:09.275,16514,16515,16516,2,2
2021-05-27 15:03:09.275,16514,16515,16516,1,1
2021-05-27 15:03:09.275,16514,16515,16516,1,1
2021-05-27 15:03:09.275,16514,16515,16516,1,1
2021-05-27 15:03:09.276,16514,16515,16516,1,1
2021-05-27 15:03:09.276,16514,16515,16516,1,1
2021-05-27 15:03:09.276,16514,16515,16516,1,1
2021-05-27 15:03:09.276,16514,16515,16516,1,1
2021-05-27 15:03:09.584,16514,16517,16516,1,-1
2021-05-27 15:03:12.280,16515,16516,16516,1,1
2021-05-27 15:03:14.435,16516,16517,16516,4,-4
2021-05-27 15:03:15.067,16515,16516,16516,1,1
2021-05-27 15:03:15.974,16515,16516,16516,3,3
2021-05-27 15:03:16.619,16515,16516,16516,1,1
2021-05-27 15:03:19.437,16515,16516,16515,2,-2
2021-05-27 15:03:19.525,16514,16515,16515,1,1
2021-05-27 15:03:19.525,16514,16515,16515,1,1
2021-05-27 15:03:19.525,16514,16515,16516,1,1
2021-05-27 15:03:19.525,16514,16515,16516,1,1
2021-05-27 15:03:19.526,16514,16515,16516,1,1
2021-05-27 15:03:19.526,16514,16515,16516,1,1
2021-05-27 15:03:19.526,16514,16515,16516,1,1
2021-05-27 15:03:19.526,16514,16515,16516,1,1
2021-05-27 15:03:19.526,16514,16515,16517,1,1
2021-05-27 15:03:19.526,16514,16515,16517,1,1
2021-05-27 15:03:19.526,16514,16515,16517,1,1
2021-05-27 15:03:19.527,16514,16515,16517,1,1
2021-05-27 15:03:19.527,16514,16515,16517,1,1
2021-05-27 15:03:19.527,16514,16515,16518,1,1
2021-05-27 15:03:19.527,16514,16515,16517,1,1
2021-05-27 15:03:25.385,16516,16518,16518,1,1
2021-05-27 15:03:32.928,16517,16518,16517,3,-3
2021-05-27 15:03:36.561,16516,16518,16517,1,-1
2021-05-27 15:03:36.649,16516,16518,16518,2,2
2021-05-27 15:03:36.650,16516,16518,16518,1,1
2021-05-27 15:03:36.650,16516,16518,16518,1,1
2021-05-27 15:03:36.650,16516,16518,16518,1,1
2021-05-27 15:03:36.650,16516,16518,16518,1,1
2021-05-27 15:03:36.650,16516,16518,16518,1,1
2021-05-27 15:03:36.650,16516,16518,16518,1,1
2021-05-27 15:03:36.651,16516,16518,16518,1,1
2021-05-27 15:03:38.937,16518,16519,16518,1,-1
2021-05-27 15:03:39.025,16516,16518,16518,1,1
2021-05-27 15:03:39.025,16516,16518,16518,1,1
2021-05-27 15:03:39.025,16516,16518,16518,1,1
2021-05-27 15:03:39.025,16516,16518,16518,1,1
2021-05-27 15:03:39.025,16516,16518,16518,1,1
2021-05-27 15:03:39.025,16516,16518,16518,1,1
2021-05-27 15:03:39.025,16516,16518,16518,1,1
2021-05-27 15:03:39.026,16516,16518,16518,1,1
2021-05-27 15:03:39.026,16516,16518,16518,1,1
2021-05-27 15:03:39.026,16516,16518,16518,1,1
2021-05-27 15:03:39.027,16516,16518,16518,5,5
2021-05-27 15:03:39.027,16516,16518,16518,1,1
2021-05-27 15:03:39.027,16516,16518,16518,1,1
2021-05-27 15:03:39.027,16516,16518,16518,1,1
2021-05-27 15:03:39.027,16516,16518,16518,1,1
2021-05-27 15:03:39.028,16516,16518,16519,1,1
2021-05-27 15:03:47.578,16517,16519,16517,1,-1
2021-05-27 15:03:52.778,16518,16519,16518,2,2
2021-05-27 15:03:56.683,16518,16519,16519,1,1
2021-05-27 15:03:57.363,16518,16519,16518,1,-1
2021-05-27 15:03:57.726,16518,16519,16518,1,-1
2021-05-27 15:03:57.727,16518,16519,16518,1,-1
2021-05-27 15:03:59.324,16518,16519,16519,3,3
2021-05-27 15:03:59.631,16518,16519,16518,2,-2
2021-05-27 15:04:02.790,16517,16518,16517,4,-4
2021-05-27 15:04:04.745,16516,16517,16517,1,1
2021-05-27 15:04:05.587,16516,16517,16517,3,3
2021-05-27 15:04:05.589,16516,16517,16517,4,4
2021-05-27 15:04:05.891,16516,16517,16516,1,-1
2021-05-27 15:04:05.891,16516,16517,16516,2,-2
2021-05-27 15:04:06.328,16515,16517,16515,1,-1
2021-05-27 15:04:08.352,16515,16516,16515,1,-1
2021-05-27 15:04:08.400,16515,16516,16516,1,1
2021-05-27 15:04:15.986,16516,16517,16516,1,-1
2021-05-27 15:04:17.300,16516,16517,16517,1,1
2021-05-27 15:04:17.398,16516,16517,16517,2,2
2021-05-27 15:04:17.523,16517,16518,16518,2,2
2021-05-27 15:04:17.940,16517,16519,16517,3,-3
2021-05-27 15:04:17.940,16517,16519,16516,2,-2
2021-05-27 15:04:18.228,16517,16519,16517,1,1
2021-05-27 15:04:18.274,16516,16519,16519,1,1
2021-05-27 15:04:22.388,16517,16518,16518,1,1
2021-05-27 15:04:25.859,16517,16519,16519,1,1
2021-05-27 15:04:25.859,16517,16519,16519,2,2
2021-05-27 15:04:25.859,16517,16519,16519,2,2
2021-05-27 15:04:28.865,16519,16520,16520,1,1
2021-05-27 15:04:29.848,16519,16520,16520,2,2
2021-05-27 15:04:29.848,16519,16520,16520,1,1
2021-05-27 15:04:29.848,16519,16520,16520,1,1
2021-05-27 15:04:29.900,16519,16520,16520,1,1
2021-05-27 15:04:30.194,16519,16520,16520,11,11
2021-05-27 15:04:32.600,16520,16521,16521,1,1
2021-05-27 15:04:32.724,16520,16521,16521,1,1
2021-05-27 15:04:35.993,16520,16521,16521,3,3
2021-05-27 15:04:36.254,16520,16522,16520,1,-1
2021-05-27 15:04:36.398,16519,16520,16519,1,-1
2021-05-27 15:04:36.747,16518,16520,16520,2,2
2021-05-27 15:04:36.854,16519,16521,16521,1,1
2021-05-27 15:04:37.085,16519,16521,16521,1,1
2021-05-27 15:04:37.248,16519,16521,16521,1,1
2021-05-27 15:04:38.898,16520,16521,16520,1,-1
2021-05-27 15:04:40.670,16519,16521,16520,1,-1
2021-05-27 15:04:40.773,16519,16520,16519,1,-1
2021-05-27 15:04:42.745,16517,16519,16519,1,1
2021-05-27 15:04:43.648,16517,16518,16517,4,-4
2021-05-27 15:04:43.773,16516,16518,16516,4,-4
2021-05-27 15:04:43.898,16516,16517,16516,1,-1
2021-05-27 15:04:44.987,16516,16519,16519,1,1
2021-05-27 15:04:48.597,16518,16519,16519,1,1
2021-05-27 15:04:51.338,16518,16519,16519,1,1
2021-05-27 15:04:51.417,16518,16519,16518,4,-4
2021-05-27 15:04:51.525,16517,16519,16519,1,1
2021-05-27 15:04:54.514,16518,16519,16519,1,1
2021-05-27 15:04:54.515,16518,16519,16519,2,2
2021-05-27 15:04:56.007,16519,16520,16520,1,1
2021-05-27 15:04:56.081,16519,16520,16520,1,1
2021-05-27 15:04:56.478,16519,16520,16520,1,1
2021-05-27 15:04:56.479,16519,16520,16520,1,1
2021-05-27 15:04:56.479,16519,16520,16520,1,1
2021-05-27 15:04:56.479,16519,16520,16520,1,1
2021-05-27 15:04:56.480,16519,16520,16520,1,1
2021-05-27 15:04:57.190,16519,16520,16520,1,1
2021-05-27 15:05:00.474,16519,16520,16519,1,-1
2021-05-27 15:05:00.568,16519,16520,16520,4,4
2021-05-27 15:05:02.850,16519,16520,16520,1,1
2021-05-27 15:05:02.899,16519,16520,16520,1,1
2021-05-27 15:05:02.900,16519,16520,16520,4,4
2021-05-27 15:05:03.562,16520,16521,16520,1,-1
2021-05-27 15:05:05.440,16519,16520,16519,1,-1
2021-05-27 15:05:06.282,16519,16520,16520,5,5
2021-05-27 15:05:06.282,16519,16520,16521,3,3
2021-05-27 15:05:06.475,16520,16521,16521,2,2
2021-05-27 15:05:06.521,16520,16521,16521,1,1
2021-05-27 15:05:06.545,16520,16521,16521,1,1
2021-05-27 15:05:06.595,16520,16521,16521,1,1
2021-05-27 15:05:07.290,16520,16521,16521,1,1
2021-05-27 15:05:08.596,16520,16521,16520,1,-1
2021-05-27 15:05:21.248,16520,16521,16520,1,-1
2021-05-27 15:05:21.871,16520,16521,16521,5,5
2021-05-27 15:05:22.913,16520,16521,16521,1,1
2021-05-27 15:05:24.092,16521,16522,16521,1,-1
2021-05-27 15:05:26.773,16520,16521,16521,1,1
2021-05-27 15:05:27.867,16520,16521,16521,1,1
2021-05-27 15:05:33.697,16520,16521,16521,1,1
2021-05-27 15:05:38.506,16520,16521,16521,1,1
2021-05-27 15:05:44.561,16520,16521,16520,1,-1
2021-05-27 15:05:44.581,16520,16521,16521,6,6
2021-05-27 15:05:45.483,16521,16522,16521,1,-1
2021-05-27 15:05:45.990,16521,16522,16522,2,2
2021-05-27 15:05:48.120,16521,16522,16522,1,1
2021-05-27 15:05:48.731,16521,16522,16521,2,-2
2021-05-27 15:05:50.870,16521,16522,16521,6,-6
2021-05-27 15:05:53.669,16520,16522,16522,2,2
2021-05-27 15:05:53.796,16520,16522,16520,1,-1
2021-05-27 15:05:55.752,16520,16522,16520,3,-3
2021-05-27 15:05:55.753,16520,16522,16520,1,-1
2021-05-27 15:05:56.565,16519,16520,16520,1,1
2021-05-27 15:06:00.064,16520,16521,16520,1,-1
2021-05-27 15:06:00.077,16520,16521,16520,2,-2
2021-05-27 15:06:05.990,16519,16520,16519,1,-1
2021-05-27 15:06:06.451,16519,16520,16519,7,-7
2021-05-27 15:06:07.537,16518,16519,16519,1,1
2021-05-27 15:06:08.018,16518,16520,16520,1,1
2021-05-27 15:06:14.905,16518,16520,16518,1,-1
2021-05-27 15:06:14.905,16518,16520,16518,1,-1
2021-05-27 15:06:14.906,16518,16520,16518,1,-1
2021-05-27 15:06:16.598,16518,16519,16518,1,-1
2021-05-27 15:06:22.064,16517,16519,16517,1,-1
2021-05-27 15:06:22.905,16517,16519,16518,1,1
2021-05-27 15:06:22.906,16517,16519,16517,3,-3
2021-05-27 15:06:22.906,16517,16519,16517,1,-1
2021-05-27 15:06:23.194,16516,16518,16516,1,-1
2021-05-27 15:06:23.324,16516,16517,16516,1,-1
2021-05-27 15:06:24.436,16515,16517,16515,1,-1
2021-05-27 15:06:24.697,16515,16516,16515,1,-1
2021-05-27 15:06:24.804,16515,16516,16515,1,-1
2021-05-27 15:06:24.837,16515,16516,16515,2,-2
2021-05-27 15:06:26.056,16515,16517,16517,1,1
2021-05-27 15:06:31.187,16515,16517,16515,1,-1
2021-05-27 15:06:36.795,16515,16517,16517,1,1
2021-05-27 15:06:46.603,16515,16516,16515,1,-1
2021-05-27 15:06:46.604,16515,16516,16515,2,-2
2021-05-27 15:06:48.006,16514,16515,16515,1,1
2021-05-27 15:06:49.919,16514,16515,16515,1,1
2021-05-27 15:06:52.184,16514,16515,16514,1,-1
2021-05-27 15:06:52.184,16514,16515,16514,2,-2
2021-05-27 15:06:54.458,16514,16516,16514,1,-1
2021-05-27 15:06:54.482,16514,16516,16514,1,-1
2021-05-27 15:06:57.011,16514,16515,16515,1,1
2021-05-27 15:06:57.040,16515,16516,16515,1,-1
2021-05-27 15:06:57.783,16515,16516,16515,1,-1
2021-05-27 15:07:00.240,16515,16516,16515,1,-1
2021-05-27 15:07:01.738,16514,16515,16514,2,-2
2021-05-27 15:07:06.789,16513,16514,16513,2,-2
2021-05-27 15:07:06.790,16513,16514,16513,4,-4
2021-05-27 15:07:07.374,16512,16514,16512,3,-3
2021-05-27 15:07:10.738,16512,16514,16513,3,3
2021-05-27 15:07:12.110,16512,16513,16512,2,-2
2021-05-27 15:07:12.777,16512,16513,16512,1,-1
2021-05-27 15:07:14.431,16512,16513,16512,1,-1
2021-05-27 15:07:14.882,16512,16513,16512,1,-1
2021-05-27 15:07:15.660,16512,16513,16512,1,-1
2021-05-27 15:07:15.740,16512,16513,16513,4,4
2021-05-27 15:07:18.023,16513,16514,16513,1,-1
2021-05-27 15:07:19.992,16512,16513,16512,4,-4
2021-05-27 15:07:23.051,16511,16513,16511,2,-2
2021-05-27 15:07:23.051,16511,16513,16511,3,-3
2021-05-27 15:07:23.052,16511,16513,16511,1,-1
2021-05-27 15:07:23.052,16511,16513,16511,2,-2
2021-05-27 15:07:23.052,16511,16513,16511,1,-1
2021-05-27 15:07:23.052,16511,16513,16511,7,-7
2021-05-27 15:07:25.323,16510,16512,16512,1,1
2021-05-27 15:07:25.656,16511,16513,16511,2,-2
2021-05-27 15:07:26.775,16511,16512,16511,1,-1
2021-05-27 15:07:27.650,16511,16512,16512,1,1
2021-05-27 15:07:33.358,16512,16513,16513,2,2
2021-05-27 15:07:33.358,16512,16513,16513,6,6
2021-05-27 15:07:33.358,16512,16513,16513,2,2
2021-05-27 15:07:34.094,16512,16514,16512,1,-1
2021-05-27 15:07:35.648,16513,16514,16513,1,1
2021-05-27 15:07:37.013,16512,16513,16512,1,-1
2021-05-27 15:07:37.013,16512,16513,16512,1,-1
2021-05-27 15:07:45.377,16511,16513,16511,1,-1
2021-05-27 15:07:47.550,16511,16512,16511,2,-2
2021-05-27 15:07:47.588,16511,16512,16510,1,-1
2021-05-27 15:07:47.588,16511,16512,16510,5,-5
2021-05-27 15:07:47.588,16511,16512,16510,1,-1
2021-05-27 15:07:47.589,16511,16512,16510,1,-1
2021-05-27 15:07:47.862,16509,16511,16511,2,2
2021-05-27 15:07:52.044,16510,16511,16511,1,1
2021-05-27 15:07:55.082,16511,16512,16512,8,8
2021-05-27 15:07:55.083,16511,16512,16512,1,1
2021-05-27 15:07:55.083,16511,16512,16512,4,4
2021-05-27 15:07:58.579,16512,16513,16513,3,3
2021-05-27 15:08:01.620,16511,16512,16511,2,-2
2021-05-27 15:08:04.543,16510,16511,16510,1,-1
2021-05-27 15:08:06.148,16509,16511,16510,1,-1
2021-05-27 15:08:10.487,16510,16511,16511,1,1
2021-05-27 15:08:11.607,16510,16511,16510,2,-2
2021-05-27 15:08:13.711,16510,16511,16511,1,1
2021-05-27 15:08:13.711,16510,16511,16511,2,2
2021-05-27 15:08:14.507,16510,16512,16510,1,-1
2021-05-27 15:08:16.941,16510,16512,16510,1,-1
2021-05-27 15:08:20.523,16510,16512,16511,1,1
2021-05-27 15:08:24.560,16510,16511,16510,1,-1
2021-05-27 15:08:26.901,16510,16511,16510,1,-1
2021-05-27 15:08:31.840,16510,16511,16510,1,-1
2021-05-27 15:08:34.693,16510,16511,16510,1,-1
2021-05-27 15:08:36.971,16510,16511,16510,1,-1
2021-05-27 15:08:42.036,16510,16511,16511,1,1
2021-05-27 15:08:42.036,16510,16511,16511,5,5
2021-05-27 15:08:43.195,16511,16512,16511,1,-1
2021-05-27 15:08:43.650,16510,16512,16512,1,1
2021-05-27 15:08:43.650,16510,16512,16513,2,2
2021-05-27 15:08:46.519,16511,16512,16511,2,-2
2021-05-27 15:08:55.700,16512,16513,16512,1,1
2021-05-27 15:08:59.061,16511,16512,16512,4,4
2021-05-27 15:09:00.451,16512,16513,16513,2,2
2021-05-27 15:09:00.451,16512,16513,16513,2,2
2021-05-27 15:09:00.451,16512,16513,16513,1,1
2021-05-27 15:09:15.909,16513,16514,16514,1,1
2021-05-27 15:09:16.478,16513,16514,16514,1,1
2021-05-27 15:09:16.561,16513,16514,16513,4,-4
2021-05-27 15:09:16.561,16513,16514,16512,3,-3
2021-05-27 15:09:16.672,16512,16513,16512,1,-1
2021-05-27 15:09:17.504,16512,16513,16512,2,-2
2021-05-27 15:09:17.504,16512,16513,16511,1,-1
2021-05-27 15:09:18.557,16511,16513,16511,1,-1
2021-05-27 15:09:20.272,16511,16513,16513,1,1
2021-05-27 15:09:30.735,16511,16512,16511,2,-2
2021-05-27 15:09:31.555,16510,16512,16511,1,-1
2021-05-27 15:09:31.826,16510,16512,16510,2,-2
2021-05-27 15:09:34.427,16510,16512,16510,2,-2
2021-05-27 15:09:34.427,16510,16512,16510,1,-1
2021-05-27 15:09:40.346,16510,16512,16510,1,-1
2021-05-27 15:09:49.910,16510,16511,16510,1,-1
2021-05-27 15:09:55.323,16510,16511,16510,1,-1
2021-05-27 15:10:00.079,16510,16511,16511,2,2
2021-05-27 15:10:00.079,16510,16511,16511,1,1
2021-05-27 15:10:00.496,16510,16512,16510,1,-1
2021-05-27 15:10:03.947,16511,16512,16511,1,1
2021-05-27 15:10:05.246,16511,16512,16512,1,1
2021-05-27 15:10:05.458,16511,16513,16511,1,-1
2021-05-27 15:10:05.477,16511,16513,16511,1,-1
2021-05-27 15:10:16.973,16512,16513,16513,2,2
2021-05-27 15:10:29.458,16513,16514,16513,1,-1
2021-05-27 15:10:29.458,16513,16514,16513,1,-1
2021-05-27 15:10:29.554,16511,16513,16511,2,-2
2021-05-27 15:10:29.583,16511,16513,16511,1,-1
2021-05-27 15:10:31.552,16511,16513,16513,1,1
2021-05-27 15:10:35.927,16511,16512,16512,1,1
2021-05-27 15:10:37.244,16511,16512,16511,1,-1
2021-05-27 15:10:39.917,16511,16512,16511,1,-1
2021-05-27 15:10:51.648,16512,16513,16513,1,1
2021-05-27 15:10:51.957,16512,16514,16512,1,-1
2021-05-27 15:10:55.271,16512,16514,16512,2,-2
2021-05-27 15:10:57.136,16512,16514,16514,1,1
2021-05-27 15:11:02.479,16511,16513,16511,3,-3
2021-05-27 15:11:02.479,16511,16513,16510,2,-2
2021-05-27 15:11:03.662,16511,16512,16512,1,1
2021-05-27 15:11:09.680,16512,16514,16512,1,-1
2021-05-27 15:11:14.843,16512,16513,16513,1,1
2021-05-27 15:11:15.184,16512,16513,16512,1,-1
2021-05-27 15:11:23.649,16511,16512,16511,2,-2
2021-05-27 15:11:25.698,16510,16511,16511,1,1
2021-05-27 15:11:30.812,16510,16511,16510,1,-1
2021-05-27 15:11:31.527,16510,16511,16510,5,-5
2021-05-27 15:11:32.535,16509,16510,16510,1,1
2021-05-27 15:11:34.423,16509,16511,16509,1,-1
2021-05-27 15:11:48.532,16509,16510,16509,1,-1
2021-05-27 15:11:50.122,16509,16510,16509,1,-1
2021-05-27 15:11:50.819,16509,16510,16509,1,-1
2021-05-27 15:11:51.163,16509,16510,16509,1,-1
2021-05-27 15:11:51.166,16509,16510,16509,5,-5
2021-05-27 15:11:51.167,16509,16510,16509,3,-3
2021-05-27 15:11:56.490,16509,16510,16509,1,-1
2021-05-27 15:11:58.262,16508,16509,16509,1,1
2021-05-27 15:11:58.349,16509,16510,16509,2,-2
2021-05-27 15:12:01.566,16509,16510,16509,1,-1
2021-05-27 15:12:03.724,16509,16510,16509,1,-1
2021-05-27 15:12:03.828,16509,16510,16510,1,1
2021-05-27 15:12:04.128,16509,16510,16509,1,-1
2021-05-27 15:12:05.270,16509,16510,16510,1,1
2021-05-27 15:12:05.606,16510,16511,16510,2,-2
2021-05-27 15:12:05.606,16510,16511,16509,8,-8
2021-05-27 15:12:07.192,16509,16511,16509,1,-1
2021-05-27 15:12:07.979,16509,16511,16509,1,-1
2021-05-27 15:12:17.535,16509,16510,16509,1,-1
2021-05-27 15:12:28.338,16509,16510,16509,1,-1
2021-05-27 15:12:38.973,16509,16510,16510,3,3
2021-05-27 15:12:38.974,16509,16510,16510,3,3
2021-05-27 15:12:40.033,16510,16511,16510,1,-1
2021-05-27 15:12:40.070,16510,16511,16510,1,-1
2021-05-27 15:12:41.496,16509,16510,16510,1,1
2021-05-27 15:12:43.749,16509,16510,16510,3,3
2021-05-27 15:12:44.398,16510,16511,16511,1,1
2021-05-27 15:12:49.849,16510,16512,16510,1,-1
2021-05-27 15:12:52.001,16510,16512,16512,1,1
2021-05-27 15:12:56.019,16510,16511,16511,3,3
2021-05-27 15:12:58.893,16510,16512,16510,1,-1
2021-05-27 15:13:01.556,16510,16511,16510,1,-1
2021-05-27 15:13:01.556,16510,16511,16510,2,-2
2021-05-27 15:13:02.668,16509,16510,16510,1,1
2021-05-27 15:13:03.191,16509,16511,16510,1,-1
2021-05-27 15:13:03.191,16509,16511,16510,1,-1
2021-05-27 15:13:16.370,16509,16510,16510,3,3
2021-05-27 15:13:19.377,16509,16510,16509,1,-1
2021-05-27 15:13:34.139,16509,16510,16509,8,-8
2021-05-27 15:13:34.676,16508,16509,16508,14,-14
2021-05-27 15:13:34.677,16508,16509,16508,1,-1
2021-05-27 15:13:34.677,16508,16509,16508,1,-1
2021-05-27 15:13:36.148,16507,16508,16507,2,-2
2021-05-27 15:13:36.162,16507,16508,16507,1,-1
2021-05-27 15:13:36.163,16507,16508,16507,1,-1
2021-05-27 15:13:36.163,16507,16508,16507,7,-7
2021-05-27 15:13:40.032,16506,16507,16506,1,-1
2021-05-27 15:13:40.302,16506,16507,16506,2,-2
2021-05-27 15:13:40.303,16506,16507,16506,6,-6
2021-05-27 15:13:40.303,16506,16507,16506,1,-1
2021-05-27 15:13:40.303,16506,16507,16506,1,-1
2021-05-27 15:13:40.303,16506,16507,16506,1,-1
2021-05-27 15:13:40.303,16506,16507,16506,1,-1
2021-05-27 15:13:40.303,16506,16507,16506,4,-4
2021-05-27 15:13:41.657,16505,16506,16505,1,-1
2021-05-27 15:13:42.229,16505,16506,16505,1,-1
2021-05-27 15:13:42.894,16505,16506,16505,1,-1
2021-05-27 15:13:43.962,16505,16506,16505,1,-1
2021-05-27 15:13:44.220,16505,16506,16506,1,1
2021-05-27 15:13:45.507,16505,16507,16505,1,-1
2021-05-27 15:13:46.572,16505,16507,16505,1,-1
2021-05-27 15:13:47.921,16505,16506,16505,5,-5
2021-05-27 15:13:48.031,16505,16506,16505,2,-2
2021-05-27 15:13:48.660,16504,16505,16504,7,-7
2021-05-27 15:13:48.660,16504,16505,16503,1,-1
2021-05-27 15:13:49.116,16503,16505,16503,1,-1
2021-05-27 15:13:50.016,16503,16504,16503,4,-4
2021-05-27 15:13:50.076,16503,16504,16503,1,-1
2021-05-27 15:13:50.386,16503,16504,16503,1,-1
2021-05-27 15:13:51.983,16502,16503,16503,1,1
2021-05-27 15:13:52.604,16502,16503,16503,2,2
2021-05-27 15:13:54.624,16502,16504,16504,3,3
2021-05-27 15:13:55.310,16503,16504,16503,1,-1
2021-05-27 15:13:56.503,16503,16504,16503,1,-1
2021-05-27 15:13:57.398,16502,16504,16504,1,1
2021-05-27 15:13:57.651,16503,16504,16503,1,-1
2021-05-27 15:13:58.881,16503,16504,16504,1,1
2021-05-27 15:13:59.200,16503,16504,16503,2,-2
2021-05-27 15:14:01.058,16503,16504,16504,1,1
2021-05-27 15:14:01.562,16503,16504,16503,1,-1
2021-05-27 15:14:01.915,16503,16504,16503,2,-2
2021-05-27 15:14:03.526,16502,16503,16502,1,-1
2021-05-27 15:14:03.675,16502,16503,16502,2,-2
2021-05-27 15:14:07.229,16502,16503,16502,1,-1
2021-05-27 15:14:10.365,16502,16503,16502,5,-5
2021-05-27 15:14:10.632,16502,16503,16503,1,1
2021-05-27 15:14:11.039,16502,16503,16502,1,-1
2021-05-27 15:14:11.987,16502,16503,16502,2,-2
2021-05-27 15:14:12.080,16501,16502,16502,1,1
2021-05-27 15:14:12.080,16501,16502,16502,1,1
2021-05-27 15:14:12.080,16501,16502,16502,1,1
2021-05-27 15:14:12.080,16501,16502,16502,1,1
2021-05-27 15:14:14.015,16502,16503,16502,4,-4
2021-05-27 15:14:15.620,16502,16503,16502,1,-1
2021-05-27 15:14:16.447,16501,16502,16502,1,1
2021-05-27 15:14:17.001,16502,16503,16503,1,1
2021-05-27 15:14:17.101,16502,16503,16503,1,1
2021-05-27 15:14:17.210,16502,16503,16502,1,-1
2021-05-27 15:14:18.829,16502,16503,16502,1,-1
2021-05-27 15:14:19.176,16502,16503,16502,1,-1
2021-05-27 15:14:19.757,16502,16503,16503,3,3
2021-05-27 15:14:20.600,16502,16503,16503,1,1
2021-05-27 15:14:22.041,16503,16504,16503,1,-1
2021-05-27 15:14:22.204,16502,16503,16503,1,1
2021-05-27 15:14:22.204,16502,16503,16503,1,1
2021-05-27 15:14:29.358,16503,16504,16503,1,-1
2021-05-27 15:14:29.359,16503,16504,16503,2,-2
2021-05-27 15:14:31.872,16502,16503,16502,2,-2
2021-05-27 15:14:34.881,16502,16503,16502,1,-1
2021-05-27 15:14:35.663,16502,16503,16502,2,-2
2021-05-27 15:14:35.663,16502,16503,16502,1,-1
2021-05-27 15:14:35.663,16502,16503,16502,1,-1
2021-05-27 15:14:35.664,16502,16503,16502,1,-1
2021-05-27 15:14:35.664,16502,16503,16502,2,-2
2021-05-27 15:14:38.114,16501,16502,16502,2,2
2021-05-27 15:14:38.114,16501,16502,16503,1,1
2021-05-27 15:14:42.099,16501,16502,16501,3,-3
2021-05-27 15:14:42.099,16501,16502,16501,1,-1
2021-05-27 15:14:42.099,16501,16502,16501,2,-2
2021-05-27 15:14:42.099,16501,16502,16501,1,-1
2021-05-27 15:14:42.099,16501,16502,16501,6,-6
2021-05-27 15:14:42.100,16501,16502,16501,1,-1
2021-05-27 15:14:43.002,16500,16501,16500,1,-1
2021-05-27 15:14:43.003,16500,16501,16500,6,-6
2021-05-27 15:14:43.003,16500,16501,16500,1,-1
2021-05-27 15:14:43.003,16500,16501,16500,3,-3
2021-05-27 15:14:43.003,16500,16501,16500,2,-2
2021-05-27 15:14:43.004,16500,16501,16500,2,-2
2021-05-27 15:14:43.004,16500,16501,16500,1,-1
2021-05-27 15:14:43.004,16500,16501,16500,6,-6
2021-05-27 15:14:43.004,16500,16501,16500,1,-1
2021-05-27 15:14:43.004,16500,16501,16500,1,-1
2021-05-27 15:14:43.006,16500,16501,16499,6,-6
2021-05-27 15:14:43.006,16500,16501,16499,1,-1
2021-05-27 15:14:43.006,16500,16501,16499,1,-1
2021-05-27 15:14:43.081,16498,16499,16498,1,-1
2021-05-27 15:14:43.227,16498,16499,16498,1,-1
2021-05-27 15:14:43.227,16498,16499,16497,1,-1
2021-05-27 15:14:43.277,16497,16498,16497,1,-1
2021-05-27 15:14:43.317,16497,16498,16497,2,-2
2021-05-27 15:14:43.328,16497,16498,16497,1,-1
2021-05-27 15:14:43.378,16497,16498,16497,2,-2
2021-05-27 15:14:43.395,16497,16498,16497,2,-2
2021-05-27 15:14:43.415,16496,16499,16497,1,-1
2021-05-27 15:14:43.555,16497,16499,16497,1,-1
2021-05-27 15:14:44.006,16498,16499,16498,1,1
2021-05-27 15:14:44.344,16498,16500,16498,2,-2
2021-05-27 15:14:45.123,16498,16499,16498,1,-1
2021-05-27 15:14:47.532,16498,16499,16498,1,-1
2021-05-27 15:14:48.349,16498,16499,16499,1,1
2021-05-27 15:14:48.757,16498,16499,16499,1,1
2021-05-27 15:14:48.953,16498,16500,16498,2,-2
2021-05-27 15:14:50.054,16498,16500,16498,3,-3
2021-05-27 15:14:50.478,16498,16499,16499,1,1
2021-05-27 15:14:51.617,16498,16500,16499,1,-1
2021-05-27 15:14:51.963,16498,16500,16498,4,-4
2021-05-27 15:14:52.825,16498,16500,16498,1,-1
2021-05-27 15:14:54.855,16498,16500,16498,1,-1
2021-05-27 15:14:58.152,16498,16499,16499,1,1
2021-05-27 15:14:59.377,16498,16499,16499,3,3
2021-05-27 15:15:00.202,16499,16500,16500,5,5
2021-05-27 15:15:00.398,16500,16501,16500,1,-1
2021-05-27 15:15:00.420,16500,16501,16499,1,-1
2021-05-27 15:15:00.852,16499,16502,16499,5,-5
2021-05-27 15:15:00.852,16499,16502,16498,5,-5
2021-05-27 15:15:01.036,16498,16500,16500,3,3
2021-05-27 15:15:01.036,16498,16500,16501,2,2
2021-05-27 15:15:01.150,16500,16502,16502,1,1
2021-05-27 15:15:01.151,16500,16502,16502,1,1
2021-05-27 15:15:01.394,16500,16502,16500,2,-2
2021-05-27 15:15:01.498,16500,16502,16500,1,-1
2021-05-27 15:15:01.616,16500,16501,16500,1,-1
2021-05-27 15:15:01.616,16500,16501,16499,6,-6
2021-05-27 15:15:01.697,16498,16500,16498,4,-4
2021-05-27 15:15:01.713,16498,16500,16498,2,-2
2021-05-27 15:15:02.040,16498,16501,16498,2,-2
2021-05-27 15:15:02.100,16498,16501,16498,1,-1
2021-05-27 15:15:02.533,16499,16500,16499,1,1
2021-05-27 15:15:02.562,16499,16500,16499,1,-1
2021-05-27 15:15:02.633,16499,16500,16498,3,-3
2021-05-27 15:15:02.635,16499,16500,16498,1,-1
2021-05-27 15:15:03.098,16498,16500,16498,1,-1
2021-05-27 15:15:03.650,16499,16500,16499,1,1
2021-05-27 15:15:04.077,16499,16500,16499,2,-2
2021-05-27 15:15:04.077,16499,16500,16498,2,-2
2021-05-27 15:15:05.612,16498,16499,16498,1,-1
2021-05-27 15:15:08.506,16498,16499,16499,1,1
2021-05-27 15:15:10.007,16498,16499,16498,5,-5
2021-05-27 15:15:10.024,16498,16499,16499,1,1
2021-05-27 15:15:10.024,16498,16499,16499,1,1
2021-05-27 15:15:10.025,16498,16499,16499,1,1
2021-05-27 15:15:10.025,16498,16499,16500,1,1
2021-05-27 15:15:10.025,16498,16499,16500,1,1
2021-05-27 15:15:10.026,16498,16499,16500,1,1
2021-05-27 15:15:10.026,16498,16499,16500,1,1
2021-05-27 15:15:10.026,16498,16499,16500,1,1
2021-05-27 15:15:10.026,16498,16499,16500,1,1
2021-05-27 15:15:10.026,16498,16499,16500,1,1
2021-05-27 15:15:15.699,16499,16500,16499,1,-1
2021-05-27 15:15:15.798,16499,16500,16499,1,-1
2021-05-27 15:15:16.518,16499,16500,16500,1,1
2021-05-27 15:15:17.197,16499,16500,16499,1,-1
2021-05-27 15:15:17.197,16499,16500,16498,1,-1
2021-05-27 15:15:17.274,16498,16500,16500,1,1
2021-05-27 15:15:17.275,16498,16500,16500,1,1
2021-05-27 15:15:17.275,16498,16500,16500,1,1
2021-05-27 15:15:17.275,16498,16500,16500,1,1
2021-05-27 15:15:17.276,16498,16500,16500,1,1
2021-05-27 15:15:18.739,16498,16500,16498,1,-1
2021-05-27 15:15:20.318,16499,16500,16499,1,1
2021-05-27 15:15:25.678,16499,16500,16500,11,11
2021-05-27 15:15:28.109,16499,16500,16499,3,-3
2021-05-27 15:15:32.287,16499,16500,16500,1,1
2021-05-27 15:15:32.401,16499,16500,16500,1,1
2021-05-27 15:15:32.402,16499,16500,16501,1,1
2021-05-27 15:15:32.525,16499,16500,16500,1,1
2021-05-27 15:15:33.634,16499,16500,16499,1,-1
2021-05-27 15:15:34.457,16499,16500,16499,1,-1
2021-05-27 15:15:36.097,16499,16500,16500,1,1
2021-05-27 15:15:36.097,16499,16500,16500,1,1
2021-05-27 15:15:36.708,16499,16501,16499,2,-2
2021-05-27 15:15:38.015,16500,16502,16500,3,3
2021-05-27 15:15:38.025,16500,16502,16502,1,1
2021-05-27 15:15:38.025,16500,16502,16502,1,1
2021-05-27 15:15:38.025,16500,16502,16502,1,1
2021-05-27 15:15:40.068,16501,16502,16501,1,-1
2021-05-27 15:15:41.727,16501,16502,16501,1,-1
2021-05-27 15:15:50.158,16501,16502,16502,1,1
2021-05-27 15:15:50.200,16501,16502,16501,1,-1
2021-05-27 15:15:53.998,16502,16503,16502,1,1
2021-05-27 15:15:54.253,16502,16503,16502,1,-1
2021-05-27 15:15:55.516,16501,16503,16503,1,1
2021-05-27 15:15:59.530,16502,16503,16502,1,-1
2021-05-27 15:16:00.398,16501,16502,16502,1,1
2021-05-27 15:16:00.425,16501,16502,16501,2,-2
2021-05-27 15:16:03.306,16500,16501,16500,1,-1
2021-05-27 15:16:03.610,16500,16501,16500,1,-1
2021-05-27 15:16:11.554,16500,16501,16501,2,2
2021-05-27 15:16:16.785,16501,16502,16502,2,2
2021-05-27 15:16:17.279,16501,16502,16501,1,-1
2021-05-27 15:16:18.964,16501,16502,16502,4,4
2021-05-27 15:16:21.150,16501,16503,16503,1,1
2021-05-27 15:16:21.367,16501,16503,16502,1,-1
2021-05-27 15:16:26.293,16501,16502,16502,1,1
2021-05-27 15:16:30.046,16502,16503,16502,2,-2
2021-05-27 15:16:34.598,16502,16503,16503,5,5
2021-05-27 15:16:34.598,16502,16503,16503,2,2
2021-05-27 15:16:39.355,16503,16504,16503,1,-1
2021-05-27 15:16:41.897,16503,16504,16504,5,5
2021-05-27 15:16:41.898,16503,16504,16504,2,2
2021-05-27 15:16:41.899,16503,16504,16504,1,1
2021-05-27 15:16:41.899,16503,16504,16504,1,1
2021-05-27 15:16:49.752,16503,16504,16504,1,1
2021-05-27 15:16:49.753,16503,16504,16504,2,2
2021-05-27 15:16:49.753,16503,16504,16504,1,1
2021-05-27 15:16:49.758,16503,16504,16504,1,1
2021-05-27 15:16:51.994,16503,16504,16504,2,2
2021-05-27 15:16:53.987,16504,16505,16504,1,-1
2021-05-27 15:16:53.987,16504,16505,16503,2,-2
2021-05-27 15:16:58.094,16504,16505,16505,5,5
2021-05-27 15:16:58.745,16504,16505,16504,1,-1
2021-05-27 15:16:59.073,16504,16505,16505,5,5
2021-05-27 15:17:02.366,16504,16506,16506,4,4
2021-05-27 15:17:02.601,16505,16507,16505,1,-1
2021-05-27 15:17:03.203,16505,16507,16505,2,-2
2021-05-27 15:17:05.053,16506,16507,16507,1,1
2021-05-27 15:17:05.053,16506,16507,16507,1,1
2021-05-27 15:17:05.054,16506,16507,16507,2,2
2021-05-27 15:17:05.427,16506,16508,16508,1,1
2021-05-27 15:17:05.536,16506,16508,16508,1,1
2021-05-27 15:17:05.559,16506,16508,16508,1,1
2021-05-27 15:17:05.568,16506,16508,16508,1,1
2021-05-27 15:17:05.601,16506,16508,16508,1,1
2021-05-27 15:17:09.349,16506,16508,16508,2,2
2021-05-27 15:17:11.210,16506,16508,16508,3,3
2021-05-27 15:17:11.838,16508,16509,16508,1,-1
2021-05-27 15:17:15.832,16508,16509,16508,1,-1
2021-05-27 15:17:18.719,16508,16509,16509,1,1
2021-05-27 15:17:18.917,16508,16509,16509,2,2
2021-05-27 15:17:19.740,16508,16509,16509,1,1
2021-05-27 15:17:21.002,16508,16509,16508,2,-2
2021-05-27 15:17:24.793,16507,16508,16508,1,1
2021-05-27 15:17:27.232,16507,16508,16508,1,1
2021-05-27 15:17:33.908,16507,16508,16508,3,3
2021-05-27 15:17:33.909,16507,16508,16508,1,1
2021-05-27 15:17:38.873,16507,16508,16508,1,1
2021-05-27 15:17:40.386,16508,16509,16509,5,5
2021-05-27 15:17:42.721,16508,16510,16510,1,1
2021-05-27 15:17:42.722,16508,16510,16510,8,8
2021-05-27 15:17:44.362,16510,16511,16511,2,2
2021-05-27 15:17:47.355,16510,16512,16510,1,-1
2021-05-27 15:17:48.292,16510,16511,16511,1,1
2021-05-27 15:17:50.303,16511,16512,16511,2,-2
2021-05-27 15:17:50.305,16511,16512,16511,1,-1
2021-05-27 15:17:50.306,16511,16512,16511,1,-1
2021-05-27 15:17:50.466,16510,16511,16511,1,1
2021-05-27 15:17:50.466,16510,16511,16512,3,3
2021-05-27 15:17:50.466,16510,16511,16513,4,4
2021-05-27 15:17:57.342,16510,16512,16512,1,1
2021-05-27 15:18:01.786,16510,16511,16510,1,-1
2021-05-27 15:18:01.786,16510,16511,16510,1,-1
2021-05-27 15:18:01.787,16510,16511,16510,1,-1
2021-05-27 15:18:02.230,16509,16510,16510,1,1
2021-05-27 15:18:03.760,16510,16511,16511,2,2
2021-05-27 15:18:05.522,16510,16512,16512,1,1
2021-05-27 15:18:08.657,16510,16511,16510,2,-2
2021-05-27 15:18:10.961,16509,16510,16509,1,-1
2021-05-27 15:18:13.218,16509,16510,16510,1,1
2021-05-27 15:18:19.868,16509,16510,16509,1,-1
2021-05-27 15:18:19.868,16509,16510,16509,1,-1
2021-05-27 15:18:19.868,16509,16510,16509,1,-1
2021-05-27 15:18:23.458,16509,16510,16509,1,-1
2021-05-27 15:18:29.091,16508,16509,16508,10,-10
2021-05-27 15:18:30.747,16506,16507,16506,1,-1
2021-05-27 15:18:30.765,16506,16507,16505,1,-1
2021-05-27 15:18:30.765,16506,16507,16505,1,-1
2021-05-27 15:18:30.774,16505,16506,16506,1,1
2021-05-27 15:18:31.303,16505,16506,16506,2,2
2021-05-27 15:18:32.328,16505,16506,16506,1,1
2021-05-27 15:18:35.377,16505,16507,16505,2,-2
2021-05-27 15:18:36.027,16505,16506,16505,2,-2
2021-05-27 15:18:39.805,16505,16506,16505,1,-1
2021-05-27 15:18:41.593,16504,16506,16505,1,-1
2021-05-27 15:18:42.906,16504,16505,16504,4,-4
2021-05-27 15:18:42.906,16504,16505,16503,4,-4
2021-05-27 15:18:43.374,16503,16505,16505,1,1
2021-05-27 15:18:43.547,16503,16505,16504,1,-1
2021-05-27 15:18:46.831,16503,16505,16504,1,-1
2021-05-27 15:18:54.626,16503,16504,16504,1,1
2021-05-27 15:19:02.054,16505,16506,16506,1,1
2021-05-27 15:19:06.103,16506,16507,16506,1,-1
2021-05-27 15:19:06.172,16506,16507,16507,1,1
2021-05-27 15:19:06.252,16506,16507,16506,2,-2
2021-05-27 15:19:09.195,16506,16507,16507,1,1
2021-05-27 15:19:10.032,16506,16508,16508,2,2
2021-05-27 15:19:17.303,16507,16508,16506,1,-1
2021-05-27 15:19:19.994,16506,16508,16508,3,3
2021-05-27 15:19:32.868,16507,16509,16508,1,-1
2021-05-27 15:19:34.398,16507,16508,16507,1,-1
2021-05-27 15:19:34.398,16507,16508,16507,1,-1
2021-05-27 15:19:45.811,16506,16507,16506,4,-4
2021-05-27 15:19:45.811,16506,16507,16506,1,-1
2021-05-27 15:19:47.427,16505,16506,16505,1,-1
2021-05-27 15:19:47.427,16505,16506,16504,1,-1
2021-05-27 15:19:48.267,16504,16506,16504,1,-1
2021-05-27 15:19:48.305,16504,16506,16504,1,-1
2021-05-27 15:19:48.488,16504,16506,16504,1,-1
2021-05-27 15:19:48.815,16504,16506,16504,1,-1
2021-05-27 15:19:48.892,16504,16506,16504,1,-1
2021-05-27 15:19:56.680,16504,16506,16506,1,1
2021-05-27 15:19:59.262,16506,16507,16506,1,-1
2021-05-27 15:19:59.262,16506,16507,16505,2,-2
2021-05-27 15:19:59.262,16506,16507,16504,10,-10
2021-05-27 15:19:59.262,16506,16507,16503,1,-1
2021-05-27 15:20:01.212,16504,16506,16505,1,1
2021-05-27 15:20:01.536,16504,16505,16504,1,-1
2021-05-27 15:20:01.604,16504,16505,16505,1,1
2021-05-27 15:20:01.620,16504,16505,16503,1,-1
2021-05-27 15:20:01.849,16503,16505,16503,1,-1
2021-05-27 15:20:01.912,16503,16505,16503,1,-1
2021-05-27 15:20:02.144,16502,16505,16502,1,-1
2021-05-27 15:20:03.060,16502,16504,16504,1,1
2021-05-27 15:20:03.156,16504,16505,16504,1,-1
2021-05-27 15:20:03.157,16504,16505,16504,4,-4
2021-05-27 15:20:04.484,16502,16504,16502,1,-1
2021-05-27 15:20:05.529,16503,16504,16503,1,1
2021-05-27 15:20:06.741,16502,16504,16504,1,1
2021-05-27 15:20:07.009,16502,16504,16502,1,-1
2021-05-27 15:20:14.700,16503,16504,16504,1,1
2021-05-27 15:20:17.341,16504,16505,16504,1,-1
2021-05-27 15:20:18.131,16504,16505,16505,1,1
2021-05-27 15:20:21.526,16506,16507,16506,1,1
2021-05-27 15:20:22.190,16506,16508,16506,1,-1
2021-05-27 15:20:24.511,16505,16506,16506,1,1
2021-05-27 15:20:28.995,16505,16507,16505,1,-1
2021-05-27 15:20:28.995,16505,16507,16504,1,-1
2021-05-27 15:20:32.567,16505,16507,16505,1,1
2021-05-27 15:20:32.572,16505,16507,16505,1,-1
2021-05-27 15:20:32.573,16505,16507,16504,1,-1
2021-05-27 15:20:32.682,16504,16507,16504,1,-1
2021-05-27 15:20:32.683,16504,16507,16504,1,-1
2021-05-27 15:20:33.442,16504,16507,16505,1,1
2021-05-27 15:20:33.442,16504,16507,16505,1,-1
2021-05-27 15:20:43.581,16507,16508,16508,1,1
2021-05-27 15:20:43.581,16507,16508,16508,1,1
2021-05-27 15:20:44.523,16507,16509,16507,1,-1
2021-05-27 15:20:44.849,16507,16509,16507,2,-2
2021-05-27 15:20:45.914,16508,16509,16508,1,1
2021-05-27 15:20:45.914,16508,16509,16508,1,-1
2021-05-27 15:20:48.426,16506,16509,16509,1,1
2021-05-27 15:20:52.588,16508,16509,16509,2,2
2021-05-27 15:20:53.986,16509,16510,16510,1,1
2021-05-27 15:20:54.452,16509,16510,16510,1,1
2021-05-27 15:20:54.452,16509,16510,16510,3,3
2021-05-27 15:20:54.453,16509,16510,16510,1,1
2021-05-27 15:20:54.453,16509,16510,16510,1,1
2021-05-27 15:20:54.453,16509,16510,16510,1,1
2021-05-27 15:20:54.453,16509,16510,16510,1,1
2021-05-27 15:20:54.453,16509,16510,16510,4,4
2021-05-27 15:20:57.721,16510,16511,16510,1,-1
2021-05-27 15:21:00.272,16508,16510,16510,1,1
2021-05-27 15:21:00.420,16508,16510,16508,1,-1
2021-05-27 15:21:07.513,16508,16510,16509,1,1
2021-05-27 15:21:11.349,16508,16510,16508,1,-1
2021-05-27 15:21:16.039,16508,16510,16508,1,-1
2021-05-27 15:21:21.523,16509,16510,16510,1,1
2021-05-27 15:21:21.523,16509,16510,16510,1,1
2021-05-27 15:21:24.148,16509,16510,16510,1,1
2021-05-27 15:21:27.449,16510,16511,16511,4,4
2021-05-27 15:21:27.449,16510,16511,16512,6,6
2021-05-27 15:21:30.489,16510,16511,16510,1,-1
2021-05-27 15:21:32.773,16509,16510,16510,4,4
2021-05-27 15:21:34.398,16510,16511,16511,1,1
2021-05-27 15:21:35.987,16510,16512,16510,2,-2
2021-05-27 15:21:39.665,16511,16512,16512,1,1
2021-05-27 15:21:43.790,16511,16512,16512,3,3
2021-05-27 15:21:43.790,16511,16512,16512,3,3
2021-05-27 15:21:43.898,16511,16512,16512,4,4
2021-05-27 15:21:45.898,16511,16512,16512,1,1
2021-05-27 15:21:46.755,16511,16513,16511,1,-1
2021-05-27 15:21:47.555,16510,16512,16512,1,1
2021-05-27 15:21:51.384,16510,16512,16512,5,5
2021-05-27 15:21:51.384,16510,16512,16513,3,3
2021-05-27 15:21:53.617,16512,16513,16513,3,3
2021-05-27 15:21:53.617,16512,16513,16513,10,10
2021-05-27 15:21:55.750,16513,16514,16514,1,1
2021-05-27 15:21:55.750,16513,16514,16514,6,6
2021-05-27 15:21:57.636,16514,16515,16514,2,-2
2021-05-27 15:21:57.636,16514,16515,16513,3,-3
2021-05-27 15:21:57.759,16512,16514,16512,1,-1
2021-05-27 15:22:00.358,16512,16513,16512,1,-1
2021-05-27 15:22:00.358,16512,16513,16512,1,-1
2021-05-27 15:22:00.368,16512,16513,16512,1,-1
2021-05-27 15:22:04.035,16512,16514,16514,1,1
2021-05-27 15:22:10.965,16513,16514,16513,1,-1
2021-05-27 15:22:10.965,16513,16514,16513,2,-2
2021-05-27 15:22:12.512,16512,16513,16513,2,2
2021-05-27 15:22:12.512,16512,16513,16514,2,2
2021-05-27 15:22:16.839,16513,16514,16514,4,4
2021-05-27 15:22:20.666,16513,16514,16514,2,2
2021-05-27 15:22:21.942,16513,16514,16514,2,2
2021-05-27 15:22:22.872,16513,16514,16514,4,4
2021-05-27 15:22:28.085,16514,16515,16514,1,-1
2021-05-27 15:22:33.637,16514,16515,16515,10,10
2021-05-27 15:22:33.678,16514,16515,16515,8,8
2021-05-27 15:22:33.678,16514,16515,16515,1,1
2021-05-27 15:22:34.368,16515,16516,16515,1,-1
2021-05-27 15:22:36.499,16515,16516,16516,2,2
2021-05-27 15:22:36.543,16515,16516,16516,1,1
2021-05-27 15:22:38.795,16516,16517,16516,1,-1
2021-05-27 15:22:39.324,16516,16517,16517,1,1
2021-05-27 15:22:39.468,16516,16517,16516,2,-2
2021-05-27 15:22:39.576,16516,16517,16517,2,2
2021-05-27 15:22:40.745,16516,16517,16516,9,-9
2021-05-27 15:22:40.770,16516,16517,16516,1,-1
2021-05-27 15:22:41.776,16515,16516,16515,1,-1
2021-05-27 15:22:42.923,16515,16516,16516,1,1
2021-05-27 15:22:43.271,16515,16516,16516,2,2
2021-05-27 15:22:44.149,16515,16516,16515,5,-5
2021-05-27 15:22:47.396,16514,16516,16515,3,-3
2021-05-27 15:22:47.396,16514,16516,16515,1,-1
2021-05-27 15:22:48.738,16514,16516,16516,2,2
2021-05-27 15:22:51.722,16515,16516,16516,1,1
2021-05-27 15:22:56.194,16515,16516,16516,1,1
2021-05-27 15:23:00.062,16515,16516,16516,2,2
2021-05-27 15:23:00.103,16515,16516,16516,1,1
2021-05-27 15:23:00.572,16515,16516,16516,1,1
2021-05-27 15:23:01.495,16515,16516,16516,1,1
2021-05-27 15:23:02.821,16515,16516,16516,1,1
2021-05-27 15:23:03.001,16515,16516,16515,4,-4
2021-05-27 15:23:03.001,16515,16516,16515,4,-4
2021-05-27 15:23:04.432,16514,16515,16515,1,1
2021-05-27 15:23:04.969,16514,16516,16516,1,1
2021-05-27 15:23:06.432,16514,16516,16516,1,1
2021-05-27 15:23:10.434,16515,16516,16515,1,-1
2021-05-27 15:23:20.845,16515,16516,16515,1,-1
2021-05-27 15:23:23.168,16515,16516,16516,1,1
2021-05-27 15:23:31.382,16515,16516,16515,1,-1
2021-05-27 15:23:31.442,16515,16516,16516,1,1
2021-05-27 15:23:49.572,16515,16516,16516,4,4
2021-05-27 15:23:52.558,16515,16516,16516,3,3
2021-05-27 15:23:53.135,16515,16516,16516,1,1
2021-05-27 15:23:53.834,16515,16516,16515,11,-11
2021-05-27 15:23:53.836,16515,16516,16514,3,-3
2021-05-27 15:23:53.836,16515,16516,16514,1,-1
2021-05-27 15:23:53.837,16515,16516,16514,1,-1
2021-05-27 15:23:53.837,16515,16516,16514,2,-2
2021-05-27 15:23:54.412,16513,16515,16515,1,1
2021-05-27 15:24:07.836,16514,16516,16514,1,-1
2021-05-27 15:24:12.309,16514,16515,16515,1,1
2021-05-27 15:24:12.310,16514,16515,16515,1,1
2021-05-27 15:24:12.997,16514,16516,16514,1,-1
2021-05-27 15:24:16.488,16514,16515,16515,2,2
2021-05-27 15:24:19.937,16514,16515,16514,3,-3
2021-05-27 15:24:20.774,16513,16514,16513,5,-5
2021-05-27 15:24:22.372,16512,16513,16513,1,1
2021-05-27 15:24:28.232,16513,16514,16514,1,1
2021-05-27 15:24:52.431,16514,16515,16514,1,-1
2021-05-27 15:24:57.771,16514,16515,16514,2,-2
2021-05-27 15:25:00.227,16513,16514,16513,1,-1
2021-05-27 15:25:00.227,16513,16514,16513,1,-1
2021-05-27 15:25:00.227,16513,16514,16513,1,-1
2021-05-27 15:25:00.227,16513,16514,16513,1,-1
2021-05-27 15:25:00.227,16513,16514,16513,2,-2
2021-05-27 15:25:04.113,16512,16514,16512,1,-1
2021-05-27 15:25:04.202,16512,16514,16513,1,1
2021-05-27 15:25:04.415,16512,16514,16512,2,-2
2021-05-27 15:25:09.514,16513,16514,16513,1,1
2021-05-27 15:25:19.028,16512,16513,16512,1,-1
2021-05-27 15:25:19.950,16512,16513,16512,2,-2
2021-05-27 15:25:21.231,16512,16513,16512,1,-1
2021-05-27 15:25:26.443,16512,16513,16513,1,1
2021-05-27 15:25:28.504,16512,16514,16514,1,1
2021-05-27 15:25:28.802,16513,16514,16513,1,-1
2021-05-27 15:25:33.301,16512,16513,16512,3,-3
2021-05-27 15:25:33.301,16512,16513,16511,14,-14
2021-05-27 15:25:33.301,16512,16513,16510,23,-23
2021-05-27 15:25:33.420,16510,16511,16510,1,-1
2021-05-27 15:25:33.420,16510,16511,16510,1,-1
2021-05-27 15:25:33.437,16510,16511,16509,1,-1
2021-05-27 15:25:35.066,16510,16512,16510,1,1
2021-05-27 15:25:35.067,16510,16512,16510,1,-1
2021-05-27 15:25:39.444,16511,16512,16511,1,1
2021-05-27 15:25:39.764,16511,16512,16511,1,-1
2021-05-27 15:25:41.336,16511,16512,16511,1,-1
2021-05-27 15:25:41.835,16510,16512,16512,2,2
2021-05-27 15:25:43.196,16511,16513,16513,1,1
2021-05-27 15:25:44.934,16511,16513,16512,1,-1
2021-05-27 15:25:45.370,16511,16513,16511,1,-1
2021-05-27 15:25:47.711,16511,16512,16511,1,-1
2021-05-27 15:25:52.714,16510,16511,16510,1,-1
2021-05-27 15:26:01.103,16510,16511,16510,2,-2
2021-05-27 15:26:01.103,16510,16511,16509,2,-2
2021-05-27 15:26:07.857,16509,16511,16509,4,-4
2021-05-27 15:26:08.414,16508,16510,16508,6,-6
2021-05-27 15:26:13.238,16508,16510,16508,1,-1
2021-05-27 15:26:13.377,16508,16510,16508,1,-1
2021-05-27 15:26:13.378,16508,16510,16508,1,-1
2021-05-27 15:26:16.223,16508,16510,16508,1,-1
2021-05-27 15:26:19.862,16509,16510,16509,2,2
2021-05-27 15:26:20.928,16508,16510,16508,1,-1
2021-05-27 15:26:26.018,16508,16509,16508,2,-2
2021-05-27 15:26:28.806,16509,16510,16510,3,3
2021-05-27 15:26:28.902,16510,16511,16511,1,1
2021-05-27 15:26:29.044,16510,16512,16510,2,-2
2021-05-27 15:26:59.529,16511,16512,16512,5,5
2021-05-27 15:26:59.674,16512,16513,16513,1,1
2021-05-27 15:27:00.524,16512,16513,16513,1,1
2021-05-27 15:27:00.524,16512,16513,16513,1,1
2021-05-27 15:27:00.524,16512,16513,16513,1,1
2021-05-27 15:27:00.525,16512,16513,16513,1,1
2021-05-27 15:27:00.779,16513,16514,16513,1,-1
2021-05-27 15:27:01.103,16512,16514,16512,5,-5
2021-05-27 15:27:02.457,16511,16513,16512,2,-2
2021-05-27 15:27:09.401,16511,16512,16511,1,-1
2021-05-27 15:27:09.734,16510,16511,16510,1,-1
2021-05-27 15:27:09.735,16510,16511,16510,1,-1
2021-05-27 15:27:09.735,16510,16511,16510,1,-1
2021-05-27 15:27:10.298,16509,16510,16510,1,1
2021-05-27 15:27:10.477,16509,16510,16510,1,1
2021-05-27 15:27:11.756,16509,16511,16509,1,-1
2021-05-27 15:27:15.165,16509,16510,16509,1,-1
2021-05-27 15:27:18.268,16509,16510,16510,1,1
2021-05-27 15:27:18.268,16509,16510,16510,2,2
2021-05-27 15:27:18.694,16509,16512,16510,1,-1
2021-05-27 15:27:18.872,16509,16512,16509,2,-2
2021-05-27 15:27:21.567,16509,16510,16509,2,-2
2021-05-27 15:27:26.344,16508,16509,16509,1,1
2021-05-27 15:27:31.921,16508,16510,16508,1,-1
2021-05-27 15:27:33.479,16508,16510,16508,1,-1
2021-05-27 15:27:37.305,16508,16510,16508,4,-4
2021-05-27 15:27:37.305,16508,16510,16508,2,-2
2021-05-27 15:27:37.305,16508,16510,16508,2,-2
2021-05-27 15:27:42.042,16507,16508,16508,1,1
2021-05-27 15:27:45.309,16507,16508,16508,2,2
2021-05-27 15:27:45.534,16508,16510,16508,1,-1
2021-05-27 15:27:45.751,16508,16510,16508,1,-1
2021-05-27 15:27:45.789,16508,16510,16508,1,-1
2021-05-27 15:27:46.986,16508,16510,16508,1,-1
2021-05-27 15:27:53.008,16508,16509,16508,1,-1
2021-05-27 15:28:01.557,16507,16508,16508,1,1
2021-05-27 15:28:01.557,16507,16508,16508,2,2
2021-05-27 15:28:02.763,16507,16509,16507,1,-1
2021-05-27 15:28:09.159,16507,16509,16508,1,1
2021-05-27 15:28:25.908,16508,16509,16508,1,-1
2021-05-27 15:28:26.938,16508,16509,16509,1,1
2021-05-27 15:28:30.518,16509,16510,16509,1,-1
2021-05-27 15:28:45.191,16509,16510,16509,1,-1
2021-05-27 15:28:45.201,16509,16510,16509,2,-2
2021-05-27 15:28:45.202,16509,16510,16509,1,-1
2021-05-27 15:28:59.533,16508,16510,16510,10,10
2021-05-27 15:28:59.533,16508,16510,16510,2,2
2021-05-27 15:28:59.533,16508,16510,16510,4,4
2021-05-27 15:29:26.040,16510,16511,16511,1,1
2021-05-27 15:29:28.734,16511,16512,16511,1,-1
2021-05-27 15:29:29.247,16511,16512,16511,1,-1
2021-05-27 15:29:30.715,16510,16511,16511,2,2
2021-05-27 15:29:54.191,16511,16512,16511,1,-1
2021-05-27 15:30:01.287,16510,16511,16511,1,1
2021-05-27 15:30:10.373,16511,16512,16512,9,9
2021-05-27 15:30:10.373,16511,16512,16512,4,4
2021-05-27 15:30:15.527,16511,16512,16511,1,-1
2021-05-27 15:30:17.441,16511,16512,16511,1,-1
2021-05-27 15:30:19.182,16510,16511,16511,1,1
2021-05-27 15:30:30.027,16510,16511,16511,1,1
2021-05-27 15:30:31.447,16510,16512,16510,4,-4
2021-05-27 15:30:32.239,16509,16511,16511,2,2
2021-05-27 15:30:39.180,16509,16510,16509,1,-1
2021-05-27 15:30:45.461,16509,16510,16510,1,1
2021-05-27 15:30:49.733,16509,16510,16510,1,1
2021-05-27 15:31:00.221,16509,16511,16510,1,-1
2021-05-27 15:31:01.643,16509,16511,16510,2,-2
2021-05-27 15:31:01.817,16509,16510,16509,2,-2
2021-05-27 15:31:10.040,16508,16510,16508,6,-6
2021-05-27 15:31:11.208,16507,16508,16507,7,-7
2021-05-27 15:31:11.589,16506,16508,16506,1,-1
2021-05-27 15:31:11.645,16506,16508,16506,1,-1
2021-05-27 15:31:11.688,16506,16508,16506,1,-1
2021-05-27 15:31:11.734,16506,16508,16506,1,-1
2021-05-27 15:31:14.192,16506,16507,16507,1,1
2021-05-27 15:31:22.559,16507,16508,16508,1,1
2021-05-27 15:31:28.098,16508,16509,16509,3,3
2021-05-27 15:31:42.697,16508,16509,16509,2,2
2021-05-27 15:31:42.698,16508,16509,16509,2,2
2021-05-27 15:31:42.699,16508,16509,16510,1,1
2021-05-27 15:31:50.326,16509,16510,16509,1,-1
2021-05-27 15:31:50.767,16507,16509,16507,1,-1
2021-05-27 15:32:07.187,16507,16509,16507,1,-1
2021-05-27 15:32:26.245,16507,16508,16507,2,-2
2021-05-27 15:32:26.246,16507,16508,16507,1,-1
2021-05-27 15:32:26.246,16507,16508,16507,1,-1
2021-05-27 15:32:26.246,16507,16508,16507,2,-2
2021-05-27 15:32:26.349,16506,16507,16506,1,-1
2021-05-27 15:32:35.500,16506,16508,16508,1,1
2021-05-27 15:32:35.981,16506,16508,16506,2,-2
2021-05-27 15:32:43.792,16505,16506,16505,4,-4
2021-05-27 15:32:43.792,16505,16506,16505,4,-4
2021-05-27 15:32:43.793,16505,16506,16505,1,-1
2021-05-27 15:32:43.793,16505,16506,16505,1,-1
2021-05-27 15:32:43.793,16505,16506,16505,3,-3
2021-05-27 15:32:43.793,16505,16506,16505,3,-3
2021-05-27 15:32:43.793,16505,16506,16505,2,-2
2021-05-27 15:32:45.237,16504,16505,16505,1,1
2021-05-27 15:32:46.460,16504,16505,16504,1,-1
2021-05-27 15:32:46.616,16504,16505,16504,1,-1
2021-05-27 15:32:46.638,16504,16505,16504,1,-1
2021-05-27 15:32:46.667,16504,16505,16504,2,-2
2021-05-27 15:32:46.713,16504,16505,16503,1,-1
2021-05-27 15:32:49.064,16503,16504,16503,1,-1
2021-05-27 15:32:51.082,16503,16504,16504,1,1
2021-05-27 15:32:51.310,16503,16504,16504,1,1
2021-05-27 15:32:51.311,16503,16504,16503,1,-1
2021-05-27 15:32:52.568,16503,16504,16503,2,-2
2021-05-27 15:32:52.568,16503,16504,16503,1,-1
2021-05-27 15:32:52.568,16503,16504,16503,6,-6
2021-05-27 15:32:52.568,16503,16504,16503,4,-4
2021-05-27 15:32:53.680,16502,16503,16502,1,-1
2021-05-27 15:32:54.280,16502,16504,16502,5,-5
2021-05-27 15:32:55.511,16502,16504,16502,5,-5
2021-05-27 15:32:57.460,16501,16503,16503,2,2
2021-05-27 15:32:57.600,16502,16503,16502,1,-1
2021-05-27 15:33:00.626,16501,16502,16501,1,-1
2021-05-27 15:33:01.767,16501,16502,16501,9,-9
2021-05-27 15:33:01.767,16501,16502,16501,1,-1
2021-05-27 15:33:01.767,16501,16502,16501,1,-1
2021-05-27 15:33:01.768,16501,16502,16501,4,-4
2021-05-27 15:33:01.771,16501,16502,16500,6,-6
2021-05-27 15:33:01.771,16501,16502,16500,1,-1
2021-05-27 15:33:01.771,16501,16502,16500,1,-1
2021-05-27 15:33:01.771,16501,16502,16500,6,-6
2021-05-27 15:33:01.772,16501,16502,16500,10,-10
2021-05-27 15:33:01.772,16499,16500,16499,2,-2
2021-05-27 15:33:01.774,16499,16500,16499,1,-1
2021-05-27 15:33:01.775,16499,16500,16499,1,-1
2021-05-27 15:33:01.893,16499,16500,16498,1,-1
2021-05-27 15:33:01.898,16498,16499,16498,11,-11
2021-05-27 15:33:01.899,16498,16499,16498,1,-1
2021-05-27 15:33:01.899,16498,16499,16498,2,-2
2021-05-27 15:33:01.975,16498,16499,16497,1,-1
2021-05-27 15:33:02.023,16497,16498,16497,1,-1
2021-05-27 15:33:02.041,16497,16498,16497,1,-1
2021-05-27 15:33:02.084,16497,16498,16497,2,-2
2021-05-27 15:33:02.085,16497,16498,16497,2,-2
2021-05-27 15:33:02.182,16496,16498,16496,1,-1
2021-05-27 15:33:02.340,16496,16497,16496,1,-1
2021-05-27 15:33:02.367,16496,16497,16496,1,-1
2021-05-27 15:33:02.371,16496,16497,16497,1,1
2021-05-27 15:33:02.374,16496,16497,16497,1,1
2021-05-27 15:33:02.374,16496,16497,16497,2,2
2021-05-27 15:33:02.447,16497,16499,16497,1,-1
2021-05-27 15:33:02.482,16497,16499,16498,1,1
2021-05-27 15:33:02.482,16497,16499,16498,2,-2
2021-05-27 15:33:02.500,16497,16499,16498,1,-1
2021-05-27 15:33:03.295,16497,16499,16497,1,-1
2021-05-27 15:33:03.330,16497,16499,16499,1,1
2021-05-27 15:33:03.924,16497,16498,16498,1,1
2021-05-27 15:33:03.924,16497,16498,16499,1,1
2021-05-27 15:33:04.088,16497,16499,16499,1,1
2021-05-27 15:33:04.471,16498,16500,16500,1,1
2021-05-27 15:33:05.055,16498,16500,16500,1,1
2021-05-27 15:33:11.111,16500,16501,16500,2,-2
2021-05-27 15:33:11.329,16500,16501,16500,1,-1
2021-05-27 15:33:13.458,16499,16500,16500,2,2
2021-05-27 15:33:17.276,16499,16500,16500,1,1
2021-05-27 15:33:18.611,16499,16500,16500,1,1
2021-05-27 15:33:22.288,16499,16500,16500,1,1
2021-05-27 15:33:22.414,16500,16501,16501,2,2
2021-05-27 15:33:23.550,16501,16502,16501,1,-1
2021-05-27 15:33:24.546,16501,16502,16502,8,8
2021-05-27 15:33:25.041,16502,16503,16502,1,-1
2021-05-27 15:33:29.999,16502,16503,16502,2,-2
2021-05-27 15:33:30.032,16501,16502,16502,1,1
2021-05-27 15:33:33.334,16501,16502,16501,2,-2
2021-05-27 15:33:36.158,16501,16502,16501,2,-2
2021-05-27 15:33:37.983,16500,16501,16501,2,2
2021-05-27 15:33:38.009,16500,16501,16502,2,2
2021-05-27 15:33:38.837,16501,16502,16502,1,1
2021-05-27 15:33:40.303,16502,16503,16503,1,1
2021-05-27 15:33:40.462,16503,16504,16503,1,-1
2021-05-27 15:33:43.945,16502,16504,16504,1,1
2021-05-27 15:33:48.207,16502,16503,16503,1,1
2021-05-27 15:33:54.176,16503,16505,16505,1,1
2021-05-27 15:33:55.829,16503,16505,16503,10,-10
2021-05-27 15:33:58.429,16502,16503,16503,1,1
2021-05-27 15:33:58.726,16503,16504,16504,2,2
2021-05-27 15:33:58.978,16503,16504,16503,1,-1
2021-05-27 15:34:07.380,16503,16504,16503,1,-1
2021-05-27 15:34:08.434,16503,16504,16503,1,-1
2021-05-27 15:34:10.722,16503,16504,16503,1,-1
2021-05-27 15:34:10.943,16502,16503,16502,1,-1
2021-05-27 15:34:11.124,16502,16503,16502,1,-1
2021-05-27 15:34:11.203,16502,16503,16502,4,-4
2021-05-27 15:34:11.664,16501,16502,16501,2,-2
2021-05-27 15:34:15.697,16500,16501,16501,1,1
2021-05-27 15:34:16.974,16500,16501,16501,1,1
2021-05-27 15:34:17.990,16500,16501,16501,1,1
2021-05-27 15:34:19.784,16500,16501,16501,1,1
2021-05-27 15:34:20.771,16500,16501,16500,3,-3
2021-05-27 15:34:21.124,16499,16500,16499,1,-1
2021-05-27 15:34:22.861,16499,16500,16499,2,-2
2021-05-27 15:34:26.637,16498,16499,16499,1,1
2021-05-27 15:34:26.663,16498,16499,16499,4,4
2021-05-27 15:34:31.577,16498,16499,16499,1,1
2021-05-27 15:34:32.439,16498,16499,16499,1,1
2021-05-27 15:34:32.861,16499,16500,16500,1,1
2021-05-27 15:34:34.062,16499,16500,16499,1,-1
2021-05-27 15:34:37.507,16499,16500,16499,2,-2
2021-05-27 15:34:37.542,16499,16500,16499,1,-1
2021-05-27 15:34:42.509,16498,16499,16499,1,1
2021-05-27 15:34:50.876,16499,16500,16499,1,-1
2021-05-27 15:34:55.455,16499,16500,16500,1,1
2021-05-27 15:34:58.811,16499,16500,16499,2,-2
2021-05-27 15:34:59.197,16499,16500,16500,2,2
2021-05-27 15:34:59.197,16499,16500,16500,4,4
2021-05-27 15:34:59.197,16499,16500,16500,1,1
2021-05-27 15:35:02.898,16499,16501,16501,1,1
2021-05-27 15:35:03.610,16499,16501,16501,2,2
2021-05-27 15:35:04.720,16499,16501,16500,2,-2
2021-05-27 15:35:07.946,16500,16501,16501,1,1
2021-05-27 15:35:07.946,16500,16501,16501,2,2
2021-05-27 15:35:13.785,16501,16502,16501,2,-2
2021-05-27 15:35:16.866,16500,16502,16500,1,-1
2021-05-27 15:35:17.245,16501,16502,16501,3,3
2021-05-27 15:35:18.361,16500,16502,16500,1,-1
2021-05-27 15:35:21.077,16501,16502,16502,1,1
2021-05-27 15:35:25.438,16501,16502,16501,1,-1
2021-05-27 15:35:25.451,16501,16502,16500,2,-2
2021-05-27 15:35:25.451,16501,16502,16500,3,-3
2021-05-27 15:35:25.528,16499,16500,16499,2,-2
2021-05-27 15:35:25.528,16499,16500,16499,1,-1
2021-05-27 15:35:25.744,16498,16499,16499,1,1
2021-05-27 15:35:25.769,16498,16499,16498,1,-1
2021-05-27 15:35:29.676,16499,16501,16501,3,3
2021-05-27 15:35:29.676,16499,16501,16502,1,1
2021-05-27 15:35:31.300,16500,16502,16500,2,-2
2021-05-27 15:35:31.790,16499,16501,16501,1,1
2021-05-27 15:35:35.317,16499,16501,16501,1,1
2021-05-27 15:35:35.668,16500,16502,16500,4,-4
2021-05-27 15:35:37.153,16500,16501,16501,1,1
2021-05-27 15:35:38.256,16501,16502,16502,2,2
2021-05-27 15:35:38.256,16501,16502,16502,1,1
2021-05-27 15:35:38.257,16501,16502,16502,2,2
2021-05-27 15:36:00.732,16502,16503,16502,1,-1
2021-05-27 15:36:00.732,16502,16503,16502,1,-1
2021-05-27 15:36:14.788,16502,16503,16503,5,5
2021-05-27 15:36:22.883,16503,16504,16504,2,2
2021-05-27 15:36:22.883,16503,16504,16504,2,2
2021-05-27 15:36:25.892,16504,16505,16504,1,-1
2021-05-27 15:36:30.202,16504,16505,16504,2,-2
2021-05-27 15:36:30.501,16504,16505,16504,1,-1
2021-05-27 15:36:32.348,16504,16505,16504,4,-4
2021-05-27 15:36:33.206,16503,16504,16503,1,-1
2021-05-27 15:36:34.550,16502,16504,16504,1,1
2021-05-27 15:36:36.205,16502,16504,16504,1,1
2021-05-27 15:36:49.358,16503,16504,16504,1,1
2021-05-27 15:37:01.797,16503,16504,16504,1,1
2021-05-27 15:37:28.285,16503,16504,16503,1,-1
2021-05-27 15:37:33.268,16503,16504,16503,1,-1
2021-05-27 15:37:34.179,16503,16504,16503,1,-1
2021-05-27 15:37:35.667,16503,16504,16504,2,2
2021-05-27 15:37:40.353,16503,16504,16503,2,-2
2021-05-27 15:37:41.316,16503,16504,16504,1,1
2021-05-27 15:37:50.370,16503,16504,16503,5,-5
2021-05-27 15:37:54.413,16502,16503,16503,1,1
2021-05-27 15:37:58.081,16502,16503,16502,2,-2
2021-05-27 15:37:58.082,16502,16503,16502,1,-1
2021-05-27 15:37:58.082,16502,16503,16502,1,-1
2021-05-27 15:37:58.082,16502,16503,16502,1,-1
2021-05-27 15:37:58.082,16502,16503,16502,3,-3
2021-05-27 15:37:59.759,16501,16502,16501,1,-1
2021-05-27 15:38:01.816,16500,16501,16501,1,1
2021-05-27 15:38:02.866,16500,16501,16500,1,-1
2021-05-27 15:38:02.866,16500,16501,16500,1,-1
2021-05-27 15:38:02.866,16500,16501,16500,1,-1
2021-05-27 15:38:02.866,16500,16501,16500,1,-1
2021-05-27 15:38:02.866,16500,16501,16500,4,-4
2021-05-27 15:38:02.866,16500,16501,16500,1,-1
2021-05-27 15:38:03.114,16499,16500,16499,1,-1
2021-05-27 15:38:03.114,16499,16500,16499,1,-1
2021-05-27 15:38:04.499,16498,16500,16499,1,-1
2021-05-27 15:38:04.929,16498,16500,16498,1,-1
2021-05-27 15:38:07.494,16498,16500,16498,1,-1
2021-05-27 15:38:07.816,16498,16500,16499,1,1
2021-05-27 15:38:09.282,16499,16500,16500,1,1
2021-05-27 15:38:17.341,16500,16502,16500,2,-2
2021-05-27 15:38:30.732,16500,16502,16500,1,-1
2021-05-27 15:38:31.760,16500,16502,16500,1,-1
2021-05-27 15:38:35.898,16501,16502,16501,2,2
2021-05-27 15:38:40.379,16500,16502,16501,1,-1
2021-05-27 15:38:44.900,16500,16502,16500,2,-2
2021-05-27 15:38:45.024,16500,16502,16500,1,-1
2021-05-27 15:39:00.076,16500,16502,16500,1,-1
2021-05-27 15:39:06.265,16501,16502,16501,1,1
2021-05-27 15:39:26.030,16500,16501,16500,1,-1
2021-05-27 15:39:26.373,16500,16501,16500,1,-1
2021-05-27 15:39:27.929,16500,16501,16500,1,-1
2021-05-27 15:39:28.315,16500,16501,16500,5,-5
2021-05-27 15:39:28.316,16500,16501,16500,3,-3
2021-05-27 15:39:33.905,16499,16500,16499,3,-3
2021-05-27 15:39:33.905,16499,16500,16499,2,-2
2021-05-27 15:39:33.905,16499,16500,16499,1,-1
2021-05-27 15:39:33.905,16499,16500,16499,3,-3
2021-05-27 15:39:33.905,16499,16500,16499,2,-2
2021-05-27 15:39:35.273,16498,16499,16498,13,-13
2021-05-27 15:39:36.691,16497,16498,16497,1,-1
2021-05-27 15:39:36.692,16497,16498,16497,1,-1
2021-05-27 15:39:36.692,16497,16498,16497,3,-3
2021-05-27 15:39:37.726,16496,16497,16496,13,-13
2021-05-27 15:39:37.727,16496,16497,16496,1,-1
2021-05-27 15:39:37.727,16496,16497,16496,2,-2
2021-05-27 15:39:37.910,16495,16497,16497,1,1
2021-05-27 15:39:38.199,16495,16497,16495,2,-2
2021-05-27 15:39:38.199,16495,16497,16495,1,-1
2021-05-27 15:39:38.279,16495,16496,16495,1,-1
2021-05-27 15:39:38.279,16495,16496,16495,2,-2
2021-05-27 15:39:38.280,16495,16496,16495,5,-5
2021-05-27 15:39:38.280,16495,16496,16495,1,-1
2021-05-27 15:39:38.281,16495,16496,16495,1,-1
2021-05-27 15:39:38.281,16495,16496,16495,3,-3
2021-05-27 15:39:38.495,16494,16495,16494,1,-1
2021-05-27 15:39:38.620,16494,16496,16494,4,-4
2021-05-27 15:39:38.620,16494,16496,16494,1,-1
2021-05-27 15:39:38.750,16494,16496,16494,1,-1
2021-05-27 15:39:39.195,16493,16495,16493,1,-1
2021-05-27 15:39:39.510,16493,16495,16493,1,-1
2021-05-27 15:39:39.529,16493,16495,16494,1,1
2021-05-27 15:39:39.825,16493,16495,16493,1,-1
2021-05-27 15:39:40.101,16493,16495,16493,1,-1
2021-05-27 15:39:40.398,16493,16496,16496,2,2
2021-05-27 15:39:40.615,16494,16496,16494,1,-1
2021-05-27 15:39:41.475,16494,16496,16494,1,-1
2021-05-27 15:39:41.829,16494,16496,16494,1,-1
2021-05-27 15:39:42.252,16493,16496,16496,1,1
2021-05-27 15:39:44.142,16495,16496,16496,1,1
2021-05-27 15:39:44.667,16496,16497,16496,2,-2
2021-05-27 15:39:45.850,16495,16497,16496,1,-1
2021-05-27 15:39:47.260,16495,16497,16495,1,-1
2021-05-27 15:39:47.442,16494,16497,16494,1,-1
2021-05-27 15:39:48.405,16494,16497,16494,1,-1
2021-05-27 15:39:49.630,16495,16497,16495,1,1
2021-05-27 15:39:54.369,16496,16497,16496,1,1
2021-05-27 15:39:54.933,16496,16497,16497,2,2
2021-05-27 15:39:55.922,16497,16498,16498,1,1
2021-05-27 15:39:59.205,16497,16499,16497,2,-2
2021-05-27 15:40:01.237,16495,16497,16495,1,-1
2021-05-27 15:40:01.552,16495,16497,16495,2,-2
2021-05-27 15:40:02.123,16495,16496,16495,1,-1
2021-05-27 15:40:02.139,16495,16496,16494,1,-1
2021-05-27 15:40:02.154,16494,16496,16494,1,-1
2021-05-27 15:40:04.839,16495,16498,16495,1,1
2021-05-27 15:40:06.292,16495,16497,16495,6,-6
2021-05-27 15:40:07.456,16495,16496,16495,1,-1
2021-05-27 15:40:09.187,16495,16496,16495,1,-1
2021-05-27 15:40:11.470,16495,16496,16495,1,-1
2021-05-27 15:40:11.491,16495,16496,16495,2,-2
2021-05-27 15:40:11.491,16495,16496,16494,1,-1
2021-05-27 15:40:14.784,16494,16496,16494,1,-1
2021-05-27 15:40:16.760,16494,16496,16494,1,-1
2021-05-27 15:40:17.628,16494,16496,16494,3,-3
2021-05-27 15:40:18.293,16494,16496,16496,2,2
2021-05-27 15:40:23.289,16495,16496,16496,1,1
2021-05-27 15:40:26.537,16496,16499,16496,1,-1
2021-05-27 15:40:33.627,16496,16497,16496,4,-4
2021-05-27 15:40:34.353,16496,16497,16496,1,-1
2021-05-27 15:40:36.372,16495,16496,16496,2,2
2021-05-27 15:40:37.272,16496,16497,16496,3,-3
2021-05-27 15:40:38.668,16495,16496,16496,1,1
2021-05-27 15:40:39.238,16495,16497,16495,6,-6
2021-05-27 15:40:40.185,16495,16496,16496,1,1
2021-05-27 15:40:40.615,16496,16497,16496,2,-2
2021-05-27 15:40:41.385,16495,16497,16495,1,-1
2021-05-27 15:40:41.385,16495,16497,16495,1,-1
2021-05-27 15:40:42.335,16495,16497,16496,1,1
2021-05-27 15:40:44.127,16496,16497,16497,2,2
2021-05-27 15:40:45.445,16497,16498,16498,3,3
2021-05-27 15:40:45.445,16497,16498,16498,2,2
2021-05-27 15:40:46.881,16498,16499,16499,1,1
2021-05-27 15:40:47.705,16498,16499,16499,3,3
2021-05-27 15:41:00.887,16499,16500,16499,3,-3
2021-05-27 15:41:02.479,16499,16500,16499,2,-2
2021-05-27 15:41:02.479,16499,16500,16499,2,-2
2021-05-27 15:41:02.524,16497,16499,16497,1,-1
2021-05-27 15:41:08.354,16498,16500,16498,1,1
2021-05-27 15:41:22.537,16498,16500,16500,1,1
2021-05-27 15:41:22.537,16498,16500,16500,1,1
2021-05-27 15:41:22.537,16498,16500,16500,9,9
2021-05-27 15:41:22.650,16500,16501,16500,1,-1
2021-05-27 15:41:24.493,16500,16501,16501,1,1
2021-05-27 15:41:24.525,16501,16502,16501,1,-1
2021-05-27 15:41:24.525,16501,16502,16501,1,-1
2021-05-27 15:41:25.142,16501,16502,16501,1,-1
2021-05-27 15:41:32.487,16500,16502,16501,1,-1
2021-05-27 15:41:33.671,16501,16502,16501,1,-1
2021-05-27 15:41:33.776,16500,16501,16500,1,-1
2021-05-27 15:41:33.777,16500,16501,16500,1,-1
2021-05-27 15:41:36.126,16500,16501,16501,1,1
2021-05-27 15:41:36.708,16501,16502,16502,1,1
2021-05-27 15:41:36.708,16501,16502,16502,1,1
2021-05-27 15:41:36.708,16501,16502,16502,1,1
2021-05-27 15:41:41.860,16501,16503,16501,2,-2
2021-05-27 15:41:43.523,16501,16502,16502,1,1
2021-05-27 15:41:48.168,16502,16503,16502,2,-2
2021-05-27 15:41:49.881,16501,16502,16502,1,1
2021-05-27 15:41:49.881,16501,16502,16503,4,4
2021-05-27 15:41:52.021,16501,16502,16501,1,-1
2021-05-27 15:41:54.649,16501,16502,16502,1,1
2021-05-27 15:41:56.339,16501,16502,16502,1,1
2021-05-27 15:41:56.955,16501,16502,16502,1,1
2021-05-27 15:42:02.722,16502,16503,16502,1,-1
2021-05-27 15:42:02.787,16502,16503,16502,1,-1
2021-05-27 15:42:04.006,16502,16503,16502,1,-1
2021-05-27 15:42:04.054,16501,16502,16502,1,1
2021-05-27 15:42:24.506,16502,16503,16502,1,-1
2021-05-27 15:42:25.869,16502,16503,16502,2,-2
2021-05-27 15:42:27.330,16502,16503,16502,1,-1
2021-05-27 15:42:27.331,16502,16503,16502,1,-1
2021-05-27 15:42:44.971,16502,16503,16503,1,1
2021-05-27 15:42:45.006,16502,16503,16502,1,-1
2021-05-27 15:42:45.141,16501,16503,16502,1,-1
2021-05-27 15:42:49.728,16501,16502,16501,3,-3
2021-05-27 15:43:00.910,16500,16502,16502,3,3
2021-05-27 15:43:09.313,16500,16501,16501,1,1
2021-05-27 15:43:30.883,16501,16502,16502,2,2
2021-05-27 15:43:30.883,16501,16502,16502,2,2
2021-05-27 15:43:33.260,16502,16503,16502,1,-1
2021-05-27 15:43:34.337,16502,16503,16502,1,-1
2021-05-27 15:43:34.487,16501,16502,16502,1,1
2021-05-27 15:43:35.717,16501,16502,16501,4,-4
2021-05-27 15:43:36.696,16500,16501,16501,1,1
2021-05-27 15:43:41.753,16500,16501,16501,1,1
2021-05-27 15:44:00.858,16502,16503,16502,1,1
2021-05-27 15:44:00.859,16502,16503,16502,2,-2
2021-05-27 15:44:09.333,16501,16503,16501,1,-1
2021-05-27 15:44:12.387,16502,16503,16502,1,1
2021-05-27 15:44:14.323,16502,16503,16502,1,-1
2021-05-27 15:44:14.324,16502,16503,16502,3,-3
2021-05-27 15:44:18.273,16502,16503,16503,10,10
2021-05-27 15:44:18.398,16503,16504,16504,1,1
2021-05-27 15:44:18.398,16503,16504,16504,8,8
2021-05-27 15:44:19.178,16504,16505,16505,1,1
2021-05-27 15:44:19.216,16504,16505,16505,1,1
2021-05-27 15:44:19.269,16504,16505,16505,1,1
2021-05-27 15:44:19.331,16504,16505,16505,1,1
2021-05-27 15:44:19.436,16504,16505,16505,2,2
2021-05-27 15:44:19.437,16504,16505,16505,3,3
2021-05-27 15:44:21.181,16505,16506,16505,1,-1
2021-05-27 15:44:23.636,16505,16506,16505,1,-1
2021-05-27 15:44:28.406,16504,16505,16505,1,1
2021-05-27 15:44:31.729,16505,16506,16505,1,-1
2021-05-27 15:44:34.870,16505,16506,16505,1,-1
2021-05-27 15:44:36.302,16503,16505,16505,1,1
2021-05-27 15:44:37.787,16505,16506,16505,1,-1
2021-05-27 15:44:46.663,16504,16505,16505,1,1
2021-05-27 15:44:47.653,16504,16506,16505,1,-1
2021-05-27 15:44:50.867,16505,16506,16505,3,-3
2021-05-27 15:44:53.872,16504,16506,16506,1,1
2021-05-27 15:44:53.928,16504,16505,16505,1,1
2021-05-27 15:44:54.027,16504,16505,16505,1,1
2021-05-27 15:44:54.178,16504,16506,16506,1,1
2021-05-27 15:44:54.858,16504,16505,16505,1,1
2021-05-27 15:44:55.101,16504,16505,16505,1,1
2021-05-27 15:44:55.731,16504,16506,16506,1,1
2021-05-27 15:45:00.317,16504,16505,16504,2,-2
2021-05-27 15:45:05.536,16503,16504,16504,1,1
2021-05-27 15:45:05.649,16503,16505,16503,1,-1
2021-05-27 15:45:05.650,16503,16505,16503,1,-1
2021-05-27 15:45:14.485,16504,16505,16504,1,1
2021-05-27 15:45:15.060,16503,16505,16504,1,-1
2021-05-27 15:45:15.150,16503,16505,16503,1,-1
2021-05-27 15:45:15.796,16503,16505,16505,1,1
2021-05-27 15:45:16.540,16503,16505,16503,1,-1
2021-05-27 15:45:22.595,16503,16504,16504,1,1
2021-05-27 15:45:22.650,16503,16505,16503,1,-1
2021-05-27 15:45:30.282,16503,16504,16503,8,-8
2021-05-27 15:45:34.690,16502,16503,16502,1,-1
2021-05-27 15:45:34.690,16502,16503,16502,1,-1
2021-05-27 15:45:34.775,16502,16503,16502,1,-1
2021-05-27 15:45:34.776,16502,16503,16502,1,-1
2021-05-27 15:45:35.555,16501,16503,16501,1,-1
2021-05-27 15:45:35.555,16501,16503,16501,1,-1
2021-05-27 15:45:47.112,16501,16502,16502,1,1
2021-05-27 15:45:48.195,16502,16503,16503,1,1
2021-05-27 15:45:54.569,16502,16503,16503,1,1
2021-05-27 15:45:55.637,16502,16503,16502,1,-1
2021-05-27 15:46:02.367,16501,16503,16503,1,1
2021-05-27 15:46:04.648,16502,16503,16502,1,-1
2021-05-27 15:46:05.467,16502,16503,16502,1,-1
2021-05-27 15:46:05.655,16502,16503,16502,1,-1
2021-05-27 15:46:22.106,16502,16504,16503,1,1
2021-05-27 15:46:39.374,16503,16504,16504,3,3
2021-05-27 15:46:44.766,16504,16505,16505,2,2
2021-05-27 15:46:44.766,16504,16505,16505,1,1
2021-05-27 15:46:52.484,16504,16505,16505,1,1
2021-05-27 15:46:52.485,16504,16505,16505,1,1
2021-05-27 15:46:56.498,16504,16506,16506,1,1
2021-05-27 15:46:58.245,16504,16506,16506,1,1
2021-05-27 15:47:04.535,16505,16506,16506,1,1
2021-05-27 15:47:05.718,16505,16506,16506,1,1
2021-05-27 15:47:08.911,16504,16506,16505,1,-1
2021-05-27 15:47:11.643,16505,16506,16505,1,-1
2021-05-27 15:47:11.807,16504,16505,16505,1,1
2021-05-27 15:47:17.052,16505,16506,16505,2,-2
2021-05-27 15:47:19.384,16504,16506,16504,2,-2
2021-05-27 15:47:22.457,16505,16506,16505,1,1
2021-05-27 15:47:23.138,16504,16506,16504,1,-1
2021-05-27 15:47:35.163,16504,16505,16505,3,3
2021-05-27 15:47:43.387,16505,16506,16506,1,1
2021-05-27 15:47:45.310,16505,16506,16505,5,-5
2021-05-27 15:47:49.532,16504,16505,16505,1,1
2021-05-27 15:47:50.366,16504,16505,16505,1,1
2021-05-27 15:47:58.424,16504,16505,16505,3,3
2021-05-27 15:48:01.060,16504,16506,16504,1,-1
2021-05-27 15:48:10.216,16505,16506,16505,1,1
2021-05-27 15:48:15.828,16504,16506,16504,1,-1
2021-05-27 15:48:27.567,16504,16505,16505,1,1
2021-05-27 15:48:34.934,16505,16506,16505,1,-1
2021-05-27 15:48:39.396,16504,16505,16504,1,-1
2021-05-27 15:48:41.340,16503,16505,16504,1,-1
2021-05-27 15:48:50.847,16504,16505,16504,2,-2
2021-05-27 15:48:53.325,16503,16504,16504,1,1
2021-05-27 15:48:56.419,16503,16505,16503,1,-1
2021-05-27 15:49:04.949,16503,16504,16503,2,-2
2021-05-27 15:49:04.950,16503,16504,16503,5,-5
2021-05-27 15:49:09.398,16503,16504,16503,1,-1
2021-05-27 15:49:32.448,16503,16504,16504,2,2
2021-05-27 15:49:41.046,16504,16505,16504,1,-1
2021-05-27 15:49:45.096,16504,16505,16504,1,-1
2021-05-27 15:49:54.109,16504,16505,16505,5,5
2021-05-27 15:50:04.230,16504,16505,16505,1,1
2021-05-27 15:50:22.304,16505,16506,16505,1,-1
2021-05-27 15:50:40.425,16504,16505,16505,2,2
2021-05-27 15:50:42.638,16505,16506,16505,1,-1
2021-05-27 15:50:44.898,16505,16506,16505,1,-1
2021-05-27 15:51:13.017,16504,16505,16504,1,-1
2021-05-27 15:51:26.812,16504,16505,16504,1,-1
2021-05-27 15:51:35.463,16504,16505,16504,1,-1
2021-05-27 15:51:47.603,16504,16505,16504,2,-2
2021-05-27 15:52:06.505,16503,16504,16504,1,1
2021-05-27 15:52:06.508,16503,16504,16504,2,2
2021-05-27 15:52:06.508,16503,16504,16504,2,2
2021-05-27 15:52:06.523,16504,16505,16505,1,1
2021-05-27 15:52:06.525,16504,16505,16505,2,2
2021-05-27 15:52:06.791,16505,16506,16505,2,-2
2021-05-27 15:52:19.218,16503,16505,16505,6,6
2021-05-27 15:52:19.219,16503,16505,16505,3,3
2021-05-27 15:52:25.142,16504,16505,16504,2,-2
2021-05-27 15:52:32.444,16503,16504,16503,1,-1
2021-05-27 15:52:32.445,16503,16504,16503,1,-1
2021-05-27 15:52:32.446,16503,16504,16503,3,-3
2021-05-27 15:52:32.737,16502,16504,16502,1,-1
2021-05-27 15:52:38.022,16502,16503,16503,1,1
2021-05-27 15:53:01.408,16503,16504,16503,1,-1
2021-05-27 15:53:10.886,16503,16504,16503,1,-1
2021-05-27 15:53:13.217,16502,16504,16503,1,-1
2021-05-27 15:53:13.218,16502,16504,16503,1,-1
2021-05-27 15:53:20.286,16502,16503,16502,8,-8
2021-05-27 15:53:24.910,16501,16502,16501,2,-2
2021-05-27 15:53:24.911,16501,16502,16501,9,-9
2021-05-27 15:53:24.911,16501,16502,16501,1,-1
2021-05-27 15:53:24.911,16501,16502,16501,1,-1
2021-05-27 15:53:24.911,16501,16502,16501,3,-3
2021-05-27 15:53:24.911,16501,16502,16501,3,-3
2021-05-27 15:53:24.911,16501,16502,16501,10,-10
2021-05-27 15:53:24.911,16501,16502,16501,3,-3
2021-05-27 15:53:27.635,16500,16501,16500,1,-1
2021-05-27 15:53:27.636,16500,16501,16500,1,-1
2021-05-27 15:53:34.314,16500,16501,16501,1,1
2021-05-27 15:53:34.398,16501,16502,16501,1,-1
2021-05-27 15:53:38.240,16500,16502,16500,1,-1
2021-05-27 15:53:40.228,16501,16502,16502,9,9
2021-05-27 15:53:52.143,16502,16503,16502,1,-1
2021-05-27 15:53:57.829,16501,16502,16502,1,1
2021-05-27 15:53:57.829,16501,16502,16502,1,1
2021-05-27 15:54:03.500,16501,16502,16502,1,1
2021-05-27 15:54:04.045,16501,16503,16501,7,-7
2021-05-27 15:54:04.271,16501,16503,16501,1,-1
2021-05-27 15:54:05.059,16501,16503,16501,3,-3
2021-05-27 15:54:06.059,16501,16503,16501,1,-1
2021-05-27 15:54:09.311,16502,16503,16503,1,1
2021-05-27 15:54:09.311,16502,16503,16503,5,5
2021-05-27 15:54:11.122,16502,16504,16503,1,-1
2021-05-27 15:54:20.946,16503,16504,16504,3,3
2021-05-27 15:54:20.946,16503,16504,16504,1,1
2021-05-27 15:54:20.946,16503,16504,16504,3,3
2021-05-27 15:54:28.824,16504,16505,16505,1,1
2021-05-27 15:54:31.163,16504,16505,16505,2,2
2021-05-27 15:54:32.301,16504,16505,16505,2,2
2021-05-27 15:54:39.645,16504,16505,16504,1,-1
2021-05-27 15:54:59.597,16503,16505,16505,2,2
2021-05-27 15:55:07.836,16502,16503,16503,1,1
2021-05-27 15:55:08.820,16502,16503,16502,1,-1
2021-05-27 15:55:47.506,16501,16502,16501,1,-1
2021-05-27 15:55:50.875,16500,16502,16500,1,-1
2021-05-27 15:55:51.492,16500,16502,16502,1,1
2021-05-27 15:56:14.733,16501,16502,16502,1,1
2021-05-27 15:56:14.733,16501,16502,16502,1,1
2021-05-27 15:56:28.358,16502,16503,16503,1,1
2021-05-27 15:56:28.358,16502,16503,16503,1,1
2021-05-27 15:56:28.358,16502,16503,16503,3,3
2021-05-27 15:56:37.398,16502,16503,16502,3,-3
2021-05-27 15:56:56.101,16502,16503,16502,1,-1
2021-05-27 15:57:09.652,16502,16503,16503,1,1
2021-05-27 15:57:09.652,16502,16503,16503,4,4
2021-05-27 15:57:20.027,16503,16504,16504,28,28
2021-05-27 15:57:20.028,16503,16504,16505,2,2
2021-05-27 15:57:24.329,16504,16505,16505,3,3
2021-05-27 15:57:34.746,16505,16506,16505,1,-1
2021-05-27 15:57:36.509,16505,16506,16505,2,-2
2021-05-27 15:57:37.459,16504,16505,16504,1,-1
2021-05-27 15:58:15.898,16503,16504,16504,1,1
2021-05-27 15:58:32.115,16503,16504,16504,1,1
2021-05-27 15:58:34.751,16503,16504,16504,1,1
2021-05-27 15:58:49.494,16504,16505,16505,5,5
2021-05-27 15:58:49.495,16504,16505,16505,1,1
2021-05-27 15:58:49.495,16504,16505,16505,1,1
2021-05-27 15:58:49.495,16504,16505,16505,2,2
2021-05-27 15:59:06.928,16505,16506,16505,1,-1
2021-05-27 15:59:07.383,16504,16505,16505,1,1
2021-05-27 15:59:21.958,16505,16506,16506,1,1
2021-05-27 15:59:38.691,16505,16506,16506,1,1
2021-05-27 15:59:48.778,16505,16506,16506,1,1
2021-05-27 15:59:49.112,16505,16506,16506,3,3
2021-05-27 15:59:53.978,16505,16506,16506,1,1
2021-05-27 15:59:54.079,16505,16506,16505,1,-1
2021-05-27 15:59:54.079,16505,16506,16505,5,-5
2021-05-27 15:59:54.080,16505,16506,16505,2,-2
2021-05-27 15:59:54.833,16504,16505,16505,1,1
2021-05-27 16:00:00.079,16504,16505,16505,2,2
2021-05-27 16:00:00.180,16504,16505,16504,1,-1
2021-05-27 16:00:00.376,16504,16505,16504,1,-1
2021-05-27 16:00:00.403,16504,16505,16505,1,1
2021-05-27 16:00:00.403,16504,16505,16505,1,1
2021-05-27 16:00:00.412,16504,16505,16506,1,1
2021-05-27 16:00:00.415,16504,16505,16505,1,1
2021-05-27 16:00:00.437,16504,16505,16506,2,2
2021-05-27 16:00:00.437,16504,16505,16506,1,1
2021-05-27 16:00:00.472,16504,16505,16507,1,1
2021-05-27 16:00:00.499,16504,16505,16507,1,1
2021-05-27 16:00:00.499,16504,16505,16507,1,1
2021-05-27 16:00:00.500,16504,16505,16507,1,1
2021-05-27 16:00:00.537,16506,16507,16507,1,1
2021-05-27 16:00:00.570,16506,16507,16507,1,1
2021-05-27 16:00:00.611,16506,16507,16508,1,1
2021-05-27 16:00:00.768,16507,16508,16507,1,-1
2021-05-27 16:00:00.872,16506,16508,16506,1,-1
2021-05-27 16:00:00.891,16506,16508,16508,2,2
2021-05-27 16:00:00.955,16506,16508,16508,1,1
2021-05-27 16:00:00.990,16506,16508,16506,4,-4
2021-05-27 16:00:01.058,16506,16507,16506,1,-1
2021-05-27 16:00:01.301,16505,16507,16507,1,1
2021-05-27 16:00:01.301,16505,16507,16508,4,4
2021-05-27 16:00:01.908,16506,16508,16508,3,3
2021-05-27 16:00:02.200,16506,16508,16508,1,1
2021-05-27 16:00:07.268,16508,16509,16509,4,4
2021-05-27 16:00:07.269,16508,16509,16509,3,3
2021-05-27 16:00:07.860,16508,16510,16510,1,1
2021-05-27 16:00:07.920,16508,16510,16510,1,1
2021-05-27 16:00:08.900,16508,16509,16509,1,1
2021-05-27 16:00:13.175,16509,16510,16510,1,1
2021-05-27 16:00:14.208,16509,16510,16510,2,2
2021-05-27 16:00:15.960,16509,16510,16509,1,-1
2021-05-27 16:00:17.546,16509,16510,16510,2,2
2021-05-27 16:00:17.547,16509,16510,16510,1,1
2021-05-27 16:00:17.547,16509,16510,16510,6,6
2021-05-27 16:00:17.547,16509,16510,16510,1,1
2021-05-27 16:00:17.547,16509,16510,16510,2,2
2021-05-27 16:00:17.547,16509,16510,16510,2,2
2021-05-27 16:00:18.731,16510,16511,16510,1,-1
2021-05-27 16:00:18.731,16510,16511,16509,1,-1
2021-05-27 16:00:19.731,16510,16511,16510,1,1
2021-05-27 16:00:24.422,16509,16510,16510,1,1
2021-05-27 16:00:25.810,16509,16510,16509,2,-2
2021-05-27 16:00:25.886,16509,16510,16509,2,-2
2021-05-27 16:00:26.157,16508,16510,16510,1,1
2021-05-27 16:00:28.615,16508,16509,16509,1,1
2021-05-27 16:00:35.519,16509,16510,16510,3,3
2021-05-27 16:00:35.519,16509,16510,16511,7,7
2021-05-27 16:00:39.874,16510,16511,16510,1,-1
2021-05-27 16:00:40.139,16509,16510,16510,1,1
2021-05-27 16:00:42.043,16509,16511,16509,1,-1
2021-05-27 16:00:44.189,16510,16511,16511,2,2
2021-05-27 16:00:47.876,16510,16511,16511,1,1
2021-05-27 16:00:48.272,16510,16511,16511,3,3
2021-05-27 16:00:48.798,16510,16511,16510,2,-2
2021-05-27 16:00:49.020,16509,16510,16510,1,1
2021-05-27 16:00:52.372,16510,16511,16510,1,-1
2021-05-27 16:00:52.459,16510,16511,16510,1,-1
2021-05-27 16:00:53.951,16509,16510,16510,5,5
2021-05-27 16:00:56.304,16510,16511,16511,1,1
2021-05-27 16:01:01.773,16510,16511,16511,4,4
2021-05-27 16:01:07.036,16510,16511,16510,1,-1
2021-05-27 16:01:09.048,16510,16511,16510,2,-2
2021-05-27 16:01:11.194,16509,16511,16511,3,3
2021-05-27 16:01:13.109,16510,16511,16511,1,1
2021-05-27 16:01:14.922,16510,16511,16510,1,-1
2021-05-27 16:01:17.406,16510,16511,16511,8,8
2021-05-27 16:01:18.206,16511,16512,16511,1,-1
2021-05-27 16:01:23.297,16511,16512,16511,1,-1
2021-05-27 16:01:29.123,16510,16511,16510,1,-1
2021-05-27 16:01:29.123,16510,16511,16510,1,-1
2021-05-27 16:01:29.123,16510,16511,16510,4,-4
2021-05-27 16:01:29.123,16510,16511,16510,1,-1
2021-05-27 16:01:29.123,16510,16511,16510,1,-1
2021-05-27 16:01:29.123,16510,16511,16510,1,-1
2021-05-27 16:01:29.123,16510,16511,16510,2,-2
2021-05-27 16:01:29.123,16510,16511,16510,1,-1
2021-05-27 16:01:29.123,16510,16511,16510,14,-14
2021-05-27 16:01:29.123,16510,16511,16510,3,-3
2021-05-27 16:01:29.123,16510,16511,16510,1,-1
2021-05-27 16:01:29.201,16509,16510,16509,2,-2
2021-05-27 16:01:29.201,16509,16510,16509,8,-8
2021-05-27 16:01:29.397,16508,16509,16508,1,-1
2021-05-27 16:01:35.520,16509,16510,16510,2,2
2021-05-27 16:01:39.873,16510,16511,16511,1,1
2021-05-27 16:01:40.018,16510,16512,16510,1,-1
2021-05-27 16:01:43.484,16511,16512,16511,1,1
2021-05-27 16:01:46.908,16510,16512,16512,1,1
2021-05-27 16:01:47.070,16510,16512,16512,1,1
2021-05-27 16:01:49.105,16510,16512,16512,1,1
2021-05-27 16:02:05.804,16511,16512,16511,1,-1
2021-05-27 16:02:06.408,16510,16511,16511,1,1
2021-05-27 16:02:11.149,16510,16511,16511,1,1
2021-05-27 16:02:11.533,16510,16512,16511,1,-1
2021-05-27 16:02:16.742,16511,16512,16512,19,19
2021-05-27 16:02:16.744,16511,16512,16513,7,7
2021-05-27 16:02:22.347,16513,16514,16513,2,-2
2021-05-27 16:02:22.353,16513,16514,16513,2,-2
2021-05-27 16:02:22.353,16513,16514,16513,2,-2
2021-05-27 16:02:23.192,16512,16514,16514,1,1
2021-05-27 16:02:28.521,16512,16513,16513,1,1
2021-05-27 16:02:28.521,16512,16513,16513,2,2
2021-05-27 16:02:33.785,16513,16514,16513,1,-1
2021-05-27 16:02:34.078,16513,16514,16514,3,3
2021-05-27 16:02:34.079,16513,16514,16514,5,5
2021-05-27 16:02:34.079,16513,16514,16514,2,2
2021-05-27 16:02:34.079,16513,16514,16514,1,1
2021-05-27 16:02:36.756,16513,16514,16513,4,-4
2021-05-27 16:02:39.795,16512,16513,16513,2,2
2021-05-27 16:02:39.795,16512,16513,16514,3,3
2021-05-27 16:03:02.386,16513,16514,16514,1,1
2021-05-27 16:03:03.008,16513,16514,16514,1,1
2021-05-27 16:03:03.008,16513,16514,16514,2,2
2021-05-27 16:03:03.008,16513,16514,16514,3,3
2021-05-27 16:03:03.032,16514,16515,16515,5,5
2021-05-27 16:03:03.032,16514,16515,16515,1,1
2021-05-27 16:03:03.032,16514,16515,16515,3,3
2021-05-27 16:03:03.032,16514,16515,16515,1,1
2021-05-27 16:03:03.032,16514,16515,16515,8,8
2021-05-27 16:03:03.167,16514,16516,16516,2,2
2021-05-27 16:03:03.167,16514,16516,16516,2,2
2021-05-27 16:03:03.310,16514,16516,16516,1,1
2021-05-27 16:03:03.527,16514,16516,16516,2,2
2021-05-27 16:03:03.552,16514,16516,16516,2,2
2021-05-27 16:03:04.982,16515,16516,16516,1,1
2021-05-27 16:03:05.033,16515,16516,16516,1,1
2021-05-27 16:03:05.053,16515,16516,16516,1,1
2021-05-27 16:03:05.058,16515,16516,16516,1,1
2021-05-27 16:03:05.059,16515,16516,16516,1,1
2021-05-27 16:03:05.059,16515,16516,16516,1,1
2021-05-27 16:03:05.138,16515,16516,16516,1,1
2021-05-27 16:03:05.146,16515,16516,16517,4,4
2021-05-27 16:03:05.420,16516,16517,16517,1,1
2021-05-27 16:03:05.428,16516,16517,16517,2,2
2021-05-27 16:03:05.540,16516,16517,16517,1,1
2021-05-27 16:03:05.966,16516,16517,16517,1,1
2021-05-27 16:03:06.056,16516,16517,16516,1,-1
2021-05-27 16:03:07.879,16515,16516,16516,2,2
2021-05-27 16:03:08.249,16515,16516,16516,1,1
2021-05-27 16:03:10.965,16516,16517,16516,1,-1
2021-05-27 16:03:11.066,16515,16516,16516,1,1
2021-05-27 16:03:12.850,16515,16517,16517,2,2
2021-05-27 16:03:16.183,16516,16517,16516,1,-1
2021-05-27 16:03:16.183,16516,16517,16516,1,-1
2021-05-27 16:03:18.569,16515,16516,16516,1,1
2021-05-27 16:03:23.136,16516,16517,16516,1,-1
2021-05-27 16:03:23.855,16515,16516,16515,2,-2
2021-05-27 16:03:28.140,16515,16516,16515,1,-1
2021-05-27 16:03:35.043,16514,16515,16514,2,-2
2021-05-27 16:03:35.904,16514,16515,16515,1,1
2021-05-27 16:03:35.992,16514,16515,16515,1,1
2021-05-27 16:03:37.780,16514,16515,16514,1,-1
2021-05-27 16:03:42.788,16514,16516,16516,1,1
2021-05-27 16:03:50.622,16515,16516,16516,4,4
2021-05-27 16:03:50.622,16515,16516,16516,1,1
2021-05-27 16:03:50.622,16515,16516,16516,2,2
2021-05-27 16:03:50.622,16515,16516,16516,1,1
2021-05-27 16:04:01.249,16515,16516,16516,1,1
2021-05-27 16:04:01.250,16515,16516,16516,1,1
2021-05-27 16:04:04.431,16515,16516,16515,1,-1
2021-05-27 16:04:04.431,16515,16516,16515,1,-1
2021-05-27 16:04:05.131,16514,16516,16514,1,-1
2021-05-27 16:04:06.874,16514,16516,16514,1,-1
2021-05-27 16:04:12.178,16514,16516,16514,2,-2
2021-05-27 16:04:12.659,16514,16515,16515,1,1
2021-05-27 16:04:19.480,16514,16515,16515,1,1
