2022-09-26 15:00:00.024,13762,13764,13763,65,65
2022-09-26 15:00:00.026,13763,13764,13763,1,-1
2022-09-26 15:00:00.043,13763,13764,13764,1,1
2022-09-26 15:00:00.143,13763,13764,13764,3,3
2022-09-26 15:00:00.149,13763,13764,13764,1,1
2022-09-26 15:00:00.267,13763,13764,13764,4,4
2022-09-26 15:00:00.267,13763,13764,13765,6,6
2022-09-26 15:00:00.481,13764,13765,13763,2,-2
2022-09-26 15:00:00.506,13763,13765,13763,1,-1
2022-09-26 15:00:00.506,13763,13765,13763,1,-1
2022-09-26 15:00:00.513,13763,13765,13763,1,-1
2022-09-26 15:00:00.593,13763,13765,13764,1,-1
2022-09-26 15:00:00.629,13763,13765,13764,1,-1
2022-09-26 15:00:00.674,13763,13765,13763,1,-1
2022-09-26 15:00:00.674,13763,13765,13764,1,-1
2022-09-26 15:00:00.858,13762,13764,13764,1,1
2022-09-26 15:00:00.874,13762,13765,13765,3,3
2022-09-26 15:00:00.943,13762,13765,13766,3,3
2022-09-26 15:00:01.016,13765,13767,13767,1,1
2022-09-26 15:00:01.037,13765,13767,13766,2,2
2022-09-26 15:00:01.067,13765,13767,13766,1,1
2022-09-26 15:00:01.153,13766,13768,13767,2,2
2022-09-26 15:00:01.516,13766,13768,13768,3,3
2022-09-26 15:00:01.516,13766,13768,13769,1,1
2022-09-26 15:00:02.192,13767,13769,13767,1,-1
2022-09-26 15:00:02.261,13767,13769,13767,1,-1
2022-09-26 15:00:02.286,13767,13769,13767,2,-2
2022-09-26 15:00:02.847,13766,13768,13768,1,1
2022-09-26 15:00:03.221,13766,13768,13768,4,4
2022-09-26 15:00:03.292,13767,13769,13769,5,5
2022-09-26 15:00:03.356,13767,13769,13770,7,7
2022-09-26 15:00:03.792,13769,13771,13771,5,5
2022-09-26 15:00:04.047,13770,13771,13770,2,-2
2022-09-26 15:00:04.099,13770,13771,13770,1,-1
2022-09-26 15:00:04.173,13770,13771,13771,1,1
2022-09-26 15:00:04.601,13770,13771,13771,1,1
2022-09-26 15:00:04.618,13770,13771,13771,8,8
2022-09-26 15:00:04.915,13772,13773,13773,2,2
2022-09-26 15:00:05.000,13773,13775,13773,1,-1
2022-09-26 15:00:05.001,13773,13775,13775,4,4
2022-09-26 15:00:05.003,13773,13775,13776,1,1
2022-09-26 15:00:05.113,13773,13775,13774,2,2
2022-09-26 15:00:05.144,13773,13776,13773,3,-3
2022-09-26 15:00:05.144,13773,13776,13772,3,-3
2022-09-26 15:00:05.147,13773,13776,13774,2,-2
2022-09-26 15:00:05.149,13773,13776,13773,1,-1
2022-09-26 15:00:05.205,13773,13776,13774,5,-5
2022-09-26 15:00:05.282,13773,13775,13775,2,2
2022-09-26 15:00:05.357,13773,13775,13775,5,5
2022-09-26 15:00:05.375,13774,13776,13774,1,-1
2022-09-26 15:00:05.595,13774,13776,13774,1,-1
2022-09-26 15:00:05.596,13774,13776,13774,1,-1
2022-09-26 15:00:06.018,13774,13776,13774,1,-1
2022-09-26 15:00:06.019,13774,13776,13773,3,-3
2022-09-26 15:00:06.144,13772,13774,13772,1,-1
2022-09-26 15:00:06.269,13771,13773,13771,2,-2
2022-09-26 15:00:06.269,13771,13773,13771,1,-1
2022-09-26 15:00:06.339,13771,13773,13770,1,-1
2022-09-26 15:00:07.256,13772,13774,13772,1,-1
2022-09-26 15:00:07.395,13772,13773,13772,1,-1
2022-09-26 15:00:07.728,13771,13772,13774,1,1
2022-09-26 15:00:08.429,13774,13776,13774,1,-1
2022-09-26 15:00:08.430,13774,13776,13774,1,-1
2022-09-26 15:00:08.688,13773,13774,13773,1,-1
2022-09-26 15:00:08.878,13772,13773,13772,1,-1
2022-09-26 15:00:08.908,13772,13773,13771,1,-1
2022-09-26 15:00:09.204,13770,13772,13770,1,-1
2022-09-26 15:00:09.618,13771,13772,13772,2,2
2022-09-26 15:00:09.619,13771,13772,13772,3,3
2022-09-26 15:00:09.799,13773,13775,13773,1,-1
2022-09-26 15:00:10.246,13773,13775,13773,1,-1
2022-09-26 15:00:10.439,13771,13773,13771,1,-1
2022-09-26 15:00:10.621,13770,13771,13771,1,1
2022-09-26 15:00:11.127,13770,13772,13770,2,-2
2022-09-26 15:00:11.354,13770,13771,13770,1,-1
2022-09-26 15:00:11.461,13770,13771,13770,1,-1
2022-09-26 15:00:11.750,13770,13771,13771,1,1
2022-09-26 15:00:11.873,13770,13771,13770,1,-1
2022-09-26 15:00:11.930,13770,13771,13770,1,-1
2022-09-26 15:00:12.133,13768,13770,13770,1,1
2022-09-26 15:00:12.699,13769,13771,13771,2,2
2022-09-26 15:00:13.007,13769,13771,13771,3,3
2022-09-26 15:00:13.845,13770,13772,13772,1,1
2022-09-26 15:00:14.312,13771,13773,13773,3,3
2022-09-26 15:00:14.439,13773,13774,13774,1,1
2022-09-26 15:00:14.673,13774,13775,13775,2,2
2022-09-26 15:00:14.673,13774,13775,13775,1,1
2022-09-26 15:00:14.916,13775,13776,13776,3,3
2022-09-26 15:00:15.408,13775,13776,13776,3,3
2022-09-26 15:00:15.625,13776,13777,13776,1,-1
2022-09-26 15:00:15.664,13776,13777,13776,1,-1
2022-09-26 15:00:15.741,13776,13777,13776,9,-9
2022-09-26 15:00:15.926,13775,13777,13775,1,-1
2022-09-26 15:00:15.927,13775,13777,13775,1,-1
2022-09-26 15:00:16.337,13775,13777,13775,1,-1
2022-09-26 15:00:16.923,13774,13776,13774,1,-1
2022-09-26 15:00:17.546,13774,13776,13776,7,7
2022-09-26 15:00:18.518,13775,13776,13775,5,-5
2022-09-26 15:00:18.520,13775,13776,13775,5,-5
2022-09-26 15:00:18.870,13774,13775,13774,1,-1
2022-09-26 15:00:18.870,13774,13775,13774,2,-2
2022-09-26 15:00:18.870,13774,13775,13774,3,-3
2022-09-26 15:00:18.980,13774,13775,13775,2,2
2022-09-26 15:00:19.190,13773,13775,13773,1,-1
2022-09-26 15:00:20.182,13774,13775,13774,1,-1
2022-09-26 15:00:20.253,13773,13774,13773,4,-4
2022-09-26 15:00:20.842,13772,13773,13772,1,-1
2022-09-26 15:00:21.002,13771,13773,13773,4,4
2022-09-26 15:00:21.002,13771,13773,13774,9,9
2022-09-26 15:00:21.290,13773,13774,13773,1,-1
2022-09-26 15:00:21.813,13771,13773,13773,3,3
2022-09-26 15:00:21.826,13771,13773,13773,1,1
2022-09-26 15:00:21.826,13771,13773,13774,4,4
2022-09-26 15:00:22.044,13771,13774,13774,6,6
2022-09-26 15:00:22.044,13771,13774,13775,5,5
2022-09-26 15:00:22.174,13772,13774,13772,1,-1
2022-09-26 15:00:22.433,13772,13774,13774,5,5
2022-09-26 15:00:22.567,13772,13775,13774,1,1
2022-09-26 15:00:22.567,13772,13775,13775,1,1
2022-09-26 15:00:23.596,13773,13775,13775,1,1
2022-09-26 15:00:24.133,13772,13774,13772,1,-1
2022-09-26 15:00:25.140,13774,13775,13775,2,2
2022-09-26 15:00:25.549,13775,13776,13776,3,3
2022-09-26 15:00:25.829,13776,13777,13777,1,1
2022-09-26 15:00:25.847,13776,13777,13776,1,-1
2022-09-26 15:00:26.200,13776,13777,13776,1,-1
2022-09-26 15:00:26.294,13776,13777,13776,3,-3
2022-09-26 15:00:27.322,13775,13776,13775,5,-5
2022-09-26 15:00:27.323,13775,13776,13775,6,-6
2022-09-26 15:00:27.327,13775,13776,13775,1,-1
2022-09-26 15:00:29.014,13775,13776,13775,1,-1
2022-09-26 15:00:29.936,13775,13776,13776,5,5
2022-09-26 15:00:30.026,13776,13777,13776,1,-1
2022-09-26 15:00:30.626,13776,13777,13776,1,-1
2022-09-26 15:00:30.848,13776,13777,13776,1,-1
2022-09-26 15:00:31.034,13776,13777,13777,1,1
2022-09-26 15:00:31.039,13776,13777,13777,9,9
2022-09-26 15:00:31.476,13777,13778,13777,1,-1
2022-09-26 15:00:31.550,13777,13778,13778,1,1
2022-09-26 15:00:31.550,13777,13778,13778,1,1
2022-09-26 15:00:31.550,13777,13778,13778,3,3
2022-09-26 15:00:32.056,13778,13779,13778,1,-1
2022-09-26 15:00:32.056,13778,13779,13778,4,-4
2022-09-26 15:00:33.465,13777,13778,13778,1,1
2022-09-26 15:00:33.767,13778,13779,13778,1,-1
2022-09-26 15:00:33.767,13778,13779,13777,2,-2
2022-09-26 15:00:34.388,13778,13779,13779,1,1
2022-09-26 15:00:34.389,13778,13779,13779,1,1
2022-09-26 15:00:34.389,13778,13779,13779,4,4
2022-09-26 15:00:35.368,13779,13780,13780,2,2
2022-09-26 15:00:35.368,13779,13780,13780,3,3
2022-09-26 15:00:35.368,13779,13780,13780,5,5
2022-09-26 15:00:36.002,13780,13781,13780,1,-1
2022-09-26 15:00:36.069,13780,13781,13780,3,-3
2022-09-26 15:00:36.070,13780,13781,13780,7,-7
2022-09-26 15:00:36.787,13778,13780,13780,2,2
2022-09-26 15:00:36.961,13778,13781,13781,2,2
2022-09-26 15:00:37.047,13779,13781,13779,1,-1
2022-09-26 15:00:37.066,13779,13781,13781,1,1
2022-09-26 15:00:37.092,13779,13781,13781,2,2
2022-09-26 15:00:37.092,13779,13781,13782,4,4
2022-09-26 15:00:38.028,13781,13782,13781,1,-1
2022-09-26 15:00:38.334,13781,13782,13782,2,2
2022-09-26 15:00:39.853,13782,13784,13782,1,-1
2022-09-26 15:00:41.313,13781,13783,13783,1,1
2022-09-26 15:00:41.386,13781,13783,13783,1,1
2022-09-26 15:00:42.578,13781,13782,13782,1,1
2022-09-26 15:00:42.578,13781,13782,13783,1,1
2022-09-26 15:00:42.746,13781,13783,13781,1,-1
2022-09-26 15:00:44.403,13782,13783,13783,1,1
2022-09-26 15:00:44.404,13782,13783,13783,1,1
2022-09-26 15:00:46.494,13782,13783,13782,7,-7
2022-09-26 15:00:47.738,13780,13782,13781,1,-1
2022-09-26 15:00:48.997,13780,13782,13782,3,3
2022-09-26 15:00:50.011,13782,13783,13783,3,3
2022-09-26 15:00:50.742,13783,13784,13784,1,1
2022-09-26 15:00:50.742,13783,13784,13784,1,1
2022-09-26 15:00:50.742,13783,13784,13784,4,4
2022-09-26 15:00:50.742,13783,13784,13784,5,5
2022-09-26 15:00:50.742,13783,13784,13784,2,2
2022-09-26 15:00:51.318,13784,13785,13785,4,4
2022-09-26 15:00:51.320,13784,13785,13785,6,6
2022-09-26 15:00:51.368,13784,13785,13785,1,1
2022-09-26 15:00:51.381,13784,13785,13786,1,1
2022-09-26 15:00:51.695,13786,13787,13786,1,-1
2022-09-26 15:00:51.821,13786,13787,13787,2,2
2022-09-26 15:00:51.848,13786,13787,13788,1,1
2022-09-26 15:00:51.963,13786,13788,13788,5,5
2022-09-26 15:00:51.972,13786,13788,13789,1,1
2022-09-26 15:00:51.978,13786,13788,13789,1,1
2022-09-26 15:00:51.982,13786,13788,13789,1,1
2022-09-26 15:00:52.019,13788,13790,13790,1,1
2022-09-26 15:00:52.109,13788,13790,13790,4,4
2022-09-26 15:00:52.417,13790,13792,13790,1,-1
2022-09-26 15:00:52.508,13790,13792,13792,2,2
2022-09-26 15:00:52.756,13790,13792,13790,4,-4
2022-09-26 15:00:53.325,13789,13790,13789,2,-2
2022-09-26 15:00:53.325,13789,13790,13789,1,-1
2022-09-26 15:00:54.889,13785,13787,13785,1,-1
2022-09-26 15:00:59.063,13786,13788,13786,1,-1
2022-09-26 15:00:59.136,13786,13788,13788,1,1
2022-09-26 15:00:59.320,13786,13788,13788,3,3
2022-09-26 15:00:59.514,13787,13789,13789,3,3
2022-09-26 15:00:59.517,13787,13789,13790,1,1
2022-09-26 15:00:59.517,13787,13789,13790,4,4
2022-09-26 15:00:59.718,13789,13791,13791,6,6
2022-09-26 15:01:00.041,13790,13792,13792,3,3
2022-09-26 15:01:00.055,13790,13792,13792,1,1
2022-09-26 15:01:00.059,13790,13792,13793,1,1
2022-09-26 15:01:00.084,13790,13792,13793,1,1
2022-09-26 15:01:00.091,13790,13792,13791,1,1
2022-09-26 15:01:00.126,13791,13793,13793,2,2
2022-09-26 15:01:00.126,13791,13793,13793,1,1
2022-09-26 15:01:00.126,13791,13793,13793,1,1
2022-09-26 15:01:00.128,13791,13793,13793,1,1
2022-09-26 15:01:00.129,13791,13793,13793,1,1
2022-09-26 15:01:00.142,13791,13793,13793,6,6
2022-09-26 15:01:00.174,13791,13793,13793,3,3
2022-09-26 15:01:00.193,13791,13793,13792,1,1
2022-09-26 15:01:00.275,13792,13793,13793,1,1
2022-09-26 15:01:00.511,13793,13795,13795,2,2
2022-09-26 15:01:00.659,13793,13795,13795,1,1
2022-09-26 15:01:00.716,13793,13795,13795,3,3
2022-09-26 15:01:00.856,13794,13796,13794,1,-1
2022-09-26 15:01:00.894,13794,13796,13796,1,1
2022-09-26 15:01:00.961,13794,13796,13795,1,1
2022-09-26 15:01:00.963,13794,13796,13795,1,1
2022-09-26 15:01:01.308,13795,13796,13795,1,-1
2022-09-26 15:01:01.309,13795,13796,13795,8,-8
2022-09-26 15:01:01.392,13793,13795,13795,4,4
2022-09-26 15:01:01.392,13793,13795,13796,5,5
2022-09-26 15:01:01.578,13794,13796,13796,6,6
2022-09-26 15:01:02.308,13795,13797,13795,1,-1
2022-09-26 15:01:02.352,13795,13797,13795,1,-1
2022-09-26 15:01:02.352,13795,13797,13795,4,-4
2022-09-26 15:01:02.352,13795,13797,13795,1,-1
2022-09-26 15:01:02.619,13794,13796,13796,6,6
2022-09-26 15:01:02.632,13794,13796,13797,2,2
2022-09-26 15:01:02.639,13794,13796,13795,2,2
2022-09-26 15:01:02.948,13794,13796,13796,3,3
2022-09-26 15:01:03.076,13795,13797,13797,1,1
2022-09-26 15:01:03.213,13795,13797,13797,1,1
2022-09-26 15:01:03.348,13795,13797,13795,1,-1
2022-09-26 15:01:03.384,13795,13797,13795,1,-1
2022-09-26 15:01:04.472,13795,13797,13797,1,1
2022-09-26 15:01:04.828,13795,13797,13797,1,1
2022-09-26 15:01:05.111,13795,13797,13797,1,1
2022-09-26 15:01:05.813,13795,13797,13797,3,3
2022-09-26 15:01:06.381,13796,13798,13796,1,-1
2022-09-26 15:01:06.698,13795,13797,13797,1,1
2022-09-26 15:01:06.698,13795,13797,13797,1,1
2022-09-26 15:01:06.699,13795,13797,13797,1,1
2022-09-26 15:01:06.927,13795,13798,13795,1,-1
2022-09-26 15:01:07.038,13795,13798,13795,1,-1
2022-09-26 15:01:07.120,13795,13797,13797,1,1
2022-09-26 15:01:07.120,13795,13797,13797,1,1
2022-09-26 15:01:07.120,13795,13797,13797,1,1
2022-09-26 15:01:07.120,13795,13797,13798,1,1
2022-09-26 15:01:07.120,13795,13797,13798,1,1
2022-09-26 15:01:07.121,13795,13797,13798,1,1
2022-09-26 15:01:07.121,13795,13797,13798,1,1
2022-09-26 15:01:07.121,13795,13797,13798,1,1
2022-09-26 15:01:07.121,13795,13797,13798,1,1
2022-09-26 15:01:07.121,13795,13797,13798,1,1
2022-09-26 15:01:07.121,13795,13797,13798,1,1
2022-09-26 15:01:07.121,13795,13797,13798,1,1
2022-09-26 15:01:07.121,13795,13797,13798,1,1
2022-09-26 15:01:07.125,13795,13797,13798,1,1
2022-09-26 15:01:08.198,13795,13797,13796,1,1
2022-09-26 15:01:08.631,13795,13797,13795,1,-1
2022-09-26 15:01:08.683,13795,13797,13796,1,-1
2022-09-26 15:01:08.786,13794,13796,13794,1,-1
2022-09-26 15:01:10.117,13793,13795,13793,1,-1
2022-09-26 15:01:10.679,13793,13795,13795,1,1
2022-09-26 15:01:10.977,13793,13795,13795,1,1
2022-09-26 15:01:10.981,13793,13795,13795,1,1
2022-09-26 15:01:11.455,13793,13795,13793,1,-1
2022-09-26 15:01:12.363,13792,13794,13792,1,-1
2022-09-26 15:01:13.721,13791,13793,13793,1,1
2022-09-26 15:01:15.582,13792,13793,13792,1,-1
2022-09-26 15:01:16.826,13792,13793,13792,1,-1
2022-09-26 15:01:17.648,13792,13794,13792,5,-5
2022-09-26 15:01:17.648,13792,13794,13792,2,-2
2022-09-26 15:01:17.648,13792,13794,13792,3,-3
2022-09-26 15:01:18.249,13792,13794,13794,1,1
2022-09-26 15:01:18.370,13793,13795,13795,1,1
2022-09-26 15:01:18.370,13793,13795,13795,1,1
2022-09-26 15:01:18.696,13793,13795,13793,2,-2
2022-09-26 15:01:20.195,13793,13794,13793,1,-1
2022-09-26 15:01:21.035,13792,13795,13793,2,-2
2022-09-26 15:01:21.098,13792,13795,13792,1,-1
2022-09-26 15:01:21.200,13792,13795,13792,3,-3
2022-09-26 15:01:21.283,13791,13793,13793,1,1
2022-09-26 15:01:21.335,13791,13793,13793,1,1
2022-09-26 15:01:21.335,13791,13793,13793,1,1
2022-09-26 15:01:24.453,13790,13792,13792,2,2
2022-09-26 15:01:25.758,13790,13792,13792,1,1
2022-09-26 15:01:25.827,13790,13792,13790,1,-1
2022-09-26 15:01:26.320,13791,13792,13791,1,-1
2022-09-26 15:01:26.501,13790,13791,13790,1,-1
2022-09-26 15:01:27.880,13790,13791,13790,1,-1
2022-09-26 15:01:27.996,13788,13791,13791,1,1
2022-09-26 15:01:29.204,13788,13791,13788,1,-1
2022-09-26 15:01:30.011,13788,13790,13790,2,2
2022-09-26 15:01:30.779,13789,13791,13791,2,2
2022-09-26 15:01:30.840,13789,13791,13790,1,1
2022-09-26 15:01:31.328,13789,13791,13790,1,1
2022-09-26 15:01:31.438,13789,13791,13791,1,1
2022-09-26 15:01:31.438,13789,13791,13792,1,1
2022-09-26 15:01:31.550,13790,13792,13790,1,-1
2022-09-26 15:01:32.075,13789,13791,13791,1,1
2022-09-26 15:01:32.075,13789,13791,13791,1,1
2022-09-26 15:01:32.945,13790,13791,13791,1,1
2022-09-26 15:01:33.511,13790,13791,13791,1,1
2022-09-26 15:01:33.511,13790,13791,13791,1,1
2022-09-26 15:01:34.727,13790,13791,13790,1,-1
2022-09-26 15:01:35.593,13790,13791,13790,1,-1
2022-09-26 15:01:35.848,13790,13791,13791,1,1
2022-09-26 15:01:36.309,13790,13791,13791,5,5
2022-09-26 15:01:36.309,13790,13791,13791,1,1
2022-09-26 15:01:36.333,13790,13791,13792,3,3
2022-09-26 15:01:36.334,13790,13791,13792,5,5
2022-09-26 15:01:36.513,13792,13793,13793,2,2
2022-09-26 15:01:36.514,13792,13793,13793,2,2
2022-09-26 15:01:36.815,13792,13794,13794,1,1
2022-09-26 15:01:36.815,13792,13794,13794,1,1
2022-09-26 15:01:36.892,13792,13794,13792,1,-1
2022-09-26 15:01:37.591,13793,13794,13794,4,4
2022-09-26 15:01:40.764,13792,13794,13794,1,1
2022-09-26 15:01:42.152,13793,13794,13794,2,2
2022-09-26 15:01:42.153,13793,13794,13794,1,1
2022-09-26 15:01:42.156,13793,13794,13794,1,1
2022-09-26 15:01:42.187,13793,13794,13793,1,-1
2022-09-26 15:01:42.278,13793,13795,13793,1,-1
2022-09-26 15:01:42.970,13793,13795,13793,1,-1
2022-09-26 15:01:45.118,13793,13795,13793,1,-1
2022-09-26 15:01:45.329,13793,13795,13795,1,1
2022-09-26 15:01:46.392,13794,13795,13794,1,-1
2022-09-26 15:01:48.140,13793,13794,13793,3,-3
2022-09-26 15:01:48.306,13793,13794,13794,1,1
2022-09-26 15:01:48.306,13793,13794,13795,1,1
2022-09-26 15:01:48.835,13793,13795,13795,2,2
2022-09-26 15:01:49.137,13793,13794,13794,1,1
2022-09-26 15:01:49.137,13793,13794,13794,1,1
2022-09-26 15:01:49.143,13793,13794,13795,8,8
2022-09-26 15:01:49.144,13793,13794,13796,1,1
2022-09-26 15:01:49.157,13793,13794,13796,2,2
2022-09-26 15:01:49.157,13793,13794,13796,2,2
2022-09-26 15:01:49.181,13793,13794,13796,1,1
2022-09-26 15:01:49.185,13793,13794,13796,3,3
2022-09-26 15:01:49.203,13793,13794,13796,1,1
2022-09-26 15:01:50.121,13795,13796,13796,2,2
2022-09-26 15:01:50.125,13795,13796,13796,1,1
2022-09-26 15:01:51.642,13794,13796,13796,1,1
2022-09-26 15:01:51.912,13795,13797,13796,1,1
2022-09-26 15:01:52.034,13795,13797,13795,3,-3
2022-09-26 15:01:52.404,13795,13797,13795,2,-2
2022-09-26 15:01:52.405,13795,13797,13795,1,-1
2022-09-26 15:01:52.405,13795,13797,13795,1,-1
2022-09-26 15:01:52.406,13795,13797,13795,1,-1
2022-09-26 15:01:52.406,13795,13797,13795,1,-1
2022-09-26 15:01:52.436,13795,13797,13795,1,-1
2022-09-26 15:01:52.436,13795,13797,13794,3,-3
2022-09-26 15:01:52.736,13794,13796,13796,1,1
2022-09-26 15:01:52.736,13794,13796,13796,1,1
2022-09-26 15:01:52.994,13794,13796,13796,5,5
2022-09-26 15:01:53.303,13794,13796,13796,1,1
2022-09-26 15:01:54.470,13795,13796,13796,2,2
2022-09-26 15:01:54.470,13795,13796,13796,4,4
2022-09-26 15:01:54.500,13795,13797,13797,1,1
2022-09-26 15:01:54.544,13795,13797,13797,1,1
2022-09-26 15:01:54.730,13796,13797,13797,1,1
2022-09-26 15:01:54.731,13796,13797,13797,1,1
2022-09-26 15:01:55.417,13796,13798,13796,1,-1
2022-09-26 15:01:55.635,13796,13797,13797,1,1
2022-09-26 15:01:57.053,13796,13797,13796,5,-5
2022-09-26 15:01:57.373,13794,13796,13796,1,1
2022-09-26 15:01:57.373,13794,13796,13796,1,1
2022-09-26 15:01:57.641,13795,13797,13795,4,-4
2022-09-26 15:01:59.482,13795,13796,13795,1,-1
2022-09-26 15:01:59.567,13794,13796,13795,1,-1
2022-09-26 15:02:00.107,13794,13796,13796,1,1
2022-09-26 15:02:00.221,13794,13796,13795,1,1
2022-09-26 15:02:00.344,13794,13795,13794,3,-3
2022-09-26 15:02:00.447,13793,13794,13793,1,-1
2022-09-26 15:02:00.652,13792,13794,13794,1,1
2022-09-26 15:02:01.877,13793,13794,13794,1,1
2022-09-26 15:02:02.152,13794,13796,13794,1,-1
2022-09-26 15:02:03.394,13793,13795,13795,1,1
2022-09-26 15:02:04.094,13793,13795,13795,1,1
2022-09-26 15:02:04.094,13793,13795,13796,4,4
2022-09-26 15:02:04.842,13793,13795,13795,1,1
2022-09-26 15:02:04.842,13793,13795,13796,4,4
2022-09-26 15:02:08.431,13793,13795,13793,3,-3
2022-09-26 15:02:08.432,13793,13795,13793,2,-2
2022-09-26 15:02:08.432,13793,13795,13793,10,-10
2022-09-26 15:02:08.736,13792,13793,13794,1,1
2022-09-26 15:02:08.737,13792,13793,13794,1,1
2022-09-26 15:02:09.120,13793,13794,13794,1,1
2022-09-26 15:02:09.345,13793,13794,13794,1,1
2022-09-26 15:02:09.510,13793,13794,13793,1,-1
2022-09-26 15:02:11.435,13793,13794,13793,1,-1
2022-09-26 15:02:11.435,13793,13794,13793,1,-1
2022-09-26 15:02:11.484,13793,13794,13794,1,1
2022-09-26 15:02:11.556,13792,13794,13794,2,2
2022-09-26 15:02:13.440,13794,13795,13795,1,1
2022-09-26 15:02:15.951,13794,13795,13794,1,-1
2022-09-26 15:02:16.608,13794,13795,13795,1,1
2022-09-26 15:02:16.910,13794,13795,13794,1,-1
2022-09-26 15:02:16.914,13794,13795,13795,1,1
2022-09-26 15:02:16.914,13794,13795,13795,1,1
2022-09-26 15:02:17.837,13794,13795,13794,3,-3
2022-09-26 15:02:18.691,13793,13795,13793,1,-1
2022-09-26 15:02:18.978,13792,13793,13793,1,1
2022-09-26 15:02:19.467,13792,13794,13792,1,-1
2022-09-26 15:02:19.982,13793,13795,13795,1,1
2022-09-26 15:02:20.024,13793,13795,13793,1,-1
2022-09-26 15:02:20.358,13793,13795,13793,1,-1
2022-09-26 15:02:21.549,13794,13795,13795,4,4
2022-09-26 15:02:21.549,13794,13795,13795,5,5
2022-09-26 15:02:21.799,13795,13796,13795,1,-1
2022-09-26 15:02:22.921,13795,13796,13795,1,-1
2022-09-26 15:02:23.910,13794,13796,13795,1,-1
2022-09-26 15:02:24.971,13794,13796,13795,1,-1
2022-09-26 15:02:25.272,13794,13795,13795,1,1
2022-09-26 15:02:25.647,13793,13795,13795,1,1
2022-09-26 15:02:26.341,13793,13795,13795,3,3
2022-09-26 15:02:27.405,13794,13796,13796,1,1
2022-09-26 15:02:28.601,13794,13795,13795,2,2
2022-09-26 15:02:28.827,13794,13796,13796,1,1
2022-09-26 15:02:29.519,13794,13796,13796,15,15
2022-09-26 15:02:29.578,13794,13796,13797,1,1
2022-09-26 15:02:29.644,13796,13797,13797,4,4
2022-09-26 15:02:29.644,13796,13797,13797,1,1
2022-09-26 15:02:29.732,13796,13797,13796,3,-3
2022-09-26 15:02:29.819,13796,13797,13797,1,1
2022-09-26 15:02:29.819,13796,13797,13797,1,1
2022-09-26 15:02:29.820,13796,13797,13796,1,-1
2022-09-26 15:02:30.166,13795,13796,13796,1,1
2022-09-26 15:02:30.748,13795,13797,13795,3,-3
2022-09-26 15:02:31.047,13795,13796,13796,1,1
2022-09-26 15:02:31.047,13795,13796,13796,1,1
2022-09-26 15:02:31.798,13796,13798,13796,1,-1
2022-09-26 15:02:32.622,13796,13798,13796,1,-1
2022-09-26 15:02:32.737,13796,13798,13796,4,-4
2022-09-26 15:02:33.886,13796,13797,13797,1,1
2022-09-26 15:02:35.715,13795,13797,13795,3,-3
2022-09-26 15:02:36.720,13796,13797,13796,1,-1
2022-09-26 15:02:39.609,13795,13796,13795,1,-1
2022-09-26 15:02:39.609,13795,13796,13795,1,-1
2022-09-26 15:02:39.609,13795,13796,13795,2,-2
2022-09-26 15:02:39.790,13794,13796,13796,3,3
2022-09-26 15:02:39.801,13794,13796,13796,2,2
2022-09-26 15:02:40.653,13795,13797,13795,1,-1
2022-09-26 15:02:41.072,13795,13796,13796,1,1
2022-09-26 15:02:41.174,13795,13796,13796,1,1
2022-09-26 15:02:41.174,13795,13796,13796,1,1
2022-09-26 15:02:41.522,13795,13796,13795,1,-1
2022-09-26 15:02:41.522,13795,13796,13794,10,-10
2022-09-26 15:02:41.522,13795,13796,13793,4,-4
2022-09-26 15:02:43.343,13794,13796,13794,1,-1
2022-09-26 15:02:45.842,13794,13795,13794,1,-1
2022-09-26 15:02:45.842,13794,13795,13794,1,-1
2022-09-26 15:02:46.318,13793,13794,13794,5,5
2022-09-26 15:02:46.618,13793,13795,13795,1,1
2022-09-26 15:02:47.607,13793,13794,13793,5,-5
2022-09-26 15:02:48.191,13793,13794,13793,1,-1
2022-09-26 15:02:51.204,13792,13793,13792,1,-1
2022-09-26 15:02:51.204,13792,13793,13792,1,-1
2022-09-26 15:02:51.204,13792,13793,13792,1,-1
2022-09-26 15:02:51.204,13792,13793,13792,2,-2
2022-09-26 15:02:51.672,13791,13793,13793,1,1
2022-09-26 15:02:51.748,13792,13793,13793,1,1
2022-09-26 15:02:51.766,13792,13793,13792,1,-1
2022-09-26 15:02:54.147,13793,13794,13793,1,-1
2022-09-26 15:02:54.616,13792,13794,13792,1,-1
2022-09-26 15:02:55.307,13791,13792,13792,1,1
2022-09-26 15:02:56.854,13793,13794,13794,1,1
2022-09-26 15:02:56.854,13793,13794,13794,1,1
2022-09-26 15:02:56.984,13794,13795,13793,4,-4
2022-09-26 15:02:56.984,13794,13795,13793,1,-1
2022-09-26 15:02:57.286,13794,13795,13795,1,1
2022-09-26 15:02:57.510,13794,13795,13795,1,1
2022-09-26 15:02:57.510,13794,13795,13795,1,1
2022-09-26 15:02:57.584,13794,13795,13796,3,3
2022-09-26 15:02:57.584,13794,13795,13797,2,2
2022-09-26 15:02:58.193,13795,13796,13796,1,1
2022-09-26 15:02:59.096,13795,13797,13795,2,-2
2022-09-26 15:02:59.398,13795,13797,13797,1,1
2022-09-26 15:02:59.398,13795,13797,13797,1,1
2022-09-26 15:03:00.038,13795,13797,13795,1,-1
2022-09-26 15:03:00.238,13795,13796,13796,1,1
2022-09-26 15:03:00.257,13796,13797,13796,1,-1
2022-09-26 15:03:00.638,13795,13797,13795,1,-1
2022-09-26 15:03:02.162,13795,13797,13797,5,5
2022-09-26 15:03:03.770,13796,13797,13796,5,-5
2022-09-26 15:03:05.463,13796,13797,13796,2,-2
2022-09-26 15:03:05.684,13796,13797,13797,5,5
2022-09-26 15:03:05.817,13796,13797,13796,1,-1
2022-09-26 15:03:05.820,13796,13797,13797,2,2
2022-09-26 15:03:05.837,13796,13797,13797,1,1
2022-09-26 15:03:06.097,13796,13797,13797,2,2
2022-09-26 15:03:06.118,13796,13797,13797,1,1
2022-09-26 15:03:06.280,13797,13798,13797,1,-1
2022-09-26 15:03:06.280,13797,13798,13797,1,-1
2022-09-26 15:03:07.085,13796,13797,13797,2,2
2022-09-26 15:03:08.012,13796,13797,13796,1,-1
2022-09-26 15:03:08.568,13796,13797,13796,2,-2
2022-09-26 15:03:09.620,13795,13796,13795,1,-1
2022-09-26 15:03:09.926,13793,13796,13796,1,1
2022-09-26 15:03:09.926,13793,13796,13796,1,1
2022-09-26 15:03:10.417,13794,13796,13796,1,1
2022-09-26 15:03:10.947,13793,13795,13795,1,1
2022-09-26 15:03:11.700,13793,13795,13793,8,-8
2022-09-26 15:03:11.701,13793,13795,13793,1,-1
2022-09-26 15:03:11.701,13793,13795,13793,1,-1
2022-09-26 15:03:11.701,13793,13795,13793,1,-1
2022-09-26 15:03:12.416,13792,13794,13793,1,-1
2022-09-26 15:03:12.471,13792,13794,13794,2,2
2022-09-26 15:03:12.561,13793,13795,13795,2,2
2022-09-26 15:03:13.537,13794,13795,13795,1,1
2022-09-26 15:03:13.814,13793,13795,13794,2,2
2022-09-26 15:03:14.435,13793,13795,13795,1,1
2022-09-26 15:03:15.499,13793,13795,13795,2,2
2022-09-26 15:03:15.807,13793,13795,13795,1,1
2022-09-26 15:03:15.807,13793,13795,13795,1,1
2022-09-26 15:03:15.808,13793,13795,13794,3,3
2022-09-26 15:03:15.984,13793,13795,13794,1,1
2022-09-26 15:03:18.198,13794,13795,13794,3,-3
2022-09-26 15:03:19.914,13793,13795,13793,3,-3
2022-09-26 15:03:20.014,13793,13794,13793,1,-1
2022-09-26 15:03:20.110,13793,13794,13792,13,-13
2022-09-26 15:03:20.162,13792,13793,13792,3,-3
2022-09-26 15:03:20.271,13792,13793,13792,3,-3
2022-09-26 15:03:20.354,13792,13793,13792,3,-3
2022-09-26 15:03:20.387,13792,13793,13793,10,10
2022-09-26 15:03:20.410,13792,13793,13794,1,1
2022-09-26 15:03:20.410,13792,13793,13794,1,1
2022-09-26 15:03:21.009,13792,13794,13792,3,-3
2022-09-26 15:03:21.189,13792,13793,13793,1,1
2022-09-26 15:03:21.190,13792,13793,13793,1,1
2022-09-26 15:03:21.291,13792,13794,13793,2,2
2022-09-26 15:03:21.311,13792,13794,13794,1,1
2022-09-26 15:03:21.531,13792,13794,13794,1,1
2022-09-26 15:03:21.644,13792,13794,13793,1,1
2022-09-26 15:03:21.836,13793,13794,13793,3,-3
2022-09-26 15:03:21.998,13792,13794,13793,1,-1
2022-09-26 15:03:22.300,13792,13794,13794,1,1
2022-09-26 15:03:22.300,13792,13794,13794,1,1
2022-09-26 15:03:23.639,13792,13793,13793,1,1
2022-09-26 15:03:25.147,13791,13793,13792,1,1
2022-09-26 15:03:26.865,13791,13793,13791,2,-2
2022-09-26 15:03:27.148,13791,13793,13792,1,-1
2022-09-26 15:03:27.178,13791,13793,13793,1,1
2022-09-26 15:03:30.834,13791,13793,13793,2,2
2022-09-26 15:03:31.853,13793,13794,13794,4,4
2022-09-26 15:03:31.853,13793,13794,13794,2,2
2022-09-26 15:03:31.853,13793,13794,13795,3,3
2022-09-26 15:03:34.530,13793,13794,13793,2,-2
2022-09-26 15:03:34.589,13793,13794,13794,2,2
2022-09-26 15:03:34.670,13792,13794,13792,2,-2
2022-09-26 15:03:34.971,13792,13794,13794,1,1
2022-09-26 15:03:34.971,13792,13794,13794,1,1
2022-09-26 15:03:35.992,13792,13793,13792,1,-1
2022-09-26 15:03:38.799,13791,13792,13791,3,-3
2022-09-26 15:03:38.800,13791,13792,13791,2,-2
2022-09-26 15:03:39.408,13790,13792,13790,5,-5
2022-09-26 15:03:41.281,13789,13790,13789,1,-1
2022-09-26 15:03:41.458,13788,13790,13788,1,-1
2022-09-26 15:03:41.544,13788,13789,13789,1,1
2022-09-26 15:03:41.706,13788,13790,13788,1,-1
2022-09-26 15:03:42.205,13788,13790,13790,1,1
2022-09-26 15:03:45.397,13790,13791,13790,1,-1
2022-09-26 15:03:45.586,13790,13791,13790,1,-1
2022-09-26 15:03:45.586,13790,13791,13789,1,-1
2022-09-26 15:03:46.127,13789,13791,13791,1,1
2022-09-26 15:03:46.364,13789,13791,13790,1,1
2022-09-26 15:03:46.683,13790,13791,13790,1,-1
2022-09-26 15:03:46.683,13790,13791,13789,2,-2
2022-09-26 15:03:46.983,13789,13791,13791,1,1
2022-09-26 15:03:46.983,13789,13791,13791,1,1
2022-09-26 15:03:51.800,13790,13792,13790,1,-1
2022-09-26 15:03:52.112,13789,13791,13790,1,-1
2022-09-26 15:03:52.997,13791,13793,13791,1,-1
2022-09-26 15:03:53.807,13791,13793,13791,1,-1
2022-09-26 15:03:54.323,13791,13793,13791,1,-1
2022-09-26 15:03:55.192,13791,13793,13791,1,-1
2022-09-26 15:03:55.391,13791,13793,13791,4,-4
2022-09-26 15:03:55.843,13792,13793,13792,1,-1
2022-09-26 15:03:56.298,13791,13793,13791,1,-1
2022-09-26 15:03:56.985,13791,13793,13791,2,-2
2022-09-26 15:03:59.199,13791,13792,13791,2,-2
2022-09-26 15:03:59.199,13791,13792,13791,3,-3
2022-09-26 15:03:59.276,13790,13791,13790,1,-1
2022-09-26 15:03:59.319,13790,13791,13790,1,-1
2022-09-26 15:03:59.329,13790,13791,13790,1,-1
2022-09-26 15:03:59.896,13791,13792,13792,1,1
2022-09-26 15:03:59.896,13791,13792,13792,1,1
2022-09-26 15:03:59.897,13791,13792,13792,7,7
2022-09-26 15:03:59.958,13791,13792,13791,1,-1
2022-09-26 15:04:00.282,13791,13792,13791,1,-1
2022-09-26 15:04:01.936,13790,13791,13791,2,2
2022-09-26 15:04:02.799,13790,13791,13790,1,-1
2022-09-26 15:04:02.799,13790,13791,13790,1,-1
2022-09-26 15:04:03.524,13789,13790,13789,3,-3
2022-09-26 15:04:03.914,13788,13789,13788,1,-1
2022-09-26 15:04:03.991,13788,13789,13788,1,-1
2022-09-26 15:04:06.948,13788,13790,13788,1,-1
2022-09-26 15:04:07.341,13788,13789,13788,1,-1
2022-09-26 15:04:10.289,13787,13788,13787,1,-1
2022-09-26 15:04:10.290,13787,13788,13787,8,-8
2022-09-26 15:04:10.290,13787,13788,13787,1,-1
2022-09-26 15:04:10.290,13787,13788,13787,1,-1
2022-09-26 15:04:10.290,13787,13788,13787,2,-2
2022-09-26 15:04:10.595,13786,13788,13788,1,1
2022-09-26 15:04:10.595,13786,13788,13788,1,1
2022-09-26 15:04:10.802,13786,13788,13788,1,1
2022-09-26 15:04:16.572,13786,13788,13786,1,-1
2022-09-26 15:04:17.770,13786,13788,13786,1,-1
2022-09-26 15:04:22.345,13787,13788,13788,7,7
2022-09-26 15:04:22.346,13787,13788,13788,2,2
2022-09-26 15:04:22.346,13787,13788,13788,1,1
2022-09-26 15:04:23.540,13787,13788,13788,1,1
2022-09-26 15:04:23.724,13788,13789,13788,1,-1
2022-09-26 15:04:26.244,13787,13788,13788,1,1
2022-09-26 15:04:26.418,13787,13789,13788,1,1
2022-09-26 15:04:27.163,13788,13789,13788,1,-1
2022-09-26 15:04:28.291,13787,13788,13788,1,1
2022-09-26 15:04:29.114,13788,13789,13789,2,2
2022-09-26 15:04:29.418,13788,13790,13790,1,1
2022-09-26 15:04:29.418,13788,13790,13790,1,1
2022-09-26 15:04:29.546,13789,13790,13790,3,3
2022-09-26 15:04:30.078,13789,13791,13789,1,-1
2022-09-26 15:04:31.355,13790,13791,13791,1,1
2022-09-26 15:04:31.356,13790,13791,13791,8,8
2022-09-26 15:04:31.357,13790,13791,13792,4,4
2022-09-26 15:04:31.939,13792,13793,13793,1,1
2022-09-26 15:04:34.039,13792,13793,13793,2,2
2022-09-26 15:04:38.745,13792,13793,13792,3,-3
2022-09-26 15:04:38.745,13792,13793,13791,2,-2
2022-09-26 15:04:39.044,13791,13793,13793,1,1
2022-09-26 15:04:39.044,13791,13793,13793,1,1
2022-09-26 15:04:40.074,13791,13793,13792,1,1
2022-09-26 15:04:47.366,13791,13793,13793,2,2
2022-09-26 15:04:47.429,13793,13794,13794,1,1
2022-09-26 15:04:48.255,13793,13794,13794,3,3
2022-09-26 15:04:49.715,13793,13795,13793,1,-1
2022-09-26 15:04:50.947,13793,13795,13793,5,-5
2022-09-26 15:04:50.977,13793,13795,13793,1,-1
2022-09-26 15:04:52.167,13792,13794,13792,5,-5
2022-09-26 15:04:52.519,13792,13794,13794,2,2
2022-09-26 15:04:52.666,13792,13794,13793,1,1
2022-09-26 15:04:52.666,13792,13794,13793,1,1
2022-09-26 15:04:52.820,13792,13794,13794,1,1
2022-09-26 15:04:52.820,13792,13794,13794,1,1
2022-09-26 15:04:56.754,13792,13793,13792,2,-2
2022-09-26 15:04:56.809,13792,13793,13793,2,2
2022-09-26 15:04:57.608,13791,13793,13793,2,2
2022-09-26 15:04:59.403,13792,13793,13793,1,1
2022-09-26 15:05:00.098,13793,13794,13794,1,1
2022-09-26 15:05:00.123,13793,13795,13795,1,1
2022-09-26 15:05:00.194,13793,13795,13795,3,3
2022-09-26 15:05:00.303,13794,13795,13795,1,1
2022-09-26 15:05:00.304,13794,13795,13795,6,6
2022-09-26 15:05:00.750,13795,13796,13795,1,-1
2022-09-26 15:05:01.790,13794,13795,13794,5,-5
2022-09-26 15:05:01.791,13794,13795,13795,1,1
2022-09-26 15:05:02.111,13793,13795,13795,1,1
2022-09-26 15:05:02.111,13793,13795,13795,1,1
2022-09-26 15:05:02.927,13793,13794,13794,4,4
2022-09-26 15:05:03.597,13793,13795,13793,1,-1
2022-09-26 15:05:04.662,13793,13794,13793,2,-2
2022-09-26 15:05:04.662,13793,13794,13793,1,-1
2022-09-26 15:05:04.662,13793,13794,13793,9,-9
2022-09-26 15:05:05.082,13792,13793,13793,1,1
2022-09-26 15:05:05.363,13793,13794,13794,1,1
2022-09-26 15:05:05.364,13793,13794,13794,1,1
2022-09-26 15:05:05.715,13793,13795,13793,1,-1
2022-09-26 15:05:05.869,13793,13795,13795,1,1
2022-09-26 15:05:06.465,13793,13795,13793,5,-5
2022-09-26 15:05:07.091,13792,13794,13792,4,-4
2022-09-26 15:05:07.091,13792,13794,13792,4,-4
2022-09-26 15:05:07.091,13792,13794,13792,4,-4
2022-09-26 15:05:07.398,13790,13792,13792,1,1
2022-09-26 15:05:07.398,13790,13792,13792,1,1
2022-09-26 15:05:07.465,13790,13792,13792,1,1
2022-09-26 15:05:09.841,13790,13791,13790,1,-1
2022-09-26 15:05:11.523,13789,13790,13790,1,1
2022-09-26 15:05:13.184,13789,13791,13791,1,1
2022-09-26 15:05:15.237,13789,13790,13790,1,1
2022-09-26 15:05:19.229,13794,13795,13795,3,3
2022-09-26 15:05:19.229,13794,13795,13795,5,5
2022-09-26 15:05:19.229,13794,13795,13795,6,6
2022-09-26 15:05:19.230,13794,13795,13795,1,1
2022-09-26 15:05:19.230,13794,13795,13795,2,2
2022-09-26 15:05:19.230,13794,13795,13795,1,1
2022-09-26 15:05:19.230,13794,13795,13795,2,2
2022-09-26 15:05:19.568,13795,13796,13796,3,3
2022-09-26 15:05:19.650,13795,13796,13796,1,1
2022-09-26 15:05:19.769,13795,13796,13796,1,1
2022-09-26 15:05:19.773,13795,13796,13796,1,1
2022-09-26 15:05:19.783,13795,13796,13796,1,1
2022-09-26 15:05:20.209,13795,13796,13796,2,2
2022-09-26 15:05:23.355,13794,13796,13794,2,-2
2022-09-26 15:05:24.247,13793,13795,13795,2,2
2022-09-26 15:05:27.527,13794,13795,13795,1,1
2022-09-26 15:05:27.527,13794,13795,13795,1,1
2022-09-26 15:05:27.625,13795,13796,13796,3,3
2022-09-26 15:05:27.625,13795,13796,13796,3,3
2022-09-26 15:05:27.821,13795,13797,13795,1,-1
2022-09-26 15:05:28.067,13795,13797,13797,1,1
2022-09-26 15:05:28.067,13795,13797,13797,1,1
2022-09-26 15:05:28.704,13795,13797,13795,1,-1
2022-09-26 15:05:28.772,13795,13797,13797,3,3
2022-09-26 15:05:29.036,13795,13797,13797,2,2
2022-09-26 15:05:29.036,13795,13797,13797,2,2
2022-09-26 15:05:29.362,13796,13798,13798,5,5
2022-09-26 15:05:29.362,13796,13798,13798,10,10
2022-09-26 15:05:29.362,13796,13798,13798,1,1
2022-09-26 15:05:29.363,13796,13798,13799,11,11
2022-09-26 15:05:29.534,13798,13799,13797,9,-9
2022-09-26 15:05:29.534,13798,13799,13796,4,-4
2022-09-26 15:05:29.662,13796,13798,13798,1,1
2022-09-26 15:05:29.662,13796,13798,13798,1,1
2022-09-26 15:05:29.897,13796,13798,13798,2,2
2022-09-26 15:05:29.904,13796,13798,13798,1,1
2022-09-26 15:05:30.130,13796,13798,13796,1,-1
2022-09-26 15:05:30.391,13796,13798,13796,1,-1
2022-09-26 15:05:30.901,13796,13798,13798,3,3
2022-09-26 15:05:31.193,13797,13798,13798,1,1
2022-09-26 15:05:31.356,13797,13799,13797,5,-5
2022-09-26 15:05:32.131,13797,13798,13798,1,1
2022-09-26 15:05:32.241,13797,13798,13799,2,2
2022-09-26 15:05:32.241,13797,13798,13799,2,2
2022-09-26 15:05:32.316,13798,13800,13800,3,3
2022-09-26 15:05:32.451,13798,13800,13800,1,1
2022-09-26 15:05:32.456,13798,13800,13800,1,1
2022-09-26 15:05:32.543,13798,13800,13800,1,1
2022-09-26 15:05:32.733,13798,13800,13800,1,1
2022-09-26 15:05:32.790,13798,13800,13800,1,1
2022-09-26 15:05:32.797,13798,13800,13798,1,-1
2022-09-26 15:05:33.134,13798,13799,13799,1,1
2022-09-26 15:05:33.134,13798,13799,13799,1,1
2022-09-26 15:05:33.695,13798,13799,13799,2,2
2022-09-26 15:05:33.850,13798,13799,13798,3,-3
2022-09-26 15:05:35.431,13799,13800,13800,1,1
2022-09-26 15:05:37.517,13799,13800,13799,5,-5
2022-09-26 15:05:37.518,13799,13800,13799,5,-5
2022-09-26 15:05:37.889,13798,13799,13799,1,1
2022-09-26 15:05:38.367,13798,13800,13800,1,1
2022-09-26 15:05:38.735,13798,13800,13798,1,-1
2022-09-26 15:05:39.399,13798,13800,13798,1,-1
2022-09-26 15:05:40.087,13798,13799,13799,1,1
2022-09-26 15:05:40.088,13798,13799,13799,4,4
2022-09-26 15:05:40.197,13798,13799,13799,1,1
2022-09-26 15:05:40.390,13797,13799,13799,1,1
2022-09-26 15:05:40.390,13797,13799,13799,1,1
2022-09-26 15:05:40.994,13797,13799,13799,1,1
2022-09-26 15:05:41.576,13797,13799,13798,1,1
2022-09-26 15:05:42.506,13798,13799,13798,2,-2
2022-09-26 15:05:42.736,13797,13798,13797,1,-1
2022-09-26 15:05:43.098,13795,13797,13797,5,5
2022-09-26 15:05:43.539,13796,13798,13796,1,-1
2022-09-26 15:05:43.807,13796,13798,13798,2,2
2022-09-26 15:05:43.894,13796,13798,13798,2,2
2022-09-26 15:05:46.693,13797,13798,13798,1,1
2022-09-26 15:05:46.799,13797,13799,13799,8,8
2022-09-26 15:05:47.096,13799,13800,13800,1,1
2022-09-26 15:05:47.100,13799,13800,13800,1,1
2022-09-26 15:05:47.464,13798,13800,13799,1,1
2022-09-26 15:05:48.421,13798,13800,13800,1,1
2022-09-26 15:05:51.620,13798,13800,13800,2,2
2022-09-26 15:05:51.686,13798,13800,13798,1,-1
2022-09-26 15:05:52.460,13798,13800,13797,5,-5
2022-09-26 15:05:52.485,13798,13800,13799,1,-1
2022-09-26 15:05:52.841,13797,13799,13799,5,5
2022-09-26 15:05:55.091,13798,13799,13799,1,1
2022-09-26 15:05:55.433,13798,13799,13798,1,-1
2022-09-26 15:05:56.031,13796,13798,13798,2,2
2022-09-26 15:05:56.331,13797,13799,13799,1,1
2022-09-26 15:05:56.436,13797,13799,13799,2,2
2022-09-26 15:05:57.130,13797,13799,13799,5,5
2022-09-26 15:05:57.714,13798,13799,13798,1,-1
2022-09-26 15:05:59.585,13798,13799,13798,5,-5
2022-09-26 15:05:59.888,13798,13799,13799,1,1
2022-09-26 15:05:59.888,13798,13799,13799,1,1
2022-09-26 15:06:00.190,13798,13799,13799,6,6
2022-09-26 15:06:00.191,13798,13799,13799,2,2
2022-09-26 15:06:00.246,13798,13799,13799,1,1
2022-09-26 15:06:00.247,13798,13799,13800,1,1
2022-09-26 15:06:00.445,13799,13800,13800,1,1
2022-09-26 15:06:00.454,13799,13800,13800,4,4
2022-09-26 15:06:00.454,13799,13800,13800,26,26
2022-09-26 15:06:00.475,13799,13800,13801,1,1
2022-09-26 15:06:00.479,13799,13800,13801,1,1
2022-09-26 15:06:00.488,13799,13800,13801,1,1
2022-09-26 15:06:00.495,13800,13801,13801,1,1
2022-09-26 15:06:00.515,13800,13801,13801,22,22
2022-09-26 15:06:00.515,13800,13801,13801,1,1
2022-09-26 15:06:00.515,13800,13801,13801,2,2
2022-09-26 15:06:00.516,13800,13801,13801,1,1
2022-09-26 15:06:00.516,13800,13801,13801,43,43
2022-09-26 15:06:00.516,13800,13801,13802,1,1
2022-09-26 15:06:00.516,13800,13801,13802,1,1
2022-09-26 15:06:00.517,13800,13801,13802,1,1
2022-09-26 15:06:00.517,13800,13801,13802,1,1
2022-09-26 15:06:00.517,13800,13801,13802,1,1
2022-09-26 15:06:00.517,13800,13801,13802,6,6
2022-09-26 15:06:00.517,13800,13801,13802,3,3
2022-09-26 15:06:00.517,13800,13801,13802,1,1
2022-09-26 15:06:00.518,13800,13801,13802,9,9
2022-09-26 15:06:00.518,13800,13801,13802,1,1
2022-09-26 15:06:00.518,13800,13801,13802,1,1
2022-09-26 15:06:00.518,13800,13801,13802,1,1
2022-09-26 15:06:00.518,13800,13801,13802,1,1
2022-09-26 15:06:00.572,13800,13801,13803,2,2
2022-09-26 15:06:00.596,13800,13801,13803,3,3
2022-09-26 15:06:00.626,13802,13803,13803,2,2
2022-09-26 15:06:00.626,13802,13803,13803,2,2
2022-09-26 15:06:00.642,13802,13803,13804,1,1
2022-09-26 15:06:00.647,13802,13803,13804,5,5
2022-09-26 15:06:00.647,13802,13803,13804,1,1
2022-09-26 15:06:00.726,13802,13803,13805,1,1
2022-09-26 15:06:00.785,13803,13805,13805,3,3
2022-09-26 15:06:00.802,13803,13805,13805,1,1
2022-09-26 15:06:00.826,13803,13805,13805,2,2
2022-09-26 15:06:00.936,13803,13805,13805,3,3
2022-09-26 15:06:00.939,13803,13805,13803,3,-3
2022-09-26 15:06:00.948,13803,13805,13804,1,-1
2022-09-26 15:06:01.008,13802,13804,13804,3,3
2022-09-26 15:06:01.024,13802,13804,13804,1,1
2022-09-26 15:06:01.024,13802,13804,13805,10,10
2022-09-26 15:06:01.114,13802,13804,13804,1,1
2022-09-26 15:06:01.212,13803,13804,13804,1,1
2022-09-26 15:06:01.229,13803,13804,13804,1,1
2022-09-26 15:06:01.234,13803,13804,13804,2,2
2022-09-26 15:06:01.234,13803,13804,13805,6,6
2022-09-26 15:06:01.248,13804,13805,13805,1,1
2022-09-26 15:06:01.332,13804,13805,13805,1,1
2022-09-26 15:06:01.415,13804,13805,13805,1,1
2022-09-26 15:06:01.458,13804,13805,13805,1,1
2022-09-26 15:06:01.458,13804,13805,13805,1,1
2022-09-26 15:06:01.515,13804,13805,13805,1,1
2022-09-26 15:06:01.655,13804,13805,13804,1,-1
2022-09-26 15:06:01.665,13804,13805,13805,1,1
2022-09-26 15:06:01.855,13803,13805,13803,1,-1
2022-09-26 15:06:01.893,13802,13804,13802,1,-1
2022-09-26 15:06:01.895,13802,13804,13804,2,2
2022-09-26 15:06:02.598,13802,13804,13804,2,2
2022-09-26 15:06:03.137,13804,13805,13805,1,1
2022-09-26 15:06:03.205,13804,13805,13805,2,2
2022-09-26 15:06:03.217,13804,13805,13806,2,2
2022-09-26 15:06:03.377,13804,13806,13806,3,3
2022-09-26 15:06:03.528,13804,13806,13806,2,2
2022-09-26 15:06:05.836,13803,13804,13803,1,-1
2022-09-26 15:06:06.247,13803,13804,13804,1,1
2022-09-26 15:06:06.453,13803,13805,13805,1,1
2022-09-26 15:06:06.537,13803,13805,13805,1,1
2022-09-26 15:06:06.947,13803,13805,13803,1,-1
2022-09-26 15:06:06.947,13803,13805,13803,1,-1
2022-09-26 15:06:07.060,13802,13803,13803,1,1
2022-09-26 15:06:07.120,13802,13803,13803,1,1
2022-09-26 15:06:07.200,13802,13803,13804,1,1
2022-09-26 15:06:07.202,13802,13803,13804,8,8
2022-09-26 15:06:07.339,13803,13805,13805,1,1
2022-09-26 15:06:07.828,13803,13805,13803,1,-1
2022-09-26 15:06:07.892,13803,13805,13805,1,1
2022-09-26 15:06:09.665,13805,13806,13805,1,-1
2022-09-26 15:06:09.746,13805,13806,13806,3,3
2022-09-26 15:06:10.234,13805,13806,13806,1,1
2022-09-26 15:06:10.265,13805,13806,13805,2,-2
2022-09-26 15:06:10.737,13804,13805,13805,5,5
2022-09-26 15:06:10.890,13804,13805,13805,2,2
2022-09-26 15:06:12.063,13804,13806,13806,4,4
2022-09-26 15:06:12.065,13804,13806,13805,3,3
2022-09-26 15:06:12.065,13804,13806,13804,2,-2
2022-09-26 15:06:12.527,13806,13807,13806,1,-1
2022-09-26 15:06:13.120,13806,13807,13806,1,-1
2022-09-26 15:06:13.336,13805,13807,13805,1,-1
2022-09-26 15:06:13.420,13805,13806,13806,1,1
2022-09-26 15:06:13.420,13805,13806,13806,1,1
2022-09-26 15:06:13.767,13805,13806,13805,1,-1
2022-09-26 15:06:14.089,13803,13805,13805,3,3
2022-09-26 15:06:17.528,13804,13805,13805,2,2
2022-09-26 15:06:18.579,13804,13806,13805,2,2
2022-09-26 15:06:18.583,13804,13806,13805,1,1
2022-09-26 15:06:18.621,13804,13806,13806,1,1
2022-09-26 15:06:18.724,13804,13806,13807,3,3
2022-09-26 15:06:18.922,13805,13807,13806,1,1
2022-09-26 15:06:19.470,13806,13807,13806,1,-1
2022-09-26 15:06:20.199,13806,13807,13807,4,4
2022-09-26 15:06:21.263,13807,13808,13808,1,1
2022-09-26 15:06:24.178,13807,13808,13808,4,4
2022-09-26 15:06:24.178,13807,13808,13808,7,7
2022-09-26 15:06:24.736,13807,13808,13808,1,1
2022-09-26 15:06:24.744,13807,13809,13809,1,1
2022-09-26 15:06:24.957,13807,13809,13809,1,1
2022-09-26 15:06:25.313,13807,13809,13807,1,-1
2022-09-26 15:06:25.537,13808,13809,13809,5,5
2022-09-26 15:06:26.627,13808,13809,13808,1,-1
2022-09-26 15:06:26.899,13808,13809,13809,1,1
2022-09-26 15:06:27.050,13808,13810,13810,2,2
2022-09-26 15:06:27.121,13808,13810,13810,1,1
2022-09-26 15:06:27.151,13808,13810,13810,1,1
2022-09-26 15:06:27.372,13808,13810,13810,36,36
2022-09-26 15:06:27.372,13808,13810,13811,14,14
2022-09-26 15:06:27.374,13808,13810,13811,1,1
2022-09-26 15:06:27.468,13808,13810,13810,1,1
2022-09-26 15:06:27.468,13808,13810,13810,1,1
2022-09-26 15:06:27.503,13809,13811,13811,3,3
2022-09-26 15:06:27.579,13809,13811,13811,2,2
2022-09-26 15:06:27.675,13809,13812,13811,4,4
2022-09-26 15:06:27.707,13809,13812,13811,4,4
2022-09-26 15:06:27.707,13809,13812,13812,1,1
2022-09-26 15:06:27.779,13810,13811,13811,1,1
2022-09-26 15:06:28.521,13810,13811,13811,1,1
2022-09-26 15:06:28.521,13810,13811,13812,1,1
2022-09-26 15:06:28.549,13810,13811,13810,2,-2
2022-09-26 15:06:29.159,13810,13812,13810,1,-1
2022-09-26 15:06:29.190,13810,13812,13810,1,-1
2022-09-26 15:06:29.574,13810,13811,13811,1,1
2022-09-26 15:06:29.585,13810,13811,13811,1,1
2022-09-26 15:06:29.629,13810,13812,13810,1,-1
2022-09-26 15:06:30.670,13810,13812,13812,23,23
2022-09-26 15:06:30.856,13812,13813,13813,1,1
2022-09-26 15:06:30.856,13812,13813,13813,2,2
2022-09-26 15:06:30.856,13812,13813,13813,1,1
2022-09-26 15:06:30.857,13812,13813,13813,4,4
2022-09-26 15:06:30.908,13813,13814,13814,1,1
2022-09-26 15:06:30.908,13813,13814,13814,3,3
2022-09-26 15:06:30.909,13813,13814,13814,1,1
2022-09-26 15:06:30.936,13813,13814,13814,1,1
2022-09-26 15:06:31.012,13814,13815,13814,1,-1
2022-09-26 15:06:31.085,13814,13815,13815,5,5
2022-09-26 15:06:31.184,13814,13815,13815,3,3
2022-09-26 15:06:31.184,13814,13815,13815,4,4
2022-09-26 15:06:31.204,13814,13815,13816,5,5
2022-09-26 15:06:31.206,13814,13815,13816,5,5
2022-09-26 15:06:31.281,13815,13817,13817,4,4
2022-09-26 15:06:31.356,13815,13817,13817,2,2
2022-09-26 15:06:31.359,13815,13817,13817,1,1
2022-09-26 15:06:31.423,13815,13817,13815,1,-1
2022-09-26 15:06:31.427,13815,13817,13817,3,3
2022-09-26 15:06:31.486,13815,13817,13817,5,5
2022-09-26 15:06:31.838,13816,13818,13818,1,1
2022-09-26 15:06:31.846,13816,13818,13816,1,-1
2022-09-26 15:06:31.914,13816,13818,13818,2,2
2022-09-26 15:06:31.938,13816,13818,13818,3,3
2022-09-26 15:06:31.946,13816,13818,13818,1,1
2022-09-26 15:06:31.951,13816,13818,13818,1,1
2022-09-26 15:06:31.952,13816,13818,13816,3,-3
2022-09-26 15:06:31.952,13816,13818,13818,1,1
2022-09-26 15:06:31.956,13816,13818,13818,1,1
2022-09-26 15:06:31.958,13816,13818,13818,1,1
2022-09-26 15:06:32.005,13816,13818,13818,1,1
2022-09-26 15:06:32.053,13816,13818,13819,1,1
2022-09-26 15:06:32.088,13816,13818,13817,5,5
2022-09-26 15:06:32.111,13816,13818,13818,1,1
2022-09-26 15:06:32.121,13816,13818,13818,1,1
2022-09-26 15:06:32.145,13816,13818,13818,7,7
2022-09-26 15:06:32.149,13816,13818,13818,1,1
2022-09-26 15:06:32.193,13816,13818,13818,3,3
2022-09-26 15:06:32.193,13816,13818,13819,1,1
2022-09-26 15:06:32.222,13816,13818,13819,1,1
2022-09-26 15:06:32.299,13817,13819,13819,1,1
2022-09-26 15:06:32.357,13817,13819,13819,1,1
2022-09-26 15:06:32.367,13817,13819,13819,1,1
2022-09-26 15:06:32.371,13817,13819,13819,1,1
2022-09-26 15:06:32.373,13817,13819,13819,1,1
2022-09-26 15:06:32.414,13817,13819,13819,1,1
2022-09-26 15:06:32.418,13817,13819,13819,1,1
2022-09-26 15:06:32.476,13817,13819,13819,1,1
2022-09-26 15:06:32.490,13817,13819,13819,5,5
2022-09-26 15:06:32.491,13817,13819,13820,1,1
2022-09-26 15:06:32.502,13818,13820,13820,1,1
2022-09-26 15:06:32.549,13818,13820,13819,2,2
2022-09-26 15:06:32.549,13818,13820,13819,1,1
2022-09-26 15:06:32.591,13818,13820,13820,1,1
2022-09-26 15:06:32.626,13818,13820,13818,1,-1
2022-09-26 15:06:32.638,13818,13820,13820,5,5
2022-09-26 15:06:32.720,13818,13820,13820,7,7
2022-09-26 15:06:32.720,13818,13820,13821,1,1
2022-09-26 15:06:32.730,13818,13820,13821,1,1
2022-09-26 15:06:32.757,13819,13821,13821,2,2
2022-09-26 15:06:32.795,13819,13821,13821,3,3
2022-09-26 15:06:32.796,13819,13821,13821,3,3
2022-09-26 15:06:32.839,13819,13821,13822,1,1
2022-09-26 15:06:32.839,13819,13821,13822,1,1
2022-09-26 15:06:32.875,13821,13822,13822,1,1
2022-09-26 15:06:32.925,13821,13822,13822,1,1
2022-09-26 15:06:32.957,13821,13822,13822,3,3
2022-09-26 15:06:32.971,13821,13822,13822,1,1
2022-09-26 15:06:32.971,13821,13822,13822,4,4
2022-09-26 15:06:32.973,13821,13822,13823,1,1
2022-09-26 15:06:32.998,13822,13824,13822,2,-2
2022-09-26 15:06:33.147,13821,13823,13821,2,-2
2022-09-26 15:06:33.205,13821,13823,13822,6,-6
2022-09-26 15:06:33.269,13819,13820,13820,1,1
2022-09-26 15:06:33.331,13819,13820,13820,1,1
2022-09-26 15:06:33.374,13818,13820,13820,1,1
2022-09-26 15:06:33.379,13818,13820,13820,1,1
2022-09-26 15:06:33.401,13818,13820,13820,3,3
2022-09-26 15:06:33.446,13818,13820,13821,1,1
2022-09-26 15:06:33.450,13818,13820,13821,1,1
2022-09-26 15:06:33.450,13818,13820,13821,1,1
2022-09-26 15:06:33.525,13819,13821,13821,1,1
2022-09-26 15:06:33.537,13819,13821,13821,1,1
2022-09-26 15:06:33.564,13819,13821,13821,1,1
2022-09-26 15:06:33.568,13819,13821,13821,1,1
2022-09-26 15:06:33.575,13819,13821,13821,1,1
2022-09-26 15:06:33.594,13819,13821,13821,1,1
2022-09-26 15:06:33.608,13819,13821,13821,1,1
2022-09-26 15:06:33.643,13819,13821,13821,1,1
2022-09-26 15:06:33.644,13819,13821,13821,1,1
2022-09-26 15:06:33.746,13819,13821,13821,1,1
2022-09-26 15:06:33.790,13819,13821,13822,2,2
2022-09-26 15:06:33.853,13819,13821,13820,1,1
2022-09-26 15:06:33.926,13819,13820,13820,1,1
2022-09-26 15:06:34.001,13819,13821,13819,1,-1
2022-09-26 15:06:34.136,13818,13820,13820,1,1
2022-09-26 15:06:34.190,13818,13820,13820,1,1
2022-09-26 15:06:34.266,13818,13820,13820,1,1
2022-09-26 15:06:34.892,13817,13819,13819,2,2
2022-09-26 15:06:34.934,13817,13819,13818,1,1
2022-09-26 15:06:35.150,13817,13818,13817,1,-1
2022-09-26 15:06:35.550,13817,13818,13817,1,-1
2022-09-26 15:06:35.803,13817,13818,13817,1,-1
2022-09-26 15:06:35.804,13817,13818,13817,1,-1
2022-09-26 15:06:35.840,13817,13818,13816,1,-1
2022-09-26 15:06:36.031,13816,13817,13816,1,-1
2022-09-26 15:06:36.121,13815,13817,13817,1,1
2022-09-26 15:06:36.192,13815,13817,13817,1,1
2022-09-26 15:06:36.193,13815,13817,13817,1,1
2022-09-26 15:06:36.390,13817,13818,13818,5,5
2022-09-26 15:06:36.390,13817,13818,13818,4,4
2022-09-26 15:06:36.524,13817,13819,13817,3,-3
2022-09-26 15:06:36.689,13817,13819,13819,1,1
2022-09-26 15:06:36.690,13817,13819,13819,1,1
2022-09-26 15:06:36.746,13817,13819,13819,2,2
2022-09-26 15:06:36.849,13817,13819,13818,1,1
2022-09-26 15:06:36.961,13817,13819,13819,4,4
2022-09-26 15:06:37.067,13818,13820,13820,1,1
2022-09-26 15:06:37.312,13818,13819,13818,1,-1
2022-09-26 15:06:37.562,13816,13818,13818,6,6
2022-09-26 15:06:37.562,13816,13818,13819,4,4
2022-09-26 15:06:37.863,13817,13819,13819,1,1
2022-09-26 15:06:37.863,13817,13819,13819,1,1
2022-09-26 15:06:38.783,13818,13819,13819,2,2
2022-09-26 15:06:38.997,13818,13820,13820,1,1
2022-09-26 15:06:39.318,13819,13820,13820,4,4
2022-09-26 15:06:39.455,13820,13821,13821,1,1
2022-09-26 15:06:39.456,13820,13821,13821,2,2
2022-09-26 15:06:39.858,13821,13823,13821,1,-1
2022-09-26 15:06:40.052,13820,13822,13822,1,1
2022-09-26 15:06:40.253,13821,13822,13821,1,-1
2022-09-26 15:06:40.277,13821,13822,13821,2,-2
2022-09-26 15:06:40.615,13820,13822,13822,1,1
2022-09-26 15:06:40.718,13821,13823,13823,2,2
2022-09-26 15:06:40.740,13821,13823,13821,1,-1
2022-09-26 15:06:41.842,13822,13823,13823,1,1
2022-09-26 15:06:41.842,13822,13823,13823,2,2
2022-09-26 15:06:41.842,13822,13823,13823,3,3
2022-09-26 15:06:42.053,13823,13824,13823,1,-1
2022-09-26 15:06:42.109,13823,13824,13822,1,-1
2022-09-26 15:06:42.110,13823,13824,13824,2,2
2022-09-26 15:06:42.144,13822,13824,13824,1,1
2022-09-26 15:06:42.334,13824,13825,13824,1,-1
2022-09-26 15:06:42.589,13824,13825,13825,1,1
2022-09-26 15:06:42.635,13823,13825,13825,1,1
2022-09-26 15:06:42.741,13823,13825,13825,1,1
2022-09-26 15:06:42.893,13823,13825,13823,1,-1
2022-09-26 15:06:43.009,13823,13825,13825,1,1
2022-09-26 15:06:43.069,13823,13825,13825,4,4
2022-09-26 15:06:43.121,13824,13826,13826,3,3
2022-09-26 15:06:43.132,13824,13826,13827,2,2
2022-09-26 15:06:43.133,13824,13826,13828,2,2
2022-09-26 15:06:43.226,13824,13826,13826,1,1
2022-09-26 15:06:43.229,13824,13826,13826,1,1
2022-09-26 15:06:43.261,13826,13828,13828,3,3
2022-09-26 15:06:43.263,13826,13828,13828,4,4
2022-09-26 15:06:43.263,13826,13828,13828,1,1
2022-09-26 15:06:43.263,13826,13828,13829,2,2
2022-09-26 15:06:43.264,13826,13828,13827,1,1
2022-09-26 15:06:43.266,13826,13828,13827,1,1
2022-09-26 15:06:43.436,13826,13828,13828,3,3
2022-09-26 15:06:43.484,13826,13828,13827,2,2
2022-09-26 15:06:43.563,13826,13828,13826,1,-1
2022-09-26 15:06:43.601,13826,13828,13828,2,2
2022-09-26 15:06:43.613,13826,13828,13828,2,2
2022-09-26 15:06:43.687,13826,13828,13829,1,1
2022-09-26 15:06:43.740,13826,13828,13828,1,1
2022-09-26 15:06:43.900,13828,13830,13828,7,-7
2022-09-26 15:06:44.213,13826,13829,13827,9,-9
2022-09-26 15:06:44.213,13826,13829,13828,1,1
2022-09-26 15:06:44.491,13826,13828,13828,1,1
2022-09-26 15:06:45.471,13827,13828,13827,1,-1
2022-09-26 15:06:45.573,13826,13828,13827,1,-1
2022-09-26 15:06:45.889,13826,13828,13828,1,1
2022-09-26 15:06:46.295,13826,13828,13826,1,-1
2022-09-26 15:06:46.446,13826,13828,13828,2,2
2022-09-26 15:06:46.622,13826,13828,13826,1,-1
2022-09-26 15:06:46.860,13826,13827,13827,1,1
2022-09-26 15:06:47.096,13826,13827,13826,1,-1
2022-09-26 15:06:47.100,13826,13827,13827,2,2
2022-09-26 15:06:47.104,13826,13827,13827,2,2
2022-09-26 15:06:47.243,13826,13828,13826,1,-1
2022-09-26 15:06:47.420,13826,13828,13826,1,-1
2022-09-26 15:06:47.498,13825,13827,13827,1,1
2022-09-26 15:06:47.906,13825,13827,13827,1,1
2022-09-26 15:06:47.972,13825,13827,13827,1,1
2022-09-26 15:06:48.016,13825,13827,13827,1,1
2022-09-26 15:06:48.337,13825,13827,13826,1,1
2022-09-26 15:06:48.574,13825,13827,13827,1,1
2022-09-26 15:06:48.616,13825,13827,13825,1,-1
2022-09-26 15:06:48.734,13824,13826,13826,1,1
2022-09-26 15:06:49.204,13824,13825,13824,1,-1
2022-09-26 15:06:49.463,13823,13824,13824,1,1
2022-09-26 15:06:49.704,13823,13824,13824,1,1
2022-09-26 15:06:49.747,13823,13824,13824,1,1
2022-09-26 15:06:49.748,13823,13824,13824,1,1
2022-09-26 15:06:49.748,13823,13824,13824,1,1
2022-09-26 15:06:49.965,13824,13825,13824,1,-1
2022-09-26 15:06:50.092,13824,13825,13825,1,1
2022-09-26 15:06:50.610,13823,13825,13825,3,3
2022-09-26 15:06:51.120,13824,13826,13824,1,-1
2022-09-26 15:06:52.843,13824,13826,13826,2,2
2022-09-26 15:06:52.911,13824,13826,13825,10,10
2022-09-26 15:06:53.387,13823,13825,13825,5,5
2022-09-26 15:06:54.065,13823,13825,13823,2,-2
2022-09-26 15:06:54.165,13822,13824,13824,1,1
2022-09-26 15:06:54.281,13822,13824,13824,1,1
2022-09-26 15:06:56.332,13822,13823,13823,1,1
2022-09-26 15:06:56.487,13822,13824,13823,1,1
2022-09-26 15:06:56.487,13822,13824,13822,1,-1
2022-09-26 15:06:58.247,13820,13822,13822,2,2
2022-09-26 15:06:58.301,13820,13822,13820,5,-5
2022-09-26 15:06:59.081,13820,13822,13820,1,-1
2022-09-26 15:06:59.880,13821,13822,13821,1,-1
2022-09-26 15:07:00.094,13820,13822,13822,1,1
2022-09-26 15:07:00.099,13820,13822,13822,1,1
2022-09-26 15:07:00.121,13820,13822,13822,2,2
2022-09-26 15:07:00.124,13820,13822,13822,2,2
2022-09-26 15:07:00.124,13820,13822,13822,1,1
2022-09-26 15:07:00.124,13820,13822,13822,1,1
2022-09-26 15:07:00.124,13820,13822,13823,2,2
2022-09-26 15:07:00.124,13820,13822,13823,1,1
2022-09-26 15:07:00.219,13820,13822,13824,1,1
2022-09-26 15:07:00.234,13820,13822,13824,1,1
2022-09-26 15:07:00.234,13820,13822,13824,1,1
2022-09-26 15:07:00.274,13822,13824,13824,1,1
2022-09-26 15:07:00.280,13822,13824,13824,1,1
2022-09-26 15:07:00.421,13822,13824,13823,1,1
2022-09-26 15:07:00.594,13822,13824,13824,1,1
2022-09-26 15:07:00.884,13823,13824,13824,1,1
2022-09-26 15:07:00.884,13823,13824,13824,3,3
2022-09-26 15:07:01.034,13823,13825,13823,1,-1
2022-09-26 15:07:01.237,13822,13824,13824,1,1
2022-09-26 15:07:01.247,13822,13824,13824,1,1
2022-09-26 15:07:01.388,13822,13824,13824,1,1
2022-09-26 15:07:01.490,13822,13824,13823,2,2
2022-09-26 15:07:01.600,13822,13824,13822,2,-2
2022-09-26 15:07:01.764,13822,13824,13824,1,1
2022-09-26 15:07:01.910,13822,13824,13822,1,-1
2022-09-26 15:07:02.327,13821,13823,13821,1,-1
2022-09-26 15:07:02.369,13821,13823,13823,1,1
2022-09-26 15:07:02.477,13821,13823,13822,1,1
2022-09-26 15:07:03.172,13821,13823,13821,1,-1
2022-09-26 15:07:03.910,13821,13822,13821,1,-1
2022-09-26 15:07:03.994,13821,13822,13821,1,-1
2022-09-26 15:07:04.143,13821,13822,13821,3,-3
2022-09-26 15:07:04.143,13821,13822,13821,1,-1
2022-09-26 15:07:04.143,13821,13822,13821,1,-1
2022-09-26 15:07:04.144,13821,13822,13821,5,-5
2022-09-26 15:07:04.207,13821,13822,13821,1,-1
2022-09-26 15:07:04.473,13820,13821,13821,2,2
2022-09-26 15:07:05.163,13820,13821,13820,34,-34
2022-09-26 15:07:05.164,13820,13821,13820,4,-4
2022-09-26 15:07:05.165,13820,13821,13819,1,-1
2022-09-26 15:07:05.182,13820,13821,13820,2,-2
2022-09-26 15:07:05.206,13820,13821,13820,1,-1
2022-09-26 15:07:05.406,13818,13820,13818,1,-1
2022-09-26 15:07:06.399,13818,13820,13820,1,1
2022-09-26 15:07:06.625,13818,13819,13818,1,-1
2022-09-26 15:07:06.625,13818,13819,13818,1,-1
2022-09-26 15:07:09.291,13817,13818,13818,1,1
2022-09-26 15:07:09.370,13817,13819,13819,1,1
2022-09-26 15:07:09.371,13817,13819,13819,1,1
2022-09-26 15:07:10.268,13818,13820,13818,1,-1
2022-09-26 15:07:10.486,13817,13819,13817,1,-1
2022-09-26 15:07:11.468,13817,13818,13817,1,-1
2022-09-26 15:07:11.781,13817,13818,13818,1,1
2022-09-26 15:07:11.781,13817,13818,13819,2,2
2022-09-26 15:07:11.791,13817,13818,13819,3,3
2022-09-26 15:07:11.791,13817,13818,13820,2,2
2022-09-26 15:07:11.838,13817,13818,13820,2,2
2022-09-26 15:07:11.929,13818,13820,13820,1,1
2022-09-26 15:07:11.961,13818,13820,13820,3,3
2022-09-26 15:07:11.971,13818,13820,13821,3,3
2022-09-26 15:07:11.982,13818,13820,13821,1,1
2022-09-26 15:07:11.993,13819,13821,13821,2,2
2022-09-26 15:07:11.993,13819,13821,13822,1,1
2022-09-26 15:07:12.028,13819,13821,13822,4,4
2022-09-26 15:07:12.084,13819,13821,13822,2,2
2022-09-26 15:07:12.108,13819,13821,13822,1,1
2022-09-26 15:07:12.136,13820,13822,13822,2,2
2022-09-26 15:07:12.192,13820,13822,13822,1,1
2022-09-26 15:07:12.202,13820,13822,13822,1,1
2022-09-26 15:07:12.202,13820,13822,13823,1,1
2022-09-26 15:07:12.303,13821,13823,13822,1,1
2022-09-26 15:07:12.303,13821,13823,13823,2,2
2022-09-26 15:07:12.303,13821,13823,13823,2,2
2022-09-26 15:07:12.309,13821,13823,13821,1,-1
2022-09-26 15:07:12.390,13821,13823,13821,1,-1
2022-09-26 15:07:12.391,13821,13823,13821,4,-4
2022-09-26 15:07:12.609,13820,13822,13822,1,1
2022-09-26 15:07:12.609,13820,13822,13822,2,2
2022-09-26 15:07:12.609,13820,13822,13822,1,1
2022-09-26 15:07:12.609,13820,13822,13822,2,2
2022-09-26 15:07:12.610,13820,13822,13822,1,1
2022-09-26 15:07:12.610,13820,13822,13823,1,1
2022-09-26 15:07:12.610,13820,13822,13823,2,2
2022-09-26 15:07:12.610,13820,13822,13823,7,7
2022-09-26 15:07:12.610,13820,13822,13824,13,13
2022-09-26 15:07:12.610,13820,13822,13824,4,4
2022-09-26 15:07:12.610,13820,13822,13825,2,2
2022-09-26 15:07:12.689,13823,13825,13825,2,2
2022-09-26 15:07:12.690,13823,13825,13824,3,3
2022-09-26 15:07:12.699,13823,13825,13825,2,2
2022-09-26 15:07:12.724,13823,13825,13825,1,1
2022-09-26 15:07:12.831,13823,13825,13825,1,1
2022-09-26 15:07:12.832,13823,13825,13824,1,1
2022-09-26 15:07:12.841,13823,13825,13826,1,1
2022-09-26 15:07:12.891,13824,13826,13824,5,-5
2022-09-26 15:07:12.949,13824,13826,13823,1,-1
2022-09-26 15:07:13.312,13823,13825,13823,2,-2
2022-09-26 15:07:13.609,13823,13825,13825,1,1
2022-09-26 15:07:13.609,13823,13825,13825,2,2
2022-09-26 15:07:13.609,13823,13825,13825,2,2
2022-09-26 15:07:13.700,13823,13826,13823,1,-1
2022-09-26 15:07:13.883,13823,13826,13826,12,12
2022-09-26 15:07:14.067,13824,13826,13824,1,-1
2022-09-26 15:07:14.136,13824,13826,13824,2,-2
2022-09-26 15:07:14.137,13824,13826,13824,5,-5
2022-09-26 15:07:14.137,13824,13826,13823,1,-1
2022-09-26 15:07:14.261,13823,13825,13823,1,-1
2022-09-26 15:07:15.050,13822,13823,13822,1,-1
2022-09-26 15:07:15.151,13821,13822,13821,1,-1
2022-09-26 15:07:15.195,13821,13822,13820,2,-2
2022-09-26 15:07:15.196,13821,13822,13820,1,-1
2022-09-26 15:07:18.262,13818,13819,13819,1,1
2022-09-26 15:07:18.612,13818,13819,13818,2,-2
2022-09-26 15:07:18.904,13817,13819,13819,1,1
2022-09-26 15:07:19.305,13818,13819,13818,1,-1
2022-09-26 15:07:19.371,13817,13819,13819,1,1
2022-09-26 15:07:19.374,13817,13819,13820,1,1
2022-09-26 15:07:20.477,13818,13820,13818,1,-1
2022-09-26 15:07:22.540,13818,13819,13819,1,1
2022-09-26 15:07:22.541,13818,13819,13819,1,1
2022-09-26 15:07:23.083,13818,13820,13820,1,1
2022-09-26 15:07:24.077,13817,13818,13817,3,-3
2022-09-26 15:07:24.152,13816,13818,13818,1,1
2022-09-26 15:07:24.449,13816,13818,13818,1,1
2022-09-26 15:07:24.511,13816,13818,13818,1,1
2022-09-26 15:07:24.641,13816,13818,13818,5,5
2022-09-26 15:07:26.911,13818,13820,13818,1,-1
2022-09-26 15:07:28.370,13818,13819,13818,1,-1
2022-09-26 15:07:28.618,13817,13819,13819,1,1
2022-09-26 15:07:28.618,13817,13819,13819,1,1
2022-09-26 15:07:28.916,13817,13819,13819,2,2
2022-09-26 15:07:28.920,13817,13819,13819,1,1
2022-09-26 15:07:29.377,13818,13820,13818,2,-2
2022-09-26 15:07:30.354,13817,13819,13819,1,1
2022-09-26 15:07:30.584,13818,13820,13818,1,-1
2022-09-26 15:07:31.726,13817,13819,13819,4,4
2022-09-26 15:07:32.168,13818,13820,13818,1,-1
2022-09-26 15:07:32.520,13817,13819,13819,3,3
2022-09-26 15:07:32.844,13817,13819,13819,1,1
2022-09-26 15:07:32.906,13817,13819,13819,1,1
2022-09-26 15:07:34.913,13818,13819,13818,1,-1
2022-09-26 15:07:35.228,13817,13819,13818,1,-1
2022-09-26 15:07:36.990,13818,13819,13819,2,2
2022-09-26 15:07:37.230,13818,13819,13819,2,2
2022-09-26 15:07:37.411,13819,13820,13819,1,-1
2022-09-26 15:07:38.725,13818,13820,13820,1,1
2022-09-26 15:07:39.214,13818,13820,13818,1,-1
2022-09-26 15:07:39.926,13818,13820,13820,2,2
2022-09-26 15:07:39.926,13818,13820,13820,12,12
2022-09-26 15:07:39.926,13818,13820,13820,2,2
2022-09-26 15:07:39.926,13818,13820,13820,3,3
2022-09-26 15:07:39.926,13818,13820,13820,2,2
2022-09-26 15:07:40.236,13820,13821,13820,3,-3
2022-09-26 15:07:40.462,13819,13821,13821,1,1
2022-09-26 15:07:40.472,13819,13821,13821,1,1
2022-09-26 15:07:40.529,13819,13821,13821,1,1
2022-09-26 15:07:40.648,13819,13821,13819,1,-1
2022-09-26 15:07:40.749,13819,13821,13819,5,-5
2022-09-26 15:07:41.250,13819,13821,13821,2,2
2022-09-26 15:07:41.571,13819,13821,13820,1,1
2022-09-26 15:07:42.310,13819,13821,13819,1,-1
2022-09-26 15:07:42.869,13819,13821,13819,1,-1
2022-09-26 15:07:44.295,13819,13821,13819,1,-1
2022-09-26 15:07:46.285,13819,13820,13820,1,1
2022-09-26 15:07:46.371,13820,13821,13820,2,-2
2022-09-26 15:07:46.371,13820,13821,13819,3,-3
2022-09-26 15:07:46.865,13819,13821,13819,5,-5
2022-09-26 15:07:47.163,13819,13820,13820,1,1
2022-09-26 15:07:49.267,13819,13821,13819,1,-1
2022-09-26 15:07:49.383,13819,13821,13821,1,1
2022-09-26 15:07:49.387,13819,13821,13821,1,1
2022-09-26 15:07:49.956,13820,13822,13820,1,-1
2022-09-26 15:07:50.378,13819,13821,13820,1,-1
2022-09-26 15:07:50.626,13820,13821,13821,1,1
2022-09-26 15:07:52.636,13820,13822,13821,1,1
2022-09-26 15:07:52.824,13820,13822,13822,5,5
2022-09-26 15:07:53.739,13821,13823,13821,1,-1
2022-09-26 15:07:54.006,13822,13823,13823,1,1
2022-09-26 15:07:54.006,13822,13823,13823,1,1
2022-09-26 15:07:54.050,13822,13823,13823,1,1
2022-09-26 15:07:54.051,13822,13823,13823,1,1
2022-09-26 15:07:54.066,13822,13823,13823,1,1
2022-09-26 15:07:54.066,13822,13823,13823,1,1
2022-09-26 15:07:54.066,13822,13823,13823,4,4
2022-09-26 15:07:54.067,13822,13823,13823,1,1
2022-09-26 15:07:54.370,13822,13824,13824,1,1
2022-09-26 15:07:54.548,13822,13824,13822,1,-1
2022-09-26 15:07:54.598,13822,13824,13822,1,-1
2022-09-26 15:07:55.220,13821,13823,13823,1,1
2022-09-26 15:07:55.715,13821,13823,13823,2,2
2022-09-26 15:07:56.568,13822,13823,13823,2,2
2022-09-26 15:07:56.644,13823,13824,13823,1,-1
2022-09-26 15:07:56.784,13822,13823,13823,1,1
2022-09-26 15:07:58.071,13822,13824,13822,1,-1
2022-09-26 15:07:58.167,13822,13824,13824,1,1
2022-09-26 15:08:00.200,13821,13822,13822,1,1
2022-09-26 15:08:00.217,13821,13822,13822,5,5
2022-09-26 15:08:00.246,13821,13823,13823,1,1
2022-09-26 15:08:00.313,13821,13823,13823,1,1
2022-09-26 15:08:00.377,13821,13823,13823,1,1
2022-09-26 15:08:00.833,13821,13823,13823,1,1
2022-09-26 15:08:01.248,13821,13823,13821,1,-1
2022-09-26 15:08:01.764,13822,13824,13822,3,-3
2022-09-26 15:08:01.811,13822,13824,13823,1,-1
2022-09-26 15:08:02.095,13821,13823,13823,2,2
2022-09-26 15:08:02.095,13821,13823,13824,5,5
2022-09-26 15:08:02.124,13822,13824,13824,2,2
2022-09-26 15:08:03.174,13822,13823,13823,1,1
2022-09-26 15:08:03.616,13822,13824,13821,1,-1
2022-09-26 15:08:04.402,13823,13824,13823,2,-2
2022-09-26 15:08:05.969,13821,13823,13823,2,2
2022-09-26 15:08:05.969,13821,13823,13823,1,1
2022-09-26 15:08:07.673,13822,13823,13822,2,-2
2022-09-26 15:08:08.607,13822,13823,13822,1,-1
2022-09-26 15:08:08.635,13822,13823,13823,2,2
2022-09-26 15:08:08.796,13822,13823,13823,1,1
2022-09-26 15:08:09.745,13821,13823,13823,3,3
2022-09-26 15:08:10.028,13821,13823,13822,1,1
2022-09-26 15:08:10.611,13821,13823,13821,1,-1
2022-09-26 15:08:11.007,13821,13823,13823,1,1
2022-09-26 15:08:12.039,13821,13823,13823,3,3
2022-09-26 15:08:14.024,13822,13823,13823,1,1
2022-09-26 15:08:14.996,13822,13824,13822,3,-3
2022-09-26 15:08:16.274,13821,13822,13821,3,-3
2022-09-26 15:08:16.752,13821,13822,13821,32,-32
2022-09-26 15:08:16.753,13821,13822,13820,3,-3
2022-09-26 15:08:18.230,13819,13821,13819,3,-3
2022-09-26 15:08:21.714,13819,13820,13820,1,1
2022-09-26 15:08:21.714,13819,13820,13820,1,1
2022-09-26 15:08:21.745,13819,13821,13821,1,1
2022-09-26 15:08:22.312,13819,13820,13820,1,1
2022-09-26 15:08:23.450,13819,13820,13819,4,-4
2022-09-26 15:08:23.450,13819,13820,13818,1,-1
2022-09-26 15:08:25.264,13819,13820,13819,1,-1
2022-09-26 15:08:26.873,13819,13820,13820,1,1
2022-09-26 15:08:26.873,13819,13820,13820,2,2
2022-09-26 15:08:27.485,13819,13821,13819,1,-1
2022-09-26 15:08:30.413,13820,13821,13820,1,-1
2022-09-26 15:08:30.783,13818,13820,13820,3,3
2022-09-26 15:08:31.785,13819,13821,13821,2,2
2022-09-26 15:08:33.749,13820,13821,13820,1,-1
2022-09-26 15:08:35.585,13820,13821,13820,1,-1
2022-09-26 15:08:35.793,13820,13821,13821,2,2
2022-09-26 15:08:35.793,13820,13821,13822,1,1
2022-09-26 15:08:36.067,13821,13822,13822,2,2
2022-09-26 15:08:36.559,13821,13822,13821,1,-1
2022-09-26 15:08:37.087,13821,13822,13821,1,-1
2022-09-26 15:08:37.088,13821,13822,13821,3,-3
2022-09-26 15:08:37.226,13820,13821,13820,1,-1
2022-09-26 15:08:37.227,13820,13821,13821,1,1
2022-09-26 15:08:37.371,13820,13822,13822,1,1
2022-09-26 15:08:39.940,13821,13822,13821,1,-1
2022-09-26 15:08:40.107,13821,13822,13821,2,-2
2022-09-26 15:08:40.153,13820,13821,13820,1,-1
2022-09-26 15:08:40.429,13820,13821,13822,1,1
2022-09-26 15:08:41.232,13820,13822,13820,1,-1
2022-09-26 15:08:42.264,13820,13821,13820,1,-1
2022-09-26 15:08:44.591,13819,13821,13819,2,-2
2022-09-26 15:08:45.696,13818,13820,13818,3,-3
2022-09-26 15:08:45.696,13818,13820,13818,3,-3
2022-09-26 15:08:45.696,13818,13820,13818,1,-1
2022-09-26 15:08:45.696,13818,13820,13818,4,-4
2022-09-26 15:08:45.697,13818,13820,13818,6,-6
2022-09-26 15:08:45.697,13818,13820,13818,8,-8
2022-09-26 15:08:50.132,13818,13820,13818,1,-1
2022-09-26 15:08:50.770,13818,13820,13818,1,-1
2022-09-26 15:08:51.410,13819,13820,13819,1,-1
2022-09-26 15:08:53.247,13818,13820,13818,1,-1
2022-09-26 15:08:53.828,13818,13819,13818,1,-1
2022-09-26 15:08:53.829,13818,13819,13818,1,-1
2022-09-26 15:08:56.624,13817,13819,13817,1,-1
2022-09-26 15:08:59.022,13817,13818,13817,7,-7
2022-09-26 15:08:59.023,13817,13818,13817,3,-3
2022-09-26 15:09:00.670,13817,13818,13818,3,3
2022-09-26 15:09:00.670,13817,13818,13818,1,1
2022-09-26 15:09:00.670,13817,13818,13818,1,1
2022-09-26 15:09:00.920,13818,13820,13820,1,1
2022-09-26 15:09:00.969,13818,13820,13820,2,2
2022-09-26 15:09:01.000,13818,13820,13820,2,2
2022-09-26 15:09:01.023,13818,13820,13820,2,2
2022-09-26 15:09:02.640,13819,13820,13820,1,1
2022-09-26 15:09:02.640,13819,13820,13820,1,1
2022-09-26 15:09:03.382,13819,13821,13819,6,-6
2022-09-26 15:09:03.525,13819,13821,13821,2,2
2022-09-26 15:09:07.405,13818,13820,13820,1,1
2022-09-26 15:09:08.029,13819,13820,13820,3,3
2022-09-26 15:09:09.363,13819,13820,13819,1,-1
2022-09-26 15:09:09.718,13819,13820,13820,2,2
2022-09-26 15:09:10.885,13819,13821,13820,1,1
2022-09-26 15:09:11.861,13819,13821,13820,1,1
2022-09-26 15:09:12.826,13819,13821,13820,2,2
2022-09-26 15:09:13.013,13820,13821,13821,1,1
2022-09-26 15:09:13.013,13820,13821,13821,6,6
2022-09-26 15:09:13.231,13821,13822,13821,1,-1
2022-09-26 15:09:13.680,13820,13822,13820,1,-1
2022-09-26 15:09:14.115,13820,13822,13821,2,-2
2022-09-26 15:09:14.653,13820,13822,13822,1,1
2022-09-26 15:09:16.743,13820,13821,13821,1,1
2022-09-26 15:09:20.764,13819,13820,13819,1,-1
2022-09-26 15:09:24.611,13818,13820,13820,2,2
2022-09-26 15:09:24.620,13818,13820,13820,1,1
2022-09-26 15:09:24.620,13818,13820,13821,1,1
2022-09-26 15:09:24.621,13818,13820,13821,1,1
2022-09-26 15:09:28.175,13819,13821,13819,1,-1
2022-09-26 15:09:28.621,13819,13820,13819,1,-1
2022-09-26 15:09:28.621,13819,13820,13819,1,-1
2022-09-26 15:09:28.774,13818,13819,13819,1,1
2022-09-26 15:09:29.632,13818,13819,13818,6,-6
2022-09-26 15:09:29.813,13817,13818,13817,1,-1
2022-09-26 15:09:29.813,13817,13818,13817,4,-4
2022-09-26 15:09:30.875,13816,13818,13818,2,2
2022-09-26 15:09:33.114,13817,13819,13817,2,-2
2022-09-26 15:09:33.115,13817,13819,13817,1,-1
2022-09-26 15:09:33.115,13817,13819,13817,1,-1
2022-09-26 15:09:33.115,13817,13819,13817,1,-1
2022-09-26 15:09:35.312,13816,13818,13816,1,-1
2022-09-26 15:09:35.452,13816,13818,13816,1,-1
2022-09-26 15:09:35.587,13816,13818,13816,1,-1
2022-09-26 15:09:37.229,13817,13818,13818,2,2
2022-09-26 15:09:39.942,13817,13818,13817,1,-1
2022-09-26 15:09:40.187,13817,13818,13817,1,-1
2022-09-26 15:09:40.594,13816,13817,13818,1,1
2022-09-26 15:09:46.668,13817,13818,13818,1,1
2022-09-26 15:09:46.668,13817,13818,13818,2,2
2022-09-26 15:09:46.754,13818,13819,13819,1,1
2022-09-26 15:09:46.754,13818,13819,13819,1,1
2022-09-26 15:09:46.763,13818,13819,13819,1,1
2022-09-26 15:09:54.344,13818,13819,13818,1,-1
2022-09-26 15:09:56.655,13818,13819,13819,1,1
2022-09-26 15:09:56.656,13818,13819,13819,1,1
2022-09-26 15:09:56.656,13818,13819,13819,9,9
2022-09-26 15:09:56.656,13818,13819,13819,3,3
2022-09-26 15:09:56.719,13818,13819,13820,1,1
2022-09-26 15:09:56.728,13818,13819,13820,1,1
2022-09-26 15:09:57.179,13819,13820,13820,6,6
2022-09-26 15:09:58.164,13820,13821,13821,2,2
2022-09-26 15:10:00.245,13819,13821,13821,1,1
2022-09-26 15:10:00.375,13819,13821,13821,1,1
2022-09-26 15:10:00.375,13819,13821,13821,1,1
2022-09-26 15:10:00.376,13819,13821,13821,1,1
2022-09-26 15:10:00.378,13819,13821,13821,1,1
2022-09-26 15:10:00.602,13820,13821,13821,2,2
2022-09-26 15:10:01.090,13820,13822,13822,5,5
2022-09-26 15:10:01.121,13820,13822,13822,1,1
2022-09-26 15:10:01.124,13820,13822,13822,1,1
2022-09-26 15:10:01.131,13820,13822,13822,1,1
2022-09-26 15:10:01.132,13820,13822,13822,1,1
2022-09-26 15:10:01.132,13820,13822,13822,1,1
2022-09-26 15:10:01.132,13820,13822,13822,2,2
2022-09-26 15:10:01.341,13821,13823,13821,1,-1
2022-09-26 15:10:01.443,13821,13822,13822,1,1
2022-09-26 15:10:01.511,13821,13822,13821,1,-1
2022-09-26 15:10:01.564,13821,13822,13822,1,1
2022-09-26 15:10:01.696,13821,13822,13822,1,1
2022-09-26 15:10:02.031,13821,13823,13823,2,2
2022-09-26 15:10:02.541,13821,13822,13822,1,1
2022-09-26 15:10:03.153,13821,13822,13821,4,-4
2022-09-26 15:10:03.153,13821,13822,13820,1,-1
2022-09-26 15:10:03.182,13821,13822,13820,3,-3
2022-09-26 15:10:03.253,13820,13822,13820,3,-3
2022-09-26 15:10:03.348,13820,13822,13819,2,-2
2022-09-26 15:10:03.355,13820,13822,13821,1,-1
2022-09-26 15:10:03.355,13820,13822,13821,1,-1
2022-09-26 15:10:03.390,13819,13821,13819,2,-2
2022-09-26 15:10:03.394,13819,13821,13821,1,1
2022-09-26 15:10:03.426,13819,13821,13819,2,-2
2022-09-26 15:10:03.548,13819,13821,13819,3,-3
2022-09-26 15:10:03.601,13819,13821,13819,1,-1
2022-09-26 15:10:03.628,13819,13821,13821,1,1
2022-09-26 15:10:03.644,13819,13821,13821,1,1
2022-09-26 15:10:03.710,13819,13821,13819,1,-1
2022-09-26 15:10:03.966,13819,13821,13819,2,-2
2022-09-26 15:10:04.134,13819,13821,13820,1,-1
2022-09-26 15:10:04.284,13819,13821,13819,1,-1
2022-09-26 15:10:04.315,13819,13821,13818,4,-4
2022-09-26 15:10:04.335,13819,13821,13818,3,-3
2022-09-26 15:10:04.406,13818,13820,13818,1,-1
2022-09-26 15:10:04.434,13818,13820,13820,1,1
2022-09-26 15:10:04.434,13818,13820,13820,1,1
2022-09-26 15:10:04.494,13818,13820,13818,2,-2
2022-09-26 15:10:04.575,13818,13820,13818,2,-2
2022-09-26 15:10:04.606,13818,13820,13818,1,-1
2022-09-26 15:10:04.675,13818,13820,13817,2,-2
2022-09-26 15:10:04.719,13818,13820,13817,4,-4
2022-09-26 15:10:04.828,13817,13819,13817,2,-2
2022-09-26 15:10:04.879,13817,13819,13817,1,-1
2022-09-26 15:10:04.909,13817,13819,13817,3,-3
2022-09-26 15:10:04.954,13817,13819,13818,1,-1
2022-09-26 15:10:04.954,13817,13819,13818,1,-1
2022-09-26 15:10:05.066,13816,13818,13816,2,-2
2022-09-26 15:10:05.140,13816,13818,13818,1,1
2022-09-26 15:10:05.166,13816,13818,13816,1,-1
2022-09-26 15:10:05.166,13816,13818,13816,2,-2
2022-09-26 15:10:05.207,13816,13818,13818,1,1
2022-09-26 15:10:05.291,13816,13819,13816,2,-2
2022-09-26 15:10:05.425,13816,13818,13816,2,-2
2022-09-26 15:10:05.480,13816,13818,13818,1,1
2022-09-26 15:10:05.512,13816,13818,13816,2,-2
2022-09-26 15:10:05.542,13816,13818,13816,2,-2
2022-09-26 15:10:05.573,13816,13818,13816,1,-1
2022-09-26 15:10:05.591,13816,13818,13817,1,-1
2022-09-26 15:10:05.838,13816,13818,13816,1,-1
2022-09-26 15:10:05.869,13816,13818,13816,1,-1
2022-09-26 15:10:05.869,13816,13818,13815,11,-11
2022-09-26 15:10:05.933,13816,13818,13815,19,-19
2022-09-26 15:10:05.933,13816,13818,13814,1,-1
2022-09-26 15:10:05.935,13816,13818,13815,2,-2
2022-09-26 15:10:05.935,13816,13818,13815,2,-2
2022-09-26 15:10:06.011,13814,13816,13816,1,1
2022-09-26 15:10:06.136,13815,13818,13816,2,-2
2022-09-26 15:10:06.170,13815,13818,13817,2,2
2022-09-26 15:10:06.171,13815,13818,13817,4,4
2022-09-26 15:10:06.432,13815,13817,13817,1,1
2022-09-26 15:10:07.011,13815,13817,13815,2,-2
2022-09-26 15:10:07.119,13815,13817,13817,1,1
2022-09-26 15:10:07.149,13815,13817,13817,1,1
2022-09-26 15:10:07.149,13815,13817,13817,2,2
2022-09-26 15:10:07.960,13815,13817,13817,1,1
2022-09-26 15:10:07.961,13815,13817,13817,2,2
2022-09-26 15:10:07.961,13815,13817,13817,1,1
2022-09-26 15:10:08.505,13816,13818,13818,1,1
2022-09-26 15:10:08.505,13816,13818,13818,2,2
2022-09-26 15:10:09.532,13817,13819,13817,1,-1
2022-09-26 15:10:10.391,13818,13820,13819,1,-1
2022-09-26 15:10:10.863,13819,13821,13821,1,1
2022-09-26 15:10:11.812,13819,13820,13820,1,1
2022-09-26 15:10:16.132,13819,13820,13819,1,-1
2022-09-26 15:10:16.132,13819,13820,13819,1,-1
2022-09-26 15:10:16.755,13817,13819,13819,5,5
2022-09-26 15:10:17.905,13818,13820,13820,1,1
2022-09-26 15:10:18.050,13818,13820,13820,3,3
2022-09-26 15:10:18.120,13819,13821,13821,1,1
2022-09-26 15:10:18.120,13819,13821,13821,1,1
2022-09-26 15:10:18.120,13819,13821,13821,1,1
2022-09-26 15:10:18.120,13819,13821,13821,1,1
2022-09-26 15:10:18.120,13819,13821,13821,1,1
2022-09-26 15:10:18.120,13819,13821,13821,1,1
2022-09-26 15:10:18.120,13819,13821,13821,1,1
2022-09-26 15:10:20.679,13819,13820,13819,1,-1
2022-09-26 15:10:21.637,13817,13820,13820,1,1
2022-09-26 15:10:22.097,13817,13819,13817,4,-4
2022-09-26 15:10:25.031,13817,13819,13819,2,2
2022-09-26 15:10:25.035,13817,13819,13820,1,1
2022-09-26 15:10:25.036,13817,13819,13820,1,1
2022-09-26 15:10:25.041,13817,13819,13821,3,3
2022-09-26 15:10:25.206,13820,13821,13820,1,-1
2022-09-26 15:10:25.782,13820,13821,13821,1,1
2022-09-26 15:10:26.245,13821,13822,13821,1,-1
2022-09-26 15:10:28.621,13821,13822,13821,1,-1
2022-09-26 15:10:28.745,13821,13822,13822,1,1
2022-09-26 15:10:28.746,13821,13822,13822,1,1
2022-09-26 15:10:28.746,13821,13822,13822,2,2
2022-09-26 15:10:28.749,13821,13822,13823,18,18
2022-09-26 15:10:29.771,13822,13823,13823,1,1
2022-09-26 15:10:30.354,13821,13823,13821,1,-1
2022-09-26 15:10:34.949,13820,13822,13820,1,-1
2022-09-26 15:10:35.433,13820,13822,13820,1,-1
2022-09-26 15:10:39.519,13820,13821,13820,1,-1
2022-09-26 15:10:41.453,13819,13821,13821,1,1
2022-09-26 15:10:41.883,13820,13821,13821,3,3
2022-09-26 15:10:44.455,13819,13821,13821,1,1
2022-09-26 15:10:44.643,13818,13820,13820,1,1
2022-09-26 15:10:47.326,13819,13820,13819,1,-1
2022-09-26 15:10:48.027,13818,13819,13819,1,1
2022-09-26 15:10:49.001,13818,13820,13818,1,-1
2022-09-26 15:10:49.220,13818,13820,13818,1,-1
2022-09-26 15:10:51.141,13818,13819,13818,4,-4
2022-09-26 15:10:51.688,13817,13818,13818,1,1
2022-09-26 15:10:52.297,13817,13818,13817,1,-1
2022-09-26 15:10:52.297,13817,13818,13817,1,-1
2022-09-26 15:10:52.297,13817,13818,13817,2,-2
2022-09-26 15:10:52.297,13817,13818,13817,5,-5
2022-09-26 15:10:52.418,13816,13817,13817,1,1
2022-09-26 15:10:52.489,13816,13817,13817,1,1
2022-09-26 15:10:52.996,13816,13818,13818,2,2
2022-09-26 15:10:55.048,13817,13818,13817,1,-1
2022-09-26 15:10:59.047,13816,13817,13817,1,1
2022-09-26 15:11:00.666,13817,13818,13818,1,1
2022-09-26 15:11:00.666,13817,13818,13818,5,5
2022-09-26 15:11:00.666,13817,13818,13818,1,1
2022-09-26 15:11:00.748,13818,13820,13820,1,1
2022-09-26 15:11:03.133,13818,13819,13819,1,1
2022-09-26 15:11:03.880,13819,13820,13820,2,2
2022-09-26 15:11:05.097,13819,13820,13820,1,1
2022-09-26 15:11:09.027,13819,13820,13819,1,-1
2022-09-26 15:11:11.871,13819,13820,13820,1,1
2022-09-26 15:11:11.995,13819,13820,13820,1,1
2022-09-26 15:11:14.934,13817,13819,13818,1,1
2022-09-26 15:11:16.450,13817,13819,13817,5,-5
2022-09-26 15:11:16.955,13816,13818,13818,1,1
2022-09-26 15:11:18.277,13818,13819,13819,2,2
2022-09-26 15:11:18.849,13819,13820,13820,1,1
2022-09-26 15:11:18.849,13819,13820,13820,3,3
2022-09-26 15:11:18.849,13819,13820,13820,1,1
2022-09-26 15:11:18.849,13819,13820,13820,8,8
2022-09-26 15:11:18.849,13819,13820,13820,6,6
2022-09-26 15:11:18.850,13819,13820,13820,1,1
2022-09-26 15:11:18.850,13819,13820,13820,2,2
2022-09-26 15:11:18.850,13819,13820,13820,3,3
2022-09-26 15:11:18.898,13820,13821,13821,1,1
2022-09-26 15:11:19.410,13819,13821,13820,2,2
2022-09-26 15:11:19.410,13819,13821,13821,3,3
2022-09-26 15:11:19.495,13819,13821,13821,1,1
2022-09-26 15:11:20.653,13819,13820,13819,1,-1
2022-09-26 15:11:21.249,13819,13820,13819,1,-1
2022-09-26 15:11:21.347,13819,13820,13820,1,1
2022-09-26 15:11:21.808,13818,13820,13820,5,5
2022-09-26 15:11:22.240,13818,13820,13820,5,5
2022-09-26 15:11:22.738,13818,13820,13820,5,5
2022-09-26 15:11:23.137,13818,13820,13820,5,5
2022-09-26 15:11:24.991,13820,13821,13821,5,5
2022-09-26 15:11:25.762,13820,13821,13820,5,-5
2022-09-26 15:11:25.856,13820,13821,13821,5,5
2022-09-26 15:11:26.755,13820,13821,13821,5,5
2022-09-26 15:11:29.994,13820,13821,13820,1,-1
2022-09-26 15:11:30.055,13820,13821,13821,2,2
2022-09-26 15:11:30.055,13820,13821,13822,1,1
2022-09-26 15:11:30.116,13820,13821,13822,4,4
2022-09-26 15:11:31.085,13821,13822,13821,5,-5
2022-09-26 15:11:33.604,13821,13822,13822,4,4
2022-09-26 15:11:33.900,13821,13822,13822,1,1
2022-09-26 15:11:34.808,13822,13823,13822,3,-3
2022-09-26 15:11:36.449,13821,13822,13821,1,-1
2022-09-26 15:11:36.575,13821,13822,13821,1,-1
2022-09-26 15:11:37.838,13820,13821,13820,5,-5
2022-09-26 15:11:38.820,13818,13820,13820,1,1
2022-09-26 15:11:40.190,13818,13820,13819,1,1
2022-09-26 15:11:44.786,13819,13820,13819,1,-1
2022-09-26 15:11:47.865,13818,13819,13819,1,1
2022-09-26 15:11:47.865,13818,13819,13820,1,1
2022-09-26 15:11:47.958,13818,13820,13819,1,1
2022-09-26 15:11:49.437,13818,13819,13819,7,7
2022-09-26 15:11:49.437,13818,13819,13820,11,11
2022-09-26 15:11:49.894,13818,13820,13818,1,-1
2022-09-26 15:11:50.213,13818,13820,13819,1,-1
2022-09-26 15:11:50.457,13818,13820,13820,1,1
2022-09-26 15:11:53.236,13818,13820,13820,5,5
2022-09-26 15:11:55.110,13819,13821,13821,4,4
2022-09-26 15:11:55.111,13819,13821,13821,9,9
2022-09-26 15:11:56.023,13821,13822,13821,5,-5
2022-09-26 15:11:56.292,13820,13822,13822,1,1
2022-09-26 15:11:56.683,13820,13821,13820,2,-2
2022-09-26 15:11:57.895,13819,13820,13819,6,-6
2022-09-26 15:12:00.244,13819,13820,13820,2,2
2022-09-26 15:12:00.324,13819,13820,13821,2,2
2022-09-26 15:12:01.073,13819,13820,13819,2,-2
2022-09-26 15:12:02.468,13818,13820,13818,2,-2
2022-09-26 15:12:04.329,13818,13819,13819,1,1
2022-09-26 15:12:04.845,13819,13820,13819,2,-2
2022-09-26 15:12:05.125,13819,13820,13820,1,1
2022-09-26 15:12:07.629,13819,13820,13819,3,-3
2022-09-26 15:12:07.630,13819,13820,13819,1,-1
2022-09-26 15:12:12.924,13818,13820,13818,1,-1
2022-09-26 15:12:12.924,13818,13820,13818,1,-1
2022-09-26 15:12:12.924,13818,13820,13818,8,-8
2022-09-26 15:12:12.925,13818,13820,13818,2,-2
2022-09-26 15:12:12.925,13818,13820,13818,10,-10
2022-09-26 15:12:12.925,13818,13820,13818,1,-1
2022-09-26 15:12:12.925,13818,13820,13818,2,-2
2022-09-26 15:12:12.925,13818,13820,13818,2,-2
2022-09-26 15:12:12.926,13818,13820,13818,1,-1
2022-09-26 15:12:12.926,13818,13820,13818,1,-1
2022-09-26 15:12:15.899,13819,13820,13819,1,-1
2022-09-26 15:12:15.900,13819,13820,13819,1,-1
2022-09-26 15:12:17.379,13817,13819,13819,2,2
2022-09-26 15:12:17.882,13818,13820,13818,1,-1
2022-09-26 15:12:19.400,13818,13819,13818,2,-2
2022-09-26 15:12:19.460,13818,13819,13817,2,-2
2022-09-26 15:12:23.775,13817,13818,13818,1,1
2022-09-26 15:12:26.085,13817,13818,13817,1,-1
2022-09-26 15:12:26.101,13817,13818,13816,3,-3
2022-09-26 15:12:28.623,13816,13817,13816,3,-3
2022-09-26 15:12:30.212,13815,13816,13815,1,-1
2022-09-26 15:12:30.212,13815,13816,13815,1,-1
2022-09-26 15:12:30.212,13815,13816,13815,1,-1
2022-09-26 15:12:30.515,13814,13816,13816,6,6
2022-09-26 15:12:31.178,13815,13817,13815,5,-5
2022-09-26 15:12:31.363,13815,13817,13817,2,2
2022-09-26 15:12:32.945,13815,13817,13815,5,-5
2022-09-26 15:12:33.033,13816,13817,13816,1,-1
2022-09-26 15:12:37.941,13816,13817,13817,1,1
2022-09-26 15:12:40.182,13816,13817,13817,19,19
2022-09-26 15:12:40.182,13816,13817,13818,14,14
2022-09-26 15:12:40.182,13816,13817,13819,17,17
2022-09-26 15:12:40.479,13817,13819,13819,2,2
2022-09-26 15:12:40.500,13818,13819,13819,1,1
2022-09-26 15:12:40.561,13818,13819,13820,3,3
2022-09-26 15:12:40.565,13818,13819,13818,2,-2
2022-09-26 15:12:40.670,13818,13820,13820,2,2
2022-09-26 15:12:40.700,13818,13820,13820,1,1
2022-09-26 15:12:40.720,13818,13820,13820,3,3
2022-09-26 15:12:40.731,13818,13820,13820,2,2
2022-09-26 15:12:40.731,13818,13820,13821,3,3
2022-09-26 15:12:40.802,13819,13821,13821,2,2
2022-09-26 15:12:40.837,13819,13821,13821,1,1
2022-09-26 15:12:40.858,13819,13821,13821,3,3
2022-09-26 15:12:40.955,13820,13821,13821,1,1
2022-09-26 15:12:40.956,13820,13821,13821,2,2
2022-09-26 15:12:40.957,13820,13821,13821,1,1
2022-09-26 15:12:40.966,13820,13821,13822,2,2
2022-09-26 15:12:40.979,13820,13821,13822,3,3
2022-09-26 15:12:41.000,13821,13822,13821,1,-1
2022-09-26 15:12:41.067,13821,13822,13822,2,2
2022-09-26 15:12:41.076,13821,13822,13822,1,1
2022-09-26 15:12:41.077,13821,13822,13822,2,2
2022-09-26 15:12:41.077,13821,13822,13822,1,1
2022-09-26 15:12:41.084,13821,13822,13821,2,-2
2022-09-26 15:12:41.097,13821,13822,13823,4,4
2022-09-26 15:12:41.219,13822,13823,13823,2,2
2022-09-26 15:12:41.219,13822,13823,13823,1,1
2022-09-26 15:12:41.341,13822,13823,13822,1,-1
2022-09-26 15:12:41.397,13822,13823,13823,2,2
2022-09-26 15:12:41.397,13822,13823,13823,2,2
2022-09-26 15:12:41.412,13822,13823,13823,2,2
2022-09-26 15:12:41.559,13822,13824,13824,1,1
2022-09-26 15:12:41.586,13822,13824,13824,2,2
2022-09-26 15:12:41.588,13822,13824,13824,1,1
2022-09-26 15:12:41.591,13822,13824,13824,1,1
2022-09-26 15:12:41.602,13822,13824,13824,1,1
2022-09-26 15:12:41.607,13822,13824,13824,1,1
2022-09-26 15:12:41.612,13822,13824,13824,1,1
2022-09-26 15:12:41.612,13822,13824,13825,1,1
2022-09-26 15:12:41.644,13823,13825,13825,1,1
2022-09-26 15:12:41.655,13823,13825,13825,3,3
2022-09-26 15:12:41.664,13823,13825,13824,1,1
2022-09-26 15:12:41.720,13823,13825,13825,20,20
2022-09-26 15:12:41.721,13823,13825,13825,5,5
2022-09-26 15:12:41.721,13823,13825,13825,4,4
2022-09-26 15:12:41.721,13823,13825,13825,2,2
2022-09-26 15:12:41.721,13823,13825,13825,1,1
2022-09-26 15:12:41.721,13823,13825,13825,1,1
2022-09-26 15:12:41.839,13825,13826,13826,2,2
2022-09-26 15:12:41.900,13825,13826,13825,1,-1
2022-09-26 15:12:41.969,13825,13826,13826,3,3
2022-09-26 15:12:41.981,13825,13826,13825,2,-2
2022-09-26 15:12:41.983,13825,13826,13825,2,-2
2022-09-26 15:12:41.983,13825,13826,13826,2,2
2022-09-26 15:12:42.109,13824,13826,13824,1,-1
2022-09-26 15:12:42.114,13824,13826,13825,1,-1
2022-09-26 15:12:42.318,13824,13826,13824,1,-1
2022-09-26 15:12:42.319,13824,13826,13826,2,2
2022-09-26 15:12:42.319,13824,13826,13826,1,1
2022-09-26 15:12:42.319,13824,13826,13826,2,2
2022-09-26 15:12:42.319,13824,13826,13826,2,2
2022-09-26 15:12:42.319,13824,13826,13826,2,2
2022-09-26 15:12:42.320,13824,13826,13825,1,1
2022-09-26 15:12:42.495,13825,13826,13826,6,6
2022-09-26 15:12:42.495,13825,13826,13827,6,6
2022-09-26 15:12:42.662,13825,13826,13825,1,-1
2022-09-26 15:12:42.663,13825,13826,13826,3,3
2022-09-26 15:12:42.675,13825,13826,13826,2,2
2022-09-26 15:12:42.763,13824,13825,13824,1,-1
2022-09-26 15:12:43.872,13823,13824,13823,1,-1
2022-09-26 15:12:43.978,13823,13824,13824,5,5
2022-09-26 15:12:44.438,13823,13824,13824,1,1
2022-09-26 15:12:44.438,13823,13824,13825,4,4
2022-09-26 15:12:46.183,13824,13825,13825,1,1
2022-09-26 15:12:46.203,13824,13825,13826,1,1
2022-09-26 15:12:46.767,13825,13826,13825,10,-10
2022-09-26 15:12:47.787,13825,13826,13824,1,-1
2022-09-26 15:12:48.104,13825,13826,13825,1,-1
2022-09-26 15:12:48.265,13825,13826,13826,4,4
2022-09-26 15:12:48.313,13825,13826,13825,1,-1
2022-09-26 15:12:48.395,13824,13826,13825,2,-2
2022-09-26 15:12:48.395,13824,13826,13825,4,-4
2022-09-26 15:12:48.395,13824,13826,13825,5,-5
2022-09-26 15:12:48.417,13824,13826,13825,1,-1
2022-09-26 15:12:49.233,13824,13826,13824,1,-1
2022-09-26 15:12:50.374,13824,13825,13825,2,2
2022-09-26 15:12:50.379,13824,13825,13825,1,1
2022-09-26 15:12:54.327,13824,13825,13825,1,1
2022-09-26 15:12:54.674,13824,13826,13824,1,-1
2022-09-26 15:12:55.321,13825,13826,13825,1,-1
2022-09-26 15:12:55.766,13824,13825,13825,1,1
2022-09-26 15:12:57.454,13824,13825,13825,1,1
2022-09-26 15:12:57.970,13824,13825,13825,2,2
2022-09-26 15:12:59.575,13825,13826,13825,1,-1
2022-09-26 15:13:00.241,13824,13825,13825,4,4
2022-09-26 15:13:00.247,13824,13825,13825,1,1
2022-09-26 15:13:02.175,13824,13825,13825,2,2
2022-09-26 15:13:02.904,13824,13826,13826,1,1
2022-09-26 15:13:02.960,13824,13826,13826,2,2
2022-09-26 15:13:03.101,13824,13826,13825,1,1
2022-09-26 15:13:03.403,13824,13825,13825,1,1
2022-09-26 15:13:04.423,13824,13825,13825,1,1
2022-09-26 15:13:04.529,13824,13825,13824,1,-1
2022-09-26 15:13:05.330,13824,13825,13825,1,1
2022-09-26 15:13:05.809,13824,13825,13824,1,-1
2022-09-26 15:13:06.490,13824,13825,13825,2,2
2022-09-26 15:13:06.491,13824,13825,13825,5,5
2022-09-26 15:13:06.566,13825,13826,13826,1,1
2022-09-26 15:13:06.631,13826,13827,13826,1,-1
2022-09-26 15:13:06.879,13825,13827,13825,1,-1
2022-09-26 15:13:07.139,13825,13827,13825,1,-1
2022-09-26 15:13:07.245,13825,13826,13826,1,1
2022-09-26 15:13:07.304,13825,13826,13825,1,-1
2022-09-26 15:13:08.094,13824,13825,13825,1,1
2022-09-26 15:13:09.078,13825,13826,13825,2,-2
2022-09-26 15:13:09.621,13824,13825,13824,1,-1
2022-09-26 15:13:09.734,13824,13825,13824,4,-4
2022-09-26 15:13:09.891,13823,13825,13825,2,2
2022-09-26 15:13:10.665,13823,13825,13823,1,-1
2022-09-26 15:13:12.397,13822,13824,13823,2,-2
2022-09-26 15:13:12.521,13822,13823,13822,2,-2
2022-09-26 15:13:14.047,13823,13824,13824,2,2
2022-09-26 15:13:14.409,13823,13824,13823,1,-1
2022-09-26 15:13:18.610,13823,13824,13824,2,2
2022-09-26 15:13:19.371,13824,13825,13825,5,5
2022-09-26 15:13:19.731,13824,13825,13824,1,-1
2022-09-26 15:13:20.331,13824,13825,13825,5,5
2022-09-26 15:13:20.558,13824,13825,13825,1,1
2022-09-26 15:13:21.222,13824,13825,13825,5,5
2022-09-26 15:13:22.050,13824,13825,13825,5,5
2022-09-26 15:13:22.051,13824,13825,13824,2,-2
2022-09-26 15:13:22.213,13824,13825,13824,1,-1
2022-09-26 15:13:22.213,13824,13825,13824,1,-1
2022-09-26 15:13:23.261,13824,13825,13824,1,-1
2022-09-26 15:13:23.855,13824,13825,13825,5,5
2022-09-26 15:13:23.862,13824,13825,13825,1,1
2022-09-26 15:13:23.964,13824,13825,13825,1,1
2022-09-26 15:13:26.157,13824,13825,13824,4,-4
2022-09-26 15:13:26.446,13823,13824,13823,1,-1
2022-09-26 15:13:26.447,13823,13824,13823,1,-1
2022-09-26 15:13:26.453,13823,13824,13823,1,-1
2022-09-26 15:13:26.585,13823,13824,13823,6,-6
2022-09-26 15:13:26.586,13823,13824,13823,6,-6
2022-09-26 15:13:26.586,13823,13824,13823,4,-4
2022-09-26 15:13:26.650,13822,13823,13823,1,1
2022-09-26 15:13:27.656,13822,13823,13823,1,1
2022-09-26 15:13:28.027,13822,13824,13824,1,1
2022-09-26 15:13:28.747,13822,13824,13822,3,-3
2022-09-26 15:13:29.421,13822,13824,13824,1,1
2022-09-26 15:13:29.845,13823,13825,13825,6,6
2022-09-26 15:13:30.391,13824,13825,13825,1,1
2022-09-26 15:13:31.660,13824,13826,13826,4,4
2022-09-26 15:13:32.054,13825,13826,13826,2,2
2022-09-26 15:13:35.267,13825,13826,13826,1,1
2022-09-26 15:13:35.267,13825,13826,13826,2,2
2022-09-26 15:13:35.267,13825,13826,13826,2,2
2022-09-26 15:13:35.267,13825,13826,13826,1,1
2022-09-26 15:13:35.287,13825,13826,13827,2,2
2022-09-26 15:13:35.303,13825,13826,13826,1,1
2022-09-26 15:13:35.463,13826,13827,13826,4,-4
2022-09-26 15:13:35.463,13826,13827,13825,1,-1
2022-09-26 15:13:36.307,13826,13827,13827,3,3
2022-09-26 15:13:36.307,13826,13827,13827,6,6
2022-09-26 15:13:36.307,13826,13827,13827,1,1
2022-09-26 15:13:37.838,13827,13828,13828,1,1
2022-09-26 15:13:37.956,13827,13828,13828,1,1
2022-09-26 15:13:37.966,13827,13828,13827,3,-3
2022-09-26 15:13:38.369,13825,13827,13827,1,1
2022-09-26 15:13:42.629,13826,13827,13827,1,1
2022-09-26 15:13:44.259,13825,13827,13827,1,1
2022-09-26 15:13:44.319,13825,13827,13827,5,5
2022-09-26 15:13:44.677,13825,13827,13827,5,5
2022-09-26 15:13:45.382,13825,13827,13827,4,4
2022-09-26 15:13:45.382,13825,13827,13827,1,1
2022-09-26 15:13:46.395,13825,13826,13826,3,3
2022-09-26 15:13:46.395,13825,13826,13827,2,2
2022-09-26 15:13:46.975,13825,13827,13827,5,5
2022-09-26 15:13:47.632,13825,13827,13827,1,1
2022-09-26 15:13:47.677,13825,13827,13825,2,-2
2022-09-26 15:13:48.738,13825,13827,13827,5,5
2022-09-26 15:13:49.652,13827,13828,13827,1,-1
2022-09-26 15:13:49.653,13827,13828,13827,1,-1
2022-09-26 15:13:50.962,13827,13828,13828,1,1
2022-09-26 15:13:50.962,13827,13828,13828,1,1
2022-09-26 15:13:50.962,13827,13828,13828,9,9
2022-09-26 15:13:51.193,13828,13829,13829,3,3
2022-09-26 15:13:51.274,13828,13830,13830,1,1
2022-09-26 15:13:51.341,13828,13830,13828,1,-1
2022-09-26 15:13:51.398,13828,13830,13830,5,5
2022-09-26 15:13:51.416,13828,13830,13828,1,-1
2022-09-26 15:13:51.416,13828,13830,13830,1,1
2022-09-26 15:13:51.423,13828,13830,13830,2,2
2022-09-26 15:13:51.426,13828,13830,13830,3,3
2022-09-26 15:13:51.464,13828,13830,13830,1,1
2022-09-26 15:13:51.465,13828,13830,13830,1,1
2022-09-26 15:13:51.468,13828,13830,13830,1,1
2022-09-26 15:13:51.468,13828,13830,13830,2,2
2022-09-26 15:13:51.495,13829,13830,13830,1,1
2022-09-26 15:13:51.503,13829,13830,13830,3,3
2022-09-26 15:13:51.671,13830,13831,13831,3,3
2022-09-26 15:13:51.671,13830,13831,13832,2,2
2022-09-26 15:13:51.684,13830,13831,13832,1,1
2022-09-26 15:13:51.751,13831,13832,13832,1,1
2022-09-26 15:13:51.783,13831,13832,13832,5,5
2022-09-26 15:13:51.783,13831,13832,13832,5,5
2022-09-26 15:13:51.865,13831,13832,13833,1,1
2022-09-26 15:13:51.883,13832,13833,13832,1,-1
2022-09-26 15:13:51.925,13832,13833,13833,5,5
2022-09-26 15:13:51.937,13832,13833,13832,1,-1
2022-09-26 15:13:51.989,13832,13833,13833,1,1
2022-09-26 15:13:52.101,13832,13833,13832,1,-1
2022-09-26 15:13:52.213,13832,13833,13832,7,-7
2022-09-26 15:13:52.213,13832,13833,13831,3,-3
2022-09-26 15:13:52.227,13832,13833,13832,1,-1
2022-09-26 15:13:52.233,13832,13833,13833,1,1
2022-09-26 15:13:52.816,13830,13831,13830,1,-1
2022-09-26 15:13:53.169,13828,13829,13829,1,1
2022-09-26 15:13:53.721,13828,13829,13829,1,1
2022-09-26 15:13:54.560,13829,13830,13829,2,-2
2022-09-26 15:13:54.717,13828,13830,13828,2,-2
2022-09-26 15:13:55.995,13828,13829,13829,1,1
2022-09-26 15:13:56.864,13828,13829,13829,5,5
2022-09-26 15:13:57.383,13828,13829,13829,1,1
2022-09-26 15:13:57.519,13828,13829,13829,5,5
2022-09-26 15:13:57.879,13828,13829,13829,1,1
2022-09-26 15:13:57.879,13828,13829,13830,4,4
2022-09-26 15:13:57.991,13828,13829,13830,4,4
2022-09-26 15:13:57.991,13828,13829,13831,1,1
2022-09-26 15:13:58.235,13828,13830,13830,4,4
2022-09-26 15:13:58.236,13828,13830,13830,1,1
2022-09-26 15:13:58.754,13828,13829,13829,1,1
2022-09-26 15:13:59.080,13828,13829,13829,1,1
2022-09-26 15:13:59.673,13829,13830,13830,3,3
2022-09-26 15:13:59.673,13829,13830,13831,2,2
2022-09-26 15:13:59.894,13829,13831,13831,2,2
2022-09-26 15:14:00.426,13829,13830,13830,2,2
2022-09-26 15:14:00.426,13829,13830,13831,11,11
2022-09-26 15:14:00.426,13829,13830,13832,17,17
2022-09-26 15:14:00.426,13829,13830,13833,19,19
2022-09-26 15:14:00.426,13829,13830,13834,15,15
2022-09-26 15:14:00.426,13829,13830,13835,10,10
2022-09-26 15:14:00.430,13829,13830,13833,1,1
2022-09-26 15:14:00.430,13829,13830,13833,1,1
2022-09-26 15:14:00.430,13829,13830,13833,1,1
2022-09-26 15:14:00.430,13829,13830,13833,2,2
2022-09-26 15:14:00.494,13833,13834,13833,1,-1
2022-09-26 15:14:00.510,13833,13834,13833,1,-1
2022-09-26 15:14:00.522,13833,13834,13833,1,-1
2022-09-26 15:14:00.584,13833,13834,13834,1,1
2022-09-26 15:14:00.628,13833,13834,13834,3,3
2022-09-26 15:14:00.628,13833,13834,13835,2,2
2022-09-26 15:14:00.631,13833,13834,13835,1,1
2022-09-26 15:14:00.844,13833,13835,13834,1,1
2022-09-26 15:14:00.872,13832,13834,13834,3,3
2022-09-26 15:14:00.875,13832,13834,13833,1,1
2022-09-26 15:14:00.900,13832,13834,13832,1,-1
2022-09-26 15:14:00.915,13832,13834,13834,1,1
2022-09-26 15:14:00.919,13832,13834,13834,1,1
2022-09-26 15:14:00.919,13832,13834,13834,1,1
2022-09-26 15:14:01.238,13833,13834,13835,1,1
2022-09-26 15:14:01.487,13834,13835,13834,1,-1
2022-09-26 15:14:01.632,13834,13835,13834,1,-1
2022-09-26 15:14:01.810,13834,13835,13835,7,7
2022-09-26 15:14:01.853,13834,13835,13835,2,2
2022-09-26 15:14:02.105,13834,13835,13835,1,1
2022-09-26 15:14:02.154,13835,13836,13835,2,-2
2022-09-26 15:14:02.154,13835,13836,13834,7,-7
2022-09-26 15:14:02.288,13834,13835,13834,1,-1
2022-09-26 15:14:02.453,13834,13835,13835,1,1
2022-09-26 15:14:02.744,13834,13836,13834,1,-1
2022-09-26 15:14:02.826,13834,13836,13835,1,-1
2022-09-26 15:14:02.826,13834,13836,13835,1,-1
2022-09-26 15:14:02.872,13834,13836,13836,1,1
2022-09-26 15:14:02.956,13834,13836,13836,1,1
2022-09-26 15:14:03.070,13834,13836,13836,3,3
2022-09-26 15:14:03.125,13834,13836,13836,5,5
2022-09-26 15:14:03.293,13835,13836,13835,2,-2
2022-09-26 15:14:03.981,13833,13835,13835,1,1
2022-09-26 15:14:04.003,13833,13835,13835,1,1
2022-09-26 15:14:04.514,13833,13834,13833,1,-1
2022-09-26 15:14:04.725,13833,13834,13834,2,2
2022-09-26 15:14:04.966,13833,13835,13834,1,1
2022-09-26 15:14:05.503,13834,13835,13834,1,-1
2022-09-26 15:14:05.775,13833,13834,13833,1,-1
2022-09-26 15:14:05.783,13833,13834,13833,2,-2
2022-09-26 15:14:06.779,13832,13833,13833,1,1
2022-09-26 15:14:07.047,13832,13834,13834,1,1
2022-09-26 15:14:07.047,13832,13834,13834,2,2
2022-09-26 15:14:07.047,13832,13834,13834,2,2
2022-09-26 15:14:07.411,13833,13835,13835,4,4
2022-09-26 15:14:07.429,13833,13835,13834,1,1
2022-09-26 15:14:07.440,13833,13835,13834,1,1
2022-09-26 15:14:08.614,13834,13835,13835,7,7
2022-09-26 15:14:08.618,13835,13836,13836,1,1
2022-09-26 15:14:08.619,13835,13836,13836,1,1
2022-09-26 15:14:08.955,13835,13837,13835,1,-1
2022-09-26 15:14:09.161,13836,13837,13836,1,-1
2022-09-26 15:14:10.410,13836,13837,13836,1,-1
2022-09-26 15:14:10.441,13836,13837,13836,4,-4
2022-09-26 15:14:10.442,13836,13837,13836,1,-1
2022-09-26 15:14:10.504,13836,13837,13836,23,-23
2022-09-26 15:14:10.540,13836,13837,13836,1,-1
2022-09-26 15:14:11.730,13836,13837,13837,1,1
2022-09-26 15:14:11.791,13836,13837,13837,1,1
2022-09-26 15:14:11.791,13836,13837,13838,1,1
2022-09-26 15:14:11.818,13836,13837,13838,1,1
2022-09-26 15:14:11.893,13836,13838,13836,1,-1
2022-09-26 15:14:11.942,13836,13838,13838,1,1
2022-09-26 15:14:11.947,13836,13838,13838,1,1
2022-09-26 15:14:11.955,13836,13838,13838,2,2
2022-09-26 15:14:11.961,13836,13838,13838,1,1
2022-09-26 15:14:11.994,13836,13838,13838,1,1
2022-09-26 15:14:12.003,13836,13838,13836,4,-4
2022-09-26 15:14:12.013,13836,13838,13837,3,-3
2022-09-26 15:14:12.013,13836,13838,13838,2,2
2022-09-26 15:14:12.136,13836,13838,13838,1,1
2022-09-26 15:14:12.256,13836,13838,13838,1,1
2022-09-26 15:14:12.359,13836,13838,13838,1,1
2022-09-26 15:14:12.429,13836,13838,13838,1,1
2022-09-26 15:14:12.430,13836,13838,13838,1,1
2022-09-26 15:14:12.480,13836,13838,13838,1,1
2022-09-26 15:14:12.497,13836,13838,13838,1,1
2022-09-26 15:14:12.735,13837,13839,13839,1,1
2022-09-26 15:14:12.766,13837,13839,13839,1,1
2022-09-26 15:14:12.777,13837,13839,13839,1,1
2022-09-26 15:14:13.840,13837,13839,13837,1,-1
2022-09-26 15:14:14.425,13837,13838,13838,1,1
2022-09-26 15:14:15.406,13838,13839,13839,1,1
2022-09-26 15:14:15.406,13838,13839,13839,1,1
2022-09-26 15:14:15.406,13838,13839,13839,1,1
2022-09-26 15:14:15.406,13838,13839,13839,1,1
2022-09-26 15:14:15.406,13838,13839,13839,1,1
2022-09-26 15:14:15.406,13838,13839,13839,4,4
2022-09-26 15:14:15.406,13838,13839,13839,1,1
2022-09-26 15:14:15.715,13839,13840,13840,1,1
2022-09-26 15:14:15.735,13839,13840,13839,1,-1
2022-09-26 15:14:15.831,13838,13840,13840,1,1
2022-09-26 15:14:15.907,13839,13840,13840,5,5
2022-09-26 15:14:15.947,13839,13840,13840,2,2
2022-09-26 15:14:15.973,13839,13840,13839,3,-3
2022-09-26 15:14:15.973,13839,13840,13838,2,-2
2022-09-26 15:14:16.005,13838,13840,13838,1,-1
2022-09-26 15:14:16.125,13839,13840,13839,1,-1
2022-09-26 15:14:17.421,13838,13839,13838,3,-3
2022-09-26 15:14:17.617,13838,13839,13839,7,7
2022-09-26 15:14:17.617,13838,13839,13840,3,3
2022-09-26 15:14:17.770,13838,13840,13840,1,1
2022-09-26 15:14:18.032,13838,13840,13840,1,1
2022-09-26 15:14:18.120,13838,13840,13840,1,1
2022-09-26 15:14:18.589,13839,13841,13839,7,-7
2022-09-26 15:14:18.610,13839,13841,13839,1,-1
2022-09-26 15:14:19.020,13838,13839,13838,2,-2
2022-09-26 15:14:19.020,13838,13839,13838,1,-1
2022-09-26 15:14:19.020,13838,13839,13838,10,-10
2022-09-26 15:14:19.080,13838,13839,13839,2,2
2022-09-26 15:14:19.715,13837,13838,13838,1,1
2022-09-26 15:14:19.822,13837,13839,13837,1,-1
2022-09-26 15:14:20.282,13837,13838,13838,3,3
2022-09-26 15:14:20.282,13837,13838,13839,7,7
2022-09-26 15:14:20.395,13837,13839,13839,1,1
2022-09-26 15:14:20.397,13837,13839,13837,3,-3
2022-09-26 15:14:21.351,13837,13839,13839,1,1
2022-09-26 15:14:21.579,13837,13839,13837,1,-1
2022-09-26 15:14:21.953,13837,13839,13839,7,7
2022-09-26 15:14:22.139,13837,13839,13839,3,3
2022-09-26 15:14:22.139,13837,13839,13839,1,1
2022-09-26 15:14:23.177,13839,13840,13840,6,6
2022-09-26 15:14:23.259,13840,13841,13840,1,-1
2022-09-26 15:14:23.264,13840,13841,13840,1,-1
2022-09-26 15:14:24.011,13840,13841,13841,5,5
2022-09-26 15:14:24.031,13840,13841,13840,2,-2
2022-09-26 15:14:24.033,13840,13841,13840,1,-1
2022-09-26 15:14:24.093,13840,13841,13840,2,-2
2022-09-26 15:14:24.094,13840,13841,13840,1,-1
2022-09-26 15:14:24.094,13840,13841,13840,8,-8
2022-09-26 15:14:24.094,13840,13841,13840,3,-3
2022-09-26 15:14:24.094,13840,13841,13840,9,-9
2022-09-26 15:14:24.094,13840,13841,13840,1,-1
2022-09-26 15:14:24.094,13840,13841,13840,7,-7
2022-09-26 15:14:24.095,13840,13841,13840,2,-2
2022-09-26 15:14:24.127,13839,13840,13840,3,3
2022-09-26 15:14:24.140,13839,13840,13839,1,-1
2022-09-26 15:14:24.145,13839,13840,13839,1,-1
2022-09-26 15:14:24.145,13839,13840,13839,1,-1
2022-09-26 15:14:24.152,13839,13840,13839,1,-1
2022-09-26 15:14:24.173,13839,13840,13841,1,1
2022-09-26 15:14:24.231,13839,13840,13841,5,5
2022-09-26 15:14:24.366,13840,13841,13841,1,1
2022-09-26 15:14:24.455,13840,13842,13840,1,-1
2022-09-26 15:14:24.545,13840,13842,13842,1,1
2022-09-26 15:14:24.675,13840,13842,13842,1,1
2022-09-26 15:14:24.758,13840,13842,13842,5,5
2022-09-26 15:14:24.807,13840,13842,13842,1,1
2022-09-26 15:14:24.896,13841,13842,13842,1,1
2022-09-26 15:14:25.132,13839,13840,13839,2,-2
2022-09-26 15:14:25.201,13839,13840,13839,2,-2
2022-09-26 15:14:25.212,13839,13840,13840,1,1
2022-09-26 15:14:25.401,13839,13841,13841,6,6
2022-09-26 15:14:26.006,13841,13842,13842,1,1
2022-09-26 15:14:26.006,13841,13842,13842,8,8
2022-09-26 15:14:26.006,13841,13842,13842,2,2
2022-09-26 15:14:26.007,13841,13842,13842,1,1
2022-09-26 15:14:26.026,13841,13842,13842,4,4
2022-09-26 15:14:26.026,13841,13842,13841,10,-10
2022-09-26 15:14:26.027,13841,13842,13841,1,-1
2022-09-26 15:14:26.027,13841,13842,13841,1,-1
2022-09-26 15:14:26.960,13840,13842,13842,2,2
2022-09-26 15:14:27.151,13842,13843,13842,1,-1
2022-09-26 15:14:27.308,13840,13842,13842,2,2
2022-09-26 15:14:27.315,13840,13842,13840,1,-1
2022-09-26 15:14:27.884,13840,13842,13842,1,1
2022-09-26 15:14:28.223,13840,13842,13840,1,-1
2022-09-26 15:14:28.294,13840,13842,13840,2,-2
2022-09-26 15:14:28.399,13840,13842,13842,3,3
2022-09-26 15:14:28.730,13840,13842,13840,1,-1
2022-09-26 15:14:28.739,13840,13842,13840,3,-3
2022-09-26 15:14:30.224,13838,13840,13838,1,-1
2022-09-26 15:14:30.815,13838,13840,13840,3,3
2022-09-26 15:14:31.001,13838,13841,13838,1,-1
2022-09-26 15:14:31.898,13839,13841,13839,1,-1
2022-09-26 15:14:31.984,13839,13841,13840,1,-1
2022-09-26 15:14:31.984,13839,13841,13841,1,1
2022-09-26 15:14:35.329,13838,13840,13838,1,-1
2022-09-26 15:14:36.074,13838,13839,13838,7,-7
2022-09-26 15:14:36.180,13837,13839,13839,2,2
2022-09-26 15:14:36.268,13837,13839,13839,1,1
2022-09-26 15:14:37.217,13836,13838,13838,2,2
2022-09-26 15:14:37.358,13836,13838,13838,2,2
2022-09-26 15:14:38.047,13837,13838,13838,1,1
2022-09-26 15:14:38.175,13837,13838,13837,1,-1
2022-09-26 15:14:39.375,13837,13838,13838,1,1
2022-09-26 15:14:40.207,13838,13839,13838,1,-1
2022-09-26 15:14:41.198,13838,13839,13838,1,-1
2022-09-26 15:14:43.581,13837,13838,13837,1,-1
