2021-10-27 15:00:00.086,17069,17070,17070,83,83
2021-10-27 15:00:00.088,17069,17070,17070,10,10
2021-10-27 15:00:00.316,17069,17070,17070,1,1
2021-10-27 15:00:00.348,17069,17070,17071,2,2
2021-10-27 15:00:00.358,17069,17070,17071,2,2
2021-10-27 15:00:00.370,17069,17071,17071,2,2
2021-10-27 15:00:00.378,17069,17071,17071,2,2
2021-10-27 15:00:00.389,17069,17071,17072,2,2
2021-10-27 15:00:00.389,17069,17071,17073,1,1
2021-10-27 15:00:00.396,17069,17071,17073,1,1
2021-10-27 15:00:00.396,17069,17071,17073,1,1
2021-10-27 15:00:00.398,17069,17071,17073,1,1
2021-10-27 15:00:00.407,17069,17071,17073,1,1
2021-10-27 15:00:00.412,17069,17071,17073,1,1
2021-10-27 15:00:00.415,17069,17071,17073,1,1
2021-10-27 15:00:00.415,17069,17071,17073,1,1
2021-10-27 15:00:00.417,17069,17071,17074,1,1
2021-10-27 15:00:00.418,17069,17071,17074,1,1
2021-10-27 15:00:00.420,17069,17071,17074,1,1
2021-10-27 15:00:00.425,17069,17071,17074,1,1
2021-10-27 15:00:00.477,17069,17071,17074,1,1
2021-10-27 15:00:00.493,17069,17074,17074,5,5
2021-10-27 15:00:00.528,17069,17074,17069,1,-1
2021-10-27 15:00:00.545,17069,17074,17074,2,2
2021-10-27 15:00:00.567,17069,17074,17075,2,2
2021-10-27 15:00:00.599,17069,17074,17075,1,1
2021-10-27 15:00:00.602,17069,17074,17075,1,1
2021-10-27 15:00:00.609,17069,17074,17075,1,1
2021-10-27 15:00:00.611,17069,17074,17075,2,2
2021-10-27 15:00:00.617,17069,17075,17075,1,1
2021-10-27 15:00:00.622,17069,17075,17075,3,3
2021-10-27 15:00:00.628,17069,17075,17075,1,1
2021-10-27 15:00:00.647,17069,17075,17069,1,-1
2021-10-27 15:00:00.681,17069,17075,17075,1,1
2021-10-27 15:00:00.700,17069,17075,17075,2,2
2021-10-27 15:00:00.703,17069,17075,17069,1,-1
2021-10-27 15:00:00.717,17069,17075,17075,1,1
2021-10-27 15:00:00.764,17070,17073,17073,1,1
2021-10-27 15:00:00.764,17070,17073,17073,1,1
2021-10-27 15:00:00.795,17070,17073,17073,2,2
2021-10-27 15:00:00.814,17070,17073,17073,2,2
2021-10-27 15:00:00.822,17070,17073,17074,3,3
2021-10-27 15:00:00.826,17070,17073,17074,1,1
2021-10-27 15:00:00.842,17070,17073,17070,1,-1
2021-10-27 15:00:00.848,17070,17073,17073,1,1
2021-10-27 15:00:00.856,17070,17073,17073,2,2
2021-10-27 15:00:00.864,17070,17073,17070,1,-1
2021-10-27 15:00:00.931,17069,17073,17073,2,2
2021-10-27 15:00:00.940,17069,17073,17073,1,1
2021-10-27 15:00:00.967,17069,17073,17074,1,1
2021-10-27 15:00:00.976,17069,17073,17074,2,2
2021-10-27 15:00:01.073,17070,17074,17074,1,1
2021-10-27 15:00:01.118,17070,17073,17070,1,-1
2021-10-27 15:00:01.120,17070,17073,17073,1,1
2021-10-27 15:00:01.121,17070,17073,17073,1,1
2021-10-27 15:00:01.122,17070,17073,17075,1,1
2021-10-27 15:00:01.124,17070,17073,17075,1,1
2021-10-27 15:00:01.243,17071,17075,17071,2,-2
2021-10-27 15:00:01.320,17071,17075,17073,1,1
2021-10-27 15:00:01.368,17070,17073,17070,1,-1
2021-10-27 15:00:01.410,17070,17073,17073,1,1
2021-10-27 15:00:01.737,17071,17073,17073,1,1
2021-10-27 15:00:02.450,17070,17072,17072,1,1
2021-10-27 15:00:02.717,17069,17072,17072,1,1
2021-10-27 15:00:02.948,17069,17072,17069,4,-4
2021-10-27 15:00:02.948,17069,17072,17068,2,-2
2021-10-27 15:00:03.097,17068,17071,17071,2,2
2021-10-27 15:00:03.750,17070,17071,17071,2,2
2021-10-27 15:00:03.750,17070,17071,17072,1,1
2021-10-27 15:00:03.938,17070,17072,17072,3,3
2021-10-27 15:00:03.948,17070,17072,17072,3,3
2021-10-27 15:00:04.202,17070,17072,17072,1,1
2021-10-27 15:00:04.519,17070,17072,17072,1,1
2021-10-27 15:00:04.747,17070,17072,17072,2,2
2021-10-27 15:00:04.808,17070,17072,17073,3,3
2021-10-27 15:00:04.897,17071,17074,17074,2,2
2021-10-27 15:00:04.991,17071,17074,17074,2,2
2021-10-27 15:00:05.149,17072,17075,17075,1,1
2021-10-27 15:00:07.465,17072,17074,17074,1,1
2021-10-27 15:00:08.001,17072,17074,17072,1,-1
2021-10-27 15:00:08.098,17072,17074,17072,2,-2
2021-10-27 15:00:08.120,17071,17074,17074,1,1
2021-10-27 15:00:08.120,17071,17074,17075,1,1
2021-10-27 15:00:08.120,17071,17074,17075,1,1
2021-10-27 15:00:08.120,17071,17074,17075,1,1
2021-10-27 15:00:08.120,17071,17074,17076,1,1
2021-10-27 15:00:08.120,17071,17074,17076,1,1
2021-10-27 15:00:08.120,17071,17074,17076,1,1
2021-10-27 15:00:08.120,17071,17074,17076,1,1
2021-10-27 15:00:08.120,17071,17074,17076,1,1
2021-10-27 15:00:08.120,17071,17074,17076,1,1
2021-10-27 15:00:08.121,17071,17074,17076,1,1
2021-10-27 15:00:08.121,17071,17074,17076,1,1
2021-10-27 15:00:08.121,17071,17074,17076,1,1
2021-10-27 15:00:08.121,17071,17074,17076,1,1
2021-10-27 15:00:08.121,17071,17074,17076,1,1
2021-10-27 15:00:08.121,17071,17074,17076,1,1
2021-10-27 15:00:08.121,17071,17074,17076,1,1
2021-10-27 15:00:08.121,17071,17074,17077,1,1
2021-10-27 15:00:08.121,17071,17074,17077,1,1
2021-10-27 15:00:08.122,17071,17074,17077,1,1
2021-10-27 15:00:08.411,17073,17075,17073,1,-1
2021-10-27 15:00:08.411,17073,17075,17072,2,-2
2021-10-27 15:00:08.580,17070,17072,17070,5,-5
2021-10-27 15:00:08.845,17068,17070,17070,1,1
2021-10-27 15:00:09.177,17068,17070,17070,1,1
2021-10-27 15:00:09.519,17068,17072,17072,1,1
2021-10-27 15:00:10.929,17069,17072,17069,1,-1
2021-10-27 15:00:13.446,17070,17072,17072,1,1
2021-10-27 15:00:16.404,17070,17071,17071,1,1
2021-10-27 15:00:16.945,17070,17072,17072,1,1
2021-10-27 15:00:17.742,17070,17072,17070,2,-2
2021-10-27 15:00:17.840,17070,17072,17072,2,2
2021-10-27 15:00:17.870,17070,17072,17072,1,1
2021-10-27 15:00:17.870,17070,17072,17073,1,1
2021-10-27 15:00:17.870,17070,17072,17073,1,1
2021-10-27 15:00:17.870,17070,17072,17073,1,1
2021-10-27 15:00:17.870,17070,17072,17073,1,1
2021-10-27 15:00:17.870,17070,17072,17074,1,1
2021-10-27 15:00:17.870,17070,17072,17074,1,1
2021-10-27 15:00:17.872,17070,17072,17073,1,1
2021-10-27 15:00:17.872,17070,17072,17073,1,1
2021-10-27 15:00:17.872,17070,17072,17074,1,1
2021-10-27 15:00:17.872,17070,17072,17074,1,1
2021-10-27 15:00:18.223,17071,17073,17073,1,1
2021-10-27 15:00:22.130,17071,17072,17071,3,-3
2021-10-27 15:00:22.970,17071,17072,17072,2,2
2021-10-27 15:00:23.665,17071,17072,17071,1,-1
2021-10-27 15:00:24.623,17070,17071,17071,1,1
2021-10-27 15:00:27.868,17070,17072,17070,1,-1
2021-10-27 15:00:27.992,17070,17072,17070,1,-1
2021-10-27 15:00:28.117,17070,17072,17070,1,-1
2021-10-27 15:00:28.242,17070,17072,17070,1,-1
2021-10-27 15:00:28.244,17070,17072,17072,1,1
2021-10-27 15:00:28.244,17070,17072,17072,1,1
2021-10-27 15:00:28.245,17070,17072,17072,1,1
2021-10-27 15:00:28.245,17070,17072,17072,1,1
2021-10-27 15:00:28.245,17070,17072,17072,1,1
2021-10-27 15:00:28.245,17070,17072,17073,1,1
2021-10-27 15:00:28.246,17070,17072,17073,1,1
2021-10-27 15:00:28.246,17070,17072,17073,1,1
2021-10-27 15:00:28.246,17070,17072,17073,1,1
2021-10-27 15:00:28.247,17070,17072,17072,1,1
2021-10-27 15:00:28.367,17070,17073,17070,1,-1
2021-10-27 15:00:29.993,17070,17072,17070,1,-1
2021-10-27 15:00:29.995,17070,17072,17070,1,-1
2021-10-27 15:00:30.117,17069,17070,17069,3,-3
2021-10-27 15:00:34.726,17070,17072,17072,1,1
2021-10-27 15:00:35.972,17069,17071,17071,1,1
2021-10-27 15:00:39.118,17069,17070,17069,1,-1
2021-10-27 15:00:39.243,17069,17070,17069,1,-1
2021-10-27 15:00:39.364,17069,17070,17070,1,1
2021-10-27 15:00:39.368,17069,17072,17069,1,-1
2021-10-27 15:00:39.493,17069,17072,17069,1,-1
2021-10-27 15:00:42.751,17069,17072,17072,2,2
2021-10-27 15:00:42.870,17069,17072,17072,1,1
2021-10-27 15:00:42.870,17069,17072,17072,1,1
2021-10-27 15:00:43.507,17071,17072,17072,3,3
2021-10-27 15:00:44.982,17071,17072,17071,1,-1
2021-10-27 15:00:48.303,17070,17071,17071,1,1
2021-10-27 15:00:48.303,17070,17071,17072,3,3
2021-10-27 15:00:52.447,17071,17072,17072,1,1
2021-10-27 15:00:52.447,17071,17072,17073,1,1
2021-10-27 15:00:56.834,17071,17072,17072,1,1
2021-10-27 15:00:56.887,17071,17072,17072,1,1
2021-10-27 15:00:57.321,17071,17072,17071,1,-1
2021-10-27 15:00:58.803,17071,17072,17071,1,-1
2021-10-27 15:00:59.869,17071,17072,17071,1,-1
2021-10-27 15:01:00.022,17071,17072,17072,1,1
2021-10-27 15:01:00.022,17071,17072,17072,1,1
2021-10-27 15:01:00.023,17071,17072,17072,1,1
2021-10-27 15:01:00.055,17071,17072,17073,3,3
2021-10-27 15:01:00.078,17071,17072,17073,1,1
2021-10-27 15:01:00.079,17071,17072,17073,1,1
2021-10-27 15:01:00.101,17071,17072,17073,1,1
2021-10-27 15:01:00.103,17071,17072,17073,3,3
2021-10-27 15:01:00.103,17071,17072,17073,1,1
2021-10-27 15:01:00.103,17071,17072,17073,1,1
2021-10-27 15:01:00.103,17071,17072,17073,1,1
2021-10-27 15:01:00.125,17072,17074,17074,1,1
2021-10-27 15:01:00.138,17072,17074,17074,2,2
2021-10-27 15:01:00.138,17072,17074,17075,3,3
2021-10-27 15:01:00.242,17073,17075,17075,3,3
2021-10-27 15:01:00.260,17073,17075,17075,1,1
2021-10-27 15:01:00.355,17073,17075,17074,2,2
2021-10-27 15:01:04.347,17073,17074,17073,1,-1
2021-10-27 15:01:04.370,17072,17074,17072,1,-1
2021-10-27 15:01:04.370,17072,17074,17072,1,-1
2021-10-27 15:01:07.331,17072,17073,17072,1,-1
2021-10-27 15:01:07.331,17072,17073,17072,1,-1
2021-10-27 15:01:08.628,17071,17072,17071,4,-4
2021-10-27 15:01:08.744,17070,17071,17070,1,-1
2021-10-27 15:01:08.744,17070,17071,17070,1,-1
2021-10-27 15:01:08.744,17070,17071,17070,1,-1
2021-10-27 15:01:08.744,17070,17071,17070,1,-1
2021-10-27 15:01:08.745,17070,17071,17070,1,-1
2021-10-27 15:01:08.745,17070,17071,17070,3,-3
2021-10-27 15:01:08.745,17070,17071,17069,1,-1
2021-10-27 15:01:08.746,17070,17071,17069,1,-1
2021-10-27 15:01:08.746,17070,17071,17069,1,-1
2021-10-27 15:01:08.746,17070,17071,17069,1,-1
2021-10-27 15:01:08.746,17070,17071,17069,1,-1
2021-10-27 15:01:11.688,17070,17071,17071,1,1
2021-10-27 15:01:11.814,17070,17071,17070,2,-2
2021-10-27 15:01:13.933,17069,17070,17070,2,2
2021-10-27 15:01:14.533,17069,17070,17069,1,-1
2021-10-27 15:01:14.698,17069,17070,17070,1,1
2021-10-27 15:01:15.286,17069,17070,17069,2,-2
2021-10-27 15:01:15.971,17069,17070,17069,5,-5
2021-10-27 15:01:16.340,17068,17069,17069,1,1
2021-10-27 15:01:18.104,17068,17070,17068,1,-1
2021-10-27 15:01:18.120,17068,17070,17068,1,-1
2021-10-27 15:01:18.120,17068,17070,17068,1,-1
2021-10-27 15:01:18.120,17068,17070,17068,1,-1
2021-10-27 15:01:18.120,17068,17070,17068,1,-1
2021-10-27 15:01:18.120,17068,17070,17068,1,-1
2021-10-27 15:01:18.120,17068,17070,17068,2,-2
2021-10-27 15:01:18.121,17068,17070,17067,1,-1
2021-10-27 15:01:18.121,17068,17070,17067,1,-1
2021-10-27 15:01:18.121,17068,17070,17067,1,-1
2021-10-27 15:01:21.013,17067,17068,17068,1,1
2021-10-27 15:01:24.876,17068,17070,17068,1,-1
2021-10-27 15:01:26.185,17068,17070,17068,1,-1
2021-10-27 15:01:33.076,17067,17068,17068,1,1
2021-10-27 15:01:33.076,17067,17068,17068,5,5
2021-10-27 15:01:33.120,17068,17069,17068,1,-1
2021-10-27 15:01:33.120,17068,17069,17068,1,-1
2021-10-27 15:01:33.121,17068,17069,17068,1,-1
2021-10-27 15:01:33.121,17068,17069,17067,1,-1
2021-10-27 15:01:34.990,17067,17069,17067,1,-1
2021-10-27 15:01:37.165,17067,17069,17067,1,-1
2021-10-27 15:01:39.005,17068,17069,17068,4,-4
2021-10-27 15:01:39.005,17068,17069,17067,6,-6
2021-10-27 15:01:39.040,17068,17069,17067,2,-2
2021-10-27 15:01:39.120,17066,17069,17066,1,-1
2021-10-27 15:01:39.120,17066,17069,17066,1,-1
2021-10-27 15:01:39.121,17066,17069,17066,1,-1
2021-10-27 15:01:39.204,17066,17069,17066,1,-1
2021-10-27 15:01:41.274,17067,17068,17068,1,1
2021-10-27 15:01:47.943,17067,17068,17068,1,1
2021-10-27 15:01:48.556,17067,17068,17068,1,1
2021-10-27 15:01:48.556,17067,17068,17068,1,1
2021-10-27 15:01:48.620,17067,17069,17067,1,-1
2021-10-27 15:01:48.620,17067,17069,17067,1,-1
2021-10-27 15:01:55.301,17068,17069,17068,1,-1
2021-10-27 15:01:55.301,17068,17069,17067,1,-1
2021-10-27 15:01:55.481,17067,17069,17067,1,-1
2021-10-27 15:01:58.203,17067,17069,17069,3,3
2021-10-27 15:01:58.258,17068,17070,17070,2,2
2021-10-27 15:01:58.948,17068,17070,17068,1,-1
2021-10-27 15:02:00.064,17069,17070,17070,2,2
2021-10-27 15:02:00.429,17070,17071,17071,1,1
2021-10-27 15:02:00.430,17070,17071,17071,2,2
2021-10-27 15:02:00.471,17070,17071,17071,1,1
2021-10-27 15:02:00.472,17070,17071,17071,1,1
2021-10-27 15:02:00.472,17070,17071,17071,1,1
2021-10-27 15:02:00.569,17071,17072,17072,1,1
2021-10-27 15:02:00.570,17071,17072,17072,1,1
2021-10-27 15:02:00.570,17071,17072,17072,1,1
2021-10-27 15:02:00.570,17071,17072,17072,1,1
2021-10-27 15:02:00.677,17072,17073,17073,1,1
2021-10-27 15:02:00.973,17072,17073,17073,2,2
2021-10-27 15:02:01.969,17072,17074,17073,1,1
2021-10-27 15:02:04.442,17072,17073,17073,2,2
2021-10-27 15:02:04.651,17073,17074,17074,3,3
2021-10-27 15:02:04.652,17073,17074,17074,4,4
2021-10-27 15:02:05.838,17074,17075,17075,5,5
2021-10-27 15:02:08.339,17074,17075,17075,3,3
2021-10-27 15:02:16.452,17073,17074,17073,2,-2
2021-10-27 15:02:16.452,17073,17074,17073,1,-1
2021-10-27 15:02:16.452,17073,17074,17073,2,-2
2021-10-27 15:02:16.453,17073,17074,17073,1,-1
2021-10-27 15:02:16.455,17073,17074,17073,1,-1
2021-10-27 15:02:16.647,17072,17074,17074,9,9
2021-10-27 15:02:16.647,17072,17074,17075,1,1
2021-10-27 15:02:20.716,17073,17074,17073,1,-1
2021-10-27 15:02:21.321,17072,17074,17072,1,-1
2021-10-27 15:02:23.492,17071,17073,17071,1,-1
2021-10-27 15:02:28.971,17070,17071,17070,1,-1
2021-10-27 15:02:29.077,17070,17071,17070,1,-1
2021-10-27 15:02:32.387,17070,17071,17070,1,-1
2021-10-27 15:02:34.507,17070,17071,17070,2,-2
2021-10-27 15:02:40.353,17070,17071,17071,1,1
2021-10-27 15:02:40.353,17070,17071,17071,1,1
2021-10-27 15:02:43.351,17070,17071,17071,2,2
2021-10-27 15:02:49.510,17071,17072,17072,1,1
2021-10-27 15:02:51.865,17071,17072,17071,1,-1
2021-10-27 15:02:52.907,17071,17072,17072,2,2
2021-10-27 15:02:53.035,17071,17073,17073,1,1
2021-10-27 15:02:53.035,17071,17073,17073,1,1
2021-10-27 15:02:58.854,17072,17073,17072,2,-2
2021-10-27 15:03:01.052,17071,17072,17071,1,-1
2021-10-27 15:03:02.391,17070,17071,17071,1,1
2021-10-27 15:03:06.800,17070,17071,17071,2,2
2021-10-27 15:03:08.829,17071,17072,17071,1,-1
2021-10-27 15:03:09.436,17070,17071,17071,1,1
2021-10-27 15:03:09.437,17070,17071,17071,2,2
2021-10-27 15:03:17.436,17070,17071,17071,1,1
2021-10-27 15:03:17.437,17070,17071,17071,2,2
2021-10-27 15:03:17.454,17070,17071,17070,1,-1
2021-10-27 15:03:19.442,17070,17072,17070,2,-2
2021-10-27 15:03:22.904,17070,17073,17070,1,-1
2021-10-27 15:03:31.542,17072,17073,17073,4,4
2021-10-27 15:03:32.564,17073,17074,17074,3,3
2021-10-27 15:03:33.451,17073,17074,17074,1,1
2021-10-27 15:03:33.451,17073,17074,17074,1,1
2021-10-27 15:03:33.451,17073,17074,17074,2,2
2021-10-27 15:03:33.451,17073,17074,17074,3,3
2021-10-27 15:03:34.919,17074,17075,17075,1,1
2021-10-27 15:03:35.127,17074,17075,17075,1,1
2021-10-27 15:03:36.469,17074,17075,17075,1,1
2021-10-27 15:03:37.268,17074,17075,17074,3,-3
2021-10-27 15:03:38.096,17073,17074,17074,1,1
2021-10-27 15:03:38.096,17073,17074,17075,9,9
2021-10-27 15:03:39.113,17074,17075,17075,1,1
2021-10-27 15:03:39.188,17074,17075,17075,1,1
2021-10-27 15:03:40.121,17074,17075,17075,2,2
2021-10-27 15:03:44.564,17075,17076,17075,1,-1
2021-10-27 15:03:45.204,17075,17076,17075,2,-2
2021-10-27 15:03:46.848,17075,17076,17076,10,10
2021-10-27 15:03:48.481,17075,17076,17076,1,1
2021-10-27 15:03:48.830,17076,17077,17076,1,-1
2021-10-27 15:03:49.868,17075,17077,17075,1,-1
2021-10-27 15:03:51.678,17075,17076,17076,3,3
2021-10-27 15:03:52.803,17075,17076,17076,1,1
2021-10-27 15:03:53.504,17075,17076,17076,1,1
2021-10-27 15:03:55.529,17075,17076,17076,1,1
2021-10-27 15:03:56.532,17076,17077,17077,1,1
2021-10-27 15:03:57.144,17076,17077,17076,1,-1
2021-10-27 15:03:57.638,17075,17076,17075,3,-3
2021-10-27 15:03:59.526,17075,17076,17076,2,2
2021-10-27 15:03:59.899,17075,17077,17077,1,1
2021-10-27 15:04:00.074,17075,17077,17075,1,-1
2021-10-27 15:04:00.511,17075,17077,17077,2,2
2021-10-27 15:04:00.713,17075,17077,17075,1,-1
2021-10-27 15:04:00.714,17075,17077,17075,1,-1
2021-10-27 15:04:00.714,17075,17077,17075,5,-5
2021-10-27 15:04:00.714,17075,17077,17075,1,-1
2021-10-27 15:04:00.714,17075,17077,17075,1,-1
2021-10-27 15:04:07.720,17075,17076,17075,5,-5
2021-10-27 15:04:08.431,17074,17075,17075,1,1
2021-10-27 15:04:10.731,17074,17075,17074,1,-1
2021-10-27 15:04:11.661,17073,17075,17075,1,1
2021-10-27 15:04:15.872,17074,17075,17075,2,2
2021-10-27 15:04:16.724,17074,17075,17075,1,1
2021-10-27 15:04:17.681,17074,17075,17075,2,2
2021-10-27 15:04:17.682,17074,17075,17075,1,1
2021-10-27 15:04:17.744,17075,17076,17075,1,-1
2021-10-27 15:04:25.608,17074,17075,17074,4,-4
2021-10-27 15:04:26.509,17073,17074,17073,1,-1
2021-10-27 15:04:33.505,17073,17074,17073,1,-1
2021-10-27 15:04:34.481,17073,17074,17074,2,2
2021-10-27 15:04:34.481,17073,17074,17075,3,3
2021-10-27 15:04:37.256,17074,17075,17074,1,-1
2021-10-27 15:04:38.150,17073,17075,17075,1,1
2021-10-27 15:04:44.966,17074,17075,17075,1,1
2021-10-27 15:04:44.967,17074,17075,17075,4,4
2021-10-27 15:04:45.446,17074,17076,17075,1,1
2021-10-27 15:04:46.669,17075,17076,17076,1,1
2021-10-27 15:04:50.131,17076,17077,17076,1,-1
2021-10-27 15:04:50.131,17076,17077,17076,1,-1
2021-10-27 15:04:53.866,17076,17077,17076,3,-3
2021-10-27 15:04:57.361,17075,17076,17076,1,1
2021-10-27 15:04:57.362,17075,17076,17076,1,1
2021-10-27 15:04:57.362,17075,17076,17076,2,2
2021-10-27 15:04:57.362,17075,17076,17076,3,3
2021-10-27 15:05:00.211,17076,17077,17076,1,-1
2021-10-27 15:05:00.491,17075,17076,17076,2,2
2021-10-27 15:05:00.658,17075,17076,17076,1,1
2021-10-27 15:05:02.670,17076,17077,17076,1,-1
2021-10-27 15:05:02.932,17076,17077,17077,2,2
2021-10-27 15:05:06.165,17076,17077,17076,1,-1
2021-10-27 15:05:06.256,17076,17077,17077,1,1
2021-10-27 15:05:11.882,17076,17077,17077,1,1
2021-10-27 15:05:12.467,17076,17077,17076,2,-2
2021-10-27 15:05:12.468,17076,17077,17076,2,-2
2021-10-27 15:05:12.642,17075,17076,17076,1,1
2021-10-27 15:05:13.452,17075,17076,17076,1,1
2021-10-27 15:05:13.452,17075,17076,17076,1,1
2021-10-27 15:05:13.660,17075,17076,17076,1,1
2021-10-27 15:05:15.438,17075,17076,17075,1,-1
2021-10-27 15:05:15.438,17075,17076,17075,1,-1
2021-10-27 15:05:19.593,17074,17075,17075,1,1
2021-10-27 15:05:20.047,17074,17075,17075,1,1
2021-10-27 15:05:20.120,17074,17075,17075,1,1
2021-10-27 15:05:20.120,17074,17075,17075,1,1
2021-10-27 15:05:21.397,17074,17075,17074,1,-1
2021-10-27 15:05:23.261,17073,17075,17075,5,5
2021-10-27 15:05:32.803,17074,17076,17074,1,-1
2021-10-27 15:05:40.532,17075,17076,17076,1,1
2021-10-27 15:05:41.738,17075,17076,17075,1,-1
2021-10-27 15:05:46.844,17074,17075,17075,1,1
2021-10-27 15:05:52.228,17075,17076,17075,1,-1
2021-10-27 15:05:52.228,17075,17076,17074,1,-1
2021-10-27 15:05:55.040,17074,17076,17075,1,1
2021-10-27 15:06:01.614,17074,17076,17076,2,2
2021-10-27 15:06:08.298,17075,17076,17076,1,1
2021-10-27 15:06:08.956,17075,17076,17075,3,-3
2021-10-27 15:06:08.956,17075,17076,17074,7,-7
2021-10-27 15:06:13.411,17074,17076,17076,1,1
2021-10-27 15:06:13.825,17075,17076,17075,1,-1
2021-10-27 15:06:13.868,17075,17076,17076,2,2
2021-10-27 15:06:14.400,17075,17076,17075,2,-2
2021-10-27 15:06:20.772,17074,17076,17074,5,-5
2021-10-27 15:06:20.772,17074,17076,17073,5,-5
2021-10-27 15:06:24.198,17074,17075,17075,1,1
2021-10-27 15:06:27.271,17074,17075,17074,1,-1
2021-10-27 15:06:28.486,17074,17075,17074,1,-1
2021-10-27 15:06:28.654,17074,17075,17075,1,1
2021-10-27 15:06:30.842,17075,17076,17076,2,2
2021-10-27 15:06:30.842,17075,17076,17076,1,1
2021-10-27 15:06:30.843,17075,17076,17076,3,3
2021-10-27 15:06:33.609,17076,17077,17076,1,-1
2021-10-27 15:06:33.609,17076,17077,17076,2,-2
2021-10-27 15:06:38.517,17074,17076,17074,1,-1
2021-10-27 15:06:45.922,17074,17075,17074,1,-1
2021-10-27 15:06:49.976,17074,17075,17074,1,-1
2021-10-27 15:06:58.057,17073,17074,17073,1,-1
2021-10-27 15:06:58.648,17073,17074,17074,1,1
2021-10-27 15:06:58.721,17073,17074,17074,1,1
2021-10-27 15:06:58.829,17074,17075,17075,1,1
2021-10-27 15:07:00.300,17074,17076,17076,2,2
2021-10-27 15:07:07.136,17075,17076,17076,2,2
2021-10-27 15:07:09.075,17075,17076,17075,1,-1
2021-10-27 15:07:09.956,17075,17076,17076,3,3
2021-10-27 15:07:09.956,17075,17076,17076,2,2
2021-10-27 15:07:11.275,17076,17077,17076,1,-1
2021-10-27 15:07:13.400,17076,17077,17076,1,-1
2021-10-27 15:07:14.715,17075,17076,17076,2,2
2021-10-27 15:07:15.875,17075,17076,17076,1,1
2021-10-27 15:07:15.875,17075,17076,17076,2,2
2021-10-27 15:07:15.875,17075,17076,17076,1,1
2021-10-27 15:07:18.656,17075,17077,17075,1,-1
2021-10-27 15:07:20.510,17076,17077,17076,1,-1
2021-10-27 15:07:21.257,17075,17077,17076,1,1
2021-10-27 15:07:21.257,17075,17077,17077,5,5
2021-10-27 15:07:24.345,17075,17076,17076,1,1
2021-10-27 15:07:31.442,17075,17076,17075,2,-2
2021-10-27 15:07:31.443,17075,17076,17075,1,-1
2021-10-27 15:07:34.748,17074,17075,17075,1,1
2021-10-27 15:07:35.065,17074,17075,17074,2,-2
2021-10-27 15:07:40.755,17073,17074,17073,1,-1
2021-10-27 15:07:41.507,17073,17074,17074,1,1
2021-10-27 15:07:46.834,17073,17074,17073,8,-8
2021-10-27 15:07:46.923,17072,17073,17072,2,-2
2021-10-27 15:07:47.578,17072,17073,17073,1,1
2021-10-27 15:07:49.452,17072,17073,17072,1,-1
2021-10-27 15:07:49.452,17072,17073,17072,3,-3
2021-10-27 15:07:53.478,17071,17072,17072,1,1
2021-10-27 15:07:53.650,17071,17072,17072,1,1
2021-10-27 15:07:55.557,17071,17072,17071,1,-1
2021-10-27 15:07:57.368,17071,17072,17072,1,1
2021-10-27 15:07:57.899,17071,17073,17073,2,2
2021-10-27 15:08:00.008,17071,17072,17071,4,-4
2021-10-27 15:08:01.617,17070,17072,17070,2,-2
2021-10-27 15:08:07.564,17070,17071,17071,1,1
2021-10-27 15:08:11.677,17070,17071,17071,1,1
2021-10-27 15:08:15.522,17071,17072,17071,1,-1
2021-10-27 15:08:17.694,17071,17072,17072,1,1
2021-10-27 15:08:17.789,17071,17072,17071,1,-1
2021-10-27 15:08:18.225,17071,17072,17071,1,-1
2021-10-27 15:08:18.225,17071,17072,17070,1,-1
2021-10-27 15:08:22.550,17070,17071,17071,1,1
2021-10-27 15:08:23.540,17071,17073,17071,9,-9
2021-10-27 15:08:23.940,17070,17071,17071,1,1
2021-10-27 15:08:25.403,17070,17071,17070,1,-1
2021-10-27 15:08:28.201,17070,17071,17071,1,1
2021-10-27 15:08:28.794,17070,17071,17070,1,-1
2021-10-27 15:08:33.915,17070,17071,17071,1,1
2021-10-27 15:08:35.086,17070,17071,17070,2,-2
2021-10-27 15:08:35.554,17070,17071,17070,1,-1
2021-10-27 15:08:37.735,17070,17071,17070,1,-1
2021-10-27 15:08:37.735,17070,17071,17070,1,-1
2021-10-27 15:08:40.662,17069,17070,17069,1,-1
2021-10-27 15:08:40.662,17069,17070,17069,6,-6
2021-10-27 15:08:40.663,17069,17070,17069,4,-4
2021-10-27 15:08:41.366,17068,17069,17069,1,1
2021-10-27 15:08:42.468,17068,17070,17068,3,-3
2021-10-27 15:08:44.463,17068,17070,17068,1,-1
2021-10-27 15:08:53.166,17069,17070,17069,1,-1
2021-10-27 15:08:53.671,17068,17070,17068,2,-2
2021-10-27 15:08:55.918,17068,17069,17068,1,-1
2021-10-27 15:09:01.509,17068,17069,17068,2,-2
2021-10-27 15:09:03.135,17068,17069,17069,2,2
2021-10-27 15:09:03.358,17068,17069,17068,2,-2
2021-10-27 15:09:03.605,17068,17069,17069,1,1
2021-10-27 15:09:06.041,17068,17070,17068,1,-1
2021-10-27 15:09:12.604,17069,17070,17069,1,-1
2021-10-27 15:09:14.246,17069,17070,17069,1,-1
2021-10-27 15:09:18.630,17069,17070,17070,2,2
2021-10-27 15:09:18.630,17069,17070,17070,1,1
2021-10-27 15:09:18.630,17069,17070,17070,2,2
2021-10-27 15:09:18.630,17069,17070,17070,2,2
2021-10-27 15:09:18.678,17069,17070,17070,2,2
2021-10-27 15:09:26.112,17070,17071,17070,1,-1
2021-10-27 15:09:27.540,17070,17071,17070,1,-1
2021-10-27 15:09:27.541,17070,17071,17070,1,-1
2021-10-27 15:09:31.169,17069,17070,17069,2,-2
2021-10-27 15:09:32.251,17069,17070,17069,1,-1
2021-10-27 15:09:35.266,17069,17070,17070,2,2
2021-10-27 15:09:39.778,17069,17070,17070,5,5
2021-10-27 15:09:39.860,17069,17070,17070,1,1
2021-10-27 15:09:55.231,17069,17070,17069,5,-5
2021-10-27 15:10:00.504,17068,17069,17069,1,1
2021-10-27 15:10:01.060,17068,17069,17068,1,-1
2021-10-27 15:10:02.163,17068,17069,17068,4,-4
2021-10-27 15:10:02.163,17068,17069,17068,1,-1
2021-10-27 15:10:04.033,17067,17068,17067,6,-6
2021-10-27 15:10:04.135,17066,17067,17066,11,-11
2021-10-27 15:10:04.136,17066,17067,17065,1,-1
2021-10-27 15:10:04.136,17066,17067,17065,1,-1
2021-10-27 15:10:04.137,17066,17067,17065,1,-1
2021-10-27 15:10:04.251,17065,17066,17065,1,-1
2021-10-27 15:10:04.289,17065,17066,17065,4,-4
2021-10-27 15:10:04.316,17065,17066,17064,1,-1
2021-10-27 15:10:04.332,17065,17066,17064,1,-1
2021-10-27 15:10:05.125,17064,17065,17065,2,2
2021-10-27 15:10:05.166,17064,17065,17065,1,1
2021-10-27 15:10:06.472,17064,17066,17065,1,1
2021-10-27 15:10:09.264,17065,17066,17065,1,-1
2021-10-27 15:10:09.911,17065,17066,17065,2,-2
2021-10-27 15:10:09.997,17064,17066,17065,1,1
2021-10-27 15:10:11.254,17064,17065,17065,1,1
2021-10-27 15:10:12.093,17064,17065,17064,1,-1
2021-10-27 15:10:12.148,17064,17065,17064,2,-2
2021-10-27 15:10:12.149,17064,17065,17064,4,-4
2021-10-27 15:10:12.222,17064,17065,17063,1,-1
2021-10-27 15:10:12.540,17063,17064,17063,2,-2
2021-10-27 15:10:12.846,17063,17064,17064,1,1
2021-10-27 15:10:12.990,17063,17064,17063,4,-4
2021-10-27 15:10:13.082,17063,17064,17063,1,-1
2021-10-27 15:10:13.082,17063,17064,17063,1,-1
2021-10-27 15:10:13.083,17063,17064,17063,1,-1
2021-10-27 15:10:14.015,17062,17063,17062,2,-2
2021-10-27 15:10:14.128,17062,17063,17062,2,-2
2021-10-27 15:10:14.274,17062,17063,17062,2,-2
2021-10-27 15:10:14.353,17062,17063,17062,1,-1
2021-10-27 15:10:15.024,17062,17063,17062,2,-2
2021-10-27 15:10:15.783,17062,17063,17063,1,1
2021-10-27 15:10:16.831,17062,17063,17063,1,1
2021-10-27 15:10:18.077,17062,17063,17062,8,-8
2021-10-27 15:10:18.078,17062,17063,17062,1,-1
2021-10-27 15:10:20.004,17061,17062,17062,1,1
2021-10-27 15:10:20.935,17061,17062,17062,1,1
2021-10-27 15:10:23.508,17063,17064,17064,1,1
2021-10-27 15:10:28.360,17064,17065,17065,1,1
2021-10-27 15:10:31.461,17064,17065,17064,5,-5
2021-10-27 15:10:34.920,17063,17064,17063,1,-1
2021-10-27 15:10:35.300,17063,17064,17063,1,-1
2021-10-27 15:10:36.793,17062,17064,17064,1,1
2021-10-27 15:10:37.466,17063,17065,17063,1,-1
2021-10-27 15:10:37.466,17063,17065,17062,5,-5
2021-10-27 15:10:37.842,17063,17064,17063,1,-1
2021-10-27 15:10:39.049,17062,17064,17062,5,-5
2021-10-27 15:10:39.073,17062,17064,17064,1,1
2021-10-27 15:10:40.308,17062,17064,17064,6,6
2021-10-27 15:10:40.309,17062,17064,17064,4,4
2021-10-27 15:10:42.286,17063,17064,17063,4,-4
2021-10-27 15:10:42.727,17062,17063,17063,1,1
2021-10-27 15:10:43.541,17062,17063,17063,1,1
2021-10-27 15:10:44.632,17062,17063,17063,1,1
2021-10-27 15:10:44.632,17062,17063,17063,2,2
2021-10-27 15:10:44.632,17062,17063,17063,1,1
2021-10-27 15:10:44.651,17062,17063,17064,1,1
2021-10-27 15:10:44.651,17062,17063,17065,1,1
2021-10-27 15:11:01.108,17063,17064,17063,5,-5
2021-10-27 15:11:02.211,17063,17064,17063,1,-1
2021-10-27 15:11:05.006,17062,17063,17063,1,1
2021-10-27 15:11:05.505,17062,17064,17062,1,-1
2021-10-27 15:11:08.641,17062,17063,17063,1,1
2021-10-27 15:11:08.717,17062,17063,17063,1,1
2021-10-27 15:11:08.836,17063,17064,17063,1,-1
2021-10-27 15:11:08.836,17063,17064,17063,3,-3
2021-10-27 15:11:08.837,17063,17064,17063,2,-2
2021-10-27 15:11:09.130,17063,17065,17063,1,-1
2021-10-27 15:11:11.208,17063,17064,17063,1,-1
2021-10-27 15:11:23.819,17063,17064,17064,2,2
2021-10-27 15:11:26.448,17063,17064,17063,2,-2
2021-10-27 15:11:26.495,17062,17063,17062,1,-1
2021-10-27 15:11:26.496,17062,17063,17062,1,-1
2021-10-27 15:11:26.549,17062,17063,17062,6,-6
2021-10-27 15:11:36.199,17061,17063,17061,2,-2
2021-10-27 15:11:36.384,17061,17063,17061,5,-5
2021-10-27 15:11:37.950,17061,17062,17061,1,-1
2021-10-27 15:11:39.712,17061,17062,17061,1,-1
2021-10-27 15:11:39.807,17061,17062,17061,7,-7
2021-10-27 15:11:41.211,17060,17061,17061,2,2
2021-10-27 15:11:42.591,17060,17061,17060,1,-1
2021-10-27 15:11:42.834,17060,17061,17060,1,-1
2021-10-27 15:11:42.912,17060,17061,17060,2,-2
2021-10-27 15:11:43.391,17060,17061,17060,1,-1
2021-10-27 15:11:43.532,17060,17061,17060,1,-1
2021-10-27 15:11:43.549,17060,17061,17060,1,-1
2021-10-27 15:11:43.681,17060,17061,17060,1,-1
2021-10-27 15:11:45.231,17060,17061,17060,1,-1
2021-10-27 15:11:46.608,17060,17061,17061,1,1
2021-10-27 15:11:49.293,17060,17061,17061,1,1
2021-10-27 15:11:50.044,17060,17061,17060,35,-35
2021-10-27 15:11:50.046,17060,17061,17059,1,-1
2021-10-27 15:11:50.046,17060,17061,17059,1,-1
2021-10-27 15:11:50.046,17060,17061,17059,1,-1
2021-10-27 15:11:50.046,17060,17061,17059,1,-1
2021-10-27 15:11:50.046,17060,17061,17059,2,-2
2021-10-27 15:11:50.193,17058,17059,17058,1,-1
2021-10-27 15:11:50.279,17058,17059,17058,1,-1
2021-10-27 15:11:50.310,17058,17059,17058,1,-1
2021-10-27 15:11:52.892,17058,17059,17059,1,1
2021-10-27 15:11:53.467,17059,17061,17059,1,-1
2021-10-27 15:11:57.363,17059,17060,17059,1,-1
2021-10-27 15:11:58.629,17059,17060,17059,1,-1
2021-10-27 15:12:00.746,17059,17060,17059,1,-1
2021-10-27 15:12:02.133,17059,17060,17059,2,-2
2021-10-27 15:12:02.641,17059,17060,17059,1,-1
2021-10-27 15:12:04.498,17059,17060,17059,3,-3
2021-10-27 15:12:09.393,17059,17060,17059,1,-1
2021-10-27 15:12:10.787,17059,17060,17059,1,-1
2021-10-27 15:12:11.771,17059,17060,17060,5,5
2021-10-27 15:12:11.771,17059,17060,17060,8,8
2021-10-27 15:12:11.772,17059,17060,17060,7,7
2021-10-27 15:12:13.006,17060,17061,17061,1,1
2021-10-27 15:12:13.006,17060,17061,17061,1,1
2021-10-27 15:12:13.006,17060,17061,17061,1,1
2021-10-27 15:12:13.006,17060,17061,17061,12,12
2021-10-27 15:12:16.651,17061,17062,17062,2,2
2021-10-27 15:12:19.936,17062,17063,17062,1,-1
2021-10-27 15:12:20.005,17062,17063,17062,1,-1
2021-10-27 15:12:25.058,17061,17062,17062,1,1
2021-10-27 15:12:26.278,17061,17062,17062,1,1
2021-10-27 15:12:28.454,17061,17062,17062,2,2
2021-10-27 15:12:31.532,17062,17063,17063,5,5
2021-10-27 15:12:31.628,17062,17063,17062,2,-2
2021-10-27 15:12:33.749,17061,17063,17061,1,-1
2021-10-27 15:12:34.906,17062,17063,17063,1,1
2021-10-27 15:12:38.623,17062,17063,17063,1,1
2021-10-27 15:12:38.816,17062,17063,17062,1,-1
2021-10-27 15:12:38.859,17062,17063,17061,1,-1
2021-10-27 15:12:42.433,17061,17062,17061,1,-1
2021-10-27 15:12:44.727,17059,17060,17059,1,-1
2021-10-27 15:12:46.045,17059,17060,17060,1,1
2021-10-27 15:12:47.598,17059,17060,17059,1,-1
2021-10-27 15:12:51.905,17059,17060,17059,1,-1
2021-10-27 15:12:51.905,17059,17060,17059,5,-5
2021-10-27 15:12:58.792,17058,17059,17058,1,-1
2021-10-27 15:12:59.013,17058,17059,17058,1,-1
2021-10-27 15:13:02.978,17058,17059,17058,31,-31
2021-10-27 15:13:02.980,17058,17059,17057,1,-1
2021-10-27 15:13:02.980,17058,17059,17057,6,-6
2021-10-27 15:13:02.981,17058,17059,17056,1,-1
2021-10-27 15:13:03.094,17056,17057,17056,3,-3
2021-10-27 15:13:03.094,17056,17057,17055,2,-2
2021-10-27 15:13:03.103,17056,17057,17056,3,-3
2021-10-27 15:13:03.256,17055,17057,17055,1,-1
2021-10-27 15:13:03.394,17055,17057,17055,1,-1
2021-10-27 15:13:03.401,17055,17057,17055,1,-1
2021-10-27 15:13:03.402,17055,17057,17055,1,-1
2021-10-27 15:13:03.403,17055,17057,17055,1,-1
2021-10-27 15:13:03.403,17055,17057,17055,1,-1
2021-10-27 15:13:03.403,17055,17057,17055,1,-1
2021-10-27 15:13:03.405,17055,17057,17055,1,-1
2021-10-27 15:13:03.405,17055,17057,17055,1,-1
2021-10-27 15:13:03.413,17055,17057,17055,1,-1
2021-10-27 15:13:03.419,17055,17057,17055,1,-1
2021-10-27 15:13:03.513,17055,17056,17055,1,-1
2021-10-27 15:13:03.534,17055,17056,17055,1,-1
2021-10-27 15:13:03.536,17055,17056,17055,1,-1
2021-10-27 15:13:03.540,17055,17056,17055,2,-2
2021-10-27 15:13:03.541,17055,17056,17055,1,-1
2021-10-27 15:13:03.541,17055,17056,17055,6,-6
2021-10-27 15:13:03.541,17055,17056,17055,3,-3
2021-10-27 15:13:03.542,17055,17056,17054,1,-1
2021-10-27 15:13:03.583,17055,17056,17053,2,-2
2021-10-27 15:13:03.584,17055,17056,17053,1,-1
2021-10-27 15:13:03.619,17053,17054,17053,1,-1
2021-10-27 15:13:03.632,17053,17054,17053,1,-1
2021-10-27 15:13:03.694,17053,17054,17053,1,-1
2021-10-27 15:13:03.710,17053,17054,17053,1,-1
2021-10-27 15:13:03.876,17053,17054,17053,1,-1
2021-10-27 15:13:03.902,17053,17054,17054,3,3
2021-10-27 15:13:03.903,17053,17054,17054,1,1
2021-10-27 15:13:03.976,17053,17054,17055,2,2
2021-10-27 15:13:03.976,17053,17054,17056,1,1
2021-10-27 15:13:04.428,17056,17058,17056,1,-1
2021-10-27 15:13:05.163,17056,17058,17056,1,-1
2021-10-27 15:13:05.204,17056,17058,17056,1,-1
2021-10-27 15:13:05.231,17056,17058,17056,1,-1
2021-10-27 15:13:05.248,17056,17058,17056,1,-1
2021-10-27 15:13:09.690,17056,17057,17056,1,-1
2021-10-27 15:13:11.972,17056,17057,17056,1,-1
2021-10-27 15:13:12.234,17055,17057,17056,1,1
2021-10-27 15:13:12.344,17055,17057,17057,1,1
2021-10-27 15:13:13.271,17055,17056,17056,1,1
2021-10-27 15:13:13.329,17055,17056,17056,1,1
2021-10-27 15:13:14.520,17055,17056,17056,1,1
2021-10-27 15:13:15.084,17055,17056,17055,1,-1
2021-10-27 15:13:16.046,17055,17056,17056,1,1
2021-10-27 15:13:16.155,17055,17056,17055,1,-1
2021-10-27 15:13:19.702,17056,17058,17056,2,-2
2021-10-27 15:13:19.908,17056,17058,17056,1,-1
2021-10-27 15:13:22.172,17055,17058,17055,1,-1
2021-10-27 15:13:27.545,17056,17058,17056,1,-1
2021-10-27 15:13:28.526,17057,17058,17057,1,-1
2021-10-27 15:13:28.526,17057,17058,17056,1,-1
2021-10-27 15:13:31.242,17057,17058,17057,1,-1
2021-10-27 15:13:31.609,17056,17057,17056,1,-1
2021-10-27 15:13:31.769,17056,17057,17057,1,1
2021-10-27 15:13:33.882,17056,17057,17057,1,1
2021-10-27 15:13:34.180,17056,17057,17057,1,1
2021-10-27 15:13:37.572,17056,17058,17056,1,-1
2021-10-27 15:13:41.095,17056,17057,17056,1,-1
2021-10-27 15:13:43.367,17056,17057,17057,2,2
2021-10-27 15:13:46.432,17057,17058,17058,2,2
2021-10-27 15:13:46.433,17057,17058,17058,1,1
2021-10-27 15:13:46.433,17057,17058,17058,1,1
2021-10-27 15:13:46.433,17057,17058,17058,16,16
2021-10-27 15:13:46.532,17058,17059,17059,1,1
2021-10-27 15:13:46.532,17058,17059,17060,3,3
2021-10-27 15:13:49.397,17060,17061,17060,1,-1
2021-10-27 15:13:49.397,17060,17061,17059,5,-5
2021-10-27 15:13:49.398,17060,17061,17059,1,-1
2021-10-27 15:13:52.865,17060,17061,17061,2,2
2021-10-27 15:13:52.868,17060,17061,17061,1,1
2021-10-27 15:13:52.871,17060,17061,17061,1,1
2021-10-27 15:13:58.718,17061,17062,17062,1,1
2021-10-27 15:13:59.380,17061,17062,17062,1,1
2021-10-27 15:13:59.781,17061,17062,17062,1,1
2021-10-27 15:14:00.007,17061,17062,17061,1,-1
2021-10-27 15:14:00.661,17061,17062,17062,1,1
2021-10-27 15:14:01.344,17061,17063,17063,1,1
2021-10-27 15:14:01.597,17061,17063,17061,1,-1
2021-10-27 15:14:01.805,17062,17063,17062,1,-1
2021-10-27 15:14:01.865,17062,17063,17061,1,-1
2021-10-27 15:14:04.673,17061,17062,17061,1,-1
2021-10-27 15:14:09.151,17061,17062,17061,1,-1
2021-10-27 15:14:10.074,17060,17062,17060,1,-1
2021-10-27 15:14:14.866,17060,17061,17061,1,1
2021-10-27 15:14:15.228,17060,17061,17060,5,-5
2021-10-27 15:14:20.673,17059,17060,17059,2,-2
2021-10-27 15:14:22.472,17059,17060,17060,1,1
2021-10-27 15:14:26.921,17059,17060,17059,1,-1
2021-10-27 15:14:32.381,17059,17060,17059,1,-1
2021-10-27 15:14:39.523,17059,17060,17060,1,1
2021-10-27 15:14:40.881,17059,17060,17060,2,2
2021-10-27 15:15:00.127,17059,17060,17059,1,-1
2021-10-27 15:15:00.256,17059,17060,17060,1,1
2021-10-27 15:15:00.502,17059,17060,17060,8,8
2021-10-27 15:15:00.503,17059,17060,17060,6,6
2021-10-27 15:15:00.503,17059,17060,17060,1,1
2021-10-27 15:15:00.504,17059,17060,17060,6,6
2021-10-27 15:15:02.520,17060,17061,17061,1,1
2021-10-27 15:15:02.620,17060,17062,17062,1,1
2021-10-27 15:15:02.620,17060,17062,17063,1,1
2021-10-27 15:15:02.621,17060,17062,17063,1,1
2021-10-27 15:15:06.813,17063,17065,17063,1,-1
2021-10-27 15:15:14.689,17064,17065,17064,2,-2
2021-10-27 15:15:14.746,17063,17064,17064,1,1
2021-10-27 15:15:14.747,17063,17064,17065,1,1
2021-10-27 15:15:14.747,17063,17064,17065,1,1
2021-10-27 15:15:15.112,17063,17065,17065,1,1
2021-10-27 15:15:18.414,17063,17064,17063,1,-1
2021-10-27 15:15:20.493,17063,17064,17064,2,2
2021-10-27 15:15:20.619,17063,17065,17065,1,1
2021-10-27 15:15:20.620,17063,17065,17065,1,1
2021-10-27 15:15:20.620,17063,17065,17065,1,1
2021-10-27 15:15:20.620,17063,17065,17065,1,1
2021-10-27 15:15:20.620,17063,17065,17065,1,1
2021-10-27 15:15:20.620,17063,17065,17065,1,1
2021-10-27 15:15:20.621,17063,17065,17065,1,1
2021-10-27 15:15:20.621,17063,17065,17065,1,1
2021-10-27 15:15:21.571,17064,17065,17064,1,-1
2021-10-27 15:15:31.467,17064,17065,17064,1,-1
2021-10-27 15:15:32.995,17064,17065,17064,2,-2
2021-10-27 15:15:33.012,17064,17065,17064,1,-1
2021-10-27 15:15:33.120,17063,17065,17065,1,1
2021-10-27 15:15:33.121,17063,17065,17065,1,1
2021-10-27 15:15:33.121,17063,17065,17065,1,1
2021-10-27 15:15:34.936,17064,17065,17064,1,-1
2021-10-27 15:15:39.377,17064,17065,17064,1,-1
2021-10-27 15:15:43.031,17063,17064,17063,6,-6
2021-10-27 15:15:44.879,17062,17063,17063,1,1
2021-10-27 15:15:50.070,17062,17064,17062,1,-1
2021-10-27 15:16:04.777,17063,17064,17063,1,-1
2021-10-27 15:16:05.992,17061,17063,17061,1,-1
2021-10-27 15:16:21.450,17062,17063,17063,1,1
2021-10-27 15:16:28.232,17063,17064,17064,3,3
2021-10-27 15:16:30.003,17063,17064,17063,1,-1
2021-10-27 15:16:36.765,17063,17064,17063,1,-1
2021-10-27 15:16:36.940,17062,17063,17062,1,-1
2021-10-27 15:16:37.087,17062,17063,17062,1,-1
2021-10-27 15:16:37.217,17062,17063,17062,1,-1
2021-10-27 15:16:37.706,17062,17063,17062,1,-1
2021-10-27 15:16:38.730,17062,17063,17062,1,-1
2021-10-27 15:16:39.059,17061,17063,17061,1,-1
2021-10-27 15:16:40.222,17061,17062,17061,1,-1
2021-10-27 15:16:41.487,17061,17062,17061,1,-1
2021-10-27 15:16:41.817,17061,17062,17061,1,-1
2021-10-27 15:16:44.168,17061,17062,17061,1,-1
2021-10-27 15:16:44.582,17061,17062,17061,3,-3
2021-10-27 15:16:45.636,17060,17061,17060,5,-5
2021-10-27 15:16:48.163,17060,17061,17061,2,2
2021-10-27 15:16:49.502,17062,17063,17062,1,-1
2021-10-27 15:16:50.319,17061,17062,17062,1,1
2021-10-27 15:16:57.073,17063,17064,17063,1,-1
2021-10-27 15:17:11.094,17062,17063,17063,1,1
2021-10-27 15:17:12.677,17063,17064,17063,1,-1
2021-10-27 15:17:18.476,17063,17064,17064,1,1
2021-10-27 15:17:18.477,17063,17064,17064,1,1
2021-10-27 15:17:19.063,17064,17065,17064,1,-1
2021-10-27 15:17:20.884,17064,17065,17065,1,1
2021-10-27 15:17:20.884,17064,17065,17065,2,2
2021-10-27 15:17:20.884,17064,17065,17065,1,1
2021-10-27 15:17:22.601,17065,17066,17066,1,1
2021-10-27 15:17:23.039,17065,17066,17066,1,1
2021-10-27 15:17:24.654,17065,17066,17066,1,1
2021-10-27 15:17:26.453,17066,17067,17067,2,2
2021-10-27 15:17:29.248,17067,17068,17068,2,2
2021-10-27 15:17:30.110,17067,17068,17068,1,1
2021-10-27 15:17:30.592,17067,17068,17068,1,1
2021-10-27 15:17:30.916,17067,17068,17068,1,1
2021-10-27 15:17:33.007,17067,17068,17068,2,2
2021-10-27 15:17:34.594,17068,17069,17068,1,-1
2021-10-27 15:17:37.362,17068,17069,17068,1,-1
2021-10-27 15:17:38.046,17068,17069,17068,1,-1
2021-10-27 15:17:38.971,17067,17069,17068,1,1
2021-10-27 15:17:41.952,17067,17068,17068,1,1
2021-10-27 15:17:41.992,17067,17068,17068,1,1
2021-10-27 15:17:42.915,17067,17069,17068,1,1
2021-10-27 15:17:46.334,17068,17069,17068,1,-1
2021-10-27 15:17:49.761,17067,17068,17068,1,1
2021-10-27 15:17:58.525,17067,17068,17067,1,-1
2021-10-27 15:18:08.637,17067,17068,17067,1,-1
2021-10-27 15:18:09.308,17067,17068,17068,2,2
2021-10-27 15:18:09.460,17067,17068,17068,2,2
2021-10-27 15:18:09.460,17067,17068,17068,1,1
2021-10-27 15:18:09.460,17067,17068,17069,1,1
2021-10-27 15:18:13.113,17067,17068,17068,1,1
2021-10-27 15:18:13.147,17067,17068,17068,1,1
2021-10-27 15:18:13.151,17067,17068,17068,1,1
2021-10-27 15:18:22.148,17068,17069,17069,2,2
2021-10-27 15:18:23.428,17068,17069,17068,3,-3
2021-10-27 15:18:25.374,17068,17069,17068,1,-1
2021-10-27 15:18:33.442,17067,17069,17068,1,1
2021-10-27 15:18:45.291,17067,17069,17067,1,-1
2021-10-27 15:19:00.161,17067,17068,17068,1,1
2021-10-27 15:19:00.326,17067,17068,17068,1,1
2021-10-27 15:19:00.366,17067,17068,17067,1,-1
2021-10-27 15:19:00.386,17067,17068,17068,1,1
2021-10-27 15:19:01.365,17067,17069,17069,1,1
2021-10-27 15:19:01.480,17067,17069,17067,1,-1
2021-10-27 15:19:08.569,17067,17068,17068,1,1
2021-10-27 15:19:31.443,17068,17069,17069,2,2
2021-10-27 15:19:37.785,17068,17069,17069,1,1
2021-10-27 15:19:39.507,17068,17069,17068,1,-1
2021-10-27 15:19:41.733,17068,17069,17068,1,-1
2021-10-27 15:19:41.733,17068,17069,17068,1,-1
2021-10-27 15:19:49.447,17068,17069,17068,1,-1
2021-10-27 15:19:59.365,17067,17068,17068,3,3
2021-10-27 15:19:59.589,17068,17069,17068,1,-1
2021-10-27 15:20:04.611,17067,17069,17069,1,1
2021-10-27 15:20:04.781,17067,17069,17069,1,1
2021-10-27 15:20:04.801,17067,17069,17069,1,1
2021-10-27 15:20:06.172,17068,17069,17069,1,1
2021-10-27 15:20:22.785,17069,17070,17069,1,-1
2021-10-27 15:20:30.211,17069,17070,17069,1,-1
2021-10-27 15:20:30.212,17069,17070,17069,1,-1
2021-10-27 15:20:30.212,17069,17070,17069,1,-1
2021-10-27 15:20:41.561,17068,17069,17069,6,6
2021-10-27 15:20:43.481,17069,17070,17069,1,-1
2021-10-27 15:20:47.685,17069,17070,17069,1,-1
2021-10-27 15:20:47.938,17069,17070,17069,2,-2
2021-10-27 15:20:47.939,17069,17070,17069,1,-1
2021-10-27 15:21:04.159,17068,17069,17068,10,-10
2021-10-27 15:21:04.395,17067,17068,17068,5,5
2021-10-27 15:21:04.395,17067,17068,17069,1,1
2021-10-27 15:21:06.629,17067,17069,17067,1,-1
2021-10-27 15:21:12.526,17067,17068,17068,1,1
2021-10-27 15:21:31.695,17067,17068,17068,1,1
2021-10-27 15:21:43.766,17067,17068,17067,4,-4
2021-10-27 15:21:47.674,17066,17067,17066,1,-1
2021-10-27 15:21:47.674,17066,17067,17066,2,-2
2021-10-27 15:21:53.144,17065,17066,17065,4,-4
2021-10-27 15:21:58.875,17064,17065,17064,1,-1
2021-10-27 15:22:00.116,17064,17065,17065,1,1
2021-10-27 15:22:01.330,17065,17066,17066,1,1
2021-10-27 15:22:05.534,17066,17068,17066,1,-1
2021-10-27 15:22:32.234,17064,17066,17064,1,-1
2021-10-27 15:22:39.977,17064,17065,17065,5,5
2021-10-27 15:22:39.977,17064,17065,17065,1,1
2021-10-27 15:22:40.060,17065,17066,17066,2,2
2021-10-27 15:22:40.060,17065,17066,17066,1,1
2021-10-27 15:22:40.060,17065,17066,17066,1,1
2021-10-27 15:22:40.060,17065,17066,17066,1,1
2021-10-27 15:22:50.133,17066,17067,17067,1,1
2021-10-27 15:22:59.472,17067,17068,17068,1,1
2021-10-27 15:23:30.365,17067,17068,17068,1,1
2021-10-27 15:23:32.504,17067,17068,17067,2,-2
2021-10-27 15:23:47.753,17065,17067,17065,1,-1
2021-10-27 15:23:52.736,17065,17066,17065,1,-1
2021-10-27 15:24:00.903,17065,17066,17065,1,-1
2021-10-27 15:24:05.191,17065,17066,17066,1,1
2021-10-27 15:24:31.015,17065,17066,17066,2,2
2021-10-27 15:24:35.592,17065,17066,17065,2,-2
2021-10-27 15:24:37.310,17065,17066,17065,1,-1
2021-10-27 15:24:41.357,17065,17066,17065,1,-1
2021-10-27 15:24:48.087,17065,17066,17065,2,-2
2021-10-27 15:24:53.076,17064,17065,17064,4,-4
2021-10-27 15:24:53.349,17063,17064,17063,1,-1
2021-10-27 15:24:53.533,17063,17064,17064,1,1
2021-10-27 15:24:58.272,17063,17064,17064,1,1
2021-10-27 15:25:01.397,17063,17065,17063,2,-2
2021-10-27 15:25:01.519,17062,17063,17062,1,-1
2021-10-27 15:25:01.520,17062,17063,17062,1,-1
2021-10-27 15:25:05.385,17062,17063,17062,1,-1
2021-10-27 15:25:06.789,17061,17062,17061,1,-1
2021-10-27 15:25:13.564,17061,17062,17062,5,5
2021-10-27 15:25:15.181,17062,17063,17062,1,-1
2021-10-27 15:25:15.810,17062,17063,17062,2,-2
2021-10-27 15:25:17.084,17061,17063,17061,1,-1
2021-10-27 15:25:22.411,17062,17063,17063,1,1
2021-10-27 15:25:30.133,17062,17063,17063,1,1
2021-10-27 15:25:31.099,17062,17063,17063,1,1
2021-10-27 15:25:31.246,17063,17064,17063,1,-1
2021-10-27 15:25:31.834,17063,17064,17063,1,-1
2021-10-27 15:25:36.417,17064,17066,17064,1,-1
2021-10-27 15:25:40.142,17064,17065,17064,1,-1
2021-10-27 15:25:50.374,17063,17064,17063,1,-1
2021-10-27 15:25:59.359,17063,17064,17064,2,2
2021-10-27 15:25:59.974,17063,17064,17064,1,1
2021-10-27 15:26:05.422,17064,17065,17065,5,5
2021-10-27 15:26:05.440,17064,17065,17066,5,5
2021-10-27 15:26:05.453,17064,17065,17066,1,1
2021-10-27 15:26:05.453,17064,17065,17067,4,4
2021-10-27 15:26:05.466,17064,17065,17067,5,5
2021-10-27 15:26:05.476,17064,17065,17068,5,5
2021-10-27 15:26:05.487,17064,17065,17068,5,5
2021-10-27 15:26:16.846,17065,17067,17067,5,5
2021-10-27 15:26:16.858,17065,17067,17067,2,2
2021-10-27 15:26:16.858,17065,17067,17068,3,3
2021-10-27 15:26:16.879,17066,17068,17068,5,5
2021-10-27 15:26:16.889,17066,17068,17068,5,5
2021-10-27 15:26:16.927,17066,17068,17068,2,2
2021-10-27 15:26:16.927,17066,17068,17069,3,3
2021-10-27 15:26:16.946,17066,17068,17069,5,5
2021-10-27 15:26:22.874,17067,17069,17068,1,1
2021-10-27 15:26:23.798,17067,17069,17069,2,2
2021-10-27 15:26:23.798,17067,17069,17070,3,3
2021-10-27 15:26:23.814,17067,17069,17070,5,5
2021-10-27 15:26:23.834,17067,17069,17070,5,5
2021-10-27 15:26:23.853,17067,17069,17071,5,5
2021-10-27 15:26:23.881,17069,17071,17071,1,1
2021-10-27 15:26:23.886,17069,17071,17071,5,5
2021-10-27 15:26:23.896,17069,17071,17072,5,5
2021-10-27 15:26:24.171,17070,17072,17072,1,1
2021-10-27 15:26:24.182,17070,17072,17072,1,1
2021-10-27 15:26:24.182,17070,17072,17072,1,1
2021-10-27 15:26:24.182,17070,17072,17072,2,2
2021-10-27 15:26:24.182,17070,17072,17072,1,1
2021-10-27 15:26:24.254,17070,17072,17072,2,2
2021-10-27 15:26:24.254,17070,17072,17072,1,1
2021-10-27 15:26:24.368,17071,17072,17071,4,-4
2021-10-27 15:26:32.901,17070,17072,17071,2,2
2021-10-27 15:26:32.993,17070,17072,17072,4,4
2021-10-27 15:26:33.428,17070,17072,17072,1,1
2021-10-27 15:26:42.523,17069,17070,17070,1,1
2021-10-27 15:26:55.179,17069,17070,17070,1,1
2021-10-27 15:27:03.022,17070,17071,17071,1,1
2021-10-27 15:27:03.553,17070,17071,17070,1,-1
2021-10-27 15:27:04.063,17070,17071,17071,1,1
2021-10-27 15:27:20.466,17070,17071,17070,1,-1
2021-10-27 15:27:21.427,17070,17071,17070,3,-3
2021-10-27 15:27:21.427,17070,17071,17070,1,-1
2021-10-27 15:27:22.855,17069,17071,17071,4,4
2021-10-27 15:27:23.165,17069,17071,17070,1,1
2021-10-27 15:27:24.404,17070,17071,17071,6,6
2021-10-27 15:27:32.156,17070,17071,17070,8,-8
2021-10-27 15:27:32.254,17069,17070,17069,1,-1
2021-10-27 15:27:35.957,17069,17071,17071,1,1
2021-10-27 15:27:37.509,17071,17072,17072,1,1
2021-10-27 15:27:37.722,17071,17072,17071,2,-2
2021-10-27 15:27:39.471,17071,17072,17071,1,-1
2021-10-27 15:27:46.117,17071,17072,17071,1,-1
2021-10-27 15:27:46.767,17070,17072,17072,1,1
2021-10-27 15:27:47.645,17071,17072,17071,1,-1
2021-10-27 15:27:47.986,17070,17072,17071,1,1
2021-10-27 15:27:49.160,17070,17071,17071,1,1
2021-10-27 15:27:50.363,17070,17071,17071,1,1
2021-10-27 15:27:51.341,17071,17072,17071,2,-2
2021-10-27 15:27:52.874,17070,17071,17071,1,1
2021-10-27 15:27:56.372,17071,17072,17072,1,1
2021-10-27 15:27:57.002,17071,17072,17071,2,-2
2021-10-27 15:27:57.596,17070,17072,17071,1,1
2021-10-27 15:27:57.974,17070,17072,17071,1,1
2021-10-27 15:27:58.026,17070,17072,17071,1,1
2021-10-27 15:27:58.591,17070,17072,17071,1,1
2021-10-27 15:27:59.043,17070,17072,17071,1,1
2021-10-27 15:27:59.569,17070,17071,17071,1,1
2021-10-27 15:28:02.067,17070,17071,17071,1,1
2021-10-27 15:28:06.234,17070,17071,17071,1,1
2021-10-27 15:28:08.298,17071,17072,17071,1,-1
2021-10-27 15:28:13.858,17070,17071,17071,1,1
2021-10-27 15:28:18.631,17070,17071,17071,1,1
2021-10-27 15:28:19.356,17070,17071,17070,1,-1
2021-10-27 15:28:20.893,17070,17071,17071,1,1
2021-10-27 15:28:22.018,17071,17072,17072,1,1
2021-10-27 15:28:23.841,17072,17073,17072,1,-1
2021-10-27 15:28:27.606,17072,17073,17072,1,-1
2021-10-27 15:28:28.873,17072,17073,17072,1,-1
2021-10-27 15:28:29.608,17072,17073,17072,1,-1
2021-10-27 15:28:30.698,17072,17073,17072,1,-1
2021-10-27 15:28:30.971,17072,17073,17073,1,1
2021-10-27 15:28:31.000,17072,17073,17072,3,-3
2021-10-27 15:28:31.000,17072,17073,17071,7,-7
2021-10-27 15:28:31.014,17072,17073,17072,1,-1
2021-10-27 15:28:31.592,17070,17073,17073,1,1
2021-10-27 15:28:31.972,17071,17073,17073,1,1
2021-10-27 15:28:32.022,17071,17073,17073,1,1
2021-10-27 15:28:32.779,17071,17073,17073,1,1
2021-10-27 15:28:34.664,17071,17073,17073,1,1
2021-10-27 15:28:36.776,17071,17073,17073,1,1
2021-10-27 15:28:37.154,17071,17073,17073,1,1
2021-10-27 15:28:37.602,17071,17073,17073,1,1
2021-10-27 15:28:37.895,17071,17073,17073,1,1
2021-10-27 15:28:43.833,17070,17073,17070,1,-1
2021-10-27 15:28:45.737,17071,17073,17073,2,2
2021-10-27 15:28:50.036,17071,17073,17073,1,1
2021-10-27 15:29:03.592,17071,17072,17072,1,1
2021-10-27 15:29:14.914,17071,17072,17071,1,-1
2021-10-27 15:29:16.751,17070,17071,17070,1,-1
2021-10-27 15:29:31.822,17070,17071,17071,1,1
2021-10-27 15:29:42.217,17070,17071,17070,2,-2
2021-10-27 15:29:47.350,17069,17070,17069,2,-2
2021-10-27 15:29:47.592,17068,17069,17069,2,2
2021-10-27 15:30:04.190,17068,17071,17069,1,-1
2021-10-27 15:30:04.459,17068,17070,17070,2,2
2021-10-27 15:30:04.510,17069,17071,17071,8,8
2021-10-27 15:30:04.560,17069,17071,17071,2,2
2021-10-27 15:30:04.564,17069,17071,17071,2,2
2021-10-27 15:30:04.632,17070,17071,17071,5,5
2021-10-27 15:30:04.632,17070,17071,17072,3,3
2021-10-27 15:30:04.643,17070,17071,17072,1,1
2021-10-27 15:30:04.643,17070,17071,17073,3,3
2021-10-27 15:30:04.653,17070,17071,17073,1,1
2021-10-27 15:30:05.010,17070,17072,17072,1,1
2021-10-27 15:30:05.424,17070,17072,17072,2,2
2021-10-27 15:30:09.993,17070,17071,17070,1,-1
2021-10-27 15:30:14.268,17069,17072,17072,1,1
2021-10-27 15:30:21.148,17069,17071,17071,1,1
2021-10-27 15:30:21.911,17069,17071,17071,2,2
2021-10-27 15:30:25.639,17070,17072,17072,9,9
2021-10-27 15:30:25.640,17070,17072,17072,1,1
2021-10-27 15:30:25.640,17070,17072,17072,3,3
2021-10-27 15:30:36.161,17072,17073,17073,1,1
2021-10-27 15:30:36.317,17072,17073,17072,2,-2
2021-10-27 15:30:36.561,17071,17072,17072,1,1
2021-10-27 15:30:54.714,17071,17072,17072,2,2
2021-10-27 15:31:02.670,17071,17072,17072,1,1
2021-10-27 15:31:02.670,17071,17072,17072,1,1
2021-10-27 15:31:12.280,17071,17073,17071,1,-1
2021-10-27 15:31:36.624,17072,17073,17073,1,1
2021-10-27 15:31:37.147,17072,17073,17073,2,2
2021-10-27 15:31:39.517,17073,17074,17073,1,-1
2021-10-27 15:31:48.836,17073,17074,17073,2,-2
2021-10-27 15:31:49.751,17072,17074,17074,1,1
2021-10-27 15:31:53.707,17072,17073,17073,1,1
2021-10-27 15:31:59.022,17072,17073,17073,2,2
2021-10-27 15:32:07.733,17072,17073,17073,1,1
2021-10-27 15:32:17.237,17072,17073,17072,1,-1
2021-10-27 15:32:17.239,17072,17073,17072,1,-1
2021-10-27 15:32:31.138,17071,17072,17072,1,1
2021-10-27 15:32:45.161,17072,17073,17073,24,24
2021-10-27 15:32:45.162,17072,17073,17073,1,1
2021-10-27 15:32:45.162,17072,17073,17073,1,1
2021-10-27 15:32:45.163,17072,17073,17074,9,9
2021-10-27 15:32:45.331,17074,17075,17074,1,-1
2021-10-27 15:32:45.601,17074,17075,17074,1,-1
2021-10-27 15:32:47.197,17074,17075,17074,2,-2
2021-10-27 15:33:00.182,17074,17075,17074,1,-1
2021-10-27 15:33:01.098,17074,17075,17074,7,-7
2021-10-27 15:33:05.053,17073,17075,17074,1,1
2021-10-27 15:33:18.962,17073,17075,17075,10,10
2021-10-27 15:33:19.043,17074,17075,17075,1,1
2021-10-27 15:33:24.261,17073,17074,17074,1,1
2021-10-27 15:33:30.272,17074,17075,17074,2,-2
2021-10-27 15:33:47.368,17074,17075,17075,1,1
2021-10-27 15:33:50.252,17074,17075,17075,1,1
2021-10-27 15:33:53.047,17074,17075,17074,1,-1
2021-10-27 15:33:53.267,17073,17075,17073,1,-1
2021-10-27 15:34:07.030,17073,17074,17074,1,1
2021-10-27 15:34:14.262,17073,17074,17074,4,4
2021-10-27 15:34:14.739,17073,17074,17074,1,1
2021-10-27 15:34:14.739,17073,17074,17075,4,4
2021-10-27 15:34:14.760,17073,17075,17075,5,5
2021-10-27 15:34:14.771,17073,17075,17075,1,1
2021-10-27 15:34:14.771,17073,17075,17076,4,4
2021-10-27 15:34:14.785,17073,17075,17076,5,5
2021-10-27 15:34:14.805,17073,17075,17076,4,4
2021-10-27 15:34:14.805,17073,17075,17077,1,1
2021-10-27 15:34:14.841,17073,17075,17076,1,1
2021-10-27 15:34:14.841,17073,17075,17077,4,4
2021-10-27 15:34:14.911,17075,17077,17077,1,1
2021-10-27 15:34:14.920,17075,17077,17077,1,1
2021-10-27 15:34:14.928,17075,17077,17077,1,1
2021-10-27 15:34:14.973,17075,17077,17077,1,1
2021-10-27 15:34:15.213,17075,17077,17077,1,1
2021-10-27 15:34:15.459,17075,17077,17077,1,1
2021-10-27 15:34:15.654,17075,17077,17077,1,1
2021-10-27 15:34:21.722,17075,17076,17075,1,-1
2021-10-27 15:34:25.250,17074,17076,17075,1,1
2021-10-27 15:34:28.247,17074,17076,17075,1,1
2021-10-27 15:34:30.090,17074,17075,17074,1,-1
2021-10-27 15:34:30.333,17074,17075,17075,1,1
2021-10-27 15:34:39.383,17074,17075,17075,1,1
2021-10-27 15:34:53.001,17074,17075,17075,1,1
2021-10-27 15:34:54.767,17075,17076,17075,1,-1
2021-10-27 15:35:04.321,17074,17076,17074,2,-2
2021-10-27 15:35:08.182,17074,17075,17075,1,1
2021-10-27 15:35:08.296,17074,17076,17076,1,1
2021-10-27 15:35:09.717,17074,17076,17076,1,1
2021-10-27 15:35:09.744,17074,17076,17076,1,1
2021-10-27 15:35:09.992,17074,17076,17076,1,1
2021-10-27 15:35:19.057,17075,17076,17075,2,-2
2021-10-27 15:35:21.348,17074,17076,17076,1,1
2021-10-27 15:35:21.370,17074,17076,17076,1,1
2021-10-27 15:35:21.371,17074,17076,17076,1,1
2021-10-27 15:35:21.372,17074,17076,17076,1,1
2021-10-27 15:35:21.372,17074,17076,17077,1,1
2021-10-27 15:35:21.373,17074,17076,17077,1,1
2021-10-27 15:35:21.566,17075,17076,17076,1,1
2021-10-27 15:35:34.540,17074,17076,17075,1,1
2021-10-27 15:35:40.957,17075,17076,17075,1,-1
2021-10-27 15:35:41.842,17074,17076,17075,1,1
2021-10-27 15:35:46.423,17075,17076,17076,2,2
2021-10-27 15:35:48.583,17075,17076,17076,1,1
2021-10-27 15:35:48.583,17075,17076,17077,2,2
2021-10-27 15:35:55.431,17075,17076,17075,2,-2
2021-10-27 15:35:58.877,17074,17075,17075,1,1
2021-10-27 15:36:00.939,17074,17075,17075,1,1
2021-10-27 15:36:01.286,17074,17075,17075,1,1
2021-10-27 15:36:01.365,17074,17075,17076,7,7
2021-10-27 15:36:08.481,17075,17076,17075,1,-1
2021-10-27 15:36:09.706,17075,17076,17075,1,-1
2021-10-27 15:36:10.031,17074,17076,17074,1,-1
2021-10-27 15:36:51.573,17074,17076,17076,1,1
2021-10-27 15:37:00.935,17075,17076,17076,2,2
2021-10-27 15:37:05.121,17074,17077,17074,1,-1
2021-10-27 15:37:19.502,17074,17075,17074,3,-3
2021-10-27 15:37:23.614,17073,17075,17073,1,-1
2021-10-27 15:37:26.491,17073,17075,17073,1,-1
2021-10-27 15:37:36.345,17073,17074,17073,2,-2
2021-10-27 15:37:38.020,17073,17074,17073,1,-1
2021-10-27 15:37:38.435,17073,17074,17073,8,-8
2021-10-27 15:37:45.618,17072,17073,17072,1,-1
2021-10-27 15:37:48.597,17072,17073,17073,1,1
2021-10-27 15:37:54.827,17072,17073,17072,1,-1
2021-10-27 15:38:00.851,17072,17073,17072,1,-1
2021-10-27 15:38:05.240,17072,17073,17073,8,8
2021-10-27 15:38:16.978,17072,17073,17073,1,1
2021-10-27 15:38:37.963,17072,17073,17073,1,1
2021-10-27 15:38:47.682,17073,17074,17073,1,-1
2021-10-27 15:38:56.814,17072,17073,17073,1,1
2021-10-27 15:39:28.285,17072,17073,17072,12,-12
2021-10-27 15:39:40.340,17071,17072,17071,3,-3
2021-10-27 15:39:46.315,17070,17071,17070,2,-2
2021-10-27 15:39:47.115,17070,17071,17070,5,-5
2021-10-27 15:39:54.818,17070,17071,17070,1,-1
2021-10-27 15:39:54.818,17070,17071,17069,1,-1
2021-10-27 15:39:54.997,17069,17071,17069,1,-1
2021-10-27 15:40:11.694,17070,17071,17071,1,1
2021-10-27 15:40:13.593,17071,17072,17071,1,-1
2021-10-27 15:40:20.963,17071,17072,17071,1,-1
2021-10-27 15:40:44.591,17070,17071,17071,1,1
2021-10-27 15:40:47.595,17070,17071,17070,3,-3
2021-10-27 15:40:57.994,17070,17071,17070,2,-2
2021-10-27 15:41:06.167,17069,17070,17069,1,-1
2021-10-27 15:41:11.027,17069,17070,17069,1,-1
2021-10-27 15:41:13.852,17069,17070,17070,6,6
2021-10-27 15:41:15.092,17070,17071,17071,1,1
2021-10-27 15:41:15.514,17071,17072,17071,2,-2
2021-10-27 15:41:25.343,17071,17072,17071,1,-1
2021-10-27 15:41:25.997,17070,17071,17070,1,-1
2021-10-27 15:41:27.617,17070,17071,17071,1,1
2021-10-27 15:41:32.836,17070,17071,17071,2,2
2021-10-27 15:41:39.918,17071,17072,17071,1,-1
2021-10-27 15:41:39.918,17071,17072,17070,1,-1
2021-10-27 15:41:46.864,17070,17071,17070,1,-1
2021-10-27 15:42:00.795,17070,17071,17070,2,-2
2021-10-27 15:42:05.949,17070,17071,17071,1,1
2021-10-27 15:42:20.078,17071,17072,17072,6,6
2021-10-27 15:42:25.788,17072,17073,17072,1,-1
2021-10-27 15:42:53.221,17072,17073,17072,2,-2
2021-10-27 15:42:58.479,17071,17072,17071,1,-1
2021-10-27 15:43:13.685,17070,17071,17070,1,-1
2021-10-27 15:43:48.927,17069,17070,17070,1,1
2021-10-27 15:43:48.927,17069,17070,17070,1,1
2021-10-27 15:43:48.927,17069,17070,17070,2,2
2021-10-27 15:43:50.352,17069,17071,17070,1,1
2021-10-27 15:43:59.665,17070,17071,17071,2,2
2021-10-27 15:43:59.740,17070,17071,17071,1,1
2021-10-27 15:44:00.898,17070,17072,17070,1,-1
2021-10-27 15:44:03.024,17070,17071,17070,2,-2
2021-10-27 15:44:17.224,17069,17070,17070,1,1
2021-10-27 15:44:45.739,17070,17071,17071,5,5
2021-10-27 15:45:12.316,17070,17071,17070,1,-1
2021-10-27 15:45:30.622,17070,17071,17071,2,2
2021-10-27 15:45:36.155,17071,17072,17072,6,6
2021-10-27 15:45:36.156,17071,17072,17072,1,1
2021-10-27 15:45:36.156,17071,17072,17072,1,1
2021-10-27 15:45:36.156,17071,17072,17072,3,3
2021-10-27 15:45:36.156,17071,17072,17072,6,6
2021-10-27 15:45:39.712,17072,17073,17072,1,-1
2021-10-27 15:45:39.935,17072,17073,17072,1,-1
2021-10-27 15:45:39.937,17072,17073,17071,1,-1
2021-10-27 15:45:39.938,17072,17073,17071,1,-1
2021-10-27 15:45:39.938,17072,17073,17071,1,-1
2021-10-27 15:45:39.973,17072,17073,17070,1,-1
2021-10-27 15:45:39.981,17072,17073,17070,1,-1
2021-10-27 15:45:39.981,17072,17073,17070,4,-4
2021-10-27 15:45:39.982,17072,17073,17070,1,-1
2021-10-27 15:45:39.982,17072,17073,17070,4,-4
2021-10-27 15:45:50.366,17070,17071,17070,1,-1
2021-10-27 15:45:52.632,17070,17071,17070,2,-2
2021-10-27 15:46:02.216,17070,17071,17071,1,1
2021-10-27 15:46:02.216,17070,17071,17071,2,2
2021-10-27 15:46:38.839,17071,17072,17071,1,-1
2021-10-27 15:46:49.425,17071,17072,17072,1,1
2021-10-27 15:46:58.270,17071,17072,17072,3,3
2021-10-27 15:46:58.905,17071,17073,17071,3,-3
2021-10-27 15:48:15.648,17071,17072,17071,1,-1
2021-10-27 15:48:22.207,17071,17072,17071,2,-2
2021-10-27 15:48:23.944,17070,17071,17071,1,1
2021-10-27 15:48:53.028,17071,17072,17072,1,1
2021-10-27 15:49:05.840,17072,17073,17072,1,-1
2021-10-27 15:49:12.288,17071,17072,17071,1,-1
2021-10-27 15:49:49.528,17071,17072,17071,2,-2
2021-10-27 15:49:52.805,17071,17072,17071,1,-1
2021-10-27 15:50:10.835,17071,17072,17072,1,1
2021-10-27 15:50:41.583,17071,17072,17071,3,-3
2021-10-27 15:50:41.584,17071,17072,17071,12,-12
2021-10-27 15:50:49.722,17070,17071,17070,1,-1
2021-10-27 15:51:00.204,17070,17071,17070,1,-1
2021-10-27 15:51:06.964,17070,17071,17070,1,-1
2021-10-27 15:52:06.238,17070,17071,17071,1,1
2021-10-27 15:52:07.703,17070,17071,17071,1,1
2021-10-27 15:52:09.925,17070,17071,17071,1,1
2021-10-27 15:52:20.373,17071,17072,17072,1,1
2021-10-27 15:52:58.255,17071,17072,17071,1,-1
2021-10-27 15:52:59.244,17071,17072,17071,1,-1
2021-10-27 15:53:32.620,17070,17071,17071,1,1
2021-10-27 15:53:47.373,17070,17071,17071,7,7
2021-10-27 15:54:03.496,17071,17072,17072,3,3
2021-10-27 15:54:14.207,17072,17073,17072,1,-1
2021-10-27 15:55:00.882,17071,17072,17072,1,1
2021-10-27 15:55:00.882,17071,17072,17072,1,1
2021-10-27 15:55:06.464,17072,17073,17072,2,-2
2021-10-27 15:55:26.723,17072,17073,17072,1,-1
2021-10-27 15:56:01.809,17072,17073,17072,1,-1
2021-10-27 15:56:06.729,17072,17073,17072,2,-2
2021-10-27 15:56:22.035,17072,17073,17072,1,-1
2021-10-27 15:56:48.578,17072,17073,17072,3,-3
2021-10-27 15:57:00.464,17070,17072,17072,1,1
2021-10-27 15:57:00.584,17070,17072,17070,3,-3
2021-10-27 15:57:03.397,17070,17071,17071,2,2
2021-10-27 15:57:03.397,17070,17071,17071,1,1
2021-10-27 15:57:16.532,17071,17072,17071,1,-1
2021-10-27 15:58:40.701,17070,17071,17071,1,1
2021-10-27 15:58:48.682,17070,17071,17071,1,1
2021-10-27 15:58:54.527,17070,17071,17070,2,-2
2021-10-27 15:58:54.527,17070,17071,17070,1,-1
2021-10-27 15:58:54.527,17070,17071,17070,4,-4
2021-10-27 15:59:04.358,17069,17071,17069,1,-1
2021-10-27 15:59:04.709,17069,17071,17069,1,-1
2021-10-27 15:59:06.700,17069,17071,17071,3,3
2021-10-27 15:59:13.405,17069,17071,17071,1,1
2021-10-27 15:59:42.926,17070,17071,17071,1,1
2021-10-27 15:59:45.976,17070,17071,17071,3,3
2021-10-27 15:59:56.453,17071,17072,17072,14,14
2021-10-27 16:00:00.405,17071,17073,17073,3,3
2021-10-27 16:00:00.679,17072,17073,17073,1,1
2021-10-27 16:00:00.837,17072,17073,17073,7,7
2021-10-27 16:00:16.432,17073,17074,17073,1,-1
2021-10-27 16:00:17.659,17073,17074,17074,1,1
2021-10-27 16:00:17.723,17073,17074,17074,1,1
2021-10-27 16:00:17.985,17073,17074,17074,1,1
2021-10-27 16:00:18.531,17073,17074,17074,1,1
2021-10-27 16:00:28.054,17073,17074,17074,1,1
2021-10-27 16:00:28.444,17073,17074,17073,1,-1
2021-10-27 16:00:34.750,17073,17074,17074,10,10
2021-10-27 16:00:52.313,17074,17075,17075,1,1
2021-10-27 16:00:53.054,17074,17075,17075,1,1
2021-10-27 16:00:53.419,17074,17075,17074,1,-1
2021-10-27 16:00:54.694,17074,17075,17075,1,1
2021-10-27 16:01:04.203,17074,17075,17075,1,1
2021-10-27 16:01:09.625,17074,17075,17075,2,2
2021-10-27 16:01:09.625,17074,17075,17075,1,1
2021-10-27 16:01:09.625,17074,17075,17075,6,6
2021-10-27 16:01:09.625,17074,17075,17075,1,1
2021-10-27 16:01:10.032,17075,17076,17075,2,-2
2021-10-27 16:01:10.781,17075,17076,17076,1,1
2021-10-27 16:01:29.862,17075,17076,17076,1,1
2021-10-27 16:01:31.714,17075,17076,17076,6,6
2021-10-27 16:01:38.912,17075,17076,17076,2,2
2021-10-27 16:02:03.759,17075,17076,17076,1,1
2021-10-27 16:02:13.609,17075,17076,17075,11,-11
2021-10-27 16:02:13.609,17075,17076,17075,3,-3
2021-10-27 16:02:23.819,17074,17075,17075,1,1
2021-10-27 16:02:23.846,17074,17075,17075,1,1
2021-10-27 16:02:23.848,17074,17075,17075,1,1
2021-10-27 16:02:23.874,17074,17075,17075,1,1
2021-10-27 16:02:25.330,17074,17075,17074,22,-22
2021-10-27 16:02:34.916,17073,17074,17073,2,-2
2021-10-27 16:02:55.852,17073,17074,17073,1,-1
2021-10-27 16:03:20.094,17073,17074,17073,1,-1
2021-10-27 16:03:26.702,17072,17073,17072,2,-2
2021-10-27 16:03:58.581,17071,17072,17072,1,1
2021-10-27 16:03:58.581,17071,17072,17072,1,1
2021-10-27 16:04:33.541,17072,17073,17073,1,1
2021-10-27 16:05:18.866,17072,17073,17072,1,-1
2021-10-27 16:05:20.513,17072,17074,17073,1,1
2021-10-27 16:06:05.420,17072,17073,17073,1,1
2021-10-27 16:06:25.991,17072,17073,17073,2,2
2021-10-27 16:06:26.243,17072,17073,17073,3,3
2021-10-27 16:06:50.618,17072,17073,17072,2,-2
2021-10-27 16:07:40.495,17071,17072,17071,1,-1
2021-10-27 16:07:43.260,17071,17072,17071,1,-1
2021-10-27 16:08:05.119,17071,17072,17072,1,1
2021-10-27 16:08:05.119,17071,17072,17072,1,1
2021-10-27 16:08:42.432,17072,17073,17072,1,-1
2021-10-27 16:08:47.416,17072,17073,17072,1,-1
2021-10-27 16:08:49.098,17072,17073,17073,5,5
2021-10-27 16:09:20.977,17073,17074,17073,1,-1
2021-10-27 16:09:20.977,17073,17074,17073,1,-1
2021-10-27 16:09:36.369,17072,17073,17073,1,1
2021-10-27 16:09:59.772,17072,17073,17073,1,1
2021-10-27 16:10:06.508,17073,17074,17073,1,-1
2021-10-27 16:10:10.408,17073,17074,17074,10,10
2021-10-27 16:10:37.463,17074,17075,17074,2,-2
2021-10-27 16:10:40.272,17073,17074,17073,2,-2
2021-10-27 16:10:51.902,17073,17074,17074,1,1
2021-10-27 16:11:39.586,17073,17074,17074,2,2
2021-10-27 16:11:39.625,17073,17075,17075,2,2
2021-10-27 16:11:39.664,17073,17075,17075,2,2
2021-10-27 16:11:39.704,17073,17075,17075,2,2
2021-10-27 16:11:39.744,17073,17075,17075,2,2
2021-10-27 16:11:39.791,17073,17075,17076,2,2
2021-10-27 16:11:39.834,17073,17075,17076,2,2
2021-10-27 16:11:40.368,17074,17076,17076,1,1
2021-10-27 16:11:44.309,17074,17075,17075,1,1
2021-10-27 16:12:00.421,17073,17075,17075,1,1
2021-10-27 16:12:00.715,17073,17075,17075,1,1
2021-10-27 16:12:00.775,17073,17075,17075,1,1
2021-10-27 16:12:00.979,17073,17075,17075,1,1
2021-10-27 16:12:01.269,17073,17075,17075,1,1
2021-10-27 16:12:02.469,17073,17075,17075,1,1
2021-10-27 16:12:02.777,17073,17075,17075,1,1
2021-10-27 16:12:03.977,17073,17075,17075,1,1
2021-10-27 16:12:04.184,17073,17075,17075,1,1
2021-10-27 16:12:04.536,17073,17074,17074,1,1
2021-10-27 16:12:05.291,17073,17075,17075,1,1
2021-10-27 16:12:05.707,17073,17075,17075,1,1
2021-10-27 16:12:05.905,17073,17075,17075,1,1
2021-10-27 16:12:08.305,17073,17075,17075,5,5
2021-10-27 16:12:09.826,17073,17075,17075,2,2
2021-10-27 16:12:09.826,17073,17075,17075,3,3
2021-10-27 16:12:11.358,17074,17075,17075,2,2
2021-10-27 16:12:11.358,17074,17075,17076,2,2
2021-10-27 16:12:27.170,17075,17076,17075,1,-1
2021-10-27 16:12:37.931,17075,17076,17075,1,-1
2021-10-27 16:12:39.024,17075,17076,17075,1,-1
2021-10-27 16:12:49.898,17073,17075,17075,1,1
2021-10-27 16:13:04.956,17074,17075,17074,1,-1
2021-10-27 16:13:10.281,17073,17074,17073,1,-1
2021-10-27 16:13:10.322,17073,17074,17073,1,-1
2021-10-27 16:13:10.322,17073,17074,17073,1,-1
2021-10-27 16:13:30.163,17072,17073,17072,3,-3
2021-10-27 16:13:53.056,17071,17072,17072,1,1
2021-10-27 16:14:05.850,17072,17073,17073,5,5
2021-10-27 16:14:59.750,17072,17073,17072,1,-1
2021-10-27 16:15:18.453,17072,17074,17072,1,-1
2021-10-27 16:15:18.501,17072,17074,17074,1,1
2021-10-27 16:15:18.502,17072,17074,17074,1,1
2021-10-27 16:16:01.254,17074,17075,17074,1,-1
2021-10-27 16:16:01.370,17074,17075,17075,1,1
2021-10-27 16:16:01.370,17074,17075,17075,1,1
2021-10-27 16:16:01.370,17074,17075,17075,1,1
2021-10-27 16:16:01.370,17074,17075,17075,1,1
2021-10-27 16:16:01.370,17074,17075,17075,1,1
2021-10-27 16:16:01.370,17074,17075,17075,1,1
2021-10-27 16:16:01.371,17074,17075,17075,1,1
2021-10-27 16:16:01.371,17074,17075,17075,2,2
2021-10-27 16:16:01.371,17074,17075,17076,1,1
2021-10-27 16:16:14.157,17075,17076,17075,1,-1
2021-10-27 16:16:14.157,17075,17076,17075,1,-1
2021-10-27 16:16:14.245,17074,17075,17075,1,1
2021-10-27 16:16:14.356,17074,17075,17075,2,2
2021-10-27 16:16:15.035,17074,17076,17076,1,1
2021-10-27 16:16:15.120,17074,17076,17076,1,1
2021-10-27 16:16:15.120,17074,17076,17076,1,1
2021-10-27 16:16:15.121,17074,17076,17076,1,1
2021-10-27 16:16:15.121,17074,17076,17076,1,1
2021-10-27 16:16:15.122,17074,17076,17076,1,1
2021-10-27 16:16:33.301,17074,17075,17075,1,1
2021-10-27 16:16:35.880,17074,17075,17074,1,-1
2021-10-27 16:16:35.995,17073,17074,17074,1,1
2021-10-27 16:16:35.995,17073,17074,17075,1,1
2021-10-27 16:16:35.995,17073,17074,17075,1,1
2021-10-27 16:16:35.995,17073,17074,17075,1,1
2021-10-27 16:16:35.995,17073,17074,17075,1,1
2021-10-27 16:16:35.995,17073,17074,17075,1,1
2021-10-27 16:16:35.996,17073,17074,17075,1,1
2021-10-27 16:16:35.996,17073,17074,17075,1,1
2021-10-27 16:16:35.996,17073,17074,17076,1,1
2021-10-27 16:16:35.997,17073,17074,17075,1,1
2021-10-27 16:16:35.997,17073,17074,17075,1,1
2021-10-27 16:16:35.997,17073,17074,17076,1,1
2021-10-27 16:16:35.997,17073,17074,17076,1,1
2021-10-27 16:16:35.997,17073,17074,17076,1,1
2021-10-27 16:16:35.997,17073,17074,17076,1,1
2021-10-27 16:16:35.997,17073,17074,17076,1,1
2021-10-27 16:16:35.998,17073,17074,17076,1,1
2021-10-27 16:16:35.998,17073,17074,17076,1,1
2021-10-27 16:16:36.000,17073,17074,17076,1,1
2021-10-27 16:16:38.280,17074,17076,17076,1,1
2021-10-27 16:16:38.370,17074,17076,17076,1,1
2021-10-27 16:16:38.370,17074,17076,17076,1,1
2021-10-27 16:16:38.370,17074,17076,17076,1,1
2021-10-27 16:16:38.371,17074,17076,17076,1,1
2021-10-27 16:17:03.328,17074,17075,17074,1,-1
2021-10-27 16:17:03.868,17072,17073,17072,2,-2
2021-10-27 16:17:14.753,17072,17073,17072,1,-1
2021-10-27 16:17:14.870,17071,17073,17073,1,1
2021-10-27 16:17:40.497,17071,17072,17071,2,-2
2021-10-27 16:17:40.618,17071,17072,17071,5,-5
2021-10-27 16:17:41.488,17070,17071,17071,1,1
2021-10-27 16:17:47.891,17070,17071,17070,1,-1
2021-10-27 16:17:48.753,17070,17071,17070,5,-5
2021-10-27 16:17:48.758,17070,17071,17071,1,1
2021-10-27 16:17:53.202,17070,17071,17070,9,-9
2021-10-27 16:17:58.858,17069,17070,17069,5,-5
2021-10-27 16:18:12.168,17068,17069,17068,7,-7
2021-10-27 16:18:12.494,17068,17069,17068,1,-1
2021-10-27 16:18:12.544,17068,17069,17067,1,-1
2021-10-27 16:18:12.644,17067,17069,17067,2,-2
2021-10-27 16:18:14.480,17068,17069,17068,1,-1
2021-10-27 16:18:14.520,17068,17069,17068,1,-1
2021-10-27 16:18:15.634,17068,17069,17068,1,-1
2021-10-27 16:18:20.549,17068,17069,17068,1,-1
2021-10-27 16:18:33.088,17068,17069,17068,2,-2
2021-10-27 16:18:33.088,17068,17069,17067,3,-3
2021-10-27 16:18:37.352,17067,17069,17067,1,-1
2021-10-27 16:18:56.650,17067,17068,17068,1,1
2021-10-27 16:18:58.349,17067,17068,17067,1,-1
2021-10-27 16:19:03.174,17067,17068,17068,2,2
2021-10-27 16:19:04.157,17068,17069,17068,2,-2
2021-10-27 16:19:06.677,17068,17069,17067,2,-2
2021-10-27 16:19:12.037,17068,17069,17068,1,-1
2021-10-27 16:19:18.698,17068,17069,17068,1,-1
2021-10-27 16:19:32.214,17068,17069,17069,12,12
2021-10-27 16:19:32.214,17068,17069,17069,1,1
2021-10-27 16:19:32.215,17068,17069,17069,1,1
2021-10-27 16:19:39.254,17069,17070,17070,1,1
2021-10-27 16:19:41.242,17069,17071,17069,1,-1
2021-10-27 16:19:50.177,17070,17072,17070,2,-2
2021-10-27 16:19:54.380,17070,17072,17072,1,1
2021-10-27 16:20:04.581,17071,17072,17072,1,1
2021-10-27 16:20:13.904,17070,17072,17070,1,-1
2021-10-27 16:20:15.664,17070,17072,17071,1,1
2021-10-27 16:20:58.540,17069,17071,17071,1,1
2021-10-27 16:21:55.905,17070,17071,17070,1,-1
2021-10-27 16:22:30.253,17070,17071,17071,1,1
2021-10-27 16:22:30.403,17070,17071,17071,1,1
2021-10-27 16:23:42.021,17071,17072,17071,1,-1
2021-10-27 16:23:42.363,17071,17072,17071,1,-1
2021-10-27 16:23:42.648,17070,17071,17071,1,1
2021-10-27 16:23:47.314,17070,17072,17070,1,-1
2021-10-27 16:24:25.118,17070,17071,17070,1,-1
2021-10-27 16:24:28.363,17070,17071,17070,1,-1
2021-10-27 16:25:20.534,17070,17071,17070,1,-1
2021-10-27 16:25:31.931,17070,17071,17070,1,-1
2021-10-27 16:26:24.502,17070,17071,17071,1,1
2021-10-27 16:26:33.258,17070,17071,17071,1,1
2021-10-27 16:26:33.258,17070,17071,17071,1,1
2021-10-27 16:26:39.772,17070,17071,17071,1,1
2021-10-27 16:26:55.326,17070,17071,17070,3,-3
2021-10-27 16:28:06.833,17070,17071,17071,1,1
2021-10-27 16:28:11.441,17070,17071,17070,3,-3
2021-10-27 16:28:11.441,17070,17071,17070,1,-1
2021-10-27 16:28:19.167,17069,17070,17069,5,-5
2021-10-27 16:28:19.167,17069,17070,17069,2,-2
2021-10-27 16:28:35.658,17068,17070,17070,1,1
2021-10-27 16:28:54.949,17068,17070,17068,1,-1
2021-10-27 16:28:55.576,17068,17070,17068,5,-5
2021-10-27 16:29:08.028,17069,17070,17069,1,-1
2021-10-27 16:29:38.202,17068,17069,17068,4,-4
2021-10-27 16:29:38.203,17068,17069,17068,1,-1
2021-10-27 16:29:44.017,17068,17069,17068,1,-1
2021-10-27 16:29:49.273,17068,17069,17068,2,-2
2021-10-27 16:29:57.427,17068,17069,17068,2,-2
2021-10-27 16:30:10.726,17068,17069,17068,1,-1
2021-10-27 16:30:10.971,17068,17069,17068,5,-5
2021-10-27 16:30:11.028,17067,17068,17067,2,-2
2021-10-27 16:30:11.028,17067,17068,17067,4,-4
2021-10-27 16:30:11.029,17067,17068,17067,2,-2
2021-10-27 16:30:11.063,17067,17068,17067,2,-2
2021-10-27 16:30:11.090,17067,17068,17068,2,2
2021-10-27 16:30:12.954,17066,17067,17066,26,-26
2021-10-27 16:30:12.956,17066,17067,17065,1,-1
2021-10-27 16:30:12.956,17066,17067,17065,7,-7
2021-10-27 16:30:13.056,17064,17065,17064,3,-3
2021-10-27 16:30:13.129,17064,17065,17064,1,-1
2021-10-27 16:30:20.500,17064,17065,17064,2,-2
2021-10-27 16:30:21.196,17064,17065,17064,4,-4
2021-10-27 16:30:22.096,17064,17065,17064,1,-1
2021-10-27 16:30:25.170,17064,17065,17064,1,-1
2021-10-27 16:30:27.067,17064,17065,17064,1,-1
2021-10-27 16:30:27.067,17064,17065,17064,2,-2
2021-10-27 16:30:27.067,17064,17065,17064,1,-1
2021-10-27 16:30:27.067,17064,17065,17064,1,-1
2021-10-27 16:30:27.676,17063,17064,17063,2,-2
2021-10-27 16:30:27.788,17063,17064,17063,1,-1
2021-10-27 16:30:27.805,17063,17064,17063,1,-1
2021-10-27 16:30:29.248,17063,17064,17063,1,-1
2021-10-27 16:30:29.371,17063,17064,17064,1,1
2021-10-27 16:30:32.324,17063,17064,17063,1,-1
2021-10-27 16:30:33.730,17063,17064,17063,1,-1
2021-10-27 16:30:34.683,17063,17064,17063,1,-1
2021-10-27 16:30:34.684,17063,17064,17063,1,-1
2021-10-27 16:30:35.333,17063,17064,17063,2,-2
2021-10-27 16:30:35.334,17063,17064,17063,4,-4
2021-10-27 16:30:35.334,17063,17064,17063,2,-2
2021-10-27 16:30:39.151,17062,17063,17063,1,1
2021-10-27 16:30:40.497,17062,17063,17062,1,-1
2021-10-27 16:30:40.648,17062,17063,17062,1,-1
2021-10-27 16:30:40.671,17062,17063,17062,6,-6
2021-10-27 16:30:42.251,17061,17062,17061,1,-1
2021-10-27 16:30:42.374,17061,17062,17062,1,1
2021-10-27 16:30:42.477,17061,17062,17061,1,-1
2021-10-27 16:30:42.685,17061,17062,17061,1,-1
2021-10-27 16:30:44.196,17061,17062,17061,1,-1
2021-10-27 16:30:45.379,17061,17062,17062,1,1
2021-10-27 16:30:45.497,17061,17062,17061,3,-3
2021-10-27 16:30:47.173,17061,17062,17062,5,5
2021-10-27 16:30:47.174,17061,17062,17062,1,1
2021-10-27 16:30:47.925,17062,17063,17062,1,-1
2021-10-27 16:30:49.355,17062,17063,17062,4,-4
2021-10-27 16:30:49.541,17062,17063,17062,1,-1
2021-10-27 16:30:50.770,17062,17063,17062,1,-1
2021-10-27 16:30:53.010,17062,17063,17063,2,2
2021-10-27 16:30:53.263,17063,17064,17064,1,1
2021-10-27 16:30:54.547,17064,17066,17064,1,-1
2021-10-27 16:30:57.549,17064,17066,17064,1,-1
2021-10-27 16:31:01.818,17064,17065,17064,1,-1
2021-10-27 16:31:07.741,17064,17065,17064,4,-4
2021-10-27 16:31:14.622,17063,17065,17063,1,-1
2021-10-27 16:31:17.568,17063,17065,17063,1,-1
2021-10-27 16:31:20.526,17063,17064,17063,1,-1
2021-10-27 16:31:21.684,17062,17064,17063,2,2
2021-10-27 16:31:24.683,17063,17064,17063,1,-1
2021-10-27 16:31:33.284,17063,17064,17063,2,-2
2021-10-27 16:31:35.213,17063,17064,17063,1,-1
2021-10-27 16:31:37.459,17063,17064,17063,1,-1
2021-10-27 16:31:37.981,17063,17064,17063,1,-1
2021-10-27 16:31:38.423,17062,17064,17062,1,-1
2021-10-27 16:31:44.872,17062,17063,17062,1,-1
2021-10-27 16:31:45.743,17062,17063,17062,1,-1
2021-10-27 16:31:53.172,17062,17063,17063,1,1
2021-10-27 16:31:54.793,17062,17063,17062,1,-1
2021-10-27 16:31:54.794,17062,17063,17062,1,-1
2021-10-27 16:32:02.247,17062,17063,17062,1,-1
2021-10-27 16:32:02.247,17062,17063,17062,1,-1
2021-10-27 16:32:08.260,17062,17064,17062,1,-1
2021-10-27 16:32:13.698,17062,17064,17063,1,1
2021-10-27 16:32:15.853,17063,17064,17063,1,-1
2021-10-27 16:32:20.070,17063,17064,17063,1,-1
2021-10-27 16:32:27.185,17062,17064,17062,1,-1
2021-10-27 16:32:30.436,17062,17063,17063,1,1
2021-10-27 16:32:33.453,17063,17064,17063,1,-1
2021-10-27 16:32:33.599,17063,17064,17063,3,-3
2021-10-27 16:32:35.972,17063,17064,17063,1,-1
2021-10-27 16:32:38.866,17063,17064,17064,6,6
2021-10-27 16:32:39.279,17064,17065,17064,2,-2
2021-10-27 16:32:42.848,17063,17064,17064,1,1
2021-10-27 16:32:52.696,17064,17065,17064,1,-1
2021-10-27 16:33:09.925,17064,17065,17064,1,-1
2021-10-27 16:33:09.928,17064,17065,17064,1,-1
2021-10-27 16:33:16.132,17063,17064,17063,5,-5
2021-10-27 16:33:17.499,17062,17063,17063,1,1
2021-10-27 16:33:26.261,17062,17063,17063,1,1
2021-10-27 16:33:29.658,17062,17063,17063,1,1
2021-10-27 16:33:30.526,17062,17063,17063,1,1
2021-10-27 16:33:42.532,17062,17063,17062,1,-1
2021-10-27 16:33:45.965,17062,17063,17063,8,8
2021-10-27 16:33:45.966,17062,17063,17063,1,1
2021-10-27 16:33:46.191,17063,17064,17063,1,-1
2021-10-27 16:33:54.857,17063,17064,17063,1,-1
2021-10-27 16:33:59.413,17062,17063,17063,2,2
2021-10-27 16:33:59.639,17063,17064,17063,1,-1
2021-10-27 16:34:04.137,17063,17064,17064,1,1
2021-10-27 16:34:07.964,17064,17065,17064,1,-1
2021-10-27 16:34:13.827,17063,17064,17063,1,-1
2021-10-27 16:34:23.338,17063,17064,17063,1,-1
2021-10-27 16:34:30.093,17063,17064,17063,1,-1
2021-10-27 16:34:30.233,17062,17063,17062,3,-3
2021-10-27 16:34:30.234,17062,17063,17062,3,-3
2021-10-27 16:34:30.234,17062,17063,17062,12,-12
2021-10-27 16:34:30.235,17062,17063,17062,1,-1
2021-10-27 16:34:30.376,17061,17062,17061,1,-1
2021-10-27 16:34:30.376,17061,17062,17061,1,-1
2021-10-27 16:34:30.377,17061,17062,17061,1,-1
2021-10-27 16:34:30.377,17061,17062,17061,2,-2
2021-10-27 16:34:30.377,17061,17062,17061,6,-6
2021-10-27 16:34:32.850,17060,17061,17060,1,-1
2021-10-27 16:34:32.923,17060,17061,17060,1,-1
2021-10-27 16:34:37.650,17060,17061,17061,3,3
2021-10-27 16:34:40.428,17062,17063,17062,1,-1
2021-10-27 16:34:40.429,17062,17063,17062,1,-1
2021-10-27 16:34:41.087,17061,17063,17061,1,-1
2021-10-27 16:34:45.067,17061,17062,17061,5,-5
2021-10-27 16:34:45.293,17061,17062,17061,1,-1
2021-10-27 16:34:45.337,17061,17062,17062,1,1
2021-10-27 16:34:45.809,17061,17062,17061,1,-1
2021-10-27 16:34:46.635,17061,17062,17061,3,-3
2021-10-27 16:34:46.635,17061,17062,17061,1,-1
2021-10-27 16:34:46.878,17061,17062,17062,2,2
2021-10-27 16:34:49.350,17062,17063,17062,1,-1
2021-10-27 16:34:56.186,17062,17063,17063,1,1
2021-10-27 16:34:56.273,17062,17064,17062,5,-5
2021-10-27 16:34:57.503,17063,17064,17063,1,-1
2021-10-27 16:35:04.888,17062,17064,17064,1,1
2021-10-27 16:35:07.157,17062,17063,17063,1,1
2021-10-27 16:35:17.543,17063,17064,17063,1,-1
2021-10-27 16:35:23.773,17063,17064,17064,6,6
2021-10-27 16:35:32.810,17064,17065,17064,1,-1
2021-10-27 16:35:46.461,17064,17065,17064,1,-1
2021-10-27 16:36:00.439,17064,17065,17064,1,-1
2021-10-27 16:36:00.864,17064,17065,17064,2,-2
2021-10-27 16:36:00.979,17063,17065,17063,2,-2
2021-10-27 16:36:10.930,17063,17064,17063,1,-1
2021-10-27 16:36:12.426,17062,17064,17064,1,1
2021-10-27 16:36:21.750,17063,17065,17063,1,-1
2021-10-27 16:36:31.981,17063,17064,17064,1,1
2021-10-27 16:36:31.981,17063,17064,17064,1,1
2021-10-27 16:36:44.809,17063,17064,17064,1,1
2021-10-27 16:36:49.979,17063,17064,17064,1,1
2021-10-27 16:37:03.492,17064,17065,17065,2,2
2021-10-27 16:37:06.135,17064,17065,17065,1,1
2021-10-27 16:37:06.135,17064,17065,17065,3,3
2021-10-27 16:37:18.830,17064,17065,17065,1,1
2021-10-27 16:37:26.893,17064,17065,17065,1,1
2021-10-27 16:37:27.210,17064,17065,17064,2,-2
2021-10-27 16:37:34.814,17063,17064,17064,1,1
2021-10-27 16:37:56.033,17063,17065,17065,1,1
2021-10-27 16:38:07.351,17063,17064,17063,5,-5
2021-10-27 16:38:07.352,17063,17064,17063,1,-1
2021-10-27 16:38:10.107,17062,17063,17063,1,1
2021-10-27 16:38:10.815,17062,17063,17062,1,-1
2021-10-27 16:38:11.275,17062,17063,17063,1,1
2021-10-27 16:38:20.081,17062,17063,17062,3,-3
2021-10-27 16:38:20.081,17062,17063,17061,2,-2
2021-10-27 16:38:40.481,17062,17063,17062,1,-1
2021-10-27 16:38:46.646,17062,17063,17063,3,3
2021-10-27 16:39:24.903,17063,17064,17063,1,-1
2021-10-27 16:39:24.903,17063,17064,17063,1,-1
2021-10-27 16:39:24.903,17063,17064,17063,1,-1
2021-10-27 16:39:26.758,17062,17063,17063,1,1
2021-10-27 16:40:30.118,17062,17063,17062,2,-2
2021-10-27 16:40:33.913,17061,17063,17061,1,-1
2021-10-27 16:40:40.494,17061,17062,17061,1,-1
2021-10-27 16:40:40.495,17061,17062,17061,1,-1
2021-10-27 16:40:46.056,17061,17062,17061,1,-1
2021-10-27 16:40:48.041,17061,17062,17061,2,-2
2021-10-27 16:40:49.563,17061,17062,17061,1,-1
2021-10-27 16:40:56.582,17060,17061,17060,1,-1
2021-10-27 16:40:56.582,17060,17061,17060,7,-7
2021-10-27 16:40:56.583,17060,17061,17060,1,-1
2021-10-27 16:40:56.583,17060,17061,17060,1,-1
2021-10-27 16:40:56.583,17060,17061,17060,6,-6
2021-10-27 16:40:56.583,17060,17061,17060,4,-4
2021-10-27 16:41:00.007,17059,17060,17059,1,-1
2021-10-27 16:41:00.088,17059,17060,17059,15,-15
2021-10-27 16:41:06.714,17058,17059,17058,1,-1
2021-10-27 16:41:12.670,17058,17059,17058,2,-2
2021-10-27 16:41:13.568,17058,17059,17058,1,-1
2021-10-27 16:41:15.265,17058,17059,17058,8,-8
2021-10-27 16:41:15.266,17058,17059,17058,1,-1
2021-10-27 16:41:18.904,17058,17059,17058,4,-4
2021-10-27 16:41:18.905,17058,17059,17058,1,-1
2021-10-27 16:41:19.130,17058,17059,17058,1,-1
2021-10-27 16:41:19.130,17058,17059,17058,1,-1
2021-10-27 16:41:22.191,17058,17059,17058,1,-1
2021-10-27 16:41:24.431,17058,17059,17059,1,1
2021-10-27 16:41:30.442,17058,17059,17059,1,1
2021-10-27 16:41:31.734,17059,17060,17059,3,-3
2021-10-27 16:41:36.050,17059,17060,17059,1,-1
2021-10-27 16:41:41.800,17059,17060,17060,1,1
2021-10-27 16:41:52.195,17059,17060,17059,4,-4
2021-10-27 16:41:52.195,17059,17060,17058,13,-13
2021-10-27 16:41:52.196,17059,17060,17058,13,-13
2021-10-27 16:41:52.196,17059,17060,17058,1,-1
2021-10-27 16:41:58.468,17059,17060,17059,4,-4
2021-10-27 16:41:58.468,17059,17060,17058,2,-2
2021-10-27 16:41:59.583,17059,17060,17059,3,-3
2021-10-27 16:41:59.583,17059,17060,17058,11,-11
2021-10-27 16:41:59.585,17059,17060,17058,16,-16
2021-10-27 16:41:59.585,17059,17060,17058,1,-1
2021-10-27 16:42:02.401,17058,17059,17058,3,-3
2021-10-27 16:42:02.401,17058,17059,17057,13,-13
2021-10-27 16:42:02.402,17058,17059,17057,14,-14
2021-10-27 16:42:02.403,17058,17059,17057,1,-1
2021-10-27 16:42:04.622,17058,17059,17058,5,-5
2021-10-27 16:42:04.622,17058,17059,17057,9,-9
2021-10-27 16:42:04.623,17058,17059,17057,16,-16
2021-10-27 16:42:04.623,17058,17059,17057,1,-1
2021-10-27 16:42:05.654,17058,17059,17058,1,-1
2021-10-27 16:42:07.168,17058,17059,17058,1,-1
2021-10-27 16:42:07.168,17058,17059,17057,8,-8
2021-10-27 16:42:07.193,17058,17059,17057,19,-19
2021-10-27 16:42:07.193,17058,17059,17057,3,-3
2021-10-27 16:42:07.237,17058,17059,17058,1,-1
2021-10-27 16:42:09.395,17058,17059,17058,4,-4
2021-10-27 16:42:09.395,17058,17059,17057,8,-8
2021-10-27 16:42:09.397,17058,17059,17057,1,-1
2021-10-27 16:42:12.681,17056,17057,17056,1,-1
2021-10-27 16:42:14.604,17056,17057,17056,17,-17
2021-10-27 16:42:16.901,17056,17057,17056,1,-1
2021-10-27 16:42:17.493,17056,17057,17056,3,-3
2021-10-27 16:42:17.493,17056,17057,17055,31,-31
2021-10-27 16:42:17.496,17056,17057,17055,1,-1
2021-10-27 16:42:17.496,17056,17057,17055,1,-1
2021-10-27 16:42:17.496,17056,17057,17054,1,-1
2021-10-27 16:42:17.867,17054,17056,17054,1,-1
2021-10-27 16:42:18.460,17054,17056,17056,1,1
2021-10-27 16:42:20.814,17054,17055,17054,2,-2
2021-10-27 16:42:22.469,17054,17055,17054,1,-1
2021-10-27 16:42:23.534,17054,17055,17054,1,-1
2021-10-27 16:42:24.262,17054,17055,17055,1,1
2021-10-27 16:42:29.132,17054,17055,17054,1,-1
2021-10-27 16:42:29.783,17055,17056,17055,1,-1
2021-10-27 16:42:30.686,17055,17056,17055,4,-4
2021-10-27 16:42:30.686,17055,17056,17054,3,-3
2021-10-27 16:42:32.526,17054,17055,17055,1,1
2021-10-27 16:42:35.813,17054,17055,17054,2,-2
2021-10-27 16:42:39.196,17054,17055,17054,1,-1
2021-10-27 16:42:39.468,17054,17055,17054,5,-5
2021-10-27 16:42:39.493,17053,17054,17053,2,-2
2021-10-27 16:42:39.643,17053,17054,17053,1,-1
2021-10-27 16:42:39.729,17053,17054,17053,2,-2
2021-10-27 16:42:40.148,17053,17054,17053,1,-1
2021-10-27 16:42:40.222,17053,17054,17053,1,-1
2021-10-27 16:42:40.226,17053,17054,17053,1,-1
2021-10-27 16:42:40.233,17053,17054,17053,1,-1
2021-10-27 16:42:40.300,17053,17054,17053,1,-1
2021-10-27 16:42:40.499,17053,17054,17053,1,-1
2021-10-27 16:42:46.975,17053,17054,17053,1,-1
2021-10-27 16:42:47.896,17053,17054,17054,1,1
2021-10-27 16:42:49.497,17053,17054,17053,1,-1
2021-10-27 16:42:50.083,17053,17054,17054,3,3
2021-10-27 16:42:50.083,17053,17054,17054,1,1
2021-10-27 16:42:50.083,17053,17054,17054,1,1
2021-10-27 16:42:50.084,17053,17054,17054,1,1
2021-10-27 16:42:50.084,17053,17054,17054,3,3
2021-10-27 16:42:50.084,17053,17054,17054,1,1
2021-10-27 16:42:50.084,17053,17054,17054,2,2
2021-10-27 16:42:50.084,17053,17054,17054,3,3
2021-10-27 16:42:50.084,17053,17054,17054,12,12
2021-10-27 16:42:50.085,17053,17054,17054,1,1
2021-10-27 16:42:50.308,17054,17055,17054,1,-1
2021-10-27 16:42:50.400,17054,17055,17054,1,-1
2021-10-27 16:42:54.155,17054,17055,17055,1,1
2021-10-27 16:42:55.822,17054,17055,17055,1,1
2021-10-27 16:42:58.896,17054,17055,17054,7,-7
2021-10-27 16:42:58.896,17054,17055,17053,15,-15
2021-10-27 16:42:58.898,17054,17055,17053,1,-1
2021-10-27 16:42:59.214,17052,17053,17053,1,1
2021-10-27 16:43:00.503,17052,17053,17052,1,-1
2021-10-27 16:43:00.635,17052,17053,17052,15,-15
2021-10-27 16:43:00.635,17052,17053,17052,1,-1
2021-10-27 16:43:00.639,17052,17053,17051,1,-1
2021-10-27 16:43:00.870,17051,17052,17051,1,-1
2021-10-27 16:43:00.969,17051,17052,17051,1,-1
2021-10-27 16:43:01.315,17051,17052,17051,1,-1
2021-10-27 16:43:05.764,17051,17052,17052,1,1
2021-10-27 16:43:06.666,17051,17052,17052,1,1
2021-10-27 16:43:08.100,17052,17053,17052,1,-1
2021-10-27 16:43:09.121,17052,17053,17053,1,1
2021-10-27 16:43:11.743,17052,17053,17052,1,-1
2021-10-27 16:43:12.471,17052,17053,17052,1,-1
2021-10-27 16:43:15.364,17052,17053,17053,2,2
2021-10-27 16:43:15.364,17052,17053,17053,6,6
2021-10-27 16:43:15.364,17052,17053,17053,1,1
2021-10-27 16:43:15.364,17052,17053,17053,2,2
2021-10-27 16:43:15.364,17052,17053,17053,2,2
2021-10-27 16:43:15.364,17052,17053,17053,1,1
2021-10-27 16:43:15.365,17052,17053,17053,1,1
2021-10-27 16:43:15.365,17052,17053,17053,1,1
2021-10-27 16:43:15.368,17052,17053,17053,2,2
2021-10-27 16:43:16.449,17052,17053,17053,1,1
2021-10-27 16:43:16.449,17052,17053,17053,1,1
2021-10-27 16:43:16.449,17052,17053,17053,6,6
2021-10-27 16:43:16.450,17052,17053,17053,2,2
2021-10-27 16:43:16.452,17052,17053,17053,1,1
2021-10-27 16:43:20.202,17053,17054,17053,1,-1
2021-10-27 16:43:22.544,17053,17054,17053,1,-1
2021-10-27 16:43:24.521,17053,17054,17053,2,-2
2021-10-27 16:43:29.326,17053,17054,17053,2,-2
2021-10-27 16:43:29.406,17052,17054,17052,1,-1
2021-10-27 16:43:30.107,17052,17054,17052,2,-2
2021-10-27 16:43:32.762,17053,17054,17053,2,-2
2021-10-27 16:43:33.336,17053,17054,17053,1,-1
2021-10-27 16:43:33.870,17052,17053,17053,1,1
2021-10-27 16:43:35.490,17052,17053,17053,1,1
2021-10-27 16:43:36.899,17052,17053,17052,1,-1
2021-10-27 16:43:37.051,17052,17053,17052,1,-1
2021-10-27 16:43:37.492,17052,17053,17052,1,-1
2021-10-27 16:43:37.561,17052,17053,17053,1,1
2021-10-27 16:43:38.009,17052,17053,17053,1,1
2021-10-27 16:43:39.453,17052,17053,17053,1,1
2021-10-27 16:43:39.659,17053,17054,17053,1,-1
2021-10-27 16:43:43.976,17053,17054,17053,4,-4
2021-10-27 16:44:00.134,17053,17054,17054,1,1
2021-10-27 16:44:00.446,17053,17054,17053,6,-6
2021-10-27 16:44:06.588,17052,17053,17052,11,-11
2021-10-27 16:44:06.833,17051,17052,17051,2,-2
2021-10-27 16:44:07.049,17051,17052,17051,1,-1
2021-10-27 16:44:08.103,17051,17052,17052,1,1
2021-10-27 16:44:08.746,17051,17052,17052,1,1
2021-10-27 16:44:08.998,17051,17052,17051,2,-2
2021-10-27 16:44:09.195,17051,17052,17051,1,-1
2021-10-27 16:44:09.860,17051,17052,17052,2,2
2021-10-27 16:44:13.660,17051,17052,17051,2,-2
2021-10-27 16:44:16.020,17051,17052,17052,1,1
2021-10-27 16:44:18.650,17051,17052,17052,1,1
2021-10-27 16:44:28.302,17051,17052,17051,8,-8
2021-10-27 16:44:32.817,17051,17052,17051,1,-1
2021-10-27 16:44:33.850,17051,17052,17051,1,-1
2021-10-27 16:44:34.356,17051,17052,17051,1,-1
2021-10-27 16:44:34.476,17051,17052,17051,16,-16
2021-10-27 16:44:39.684,17050,17051,17051,1,1
2021-10-27 16:44:40.773,17050,17051,17050,1,-1
2021-10-27 16:44:40.794,17050,17051,17051,1,1
2021-10-27 16:44:40.947,17050,17051,17050,1,-1
2021-10-27 16:44:41.019,17050,17051,17050,2,-2
2021-10-27 16:44:41.100,17050,17051,17050,1,-1
2021-10-27 16:44:41.169,17050,17051,17050,1,-1
2021-10-27 16:44:41.170,17050,17051,17050,1,-1
2021-10-27 16:44:41.328,17050,17051,17050,1,-1
2021-10-27 16:44:41.645,17050,17051,17050,1,-1
2021-10-27 16:44:45.262,17050,17051,17051,1,1
2021-10-27 16:44:48.406,17050,17051,17050,1,-1
2021-10-27 16:44:48.441,17050,17051,17050,3,-3
2021-10-27 16:44:51.063,17050,17051,17050,44,-44
2021-10-27 16:44:51.064,17050,17051,17050,2,-2
2021-10-27 16:44:51.064,17050,17051,17050,4,-4
2021-10-27 16:44:51.099,17050,17051,17050,1,-1
2021-10-27 16:44:54.341,17049,17050,17050,2,2
2021-10-27 16:44:54.617,17049,17050,17050,2,2
2021-10-27 16:44:54.617,17049,17050,17050,1,1
2021-10-27 16:44:54.617,17049,17050,17050,1,1
2021-10-27 16:44:54.852,17049,17051,17051,1,1
2021-10-27 16:44:55.222,17050,17051,17050,1,-1
2021-10-27 16:44:59.770,17049,17050,17050,1,1
2021-10-27 16:45:03.980,17049,17050,17050,5,5
2021-10-27 16:45:03.981,17049,17050,17050,3,3
2021-10-27 16:45:03.981,17049,17050,17050,1,1
2021-10-27 16:45:04.004,17049,17051,17051,1,1
2021-10-27 16:45:04.004,17049,17051,17051,1,1
2021-10-27 16:45:04.006,17049,17051,17051,1,1
2021-10-27 16:45:04.007,17049,17051,17052,1,1
2021-10-27 16:45:04.185,17050,17052,17050,2,-2
2021-10-27 16:45:04.290,17050,17052,17050,3,-3
2021-10-27 16:45:04.997,17050,17052,17052,1,1
2021-10-27 16:45:09.688,17051,17052,17052,1,1
2021-10-27 16:45:10.312,17051,17052,17051,1,-1
2021-10-27 16:45:10.370,17051,17052,17052,1,1
2021-10-27 16:45:10.371,17051,17052,17052,1,1
2021-10-27 16:45:10.371,17051,17052,17052,6,6
2021-10-27 16:45:10.371,17051,17052,17052,1,1
2021-10-27 16:45:10.371,17051,17052,17052,4,4
2021-10-27 16:45:10.371,17051,17052,17052,3,3
2021-10-27 16:45:10.372,17051,17052,17053,1,1
2021-10-27 16:45:10.372,17051,17052,17053,1,1
2021-10-27 16:45:10.372,17051,17052,17053,1,1
2021-10-27 16:45:12.514,17053,17054,17054,3,3
2021-10-27 16:45:13.572,17054,17055,17055,1,1
2021-10-27 16:45:14.304,17054,17055,17054,1,-1
2021-10-27 16:45:15.324,17054,17055,17054,1,-1
2021-10-27 16:45:15.744,17054,17055,17054,1,-1
2021-10-27 16:45:20.686,17055,17056,17056,1,1
2021-10-27 16:45:26.986,17055,17056,17056,1,1
2021-10-27 16:45:31.687,17055,17056,17056,1,1
2021-10-27 16:45:31.745,17055,17056,17056,1,1
2021-10-27 16:45:31.745,17055,17056,17056,1,1
2021-10-27 16:45:31.745,17055,17056,17056,1,1
2021-10-27 16:45:31.746,17055,17056,17056,1,1
2021-10-27 16:45:34.025,17055,17056,17055,1,-1
2021-10-27 16:45:43.297,17055,17056,17055,1,-1
2021-10-27 16:45:43.297,17055,17056,17054,1,-1
2021-10-27 16:45:56.249,17055,17056,17056,1,1
2021-10-27 16:46:02.528,17055,17056,17056,2,2
2021-10-27 16:46:02.528,17055,17056,17056,3,3
2021-10-27 16:46:03.640,17056,17057,17056,2,-2
2021-10-27 16:46:06.769,17055,17056,17056,1,1
2021-10-27 16:46:07.513,17055,17056,17056,1,1
2021-10-27 16:46:08.699,17055,17056,17056,1,1
2021-10-27 16:46:12.906,17055,17056,17055,1,-1
2021-10-27 16:46:13.226,17055,17056,17055,1,-1
2021-10-27 16:46:13.708,17054,17056,17056,10,10
2021-10-27 16:46:25.375,17055,17056,17056,1,1
2021-10-27 16:46:31.579,17055,17056,17055,2,-2
2021-10-27 16:46:36.066,17054,17056,17056,1,1
2021-10-27 16:46:41.072,17054,17055,17054,1,-1
2021-10-27 16:46:41.072,17054,17055,17054,2,-2
2021-10-27 16:46:43.205,17053,17055,17055,3,3
2021-10-27 16:46:43.386,17053,17055,17055,5,5
2021-10-27 16:46:45.390,17053,17055,17055,1,1
2021-10-27 16:46:51.432,17054,17055,17055,1,1
2021-10-27 16:47:08.002,17054,17055,17055,1,1
2021-10-27 16:47:13.329,17054,17055,17055,4,4
2021-10-27 16:47:24.378,17054,17055,17055,1,1
2021-10-27 16:47:32.089,17054,17055,17055,4,4
2021-10-27 16:47:32.090,17054,17055,17055,1,1
2021-10-27 16:47:36.218,17054,17055,17055,4,4
2021-10-27 16:47:36.219,17054,17055,17055,1,1
2021-10-27 16:47:37.950,17054,17055,17054,5,-5
2021-10-27 16:47:38.718,17053,17054,17054,1,1
2021-10-27 16:47:42.682,17053,17054,17053,4,-4
2021-10-27 16:47:42.682,17053,17054,17052,12,-12
2021-10-27 16:47:48.003,17051,17052,17051,2,-2
2021-10-27 16:47:48.003,17051,17052,17051,1,-1
2021-10-27 16:47:48.003,17051,17052,17051,1,-1
2021-10-27 16:47:54.905,17051,17052,17052,1,1
2021-10-27 16:47:55.170,17051,17052,17051,1,-1
2021-10-27 16:47:56.004,17051,17052,17052,1,1
2021-10-27 16:47:58.815,17051,17052,17051,2,-2
2021-10-27 16:48:00.635,17051,17052,17051,1,-1
2021-10-27 16:48:06.012,17051,17052,17051,1,-1
2021-10-27 16:48:06.473,17051,17052,17051,1,-1
2021-10-27 16:48:09.471,17051,17052,17052,3,3
2021-10-27 16:48:09.471,17051,17052,17052,10,10
2021-10-27 16:48:09.471,17051,17052,17052,1,1
2021-10-27 16:48:09.471,17051,17052,17052,6,6
2021-10-27 16:48:09.471,17051,17052,17052,1,1
2021-10-27 16:48:09.471,17051,17052,17052,1,1
2021-10-27 16:48:09.471,17051,17052,17052,1,1
2021-10-27 16:48:09.471,17051,17052,17052,4,4
2021-10-27 16:48:09.472,17051,17052,17052,3,3
2021-10-27 16:48:09.472,17051,17052,17052,1,1
2021-10-27 16:48:09.472,17051,17052,17052,3,3
2021-10-27 16:48:15.632,17052,17053,17053,1,1
2021-10-27 16:48:15.735,17052,17053,17053,1,1
2021-10-27 16:48:20.921,17052,17053,17053,1,1
2021-10-27 16:48:21.439,17052,17054,17054,1,1
2021-10-27 16:48:27.072,17052,17053,17053,1,1
2021-10-27 16:48:32.864,17052,17054,17052,8,-8
2021-10-27 16:48:35.935,17051,17052,17051,1,-1
2021-10-27 16:48:41.531,17051,17052,17051,1,-1
2021-10-27 16:48:43.787,17051,17052,17051,6,-6
2021-10-27 16:48:44.233,17050,17051,17051,1,1
2021-10-27 16:48:44.256,17050,17052,17052,1,1
2021-10-27 16:48:47.445,17051,17052,17051,2,-2
2021-10-27 16:48:49.289,17050,17051,17051,1,1
2021-10-27 16:48:54.221,17050,17051,17050,4,-4
2021-10-27 16:49:07.133,17051,17052,17051,4,-4
2021-10-27 16:49:10.474,17051,17052,17051,2,-2
2021-10-27 16:49:10.474,17051,17052,17050,1,-1
2021-10-27 16:49:12.263,17050,17051,17051,1,1
2021-10-27 16:49:20.875,17051,17052,17051,1,-1
2021-10-27 16:49:24.030,17050,17051,17051,1,1
2021-10-27 16:49:26.368,17050,17051,17051,5,5
2021-10-27 16:49:26.427,17050,17051,17050,18,-18
2021-10-27 16:49:31.318,17049,17050,17050,1,1
2021-10-27 16:49:32.258,17049,17050,17050,1,1
2021-10-27 16:49:33.617,17049,17050,17049,9,-9
2021-10-27 16:49:33.889,17048,17050,17048,1,-1
2021-10-27 16:49:33.986,17048,17050,17048,1,-1
2021-10-27 16:49:34.013,17048,17050,17048,1,-1
2021-10-27 16:49:34.037,17048,17050,17048,1,-1
2021-10-27 16:49:34.083,17048,17050,17048,1,-1
2021-10-27 16:49:34.087,17048,17050,17048,1,-1
2021-10-27 16:49:34.087,17048,17050,17048,1,-1
2021-10-27 16:49:34.221,17048,17049,17048,1,-1
2021-10-27 16:49:34.256,17048,17050,17048,1,-1
2021-10-27 16:49:34.281,17048,17050,17048,1,-1
2021-10-27 16:49:34.484,17048,17049,17048,1,-1
2021-10-27 16:49:34.544,17048,17049,17048,1,-1
2021-10-27 16:49:34.607,17048,17049,17048,1,-1
2021-10-27 16:49:34.612,17048,17049,17048,1,-1
2021-10-27 16:49:37.209,17048,17049,17048,1,-1
2021-10-27 16:49:37.352,17048,17049,17048,1,-1
2021-10-27 16:49:42.009,17048,17049,17048,1,-1
2021-10-27 16:49:44.403,17048,17049,17049,1,1
2021-10-27 16:49:50.769,17049,17050,17050,2,2
2021-10-27 16:50:03.385,17049,17050,17050,7,7
2021-10-27 16:50:03.385,17049,17050,17050,1,1
2021-10-27 16:50:03.386,17049,17050,17050,2,2
2021-10-27 16:50:03.386,17049,17050,17050,5,5
2021-10-27 16:50:03.497,17050,17052,17052,1,1
2021-10-27 16:50:03.568,17050,17052,17050,1,-1
2021-10-27 16:50:03.648,17050,17052,17050,1,-1
2021-10-27 16:50:06.097,17051,17052,17051,1,-1
2021-10-27 16:50:06.121,17051,17052,17052,1,1
2021-10-27 16:50:13.078,17051,17052,17051,5,-5
2021-10-27 16:50:13.121,17050,17052,17052,1,1
2021-10-27 16:50:15.966,17050,17051,17050,5,-5
2021-10-27 16:50:18.498,17050,17051,17051,1,1
2021-10-27 16:50:19.569,17050,17051,17051,3,3
2021-10-27 16:50:19.620,17050,17051,17051,1,1
2021-10-27 16:50:19.621,17050,17051,17052,1,1
2021-10-27 16:50:19.621,17050,17051,17052,1,1
2021-10-27 16:50:19.621,17050,17051,17052,1,1
2021-10-27 16:50:21.544,17051,17052,17051,1,-1
2021-10-27 16:50:30.575,17050,17051,17051,1,1
2021-10-27 16:50:30.854,17050,17051,17050,1,-1
2021-10-27 16:50:39.455,17050,17051,17050,1,-1
2021-10-27 16:50:39.495,17050,17051,17051,1,1
2021-10-27 16:50:39.495,17050,17051,17051,1,1
2021-10-27 16:50:39.496,17050,17051,17051,1,1
2021-10-27 16:50:45.566,17050,17052,17050,1,-1
2021-10-27 16:50:45.875,17050,17052,17050,1,-1
2021-10-27 16:50:47.075,17050,17052,17052,1,1
2021-10-27 16:51:10.442,17052,17053,17052,1,-1
2021-10-27 16:51:10.813,17051,17052,17052,1,1
2021-10-27 16:51:10.866,17051,17052,17051,1,-1
2021-10-27 16:51:13.043,17050,17052,17052,1,1
2021-10-27 16:51:20.161,17050,17052,17052,1,1
2021-10-27 16:51:23.142,17050,17052,17052,1,1
2021-10-27 16:51:26.696,17050,17051,17051,1,1
2021-10-27 16:51:33.924,17050,17051,17051,2,2
2021-10-27 16:51:37.837,17050,17051,17051,1,1
2021-10-27 16:51:38.728,17050,17051,17051,1,1
2021-10-27 16:51:48.687,17050,17051,17050,1,-1
2021-10-27 16:51:48.687,17050,17051,17050,3,-3
2021-10-27 16:51:48.687,17050,17051,17050,1,-1
2021-10-27 16:51:48.687,17050,17051,17050,1,-1
2021-10-27 16:51:48.687,17050,17051,17050,5,-5
2021-10-27 16:51:52.624,17049,17050,17050,2,2
2021-10-27 16:51:52.666,17049,17050,17049,1,-1
2021-10-27 16:51:52.666,17049,17050,17049,1,-1
2021-10-27 16:51:52.879,17049,17050,17050,1,1
2021-10-27 16:51:55.151,17049,17050,17049,3,-3
2021-10-27 16:51:55.614,17049,17050,17049,6,-6
2021-10-27 16:51:55.614,17049,17050,17049,2,-2
2021-10-27 16:51:56.055,17048,17049,17049,1,1
2021-10-27 16:51:56.868,17048,17049,17048,1,-1
2021-10-27 16:52:01.669,17048,17049,17048,1,-1
2021-10-27 16:52:01.673,17048,17049,17048,1,-1
2021-10-27 16:52:02.075,17048,17049,17048,1,-1
2021-10-27 16:52:02.144,17048,17049,17048,1,-1
2021-10-27 16:52:03.892,17048,17049,17048,5,-5
2021-10-27 16:52:04.538,17048,17049,17048,1,-1
2021-10-27 16:52:04.538,17048,17049,17048,1,-1
2021-10-27 16:52:07.478,17048,17049,17048,1,-1
2021-10-27 16:52:07.778,17048,17049,17048,1,-1
2021-10-27 16:52:12.540,17048,17049,17048,1,-1
2021-10-27 16:52:20.744,17048,17049,17049,1,1
2021-10-27 16:52:25.513,17048,17049,17048,1,-1
2021-10-27 16:52:31.908,17048,17049,17049,1,1
2021-10-27 16:52:33.403,17048,17049,17048,1,-1
2021-10-27 16:52:35.634,17048,17049,17049,1,1
2021-10-27 16:52:38.678,17048,17049,17049,1,1
2021-10-27 16:52:39.120,17048,17049,17049,3,3
2021-10-27 16:52:39.583,17048,17049,17049,1,1
2021-10-27 16:52:39.583,17048,17049,17049,1,1
2021-10-27 16:52:39.807,17049,17050,17049,1,-1
2021-10-27 16:52:49.488,17049,17050,17049,1,-1
2021-10-27 16:52:53.293,17048,17049,17049,1,1
2021-10-27 16:52:58.271,17048,17049,17048,1,-1
2021-10-27 16:53:07.862,17048,17049,17048,2,-2
2021-10-27 16:53:15.087,17048,17049,17048,1,-1
2021-10-27 16:53:15.993,17048,17049,17048,1,-1
2021-10-27 16:53:15.994,17048,17049,17048,1,-1
2021-10-27 16:53:19.283,17047,17048,17047,4,-4
2021-10-27 16:53:19.396,17047,17048,17047,4,-4
2021-10-27 16:53:19.410,17047,17048,17047,2,-2
2021-10-27 16:53:19.418,17047,17048,17047,2,-2
2021-10-27 16:53:19.418,17047,17048,17047,6,-6
2021-10-27 16:53:19.418,17047,17048,17047,3,-3
2021-10-27 16:53:19.642,17046,17047,17046,2,-2
2021-10-27 16:53:19.643,17046,17047,17046,1,-1
2021-10-27 16:53:19.655,17046,17047,17046,1,-1
2021-10-27 16:53:19.669,17046,17047,17046,3,-3
2021-10-27 16:53:19.782,17046,17047,17046,2,-2
2021-10-27 16:53:19.791,17046,17047,17046,7,-7
2021-10-27 16:53:19.791,17046,17047,17046,3,-3
2021-10-27 16:53:19.874,17045,17046,17045,1,-1
2021-10-27 16:53:19.974,17045,17046,17045,6,-6
2021-10-27 16:53:20.084,17045,17046,17045,1,-1
2021-10-27 16:53:20.210,17045,17046,17045,1,-1
2021-10-27 16:53:20.215,17045,17046,17045,1,-1
2021-10-27 16:53:20.437,17045,17046,17045,1,-1
2021-10-27 16:53:20.438,17045,17046,17045,1,-1
2021-10-27 16:53:20.865,17045,17046,17045,1,-1
2021-10-27 16:53:20.994,17045,17046,17045,1,-1
2021-10-27 16:53:21.797,17045,17046,17045,7,-7
2021-10-27 16:53:21.798,17045,17046,17045,3,-3
2021-10-27 16:53:22.404,17045,17046,17045,8,-8
2021-10-27 16:53:22.405,17045,17046,17045,1,-1
2021-10-27 16:53:22.405,17045,17046,17045,1,-1
2021-10-27 16:53:24.406,17045,17046,17045,2,-2
2021-10-27 16:53:24.407,17045,17046,17045,2,-2
2021-10-27 16:53:26.085,17044,17045,17045,1,1
2021-10-27 16:53:26.881,17044,17045,17045,1,1
2021-10-27 16:53:27.577,17044,17045,17044,3,-3
2021-10-27 16:53:27.620,17044,17045,17044,1,-1
2021-10-27 16:53:27.620,17044,17045,17044,1,-1
2021-10-27 16:53:27.621,17044,17045,17044,1,-1
2021-10-27 16:53:27.621,17044,17045,17044,1,-1
2021-10-27 16:53:27.621,17044,17045,17044,1,-1
2021-10-27 16:53:27.622,17044,17045,17044,6,-6
2021-10-27 16:53:27.622,17044,17045,17044,5,-5
2021-10-27 16:53:27.622,17044,17045,17044,1,-1
2021-10-27 16:53:27.622,17044,17045,17044,1,-1
2021-10-27 16:53:27.647,17044,17045,17043,2,-2
2021-10-27 16:53:27.673,17044,17045,17043,1,-1
2021-10-27 16:53:27.779,17043,17044,17043,1,-1
2021-10-27 16:53:27.970,17042,17044,17043,3,3
2021-10-27 16:53:28.016,17042,17044,17042,1,-1
2021-10-27 16:53:28.020,17042,17044,17042,5,-5
2021-10-27 16:53:28.024,17042,17044,17042,1,-1
2021-10-27 16:53:28.065,17042,17044,17041,1,-1
2021-10-27 16:53:28.065,17042,17044,17041,1,-1
2021-10-27 16:53:28.158,17041,17043,17041,1,-1
2021-10-27 16:53:28.206,17041,17043,17041,1,-1
2021-10-27 16:53:28.219,17041,17043,17041,1,-1
2021-10-27 16:53:28.597,17042,17044,17042,1,-1
2021-10-27 16:53:28.706,17042,17044,17042,1,-1
2021-10-27 16:53:28.938,17042,17043,17042,1,-1
2021-10-27 16:53:28.961,17042,17043,17042,1,-1
2021-10-27 16:53:29.232,17042,17043,17042,1,-1
2021-10-27 16:53:29.243,17042,17043,17042,1,-1
2021-10-27 16:53:29.255,17042,17043,17042,1,-1
2021-10-27 16:53:29.257,17042,17043,17042,1,-1
2021-10-27 16:53:29.295,17042,17043,17042,1,-1
2021-10-27 16:53:29.297,17042,17043,17042,1,-1
2021-10-27 16:53:29.306,17042,17043,17041,1,-1
2021-10-27 16:53:29.347,17042,17043,17041,1,-1
2021-10-27 16:53:29.350,17042,17043,17041,1,-1
2021-10-27 16:53:29.356,17042,17043,17043,1,1
2021-10-27 16:53:29.404,17041,17043,17041,1,-1
2021-10-27 16:53:29.792,17041,17043,17043,2,2
2021-10-27 16:53:29.841,17041,17043,17043,1,1
2021-10-27 16:53:30.081,17042,17044,17042,1,-1
2021-10-27 16:53:30.539,17043,17044,17043,1,-1
2021-10-27 16:53:30.597,17043,17044,17043,1,-1
2021-10-27 16:53:31.277,17043,17045,17043,2,-2
2021-10-27 16:53:34.797,17043,17044,17043,1,-1
2021-10-27 16:53:36.259,17042,17044,17042,1,-1
2021-10-27 16:53:36.687,17042,17044,17042,3,-3
2021-10-27 16:53:36.687,17042,17044,17041,2,-2
2021-10-27 16:53:37.711,17043,17044,17044,1,1
