2022-04-06 15:00:00.013,17507,17508,17510,69,69
2022-04-06 15:00:00.014,17510,17512,17510,2,-2
2022-04-06 15:00:00.015,17510,17512,17512,1,1
2022-04-06 15:00:00.016,17510,17512,17512,1,1
2022-04-06 15:00:00.140,17509,17512,17512,1,1
2022-04-06 15:00:00.160,17509,17512,17512,1,1
2022-04-06 15:00:00.160,17509,17512,17512,1,1
2022-04-06 15:00:00.161,17509,17512,17513,1,1
2022-04-06 15:00:00.181,17509,17512,17513,1,1
2022-04-06 15:00:00.185,17509,17512,17512,1,1
2022-04-06 15:00:00.186,17509,17512,17512,1,1
2022-04-06 15:00:00.196,17509,17512,17513,1,1
2022-04-06 15:00:00.200,17509,17512,17513,2,2
2022-04-06 15:00:00.200,17509,17512,17514,3,3
2022-04-06 15:00:00.202,17511,17515,17515,1,1
2022-04-06 15:00:00.230,17511,17515,17515,5,5
2022-04-06 15:00:00.241,17511,17515,17515,5,5
2022-04-06 15:00:00.260,17511,17515,17511,1,-1
2022-04-06 15:00:00.402,17511,17516,17511,1,-1
2022-04-06 15:00:00.404,17511,17516,17511,1,-1
2022-04-06 15:00:00.404,17511,17516,17511,1,-1
2022-04-06 15:00:00.404,17511,17516,17510,1,-1
2022-04-06 15:00:00.443,17511,17516,17509,1,-1
2022-04-06 15:00:00.445,17511,17516,17509,1,-1
2022-04-06 15:00:00.453,17508,17515,17515,1,1
2022-04-06 15:00:00.489,17508,17515,17516,1,1
2022-04-06 15:00:00.498,17508,17515,17516,1,1
2022-04-06 15:00:00.508,17508,17515,17514,9,9
2022-04-06 15:00:00.532,17508,17515,17515,1,1
2022-04-06 15:00:00.532,17508,17515,17516,3,3
2022-04-06 15:00:00.537,17508,17515,17516,1,1
2022-04-06 15:00:00.606,17514,17516,17515,1,1
2022-04-06 15:00:00.606,17514,17516,17516,1,1
2022-04-06 15:00:00.628,17514,17516,17515,1,1
2022-04-06 15:00:00.628,17514,17516,17516,1,1
2022-04-06 15:00:00.628,17514,17516,17516,1,1
2022-04-06 15:00:00.636,17514,17516,17516,1,1
2022-04-06 15:00:00.637,17514,17516,17516,1,1
2022-04-06 15:00:00.643,17514,17516,17516,2,2
2022-04-06 15:00:00.644,17514,17516,17516,2,2
2022-04-06 15:00:00.655,17514,17516,17517,1,1
2022-04-06 15:00:00.655,17514,17516,17517,1,1
2022-04-06 15:00:00.655,17514,17516,17517,1,1
2022-04-06 15:00:00.666,17514,17516,17517,1,1
2022-04-06 15:00:00.666,17514,17516,17517,6,6
2022-04-06 15:00:00.667,17514,17516,17517,2,2
2022-04-06 15:00:00.674,17514,17516,17518,1,1
2022-04-06 15:00:00.676,17514,17516,17518,1,1
2022-04-06 15:00:00.677,17514,17516,17518,14,14
2022-04-06 15:00:00.680,17514,17516,17518,1,1
2022-04-06 15:00:00.685,17514,17516,17518,1,1
2022-04-06 15:00:00.688,17514,17516,17518,1,1
2022-04-06 15:00:00.692,17514,17516,17519,1,1
2022-04-06 15:00:00.707,17518,17519,17519,1,1
2022-04-06 15:00:00.708,17518,17519,17519,1,1
2022-04-06 15:00:00.708,17518,17519,17519,1,1
2022-04-06 15:00:00.725,17518,17519,17518,1,-1
2022-04-06 15:00:00.725,17518,17519,17519,1,1
2022-04-06 15:00:00.726,17518,17519,17519,1,1
2022-04-06 15:00:00.761,17518,17519,17519,1,1
2022-04-06 15:00:00.850,17518,17519,17519,1,1
2022-04-06 15:00:00.850,17518,17519,17519,1,1
2022-04-06 15:00:00.851,17518,17519,17519,1,1
2022-04-06 15:00:00.851,17518,17519,17519,7,7
2022-04-06 15:00:00.897,17518,17519,17520,1,1
2022-04-06 15:00:00.919,17518,17519,17520,1,1
2022-04-06 15:00:00.994,17519,17520,17519,1,-1
2022-04-06 15:00:00.994,17519,17520,17519,1,-1
2022-04-06 15:00:00.995,17519,17520,17519,1,-1
2022-04-06 15:00:00.995,17519,17520,17519,6,-6
2022-04-06 15:00:00.995,17519,17520,17518,3,-3
2022-04-06 15:00:01.007,17519,17520,17518,3,-3
2022-04-06 15:00:01.008,17519,17520,17517,2,-2
2022-04-06 15:00:01.009,17519,17520,17516,1,-1
2022-04-06 15:00:01.059,17519,17520,17516,2,-2
2022-04-06 15:00:01.059,17519,17520,17517,1,-1
2022-04-06 15:00:01.059,17519,17520,17514,4,-4
2022-04-06 15:00:01.065,17519,17520,17514,2,-2
2022-04-06 15:00:01.066,17519,17520,17513,1,-1
2022-04-06 15:00:01.099,17510,17513,17513,1,1
2022-04-06 15:00:01.139,17510,17513,17512,1,1
2022-04-06 15:00:01.140,17510,17513,17511,1,-1
2022-04-06 15:00:01.165,17510,17513,17512,1,1
2022-04-06 15:00:01.210,17510,17512,17512,7,7
2022-04-06 15:00:01.220,17510,17512,17512,1,1
2022-04-06 15:00:01.224,17510,17512,17513,1,1
2022-04-06 15:00:01.292,17510,17512,17512,1,1
2022-04-06 15:00:01.321,17510,17512,17513,1,1
2022-04-06 15:00:01.328,17512,17513,17513,4,4
2022-04-06 15:00:01.328,17512,17513,17513,2,2
2022-04-06 15:00:01.375,17512,17513,17512,1,-1
2022-04-06 15:00:01.497,17512,17513,17513,1,1
2022-04-06 15:00:01.517,17512,17513,17514,4,4
2022-04-06 15:00:01.524,17512,17513,17514,1,1
2022-04-06 15:00:01.597,17513,17514,17514,2,2
2022-04-06 15:00:01.643,17513,17514,17515,2,2
2022-04-06 15:00:01.659,17513,17514,17515,2,2
2022-04-06 15:00:01.674,17513,17514,17515,2,2
2022-04-06 15:00:01.786,17514,17515,17515,1,1
2022-04-06 15:00:01.810,17514,17515,17515,1,1
2022-04-06 15:00:01.878,17514,17515,17515,1,1
2022-04-06 15:00:01.878,17514,17515,17516,1,1
2022-04-06 15:00:01.878,17514,17515,17517,1,1
2022-04-06 15:00:01.879,17514,17515,17515,1,1
2022-04-06 15:00:01.988,17513,17515,17515,1,1
2022-04-06 15:00:02.073,17513,17515,17515,1,1
2022-04-06 15:00:02.863,17514,17516,17514,1,-1
2022-04-06 15:00:03.115,17512,17514,17512,1,-1
2022-04-06 15:00:03.490,17511,17512,17511,1,-1
2022-04-06 15:00:04.655,17511,17512,17511,1,-1
2022-04-06 15:00:04.721,17511,17512,17511,1,-1
2022-04-06 15:00:04.746,17511,17512,17512,1,1
2022-04-06 15:00:05.041,17511,17512,17511,2,-2
2022-04-06 15:00:05.331,17511,17512,17512,1,1
2022-04-06 15:00:06.715,17511,17512,17511,1,-1
2022-04-06 15:00:06.885,17510,17511,17510,10,-10
2022-04-06 15:00:06.885,17510,17511,17509,4,-4
2022-04-06 15:00:07.247,17508,17509,17509,2,2
2022-04-06 15:00:07.247,17508,17509,17510,6,6
2022-04-06 15:00:07.247,17508,17509,17511,2,2
2022-04-06 15:00:07.504,17509,17511,17511,2,2
2022-04-06 15:00:07.902,17510,17512,17512,4,4
2022-04-06 15:00:08.019,17510,17511,17510,1,-1
2022-04-06 15:00:08.241,17510,17511,17511,1,1
2022-04-06 15:00:08.410,17510,17512,17511,1,1
2022-04-06 15:00:09.119,17511,17512,17511,1,-1
2022-04-06 15:00:09.188,17511,17512,17512,5,5
2022-04-06 15:00:09.195,17511,17512,17512,1,1
2022-04-06 15:00:09.195,17511,17512,17512,4,4
2022-04-06 15:00:09.195,17511,17512,17512,4,4
2022-04-06 15:00:09.245,17512,17513,17512,2,-2
2022-04-06 15:00:09.268,17512,17513,17511,2,-2
2022-04-06 15:00:09.815,17511,17512,17512,1,1
2022-04-06 15:00:09.816,17511,17512,17512,1,1
2022-04-06 15:00:10.249,17511,17513,17511,1,-1
2022-04-06 15:00:10.250,17511,17513,17511,1,-1
2022-04-06 15:00:11.353,17511,17512,17511,1,-1
2022-04-06 15:00:11.353,17511,17512,17510,2,-2
2022-04-06 15:00:12.119,17509,17511,17511,2,2
2022-04-06 15:00:12.251,17509,17512,17509,1,-1
2022-04-06 15:00:12.251,17509,17512,17509,4,-4
2022-04-06 15:00:14.248,17508,17509,17508,2,-2
2022-04-06 15:00:14.292,17508,17509,17508,1,-1
2022-04-06 15:00:14.292,17508,17509,17507,1,-1
2022-04-06 15:00:14.396,17507,17509,17509,1,1
2022-04-06 15:00:15.293,17507,17509,17507,12,-12
2022-04-06 15:00:15.523,17507,17508,17508,1,1
2022-04-06 15:00:15.537,17507,17508,17509,1,1
2022-04-06 15:00:15.548,17507,17508,17509,1,1
2022-04-06 15:00:15.578,17507,17509,17509,1,1
2022-04-06 15:00:15.649,17507,17509,17510,1,1
2022-04-06 15:00:15.661,17507,17509,17510,1,1
2022-04-06 15:00:15.671,17507,17509,17510,1,1
2022-04-06 15:00:15.683,17507,17509,17510,1,1
2022-04-06 15:00:15.773,17509,17510,17509,1,-1
2022-04-06 15:00:15.798,17509,17510,17509,1,-1
2022-04-06 15:00:15.926,17508,17510,17510,4,4
2022-04-06 15:00:15.926,17508,17510,17511,2,2
2022-04-06 15:00:16.029,17509,17511,17511,2,2
2022-04-06 15:00:16.293,17509,17510,17509,2,-2
2022-04-06 15:00:16.717,17508,17509,17509,1,1
2022-04-06 15:00:16.741,17508,17509,17508,1,-1
2022-04-06 15:00:17.295,17507,17508,17507,3,-3
2022-04-06 15:00:17.296,17507,17508,17507,1,-1
2022-04-06 15:00:17.799,17506,17507,17507,1,1
2022-04-06 15:00:18.294,17506,17507,17506,7,-7
2022-04-06 15:00:19.520,17506,17507,17507,1,1
2022-04-06 15:00:20.110,17506,17507,17506,10,-10
2022-04-06 15:00:20.117,17506,17507,17505,21,-21
2022-04-06 15:00:20.118,17506,17507,17504,1,-1
2022-04-06 15:00:20.119,17506,17507,17503,1,-1
2022-04-06 15:00:20.433,17503,17504,17504,1,1
2022-04-06 15:00:20.499,17503,17504,17503,1,-1
2022-04-06 15:00:20.589,17502,17504,17504,1,1
2022-04-06 15:00:20.646,17502,17504,17504,2,2
2022-04-06 15:00:20.734,17503,17504,17504,2,2
2022-04-06 15:00:20.734,17503,17504,17505,1,1
2022-04-06 15:00:21.129,17504,17505,17505,5,5
2022-04-06 15:00:21.129,17504,17505,17505,1,1
2022-04-06 15:00:21.129,17504,17505,17505,2,2
2022-04-06 15:00:21.279,17504,17506,17505,1,1
2022-04-06 15:00:21.409,17505,17506,17506,3,3
2022-04-06 15:00:21.410,17505,17506,17507,1,1
2022-04-06 15:00:21.411,17505,17506,17507,1,1
2022-04-06 15:00:21.645,17506,17507,17507,1,1
2022-04-06 15:00:21.785,17506,17507,17507,1,1
2022-04-06 15:00:21.948,17506,17507,17507,2,2
2022-04-06 15:00:21.949,17506,17507,17508,1,1
2022-04-06 15:00:22.965,17507,17508,17508,1,1
2022-04-06 15:00:22.967,17507,17508,17508,1,1
2022-04-06 15:00:22.967,17507,17508,17509,3,3
2022-04-06 15:00:23.159,17508,17510,17508,1,-1
2022-04-06 15:00:23.252,17508,17509,17509,1,1
2022-04-06 15:00:23.327,17508,17510,17508,1,-1
2022-04-06 15:00:23.490,17507,17509,17509,4,4
2022-04-06 15:00:23.800,17508,17509,17509,1,1
2022-04-06 15:00:24.176,17508,17510,17508,1,-1
2022-04-06 15:00:25.610,17508,17509,17509,1,1
2022-04-06 15:00:26.099,17508,17510,17508,3,-3
2022-04-06 15:00:26.099,17508,17510,17507,2,-2
2022-04-06 15:00:26.176,17508,17510,17507,2,-2
2022-04-06 15:00:27.711,17508,17510,17508,1,-1
2022-04-06 15:00:27.801,17508,17510,17510,1,1
2022-04-06 15:00:28.177,17509,17510,17508,1,-1
2022-04-06 15:00:29.177,17507,17510,17507,3,-3
2022-04-06 15:00:29.221,17507,17509,17507,2,-2
2022-04-06 15:00:29.221,17507,17509,17506,1,-1
2022-04-06 15:00:30.223,17506,17507,17506,1,-1
2022-04-06 15:00:30.643,17505,17507,17507,2,2
2022-04-06 15:00:30.815,17505,17507,17507,1,1
2022-04-06 15:00:30.816,17505,17507,17508,1,1
2022-04-06 15:00:32.224,17506,17508,17506,1,-1
2022-04-06 15:00:34.338,17507,17508,17508,1,1
2022-04-06 15:00:34.338,17507,17508,17509,1,1
2022-04-06 15:00:34.459,17508,17509,17508,1,-1
2022-04-06 15:00:34.856,17508,17509,17509,1,1
2022-04-06 15:00:34.858,17508,17509,17510,9,9
2022-04-06 15:00:35.280,17510,17511,17510,1,-1
2022-04-06 15:00:37.370,17509,17511,17509,1,-1
2022-04-06 15:00:37.653,17509,17511,17509,5,-5
2022-04-06 15:00:40.485,17508,17509,17508,1,-1
2022-04-06 15:00:41.229,17507,17508,17507,6,-6
2022-04-06 15:00:41.307,17507,17508,17507,1,-1
2022-04-06 15:00:42.468,17506,17507,17506,1,-1
2022-04-06 15:00:42.468,17506,17507,17506,4,-4
2022-04-06 15:00:42.469,17506,17507,17505,7,-7
2022-04-06 15:00:43.044,17504,17506,17504,1,-1
2022-04-06 15:00:43.044,17504,17506,17504,1,-1
2022-04-06 15:00:43.044,17504,17506,17504,1,-1
2022-04-06 15:00:43.045,17504,17506,17505,1,1
2022-04-06 15:00:43.389,17504,17506,17504,1,-1
2022-04-06 15:00:44.788,17505,17506,17506,1,1
2022-04-06 15:00:44.870,17505,17507,17505,1,-1
2022-04-06 15:00:45.814,17505,17506,17506,1,1
2022-04-06 15:00:46.148,17505,17506,17506,1,1
2022-04-06 15:00:47.497,17506,17507,17507,3,3
2022-04-06 15:00:49.068,17506,17507,17507,5,5
2022-04-06 15:00:49.069,17506,17507,17508,1,1
2022-04-06 15:00:50.375,17508,17509,17508,1,-1
2022-04-06 15:00:51.362,17508,17509,17509,5,5
2022-04-06 15:00:53.585,17508,17509,17509,1,1
2022-04-06 15:00:54.651,17508,17509,17508,3,-3
2022-04-06 15:00:54.779,17508,17509,17508,2,-2
2022-04-06 15:00:55.071,17506,17508,17506,1,-1
2022-04-06 15:00:55.704,17505,17506,17506,1,1
2022-04-06 15:00:56.479,17505,17506,17506,1,1
2022-04-06 15:00:56.598,17505,17506,17506,1,1
2022-04-06 15:00:56.630,17505,17506,17507,1,1
2022-04-06 15:00:58.213,17506,17508,17508,1,1
2022-04-06 15:00:58.233,17506,17508,17508,1,1
2022-04-06 15:00:58.256,17506,17508,17508,1,1
2022-04-06 15:00:59.384,17506,17509,17509,2,2
2022-04-06 15:00:59.400,17506,17509,17509,2,2
2022-04-06 15:00:59.416,17506,17509,17509,2,2
2022-04-06 15:00:59.423,17506,17509,17507,1,-1
2022-04-06 15:00:59.938,17506,17508,17506,2,-2
2022-04-06 15:00:59.953,17506,17508,17508,2,2
2022-04-06 15:00:59.956,17506,17508,17508,1,1
2022-04-06 15:00:59.956,17506,17508,17509,1,1
2022-04-06 15:01:00.047,17506,17508,17507,2,2
2022-04-06 15:01:00.054,17506,17508,17509,4,4
2022-04-06 15:01:00.072,17506,17508,17509,1,1
2022-04-06 15:01:00.100,17508,17510,17510,1,1
2022-04-06 15:01:00.151,17508,17510,17510,1,1
2022-04-06 15:01:00.151,17508,17510,17510,3,3
2022-04-06 15:01:00.205,17509,17510,17510,1,1
2022-04-06 15:01:00.210,17509,17510,17510,1,1
2022-04-06 15:01:00.344,17509,17511,17510,1,1
2022-04-06 15:01:00.344,17509,17511,17511,2,2
2022-04-06 15:01:00.676,17509,17511,17509,1,-1
2022-04-06 15:01:00.690,17509,17511,17511,1,1
2022-04-06 15:01:00.691,17509,17511,17510,1,1
2022-04-06 15:01:00.692,17509,17511,17510,1,1
2022-04-06 15:01:00.773,17508,17511,17510,1,1
2022-04-06 15:01:00.774,17508,17511,17510,1,1
2022-04-06 15:01:01.160,17509,17511,17511,1,1
2022-04-06 15:01:01.315,17509,17511,17511,1,1
2022-04-06 15:01:03.230,17509,17510,17509,1,-1
2022-04-06 15:01:03.546,17508,17509,17508,2,-2
2022-04-06 15:01:07.394,17506,17508,17506,3,-3
2022-04-06 15:01:07.395,17506,17508,17506,2,-2
2022-04-06 15:01:07.722,17505,17507,17507,1,1
2022-04-06 15:01:07.765,17505,17507,17506,1,1
2022-04-06 15:01:08.620,17506,17508,17506,4,-4
2022-04-06 15:01:08.705,17505,17507,17507,1,1
2022-04-06 15:01:08.705,17505,17507,17507,1,1
2022-04-06 15:01:08.911,17506,17508,17507,2,2
2022-04-06 15:01:09.899,17506,17508,17506,1,-1
2022-04-06 15:01:11.017,17505,17506,17505,10,-10
2022-04-06 15:01:11.165,17504,17505,17504,1,-1
2022-04-06 15:01:11.169,17504,17505,17504,1,-1
2022-04-06 15:01:11.170,17504,17505,17504,5,-5
2022-04-06 15:01:11.451,17503,17504,17504,1,1
2022-04-06 15:01:11.452,17503,17504,17504,3,3
2022-04-06 15:01:12.185,17503,17505,17505,1,1
2022-04-06 15:01:12.270,17503,17505,17505,1,1
2022-04-06 15:01:12.793,17504,17505,17504,1,-1
2022-04-06 15:01:15.010,17504,17505,17504,1,-1
2022-04-06 15:01:15.703,17503,17504,17504,1,1
2022-04-06 15:01:16.987,17503,17504,17504,1,1
2022-04-06 15:01:17.694,17503,17504,17504,1,1
2022-04-06 15:01:17.988,17503,17504,17504,1,1
2022-04-06 15:01:18.973,17503,17504,17504,1,1
2022-04-06 15:01:18.973,17503,17504,17505,1,1
2022-04-06 15:01:19.618,17503,17505,17505,1,1
2022-04-06 15:01:20.638,17504,17506,17504,1,-1
2022-04-06 15:01:21.200,17503,17505,17505,1,1
2022-04-06 15:01:22.969,17504,17505,17505,1,1
2022-04-06 15:01:24.432,17504,17505,17505,1,1
2022-04-06 15:01:28.358,17504,17505,17505,1,1
2022-04-06 15:01:28.447,17504,17505,17505,1,1
2022-04-06 15:01:28.792,17504,17506,17506,1,1
2022-04-06 15:01:29.078,17505,17506,17506,4,4
2022-04-06 15:01:31.092,17505,17506,17506,1,1
2022-04-06 15:01:31.631,17505,17506,17505,2,-2
2022-04-06 15:01:34.995,17505,17506,17506,1,1
2022-04-06 15:01:35.063,17505,17506,17505,2,-2
2022-04-06 15:01:35.063,17505,17506,17504,1,-1
2022-04-06 15:01:36.153,17505,17507,17507,1,1
2022-04-06 15:01:36.155,17505,17507,17507,1,1
2022-04-06 15:01:37.218,17507,17508,17507,2,-2
2022-04-06 15:01:41.247,17506,17508,17507,1,1
2022-04-06 15:01:45.132,17506,17508,17506,3,-3
2022-04-06 15:01:45.863,17506,17508,17506,1,-1
2022-04-06 15:01:47.426,17506,17508,17507,1,1
2022-04-06 15:01:47.882,17506,17508,17506,1,-1
2022-04-06 15:01:48.670,17506,17508,17508,4,4
2022-04-06 15:01:49.249,17507,17509,17509,2,2
2022-04-06 15:01:54.288,17508,17509,17508,3,-3
2022-04-06 15:01:54.288,17508,17509,17507,11,-11
2022-04-06 15:01:54.289,17508,17509,17507,1,-1
2022-04-06 15:01:54.289,17508,17509,17507,2,-2
2022-04-06 15:01:57.008,17506,17508,17508,1,1
2022-04-06 15:01:58.852,17507,17509,17507,3,-3
2022-04-06 15:01:58.853,17507,17509,17507,1,-1
2022-04-06 15:01:59.509,17506,17507,17507,1,1
2022-04-06 15:02:00.281,17507,17508,17507,1,-1
2022-04-06 15:02:00.288,17507,17508,17506,1,-1
2022-04-06 15:02:00.487,17506,17508,17507,1,1
2022-04-06 15:02:00.487,17506,17508,17508,3,3
2022-04-06 15:02:00.487,17506,17508,17509,4,4
2022-04-06 15:02:00.569,17506,17508,17509,2,2
2022-04-06 15:02:00.597,17507,17509,17509,2,2
2022-04-06 15:02:00.630,17507,17509,17509,1,1
2022-04-06 15:02:00.630,17507,17509,17510,2,2
2022-04-06 15:02:01.014,17508,17510,17510,4,4
2022-04-06 15:02:01.014,17508,17510,17510,1,1
2022-04-06 15:02:01.059,17508,17510,17511,2,2
2022-04-06 15:02:01.422,17510,17512,17512,4,4
2022-04-06 15:02:01.423,17510,17512,17512,9,9
2022-04-06 15:02:01.423,17510,17512,17512,3,3
2022-04-06 15:02:01.622,17512,17513,17513,1,1
2022-04-06 15:02:01.740,17512,17513,17513,3,3
2022-04-06 15:02:01.740,17512,17513,17514,1,1
2022-04-06 15:02:01.875,17513,17514,17514,1,1
2022-04-06 15:02:02.055,17513,17514,17514,1,1
2022-04-06 15:02:02.127,17512,17514,17514,2,2
2022-04-06 15:02:02.210,17512,17514,17514,1,1
2022-04-06 15:02:05.100,17512,17513,17513,1,1
2022-04-06 15:02:06.329,17513,17514,17513,1,-1
2022-04-06 15:02:06.937,17513,17514,17514,11,11
2022-04-06 15:02:06.939,17513,17514,17515,4,4
2022-04-06 15:02:06.939,17513,17514,17515,3,3
2022-04-06 15:02:06.939,17513,17514,17515,2,2
2022-04-06 15:02:07.064,17515,17516,17515,1,-1
2022-04-06 15:02:07.133,17514,17516,17515,2,2
2022-04-06 15:02:07.445,17514,17515,17514,1,-1
2022-04-06 15:02:07.844,17514,17515,17514,1,-1
2022-04-06 15:02:07.866,17514,17515,17515,1,1
2022-04-06 15:02:08.200,17513,17515,17513,2,-2
2022-04-06 15:02:11.121,17512,17513,17513,6,6
2022-04-06 15:02:13.329,17511,17513,17513,1,1
2022-04-06 15:02:13.626,17511,17513,17513,2,2
2022-04-06 15:02:14.917,17512,17513,17513,1,1
2022-04-06 15:02:16.274,17512,17513,17512,1,-1
2022-04-06 15:02:17.621,17511,17512,17511,1,-1
2022-04-06 15:02:19.067,17510,17512,17510,1,-1
2022-04-06 15:02:20.259,17510,17512,17510,4,-4
2022-04-06 15:02:20.260,17510,17512,17509,8,-8
2022-04-06 15:02:21.431,17508,17509,17509,1,1
2022-04-06 15:02:21.662,17508,17509,17509,1,1
2022-04-06 15:02:23.651,17508,17509,17508,2,-2
2022-04-06 15:02:24.290,17506,17507,17507,2,2
2022-04-06 15:02:26.831,17507,17509,17507,1,-1
2022-04-06 15:02:32.164,17507,17509,17509,3,3
2022-04-06 15:02:33.137,17507,17509,17507,5,-5
2022-04-06 15:02:33.681,17507,17509,17509,1,1
2022-04-06 15:02:34.327,17507,17508,17508,2,2
2022-04-06 15:02:34.383,17507,17508,17508,1,1
2022-04-06 15:02:34.865,17507,17508,17508,4,4
2022-04-06 15:02:40.458,17507,17508,17508,1,1
2022-04-06 15:02:41.639,17507,17508,17507,4,-4
2022-04-06 15:02:43.272,17506,17507,17506,5,-5
2022-04-06 15:02:43.272,17506,17507,17505,4,-4
2022-04-06 15:02:43.273,17506,17507,17505,7,-7
2022-04-06 15:02:43.273,17506,17507,17505,3,-3
2022-04-06 15:02:43.314,17506,17507,17505,1,-1
2022-04-06 15:02:43.314,17506,17507,17505,4,-4
2022-04-06 15:02:43.315,17506,17507,17505,1,-1
2022-04-06 15:02:43.315,17506,17507,17505,1,-1
2022-04-06 15:02:45.550,17504,17505,17504,1,-1
2022-04-06 15:02:46.930,17504,17505,17505,1,1
2022-04-06 15:02:47.217,17504,17506,17506,1,1
2022-04-06 15:02:47.968,17504,17506,17505,1,1
2022-04-06 15:02:48.368,17504,17505,17505,1,1
2022-04-06 15:02:48.369,17504,17505,17505,1,1
2022-04-06 15:02:48.476,17504,17506,17504,1,-1
2022-04-06 15:02:48.673,17503,17504,17504,1,1
2022-04-06 15:02:49.681,17503,17505,17503,2,-2
2022-04-06 15:02:49.681,17503,17505,17503,3,-3
2022-04-06 15:02:49.681,17503,17505,17503,1,-1
2022-04-06 15:02:50.417,17502,17504,17504,1,1
2022-04-06 15:02:50.445,17502,17504,17504,1,1
2022-04-06 15:02:50.446,17502,17504,17504,3,3
2022-04-06 15:02:53.372,17503,17505,17503,4,-4
2022-04-06 15:02:54.216,17502,17504,17502,3,-3
2022-04-06 15:02:54.375,17502,17503,17504,1,1
2022-04-06 15:02:59.972,17503,17504,17504,1,1
2022-04-06 15:03:00.111,17503,17505,17505,1,1
2022-04-06 15:03:00.112,17503,17505,17505,1,1
2022-04-06 15:03:00.121,17503,17505,17505,1,1
2022-04-06 15:03:00.126,17503,17505,17506,1,1
2022-04-06 15:03:00.206,17505,17506,17504,1,-1
2022-04-06 15:03:00.206,17505,17506,17504,1,-1
2022-04-06 15:03:00.206,17505,17506,17504,1,-1
2022-04-06 15:03:00.387,17504,17505,17505,1,1
2022-04-06 15:03:00.871,17504,17506,17506,2,2
2022-04-06 15:03:03.119,17505,17507,17507,1,1
2022-04-06 15:03:03.263,17505,17507,17505,1,-1
2022-04-06 15:03:03.439,17505,17507,17505,1,-1
2022-04-06 15:03:05.855,17505,17506,17505,1,-1
2022-04-06 15:03:06.499,17504,17506,17506,2,2
2022-04-06 15:03:06.851,17504,17506,17504,1,-1
2022-04-06 15:03:10.287,17504,17505,17504,2,-2
2022-04-06 15:03:10.329,17503,17505,17503,1,-1
2022-04-06 15:03:11.775,17503,17505,17505,1,1
2022-04-06 15:03:12.857,17504,17505,17505,2,2
2022-04-06 15:03:14.843,17505,17506,17505,1,-1
2022-04-06 15:03:14.843,17505,17506,17504,1,-1
2022-04-06 15:03:15.310,17504,17506,17504,2,-2
2022-04-06 15:03:16.411,17505,17506,17505,2,-2
2022-04-06 15:03:17.828,17505,17506,17506,1,1
2022-04-06 15:03:17.892,17505,17506,17507,1,1
2022-04-06 15:03:17.954,17506,17507,17506,1,-1
2022-04-06 15:03:18.369,17506,17507,17507,3,3
2022-04-06 15:03:21.613,17506,17507,17507,1,1
2022-04-06 15:03:23.973,17506,17507,17506,2,-2
2022-04-06 15:03:27.244,17505,17506,17506,1,1
2022-04-06 15:03:29.422,17506,17508,17506,1,-1
2022-04-06 15:03:29.422,17506,17508,17505,1,-1
2022-04-06 15:03:29.422,17506,17508,17507,1,1
2022-04-06 15:03:29.455,17505,17507,17505,1,-1
2022-04-06 15:03:29.741,17505,17507,17507,1,1
2022-04-06 15:03:36.201,17505,17506,17505,1,-1
2022-04-06 15:03:38.325,17505,17506,17505,1,-1
2022-04-06 15:03:38.329,17504,17506,17504,1,-1
2022-04-06 15:03:46.516,17504,17505,17505,5,5
2022-04-06 15:03:47.713,17504,17506,17505,1,1
2022-04-06 15:03:47.715,17504,17506,17505,1,1
2022-04-06 15:03:48.041,17504,17506,17504,2,-2
2022-04-06 15:03:48.041,17504,17506,17504,8,-8
2022-04-06 15:03:48.092,17503,17504,17503,6,-6
2022-04-06 15:03:48.246,17502,17503,17502,7,-7
2022-04-06 15:03:49.545,17501,17503,17502,2,2
2022-04-06 15:03:53.772,17501,17502,17502,1,1
2022-04-06 15:03:54.278,17501,17503,17503,1,1
2022-04-06 15:03:56.917,17501,17503,17502,1,1
2022-04-06 15:04:00.098,17502,17503,17503,1,1
2022-04-06 15:04:00.098,17502,17503,17503,1,1
2022-04-06 15:04:04.166,17503,17505,17503,3,-3
2022-04-06 15:04:05.188,17502,17503,17503,1,1
2022-04-06 15:04:07.709,17502,17503,17502,4,-4
2022-04-06 15:04:07.842,17501,17502,17501,6,-6
2022-04-06 15:04:08.204,17500,17501,17501,1,1
2022-04-06 15:04:09.991,17500,17502,17500,8,-8
2022-04-06 15:04:09.991,17500,17502,17500,5,-5
2022-04-06 15:04:10.248,17499,17500,17499,1,-1
2022-04-06 15:04:10.483,17499,17500,17499,2,-2
2022-04-06 15:04:13.235,17498,17499,17498,1,-1
2022-04-06 15:04:14.561,17498,17499,17498,12,-12
2022-04-06 15:04:18.378,17497,17498,17497,6,-6
2022-04-06 15:04:19.961,17496,17497,17497,1,1
2022-04-06 15:04:24.708,17496,17497,17496,11,-11
2022-04-06 15:04:24.924,17495,17496,17495,14,-14
2022-04-06 15:04:24.924,17495,17496,17494,5,-5
2022-04-06 15:04:24.924,17495,17496,17493,1,-1
2022-04-06 15:04:24.991,17493,17494,17493,1,-1
2022-04-06 15:04:25.036,17493,17494,17493,1,-1
2022-04-06 15:04:26.557,17494,17495,17495,1,1
2022-04-06 15:04:26.901,17494,17496,17494,2,-2
2022-04-06 15:04:26.988,17493,17495,17495,2,2
2022-04-06 15:04:29.199,17495,17497,17495,1,-1
2022-04-06 15:04:29.948,17495,17497,17495,2,-2
2022-04-06 15:04:31.254,17495,17497,17495,1,-1
2022-04-06 15:04:34.852,17495,17496,17496,2,2
2022-04-06 15:04:36.018,17495,17496,17496,2,2
2022-04-06 15:04:37.315,17495,17497,17495,1,-1
2022-04-06 15:04:37.545,17495,17497,17495,1,-1
2022-04-06 15:04:37.673,17495,17497,17495,1,-1
2022-04-06 15:04:40.836,17495,17496,17495,4,-4
2022-04-06 15:04:41.792,17494,17496,17496,1,1
2022-04-06 15:04:42.393,17496,17497,17497,3,3
2022-04-06 15:04:44.699,17496,17498,17496,1,-1
2022-04-06 15:04:45.607,17496,17498,17496,3,-3
2022-04-06 15:04:45.607,17496,17498,17495,2,-2
2022-04-06 15:04:47.410,17496,17497,17497,1,1
2022-04-06 15:04:49.205,17496,17498,17498,1,1
2022-04-06 15:04:50.289,17496,17498,17496,2,-2
2022-04-06 15:04:55.776,17497,17498,17498,2,2
2022-04-06 15:05:00.192,17498,17499,17498,1,-1
2022-04-06 15:05:00.617,17498,17499,17499,1,1
2022-04-06 15:05:01.156,17498,17499,17499,1,1
2022-04-06 15:05:03.948,17498,17500,17500,1,1
2022-04-06 15:05:07.267,17498,17500,17500,1,1
2022-04-06 15:05:14.668,17498,17499,17498,1,-1
2022-04-06 15:05:20.563,17496,17497,17497,3,3
2022-04-06 15:05:20.923,17496,17497,17496,1,-1
2022-04-06 15:05:21.802,17495,17497,17497,1,1
2022-04-06 15:05:26.845,17496,17497,17496,1,-1
2022-04-06 15:05:29.049,17495,17496,17495,6,-6
2022-04-06 15:05:32.674,17494,17495,17495,1,1
2022-04-06 15:05:33.079,17494,17495,17495,1,1
2022-04-06 15:05:33.804,17494,17495,17495,1,1
2022-04-06 15:05:34.546,17494,17495,17495,1,1
2022-04-06 15:05:35.463,17494,17496,17495,1,1
2022-04-06 15:05:37.322,17495,17496,17495,1,-1
2022-04-06 15:05:37.322,17495,17496,17494,1,-1
2022-04-06 15:05:37.783,17494,17496,17494,1,-1
2022-04-06 15:05:37.914,17494,17496,17494,1,-1
2022-04-06 15:05:38.067,17494,17496,17494,1,-1
2022-04-06 15:05:38.084,17494,17496,17494,2,-2
2022-04-06 15:05:38.793,17494,17495,17494,1,-1
2022-04-06 15:05:38.830,17494,17495,17494,2,-2
2022-04-06 15:05:39.430,17494,17495,17494,1,-1
2022-04-06 15:05:39.430,17494,17495,17494,1,-1
2022-04-06 15:05:40.188,17493,17494,17493,1,-1
2022-04-06 15:05:40.430,17493,17494,17493,6,-6
2022-04-06 15:05:42.071,17492,17494,17493,1,1
2022-04-06 15:05:42.071,17492,17494,17492,3,-3
2022-04-06 15:05:42.568,17492,17494,17492,2,-2
2022-04-06 15:05:45.069,17492,17494,17492,3,-3
2022-04-06 15:05:45.069,17492,17494,17491,2,-2
2022-04-06 15:05:45.379,17492,17494,17494,1,1
2022-04-06 15:05:49.537,17493,17495,17493,1,-1
2022-04-06 15:05:50.984,17493,17494,17493,1,-1
2022-04-06 15:05:51.326,17492,17494,17492,3,-3
2022-04-06 15:05:51.739,17491,17493,17493,1,1
2022-04-06 15:05:56.466,17492,17493,17492,1,-1
2022-04-06 15:05:56.466,17492,17493,17491,5,-5
2022-04-06 15:05:57.965,17491,17492,17491,2,-2
2022-04-06 15:05:58.113,17490,17492,17492,5,5
2022-04-06 15:06:01.599,17491,17492,17492,2,2
2022-04-06 15:06:01.683,17491,17492,17492,1,1
2022-04-06 15:06:01.900,17492,17493,17492,1,-1
2022-04-06 15:06:02.843,17492,17493,17493,4,4
2022-04-06 15:06:02.908,17492,17493,17494,1,1
2022-04-06 15:06:03.073,17493,17494,17494,4,4
2022-04-06 15:06:03.073,17493,17494,17495,1,1
2022-04-06 15:06:03.100,17494,17495,17495,1,1
2022-04-06 15:06:03.111,17494,17495,17495,1,1
2022-04-06 15:06:04.116,17494,17495,17495,3,3
2022-04-06 15:06:05.587,17494,17495,17495,2,2
2022-04-06 15:06:05.587,17494,17495,17496,3,3
2022-04-06 15:06:05.978,17493,17495,17493,4,-4
2022-04-06 15:06:05.979,17493,17495,17493,2,-2
2022-04-06 15:06:06.102,17493,17495,17495,2,2
2022-04-06 15:06:14.836,17492,17493,17493,1,1
2022-04-06 15:06:19.009,17493,17495,17495,5,5
2022-04-06 15:06:20.747,17493,17494,17494,1,1
2022-04-06 15:06:23.842,17493,17495,17493,1,-1
2022-04-06 15:06:23.900,17493,17495,17495,1,1
2022-04-06 15:06:29.214,17494,17495,17495,5,5
2022-04-06 15:06:29.216,17494,17495,17495,2,2
2022-04-06 15:06:29.250,17494,17495,17494,1,-1
2022-04-06 15:06:30.200,17495,17496,17495,1,-1
2022-04-06 15:06:37.567,17493,17494,17494,1,1
2022-04-06 15:06:41.634,17493,17494,17494,1,1
2022-04-06 15:06:42.628,17493,17494,17494,1,1
2022-04-06 15:06:43.682,17493,17495,17493,1,-1
2022-04-06 15:06:47.640,17494,17495,17495,6,6
2022-04-06 15:06:47.648,17494,17495,17496,8,8
2022-04-06 15:06:47.977,17497,17498,17497,1,-1
2022-04-06 15:06:48.407,17497,17498,17496,4,-4
2022-04-06 15:06:57.639,17496,17497,17496,2,-2
2022-04-06 15:06:59.103,17496,17497,17497,1,1
2022-04-06 15:07:00.187,17496,17497,17496,1,-1
2022-04-06 15:07:00.462,17496,17497,17496,1,-1
2022-04-06 15:07:00.469,17496,17497,17495,1,-1
2022-04-06 15:07:00.485,17496,17497,17496,1,-1
2022-04-06 15:07:00.490,17496,17497,17496,1,-1
2022-04-06 15:07:01.021,17495,17497,17495,1,-1
2022-04-06 15:07:01.555,17496,17497,17496,1,-1
2022-04-06 15:07:01.918,17495,17497,17495,1,-1
2022-04-06 15:07:02.800,17496,17497,17497,4,4
2022-04-06 15:07:04.522,17497,17498,17497,3,-3
2022-04-06 15:07:04.811,17496,17498,17498,1,1
2022-04-06 15:07:06.748,17497,17499,17499,5,5
2022-04-06 15:07:07.027,17497,17499,17499,1,1
2022-04-06 15:07:08.090,17497,17499,17499,12,12
2022-04-06 15:07:19.151,17499,17500,17499,1,-1
2022-04-06 15:07:20.299,17499,17500,17500,11,11
2022-04-06 15:07:20.956,17500,17501,17501,1,1
2022-04-06 15:07:26.106,17500,17501,17501,1,1
2022-04-06 15:07:27.234,17500,17501,17501,1,1
2022-04-06 15:07:31.546,17500,17501,17501,3,3
2022-04-06 15:07:31.550,17500,17501,17501,1,1
2022-04-06 15:07:31.550,17500,17501,17501,1,1
2022-04-06 15:07:33.758,17501,17502,17502,2,2
2022-04-06 15:07:36.372,17502,17503,17502,1,-1
2022-04-06 15:07:36.405,17502,17503,17503,1,1
2022-04-06 15:07:37.647,17501,17503,17503,1,1
2022-04-06 15:07:41.956,17501,17503,17503,2,2
2022-04-06 15:07:41.957,17501,17503,17503,1,1
2022-04-06 15:07:42.211,17502,17504,17502,1,-1
2022-04-06 15:07:42.541,17501,17504,17501,1,-1
2022-04-06 15:07:47.486,17502,17503,17503,1,1
2022-04-06 15:07:53.671,17501,17503,17501,2,-2
2022-04-06 15:07:55.628,17502,17503,17503,3,3
2022-04-06 15:08:00.629,17502,17503,17503,1,1
2022-04-06 15:08:00.629,17502,17503,17504,1,1
2022-04-06 15:08:07.154,17502,17503,17502,1,-1
2022-04-06 15:08:19.829,17501,17502,17502,1,1
2022-04-06 15:08:24.416,17501,17502,17501,3,-3
2022-04-06 15:08:24.416,17501,17502,17501,1,-1
2022-04-06 15:08:24.416,17501,17502,17501,1,-1
2022-04-06 15:08:25.769,17500,17501,17500,1,-1
2022-04-06 15:08:28.614,17500,17501,17501,1,1
2022-04-06 15:08:29.187,17501,17502,17502,1,1
2022-04-06 15:08:37.456,17501,17502,17502,1,1
2022-04-06 15:08:44.380,17501,17502,17502,3,3
2022-04-06 15:08:48.600,17501,17502,17501,3,-3
2022-04-06 15:09:03.124,17500,17501,17501,1,1
2022-04-06 15:09:04.885,17501,17502,17501,1,-1
2022-04-06 15:09:05.135,17501,17502,17502,5,5
2022-04-06 15:09:05.136,17501,17502,17502,3,3
2022-04-06 15:09:05.136,17501,17502,17502,1,1
2022-04-06 15:09:05.136,17501,17502,17502,1,1
2022-04-06 15:09:11.384,17501,17502,17502,3,3
2022-04-06 15:09:11.384,17501,17502,17503,2,2
2022-04-06 15:09:16.492,17502,17503,17502,1,-1
2022-04-06 15:09:17.314,17501,17502,17501,1,-1
2022-04-06 15:09:18.143,17501,17502,17501,1,-1
2022-04-06 15:09:27.054,17500,17502,17502,1,1
2022-04-06 15:09:27.054,17500,17502,17503,1,1
2022-04-06 15:09:27.292,17500,17503,17501,1,-1
2022-04-06 15:09:27.496,17501,17503,17501,1,-1
2022-04-06 15:09:27.894,17500,17503,17500,2,-2
2022-04-06 15:09:29.253,17500,17502,17500,1,-1
2022-04-06 15:09:30.831,17500,17501,17500,1,-1
2022-04-06 15:09:35.718,17500,17501,17501,2,2
2022-04-06 15:09:45.339,17502,17503,17503,2,2
2022-04-06 15:09:46.450,17502,17504,17503,1,1
2022-04-06 15:09:48.063,17502,17504,17504,1,1
2022-04-06 15:09:51.157,17503,17504,17504,5,5
2022-04-06 15:09:51.496,17504,17505,17504,2,-2
2022-04-06 15:09:54.302,17503,17504,17504,1,1
2022-04-06 15:09:55.602,17503,17504,17504,1,1
2022-04-06 15:09:59.294,17504,17505,17504,2,-2
2022-04-06 15:10:02.046,17504,17505,17504,1,-1
2022-04-06 15:10:03.672,17504,17505,17504,1,-1
2022-04-06 15:10:03.784,17503,17505,17503,1,-1
2022-04-06 15:10:03.875,17503,17505,17503,2,-2
2022-04-06 15:10:03.919,17503,17505,17503,3,-3
2022-04-06 15:10:03.919,17503,17505,17502,2,-2
2022-04-06 15:10:03.956,17502,17504,17502,2,-2
2022-04-06 15:10:04.088,17502,17504,17502,4,-4
2022-04-06 15:10:04.129,17502,17504,17502,1,-1
2022-04-06 15:10:04.129,17502,17504,17501,1,-1
2022-04-06 15:10:04.160,17502,17504,17502,4,-4
2022-04-06 15:10:04.200,17502,17504,17502,1,-1
2022-04-06 15:10:04.200,17502,17504,17501,1,-1
2022-04-06 15:10:04.275,17501,17503,17501,1,-1
2022-04-06 15:10:04.320,17501,17503,17501,2,-2
2022-04-06 15:10:04.551,17501,17503,17501,2,-2
2022-04-06 15:10:04.593,17501,17503,17501,2,-2
2022-04-06 15:10:04.637,17501,17503,17501,1,-1
2022-04-06 15:10:04.678,17501,17503,17501,1,-1
2022-04-06 15:10:04.782,17501,17503,17501,4,-4
2022-04-06 15:10:04.806,17501,17503,17502,1,1
2022-04-06 15:10:04.823,17501,17503,17501,1,-1
2022-04-06 15:10:04.864,17501,17503,17501,1,-1
2022-04-06 15:10:04.968,17501,17503,17501,1,-1
2022-04-06 15:10:04.983,17501,17503,17502,1,1
2022-04-06 15:10:04.984,17501,17503,17502,1,1
2022-04-06 15:10:05.069,17501,17503,17501,2,-2
2022-04-06 15:10:05.123,17501,17503,17501,2,-2
2022-04-06 15:10:05.185,17501,17503,17500,1,-1
2022-04-06 15:10:05.401,17500,17502,17500,1,-1
2022-04-06 15:10:06.304,17500,17502,17502,4,4
2022-04-06 15:10:07.015,17501,17503,17503,1,1
2022-04-06 15:10:12.939,17500,17501,17500,1,-1
2022-04-06 15:10:12.939,17500,17501,17500,1,-1
2022-04-06 15:10:12.939,17500,17501,17500,1,-1
2022-04-06 15:10:12.939,17500,17501,17500,1,-1
2022-04-06 15:10:12.939,17500,17501,17500,1,-1
2022-04-06 15:10:12.939,17500,17501,17500,1,-1
2022-04-06 15:10:12.939,17500,17501,17500,4,-4
2022-04-06 15:10:12.941,17500,17501,17500,1,-1
2022-04-06 15:10:15.194,17500,17501,17500,5,-5
2022-04-06 15:10:16.073,17498,17499,17499,2,2
2022-04-06 15:10:16.823,17498,17499,17498,1,-1
2022-04-06 15:10:16.823,17498,17499,17498,2,-2
2022-04-06 15:10:18.113,17497,17498,17498,2,2
2022-04-06 15:10:19.830,17497,17498,17497,14,-14
2022-04-06 15:10:19.830,17497,17498,17496,1,-1
2022-04-06 15:10:22.174,17496,17498,17498,1,1
2022-04-06 15:10:22.768,17497,17498,17498,2,2
2022-04-06 15:10:24.469,17498,17499,17499,3,3
2022-04-06 15:10:26.883,17498,17500,17499,3,3
2022-04-06 15:10:30.059,17498,17499,17499,1,1
2022-04-06 15:10:31.651,17498,17499,17498,3,-3
2022-04-06 15:10:39.778,17498,17500,17498,1,-1
2022-04-06 15:10:42.570,17499,17500,17500,2,2
2022-04-06 15:10:57.452,17501,17502,17502,1,1
2022-04-06 15:10:57.455,17501,17502,17503,4,4
2022-04-06 15:11:01.899,17502,17504,17504,2,2
2022-04-06 15:11:04.128,17503,17505,17503,9,-9
2022-04-06 15:11:04.128,17503,17505,17503,3,-3
2022-04-06 15:11:04.129,17503,17505,17503,1,-1
2022-04-06 15:11:04.271,17503,17505,17504,1,1
2022-04-06 15:11:07.150,17503,17504,17504,2,2
2022-04-06 15:11:07.953,17503,17505,17505,1,1
2022-04-06 15:11:10.232,17504,17505,17505,1,1
2022-04-06 15:11:10.233,17504,17505,17505,15,15
2022-04-06 15:11:11.653,17505,17506,17506,4,4
2022-04-06 15:11:11.657,17505,17506,17507,6,6
2022-04-06 15:11:14.176,17506,17508,17506,1,-1
2022-04-06 15:11:14.228,17506,17508,17506,1,-1
2022-04-06 15:11:15.121,17507,17508,17507,1,-1
2022-04-06 15:11:18.534,17506,17507,17507,1,1
2022-04-06 15:11:18.817,17506,17507,17507,3,3
2022-04-06 15:11:18.818,17506,17507,17507,9,9
2022-04-06 15:11:20.206,17507,17508,17508,1,1
2022-04-06 15:11:20.523,17507,17508,17508,5,5
2022-04-06 15:11:23.053,17507,17508,17508,1,1
2022-04-06 15:11:23.269,17507,17509,17507,1,-1
2022-04-06 15:11:29.278,17507,17508,17508,1,1
2022-04-06 15:11:29.279,17507,17508,17508,2,2
2022-04-06 15:11:30.494,17508,17509,17509,2,2
2022-04-06 15:11:30.494,17508,17509,17509,1,1
2022-04-06 15:11:30.494,17508,17509,17509,4,4
2022-04-06 15:11:30.727,17508,17509,17509,3,3
2022-04-06 15:11:30.727,17508,17509,17509,2,2
2022-04-06 15:11:31.604,17508,17509,17508,10,-10
2022-04-06 15:11:32.808,17508,17509,17508,1,-1
2022-04-06 15:11:36.151,17508,17509,17508,6,-6
2022-04-06 15:11:38.115,17507,17508,17508,2,2
2022-04-06 15:11:40.196,17507,17508,17508,1,1
2022-04-06 15:11:42.036,17507,17508,17508,3,3
2022-04-06 15:11:45.514,17507,17508,17508,1,1
2022-04-06 15:11:46.686,17507,17508,17508,1,1
2022-04-06 15:11:47.584,17507,17508,17508,1,1
2022-04-06 15:11:47.657,17507,17508,17507,1,-1
2022-04-06 15:11:47.657,17507,17508,17507,3,-3
2022-04-06 15:11:49.187,17506,17507,17507,1,1
2022-04-06 15:11:54.657,17507,17508,17507,1,-1
2022-04-06 15:11:55.435,17506,17508,17508,3,3
2022-04-06 15:11:56.855,17508,17509,17509,4,4
2022-04-06 15:12:00.535,17508,17509,17509,1,1
2022-04-06 15:12:00.535,17508,17509,17509,2,2
2022-04-06 15:12:00.739,17509,17510,17510,3,3
2022-04-06 15:12:00.852,17509,17510,17510,1,1
2022-04-06 15:12:03.461,17509,17510,17509,9,-9
2022-04-06 15:12:03.502,17509,17510,17508,1,-1
2022-04-06 15:12:03.902,17508,17509,17509,2,2
2022-04-06 15:12:03.941,17508,17509,17509,1,1
2022-04-06 15:12:03.971,17509,17510,17510,1,1
2022-04-06 15:12:04.945,17509,17510,17510,2,2
2022-04-06 15:12:05.540,17508,17510,17510,1,1
2022-04-06 15:12:05.912,17508,17510,17510,2,2
2022-04-06 15:12:06.563,17508,17510,17510,1,1
2022-04-06 15:12:06.745,17508,17510,17508,2,-2
2022-04-06 15:12:08.606,17508,17510,17509,1,1
2022-04-06 15:12:08.704,17508,17510,17510,1,1
2022-04-06 15:12:10.899,17509,17510,17510,1,1
2022-04-06 15:12:10.899,17509,17510,17510,2,2
2022-04-06 15:12:10.901,17509,17510,17510,1,1
2022-04-06 15:12:10.901,17509,17510,17510,2,2
2022-04-06 15:12:10.902,17509,17510,17510,1,1
2022-04-06 15:12:10.903,17509,17510,17510,18,18
2022-04-06 15:12:11.582,17510,17511,17510,1,-1
2022-04-06 15:12:11.582,17510,17511,17509,11,-11
2022-04-06 15:12:11.841,17508,17511,17510,3,3
2022-04-06 15:12:14.537,17510,17511,17511,1,1
2022-04-06 15:12:15.926,17510,17511,17511,1,1
2022-04-06 15:12:15.937,17510,17511,17511,1,1
2022-04-06 15:12:18.346,17511,17512,17511,8,-8
2022-04-06 15:12:18.346,17511,17512,17511,2,-2
2022-04-06 15:12:18.398,17511,17512,17511,1,-1
2022-04-06 15:12:18.538,17511,17512,17511,2,-2
2022-04-06 15:12:18.546,17511,17512,17512,19,19
2022-04-06 15:12:18.546,17511,17512,17513,1,1
2022-04-06 15:12:18.548,17511,17512,17513,4,4
2022-04-06 15:12:18.889,17513,17514,17513,1,-1
2022-04-06 15:12:19.422,17512,17513,17513,3,3
2022-04-06 15:12:19.456,17512,17514,17514,1,1
2022-04-06 15:12:19.660,17512,17514,17513,2,2
2022-04-06 15:12:19.691,17512,17514,17513,1,1
2022-04-06 15:12:19.872,17512,17514,17513,1,1
2022-04-06 15:12:19.872,17512,17514,17514,2,2
2022-04-06 15:12:20.847,17514,17515,17515,1,1
2022-04-06 15:12:20.894,17514,17515,17515,3,3
2022-04-06 15:12:21.397,17514,17515,17514,3,-3
2022-04-06 15:12:21.397,17514,17515,17513,1,-1
2022-04-06 15:12:21.554,17514,17515,17515,3,3
2022-04-06 15:12:22.448,17514,17515,17515,2,2
2022-04-06 15:12:23.200,17514,17515,17515,2,2
2022-04-06 15:12:24.980,17514,17515,17515,6,6
2022-04-06 15:12:25.533,17514,17515,17514,1,-1
2022-04-06 15:12:25.854,17514,17515,17515,1,1
2022-04-06 15:12:26.222,17514,17515,17515,1,1
2022-04-06 15:12:26.684,17514,17515,17515,1,1
2022-04-06 15:12:27.821,17514,17515,17515,23,23
2022-04-06 15:12:28.125,17515,17516,17515,1,-1
2022-04-06 15:12:29.676,17515,17516,17515,1,-1
2022-04-06 15:12:30.810,17515,17516,17516,3,3
2022-04-06 15:12:30.919,17515,17516,17516,2,2
2022-04-06 15:12:31.717,17516,17517,17516,1,-1
2022-04-06 15:12:32.093,17516,17517,17516,4,-4
2022-04-06 15:12:32.093,17516,17517,17515,4,-4
2022-04-06 15:12:32.592,17515,17516,17516,2,2
2022-04-06 15:12:32.689,17515,17516,17517,3,3
2022-04-06 15:12:39.739,17516,17517,17517,1,1
2022-04-06 15:12:40.196,17516,17517,17517,2,2
2022-04-06 15:12:40.320,17516,17517,17517,1,1
2022-04-06 15:12:40.321,17516,17517,17517,1,1
2022-04-06 15:12:43.732,17516,17518,17518,1,1
2022-04-06 15:12:43.961,17516,17518,17516,3,-3
2022-04-06 15:12:45.926,17517,17518,17517,1,-1
2022-04-06 15:12:49.279,17517,17518,17517,1,-1
2022-04-06 15:12:51.136,17516,17517,17517,2,2
2022-04-06 15:12:51.770,17516,17517,17517,1,1
2022-04-06 15:12:52.253,17516,17517,17517,4,4
2022-04-06 15:12:52.253,17516,17517,17518,1,1
2022-04-06 15:12:53.331,17516,17518,17516,1,-1
2022-04-06 15:12:53.485,17516,17518,17518,3,3
2022-04-06 15:13:00.395,17516,17517,17516,6,-6
2022-04-06 15:13:00.938,17515,17516,17516,1,1
2022-04-06 15:13:02.623,17516,17517,17516,1,-1
2022-04-06 15:13:02.705,17515,17516,17516,1,1
2022-04-06 15:13:09.272,17516,17517,17516,1,-1
2022-04-06 15:13:09.754,17516,17517,17516,2,-2
2022-04-06 15:13:11.393,17515,17516,17515,1,-1
2022-04-06 15:13:11.393,17515,17516,17515,4,-4
2022-04-06 15:13:11.393,17515,17516,17515,3,-3
2022-04-06 15:13:11.393,17515,17516,17515,1,-1
2022-04-06 15:13:11.394,17515,17516,17515,1,-1
2022-04-06 15:13:11.394,17515,17516,17515,1,-1
2022-04-06 15:13:11.394,17515,17516,17515,1,-1
2022-04-06 15:13:11.394,17515,17516,17515,1,-1
2022-04-06 15:13:12.411,17515,17516,17515,5,-5
2022-04-06 15:13:14.113,17514,17515,17514,3,-3
2022-04-06 15:13:14.113,17514,17515,17513,2,-2
2022-04-06 15:13:18.356,17513,17514,17513,1,-1
2022-04-06 15:13:18.356,17513,17514,17513,2,-2
2022-04-06 15:13:18.356,17513,17514,17513,1,-1
2022-04-06 15:13:22.484,17513,17514,17513,2,-2
2022-04-06 15:13:22.485,17513,17514,17513,2,-2
2022-04-06 15:13:22.486,17513,17514,17513,1,-1
2022-04-06 15:13:22.579,17513,17514,17514,1,1
2022-04-06 15:13:22.917,17513,17514,17514,1,1
2022-04-06 15:13:24.048,17513,17515,17513,1,-1
2022-04-06 15:13:29.571,17512,17513,17512,1,-1
2022-04-06 15:13:31.305,17511,17512,17512,1,1
2022-04-06 15:13:35.143,17511,17512,17511,7,-7
2022-04-06 15:13:35.144,17511,17512,17511,1,-1
2022-04-06 15:13:35.444,17511,17512,17512,1,1
2022-04-06 15:13:38.399,17512,17513,17513,1,1
2022-04-06 15:13:41.562,17512,17513,17512,2,-2
2022-04-06 15:13:41.579,17511,17512,17512,1,1
2022-04-06 15:13:42.594,17511,17512,17511,1,-1
2022-04-06 15:13:44.463,17510,17511,17510,1,-1
2022-04-06 15:13:44.463,17510,17511,17510,1,-1
2022-04-06 15:13:44.463,17510,17511,17510,1,-1
2022-04-06 15:13:44.463,17510,17511,17510,8,-8
2022-04-06 15:13:46.196,17508,17510,17508,1,-1
2022-04-06 15:13:51.101,17508,17509,17508,1,-1
2022-04-06 15:14:00.214,17508,17510,17508,1,-1
2022-04-06 15:14:00.477,17507,17509,17509,1,1
2022-04-06 15:14:00.649,17507,17509,17509,1,1
2022-04-06 15:14:03.498,17508,17509,17508,4,-4
2022-04-06 15:14:06.546,17507,17509,17508,1,1
2022-04-06 15:14:11.831,17507,17508,17507,1,-1
2022-04-06 15:14:11.831,17507,17508,17507,1,-1
2022-04-06 15:14:11.831,17507,17508,17507,1,-1
2022-04-06 15:14:11.831,17507,17508,17507,2,-2
2022-04-06 15:14:12.020,17506,17507,17506,1,-1
2022-04-06 15:14:12.128,17505,17507,17507,1,1
2022-04-06 15:14:14.494,17505,17507,17505,3,-3
2022-04-06 15:14:15.872,17504,17505,17504,4,-4
2022-04-06 15:14:15.977,17503,17504,17503,2,-2
2022-04-06 15:14:16.260,17502,17503,17502,2,-2
2022-04-06 15:14:17.224,17501,17503,17503,1,1
2022-04-06 15:14:19.602,17502,17503,17502,1,-1
2022-04-06 15:14:21.310,17501,17503,17503,1,1
2022-04-06 15:14:21.737,17501,17504,17501,2,-2
2022-04-06 15:14:24.785,17503,17504,17504,1,1
2022-04-06 15:14:27.375,17503,17504,17504,2,2
2022-04-06 15:14:28.493,17503,17504,17503,1,-1
2022-04-06 15:14:31.770,17503,17504,17503,1,-1
2022-04-06 15:14:36.566,17502,17503,17503,1,1
2022-04-06 15:14:37.983,17503,17504,17504,1,1
2022-04-06 15:14:37.984,17503,17504,17504,1,1
2022-04-06 15:14:38.393,17504,17505,17504,1,-1
2022-04-06 15:14:41.626,17503,17504,17504,3,3
2022-04-06 15:14:45.698,17504,17505,17505,2,2
2022-04-06 15:14:45.698,17504,17505,17505,1,1
2022-04-06 15:14:49.884,17505,17506,17506,1,1
2022-04-06 15:14:53.984,17505,17506,17505,1,-1
2022-04-06 15:14:56.687,17504,17506,17506,3,3
2022-04-06 15:14:58.026,17504,17506,17506,1,1
2022-04-06 15:14:58.163,17504,17506,17506,1,1
2022-04-06 15:15:02.020,17505,17507,17506,1,1
2022-04-06 15:15:03.678,17505,17508,17505,1,-1
2022-04-06 15:15:11.429,17506,17507,17506,1,-1
2022-04-06 15:15:18.746,17506,17507,17507,2,2
2022-04-06 15:15:18.830,17506,17508,17508,1,1
2022-04-06 15:15:18.831,17506,17508,17508,1,1
2022-04-06 15:15:23.392,17505,17507,17505,9,-9
2022-04-06 15:15:23.455,17504,17506,17506,1,1
2022-04-06 15:15:40.554,17504,17505,17505,5,5
2022-04-06 15:15:40.764,17504,17505,17504,5,-5
2022-04-06 15:15:41.473,17502,17503,17502,1,-1
2022-04-06 15:15:42.449,17501,17503,17503,1,1
2022-04-06 15:15:46.427,17502,17503,17502,4,-4
2022-04-06 15:15:46.803,17502,17504,17502,1,-1
2022-04-06 15:15:46.803,17502,17504,17501,1,-1
2022-04-06 15:15:47.578,17502,17503,17502,1,-1
2022-04-06 15:15:49.528,17502,17503,17502,1,-1
2022-04-06 15:15:58.000,17502,17504,17502,10,-10
2022-04-06 15:16:01.814,17502,17503,17502,1,-1
2022-04-06 15:16:09.549,17502,17503,17502,2,-2
2022-04-06 15:16:17.041,17501,17502,17502,1,1
2022-04-06 15:16:18.556,17501,17502,17502,1,1
2022-04-06 15:16:21.094,17501,17502,17502,2,2
2022-04-06 15:16:21.094,17501,17502,17502,2,2
2022-04-06 15:16:21.094,17501,17502,17502,1,1
2022-04-06 15:16:21.094,17501,17502,17502,1,1
2022-04-06 15:16:27.940,17501,17503,17501,3,-3
2022-04-06 15:16:30.195,17501,17503,17501,3,-3
2022-04-06 15:16:31.086,17501,17502,17502,2,2
2022-04-06 15:16:32.115,17502,17503,17503,2,2
2022-04-06 15:16:33.886,17502,17504,17503,1,1
2022-04-06 15:16:33.886,17502,17504,17503,1,1
2022-04-06 15:16:35.275,17503,17504,17504,2,2
2022-04-06 15:16:35.507,17503,17504,17504,2,2
2022-04-06 15:16:38.160,17503,17504,17504,2,2
2022-04-06 15:16:38.552,17504,17505,17505,2,2
2022-04-06 15:16:43.404,17504,17505,17505,1,1
2022-04-06 15:16:43.792,17504,17505,17505,1,1
2022-04-06 15:16:44.248,17504,17505,17505,1,1
2022-04-06 15:16:46.417,17504,17505,17505,1,1
2022-04-06 15:16:47.256,17504,17505,17504,2,-2
2022-04-06 15:16:48.945,17504,17505,17505,1,1
2022-04-06 15:16:56.765,17504,17505,17505,1,1
2022-04-06 15:16:57.048,17504,17505,17505,1,1
2022-04-06 15:17:02.460,17504,17505,17505,1,1
2022-04-06 15:17:03.296,17505,17506,17505,1,-1
2022-04-06 15:17:03.387,17504,17506,17506,1,1
2022-04-06 15:17:05.559,17505,17506,17506,1,1
2022-04-06 15:17:09.968,17506,17507,17507,2,2
2022-04-06 15:17:10.343,17507,17508,17507,1,-1
2022-04-06 15:17:11.622,17506,17508,17506,1,-1
2022-04-06 15:17:12.384,17506,17508,17508,5,5
2022-04-06 15:17:13.610,17507,17508,17507,2,-2
2022-04-06 15:17:17.704,17506,17508,17508,5,5
2022-04-06 15:17:18.308,17506,17508,17508,7,7
2022-04-06 15:17:19.998,17508,17509,17508,9,-9
2022-04-06 15:17:19.998,17508,17509,17508,5,-5
2022-04-06 15:17:20.189,17506,17508,17508,1,1
2022-04-06 15:17:20.988,17507,17509,17509,1,1
2022-04-06 15:17:21.399,17508,17509,17509,1,1
2022-04-06 15:17:21.496,17508,17509,17509,5,5
2022-04-06 15:17:21.975,17508,17509,17508,1,-1
2022-04-06 15:17:22.400,17508,17509,17508,4,-4
2022-04-06 15:17:22.400,17508,17509,17507,1,-1
2022-04-06 15:17:22.581,17507,17509,17509,5,5
2022-04-06 15:17:24.313,17507,17509,17507,1,-1
2022-04-06 15:17:28.144,17507,17508,17507,1,-1
2022-04-06 15:17:28.641,17506,17507,17506,1,-1
2022-04-06 15:17:28.641,17506,17507,17506,1,-1
2022-04-06 15:17:30.561,17505,17506,17506,3,3
2022-04-06 15:17:30.817,17505,17506,17506,2,2
2022-04-06 15:17:30.817,17505,17506,17506,1,1
2022-04-06 15:17:33.633,17505,17506,17505,1,-1
2022-04-06 15:17:35.785,17505,17506,17506,2,2
2022-04-06 15:17:36.062,17505,17506,17506,2,2
2022-04-06 15:17:36.593,17505,17506,17505,3,-3
2022-04-06 15:17:36.790,17504,17505,17505,2,2
2022-04-06 15:17:37.348,17504,17505,17505,2,2
2022-04-06 15:17:38.499,17504,17506,17505,2,2
2022-04-06 15:17:38.898,17504,17506,17505,2,2
2022-04-06 15:17:39.070,17504,17505,17504,1,-1
2022-04-06 15:17:40.390,17504,17505,17505,1,1
2022-04-06 15:17:41.947,17504,17505,17504,7,-7
2022-04-06 15:17:43.145,17503,17504,17503,4,-4
2022-04-06 15:17:43.817,17502,17504,17503,1,1
2022-04-06 15:17:43.830,17502,17503,17502,1,-1
2022-04-06 15:17:45.040,17501,17503,17501,1,-1
2022-04-06 15:17:45.509,17501,17503,17503,1,1
2022-04-06 15:17:45.669,17501,17503,17501,6,-6
2022-04-06 15:17:46.369,17500,17502,17502,1,1
2022-04-06 15:17:47.403,17500,17501,17501,1,1
2022-04-06 15:17:49.115,17501,17503,17501,2,-2
2022-04-06 15:17:50.678,17501,17503,17503,1,1
2022-04-06 15:18:10.858,17503,17504,17503,1,-1
2022-04-06 15:18:11.354,17503,17504,17503,3,-3
2022-04-06 15:18:18.534,17503,17504,17504,4,4
2022-04-06 15:18:20.509,17504,17505,17505,1,1
2022-04-06 15:18:20.509,17504,17505,17505,7,7
2022-04-06 15:18:20.510,17504,17505,17505,1,1
2022-04-06 15:18:29.515,17505,17506,17505,1,-1
2022-04-06 15:18:34.411,17505,17507,17505,3,-3
2022-04-06 15:18:40.802,17505,17506,17505,1,-1
2022-04-06 15:18:40.802,17505,17506,17504,6,-6
2022-04-06 15:18:40.803,17505,17506,17504,1,-1
2022-04-06 15:18:40.804,17505,17506,17504,2,-2
2022-04-06 15:18:46.232,17506,17508,17508,3,3
2022-04-06 15:18:51.076,17508,17509,17508,1,-1
2022-04-06 15:18:51.978,17508,17509,17508,1,-1
2022-04-06 15:18:56.811,17508,17509,17509,1,1
2022-04-06 15:18:56.970,17509,17510,17509,1,-1
2022-04-06 15:18:57.416,17508,17510,17509,1,1
2022-04-06 15:19:00.337,17509,17510,17509,1,-1
2022-04-06 15:19:00.960,17509,17510,17510,12,12
2022-04-06 15:19:01.321,17510,17511,17511,2,2
2022-04-06 15:19:01.321,17510,17511,17512,1,1
2022-04-06 15:19:02.138,17509,17511,17511,4,4
2022-04-06 15:19:02.512,17509,17511,17509,1,-1
2022-04-06 15:19:03.150,17509,17510,17509,2,-2
2022-04-06 15:19:04.229,17509,17510,17510,1,1
2022-04-06 15:19:04.229,17509,17510,17511,2,2
2022-04-06 15:19:07.925,17510,17512,17510,4,-4
2022-04-06 15:19:08.730,17509,17510,17510,1,1
2022-04-06 15:19:09.825,17509,17510,17510,1,1
2022-04-06 15:19:13.930,17509,17510,17509,1,-1
2022-04-06 15:19:13.930,17509,17510,17509,1,-1
2022-04-06 15:19:13.930,17509,17510,17509,2,-2
2022-04-06 15:19:13.930,17509,17510,17509,4,-4
2022-04-06 15:19:13.930,17509,17510,17509,1,-1
2022-04-06 15:19:13.930,17509,17510,17509,1,-1
2022-04-06 15:19:13.930,17509,17510,17509,1,-1
2022-04-06 15:19:13.931,17509,17510,17509,1,-1
2022-04-06 15:19:13.931,17509,17510,17509,1,-1
2022-04-06 15:19:13.931,17509,17510,17509,1,-1
2022-04-06 15:19:13.931,17509,17510,17509,1,-1
2022-04-06 15:19:13.931,17509,17510,17509,1,-1
2022-04-06 15:19:14.494,17509,17510,17510,1,1
2022-04-06 15:19:17.023,17509,17510,17509,1,-1
2022-04-06 15:19:17.655,17507,17509,17509,4,4
2022-04-06 15:19:17.969,17509,17510,17509,1,-1
2022-04-06 15:19:20.664,17509,17510,17510,1,1
2022-04-06 15:19:25.468,17509,17510,17509,16,-16
2022-04-06 15:19:32.295,17507,17508,17507,22,-22
2022-04-06 15:19:35.777,17505,17507,17505,1,-1
2022-04-06 15:19:35.883,17505,17507,17505,1,-1
2022-04-06 15:19:36.201,17505,17507,17505,1,-1
2022-04-06 15:19:36.520,17506,17507,17507,1,1
2022-04-06 15:19:36.620,17507,17508,17507,1,-1
2022-04-06 15:19:39.339,17507,17508,17507,1,-1
2022-04-06 15:19:45.166,17506,17507,17507,1,1
2022-04-06 15:19:51.442,17506,17507,17506,3,-3
2022-04-06 15:19:57.305,17506,17507,17507,1,1
2022-04-06 15:19:59.666,17506,17507,17506,1,-1
2022-04-06 15:20:01.024,17506,17507,17506,2,-2
2022-04-06 15:20:01.312,17506,17507,17507,1,1
2022-04-06 15:20:03.379,17506,17507,17506,22,-22
2022-04-06 15:20:03.772,17505,17506,17505,21,-21
2022-04-06 15:20:03.773,17505,17506,17504,2,-2
2022-04-06 15:20:08.029,17504,17505,17504,1,-1
2022-04-06 15:20:08.032,17504,17505,17504,2,-2
2022-04-06 15:20:08.298,17503,17504,17503,1,-1
2022-04-06 15:20:08.487,17502,17503,17503,5,5
2022-04-06 15:20:08.487,17502,17503,17504,12,12
2022-04-06 15:20:08.488,17502,17503,17504,3,3
2022-04-06 15:20:13.053,17504,17505,17504,1,-1
2022-04-06 15:20:16.984,17504,17506,17504,2,-2
2022-04-06 15:20:20.228,17505,17507,17507,1,1
2022-04-06 15:20:21.906,17505,17507,17505,5,-5
2022-04-06 15:20:22.038,17505,17507,17505,2,-2
2022-04-06 15:20:24.334,17505,17507,17506,1,1
2022-04-06 15:20:30.195,17505,17507,17505,1,-1
2022-04-06 15:20:45.922,17504,17505,17504,1,-1
2022-04-06 15:20:47.569,17504,17505,17505,1,1
2022-04-06 15:20:50.223,17504,17505,17504,8,-8
2022-04-06 15:20:50.223,17504,17505,17504,1,-1
2022-04-06 15:20:50.224,17504,17505,17504,6,-6
2022-04-06 15:20:50.224,17504,17505,17504,3,-3
2022-04-06 15:20:51.599,17503,17504,17503,1,-1
2022-04-06 15:20:51.599,17503,17504,17502,3,-3
2022-04-06 15:20:51.599,17503,17504,17502,2,-2
2022-04-06 15:20:51.599,17503,17504,17502,7,-7
2022-04-06 15:20:53.221,17502,17503,17502,4,-4
2022-04-06 15:20:53.221,17502,17503,17502,1,-1
2022-04-06 15:20:54.570,17501,17502,17502,6,6
2022-04-06 15:20:57.308,17502,17503,17502,1,-1
2022-04-06 15:21:02.611,17502,17503,17503,1,1
2022-04-06 15:21:03.261,17502,17503,17503,1,1
2022-04-06 15:21:05.327,17502,17503,17503,1,1
2022-04-06 15:21:15.046,17502,17503,17503,1,1
2022-04-06 15:21:18.160,17502,17503,17502,2,-2
2022-04-06 15:21:18.160,17502,17503,17502,12,-12
2022-04-06 15:21:18.161,17502,17503,17502,1,-1
2022-04-06 15:21:18.161,17502,17503,17502,2,-2
2022-04-06 15:21:25.439,17502,17503,17503,4,4
2022-04-06 15:21:25.439,17502,17503,17504,1,1
2022-04-06 15:21:40.211,17503,17505,17503,1,-1
2022-04-06 15:21:55.602,17503,17505,17503,1,-1
2022-04-06 15:22:03.613,17503,17504,17504,2,2
2022-04-06 15:22:03.613,17503,17504,17505,3,3
2022-04-06 15:22:08.955,17504,17505,17505,1,1
2022-04-06 15:22:13.120,17506,17507,17506,1,-1
2022-04-06 15:22:22.065,17506,17507,17506,1,-1
2022-04-06 15:22:22.065,17506,17507,17506,1,-1
2022-04-06 15:22:22.479,17504,17506,17506,1,1
2022-04-06 15:22:23.356,17504,17505,17505,1,1
2022-04-06 15:22:25.078,17505,17506,17505,1,-1
2022-04-06 15:22:26.670,17504,17505,17505,1,1
2022-04-06 15:22:33.744,17505,17506,17505,1,-1
2022-04-06 15:22:35.092,17504,17505,17504,1,-1
2022-04-06 15:22:41.121,17503,17505,17505,3,3
2022-04-06 15:22:46.843,17503,17504,17504,1,1
2022-04-06 15:22:50.959,17503,17504,17503,9,-9
2022-04-06 15:22:52.114,17502,17503,17503,1,1
2022-04-06 15:23:00.279,17502,17503,17502,2,-2
2022-04-06 15:23:11.020,17502,17503,17503,1,1
2022-04-06 15:23:13.221,17503,17504,17503,1,-1
2022-04-06 15:23:25.280,17503,17505,17503,2,-2
2022-04-06 15:23:27.624,17503,17504,17504,1,1
2022-04-06 15:23:27.624,17503,17504,17504,1,1
2022-04-06 15:23:30.049,17503,17504,17504,1,1
2022-04-06 15:23:35.520,17504,17505,17504,4,-4
2022-04-06 15:23:43.245,17504,17505,17505,1,1
2022-04-06 15:23:44.298,17504,17505,17504,1,-1
2022-04-06 15:23:44.298,17504,17505,17504,1,-1
2022-04-06 15:23:50.234,17503,17504,17503,1,-1
2022-04-06 15:23:50.235,17503,17504,17503,1,-1
2022-04-06 15:24:07.527,17502,17503,17503,1,1
2022-04-06 15:24:10.945,17502,17503,17502,1,-1
2022-04-06 15:24:19.835,17502,17503,17502,1,-1
2022-04-06 15:24:23.077,17502,17503,17503,1,1
2022-04-06 15:24:26.126,17502,17503,17502,1,-1
2022-04-06 15:24:29.844,17502,17503,17502,10,-10
2022-04-06 15:24:29.844,17502,17503,17502,1,-1
2022-04-06 15:24:29.844,17502,17503,17502,8,-8
2022-04-06 15:24:37.634,17501,17502,17501,7,-7
2022-04-06 15:24:37.728,17501,17502,17501,1,-1
2022-04-06 15:24:42.261,17501,17502,17501,1,-1
2022-04-06 15:24:47.586,17501,17502,17501,1,-1
2022-04-06 15:24:53.435,17501,17502,17501,1,-1
2022-04-06 15:24:53.435,17501,17502,17501,10,-10
2022-04-06 15:24:53.436,17501,17502,17501,1,-1
2022-04-06 15:24:53.436,17501,17502,17501,3,-3
2022-04-06 15:24:53.437,17501,17502,17501,11,-11
2022-04-06 15:24:53.437,17501,17502,17501,4,-4
2022-04-06 15:24:53.437,17501,17502,17501,2,-2
2022-04-06 15:24:53.437,17501,17502,17500,1,-1
2022-04-06 15:24:55.056,17500,17501,17500,3,-3
2022-04-06 15:25:00.192,17500,17501,17500,1,-1
2022-04-06 15:25:00.213,17500,17501,17500,1,-1
2022-04-06 15:25:00.213,17500,17501,17500,1,-1
2022-04-06 15:25:00.213,17500,17501,17500,1,-1
2022-04-06 15:25:00.462,17500,17501,17500,1,-1
2022-04-06 15:25:00.687,17500,17501,17501,3,3
2022-04-06 15:25:00.687,17500,17501,17502,4,4
2022-04-06 15:25:00.757,17500,17502,17502,3,3
2022-04-06 15:25:00.757,17500,17502,17503,8,8
2022-04-06 15:25:00.757,17500,17502,17504,3,3
2022-04-06 15:25:02.661,17502,17504,17502,1,-1
2022-04-06 15:25:02.705,17502,17504,17502,1,-1
2022-04-06 15:25:02.705,17502,17504,17502,1,-1
2022-04-06 15:25:02.705,17502,17504,17502,1,-1
2022-04-06 15:25:15.405,17501,17502,17501,1,-1
2022-04-06 15:25:15.877,17501,17502,17501,1,-1
2022-04-06 15:25:17.382,17501,17502,17502,2,2
2022-04-06 15:25:17.383,17501,17502,17502,3,3
2022-04-06 15:25:17.413,17501,17502,17502,1,1
2022-04-06 15:25:17.455,17501,17503,17501,1,-1
2022-04-06 15:25:19.230,17501,17503,17501,1,-1
2022-04-06 15:25:19.329,17501,17503,17501,1,-1
2022-04-06 15:25:23.679,17502,17503,17502,1,-1
2022-04-06 15:25:32.434,17501,17502,17502,1,1
2022-04-06 15:25:36.496,17502,17503,17502,5,-5
2022-04-06 15:25:36.580,17501,17503,17501,1,-1
2022-04-06 15:25:39.015,17502,17503,17502,1,-1
2022-04-06 15:25:39.079,17501,17503,17501,1,-1
2022-04-06 15:25:39.080,17501,17503,17501,1,-1
2022-04-06 15:25:41.014,17501,17503,17501,5,-5
2022-04-06 15:25:41.014,17501,17503,17500,5,-5
2022-04-06 15:25:42.991,17501,17503,17501,5,-5
2022-04-06 15:25:42.992,17501,17503,17501,1,-1
2022-04-06 15:25:42.992,17501,17503,17501,1,-1
2022-04-06 15:25:42.992,17501,17503,17501,3,-3
2022-04-06 15:25:49.904,17500,17502,17500,1,-1
2022-04-06 15:26:07.241,17501,17502,17501,1,-1
2022-04-06 15:26:36.072,17500,17501,17501,1,1
2022-04-06 15:26:36.072,17500,17501,17501,2,2
2022-04-06 15:26:36.150,17501,17502,17502,11,11
2022-04-06 15:26:36.347,17502,17503,17502,1,-1
2022-04-06 15:26:55.609,17502,17503,17502,1,-1
2022-04-06 15:26:55.614,17502,17503,17502,1,-1
2022-04-06 15:26:58.325,17502,17503,17503,1,1
2022-04-06 15:27:06.933,17501,17503,17503,1,1
2022-04-06 15:27:10.825,17502,17503,17503,1,1
2022-04-06 15:27:10.825,17502,17503,17503,2,2
2022-04-06 15:27:13.210,17503,17504,17503,1,-1
2022-04-06 15:27:14.556,17502,17504,17504,1,1
2022-04-06 15:27:24.444,17503,17505,17504,1,1
2022-04-06 15:27:24.772,17504,17505,17504,1,-1
2022-04-06 15:27:25.100,17504,17505,17504,1,-1
2022-04-06 15:27:27.553,17503,17505,17505,1,1
2022-04-06 15:27:42.871,17503,17505,17505,1,1
2022-04-06 15:27:44.211,17504,17505,17505,4,4
2022-04-06 15:27:44.541,17504,17507,17504,1,-1
2022-04-06 15:27:44.691,17504,17506,17504,1,-1
2022-04-06 15:27:44.729,17504,17506,17504,1,-1
2022-04-06 15:27:45.772,17504,17506,17504,1,-1
2022-04-06 15:27:47.607,17504,17506,17504,3,-3
2022-04-06 15:27:48.710,17503,17506,17506,3,3
2022-04-06 15:28:25.067,17504,17505,17504,3,-3
2022-04-06 15:28:26.287,17503,17504,17504,1,1
2022-04-06 15:28:30.196,17503,17504,17503,1,-1
2022-04-06 15:28:30.196,17503,17504,17503,3,-3
2022-04-06 15:28:30.197,17503,17504,17503,1,-1
2022-04-06 15:28:30.197,17503,17504,17503,2,-2
2022-04-06 15:28:30.197,17503,17504,17503,1,-1
2022-04-06 15:28:44.195,17502,17503,17502,2,-2
2022-04-06 15:28:44.196,17502,17503,17502,1,-1
2022-04-06 15:29:08.724,17501,17502,17502,1,1
2022-04-06 15:29:16.768,17502,17503,17502,1,-1
2022-04-06 15:29:25.110,17501,17502,17501,5,-5
2022-04-06 15:29:33.241,17501,17502,17501,1,-1
2022-04-06 15:29:39.364,17501,17502,17502,1,1
2022-04-06 15:29:39.364,17501,17502,17502,1,1
2022-04-06 15:29:39.364,17501,17502,17502,2,2
2022-04-06 15:29:46.764,17501,17503,17503,2,2
2022-04-06 15:29:53.865,17501,17503,17503,1,1
2022-04-06 15:29:54.195,17501,17503,17501,1,-1
2022-04-06 15:29:54.780,17501,17502,17502,1,1
2022-04-06 15:30:02.715,17501,17502,17502,2,2
2022-04-06 15:30:07.575,17501,17503,17501,1,-1
2022-04-06 15:30:21.126,17502,17503,17503,2,2
2022-04-06 15:30:28.731,17502,17503,17503,2,2
2022-04-06 15:30:41.510,17503,17505,17503,3,-3
2022-04-06 15:30:41.663,17503,17505,17503,3,-3
2022-04-06 15:31:02.021,17503,17504,17503,2,-2
2022-04-06 15:31:02.021,17503,17504,17503,1,-1
2022-04-06 15:31:02.022,17503,17504,17503,1,-1
2022-04-06 15:31:10.664,17503,17505,17503,5,-5
2022-04-06 15:31:10.704,17502,17504,17504,1,1
2022-04-06 15:31:10.706,17502,17504,17505,1,1
2022-04-06 15:31:20.980,17503,17504,17503,1,-1
2022-04-06 15:31:21.080,17502,17503,17503,1,1
2022-04-06 15:31:21.204,17502,17503,17503,1,1
2022-04-06 15:31:21.205,17502,17503,17503,1,1
2022-04-06 15:31:27.310,17502,17503,17502,3,-3
2022-04-06 15:31:27.310,17502,17503,17501,2,-2
2022-04-06 15:31:29.900,17501,17502,17501,1,-1
2022-04-06 15:31:29.901,17501,17502,17501,1,-1
2022-04-06 15:31:29.901,17501,17502,17501,2,-2
2022-04-06 15:31:29.930,17501,17502,17501,1,-1
2022-04-06 15:31:29.930,17501,17502,17501,1,-1
2022-04-06 15:31:29.930,17501,17502,17501,2,-2
2022-04-06 15:31:29.955,17500,17501,17501,1,1
2022-04-06 15:31:29.956,17500,17501,17501,1,1
2022-04-06 15:31:35.465,17500,17501,17501,1,1
2022-04-06 15:31:39.364,17500,17501,17501,1,1
2022-04-06 15:31:48.073,17500,17501,17500,1,-1
2022-04-06 15:31:48.080,17500,17501,17501,1,1
2022-04-06 15:31:52.027,17500,17501,17500,1,-1
2022-04-06 15:31:53.680,17500,17501,17500,1,-1
2022-04-06 15:31:57.013,17500,17501,17500,1,-1
2022-04-06 15:31:57.013,17500,17501,17500,1,-1
2022-04-06 15:31:57.013,17500,17501,17500,1,-1
2022-04-06 15:31:57.013,17500,17501,17500,2,-2
2022-04-06 15:31:57.013,17500,17501,17500,1,-1
2022-04-06 15:31:57.013,17500,17501,17500,1,-1
2022-04-06 15:31:57.014,17500,17501,17500,1,-1
2022-04-06 15:31:57.014,17500,17501,17500,2,-2
2022-04-06 15:31:57.014,17500,17501,17500,1,-1
2022-04-06 15:31:57.014,17500,17501,17500,1,-1
2022-04-06 15:31:57.014,17500,17501,17500,4,-4
2022-04-06 15:31:57.014,17500,17501,17500,1,-1
2022-04-06 15:31:57.014,17500,17501,17500,2,-2
2022-04-06 15:31:57.014,17500,17501,17500,6,-6
2022-04-06 15:32:00.183,17499,17500,17499,2,-2
2022-04-06 15:32:03.154,17499,17500,17500,1,1
2022-04-06 15:32:04.218,17500,17501,17500,1,-1
2022-04-06 15:32:04.219,17500,17501,17501,6,6
2022-04-06 15:32:05.307,17501,17502,17501,3,-3
2022-04-06 15:32:20.769,17499,17500,17499,3,-3
2022-04-06 15:32:23.615,17498,17499,17498,7,-7
2022-04-06 15:32:23.616,17498,17499,17498,10,-10
2022-04-06 15:32:23.786,17497,17498,17497,1,-1
2022-04-06 15:32:23.960,17497,17498,17497,1,-1
2022-04-06 15:32:25.104,17497,17498,17497,1,-1
2022-04-06 15:32:25.104,17497,17498,17497,1,-1
2022-04-06 15:32:25.104,17497,17498,17497,1,-1
2022-04-06 15:32:25.104,17497,17498,17497,1,-1
2022-04-06 15:32:25.104,17497,17498,17497,3,-3
2022-04-06 15:32:25.105,17497,17498,17497,1,-1
2022-04-06 15:32:25.105,17497,17498,17497,4,-4
2022-04-06 15:32:25.105,17497,17498,17497,1,-1
2022-04-06 15:32:25.105,17497,17498,17497,2,-2
2022-04-06 15:32:26.492,17496,17497,17496,1,-1
2022-04-06 15:32:28.166,17496,17497,17497,1,1
2022-04-06 15:32:29.490,17496,17497,17497,1,1
2022-04-06 15:32:30.632,17497,17498,17497,1,-1
2022-04-06 15:32:36.012,17496,17498,17496,1,-1
2022-04-06 15:32:37.984,17496,17497,17496,1,-1
2022-04-06 15:32:37.984,17496,17497,17496,1,-1
2022-04-06 15:32:37.984,17496,17497,17496,3,-3
2022-04-06 15:32:39.272,17495,17496,17495,3,-3
2022-04-06 15:32:39.417,17495,17496,17496,1,1
2022-04-06 15:32:39.419,17495,17496,17495,1,-1
2022-04-06 15:32:39.920,17495,17496,17495,1,-1
2022-04-06 15:32:39.921,17495,17496,17495,1,-1
2022-04-06 15:32:45.128,17494,17495,17495,1,1
2022-04-06 15:32:45.707,17494,17495,17494,1,-1
2022-04-06 15:32:45.707,17494,17495,17494,1,-1
2022-04-06 15:32:45.937,17494,17495,17494,1,-1
2022-04-06 15:32:46.111,17494,17495,17494,1,-1
2022-04-06 15:32:46.112,17494,17495,17494,1,-1
2022-04-06 15:32:47.005,17493,17494,17493,1,-1
2022-04-06 15:32:47.752,17493,17494,17493,5,-5
2022-04-06 15:32:47.923,17492,17493,17492,2,-2
2022-04-06 15:32:47.924,17492,17493,17492,8,-8
2022-04-06 15:32:47.924,17492,17493,17492,1,-1
2022-04-06 15:32:47.924,17492,17493,17492,4,-4
2022-04-06 15:32:47.925,17492,17493,17492,3,-3
2022-04-06 15:32:47.925,17492,17493,17492,1,-1
2022-04-06 15:32:47.930,17492,17493,17492,1,-1
2022-04-06 15:32:47.931,17492,17493,17492,1,-1
2022-04-06 15:32:47.931,17492,17493,17492,4,-4
2022-04-06 15:32:47.931,17492,17493,17492,1,-1
2022-04-06 15:32:47.931,17492,17493,17492,1,-1
2022-04-06 15:32:47.931,17492,17493,17492,2,-2
2022-04-06 15:32:49.114,17492,17493,17492,1,-1
2022-04-06 15:32:49.114,17492,17493,17492,1,-1
2022-04-06 15:32:49.418,17491,17493,17491,2,-2
2022-04-06 15:32:49.508,17491,17493,17491,2,-2
2022-04-06 15:32:49.895,17491,17493,17491,1,-1
2022-04-06 15:32:50.597,17491,17493,17491,5,-5
2022-04-06 15:32:51.260,17491,17492,17491,4,-4
2022-04-06 15:32:51.323,17491,17492,17491,2,-2
2022-04-06 15:32:51.458,17491,17492,17491,1,-1
2022-04-06 15:32:51.631,17491,17492,17491,1,-1
2022-04-06 15:32:52.991,17491,17492,17491,1,-1
2022-04-06 15:32:53.296,17490,17492,17490,1,-1
2022-04-06 15:32:53.569,17490,17492,17490,1,-1
2022-04-06 15:32:55.129,17490,17491,17491,2,2
2022-04-06 15:32:55.129,17490,17491,17492,1,1
2022-04-06 15:32:59.016,17490,17492,17490,1,-1
2022-04-06 15:33:00.184,17490,17491,17490,3,-3
2022-04-06 15:33:00.906,17490,17491,17490,14,-14
2022-04-06 15:33:03.178,17489,17490,17490,2,2
2022-04-06 15:33:03.527,17489,17490,17489,4,-4
2022-04-06 15:33:03.527,17489,17490,17489,1,-1
2022-04-06 15:33:03.589,17488,17489,17488,1,-1
2022-04-06 15:33:03.726,17488,17489,17488,11,-11
2022-04-06 15:33:03.726,17488,17489,17487,9,-9
2022-04-06 15:33:03.772,17488,17489,17488,1,-1
2022-04-06 15:33:05.993,17488,17489,17489,1,1
2022-04-06 15:33:06.223,17489,17490,17489,2,-2
2022-04-06 15:33:06.613,17489,17490,17490,1,1
2022-04-06 15:33:07.191,17488,17490,17490,1,1
2022-04-06 15:33:07.405,17488,17490,17489,1,1
2022-04-06 15:33:09.815,17489,17490,17489,1,-1
2022-04-06 15:33:09.815,17489,17490,17488,9,-9
2022-04-06 15:33:10.078,17488,17489,17489,1,1
2022-04-06 15:33:11.538,17488,17490,17488,1,-1
2022-04-06 15:33:12.584,17487,17489,17487,5,-5
2022-04-06 15:33:12.673,17487,17489,17487,1,-1
2022-04-06 15:33:12.718,17486,17487,17486,5,-5
2022-04-06 15:33:12.719,17486,17487,17486,5,-5
2022-04-06 15:33:12.719,17486,17487,17485,13,-13
2022-04-06 15:33:12.772,17486,17487,17486,6,-6
2022-04-06 15:33:12.930,17484,17487,17484,1,-1
2022-04-06 15:33:13.024,17484,17486,17486,4,4
2022-04-06 15:33:13.144,17485,17487,17485,2,-2
2022-04-06 15:33:13.191,17485,17487,17487,1,1
2022-04-06 15:33:13.336,17486,17487,17486,1,-1
2022-04-06 15:33:13.402,17486,17487,17487,2,2
2022-04-06 15:33:13.502,17486,17488,17486,1,-1
2022-04-06 15:33:15.294,17487,17488,17487,1,-1
2022-04-06 15:33:15.584,17486,17487,17486,1,-1
2022-04-06 15:33:17.200,17487,17488,17488,1,1
2022-04-06 15:33:17.525,17487,17488,17487,2,-2
2022-04-06 15:33:18.907,17485,17487,17487,1,1
2022-04-06 15:33:20.630,17485,17487,17487,1,1
2022-04-06 15:33:23.124,17485,17487,17487,1,1
2022-04-06 15:33:26.382,17487,17488,17487,1,-1
2022-04-06 15:33:26.899,17487,17488,17487,3,-3
2022-04-06 15:33:27.210,17487,17488,17487,1,-1
2022-04-06 15:33:27.330,17486,17488,17486,1,-1
2022-04-06 15:33:28.709,17487,17488,17488,3,3
2022-04-06 15:33:29.256,17488,17489,17488,2,-2
2022-04-06 15:33:30.345,17487,17488,17488,1,1
2022-04-06 15:33:30.345,17487,17488,17488,7,7
2022-04-06 15:33:30.555,17488,17490,17488,1,-1
2022-04-06 15:33:32.322,17488,17489,17489,1,1
2022-04-06 15:33:32.384,17488,17490,17488,2,-2
2022-04-06 15:33:34.007,17487,17489,17489,1,1
2022-04-06 15:33:35.203,17489,17490,17490,3,3
2022-04-06 15:33:35.275,17489,17490,17490,1,1
2022-04-06 15:33:36.965,17489,17490,17490,1,1
2022-04-06 15:33:37.339,17490,17491,17491,2,2
2022-04-06 15:33:37.339,17490,17491,17491,2,2
2022-04-06 15:33:37.340,17490,17491,17491,2,2
2022-04-06 15:33:37.817,17490,17492,17490,1,-1
2022-04-06 15:33:39.872,17490,17492,17490,1,-1
2022-04-06 15:33:42.657,17490,17491,17490,1,-1
2022-04-06 15:33:42.869,17489,17491,17489,1,-1
2022-04-06 15:33:42.998,17489,17491,17491,5,5
2022-04-06 15:33:43.732,17489,17490,17490,1,1
2022-04-06 15:33:43.733,17489,17490,17490,1,1
2022-04-06 15:33:44.951,17489,17491,17490,1,1
2022-04-06 15:33:45.735,17489,17490,17489,1,-1
2022-04-06 15:33:45.736,17489,17490,17489,1,-1
2022-04-06 15:33:45.737,17489,17490,17488,3,-3
2022-04-06 15:33:45.737,17489,17490,17488,4,-4
2022-04-06 15:33:47.524,17490,17491,17490,1,-1
2022-04-06 15:33:47.575,17490,17491,17491,5,5
2022-04-06 15:33:48.011,17489,17491,17491,1,1
2022-04-06 15:33:48.788,17489,17490,17489,1,-1
2022-04-06 15:33:49.364,17489,17490,17489,1,-1
2022-04-06 15:33:50.382,17488,17490,17488,1,-1
2022-04-06 15:33:55.659,17488,17489,17488,1,-1
2022-04-06 15:33:58.012,17488,17489,17488,1,-1
2022-04-06 15:33:58.013,17488,17489,17488,3,-3
2022-04-06 15:34:00.135,17487,17489,17487,5,-5
2022-04-06 15:34:03.716,17487,17488,17487,1,-1
2022-04-06 15:34:03.830,17487,17488,17487,1,-1
2022-04-06 15:34:03.831,17487,17488,17487,1,-1
2022-04-06 15:34:04.132,17487,17489,17487,1,-1
2022-04-06 15:34:07.765,17487,17488,17488,1,1
2022-04-06 15:34:16.161,17487,17489,17487,9,-9
2022-04-06 15:34:16.204,17486,17488,17486,1,-1
2022-04-06 15:34:16.855,17486,17488,17486,1,-1
2022-04-06 15:34:17.147,17486,17488,17488,1,1
2022-04-06 15:34:17.204,17486,17488,17486,1,-1
2022-04-06 15:34:18.866,17486,17488,17488,2,2
2022-04-06 15:34:20.028,17486,17489,17487,1,-1
2022-04-06 15:34:21.719,17487,17489,17487,1,-1
2022-04-06 15:34:22.024,17487,17489,17486,1,-1
2022-04-06 15:34:26.769,17487,17488,17488,2,2
2022-04-06 15:34:26.910,17487,17488,17487,1,-1
2022-04-06 15:34:26.910,17487,17488,17487,1,-1
2022-04-06 15:34:26.910,17487,17488,17487,1,-1
2022-04-06 15:34:26.910,17487,17488,17487,1,-1
2022-04-06 15:34:27.413,17486,17488,17486,1,-1
2022-04-06 15:34:28.710,17487,17488,17488,2,2
2022-04-06 15:34:29.496,17487,17488,17488,2,2
2022-04-06 15:34:30.729,17487,17488,17488,1,1
2022-04-06 15:34:30.817,17487,17488,17487,1,-1
2022-04-06 15:34:32.040,17487,17488,17488,1,1
2022-04-06 15:34:32.229,17487,17488,17488,1,1
2022-04-06 15:34:32.587,17487,17488,17487,1,-1
2022-04-06 15:34:32.587,17487,17488,17487,1,-1
2022-04-06 15:34:32.587,17487,17488,17487,1,-1
2022-04-06 15:34:33.600,17486,17488,17488,1,1
2022-04-06 15:34:35.209,17487,17488,17488,1,1
2022-04-06 15:34:35.221,17487,17488,17488,2,2
2022-04-06 15:34:35.532,17487,17488,17488,1,1
2022-04-06 15:34:35.879,17488,17489,17488,1,-1
2022-04-06 15:34:36.712,17487,17488,17488,2,2
2022-04-06 15:34:37.017,17487,17488,17488,2,2
2022-04-06 15:34:37.911,17488,17489,17488,2,-2
2022-04-06 15:34:39.616,17487,17488,17488,2,2
2022-04-06 15:34:40.193,17487,17488,17487,2,-2
2022-04-06 15:34:40.785,17487,17488,17487,1,-1
2022-04-06 15:34:41.309,17486,17487,17486,2,-2
2022-04-06 15:34:41.309,17486,17487,17486,1,-1
2022-04-06 15:34:43.493,17485,17487,17485,5,-5
2022-04-06 15:34:46.878,17485,17486,17485,1,-1
2022-04-06 15:34:46.978,17485,17486,17486,1,1
2022-04-06 15:34:47.145,17485,17486,17485,1,-1
2022-04-06 15:34:47.181,17485,17486,17486,5,5
2022-04-06 15:34:48.329,17485,17487,17487,1,1
2022-04-06 15:34:48.784,17485,17487,17485,1,-1
2022-04-06 15:34:49.825,17485,17487,17485,1,-1
2022-04-06 15:34:49.825,17485,17487,17485,1,-1
2022-04-06 15:34:49.825,17485,17487,17485,1,-1
2022-04-06 15:34:51.385,17485,17487,17485,2,-2
2022-04-06 15:34:51.741,17484,17486,17484,5,-5
2022-04-06 15:34:53.148,17483,17484,17483,1,-1
2022-04-06 15:34:53.202,17483,17484,17484,2,2
2022-04-06 15:34:53.202,17483,17484,17485,2,2
2022-04-06 15:34:53.445,17483,17485,17483,1,-1
2022-04-06 15:34:53.485,17483,17485,17483,2,-2
2022-04-06 15:34:54.749,17483,17485,17483,1,-1
2022-04-06 15:34:54.853,17483,17485,17483,10,-10
2022-04-06 15:34:55.314,17482,17484,17484,1,1
2022-04-06 15:34:55.533,17482,17484,17482,2,-2
2022-04-06 15:34:55.600,17482,17484,17482,1,-1
2022-04-06 15:34:55.659,17482,17484,17482,1,-1
2022-04-06 15:34:55.737,17482,17484,17482,2,-2
2022-04-06 15:34:56.623,17482,17483,17482,5,-5
2022-04-06 15:34:56.623,17482,17483,17482,1,-1
2022-04-06 15:34:57.178,17482,17483,17481,5,-5
2022-04-06 15:34:57.205,17481,17483,17481,1,-1
2022-04-06 15:34:58.399,17482,17483,17482,2,-2
2022-04-06 15:34:58.399,17482,17483,17481,1,-1
2022-04-06 15:34:58.910,17481,17483,17481,1,-1
2022-04-06 15:34:58.970,17481,17483,17482,1,1
2022-04-06 15:34:59.607,17482,17483,17482,1,-1
2022-04-06 15:35:00.190,17482,17483,17482,3,-3
2022-04-06 15:35:00.281,17482,17483,17483,27,27
2022-04-06 15:35:00.528,17483,17484,17483,2,-2
2022-04-06 15:35:00.569,17483,17484,17483,4,-4
2022-04-06 15:35:00.569,17483,17484,17482,2,-2
2022-04-06 15:35:00.594,17482,17484,17482,12,-12
2022-04-06 15:35:01.814,17482,17484,17482,1,-1
2022-04-06 15:35:01.838,17482,17484,17482,1,-1
2022-04-06 15:35:02.063,17482,17483,17482,1,-1
2022-04-06 15:35:02.316,17482,17483,17482,1,-1
2022-04-06 15:35:02.590,17482,17484,17482,1,-1
2022-04-06 15:35:02.687,17482,17484,17482,1,-1
2022-04-06 15:35:03.457,17482,17484,17482,4,-4
2022-04-06 15:35:03.457,17482,17484,17481,1,-1
2022-04-06 15:35:04.836,17482,17484,17483,1,1
2022-04-06 15:35:04.971,17482,17483,17482,1,-1
2022-04-06 15:35:04.995,17482,17483,17482,1,-1
2022-04-06 15:35:05.196,17481,17483,17481,3,-3
2022-04-06 15:35:05.209,17481,17483,17481,28,-28
2022-04-06 15:35:05.314,17481,17483,17481,1,-1
2022-04-06 15:35:06.059,17480,17482,17482,1,1
2022-04-06 15:35:06.974,17481,17482,17481,1,-1
2022-04-06 15:35:06.974,17481,17482,17480,2,-2
2022-04-06 15:35:07.066,17481,17482,17481,1,-1
2022-04-06 15:35:07.066,17481,17482,17481,1,-1
2022-04-06 15:35:07.810,17481,17482,17481,1,-1
2022-04-06 15:35:08.152,17480,17481,17480,5,-5
2022-04-06 15:35:08.411,17480,17481,17481,1,1
2022-04-06 15:35:09.626,17480,17481,17481,1,1
2022-04-06 15:35:09.838,17480,17481,17481,1,1
2022-04-06 15:35:12.612,17481,17482,17481,3,-3
2022-04-06 15:35:12.612,17481,17482,17480,2,-2
2022-04-06 15:35:14.447,17480,17481,17480,100,-100
2022-04-06 15:35:14.448,17480,17481,17480,9,-9
2022-04-06 15:35:14.448,17480,17481,17480,2,-2
2022-04-06 15:35:14.448,17480,17481,17480,1,-1
2022-04-06 15:35:14.448,17480,17481,17480,1,-1
2022-04-06 15:35:14.448,17480,17481,17480,1,-1
2022-04-06 15:35:14.448,17480,17481,17480,1,-1
2022-04-06 15:35:14.448,17480,17481,17480,1,-1
2022-04-06 15:35:14.448,17480,17481,17480,1,-1
2022-04-06 15:35:14.448,17480,17481,17480,2,-2
2022-04-06 15:35:14.448,17480,17481,17480,1,-1
2022-04-06 15:35:14.450,17480,17481,17479,1,-1
2022-04-06 15:35:14.450,17480,17481,17479,1,-1
2022-04-06 15:35:14.516,17479,17480,17479,1,-1
2022-04-06 15:35:14.887,17479,17481,17480,1,1
2022-04-06 15:35:15.012,17479,17481,17479,2,-2
2022-04-06 15:35:15.615,17479,17481,17479,1,-1
2022-04-06 15:35:15.616,17479,17481,17479,1,-1
2022-04-06 15:35:17.106,17479,17481,17479,1,-1
2022-04-06 15:35:17.566,17479,17481,17479,3,-3
2022-04-06 15:35:17.609,17479,17480,17480,1,1
2022-04-06 15:35:18.744,17479,17480,17479,2,-2
2022-04-06 15:35:18.808,17479,17480,17478,3,-3
2022-04-06 15:35:18.809,17479,17480,17478,2,-2
2022-04-06 15:35:18.809,17479,17480,17478,3,-3
2022-04-06 15:35:18.809,17479,17480,17478,1,-1
2022-04-06 15:35:18.829,17477,17478,17478,1,1
2022-04-06 15:35:18.846,17477,17478,17477,1,-1
2022-04-06 15:35:18.872,17477,17478,17477,1,-1
2022-04-06 15:35:18.951,17477,17478,17477,1,-1
2022-04-06 15:35:18.977,17477,17478,17477,1,-1
2022-04-06 15:35:18.978,17477,17478,17477,9,-9
2022-04-06 15:35:19.217,17477,17478,17477,1,-1
2022-04-06 15:35:19.430,17476,17478,17476,11,-11
2022-04-06 15:35:19.669,17475,17476,17475,2,-2
2022-04-06 15:35:19.709,17475,17476,17476,2,2
2022-04-06 15:35:19.795,17475,17476,17476,1,1
2022-04-06 15:35:19.836,17476,17478,17476,1,-1
2022-04-06 15:35:19.845,17476,17478,17476,6,-6
2022-04-06 15:35:19.845,17476,17478,17475,7,-7
2022-04-06 15:35:19.932,17476,17478,17475,1,-1
2022-04-06 15:35:19.967,17475,17478,17475,1,-1
2022-04-06 15:35:19.971,17475,17478,17475,2,-2
2022-04-06 15:35:20.055,17475,17478,17475,1,-1
2022-04-06 15:35:20.080,17475,17477,17475,1,-1
2022-04-06 15:35:21.948,17474,17475,17475,5,5
2022-04-06 15:35:22.332,17474,17475,17474,1,-1
2022-04-06 15:35:22.361,17474,17475,17475,12,12
2022-04-06 15:35:22.574,17475,17476,17475,1,-1
2022-04-06 15:35:23.000,17475,17476,17476,2,2
2022-04-06 15:35:23.082,17475,17477,17475,1,-1
2022-04-06 15:35:23.452,17475,17477,17475,1,-1
2022-04-06 15:35:23.535,17475,17477,17475,1,-1
2022-04-06 15:35:23.905,17474,17475,17474,9,-9
2022-04-06 15:35:24.414,17473,17475,17473,1,-1
2022-04-06 15:35:24.573,17473,17475,17473,5,-5
2022-04-06 15:35:24.594,17473,17475,17473,1,-1
2022-04-06 15:35:24.609,17473,17475,17473,1,-1
2022-04-06 15:35:25.013,17474,17476,17474,1,-1
2022-04-06 15:35:25.799,17474,17476,17475,1,1
2022-04-06 15:35:26.305,17475,17477,17475,1,-1
2022-04-06 15:35:26.694,17476,17477,17476,1,-1
2022-04-06 15:35:26.830,17476,17477,17476,1,-1
2022-04-06 15:35:26.927,17476,17477,17476,2,-2
2022-04-06 15:35:27.079,17475,17477,17475,1,-1
2022-04-06 15:35:27.253,17475,17477,17475,1,-1
2022-04-06 15:35:27.418,17475,17477,17475,1,-1
2022-04-06 15:35:27.482,17475,17477,17477,5,5
2022-04-06 15:35:27.741,17476,17478,17476,1,-1
2022-04-06 15:35:28.346,17476,17478,17476,1,-1
2022-04-06 15:35:28.439,17476,17478,17476,4,-4
2022-04-06 15:35:29.144,17476,17478,17476,1,-1
2022-04-06 15:35:31.848,17475,17477,17477,1,1
2022-04-06 15:35:33.389,17476,17477,17476,1,-1
2022-04-06 15:35:36.497,17476,17477,17477,2,2
2022-04-06 15:35:36.497,17476,17477,17478,3,3
2022-04-06 15:35:36.825,17477,17478,17477,5,-5
2022-04-06 15:35:38.195,17477,17478,17477,1,-1
2022-04-06 15:35:38.493,17476,17477,17477,2,2
2022-04-06 15:35:39.398,17476,17478,17478,1,1
2022-04-06 15:35:40.200,17477,17478,17477,1,-1
2022-04-06 15:35:41.257,17476,17477,17476,1,-1
2022-04-06 15:35:43.354,17476,17477,17477,1,1
2022-04-06 15:35:43.961,17476,17477,17476,1,-1
2022-04-06 15:35:44.373,17476,17477,17476,1,-1
2022-04-06 15:35:44.465,17476,17477,17476,2,-2
2022-04-06 15:35:44.657,17476,17477,17477,1,1
2022-04-06 15:35:45.012,17476,17477,17476,1,-1
2022-04-06 15:35:45.847,17476,17477,17476,1,-1
2022-04-06 15:35:46.920,17476,17477,17476,1,-1
2022-04-06 15:35:47.577,17476,17477,17476,1,-1
2022-04-06 15:35:48.761,17476,17477,17477,2,2
2022-04-06 15:35:49.670,17476,17477,17477,1,1
2022-04-06 15:35:51.397,17476,17477,17477,1,1
2022-04-06 15:35:51.478,17476,17477,17476,1,-1
2022-04-06 15:35:51.633,17476,17477,17476,9,-9
2022-04-06 15:35:51.634,17476,17477,17476,1,-1
2022-04-06 15:35:53.420,17475,17476,17476,1,1
2022-04-06 15:35:54.574,17475,17477,17477,1,1
2022-04-06 15:35:54.581,17476,17478,17477,1,1
2022-04-06 15:35:54.581,17476,17478,17477,1,1
2022-04-06 15:35:54.581,17476,17478,17477,1,1
2022-04-06 15:35:54.628,17476,17478,17478,5,5
2022-04-06 15:35:55.909,17477,17478,17477,1,-1
2022-04-06 15:35:56.109,17476,17478,17477,1,1
2022-04-06 15:35:56.897,17476,17477,17477,1,1
2022-04-06 15:35:56.897,17476,17477,17478,4,4
2022-04-06 15:35:56.898,17476,17477,17477,2,2
2022-04-06 15:36:00.430,17475,17477,17477,1,1
2022-04-06 15:36:00.575,17475,17477,17475,1,-1
2022-04-06 15:36:00.637,17475,17477,17476,1,1
2022-04-06 15:36:00.655,17475,17477,17476,1,1
2022-04-06 15:36:00.664,17475,17477,17475,1,-1
2022-04-06 15:36:00.823,17475,17477,17475,1,-1
2022-04-06 15:36:00.866,17475,17477,17475,1,-1
2022-04-06 15:36:00.881,17475,17477,17475,1,-1
2022-04-06 15:36:01.004,17475,17477,17475,1,-1
2022-04-06 15:36:01.030,17475,17477,17475,1,-1
2022-04-06 15:36:01.040,17475,17477,17475,1,-1
2022-04-06 15:36:01.058,17475,17477,17475,1,-1
2022-04-06 15:36:01.079,17475,17477,17475,1,-1
2022-04-06 15:36:01.228,17475,17477,17475,1,-1
2022-04-06 15:36:01.239,17475,17477,17475,1,-1
2022-04-06 15:36:01.241,17475,17477,17475,2,-2
2022-04-06 15:36:01.242,17475,17477,17475,1,-1
2022-04-06 15:36:01.438,17475,17477,17475,1,-1
2022-04-06 15:36:01.451,17475,17477,17475,1,-1
2022-04-06 15:36:01.452,17475,17477,17475,1,-1
2022-04-06 15:36:01.452,17475,17477,17474,1,-1
2022-04-06 15:36:01.457,17475,17477,17475,1,-1
2022-04-06 15:36:01.680,17475,17477,17475,1,-1
2022-04-06 15:36:01.686,17475,17477,17475,1,-1
2022-04-06 15:36:01.696,17475,17477,17475,1,-1
2022-04-06 15:36:01.893,17475,17477,17475,1,-1
2022-04-06 15:36:01.906,17475,17477,17475,1,-1
2022-04-06 15:36:01.920,17475,17477,17475,1,-1
2022-04-06 15:36:02.121,17475,17477,17475,1,-1
2022-04-06 15:36:02.126,17475,17477,17475,1,-1
2022-04-06 15:36:02.135,17475,17477,17475,1,-1
2022-04-06 15:36:02.319,17475,17477,17475,1,-1
2022-04-06 15:36:02.319,17475,17477,17474,1,-1
2022-04-06 15:36:02.328,17475,17477,17475,1,-1
2022-04-06 15:36:02.330,17475,17477,17475,1,-1
2022-04-06 15:36:02.347,17475,17477,17475,1,-1
2022-04-06 15:36:02.491,17475,17477,17475,2,-2
2022-04-06 15:36:02.500,17475,17477,17475,1,-1
2022-04-06 15:36:02.525,17475,17477,17475,1,-1
2022-04-06 15:36:02.541,17475,17477,17475,1,-1
2022-04-06 15:36:02.751,17475,17476,17475,1,-1
2022-04-06 15:36:02.757,17475,17476,17474,1,-1
2022-04-06 15:36:02.769,17475,17476,17474,1,-1
2022-04-06 15:36:02.915,17474,17476,17474,1,-1
2022-04-06 15:36:02.921,17474,17476,17474,1,-1
2022-04-06 15:36:02.933,17474,17476,17474,1,-1
2022-04-06 15:36:03.083,17474,17476,17474,1,-1
2022-04-06 15:36:03.107,17474,17476,17474,1,-1
2022-04-06 15:36:03.115,17474,17476,17474,1,-1
2022-04-06 15:36:03.298,17474,17476,17475,2,2
2022-04-06 15:36:03.312,17474,17476,17474,1,-1
2022-04-06 15:36:03.317,17474,17476,17474,1,-1
2022-04-06 15:36:03.325,17474,17476,17474,1,-1
2022-04-06 15:36:03.486,17474,17476,17474,2,-2
2022-04-06 15:36:03.535,17474,17476,17474,1,-1
2022-04-06 15:36:03.541,17474,17476,17474,1,-1
2022-04-06 15:36:03.547,17474,17476,17475,1,1
2022-04-06 15:36:03.754,17475,17476,17475,1,-1
2022-04-06 15:36:03.759,17475,17476,17475,1,-1
2022-04-06 15:36:03.775,17475,17476,17474,1,-1
2022-04-06 15:36:03.967,17474,17476,17474,1,-1
2022-04-06 15:36:03.974,17474,17476,17474,1,-1
2022-04-06 15:36:03.979,17474,17476,17474,1,-1
2022-04-06 15:36:03.981,17474,17476,17475,1,1
2022-04-06 15:36:04.196,17474,17476,17474,1,-1
2022-04-06 15:36:04.211,17474,17476,17474,1,-1
2022-04-06 15:36:04.212,17474,17476,17473,1,-1
2022-04-06 15:36:04.441,17474,17476,17474,1,-1
2022-04-06 15:36:04.441,17474,17476,17474,1,-1
2022-04-06 15:36:04.455,17474,17475,17474,1,-1
2022-04-06 15:36:04.602,17474,17476,17474,1,-1
2022-04-06 15:36:04.615,17474,17476,17473,1,-1
2022-04-06 15:36:04.619,17474,17476,17473,1,-1
2022-04-06 15:36:04.855,17473,17475,17473,1,-1
2022-04-06 15:36:04.856,17473,17475,17473,1,-1
2022-04-06 15:36:04.876,17473,17475,17473,1,-1
2022-04-06 15:36:05.050,17473,17475,17473,1,-1
2022-04-06 15:36:05.062,17473,17475,17473,1,-1
2022-04-06 15:36:05.062,17473,17475,17473,1,-1
2022-04-06 15:36:05.340,17473,17475,17473,1,-1
2022-04-06 15:36:05.364,17473,17475,17473,1,-1
2022-04-06 15:36:05.374,17473,17475,17473,1,-1
2022-04-06 15:36:05.564,17472,17474,17472,1,-1
2022-04-06 15:36:05.576,17472,17474,17472,1,-1
2022-04-06 15:36:05.583,17472,17474,17472,1,-1
2022-04-06 15:36:05.687,17472,17474,17472,1,-1
2022-04-06 15:36:05.701,17472,17474,17472,1,-1
2022-04-06 15:36:05.712,17472,17474,17472,5,-5
2022-04-06 15:36:05.804,17472,17474,17472,1,-1
2022-04-06 15:36:05.811,17472,17474,17472,1,-1
2022-04-06 15:36:05.811,17472,17474,17473,1,1
2022-04-06 15:36:05.819,17472,17474,17472,1,-1
2022-04-06 15:36:05.895,17472,17474,17474,1,1
2022-04-06 15:36:06.061,17472,17474,17473,1,1
2022-04-06 15:36:06.072,17472,17474,17473,1,1
2022-04-06 15:36:06.077,17473,17475,17473,1,-1
2022-04-06 15:36:07.841,17474,17476,17474,1,-1
2022-04-06 15:36:07.955,17474,17476,17474,1,-1
2022-04-06 15:36:07.955,17474,17476,17473,1,-1
2022-04-06 15:36:07.981,17474,17476,17475,1,1
2022-04-06 15:36:08.263,17474,17476,17474,2,-2
2022-04-06 15:36:08.572,17474,17476,17476,5,5
2022-04-06 15:36:10.712,17475,17476,17475,1,-1
2022-04-06 15:36:11.821,17473,17476,17476,2,2
2022-04-06 15:36:12.552,17474,17477,17475,1,-1
2022-04-06 15:36:12.554,17474,17477,17476,1,1
2022-04-06 15:36:15.160,17474,17476,17476,1,1
2022-04-06 15:36:15.160,17474,17476,17476,3,3
2022-04-06 15:36:15.715,17475,17476,17476,1,1
2022-04-06 15:36:16.592,17475,17476,17476,1,1
2022-04-06 15:36:16.592,17475,17476,17476,1,1
2022-04-06 15:36:16.728,17476,17477,17477,2,2
2022-04-06 15:36:17.112,17476,17477,17477,3,3
2022-04-06 15:36:17.112,17476,17477,17478,2,2
2022-04-06 15:36:17.201,17476,17477,17478,1,1
2022-04-06 15:36:17.205,17476,17478,17476,1,-1
2022-04-06 15:36:17.383,17476,17478,17476,3,-3
2022-04-06 15:36:17.567,17475,17477,17477,1,1
2022-04-06 15:36:17.820,17476,17478,17478,1,1
2022-04-06 15:36:19.808,17476,17478,17478,2,2
2022-04-06 15:36:20.130,17477,17479,17477,1,-1
2022-04-06 15:36:21.993,17478,17479,17479,2,2
2022-04-06 15:36:21.993,17478,17479,17480,3,3
2022-04-06 15:36:22.684,17479,17480,17479,2,-2
2022-04-06 15:36:23.559,17478,17479,17478,2,-2
2022-04-06 15:36:23.695,17477,17479,17479,5,5
2022-04-06 15:36:26.605,17477,17478,17478,6,6
2022-04-06 15:36:27.889,17478,17479,17478,6,-6
2022-04-06 15:36:31.002,17477,17478,17477,1,-1
2022-04-06 15:36:31.335,17477,17478,17478,1,1
2022-04-06 15:36:33.470,17477,17478,17478,1,1
2022-04-06 15:36:33.550,17477,17478,17477,1,-1
2022-04-06 15:36:36.629,17476,17478,17476,1,-1
2022-04-06 15:36:38.595,17476,17478,17478,1,1
2022-04-06 15:36:38.917,17476,17478,17476,1,-1
2022-04-06 15:36:39.138,17476,17478,17476,2,-2
2022-04-06 15:36:43.417,17475,17476,17475,1,-1
2022-04-06 15:36:43.418,17475,17476,17475,3,-3
2022-04-06 15:36:44.190,17474,17475,17474,1,-1
2022-04-06 15:36:45.605,17473,17475,17474,1,1
2022-04-06 15:36:47.779,17474,17476,17475,1,1
2022-04-06 15:36:48.438,17474,17475,17474,2,-2
2022-04-06 15:36:49.570,17474,17476,17475,1,1
2022-04-06 15:36:49.570,17474,17476,17474,1,-1
2022-04-06 15:36:52.542,17474,17476,17474,1,-1
2022-04-06 15:36:52.993,17474,17476,17474,1,-1
2022-04-06 15:36:52.995,17474,17476,17475,3,3
2022-04-06 15:36:55.283,17474,17476,17475,2,2
2022-04-06 15:36:55.283,17474,17476,17475,3,3
2022-04-06 15:36:57.165,17475,17476,17475,1,-1
2022-04-06 15:36:58.529,17474,17476,17476,3,3
2022-04-06 15:37:00.452,17474,17476,17474,2,-2
2022-04-06 15:37:01.399,17475,17476,17475,1,-1
2022-04-06 15:37:01.399,17475,17476,17474,1,-1
2022-04-06 15:37:01.455,17474,17476,17474,1,-1
2022-04-06 15:37:01.455,17474,17476,17474,1,-1
2022-04-06 15:37:01.457,17474,17476,17474,1,-1
2022-04-06 15:37:03.905,17475,17476,17476,1,1
2022-04-06 15:37:04.223,17474,17477,17475,1,-1
2022-04-06 15:37:06.773,17475,17477,17475,1,-1
2022-04-06 15:37:06.773,17475,17477,17474,4,-4
2022-04-06 15:37:09.484,17475,17476,17475,1,-1
2022-04-06 15:37:09.580,17474,17476,17474,1,-1
2022-04-06 15:37:10.203,17474,17475,17475,1,1
2022-04-06 15:37:12.085,17473,17475,17475,5,5
2022-04-06 15:37:13.913,17473,17475,17475,1,1
2022-04-06 15:37:16.872,17473,17474,17474,1,1
2022-04-06 15:37:17.817,17473,17475,17473,13,-13
2022-04-06 15:37:17.830,17472,17473,17472,1,-1
2022-04-06 15:37:17.830,17472,17473,17471,1,-1
2022-04-06 15:37:17.830,17472,17473,17471,1,-1
2022-04-06 15:37:17.830,17472,17473,17471,1,-1
2022-04-06 15:37:17.831,17472,17473,17472,1,-1
2022-04-06 15:37:19.678,17472,17474,17474,1,1
2022-04-06 15:37:21.798,17473,17474,17473,1,-1
2022-04-06 15:37:24.327,17473,17474,17473,1,-1
2022-04-06 15:37:24.327,17473,17474,17472,3,-3
2022-04-06 15:37:30.747,17472,17473,17473,1,1
2022-04-06 15:37:30.747,17472,17473,17474,6,6
2022-04-06 15:37:30.856,17472,17474,17473,1,1
2022-04-06 15:37:32.146,17472,17474,17472,4,-4
2022-04-06 15:37:32.205,17472,17474,17472,1,-1
2022-04-06 15:37:32.205,17472,17474,17471,1,-1
2022-04-06 15:37:32.205,17472,17474,17471,1,-1
2022-04-06 15:37:33.039,17472,17473,17473,1,1
2022-04-06 15:37:34.904,17472,17474,17474,1,1
2022-04-06 15:37:36.008,17473,17475,17473,1,-1
2022-04-06 15:37:37.337,17473,17474,17473,2,-2
2022-04-06 15:37:37.454,17472,17474,17472,1,-1
2022-04-06 15:37:39.460,17472,17474,17474,1,1
2022-04-06 15:37:41.293,17473,17474,17474,7,7
2022-04-06 15:37:41.294,17473,17474,17474,1,1
2022-04-06 15:37:42.945,17474,17475,17474,4,-4
2022-04-06 15:37:50.505,17474,17475,17475,1,1
2022-04-06 15:37:52.573,17474,17475,17475,1,1
2022-04-06 15:37:53.935,17474,17475,17475,2,2
2022-04-06 15:37:53.935,17474,17475,17475,1,1
2022-04-06 15:37:53.935,17474,17475,17475,3,3
2022-04-06 15:37:53.935,17474,17475,17475,1,1
2022-04-06 15:37:53.935,17474,17475,17475,1,1
2022-04-06 15:37:53.936,17474,17475,17475,12,12
2022-04-06 15:37:54.560,17475,17476,17476,1,1
2022-04-06 15:37:55.558,17475,17476,17476,1,1
2022-04-06 15:37:58.725,17475,17476,17476,1,1
2022-04-06 15:37:59.445,17475,17476,17476,1,1
2022-04-06 15:37:59.647,17475,17476,17476,1,1
2022-04-06 15:37:59.647,17475,17476,17476,2,2
2022-04-06 15:37:59.647,17475,17476,17476,2,2
2022-04-06 15:38:01.379,17475,17477,17477,1,1
2022-04-06 15:38:01.463,17475,17477,17475,2,-2
2022-04-06 15:38:01.463,17475,17477,17475,1,-1
2022-04-06 15:38:02.038,17475,17477,17476,5,5
2022-04-06 15:38:03.901,17475,17476,17475,1,-1
2022-04-06 15:38:03.914,17475,17476,17475,1,-1
2022-04-06 15:38:03.918,17475,17476,17475,1,-1
2022-04-06 15:38:04.135,17474,17476,17474,1,-1
2022-04-06 15:38:04.157,17474,17476,17474,1,-1
2022-04-06 15:38:04.168,17474,17476,17474,1,-1
2022-04-06 15:38:04.330,17474,17476,17474,1,-1
2022-04-06 15:38:04.336,17474,17476,17474,1,-1
2022-04-06 15:38:04.355,17474,17476,17474,1,-1
2022-04-06 15:38:04.549,17474,17476,17474,1,-1
2022-04-06 15:38:04.555,17474,17476,17474,1,-1
2022-04-06 15:38:04.586,17474,17476,17474,1,-1
2022-04-06 15:38:08.569,17474,17475,17475,1,1
2022-04-06 15:38:08.569,17474,17475,17476,1,1
2022-04-06 15:38:08.578,17474,17476,17474,1,-1
2022-04-06 15:38:12.116,17474,17475,17474,1,-1
2022-04-06 15:38:12.247,17474,17475,17474,11,-11
2022-04-06 15:38:15.300,17474,17475,17474,1,-1
2022-04-06 15:38:16.531,17473,17475,17474,1,1
2022-04-06 15:38:18.734,17474,17475,17474,2,-2
2022-04-06 15:38:18.829,17473,17475,17473,1,-1
2022-04-06 15:38:18.830,17473,17475,17473,1,-1
2022-04-06 15:38:18.830,17473,17475,17473,1,-1
2022-04-06 15:38:19.067,17473,17474,17475,7,7
2022-04-06 15:38:24.918,17474,17475,17475,2,2
2022-04-06 15:38:27.298,17474,17476,17475,1,1
2022-04-06 15:38:30.581,17473,17475,17475,10,10
2022-04-06 15:38:30.706,17474,17475,17474,1,-1
2022-04-06 15:38:30.706,17474,17475,17473,1,-1
2022-04-06 15:38:32.950,17473,17474,17474,1,1
2022-04-06 15:38:36.103,17473,17474,17473,2,-2
2022-04-06 15:38:36.104,17473,17474,17473,1,-1
2022-04-06 15:38:36.104,17473,17474,17473,4,-4
2022-04-06 15:38:36.104,17473,17474,17473,1,-1
2022-04-06 15:38:36.104,17473,17474,17473,1,-1
2022-04-06 15:38:36.162,17473,17474,17472,1,-1
2022-04-06 15:38:36.379,17472,17473,17472,2,-2
2022-04-06 15:38:38.427,17472,17474,17472,13,-13
2022-04-06 15:38:38.428,17472,17474,17472,1,-1
2022-04-06 15:38:38.428,17472,17474,17472,3,-3
2022-04-06 15:38:38.448,17472,17474,17471,1,-1
2022-04-06 15:38:38.470,17471,17472,17471,1,-1
2022-04-06 15:38:38.471,17471,17472,17471,1,-1
2022-04-06 15:38:39.026,17471,17472,17471,2,-2
2022-04-06 15:38:39.026,17471,17472,17471,2,-2
2022-04-06 15:38:39.588,17470,17471,17471,2,2
2022-04-06 15:38:44.441,17470,17471,17470,1,-1
2022-04-06 15:38:44.486,17470,17471,17470,19,-19
2022-04-06 15:38:44.486,17470,17471,17469,4,-4
2022-04-06 15:38:44.500,17470,17471,17471,1,1
2022-04-06 15:38:44.607,17469,17471,17471,1,1
2022-04-06 15:38:44.644,17469,17471,17469,1,-1
2022-04-06 15:38:44.752,17469,17471,17469,1,-1
2022-04-06 15:38:44.753,17469,17471,17470,2,2
2022-04-06 15:38:45.240,17470,17471,17470,1,-1
2022-04-06 15:38:45.535,17470,17471,17470,1,-1
2022-04-06 15:38:46.657,17470,17471,17471,2,2
2022-04-06 15:38:46.742,17471,17472,17471,2,-2
2022-04-06 15:38:47.019,17470,17472,17471,1,1
2022-04-06 15:38:47.351,17470,17472,17470,4,-4
2022-04-06 15:38:48.168,17469,17470,17469,1,-1
2022-04-06 15:38:48.725,17469,17470,17469,4,-4
2022-04-06 15:38:49.088,17469,17470,17470,4,4
2022-04-06 15:38:49.088,17469,17470,17471,1,1
2022-04-06 15:38:49.297,17469,17470,17470,1,1
2022-04-06 15:38:50.426,17470,17471,17470,2,-2
2022-04-06 15:38:50.427,17470,17471,17470,2,-2
2022-04-06 15:38:50.663,17470,17471,17470,1,-1
2022-04-06 15:38:51.484,17470,17471,17470,2,-2
2022-04-06 15:38:51.485,17470,17471,17470,2,-2
2022-04-06 15:38:53.765,17469,17470,17469,4,-4
2022-04-06 15:38:54.701,17469,17470,17469,1,-1
2022-04-06 15:38:56.001,17469,17470,17469,1,-1
2022-04-06 15:38:56.001,17469,17470,17469,2,-2
2022-04-06 15:38:56.001,17469,17470,17469,2,-2
2022-04-06 15:38:56.002,17469,17470,17468,3,-3
2022-04-06 15:38:56.155,17468,17470,17468,1,-1
2022-04-06 15:38:56.156,17468,17470,17468,1,-1
2022-04-06 15:38:57.368,17468,17470,17469,1,1
2022-04-06 15:38:58.039,17468,17470,17469,1,1
2022-04-06 15:38:58.678,17468,17469,17469,1,1
2022-04-06 15:39:02.214,17468,17470,17470,1,1
2022-04-06 15:39:03.039,17468,17470,17469,1,1
2022-04-06 15:39:03.040,17468,17470,17468,1,-1
2022-04-06 15:39:03.041,17468,17470,17468,3,-3
2022-04-06 15:39:03.079,17468,17469,17468,1,-1
2022-04-06 15:39:03.079,17468,17469,17468,15,-15
2022-04-06 15:39:03.345,17467,17468,17467,1,-1
2022-04-06 15:39:03.383,17467,17468,17467,1,-1
2022-04-06 15:39:03.487,17467,17468,17467,2,-2
2022-04-06 15:39:03.713,17467,17468,17467,1,-1
2022-04-06 15:39:03.764,17467,17468,17467,3,-3
2022-04-06 15:39:03.984,17466,17468,17466,1,-1
2022-04-06 15:39:04.155,17466,17468,17466,1,-1
2022-04-06 15:39:04.178,17466,17468,17466,1,-1
2022-04-06 15:39:04.200,17466,17468,17466,5,-5
2022-04-06 15:39:04.210,17466,17468,17466,1,-1
2022-04-06 15:39:04.249,17466,17468,17466,1,-1
2022-04-06 15:39:04.303,17466,17468,17468,1,1
2022-04-06 15:39:04.303,17466,17468,17469,1,1
2022-04-06 15:39:07.860,17469,17470,17469,1,-1
2022-04-06 15:39:07.955,17469,17470,17470,14,14
2022-04-06 15:39:07.956,17469,17470,17470,3,3
2022-04-06 15:39:08.289,17470,17471,17471,3,3
2022-04-06 15:39:08.310,17470,17471,17470,1,-1
2022-04-06 15:39:08.330,17470,17472,17470,1,-1
2022-04-06 15:39:10.671,17471,17472,17472,1,1
2022-04-06 15:39:12.131,17471,17473,17471,1,-1
2022-04-06 15:39:13.291,17471,17472,17472,1,1
2022-04-06 15:39:13.430,17471,17473,17473,1,1
2022-04-06 15:39:13.475,17471,17473,17471,1,-1
2022-04-06 15:39:15.645,17472,17473,17472,1,-1
2022-04-06 15:39:16.346,17471,17472,17471,1,-1
2022-04-06 15:39:16.346,17471,17472,17470,2,-2
2022-04-06 15:39:16.346,17471,17472,17470,2,-2
2022-04-06 15:39:17.086,17470,17471,17471,1,1
2022-04-06 15:39:17.204,17470,17471,17470,1,-1
2022-04-06 15:39:17.204,17470,17471,17470,1,-1
2022-04-06 15:39:17.204,17470,17471,17469,1,-1
2022-04-06 15:39:17.205,17470,17471,17469,1,-1
2022-04-06 15:39:19.918,17469,17470,17469,1,-1
2022-04-06 15:39:20.112,17469,17470,17469,1,-1
2022-04-06 15:39:20.930,17469,17470,17469,2,-2
2022-04-06 15:39:20.930,17469,17470,17468,1,-1
2022-04-06 15:39:21.222,17468,17469,17469,1,1
2022-04-06 15:39:26.205,17470,17471,17470,1,-1
2022-04-06 15:39:27.446,17469,17470,17470,1,1
2022-04-06 15:39:27.454,17469,17470,17469,1,-1
2022-04-06 15:39:27.454,17469,17470,17468,1,-1
2022-04-06 15:39:27.724,17468,17470,17468,1,-1
2022-04-06 15:39:27.785,17468,17470,17468,1,-1
2022-04-06 15:39:27.858,17468,17470,17468,2,-2
2022-04-06 15:39:27.860,17468,17470,17469,2,2
2022-04-06 15:39:30.571,17469,17470,17470,1,1
2022-04-06 15:39:32.182,17469,17470,17470,2,2
2022-04-06 15:39:32.182,17469,17470,17470,2,2
2022-04-06 15:39:33.360,17470,17472,17470,1,-1
2022-04-06 15:39:33.940,17470,17472,17470,1,-1
2022-04-06 15:39:35.635,17471,17472,17472,1,1
2022-04-06 15:39:36.210,17470,17472,17472,2,2
2022-04-06 15:39:36.405,17470,17472,17470,1,-1
2022-04-06 15:39:36.506,17470,17472,17470,5,-5
2022-04-06 15:39:39.749,17470,17472,17470,1,-1
2022-04-06 15:39:40.515,17470,17472,17471,1,1
2022-04-06 15:39:42.071,17470,17471,17471,1,1
2022-04-06 15:39:43.124,17470,17472,17472,1,1
2022-04-06 15:39:46.631,17471,17472,17472,2,2
2022-04-06 15:39:50.147,17471,17472,17471,2,-2
2022-04-06 15:39:50.148,17471,17472,17470,2,-2
2022-04-06 15:39:53.006,17470,17472,17470,4,-4
2022-04-06 15:40:01.356,17470,17472,17470,5,-5
2022-04-06 15:40:01.693,17470,17471,17470,1,-1
2022-04-06 15:40:01.711,17470,17471,17471,1,1
2022-04-06 15:40:01.734,17470,17471,17470,1,-1
2022-04-06 15:40:01.734,17470,17471,17470,1,-1
2022-04-06 15:40:01.734,17470,17471,17470,3,-3
2022-04-06 15:40:01.759,17470,17471,17469,1,-1
2022-04-06 15:40:01.788,17470,17471,17469,1,-1
2022-04-06 15:40:01.798,17470,17471,17470,1,-1
2022-04-06 15:40:01.799,17470,17471,17470,2,-2
2022-04-06 15:40:01.809,17470,17471,17469,1,-1
2022-04-06 15:40:01.971,17469,17470,17469,1,-1
2022-04-06 15:40:02.001,17469,17470,17468,1,-1
2022-04-06 15:40:02.086,17468,17470,17468,1,-1
2022-04-06 15:40:02.195,17468,17470,17468,1,-1
2022-04-06 15:40:02.280,17468,17470,17468,1,-1
2022-04-06 15:40:02.289,17468,17470,17468,1,-1
2022-04-06 15:40:02.381,17468,17470,17468,1,-1
2022-04-06 15:40:02.566,17468,17470,17468,1,-1
2022-04-06 15:40:03.925,17468,17470,17470,1,1
2022-04-06 15:40:05.518,17469,17471,17470,1,1
2022-04-06 15:40:07.554,17469,17471,17471,4,4
2022-04-06 15:40:10.505,17470,17471,17471,1,1
2022-04-06 15:40:10.506,17470,17471,17471,1,1
2022-04-06 15:40:10.961,17470,17472,17470,7,-7
2022-04-06 15:40:10.961,17470,17472,17470,2,-2
2022-04-06 15:40:10.961,17470,17472,17470,1,-1
2022-04-06 15:40:11.123,17470,17472,17470,4,-4
2022-04-06 15:40:11.262,17470,17472,17470,1,-1
2022-04-06 15:40:16.296,17470,17471,17471,1,1
2022-04-06 15:40:18.985,17471,17472,17472,1,1
2022-04-06 15:40:18.985,17471,17472,17472,4,4
2022-04-06 15:40:20.532,17471,17472,17472,1,1
2022-04-06 15:40:21.403,17471,17472,17472,1,1
2022-04-06 15:40:22.071,17472,17473,17472,1,-1
2022-04-06 15:40:23.362,17471,17473,17473,2,2
2022-04-06 15:40:26.404,17471,17472,17472,2,2
2022-04-06 15:40:27.389,17471,17473,17471,2,-2
2022-04-06 15:40:36.276,17470,17471,17471,1,1
2022-04-06 15:40:45.821,17470,17471,17471,1,1
2022-04-06 15:40:51.371,17470,17472,17472,2,2
2022-04-06 15:40:54.871,17470,17471,17471,1,1
2022-04-06 15:40:58.108,17470,17472,17471,1,1
2022-04-06 15:40:58.108,17470,17472,17471,1,1
2022-04-06 15:40:59.954,17471,17472,17471,1,-1
2022-04-06 15:41:05.619,17470,17472,17470,4,-4
2022-04-06 15:41:05.690,17470,17472,17469,1,-1
2022-04-06 15:41:05.932,17469,17470,17469,2,-2
2022-04-06 15:41:06.530,17469,17470,17470,2,2
2022-04-06 15:41:06.768,17469,17470,17469,9,-9
2022-04-06 15:41:07.797,17468,17469,17468,6,-6
2022-04-06 15:41:09.846,17468,17469,17469,2,2
2022-04-06 15:41:11.621,17468,17470,17469,1,1
2022-04-06 15:41:15.245,17469,17470,17470,1,1
2022-04-06 15:41:16.318,17469,17471,17471,1,1
2022-04-06 15:41:16.536,17469,17471,17471,1,1
2022-04-06 15:41:17.827,17469,17470,17470,2,2
2022-04-06 15:41:26.710,17471,17472,17471,1,-1
2022-04-06 15:41:26.851,17470,17472,17471,1,1
2022-04-06 15:41:27.129,17470,17472,17470,1,-1
2022-04-06 15:41:34.874,17471,17472,17472,4,4
2022-04-06 15:41:39.111,17472,17473,17473,1,1
2022-04-06 15:41:39.111,17472,17473,17473,1,1
2022-04-06 15:41:39.111,17472,17473,17473,1,1
2022-04-06 15:41:46.167,17473,17474,17473,2,-2
2022-04-06 15:41:52.510,17473,17474,17474,3,3
2022-04-06 15:41:52.510,17473,17474,17475,1,1
2022-04-06 15:41:53.350,17473,17475,17473,1,-1
2022-04-06 15:41:55.350,17474,17475,17475,5,5
2022-04-06 15:41:56.434,17474,17475,17474,1,-1
2022-04-06 15:42:12.709,17474,17475,17475,1,1
2022-04-06 15:42:14.072,17474,17476,17476,1,1
2022-04-06 15:42:14.193,17475,17476,17476,1,1
2022-04-06 15:42:15.839,17474,17476,17476,5,5
2022-04-06 15:42:18.746,17474,17475,17475,2,2
2022-04-06 15:42:18.747,17474,17475,17475,3,3
2022-04-06 15:42:19.451,17474,17475,17475,1,1
2022-04-06 15:42:19.773,17474,17475,17475,1,1
2022-04-06 15:42:19.773,17474,17475,17475,1,1
2022-04-06 15:42:23.912,17474,17475,17474,3,-3
2022-04-06 15:42:30.825,17473,17474,17473,3,-3
2022-04-06 15:42:30.825,17473,17474,17473,6,-6
2022-04-06 15:42:36.962,17472,17473,17472,2,-2
2022-04-06 15:42:37.831,17472,17473,17472,1,-1
2022-04-06 15:42:38.179,17471,17472,17472,1,1
2022-04-06 15:42:40.807,17471,17473,17471,4,-4
2022-04-06 15:42:40.807,17471,17473,17471,1,-1
2022-04-06 15:42:41.010,17471,17473,17471,1,-1
2022-04-06 15:42:41.010,17471,17473,17470,3,-3
2022-04-06 15:42:46.197,17471,17472,17472,2,2
2022-04-06 15:42:46.197,17471,17472,17473,8,8
2022-04-06 15:42:49.345,17471,17473,17471,1,-1
2022-04-06 15:42:51.498,17471,17473,17473,9,9
2022-04-06 15:42:51.499,17471,17473,17473,1,1
2022-04-06 15:42:54.981,17472,17473,17472,1,-1
2022-04-06 15:42:56.801,17471,17472,17472,2,2
2022-04-06 15:42:56.801,17471,17472,17473,8,8
2022-04-06 15:42:56.882,17472,17473,17472,1,-1
2022-04-06 15:42:58.065,17471,17473,17473,1,1
2022-04-06 15:43:02.104,17471,17472,17472,4,4
2022-04-06 15:43:02.104,17471,17472,17473,6,6
2022-04-06 15:43:03.016,17471,17472,17471,9,-9
2022-04-06 15:43:03.901,17470,17471,17471,1,1
2022-04-06 15:43:07.362,17471,17472,17471,1,-1
2022-04-06 15:43:07.405,17471,17472,17472,6,6
2022-04-06 15:43:09.027,17471,17472,17472,1,1
2022-04-06 15:43:09.028,17471,17472,17472,3,3
2022-04-06 15:43:10.348,17472,17473,17472,1,-1
2022-04-06 15:43:10.362,17472,17473,17471,1,-1
2022-04-06 15:43:11.126,17471,17472,17472,1,1
2022-04-06 15:43:16.266,17471,17472,17471,1,-1
2022-04-06 15:43:17.767,17470,17472,17470,3,-3
2022-04-06 15:43:17.767,17470,17472,17470,3,-3
2022-04-06 15:43:17.767,17470,17472,17470,3,-3
2022-04-06 15:43:17.767,17470,17472,17470,2,-2
2022-04-06 15:43:17.767,17470,17472,17470,1,-1
2022-04-06 15:43:19.517,17469,17470,17470,2,2
2022-04-06 15:43:20.082,17469,17470,17469,3,-3
2022-04-06 15:43:21.403,17468,17469,17469,1,1
2022-04-06 15:43:23.343,17468,17469,17468,8,-8
2022-04-06 15:43:23.343,17468,17469,17468,1,-1
2022-04-06 15:43:23.344,17468,17469,17468,2,-2
2022-04-06 15:43:23.344,17468,17469,17468,1,-1
2022-04-06 15:43:23.344,17468,17469,17468,1,-1
2022-04-06 15:43:23.344,17468,17469,17468,1,-1
2022-04-06 15:43:24.220,17467,17468,17467,2,-2
2022-04-06 15:43:26.939,17467,17468,17467,2,-2
2022-04-06 15:43:27.318,17467,17468,17467,1,-1
2022-04-06 15:43:31.924,17467,17468,17468,1,1
2022-04-06 15:43:32.853,17467,17468,17467,6,-6
2022-04-06 15:43:32.853,17467,17468,17467,2,-2
2022-04-06 15:43:32.918,17467,17468,17467,1,-1
2022-04-06 15:43:33.378,17467,17468,17467,2,-2
2022-04-06 15:43:33.533,17467,17468,17468,1,1
2022-04-06 15:43:34.853,17467,17468,17467,1,-1
2022-04-06 15:43:35.042,17466,17467,17467,1,1
2022-04-06 15:43:36.613,17466,17467,17467,2,2
