2022-07-26 15:00:00.040,14701,14703,14699,50,-50
2022-07-26 15:00:00.041,14698,14699,14699,6,6
2022-07-26 15:00:00.104,14698,14700,14698,3,-3
2022-07-26 15:00:00.155,14698,14700,14700,1,1
2022-07-26 15:00:00.158,14698,14700,14700,1,1
2022-07-26 15:00:00.158,14698,14700,14700,1,1
2022-07-26 15:00:00.158,14698,14700,14700,1,1
2022-07-26 15:00:00.262,14699,14700,14700,1,1
2022-07-26 15:00:00.339,14699,14700,14700,1,1
2022-07-26 15:00:00.362,14699,14700,14699,1,-1
2022-07-26 15:00:00.450,14699,14700,14699,1,-1
2022-07-26 15:00:00.468,14699,14700,14699,1,-1
2022-07-26 15:00:00.483,14699,14700,14699,1,-1
2022-07-26 15:00:00.488,14699,14700,14698,1,-1
2022-07-26 15:00:00.523,14699,14700,14698,1,-1
2022-07-26 15:00:00.547,14699,14700,14700,1,1
2022-07-26 15:00:00.607,14698,14700,14700,2,2
2022-07-26 15:00:00.677,14698,14700,14700,1,1
2022-07-26 15:00:00.802,14698,14700,14700,2,2
2022-07-26 15:00:01.003,14699,14700,14700,1,1
2022-07-26 15:00:01.025,14699,14700,14701,1,1
2022-07-26 15:00:01.071,14699,14700,14700,1,1
2022-07-26 15:00:01.496,14699,14700,14700,1,1
2022-07-26 15:00:01.900,14699,14701,14701,2,2
2022-07-26 15:00:01.927,14699,14701,14701,2,2
2022-07-26 15:00:01.927,14699,14701,14702,4,4
2022-07-26 15:00:02.199,14699,14702,14702,4,4
2022-07-26 15:00:02.199,14699,14702,14703,6,6
2022-07-26 15:00:02.436,14701,14703,14701,1,-1
2022-07-26 15:00:02.711,14701,14703,14703,1,1
2022-07-26 15:00:03.178,14700,14702,14702,1,1
2022-07-26 15:00:03.178,14700,14702,14702,1,1
2022-07-26 15:00:03.610,14702,14704,14702,1,-1
2022-07-26 15:00:03.970,14701,14703,14700,3,-3
2022-07-26 15:00:04.063,14701,14703,14700,2,-2
2022-07-26 15:00:04.063,14701,14703,14699,7,-7
2022-07-26 15:00:04.317,14699,14700,14700,8,8
2022-07-26 15:00:04.317,14699,14700,14700,1,1
2022-07-26 15:00:04.320,14699,14700,14700,1,1
2022-07-26 15:00:04.320,14699,14700,14700,1,1
2022-07-26 15:00:04.400,14699,14701,14700,1,1
2022-07-26 15:00:04.481,14699,14701,14699,5,-5
2022-07-26 15:00:04.571,14699,14701,14699,1,-1
2022-07-26 15:00:04.571,14699,14701,14700,1,-1
2022-07-26 15:00:04.571,14699,14701,14701,5,5
2022-07-26 15:00:04.571,14699,14701,14701,1,1
2022-07-26 15:00:04.573,14699,14701,14700,1,1
2022-07-26 15:00:05.431,14699,14700,14700,1,1
2022-07-26 15:00:05.962,14701,14702,14701,1,-1
2022-07-26 15:00:06.145,14700,14702,14702,1,1
2022-07-26 15:00:06.797,14701,14702,14701,1,-1
2022-07-26 15:00:06.917,14700,14702,14700,1,-1
2022-07-26 15:00:07.032,14700,14702,14702,1,1
2022-07-26 15:00:08.882,14703,14704,14704,3,3
2022-07-26 15:00:08.973,14704,14705,14704,1,-1
2022-07-26 15:00:08.973,14704,14705,14704,1,-1
2022-07-26 15:00:09.874,14704,14705,14705,2,2
2022-07-26 15:00:09.874,14704,14705,14705,2,2
2022-07-26 15:00:09.874,14704,14705,14705,4,4
2022-07-26 15:00:09.874,14704,14705,14705,1,1
2022-07-26 15:00:09.885,14704,14705,14706,3,3
2022-07-26 15:00:09.885,14704,14705,14707,4,4
2022-07-26 15:00:10.886,14704,14707,14707,6,6
2022-07-26 15:00:10.906,14704,14707,14708,6,6
2022-07-26 15:00:10.965,14707,14709,14707,1,-1
2022-07-26 15:00:10.965,14707,14709,14706,1,-1
2022-07-26 15:00:11.694,14706,14708,14706,1,-1
2022-07-26 15:00:11.694,14706,14708,14705,2,-2
2022-07-26 15:00:11.799,14705,14707,14705,2,-2
2022-07-26 15:00:11.886,14704,14707,14706,2,2
2022-07-26 15:00:11.906,14704,14707,14707,3,3
2022-07-26 15:00:11.925,14704,14707,14707,1,1
2022-07-26 15:00:12.529,14705,14707,14707,3,3
2022-07-26 15:00:12.819,14706,14708,14706,1,-1
2022-07-26 15:00:12.906,14705,14707,14707,3,3
2022-07-26 15:00:13.474,14705,14706,14706,1,1
2022-07-26 15:00:13.544,14705,14706,14705,2,-2
2022-07-26 15:00:13.803,14704,14705,14705,3,3
2022-07-26 15:00:13.803,14704,14705,14706,5,5
2022-07-26 15:00:13.804,14704,14705,14704,5,-5
2022-07-26 15:00:13.818,14704,14705,14705,1,1
2022-07-26 15:00:13.907,14703,14705,14705,2,2
2022-07-26 15:00:14.512,14703,14705,14705,1,1
2022-07-26 15:00:14.907,14703,14705,14705,3,3
2022-07-26 15:00:15.155,14703,14706,14703,1,-1
2022-07-26 15:00:15.197,14703,14706,14705,1,1
2022-07-26 15:00:15.197,14703,14706,14706,3,3
2022-07-26 15:00:15.426,14704,14706,14705,1,1
2022-07-26 15:00:15.908,14704,14706,14706,2,2
2022-07-26 15:00:16.178,14705,14707,14705,1,-1
2022-07-26 15:00:16.569,14704,14707,14707,2,2
2022-07-26 15:00:16.606,14705,14707,14707,2,2
2022-07-26 15:00:16.908,14705,14707,14707,1,1
2022-07-26 15:00:17.131,14706,14708,14706,1,-1
2022-07-26 15:00:17.908,14706,14708,14708,2,2
2022-07-26 15:00:18.160,14707,14709,14708,1,1
2022-07-26 15:00:19.735,14708,14709,14709,3,3
2022-07-26 15:00:19.735,14708,14709,14709,1,1
2022-07-26 15:00:19.735,14708,14709,14709,6,6
2022-07-26 15:00:19.735,14708,14709,14709,3,3
2022-07-26 15:00:20.839,14708,14710,14708,1,-1
2022-07-26 15:00:21.863,14708,14709,14709,1,1
2022-07-26 15:00:24.011,14708,14709,14708,8,-8
2022-07-26 15:00:24.065,14708,14709,14707,3,-3
2022-07-26 15:00:24.089,14706,14708,14708,1,1
2022-07-26 15:00:24.106,14706,14708,14708,1,1
2022-07-26 15:00:24.111,14706,14708,14708,1,1
2022-07-26 15:00:25.107,14707,14708,14708,1,1
2022-07-26 15:00:25.107,14707,14708,14709,3,3
2022-07-26 15:00:25.113,14707,14708,14709,5,5
2022-07-26 15:00:25.857,14708,14709,14708,1,-1
2022-07-26 15:00:26.795,14707,14709,14709,2,2
2022-07-26 15:00:27.585,14708,14710,14710,1,1
2022-07-26 15:00:27.932,14708,14709,14708,1,-1
2022-07-26 15:00:27.932,14708,14709,14708,2,-2
2022-07-26 15:00:29.540,14708,14709,14708,3,-3
2022-07-26 15:00:31.950,14708,14709,14708,8,-8
2022-07-26 15:00:32.075,14707,14709,14707,6,-6
2022-07-26 15:00:32.123,14706,14707,14707,1,1
2022-07-26 15:00:32.150,14706,14707,14707,1,1
2022-07-26 15:00:32.216,14706,14707,14707,2,2
2022-07-26 15:00:32.231,14706,14707,14707,1,1
2022-07-26 15:00:32.460,14706,14707,14706,1,-1
2022-07-26 15:00:32.461,14706,14707,14706,1,-1
2022-07-26 15:00:32.461,14706,14707,14706,4,-4
2022-07-26 15:00:32.461,14706,14707,14706,5,-5
2022-07-26 15:00:32.821,14706,14707,14707,1,1
2022-07-26 15:00:32.979,14706,14707,14706,1,-1
2022-07-26 15:00:33.046,14706,14707,14706,1,-1
2022-07-26 15:00:33.498,14706,14707,14706,2,-2
2022-07-26 15:00:40.047,14705,14706,14705,4,-4
2022-07-26 15:00:41.398,14705,14706,14705,1,-1
2022-07-26 15:00:41.656,14705,14706,14706,1,1
2022-07-26 15:00:43.464,14705,14706,14706,10,10
2022-07-26 15:00:43.465,14705,14706,14707,2,2
2022-07-26 15:00:43.465,14705,14706,14707,7,7
2022-07-26 15:00:43.524,14705,14706,14708,3,3
2022-07-26 15:00:43.654,14708,14709,14708,1,-1
2022-07-26 15:00:43.654,14708,14709,14707,1,-1
2022-07-26 15:00:46.094,14707,14709,14709,10,10
2022-07-26 15:00:46.096,14707,14709,14710,11,11
2022-07-26 15:00:46.097,14707,14709,14711,2,2
2022-07-26 15:00:46.097,14707,14709,14711,2,2
2022-07-26 15:00:46.265,14711,14712,14711,1,-1
2022-07-26 15:00:46.549,14710,14712,14711,2,-2
2022-07-26 15:00:46.958,14710,14712,14712,3,3
2022-07-26 15:00:47.192,14712,14713,14713,3,3
2022-07-26 15:00:47.252,14712,14714,14714,12,12
2022-07-26 15:00:47.397,14713,14715,14715,1,1
2022-07-26 15:00:47.403,14713,14715,14715,1,1
2022-07-26 15:00:47.403,14713,14715,14715,1,1
2022-07-26 15:00:47.405,14713,14715,14715,1,1
2022-07-26 15:00:47.464,14713,14715,14715,1,1
2022-07-26 15:00:47.558,14713,14715,14713,4,-4
2022-07-26 15:00:47.588,14712,14715,14712,2,-2
2022-07-26 15:00:47.661,14712,14715,14714,5,5
2022-07-26 15:00:47.661,14712,14715,14715,3,3
2022-07-26 15:00:47.735,14713,14715,14713,1,-1
2022-07-26 15:00:48.087,14713,14715,14715,13,13
2022-07-26 15:00:48.087,14713,14715,14715,1,1
2022-07-26 15:00:48.088,14713,14715,14715,2,2
2022-07-26 15:00:48.130,14713,14715,14716,1,1
2022-07-26 15:00:48.382,14715,14716,14716,1,1
2022-07-26 15:00:48.529,14715,14716,14716,3,3
2022-07-26 15:00:48.529,14715,14716,14717,2,2
2022-07-26 15:00:48.878,14715,14717,14718,1,1
2022-07-26 15:00:48.883,14715,14717,14718,1,1
2022-07-26 15:00:49.054,14716,14718,14717,1,1
2022-07-26 15:00:49.280,14715,14717,14718,10,10
2022-07-26 15:00:50.358,14716,14718,14716,1,-1
2022-07-26 15:00:50.800,14716,14718,14716,2,-2
2022-07-26 15:00:50.826,14716,14718,14715,2,-2
2022-07-26 15:00:50.874,14714,14716,14716,1,1
2022-07-26 15:00:50.934,14714,14716,14714,1,-1
2022-07-26 15:00:51.080,14713,14715,14715,2,2
2022-07-26 15:00:51.082,14713,14715,14716,1,1
2022-07-26 15:00:51.082,14713,14715,14716,2,2
2022-07-26 15:00:51.180,14714,14716,14716,2,2
2022-07-26 15:00:51.255,14714,14716,14716,2,2
2022-07-26 15:00:51.601,14713,14715,14713,2,-2
2022-07-26 15:00:51.711,14713,14715,14715,1,1
2022-07-26 15:00:52.270,14714,14716,14715,1,1
2022-07-26 15:00:52.676,14713,14715,14713,3,-3
2022-07-26 15:00:52.964,14713,14715,14715,5,5
2022-07-26 15:00:53.767,14714,14715,14715,2,2
2022-07-26 15:00:53.825,14714,14715,14715,1,1
2022-07-26 15:00:56.045,14714,14715,14714,1,-1
2022-07-26 15:00:56.106,14713,14715,14713,1,-1
2022-07-26 15:00:56.138,14713,14715,14715,1,1
2022-07-26 15:00:56.318,14713,14715,14715,1,1
2022-07-26 15:00:56.368,14713,14715,14715,1,1
2022-07-26 15:00:56.558,14713,14716,14716,1,1
2022-07-26 15:00:56.631,14713,14716,14716,1,1
2022-07-26 15:00:57.639,14714,14715,14715,1,1
2022-07-26 15:00:57.821,14714,14716,14714,1,-1
2022-07-26 15:00:57.954,14713,14715,14715,1,1
2022-07-26 15:00:59.461,14713,14714,14713,2,-2
2022-07-26 15:00:59.623,14712,14714,14714,1,1
2022-07-26 15:00:59.623,14712,14714,14714,1,1
2022-07-26 15:01:00.004,14712,14714,14714,1,1
2022-07-26 15:01:00.090,14712,14714,14714,1,1
2022-07-26 15:01:00.092,14712,14714,14714,1,1
2022-07-26 15:01:00.093,14712,14714,14714,1,1
2022-07-26 15:01:00.093,14712,14714,14715,1,1
2022-07-26 15:01:00.099,14712,14714,14715,1,1
2022-07-26 15:01:00.313,14713,14715,14715,1,1
2022-07-26 15:01:00.507,14713,14715,14713,2,-2
2022-07-26 15:01:00.507,14713,14715,14712,1,-1
2022-07-26 15:01:00.510,14713,14715,14715,1,1
2022-07-26 15:01:00.512,14713,14715,14715,1,1
2022-07-26 15:01:00.512,14713,14715,14715,2,2
2022-07-26 15:01:00.515,14713,14715,14715,1,1
2022-07-26 15:01:00.520,14713,14715,14715,1,1
2022-07-26 15:01:00.521,14713,14715,14716,1,1
2022-07-26 15:01:00.569,14713,14715,14716,1,1
2022-07-26 15:01:00.577,14713,14715,14716,2,2
2022-07-26 15:01:00.663,14714,14716,14714,1,-1
2022-07-26 15:01:01.430,14714,14716,14715,1,-1
2022-07-26 15:01:02.170,14713,14715,14714,1,-1
2022-07-26 15:01:02.170,14713,14715,14715,1,1
2022-07-26 15:01:02.895,14713,14714,14714,1,1
2022-07-26 15:01:03.528,14713,14715,14713,1,-1
2022-07-26 15:01:03.800,14712,14714,14714,1,1
2022-07-26 15:01:05.804,14712,14714,14714,1,1
2022-07-26 15:01:06.365,14713,14714,14714,2,2
2022-07-26 15:01:06.365,14713,14714,14715,3,3
2022-07-26 15:01:06.770,14714,14715,14715,2,2
2022-07-26 15:01:07.502,14714,14716,14715,1,1
2022-07-26 15:01:07.776,14714,14715,14715,1,1
2022-07-26 15:01:08.704,14714,14715,14715,1,1
2022-07-26 15:01:08.920,14714,14716,14716,1,1
2022-07-26 15:01:08.985,14714,14716,14714,3,-3
2022-07-26 15:01:10.705,14714,14716,14716,3,3
2022-07-26 15:01:10.705,14714,14716,14716,2,2
2022-07-26 15:01:11.223,14715,14717,14717,5,5
2022-07-26 15:01:12.292,14716,14718,14718,2,2
2022-07-26 15:01:12.378,14716,14718,14716,1,-1
2022-07-26 15:01:16.831,14716,14717,14717,2,2
2022-07-26 15:01:17.469,14716,14717,14717,1,1
2022-07-26 15:01:17.716,14716,14717,14717,1,1
2022-07-26 15:01:17.741,14716,14717,14717,1,1
2022-07-26 15:01:17.873,14716,14718,14716,1,-1
2022-07-26 15:01:18.066,14716,14718,14716,1,-1
2022-07-26 15:01:18.339,14715,14716,14716,2,2
2022-07-26 15:01:18.553,14715,14716,14715,1,-1
2022-07-26 15:01:18.781,14715,14716,14716,2,2
2022-07-26 15:01:19.490,14715,14718,14718,1,1
2022-07-26 15:01:21.094,14715,14717,14715,18,-18
2022-07-26 15:01:21.094,14715,14717,14715,19,-19
2022-07-26 15:01:21.094,14715,14717,14715,7,-7
2022-07-26 15:01:22.629,14713,14714,14713,2,-2
2022-07-26 15:01:23.458,14713,14715,14715,3,3
2022-07-26 15:01:23.846,14714,14716,14714,2,-2
2022-07-26 15:01:23.946,14714,14716,14713,2,-2
2022-07-26 15:01:25.957,14712,14714,14712,2,-2
2022-07-26 15:01:27.950,14712,14714,14714,3,3
2022-07-26 15:01:30.437,14714,14715,14714,1,-1
2022-07-26 15:01:31.401,14713,14715,14713,1,-1
2022-07-26 15:01:32.171,14712,14714,14714,3,3
2022-07-26 15:01:35.251,14712,14713,14713,1,1
2022-07-26 15:01:36.607,14712,14713,14712,1,-1
2022-07-26 15:01:36.789,14712,14713,14712,1,-1
2022-07-26 15:01:37.361,14712,14713,14712,2,-2
2022-07-26 15:01:37.361,14712,14713,14711,9,-9
2022-07-26 15:01:38.192,14710,14712,14711,2,-2
2022-07-26 15:01:38.733,14711,14713,14711,1,-1
2022-07-26 15:01:39.026,14711,14713,14713,3,3
2022-07-26 15:01:40.827,14712,14713,14712,1,-1
2022-07-26 15:01:41.314,14712,14713,14712,2,-2
2022-07-26 15:01:44.480,14711,14712,14711,1,-1
2022-07-26 15:01:44.924,14710,14712,14710,1,-1
2022-07-26 15:01:47.048,14710,14712,14710,1,-1
2022-07-26 15:01:49.436,14710,14712,14710,1,-1
2022-07-26 15:01:50.296,14710,14712,14712,3,3
2022-07-26 15:01:51.029,14712,14713,14713,2,2
2022-07-26 15:01:54.319,14713,14714,14714,1,1
2022-07-26 15:01:54.450,14713,14714,14714,1,1
2022-07-26 15:01:54.567,14713,14714,14714,10,10
2022-07-26 15:01:54.910,14713,14715,14715,1,1
2022-07-26 15:01:55.595,14713,14715,14715,1,1
2022-07-26 15:01:56.778,14713,14715,14715,3,3
2022-07-26 15:01:57.766,14715,14717,14717,2,2
2022-07-26 15:01:58.400,14715,14717,14717,1,1
2022-07-26 15:01:58.710,14716,14717,14716,1,-1
2022-07-26 15:01:58.844,14715,14717,14717,1,1
2022-07-26 15:01:58.980,14715,14717,14717,1,1
2022-07-26 15:01:58.980,14715,14717,14717,2,2
2022-07-26 15:01:59.272,14715,14717,14717,3,3
2022-07-26 15:01:59.553,14715,14717,14717,1,1
2022-07-26 15:01:59.553,14715,14717,14717,1,1
2022-07-26 15:01:59.795,14715,14716,14716,1,1
2022-07-26 15:01:59.827,14715,14716,14716,1,1
2022-07-26 15:01:59.882,14715,14716,14716,3,3
2022-07-26 15:02:00.121,14715,14717,14717,1,1
2022-07-26 15:02:00.214,14716,14717,14717,1,1
2022-07-26 15:02:00.463,14716,14718,14718,4,4
2022-07-26 15:02:00.563,14716,14718,14716,1,-1
2022-07-26 15:02:00.705,14716,14718,14718,1,1
2022-07-26 15:02:00.970,14716,14718,14716,1,-1
2022-07-26 15:02:01.104,14716,14717,14716,2,-2
2022-07-26 15:02:01.114,14716,14717,14715,1,-1
2022-07-26 15:02:01.147,14716,14717,14717,2,2
2022-07-26 15:02:01.213,14715,14717,14717,1,1
2022-07-26 15:02:02.427,14715,14717,14715,1,-1
2022-07-26 15:02:02.427,14715,14717,14715,1,-1
2022-07-26 15:02:02.428,14715,14717,14715,4,-4
2022-07-26 15:02:06.599,14713,14715,14715,1,1
2022-07-26 15:02:09.042,14713,14715,14713,1,-1
2022-07-26 15:02:09.088,14712,14714,14714,1,1
2022-07-26 15:02:09.128,14712,14714,14712,3,-3
2022-07-26 15:02:09.252,14711,14713,14713,2,2
2022-07-26 15:02:10.125,14711,14713,14712,1,1
2022-07-26 15:02:13.790,14712,14713,14712,6,-6
2022-07-26 15:02:13.791,14712,14713,14711,2,-2
2022-07-26 15:02:15.105,14710,14712,14710,2,-2
2022-07-26 15:02:15.105,14710,14712,14710,1,-1
2022-07-26 15:02:15.105,14710,14712,14710,3,-3
2022-07-26 15:02:15.105,14710,14712,14710,6,-6
2022-07-26 15:02:15.310,14709,14711,14709,1,-1
2022-07-26 15:02:16.573,14709,14711,14709,1,-1
2022-07-26 15:02:18.106,14709,14711,14709,1,-1
2022-07-26 15:02:19.307,14709,14710,14710,1,1
2022-07-26 15:02:19.338,14709,14710,14710,1,1
2022-07-26 15:02:19.339,14709,14710,14711,1,1
2022-07-26 15:02:19.342,14709,14710,14711,1,1
2022-07-26 15:02:19.757,14709,14711,14709,1,-1
2022-07-26 15:02:19.915,14709,14711,14709,1,-1
2022-07-26 15:02:20.936,14709,14711,14709,1,-1
2022-07-26 15:02:21.595,14709,14711,14709,1,-1
2022-07-26 15:02:22.853,14709,14712,14709,1,-1
2022-07-26 15:02:22.994,14709,14711,14709,5,-5
2022-07-26 15:02:22.995,14709,14711,14709,1,-1
2022-07-26 15:02:22.995,14709,14711,14709,3,-3
2022-07-26 15:02:22.995,14709,14711,14709,3,-3
2022-07-26 15:02:23.229,14709,14711,14709,2,-2
2022-07-26 15:02:24.603,14709,14712,14712,1,1
2022-07-26 15:02:27.740,14710,14712,14712,1,1
2022-07-26 15:02:29.674,14710,14711,14711,1,1
2022-07-26 15:02:30.089,14710,14711,14711,1,1
2022-07-26 15:02:32.524,14710,14711,14711,1,1
2022-07-26 15:02:32.524,14710,14711,14711,1,1
2022-07-26 15:02:32.525,14710,14711,14711,1,1
2022-07-26 15:02:33.769,14711,14713,14711,6,-6
2022-07-26 15:02:33.769,14711,14713,14710,6,-6
2022-07-26 15:02:34.094,14711,14713,14713,1,1
2022-07-26 15:02:34.800,14711,14713,14712,1,1
2022-07-26 15:02:37.308,14711,14712,14711,1,-1
2022-07-26 15:02:38.039,14711,14712,14712,1,1
2022-07-26 15:02:38.087,14712,14714,14714,1,1
2022-07-26 15:02:38.088,14712,14714,14714,1,1
2022-07-26 15:02:39.576,14712,14714,14712,1,-1
2022-07-26 15:02:39.800,14712,14714,14712,5,-5
2022-07-26 15:02:39.800,14712,14714,14711,6,-6
2022-07-26 15:02:39.801,14712,14714,14711,1,-1
2022-07-26 15:02:40.645,14711,14713,14711,1,-1
2022-07-26 15:02:41.669,14711,14713,14713,1,1
2022-07-26 15:02:46.964,14710,14712,14712,2,2
2022-07-26 15:02:49.821,14711,14713,14711,5,-5
2022-07-26 15:02:50.233,14710,14711,14710,3,-3
2022-07-26 15:02:55.391,14710,14711,14710,1,-1
2022-07-26 15:02:56.752,14709,14711,14711,1,1
2022-07-26 15:02:58.754,14709,14711,14710,2,2
2022-07-26 15:03:00.119,14710,14711,14711,6,6
2022-07-26 15:03:00.214,14711,14712,14712,1,1
2022-07-26 15:03:03.139,14711,14712,14712,3,3
2022-07-26 15:03:03.260,14711,14713,14711,1,-1
2022-07-26 15:03:04.730,14712,14714,14714,2,2
2022-07-26 15:03:04.733,14712,14714,14714,5,5
2022-07-26 15:03:05.101,14713,14715,14715,2,2
2022-07-26 15:03:05.102,14713,14715,14715,3,3
2022-07-26 15:03:05.641,14715,14716,14715,2,-2
2022-07-26 15:03:05.641,14715,14716,14714,7,-7
2022-07-26 15:03:05.641,14715,14716,14713,3,-3
2022-07-26 15:03:07.215,14713,14715,14715,2,2
2022-07-26 15:03:07.348,14713,14716,14716,1,1
2022-07-26 15:03:07.732,14713,14716,14714,1,-1
2022-07-26 15:03:08.264,14714,14716,14716,1,1
2022-07-26 15:03:08.339,14714,14716,14716,1,1
2022-07-26 15:03:13.623,14712,14713,14712,1,-1
2022-07-26 15:03:14.324,14711,14712,14713,1,1
2022-07-26 15:03:15.881,14711,14712,14711,1,-1
2022-07-26 15:03:16.942,14710,14712,14712,3,3
2022-07-26 15:03:18.242,14710,14711,14710,6,-6
2022-07-26 15:03:19.991,14709,14711,14709,2,-2
2022-07-26 15:03:19.991,14709,14711,14709,5,-5
2022-07-26 15:03:19.991,14709,14711,14709,1,-1
2022-07-26 15:03:19.991,14709,14711,14709,2,-2
2022-07-26 15:03:19.991,14709,14711,14709,4,-4
2022-07-26 15:03:20.578,14708,14709,14709,1,1
2022-07-26 15:03:22.010,14708,14710,14710,3,3
2022-07-26 15:03:24.014,14708,14710,14710,1,1
2022-07-26 15:03:25.112,14708,14710,14708,1,-1
2022-07-26 15:03:27.531,14709,14710,14709,3,-3
2022-07-26 15:03:27.531,14709,14710,14708,3,-3
2022-07-26 15:03:28.136,14709,14710,14710,1,1
2022-07-26 15:03:28.730,14709,14710,14710,1,1
2022-07-26 15:03:31.372,14709,14711,14711,1,1
2022-07-26 15:03:40.591,14711,14713,14713,3,3
2022-07-26 15:03:43.085,14713,14714,14713,2,-2
2022-07-26 15:03:43.153,14713,14714,14713,3,-3
2022-07-26 15:03:43.217,14711,14713,14713,1,1
2022-07-26 15:03:51.734,14711,14712,14712,1,1
2022-07-26 15:03:54.881,14711,14713,14713,1,1
2022-07-26 15:04:00.097,14711,14713,14711,1,-1
2022-07-26 15:04:00.213,14711,14713,14713,1,1
2022-07-26 15:04:00.213,14711,14713,14713,2,2
2022-07-26 15:04:00.213,14711,14713,14713,2,2
2022-07-26 15:04:00.213,14711,14713,14713,1,1
2022-07-26 15:04:00.214,14711,14713,14713,1,1
2022-07-26 15:04:00.214,14711,14713,14713,1,1
2022-07-26 15:04:00.214,14711,14713,14714,1,1
2022-07-26 15:04:00.214,14711,14713,14714,2,2
2022-07-26 15:04:00.214,14711,14713,14714,1,1
2022-07-26 15:04:00.215,14711,14713,14714,1,1
2022-07-26 15:04:00.215,14711,14713,14714,1,1
2022-07-26 15:04:00.215,14711,14713,14714,4,4
2022-07-26 15:04:00.215,14711,14713,14714,1,1
2022-07-26 15:04:00.216,14711,14713,14714,3,3
2022-07-26 15:04:03.063,14713,14715,14714,1,1
2022-07-26 15:04:03.088,14713,14715,14715,1,1
2022-07-26 15:04:04.823,14713,14714,14713,1,-1
2022-07-26 15:04:09.096,14712,14713,14712,1,-1
2022-07-26 15:04:09.113,14712,14713,14711,5,-5
2022-07-26 15:04:12.019,14710,14711,14710,1,-1
2022-07-26 15:04:12.025,14710,14711,14710,1,-1
2022-07-26 15:04:12.025,14710,14711,14710,2,-2
2022-07-26 15:04:12.025,14710,14711,14710,1,-1
2022-07-26 15:04:12.087,14708,14710,14710,1,1
2022-07-26 15:04:12.087,14708,14710,14710,1,1
2022-07-26 15:04:12.087,14708,14710,14710,1,1
2022-07-26 15:04:12.087,14708,14710,14710,1,1
2022-07-26 15:04:12.087,14708,14710,14711,1,1
2022-07-26 15:04:12.088,14708,14710,14711,1,1
2022-07-26 15:04:12.088,14708,14710,14711,1,1
2022-07-26 15:04:12.092,14708,14710,14711,1,1
2022-07-26 15:04:14.510,14710,14711,14711,1,1
2022-07-26 15:04:14.995,14710,14711,14710,1,-1
2022-07-26 15:04:21.702,14709,14711,14709,1,-1
2022-07-26 15:04:31.594,14709,14710,14709,1,-1
2022-07-26 15:04:31.712,14708,14710,14710,1,1
2022-07-26 15:04:31.713,14708,14710,14710,1,1
2022-07-26 15:04:31.713,14708,14710,14710,1,1
2022-07-26 15:04:31.714,14708,14710,14710,1,1
2022-07-26 15:04:35.624,14709,14711,14710,2,2
2022-07-26 15:04:35.714,14709,14712,14712,1,1
2022-07-26 15:04:35.716,14709,14712,14712,1,1
2022-07-26 15:04:42.176,14710,14712,14710,1,-1
2022-07-26 15:04:42.212,14709,14711,14711,1,1
2022-07-26 15:04:42.212,14709,14711,14711,1,1
2022-07-26 15:04:42.213,14709,14711,14711,1,1
2022-07-26 15:04:46.321,14709,14711,14709,1,-1
2022-07-26 15:04:47.277,14709,14710,14709,1,-1
2022-07-26 15:04:47.342,14708,14710,14710,1,1
2022-07-26 15:04:49.277,14709,14711,14709,2,-2
2022-07-26 15:04:50.023,14709,14711,14709,2,-2
2022-07-26 15:05:00.235,14709,14710,14710,1,1
2022-07-26 15:05:00.526,14709,14711,14711,1,1
2022-07-26 15:05:00.529,14709,14711,14711,1,1
2022-07-26 15:05:00.703,14711,14712,14711,1,-1
2022-07-26 15:05:01.432,14710,14712,14712,1,1
2022-07-26 15:05:01.434,14710,14712,14713,1,1
2022-07-26 15:05:01.625,14712,14714,14714,1,1
2022-07-26 15:05:02.326,14714,14715,14715,1,1
2022-07-26 15:05:02.327,14714,14715,14715,1,1
2022-07-26 15:05:02.327,14714,14715,14715,4,4
2022-07-26 15:05:02.327,14714,14715,14715,5,5
2022-07-26 15:05:02.327,14714,14715,14715,1,1
2022-07-26 15:05:02.327,14714,14715,14715,1,1
2022-07-26 15:05:04.119,14713,14715,14715,2,2
2022-07-26 15:05:04.194,14713,14715,14715,2,2
2022-07-26 15:05:04.516,14713,14715,14715,2,2
2022-07-26 15:05:04.516,14713,14715,14716,2,2
2022-07-26 15:05:04.932,14714,14715,14715,2,2
2022-07-26 15:05:20.403,14711,14714,14714,1,1
2022-07-26 15:05:28.543,14711,14713,14713,1,1
2022-07-26 15:05:39.091,14713,14714,14713,1,-1
2022-07-26 15:05:39.091,14713,14714,14713,4,-4
2022-07-26 15:05:39.091,14713,14714,14713,1,-1
2022-07-26 15:05:39.091,14713,14714,14713,2,-2
2022-07-26 15:05:46.151,14711,14713,14711,1,-1
2022-07-26 15:05:47.641,14712,14713,14712,1,-1
2022-07-26 15:05:55.260,14711,14712,14711,1,-1
2022-07-26 15:05:58.228,14711,14712,14711,1,-1
2022-07-26 15:06:00.690,14711,14712,14712,3,3
2022-07-26 15:06:00.975,14712,14713,14713,2,2
2022-07-26 15:06:01.021,14712,14713,14714,1,1
2022-07-26 15:06:01.024,14712,14713,14714,7,7
2022-07-26 15:06:01.098,14714,14715,14715,1,1
2022-07-26 15:06:01.459,14714,14715,14714,1,-1
2022-07-26 15:06:01.629,14713,14715,14715,2,2
2022-07-26 15:06:01.851,14714,14716,14714,1,-1
2022-07-26 15:06:16.585,14713,14715,14713,1,-1
2022-07-26 15:06:17.040,14713,14715,14715,3,3
2022-07-26 15:06:17.890,14713,14715,14715,2,2
2022-07-26 15:06:18.043,14714,14716,14714,1,-1
2022-07-26 15:06:20.393,14715,14716,14716,2,2
2022-07-26 15:06:20.393,14715,14716,14716,1,1
2022-07-26 15:06:20.394,14715,14716,14717,3,3
2022-07-26 15:06:20.699,14716,14718,14718,4,4
2022-07-26 15:06:20.699,14716,14718,14718,1,1
2022-07-26 15:06:20.699,14716,14718,14718,3,3
2022-07-26 15:06:20.699,14716,14718,14718,1,1
2022-07-26 15:06:20.839,14718,14719,14719,1,1
2022-07-26 15:06:21.102,14718,14719,14718,1,-1
2022-07-26 15:06:21.196,14718,14719,14719,1,1
2022-07-26 15:06:21.316,14717,14719,14719,10,10
2022-07-26 15:06:21.325,14717,14719,14719,1,1
2022-07-26 15:06:21.615,14717,14718,14719,2,2
2022-07-26 15:06:23.216,14717,14719,14717,1,-1
2022-07-26 15:06:24.377,14718,14719,14718,1,-1
2022-07-26 15:06:25.657,14716,14718,14716,3,-3
2022-07-26 15:06:25.657,14716,14718,14715,7,-7
2022-07-26 15:06:26.081,14714,14716,14716,2,2
2022-07-26 15:06:26.180,14714,14716,14714,6,-6
2022-07-26 15:06:26.181,14714,14716,14715,1,-1
2022-07-26 15:06:30.595,14714,14716,14716,2,2
2022-07-26 15:06:33.224,14715,14716,14715,1,-1
2022-07-26 15:06:33.612,14715,14716,14716,1,1
2022-07-26 15:06:33.617,14715,14716,14717,1,1
2022-07-26 15:06:33.652,14715,14716,14716,1,1
2022-07-26 15:06:34.156,14716,14718,14716,1,-1
2022-07-26 15:06:34.582,14716,14718,14718,2,2
2022-07-26 15:06:36.523,14715,14717,14717,5,5
2022-07-26 15:06:37.008,14715,14717,14717,1,1
2022-07-26 15:06:39.086,14715,14717,14717,2,2
2022-07-26 15:06:41.696,14715,14717,14717,10,10
2022-07-26 15:06:42.992,14716,14718,14718,1,1
2022-07-26 15:06:43.583,14716,14718,14718,2,2
2022-07-26 15:06:45.926,14715,14717,14715,2,-2
2022-07-26 15:06:48.091,14715,14717,14717,2,2
2022-07-26 15:06:52.203,14715,14716,14715,1,-1
2022-07-26 15:06:52.204,14715,14716,14715,1,-1
2022-07-26 15:06:52.462,14714,14715,14715,1,1
2022-07-26 15:06:52.462,14714,14715,14716,1,1
2022-07-26 15:06:52.527,14714,14715,14716,1,1
2022-07-26 15:06:52.580,14714,14715,14716,2,2
2022-07-26 15:06:54.186,14714,14716,14716,1,1
2022-07-26 15:06:56.101,14714,14716,14714,1,-1
2022-07-26 15:06:57.087,14714,14716,14716,2,2
2022-07-26 15:06:57.511,14715,14716,14716,1,1
2022-07-26 15:07:01.089,14715,14716,14716,2,2
2022-07-26 15:07:02.702,14716,14717,14717,3,3
2022-07-26 15:07:02.712,14717,14718,14718,1,1
2022-07-26 15:07:02.713,14717,14718,14718,1,1
2022-07-26 15:07:02.713,14717,14718,14718,1,1
2022-07-26 15:07:02.750,14717,14718,14718,4,4
2022-07-26 15:07:02.750,14717,14718,14718,1,1
2022-07-26 15:07:02.750,14717,14718,14718,1,1
2022-07-26 15:07:02.750,14717,14718,14718,7,7
2022-07-26 15:07:02.767,14717,14718,14718,1,1
2022-07-26 15:07:03.963,14718,14719,14718,2,-2
2022-07-26 15:07:05.589,14716,14718,14718,2,2
2022-07-26 15:07:06.076,14716,14719,14719,1,1
2022-07-26 15:07:08.489,14717,14718,14718,1,1
2022-07-26 15:07:08.489,14717,14718,14719,1,1
2022-07-26 15:07:08.588,14717,14719,14719,1,1
2022-07-26 15:07:08.588,14717,14719,14719,1,1
2022-07-26 15:07:08.588,14717,14719,14719,1,1
2022-07-26 15:07:09.114,14717,14719,14717,1,-1
2022-07-26 15:07:10.084,14717,14719,14719,2,2
2022-07-26 15:07:12.250,14717,14719,14719,2,2
2022-07-26 15:07:14.574,14718,14719,14719,1,1
2022-07-26 15:07:14.574,14718,14719,14720,1,1
2022-07-26 15:07:14.615,14718,14720,14720,2,2
2022-07-26 15:07:14.662,14718,14720,14720,1,1
2022-07-26 15:07:14.674,14718,14720,14720,3,3
2022-07-26 15:07:14.749,14718,14720,14720,2,2
2022-07-26 15:07:15.158,14718,14720,14720,1,1
2022-07-26 15:07:15.495,14718,14720,14720,1,1
2022-07-26 15:07:15.683,14718,14720,14720,1,1
2022-07-26 15:07:15.706,14718,14720,14720,1,1
2022-07-26 15:07:15.727,14718,14720,14720,1,1
2022-07-26 15:07:15.749,14718,14720,14720,1,1
2022-07-26 15:07:16.056,14718,14720,14718,1,-1
2022-07-26 15:07:16.743,14718,14720,14720,2,2
2022-07-26 15:07:17.643,14718,14720,14718,1,-1
2022-07-26 15:07:18.590,14717,14719,14717,1,-1
2022-07-26 15:07:18.713,14717,14719,14719,1,1
2022-07-26 15:07:18.713,14717,14719,14719,1,1
2022-07-26 15:07:19.088,14717,14719,14719,2,2
2022-07-26 15:07:20.338,14717,14719,14719,1,1
2022-07-26 15:07:23.599,14715,14717,14717,2,2
2022-07-26 15:07:28.185,14716,14717,14716,1,-1
2022-07-26 15:07:28.346,14715,14717,14716,3,-3
2022-07-26 15:07:31.829,14715,14716,14716,3,3
2022-07-26 15:07:32.674,14715,14717,14716,3,3
2022-07-26 15:07:32.674,14715,14717,14715,4,-4
2022-07-26 15:07:38.022,14714,14716,14714,2,-2
2022-07-26 15:07:38.499,14713,14715,14713,1,-1
2022-07-26 15:07:39.015,14712,14714,14714,2,2
2022-07-26 15:07:42.918,14713,14715,14715,1,1
2022-07-26 15:07:46.202,14713,14714,14714,2,2
2022-07-26 15:07:46.202,14713,14714,14715,2,2
2022-07-26 15:07:46.908,14713,14715,14715,2,2
2022-07-26 15:07:46.912,14713,14715,14715,2,2
2022-07-26 15:07:46.950,14713,14715,14714,1,1
2022-07-26 15:07:49.658,14713,14715,14713,2,-2
2022-07-26 15:08:01.637,14714,14715,14715,1,1
2022-07-26 15:08:06.235,14715,14716,14715,1,-1
2022-07-26 15:08:07.889,14715,14716,14716,3,3
2022-07-26 15:08:08.202,14716,14717,14717,1,1
2022-07-26 15:08:09.115,14716,14717,14717,4,4
2022-07-26 15:08:11.701,14717,14718,14718,3,3
2022-07-26 15:08:12.450,14717,14719,14719,3,3
2022-07-26 15:08:12.451,14717,14719,14719,2,2
2022-07-26 15:08:12.451,14717,14719,14719,2,2
2022-07-26 15:08:12.451,14717,14719,14719,4,4
2022-07-26 15:08:12.491,14719,14720,14719,1,-1
2022-07-26 15:08:12.555,14719,14720,14720,1,1
2022-07-26 15:08:12.555,14719,14720,14720,2,2
2022-07-26 15:08:12.555,14719,14720,14720,1,1
2022-07-26 15:08:12.555,14719,14720,14720,28,28
2022-07-26 15:08:12.557,14719,14720,14721,3,3
2022-07-26 15:08:12.557,14719,14720,14721,1,1
2022-07-26 15:08:12.570,14719,14720,14721,1,1
2022-07-26 15:08:12.570,14719,14720,14721,4,4
2022-07-26 15:08:12.595,14721,14722,14722,2,2
2022-07-26 15:08:12.700,14721,14722,14722,2,2
2022-07-26 15:08:12.706,14721,14722,14722,1,1
2022-07-26 15:08:12.743,14721,14722,14722,3,3
2022-07-26 15:08:12.744,14721,14722,14722,4,4
2022-07-26 15:08:12.754,14721,14722,14722,1,1
2022-07-26 15:08:12.774,14721,14722,14722,6,6
2022-07-26 15:08:12.774,14721,14722,14722,1,1
2022-07-26 15:08:12.775,14721,14722,14722,1,1
2022-07-26 15:08:12.775,14721,14722,14722,1,1
2022-07-26 15:08:12.775,14721,14722,14722,1,1
2022-07-26 15:08:12.799,14721,14722,14722,2,2
2022-07-26 15:08:12.823,14721,14722,14722,2,2
2022-07-26 15:08:12.837,14721,14722,14722,1,1
2022-07-26 15:08:13.053,14721,14722,14721,1,-1
2022-07-26 15:08:13.053,14721,14722,14721,2,-2
2022-07-26 15:08:13.058,14721,14722,14720,2,-2
2022-07-26 15:08:13.059,14721,14722,14720,1,-1
2022-07-26 15:08:13.061,14721,14722,14720,1,-1
2022-07-26 15:08:13.257,14719,14721,14719,1,-1
2022-07-26 15:08:13.313,14719,14721,14720,1,-1
2022-07-26 15:08:13.326,14719,14721,14721,1,1
2022-07-26 15:08:13.387,14719,14721,14721,2,2
2022-07-26 15:08:13.671,14720,14721,14721,1,1
2022-07-26 15:08:13.673,14720,14721,14722,1,1
2022-07-26 15:08:14.205,14720,14721,14720,1,-1
2022-07-26 15:08:14.948,14718,14720,14720,2,2
2022-07-26 15:08:15.147,14718,14720,14720,1,1
2022-07-26 15:08:15.307,14718,14720,14720,1,1
2022-07-26 15:08:15.434,14718,14720,14720,1,1
2022-07-26 15:08:15.535,14718,14719,14719,1,1
2022-07-26 15:08:15.535,14718,14719,14720,1,1
2022-07-26 15:08:16.595,14719,14721,14719,1,-1
2022-07-26 15:08:17.995,14719,14721,14719,1,-1
2022-07-26 15:08:20.074,14719,14721,14719,1,-1
2022-07-26 15:08:21.619,14719,14720,14719,1,-1
2022-07-26 15:08:23.747,14721,14722,14722,10,10
2022-07-26 15:08:23.747,14721,14722,14722,8,8
2022-07-26 15:08:24.197,14722,14723,14722,1,-1
2022-07-26 15:08:24.397,14722,14723,14722,1,-1
2022-07-26 15:08:24.829,14721,14723,14721,2,-2
2022-07-26 15:08:24.829,14721,14723,14720,1,-1
2022-07-26 15:08:26.305,14721,14723,14721,2,-2
2022-07-26 15:08:27.956,14720,14722,14720,1,-1
2022-07-26 15:08:29.486,14720,14722,14720,1,-1
2022-07-26 15:08:33.340,14719,14720,14719,2,-2
2022-07-26 15:08:33.783,14718,14719,14719,1,1
2022-07-26 15:08:33.801,14718,14719,14720,3,3
2022-07-26 15:08:58.682,14718,14719,14719,1,1
2022-07-26 15:08:59.268,14718,14719,14718,1,-1
2022-07-26 15:08:59.326,14718,14719,14718,1,-1
2022-07-26 15:09:05.143,14718,14720,14718,5,-5
2022-07-26 15:09:05.143,14718,14720,14717,5,-5
2022-07-26 15:09:05.615,14717,14719,14717,1,-1
2022-07-26 15:09:07.220,14716,14717,14716,1,-1
2022-07-26 15:09:07.299,14716,14717,14715,1,-1
2022-07-26 15:09:10.989,14713,14715,14715,1,1
2022-07-26 15:09:18.933,14713,14715,14713,2,-2
2022-07-26 15:09:19.259,14713,14715,14715,1,1
2022-07-26 15:09:20.246,14713,14714,14714,1,1
2022-07-26 15:09:23.685,14714,14715,14715,1,1
2022-07-26 15:09:23.685,14714,14715,14715,1,1
2022-07-26 15:09:35.796,14714,14715,14714,2,-2
2022-07-26 15:09:42.628,14714,14715,14715,1,1
2022-07-26 15:09:42.628,14714,14715,14715,1,1
2022-07-26 15:09:42.714,14714,14715,14715,1,1
2022-07-26 15:09:43.588,14715,14716,14715,1,-1
2022-07-26 15:09:45.267,14715,14716,14715,2,-2
2022-07-26 15:09:54.075,14715,14716,14715,1,-1
2022-07-26 15:09:54.514,14714,14716,14714,2,-2
2022-07-26 15:09:54.514,14714,14716,14714,2,-2
2022-07-26 15:09:55.846,14713,14714,14714,1,1
2022-07-26 15:10:03.708,14713,14714,14713,4,-4
2022-07-26 15:10:03.715,14712,14713,14713,1,1
2022-07-26 15:10:03.718,14712,14713,14713,1,1
2022-07-26 15:10:03.718,14712,14713,14714,1,1
2022-07-26 15:10:03.718,14712,14713,14714,1,1
2022-07-26 15:10:03.718,14712,14713,14714,2,2
2022-07-26 15:10:03.719,14712,14713,14714,1,1
2022-07-26 15:10:03.719,14712,14713,14714,1,1
2022-07-26 15:10:03.719,14712,14713,14714,1,1
2022-07-26 15:10:03.720,14712,14713,14714,1,1
2022-07-26 15:10:03.884,14713,14715,14715,1,1
2022-07-26 15:10:04.107,14713,14715,14714,1,1
2022-07-26 15:10:07.049,14714,14715,14715,1,1
2022-07-26 15:10:09.633,14715,14716,14716,1,1
2022-07-26 15:10:09.712,14716,14717,14717,1,1
2022-07-26 15:10:09.717,14716,14717,14717,1,1
2022-07-26 15:10:09.948,14716,14718,14716,1,-1
2022-07-26 15:10:16.299,14715,14717,14716,1,-1
2022-07-26 15:10:19.631,14715,14716,14715,2,-2
2022-07-26 15:10:20.899,14715,14716,14715,2,-2
2022-07-26 15:10:20.963,14714,14716,14716,1,1
2022-07-26 15:10:20.963,14714,14716,14717,1,1
2022-07-26 15:10:26.751,14715,14716,14716,1,1
2022-07-26 15:10:31.530,14715,14716,14715,1,-1
2022-07-26 15:10:33.228,14714,14715,14714,1,-1
2022-07-26 15:10:33.228,14714,14715,14713,1,-1
2022-07-26 15:10:33.805,14713,14715,14715,1,1
2022-07-26 15:10:38.510,14714,14715,14715,1,1
2022-07-26 15:10:39.360,14715,14716,14715,1,-1
2022-07-26 15:10:39.462,14714,14716,14716,1,1
2022-07-26 15:10:39.462,14714,14716,14716,1,1
2022-07-26 15:10:39.462,14714,14716,14717,1,1
2022-07-26 15:10:43.168,14715,14717,14717,5,5
2022-07-26 15:10:43.168,14715,14717,14718,5,5
2022-07-26 15:10:44.794,14717,14718,14718,1,1
2022-07-26 15:10:51.924,14716,14718,14718,1,1
2022-07-26 15:10:59.158,14717,14719,14719,5,5
2022-07-26 15:11:01.216,14716,14718,14718,1,1
2022-07-26 15:11:01.435,14716,14718,14718,1,1
2022-07-26 15:11:05.392,14716,14718,14718,8,8
2022-07-26 15:11:05.467,14716,14718,14718,1,1
2022-07-26 15:11:05.509,14716,14718,14716,1,-1
2022-07-26 15:11:09.860,14716,14718,14716,1,-1
2022-07-26 15:11:14.861,14716,14717,14717,1,1
2022-07-26 15:11:14.861,14716,14717,14717,1,1
2022-07-26 15:11:15.318,14717,14718,14718,5,5
2022-07-26 15:11:16.146,14717,14718,14718,2,2
2022-07-26 15:11:16.408,14717,14718,14718,2,2
2022-07-26 15:11:17.040,14717,14718,14717,2,-2
2022-07-26 15:11:17.760,14716,14717,14716,1,-1
2022-07-26 15:11:19.210,14715,14716,14716,2,2
2022-07-26 15:11:19.210,14715,14716,14715,3,-3
2022-07-26 15:11:19.531,14714,14716,14715,1,-1
2022-07-26 15:11:19.531,14714,14716,14716,1,1
2022-07-26 15:11:20.600,14715,14716,14716,2,2
2022-07-26 15:11:20.904,14715,14717,14716,2,2
2022-07-26 15:11:24.626,14715,14716,14715,3,-3
2022-07-26 15:11:26.560,14715,14716,14715,3,-3
2022-07-26 15:11:26.677,14715,14716,14716,1,1
2022-07-26 15:11:29.865,14715,14716,14715,1,-1
2022-07-26 15:11:31.913,14715,14716,14716,2,2
2022-07-26 15:11:31.914,14715,14716,14716,2,2
2022-07-26 15:11:32.281,14715,14716,14716,1,1
2022-07-26 15:11:37.758,14716,14717,14717,2,2
2022-07-26 15:11:38.130,14716,14717,14717,2,2
2022-07-26 15:11:38.213,14716,14718,14718,1,1
2022-07-26 15:11:45.561,14717,14718,14718,3,3
2022-07-26 15:11:52.573,14717,14718,14718,2,2
2022-07-26 15:11:52.969,14717,14718,14718,2,2
2022-07-26 15:11:53.891,14717,14718,14718,2,2
2022-07-26 15:11:54.601,14717,14718,14718,2,2
2022-07-26 15:11:54.752,14717,14718,14718,2,2
2022-07-26 15:11:55.219,14718,14719,14718,1,-1
2022-07-26 15:11:55.603,14718,14719,14718,1,-1
2022-07-26 15:11:56.276,14717,14719,14719,3,3
2022-07-26 15:11:56.819,14717,14719,14719,3,3
2022-07-26 15:12:01.293,14719,14720,14719,2,-2
2022-07-26 15:12:01.339,14718,14720,14720,1,1
2022-07-26 15:12:01.339,14718,14720,14720,1,1
2022-07-26 15:12:01.615,14719,14720,14720,3,3
2022-07-26 15:12:01.615,14719,14720,14720,2,2
2022-07-26 15:12:01.615,14719,14720,14720,2,2
2022-07-26 15:12:01.817,14720,14721,14721,1,1
2022-07-26 15:12:01.817,14720,14721,14721,4,4
2022-07-26 15:12:01.921,14720,14722,14720,1,-1
2022-07-26 15:12:03.146,14721,14722,14722,8,8
2022-07-26 15:12:03.146,14721,14722,14722,1,1
2022-07-26 15:12:03.147,14721,14722,14722,5,5
2022-07-26 15:12:03.147,14721,14722,14722,2,2
2022-07-26 15:12:03.276,14722,14723,14722,1,-1
2022-07-26 15:12:03.770,14721,14722,14721,1,-1
2022-07-26 15:12:04.562,14721,14722,14722,1,1
2022-07-26 15:12:04.562,14721,14722,14723,2,2
2022-07-26 15:12:04.620,14721,14723,14723,1,1
2022-07-26 15:12:04.786,14721,14723,14723,1,1
2022-07-26 15:12:04.838,14721,14723,14723,1,1
2022-07-26 15:12:04.851,14721,14723,14723,1,1
2022-07-26 15:12:07.077,14722,14723,14723,2,2
2022-07-26 15:12:07.418,14722,14723,14723,2,2
2022-07-26 15:12:07.809,14722,14723,14723,2,2
2022-07-26 15:12:07.809,14722,14723,14723,3,3
2022-07-26 15:12:08.008,14722,14723,14723,1,1
2022-07-26 15:12:10.951,14723,14724,14723,1,-1
2022-07-26 15:12:12.131,14723,14724,14724,5,5
2022-07-26 15:12:12.236,14723,14724,14724,1,1
2022-07-26 15:12:12.237,14723,14724,14724,1,1
2022-07-26 15:12:12.265,14723,14724,14724,1,1
2022-07-26 15:12:12.304,14723,14724,14724,1,1
2022-07-26 15:12:12.317,14723,14724,14724,1,1
2022-07-26 15:12:12.391,14723,14724,14724,2,2
2022-07-26 15:12:12.393,14723,14724,14724,1,1
2022-07-26 15:12:12.408,14723,14724,14724,2,2
2022-07-26 15:12:12.409,14723,14724,14724,3,3
2022-07-26 15:12:12.539,14723,14724,14723,1,-1
2022-07-26 15:12:12.539,14723,14724,14723,8,-8
2022-07-26 15:12:12.744,14722,14723,14723,5,5
2022-07-26 15:12:13.263,14722,14723,14722,3,-3
2022-07-26 15:12:15.641,14719,14721,14721,5,5
2022-07-26 15:12:16.048,14719,14721,14721,3,3
2022-07-26 15:12:16.048,14719,14721,14721,2,2
2022-07-26 15:12:16.424,14720,14722,14721,5,5
2022-07-26 15:12:16.425,14720,14722,14721,1,1
2022-07-26 15:12:18.224,14721,14722,14722,3,3
2022-07-26 15:12:18.618,14722,14723,14722,2,-2
2022-07-26 15:12:18.632,14722,14723,14721,5,-5
2022-07-26 15:12:21.122,14720,14721,14721,4,4
2022-07-26 15:12:21.123,14720,14721,14721,1,1
2022-07-26 15:12:21.432,14720,14721,14721,2,2
2022-07-26 15:12:21.436,14720,14721,14721,3,3
2022-07-26 15:12:21.547,14720,14722,14720,2,-2
2022-07-26 15:12:22.282,14719,14721,14720,1,-1
2022-07-26 15:12:25.317,14720,14721,14720,4,-4
2022-07-26 15:12:25.939,14719,14721,14721,3,3
2022-07-26 15:12:27.428,14719,14721,14721,5,5
2022-07-26 15:12:28.483,14720,14721,14721,2,2
2022-07-26 15:12:28.483,14720,14721,14722,3,3
2022-07-26 15:12:30.450,14720,14722,14722,3,3
2022-07-26 15:12:30.517,14720,14722,14721,1,1
2022-07-26 15:12:33.033,14721,14722,14722,2,2
2022-07-26 15:12:33.033,14721,14722,14722,1,1
2022-07-26 15:12:33.033,14721,14722,14722,1,1
2022-07-26 15:12:34.290,14721,14723,14721,1,-1
2022-07-26 15:12:34.758,14721,14723,14721,1,-1
2022-07-26 15:12:36.348,14721,14723,14723,3,3
2022-07-26 15:12:37.962,14721,14723,14723,1,1
2022-07-26 15:12:39.615,14721,14722,14722,1,1
2022-07-26 15:12:41.454,14722,14723,14723,9,9
2022-07-26 15:12:41.455,14722,14723,14723,1,1
2022-07-26 15:12:41.455,14722,14723,14723,2,2
2022-07-26 15:12:41.455,14722,14723,14723,4,4
2022-07-26 15:12:41.456,14722,14723,14723,1,1
2022-07-26 15:12:41.456,14722,14723,14723,3,3
2022-07-26 15:12:41.456,14722,14723,14723,3,3
2022-07-26 15:12:43.570,14723,14724,14723,2,-2
2022-07-26 15:12:43.571,14723,14724,14723,1,-1
2022-07-26 15:12:43.584,14723,14724,14722,3,-3
2022-07-26 15:12:43.584,14723,14724,14722,3,-3
2022-07-26 15:12:44.809,14721,14722,14721,2,-2
2022-07-26 15:12:44.809,14721,14722,14721,1,-1
2022-07-26 15:12:44.809,14721,14722,14721,3,-3
2022-07-26 15:12:45.703,14720,14721,14721,1,1
2022-07-26 15:12:45.744,14720,14721,14721,1,1
2022-07-26 15:12:47.637,14721,14722,14721,1,-1
2022-07-26 15:12:50.476,14721,14722,14722,1,1
2022-07-26 15:12:50.476,14721,14722,14723,1,1
2022-07-26 15:12:53.706,14722,14723,14723,1,1
2022-07-26 15:12:53.706,14722,14723,14724,13,13
2022-07-26 15:12:53.708,14722,14723,14724,1,1
2022-07-26 15:12:53.709,14722,14723,14724,1,1
2022-07-26 15:12:56.578,14722,14723,14723,1,1
2022-07-26 15:12:57.419,14723,14724,14723,1,-1
2022-07-26 15:12:57.419,14723,14724,14722,1,-1
2022-07-26 15:12:59.764,14722,14723,14722,1,-1
2022-07-26 15:12:59.765,14722,14723,14722,5,-5
2022-07-26 15:13:05.739,14722,14723,14723,1,1
2022-07-26 15:13:05.838,14722,14723,14723,1,1
2022-07-26 15:13:05.838,14722,14723,14723,1,1
2022-07-26 15:13:05.839,14722,14723,14724,1,1
2022-07-26 15:13:05.840,14722,14723,14724,1,1
2022-07-26 15:13:05.840,14722,14723,14724,1,1
2022-07-26 15:13:05.840,14722,14723,14724,1,1
2022-07-26 15:13:06.428,14722,14724,14724,6,6
2022-07-26 15:13:06.432,14722,14724,14725,1,1
2022-07-26 15:13:06.616,14723,14725,14725,1,1
2022-07-26 15:13:06.640,14723,14725,14725,1,1
2022-07-26 15:13:06.672,14723,14725,14725,1,1
2022-07-26 15:13:06.722,14723,14725,14725,1,1
2022-07-26 15:13:06.922,14724,14725,14724,1,-1
2022-07-26 15:13:07.144,14723,14725,14725,2,2
2022-07-26 15:13:07.217,14723,14725,14725,1,1
2022-07-26 15:13:07.506,14722,14724,14722,1,-1
2022-07-26 15:13:09.958,14722,14723,14722,1,-1
2022-07-26 15:13:10.980,14721,14722,14722,2,2
2022-07-26 15:13:10.980,14721,14722,14723,1,1
2022-07-26 15:13:14.132,14721,14723,14723,3,3
2022-07-26 15:13:15.902,14722,14723,14722,1,-1
2022-07-26 15:13:16.028,14722,14723,14722,1,-1
2022-07-26 15:13:17.127,14721,14722,14721,1,-1
2022-07-26 15:13:18.120,14720,14721,14720,3,-3
2022-07-26 15:13:18.120,14720,14721,14720,1,-1
2022-07-26 15:13:18.623,14719,14720,14719,8,-8
2022-07-26 15:13:19.837,14718,14720,14720,3,3
2022-07-26 15:13:20.149,14718,14720,14720,1,1
2022-07-26 15:13:20.650,14718,14720,14720,1,1
2022-07-26 15:13:24.060,14719,14720,14720,1,1
2022-07-26 15:13:28.971,14719,14720,14720,1,1
2022-07-26 15:13:28.971,14719,14720,14720,1,1
2022-07-26 15:13:29.812,14720,14721,14721,1,1
2022-07-26 15:13:29.971,14721,14722,14722,3,3
2022-07-26 15:13:31.434,14723,14724,14723,1,-1
2022-07-26 15:13:35.067,14722,14723,14722,1,-1
2022-07-26 15:13:35.857,14722,14723,14723,1,1
2022-07-26 15:13:36.060,14723,14724,14724,1,1
2022-07-26 15:13:36.060,14723,14724,14724,1,1
2022-07-26 15:13:36.060,14723,14724,14724,1,1
2022-07-26 15:13:36.061,14723,14724,14724,1,1
2022-07-26 15:13:37.568,14723,14724,14723,1,-1
2022-07-26 15:13:37.582,14723,14724,14723,1,-1
2022-07-26 15:13:39.971,14723,14724,14723,1,-1
2022-07-26 15:13:41.115,14723,14724,14723,1,-1
2022-07-26 15:13:43.352,14723,14724,14723,2,-2
2022-07-26 15:13:43.551,14722,14723,14722,2,-2
2022-07-26 15:13:44.061,14722,14723,14722,2,-2
2022-07-26 15:13:44.364,14721,14723,14723,6,6
2022-07-26 15:13:44.365,14721,14723,14723,1,1
2022-07-26 15:13:44.365,14721,14723,14723,1,1
2022-07-26 15:13:46.891,14721,14723,14723,1,1
2022-07-26 15:13:49.330,14722,14724,14722,1,-1
2022-07-26 15:13:49.370,14721,14723,14721,1,-1
2022-07-26 15:13:49.805,14721,14724,14723,1,1
2022-07-26 15:13:51.279,14722,14724,14722,1,-1
2022-07-26 15:13:52.494,14721,14723,14723,3,3
2022-07-26 15:14:01.237,14721,14722,14721,1,-1
2022-07-26 15:14:01.339,14720,14721,14721,1,1
2022-07-26 15:14:01.339,14720,14721,14721,1,1
2022-07-26 15:14:01.726,14720,14722,14722,1,1
2022-07-26 15:14:05.282,14721,14722,14722,1,1
2022-07-26 15:14:06.582,14721,14723,14721,4,-4
2022-07-26 15:14:07.753,14722,14723,14722,2,-2
2022-07-26 15:14:09.371,14722,14723,14723,4,4
2022-07-26 15:14:09.371,14722,14723,14723,1,1
2022-07-26 15:14:09.372,14722,14723,14723,1,1
2022-07-26 15:14:12.086,14723,14724,14724,1,1
2022-07-26 15:14:12.087,14723,14724,14724,6,6
2022-07-26 15:14:12.087,14723,14724,14724,1,1
2022-07-26 15:14:12.087,14723,14724,14724,3,3
2022-07-26 15:14:12.087,14723,14724,14724,1,1
2022-07-26 15:14:12.087,14723,14724,14724,1,1
2022-07-26 15:14:12.087,14723,14724,14724,1,1
2022-07-26 15:14:12.087,14723,14724,14724,8,8
2022-07-26 15:14:12.997,14723,14725,14723,5,-5
2022-07-26 15:14:13.695,14723,14725,14725,3,3
2022-07-26 15:14:14.015,14724,14725,14724,1,-1
2022-07-26 15:14:16.268,14724,14725,14724,1,-1
2022-07-26 15:14:17.580,14723,14725,14723,2,-2
2022-07-26 15:14:17.747,14723,14724,14723,1,-1
2022-07-26 15:14:20.941,14722,14724,14722,1,-1
2022-07-26 15:14:23.882,14721,14723,14723,1,1
2022-07-26 15:14:27.339,14722,14724,14724,1,1
2022-07-26 15:14:27.460,14722,14724,14722,1,-1
2022-07-26 15:14:36.508,14720,14722,14720,1,-1
2022-07-26 15:14:36.587,14720,14722,14722,1,1
2022-07-26 15:14:36.635,14720,14722,14720,1,-1
2022-07-26 15:14:41.562,14720,14721,14720,1,-1
2022-07-26 15:14:41.591,14719,14721,14721,1,1
2022-07-26 15:14:43.153,14720,14721,14720,1,-1
2022-07-26 15:14:44.100,14719,14720,14720,1,1
2022-07-26 15:14:44.465,14719,14720,14719,1,-1
2022-07-26 15:14:44.465,14719,14720,14719,16,-16
2022-07-26 15:14:44.465,14719,14720,14719,2,-2
2022-07-26 15:14:44.465,14719,14720,14719,3,-3
2022-07-26 15:14:49.322,14718,14719,14718,1,-1
2022-07-26 15:14:49.527,14718,14719,14718,4,-4
2022-07-26 15:14:49.527,14718,14719,14718,1,-1
2022-07-26 15:14:49.527,14718,14719,14718,1,-1
2022-07-26 15:14:49.527,14718,14719,14718,2,-2
2022-07-26 15:14:50.028,14717,14718,14717,1,-1
2022-07-26 15:14:50.028,14717,14718,14717,2,-2
2022-07-26 15:14:51.486,14716,14717,14716,1,-1
2022-07-26 15:14:51.486,14716,14717,14716,6,-6
2022-07-26 15:14:51.487,14716,14717,14716,1,-1
2022-07-26 15:14:51.487,14716,14717,14716,2,-2
2022-07-26 15:14:51.487,14716,14717,14716,3,-3
2022-07-26 15:14:51.487,14716,14717,14716,1,-1
2022-07-26 15:14:51.487,14716,14717,14716,1,-1
2022-07-26 15:14:51.487,14716,14717,14716,1,-1
2022-07-26 15:14:51.487,14716,14717,14716,1,-1
2022-07-26 15:14:51.487,14716,14717,14716,4,-4
2022-07-26 15:14:51.487,14716,14717,14716,1,-1
2022-07-26 15:14:51.487,14716,14717,14716,1,-1
2022-07-26 15:15:00.042,14716,14717,14716,1,-1
2022-07-26 15:15:02.004,14716,14717,14716,1,-1
2022-07-26 15:15:02.578,14716,14717,14717,4,4
2022-07-26 15:15:04.269,14716,14717,14717,1,1
2022-07-26 15:15:05.758,14716,14718,14716,1,-1
2022-07-26 15:15:06.360,14716,14718,14716,3,-3
2022-07-26 15:15:09.241,14716,14717,14716,1,-1
2022-07-26 15:15:09.361,14715,14717,14716,1,-1
2022-07-26 15:15:09.534,14716,14717,14716,1,-1
2022-07-26 15:15:09.687,14716,14717,14716,1,-1
2022-07-26 15:15:10.246,14716,14717,14716,1,-1
2022-07-26 15:15:11.822,14716,14718,14716,1,-1
2022-07-26 15:15:12.902,14716,14718,14716,1,-1
2022-07-26 15:15:13.421,14716,14718,14716,2,-2
2022-07-26 15:15:17.188,14716,14718,14717,1,-1
2022-07-26 15:15:23.969,14717,14718,14717,1,-1
2022-07-26 15:15:24.651,14717,14718,14717,1,-1
2022-07-26 15:15:32.432,14717,14718,14718,1,1
2022-07-26 15:15:36.592,14717,14718,14717,1,-1
2022-07-26 15:15:39.499,14717,14718,14717,1,-1
2022-07-26 15:15:39.591,14717,14718,14718,1,1
2022-07-26 15:15:40.765,14717,14718,14717,1,-1
2022-07-26 15:15:42.188,14717,14718,14718,8,8
2022-07-26 15:15:44.909,14717,14718,14717,3,-3
2022-07-26 15:15:46.307,14716,14717,14717,1,1
2022-07-26 15:15:49.784,14716,14717,14717,1,1
2022-07-26 15:15:50.319,14716,14718,14716,3,-3
2022-07-26 15:15:55.576,14716,14717,14716,3,-3
2022-07-26 15:15:55.577,14716,14717,14716,7,-7
2022-07-26 15:15:56.380,14715,14716,14716,1,1
2022-07-26 15:16:06.291,14715,14716,14715,1,-1
2022-07-26 15:16:06.340,14715,14716,14716,1,1
2022-07-26 15:16:06.340,14715,14716,14716,1,1
2022-07-26 15:16:06.340,14715,14716,14716,1,1
2022-07-26 15:16:06.341,14715,14716,14716,1,1
2022-07-26 15:16:06.341,14715,14716,14716,10,10
2022-07-26 15:16:07.527,14716,14717,14717,4,4
2022-07-26 15:16:08.168,14717,14718,14718,1,1
2022-07-26 15:16:08.168,14717,14718,14718,5,5
2022-07-26 15:16:08.168,14717,14718,14718,1,1
2022-07-26 15:16:08.440,14718,14719,14718,2,-2
2022-07-26 15:16:10.863,14717,14718,14717,1,-1
2022-07-26 15:16:11.143,14717,14718,14717,5,-5
2022-07-26 15:16:11.144,14717,14718,14717,1,-1
2022-07-26 15:16:14.597,14716,14717,14716,1,-1
2022-07-26 15:16:16.137,14716,14717,14716,1,-1
2022-07-26 15:16:21.977,14716,14717,14716,1,-1
2022-07-26 15:16:33.238,14716,14717,14717,4,4
2022-07-26 15:16:33.238,14716,14717,14717,2,2
2022-07-26 15:16:33.238,14716,14717,14717,4,4
2022-07-26 15:16:33.238,14716,14717,14717,3,3
2022-07-26 15:16:33.244,14716,14717,14718,2,2
2022-07-26 15:16:33.244,14716,14717,14718,2,2
2022-07-26 15:16:37.339,14718,14719,14719,2,2
2022-07-26 15:16:50.253,14717,14719,14719,1,1
2022-07-26 15:16:55.240,14718,14719,14719,4,4
2022-07-26 15:16:55.240,14718,14719,14720,18,18
2022-07-26 15:16:55.242,14718,14719,14721,3,3
2022-07-26 15:16:55.242,14718,14719,14721,1,1
2022-07-26 15:16:55.242,14718,14719,14721,3,3
2022-07-26 15:16:55.599,14720,14722,14720,1,-1
2022-07-26 15:16:57.192,14721,14722,14721,1,-1
2022-07-26 15:16:59.524,14720,14721,14720,1,-1
2022-07-26 15:17:07.246,14720,14721,14721,1,1
2022-07-26 15:17:10.723,14720,14721,14720,1,-1
2022-07-26 15:17:12.987,14720,14721,14721,1,1
2022-07-26 15:17:13.348,14720,14721,14720,1,-1
2022-07-26 15:17:13.349,14720,14721,14720,3,-3
2022-07-26 15:17:13.349,14720,14721,14720,1,-1
2022-07-26 15:17:13.349,14720,14721,14720,15,-15
2022-07-26 15:17:13.349,14720,14721,14720,1,-1
2022-07-26 15:17:13.349,14720,14721,14720,1,-1
2022-07-26 15:17:13.349,14720,14721,14720,1,-1
2022-07-26 15:17:13.349,14720,14721,14720,1,-1
2022-07-26 15:17:13.349,14720,14721,14720,1,-1
2022-07-26 15:17:13.349,14720,14721,14720,4,-4
2022-07-26 15:17:13.501,14720,14721,14720,2,-2
2022-07-26 15:17:21.485,14720,14721,14720,1,-1
2022-07-26 15:17:21.897,14720,14721,14721,1,1
2022-07-26 15:17:21.897,14720,14721,14721,2,2
2022-07-26 15:17:22.862,14721,14722,14722,1,1
2022-07-26 15:17:23.493,14721,14722,14721,1,-1
2022-07-26 15:17:25.079,14721,14722,14722,1,1
2022-07-26 15:17:25.079,14721,14722,14722,9,9
2022-07-26 15:17:25.149,14721,14723,14723,3,3
2022-07-26 15:17:25.149,14721,14723,14723,2,2
2022-07-26 15:17:26.193,14723,14724,14724,2,2
2022-07-26 15:17:26.194,14723,14724,14724,1,1
2022-07-26 15:17:26.194,14723,14724,14724,1,1
2022-07-26 15:17:26.194,14723,14724,14724,1,1
2022-07-26 15:17:26.194,14723,14724,14724,1,1
2022-07-26 15:17:26.194,14723,14724,14724,8,8
2022-07-26 15:17:29.134,14724,14725,14724,1,-1
2022-07-26 15:17:34.065,14723,14724,14724,2,2
2022-07-26 15:17:41.503,14723,14724,14723,1,-1
2022-07-26 15:17:41.540,14723,14724,14723,1,-1
2022-07-26 15:17:44.970,14721,14722,14722,1,1
2022-07-26 15:17:46.462,14721,14722,14722,2,2
2022-07-26 15:17:47.397,14722,14723,14722,6,-6
2022-07-26 15:17:48.031,14721,14722,14721,2,-2
2022-07-26 15:17:49.039,14721,14722,14721,4,-4
2022-07-26 15:17:49.223,14720,14721,14720,1,-1
2022-07-26 15:17:51.835,14720,14721,14721,1,1
2022-07-26 15:17:51.909,14720,14721,14721,1,1
2022-07-26 15:17:52.568,14720,14721,14721,1,1
2022-07-26 15:17:53.371,14720,14721,14720,1,-1
2022-07-26 15:17:53.372,14720,14721,14720,5,-5
2022-07-26 15:17:53.372,14720,14721,14720,5,-5
2022-07-26 15:17:53.372,14720,14721,14720,1,-1
2022-07-26 15:17:53.372,14720,14721,14720,2,-2
2022-07-26 15:17:53.372,14720,14721,14720,1,-1
2022-07-26 15:17:53.372,14720,14721,14720,10,-10
2022-07-26 15:17:53.372,14720,14721,14720,1,-1
2022-07-26 15:17:56.978,14720,14721,14721,4,4
2022-07-26 15:17:58.636,14721,14722,14721,2,-2
2022-07-26 15:17:58.712,14720,14722,14720,1,-1
2022-07-26 15:18:02.405,14721,14722,14722,1,1
2022-07-26 15:18:02.405,14721,14722,14722,1,1
2022-07-26 15:18:02.405,14721,14722,14722,5,5
2022-07-26 15:18:03.398,14721,14723,14723,2,2
2022-07-26 15:18:03.429,14721,14723,14723,2,2
2022-07-26 15:18:03.481,14722,14724,14724,2,2
2022-07-26 15:18:03.628,14722,14724,14724,1,1
2022-07-26 15:18:03.635,14722,14724,14724,1,1
2022-07-26 15:18:04.786,14721,14723,14723,1,1
2022-07-26 15:18:05.822,14721,14722,14722,1,1
2022-07-26 15:18:06.672,14722,14724,14722,4,-4
2022-07-26 15:18:06.672,14722,14724,14721,6,-6
2022-07-26 15:18:13.591,14721,14722,14722,1,1
2022-07-26 15:18:16.859,14721,14723,14721,1,-1
2022-07-26 15:18:19.712,14721,14722,14721,10,-10
2022-07-26 15:18:20.988,14720,14721,14721,1,1
2022-07-26 15:18:21.699,14720,14721,14720,4,-4
2022-07-26 15:18:21.699,14720,14721,14720,1,-1
2022-07-26 15:18:21.700,14720,14721,14720,1,-1
2022-07-26 15:18:21.700,14720,14721,14720,5,-5
2022-07-26 15:18:21.700,14720,14721,14720,9,-9
2022-07-26 15:18:21.870,14719,14720,14719,1,-1
2022-07-26 15:18:22.305,14719,14720,14720,8,8
2022-07-26 15:18:27.222,14719,14720,14719,1,-1
2022-07-26 15:18:35.768,14720,14721,14720,1,-1
2022-07-26 15:18:35.887,14720,14721,14721,9,9
2022-07-26 15:18:36.128,14721,14722,14721,3,-3
2022-07-26 15:18:37.440,14721,14722,14722,1,1
2022-07-26 15:18:37.441,14721,14722,14722,1,1
2022-07-26 15:18:37.545,14722,14723,14723,1,1
2022-07-26 15:18:37.829,14722,14724,14724,1,1
2022-07-26 15:18:41.720,14723,14724,14724,1,1
2022-07-26 15:18:41.720,14723,14724,14724,3,3
2022-07-26 15:18:41.720,14723,14724,14724,1,1
2022-07-26 15:18:41.720,14723,14724,14724,1,1
2022-07-26 15:18:41.720,14723,14724,14724,4,4
2022-07-26 15:18:41.721,14723,14724,14724,2,2
2022-07-26 15:18:41.926,14724,14725,14724,1,-1
2022-07-26 15:18:42.962,14724,14725,14725,3,3
2022-07-26 15:18:42.962,14724,14725,14725,2,2
2022-07-26 15:18:42.962,14724,14725,14725,1,1
2022-07-26 15:18:42.962,14724,14725,14725,1,1
2022-07-26 15:18:42.962,14724,14725,14725,7,7
2022-07-26 15:18:42.962,14724,14725,14725,4,4
2022-07-26 15:18:43.095,14725,14726,14726,1,1
2022-07-26 15:18:44.435,14725,14726,14726,2,2
2022-07-26 15:18:44.492,14725,14726,14726,2,2
2022-07-26 15:18:46.281,14725,14726,14726,3,3
2022-07-26 15:18:47.058,14725,14726,14726,4,4
2022-07-26 15:18:51.197,14725,14726,14726,2,2
2022-07-26 15:18:51.440,14725,14726,14726,1,1
2022-07-26 15:18:53.650,14725,14726,14726,1,1
2022-07-26 15:18:55.637,14725,14726,14725,2,-2
2022-07-26 15:18:58.578,14725,14726,14725,3,-3
2022-07-26 15:18:59.538,14724,14726,14724,8,-8
2022-07-26 15:19:01.562,14724,14725,14724,1,-1
2022-07-26 15:19:01.697,14722,14724,14722,3,-3
2022-07-26 15:19:01.697,14722,14724,14721,2,-2
2022-07-26 15:19:01.853,14721,14723,14723,1,1
2022-07-26 15:19:02.945,14722,14724,14724,8,8
2022-07-26 15:19:08.588,14723,14724,14724,2,2
2022-07-26 15:19:18.367,14723,14725,14725,1,1
2022-07-26 15:19:21.163,14724,14725,14725,1,1
2022-07-26 15:19:21.384,14724,14725,14725,2,2
2022-07-26 15:19:22.153,14725,14726,14726,3,3
2022-07-26 15:19:22.153,14725,14726,14726,2,2
2022-07-26 15:19:22.153,14725,14726,14726,4,4
2022-07-26 15:19:22.591,14726,14727,14726,1,-1
2022-07-26 15:19:24.133,14726,14727,14727,1,1
2022-07-26 15:19:25.585,14725,14726,14725,1,-1
2022-07-26 15:19:25.766,14725,14727,14726,1,-1
2022-07-26 15:19:26.348,14726,14727,14726,1,-1
2022-07-26 15:19:27.215,14726,14727,14726,1,-1
2022-07-26 15:19:28.821,14726,14727,14727,1,1
2022-07-26 15:19:31.531,14726,14727,14727,1,1
2022-07-26 15:19:31.666,14726,14727,14727,1,1
2022-07-26 15:19:32.397,14726,14727,14726,1,-1
2022-07-26 15:19:36.061,14726,14727,14727,4,4
2022-07-26 15:19:36.061,14726,14727,14727,2,2
2022-07-26 15:19:36.061,14726,14727,14727,1,1
2022-07-26 15:19:36.061,14726,14727,14727,1,1
2022-07-26 15:19:36.061,14726,14727,14727,1,1
2022-07-26 15:19:36.062,14726,14727,14727,6,6
2022-07-26 15:19:36.062,14726,14727,14727,5,5
2022-07-26 15:19:36.062,14726,14727,14727,1,1
2022-07-26 15:19:36.062,14726,14727,14727,7,7
2022-07-26 15:19:37.059,14727,14728,14727,1,-1
2022-07-26 15:19:37.180,14727,14728,14727,1,-1
2022-07-26 15:19:37.375,14727,14728,14727,1,-1
2022-07-26 15:19:38.012,14727,14728,14728,3,3
2022-07-26 15:19:38.665,14727,14728,14728,1,1
2022-07-26 15:19:38.688,14727,14728,14728,1,1
2022-07-26 15:19:38.693,14727,14728,14728,1,1
2022-07-26 15:19:38.890,14727,14728,14727,2,-2
2022-07-26 15:19:39.307,14727,14728,14727,1,-1
2022-07-26 15:19:39.789,14727,14728,14728,4,4
2022-07-26 15:19:41.033,14727,14728,14727,1,-1
2022-07-26 15:19:41.186,14727,14728,14727,1,-1
2022-07-26 15:19:41.696,14727,14728,14728,13,13
2022-07-26 15:19:42.423,14728,14729,14728,1,-1
2022-07-26 15:19:43.632,14728,14729,14729,1,1
2022-07-26 15:19:43.711,14728,14729,14729,8,8
2022-07-26 15:19:43.711,14728,14729,14729,4,4
2022-07-26 15:19:43.729,14728,14729,14728,1,-1
2022-07-26 15:19:44.109,14728,14729,14729,1,1
2022-07-26 15:19:44.747,14728,14729,14729,1,1
2022-07-26 15:19:48.660,14728,14729,14728,1,-1
2022-07-26 15:19:48.766,14728,14729,14728,1,-1
2022-07-26 15:19:50.068,14728,14729,14728,1,-1
2022-07-26 15:19:56.578,14728,14729,14729,1,1
2022-07-26 15:19:56.723,14728,14729,14728,3,-3
2022-07-26 15:19:56.724,14728,14729,14728,1,-1
2022-07-26 15:19:58.493,14727,14729,14729,1,1
2022-07-26 15:19:59.259,14727,14729,14729,1,1
2022-07-26 15:20:00.192,14728,14729,14729,2,2
2022-07-26 15:20:00.218,14728,14729,14729,1,1
2022-07-26 15:20:00.218,14728,14729,14729,1,1
2022-07-26 15:20:00.219,14728,14729,14729,1,1
2022-07-26 15:20:00.220,14728,14729,14729,1,1
2022-07-26 15:20:00.550,14728,14729,14729,1,1
2022-07-26 15:20:00.565,14728,14729,14729,5,5
2022-07-26 15:20:00.668,14728,14730,14730,1,1
2022-07-26 15:20:00.731,14728,14730,14730,3,3
2022-07-26 15:20:00.830,14728,14730,14730,1,1
2022-07-26 15:20:00.846,14728,14730,14730,1,1
2022-07-26 15:20:01.005,14728,14730,14730,1,1
2022-07-26 15:20:01.723,14727,14729,14729,1,1
2022-07-26 15:20:02.168,14727,14729,14729,1,1
2022-07-26 15:20:02.181,14727,14729,14729,1,1
2022-07-26 15:20:02.982,14727,14728,14728,2,2
2022-07-26 15:20:03.687,14727,14729,14729,2,2
2022-07-26 15:20:04.274,14728,14729,14728,1,-1
2022-07-26 15:20:04.400,14728,14729,14728,4,-4
2022-07-26 15:20:04.466,14728,14729,14729,1,1
2022-07-26 15:20:04.466,14728,14729,14729,5,5
2022-07-26 15:20:04.682,14729,14730,14729,2,-2
2022-07-26 15:20:04.683,14729,14730,14729,1,-1
2022-07-26 15:20:05.792,14729,14730,14729,1,-1
2022-07-26 15:20:05.893,14729,14730,14729,1,-1
2022-07-26 15:20:06.013,14729,14730,14729,2,-2
2022-07-26 15:20:06.511,14729,14730,14729,2,-2
2022-07-26 15:20:06.526,14729,14730,14730,4,4
2022-07-26 15:20:07.528,14729,14730,14729,1,-1
2022-07-26 15:20:07.593,14729,14730,14730,1,1
2022-07-26 15:20:07.672,14729,14730,14730,2,2
2022-07-26 15:20:08.184,14729,14730,14730,1,1
2022-07-26 15:20:08.184,14729,14730,14730,4,4
2022-07-26 15:20:08.184,14729,14730,14730,1,1
2022-07-26 15:20:08.184,14729,14730,14730,1,1
2022-07-26 15:20:08.184,14729,14730,14730,6,6
2022-07-26 15:20:08.184,14729,14730,14730,3,3
2022-07-26 15:20:08.184,14729,14730,14730,1,1
2022-07-26 15:20:08.185,14729,14730,14730,1,1
2022-07-26 15:20:08.185,14729,14730,14730,4,4
2022-07-26 15:20:08.185,14729,14730,14730,1,1
2022-07-26 15:20:08.185,14729,14730,14730,1,1
2022-07-26 15:20:08.187,14729,14730,14730,5,5
2022-07-26 15:20:09.622,14729,14730,14730,1,1
2022-07-26 15:20:15.260,14729,14730,14729,1,-1
2022-07-26 15:20:15.260,14729,14730,14729,3,-3
2022-07-26 15:20:15.261,14729,14730,14729,1,-1
2022-07-26 15:20:15.327,14729,14730,14728,1,-1
2022-07-26 15:20:15.327,14729,14730,14728,1,-1
2022-07-26 15:20:15.327,14729,14730,14728,1,-1
2022-07-26 15:20:15.603,14727,14729,14727,5,-5
2022-07-26 15:20:15.610,14727,14729,14727,1,-1
2022-07-26 15:20:15.699,14727,14729,14728,1,-1
2022-07-26 15:20:25.084,14726,14727,14727,1,1
2022-07-26 15:20:26.367,14726,14727,14727,1,1
2022-07-26 15:20:30.046,14727,14728,14727,1,-1
2022-07-26 15:20:30.087,14726,14727,14727,1,1
2022-07-26 15:20:30.703,14726,14727,14726,1,-1
2022-07-26 15:20:30.703,14726,14727,14726,5,-5
2022-07-26 15:20:34.002,14725,14726,14725,1,-1
2022-07-26 15:20:34.003,14725,14726,14725,2,-2
2022-07-26 15:20:34.004,14725,14726,14725,1,-1
2022-07-26 15:20:34.303,14724,14725,14724,1,-1
2022-07-26 15:20:34.921,14724,14725,14725,1,1
2022-07-26 15:20:34.922,14724,14725,14725,1,1
2022-07-26 15:20:35.065,14724,14726,14726,3,3
2022-07-26 15:20:37.186,14724,14725,14725,3,3
2022-07-26 15:20:37.218,14724,14725,14725,1,1
2022-07-26 15:20:38.319,14724,14725,14724,1,-1
2022-07-26 15:20:38.319,14724,14725,14724,1,-1
2022-07-26 15:20:38.326,14724,14725,14723,2,-2
2022-07-26 15:20:38.561,14722,14724,14722,1,-1
2022-07-26 15:20:39.235,14722,14724,14724,1,1
2022-07-26 15:20:39.471,14723,14724,14724,1,1
2022-07-26 15:20:39.959,14723,14724,14724,1,1
2022-07-26 15:20:42.584,14723,14724,14723,1,-1
2022-07-26 15:20:44.221,14723,14724,14724,1,1
2022-07-26 15:20:44.222,14723,14724,14724,1,1
2022-07-26 15:20:51.767,14723,14724,14724,1,1
2022-07-26 15:20:54.731,14723,14724,14724,1,1
2022-07-26 15:20:54.732,14723,14724,14724,2,2
2022-07-26 15:20:56.465,14723,14724,14724,1,1
2022-07-26 15:20:57.704,14723,14724,14724,1,1
2022-07-26 15:21:02.586,14723,14724,14724,1,1
2022-07-26 15:21:02.767,14724,14725,14724,1,-1
2022-07-26 15:21:06.732,14723,14724,14723,1,-1
2022-07-26 15:21:09.496,14723,14724,14723,8,-8
2022-07-26 15:21:09.512,14723,14724,14722,3,-3
2022-07-26 15:21:12.152,14722,14723,14722,1,-1
2022-07-26 15:21:14.010,14722,14723,14723,5,5
2022-07-26 15:21:14.010,14722,14723,14724,15,15
2022-07-26 15:21:19.230,14722,14723,14722,7,-7
2022-07-26 15:21:19.623,14721,14722,14721,1,-1
2022-07-26 15:21:19.624,14721,14722,14721,3,-3
2022-07-26 15:21:19.624,14721,14722,14721,4,-4
2022-07-26 15:21:19.624,14721,14722,14721,1,-1
2022-07-26 15:21:21.944,14721,14722,14722,1,1
2022-07-26 15:21:24.980,14721,14722,14722,1,1
2022-07-26 15:21:25.204,14721,14722,14721,3,-3
2022-07-26 15:21:26.006,14721,14722,14721,2,-2
2022-07-26 15:21:26.211,14721,14722,14722,1,1
2022-07-26 15:21:35.804,14721,14722,14721,1,-1
2022-07-26 15:21:36.315,14721,14722,14721,3,-3
2022-07-26 15:21:36.315,14721,14722,14721,1,-1
2022-07-26 15:21:36.315,14721,14722,14721,3,-3
2022-07-26 15:21:36.316,14721,14722,14721,4,-4
2022-07-26 15:21:40.959,14721,14722,14722,3,3
2022-07-26 15:21:46.471,14721,14723,14721,1,-1
2022-07-26 15:21:51.293,14721,14722,14722,4,4
2022-07-26 15:21:51.293,14721,14722,14722,1,1
2022-07-26 15:21:51.293,14721,14722,14722,2,2
2022-07-26 15:21:51.293,14721,14722,14722,1,1
2022-07-26 15:21:51.293,14721,14722,14722,2,2
2022-07-26 15:21:51.641,14722,14723,14722,1,-1
2022-07-26 15:21:55.946,14722,14723,14723,3,3
2022-07-26 15:21:55.946,14722,14723,14724,17,17
2022-07-26 15:21:56.629,14723,14725,14725,1,1
2022-07-26 15:22:09.849,14722,14724,14722,2,-2
2022-07-26 15:22:13.623,14722,14723,14722,4,-4
2022-07-26 15:22:13.716,14721,14722,14721,2,-2
2022-07-26 15:22:18.201,14721,14722,14722,1,1
2022-07-26 15:22:18.201,14721,14722,14722,1,1
2022-07-26 15:22:19.031,14722,14723,14722,1,-1
2022-07-26 15:22:19.887,14722,14723,14723,1,1
2022-07-26 15:22:19.981,14722,14724,14722,1,-1
2022-07-26 15:22:22.199,14722,14724,14722,6,-6
2022-07-26 15:22:39.073,14721,14722,14721,1,-1
2022-07-26 15:22:47.616,14721,14722,14721,10,-10
2022-07-26 15:22:50.523,14721,14722,14721,2,-2
2022-07-26 15:22:51.501,14721,14722,14721,1,-1
2022-07-26 15:22:52.930,14721,14722,14721,3,-3
2022-07-26 15:22:53.784,14720,14721,14721,1,1
2022-07-26 15:22:55.424,14720,14721,14721,1,1
2022-07-26 15:22:59.073,14721,14722,14721,1,-1
2022-07-26 15:23:00.765,14721,14722,14721,1,-1
2022-07-26 15:23:01.195,14721,14722,14722,1,1
2022-07-26 15:23:01.576,14721,14722,14722,1,1
2022-07-26 15:23:04.673,14721,14722,14722,7,7
2022-07-26 15:23:07.701,14721,14723,14721,1,-1
2022-07-26 15:23:11.019,14721,14723,14722,1,-1
2022-07-26 15:23:12.348,14721,14722,14721,1,-1
2022-07-26 15:23:14.195,14721,14722,14722,1,1
2022-07-26 15:23:15.034,14721,14722,14722,1,1
2022-07-26 15:23:16.685,14721,14722,14722,1,1
2022-07-26 15:23:18.139,14721,14722,14722,1,1
2022-07-26 15:23:19.666,14721,14722,14722,1,1
2022-07-26 15:23:21.195,14721,14722,14722,1,1
2022-07-26 15:23:28.706,14721,14722,14722,1,1
2022-07-26 15:23:35.266,14721,14722,14721,2,-2
2022-07-26 15:23:35.266,14721,14722,14721,1,-1
2022-07-26 15:23:39.150,14721,14722,14721,1,-1
2022-07-26 15:23:41.436,14720,14721,14721,1,1
2022-07-26 15:23:42.129,14720,14721,14721,2,2
2022-07-26 15:23:42.326,14721,14722,14722,4,4
2022-07-26 15:23:44.173,14722,14723,14722,1,-1
2022-07-26 15:23:46.457,14722,14723,14722,1,-1
2022-07-26 15:23:50.309,14722,14723,14722,1,-1
2022-07-26 15:23:51.960,14722,14723,14723,4,4
2022-07-26 15:23:51.960,14722,14723,14723,1,1
2022-07-26 15:23:51.961,14722,14723,14723,1,1
2022-07-26 15:23:51.961,14722,14723,14723,2,2
2022-07-26 15:24:02.587,14723,14724,14724,10,10
2022-07-26 15:24:02.587,14723,14724,14725,8,8
2022-07-26 15:24:03.132,14723,14724,14724,1,1
2022-07-26 15:24:08.899,14723,14724,14723,1,-1
2022-07-26 15:24:10.057,14722,14723,14723,2,2
2022-07-26 15:24:14.195,14722,14723,14723,1,1
2022-07-26 15:24:34.624,14722,14723,14722,1,-1
2022-07-26 15:24:43.698,14722,14723,14722,1,-1
2022-07-26 15:24:44.827,14722,14723,14722,6,-6
2022-07-26 15:24:45.596,14721,14722,14722,1,1
2022-07-26 15:24:47.275,14721,14722,14721,1,-1
2022-07-26 15:24:47.275,14721,14722,14721,5,-5
2022-07-26 15:24:47.275,14721,14722,14721,1,-1
2022-07-26 15:25:00.497,14720,14721,14721,3,3
2022-07-26 15:25:04.499,14720,14721,14721,1,1
2022-07-26 15:25:05.021,14720,14722,14722,1,1
2022-07-26 15:25:16.325,14720,14721,14721,1,1
2022-07-26 15:25:25.070,14722,14723,14723,2,2
2022-07-26 15:25:25.070,14722,14723,14723,3,3
2022-07-26 15:25:27.358,14723,14724,14723,2,-2
2022-07-26 15:25:27.409,14723,14724,14723,1,-1
2022-07-26 15:25:27.812,14723,14724,14724,1,1
2022-07-26 15:25:27.875,14723,14724,14724,4,4
2022-07-26 15:25:31.665,14724,14725,14725,1,1
2022-07-26 15:25:31.665,14724,14725,14725,1,1
2022-07-26 15:25:31.665,14724,14725,14725,7,7
2022-07-26 15:25:31.665,14724,14725,14725,4,4
2022-07-26 15:25:31.665,14724,14725,14725,1,1
2022-07-26 15:25:42.140,14724,14725,14725,1,1
2022-07-26 15:25:42.601,14724,14725,14725,1,1
2022-07-26 15:25:46.469,14724,14725,14725,1,1
2022-07-26 15:25:46.469,14724,14725,14725,1,1
2022-07-26 15:25:49.962,14725,14726,14725,1,-1
2022-07-26 15:25:49.962,14725,14726,14724,1,-1
2022-07-26 15:26:00.150,14724,14725,14725,1,1
2022-07-26 15:26:04.578,14724,14725,14724,9,-9
2022-07-26 15:26:04.579,14724,14725,14724,1,-1
2022-07-26 15:26:18.488,14723,14724,14724,2,2
2022-07-26 15:26:20.116,14723,14725,14725,1,1
2022-07-26 15:26:22.805,14723,14724,14723,1,-1
2022-07-26 15:26:25.027,14723,14724,14723,1,-1
2022-07-26 15:26:25.027,14723,14724,14722,2,-2
2022-07-26 15:26:28.845,14722,14723,14722,1,-1
2022-07-26 15:26:29.752,14722,14723,14722,1,-1
2022-07-26 15:26:59.850,14722,14723,14723,1,1
2022-07-26 15:26:59.850,14722,14723,14723,1,1
2022-07-26 15:27:03.274,14723,14724,14724,1,1
2022-07-26 15:27:03.275,14723,14724,14724,2,2
2022-07-26 15:27:03.275,14723,14724,14724,2,2
2022-07-26 15:27:03.346,14724,14725,14725,1,1
2022-07-26 15:27:03.346,14724,14725,14725,1,1
2022-07-26 15:27:03.929,14724,14725,14725,4,4
2022-07-26 15:27:03.929,14724,14725,14725,1,1
2022-07-26 15:27:03.930,14724,14725,14725,3,3
2022-07-26 15:27:03.930,14724,14725,14725,20,20
2022-07-26 15:27:05.082,14725,14726,14726,1,1
2022-07-26 15:27:12.556,14725,14726,14726,1,1
2022-07-26 15:27:13.551,14725,14726,14726,1,1
2022-07-26 15:27:31.723,14725,14726,14725,2,-2
2022-07-26 15:27:31.724,14725,14726,14725,2,-2
2022-07-26 15:27:35.380,14724,14726,14726,1,1
2022-07-26 15:27:48.228,14724,14725,14724,1,-1
2022-07-26 15:27:48.228,14724,14725,14724,1,-1
2022-07-26 15:27:52.440,14723,14724,14724,1,1
2022-07-26 15:28:00.673,14723,14724,14723,1,-1
2022-07-26 15:28:00.713,14722,14723,14723,1,1
2022-07-26 15:28:00.714,14722,14723,14724,2,2
2022-07-26 15:28:00.714,14722,14723,14724,2,2
2022-07-26 15:28:00.714,14722,14723,14724,1,1
2022-07-26 15:28:12.354,14722,14723,14722,7,-7
2022-07-26 15:28:12.877,14721,14723,14721,1,-1
2022-07-26 15:28:12.878,14721,14723,14721,4,-4
2022-07-26 15:28:12.878,14721,14723,14721,1,-1
2022-07-26 15:28:12.878,14721,14723,14721,4,-4
2022-07-26 15:28:18.252,14721,14722,14721,1,-1
2022-07-26 15:28:24.371,14721,14722,14721,2,-2
2022-07-26 15:28:24.468,14720,14722,14722,1,1
2022-07-26 15:28:27.007,14720,14721,14721,1,1
2022-07-26 15:28:39.984,14720,14721,14721,1,1
2022-07-26 15:28:40.497,14720,14721,14720,1,-1
2022-07-26 15:28:40.711,14720,14721,14721,2,2
2022-07-26 15:28:54.686,14721,14722,14721,1,-1
2022-07-26 15:28:57.573,14720,14722,14720,2,-2
2022-07-26 15:29:05.916,14721,14723,14721,1,-1
2022-07-26 15:29:09.083,14721,14723,14721,1,-1
2022-07-26 15:29:17.404,14721,14723,14721,4,-4
2022-07-26 15:29:18.241,14721,14722,14722,1,1
2022-07-26 15:29:25.582,14721,14722,14721,1,-1
2022-07-26 15:29:26.030,14721,14722,14722,1,1
2022-07-26 15:29:30.244,14721,14722,14722,1,1
2022-07-26 15:29:30.244,14721,14722,14722,1,1
2022-07-26 15:29:34.282,14722,14723,14723,1,1
2022-07-26 15:29:34.283,14722,14723,14723,2,2
2022-07-26 15:29:34.355,14723,14724,14723,1,-1
2022-07-26 15:29:36.867,14723,14724,14723,2,-2
2022-07-26 15:29:36.867,14723,14724,14722,3,-3
2022-07-26 15:29:52.412,14722,14723,14722,1,-1
2022-07-26 15:29:52.654,14721,14722,14722,1,1
2022-07-26 15:29:52.696,14721,14722,14722,1,1
2022-07-26 15:29:54.322,14721,14722,14722,2,2
2022-07-26 15:29:54.370,14721,14722,14722,1,1
2022-07-26 15:29:55.834,14721,14722,14722,1,1
2022-07-26 15:29:58.194,14721,14722,14721,3,-3
2022-07-26 15:30:01.069,14721,14722,14721,1,-1
2022-07-26 15:30:01.114,14720,14722,14722,1,1
2022-07-26 15:30:01.673,14720,14722,14722,2,2
2022-07-26 15:30:01.688,14720,14722,14722,2,2
2022-07-26 15:30:01.767,14720,14722,14720,1,-1
2022-07-26 15:30:01.856,14720,14722,14720,2,-2
2022-07-26 15:30:06.990,14720,14722,14722,1,1
2022-07-26 15:30:08.433,14720,14722,14720,5,-5
2022-07-26 15:30:11.311,14721,14722,14721,1,-1
2022-07-26 15:30:11.311,14721,14722,14721,1,-1
2022-07-26 15:30:11.311,14721,14722,14721,1,-1
2022-07-26 15:30:14.138,14720,14721,14721,1,1
2022-07-26 15:30:17.441,14720,14721,14720,1,-1
2022-07-26 15:30:17.442,14720,14721,14720,1,-1
2022-07-26 15:30:17.442,14720,14721,14720,1,-1
2022-07-26 15:30:17.442,14720,14721,14720,2,-2
2022-07-26 15:30:17.442,14720,14721,14720,3,-3
2022-07-26 15:30:17.442,14720,14721,14720,1,-1
2022-07-26 15:30:17.442,14720,14721,14720,1,-1
2022-07-26 15:30:19.414,14720,14721,14721,1,1
2022-07-26 15:30:21.287,14720,14721,14720,1,-1
2022-07-26 15:30:21.287,14720,14721,14720,6,-6
2022-07-26 15:30:21.287,14720,14721,14720,3,-3
2022-07-26 15:30:21.288,14720,14721,14720,3,-3
2022-07-26 15:30:21.288,14720,14721,14720,6,-6
2022-07-26 15:30:21.288,14720,14721,14720,1,-1
2022-07-26 15:30:21.288,14720,14721,14720,15,-15
2022-07-26 15:30:21.674,14719,14720,14720,1,1
2022-07-26 15:30:25.524,14720,14721,14720,1,-1
2022-07-26 15:30:34.942,14719,14720,14720,1,1
2022-07-26 15:30:36.190,14720,14722,14721,1,1
2022-07-26 15:30:37.295,14720,14722,14721,1,1
2022-07-26 15:30:38.057,14720,14722,14721,1,1
2022-07-26 15:30:39.598,14720,14722,14721,1,1
2022-07-26 15:30:59.838,14720,14721,14720,1,-1
2022-07-26 15:30:59.838,14720,14721,14720,1,-1
2022-07-26 15:31:01.190,14719,14721,14721,3,3
2022-07-26 15:31:03.455,14720,14721,14720,1,-1
2022-07-26 15:31:03.455,14720,14721,14719,3,-3
2022-07-26 15:31:06.605,14719,14721,14721,3,3
2022-07-26 15:31:09.762,14719,14720,14720,1,1
2022-07-26 15:31:09.812,14719,14720,14720,1,1
2022-07-26 15:31:10.094,14721,14722,14721,1,-1
2022-07-26 15:31:10.094,14721,14722,14720,1,-1
2022-07-26 15:31:10.243,14721,14722,14721,1,-1
2022-07-26 15:31:11.102,14721,14722,14722,1,1
2022-07-26 15:31:11.102,14721,14722,14722,1,1
2022-07-26 15:31:11.456,14721,14722,14722,4,4
2022-07-26 15:31:11.456,14721,14722,14722,1,1
2022-07-26 15:31:11.456,14721,14722,14722,1,1
2022-07-26 15:31:11.456,14721,14722,14722,1,1
2022-07-26 15:31:18.737,14722,14723,14722,4,-4
2022-07-26 15:31:24.285,14721,14723,14723,1,1
2022-07-26 15:31:24.286,14721,14723,14724,12,12
2022-07-26 15:31:47.141,14723,14724,14724,1,1
2022-07-26 15:31:48.120,14723,14724,14723,2,-2
2022-07-26 15:31:50.274,14723,14724,14723,1,-1
2022-07-26 15:31:56.268,14722,14724,14722,2,-2
2022-07-26 15:32:06.800,14722,14723,14722,1,-1
2022-07-26 15:32:06.800,14722,14723,14722,1,-1
2022-07-26 15:32:06.840,14722,14723,14722,1,-1
2022-07-26 15:32:08.050,14721,14722,14721,1,-1
2022-07-26 15:32:08.088,14721,14722,14722,1,1
2022-07-26 15:32:19.149,14722,14723,14723,1,1
2022-07-26 15:32:19.149,14722,14723,14723,1,1
2022-07-26 15:32:31.992,14723,14724,14723,1,-1
2022-07-26 15:32:35.611,14723,14724,14724,2,2
2022-07-26 15:32:35.611,14723,14724,14725,1,1
2022-07-26 15:32:40.333,14724,14725,14725,1,1
2022-07-26 15:32:40.333,14724,14725,14725,2,2
2022-07-26 15:32:40.333,14724,14725,14725,1,1
2022-07-26 15:32:40.333,14724,14725,14725,10,10
2022-07-26 15:32:46.441,14724,14725,14725,1,1
2022-07-26 15:32:53.377,14724,14725,14725,1,1
2022-07-26 15:33:05.560,14724,14725,14725,1,1
2022-07-26 15:33:12.994,14724,14725,14724,2,-2
2022-07-26 15:33:22.437,14723,14724,14723,2,-2
2022-07-26 15:33:43.508,14721,14723,14723,1,1
2022-07-26 15:33:52.867,14721,14723,14721,2,-2
2022-07-26 15:33:53.158,14721,14722,14721,5,-5
2022-07-26 15:34:03.515,14721,14722,14722,5,5
2022-07-26 15:34:11.473,14721,14722,14721,7,-7
2022-07-26 15:34:21.111,14720,14721,14721,1,1
2022-07-26 15:34:21.873,14720,14721,14721,2,2
2022-07-26 15:34:21.874,14720,14721,14721,3,3
2022-07-26 15:34:26.180,14720,14721,14721,1,1
2022-07-26 15:34:35.334,14721,14722,14721,1,-1
2022-07-26 15:34:36.676,14721,14722,14721,2,-2
2022-07-26 15:34:44.376,14720,14721,14721,4,4
2022-07-26 15:34:44.376,14720,14721,14722,1,1
2022-07-26 15:34:59.523,14720,14721,14720,13,-13
2022-07-26 15:35:17.615,14719,14720,14719,1,-1
2022-07-26 15:35:18.177,14719,14720,14720,5,5
2022-07-26 15:35:19.862,14719,14720,14719,7,-7
2022-07-26 15:35:19.862,14719,14720,14719,1,-1
2022-07-26 15:35:19.863,14719,14720,14719,1,-1
2022-07-26 15:35:21.542,14719,14720,14719,1,-1
2022-07-26 15:35:23.004,14718,14720,14720,1,1
2022-07-26 15:35:30.180,14718,14719,14719,1,1
2022-07-26 15:35:31.207,14719,14720,14719,1,-1
2022-07-26 15:35:34.431,14719,14720,14719,1,-1
2022-07-26 15:35:49.019,14719,14720,14719,2,-2
2022-07-26 15:35:52.536,14719,14720,14720,7,7
2022-07-26 15:35:55.876,14719,14720,14720,1,1
2022-07-26 15:36:14.209,14720,14721,14720,1,-1
2022-07-26 15:36:18.085,14720,14721,14720,1,-1
2022-07-26 15:36:25.243,14720,14721,14720,1,-1
2022-07-26 15:36:34.214,14720,14721,14720,1,-1
2022-07-26 15:36:36.339,14720,14721,14720,1,-1
2022-07-26 15:36:36.339,14720,14721,14720,2,-2
2022-07-26 15:36:36.339,14720,14721,14720,4,-4
2022-07-26 15:36:38.858,14719,14721,14721,1,1
2022-07-26 15:36:38.982,14719,14721,14721,1,1
2022-07-26 15:36:43.328,14719,14720,14720,1,1
2022-07-26 15:36:55.233,14719,14720,14719,1,-1
2022-07-26 15:37:00.468,14719,14720,14719,1,-1
2022-07-26 15:37:10.048,14719,14720,14720,1,1
2022-07-26 15:37:15.617,14719,14720,14719,5,-5
2022-07-26 15:37:15.617,14719,14720,14718,19,-19
2022-07-26 15:37:15.619,14719,14720,14718,26,-26
2022-07-26 15:37:15.619,14719,14720,14718,1,-1
2022-07-26 15:37:15.620,14719,14720,14718,1,-1
2022-07-26 15:37:16.987,14717,14718,14718,2,2
2022-07-26 15:37:20.356,14717,14718,14717,3,-3
2022-07-26 15:37:20.356,14717,14718,14717,1,-1
2022-07-26 15:37:24.481,14716,14717,14717,3,3
2022-07-26 15:37:31.787,14717,14718,14717,4,-4
2022-07-26 15:37:37.770,14717,14718,14717,3,-3
2022-07-26 15:37:37.770,14717,14718,14716,30,-30
2022-07-26 15:37:37.771,14717,14718,14716,17,-17
2022-07-26 15:37:37.772,14717,14718,14716,1,-1
2022-07-26 15:37:40.411,14716,14717,14716,2,-2
2022-07-26 15:37:42.426,14716,14717,14716,1,-1
2022-07-26 15:37:42.948,14716,14717,14716,2,-2
2022-07-26 15:37:44.404,14716,14717,14716,1,-1
2022-07-26 15:37:44.603,14716,14717,14716,3,-3
2022-07-26 15:37:45.431,14716,14717,14716,1,-1
2022-07-26 15:37:45.800,14716,14717,14717,3,3
2022-07-26 15:37:46.022,14717,14718,14717,1,-1
2022-07-26 15:37:46.905,14717,14718,14717,1,-1
2022-07-26 15:37:48.810,14717,14718,14717,1,-1
2022-07-26 15:37:49.681,14717,14718,14718,1,1
2022-07-26 15:37:49.681,14717,14718,14718,1,1
2022-07-26 15:37:49.681,14717,14718,14718,1,1
2022-07-26 15:37:52.019,14717,14719,14717,4,-4
2022-07-26 15:37:54.644,14718,14719,14718,2,-2
2022-07-26 15:38:00.363,14717,14718,14718,1,1
2022-07-26 15:38:00.363,14717,14718,14718,1,1
2022-07-26 15:38:00.363,14717,14718,14718,2,2
2022-07-26 15:38:01.113,14718,14719,14718,1,-1
2022-07-26 15:38:01.273,14718,14719,14719,1,1
2022-07-26 15:38:01.416,14718,14719,14719,1,1
2022-07-26 15:38:02.854,14718,14719,14719,1,1
2022-07-26 15:38:07.013,14718,14719,14719,1,1
2022-07-26 15:38:07.053,14718,14719,14718,1,-1
2022-07-26 15:38:12.584,14718,14719,14718,1,-1
2022-07-26 15:38:13.080,14718,14719,14718,2,-2
2022-07-26 15:38:14.788,14717,14718,14718,1,1
2022-07-26 15:38:21.505,14717,14718,14717,1,-1
2022-07-26 15:38:24.811,14717,14718,14717,5,-5
2022-07-26 15:38:24.814,14717,14718,14717,1,-1
2022-07-26 15:38:41.793,14716,14717,14717,2,2
2022-07-26 15:38:45.240,14716,14717,14717,1,1
2022-07-26 15:38:45.241,14716,14717,14717,1,1
2022-07-26 15:38:45.241,14716,14717,14717,1,1
2022-07-26 15:39:05.224,14716,14717,14716,2,-2
2022-07-26 15:39:05.224,14716,14717,14716,7,-7
2022-07-26 15:39:05.225,14716,14717,14715,1,-1
2022-07-26 15:39:05.225,14716,14717,14715,1,-1
2022-07-26 15:39:05.225,14716,14717,14715,1,-1
2022-07-26 15:39:05.226,14716,14717,14715,1,-1
2022-07-26 15:39:05.226,14716,14717,14715,1,-1
2022-07-26 15:39:05.228,14716,14717,14715,1,-1
2022-07-26 15:39:05.229,14716,14717,14715,1,-1
2022-07-26 15:39:05.229,14716,14717,14715,1,-1
2022-07-26 15:39:05.475,14715,14716,14715,2,-2
2022-07-26 15:39:06.728,14715,14716,14715,1,-1
2022-07-26 15:39:06.728,14715,14716,14715,4,-4
2022-07-26 15:39:06.728,14715,14716,14715,4,-4
2022-07-26 15:39:06.728,14715,14716,14715,1,-1
2022-07-26 15:39:06.728,14715,14716,14715,3,-3
2022-07-26 15:39:06.728,14715,14716,14715,1,-1
2022-07-26 15:39:06.728,14715,14716,14715,1,-1
2022-07-26 15:39:06.728,14715,14716,14715,8,-8
2022-07-26 15:39:08.854,14714,14715,14714,3,-3
2022-07-26 15:39:09.200,14713,14714,14714,1,1
2022-07-26 15:39:13.276,14714,14715,14714,1,-1
2022-07-26 15:39:16.892,14713,14714,14713,3,-3
2022-07-26 15:39:16.926,14713,14714,14713,2,-2
2022-07-26 15:39:16.926,14713,14714,14713,1,-1
2022-07-26 15:39:16.926,14713,14714,14713,6,-6
2022-07-26 15:39:16.926,14713,14714,14713,4,-4
2022-07-26 15:39:16.927,14713,14714,14713,3,-3
2022-07-26 15:39:16.927,14713,14714,14713,1,-1
2022-07-26 15:39:17.187,14713,14714,14714,1,1
2022-07-26 15:39:17.188,14713,14714,14713,1,-1
2022-07-26 15:39:17.939,14712,14713,14712,1,-1
2022-07-26 15:39:21.819,14712,14713,14713,2,2
2022-07-26 15:39:21.899,14713,14715,14713,1,-1
2022-07-26 15:39:23.453,14713,14715,14713,1,-1
2022-07-26 15:39:34.259,14714,14715,14714,1,-1
2022-07-26 15:39:35.241,14714,14715,14715,1,1
2022-07-26 15:39:35.241,14714,14715,14715,1,1
2022-07-26 15:39:35.241,14714,14715,14715,3,3
2022-07-26 15:39:36.580,14715,14716,14715,1,-1
2022-07-26 15:39:39.594,14715,14716,14716,1,1
2022-07-26 15:39:40.413,14716,14717,14716,1,-1
2022-07-26 15:39:40.579,14715,14717,14715,1,-1
2022-07-26 15:39:47.429,14716,14717,14716,1,-1
2022-07-26 15:39:49.884,14715,14717,14715,1,-1
2022-07-26 15:39:57.729,14715,14716,14716,1,1
2022-07-26 15:39:58.055,14715,14716,14716,1,1
2022-07-26 15:40:00.237,14715,14716,14715,2,-2
2022-07-26 15:40:00.749,14714,14716,14714,1,-1
2022-07-26 15:40:04.431,14714,14716,14716,1,1
2022-07-26 15:40:06.115,14715,14717,14715,1,-1
2022-07-26 15:40:07.440,14715,14716,14715,1,-1
2022-07-26 15:40:07.462,14715,14716,14716,1,1
2022-07-26 15:40:22.359,14715,14716,14716,7,7
2022-07-26 15:40:22.360,14715,14716,14716,1,1
2022-07-26 15:40:22.360,14715,14716,14716,1,1
2022-07-26 15:40:23.497,14715,14717,14716,1,1
2022-07-26 15:40:23.883,14715,14717,14717,2,2
2022-07-26 15:40:24.134,14716,14718,14716,1,-1
2022-07-26 15:40:24.164,14716,14718,14717,1,-1
2022-07-26 15:40:33.804,14716,14718,14716,1,-1
2022-07-26 15:40:38.442,14717,14718,14718,3,3
2022-07-26 15:40:38.442,14717,14718,14718,1,1
2022-07-26 15:40:38.442,14717,14718,14718,3,3
2022-07-26 15:40:49.367,14718,14719,14718,1,-1
2022-07-26 15:40:50.330,14718,14719,14718,1,-1
2022-07-26 15:40:53.839,14718,14719,14719,1,1
2022-07-26 15:40:54.259,14718,14719,14719,1,1
2022-07-26 15:40:58.980,14718,14719,14718,1,-1
2022-07-26 15:40:58.980,14718,14719,14718,1,-1
2022-07-26 15:41:01.425,14717,14719,14719,2,2
2022-07-26 15:41:01.437,14717,14719,14718,1,1
2022-07-26 15:41:01.437,14717,14719,14718,1,1
2022-07-26 15:41:02.052,14717,14718,14718,1,1
2022-07-26 15:41:02.052,14717,14718,14718,1,1
2022-07-26 15:41:02.052,14717,14718,14718,1,1
2022-07-26 15:41:08.560,14717,14718,14718,1,1
2022-07-26 15:41:23.831,14718,14719,14718,1,-1
2022-07-26 15:41:23.831,14718,14719,14718,1,-1
2022-07-26 15:41:23.831,14718,14719,14718,1,-1
2022-07-26 15:41:23.831,14718,14719,14718,2,-2
2022-07-26 15:41:29.537,14717,14719,14718,1,-1
2022-07-26 15:41:39.271,14717,14718,14717,3,-3
2022-07-26 15:41:47.920,14715,14717,14717,3,3
2022-07-26 15:42:00.197,14715,14716,14715,3,-3
2022-07-26 15:42:00.197,14715,14716,14714,2,-2
2022-07-26 15:42:05.007,14714,14715,14715,1,1
2022-07-26 15:42:05.008,14714,14715,14715,1,1
2022-07-26 15:42:05.014,14714,14715,14715,1,1
2022-07-26 15:42:08.360,14715,14717,14715,1,-1
2022-07-26 15:42:19.736,14715,14717,14715,1,-1
2022-07-26 15:42:22.124,14716,14717,14716,2,-2
2022-07-26 15:42:23.532,14716,14717,14717,1,1
2022-07-26 15:42:26.722,14716,14718,14718,1,1
2022-07-26 15:42:56.473,14716,14717,14717,1,1
2022-07-26 15:43:05.257,14716,14717,14717,1,1
2022-07-26 15:43:06.791,14716,14717,14717,1,1
2022-07-26 15:43:28.894,14716,14718,14717,1,1
2022-07-26 15:43:57.749,14716,14718,14718,3,3
2022-07-26 15:43:59.270,14717,14718,14718,1,1
2022-07-26 15:44:00.140,14717,14718,14718,5,5
2022-07-26 15:44:01.359,14717,14718,14718,1,1
2022-07-26 15:44:31.101,14717,14718,14717,1,-1
2022-07-26 15:44:31.101,14717,14718,14717,2,-2
2022-07-26 15:44:36.740,14716,14717,14716,1,-1
2022-07-26 15:44:36.741,14716,14717,14716,1,-1
2022-07-26 15:44:36.741,14716,14717,14716,1,-1
2022-07-26 15:44:36.741,14716,14717,14716,1,-1
2022-07-26 15:44:39.550,14716,14717,14716,1,-1
2022-07-26 15:44:39.663,14716,14717,14716,1,-1
2022-07-26 15:44:41.306,14715,14716,14715,1,-1
2022-07-26 15:44:41.307,14715,14716,14715,2,-2
2022-07-26 15:44:41.638,14714,14716,14716,3,3
2022-07-26 15:44:52.755,14714,14715,14714,4,-4
2022-07-26 15:44:53.187,14714,14715,14715,1,1
2022-07-26 15:44:58.867,14715,14716,14716,2,2
2022-07-26 15:44:58.867,14715,14716,14715,1,-1
2022-07-26 15:44:59.121,14714,14716,14716,2,2
2022-07-26 15:44:59.411,14714,14716,14716,2,2
2022-07-26 15:44:59.519,14714,14715,14714,1,-1
2022-07-26 15:45:00.437,14714,14715,14715,1,1
2022-07-26 15:45:00.816,14715,14716,14716,1,1
2022-07-26 15:45:00.938,14715,14716,14716,5,5
2022-07-26 15:45:01.262,14715,14716,14715,1,-1
2022-07-26 15:45:01.690,14715,14716,14716,2,2
2022-07-26 15:45:03.913,14716,14717,14716,1,-1
2022-07-26 15:45:05.179,14716,14717,14717,2,2
2022-07-26 15:45:05.857,14717,14718,14717,1,-1
2022-07-26 15:45:07.917,14716,14717,14717,2,2
2022-07-26 15:45:08.377,14716,14717,14717,2,2
2022-07-26 15:45:08.378,14716,14717,14717,1,1
2022-07-26 15:45:09.274,14717,14718,14717,1,-1
2022-07-26 15:45:09.993,14717,14718,14718,2,2
2022-07-26 15:45:13.344,14717,14718,14718,4,4
2022-07-26 15:45:14.611,14717,14719,14717,1,-1
2022-07-26 15:45:19.098,14717,14719,14719,2,2
2022-07-26 15:45:19.410,14717,14719,14719,2,2
2022-07-26 15:45:19.533,14717,14719,14719,1,1
2022-07-26 15:45:19.756,14717,14719,14719,2,2
2022-07-26 15:45:19.876,14717,14719,14719,1,1
2022-07-26 15:45:20.104,14717,14719,14719,2,2
2022-07-26 15:45:20.468,14717,14718,14718,2,2
2022-07-26 15:45:20.840,14717,14718,14718,1,1
2022-07-26 15:45:20.840,14717,14718,14719,1,1
2022-07-26 15:45:22.284,14718,14719,14719,2,2
2022-07-26 15:45:23.794,14718,14719,14719,2,2
2022-07-26 15:45:23.795,14718,14719,14719,1,1
2022-07-26 15:45:27.273,14719,14720,14720,2,2
2022-07-26 15:45:28.728,14719,14720,14719,1,-1
2022-07-26 15:45:30.570,14719,14720,14720,2,2
2022-07-26 15:45:31.697,14719,14720,14720,2,2
2022-07-26 15:45:33.122,14719,14720,14720,2,2
2022-07-26 15:45:33.123,14719,14720,14720,10,10
2022-07-26 15:45:35.135,14719,14720,14720,1,1
2022-07-26 15:45:35.611,14719,14721,14721,1,1
2022-07-26 15:45:36.644,14719,14720,14720,1,1
2022-07-26 15:45:40.958,14719,14720,14720,1,1
2022-07-26 15:45:43.841,14719,14720,14720,1,1
2022-07-26 15:45:44.038,14719,14720,14719,1,-1
2022-07-26 15:45:44.968,14719,14720,14719,1,-1
2022-07-26 15:45:44.969,14719,14720,14719,2,-2
2022-07-26 15:45:44.969,14719,14720,14719,1,-1
2022-07-26 15:45:48.007,14718,14719,14718,1,-1
2022-07-26 15:45:48.007,14718,14719,14718,5,-5
2022-07-26 15:45:48.007,14718,14719,14718,3,-3
2022-07-26 15:45:48.100,14717,14718,14717,2,-2
2022-07-26 15:45:55.994,14716,14718,14718,1,1
2022-07-26 15:45:59.559,14717,14718,14717,4,-4
2022-07-26 15:46:01.830,14716,14718,14716,1,-1
2022-07-26 15:46:01.839,14715,14717,14717,1,1
2022-07-26 15:46:01.840,14715,14717,14717,1,1
2022-07-26 15:46:02.071,14715,14717,14715,2,-2
2022-07-26 15:46:02.087,14715,14716,14716,1,1
2022-07-26 15:46:02.093,14715,14716,14717,1,1
2022-07-26 15:46:04.749,14716,14717,14716,1,-1
2022-07-26 15:46:09.253,14715,14717,14715,5,-5
2022-07-26 15:46:09.253,14715,14717,14714,7,-7
2022-07-26 15:46:09.527,14715,14716,14716,1,1
2022-07-26 15:46:11.466,14714,14715,14715,1,1
2022-07-26 15:46:11.587,14715,14717,14717,1,1
2022-07-26 15:46:20.482,14714,14716,14714,10,-10
2022-07-26 15:46:26.747,14714,14716,14714,1,-1
2022-07-26 15:46:31.250,14714,14716,14714,1,-1
2022-07-26 15:46:36.526,14715,14716,14716,1,1
2022-07-26 15:46:36.894,14715,14716,14715,2,-2
2022-07-26 15:46:38.396,14715,14716,14715,3,-3
2022-07-26 15:46:38.463,14715,14716,14716,1,1
2022-07-26 15:46:40.181,14715,14716,14715,3,-3
2022-07-26 15:46:40.267,14714,14715,14715,1,1
2022-07-26 15:46:41.366,14715,14716,14716,1,1
2022-07-26 15:46:41.366,14715,14716,14716,1,1
2022-07-26 15:46:41.367,14715,14716,14716,3,3
2022-07-26 15:46:44.001,14715,14717,14715,1,-1
2022-07-26 15:46:48.193,14716,14717,14716,1,-1
2022-07-26 15:46:57.560,14716,14717,14717,3,3
2022-07-26 15:46:58.760,14717,14718,14717,3,-3
2022-07-26 15:46:58.761,14717,14718,14717,1,-1
2022-07-26 15:46:59.137,14716,14717,14717,1,1
2022-07-26 15:47:28.812,14717,14718,14717,1,-1
2022-07-26 15:47:31.839,14717,14718,14717,1,-1
2022-07-26 15:47:39.558,14717,14718,14717,1,-1
2022-07-26 15:47:56.114,14716,14717,14717,1,1
2022-07-26 15:48:03.579,14716,14717,14717,3,3
2022-07-26 15:48:06.957,14716,14718,14716,1,-1
2022-07-26 15:48:08.367,14717,14718,14717,1,-1
2022-07-26 15:48:12.917,14717,14718,14717,2,-2
2022-07-26 15:48:12.917,14717,14718,14716,9,-9
2022-07-26 15:48:12.917,14717,14718,14715,1,-1
2022-07-26 15:48:17.288,14717,14718,14718,2,2
2022-07-26 15:48:20.719,14718,14720,14718,1,-1
2022-07-26 15:48:47.311,14718,14719,14718,1,-1
2022-07-26 15:49:01.101,14718,14719,14719,2,2
2022-07-26 15:49:01.966,14719,14720,14720,1,1
2022-07-26 15:49:01.966,14719,14720,14720,1,1
2022-07-26 15:49:01.966,14719,14720,14720,4,4
2022-07-26 15:49:38.556,14720,14721,14721,4,4
2022-07-26 15:49:38.557,14720,14721,14721,5,5
2022-07-26 15:49:44.438,14721,14722,14721,2,-2
2022-07-26 15:49:46.903,14720,14722,14721,1,-1
2022-07-26 15:49:49.839,14720,14721,14721,1,1
2022-07-26 15:49:49.840,14720,14721,14721,1,1
2022-07-26 15:49:54.351,14721,14722,14721,1,-1
2022-07-26 15:50:03.237,14721,14722,14722,1,1
2022-07-26 15:50:03.238,14721,14722,14722,3,3
2022-07-26 15:50:03.238,14721,14722,14722,1,1
2022-07-26 15:50:03.238,14721,14722,14722,1,1
2022-07-26 15:50:03.238,14721,14722,14722,5,5
2022-07-26 15:50:03.595,14722,14723,14723,1,1
2022-07-26 15:50:03.686,14722,14723,14723,3,3
2022-07-26 15:50:03.686,14722,14723,14723,6,6
2022-07-26 15:50:03.822,14722,14724,14724,1,1
2022-07-26 15:50:03.822,14722,14724,14724,1,1
2022-07-26 15:50:03.861,14722,14724,14724,1,1
2022-07-26 15:50:04.731,14722,14724,14722,2,-2
2022-07-26 15:50:10.209,14723,14724,14724,1,1
2022-07-26 15:50:10.443,14723,14724,14723,2,-2
2022-07-26 15:50:13.435,14723,14724,14724,1,1
2022-07-26 15:50:14.849,14723,14724,14724,5,5
2022-07-26 15:50:15.571,14723,14724,14724,3,3
2022-07-26 15:50:15.571,14723,14724,14724,1,1
2022-07-26 15:50:15.881,14724,14725,14724,1,-1
2022-07-26 15:50:17.246,14724,14725,14725,68,68
2022-07-26 15:50:17.248,14724,14725,14726,1,1
2022-07-26 15:50:17.249,14724,14725,14726,6,6
2022-07-26 15:50:17.249,14724,14725,14726,9,9
2022-07-26 15:50:17.260,14724,14725,14727,2,2
2022-07-26 15:50:17.337,14726,14727,14726,1,-1
2022-07-26 15:50:17.368,14726,14727,14727,1,1
2022-07-26 15:50:17.472,14726,14727,14726,1,-1
2022-07-26 15:50:19.490,14725,14727,14727,1,1
2022-07-26 15:50:20.047,14725,14727,14727,4,4
2022-07-26 15:50:20.605,14725,14727,14727,1,1
2022-07-26 15:50:23.904,14725,14726,14725,1,-1
2022-07-26 15:50:24.399,14724,14725,14725,2,2
2022-07-26 15:50:24.399,14724,14725,14726,3,3
2022-07-26 15:50:26.944,14725,14726,14725,1,-1
2022-07-26 15:50:28.192,14724,14725,14725,1,1
2022-07-26 15:50:31.084,14724,14725,14725,1,1
2022-07-26 15:50:32.647,14724,14725,14725,2,2
2022-07-26 15:50:36.649,14724,14725,14725,1,1
2022-07-26 15:50:41.670,14724,14725,14725,1,1
2022-07-26 15:50:41.766,14724,14726,14726,3,3
2022-07-26 15:50:44.236,14724,14725,14725,1,1
2022-07-26 15:50:48.143,14724,14726,14726,1,1
2022-07-26 15:50:51.119,14724,14725,14725,2,2
2022-07-26 15:50:52.335,14724,14725,14725,1,1
2022-07-26 15:50:52.374,14724,14725,14725,1,1
2022-07-26 15:50:53.247,14724,14725,14725,1,1
2022-07-26 15:50:54.696,14724,14726,14726,1,1
2022-07-26 15:50:55.989,14724,14725,14725,1,1
2022-07-26 15:50:56.491,14724,14726,14726,2,2
2022-07-26 15:50:58.737,14724,14726,14726,1,1
2022-07-26 15:51:06.147,14724,14725,14724,1,-1
2022-07-26 15:51:06.147,14724,14725,14724,4,-4
2022-07-26 15:51:15.800,14723,14724,14723,1,-1
2022-07-26 15:51:15.800,14723,14724,14723,1,-1
2022-07-26 15:51:16.726,14722,14723,14723,1,1
2022-07-26 15:51:21.432,14722,14724,14722,1,-1
2022-07-26 15:51:25.565,14722,14723,14723,1,1
2022-07-26 15:51:52.008,14723,14724,14723,1,-1
2022-07-26 15:51:55.841,14723,14724,14723,1,-1
2022-07-26 15:51:55.968,14722,14723,14723,1,1
2022-07-26 15:52:04.268,14722,14723,14723,2,2
2022-07-26 15:52:20.438,14722,14723,14723,1,1
2022-07-26 15:52:26.164,14722,14723,14722,4,-4
2022-07-26 15:52:26.213,14722,14723,14723,1,1
2022-07-26 15:52:41.440,14722,14723,14723,1,1
2022-07-26 15:52:41.441,14722,14723,14723,1,1
2022-07-26 15:52:41.441,14722,14723,14723,1,1
2022-07-26 15:52:42.732,14723,14724,14724,3,3
2022-07-26 15:52:48.260,14723,14725,14725,2,2
2022-07-26 15:52:59.641,14723,14724,14724,1,1
2022-07-26 15:52:59.646,14723,14724,14724,2,2
2022-07-26 15:53:04.950,14723,14724,14724,3,3
2022-07-26 15:53:13.195,14723,14725,14723,17,-17
2022-07-26 15:53:13.195,14723,14725,14723,1,-1
2022-07-26 15:53:13.257,14722,14723,14723,1,1
2022-07-26 15:53:18.919,14722,14723,14723,1,1
2022-07-26 15:53:23.647,14722,14723,14723,1,1
2022-07-26 15:53:26.419,14722,14723,14722,1,-1
2022-07-26 15:53:31.957,14722,14723,14723,1,1
2022-07-26 15:53:32.028,14722,14723,14723,1,1
2022-07-26 15:53:42.116,14722,14723,14723,4,4
2022-07-26 15:53:46.207,14722,14723,14723,1,1
2022-07-26 15:53:50.422,14722,14723,14722,1,-1
2022-07-26 15:53:57.005,14722,14723,14722,1,-1
2022-07-26 15:54:01.103,14722,14723,14723,2,2
2022-07-26 15:54:05.344,14722,14723,14722,1,-1
2022-07-26 15:54:05.344,14722,14723,14722,4,-4
2022-07-26 15:54:05.344,14722,14723,14722,2,-2
2022-07-26 15:54:05.344,14722,14723,14722,1,-1
2022-07-26 15:54:10.907,14721,14723,14723,6,6
2022-07-26 15:54:29.312,14721,14723,14721,1,-1
2022-07-26 15:54:29.312,14721,14723,14721,1,-1
2022-07-26 15:54:46.156,14721,14722,14722,1,1
2022-07-26 15:54:46.157,14721,14722,14722,1,1
2022-07-26 15:54:57.605,14721,14722,14722,1,1
2022-07-26 15:54:57.719,14722,14723,14723,1,1
2022-07-26 15:54:58.497,14722,14723,14722,2,-2
2022-07-26 15:55:02.710,14722,14723,14723,1,1
2022-07-26 15:55:05.633,14722,14723,14722,1,-1
2022-07-26 15:55:21.752,14721,14722,14721,1,-1
2022-07-26 15:55:21.752,14721,14722,14721,1,-1
2022-07-26 15:55:21.752,14721,14722,14721,3,-3
2022-07-26 15:55:21.752,14721,14722,14721,4,-4
2022-07-26 15:55:21.752,14721,14722,14721,1,-1
2022-07-26 15:55:21.752,14721,14722,14721,1,-1
2022-07-26 15:55:21.752,14721,14722,14721,1,-1
2022-07-26 15:55:31.641,14720,14721,14721,1,1
2022-07-26 15:55:42.388,14721,14722,14721,1,-1
2022-07-26 15:56:04.742,14721,14722,14721,1,-1
2022-07-26 15:56:05.486,14721,14722,14722,2,2
2022-07-26 15:56:05.581,14721,14722,14722,1,1
2022-07-26 15:56:05.587,14721,14722,14722,11,11
2022-07-26 15:56:10.191,14722,14723,14723,1,1
2022-07-26 15:56:10.326,14723,14724,14723,2,-2
2022-07-26 15:56:10.326,14723,14724,14722,3,-3
2022-07-26 15:56:15.122,14723,14724,14724,1,1
2022-07-26 15:56:25.036,14723,14724,14723,1,-1
2022-07-26 15:56:30.088,14723,14724,14724,1,1
2022-07-26 15:56:30.088,14723,14724,14724,2,2
2022-07-26 15:56:30.657,14723,14724,14724,1,1
2022-07-26 15:56:30.763,14724,14725,14725,1,1
2022-07-26 15:56:30.763,14724,14725,14725,1,1
2022-07-26 15:56:30.763,14724,14725,14725,1,1
2022-07-26 15:56:30.763,14724,14725,14725,1,1
2022-07-26 15:56:30.810,14724,14725,14725,1,1
2022-07-26 15:56:32.362,14724,14726,14724,1,-1
2022-07-26 15:56:39.348,14724,14725,14724,3,-3
2022-07-26 15:56:43.670,14724,14725,14724,1,-1
2022-07-26 15:56:58.206,14724,14725,14725,1,1
2022-07-26 15:56:59.393,14724,14725,14725,1,1
2022-07-26 15:57:00.010,14724,14725,14724,1,-1
2022-07-26 15:57:00.648,14724,14725,14725,1,1
2022-07-26 15:57:01.340,14724,14726,14726,1,1
2022-07-26 15:57:03.038,14724,14726,14726,1,1
2022-07-26 15:57:09.588,14724,14726,14726,1,1
2022-07-26 15:57:16.365,14725,14726,14726,1,1
2022-07-26 15:57:20.253,14725,14726,14726,2,2
2022-07-26 15:57:23.345,14725,14726,14726,6,6
2022-07-26 15:57:25.578,14726,14727,14727,1,1
2022-07-26 15:57:27.280,14726,14727,14727,3,3
2022-07-26 15:57:27.535,14726,14727,14727,1,1
2022-07-26 15:57:28.356,14726,14727,14726,2,-2
2022-07-26 15:57:32.258,14725,14727,14727,1,1
2022-07-26 15:57:42.352,14725,14726,14726,1,1
2022-07-26 15:57:59.132,14725,14727,14726,1,1
2022-07-26 15:58:03.996,14725,14726,14726,3,3
2022-07-26 15:58:05.359,14725,14726,14726,2,2
2022-07-26 15:58:05.768,14725,14726,14725,2,-2
2022-07-26 15:58:09.050,14725,14726,14725,1,-1
2022-07-26 15:58:13.967,14724,14725,14724,5,-5
2022-07-26 15:58:23.350,14724,14725,14724,1,-1
2022-07-26 15:58:27.372,14724,14726,14724,1,-1
2022-07-26 15:58:34.146,14724,14725,14724,1,-1
2022-07-26 15:58:39.811,14724,14725,14724,1,-1
2022-07-26 15:59:00.756,14723,14724,14724,1,1
2022-07-26 15:59:00.756,14723,14724,14725,2,2
2022-07-26 15:59:01.103,14723,14725,14725,1,1
2022-07-26 15:59:02.047,14723,14724,14723,1,-1
2022-07-26 15:59:13.692,14723,14724,14723,1,-1
2022-07-26 15:59:18.474,14722,14723,14723,3,3
2022-07-26 15:59:23.262,14722,14723,14723,1,1
2022-07-26 15:59:23.865,14722,14723,14722,1,-1
2022-07-26 15:59:24.535,14721,14723,14721,1,-1
2022-07-26 15:59:25.245,14721,14722,14722,1,1
2022-07-26 15:59:26.828,14721,14722,14721,4,-4
2022-07-26 15:59:31.432,14721,14722,14722,1,1
2022-07-26 15:59:51.595,14721,14722,14722,2,2
2022-07-26 15:59:57.428,14722,14723,14723,1,1
2022-07-26 16:00:08.455,14722,14723,14722,3,-3
2022-07-26 16:00:08.475,14722,14723,14723,1,1
2022-07-26 16:00:08.476,14722,14723,14723,1,1
2022-07-26 16:00:08.477,14722,14723,14723,1,1
2022-07-26 16:00:08.478,14722,14723,14723,1,1
2022-07-26 16:00:08.600,14722,14723,14723,1,1
2022-07-26 16:00:08.616,14722,14723,14723,1,1
2022-07-26 16:00:08.650,14722,14723,14723,1,1
2022-07-26 16:00:08.692,14722,14723,14723,1,1
2022-07-26 16:00:08.714,14722,14723,14723,1,1
2022-07-26 16:00:08.726,14722,14723,14723,1,1
2022-07-26 16:00:08.779,14722,14723,14724,1,1
2022-07-26 16:00:08.853,14722,14724,14724,1,1
2022-07-26 16:00:08.858,14722,14724,14724,1,1
2022-07-26 16:00:09.203,14722,14724,14722,1,-1
2022-07-26 16:00:11.185,14722,14723,14723,1,1
2022-07-26 16:00:11.285,14723,14724,14724,3,3
2022-07-26 16:00:12.147,14723,14725,14725,1,1
2022-07-26 16:00:12.453,14723,14725,14725,1,1
2022-07-26 16:00:12.760,14723,14725,14725,1,1
2022-07-26 16:00:12.793,14723,14725,14725,1,1
2022-07-26 16:00:13.144,14723,14725,14723,1,-1
2022-07-26 16:00:20.846,14723,14724,14723,2,-2
2022-07-26 16:00:25.227,14723,14724,14723,1,-1
2022-07-26 16:00:25.338,14723,14724,14724,1,1
2022-07-26 16:00:41.827,14723,14724,14724,1,1
2022-07-26 16:00:41.827,14723,14724,14725,2,2
2022-07-26 16:00:56.170,14722,14724,14722,1,-1
2022-07-26 16:00:56.213,14722,14723,14723,1,1
2022-07-26 16:00:56.213,14722,14723,14724,1,1
2022-07-26 16:00:56.213,14722,14723,14724,1,1
2022-07-26 16:00:58.731,14722,14723,14722,6,-6
2022-07-26 16:00:58.837,14721,14723,14723,1,1
2022-07-26 16:00:58.837,14721,14723,14723,1,1
2022-07-26 16:00:58.837,14721,14723,14723,1,1
2022-07-26 16:01:08.379,14721,14722,14722,1,1
2022-07-26 16:01:08.463,14721,14723,14723,1,1
2022-07-26 16:01:08.464,14721,14723,14723,2,2
2022-07-26 16:01:08.464,14721,14723,14723,1,1
2022-07-26 16:01:08.464,14721,14723,14723,1,1
2022-07-26 16:01:08.465,14721,14723,14723,1,1
2022-07-26 16:01:08.466,14721,14723,14723,2,2
2022-07-26 16:01:08.466,14721,14723,14724,1,1
2022-07-26 16:01:08.467,14721,14723,14723,1,1
2022-07-26 16:01:12.343,14721,14722,14721,3,-3
2022-07-26 16:01:12.462,14720,14722,14722,1,1
2022-07-26 16:01:12.462,14720,14722,14722,1,1
2022-07-26 16:01:12.469,14720,14722,14722,1,1
2022-07-26 16:01:13.633,14720,14721,14720,1,-1
2022-07-26 16:01:13.633,14720,14721,14720,8,-8
2022-07-26 16:01:13.633,14720,14721,14720,2,-2
2022-07-26 16:01:40.172,14720,14721,14721,1,1
2022-07-26 16:01:40.173,14720,14721,14721,3,3
2022-07-26 16:01:42.446,14720,14721,14721,1,1
2022-07-26 16:01:42.464,14720,14721,14721,1,1
2022-07-26 16:01:42.464,14720,14721,14721,1,1
2022-07-26 16:01:44.156,14720,14721,14720,1,-1
2022-07-26 16:01:45.515,14720,14721,14721,1,1
2022-07-26 16:01:45.588,14720,14722,14722,1,1
2022-07-26 16:01:45.589,14720,14722,14722,1,1
2022-07-26 16:01:45.589,14720,14722,14722,1,1
2022-07-26 16:01:45.593,14720,14722,14722,1,1
2022-07-26 16:02:00.274,14721,14722,14721,1,-1
2022-07-26 16:02:00.504,14720,14722,14722,1,1
2022-07-26 16:02:12.489,14720,14721,14720,1,-1
2022-07-26 16:02:12.490,14720,14721,14720,2,-2
2022-07-26 16:02:12.490,14720,14721,14720,1,-1
2022-07-26 16:02:12.490,14720,14721,14720,1,-1
2022-07-26 16:02:44.946,14721,14722,14721,1,-1
2022-07-26 16:02:54.714,14721,14722,14722,1,1
2022-07-26 16:02:54.715,14721,14722,14722,1,1
2022-07-26 16:03:28.046,14721,14722,14722,1,1
2022-07-26 16:03:29.496,14721,14722,14722,1,1
2022-07-26 16:03:32.177,14721,14722,14722,1,1
2022-07-26 16:03:32.538,14721,14723,14722,1,1
2022-07-26 16:03:36.545,14721,14722,14722,1,1
2022-07-26 16:03:36.546,14721,14722,14722,1,1
2022-07-26 16:03:38.441,14722,14723,14722,3,-3
2022-07-26 16:03:58.005,14720,14721,14721,1,1
2022-07-26 16:04:12.355,14720,14721,14720,5,-5
2022-07-26 16:04:17.608,14720,14721,14720,1,-1
2022-07-26 16:04:25.284,14720,14721,14720,1,-1
2022-07-26 16:04:26.104,14720,14721,14720,1,-1
2022-07-26 16:04:31.120,14720,14721,14720,1,-1
2022-07-26 16:04:48.683,14719,14720,14719,2,-2
2022-07-26 16:04:55.960,14719,14720,14719,4,-4
2022-07-26 16:05:04.534,14719,14720,14719,1,-1
2022-07-26 16:05:04.535,14719,14720,14719,1,-1
2022-07-26 16:05:04.535,14719,14720,14719,2,-2
2022-07-26 16:05:04.667,14719,14720,14719,1,-1
2022-07-26 16:05:04.667,14719,14720,14719,4,-4
2022-07-26 16:05:04.667,14719,14720,14719,1,-1
2022-07-26 16:05:05.509,14718,14719,14718,1,-1
2022-07-26 16:05:05.509,14718,14719,14718,2,-2
2022-07-26 16:05:05.509,14718,14719,14718,1,-1
2022-07-26 16:05:05.513,14718,14719,14718,3,-3
2022-07-26 16:05:07.712,14717,14718,14717,1,-1
2022-07-26 16:05:07.736,14717,14718,14716,4,-4
2022-07-26 16:05:07.860,14716,14718,14716,1,-1
2022-07-26 16:05:08.020,14716,14718,14716,1,-1
2022-07-26 16:05:12.299,14717,14719,14717,1,-1
2022-07-26 16:05:29.568,14717,14718,14718,1,1
2022-07-26 16:05:29.569,14717,14718,14718,1,1
2022-07-26 16:05:33.831,14718,14719,14719,1,1
2022-07-26 16:05:33.832,14718,14719,14719,3,3
2022-07-26 16:05:41.002,14718,14720,14719,1,1
2022-07-26 16:05:48.528,14718,14719,14718,2,-2
2022-07-26 16:05:53.132,14718,14719,14719,1,1
2022-07-26 16:05:58.701,14718,14720,14719,1,1
2022-07-26 16:06:01.158,14719,14720,14720,1,1
2022-07-26 16:06:09.559,14718,14719,14719,1,1
2022-07-26 16:06:11.826,14719,14720,14719,5,-5
2022-07-26 16:06:44.509,14717,14719,14718,1,-1
2022-07-26 16:06:51.629,14717,14718,14717,5,-5
2022-07-26 16:07:05.949,14716,14717,14717,1,1
2022-07-26 16:07:14.313,14716,14717,14716,1,-1
2022-07-26 16:07:14.313,14716,14717,14716,1,-1
2022-07-26 16:07:14.313,14716,14717,14716,1,-1
2022-07-26 16:07:14.313,14716,14717,14716,1,-1
2022-07-26 16:07:14.313,14716,14717,14716,1,-1
2022-07-26 16:07:14.313,14716,14717,14716,2,-2
2022-07-26 16:07:14.313,14716,14717,14716,2,-2
2022-07-26 16:07:14.313,14716,14717,14716,2,-2
2022-07-26 16:07:14.313,14716,14717,14716,1,-1
2022-07-26 16:07:14.313,14716,14717,14716,1,-1
