2022-06-01 15:00:00.073,16622,16623,16623,86,86
2022-06-01 15:00:00.076,16623,16625,16625,3,3
2022-06-01 15:00:00.148,16623,16626,16623,1,-1
2022-06-01 15:00:00.167,16623,16626,16623,1,-1
2022-06-01 15:00:00.230,16623,16626,16626,2,2
2022-06-01 15:00:00.236,16623,16626,16623,2,-2
2022-06-01 15:00:00.263,16623,16626,16623,1,-1
2022-06-01 15:00:00.281,16623,16626,16626,1,1
2022-06-01 15:00:00.331,16623,16626,16626,2,2
2022-06-01 15:00:00.339,16623,16626,16626,1,1
2022-06-01 15:00:00.357,16625,16626,16625,1,-1
2022-06-01 15:00:00.367,16625,16626,16626,2,2
2022-06-01 15:00:00.382,16625,16626,16626,1,1
2022-06-01 15:00:00.427,16625,16626,16626,1,1
2022-06-01 15:00:00.483,16626,16627,16626,1,-1
2022-06-01 15:00:00.510,16626,16627,16627,3,3
2022-06-01 15:00:00.517,16626,16627,16626,2,-2
2022-06-01 15:00:00.573,16626,16627,16627,1,1
2022-06-01 15:00:00.593,16626,16627,16626,1,-1
2022-06-01 15:00:00.600,16626,16627,16626,1,-1
2022-06-01 15:00:00.600,16626,16627,16627,1,1
2022-06-01 15:00:00.600,16626,16627,16626,1,-1
2022-06-01 15:00:00.600,16626,16627,16627,1,1
2022-06-01 15:00:00.600,16626,16627,16627,1,1
2022-06-01 15:00:00.600,16626,16627,16627,1,1
2022-06-01 15:00:00.601,16626,16627,16627,1,1
2022-06-01 15:00:00.602,16626,16627,16626,1,-1
2022-06-01 15:00:00.602,16626,16627,16626,1,-1
2022-06-01 15:00:00.602,16626,16627,16626,1,-1
2022-06-01 15:00:00.607,16626,16627,16626,5,-5
2022-06-01 15:00:00.654,16626,16627,16626,5,-5
2022-06-01 15:00:00.654,16626,16627,16626,1,-1
2022-06-01 15:00:00.662,16626,16627,16626,2,-2
2022-06-01 15:00:00.666,16626,16627,16626,1,-1
2022-06-01 15:00:00.667,16626,16627,16626,7,-7
2022-06-01 15:00:00.667,16626,16627,16626,6,-6
2022-06-01 15:00:00.667,16626,16627,16626,1,-1
2022-06-01 15:00:00.667,16626,16627,16626,3,-3
2022-06-01 15:00:00.667,16626,16627,16625,1,-1
2022-06-01 15:00:00.668,16626,16627,16625,1,-1
2022-06-01 15:00:00.690,16626,16627,16626,5,-5
2022-06-01 15:00:00.690,16626,16627,16627,11,11
2022-06-01 15:00:00.690,16626,16627,16627,1,1
2022-06-01 15:00:00.690,16626,16627,16627,1,1
2022-06-01 15:00:00.690,16626,16627,16627,22,22
2022-06-01 15:00:00.820,16625,16626,16625,2,-2
2022-06-01 15:00:00.834,16625,16626,16626,1,1
2022-06-01 15:00:01.012,16625,16627,16625,4,-4
2022-06-01 15:00:01.012,16625,16627,16624,4,-4
2022-06-01 15:00:01.079,16625,16627,16626,1,-1
2022-06-01 15:00:01.278,16624,16626,16624,1,-1
2022-06-01 15:00:01.293,16624,16626,16624,1,-1
2022-06-01 15:00:01.385,16624,16625,16625,1,1
2022-06-01 15:00:01.407,16624,16625,16624,1,-1
2022-06-01 15:00:01.454,16624,16625,16625,2,2
2022-06-01 15:00:01.454,16624,16625,16626,1,1
2022-06-01 15:00:01.473,16624,16625,16626,2,2
2022-06-01 15:00:01.694,16624,16625,16625,1,1
2022-06-01 15:00:01.706,16624,16625,16625,1,1
2022-06-01 15:00:01.706,16624,16625,16626,3,3
2022-06-01 15:00:01.951,16624,16626,16625,2,2
2022-06-01 15:00:01.951,16624,16626,16626,5,5
2022-06-01 15:00:02.138,16624,16625,16625,1,1
2022-06-01 15:00:02.385,16624,16625,16624,1,-1
2022-06-01 15:00:02.443,16624,16625,16625,1,1
2022-06-01 15:00:02.580,16625,16626,16625,1,-1
2022-06-01 15:00:02.617,16625,16626,16626,1,1
2022-06-01 15:00:02.617,16625,16626,16626,3,3
2022-06-01 15:00:02.617,16625,16626,16626,1,1
2022-06-01 15:00:02.617,16625,16626,16626,2,2
2022-06-01 15:00:02.882,16626,16627,16626,1,-1
2022-06-01 15:00:03.241,16625,16627,16625,1,-1
2022-06-01 15:00:03.504,16625,16627,16627,1,1
2022-06-01 15:00:03.520,16625,16627,16626,2,2
2022-06-01 15:00:04.026,16626,16628,16626,1,-1
2022-06-01 15:00:04.072,16626,16628,16628,6,6
2022-06-01 15:00:04.073,16626,16628,16628,1,1
2022-06-01 15:00:04.073,16626,16628,16628,2,2
2022-06-01 15:00:04.150,16627,16629,16627,1,-1
2022-06-01 15:00:04.617,16627,16628,16628,1,1
2022-06-01 15:00:04.617,16627,16628,16629,12,12
2022-06-01 15:00:04.629,16627,16628,16627,1,-1
2022-06-01 15:00:04.701,16627,16628,16629,2,2
2022-06-01 15:00:04.701,16627,16628,16630,3,3
2022-06-01 15:00:04.933,16628,16629,16628,1,-1
2022-06-01 15:00:05.158,16628,16629,16628,1,-1
2022-06-01 15:00:05.158,16628,16629,16628,1,-1
2022-06-01 15:00:05.158,16628,16629,16628,1,-1
2022-06-01 15:00:05.174,16628,16629,16627,1,-1
2022-06-01 15:00:05.174,16628,16629,16627,1,-1
2022-06-01 15:00:05.174,16628,16629,16627,1,-1
2022-06-01 15:00:05.175,16628,16629,16628,1,-1
2022-06-01 15:00:05.198,16628,16629,16628,1,-1
2022-06-01 15:00:05.206,16628,16629,16628,1,-1
2022-06-01 15:00:05.670,16626,16628,16628,2,2
2022-06-01 15:00:06.025,16626,16628,16628,2,2
2022-06-01 15:00:06.025,16626,16628,16629,3,3
2022-06-01 15:00:06.027,16626,16628,16629,1,1
2022-06-01 15:00:06.157,16627,16629,16628,1,1
2022-06-01 15:00:06.222,16627,16629,16628,1,1
2022-06-01 15:00:06.615,16626,16628,16628,2,2
2022-06-01 15:00:06.618,16626,16628,16628,1,1
2022-06-01 15:00:06.718,16626,16628,16629,3,3
2022-06-01 15:00:06.952,16628,16630,16628,2,-2
2022-06-01 15:00:07.005,16628,16630,16628,3,-3
2022-06-01 15:00:07.005,16628,16630,16627,2,-2
2022-06-01 15:00:07.143,16627,16630,16627,1,-1
2022-06-01 15:00:07.240,16628,16630,16628,1,-1
2022-06-01 15:00:07.598,16628,16630,16628,8,-8
2022-06-01 15:00:07.598,16628,16630,16627,9,-9
2022-06-01 15:00:07.598,16628,16630,16626,9,-9
2022-06-01 15:00:07.598,16628,16630,16625,4,-4
2022-06-01 15:00:07.598,16628,16630,16624,5,-5
2022-06-01 15:00:07.598,16628,16630,16623,5,-5
2022-06-01 15:00:07.598,16628,16630,16622,10,-10
2022-06-01 15:00:07.611,16626,16627,16627,1,1
2022-06-01 15:00:07.611,16626,16627,16628,1,1
2022-06-01 15:00:07.735,16627,16628,16628,1,1
2022-06-01 15:00:07.907,16627,16628,16628,1,1
2022-06-01 15:00:07.907,16627,16628,16629,1,1
2022-06-01 15:00:08.152,16628,16629,16629,1,1
2022-06-01 15:00:08.335,16628,16629,16628,1,-1
2022-06-01 15:00:08.353,16628,16629,16629,3,3
2022-06-01 15:00:08.353,16628,16629,16629,3,3
2022-06-01 15:00:08.482,16628,16629,16629,1,1
2022-06-01 15:00:08.483,16628,16629,16629,3,3
2022-06-01 15:00:08.931,16629,16630,16629,1,-1
2022-06-01 15:00:08.971,16629,16630,16628,1,-1
2022-06-01 15:00:09.699,16627,16628,16628,1,1
2022-06-01 15:00:09.964,16627,16628,16628,1,1
2022-06-01 15:00:10.253,16627,16628,16628,1,1
2022-06-01 15:00:10.347,16627,16628,16628,3,3
2022-06-01 15:00:10.629,16628,16629,16628,2,-2
2022-06-01 15:00:11.043,16628,16630,16629,1,-1
2022-06-01 15:00:11.210,16629,16630,16629,1,-1
2022-06-01 15:00:11.541,16628,16629,16629,1,1
2022-06-01 15:00:11.582,16628,16629,16629,1,1
2022-06-01 15:00:11.646,16628,16630,16628,1,-1
2022-06-01 15:00:11.768,16628,16630,16628,1,-1
2022-06-01 15:00:12.603,16628,16629,16629,1,1
2022-06-01 15:00:12.695,16629,16630,16629,1,-1
2022-06-01 15:00:13.417,16628,16629,16629,1,1
2022-06-01 15:00:13.487,16628,16630,16628,1,-1
2022-06-01 15:00:13.785,16628,16630,16630,5,5
2022-06-01 15:00:13.990,16629,16630,16629,1,-1
2022-06-01 15:00:14.089,16629,16630,16629,1,-1
2022-06-01 15:00:14.224,16629,16630,16629,1,-1
2022-06-01 15:00:14.224,16629,16630,16628,1,-1
2022-06-01 15:00:14.388,16628,16630,16629,1,-1
2022-06-01 15:00:14.746,16629,16630,16630,1,1
2022-06-01 15:00:14.746,16629,16630,16630,1,1
2022-06-01 15:00:15.084,16629,16630,16629,1,-1
2022-06-01 15:00:15.804,16628,16630,16630,6,6
2022-06-01 15:00:15.929,16628,16630,16630,1,1
2022-06-01 15:00:18.091,16628,16629,16629,2,2
2022-06-01 15:00:18.106,16628,16629,16629,1,1
2022-06-01 15:00:18.347,16628,16630,16629,1,1
2022-06-01 15:00:18.771,16628,16629,16628,1,-1
2022-06-01 15:00:18.949,16628,16629,16628,3,-3
2022-06-01 15:00:18.949,16628,16629,16628,2,-2
2022-06-01 15:00:19.816,16627,16628,16628,1,1
2022-06-01 15:00:20.461,16628,16629,16629,3,3
2022-06-01 15:00:20.815,16628,16630,16630,1,1
2022-06-01 15:00:20.815,16628,16630,16630,1,1
2022-06-01 15:00:21.041,16628,16630,16628,1,-1
2022-06-01 15:00:22.161,16629,16630,16629,1,-1
2022-06-01 15:00:22.246,16629,16630,16630,5,5
2022-06-01 15:00:22.739,16629,16630,16630,1,1
2022-06-01 15:00:22.739,16629,16630,16630,1,1
2022-06-01 15:00:22.739,16629,16630,16630,2,2
2022-06-01 15:00:22.838,16629,16630,16629,1,-1
2022-06-01 15:00:23.349,16629,16631,16630,1,-1
2022-06-01 15:00:23.918,16630,16631,16631,1,1
2022-06-01 15:00:24.392,16630,16631,16630,1,-1
2022-06-01 15:00:24.586,16629,16631,16630,1,-1
2022-06-01 15:00:24.996,16629,16630,16630,1,1
2022-06-01 15:00:25.199,16629,16630,16629,1,-1
2022-06-01 15:00:26.113,16628,16629,16629,1,1
2022-06-01 15:00:26.230,16628,16629,16628,1,-1
2022-06-01 15:00:26.232,16628,16629,16629,1,1
2022-06-01 15:00:26.233,16628,16629,16628,13,-13
2022-06-01 15:00:26.586,16627,16628,16628,1,1
2022-06-01 15:00:26.615,16627,16628,16628,1,1
2022-06-01 15:00:26.760,16627,16629,16629,1,1
2022-06-01 15:00:26.887,16627,16629,16629,1,1
2022-06-01 15:00:26.984,16627,16629,16629,1,1
2022-06-01 15:00:27.104,16627,16629,16629,1,1
2022-06-01 15:00:27.166,16627,16629,16629,1,1
2022-06-01 15:00:27.852,16628,16629,16629,1,1
2022-06-01 15:00:28.010,16629,16630,16629,1,-1
2022-06-01 15:00:28.305,16628,16629,16629,1,1
2022-06-01 15:00:28.433,16628,16629,16629,1,1
2022-06-01 15:00:28.748,16628,16629,16628,1,-1
2022-06-01 15:00:30.591,16628,16629,16629,6,6
2022-06-01 15:00:30.723,16629,16630,16630,9,9
2022-06-01 15:00:31.000,16630,16631,16631,1,1
2022-06-01 15:00:31.005,16630,16631,16631,1,1
2022-06-01 15:00:31.356,16630,16631,16630,1,-1
2022-06-01 15:00:31.659,16629,16631,16631,2,2
2022-06-01 15:00:31.783,16629,16631,16631,2,2
2022-06-01 15:00:31.838,16629,16631,16632,13,13
2022-06-01 15:00:31.839,16629,16631,16633,29,29
2022-06-01 15:00:31.949,16633,16634,16634,1,1
2022-06-01 15:00:32.003,16632,16634,16634,1,1
2022-06-01 15:00:32.114,16632,16633,16632,1,-1
2022-06-01 15:00:32.122,16632,16633,16633,2,2
2022-06-01 15:00:32.122,16632,16633,16634,1,1
2022-06-01 15:00:32.122,16632,16633,16634,3,3
2022-06-01 15:00:32.500,16631,16633,16631,1,-1
2022-06-01 15:00:32.928,16631,16633,16632,1,-1
2022-06-01 15:00:32.928,16631,16633,16631,2,-2
2022-06-01 15:00:33.071,16631,16632,16632,1,1
2022-06-01 15:00:33.111,16632,16633,16632,1,-1
2022-06-01 15:00:33.169,16632,16633,16632,1,-1
2022-06-01 15:00:33.246,16632,16633,16632,1,-1
2022-06-01 15:00:33.660,16631,16633,16631,1,-1
2022-06-01 15:00:33.753,16632,16633,16632,1,-1
2022-06-01 15:00:33.753,16632,16633,16631,2,-2
2022-06-01 15:00:34.048,16631,16633,16633,1,1
2022-06-01 15:00:34.472,16631,16632,16632,1,1
2022-06-01 15:00:34.638,16631,16633,16631,1,-1
2022-06-01 15:00:34.754,16630,16632,16632,1,1
2022-06-01 15:00:34.848,16630,16632,16630,1,-1
2022-06-01 15:00:35.070,16631,16632,16631,1,-1
2022-06-01 15:00:35.364,16631,16632,16632,1,1
2022-06-01 15:00:35.589,16631,16632,16632,1,1
2022-06-01 15:00:35.707,16631,16632,16631,2,-2
2022-06-01 15:00:35.722,16631,16632,16632,1,1
2022-06-01 15:00:35.824,16630,16632,16630,1,-1
2022-06-01 15:00:36.272,16631,16632,16632,1,1
2022-06-01 15:00:36.402,16631,16633,16633,1,1
2022-06-01 15:00:37.494,16630,16632,16632,1,1
2022-06-01 15:00:38.823,16630,16631,16631,1,1
2022-06-01 15:00:39.339,16630,16632,16632,1,1
2022-06-01 15:00:39.675,16630,16632,16632,1,1
2022-06-01 15:00:40.065,16631,16632,16632,1,1
2022-06-01 15:00:40.190,16631,16632,16632,2,2
2022-06-01 15:00:40.191,16631,16632,16632,1,1
2022-06-01 15:00:40.554,16632,16633,16632,1,-1
2022-06-01 15:00:40.554,16632,16633,16631,4,-4
2022-06-01 15:00:40.576,16632,16633,16632,1,-1
2022-06-01 15:00:40.746,16631,16632,16632,1,1
2022-06-01 15:00:40.746,16631,16632,16632,1,1
2022-06-01 15:00:41.064,16631,16633,16632,1,1
2022-06-01 15:00:41.434,16631,16632,16631,1,-1
2022-06-01 15:00:42.411,16630,16632,16630,1,-1
2022-06-01 15:00:42.836,16630,16631,16631,2,2
2022-06-01 15:00:42.836,16630,16631,16632,1,1
2022-06-01 15:00:43.042,16630,16632,16630,3,-3
2022-06-01 15:00:43.857,16629,16631,16631,1,1
2022-06-01 15:00:44.540,16629,16631,16631,2,2
2022-06-01 15:00:44.692,16629,16631,16629,1,-1
2022-06-01 15:00:45.370,16629,16631,16629,4,-4
2022-06-01 15:00:45.371,16629,16631,16629,1,-1
2022-06-01 15:00:45.672,16628,16630,16630,1,1
2022-06-01 15:00:45.888,16628,16630,16630,1,1
2022-06-01 15:00:46.051,16628,16630,16630,4,4
2022-06-01 15:00:46.412,16628,16630,16628,1,-1
2022-06-01 15:00:46.536,16628,16630,16628,1,-1
2022-06-01 15:00:46.594,16628,16630,16628,1,-1
2022-06-01 15:00:47.056,16627,16629,16627,7,-7
2022-06-01 15:00:47.056,16627,16629,16627,11,-11
2022-06-01 15:00:47.635,16626,16627,16627,1,1
2022-06-01 15:00:47.635,16626,16627,16627,1,1
2022-06-01 15:00:47.669,16626,16627,16628,1,1
2022-06-01 15:00:48.626,16627,16629,16629,2,2
2022-06-01 15:00:48.626,16627,16629,16630,5,5
2022-06-01 15:00:48.626,16627,16629,16631,13,13
2022-06-01 15:00:49.170,16629,16630,16630,4,4
2022-06-01 15:00:49.170,16629,16630,16631,4,4
2022-06-01 15:00:49.170,16629,16630,16632,10,10
2022-06-01 15:00:49.170,16629,16630,16633,2,2
2022-06-01 15:00:50.155,16629,16631,16631,1,1
2022-06-01 15:00:50.359,16629,16631,16631,1,1
2022-06-01 15:00:50.400,16629,16631,16631,1,1
2022-06-01 15:00:50.696,16629,16631,16629,2,-2
2022-06-01 15:00:50.699,16629,16631,16631,2,2
2022-06-01 15:00:51.012,16629,16631,16631,4,4
2022-06-01 15:00:51.285,16629,16631,16631,1,1
2022-06-01 15:00:52.282,16630,16631,16630,1,-1
2022-06-01 15:00:52.371,16629,16630,16630,1,1
2022-06-01 15:00:52.549,16629,16630,16630,1,1
2022-06-01 15:00:52.688,16629,16630,16630,1,1
2022-06-01 15:00:53.007,16629,16630,16630,1,1
2022-06-01 15:00:53.240,16629,16630,16630,1,1
2022-06-01 15:00:53.358,16629,16630,16630,1,1
2022-06-01 15:00:53.686,16629,16630,16630,1,1
2022-06-01 15:00:54.014,16629,16630,16630,1,1
2022-06-01 15:00:54.351,16629,16630,16630,1,1
2022-06-01 15:00:54.690,16629,16631,16631,1,1
2022-06-01 15:00:55.199,16629,16631,16631,1,1
2022-06-01 15:00:55.396,16629,16631,16629,1,-1
2022-06-01 15:00:55.554,16629,16631,16631,1,1
2022-06-01 15:00:55.563,16629,16631,16632,1,1
2022-06-01 15:00:55.581,16629,16631,16632,1,1
2022-06-01 15:00:55.637,16631,16632,16632,1,1
2022-06-01 15:00:55.640,16631,16632,16632,1,1
2022-06-01 15:00:55.640,16631,16632,16633,7,7
2022-06-01 15:00:55.886,16632,16634,16634,1,1
2022-06-01 15:00:56.276,16631,16633,16633,1,1
2022-06-01 15:00:56.412,16631,16633,16631,1,-1
2022-06-01 15:00:56.549,16630,16632,16629,1,-1
2022-06-01 15:00:59.032,16630,16631,16631,1,1
2022-06-01 15:00:59.115,16631,16632,16631,1,-1
2022-06-01 15:00:59.294,16631,16632,16633,1,1
2022-06-01 15:00:59.502,16631,16633,16633,3,3
2022-06-01 15:00:59.502,16631,16633,16634,1,1
2022-06-01 15:00:59.605,16631,16633,16634,1,1
2022-06-01 15:00:59.635,16632,16634,16634,1,1
2022-06-01 15:00:59.745,16632,16634,16634,1,1
2022-06-01 15:01:00.051,16631,16633,16633,1,1
2022-06-01 15:01:00.051,16631,16633,16633,1,1
2022-06-01 15:01:00.566,16632,16634,16633,1,1
2022-06-01 15:01:00.642,16633,16634,16634,1,1
2022-06-01 15:01:00.797,16633,16635,16634,1,1
2022-06-01 15:01:00.932,16632,16635,16635,1,1
2022-06-01 15:01:00.961,16632,16635,16632,8,-8
2022-06-01 15:01:01.154,16631,16633,16633,4,4
2022-06-01 15:01:01.154,16631,16633,16634,3,3
2022-06-01 15:01:01.234,16632,16634,16634,1,1
2022-06-01 15:01:01.434,16632,16634,16633,1,1
2022-06-01 15:01:01.472,16632,16634,16633,1,1
2022-06-01 15:01:01.692,16633,16635,16633,1,-1
2022-06-01 15:01:01.739,16633,16634,16633,1,-1
2022-06-01 15:01:01.909,16633,16634,16634,2,2
2022-06-01 15:01:01.992,16633,16635,16635,1,1
2022-06-01 15:01:02.044,16633,16635,16633,1,-1
2022-06-01 15:01:02.135,16633,16635,16633,1,-1
2022-06-01 15:01:02.143,16633,16635,16634,1,-1
2022-06-01 15:01:02.164,16633,16635,16634,1,-1
2022-06-01 15:01:02.333,16632,16634,16634,1,1
2022-06-01 15:01:02.489,16633,16635,16635,1,1
2022-06-01 15:01:02.991,16633,16634,16634,1,1
2022-06-01 15:01:02.991,16633,16634,16634,1,1
2022-06-01 15:01:03.259,16633,16634,16634,1,1
2022-06-01 15:01:04.203,16633,16634,16633,1,-1
2022-06-01 15:01:05.619,16632,16633,16633,1,1
2022-06-01 15:01:05.845,16632,16633,16632,1,-1
2022-06-01 15:01:05.845,16632,16633,16632,1,-1
2022-06-01 15:01:06.656,16631,16633,16633,1,1
2022-06-01 15:01:06.943,16631,16633,16633,1,1
2022-06-01 15:01:08.267,16631,16632,16632,1,1
2022-06-01 15:01:08.359,16631,16632,16632,1,1
2022-06-01 15:01:08.359,16631,16632,16633,1,1
2022-06-01 15:01:08.360,16631,16632,16633,1,1
2022-06-01 15:01:08.360,16631,16632,16633,1,1
2022-06-01 15:01:08.393,16631,16632,16632,1,1
2022-06-01 15:01:08.637,16632,16633,16633,1,1
2022-06-01 15:01:08.637,16632,16633,16633,1,1
2022-06-01 15:01:08.855,16631,16633,16633,1,1
2022-06-01 15:01:10.229,16630,16632,16630,2,-2
2022-06-01 15:01:10.230,16630,16632,16630,1,-1
2022-06-01 15:01:10.256,16629,16631,16631,1,1
2022-06-01 15:01:10.430,16629,16631,16629,6,-6
2022-06-01 15:01:10.523,16628,16630,16630,2,2
2022-06-01 15:01:10.624,16628,16630,16628,1,-1
2022-06-01 15:01:11.154,16628,16630,16630,1,1
2022-06-01 15:01:11.636,16628,16629,16629,1,1
2022-06-01 15:01:11.703,16628,16629,16629,1,1
2022-06-01 15:01:11.703,16628,16629,16628,3,-3
2022-06-01 15:01:16.438,16628,16629,16628,1,-1
2022-06-01 15:01:16.545,16628,16630,16630,1,1
2022-06-01 15:01:17.099,16628,16630,16630,1,1
2022-06-01 15:01:18.879,16628,16630,16628,1,-1
2022-06-01 15:01:18.984,16627,16629,16629,1,1
2022-06-01 15:01:18.984,16627,16629,16629,1,1
2022-06-01 15:01:18.984,16627,16629,16629,1,1
2022-06-01 15:01:18.984,16627,16629,16629,1,1
2022-06-01 15:01:18.984,16627,16629,16629,1,1
2022-06-01 15:01:18.984,16627,16629,16629,1,1
2022-06-01 15:01:18.984,16627,16629,16629,1,1
2022-06-01 15:01:18.984,16627,16629,16630,1,1
2022-06-01 15:01:18.985,16627,16629,16630,1,1
2022-06-01 15:01:19.268,16629,16630,16629,1,-1
2022-06-01 15:01:20.192,16629,16630,16630,6,6
2022-06-01 15:01:20.849,16629,16631,16630,1,1
2022-06-01 15:01:20.955,16629,16631,16629,1,-1
2022-06-01 15:01:21.104,16629,16631,16631,2,2
2022-06-01 15:01:21.335,16628,16630,16628,1,-1
2022-06-01 15:01:21.984,16628,16629,16628,1,-1
2022-06-01 15:01:22.702,16628,16629,16628,1,-1
2022-06-01 15:01:23.322,16627,16629,16629,1,1
2022-06-01 15:01:23.322,16627,16629,16629,1,1
2022-06-01 15:01:25.576,16627,16628,16627,1,-1
2022-06-01 15:01:25.846,16627,16628,16627,8,-8
2022-06-01 15:01:26.195,16626,16627,16626,1,-1
2022-06-01 15:01:26.195,16626,16627,16626,3,-3
2022-06-01 15:01:26.461,16625,16626,16626,1,1
2022-06-01 15:01:31.289,16626,16627,16627,1,1
2022-06-01 15:01:31.360,16626,16628,16628,1,1
2022-06-01 15:01:31.360,16626,16628,16628,1,1
2022-06-01 15:01:31.776,16627,16628,16627,1,-1
2022-06-01 15:01:33.368,16627,16628,16627,2,-2
2022-06-01 15:01:33.666,16626,16628,16628,4,4
2022-06-01 15:01:33.940,16627,16628,16628,1,1
2022-06-01 15:01:35.268,16627,16628,16628,1,1
2022-06-01 15:01:35.995,16627,16629,16627,7,-7
2022-06-01 15:01:35.995,16627,16629,16626,11,-11
2022-06-01 15:01:35.995,16627,16629,16625,14,-14
2022-06-01 15:01:35.997,16627,16629,16625,2,-2
2022-06-01 15:01:35.997,16627,16629,16625,3,-3
2022-06-01 15:01:35.997,16627,16629,16625,4,-4
2022-06-01 15:01:35.997,16627,16629,16625,9,-9
2022-06-01 15:01:35.998,16627,16629,16625,3,-3
2022-06-01 15:01:36.125,16625,16627,16625,1,-1
2022-06-01 15:01:36.185,16625,16627,16626,1,-1
2022-06-01 15:01:36.210,16625,16627,16625,2,-2
2022-06-01 15:01:36.234,16624,16626,16626,1,1
2022-06-01 15:01:36.234,16624,16626,16626,1,1
2022-06-01 15:01:36.235,16624,16626,16626,1,1
2022-06-01 15:01:36.278,16624,16626,16626,1,1
2022-06-01 15:01:36.278,16624,16626,16626,1,1
2022-06-01 15:01:36.552,16625,16626,16626,1,1
2022-06-01 15:01:36.977,16625,16627,16625,1,-1
2022-06-01 15:01:38.137,16627,16628,16627,2,-2
2022-06-01 15:01:38.758,16625,16627,16627,2,2
2022-06-01 15:01:42.292,16625,16627,16625,2,-2
2022-06-01 15:01:42.292,16625,16627,16625,6,-6
2022-06-01 15:01:42.349,16625,16627,16626,1,-1
2022-06-01 15:01:42.440,16624,16626,16624,1,-1
2022-06-01 15:01:42.549,16624,16626,16626,1,1
2022-06-01 15:01:43.936,16624,16626,16624,1,-1
2022-06-01 15:01:44.252,16624,16626,16625,1,-1
2022-06-01 15:01:44.353,16624,16626,16625,1,-1
2022-06-01 15:01:44.410,16624,16626,16626,1,1
2022-06-01 15:01:44.552,16624,16626,16624,1,-1
2022-06-01 15:01:45.762,16624,16626,16624,1,-1
2022-06-01 15:01:45.860,16624,16626,16626,1,1
2022-06-01 15:01:45.860,16624,16626,16626,1,1
2022-06-01 15:01:47.120,16625,16626,16626,1,1
2022-06-01 15:01:47.853,16625,16627,16625,1,-1
2022-06-01 15:01:50.295,16624,16626,16624,2,-2
2022-06-01 15:01:50.894,16623,16625,16625,1,1
2022-06-01 15:01:51.354,16623,16625,16624,1,1
2022-06-01 15:01:51.354,16623,16625,16625,5,5
2022-06-01 15:01:52.412,16624,16626,16626,1,1
2022-06-01 15:01:52.790,16624,16626,16624,1,-1
2022-06-01 15:01:53.596,16624,16626,16624,1,-1
2022-06-01 15:01:53.756,16624,16626,16626,1,1
2022-06-01 15:01:53.939,16624,16626,16624,1,-1
2022-06-01 15:01:54.118,16623,16625,16623,1,-1
2022-06-01 15:01:54.748,16623,16624,16624,1,1
2022-06-01 15:01:55.637,16623,16624,16623,2,-2
2022-06-01 15:01:55.812,16623,16624,16624,1,1
2022-06-01 15:01:58.757,16623,16625,16623,1,-1
2022-06-01 15:02:00.235,16623,16624,16623,2,-2
2022-06-01 15:02:00.541,16623,16624,16623,1,-1
2022-06-01 15:02:00.547,16623,16624,16623,1,-1
2022-06-01 15:02:00.547,16623,16624,16623,5,-5
2022-06-01 15:02:02.022,16622,16624,16622,5,-5
2022-06-01 15:02:02.337,16622,16624,16624,1,1
2022-06-01 15:02:03.021,16623,16625,16623,1,-1
2022-06-01 15:02:04.021,16623,16625,16623,1,-1
2022-06-01 15:02:06.304,16622,16623,16622,1,-1
2022-06-01 15:02:06.853,16621,16623,16623,1,1
2022-06-01 15:02:08.852,16621,16623,16623,1,1
2022-06-01 15:02:10.339,16621,16623,16621,1,-1
2022-06-01 15:02:11.014,16621,16623,16621,1,-1
2022-06-01 15:02:11.081,16621,16623,16621,1,-1
2022-06-01 15:02:15.097,16621,16622,16621,1,-1
2022-06-01 15:02:15.716,16621,16622,16622,2,2
2022-06-01 15:02:16.226,16621,16623,16623,1,1
2022-06-01 15:02:17.076,16623,16624,16623,2,-2
2022-06-01 15:02:18.012,16622,16624,16622,1,-1
2022-06-01 15:02:18.504,16623,16624,16624,1,1
2022-06-01 15:02:18.873,16623,16624,16624,1,1
2022-06-01 15:02:19.689,16623,16624,16624,1,1
2022-06-01 15:02:20.189,16624,16625,16625,1,1
2022-06-01 15:02:20.761,16623,16625,16625,5,5
2022-06-01 15:02:20.761,16623,16625,16626,1,1
2022-06-01 15:02:21.555,16624,16626,16624,1,-1
2022-06-01 15:02:23.400,16625,16626,16626,1,1
2022-06-01 15:02:23.401,16625,16626,16626,2,2
2022-06-01 15:02:24.874,16626,16627,16626,1,-1
2022-06-01 15:02:24.874,16626,16627,16625,1,-1
2022-06-01 15:02:27.130,16626,16627,16627,1,1
2022-06-01 15:02:27.414,16626,16628,16626,1,-1
2022-06-01 15:02:28.141,16626,16627,16627,1,1
2022-06-01 15:02:28.703,16626,16628,16626,5,-5
2022-06-01 15:02:30.024,16625,16626,16625,1,-1
2022-06-01 15:02:30.142,16625,16626,16626,4,4
2022-06-01 15:02:30.959,16625,16626,16626,1,1
2022-06-01 15:02:32.657,16626,16627,16626,1,-1
2022-06-01 15:02:32.796,16626,16627,16627,2,2
2022-06-01 15:02:32.953,16626,16627,16627,1,1
2022-06-01 15:02:32.991,16626,16627,16627,1,1
2022-06-01 15:02:34.747,16627,16628,16627,1,-1
2022-06-01 15:02:38.469,16627,16628,16628,1,1
2022-06-01 15:02:38.517,16627,16628,16628,1,1
2022-06-01 15:02:39.251,16627,16628,16627,1,-1
2022-06-01 15:02:39.317,16627,16628,16627,1,-1
2022-06-01 15:02:39.908,16626,16627,16627,1,1
2022-06-01 15:02:42.362,16626,16627,16627,1,1
2022-06-01 15:02:44.375,16627,16628,16628,1,1
2022-06-01 15:02:44.375,16627,16628,16628,5,5
2022-06-01 15:02:44.375,16627,16628,16628,1,1
2022-06-01 15:02:45.809,16628,16629,16629,2,2
2022-06-01 15:02:46.801,16628,16630,16630,11,11
2022-06-01 15:02:47.116,16629,16631,16629,2,-2
2022-06-01 15:02:47.958,16630,16631,16629,9,-9
2022-06-01 15:02:47.958,16630,16631,16628,3,-3
2022-06-01 15:02:47.958,16630,16631,16627,11,-11
2022-06-01 15:02:47.960,16630,16631,16627,1,-1
2022-06-01 15:02:47.960,16630,16631,16627,1,-1
2022-06-01 15:02:47.960,16630,16631,16627,25,-25
2022-06-01 15:02:48.375,16628,16629,16629,1,1
2022-06-01 15:02:50.039,16628,16629,16628,1,-1
2022-06-01 15:02:52.374,16629,16630,16629,1,-1
2022-06-01 15:02:54.748,16629,16630,16629,1,-1
2022-06-01 15:02:56.287,16629,16631,16631,1,1
2022-06-01 15:02:56.749,16629,16630,16630,1,1
2022-06-01 15:02:57.209,16629,16631,16631,6,6
2022-06-01 15:02:59.148,16630,16631,16630,1,-1
2022-06-01 15:03:00.119,16629,16630,16630,1,1
2022-06-01 15:03:00.591,16629,16630,16630,1,1
2022-06-01 15:03:00.956,16629,16630,16629,4,-4
2022-06-01 15:03:01.338,16628,16630,16628,1,-1
2022-06-01 15:03:01.522,16627,16628,16628,3,3
2022-06-01 15:03:07.974,16627,16628,16628,1,1
2022-06-01 15:03:14.666,16627,16628,16627,1,-1
2022-06-01 15:03:18.344,16626,16627,16626,2,-2
2022-06-01 15:03:19.059,16625,16626,16626,1,1
2022-06-01 15:03:19.350,16625,16626,16625,2,-2
2022-06-01 15:03:19.351,16625,16626,16625,3,-3
2022-06-01 15:03:20.184,16624,16625,16625,2,2
2022-06-01 15:03:23.538,16624,16625,16625,1,1
2022-06-01 15:03:24.667,16625,16626,16625,1,-1
2022-06-01 15:03:25.259,16624,16626,16624,2,-2
2022-06-01 15:03:25.797,16623,16625,16624,1,-1
2022-06-01 15:03:25.865,16623,16625,16623,2,-2
2022-06-01 15:03:25.865,16623,16625,16623,2,-2
2022-06-01 15:03:26.083,16622,16623,16623,1,1
2022-06-01 15:03:27.452,16622,16624,16622,1,-1
2022-06-01 15:03:30.553,16623,16624,16623,1,-1
2022-06-01 15:03:32.890,16624,16625,16625,4,4
2022-06-01 15:03:34.522,16625,16626,16625,1,-1
2022-06-01 15:03:35.156,16625,16626,16625,2,-2
2022-06-01 15:03:35.855,16624,16626,16624,1,-1
2022-06-01 15:03:38.080,16625,16627,16627,2,2
2022-06-01 15:03:39.913,16625,16627,16626,1,1
2022-06-01 15:03:41.175,16626,16628,16626,1,-1
2022-06-01 15:03:46.947,16626,16628,16626,1,-1
2022-06-01 15:03:50.782,16626,16627,16627,1,1
2022-06-01 15:03:51.567,16627,16628,16628,4,4
2022-06-01 15:03:51.567,16627,16628,16629,2,2
2022-06-01 15:04:00.513,16626,16627,16626,2,-2
2022-06-01 15:04:00.591,16626,16627,16626,1,-1
2022-06-01 15:04:04.370,16625,16626,16626,1,1
2022-06-01 15:04:05.668,16627,16628,16628,3,3
2022-06-01 15:04:07.050,16628,16629,16629,3,3
2022-06-01 15:04:07.050,16628,16629,16629,1,1
2022-06-01 15:04:07.050,16628,16629,16629,1,1
2022-06-01 15:04:10.330,16629,16630,16629,2,-2
2022-06-01 15:04:10.330,16629,16630,16629,1,-1
2022-06-01 15:04:14.690,16629,16630,16630,1,1
2022-06-01 15:04:14.776,16629,16630,16630,10,10
2022-06-01 15:04:14.777,16629,16630,16630,1,1
2022-06-01 15:04:14.777,16629,16630,16630,1,1
2022-06-01 15:04:15.117,16629,16631,16631,10,10
2022-06-01 15:04:15.118,16629,16631,16631,2,2
2022-06-01 15:04:15.877,16630,16632,16630,1,-1
2022-06-01 15:04:17.164,16631,16632,16632,2,2
2022-06-01 15:04:17.196,16631,16632,16632,1,1
2022-06-01 15:04:17.537,16631,16633,16633,3,3
2022-06-01 15:04:17.537,16631,16633,16633,8,8
2022-06-01 15:04:17.537,16631,16633,16633,9,9
2022-06-01 15:04:17.538,16631,16633,16633,10,10
2022-06-01 15:04:18.372,16632,16634,16634,11,11
2022-06-01 15:04:18.373,16632,16634,16634,11,11
2022-06-01 15:04:18.664,16634,16635,16635,5,5
2022-06-01 15:04:19.222,16634,16635,16635,2,2
2022-06-01 15:04:19.608,16634,16635,16635,3,3
2022-06-01 15:04:19.778,16634,16635,16635,1,1
2022-06-01 15:04:19.778,16634,16635,16635,8,8
2022-06-01 15:04:19.873,16635,16636,16636,2,2
2022-06-01 15:04:20.153,16635,16636,16636,3,3
2022-06-01 15:04:20.603,16635,16636,16636,2,2
2022-06-01 15:04:20.738,16635,16636,16636,1,1
2022-06-01 15:04:20.920,16635,16636,16636,2,2
2022-06-01 15:04:22.390,16635,16636,16636,1,1
2022-06-01 15:04:22.994,16635,16636,16635,1,-1
2022-06-01 15:04:24.416,16634,16636,16636,1,1
2022-06-01 15:04:26.534,16633,16634,16634,2,2
2022-06-01 15:04:28.432,16633,16634,16634,3,3
2022-06-01 15:04:28.784,16633,16635,16635,1,1
2022-06-01 15:04:30.025,16632,16634,16634,1,1
2022-06-01 15:04:33.430,16633,16634,16633,1,-1
2022-06-01 15:04:35.534,16633,16634,16633,2,-2
2022-06-01 15:04:36.369,16632,16633,16633,1,1
2022-06-01 15:04:41.746,16632,16633,16632,2,-2
2022-06-01 15:04:41.747,16632,16633,16632,1,-1
2022-06-01 15:04:43.495,16631,16633,16632,1,-1
2022-06-01 15:04:45.805,16631,16632,16631,1,-1
2022-06-01 15:04:46.375,16630,16632,16632,2,2
2022-06-01 15:04:46.844,16630,16631,16630,1,-1
2022-06-01 15:04:48.701,16629,16631,16629,2,-2
2022-06-01 15:04:49.211,16629,16631,16629,1,-1
2022-06-01 15:04:50.695,16629,16631,16630,1,-1
2022-06-01 15:04:50.711,16629,16631,16630,2,-2
2022-06-01 15:04:51.532,16630,16632,16630,7,-7
2022-06-01 15:04:51.532,16630,16632,16629,3,-3
2022-06-01 15:04:51.813,16629,16631,16631,2,2
2022-06-01 15:04:52.319,16629,16630,16630,1,1
2022-06-01 15:04:53.625,16630,16632,16632,6,6
2022-06-01 15:04:53.948,16632,16633,16633,1,1
2022-06-01 15:04:55.547,16632,16634,16632,1,-1
2022-06-01 15:05:00.318,16630,16631,16630,1,-1
2022-06-01 15:05:00.837,16629,16630,16630,1,1
2022-06-01 15:05:04.275,16631,16633,16633,2,2
2022-06-01 15:05:05.503,16632,16633,16632,1,-1
2022-06-01 15:05:06.012,16632,16633,16633,3,3
2022-06-01 15:05:07.058,16633,16634,16634,1,1
2022-06-01 15:05:07.156,16633,16634,16634,1,1
2022-06-01 15:05:10.894,16633,16634,16634,1,1
2022-06-01 15:05:11.162,16633,16634,16634,4,4
2022-06-01 15:05:11.162,16633,16634,16634,1,1
2022-06-01 15:05:11.302,16634,16635,16635,2,2
2022-06-01 15:05:12.198,16634,16635,16634,1,-1
2022-06-01 15:05:12.298,16633,16635,16633,1,-1
2022-06-01 15:05:12.654,16634,16635,16635,1,1
2022-06-01 15:05:12.708,16634,16635,16635,2,2
2022-06-01 15:05:12.883,16634,16635,16635,1,1
2022-06-01 15:05:13.076,16634,16635,16635,2,2
2022-06-01 15:05:13.442,16635,16636,16636,1,1
2022-06-01 15:05:13.510,16635,16636,16636,1,1
2022-06-01 15:05:13.781,16635,16636,16636,1,1
2022-06-01 15:05:13.781,16635,16636,16635,1,-1
2022-06-01 15:05:14.540,16634,16636,16636,1,1
2022-06-01 15:05:15.255,16635,16636,16636,1,1
2022-06-01 15:05:15.483,16634,16636,16636,1,1
2022-06-01 15:05:15.604,16634,16636,16634,1,-1
2022-06-01 15:05:17.053,16634,16635,16634,1,-1
2022-06-01 15:05:17.132,16634,16635,16635,1,1
2022-06-01 15:05:17.158,16634,16635,16634,1,-1
2022-06-01 15:05:17.235,16634,16635,16635,1,1
2022-06-01 15:05:17.361,16634,16635,16635,1,1
2022-06-01 15:05:19.264,16633,16634,16633,1,-1
2022-06-01 15:05:20.965,16632,16633,16632,1,-1
2022-06-01 15:05:21.352,16631,16633,16633,1,1
2022-06-01 15:05:23.011,16631,16632,16632,1,1
2022-06-01 15:05:24.113,16631,16632,16631,2,-2
2022-06-01 15:05:27.760,16631,16632,16631,1,-1
2022-06-01 15:05:27.760,16631,16632,16631,1,-1
2022-06-01 15:05:27.761,16631,16632,16631,4,-4
2022-06-01 15:05:27.922,16630,16632,16630,3,-3
2022-06-01 15:05:27.923,16630,16632,16630,1,-1
2022-06-01 15:05:27.923,16630,16632,16630,1,-1
2022-06-01 15:05:27.923,16630,16632,16630,2,-2
2022-06-01 15:05:27.923,16630,16632,16630,1,-1
2022-06-01 15:05:28.074,16629,16630,16630,1,1
2022-06-01 15:05:29.397,16629,16630,16629,1,-1
2022-06-01 15:05:29.626,16629,16630,16629,1,-1
2022-06-01 15:05:29.882,16628,16630,16630,1,1
2022-06-01 15:05:30.294,16628,16630,16630,1,1
2022-06-01 15:05:32.183,16628,16630,16630,6,6
2022-06-01 15:05:34.861,16629,16631,16631,1,1
2022-06-01 15:05:35.089,16629,16631,16629,1,-1
2022-06-01 15:05:35.335,16629,16630,16629,2,-2
2022-06-01 15:05:38.688,16628,16630,16630,1,1
2022-06-01 15:05:38.846,16629,16630,16629,2,-2
2022-06-01 15:05:41.283,16629,16630,16629,5,-5
2022-06-01 15:05:44.020,16628,16629,16628,4,-4
2022-06-01 15:05:44.135,16627,16628,16627,2,-2
2022-06-01 15:05:44.354,16626,16627,16626,4,-4
2022-06-01 15:05:45.314,16625,16626,16625,1,-1
2022-06-01 15:05:45.329,16625,16626,16625,11,-11
2022-06-01 15:05:45.329,16625,16626,16625,1,-1
2022-06-01 15:05:45.429,16624,16625,16624,1,-1
2022-06-01 15:05:45.964,16623,16625,16623,3,-3
2022-06-01 15:05:46.191,16622,16623,16623,1,1
2022-06-01 15:05:47.167,16623,16624,16623,1,-1
2022-06-01 15:05:47.930,16622,16623,16622,7,-7
2022-06-01 15:05:47.940,16622,16623,16621,12,-12
2022-06-01 15:05:47.982,16620,16621,16620,1,-1
2022-06-01 15:05:48.022,16620,16621,16620,1,-1
2022-06-01 15:05:48.191,16620,16621,16620,1,-1
2022-06-01 15:05:48.314,16620,16621,16620,1,-1
2022-06-01 15:05:49.099,16619,16621,16619,1,-1
2022-06-01 15:05:49.735,16619,16621,16622,3,3
2022-06-01 15:05:50.124,16622,16623,16623,1,1
2022-06-01 15:05:50.124,16622,16623,16623,2,2
2022-06-01 15:05:50.124,16622,16623,16623,5,5
2022-06-01 15:05:50.124,16622,16623,16623,1,1
2022-06-01 15:05:50.421,16623,16624,16623,1,-1
2022-06-01 15:05:50.922,16623,16624,16623,1,-1
2022-06-01 15:05:50.964,16623,16624,16623,2,-2
2022-06-01 15:05:52.562,16622,16623,16622,1,-1
2022-06-01 15:05:52.726,16622,16623,16622,1,-1
2022-06-01 15:05:54.414,16622,16623,16622,1,-1
2022-06-01 15:05:54.596,16622,16623,16622,1,-1
2022-06-01 15:05:54.718,16622,16623,16623,2,2
2022-06-01 15:05:55.246,16621,16623,16621,3,-3
2022-06-01 15:05:55.859,16621,16622,16621,2,-2
2022-06-01 15:05:57.162,16620,16621,16620,2,-2
2022-06-01 15:05:57.535,16619,16620,16620,1,1
2022-06-01 15:05:57.535,16619,16620,16621,3,3
2022-06-01 15:05:57.635,16619,16621,16621,1,1
2022-06-01 15:06:02.173,16622,16623,16623,2,2
2022-06-01 15:06:02.342,16623,16624,16623,4,-4
2022-06-01 15:06:02.756,16623,16624,16624,1,1
2022-06-01 15:06:03.334,16624,16625,16625,2,2
2022-06-01 15:06:03.335,16624,16625,16626,6,6
2022-06-01 15:06:03.394,16626,16627,16627,1,1
2022-06-01 15:06:09.189,16622,16624,16624,1,1
2022-06-01 15:06:12.216,16623,16625,16625,1,1
2022-06-01 15:06:14.142,16624,16625,16625,2,2
2022-06-01 15:06:16.670,16625,16626,16626,1,1
2022-06-01 15:06:16.678,16625,16626,16626,1,1
2022-06-01 15:06:18.798,16625,16626,16626,1,1
2022-06-01 15:06:20.647,16625,16626,16626,1,1
2022-06-01 15:06:23.099,16625,16627,16625,1,-1
2022-06-01 15:06:27.802,16625,16626,16625,2,-2
2022-06-01 15:06:30.164,16624,16625,16624,5,-5
2022-06-01 15:06:30.164,16624,16625,16623,1,-1
2022-06-01 15:06:31.046,16623,16624,16623,3,-3
2022-06-01 15:06:33.519,16622,16624,16622,1,-1
2022-06-01 15:06:37.282,16623,16624,16623,1,-1
2022-06-01 15:06:38.529,16622,16623,16623,2,2
2022-06-01 15:06:40.183,16622,16623,16622,3,-3
2022-06-01 15:06:40.338,16621,16622,16621,1,-1
2022-06-01 15:06:44.198,16621,16622,16621,1,-1
2022-06-01 15:06:44.198,16621,16622,16621,2,-2
2022-06-01 15:06:44.288,16620,16622,16622,1,1
2022-06-01 15:06:44.610,16621,16622,16621,1,-1
2022-06-01 15:06:46.599,16620,16621,16620,1,-1
2022-06-01 15:06:48.763,16620,16621,16620,5,-5
2022-06-01 15:06:48.763,16620,16621,16620,1,-1
2022-06-01 15:06:52.541,16620,16621,16621,2,2
2022-06-01 15:06:52.886,16621,16622,16621,1,-1
2022-06-01 15:06:53.102,16621,16622,16621,4,-4
2022-06-01 15:06:53.374,16620,16621,16621,6,6
2022-06-01 15:06:53.375,16620,16621,16622,2,2
2022-06-01 15:06:53.790,16621,16623,16622,1,1
2022-06-01 15:06:54.103,16622,16623,16622,1,-1
2022-06-01 15:06:54.265,16622,16623,16622,2,-2
2022-06-01 15:06:55.136,16622,16623,16622,3,-3
2022-06-01 15:06:56.213,16622,16623,16622,2,-2
2022-06-01 15:06:58.744,16621,16622,16622,1,1
2022-06-01 15:07:00.657,16621,16622,16622,1,1
2022-06-01 15:07:00.670,16621,16622,16622,1,1
2022-06-01 15:07:00.887,16622,16623,16622,1,-1
2022-06-01 15:07:05.043,16621,16622,16622,1,1
2022-06-01 15:07:05.379,16621,16622,16621,1,-1
2022-06-01 15:07:07.193,16621,16622,16622,1,1
2022-06-01 15:07:09.217,16621,16622,16622,1,1
2022-06-01 15:07:10.848,16622,16623,16622,1,-1
2022-06-01 15:07:10.875,16622,16623,16623,5,5
2022-06-01 15:07:11.113,16623,16624,16624,1,1
2022-06-01 15:07:11.502,16623,16624,16624,1,1
2022-06-01 15:07:13.958,16624,16625,16624,2,-2
2022-06-01 15:07:14.172,16624,16625,16625,1,1
2022-06-01 15:07:17.753,16626,16627,16627,1,1
2022-06-01 15:07:17.864,16627,16628,16628,1,1
2022-06-01 15:07:17.865,16627,16628,16628,1,1
2022-06-01 15:07:17.865,16627,16628,16628,1,1
2022-06-01 15:07:17.925,16627,16628,16628,1,1
2022-06-01 15:07:18.176,16628,16629,16629,2,2
2022-06-01 15:07:18.294,16628,16629,16629,1,1
2022-06-01 15:07:18.301,16628,16629,16629,2,2
2022-06-01 15:07:19.559,16628,16629,16629,1,1
2022-06-01 15:07:19.795,16628,16630,16629,2,2
2022-06-01 15:07:20.741,16628,16629,16628,2,-2
2022-06-01 15:07:25.663,16625,16626,16625,1,-1
2022-06-01 15:07:25.801,16625,16626,16625,2,-2
2022-06-01 15:07:26.084,16623,16625,16625,1,1
2022-06-01 15:07:28.099,16622,16624,16624,3,3
2022-06-01 15:07:28.099,16622,16624,16625,7,7
2022-06-01 15:07:30.431,16625,16626,16626,1,1
2022-06-01 15:07:32.186,16626,16627,16626,2,-2
2022-06-01 15:07:34.608,16625,16627,16625,4,-4
2022-06-01 15:07:34.608,16625,16627,16625,1,-1
2022-06-01 15:07:36.405,16625,16627,16625,1,-1
2022-06-01 15:07:36.560,16624,16626,16624,1,-1
2022-06-01 15:07:42.666,16625,16626,16625,1,-1
2022-06-01 15:07:42.802,16623,16625,16623,1,-1
2022-06-01 15:07:46.535,16622,16624,16625,4,4
2022-06-01 15:07:49.194,16624,16626,16624,1,-1
2022-06-01 15:07:49.238,16624,16626,16626,1,1
2022-06-01 15:07:50.395,16624,16626,16625,1,1
2022-06-01 15:07:53.384,16624,16625,16625,1,1
2022-06-01 15:07:54.554,16624,16626,16627,1,1
2022-06-01 15:07:54.842,16625,16626,16626,1,1
2022-06-01 15:07:56.015,16626,16627,16627,1,1
2022-06-01 15:07:56.015,16626,16627,16627,2,2
2022-06-01 15:07:56.297,16627,16628,16628,1,1
2022-06-01 15:07:56.378,16628,16630,16630,1,1
2022-06-01 15:07:58.724,16629,16630,16629,1,-1
2022-06-01 15:07:58.803,16629,16630,16630,1,1
2022-06-01 15:07:59.833,16629,16630,16630,1,1
2022-06-01 15:08:00.336,16628,16629,16629,1,1
2022-06-01 15:08:00.746,16627,16629,16629,1,1
2022-06-01 15:08:01.586,16628,16629,16629,1,1
2022-06-01 15:08:02.318,16628,16629,16630,1,1
2022-06-01 15:08:02.546,16628,16630,16628,1,-1
2022-06-01 15:08:04.367,16627,16628,16628,1,1
2022-06-01 15:08:04.563,16627,16629,16629,1,1
2022-06-01 15:08:05.187,16627,16629,16626,1,-1
2022-06-01 15:08:05.195,16627,16629,16628,1,-1
2022-06-01 15:08:05.295,16626,16628,16626,1,-1
2022-06-01 15:08:05.373,16625,16627,16627,1,1
2022-06-01 15:08:05.449,16625,16627,16628,1,1
2022-06-01 15:08:06.275,16626,16628,16628,1,1
2022-06-01 15:08:07.416,16626,16628,16628,3,3
2022-06-01 15:08:07.496,16626,16629,16629,1,1
2022-06-01 15:08:08.996,16626,16628,16628,1,1
2022-06-01 15:08:09.290,16627,16629,16629,1,1
2022-06-01 15:08:10.266,16629,16630,16630,1,1
2022-06-01 15:08:10.267,16629,16630,16630,5,5
2022-06-01 15:08:10.267,16629,16630,16630,23,23
2022-06-01 15:08:10.268,16629,16630,16631,1,1
2022-06-01 15:08:10.544,16630,16631,16631,1,1
2022-06-01 15:08:11.471,16630,16632,16632,1,1
2022-06-01 15:08:12.521,16631,16632,16632,5,5
2022-06-01 15:08:14.104,16632,16633,16632,2,-2
2022-06-01 15:08:14.412,16631,16633,16633,1,1
2022-06-01 15:08:14.510,16631,16633,16631,1,-1
2022-06-01 15:08:16.744,16632,16633,16632,1,-1
2022-06-01 15:08:19.903,16632,16633,16633,1,1
2022-06-01 15:08:20.062,16632,16633,16632,1,-1
2022-06-01 15:08:21.585,16632,16633,16632,1,-1
2022-06-01 15:08:21.763,16632,16633,16632,1,-1
2022-06-01 15:08:21.764,16632,16633,16632,1,-1
2022-06-01 15:08:21.924,16630,16632,16631,2,-2
2022-06-01 15:08:22.537,16631,16632,16631,1,-1
2022-06-01 15:08:22.537,16631,16632,16630,4,-4
2022-06-01 15:08:25.674,16630,16631,16630,1,-1
2022-06-01 15:08:28.148,16629,16630,16629,1,-1
2022-06-01 15:08:31.630,16628,16629,16629,1,1
2022-06-01 15:08:41.440,16628,16629,16629,1,1
2022-06-01 15:08:42.605,16629,16630,16629,2,-2
2022-06-01 15:08:42.605,16629,16630,16628,1,-1
2022-06-01 15:08:42.713,16628,16630,16629,1,-1
2022-06-01 15:08:42.855,16629,16630,16629,1,-1
2022-06-01 15:08:42.855,16629,16630,16628,2,-2
2022-06-01 15:08:49.606,16629,16630,16629,2,-2
2022-06-01 15:08:50.320,16628,16629,16628,1,-1
2022-06-01 15:08:52.613,16627,16628,16628,1,1
2022-06-01 15:08:56.995,16628,16629,16629,1,1
2022-06-01 15:08:57.756,16628,16629,16629,1,1
2022-06-01 15:08:58.376,16628,16629,16629,1,1
2022-06-01 15:09:00.553,16629,16630,16630,2,2
2022-06-01 15:09:00.554,16629,16630,16630,4,4
2022-06-01 15:09:00.554,16629,16630,16630,3,3
2022-06-01 15:09:01.072,16630,16631,16631,1,1
2022-06-01 15:09:01.640,16631,16632,16632,2,2
2022-06-01 15:09:01.640,16631,16632,16632,1,1
2022-06-01 15:09:01.640,16631,16632,16632,2,2
2022-06-01 15:09:02.936,16632,16633,16632,1,-1
2022-06-01 15:09:03.222,16632,16633,16633,1,1
2022-06-01 15:09:05.073,16632,16633,16632,1,-1
2022-06-01 15:09:05.178,16631,16632,16632,1,1
2022-06-01 15:09:05.352,16631,16632,16632,1,1
2022-06-01 15:09:05.352,16631,16632,16632,1,1
2022-06-01 15:09:05.697,16631,16633,16632,1,1
2022-06-01 15:09:06.261,16630,16632,16632,1,1
2022-06-01 15:09:06.789,16631,16632,16633,6,6
2022-06-01 15:09:07.123,16631,16633,16631,1,-1
2022-06-01 15:09:08.171,16632,16633,16633,4,4
2022-06-01 15:09:08.582,16633,16634,16634,14,14
2022-06-01 15:09:08.939,16634,16635,16635,4,4
2022-06-01 15:09:08.939,16634,16635,16635,2,2
2022-06-01 15:09:08.939,16634,16635,16635,5,5
2022-06-01 15:09:09.015,16635,16636,16636,1,1
2022-06-01 15:09:09.258,16635,16636,16636,3,3
2022-06-01 15:09:09.848,16635,16636,16635,2,-2
2022-06-01 15:09:11.077,16635,16636,16635,1,-1
2022-06-01 15:09:11.077,16635,16636,16634,2,-2
2022-06-01 15:09:11.079,16635,16636,16635,1,-1
2022-06-01 15:09:14.069,16635,16636,16635,1,-1
2022-06-01 15:09:14.678,16634,16636,16636,1,1
2022-06-01 15:09:15.603,16634,16635,16635,1,1
2022-06-01 15:09:18.631,16634,16635,16634,2,-2
2022-06-01 15:09:19.206,16633,16634,16634,1,1
2022-06-01 15:09:19.607,16633,16634,16634,2,2
2022-06-01 15:09:20.178,16633,16634,16634,1,1
2022-06-01 15:09:20.383,16633,16634,16634,2,2
2022-06-01 15:09:20.498,16633,16634,16633,1,-1
2022-06-01 15:09:20.689,16633,16634,16633,1,-1
2022-06-01 15:09:23.139,16628,16630,16630,1,1
2022-06-01 15:09:23.295,16628,16630,16628,1,-1
2022-06-01 15:09:24.881,16628,16629,16629,1,1
2022-06-01 15:09:25.813,16628,16630,16630,1,1
2022-06-01 15:09:30.818,16629,16630,16629,6,-6
2022-06-01 15:09:31.969,16628,16629,16629,1,1
2022-06-01 15:09:37.875,16628,16629,16629,1,1
2022-06-01 15:09:37.921,16628,16629,16629,2,2
2022-06-01 15:09:38.000,16628,16630,16630,1,1
2022-06-01 15:09:39.763,16628,16630,16628,1,-1
2022-06-01 15:09:41.789,16629,16630,16630,1,1
2022-06-01 15:09:43.406,16628,16630,16628,4,-4
2022-06-01 15:09:45.328,16626,16627,16627,5,5
2022-06-01 15:09:47.342,16626,16627,16626,2,-2
2022-06-01 15:09:47.905,16625,16627,16626,1,-1
2022-06-01 15:09:48.894,16626,16627,16627,1,1
2022-06-01 15:09:53.022,16626,16628,16628,3,3
2022-06-01 15:09:56.913,16626,16628,16628,4,4
2022-06-01 15:09:57.394,16626,16628,16628,3,3
2022-06-01 15:10:02.278,16628,16629,16628,1,-1
2022-06-01 15:10:02.278,16628,16629,16628,1,-1
2022-06-01 15:10:02.362,16626,16628,16626,1,-1
2022-06-01 15:10:02.362,16626,16628,16626,1,-1
2022-06-01 15:10:02.362,16626,16628,16626,1,-1
2022-06-01 15:10:02.363,16626,16628,16626,1,-1
2022-06-01 15:10:02.492,16626,16628,16628,2,2
2022-06-01 15:10:02.497,16626,16628,16628,1,1
2022-06-01 15:10:02.512,16626,16628,16628,2,2
2022-06-01 15:10:02.557,16626,16628,16628,1,1
2022-06-01 15:10:02.557,16626,16628,16628,1,1
2022-06-01 15:10:02.569,16626,16628,16628,2,2
2022-06-01 15:10:02.709,16627,16629,16629,1,1
2022-06-01 15:10:07.990,16627,16628,16627,2,-2
2022-06-01 15:10:09.435,16627,16628,16628,1,1
2022-06-01 15:10:09.484,16628,16629,16628,1,-1
2022-06-01 15:10:09.485,16628,16629,16628,1,-1
2022-06-01 15:10:09.571,16628,16629,16627,1,-1
2022-06-01 15:10:10.954,16627,16629,16627,4,-4
2022-06-01 15:10:11.228,16627,16629,16630,1,1
2022-06-01 15:10:11.756,16629,16630,16630,2,2
2022-06-01 15:10:14.416,16629,16630,16630,5,5
2022-06-01 15:10:14.479,16629,16630,16629,1,-1
2022-06-01 15:10:16.088,16631,16632,16632,7,7
2022-06-01 15:10:16.089,16631,16632,16632,3,3
2022-06-01 15:10:16.090,16631,16632,16632,3,3
2022-06-01 15:10:16.090,16631,16632,16633,4,4
2022-06-01 15:10:16.122,16632,16633,16633,2,2
2022-06-01 15:10:16.150,16632,16633,16633,1,1
2022-06-01 15:10:17.125,16632,16633,16633,2,2
2022-06-01 15:10:17.226,16632,16633,16632,1,-1
2022-06-01 15:10:22.152,16629,16631,16629,2,-2
2022-06-01 15:10:22.234,16629,16631,16629,1,-1
2022-06-01 15:10:22.234,16629,16631,16629,1,-1
2022-06-01 15:10:22.235,16629,16631,16629,1,-1
2022-06-01 15:10:23.405,16628,16630,16630,6,6
2022-06-01 15:10:25.306,16629,16630,16629,1,-1
2022-06-01 15:10:25.709,16627,16629,16629,1,1
2022-06-01 15:10:25.716,16627,16629,16627,2,-2
2022-06-01 15:10:28.546,16628,16630,16628,1,-1
2022-06-01 15:10:29.647,16629,16631,16631,8,8
2022-06-01 15:10:29.647,16629,16631,16632,4,4
2022-06-01 15:10:29.707,16629,16631,16633,1,1
2022-06-01 15:10:29.735,16631,16633,16631,1,-1
2022-06-01 15:10:29.735,16631,16633,16631,1,-1
2022-06-01 15:10:29.744,16631,16633,16632,3,-3
2022-06-01 15:10:30.080,16630,16632,16632,1,1
2022-06-01 15:10:30.542,16631,16632,16632,1,1
2022-06-01 15:10:31.718,16631,16632,16632,1,1
2022-06-01 15:10:31.998,16631,16632,16632,2,2
2022-06-01 15:10:32.865,16631,16633,16631,2,-2
2022-06-01 15:10:36.566,16630,16632,16632,1,1
2022-06-01 15:10:49.658,16630,16632,16631,1,1
2022-06-01 15:10:53.142,16630,16631,16631,2,2
2022-06-01 15:10:57.131,16631,16632,16632,1,1
2022-06-01 15:10:57.131,16631,16632,16632,4,4
2022-06-01 15:10:57.411,16632,16633,16633,2,2
2022-06-01 15:10:58.408,16632,16633,16633,2,2
2022-06-01 15:10:59.651,16632,16633,16633,1,1
2022-06-01 15:11:01.170,16633,16634,16633,1,-1
2022-06-01 15:11:03.064,16633,16634,16633,1,-1
2022-06-01 15:11:06.379,16633,16634,16634,3,3
2022-06-01 15:11:06.380,16633,16634,16634,4,4
2022-06-01 15:11:06.380,16633,16634,16634,10,10
2022-06-01 15:11:06.443,16633,16634,16635,1,1
2022-06-01 15:11:06.634,16634,16635,16635,1,1
2022-06-01 15:11:06.910,16634,16635,16635,4,4
2022-06-01 15:11:07.487,16635,16636,16636,13,13
2022-06-01 15:11:07.489,16635,16636,16637,7,7
2022-06-01 15:11:07.613,16636,16637,16637,2,2
2022-06-01 15:11:07.613,16636,16637,16638,1,1
2022-06-01 15:11:07.735,16636,16638,16638,1,1
2022-06-01 15:11:08.315,16636,16638,16636,1,-1
2022-06-01 15:11:08.820,16637,16638,16638,2,2
2022-06-01 15:11:08.840,16637,16638,16637,1,-1
2022-06-01 15:11:08.857,16637,16638,16637,3,-3
2022-06-01 15:11:08.857,16637,16638,16636,7,-7
2022-06-01 15:11:09.021,16636,16637,16637,1,1
2022-06-01 15:11:10.126,16637,16638,16638,1,1
2022-06-01 15:11:10.140,16637,16638,16638,4,4
2022-06-01 15:11:10.142,16637,16638,16638,3,3
2022-06-01 15:11:10.142,16637,16638,16638,1,1
2022-06-01 15:11:10.142,16637,16638,16638,1,1
2022-06-01 15:11:10.142,16637,16638,16638,1,1
2022-06-01 15:11:10.142,16637,16638,16638,1,1
2022-06-01 15:11:10.142,16637,16638,16638,2,2
2022-06-01 15:11:10.293,16637,16639,16639,1,1
2022-06-01 15:11:10.293,16637,16639,16639,1,1
2022-06-01 15:11:11.554,16638,16639,16638,1,-1
2022-06-01 15:11:11.688,16637,16639,16638,1,-1
2022-06-01 15:11:12.190,16637,16639,16637,1,-1
2022-06-01 15:11:12.747,16637,16638,16638,1,1
2022-06-01 15:11:12.940,16637,16639,16638,1,1
2022-06-01 15:11:12.940,16637,16639,16638,2,2
2022-06-01 15:11:13.057,16637,16639,16639,1,1
2022-06-01 15:11:16.514,16638,16639,16639,1,1
2022-06-01 15:11:17.769,16638,16639,16638,1,-1
2022-06-01 15:11:17.771,16638,16639,16638,1,-1
2022-06-01 15:11:19.508,16638,16639,16638,1,-1
2022-06-01 15:11:19.938,16638,16639,16639,2,2
2022-06-01 15:11:20.124,16638,16639,16639,1,1
2022-06-01 15:11:20.681,16638,16639,16639,1,1
2022-06-01 15:11:21.680,16638,16639,16638,1,-1
2022-06-01 15:11:21.680,16638,16639,16638,2,-2
2022-06-01 15:11:21.680,16638,16639,16638,1,-1
2022-06-01 15:11:21.744,16637,16638,16637,11,-11
2022-06-01 15:11:23.395,16636,16638,16637,1,-1
2022-06-01 15:11:23.549,16636,16637,16636,1,-1
2022-06-01 15:11:23.929,16636,16637,16636,1,-1
2022-06-01 15:11:24.406,16635,16636,16636,1,1
2022-06-01 15:11:24.822,16635,16636,16636,1,1
2022-06-01 15:11:25.064,16635,16636,16636,1,1
2022-06-01 15:11:25.942,16636,16637,16637,2,2
2022-06-01 15:11:27.597,16636,16637,16637,1,1
2022-06-01 15:11:27.597,16636,16637,16638,4,4
2022-06-01 15:11:27.899,16636,16638,16636,1,-1
2022-06-01 15:11:30.629,16636,16637,16636,2,-2
2022-06-01 15:11:31.437,16635,16636,16635,1,-1
2022-06-01 15:11:32.616,16634,16635,16635,1,1
2022-06-01 15:11:32.616,16634,16635,16636,1,1
2022-06-01 15:11:32.876,16634,16636,16636,1,1
2022-06-01 15:11:33.128,16634,16636,16636,4,4
2022-06-01 15:11:35.067,16636,16637,16636,1,-1
2022-06-01 15:11:37.247,16636,16637,16637,1,1
2022-06-01 15:11:38.282,16636,16637,16636,2,-2
2022-06-01 15:11:44.458,16636,16637,16637,1,1
2022-06-01 15:11:44.458,16636,16637,16637,2,2
2022-06-01 15:11:44.532,16637,16638,16638,1,1
2022-06-01 15:11:44.692,16637,16638,16638,2,2
2022-06-01 15:11:45.154,16637,16638,16638,1,1
2022-06-01 15:11:45.741,16638,16639,16638,1,-1
2022-06-01 15:11:48.382,16638,16639,16638,1,-1
2022-06-01 15:11:50.695,16636,16638,16638,1,1
2022-06-01 15:11:50.695,16636,16638,16638,1,1
2022-06-01 15:11:51.393,16637,16638,16638,1,1
2022-06-01 15:11:51.756,16637,16638,16638,3,3
2022-06-01 15:11:54.958,16637,16638,16638,1,1
2022-06-01 15:11:57.539,16637,16639,16638,1,1
2022-06-01 15:11:59.571,16638,16639,16639,2,2
2022-06-01 15:11:59.704,16638,16639,16638,1,-1
2022-06-01 15:12:00.140,16638,16639,16638,1,-1
2022-06-01 15:12:00.278,16638,16639,16638,4,-4
2022-06-01 15:12:00.347,16638,16639,16639,1,1
2022-06-01 15:12:00.361,16638,16639,16639,18,18
2022-06-01 15:12:00.825,16639,16640,16640,4,4
2022-06-01 15:12:00.826,16639,16640,16640,6,6
2022-06-01 15:12:00.826,16639,16640,16640,1,1
2022-06-01 15:12:00.826,16639,16640,16640,1,1
2022-06-01 15:12:00.826,16639,16640,16640,1,1
2022-06-01 15:12:00.826,16639,16640,16640,6,6
2022-06-01 15:12:00.827,16639,16640,16640,14,14
2022-06-01 15:12:00.871,16640,16641,16641,2,2
2022-06-01 15:12:00.899,16640,16641,16641,7,7
2022-06-01 15:12:01.075,16640,16642,16640,1,-1
2022-06-01 15:12:01.294,16641,16642,16642,22,22
2022-06-01 15:12:01.295,16641,16642,16643,1,1
2022-06-01 15:12:01.295,16641,16642,16643,1,1
2022-06-01 15:12:01.295,16641,16642,16643,1,1
2022-06-01 15:12:01.295,16641,16642,16643,1,1
2022-06-01 15:12:01.427,16642,16643,16643,1,1
2022-06-01 15:12:01.496,16642,16643,16643,1,1
2022-06-01 15:12:01.957,16642,16643,16642,2,-2
2022-06-01 15:12:01.971,16642,16643,16643,1,1
2022-06-01 15:12:02.010,16642,16643,16643,1,1
2022-06-01 15:12:02.189,16642,16643,16643,1,1
2022-06-01 15:12:02.401,16641,16643,16643,1,1
2022-06-01 15:12:02.597,16641,16643,16643,1,1
2022-06-01 15:12:02.624,16641,16643,16643,3,3
2022-06-01 15:12:02.808,16641,16643,16643,1,1
2022-06-01 15:12:02.924,16641,16643,16641,1,-1
2022-06-01 15:12:03.181,16640,16642,16642,1,1
2022-06-01 15:12:03.196,16640,16642,16642,4,4
2022-06-01 15:12:03.455,16640,16642,16642,5,5
2022-06-01 15:12:04.290,16641,16642,16642,1,1
2022-06-01 15:12:04.830,16641,16642,16643,1,1
2022-06-01 15:12:05.128,16641,16642,16642,1,1
2022-06-01 15:12:05.277,16641,16642,16642,1,1
2022-06-01 15:12:07.814,16642,16643,16643,1,1
2022-06-01 15:12:08.168,16642,16643,16643,2,2
2022-06-01 15:12:08.214,16642,16643,16643,1,1
2022-06-01 15:12:08.625,16642,16644,16644,4,4
2022-06-01 15:12:08.748,16642,16644,16644,2,2
2022-06-01 15:12:08.754,16642,16644,16644,1,1
2022-06-01 15:12:09.717,16643,16644,16644,3,3
2022-06-01 15:12:09.947,16643,16644,16644,2,2
2022-06-01 15:12:09.991,16643,16644,16644,1,1
2022-06-01 15:12:10.298,16643,16645,16645,2,2
2022-06-01 15:12:10.511,16643,16645,16644,1,1
2022-06-01 15:12:10.561,16643,16645,16643,1,-1
2022-06-01 15:12:10.607,16643,16644,16643,1,-1
2022-06-01 15:12:11.124,16643,16644,16644,1,1
2022-06-01 15:12:11.168,16643,16644,16644,5,5
2022-06-01 15:12:11.639,16643,16644,16643,1,-1
2022-06-01 15:12:12.225,16642,16644,16644,1,1
2022-06-01 15:12:12.380,16642,16644,16644,2,2
2022-06-01 15:12:12.545,16643,16644,16644,1,1
2022-06-01 15:12:13.349,16643,16644,16643,1,-1
2022-06-01 15:12:14.087,16642,16643,16643,1,1
2022-06-01 15:12:14.898,16643,16644,16643,3,-3
2022-06-01 15:12:15.104,16642,16643,16643,1,1
2022-06-01 15:12:15.246,16642,16643,16643,1,1
2022-06-01 15:12:15.860,16642,16644,16644,1,1
2022-06-01 15:12:16.470,16642,16643,16643,1,1
2022-06-01 15:12:16.983,16642,16643,16642,1,-1
2022-06-01 15:12:17.219,16642,16643,16643,1,1
2022-06-01 15:12:17.286,16642,16643,16643,5,5
2022-06-01 15:12:18.101,16642,16644,16644,4,4
2022-06-01 15:12:18.775,16642,16643,16643,1,1
2022-06-01 15:12:18.985,16642,16643,16642,1,-1
2022-06-01 15:12:18.985,16640,16641,16642,2,2
2022-06-01 15:12:18.985,16640,16641,16642,3,3
2022-06-01 15:12:19.103,16640,16641,16641,4,4
2022-06-01 15:12:19.347,16640,16641,16640,1,-1
2022-06-01 15:12:19.347,16640,16641,16639,1,-1
2022-06-01 15:12:19.460,16639,16641,16641,1,1
2022-06-01 15:12:19.958,16639,16640,16640,1,1
2022-06-01 15:12:20.921,16639,16641,16639,1,-1
2022-06-01 15:12:21.838,16639,16640,16640,4,4
2022-06-01 15:12:21.838,16639,16640,16640,4,4
2022-06-01 15:12:24.537,16640,16641,16641,7,7
2022-06-01 15:12:24.537,16640,16641,16642,6,6
2022-06-01 15:12:28.376,16640,16641,16640,5,-5
2022-06-01 15:12:28.817,16639,16640,16640,2,2
2022-06-01 15:12:30.375,16639,16641,16640,4,4
2022-06-01 15:12:30.653,16640,16641,16641,4,4
2022-06-01 15:12:31.065,16640,16642,16642,1,1
2022-06-01 15:12:31.215,16640,16642,16640,1,-1
2022-06-01 15:12:31.349,16640,16642,16640,1,-1
2022-06-01 15:12:32.983,16639,16640,16640,1,1
2022-06-01 15:12:33.355,16639,16640,16640,1,1
2022-06-01 15:12:34.303,16640,16642,16640,1,-1
2022-06-01 15:12:34.884,16639,16641,16640,1,-1
2022-06-01 15:12:38.213,16640,16641,16640,3,-3
2022-06-01 15:12:38.342,16639,16641,16641,2,2
2022-06-01 15:12:40.156,16639,16640,16640,1,1
2022-06-01 15:12:41.421,16639,16640,16639,4,-4
2022-06-01 15:12:44.108,16638,16639,16638,2,-2
2022-06-01 15:12:45.852,16638,16639,16639,1,1
2022-06-01 15:12:47.579,16638,16639,16639,1,1
2022-06-01 15:12:48.786,16638,16639,16638,6,-6
2022-06-01 15:12:48.787,16638,16639,16638,2,-2
2022-06-01 15:12:48.787,16638,16639,16638,1,-1
2022-06-01 15:12:48.919,16637,16638,16637,3,-3
2022-06-01 15:12:50.821,16636,16638,16638,1,1
2022-06-01 15:12:51.700,16636,16638,16636,1,-1
2022-06-01 15:12:53.469,16636,16638,16636,1,-1
2022-06-01 15:12:54.088,16636,16638,16638,5,5
2022-06-01 15:12:55.127,16637,16638,16638,2,2
2022-06-01 15:13:00.276,16637,16638,16637,1,-1
2022-06-01 15:13:00.277,16637,16638,16637,1,-1
2022-06-01 15:13:00.360,16637,16638,16638,1,1
2022-06-01 15:13:00.360,16637,16638,16639,1,1
2022-06-01 15:13:00.360,16637,16638,16639,1,1
2022-06-01 15:13:02.364,16638,16639,16639,1,1
2022-06-01 15:13:03.967,16637,16639,16639,1,1
2022-06-01 15:13:06.809,16637,16639,16639,1,1
2022-06-01 15:13:07.543,16637,16639,16637,1,-1
2022-06-01 15:13:07.610,16637,16639,16639,1,1
2022-06-01 15:13:13.468,16637,16639,16637,5,-5
2022-06-01 15:13:14.054,16636,16639,16637,1,-1
2022-06-01 15:13:19.956,16637,16638,16638,1,1
2022-06-01 15:13:21.347,16637,16639,16637,1,-1
2022-06-01 15:13:21.359,16637,16639,16639,1,1
2022-06-01 15:13:23.815,16637,16638,16638,1,1
2022-06-01 15:13:26.072,16637,16638,16638,3,3
2022-06-01 15:13:30.545,16639,16640,16640,5,5
2022-06-01 15:13:30.545,16639,16640,16640,6,6
2022-06-01 15:13:30.609,16640,16641,16641,1,1
2022-06-01 15:13:30.610,16640,16641,16641,1,1
2022-06-01 15:13:31.760,16640,16641,16641,1,1
2022-06-01 15:13:32.814,16640,16641,16641,1,1
2022-06-01 15:13:39.548,16641,16642,16641,1,-1
2022-06-01 15:13:41.699,16641,16642,16641,1,-1
2022-06-01 15:13:41.735,16640,16642,16642,1,1
2022-06-01 15:13:42.992,16640,16642,16642,1,1
2022-06-01 15:13:43.724,16640,16641,16640,1,-1
2022-06-01 15:13:44.850,16639,16640,16639,1,-1
2022-06-01 15:13:46.022,16639,16640,16640,1,1
2022-06-01 15:13:47.808,16640,16642,16640,1,-1
2022-06-01 15:13:49.250,16640,16641,16640,1,-1
2022-06-01 15:13:49.512,16640,16641,16641,1,1
2022-06-01 15:13:53.264,16640,16642,16640,1,-1
2022-06-01 15:13:53.667,16640,16642,16640,1,-1
2022-06-01 15:14:02.852,16640,16641,16640,3,-3
2022-06-01 15:14:03.266,16639,16641,16640,1,-1
2022-06-01 15:14:03.598,16639,16640,16640,1,1
2022-06-01 15:14:05.125,16638,16639,16638,1,-1
2022-06-01 15:14:06.866,16637,16638,16637,7,-7
2022-06-01 15:14:07.059,16637,16638,16637,1,-1
2022-06-01 15:14:07.059,16637,16638,16637,1,-1
2022-06-01 15:14:07.060,16637,16638,16637,2,-2
2022-06-01 15:14:07.060,16637,16638,16637,1,-1
2022-06-01 15:14:08.283,16636,16637,16637,5,5
2022-06-01 15:14:08.828,16636,16638,16636,6,-6
2022-06-01 15:14:14.236,16636,16637,16637,1,1
2022-06-01 15:14:23.948,16639,16640,16639,1,-1
2022-06-01 15:14:24.008,16638,16640,16640,3,3
2022-06-01 15:14:35.313,16637,16639,16639,1,1
2022-06-01 15:14:44.166,16638,16639,16639,1,1
2022-06-01 15:14:48.366,16638,16639,16639,3,3
2022-06-01 15:14:49.492,16638,16639,16638,3,-3
2022-06-01 15:14:49.493,16638,16639,16638,2,-2
2022-06-01 15:14:53.766,16637,16638,16638,1,1
2022-06-01 15:14:53.995,16637,16639,16637,1,-1
2022-06-01 15:15:00.256,16637,16638,16637,1,-1
2022-06-01 15:15:00.389,16637,16638,16637,1,-1
2022-06-01 15:15:01.157,16637,16638,16638,1,1
2022-06-01 15:15:01.572,16637,16638,16637,2,-2
2022-06-01 15:15:03.468,16637,16638,16637,2,-2
2022-06-01 15:15:03.468,16637,16638,16637,5,-5
2022-06-01 15:15:03.469,16637,16638,16637,1,-1
2022-06-01 15:15:04.237,16636,16637,16637,1,1
2022-06-01 15:15:04.482,16636,16637,16636,17,-17
2022-06-01 15:15:07.981,16635,16636,16635,1,-1
2022-06-01 15:15:07.981,16635,16636,16635,6,-6
2022-06-01 15:15:07.982,16635,16636,16635,3,-3
2022-06-01 15:15:07.982,16635,16636,16635,3,-3
2022-06-01 15:15:08.010,16635,16636,16634,1,-1
2022-06-01 15:15:08.110,16634,16635,16634,1,-1
2022-06-01 15:15:08.244,16634,16635,16634,1,-1
2022-06-01 15:15:08.498,16634,16635,16635,1,1
2022-06-01 15:15:09.718,16634,16635,16634,3,-3
2022-06-01 15:15:11.393,16633,16634,16634,1,1
2022-06-01 15:15:12.198,16633,16634,16633,2,-2
2022-06-01 15:15:12.198,16633,16634,16633,2,-2
2022-06-01 15:15:12.379,16632,16634,16634,1,1
2022-06-01 15:15:14.529,16633,16634,16633,1,-1
2022-06-01 15:15:16.702,16632,16634,16633,1,-1
2022-06-01 15:15:17.480,16632,16633,16632,8,-8
2022-06-01 15:15:17.503,16632,16633,16633,1,1
2022-06-01 15:15:18.905,16632,16634,16632,1,-1
2022-06-01 15:15:18.984,16632,16634,16632,1,-1
2022-06-01 15:15:18.984,16632,16634,16632,1,-1
2022-06-01 15:15:20.174,16633,16634,16633,1,-1
2022-06-01 15:15:20.189,16633,16634,16633,1,-1
2022-06-01 15:15:22.050,16633,16634,16633,2,-2
2022-06-01 15:15:22.642,16633,16634,16634,15,15
2022-06-01 15:15:24.291,16634,16635,16635,1,1
2022-06-01 15:15:24.292,16634,16635,16635,2,2
2022-06-01 15:15:24.292,16634,16635,16635,1,1
2022-06-01 15:15:31.689,16635,16636,16635,1,-1
2022-06-01 15:15:40.759,16635,16636,16636,3,3
2022-06-01 15:15:42.058,16636,16637,16637,2,2
2022-06-01 15:15:44.951,16637,16638,16638,1,1
2022-06-01 15:15:51.814,16638,16639,16639,1,1
2022-06-01 15:15:54.940,16638,16639,16639,1,1
2022-06-01 15:15:55.948,16639,16640,16639,1,-1
2022-06-01 15:15:56.508,16639,16640,16640,2,2
2022-06-01 15:15:56.508,16639,16640,16640,2,2
2022-06-01 15:15:56.508,16639,16640,16640,1,1
2022-06-01 15:15:56.508,16639,16640,16640,1,1
2022-06-01 15:15:59.670,16640,16641,16641,1,1
2022-06-01 15:15:59.692,16640,16641,16640,1,-1
2022-06-01 15:16:02.129,16639,16640,16640,2,2
2022-06-01 15:16:04.231,16639,16641,16639,1,-1
2022-06-01 15:16:04.359,16639,16641,16641,1,1
2022-06-01 15:16:04.359,16639,16641,16641,1,1
2022-06-01 15:16:08.934,16638,16639,16638,2,-2
2022-06-01 15:16:16.089,16638,16639,16638,1,-1
2022-06-01 15:16:16.109,16638,16639,16639,1,1
2022-06-01 15:16:16.109,16638,16639,16639,1,1
2022-06-01 15:16:16.110,16638,16639,16640,1,1
2022-06-01 15:16:16.330,16638,16640,16639,1,1
2022-06-01 15:16:16.801,16639,16640,16640,1,1
2022-06-01 15:16:16.847,16639,16640,16639,1,-1
2022-06-01 15:16:18.245,16639,16640,16639,4,-4
2022-06-01 15:16:22.717,16639,16640,16639,1,-1
2022-06-01 15:16:38.439,16638,16639,16639,1,1
2022-06-01 15:16:39.450,16639,16640,16640,2,2
2022-06-01 15:16:39.450,16639,16640,16641,3,3
2022-06-01 15:16:39.485,16639,16641,16641,1,1
2022-06-01 15:16:43.097,16639,16641,16639,1,-1
2022-06-01 15:16:43.879,16638,16640,16640,3,3
2022-06-01 15:16:44.496,16638,16640,16638,1,-1
2022-06-01 15:16:45.752,16638,16641,16641,4,4
2022-06-01 15:16:46.303,16639,16641,16639,1,-1
2022-06-01 15:16:49.487,16640,16641,16641,4,4
2022-06-01 15:16:49.966,16640,16642,16640,1,-1
2022-06-01 15:16:51.295,16640,16642,16639,1,-1
2022-06-01 15:16:52.013,16638,16640,16640,1,1
2022-06-01 15:16:53.012,16638,16640,16638,5,-5
2022-06-01 15:16:55.532,16637,16638,16638,2,2
2022-06-01 15:16:55.532,16637,16638,16639,1,1
2022-06-01 15:16:59.272,16637,16638,16637,2,-2
2022-06-01 15:17:01.599,16636,16638,16638,2,2
2022-06-01 15:17:08.572,16636,16637,16636,4,-4
2022-06-01 15:17:08.634,16635,16636,16635,1,-1
2022-06-01 15:17:08.757,16635,16636,16635,1,-1
2022-06-01 15:17:08.759,16635,16636,16635,5,-5
2022-06-01 15:17:08.759,16635,16636,16635,2,-2
2022-06-01 15:17:08.759,16635,16636,16635,1,-1
2022-06-01 15:17:09.366,16633,16635,16633,1,-1
2022-06-01 15:17:09.649,16635,16636,16635,1,-1
2022-06-01 15:17:13.613,16634,16635,16634,2,-2
2022-06-01 15:17:14.203,16634,16635,16635,1,1
2022-06-01 15:17:17.435,16634,16635,16635,1,1
2022-06-01 15:17:17.929,16634,16636,16634,1,-1
2022-06-01 15:17:18.513,16634,16636,16634,1,-1
2022-06-01 15:17:18.700,16634,16636,16636,1,1
2022-06-01 15:17:26.632,16633,16634,16634,3,3
2022-06-01 15:17:26.740,16633,16634,16633,1,-1
2022-06-01 15:17:27.646,16633,16634,16634,2,2
2022-06-01 15:17:35.054,16633,16634,16634,1,1
2022-06-01 15:17:35.054,16633,16634,16635,2,2
2022-06-01 15:17:36.313,16633,16634,16634,1,1
2022-06-01 15:17:37.752,16633,16634,16633,1,-1
2022-06-01 15:17:39.201,16633,16634,16633,1,-1
2022-06-01 15:17:41.476,16633,16634,16633,1,-1
2022-06-01 15:17:41.488,16633,16634,16633,1,-1
2022-06-01 15:17:43.606,16633,16634,16633,1,-1
2022-06-01 15:17:45.955,16632,16633,16633,3,3
2022-06-01 15:17:47.720,16632,16634,16634,1,1
2022-06-01 15:18:01.973,16633,16634,16634,1,1
2022-06-01 15:18:01.973,16633,16634,16634,3,3
2022-06-01 15:18:01.973,16633,16634,16634,2,2
2022-06-01 15:18:01.973,16633,16634,16634,2,2
2022-06-01 15:18:05.506,16634,16635,16634,1,-1
2022-06-01 15:18:06.092,16633,16635,16635,1,1
2022-06-01 15:18:06.108,16633,16635,16635,1,1
2022-06-01 15:18:06.126,16633,16635,16635,1,1
2022-06-01 15:18:06.152,16633,16635,16635,1,1
2022-06-01 15:18:10.455,16634,16635,16634,1,-1
2022-06-01 15:18:10.778,16634,16635,16634,1,-1
2022-06-01 15:18:14.041,16634,16635,16635,1,1
2022-06-01 15:18:18.025,16634,16636,16634,1,-1
2022-06-01 15:18:25.061,16633,16634,16634,1,1
2022-06-01 15:18:39.639,16633,16634,16634,5,5
2022-06-01 15:18:42.248,16634,16635,16634,1,-1
2022-06-01 15:18:44.181,16634,16635,16634,1,-1
2022-06-01 15:19:05.270,16633,16635,16633,2,-2
2022-06-01 15:19:06.456,16633,16635,16633,5,-5
2022-06-01 15:19:07.305,16632,16634,16632,1,-1
2022-06-01 15:19:10.659,16632,16634,16632,1,-1
2022-06-01 15:19:17.287,16633,16634,16634,1,1
2022-06-01 15:19:17.604,16633,16635,16633,2,-2
2022-06-01 15:19:26.750,16632,16634,16634,3,3
2022-06-01 15:19:30.355,16634,16635,16634,1,-1
2022-06-01 15:19:30.557,16634,16635,16634,2,-2
2022-06-01 15:19:30.558,16634,16635,16634,1,-1
2022-06-01 15:19:34.293,16634,16635,16635,3,3
2022-06-01 15:19:34.294,16634,16635,16635,1,1
2022-06-01 15:19:34.294,16634,16635,16635,1,1
2022-06-01 15:19:35.144,16635,16636,16636,7,7
2022-06-01 15:19:37.770,16636,16637,16637,2,2
2022-06-01 15:19:42.203,16637,16638,16637,1,-1
2022-06-01 15:19:49.981,16636,16637,16636,1,-1
2022-06-01 15:19:53.297,16634,16635,16635,2,2
2022-06-01 15:19:53.297,16634,16635,16636,1,1
2022-06-01 15:19:57.922,16634,16635,16634,4,-4
2022-06-01 15:20:11.831,16633,16635,16633,1,-1
2022-06-01 15:20:12.546,16634,16635,16635,1,1
2022-06-01 15:20:20.205,16634,16636,16636,1,1
2022-06-01 15:20:21.747,16634,16635,16635,1,1
2022-06-01 15:20:35.482,16635,16636,16636,1,1
2022-06-01 15:20:40.745,16635,16636,16635,1,-1
2022-06-01 15:20:46.682,16635,16636,16635,1,-1
2022-06-01 15:20:46.682,16635,16636,16635,1,-1
2022-06-01 15:20:46.682,16635,16636,16635,1,-1
2022-06-01 15:20:47.076,16634,16635,16635,1,1
2022-06-01 15:20:47.416,16634,16635,16634,2,-2
2022-06-01 15:20:47.940,16633,16634,16633,1,-1
2022-06-01 15:20:50.348,16632,16634,16634,1,1
2022-06-01 15:20:53.069,16632,16633,16632,6,-6
2022-06-01 15:20:53.239,16631,16632,16631,1,-1
2022-06-01 15:20:53.239,16631,16632,16631,6,-6
2022-06-01 15:20:53.239,16631,16632,16631,1,-1
2022-06-01 15:20:53.422,16630,16631,16630,2,-2
2022-06-01 15:20:53.575,16630,16632,16632,1,1
2022-06-01 15:20:57.417,16631,16632,16632,3,3
2022-06-01 15:21:00.038,16631,16632,16632,1,1
2022-06-01 15:21:09.645,16634,16635,16635,1,1
2022-06-01 15:21:11.019,16634,16636,16634,3,-3
2022-06-01 15:21:14.658,16633,16635,16635,3,3
2022-06-01 15:21:23.135,16633,16634,16634,1,1
2022-06-01 15:21:28.193,16634,16635,16635,4,4
2022-06-01 15:21:29.077,16635,16636,16636,1,1
2022-06-01 15:21:29.213,16635,16636,16636,1,1
2022-06-01 15:21:36.934,16635,16636,16636,1,1
2022-06-01 15:21:44.232,16635,16636,16635,1,-1
2022-06-01 15:21:47.198,16635,16636,16635,10,-10
2022-06-01 15:21:58.956,16634,16635,16635,3,3
2022-06-01 15:22:03.507,16634,16635,16635,1,1
2022-06-01 15:22:03.816,16634,16635,16634,1,-1
2022-06-01 15:22:03.817,16634,16635,16634,1,-1
2022-06-01 15:22:04.005,16633,16634,16633,1,-1
2022-06-01 15:22:09.074,16632,16633,16632,10,-10
2022-06-01 15:22:09.170,16631,16632,16631,6,-6
2022-06-01 15:22:11.596,16630,16631,16630,1,-1
2022-06-01 15:22:11.596,16630,16631,16630,1,-1
2022-06-01 15:22:11.596,16630,16631,16630,3,-3
2022-06-01 15:22:11.597,16630,16631,16630,4,-4
2022-06-01 15:22:11.597,16630,16631,16629,4,-4
2022-06-01 15:22:11.741,16628,16629,16628,1,-1
2022-06-01 15:22:12.262,16628,16629,16628,1,-1
2022-06-01 15:22:14.028,16628,16629,16628,16,-16
2022-06-01 15:22:14.747,16627,16628,16627,1,-1
2022-06-01 15:22:14.958,16627,16628,16628,1,1
2022-06-01 15:22:16.459,16627,16628,16627,5,-5
2022-06-01 15:22:16.467,16627,16628,16627,1,-1
2022-06-01 15:22:16.629,16626,16627,16627,1,1
2022-06-01 15:22:17.697,16626,16627,16626,1,-1
2022-06-01 15:22:18.039,16626,16627,16626,1,-1
2022-06-01 15:22:18.406,16626,16627,16626,1,-1
2022-06-01 15:22:18.411,16626,16627,16627,1,1
2022-06-01 15:22:18.411,16626,16627,16628,4,4
2022-06-01 15:22:19.768,16626,16627,16626,5,-5
2022-06-01 15:22:20.112,16625,16626,16625,5,-5
2022-06-01 15:22:20.274,16624,16625,16625,1,1
2022-06-01 15:22:20.350,16624,16625,16624,4,-4
2022-06-01 15:22:20.382,16624,16625,16624,2,-2
2022-06-01 15:22:20.472,16624,16625,16624,1,-1
2022-06-01 15:22:20.473,16624,16625,16624,2,-2
2022-06-01 15:22:20.950,16623,16625,16623,1,-1
2022-06-01 15:22:21.532,16623,16625,16624,1,-1
2022-06-01 15:22:22.378,16623,16625,16623,1,-1
2022-06-01 15:22:22.551,16623,16625,16623,1,-1
2022-06-01 15:22:24.273,16623,16625,16625,1,1
2022-06-01 15:22:24.450,16624,16625,16624,1,-1
2022-06-01 15:22:24.703,16624,16625,16624,1,-1
2022-06-01 15:22:26.575,16623,16625,16623,1,-1
2022-06-01 15:22:28.851,16623,16624,16623,2,-2
2022-06-01 15:22:29.311,16623,16624,16623,5,-5
2022-06-01 15:22:30.142,16623,16624,16623,1,-1
2022-06-01 15:22:30.152,16623,16624,16624,1,1
2022-06-01 15:22:30.596,16623,16625,16623,1,-1
2022-06-01 15:22:31.534,16622,16624,16624,1,1
2022-06-01 15:22:32.046,16622,16623,16622,1,-1
2022-06-01 15:22:33.380,16622,16623,16623,1,1
2022-06-01 15:22:37.998,16624,16625,16624,1,-1
2022-06-01 15:22:37.998,16624,16625,16623,1,-1
2022-06-01 15:22:38.505,16623,16625,16623,1,-1
2022-06-01 15:22:39.138,16623,16624,16623,1,-1
2022-06-01 15:22:39.519,16622,16623,16623,1,1
2022-06-01 15:22:46.489,16623,16624,16623,1,-1
2022-06-01 15:22:46.760,16623,16624,16623,1,-1
2022-06-01 15:22:46.782,16623,16624,16623,1,-1
2022-06-01 15:22:46.853,16623,16624,16623,1,-1
2022-06-01 15:22:47.910,16622,16623,16623,2,2
2022-06-01 15:22:48.221,16622,16623,16622,13,-13
2022-06-01 15:22:48.512,16621,16622,16622,1,1
2022-06-01 15:22:50.754,16621,16622,16621,11,-11
2022-06-01 15:22:51.990,16620,16621,16620,12,-12
2022-06-01 15:22:51.990,16620,16621,16620,7,-7
2022-06-01 15:22:51.990,16620,16621,16620,1,-1
2022-06-01 15:22:51.991,16620,16621,16620,1,-1
2022-06-01 15:22:52.175,16619,16620,16619,1,-1
2022-06-01 15:22:52.199,16619,16620,16619,1,-1
2022-06-01 15:22:52.329,16619,16620,16621,1,1
2022-06-01 15:22:52.392,16620,16622,16620,1,-1
2022-06-01 15:22:52.410,16620,16622,16620,1,-1
2022-06-01 15:22:52.412,16620,16622,16620,2,-2
2022-06-01 15:22:52.601,16621,16622,16621,1,-1
2022-06-01 15:22:52.614,16621,16622,16621,2,-2
2022-06-01 15:22:53.344,16621,16622,16621,1,-1
2022-06-01 15:22:53.716,16621,16622,16622,1,1
2022-06-01 15:22:54.123,16622,16623,16623,2,2
2022-06-01 15:22:54.123,16622,16623,16623,2,2
2022-06-01 15:22:54.123,16622,16623,16623,5,5
2022-06-01 15:22:54.169,16622,16623,16623,1,1
2022-06-01 15:22:54.342,16623,16624,16623,1,-1
2022-06-01 15:22:54.750,16623,16624,16623,2,-2
2022-06-01 15:22:55.074,16623,16624,16623,1,-1
2022-06-01 15:23:01.840,16621,16622,16621,1,-1
2022-06-01 15:23:04.162,16621,16622,16621,1,-1
2022-06-01 15:23:05.538,16621,16622,16622,1,1
2022-06-01 15:23:06.118,16621,16622,16621,1,-1
2022-06-01 15:23:06.850,16621,16622,16622,1,1
2022-06-01 15:23:10.678,16622,16623,16622,1,-1
2022-06-01 15:23:12.056,16622,16623,16622,2,-2
2022-06-01 15:23:12.680,16622,16623,16623,3,3
2022-06-01 15:23:13.535,16623,16624,16624,1,1
2022-06-01 15:23:13.535,16623,16624,16624,2,2
2022-06-01 15:23:13.535,16623,16624,16624,1,1
2022-06-01 15:23:14.433,16624,16625,16625,1,1
2022-06-01 15:23:14.548,16624,16625,16625,2,2
2022-06-01 15:23:18.991,16622,16624,16624,1,1
2022-06-01 15:23:19.467,16622,16624,16623,1,1
2022-06-01 15:23:20.715,16622,16623,16623,1,1
2022-06-01 15:23:27.499,16622,16623,16622,1,-1
2022-06-01 15:23:30.663,16622,16623,16623,1,1
2022-06-01 15:23:30.675,16622,16623,16623,12,12
2022-06-01 15:23:38.282,16623,16624,16624,5,5
2022-06-01 15:23:39.177,16623,16624,16624,4,4
2022-06-01 15:23:39.178,16623,16624,16624,1,1
2022-06-01 15:23:43.165,16623,16624,16623,1,-1
2022-06-01 15:23:47.134,16623,16624,16624,4,4
2022-06-01 15:23:47.135,16623,16624,16624,1,1
2022-06-01 15:23:52.190,16624,16625,16624,1,-1
2022-06-01 15:23:52.715,16624,16625,16625,5,5
2022-06-01 15:23:54.734,16625,16627,16627,5,5
2022-06-01 15:23:54.887,16626,16627,16627,1,1
2022-06-01 15:23:55.253,16626,16628,16626,1,-1
2022-06-01 15:23:58.560,16626,16627,16627,2,2
2022-06-01 15:23:59.243,16627,16628,16627,3,-3
2022-06-01 15:24:00.189,16626,16627,16626,3,-3
2022-06-01 15:24:00.510,16625,16626,16626,1,1
2022-06-01 15:24:04.746,16626,16627,16627,2,2
2022-06-01 15:24:05.063,16627,16628,16627,1,-1
2022-06-01 15:24:08.126,16627,16628,16628,6,6
2022-06-01 15:24:08.126,16627,16628,16628,1,1
2022-06-01 15:24:30.292,16626,16627,16627,1,1
2022-06-01 15:24:30.854,16626,16628,16628,1,1
2022-06-01 15:24:32.490,16627,16628,16628,1,1
2022-06-01 15:24:34.087,16627,16628,16628,1,1
2022-06-01 15:24:36.343,16627,16628,16627,1,-1
2022-06-01 15:24:45.994,16627,16628,16627,1,-1
2022-06-01 15:24:47.395,16626,16627,16627,1,1
2022-06-01 15:24:59.069,16626,16628,16626,2,-2
2022-06-01 15:25:01.317,16626,16627,16626,1,-1
2022-06-01 15:25:05.852,16623,16624,16623,4,-4
2022-06-01 15:25:05.852,16623,16624,16623,2,-2
2022-06-01 15:25:05.852,16623,16624,16623,4,-4
2022-06-01 15:25:05.852,16623,16624,16623,3,-3
2022-06-01 15:25:06.770,16622,16623,16622,1,-1
2022-06-01 15:25:06.770,16622,16623,16622,1,-1
2022-06-01 15:25:06.770,16622,16623,16622,4,-4
2022-06-01 15:25:06.770,16622,16623,16622,4,-4
2022-06-01 15:25:06.770,16622,16623,16622,1,-1
2022-06-01 15:25:06.771,16622,16623,16622,1,-1
2022-06-01 15:25:07.389,16622,16624,16622,1,-1
2022-06-01 15:25:07.389,16622,16624,16622,2,-2
2022-06-01 15:25:12.874,16624,16625,16625,1,1
2022-06-01 15:25:15.761,16625,16626,16625,4,-4
2022-06-01 15:25:23.687,16623,16624,16623,2,-2
2022-06-01 15:25:33.345,16622,16623,16623,1,1
2022-06-01 15:25:35.233,16622,16623,16622,1,-1
2022-06-01 15:25:35.916,16623,16625,16623,1,-1
2022-06-01 15:25:36.483,16623,16625,16623,1,-1
2022-06-01 15:25:42.810,16623,16625,16625,1,1
2022-06-01 15:25:43.178,16623,16625,16623,1,-1
2022-06-01 15:25:48.213,16624,16625,16625,2,2
2022-06-01 15:25:48.213,16624,16625,16625,4,4
2022-06-01 15:25:50.592,16625,16626,16626,3,3
2022-06-01 15:25:59.370,16625,16626,16626,1,1
2022-06-01 15:25:59.681,16625,16627,16625,1,-1
2022-06-01 15:26:03.629,16626,16627,16627,1,1
2022-06-01 15:26:11.859,16626,16627,16627,1,1
2022-06-01 15:26:11.959,16626,16627,16628,12,12
2022-06-01 15:26:14.207,16628,16629,16629,1,1
2022-06-01 15:26:14.666,16628,16629,16629,1,1
2022-06-01 15:26:15.188,16628,16629,16629,1,1
2022-06-01 15:26:15.987,16629,16630,16629,1,-1
2022-06-01 15:26:16.578,16628,16629,16629,1,1
2022-06-01 15:26:18.228,16629,16630,16630,6,6
2022-06-01 15:26:19.772,16629,16631,16631,1,1
2022-06-01 15:26:20.151,16629,16630,16630,1,1
2022-06-01 15:26:21.226,16629,16631,16631,1,1
2022-06-01 15:26:21.429,16629,16631,16631,1,1
2022-06-01 15:26:21.958,16629,16631,16629,1,-1
2022-06-01 15:26:23.970,16630,16631,16630,1,-1
2022-06-01 15:26:24.956,16630,16631,16631,1,1
2022-06-01 15:26:27.222,16631,16632,16631,1,-1
2022-06-01 15:26:30.359,16630,16631,16631,1,1
2022-06-01 15:26:33.087,16630,16631,16630,1,-1
2022-06-01 15:26:33.932,16630,16631,16630,2,-2
2022-06-01 15:26:41.170,16627,16629,16629,2,2
2022-06-01 15:26:49.840,16627,16629,16629,7,7
2022-06-01 15:26:49.840,16627,16629,16630,10,10
2022-06-01 15:26:49.840,16627,16629,16631,13,13
2022-06-01 15:26:49.841,16627,16629,16629,1,1
2022-06-01 15:26:49.842,16627,16629,16630,1,1
2022-06-01 15:26:49.842,16627,16629,16630,1,1
2022-06-01 15:26:49.842,16627,16629,16630,1,1
2022-06-01 15:26:49.842,16627,16629,16630,1,1
2022-06-01 15:26:51.694,16630,16631,16629,1,-1
2022-06-01 15:27:09.186,16629,16630,16629,1,-1
2022-06-01 15:27:09.234,16627,16629,16629,1,1
2022-06-01 15:27:09.236,16627,16629,16629,1,1
2022-06-01 15:27:09.236,16627,16629,16630,1,1
2022-06-01 15:27:09.236,16627,16629,16630,1,1
2022-06-01 15:27:09.236,16627,16629,16630,1,1
2022-06-01 15:27:09.236,16627,16629,16630,2,2
2022-06-01 15:27:09.237,16627,16629,16630,1,1
2022-06-01 15:27:09.238,16627,16629,16630,1,1
2022-06-01 15:27:09.239,16627,16629,16631,1,1
2022-06-01 15:27:09.954,16630,16631,16631,2,2
2022-06-01 15:27:10.065,16631,16632,16631,1,-1
2022-06-01 15:27:10.065,16631,16632,16630,1,-1
2022-06-01 15:27:10.109,16630,16632,16632,1,1
2022-06-01 15:27:10.109,16630,16632,16632,1,1
2022-06-01 15:27:10.110,16630,16632,16632,1,1
2022-06-01 15:27:13.120,16629,16631,16631,1,1
2022-06-01 15:27:20.689,16631,16632,16632,7,7
2022-06-01 15:27:20.689,16631,16632,16633,10,10
2022-06-01 15:27:20.690,16631,16632,16633,8,8
2022-06-01 15:27:24.268,16632,16633,16633,1,1
2022-06-01 15:27:24.359,16632,16634,16634,1,1
2022-06-01 15:27:26.127,16633,16634,16634,2,2
2022-06-01 15:27:26.904,16634,16635,16634,1,-1
2022-06-01 15:27:26.916,16634,16635,16635,1,1
2022-06-01 15:27:27.875,16633,16635,16635,1,1
2022-06-01 15:27:28.861,16634,16635,16635,1,1
2022-06-01 15:27:29.955,16633,16635,16634,1,1
2022-06-01 15:27:29.993,16633,16635,16635,1,1
2022-06-01 15:27:30.744,16633,16635,16635,1,1
2022-06-01 15:27:32.373,16634,16635,16635,1,1
2022-06-01 15:27:33.269,16635,16636,16635,1,-1
2022-06-01 15:27:34.278,16633,16635,16635,1,1
2022-06-01 15:27:36.527,16635,16636,16635,1,-1
2022-06-01 15:27:40.515,16634,16635,16634,2,-2
2022-06-01 15:27:40.610,16634,16635,16635,1,1
2022-06-01 15:27:40.610,16634,16635,16635,1,1
2022-06-01 15:27:40.610,16634,16635,16635,1,1
2022-06-01 15:27:40.610,16634,16635,16636,1,1
2022-06-01 15:27:40.610,16634,16635,16636,1,1
2022-06-01 15:27:40.611,16634,16635,16636,1,1
2022-06-01 15:27:44.192,16635,16636,16636,2,2
2022-06-01 15:27:44.197,16635,16636,16636,1,1
2022-06-01 15:27:46.028,16635,16636,16636,1,1
2022-06-01 15:27:46.111,16635,16637,16637,1,1
2022-06-01 15:27:46.237,16635,16637,16637,3,3
2022-06-01 15:27:53.442,16636,16637,16637,1,1
2022-06-01 15:27:55.731,16636,16637,16636,1,-1
2022-06-01 15:27:55.731,16636,16637,16636,1,-1
2022-06-01 15:28:00.210,16635,16636,16636,1,1
2022-06-01 15:28:00.266,16636,16637,16636,2,-2
2022-06-01 15:28:03.480,16636,16637,16636,1,-1
2022-06-01 15:28:03.535,16635,16636,16636,1,1
2022-06-01 15:28:03.938,16635,16636,16636,2,2
2022-06-01 15:28:05.121,16635,16636,16635,1,-1
2022-06-01 15:28:09.393,16634,16636,16636,1,1
2022-06-01 15:28:09.946,16634,16636,16634,1,-1
2022-06-01 15:28:25.958,16635,16636,16636,5,5
2022-06-01 15:28:28.193,16636,16637,16637,5,5
2022-06-01 15:28:28.573,16637,16638,16638,8,8
2022-06-01 15:28:28.573,16637,16638,16638,5,5
2022-06-01 15:28:29.626,16638,16639,16638,1,-1
2022-06-01 15:28:29.901,16638,16639,16638,1,-1
2022-06-01 15:28:31.199,16637,16639,16638,1,-1
2022-06-01 15:28:36.172,16637,16638,16638,7,7
2022-06-01 15:28:36.836,16638,16639,16638,1,-1
2022-06-01 15:28:36.953,16638,16639,16638,1,-1
2022-06-01 15:28:38.477,16638,16639,16639,1,1
2022-06-01 15:28:41.066,16638,16639,16638,1,-1
2022-06-01 15:28:43.747,16638,16639,16639,1,1
2022-06-01 15:28:43.973,16638,16639,16638,1,-1
2022-06-01 15:28:45.425,16638,16639,16638,2,-2
2022-06-01 15:28:46.803,16637,16638,16637,1,-1
2022-06-01 15:28:52.518,16637,16638,16637,2,-2
2022-06-01 15:28:55.014,16635,16636,16635,2,-2
2022-06-01 15:28:55.015,16635,16636,16635,1,-1
2022-06-01 15:28:55.198,16634,16635,16634,1,-1
2022-06-01 15:29:05.212,16632,16634,16633,1,-1
2022-06-01 15:29:05.474,16631,16633,16631,1,-1
2022-06-01 15:29:08.903,16631,16632,16631,1,-1
2022-06-01 15:29:12.608,16632,16634,16632,2,-2
2022-06-01 15:29:17.779,16631,16633,16631,3,-3
2022-06-01 15:29:17.779,16631,16633,16630,2,-2
2022-06-01 15:29:17.876,16630,16632,16632,1,1
2022-06-01 15:29:17.966,16630,16632,16630,1,-1
2022-06-01 15:29:20.271,16631,16632,16631,1,-1
2022-06-01 15:29:22.220,16630,16632,16631,1,-1
2022-06-01 15:29:24.357,16630,16632,16630,5,-5
2022-06-01 15:29:26.876,16631,16632,16631,1,-1
2022-06-01 15:29:26.928,16631,16632,16630,10,-10
2022-06-01 15:29:26.928,16631,16632,16629,11,-11
2022-06-01 15:29:26.930,16631,16632,16629,7,-7
2022-06-01 15:29:26.930,16631,16632,16629,1,-1
2022-06-01 15:29:26.930,16631,16632,16629,1,-1
2022-06-01 15:29:28.517,16629,16630,16629,1,-1
2022-06-01 15:29:31.651,16627,16629,16627,9,-9
2022-06-01 15:29:31.651,16627,16629,16626,19,-19
2022-06-01 15:29:31.654,16627,16629,16627,2,-2
2022-06-01 15:29:34.125,16626,16627,16627,2,2
2022-06-01 15:29:34.961,16626,16628,16626,1,-1
2022-06-01 15:29:35.164,16626,16628,16628,2,2
2022-06-01 15:29:36.338,16628,16630,16630,4,4
2022-06-01 15:29:36.338,16628,16630,16631,2,2
2022-06-01 15:29:39.526,16628,16630,16628,1,-1
2022-06-01 15:29:39.796,16628,16630,16628,1,-1
2022-06-01 15:29:40.077,16628,16630,16628,1,-1
2022-06-01 15:29:40.355,16628,16630,16628,1,-1
2022-06-01 15:29:44.324,16628,16630,16629,1,-1
2022-06-01 15:29:44.324,16628,16630,16630,9,9
2022-06-01 15:29:45.268,16628,16630,16628,5,-5
2022-06-01 15:29:46.452,16627,16629,16628,1,-1
2022-06-01 15:29:48.893,16628,16630,16630,2,2
2022-06-01 15:29:52.054,16630,16631,16631,1,1
2022-06-01 15:29:54.813,16630,16631,16631,2,2
2022-06-01 15:29:54.814,16630,16631,16631,1,1
2022-06-01 15:29:54.814,16630,16631,16631,1,1
2022-06-01 15:29:55.816,16630,16631,16631,1,1
2022-06-01 15:29:55.871,16630,16631,16630,4,-4
2022-06-01 15:30:00.228,16628,16629,16628,1,-1
2022-06-01 15:30:00.228,16628,16629,16627,1,-1
2022-06-01 15:30:00.309,16627,16629,16628,2,-2
2022-06-01 15:30:00.480,16627,16628,16629,1,1
2022-06-01 15:30:00.498,16627,16629,16629,2,2
2022-06-01 15:30:00.538,16627,16629,16629,2,2
2022-06-01 15:30:00.593,16627,16629,16629,1,1
2022-06-01 15:30:03.140,16627,16628,16628,1,1
2022-06-01 15:30:03.319,16627,16628,16628,1,1
2022-06-01 15:30:03.803,16627,16628,16627,3,-3
2022-06-01 15:30:03.803,16627,16628,16627,2,-2
2022-06-01 15:30:04.812,16626,16627,16626,3,-3
2022-06-01 15:30:04.872,16625,16626,16625,1,-1
2022-06-01 15:30:05.499,16624,16625,16624,2,-2
2022-06-01 15:30:05.778,16623,16625,16623,1,-1
2022-06-01 15:30:06.079,16623,16625,16623,1,-1
2022-06-01 15:30:06.634,16623,16625,16623,1,-1
2022-06-01 15:30:06.905,16623,16625,16624,1,-1
2022-06-01 15:30:07.887,16624,16626,16624,1,-1
2022-06-01 15:30:07.887,16624,16626,16624,2,-2
2022-06-01 15:30:08.089,16624,16626,16626,1,1
2022-06-01 15:30:08.387,16624,16626,16626,1,1
2022-06-01 15:30:09.508,16624,16626,16625,1,1
2022-06-01 15:30:10.860,16624,16625,16625,1,1
2022-06-01 15:30:11.440,16624,16626,16626,1,1
2022-06-01 15:30:12.757,16625,16626,16625,2,-2
2022-06-01 15:30:12.910,16625,16626,16626,2,2
2022-06-01 15:30:13.299,16625,16626,16625,1,-1
2022-06-01 15:30:14.266,16623,16624,16623,2,-2
2022-06-01 15:30:14.553,16623,16624,16623,2,-2
2022-06-01 15:30:14.606,16623,16624,16623,2,-2
2022-06-01 15:30:14.607,16623,16624,16623,1,-1
2022-06-01 15:30:16.116,16622,16623,16622,2,-2
2022-06-01 15:30:16.395,16622,16623,16622,2,-2
2022-06-01 15:30:16.902,16622,16623,16622,1,-1
2022-06-01 15:30:17.482,16622,16623,16622,2,-2
2022-06-01 15:30:17.483,16622,16623,16622,2,-2
2022-06-01 15:30:19.036,16621,16622,16621,1,-1
2022-06-01 15:30:19.457,16621,16622,16621,2,-2
2022-06-01 15:30:20.194,16621,16622,16621,4,-4
2022-06-01 15:30:21.287,16620,16621,16621,1,1
2022-06-01 15:30:21.778,16620,16622,16620,1,-1
2022-06-01 15:30:22.145,16621,16622,16621,2,-2
2022-06-01 15:30:22.621,16621,16622,16621,2,-2
2022-06-01 15:30:22.787,16621,16622,16621,1,-1
2022-06-01 15:30:22.788,16621,16622,16621,1,-1
2022-06-01 15:30:22.847,16621,16622,16622,3,3
2022-06-01 15:30:23.870,16621,16622,16622,1,1
2022-06-01 15:30:26.441,16624,16625,16624,1,-1
2022-06-01 15:30:26.585,16624,16625,16625,2,2
2022-06-01 15:30:36.294,16622,16623,16622,1,-1
2022-06-01 15:30:37.022,16622,16623,16623,1,1
2022-06-01 15:30:38.120,16624,16625,16625,1,1
2022-06-01 15:30:38.825,16625,16626,16626,1,1
2022-06-01 15:30:38.825,16625,16626,16626,1,1
2022-06-01 15:30:40.860,16625,16627,16625,1,-1
2022-06-01 15:30:46.063,16625,16626,16626,1,1
2022-06-01 15:30:46.158,16625,16626,16626,1,1
2022-06-01 15:30:46.159,16625,16626,16626,1,1
2022-06-01 15:30:46.296,16625,16627,16626,1,1
2022-06-01 15:30:49.413,16625,16627,16625,1,-1
2022-06-01 15:30:53.464,16625,16626,16625,2,-2
2022-06-01 15:30:54.115,16625,16626,16625,9,-9
2022-06-01 15:30:59.374,16624,16625,16625,1,1
2022-06-01 15:30:59.374,16624,16625,16625,2,2
2022-06-01 15:30:59.374,16624,16625,16625,1,1
2022-06-01 15:30:59.703,16625,16626,16625,1,-1
2022-06-01 15:31:00.171,16624,16626,16624,1,-1
2022-06-01 15:31:00.504,16625,16626,16625,1,-1
2022-06-01 15:31:01.784,16624,16626,16624,1,-1
2022-06-01 15:31:02.160,16625,16626,16625,1,-1
2022-06-01 15:31:06.141,16622,16624,16624,1,1
2022-06-01 15:31:07.410,16622,16624,16622,10,-10
2022-06-01 15:31:07.694,16622,16624,16622,1,-1
2022-06-01 15:31:10.921,16622,16624,16622,1,-1
2022-06-01 15:31:12.183,16622,16624,16622,1,-1
2022-06-01 15:31:12.569,16622,16623,16622,1,-1
2022-06-01 15:31:13.154,16622,16623,16622,1,-1
2022-06-01 15:31:13.154,16622,16623,16621,1,-1
2022-06-01 15:31:14.496,16622,16623,16622,1,-1
2022-06-01 15:31:14.496,16622,16623,16621,1,-1
2022-06-01 15:31:15.878,16621,16623,16621,2,-2
2022-06-01 15:31:16.245,16622,16624,16622,2,-2
2022-06-01 15:31:16.987,16622,16624,16622,1,-1
2022-06-01 15:31:34.212,16622,16624,16624,3,3
2022-06-01 15:31:34.212,16622,16624,16625,2,2
2022-06-01 15:31:36.798,16623,16624,16624,2,2
2022-06-01 15:31:37.049,16623,16625,16625,1,1
2022-06-01 15:31:45.243,16624,16625,16625,2,2
2022-06-01 15:31:45.243,16624,16625,16625,1,1
2022-06-01 15:31:56.328,16625,16626,16625,1,-1
2022-06-01 15:31:56.328,16625,16626,16624,1,-1
2022-06-01 15:32:00.507,16625,16626,16626,2,2
2022-06-01 15:32:02.496,16626,16627,16627,6,6
2022-06-01 15:32:05.318,16626,16627,16627,2,2
2022-06-01 15:32:05.515,16627,16628,16628,5,5
2022-06-01 15:32:06.514,16628,16629,16629,2,2
2022-06-01 15:32:06.631,16628,16629,16629,1,1
2022-06-01 15:32:11.023,16628,16630,16630,1,1
2022-06-01 15:32:11.193,16628,16630,16630,1,1
2022-06-01 15:32:11.363,16628,16630,16630,1,1
2022-06-01 15:32:12.121,16628,16630,16630,1,1
2022-06-01 15:32:13.150,16629,16630,16630,1,1
2022-06-01 15:32:14.249,16629,16630,16630,1,1
2022-06-01 15:32:14.249,16629,16630,16630,2,2
2022-06-01 15:32:15.400,16629,16630,16629,1,-1
2022-06-01 15:32:17.672,16629,16630,16630,1,1
2022-06-01 15:32:19.403,16629,16630,16629,1,-1
2022-06-01 15:32:19.755,16629,16630,16630,4,4
2022-06-01 15:32:19.755,16629,16630,16631,3,3
2022-06-01 15:32:27.010,16630,16631,16630,1,-1
2022-06-01 15:32:28.851,16630,16631,16631,3,3
2022-06-01 15:32:31.328,16630,16631,16630,6,-6
2022-06-01 15:32:32.568,16629,16630,16629,2,-2
2022-06-01 15:32:34.645,16628,16629,16628,3,-3
2022-06-01 15:32:35.488,16626,16628,16626,1,-1
2022-06-01 15:32:35.872,16626,16627,16626,1,-1
2022-06-01 15:32:37.671,16626,16627,16626,1,-1
2022-06-01 15:32:39.336,16626,16627,16627,1,1
2022-06-01 15:32:48.132,16625,16627,16625,2,-2
2022-06-01 15:32:49.373,16624,16626,16626,1,1
2022-06-01 15:32:53.728,16625,16627,16625,1,-1
2022-06-01 15:32:55.018,16626,16627,16627,1,1
2022-06-01 15:33:17.968,16628,16629,16629,1,1
2022-06-01 15:33:24.317,16630,16631,16631,1,1
2022-06-01 15:33:24.941,16630,16631,16631,1,1
2022-06-01 15:33:24.957,16630,16631,16632,3,3
2022-06-01 15:33:25.061,16632,16633,16633,1,1
2022-06-01 15:33:25.061,16632,16633,16633,1,1
2022-06-01 15:33:25.061,16632,16633,16633,2,2
2022-06-01 15:33:28.977,16634,16635,16634,2,-2
2022-06-01 15:33:29.511,16633,16635,16635,1,1
2022-06-01 15:33:30.049,16634,16635,16635,1,1
2022-06-01 15:33:30.362,16634,16635,16635,2,2
2022-06-01 15:33:31.709,16634,16635,16635,1,1
2022-06-01 15:33:33.380,16634,16635,16635,1,1
2022-06-01 15:33:34.391,16635,16636,16636,3,3
2022-06-01 15:33:34.526,16635,16636,16636,3,3
2022-06-01 15:33:34.526,16635,16636,16637,7,7
2022-06-01 15:33:34.646,16636,16637,16637,1,1
2022-06-01 15:33:34.646,16636,16637,16638,1,1
2022-06-01 15:33:35.142,16636,16638,16636,1,-1
2022-06-01 15:33:35.537,16635,16637,16637,1,1
2022-06-01 15:33:37.963,16635,16637,16637,1,1
2022-06-01 15:33:39.673,16636,16638,16638,1,1
2022-06-01 15:33:42.422,16636,16637,16637,1,1
2022-06-01 15:33:42.747,16636,16637,16637,1,1
2022-06-01 15:33:43.493,16636,16637,16636,1,-1
2022-06-01 15:33:43.725,16636,16637,16637,2,2
2022-06-01 15:33:44.157,16636,16637,16636,1,-1
2022-06-01 15:33:44.834,16636,16637,16637,1,1
2022-06-01 15:33:44.964,16637,16638,16637,1,-1
2022-06-01 15:33:47.389,16637,16638,16637,1,-1
2022-06-01 15:33:50.058,16637,16638,16637,3,-3
2022-06-01 15:33:51.552,16636,16637,16636,1,-1
2022-06-01 15:33:51.553,16636,16637,16636,1,-1
2022-06-01 15:33:51.553,16636,16637,16636,4,-4
2022-06-01 15:33:51.553,16636,16637,16636,1,-1
2022-06-01 15:33:54.275,16634,16635,16635,1,1
2022-06-01 15:33:54.477,16634,16636,16634,2,-2
2022-06-01 15:33:54.647,16634,16635,16634,1,-1
2022-06-01 15:33:56.153,16633,16634,16633,1,-1
2022-06-01 15:33:58.577,16633,16634,16634,2,2
2022-06-01 15:34:00.066,16634,16635,16635,2,2
2022-06-01 15:34:00.066,16634,16635,16636,1,1
2022-06-01 15:34:00.180,16634,16636,16634,1,-1
2022-06-01 15:34:02.510,16634,16635,16635,1,1
2022-06-01 15:34:06.674,16634,16636,16634,1,-1
2022-06-01 15:34:07.599,16635,16636,16635,1,-1
2022-06-01 15:34:12.043,16634,16635,16635,1,1
2022-06-01 15:34:13.595,16635,16636,16636,5,5
2022-06-01 15:34:21.548,16635,16636,16636,1,1
2022-06-01 15:34:35.648,16635,16636,16636,5,5
2022-06-01 15:34:35.648,16635,16636,16636,1,1
2022-06-01 15:34:39.325,16636,16637,16636,1,-1
2022-06-01 15:34:42.744,16636,16637,16637,5,5
2022-06-01 15:34:42.744,16636,16637,16637,1,1
2022-06-01 15:34:44.038,16637,16638,16637,1,-1
2022-06-01 15:34:46.192,16636,16637,16636,1,-1
2022-06-01 15:34:47.054,16636,16637,16637,1,1
2022-06-01 15:34:48.469,16637,16638,16638,5,5
2022-06-01 15:34:48.470,16637,16638,16638,1,1
2022-06-01 15:34:48.470,16637,16638,16638,1,1
2022-06-01 15:34:48.470,16637,16638,16638,4,4
2022-06-01 15:34:48.470,16637,16638,16638,1,1
2022-06-01 15:34:48.470,16637,16638,16638,2,2
2022-06-01 15:34:48.470,16637,16638,16638,1,1
2022-06-01 15:34:48.575,16638,16639,16638,3,-3
2022-06-01 15:34:48.575,16638,16639,16637,7,-7
2022-06-01 15:34:51.504,16638,16639,16638,1,-1
2022-06-01 15:34:51.905,16638,16639,16638,1,-1
2022-06-01 15:34:55.572,16637,16638,16638,2,2
2022-06-01 15:34:56.215,16637,16638,16638,1,1
2022-06-01 15:34:57.625,16637,16638,16638,3,3
2022-06-01 15:34:57.625,16637,16638,16639,1,1
2022-06-01 15:34:58.375,16638,16639,16639,1,1
2022-06-01 15:34:58.863,16638,16639,16638,2,-2
2022-06-01 15:35:01.132,16637,16638,16638,2,2
2022-06-01 15:35:01.518,16637,16638,16638,3,3
2022-06-01 15:35:02.928,16637,16638,16637,2,-2
2022-06-01 15:35:13.079,16636,16637,16636,1,-1
2022-06-01 15:35:13.079,16636,16637,16636,1,-1
2022-06-01 15:35:13.586,16635,16636,16635,1,-1
2022-06-01 15:35:13.586,16635,16636,16635,4,-4
2022-06-01 15:35:13.586,16635,16636,16635,5,-5
2022-06-01 15:35:13.587,16635,16636,16635,2,-2
2022-06-01 15:35:14.108,16634,16635,16634,1,-1
2022-06-01 15:35:20.359,16634,16635,16634,1,-1
2022-06-01 15:35:26.215,16634,16635,16634,1,-1
2022-06-01 15:35:29.480,16634,16635,16635,1,1
2022-06-01 15:35:36.919,16636,16637,16637,1,1
2022-06-01 15:35:37.049,16636,16638,16636,2,-2
2022-06-01 15:35:39.779,16636,16637,16637,1,1
2022-06-01 15:35:42.670,16637,16638,16638,1,1
2022-06-01 15:35:42.670,16637,16638,16638,5,5
2022-06-01 15:35:42.670,16637,16638,16638,3,3
2022-06-01 15:35:43.092,16638,16639,16639,1,1
2022-06-01 15:35:43.639,16638,16639,16639,10,10
2022-06-01 15:35:43.640,16638,16639,16639,1,1
2022-06-01 15:35:47.267,16637,16638,16638,1,1
2022-06-01 15:35:49.653,16638,16640,16640,1,1
2022-06-01 15:35:49.856,16638,16640,16640,1,1
2022-06-01 15:35:55.157,16638,16640,16640,1,1
2022-06-01 15:35:57.684,16639,16640,16640,8,8
2022-06-01 15:35:58.423,16639,16640,16640,1,1
2022-06-01 15:36:00.159,16639,16640,16639,1,-1
2022-06-01 15:36:00.196,16639,16640,16640,4,4
2022-06-01 15:36:00.197,16639,16640,16640,1,1
2022-06-01 15:36:01.208,16639,16640,16640,1,1
2022-06-01 15:36:01.209,16639,16640,16640,1,1
2022-06-01 15:36:03.074,16638,16640,16640,1,1
2022-06-01 15:36:03.260,16638,16641,16638,3,-3
2022-06-01 15:36:03.426,16638,16640,16640,1,1
2022-06-01 15:36:04.686,16640,16641,16640,2,-2
2022-06-01 15:36:05.690,16639,16640,16640,1,1
2022-06-01 15:36:07.217,16639,16640,16640,1,1
2022-06-01 15:36:09.171,16639,16640,16639,1,-1
2022-06-01 15:36:12.237,16638,16640,16640,2,2
2022-06-01 15:36:16.135,16639,16640,16640,1,1
2022-06-01 15:36:20.187,16639,16640,16640,2,2
2022-06-01 15:36:22.022,16639,16640,16640,4,4
2022-06-01 15:36:25.734,16639,16640,16639,2,-2
2022-06-01 15:36:30.905,16638,16639,16638,2,-2
2022-06-01 15:36:30.906,16638,16639,16638,3,-3
2022-06-01 15:36:38.784,16636,16637,16636,2,-2
2022-06-01 15:36:42.466,16635,16637,16635,1,-1
2022-06-01 15:36:48.809,16636,16637,16636,1,-1
2022-06-01 15:36:57.019,16635,16636,16636,1,1
2022-06-01 15:37:07.170,16635,16636,16636,1,1
2022-06-01 15:37:07.335,16635,16636,16636,1,1
2022-06-01 15:37:12.562,16635,16636,16635,1,-1
2022-06-01 15:37:16.873,16635,16636,16635,1,-1
2022-06-01 15:37:18.140,16635,16636,16635,1,-1
2022-06-01 15:37:18.140,16635,16636,16635,1,-1
2022-06-01 15:37:18.140,16635,16636,16635,4,-4
2022-06-01 15:37:18.788,16634,16635,16635,1,1
2022-06-01 15:37:23.002,16634,16635,16635,2,2
2022-06-01 15:37:28.034,16635,16636,16635,5,-5
2022-06-01 15:37:30.641,16635,16636,16635,1,-1
2022-06-01 15:37:37.283,16635,16636,16636,8,8
2022-06-01 15:37:37.284,16635,16636,16636,2,2
2022-06-01 15:37:37.284,16635,16636,16636,3,3
2022-06-01 15:37:40.191,16636,16637,16637,1,1
2022-06-01 15:37:58.589,16634,16635,16635,1,1
2022-06-01 15:37:58.822,16634,16635,16634,1,-1
2022-06-01 15:38:06.489,16634,16635,16635,1,1
2022-06-01 15:38:07.845,16634,16635,16634,5,-5
2022-06-01 15:38:12.139,16633,16634,16633,1,-1
2022-06-01 15:38:13.320,16633,16634,16634,1,1
2022-06-01 15:38:13.685,16633,16634,16633,1,-1
2022-06-01 15:38:17.811,16633,16634,16633,1,-1
2022-06-01 15:38:21.328,16633,16634,16633,4,-4
2022-06-01 15:38:21.566,16632,16633,16633,1,1
2022-06-01 15:38:22.532,16632,16633,16632,3,-3
2022-06-01 15:38:22.532,16632,16633,16632,1,-1
2022-06-01 15:38:25.407,16632,16633,16632,1,-1
2022-06-01 15:38:25.698,16632,16633,16632,1,-1
2022-06-01 15:38:27.933,16632,16634,16632,1,-1
2022-06-01 15:38:36.851,16633,16634,16633,1,-1
2022-06-01 15:38:48.947,16633,16634,16634,1,1
2022-06-01 15:39:05.257,16633,16634,16633,1,-1
2022-06-01 15:39:08.857,16633,16635,16633,1,-1
2022-06-01 15:39:15.108,16633,16635,16633,2,-2
2022-06-01 15:39:20.682,16633,16635,16633,3,-3
2022-06-01 15:39:28.295,16632,16634,16632,1,-1
2022-06-01 15:39:29.199,16633,16634,16633,1,-1
2022-06-01 15:39:41.427,16632,16633,16632,1,-1
2022-06-01 15:39:49.459,16632,16633,16632,1,-1
2022-06-01 15:39:56.892,16631,16632,16631,1,-1
2022-06-01 15:39:56.893,16631,16632,16631,2,-2
2022-06-01 15:39:59.355,16630,16632,16630,1,-1
2022-06-01 15:39:59.355,16629,16630,16630,4,4
2022-06-01 15:40:00.188,16629,16630,16629,6,-6
2022-06-01 15:40:01.339,16628,16629,16628,1,-1
2022-06-01 15:40:01.888,16628,16629,16629,1,1
2022-06-01 15:40:06.214,16628,16629,16628,1,-1
2022-06-01 15:40:06.214,16628,16629,16628,1,-1
2022-06-01 15:40:06.214,16628,16629,16628,4,-4
2022-06-01 15:40:06.214,16628,16629,16628,1,-1
2022-06-01 15:40:06.214,16628,16629,16628,3,-3
2022-06-01 15:40:06.214,16628,16629,16628,3,-3
2022-06-01 15:40:06.214,16626,16628,16628,1,1
2022-06-01 15:40:08.256,16627,16629,16629,1,1
2022-06-01 15:40:08.777,16628,16629,16629,1,1
2022-06-01 15:40:10.860,16629,16630,16630,2,2
2022-06-01 15:40:10.860,16629,16630,16630,1,1
2022-06-01 15:40:19.269,16630,16632,16630,1,-1
2022-06-01 15:40:24.298,16630,16632,16630,2,-2
2022-06-01 15:40:33.413,16631,16632,16631,1,-1
2022-06-01 15:40:33.488,16630,16631,16630,1,-1
2022-06-01 15:40:34.543,16630,16632,16632,1,1
2022-06-01 15:40:50.800,16630,16631,16631,1,1
2022-06-01 15:40:58.713,16630,16632,16630,1,-1
2022-06-01 15:40:58.713,16630,16632,16630,8,-8
2022-06-01 15:41:00.139,16629,16630,16629,2,-2
2022-06-01 15:41:01.311,16628,16629,16629,1,1
2022-06-01 15:41:02.086,16628,16629,16628,1,-1
2022-06-01 15:41:12.025,16628,16629,16628,1,-1
2022-06-01 15:41:12.128,16627,16628,16627,1,-1
2022-06-01 15:41:12.728,16626,16627,16627,2,2
2022-06-01 15:41:13.325,16626,16627,16626,4,-4
2022-06-01 15:41:14.275,16625,16626,16625,5,-5
2022-06-01 15:41:14.275,16625,16626,16625,4,-4
2022-06-01 15:41:16.018,16624,16625,16625,1,1
2022-06-01 15:41:19.400,16625,16626,16625,1,-1
2022-06-01 15:41:20.187,16624,16625,16624,4,-4
2022-06-01 15:41:20.262,16623,16624,16624,1,1
2022-06-01 15:41:20.478,16623,16624,16624,1,1
2022-06-01 15:41:21.256,16623,16625,16625,1,1
2022-06-01 15:41:22.129,16623,16625,16625,1,1
2022-06-01 15:41:23.720,16623,16624,16624,1,1
2022-06-01 15:41:26.405,16623,16624,16623,5,-5
2022-06-01 15:41:26.405,16623,16624,16623,4,-4
2022-06-01 15:41:28.000,16622,16623,16622,5,-5
2022-06-01 15:41:28.001,16622,16623,16622,1,-1
2022-06-01 15:41:28.001,16622,16623,16622,2,-2
2022-06-01 15:41:28.001,16622,16623,16622,14,-14
2022-06-01 15:41:28.068,16622,16623,16621,2,-2
2022-06-01 15:41:28.417,16621,16622,16621,10,-10
2022-06-01 15:41:28.869,16620,16621,16620,1,-1
2022-06-01 15:41:29.076,16620,16621,16621,1,1
2022-06-01 15:41:29.126,16620,16621,16620,4,-4
2022-06-01 15:41:29.369,16620,16621,16620,1,-1
2022-06-01 15:41:30.648,16620,16621,16621,1,1
2022-06-01 15:41:31.355,16620,16621,16620,2,-2
2022-06-01 15:41:31.355,16620,16621,16620,26,-26
2022-06-01 15:41:31.357,16619,16620,16619,12,-12
2022-06-01 15:41:31.358,16619,16620,16619,1,-1
2022-06-01 15:41:31.520,16618,16619,16618,1,-1
2022-06-01 15:41:31.674,16618,16619,16618,1,-1
2022-06-01 15:41:31.674,16618,16619,16618,4,-4
2022-06-01 15:41:31.692,16618,16619,16617,5,-5
2022-06-01 15:41:31.697,16618,16619,16617,1,-1
2022-06-01 15:41:31.725,16618,16619,16617,1,-1
2022-06-01 15:41:31.726,16618,16619,16617,6,-6
2022-06-01 15:41:31.759,16616,16618,16616,1,-1
2022-06-01 15:41:31.906,16616,16618,16616,1,-1
2022-06-01 15:41:31.909,16616,16618,16616,1,-1
2022-06-01 15:41:31.976,16616,16618,16616,1,-1
2022-06-01 15:41:32.089,16616,16618,16616,1,-1
2022-06-01 15:41:32.289,16616,16618,16616,1,-1
2022-06-01 15:41:32.329,16616,16618,16616,1,-1
2022-06-01 15:41:32.479,16616,16617,16616,1,-1
2022-06-01 15:41:32.514,16615,16617,16615,1,-1
2022-06-01 15:41:32.570,16615,16617,16615,1,-1
2022-06-01 15:41:32.613,16615,16617,16617,1,1
2022-06-01 15:41:32.639,16615,16617,16616,1,1
2022-06-01 15:41:32.683,16615,16617,16616,5,5
2022-06-01 15:41:32.756,16616,16618,16616,1,-1
2022-06-01 15:41:32.782,16616,16618,16616,1,-1
2022-06-01 15:41:33.526,16616,16618,16616,1,-1
2022-06-01 15:41:34.267,16617,16618,16618,1,1
2022-06-01 15:41:34.303,16617,16618,16617,1,-1
2022-06-01 15:41:34.458,16617,16618,16617,1,-1
2022-06-01 15:41:34.752,16617,16618,16617,2,-2
2022-06-01 15:41:35.368,16617,16618,16617,1,-1
2022-06-01 15:41:35.810,16615,16617,16616,1,-1
2022-06-01 15:41:36.506,16616,16618,16616,2,-2
2022-06-01 15:41:36.636,16616,16618,16616,1,-1
2022-06-01 15:41:37.262,16616,16617,16616,2,-2
2022-06-01 15:41:38.440,16615,16616,16615,6,-6
2022-06-01 15:41:38.539,16614,16616,16616,1,1
2022-06-01 15:41:38.645,16614,16616,16617,2,2
2022-06-01 15:41:39.173,16615,16617,16617,4,4
2022-06-01 15:41:39.173,16615,16617,16617,1,1
2022-06-01 15:41:41.683,16616,16617,16616,1,-1
2022-06-01 15:41:41.683,16616,16617,16615,3,-3
2022-06-01 15:41:42.025,16614,16616,16616,1,1
2022-06-01 15:41:42.725,16615,16617,16615,3,-3
2022-06-01 15:41:43.219,16615,16616,16615,1,-1
2022-06-01 15:41:43.422,16614,16616,16614,5,-5
2022-06-01 15:41:43.542,16614,16616,16614,1,-1
2022-06-01 15:41:43.543,16614,16616,16614,3,-3
2022-06-01 15:41:43.664,16613,16615,16613,1,-1
2022-06-01 15:41:43.671,16613,16615,16613,1,-1
2022-06-01 15:41:47.744,16613,16615,16613,2,-2
2022-06-01 15:41:48.795,16613,16615,16613,2,-2
2022-06-01 15:41:50.886,16613,16614,16613,1,-1
2022-06-01 15:41:51.675,16612,16613,16613,3,3
2022-06-01 15:41:52.149,16613,16614,16613,1,-1
2022-06-01 15:41:52.396,16613,16614,16613,1,-1
2022-06-01 15:41:52.422,16613,16614,16613,1,-1
2022-06-01 15:41:53.828,16612,16614,16613,2,-2
2022-06-01 15:41:54.001,16613,16615,16613,1,-1
2022-06-01 15:41:54.001,16613,16615,16613,1,-1
2022-06-01 15:41:54.869,16614,16615,16614,2,-2
2022-06-01 15:41:55.688,16613,16615,16613,2,-2
2022-06-01 15:41:55.999,16613,16615,16613,3,-3
2022-06-01 15:41:56.272,16613,16615,16613,1,-1
2022-06-01 15:41:56.276,16613,16615,16613,1,-1
2022-06-01 15:41:57.436,16612,16613,16612,3,-3
2022-06-01 15:41:57.499,16612,16613,16613,1,1
2022-06-01 15:41:57.543,16612,16613,16614,1,1
2022-06-01 15:41:57.546,16612,16613,16612,2,-2
2022-06-01 15:41:57.674,16612,16614,16614,1,1
2022-06-01 15:41:58.747,16613,16614,16613,1,-1
2022-06-01 15:41:59.184,16612,16614,16612,1,-1
2022-06-01 15:41:59.301,16612,16614,16613,1,-1
2022-06-01 15:41:59.941,16613,16614,16613,4,-4
2022-06-01 15:42:00.257,16612,16613,16612,1,-1
2022-06-01 15:42:00.258,16612,16613,16612,44,-44
2022-06-01 15:42:00.259,16612,16613,16611,3,-3
2022-06-01 15:42:00.259,16612,16613,16611,1,-1
2022-06-01 15:42:00.259,16612,16613,16611,4,-4
2022-06-01 15:42:00.259,16612,16613,16611,5,-5
2022-06-01 15:42:00.259,16612,16613,16611,1,-1
2022-06-01 15:42:00.455,16610,16611,16610,1,-1
2022-06-01 15:42:00.512,16610,16611,16610,2,-2
2022-06-01 15:42:00.512,16610,16611,16610,17,-17
2022-06-01 15:42:00.531,16610,16611,16609,5,-5
2022-06-01 15:42:00.552,16610,16611,16609,2,-2
2022-06-01 15:42:00.552,16610,16611,16609,1,-1
2022-06-01 15:42:00.552,16610,16611,16608,8,-8
2022-06-01 15:42:00.627,16608,16610,16608,1,-1
2022-06-01 15:42:00.630,16608,16610,16610,1,1
2022-06-01 15:42:00.633,16608,16610,16610,6,6
2022-06-01 15:42:00.637,16608,16610,16608,1,-1
2022-06-01 15:42:00.653,16608,16610,16608,5,-5
2022-06-01 15:42:00.666,16608,16610,16608,5,-5
2022-06-01 15:42:00.666,16608,16610,16608,8,-8
2022-06-01 15:42:00.678,16608,16610,16608,3,-3
2022-06-01 15:42:00.678,16608,16610,16607,2,-2
2022-06-01 15:42:00.690,16608,16610,16607,5,-5
2022-06-01 15:42:00.704,16608,16610,16607,3,-3
2022-06-01 15:42:00.704,16608,16610,16606,2,-2
2022-06-01 15:42:00.973,16607,16609,16607,1,-1
2022-06-01 15:42:00.982,16607,16608,16608,2,2
2022-06-01 15:42:00.999,16607,16608,16609,1,1
2022-06-01 15:42:01.007,16607,16608,16607,1,-1
2022-06-01 15:42:01.182,16607,16609,16607,1,-1
2022-06-01 15:42:01.254,16607,16609,16609,1,1
2022-06-01 15:42:01.319,16607,16609,16607,1,-1
2022-06-01 15:42:01.335,16607,16609,16608,1,-1
2022-06-01 15:42:01.477,16607,16609,16609,1,1
2022-06-01 15:42:01.513,16608,16609,16608,1,-1
2022-06-01 15:42:01.637,16608,16609,16609,1,1
2022-06-01 15:42:01.769,16608,16609,16609,1,1
2022-06-01 15:42:01.921,16608,16609,16609,1,1
2022-06-01 15:42:01.935,16608,16609,16608,1,-1
2022-06-01 15:42:01.956,16608,16609,16609,1,1
2022-06-01 15:42:01.983,16608,16609,16609,1,1
2022-06-01 15:42:02.164,16608,16609,16609,1,1
2022-06-01 15:42:02.476,16608,16609,16609,3,3
2022-06-01 15:42:02.960,16608,16610,16608,1,-1
2022-06-01 15:42:03.464,16608,16610,16608,1,-1
2022-06-01 15:42:03.584,16608,16610,16608,1,-1
2022-06-01 15:42:03.826,16608,16609,16609,1,1
2022-06-01 15:42:03.956,16609,16611,16609,6,-6
2022-06-01 15:42:03.970,16609,16611,16608,1,-1
