2020-08-21 15:00:00.017,12561,12562,12561,116,-116
2020-08-21 15:00:00.025,12561,12562,12561,2,-2
2020-08-21 15:00:00.130,12560,12562,12562,2,2
2020-08-21 15:00:00.189,12560,12562,12562,1,1
2020-08-21 15:00:00.231,12560,12562,12562,3,3
2020-08-21 15:00:00.248,12560,12562,12562,1,1
2020-08-21 15:00:00.276,12560,12562,12560,1,-1
2020-08-21 15:00:00.300,12560,12562,12562,1,1
2020-08-21 15:00:00.304,12560,12562,12562,1,1
2020-08-21 15:00:00.356,12560,12562,12562,3,3
2020-08-21 15:00:00.492,12560,12562,12560,1,-1
2020-08-21 15:00:00.492,12560,12562,12560,3,-3
2020-08-21 15:00:00.502,12560,12562,12561,1,1
2020-08-21 15:00:00.545,12560,12562,12561,2,-2
2020-08-21 15:00:00.599,12559,12560,12560,1,1
2020-08-21 15:00:00.627,12559,12560,12561,1,1
2020-08-21 15:00:00.726,12559,12560,12559,4,-4
2020-08-21 15:00:00.726,12559,12560,12558,7,-7
2020-08-21 15:00:00.729,12559,12560,12558,1,-1
2020-08-21 15:00:00.851,12557,12558,12558,2,2
2020-08-21 15:00:00.937,12557,12558,12558,2,2
2020-08-21 15:00:00.942,12557,12558,12557,3,-3
2020-08-21 15:00:00.942,12557,12558,12556,1,-1
2020-08-21 15:00:00.986,12555,12558,12558,1,1
2020-08-21 15:00:01.013,12555,12558,12559,1,1
2020-08-21 15:00:01.075,12557,12559,12557,1,-1
2020-08-21 15:00:01.121,12557,12559,12558,1,1
2020-08-21 15:00:01.544,12557,12559,12559,2,2
2020-08-21 15:00:01.665,12558,12560,12558,1,-1
2020-08-21 15:00:01.695,12558,12560,12560,2,2
2020-08-21 15:00:01.744,12558,12560,12560,1,1
2020-08-21 15:00:01.844,12558,12561,12558,1,-1
2020-08-21 15:00:01.922,12558,12561,12558,2,-2
2020-08-21 15:00:02.165,12556,12558,12558,1,1
2020-08-21 15:00:02.165,12556,12558,12559,1,1
2020-08-21 15:00:02.510,12558,12560,12560,2,2
2020-08-21 15:00:02.621,12559,12560,12560,1,1
2020-08-21 15:00:02.621,12559,12560,12561,1,1
2020-08-21 15:00:02.831,12559,12561,12561,1,1
2020-08-21 15:00:02.847,12559,12561,12560,2,-2
2020-08-21 15:00:02.867,12559,12561,12560,1,-1
2020-08-21 15:00:02.945,12559,12561,12559,5,-5
2020-08-21 15:00:03.038,12559,12561,12558,1,-1
2020-08-21 15:00:03.070,12558,12560,12558,5,-5
2020-08-21 15:00:03.083,12558,12560,12559,2,2
2020-08-21 15:00:03.120,12558,12560,12560,1,1
2020-08-21 15:00:03.195,12558,12560,12558,4,-4
2020-08-21 15:00:03.796,12559,12561,12561,2,2
2020-08-21 15:00:03.861,12559,12561,12561,2,2
2020-08-21 15:00:03.915,12559,12561,12561,1,1
2020-08-21 15:00:03.984,12560,12562,12560,6,-6
2020-08-21 15:00:03.984,12560,12562,12559,2,-2
2020-08-21 15:00:03.985,12560,12562,12559,4,-4
2020-08-21 15:00:04.046,12560,12562,12560,2,2
2020-08-21 15:00:04.195,12560,12561,12560,1,-1
2020-08-21 15:00:04.686,12560,12562,12560,3,-3
2020-08-21 15:00:04.703,12560,12562,12562,2,2
2020-08-21 15:00:04.829,12560,12562,12562,1,1
2020-08-21 15:00:05.406,12561,12563,12560,2,-2
2020-08-21 15:00:05.695,12560,12561,12560,1,-1
2020-08-21 15:00:05.985,12559,12561,12561,2,2
2020-08-21 15:00:06.042,12559,12561,12560,1,-1
2020-08-21 15:00:06.191,12560,12562,12561,2,2
2020-08-21 15:00:06.195,12559,12561,12559,17,-17
2020-08-21 15:00:06.197,12559,12561,12559,1,-1
2020-08-21 15:00:07.002,12558,12560,12558,1,-1
2020-08-21 15:00:07.390,12557,12560,12557,1,-1
2020-08-21 15:00:07.598,12557,12558,12557,1,-1
2020-08-21 15:00:07.735,12557,12559,12557,4,-4
2020-08-21 15:00:07.798,12557,12559,12557,1,-1
2020-08-21 15:00:07.810,12557,12559,12559,2,2
2020-08-21 15:00:07.893,12558,12560,12560,1,1
2020-08-21 15:00:07.998,12558,12560,12558,1,-1
2020-08-21 15:00:08.737,12558,12560,12558,1,-1
2020-08-21 15:00:08.989,12558,12560,12559,1,1
2020-08-21 15:00:09.008,12558,12560,12559,1,-1
2020-08-21 15:00:09.035,12558,12560,12559,1,-1
2020-08-21 15:00:09.044,12558,12560,12558,1,-1
2020-08-21 15:00:09.069,12558,12560,12558,1,-1
2020-08-21 15:00:09.102,12558,12560,12558,1,-1
2020-08-21 15:00:09.139,12558,12560,12558,1,-1
2020-08-21 15:00:10.185,12557,12559,12558,2,-2
2020-08-21 15:00:11.434,12556,12558,12556,1,-1
2020-08-21 15:00:12.072,12556,12558,12556,1,-1
2020-08-21 15:00:13.271,12556,12558,12556,1,-1
2020-08-21 15:00:14.185,12556,12557,12557,1,1
2020-08-21 15:00:14.485,12558,12559,12558,1,1
2020-08-21 15:00:14.802,12556,12558,12556,5,-5
2020-08-21 15:00:15.078,12557,12558,12558,5,5
2020-08-21 15:00:15.081,12557,12558,12558,1,1
2020-08-21 15:00:15.126,12557,12558,12557,5,-5
2020-08-21 15:00:15.315,12556,12559,12558,1,1
2020-08-21 15:00:15.360,12557,12559,12557,1,-1
2020-08-21 15:00:15.536,12556,12558,12557,1,-1
2020-08-21 15:00:16.340,12556,12557,12556,1,-1
2020-08-21 15:00:16.770,12555,12557,12555,1,-1
2020-08-21 15:00:18.268,12555,12557,12555,4,-4
2020-08-21 15:00:18.324,12554,12556,12554,1,-1
2020-08-21 15:00:18.324,12554,12556,12554,1,-1
2020-08-21 15:00:18.324,12554,12556,12554,1,-1
2020-08-21 15:00:20.803,12553,12555,12555,1,1
2020-08-21 15:00:21.077,12553,12555,12555,1,1
2020-08-21 15:00:21.489,12554,12556,12556,1,1
2020-08-21 15:00:21.576,12554,12556,12555,1,-1
2020-08-21 15:00:21.834,12554,12556,12554,1,-1
2020-08-21 15:00:22.494,12554,12556,12556,3,3
2020-08-21 15:00:23.733,12556,12558,12556,1,-1
2020-08-21 15:00:24.227,12555,12557,12557,1,1
2020-08-21 15:00:24.606,12555,12557,12557,1,1
2020-08-21 15:00:25.576,12555,12557,12555,1,-1
2020-08-21 15:00:27.235,12554,12555,12555,1,1
2020-08-21 15:00:28.027,12555,12557,12555,1,-1
2020-08-21 15:00:28.826,12556,12557,12557,1,1
2020-08-21 15:00:29.341,12557,12558,12557,1,-1
2020-08-21 15:00:29.845,12556,12557,12556,1,-1
2020-08-21 15:00:30.348,12555,12557,12555,3,-3
2020-08-21 15:00:32.332,12556,12557,12557,1,1
2020-08-21 15:00:33.281,12556,12558,12558,1,1
2020-08-21 15:00:33.401,12556,12558,12558,3,3
2020-08-21 15:00:34.517,12557,12558,12558,1,1
2020-08-21 15:00:35.102,12558,12559,12559,2,2
2020-08-21 15:00:35.379,12558,12560,12558,1,-1
2020-08-21 15:00:36.648,12558,12560,12559,1,1
2020-08-21 15:00:36.847,12558,12559,12558,2,-2
2020-08-21 15:00:36.916,12558,12559,12557,1,-1
2020-08-21 15:00:37.962,12557,12558,12557,1,-1
2020-08-21 15:00:38.499,12557,12558,12558,1,1
2020-08-21 15:00:38.778,12557,12558,12558,1,1
2020-08-21 15:00:41.470,12558,12559,12559,1,1
2020-08-21 15:00:41.510,12558,12559,12558,1,-1
2020-08-21 15:00:43.021,12558,12559,12559,1,1
2020-08-21 15:00:44.137,12558,12560,12558,2,-2
2020-08-21 15:00:46.602,12558,12559,12559,1,1
2020-08-21 15:00:48.043,12558,12560,12558,1,-1
2020-08-21 15:00:51.409,12558,12559,12559,1,1
2020-08-21 15:00:52.556,12558,12559,12559,2,2
2020-08-21 15:00:54.295,12558,12559,12559,1,1
2020-08-21 15:00:54.556,12558,12559,12558,2,-2
2020-08-21 15:00:55.166,12557,12558,12558,3,3
2020-08-21 15:00:55.432,12558,12559,12559,1,1
2020-08-21 15:00:55.457,12559,12560,12559,1,-1
2020-08-21 15:00:56.005,12559,12560,12559,1,-1
2020-08-21 15:00:56.870,12559,12560,12559,4,-4
2020-08-21 15:00:56.947,12559,12560,12559,1,-1
2020-08-21 15:00:58.109,12559,12560,12559,1,-1
2020-08-21 15:00:58.198,12559,12560,12559,1,-1
2020-08-21 15:00:59.267,12559,12560,12560,1,1
2020-08-21 15:00:59.306,12559,12560,12559,1,-1
2020-08-21 15:01:00.089,12559,12560,12560,1,1
2020-08-21 15:01:00.180,12559,12560,12560,1,1
2020-08-21 15:01:00.180,12559,12560,12560,18,18
2020-08-21 15:01:00.225,12560,12561,12560,1,-1
2020-08-21 15:01:00.341,12560,12561,12560,2,-2
2020-08-21 15:01:00.341,12560,12561,12560,1,-1
2020-08-21 15:01:00.738,12559,12560,12559,1,-1
2020-08-21 15:01:00.762,12559,12560,12559,1,-1
2020-08-21 15:01:01.442,12558,12560,12560,5,5
2020-08-21 15:01:02.403,12560,12561,12561,10,10
2020-08-21 15:01:02.619,12560,12561,12560,1,-1
2020-08-21 15:01:02.664,12560,12561,12561,7,7
2020-08-21 15:01:03.544,12560,12561,12561,1,1
2020-08-21 15:01:04.201,12560,12561,12561,1,1
2020-08-21 15:01:04.425,12560,12561,12560,1,-1
2020-08-21 15:01:04.527,12560,12561,12560,1,-1
2020-08-21 15:01:04.707,12560,12561,12561,7,7
2020-08-21 15:01:05.191,12560,12561,12561,2,2
2020-08-21 15:01:05.192,12560,12561,12561,11,11
2020-08-21 15:01:05.192,12560,12561,12561,8,8
2020-08-21 15:01:06.374,12561,12562,12562,7,7
2020-08-21 15:01:06.529,12562,12563,12562,1,-1
2020-08-21 15:01:07.230,12562,12563,12562,2,-2
2020-08-21 15:01:07.817,12562,12563,12563,1,1
2020-08-21 15:01:08.499,12562,12563,12562,2,-2
2020-08-21 15:01:08.915,12562,12563,12562,1,-1
2020-08-21 15:01:10.093,12562,12563,12562,1,-1
2020-08-21 15:01:10.489,12561,12562,12562,1,1
2020-08-21 15:01:10.925,12562,12563,12562,1,-1
2020-08-21 15:01:10.952,12561,12562,12562,1,1
2020-08-21 15:01:10.952,12561,12562,12563,2,2
2020-08-21 15:01:11.444,12561,12563,12562,1,-1
2020-08-21 15:01:11.561,12561,12563,12563,2,2
2020-08-21 15:01:12.154,12561,12563,12563,1,1
2020-08-21 15:01:13.924,12561,12563,12563,1,1
2020-08-21 15:01:15.104,12562,12563,12562,1,-1
2020-08-21 15:01:15.137,12562,12563,12561,1,-1
2020-08-21 15:01:15.161,12562,12563,12561,1,-1
2020-08-21 15:01:15.179,12562,12563,12561,2,-2
2020-08-21 15:01:15.218,12561,12562,12561,1,-1
2020-08-21 15:01:16.010,12561,12562,12561,4,-4
2020-08-21 15:01:16.244,12560,12562,12562,2,2
2020-08-21 15:01:16.368,12560,12562,12562,3,3
2020-08-21 15:01:17.623,12562,12563,12562,1,-1
2020-08-21 15:01:18.470,12560,12562,12562,1,1
2020-08-21 15:01:19.458,12561,12562,12562,4,4
2020-08-21 15:01:19.898,12561,12562,12561,1,-1
2020-08-21 15:01:22.519,12561,12562,12562,1,1
2020-08-21 15:01:22.743,12561,12562,12562,2,2
2020-08-21 15:01:23.727,12561,12562,12562,1,1
2020-08-21 15:01:23.759,12561,12562,12562,2,2
2020-08-21 15:01:23.912,12561,12562,12561,1,-1
2020-08-21 15:01:24.028,12560,12562,12562,1,1
2020-08-21 15:01:25.238,12560,12562,12562,1,1
2020-08-21 15:01:27.633,12560,12562,12560,18,-18
2020-08-21 15:01:27.961,12559,12560,12560,5,5
2020-08-21 15:01:27.961,12559,12560,12561,1,1
2020-08-21 15:01:28.084,12559,12561,12559,4,-4
2020-08-21 15:01:30.481,12559,12561,12561,1,1
2020-08-21 15:01:32.242,12559,12561,12559,1,-1
2020-08-21 15:01:34.023,12559,12560,12560,1,1
2020-08-21 15:01:36.244,12559,12560,12559,1,-1
2020-08-21 15:01:37.126,12559,12560,12559,1,-1
2020-08-21 15:01:37.198,12559,12560,12560,1,1
2020-08-21 15:01:40.150,12559,12560,12560,2,2
2020-08-21 15:01:43.974,12559,12560,12560,1,1
2020-08-21 15:01:46.930,12559,12560,12560,1,1
2020-08-21 15:01:47.040,12559,12560,12560,1,1
2020-08-21 15:01:47.041,12559,12560,12560,8,8
2020-08-21 15:01:47.667,12560,12561,12561,1,1
2020-08-21 15:01:48.014,12560,12561,12561,2,2
2020-08-21 15:01:48.015,12560,12561,12561,1,1
2020-08-21 15:01:48.033,12560,12561,12562,4,4
2020-08-21 15:01:48.033,12560,12561,12562,20,20
2020-08-21 15:01:48.261,12562,12563,12562,2,-2
2020-08-21 15:01:49.417,12562,12563,12563,1,1
2020-08-21 15:01:49.594,12562,12563,12562,1,-1
2020-08-21 15:01:51.629,12562,12563,12562,1,-1
2020-08-21 15:01:52.952,12562,12563,12562,3,-3
2020-08-21 15:01:53.011,12562,12563,12561,4,-4
2020-08-21 15:01:55.792,12560,12562,12562,1,1
2020-08-21 15:02:01.593,12561,12562,12561,3,-3
2020-08-21 15:02:01.595,12561,12562,12560,2,-2
2020-08-21 15:02:01.712,12559,12561,12559,1,-1
2020-08-21 15:02:02.111,12560,12561,12560,1,1
2020-08-21 15:02:08.029,12561,12562,12562,2,2
2020-08-21 15:02:08.598,12561,12562,12561,1,-1
2020-08-21 15:02:11.371,12561,12562,12562,1,1
2020-08-21 15:02:16.473,12561,12562,12562,1,1
2020-08-21 15:02:16.697,12561,12562,12562,1,1
2020-08-21 15:02:16.822,12561,12562,12562,1,1
2020-08-21 15:02:17.489,12561,12562,12562,1,1
2020-08-21 15:02:17.980,12561,12562,12562,1,1
2020-08-21 15:02:18.557,12562,12563,12563,1,1
2020-08-21 15:02:19.157,12562,12563,12563,1,1
2020-08-21 15:02:20.027,12562,12563,12563,1,1
2020-08-21 15:02:20.317,12562,12563,12563,1,1
2020-08-21 15:02:22.344,12562,12563,12563,4,4
2020-08-21 15:02:22.345,12562,12563,12563,15,15
2020-08-21 15:02:22.425,12562,12563,12564,4,4
2020-08-21 15:02:22.627,12563,12564,12564,2,2
2020-08-21 15:02:22.714,12563,12564,12564,4,4
2020-08-21 15:02:22.808,12563,12564,12564,2,2
2020-08-21 15:02:22.808,12563,12564,12564,8,8
2020-08-21 15:02:22.990,12563,12565,12565,2,2
2020-08-21 15:02:23.217,12563,12565,12565,1,1
2020-08-21 15:02:23.360,12563,12565,12565,2,2
2020-08-21 15:02:24.035,12563,12565,12565,1,1
2020-08-21 15:02:25.288,12563,12565,12563,1,-1
2020-08-21 15:02:25.768,12563,12564,12564,1,1
2020-08-21 15:02:29.339,12563,12564,12564,1,1
2020-08-21 15:02:30.880,12563,12564,12564,2,2
2020-08-21 15:02:32.023,12563,12564,12564,1,1
2020-08-21 15:02:32.796,12564,12565,12564,1,-1
2020-08-21 15:02:37.756,12564,12565,12564,1,-1
2020-08-21 15:02:40.035,12564,12565,12564,7,-7
2020-08-21 15:02:42.553,12564,12565,12565,1,1
2020-08-21 15:02:43.492,12564,12565,12564,1,-1
2020-08-21 15:02:44.398,12564,12565,12564,4,-4
2020-08-21 15:02:46.158,12563,12564,12563,1,-1
2020-08-21 15:02:50.528,12562,12563,12563,1,1
2020-08-21 15:02:51.588,12562,12563,12563,1,1
2020-08-21 15:02:54.585,12563,12564,12563,1,-1
2020-08-21 15:02:55.287,12563,12564,12564,3,3
2020-08-21 15:02:56.206,12564,12565,12564,2,-2
2020-08-21 15:03:01.416,12563,12564,12563,6,-6
2020-08-21 15:03:01.461,12562,12563,12562,1,-1
2020-08-21 15:03:01.708,12562,12563,12563,1,1
2020-08-21 15:03:01.772,12562,12563,12563,3,3
2020-08-21 15:03:01.772,12562,12563,12564,11,11
2020-08-21 15:03:01.773,12562,12563,12564,1,1
2020-08-21 15:03:01.773,12562,12563,12564,4,4
2020-08-21 15:03:01.774,12562,12563,12564,4,4
2020-08-21 15:03:01.924,12562,12564,12564,5,5
2020-08-21 15:03:01.941,12562,12564,12563,1,-1
2020-08-21 15:03:02.612,12562,12564,12562,1,-1
2020-08-21 15:03:02.612,12562,12564,12562,1,-1
2020-08-21 15:03:02.624,12562,12564,12562,1,-1
2020-08-21 15:03:02.630,12562,12564,12562,1,-1
2020-08-21 15:03:02.656,12562,12564,12562,1,-1
2020-08-21 15:03:02.667,12562,12564,12561,1,-1
2020-08-21 15:03:02.948,12561,12563,12561,1,-1
2020-08-21 15:03:03.403,12561,12563,12563,1,1
2020-08-21 15:03:03.969,12561,12563,12563,1,1
2020-08-21 15:03:04.812,12561,12562,12562,1,1
2020-08-21 15:03:06.889,12561,12562,12561,1,-1
2020-08-21 15:03:08.831,12561,12562,12562,1,1
2020-08-21 15:03:08.923,12561,12562,12562,3,3
2020-08-21 15:03:09.146,12561,12562,12562,3,3
2020-08-21 15:03:09.385,12561,12562,12562,3,3
2020-08-21 15:03:09.463,12561,12562,12562,1,1
2020-08-21 15:03:09.463,12561,12562,12563,2,2
2020-08-21 15:03:09.720,12561,12563,12563,3,3
2020-08-21 15:03:09.924,12561,12563,12562,3,-3
2020-08-21 15:03:11.147,12561,12563,12563,1,1
2020-08-21 15:03:13.879,12562,12563,12562,1,-1
2020-08-21 15:03:13.879,12562,12563,12561,6,-6
2020-08-21 15:03:14.996,12561,12562,12561,2,-2
2020-08-21 15:03:16.567,12560,12561,12561,1,1
2020-08-21 15:03:18.057,12560,12561,12561,1,1
2020-08-21 15:03:18.321,12560,12561,12561,1,1
2020-08-21 15:03:18.904,12560,12561,12561,1,1
2020-08-21 15:03:19.529,12560,12561,12561,1,1
2020-08-21 15:03:20.093,12560,12561,12561,1,1
2020-08-21 15:03:20.775,12560,12561,12561,1,1
2020-08-21 15:03:22.322,12560,12561,12560,4,-4
2020-08-21 15:03:25.698,12559,12560,12559,8,-8
2020-08-21 15:03:28.520,12558,12560,12559,1,-1
2020-08-21 15:03:32.758,12558,12560,12558,1,-1
2020-08-21 15:03:33.731,12558,12560,12560,2,2
2020-08-21 15:03:43.881,12558,12560,12560,1,1
2020-08-21 15:03:46.705,12558,12560,12560,2,2
2020-08-21 15:03:46.895,12558,12560,12558,1,-1
2020-08-21 15:03:49.288,12558,12559,12558,1,-1
2020-08-21 15:03:52.252,12558,12559,12559,2,2
2020-08-21 15:03:53.972,12558,12559,12558,1,-1
2020-08-21 15:03:54.031,12558,12559,12558,18,-18
2020-08-21 15:03:57.041,12557,12558,12558,1,1
2020-08-21 15:03:57.041,12557,12558,12559,4,4
2020-08-21 15:03:57.644,12558,12560,12560,1,1
2020-08-21 15:03:57.833,12558,12560,12558,1,-1
2020-08-21 15:04:02.163,12558,12559,12558,3,-3
2020-08-21 15:04:02.163,12558,12559,12557,7,-7
2020-08-21 15:04:02.212,12556,12558,12556,1,-1
2020-08-21 15:04:02.587,12556,12558,12556,1,-1
2020-08-21 15:04:10.126,12557,12558,12557,1,1
2020-08-21 15:04:10.675,12556,12558,12556,3,-3
2020-08-21 15:04:10.675,12556,12558,12556,15,-15
2020-08-21 15:04:11.833,12555,12556,12555,5,-5
2020-08-21 15:04:13.415,12556,12558,12556,1,1
2020-08-21 15:04:15.342,12556,12557,12557,1,1
2020-08-21 15:04:17.413,12556,12557,12557,5,5
2020-08-21 15:04:17.968,12556,12557,12556,1,-1
2020-08-21 15:04:19.082,12555,12556,12556,1,1
2020-08-21 15:04:21.684,12555,12556,12556,2,2
2020-08-21 15:04:23.887,12555,12556,12555,1,-1
2020-08-21 15:04:23.933,12555,12556,12555,1,-1
2020-08-21 15:04:26.752,12555,12556,12555,1,-1
2020-08-21 15:04:32.331,12555,12556,12555,1,-1
2020-08-21 15:04:33.115,12554,12556,12554,1,-1
2020-08-21 15:04:33.310,12554,12555,12554,1,-1
2020-08-21 15:04:33.313,12554,12555,12554,4,-4
2020-08-21 15:04:33.373,12553,12555,12553,1,-1
2020-08-21 15:04:35.270,12553,12555,12553,4,-4
2020-08-21 15:04:35.566,12553,12554,12553,1,-1
2020-08-21 15:04:38.959,12553,12555,12553,1,-1
2020-08-21 15:04:41.335,12554,12555,12554,1,1
2020-08-21 15:04:50.484,12554,12555,12555,9,9
2020-08-21 15:04:51.141,12555,12556,12555,1,-1
2020-08-21 15:05:00.217,12555,12556,12555,1,-1
2020-08-21 15:05:00.337,12554,12556,12554,1,-1
2020-08-21 15:05:00.461,12554,12556,12554,1,-1
2020-08-21 15:05:00.685,12554,12556,12554,1,-1
2020-08-21 15:05:01.347,12554,12555,12554,1,-1
2020-08-21 15:05:02.091,12554,12555,12554,1,-1
2020-08-21 15:05:02.159,12554,12555,12555,6,6
2020-08-21 15:05:02.375,12555,12556,12555,2,-2
2020-08-21 15:05:02.375,12555,12556,12554,1,-1
2020-08-21 15:05:05.164,12554,12555,12554,1,-1
2020-08-21 15:05:06.858,12554,12555,12554,1,-1
2020-08-21 15:05:07.154,12554,12555,12554,1,-1
2020-08-21 15:05:09.400,12554,12555,12555,8,8
2020-08-21 15:05:09.501,12555,12556,12556,8,8
2020-08-21 15:05:09.953,12555,12557,12555,1,-1
2020-08-21 15:05:10.597,12555,12556,12556,1,1
2020-08-21 15:05:13.151,12556,12557,12557,5,5
2020-08-21 15:05:19.718,12557,12558,12558,11,11
2020-08-21 15:05:22.803,12558,12559,12558,4,-4
2020-08-21 15:05:23.377,12557,12559,12559,3,3
2020-08-21 15:05:24.230,12558,12559,12558,1,-1
2020-08-21 15:05:27.241,12558,12559,12559,3,3
2020-08-21 15:05:30.565,12559,12560,12560,1,1
2020-08-21 15:05:32.243,12559,12560,12560,9,9
2020-08-21 15:05:32.469,12560,12561,12560,5,-5
2020-08-21 15:05:32.469,12560,12561,12559,2,-2
2020-08-21 15:05:32.792,12559,12560,12560,1,1
2020-08-21 15:05:36.151,12560,12561,12561,7,7
2020-08-21 15:05:36.151,12560,12561,12561,2,2
2020-08-21 15:05:36.151,12560,12561,12561,12,12
2020-08-21 15:05:37.052,12561,12562,12562,1,1
2020-08-21 15:05:37.357,12561,12562,12562,1,1
2020-08-21 15:05:37.380,12561,12562,12562,9,9
2020-08-21 15:05:38.709,12562,12563,12563,1,1
2020-08-21 15:05:39.433,12562,12564,12562,1,-1
2020-08-21 15:05:42.031,12562,12563,12562,5,-5
2020-08-21 15:05:42.226,12561,12562,12562,1,1
2020-08-21 15:05:42.382,12561,12562,12562,1,1
2020-08-21 15:05:42.547,12561,12563,12561,4,-4
2020-08-21 15:05:45.444,12561,12563,12563,6,6
2020-08-21 15:05:48.639,12563,12564,12564,2,2
2020-08-21 15:05:48.654,12563,12564,12563,2,-2
2020-08-21 15:05:50.830,12561,12563,12563,1,1
2020-08-21 15:05:51.087,12561,12563,12563,1,1
2020-08-21 15:05:53.796,12561,12562,12561,1,-1
2020-08-21 15:05:54.247,12560,12561,12561,1,1
2020-08-21 15:05:55.075,12560,12561,12561,2,2
2020-08-21 15:05:55.075,12560,12561,12561,2,2
2020-08-21 15:05:55.126,12560,12561,12561,1,1
2020-08-21 15:05:58.048,12561,12562,12561,1,-1
2020-08-21 15:05:58.270,12561,12562,12561,2,-2
2020-08-21 15:05:58.321,12560,12561,12561,2,2
2020-08-21 15:05:59.564,12560,12561,12561,1,1
2020-08-21 15:06:06.910,12560,12561,12561,5,5
2020-08-21 15:06:06.961,12560,12561,12560,1,-1
2020-08-21 15:06:07.341,12560,12561,12560,1,-1
2020-08-21 15:06:08.167,12560,12561,12561,1,1
2020-08-21 15:06:08.226,12560,12561,12560,4,-4
2020-08-21 15:06:10.906,12559,12560,12559,2,-2
2020-08-21 15:06:10.973,12559,12560,12560,7,7
2020-08-21 15:06:11.876,12560,12561,12560,1,-1
2020-08-21 15:06:13.228,12560,12561,12560,2,-2
2020-08-21 15:06:18.230,12559,12560,12559,9,-9
2020-08-21 15:06:19.525,12558,12560,12558,1,-1
2020-08-21 15:06:21.010,12558,12559,12558,2,-2
2020-08-21 15:06:21.273,12558,12559,12558,2,-2
2020-08-21 15:06:22.048,12557,12558,12558,8,8
2020-08-21 15:06:22.048,12557,12558,12559,2,2
2020-08-21 15:06:24.365,12557,12558,12557,1,-1
2020-08-21 15:06:24.490,12557,12558,12557,1,-1
2020-08-21 15:06:32.185,12557,12558,12557,3,-3
2020-08-21 15:06:32.836,12556,12557,12557,1,1
2020-08-21 15:06:34.919,12557,12558,12557,2,-2
2020-08-21 15:06:35.763,12557,12559,12559,1,1
2020-08-21 15:06:40.571,12558,12559,12559,1,1
2020-08-21 15:06:40.572,12558,12559,12559,1,1
2020-08-21 15:06:52.683,12559,12560,12559,1,-1
2020-08-21 15:07:03.330,12558,12559,12558,8,-8
2020-08-21 15:07:03.461,12557,12558,12557,1,-1
2020-08-21 15:07:03.848,12557,12558,12557,1,-1
2020-08-21 15:07:04.540,12557,12558,12557,6,-6
2020-08-21 15:07:06.500,12556,12557,12556,2,-2
2020-08-21 15:07:09.605,12555,12556,12555,1,-1
2020-08-21 15:07:10.697,12555,12556,12555,12,-12
2020-08-21 15:07:16.564,12554,12556,12554,1,-1
2020-08-21 15:07:17.306,12554,12555,12554,1,-1
2020-08-21 15:07:19.886,12553,12555,12555,1,1
2020-08-21 15:07:21.633,12554,12555,12555,1,1
2020-08-21 15:07:25.278,12554,12556,12554,1,-1
2020-08-21 15:07:28.085,12554,12555,12555,1,1
2020-08-21 15:07:46.935,12555,12556,12555,3,-3
2020-08-21 15:07:48.572,12554,12555,12555,1,1
2020-08-21 15:07:48.991,12554,12556,12554,2,-2
2020-08-21 15:08:01.554,12553,12555,12553,1,-1
2020-08-21 15:08:01.554,12553,12555,12553,3,-3
2020-08-21 15:08:01.554,12553,12555,12553,15,-15
2020-08-21 15:08:01.728,12552,12553,12552,2,-2
2020-08-21 15:08:01.950,12552,12553,12552,1,-1
2020-08-21 15:08:02.060,12552,12553,12552,1,-1
2020-08-21 15:08:02.945,12552,12553,12553,3,3
2020-08-21 15:08:03.174,12553,12554,12553,1,-1
2020-08-21 15:08:09.979,12553,12555,12553,1,-1
2020-08-21 15:08:13.110,12552,12553,12552,3,-3
2020-08-21 15:08:20.120,12551,12552,12551,1,-1
2020-08-21 15:08:20.120,12551,12552,12551,1,-1
2020-08-21 15:08:20.121,12551,12552,12551,4,-4
2020-08-21 15:08:20.121,12551,12552,12551,1,-1
2020-08-21 15:08:20.121,12551,12552,12551,8,-8
2020-08-21 15:08:20.121,12551,12552,12551,8,-8
2020-08-21 15:08:20.139,12551,12552,12550,6,-6
2020-08-21 15:08:20.140,12551,12552,12550,1,-1
2020-08-21 15:08:20.314,12550,12551,12550,2,-2
2020-08-21 15:08:20.315,12550,12551,12549,1,-1
2020-08-21 15:08:20.418,12549,12550,12549,1,-1
2020-08-21 15:08:20.420,12549,12550,12549,1,-1
2020-08-21 15:08:20.983,12549,12550,12550,1,1
2020-08-21 15:08:21.303,12549,12550,12549,1,-1
2020-08-21 15:08:22.380,12549,12550,12550,3,3
2020-08-21 15:08:22.604,12549,12551,12549,1,-1
2020-08-21 15:08:22.934,12550,12551,12550,2,2
2020-08-21 15:08:23.181,12550,12551,12550,1,-1
2020-08-21 15:08:24.820,12550,12551,12551,1,1
2020-08-21 15:08:27.578,12550,12552,12550,1,-1
2020-08-21 15:08:30.192,12550,12551,12551,2,2
2020-08-21 15:08:30.230,12551,12552,12551,1,-1
2020-08-21 15:08:31.259,12550,12552,12550,1,-1
2020-08-21 15:08:32.033,12550,12552,12550,1,-1
2020-08-21 15:08:34.384,12549,12550,12550,1,1
2020-08-21 15:08:35.075,12549,12551,12549,1,-1
2020-08-21 15:08:35.585,12549,12550,12550,1,1
2020-08-21 15:08:37.263,12549,12550,12549,3,-3
2020-08-21 15:08:40.320,12549,12550,12550,1,1
2020-08-21 15:08:40.689,12550,12551,12551,1,1
2020-08-21 15:08:43.740,12551,12552,12551,1,-1
2020-08-21 15:08:44.367,12551,12552,12552,1,1
2020-08-21 15:08:46.529,12551,12552,12552,3,3
2020-08-21 15:08:47.578,12552,12553,12553,1,1
2020-08-21 15:08:47.593,12552,12553,12553,1,1
2020-08-21 15:08:47.671,12552,12553,12553,1,1
2020-08-21 15:08:47.671,12552,12553,12553,1,1
2020-08-21 15:08:48.253,12552,12553,12552,2,-2
2020-08-21 15:08:49.772,12551,12553,12552,1,-1
2020-08-21 15:08:50.302,12552,12553,12552,1,-1
2020-08-21 15:08:51.449,12552,12553,12552,1,-1
2020-08-21 15:08:52.449,12552,12553,12553,7,7
2020-08-21 15:08:53.079,12552,12554,12552,1,-1
2020-08-21 15:08:56.914,12553,12554,12553,3,3
2020-08-21 15:08:59.164,12553,12554,12553,1,-1
2020-08-21 15:09:02.305,12553,12554,12553,2,-2
2020-08-21 15:09:02.783,12553,12554,12553,1,-1
2020-08-21 15:09:04.427,12552,12553,12553,1,1
2020-08-21 15:09:05.162,12553,12554,12554,1,1
2020-08-21 15:09:12.775,12553,12554,12553,1,-1
2020-08-21 15:09:12.775,12553,12554,12553,1,-1
2020-08-21 15:09:14.380,12551,12553,12553,1,1
2020-08-21 15:09:19.441,12551,12553,12553,4,4
2020-08-21 15:09:22.391,12551,12553,12551,2,-2
2020-08-21 15:09:23.027,12551,12552,12552,2,2
2020-08-21 15:09:29.019,12551,12552,12552,1,1
2020-08-21 15:09:30.032,12551,12553,12551,4,-4
2020-08-21 15:09:33.807,12552,12553,12552,1,1
2020-08-21 15:09:34.136,12551,12552,12552,1,1
2020-08-21 15:09:37.225,12551,12552,12551,1,-1
2020-08-21 15:09:41.571,12550,12551,12551,1,1
2020-08-21 15:09:46.001,12550,12551,12551,1,1
2020-08-21 15:09:48.443,12550,12551,12551,1,1
2020-08-21 15:09:49.066,12551,12552,12551,1,-1
2020-08-21 15:09:54.492,12550,12551,12550,4,-4
2020-08-21 15:09:54.493,12550,12551,12550,9,-9
2020-08-21 15:09:54.493,12550,12551,12550,12,-12
2020-08-21 15:09:56.119,12549,12551,12551,1,1
2020-08-21 15:10:00.119,12550,12551,12551,2,2
2020-08-21 15:10:00.226,12551,12552,12552,2,2
2020-08-21 15:10:00.614,12551,12553,12551,1,-1
2020-08-21 15:10:01.759,12551,12553,12551,1,-1
2020-08-21 15:10:01.822,12551,12553,12551,1,-1
2020-08-21 15:10:02.541,12550,12552,12550,1,-1
2020-08-21 15:10:02.649,12550,12552,12550,1,-1
2020-08-21 15:10:02.750,12550,12552,12550,1,-1
2020-08-21 15:10:07.532,12550,12551,12550,1,-1
2020-08-21 15:10:08.389,12550,12551,12550,2,-2
2020-08-21 15:10:12.803,12549,12550,12550,1,1
2020-08-21 15:10:12.803,12549,12550,12550,2,2
2020-08-21 15:10:17.179,12550,12551,12550,1,-1
2020-08-21 15:10:22.782,12550,12551,12550,1,-1
2020-08-21 15:10:27.204,12549,12550,12549,4,-4
2020-08-21 15:10:27.205,12549,12550,12549,3,-3
2020-08-21 15:10:27.205,12549,12550,12549,3,-3
2020-08-21 15:10:27.205,12549,12550,12549,2,-2
2020-08-21 15:10:27.205,12549,12550,12549,2,-2
2020-08-21 15:10:27.558,12548,12549,12548,2,-2
2020-08-21 15:10:28.307,12547,12548,12547,1,-1
2020-08-21 15:10:28.409,12547,12548,12547,1,-1
2020-08-21 15:10:31.725,12547,12548,12547,3,-3
2020-08-21 15:10:32.306,12547,12548,12547,1,-1
2020-08-21 15:10:36.161,12546,12547,12546,1,-1
2020-08-21 15:10:36.266,12546,12547,12546,1,-1
2020-08-21 15:10:36.698,12545,12546,12545,1,-1
2020-08-21 15:10:36.699,12545,12546,12545,2,-2
2020-08-21 15:10:36.860,12545,12546,12546,1,1
2020-08-21 15:10:37.451,12545,12546,12545,7,-7
2020-08-21 15:10:37.506,12545,12546,12545,2,-2
2020-08-21 15:10:38.256,12545,12546,12546,3,3
2020-08-21 15:10:40.360,12545,12546,12545,7,-7
2020-08-21 15:10:40.835,12545,12546,12546,2,2
2020-08-21 15:10:44.531,12545,12546,12545,1,-1
2020-08-21 15:10:46.404,12545,12546,12545,1,-1
2020-08-21 15:10:46.690,12545,12546,12545,1,-1
2020-08-21 15:10:46.799,12544,12546,12544,1,-1
2020-08-21 15:10:47.716,12544,12545,12545,1,1
2020-08-21 15:10:50.967,12545,12546,12546,1,1
2020-08-21 15:10:52.186,12545,12546,12546,2,2
2020-08-21 15:10:55.286,12545,12547,12545,4,-4
2020-08-21 15:10:58.690,12545,12546,12546,1,1
2020-08-21 15:10:59.261,12546,12547,12546,1,-1
2020-08-21 15:10:59.560,12546,12547,12547,1,1
2020-08-21 15:10:59.678,12546,12548,12546,2,-2
2020-08-21 15:11:00.633,12546,12548,12548,1,1
2020-08-21 15:11:01.044,12546,12548,12546,1,-1
2020-08-21 15:11:01.130,12547,12548,12546,1,-1
2020-08-21 15:11:04.084,12546,12547,12546,2,-2
2020-08-21 15:11:09.508,12546,12547,12546,4,-4
2020-08-21 15:11:10.904,12545,12546,12545,2,-2
2020-08-21 15:11:10.905,12545,12546,12545,1,-1
2020-08-21 15:11:10.905,12545,12546,12545,1,-1
2020-08-21 15:11:10.906,12545,12546,12545,4,-4
2020-08-21 15:11:13.215,12544,12545,12544,4,-4
2020-08-21 15:11:13.217,12544,12545,12544,10,-10
2020-08-21 15:11:13.721,12543,12544,12544,1,1
2020-08-21 15:11:14.462,12543,12544,12544,1,1
2020-08-21 15:11:17.946,12543,12544,12543,4,-4
2020-08-21 15:11:18.936,12543,12544,12543,2,-2
2020-08-21 15:11:20.723,12543,12544,12543,2,-2
2020-08-21 15:11:20.723,12543,12544,12543,1,-1
2020-08-21 15:11:20.723,12543,12544,12543,2,-2
2020-08-21 15:11:20.724,12543,12544,12543,1,-1
2020-08-21 15:11:20.724,12543,12544,12543,4,-4
2020-08-21 15:11:20.750,12543,12544,12542,2,-2
2020-08-21 15:11:20.752,12543,12544,12543,1,1
2020-08-21 15:11:20.787,12543,12544,12542,4,-4
2020-08-21 15:11:21.692,12542,12544,12543,1,1
2020-08-21 15:11:21.695,12543,12544,12544,4,4
2020-08-21 15:11:22.094,12543,12545,12543,3,-3
2020-08-21 15:11:22.858,12543,12545,12543,1,-1
2020-08-21 15:11:24.070,12544,12545,12545,1,1
2020-08-21 15:11:24.300,12544,12546,12544,1,-1
2020-08-21 15:11:25.776,12544,12545,12544,1,-1
2020-08-21 15:11:27.693,12544,12546,12546,1,1
2020-08-21 15:11:29.318,12544,12546,12546,1,1
2020-08-21 15:11:36.291,12545,12546,12545,3,-3
2020-08-21 15:11:37.331,12545,12546,12546,6,6
2020-08-21 15:11:39.524,12546,12547,12547,3,3
2020-08-21 15:11:39.639,12546,12548,12546,2,-2
2020-08-21 15:11:39.856,12546,12548,12548,1,1
2020-08-21 15:11:39.973,12547,12548,12548,1,1
2020-08-21 15:11:40.708,12547,12549,12549,1,1
2020-08-21 15:11:43.383,12547,12549,12547,1,-1
2020-08-21 15:11:46.416,12547,12549,12549,2,2
2020-08-21 15:11:49.201,12547,12548,12548,1,1
2020-08-21 15:11:51.051,12548,12549,12549,2,2
2020-08-21 15:11:51.319,12549,12550,12549,2,-2
2020-08-21 15:11:51.325,12549,12550,12548,1,-1
2020-08-21 15:11:55.239,12548,12549,12549,1,1
2020-08-21 15:12:01.915,12548,12549,12548,1,-1
2020-08-21 15:12:02.340,12548,12549,12548,1,-1
2020-08-21 15:12:03.060,12548,12549,12548,3,-3
2020-08-21 15:12:03.060,12548,12549,12547,2,-2
2020-08-21 15:12:03.445,12547,12549,12547,4,-4
2020-08-21 15:12:07.432,12548,12549,12548,2,2
2020-08-21 15:12:09.966,12547,12548,12547,1,-1
2020-08-21 15:12:13.220,12547,12548,12548,1,1
2020-08-21 15:12:13.220,12547,12548,12549,2,2
2020-08-21 15:12:14.847,12548,12549,12548,2,-2
2020-08-21 15:12:19.386,12548,12549,12548,1,-1
2020-08-21 15:12:21.459,12547,12548,12548,1,1
2020-08-21 15:12:24.821,12547,12548,12548,1,1
2020-08-21 15:12:24.822,12547,12548,12548,1,1
2020-08-21 15:12:25.877,12548,12549,12548,2,-2
2020-08-21 15:12:28.804,12548,12549,12548,1,-1
2020-08-21 15:12:28.912,12547,12549,12549,1,1
2020-08-21 15:12:35.100,12548,12549,12549,1,1
2020-08-21 15:12:35.135,12548,12549,12548,2,-2
2020-08-21 15:12:35.913,12548,12550,12548,1,-1
2020-08-21 15:12:37.013,12548,12550,12550,1,1
2020-08-21 15:12:43.329,12548,12549,12549,1,1
2020-08-21 15:12:44.190,12548,12549,12549,1,1
2020-08-21 15:12:44.469,12548,12550,12550,1,1
2020-08-21 15:12:51.726,12549,12550,12550,1,1
2020-08-21 15:12:51.726,12549,12550,12550,2,2
2020-08-21 15:12:51.726,12549,12550,12550,2,2
2020-08-21 15:12:54.661,12550,12551,12550,1,-1
2020-08-21 15:12:54.973,12550,12551,12550,2,-2
2020-08-21 15:12:58.923,12550,12551,12550,1,-1
2020-08-21 15:13:08.449,12549,12551,12551,1,1
2020-08-21 15:13:08.924,12549,12551,12549,1,-1
2020-08-21 15:13:09.114,12549,12551,12551,1,1
2020-08-21 15:13:12.670,12550,12551,12550,1,-1
2020-08-21 15:13:30.923,12549,12550,12550,2,2
2020-08-21 15:13:34.758,12549,12550,12549,1,-1
2020-08-21 15:13:36.766,12549,12550,12550,5,5
2020-08-21 15:13:37.234,12550,12551,12550,1,-1
2020-08-21 15:13:43.271,12549,12550,12550,1,1
2020-08-21 15:13:43.618,12549,12550,12550,1,1
2020-08-21 15:13:51.483,12550,12551,12550,1,-1
2020-08-21 15:13:52.945,12550,12551,12551,3,3
2020-08-21 15:13:52.945,12550,12551,12551,7,7
2020-08-21 15:13:53.874,12550,12551,12551,1,1
2020-08-21 15:14:05.594,12551,12552,12552,4,4
2020-08-21 15:14:05.727,12551,12553,12553,1,1
2020-08-21 15:14:06.129,12551,12553,12551,1,-1
2020-08-21 15:14:16.626,12551,12552,12551,2,-2
2020-08-21 15:14:16.627,12551,12552,12551,1,-1
2020-08-21 15:14:18.557,12550,12551,12550,1,-1
2020-08-21 15:14:19.488,12550,12551,12550,1,-1
2020-08-21 15:14:21.072,12549,12551,12551,1,1
2020-08-21 15:14:28.562,12549,12550,12550,3,3
2020-08-21 15:14:29.605,12550,12551,12550,1,-1
2020-08-21 15:14:30.065,12550,12551,12550,1,-1
2020-08-21 15:14:38.066,12550,12551,12551,3,3
2020-08-21 15:14:38.354,12551,12552,12552,5,5
2020-08-21 15:14:38.405,12551,12552,12552,2,2
2020-08-21 15:14:38.446,12552,12553,12552,1,-1
2020-08-21 15:14:39.567,12551,12552,12551,1,-1
2020-08-21 15:14:44.004,12551,12552,12552,1,1
2020-08-21 15:15:00.074,12550,12551,12550,6,-6
2020-08-21 15:15:00.074,12550,12551,12549,15,-15
2020-08-21 15:15:00.076,12550,12551,12548,12,-12
2020-08-21 15:15:00.087,12550,12551,12547,4,-4
2020-08-21 15:15:00.112,12550,12551,12546,4,-4
2020-08-21 15:15:00.113,12550,12551,12546,1,-1
2020-08-21 15:15:00.688,12545,12546,12546,2,2
2020-08-21 15:15:01.421,12546,12548,12546,3,-3
2020-08-21 15:15:02.136,12545,12547,12547,1,1
2020-08-21 15:15:03.172,12545,12546,12545,2,-2
2020-08-21 15:15:04.583,12545,12546,12546,1,1
2020-08-21 15:15:04.623,12545,12546,12546,1,1
2020-08-21 15:15:04.623,12545,12546,12546,1,1
2020-08-21 15:15:06.548,12545,12546,12546,1,1
2020-08-21 15:15:06.895,12545,12546,12545,5,-5
2020-08-21 15:15:06.895,12545,12546,12544,5,-5
2020-08-21 15:15:08.991,12544,12545,12544,2,-2
2020-08-21 15:15:10.555,12543,12544,12543,3,-3
2020-08-21 15:15:10.783,12543,12544,12543,1,-1
2020-08-21 15:15:12.046,12543,12544,12543,1,-1
2020-08-21 15:15:12.070,12543,12544,12543,1,-1
2020-08-21 15:15:13.159,12542,12544,12542,1,-1
2020-08-21 15:15:15.310,12542,12543,12542,1,-1
2020-08-21 15:15:15.325,12541,12542,12541,28,-28
2020-08-21 15:15:15.325,12541,12542,12540,11,-11
2020-08-21 15:15:15.445,12540,12541,12540,9,-9
2020-08-21 15:15:15.446,12540,12541,12540,3,-3
2020-08-21 15:15:15.589,12539,12541,12539,1,-1
2020-08-21 15:15:15.735,12539,12541,12539,1,-1
2020-08-21 15:15:16.012,12539,12540,12539,9,-9
2020-08-21 15:15:16.063,12539,12540,12538,1,-1
2020-08-21 15:15:16.094,12538,12539,12538,1,-1
2020-08-21 15:15:16.249,12537,12539,12537,3,-3
2020-08-21 15:15:17.226,12536,12537,12537,2,2
2020-08-21 15:15:17.312,12536,12537,12536,2,-2
2020-08-21 15:15:17.569,12536,12537,12537,1,1
2020-08-21 15:15:17.782,12536,12537,12537,1,1
2020-08-21 15:15:17.782,12536,12537,12537,1,1
2020-08-21 15:15:17.928,12537,12538,12537,1,-1
2020-08-21 15:15:18.621,12537,12538,12538,2,2
2020-08-21 15:15:18.621,12537,12538,12538,4,4
2020-08-21 15:15:20.270,12538,12540,12538,1,-1
2020-08-21 15:15:20.332,12537,12539,12537,1,-1
2020-08-21 15:15:21.454,12537,12538,12537,1,-1
2020-08-21 15:15:22.391,12537,12538,12537,1,-1
2020-08-21 15:15:23.392,12536,12538,12538,1,1
2020-08-21 15:15:24.986,12537,12539,12537,1,-1
2020-08-21 15:15:25.930,12538,12539,12539,1,1
2020-08-21 15:15:26.088,12539,12540,12539,1,-1
2020-08-21 15:15:26.931,12538,12540,12538,1,-1
2020-08-21 15:15:26.944,12538,12540,12537,1,-1
2020-08-21 15:15:27.230,12536,12537,12536,7,-7
2020-08-21 15:15:27.230,12536,12537,12536,5,-5
2020-08-21 15:15:27.335,12535,12537,12535,2,-2
2020-08-21 15:15:27.447,12535,12537,12537,1,1
2020-08-21 15:15:27.520,12535,12537,12535,1,-1
2020-08-21 15:15:27.541,12535,12537,12535,2,-2
2020-08-21 15:15:27.550,12535,12537,12537,1,1
2020-08-21 15:15:27.602,12535,12537,12535,1,-1
2020-08-21 15:15:27.629,12535,12537,12535,1,-1
2020-08-21 15:15:27.647,12535,12537,12535,1,-1
2020-08-21 15:15:27.669,12535,12537,12535,1,-1
2020-08-21 15:15:27.698,12535,12537,12535,2,-2
2020-08-21 15:15:27.700,12535,12537,12535,1,-1
2020-08-21 15:15:27.703,12535,12537,12535,1,-1
2020-08-21 15:15:27.748,12535,12537,12534,2,-2
2020-08-21 15:15:27.757,12535,12537,12534,1,-1
2020-08-21 15:15:27.774,12535,12537,12534,1,-1
2020-08-21 15:15:27.811,12535,12537,12534,1,-1
2020-08-21 15:15:27.825,12534,12537,12534,2,-2
2020-08-21 15:15:27.873,12534,12537,12534,1,-1
2020-08-21 15:15:27.898,12534,12537,12534,2,-2
2020-08-21 15:15:27.913,12534,12537,12534,1,-1
2020-08-21 15:15:27.964,12534,12536,12534,1,-1
2020-08-21 15:15:27.997,12534,12536,12534,1,-1
2020-08-21 15:15:28.223,12534,12536,12534,1,-1
2020-08-21 15:15:28.242,12534,12536,12534,3,-3
2020-08-21 15:15:28.303,12534,12536,12534,1,-1
2020-08-21 15:15:28.432,12534,12536,12534,2,-2
2020-08-21 15:15:28.521,12534,12536,12534,3,-3
2020-08-21 15:15:28.786,12534,12536,12534,1,-1
2020-08-21 15:15:28.831,12534,12536,12534,1,-1
2020-08-21 15:15:28.834,12534,12536,12534,1,-1
2020-08-21 15:15:28.846,12534,12536,12534,1,-1
2020-08-21 15:15:28.854,12534,12536,12534,1,-1
2020-08-21 15:15:28.870,12534,12536,12534,1,-1
2020-08-21 15:15:29.264,12534,12536,12534,1,-1
2020-08-21 15:15:29.264,12534,12536,12536,4,4
2020-08-21 15:15:29.317,12534,12536,12535,1,-1
2020-08-21 15:15:29.876,12535,12537,12535,2,-2
2020-08-21 15:15:30.264,12535,12537,12535,4,-4
2020-08-21 15:15:33.005,12534,12536,12534,2,-2
2020-08-21 15:15:33.248,12535,12536,12535,1,1
2020-08-21 15:15:33.248,12535,12536,12534,1,-1
2020-08-21 15:15:34.261,12534,12535,12534,1,-1
2020-08-21 15:15:34.261,12534,12535,12533,22,-22
2020-08-21 15:15:34.263,12534,12535,12533,1,-1
2020-08-21 15:15:34.263,12534,12535,12533,1,-1
2020-08-21 15:15:34.263,12534,12535,12533,2,-2
2020-08-21 15:15:34.471,12532,12534,12534,1,1
2020-08-21 15:15:34.692,12532,12533,12532,1,-1
2020-08-21 15:15:34.845,12532,12533,12532,1,-1
2020-08-21 15:15:34.855,12532,12533,12532,2,-2
2020-08-21 15:15:34.973,12532,12533,12532,2,-2
2020-08-21 15:15:35.044,12532,12533,12531,1,-1
2020-08-21 15:15:35.094,12531,12532,12531,1,-1
2020-08-21 15:15:35.122,12531,12532,12531,1,-1
2020-08-21 15:15:35.220,12531,12532,12531,8,-8
2020-08-21 15:15:35.220,12531,12532,12531,10,-10
2020-08-21 15:15:35.221,12531,12532,12531,3,-3
2020-08-21 15:15:35.360,12530,12531,12530,1,-1
2020-08-21 15:15:35.383,12530,12531,12530,1,-1
2020-08-21 15:15:35.415,12530,12531,12530,2,-2
2020-08-21 15:15:35.416,12530,12531,12530,13,-13
2020-08-21 15:15:35.429,12530,12531,12529,1,-1
2020-08-21 15:15:35.482,12529,12530,12529,1,-1
2020-08-21 15:15:35.504,12529,12530,12528,1,-1
2020-08-21 15:15:35.564,12529,12530,12530,1,1
2020-08-21 15:15:35.611,12528,12530,12528,1,-1
2020-08-21 15:15:35.664,12528,12530,12528,1,-1
2020-08-21 15:15:35.716,12528,12530,12528,3,-3
2020-08-21 15:15:35.718,12528,12530,12528,3,-3
2020-08-21 15:15:35.784,12528,12530,12528,1,-1
2020-08-21 15:15:35.801,12528,12530,12528,2,-2
2020-08-21 15:15:35.835,12528,12530,12528,3,-3
2020-08-21 15:15:35.854,12528,12530,12528,1,-1
2020-08-21 15:15:35.866,12528,12530,12527,1,-1
2020-08-21 15:15:35.903,12528,12530,12527,1,-1
2020-08-21 15:15:35.953,12528,12530,12528,1,1
2020-08-21 15:15:35.978,12528,12530,12530,1,1
2020-08-21 15:15:35.999,12528,12530,12529,1,-1
2020-08-21 15:15:36.017,12528,12530,12529,1,-1
2020-08-21 15:15:36.021,12528,12530,12529,1,-1
2020-08-21 15:15:36.079,12530,12531,12530,1,1
2020-08-21 15:15:36.169,12530,12531,12529,1,-1
2020-08-21 15:15:36.260,12529,12531,12529,2,-2
2020-08-21 15:15:36.267,12529,12531,12529,1,-1
2020-08-21 15:15:36.460,12529,12531,12529,1,-1
2020-08-21 15:15:36.480,12529,12531,12529,1,-1
2020-08-21 15:15:36.480,12529,12531,12529,1,-1
2020-08-21 15:15:36.490,12529,12531,12529,1,-1
2020-08-21 15:15:36.498,12529,12531,12529,1,-1
2020-08-21 15:15:36.528,12529,12531,12528,1,-1
2020-08-21 15:15:36.532,12529,12531,12530,1,1
2020-08-21 15:15:36.569,12529,12531,12528,1,-1
2020-08-21 15:15:36.574,12528,12530,12528,1,-1
2020-08-21 15:15:36.649,12528,12530,12528,5,-5
2020-08-21 15:15:36.661,12528,12530,12528,3,-3
2020-08-21 15:15:36.924,12528,12530,12529,1,1
2020-08-21 15:15:37.059,12528,12530,12530,1,1
2020-08-21 15:15:37.118,12529,12531,12529,1,-1
2020-08-21 15:15:37.274,12530,12531,12530,1,1
2020-08-21 15:15:37.609,12530,12531,12530,1,-1
2020-08-21 15:15:37.793,12529,12531,12529,1,-1
2020-08-21 15:15:38.042,12529,12531,12531,3,3
2020-08-21 15:15:38.975,12531,12532,12532,4,4
2020-08-21 15:15:39.000,12531,12532,12531,2,-2
2020-08-21 15:15:39.452,12531,12533,12531,5,-5
2020-08-21 15:15:39.452,12531,12533,12530,4,-4
2020-08-21 15:15:39.593,12531,12533,12531,1,1
2020-08-21 15:15:40.647,12533,12535,12533,1,1
2020-08-21 15:15:40.724,12532,12534,12532,5,-5
2020-08-21 15:15:42.176,12531,12533,12531,1,-1
2020-08-21 15:15:42.845,12531,12533,12531,5,-5
2020-08-21 15:15:43.049,12531,12533,12533,1,1
2020-08-21 15:15:44.183,12532,12534,12532,1,-1
2020-08-21 15:15:45.174,12531,12533,12531,2,-2
2020-08-21 15:15:45.265,12531,12533,12532,1,1
2020-08-21 15:15:45.389,12531,12532,12532,5,5
2020-08-21 15:15:45.392,12531,12532,12532,1,1
2020-08-21 15:15:46.517,12532,12533,12532,2,-2
2020-08-21 15:15:46.955,12531,12532,12532,2,2
2020-08-21 15:15:47.344,12532,12533,12532,2,-2
2020-08-21 15:15:48.320,12532,12533,12533,1,1
2020-08-21 15:15:48.621,12533,12535,12533,1,-1
2020-08-21 15:15:49.096,12533,12535,12533,2,-2
2020-08-21 15:15:50.100,12533,12535,12533,2,-2
2020-08-21 15:15:50.370,12533,12535,12533,1,-1
2020-08-21 15:15:52.532,12532,12533,12532,1,-1
2020-08-21 15:15:53.016,12531,12532,12532,1,1
2020-08-21 15:15:53.536,12531,12533,12533,1,1
2020-08-21 15:15:53.632,12532,12533,12533,1,1
2020-08-21 15:15:53.633,12532,12533,12533,2,2
2020-08-21 15:15:55.669,12533,12534,12533,2,-2
2020-08-21 15:15:56.973,12534,12535,12535,1,1
2020-08-21 15:15:56.973,12534,12535,12535,1,1
2020-08-21 15:15:56.973,12534,12535,12535,3,3
2020-08-21 15:15:58.587,12535,12536,12535,1,-1
2020-08-21 15:16:00.448,12533,12535,12533,2,-2
2020-08-21 15:16:00.833,12533,12534,12533,1,-1
2020-08-21 15:16:00.833,12533,12534,12532,2,-2
2020-08-21 15:16:00.837,12533,12534,12533,4,4
2020-08-21 15:16:00.969,12532,12534,12532,3,-3
2020-08-21 15:16:01.384,12532,12533,12533,1,1
2020-08-21 15:16:01.736,12532,12533,12533,1,1
2020-08-21 15:16:01.824,12532,12534,12534,1,1
2020-08-21 15:16:02.188,12532,12533,12532,1,-1
2020-08-21 15:16:02.546,12531,12532,12531,2,-2
2020-08-21 15:16:02.952,12531,12532,12532,1,1
2020-08-21 15:16:03.322,12531,12532,12531,5,-5
2020-08-21 15:16:03.602,12531,12532,12532,1,1
2020-08-21 15:16:03.668,12531,12532,12532,4,4
2020-08-21 15:16:03.733,12531,12533,12533,1,1
2020-08-21 15:16:04.116,12531,12533,12533,1,1
2020-08-21 15:16:05.986,12533,12534,12534,1,1
2020-08-21 15:16:06.293,12534,12536,12534,1,-1
2020-08-21 15:16:06.303,12534,12536,12534,1,-1
2020-08-21 15:16:08.212,12534,12535,12535,2,2
2020-08-21 15:16:11.040,12534,12535,12535,3,3
2020-08-21 15:16:11.200,12534,12535,12534,2,-2
2020-08-21 15:16:11.416,12534,12535,12535,2,2
2020-08-21 15:16:12.833,12534,12535,12534,1,-1
2020-08-21 15:16:12.833,12534,12535,12534,3,-3
2020-08-21 15:16:13.086,12533,12534,12533,3,-3
2020-08-21 15:16:13.852,12532,12533,12533,5,5
2020-08-21 15:16:14.884,12532,12533,12532,1,-1
2020-08-21 15:16:15.906,12532,12533,12532,1,-1
2020-08-21 15:16:18.228,12532,12533,12532,1,-1
2020-08-21 15:16:18.887,12532,12533,12533,3,3
2020-08-21 15:16:20.231,12533,12535,12533,1,-1
2020-08-21 15:16:22.123,12532,12534,12534,1,1
2020-08-21 15:16:22.229,12533,12534,12533,1,-1
2020-08-21 15:16:25.141,12532,12533,12533,1,1
2020-08-21 15:16:26.189,12532,12533,12532,1,-1
2020-08-21 15:16:26.256,12532,12533,12533,1,1
2020-08-21 15:16:27.302,12532,12533,12533,1,1
2020-08-21 15:16:27.305,12532,12533,12533,1,1
2020-08-21 15:16:27.305,12532,12533,12533,3,3
2020-08-21 15:16:28.309,12533,12535,12535,2,2
2020-08-21 15:16:28.730,12533,12535,12533,2,-2
2020-08-21 15:16:32.581,12533,12534,12534,1,1
2020-08-21 15:16:32.726,12533,12534,12533,1,-1
2020-08-21 15:16:35.929,12533,12535,12534,1,1
2020-08-21 15:16:36.053,12534,12535,12535,2,2
2020-08-21 15:16:36.054,12534,12535,12535,8,8
2020-08-21 15:16:36.054,12534,12535,12535,1,1
2020-08-21 15:16:36.054,12534,12535,12535,3,3
2020-08-21 15:16:36.320,12535,12536,12536,3,3
2020-08-21 15:16:45.485,12535,12537,12537,1,1
2020-08-21 15:16:48.423,12536,12537,12537,3,3
2020-08-21 15:16:48.495,12536,12538,12537,2,-2
2020-08-21 15:16:48.588,12536,12537,12537,2,2
2020-08-21 15:16:48.589,12536,12537,12537,2,2
2020-08-21 15:16:48.815,12536,12537,12537,2,2
2020-08-21 15:16:50.036,12536,12537,12537,2,2
2020-08-21 15:16:50.039,12536,12537,12537,2,2
2020-08-21 15:16:51.739,12536,12538,12537,1,-1
2020-08-21 15:16:51.739,12536,12538,12537,4,-4
2020-08-21 15:16:53.578,12537,12538,12538,2,2
2020-08-21 15:16:53.830,12537,12539,12539,1,1
2020-08-21 15:16:55.346,12537,12538,12537,4,-4
2020-08-21 15:16:56.814,12537,12538,12538,1,1
2020-08-21 15:16:58.086,12537,12538,12537,1,-1
2020-08-21 15:17:01.447,12536,12537,12537,1,1
2020-08-21 15:17:01.513,12536,12537,12537,1,1
2020-08-21 15:17:01.513,12536,12537,12537,1,1
2020-08-21 15:17:01.514,12536,12537,12537,1,1
2020-08-21 15:17:01.851,12537,12538,12538,1,1
2020-08-21 15:17:01.950,12537,12539,12537,1,-1
2020-08-21 15:17:06.252,12537,12539,12537,2,-2
2020-08-21 15:17:06.324,12537,12539,12537,1,-1
2020-08-21 15:17:07.367,12537,12539,12537,1,-1
2020-08-21 15:17:07.450,12537,12539,12537,1,-1
2020-08-21 15:17:07.451,12537,12539,12537,1,-1
2020-08-21 15:17:07.451,12537,12539,12537,1,-1
2020-08-21 15:17:07.451,12537,12539,12537,1,-1
2020-08-21 15:17:07.451,12537,12539,12537,1,-1
2020-08-21 15:17:07.452,12537,12539,12537,1,-1
2020-08-21 15:17:07.452,12537,12539,12536,1,-1
2020-08-21 15:17:07.452,12537,12539,12536,1,-1
2020-08-21 15:17:07.452,12537,12539,12536,1,-1
2020-08-21 15:17:07.453,12537,12539,12536,1,-1
2020-08-21 15:17:07.453,12537,12539,12536,2,-2
2020-08-21 15:17:07.454,12537,12539,12535,1,-1
2020-08-21 15:17:07.454,12537,12539,12536,4,4
2020-08-21 15:17:07.455,12537,12539,12535,10,-10
2020-08-21 15:17:07.456,12537,12539,12536,4,4
2020-08-21 15:17:09.319,12535,12537,12537,1,1
2020-08-21 15:17:10.037,12535,12537,12537,1,1
2020-08-21 15:17:10.596,12535,12536,12536,2,2
2020-08-21 15:17:11.526,12535,12536,12535,1,-1
2020-08-21 15:17:11.526,12535,12536,12535,7,-7
2020-08-21 15:17:12.147,12533,12535,12535,1,1
2020-08-21 15:17:12.516,12533,12535,12535,1,1
2020-08-21 15:17:13.160,12533,12535,12533,2,-2
2020-08-21 15:17:14.432,12534,12535,12534,1,1
2020-08-21 15:17:15.767,12533,12534,12534,1,1
2020-08-21 15:17:17.167,12533,12534,12534,1,1
2020-08-21 15:17:18.072,12533,12535,12535,6,6
2020-08-21 15:17:18.199,12533,12535,12533,1,-1
2020-08-21 15:17:18.199,12533,12535,12533,1,-1
2020-08-21 15:17:18.199,12533,12535,12533,1,-1
2020-08-21 15:17:18.199,12533,12535,12533,1,-1
2020-08-21 15:17:19.937,12533,12535,12533,1,-1
2020-08-21 15:17:21.290,12534,12536,12536,1,1
2020-08-21 15:17:22.641,12534,12535,12535,1,1
2020-08-21 15:17:23.706,12534,12536,12536,1,1
2020-08-21 15:17:24.303,12534,12535,12535,1,1
2020-08-21 15:17:26.503,12534,12536,12536,1,1
2020-08-21 15:17:26.524,12534,12536,12534,1,-1
2020-08-21 15:17:28.187,12534,12535,12534,1,-1
2020-08-21 15:17:29.227,12534,12535,12534,2,-2
2020-08-21 15:17:30.114,12533,12534,12533,1,-1
2020-08-21 15:17:30.306,12532,12533,12533,1,1
2020-08-21 15:17:31.116,12532,12533,12533,2,2
2020-08-21 15:17:32.546,12534,12535,12535,1,1
2020-08-21 15:17:34.721,12535,12536,12535,3,-3
2020-08-21 15:17:37.189,12535,12536,12535,2,-2
2020-08-21 15:17:37.191,12535,12536,12535,1,-1
2020-08-21 15:17:40.577,12534,12535,12535,6,6
2020-08-21 15:17:40.698,12534,12535,12534,1,-1
2020-08-21 15:17:40.700,12534,12535,12534,1,-1
2020-08-21 15:17:41.163,12534,12535,12535,1,1
2020-08-21 15:17:43.350,12534,12535,12535,2,2
2020-08-21 15:17:44.923,12534,12535,12535,1,1
2020-08-21 15:17:45.583,12535,12536,12536,5,5
2020-08-21 15:17:46.829,12535,12537,12535,9,-9
2020-08-21 15:17:46.830,12535,12537,12535,6,-6
2020-08-21 15:17:48.001,12534,12536,12534,1,-1
2020-08-21 15:17:48.762,12534,12536,12534,1,-1
2020-08-21 15:17:50.734,12534,12536,12534,4,-4
2020-08-21 15:17:51.403,12534,12535,12535,1,1
2020-08-21 15:17:53.371,12534,12536,12534,1,-1
2020-08-21 15:17:55.665,12534,12535,12535,1,1
2020-08-21 15:17:56.244,12534,12535,12535,2,2
2020-08-21 15:18:02.715,12534,12535,12534,2,-2
2020-08-21 15:18:03.146,12533,12534,12533,1,-1
2020-08-21 15:18:03.208,12533,12534,12533,1,-1
2020-08-21 15:18:03.562,12533,12535,12533,8,-8
2020-08-21 15:18:03.589,12532,12534,12532,4,-4
2020-08-21 15:18:03.685,12532,12534,12532,4,-4
2020-08-21 15:18:06.320,12531,12533,12533,1,1
2020-08-21 15:18:10.549,12533,12535,12533,1,-1
2020-08-21 15:18:13.082,12533,12535,12535,1,1
2020-08-21 15:18:14.841,12533,12535,12533,1,-1
2020-08-21 15:18:19.305,12533,12534,12533,1,-1
2020-08-21 15:18:19.945,12532,12533,12533,1,1
2020-08-21 15:18:20.777,12532,12534,12532,1,-1
2020-08-21 15:18:21.684,12532,12534,12532,1,-1
2020-08-21 15:18:22.527,12532,12533,12532,1,-1
2020-08-21 15:18:22.834,12532,12533,12533,1,1
2020-08-21 15:18:23.070,12533,12534,12534,1,1
2020-08-21 15:18:24.535,12533,12534,12533,1,-1
2020-08-21 15:18:26.005,12532,12534,12532,1,-1
2020-08-21 15:18:29.550,12533,12534,12534,2,2
2020-08-21 15:18:29.787,12534,12535,12534,1,-1
2020-08-21 15:18:34.756,12533,12534,12533,1,-1
2020-08-21 15:18:38.580,12532,12533,12533,4,4
2020-08-21 15:18:39.105,12533,12534,12534,1,1
2020-08-21 15:18:49.201,12534,12535,12535,8,8
2020-08-21 15:18:50.150,12534,12536,12536,2,2
2020-08-21 15:19:00.227,12536,12537,12536,1,-1
2020-08-21 15:19:01.611,12536,12537,12537,1,1
2020-08-21 15:19:01.611,12536,12537,12537,1,1
2020-08-21 15:19:01.611,12536,12537,12537,7,7
2020-08-21 15:19:01.974,12537,12538,12538,1,1
2020-08-21 15:19:02.708,12537,12538,12538,1,1
2020-08-21 15:19:02.708,12537,12538,12538,4,4
2020-08-21 15:19:02.728,12537,12538,12539,2,2
2020-08-21 15:19:03.908,12537,12539,12537,1,-1
2020-08-21 15:19:08.706,12537,12539,12539,1,1
2020-08-21 15:19:09.868,12538,12539,12538,1,-1
2020-08-21 15:19:10.329,12538,12539,12538,1,-1
2020-08-21 15:19:13.006,12537,12539,12537,1,-1
2020-08-21 15:19:15.174,12536,12538,12538,1,1
2020-08-21 15:19:15.621,12536,12538,12538,1,1
2020-08-21 15:19:18.719,12537,12538,12538,1,1
2020-08-21 15:19:20.053,12537,12538,12538,2,2
2020-08-21 15:19:20.054,12537,12538,12538,3,3
2020-08-21 15:19:22.680,12538,12539,12538,1,-1
2020-08-21 15:19:23.388,12537,12539,12537,1,-1
2020-08-21 15:19:23.696,12537,12539,12539,1,1
2020-08-21 15:19:24.614,12537,12539,12538,1,-1
2020-08-21 15:19:24.931,12537,12538,12538,1,1
2020-08-21 15:19:26.845,12538,12539,12539,7,7
2020-08-21 15:19:26.845,12538,12539,12539,1,1
2020-08-21 15:19:26.845,12538,12539,12539,4,4
2020-08-21 15:19:28.780,12539,12540,12540,4,4
2020-08-21 15:19:28.934,12539,12540,12540,1,1
2020-08-21 15:19:30.897,12539,12540,12540,1,1
2020-08-21 15:19:32.074,12539,12540,12540,2,2
2020-08-21 15:19:32.801,12539,12540,12539,1,-1
2020-08-21 15:19:33.304,12539,12540,12540,2,2
2020-08-21 15:19:35.870,12539,12540,12540,3,3
2020-08-21 15:19:37.385,12540,12541,12541,5,5
2020-08-21 15:19:38.618,12540,12541,12541,1,1
2020-08-21 15:19:40.136,12540,12541,12540,1,-1
2020-08-21 15:19:43.290,12539,12541,12539,1,-1
2020-08-21 15:19:46.272,12540,12541,12541,1,1
2020-08-21 15:19:48.722,12541,12542,12541,1,-1
2020-08-21 15:19:48.907,12541,12542,12541,1,-1
2020-08-21 15:19:49.023,12541,12542,12541,1,-1
2020-08-21 15:19:49.334,12541,12542,12541,7,-7
2020-08-21 15:19:50.210,12541,12542,12542,1,1
2020-08-21 15:19:52.670,12541,12542,12542,8,8
2020-08-21 15:19:53.224,12542,12543,12542,1,-1
2020-08-21 15:19:53.716,12542,12543,12543,4,4
2020-08-21 15:19:53.946,12542,12543,12542,1,-1
2020-08-21 15:19:53.977,12542,12543,12542,2,-2
2020-08-21 15:19:53.989,12542,12543,12543,1,1
2020-08-21 15:19:54.117,12542,12543,12543,1,1
2020-08-21 15:19:54.314,12542,12543,12543,1,1
2020-08-21 15:19:55.930,12542,12544,12542,10,-10
2020-08-21 15:19:56.066,12541,12543,12542,5,-5
2020-08-21 15:19:58.317,12541,12542,12541,2,-2
2020-08-21 15:20:01.075,12540,12541,12540,7,-7
2020-08-21 15:20:01.242,12539,12540,12540,1,1
2020-08-21 15:20:06.822,12539,12540,12540,6,6
2020-08-21 15:20:06.822,12539,12540,12541,4,4
2020-08-21 15:20:08.260,12539,12541,12540,1,-1
2020-08-21 15:20:11.263,12539,12540,12539,1,-1
2020-08-21 15:20:11.559,12539,12540,12539,1,-1
2020-08-21 15:20:13.592,12539,12541,12541,4,4
2020-08-21 15:20:13.676,12539,12541,12539,1,-1
2020-08-21 15:20:15.437,12539,12540,12540,1,1
2020-08-21 15:20:16.326,12539,12541,12540,1,-1
2020-08-21 15:20:21.236,12539,12540,12539,1,-1
2020-08-21 15:20:23.360,12539,12540,12540,1,1
2020-08-21 15:20:25.682,12540,12541,12540,1,-1
2020-08-21 15:20:25.882,12539,12540,12539,1,-1
2020-08-21 15:20:30.182,12539,12540,12540,1,1
2020-08-21 15:20:36.306,12539,12540,12539,2,-2
2020-08-21 15:20:36.522,12539,12540,12539,1,-1
2020-08-21 15:20:37.255,12539,12540,12540,1,1
2020-08-21 15:20:37.563,12539,12540,12539,1,-1
2020-08-21 15:20:38.010,12539,12540,12539,5,-5
2020-08-21 15:20:42.887,12538,12539,12538,1,-1
2020-08-21 15:20:42.990,12538,12539,12538,3,-3
2020-08-21 15:20:43.306,12537,12538,12537,1,-1
2020-08-21 15:20:43.906,12536,12537,12537,1,1
2020-08-21 15:20:47.454,12537,12538,12537,1,-1
2020-08-21 15:20:47.609,12536,12538,12536,1,-1
2020-08-21 15:20:48.825,12536,12538,12536,1,-1
2020-08-21 15:20:49.479,12536,12538,12536,1,-1
2020-08-21 15:20:53.865,12536,12537,12537,1,1
2020-08-21 15:20:57.469,12536,12537,12537,1,1
2020-08-21 15:20:57.469,12536,12537,12537,1,1
2020-08-21 15:20:57.883,12537,12538,12537,2,-2
2020-08-21 15:21:02.683,12536,12537,12536,13,-13
2020-08-21 15:21:02.683,12536,12537,12536,2,-2
2020-08-21 15:21:03.564,12535,12536,12536,1,1
2020-08-21 15:21:04.960,12536,12537,12537,1,1
2020-08-21 15:21:06.067,12536,12537,12536,1,-1
2020-08-21 15:21:12.432,12536,12537,12536,1,-1
2020-08-21 15:21:13.166,12535,12536,12536,1,1
2020-08-21 15:21:15.269,12535,12536,12536,1,1
2020-08-21 15:21:15.529,12535,12536,12536,1,1
2020-08-21 15:21:17.310,12535,12536,12535,3,-3
2020-08-21 15:21:17.311,12535,12536,12535,6,-6
2020-08-21 15:21:17.932,12534,12535,12535,1,1
2020-08-21 15:21:21.103,12535,12537,12535,1,-1
2020-08-21 15:21:28.392,12535,12536,12535,1,-1
2020-08-21 15:21:32.194,12534,12535,12535,1,1
2020-08-21 15:21:32.194,12534,12535,12536,1,1
2020-08-21 15:21:34.034,12534,12535,12534,3,-3
2020-08-21 15:21:34.034,12534,12535,12534,4,-4
2020-08-21 15:21:34.034,12534,12535,12534,5,-5
2020-08-21 15:21:34.194,12533,12534,12534,1,1
2020-08-21 15:21:34.227,12533,12534,12533,2,-2
2020-08-21 15:21:34.227,12533,12534,12533,4,-4
2020-08-21 15:21:34.290,12533,12534,12532,2,-2
2020-08-21 15:21:34.309,12533,12534,12532,2,-2
2020-08-21 15:21:34.340,12532,12533,12532,2,-2
2020-08-21 15:21:34.343,12532,12533,12532,1,-1
2020-08-21 15:21:35.592,12532,12533,12533,1,1
2020-08-21 15:21:38.497,12531,12532,12531,1,-1
2020-08-21 15:21:39.522,12531,12532,12532,1,1
2020-08-21 15:21:39.609,12531,12532,12531,1,-1
2020-08-21 15:21:39.904,12531,12532,12532,1,1
2020-08-21 15:21:40.474,12531,12532,12531,1,-1
2020-08-21 15:21:41.334,12531,12532,12531,1,-1
2020-08-21 15:21:41.639,12531,12532,12531,1,-1
2020-08-21 15:21:44.972,12531,12532,12531,5,-5
2020-08-21 15:21:44.972,12531,12532,12531,8,-8
2020-08-21 15:21:45.029,12531,12532,12531,2,-2
2020-08-21 15:21:45.071,12530,12531,12531,2,2
2020-08-21 15:21:45.162,12530,12531,12530,1,-1
2020-08-21 15:21:45.231,12530,12531,12530,1,-1
2020-08-21 15:21:46.439,12530,12532,12532,1,1
2020-08-21 15:21:46.619,12530,12532,12531,1,-1
2020-08-21 15:21:47.109,12530,12532,12530,2,-2
2020-08-21 15:21:48.802,12530,12532,12531,1,1
2020-08-21 15:21:48.837,12530,12532,12531,1,-1
2020-08-21 15:21:50.724,12530,12532,12531,1,-1
2020-08-21 15:21:52.558,12530,12532,12531,1,-1
2020-08-21 15:21:54.556,12530,12532,12531,1,-1
2020-08-21 15:21:54.557,12530,12532,12531,1,-1
2020-08-21 15:21:55.285,12530,12532,12531,1,-1
2020-08-21 15:21:55.285,12530,12532,12530,6,-6
2020-08-21 15:21:56.220,12530,12531,12530,3,-3
2020-08-21 15:21:56.450,12530,12531,12531,1,1
2020-08-21 15:21:58.606,12531,12532,12532,10,10
2020-08-21 15:21:58.733,12532,12533,12532,1,-1
2020-08-21 15:21:59.791,12532,12533,12533,1,1
2020-08-21 15:22:04.610,12532,12534,12534,3,3
2020-08-21 15:22:08.033,12533,12535,12535,1,1
2020-08-21 15:22:08.127,12533,12535,12533,2,-2
2020-08-21 15:22:09.316,12534,12536,12534,2,2
2020-08-21 15:22:09.696,12533,12534,12534,1,1
2020-08-21 15:22:11.611,12534,12535,12535,2,2
2020-08-21 15:22:12.318,12535,12536,12535,5,-5
2020-08-21 15:22:13.036,12534,12536,12534,1,-1
2020-08-21 15:22:17.581,12535,12536,12536,8,8
2020-08-21 15:22:18.240,12536,12537,12537,2,2
2020-08-21 15:22:24.524,12535,12536,12535,2,-2
2020-08-21 15:22:24.524,12535,12536,12534,1,-1
2020-08-21 15:22:28.820,12535,12536,12535,3,3
2020-08-21 15:22:36.447,12535,12536,12535,1,-1
2020-08-21 15:22:36.810,12535,12536,12535,1,-1
2020-08-21 15:22:36.811,12535,12536,12535,1,-1
2020-08-21 15:22:47.280,12535,12536,12536,1,1
2020-08-21 15:22:49.130,12535,12536,12536,7,7
2020-08-21 15:22:49.787,12536,12537,12537,1,1
2020-08-21 15:22:49.787,12536,12537,12538,9,9
2020-08-21 15:22:50.550,12537,12538,12537,1,-1
2020-08-21 15:22:50.737,12537,12538,12538,2,2
2020-08-21 15:22:52.955,12537,12539,12537,1,-1
2020-08-21 15:23:01.355,12537,12538,12538,2,2
2020-08-21 15:23:01.355,12537,12538,12538,1,1
2020-08-21 15:23:02.259,12538,12539,12538,2,-2
2020-08-21 15:23:10.880,12537,12539,12539,1,1
2020-08-21 15:23:19.367,12537,12539,12539,1,1
2020-08-21 15:23:24.317,12538,12539,12539,1,1
2020-08-21 15:23:25.607,12538,12539,12539,3,3
2020-08-21 15:23:27.530,12538,12539,12539,5,5
2020-08-21 15:23:27.827,12538,12540,12540,1,1
2020-08-21 15:23:28.059,12538,12540,12540,2,2
2020-08-21 15:23:30.066,12538,12539,12538,3,-3
2020-08-21 15:23:30.476,12537,12539,12539,5,5
2020-08-21 15:23:35.557,12537,12538,12538,2,2
2020-08-21 15:23:35.557,12537,12538,12538,1,1
2020-08-21 15:23:40.288,12538,12539,12538,1,-1
2020-08-21 15:23:44.922,12538,12539,12538,1,-1
2020-08-21 15:23:56.220,12538,12539,12538,1,-1
2020-08-21 15:23:57.317,12538,12539,12538,1,-1
2020-08-21 15:24:01.682,12537,12538,12538,1,1
2020-08-21 15:24:06.645,12537,12538,12538,6,6
2020-08-21 15:24:08.108,12538,12539,12539,2,2
2020-08-21 15:24:08.109,12538,12539,12539,3,3
2020-08-21 15:24:16.015,12539,12540,12540,1,1
2020-08-21 15:24:16.015,12539,12540,12540,7,7
2020-08-21 15:24:17.540,12540,12541,12541,1,1
2020-08-21 15:24:17.606,12540,12541,12541,1,1
2020-08-21 15:24:18.313,12540,12541,12541,1,1
2020-08-21 15:24:19.244,12540,12541,12541,1,1
2020-08-21 15:24:20.098,12540,12541,12541,1,1
2020-08-21 15:24:23.933,12539,12540,12540,1,1
2020-08-21 15:24:26.855,12539,12540,12539,1,-1
2020-08-21 15:24:26.940,12539,12540,12540,1,1
2020-08-21 15:24:27.106,12539,12540,12540,1,1
2020-08-21 15:24:27.194,12539,12540,12540,1,1
2020-08-21 15:24:32.570,12538,12539,12538,3,-3
2020-08-21 15:24:32.972,12538,12539,12538,1,-1
2020-08-21 15:24:32.972,12538,12539,12537,2,-2
2020-08-21 15:24:33.973,12537,12539,12538,1,1
2020-08-21 15:24:34.698,12537,12538,12538,2,2
2020-08-21 15:24:34.972,12537,12539,12539,2,2
2020-08-21 15:24:35.543,12538,12539,12539,1,1
2020-08-21 15:24:41.913,12539,12540,12539,2,-2
2020-08-21 15:24:43.216,12539,12540,12540,2,2
2020-08-21 15:24:43.385,12539,12541,12539,1,-1
2020-08-21 15:25:02.285,12539,12540,12540,2,2
2020-08-21 15:25:02.285,12539,12540,12540,1,1
2020-08-21 15:25:03.381,12540,12542,12542,1,1
2020-08-21 15:25:03.527,12540,12542,12542,1,1
2020-08-21 15:25:04.281,12540,12542,12540,1,-1
2020-08-21 15:25:05.996,12539,12540,12539,5,-5
2020-08-21 15:25:06.308,12538,12539,12538,4,-4
2020-08-21 15:25:06.308,12538,12539,12538,3,-3
2020-08-21 15:25:09.332,12537,12538,12538,1,1
2020-08-21 15:25:10.735,12537,12538,12538,1,1
2020-08-21 15:25:16.368,12537,12538,12537,1,-1
2020-08-21 15:25:17.182,12537,12538,12538,1,1
2020-08-21 15:25:17.896,12537,12538,12538,1,1
2020-08-21 15:25:31.526,12538,12539,12539,1,1
2020-08-21 15:25:45.177,12539,12540,12540,3,3
2020-08-21 15:25:45.177,12539,12540,12540,1,1
2020-08-21 15:25:45.177,12539,12540,12540,3,3
2020-08-21 15:25:45.199,12539,12541,12539,1,-1
2020-08-21 15:25:53.786,12540,12541,12541,1,1
2020-08-21 15:25:53.786,12540,12541,12541,1,1
2020-08-21 15:25:56.288,12541,12542,12542,1,1
2020-08-21 15:25:58.202,12541,12542,12542,1,1
2020-08-21 15:25:58.518,12541,12542,12542,1,1
2020-08-21 15:26:00.250,12541,12542,12542,2,2
2020-08-21 15:26:03.333,12541,12542,12541,1,-1
2020-08-21 15:26:03.723,12540,12542,12540,5,-5
2020-08-21 15:26:04.283,12540,12541,12541,1,1
2020-08-21 15:26:05.165,12540,12541,12540,1,-1
2020-08-21 15:26:07.252,12539,12541,12539,5,-5
2020-08-21 15:26:17.029,12538,12539,12539,1,1
2020-08-21 15:26:22.258,12539,12540,12539,1,-1
2020-08-21 15:26:26.321,12538,12539,12539,1,1
2020-08-21 15:26:33.081,12539,12540,12540,4,4
2020-08-21 15:26:46.085,12540,12542,12542,1,1
2020-08-21 15:26:56.029,12540,12542,12542,2,2
2020-08-21 15:26:57.332,12540,12542,12540,1,-1
2020-08-21 15:27:00.085,12540,12542,12542,1,1
2020-08-21 15:27:06.440,12540,12541,12541,1,1
2020-08-21 15:27:13.576,12540,12541,12541,1,1
2020-08-21 15:27:16.854,12540,12541,12540,3,-3
2020-08-21 15:27:16.988,12539,12540,12540,4,4
2020-08-21 15:27:26.050,12540,12541,12540,1,-1
2020-08-21 15:27:26.942,12540,12541,12540,1,-1
2020-08-21 15:27:37.241,12539,12540,12539,1,-1
2020-08-21 15:27:38.175,12539,12540,12539,1,-1
2020-08-21 15:27:38.900,12539,12540,12540,5,5
2020-08-21 15:27:50.478,12539,12540,12540,1,1
2020-08-21 15:27:51.825,12540,12541,12541,4,4
2020-08-21 15:27:55.046,12540,12541,12541,1,1
2020-08-21 15:27:59.205,12541,12542,12541,1,-1
2020-08-21 15:27:59.442,12540,12541,12540,10,-10
2020-08-21 15:28:07.801,12541,12542,12541,1,1
2020-08-21 15:28:11.590,12539,12541,12541,1,1
2020-08-21 15:28:15.409,12540,12541,12541,2,2
2020-08-21 15:28:29.513,12540,12541,12540,1,-1
2020-08-21 15:28:32.256,12540,12541,12540,1,-1
2020-08-21 15:28:34.952,12540,12541,12541,10,10
2020-08-21 15:28:37.598,12541,12542,12542,1,1
2020-08-21 15:28:37.935,12541,12542,12542,1,1
2020-08-21 15:28:39.061,12541,12542,12542,1,1
2020-08-21 15:28:39.522,12541,12542,12542,1,1
2020-08-21 15:28:44.412,12542,12543,12543,2,2
2020-08-21 15:28:46.730,12542,12543,12542,1,-1
2020-08-21 15:28:47.340,12541,12543,12543,4,4
2020-08-21 15:28:48.082,12541,12543,12543,1,1
2020-08-21 15:28:51.408,12541,12543,12543,2,2
2020-08-21 15:28:56.540,12542,12544,12543,1,-1
2020-08-21 15:28:56.621,12542,12544,12542,2,-2
2020-08-21 15:28:56.796,12542,12544,12544,1,1
2020-08-21 15:29:02.374,12542,12543,12543,1,1
2020-08-21 15:29:02.392,12542,12543,12543,1,1
2020-08-21 15:29:10.099,12542,12543,12542,1,-1
2020-08-21 15:29:10.101,12542,12543,12542,4,-4
2020-08-21 15:29:10.423,12541,12542,12542,1,1
2020-08-21 15:29:15.194,12541,12542,12542,1,1
2020-08-21 15:29:15.861,12541,12542,12542,1,1
2020-08-21 15:29:17.169,12542,12543,12542,1,-1
2020-08-21 15:29:21.182,12542,12543,12542,1,-1
2020-08-21 15:29:28.031,12541,12542,12542,1,1
2020-08-21 15:29:28.031,12541,12542,12542,1,1
2020-08-21 15:29:28.132,12542,12543,12542,1,-1
2020-08-21 15:29:28.924,12542,12543,12542,1,-1
2020-08-21 15:29:29.048,12542,12543,12542,1,-1
2020-08-21 15:29:49.067,12542,12543,12543,1,1
2020-08-21 15:29:52.759,12542,12543,12542,1,-1
2020-08-21 15:30:00.384,12542,12543,12543,2,2
2020-08-21 15:30:00.384,12542,12543,12543,6,6
2020-08-21 15:30:01.169,12542,12544,12542,2,-2
2020-08-21 15:30:03.243,12542,12544,12544,2,2
2020-08-21 15:30:03.243,12542,12544,12544,9,9
2020-08-21 15:30:03.624,12544,12545,12544,1,-1
2020-08-21 15:30:03.624,12544,12545,12544,2,-2
2020-08-21 15:30:03.727,12544,12545,12544,1,-1
2020-08-21 15:30:03.827,12543,12545,12543,1,-1
2020-08-21 15:30:11.944,12542,12543,12543,1,1
2020-08-21 15:30:15.373,12543,12544,12543,2,-2
2020-08-21 15:30:15.373,12543,12544,12543,4,-4
2020-08-21 15:30:15.373,12543,12544,12543,1,-1
2020-08-21 15:30:16.923,12542,12544,12543,5,-5
2020-08-21 15:30:16.991,12542,12543,12543,1,1
2020-08-21 15:30:23.156,12542,12543,12543,1,1
2020-08-21 15:30:26.003,12542,12544,12542,1,-1
2020-08-21 15:30:35.115,12542,12543,12542,5,-5
2020-08-21 15:30:47.367,12542,12543,12543,2,2
2020-08-21 15:30:49.270,12543,12544,12544,5,5
2020-08-21 15:30:50.982,12544,12545,12545,1,1
2020-08-21 15:30:51.538,12544,12545,12544,1,-1
2020-08-21 15:30:52.440,12544,12545,12544,1,-1
2020-08-21 15:30:52.566,12544,12545,12545,4,4
2020-08-21 15:30:53.778,12543,12545,12545,3,3
2020-08-21 15:30:57.751,12544,12545,12544,3,-3
2020-08-21 15:30:58.234,12544,12545,12544,1,-1
2020-08-21 15:30:59.362,12543,12545,12545,2,2
2020-08-21 15:31:00.774,12543,12544,12544,1,1
2020-08-21 15:31:04.831,12544,12545,12545,1,1
2020-08-21 15:31:05.682,12544,12545,12545,10,10
2020-08-21 15:31:05.682,12544,12545,12545,2,2
2020-08-21 15:31:05.683,12544,12545,12545,15,15
2020-08-21 15:31:09.046,12545,12546,12546,1,1
2020-08-21 15:31:09.658,12546,12547,12547,3,3
2020-08-21 15:31:12.997,12546,12547,12546,1,-1
2020-08-21 15:31:13.051,12546,12547,12546,1,-1
2020-08-21 15:31:13.604,12545,12547,12547,1,1
2020-08-21 15:31:16.506,12546,12547,12547,1,1
2020-08-21 15:31:17.096,12546,12547,12547,2,2
2020-08-21 15:31:18.790,12546,12547,12547,7,7
2020-08-21 15:31:21.612,12547,12548,12547,1,-1
2020-08-21 15:31:21.612,12547,12548,12547,1,-1
2020-08-21 15:31:22.612,12547,12548,12547,1,-1
2020-08-21 15:31:23.678,12547,12548,12547,1,-1
2020-08-21 15:31:24.071,12547,12548,12548,1,1
2020-08-21 15:31:24.071,12547,12548,12548,1,1
2020-08-21 15:31:24.071,12547,12548,12548,5,5
2020-08-21 15:31:24.071,12547,12548,12548,6,6
2020-08-21 15:31:24.071,12547,12548,12548,2,2
2020-08-21 15:31:24.071,12547,12548,12548,1,1
2020-08-21 15:31:24.071,12547,12548,12548,2,2
2020-08-21 15:31:24.071,12547,12548,12548,1,1
2020-08-21 15:31:24.071,12547,12548,12548,2,2
2020-08-21 15:31:24.071,12547,12548,12548,4,4
2020-08-21 15:31:24.730,12548,12549,12549,3,3
2020-08-21 15:31:25.006,12548,12549,12549,1,1
2020-08-21 15:31:25.085,12548,12549,12549,1,1
2020-08-21 15:31:25.211,12548,12549,12548,1,-1
2020-08-21 15:31:29.903,12547,12549,12547,11,-11
2020-08-21 15:31:30.054,12546,12548,12546,1,-1
2020-08-21 15:31:30.762,12546,12547,12547,2,2
2020-08-21 15:31:31.164,12546,12548,12548,1,1
2020-08-21 15:31:32.259,12546,12548,12548,1,1
2020-08-21 15:31:32.557,12546,12548,12546,2,-2
2020-08-21 15:31:33.366,12546,12548,12547,1,1
2020-08-21 15:31:35.037,12547,12549,12547,1,-1
2020-08-21 15:31:41.021,12547,12548,12547,3,-3
2020-08-21 15:31:41.848,12546,12548,12546,1,-1
2020-08-21 15:31:42.267,12546,12548,12548,1,1
2020-08-21 15:31:43.506,12546,12548,12548,2,2
2020-08-21 15:31:46.170,12547,12548,12547,1,-1
2020-08-21 15:31:46.182,12547,12548,12548,2,2
2020-08-21 15:31:56.264,12547,12548,12548,3,3
2020-08-21 15:31:57.136,12547,12548,12548,1,1
2020-08-21 15:31:59.668,12548,12549,12549,2,2
2020-08-21 15:32:00.865,12548,12549,12548,1,-1
2020-08-21 15:32:01.230,12548,12549,12549,1,1
2020-08-21 15:32:02.864,12548,12549,12549,2,2
2020-08-21 15:32:03.029,12548,12549,12549,2,2
2020-08-21 15:32:03.029,12548,12549,12550,3,3
2020-08-21 15:32:03.893,12549,12550,12549,1,-1
2020-08-21 15:32:11.305,12549,12550,12550,2,2
2020-08-21 15:32:11.336,12549,12550,12550,1,1
2020-08-21 15:32:11.336,12549,12550,12550,6,6
2020-08-21 15:32:12.318,12550,12551,12551,1,1
2020-08-21 15:32:12.352,12550,12551,12551,2,2
2020-08-21 15:32:12.650,12550,12551,12551,1,1
2020-08-21 15:32:12.990,12550,12551,12551,3,3
2020-08-21 15:32:14.038,12550,12552,12552,1,1
2020-08-21 15:32:14.489,12550,12552,12551,1,-1
2020-08-21 15:32:14.921,12550,12551,12550,1,-1
2020-08-21 15:32:16.636,12549,12551,12551,1,1
2020-08-21 15:32:20.742,12550,12551,12551,2,2
2020-08-21 15:32:22.588,12550,12551,12551,2,2
2020-08-21 15:32:22.869,12550,12551,12551,1,1
2020-08-21 15:32:25.280,12550,12551,12551,2,2
2020-08-21 15:32:25.280,12550,12551,12551,2,2
2020-08-21 15:32:25.333,12550,12551,12551,1,1
2020-08-21 15:32:25.334,12550,12551,12551,1,1
2020-08-21 15:32:27.587,12550,12551,12551,1,1
2020-08-21 15:32:28.302,12550,12551,12550,2,-2
2020-08-21 15:32:28.303,12550,12551,12550,2,-2
2020-08-21 15:32:28.489,12549,12550,12550,1,1
2020-08-21 15:32:29.004,12549,12551,12549,1,-1
2020-08-21 15:32:35.852,12550,12551,12550,1,1
2020-08-21 15:32:41.814,12550,12551,12550,10,-10
2020-08-21 15:32:41.815,12550,12551,12550,1,-1
2020-08-21 15:32:43.774,12549,12550,12550,1,1
2020-08-21 15:32:45.993,12550,12551,12550,1,-1
2020-08-21 15:32:46.148,12549,12551,12550,1,-1
2020-08-21 15:32:47.754,12549,12550,12550,1,1
2020-08-21 15:32:48.096,12549,12550,12550,1,1
2020-08-21 15:32:48.651,12549,12551,12551,1,1
2020-08-21 15:32:53.424,12549,12550,12550,2,2
2020-08-21 15:32:56.327,12549,12550,12550,1,1
2020-08-21 15:32:57.643,12549,12550,12550,1,1
2020-08-21 15:32:57.938,12549,12550,12550,1,1
2020-08-21 15:32:58.306,12549,12550,12550,1,1
2020-08-21 15:32:59.045,12549,12550,12550,1,1
2020-08-21 15:32:59.538,12549,12550,12550,1,1
2020-08-21 15:33:00.578,12549,12551,12550,1,-1
2020-08-21 15:33:02.974,12550,12551,12550,1,-1
2020-08-21 15:33:03.709,12550,12551,12550,2,-2
2020-08-21 15:33:05.541,12549,12550,12550,1,1
2020-08-21 15:33:07.217,12549,12550,12550,1,1
2020-08-21 15:33:08.824,12549,12550,12550,1,1
2020-08-21 15:33:15.540,12549,12550,12550,1,1
2020-08-21 15:33:16.693,12549,12550,12550,1,1
2020-08-21 15:33:17.075,12549,12550,12550,1,1
2020-08-21 15:33:19.591,12549,12550,12549,7,-7
2020-08-21 15:33:21.616,12548,12549,12549,2,2
2020-08-21 15:33:24.616,12548,12549,12549,1,1
2020-08-21 15:33:41.992,12548,12549,12549,1,1
2020-08-21 15:33:44.326,12548,12549,12548,1,-1
2020-08-21 15:33:44.326,12548,12549,12548,1,-1
2020-08-21 15:33:44.326,12548,12549,12548,1,-1
2020-08-21 15:33:44.326,12548,12549,12548,1,-1
2020-08-21 15:33:47.959,12547,12548,12547,1,-1
2020-08-21 15:33:48.104,12547,12548,12547,1,-1
2020-08-21 15:33:50.292,12547,12548,12547,2,-2
2020-08-21 15:33:50.292,12547,12548,12547,2,-2
2020-08-21 15:33:50.426,12546,12547,12547,1,1
2020-08-21 15:33:53.391,12546,12548,12546,1,-1
2020-08-21 15:33:53.533,12546,12548,12547,1,1
2020-08-21 15:33:58.550,12547,12548,12547,1,-1
2020-08-21 15:33:58.910,12546,12547,12547,1,1
2020-08-21 15:34:04.725,12546,12547,12546,1,-1
2020-08-21 15:34:08.602,12546,12547,12547,2,2
2020-08-21 15:34:11.844,12546,12548,12548,5,5
2020-08-21 15:34:17.187,12547,12548,12548,1,1
2020-08-21 15:34:19.598,12547,12548,12548,1,1
2020-08-21 15:34:22.368,12547,12548,12547,5,-5
2020-08-21 15:34:33.873,12546,12547,12546,1,-1
2020-08-21 15:34:39.120,12546,12547,12546,9,-9
2020-08-21 15:34:39.746,12545,12546,12545,11,-11
2020-08-21 15:34:47.705,12544,12545,12544,1,-1
2020-08-21 15:34:47.849,12544,12545,12544,5,-5
2020-08-21 15:34:47.849,12544,12545,12544,1,-1
2020-08-21 15:34:57.111,12543,12545,12543,5,-5
2020-08-21 15:35:05.681,12544,12545,12544,2,2
2020-08-21 15:35:05.682,12544,12545,12544,3,-3
2020-08-21 15:35:12.258,12544,12545,12544,2,-2
2020-08-21 15:35:12.258,12544,12545,12543,3,-3
2020-08-21 15:35:19.284,12543,12544,12543,2,-2
2020-08-21 15:35:19.284,12543,12544,12543,2,-2
2020-08-21 15:35:25.550,12542,12543,12543,1,1
2020-08-21 15:35:25.750,12542,12543,12543,2,2
2020-08-21 15:35:27.387,12543,12544,12543,5,-5
2020-08-21 15:35:30.635,12542,12544,12543,1,-1
2020-08-21 15:35:32.128,12542,12543,12542,1,-1
2020-08-21 15:35:32.128,12542,12543,12542,1,-1
2020-08-21 15:35:32.128,12542,12543,12542,1,-1
2020-08-21 15:35:35.637,12542,12543,12543,1,1
2020-08-21 15:35:37.349,12542,12544,12542,1,-1
2020-08-21 15:35:38.819,12543,12544,12544,2,2
2020-08-21 15:35:38.819,12543,12544,12544,1,1
2020-08-21 15:35:42.145,12543,12544,12544,2,2
2020-08-21 15:35:42.145,12543,12544,12544,3,3
2020-08-21 15:35:42.246,12544,12545,12545,1,1
2020-08-21 15:35:42.411,12544,12545,12544,1,-1
2020-08-21 15:35:42.412,12544,12545,12544,1,-1
2020-08-21 15:35:42.955,12544,12545,12544,1,-1
2020-08-21 15:36:01.475,12543,12544,12544,2,2
2020-08-21 15:36:01.476,12543,12544,12544,2,2
2020-08-21 15:36:01.476,12543,12544,12544,2,2
2020-08-21 15:36:03.360,12544,12545,12545,2,2
2020-08-21 15:36:04.743,12545,12547,12545,1,-1
2020-08-21 15:36:05.955,12544,12545,12545,5,5
2020-08-21 15:36:08.890,12545,12547,12547,1,1
2020-08-21 15:36:11.858,12546,12547,12546,5,-5
2020-08-21 15:36:12.394,12546,12547,12547,1,1
2020-08-21 15:36:12.544,12546,12547,12546,5,-5
2020-08-21 15:36:13.365,12546,12547,12547,2,2
2020-08-21 15:36:13.365,12546,12547,12547,2,2
2020-08-21 15:36:13.407,12546,12547,12546,5,-5
2020-08-21 15:36:13.819,12546,12547,12547,1,1
2020-08-21 15:36:14.929,12547,12549,12547,4,-4
2020-08-21 15:36:15.748,12547,12548,12547,5,-5
2020-08-21 15:36:18.306,12546,12547,12547,1,1
2020-08-21 15:36:18.308,12546,12547,12547,1,1
2020-08-21 15:36:19.476,12546,12547,12547,1,1
2020-08-21 15:36:19.716,12546,12547,12547,1,1
2020-08-21 15:36:22.326,12547,12548,12547,5,-5
2020-08-21 15:36:25.491,12547,12548,12547,5,-5
2020-08-21 15:36:37.073,12546,12547,12547,1,1
2020-08-21 15:36:42.839,12547,12548,12547,5,-5
2020-08-21 15:36:43.660,12547,12548,12547,5,-5
2020-08-21 15:36:45.619,12547,12548,12548,2,2
2020-08-21 15:36:45.633,12547,12548,12549,2,2
2020-08-21 15:36:48.352,12547,12548,12547,1,-1
2020-08-21 15:36:48.838,12546,12547,12547,1,1
2020-08-21 15:36:51.557,12546,12547,12547,1,1
2020-08-21 15:36:51.579,12546,12547,12547,1,1
2020-08-21 15:36:53.390,12546,12547,12547,1,1
2020-08-21 15:36:58.758,12546,12547,12546,4,-4
2020-08-21 15:37:01.625,12545,12546,12546,1,1
2020-08-21 15:37:07.807,12546,12547,12546,1,-1
2020-08-21 15:37:12.258,12545,12546,12545,5,-5
2020-08-21 15:37:12.258,12545,12546,12545,3,-3
2020-08-21 15:37:17.755,12544,12546,12545,1,-1
2020-08-21 15:37:25.337,12544,12546,12546,1,1
2020-08-21 15:37:29.794,12545,12546,12545,3,-3
2020-08-21 15:37:29.796,12545,12546,12545,1,-1
2020-08-21 15:37:38.595,12544,12545,12544,4,-4
2020-08-21 15:37:40.116,12544,12545,12544,1,-1
2020-08-21 15:37:40.193,12544,12545,12544,5,-5
2020-08-21 15:37:41.596,12543,12544,12544,4,4
2020-08-21 15:37:45.643,12543,12545,12543,1,-1
2020-08-21 15:37:50.540,12544,12545,12544,5,5
2020-08-21 15:37:56.465,12544,12545,12544,2,-2
2020-08-21 15:37:56.466,12544,12545,12544,3,-3
2020-08-21 15:38:01.420,12543,12545,12543,1,-1
2020-08-21 15:38:11.349,12543,12545,12544,2,2
2020-08-21 15:38:11.400,12543,12545,12544,2,-2
2020-08-21 15:38:11.446,12544,12545,12544,2,-2
2020-08-21 15:38:15.091,12543,12545,12544,4,-4
2020-08-21 15:38:21.217,12543,12544,12543,5,-5
2020-08-21 15:38:21.792,12543,12544,12543,3,-3
2020-08-21 15:38:21.793,12543,12544,12543,2,-2
2020-08-21 15:38:25.148,12542,12544,12544,1,1
2020-08-21 15:38:33.776,12543,12544,12544,4,4
2020-08-21 15:38:34.637,12544,12545,12545,2,2
2020-08-21 15:38:34.637,12544,12545,12545,2,2
2020-08-21 15:38:34.981,12544,12546,12544,5,-5
2020-08-21 15:38:38.248,12544,12545,12545,2,2
2020-08-21 15:38:38.248,12544,12545,12545,3,3
2020-08-21 15:38:41.623,12545,12547,12545,1,-1
2020-08-21 15:38:41.788,12545,12547,12546,1,1
2020-08-21 15:38:46.635,12545,12546,12545,5,-5
2020-08-21 15:38:54.398,12544,12545,12545,1,1
2020-08-21 15:38:56.871,12544,12545,12545,1,1
2020-08-21 15:39:05.403,12545,12546,12545,1,-1
2020-08-21 15:39:07.121,12545,12546,12546,4,4
2020-08-21 15:39:08.441,12546,12547,12547,2,2
2020-08-21 15:39:09.966,12546,12547,12546,5,-5
2020-08-21 15:39:10.461,12546,12547,12546,2,-2
2020-08-21 15:39:10.463,12546,12547,12546,3,-3
2020-08-21 15:39:14.115,12546,12547,12547,5,5
2020-08-21 15:39:14.286,12547,12548,12548,1,1
2020-08-21 15:39:16.056,12547,12548,12548,1,1
2020-08-21 15:39:20.404,12547,12548,12548,8,8
2020-08-21 15:39:28.654,12547,12548,12547,1,-1
2020-08-21 15:39:29.086,12547,12548,12547,1,-1
2020-08-21 15:39:29.547,12547,12548,12547,1,-1
2020-08-21 15:39:30.005,12547,12548,12547,1,-1
2020-08-21 15:39:30.570,12547,12548,12547,1,-1
2020-08-21 15:39:31.000,12547,12548,12547,1,-1
2020-08-21 15:39:31.001,12547,12548,12547,2,-2
2020-08-21 15:39:31.407,12547,12548,12547,1,-1
2020-08-21 15:39:31.846,12547,12548,12547,1,-1
2020-08-21 15:39:34.180,12546,12547,12547,1,1
2020-08-21 15:39:37.595,12547,12548,12547,1,-1
2020-08-21 15:39:38.118,12547,12548,12547,1,-1
2020-08-21 15:39:38.822,12547,12548,12547,1,-1
2020-08-21 15:39:43.195,12547,12548,12548,3,3
2020-08-21 15:39:43.909,12548,12549,12548,3,-3
2020-08-21 15:39:44.217,12548,12549,12548,2,-2
2020-08-21 15:39:53.922,12547,12548,12547,1,-1
2020-08-21 15:39:55.547,12547,12548,12547,3,-3
2020-08-21 15:39:55.732,12547,12548,12547,4,-4
2020-08-21 15:39:55.732,12547,12548,12547,2,-2
2020-08-21 15:39:57.152,12546,12547,12546,2,-2
2020-08-21 15:39:58.316,12545,12547,12547,9,9
2020-08-21 15:39:58.316,12545,12547,12547,1,1
2020-08-21 15:40:12.469,12547,12548,12547,1,-1
2020-08-21 15:40:12.470,12547,12548,12547,2,-2
2020-08-21 15:40:34.397,12547,12548,12547,1,-1
2020-08-21 15:40:36.557,12546,12547,12547,3,3
2020-08-21 15:40:41.958,12546,12547,12547,1,1
2020-08-21 15:40:52.068,12546,12547,12546,2,-2
2020-08-21 15:40:52.068,12546,12547,12546,2,-2
2020-08-21 15:40:54.377,12545,12546,12545,2,-2
2020-08-21 15:40:54.377,12545,12546,12545,2,-2
2020-08-21 15:40:54.991,12544,12546,12546,1,1
2020-08-21 15:40:58.833,12545,12546,12546,2,2
2020-08-21 15:41:03.629,12546,12547,12546,1,-1
2020-08-21 15:41:04.589,12544,12546,12544,1,-1
2020-08-21 15:41:06.241,12544,12546,12544,2,-2
2020-08-21 15:41:11.368,12544,12545,12544,1,-1
2020-08-21 15:41:11.816,12544,12545,12544,1,-1
2020-08-21 15:41:18.573,12543,12544,12544,1,1
2020-08-21 15:41:28.015,12544,12545,12544,2,-2
2020-08-21 15:41:44.190,12544,12545,12545,1,1
2020-08-21 15:41:44.326,12545,12546,12545,1,-1
2020-08-21 15:41:47.446,12544,12545,12545,1,1
2020-08-21 15:41:50.920,12544,12545,12545,1,1
2020-08-21 15:41:52.077,12544,12545,12545,2,2
2020-08-21 15:41:57.326,12544,12545,12545,2,2
2020-08-21 15:41:57.961,12544,12546,12546,1,1
2020-08-21 15:42:09.852,12545,12546,12546,1,1
2020-08-21 15:42:36.832,12545,12546,12546,1,1
2020-08-21 15:42:41.745,12546,12547,12547,5,5
2020-08-21 15:42:51.988,12547,12548,12547,1,-1
2020-08-21 15:42:56.776,12546,12548,12547,2,-2
2020-08-21 15:42:56.829,12546,12548,12547,2,-2
2020-08-21 15:43:01.955,12547,12548,12547,2,-2
2020-08-21 15:43:04.208,12547,12548,12547,1,-1
2020-08-21 15:43:13.252,12546,12547,12547,5,5
2020-08-21 15:43:15.274,12546,12547,12546,2,-2
2020-08-21 15:43:15.276,12546,12547,12546,7,-7
2020-08-21 15:43:17.176,12545,12546,12546,1,1
2020-08-21 15:43:19.533,12545,12546,12545,3,-3
2020-08-21 15:43:32.068,12544,12545,12544,1,-1
2020-08-21 15:43:32.967,12544,12545,12544,2,-2
2020-08-21 15:43:38.852,12543,12544,12544,2,2
2020-08-21 15:43:40.832,12543,12545,12545,3,3
2020-08-21 15:44:17.928,12544,12545,12545,2,2
2020-08-21 15:44:30.615,12545,12546,12545,1,-1
2020-08-21 15:44:39.693,12545,12546,12545,2,-2
2020-08-21 15:44:50.713,12545,12546,12546,1,1
2020-08-21 15:44:50.713,12545,12546,12546,1,1
2020-08-21 15:44:54.811,12545,12547,12547,1,1
2020-08-21 15:45:05.359,12545,12546,12545,2,-2
2020-08-21 15:45:05.692,12544,12546,12544,2,-2
2020-08-21 15:45:05.763,12543,12546,12543,4,-4
2020-08-21 15:45:28.045,12544,12546,12544,2,2
2020-08-21 15:45:42.742,12545,12546,12546,3,3
2020-08-21 15:45:42.742,12545,12546,12546,2,2
2020-08-21 15:45:42.742,12545,12546,12546,2,2
2020-08-21 15:45:42.831,12546,12547,12546,1,-1
2020-08-21 15:45:43.251,12546,12547,12547,2,2
2020-08-21 15:45:48.334,12547,12548,12547,2,-2
2020-08-21 15:45:48.335,12547,12548,12547,2,-2
2020-08-21 15:45:54.642,12546,12547,12547,1,1
2020-08-21 15:45:54.698,12546,12547,12546,1,-1
2020-08-21 15:45:54.698,12546,12547,12545,1,-1
2020-08-21 15:45:54.698,12546,12547,12545,1,-1
2020-08-21 15:46:20.951,12545,12546,12546,1,1
2020-08-21 15:46:21.682,12546,12547,12546,1,-1
2020-08-21 15:46:24.741,12546,12547,12546,1,-1
2020-08-21 15:46:30.696,12546,12547,12547,1,1
2020-08-21 15:46:35.428,12547,12548,12548,1,1
2020-08-21 15:46:35.810,12547,12548,12548,1,1
2020-08-21 15:46:43.381,12547,12548,12548,1,1
2020-08-21 15:46:45.942,12547,12548,12548,1,1
2020-08-21 15:46:57.163,12548,12549,12548,1,-1
2020-08-21 15:46:58.506,12548,12549,12548,1,-1
2020-08-21 15:46:58.581,12548,12549,12548,1,-1
2020-08-21 15:47:00.147,12548,12549,12549,5,5
2020-08-21 15:47:00.257,12549,12550,12550,1,1
2020-08-21 15:47:03.060,12549,12550,12549,1,-1
2020-08-21 15:47:04.626,12549,12550,12550,6,6
2020-08-21 15:47:04.627,12549,12550,12550,1,1
2020-08-21 15:47:04.627,12549,12550,12550,1,1
2020-08-21 15:47:04.895,12550,12551,12551,1,1
2020-08-21 15:47:06.694,12550,12551,12551,1,1
2020-08-21 15:47:06.694,12550,12551,12551,11,11
2020-08-21 15:47:06.694,12550,12551,12551,2,2
2020-08-21 15:47:10.002,12550,12551,12551,1,1
2020-08-21 15:47:13.340,12551,12552,12551,1,-1
2020-08-21 15:47:14.133,12551,12552,12551,1,-1
2020-08-21 15:47:19.179,12550,12551,12551,1,1
2020-08-21 15:47:24.025,12550,12551,12551,1,1
2020-08-21 15:47:32.549,12550,12551,12551,1,1
2020-08-21 15:47:35.918,12550,12551,12551,1,1
2020-08-21 15:47:36.543,12550,12551,12551,1,1
2020-08-21 15:47:37.577,12550,12551,12551,1,1
2020-08-21 15:47:39.969,12550,12552,12551,1,-1
2020-08-21 15:47:42.140,12550,12551,12551,1,1
2020-08-21 15:47:47.466,12550,12552,12551,1,-1
2020-08-21 15:47:48.473,12550,12552,12552,2,2
2020-08-21 15:47:51.714,12550,12552,12551,1,-1
2020-08-21 15:47:53.717,12550,12551,12551,1,1
2020-08-21 15:48:06.148,12551,12552,12551,1,-1
2020-08-21 15:48:06.360,12550,12551,12551,1,1
2020-08-21 15:48:10.302,12551,12552,12552,2,2
2020-08-21 15:48:10.321,12551,12552,12552,2,2
2020-08-21 15:48:11.587,12551,12552,12551,1,-1
2020-08-21 15:48:12.305,12551,12552,12551,1,-1
2020-08-21 15:48:12.305,12551,12552,12550,1,-1
2020-08-21 15:48:15.341,12551,12552,12551,1,1
2020-08-21 15:48:15.612,12550,12552,12552,1,1
2020-08-21 15:48:21.085,12550,12551,12551,1,1
2020-08-21 15:48:21.493,12550,12551,12551,1,1
2020-08-21 15:48:21.594,12550,12551,12551,4,4
2020-08-21 15:48:23.126,12551,12552,12551,1,-1
2020-08-21 15:48:26.632,12550,12552,12550,1,-1
2020-08-21 15:48:40.842,12551,12552,12551,2,2
2020-08-21 15:48:47.628,12551,12552,12551,13,-13
2020-08-21 15:48:47.629,12551,12552,12551,3,-3
2020-08-21 15:48:47.825,12550,12552,12550,3,-3
2020-08-21 15:48:47.844,12550,12552,12551,2,2
2020-08-21 15:48:54.271,12551,12552,12551,1,-1
2020-08-21 15:48:55.980,12551,12552,12551,2,-2
2020-08-21 15:48:55.981,12551,12552,12551,2,-2
2020-08-21 15:49:03.170,12550,12551,12550,3,-3
2020-08-21 15:49:04.574,12550,12551,12550,5,-5
2020-08-21 15:49:05.407,12549,12550,12550,1,1
2020-08-21 15:49:08.614,12549,12550,12549,6,-6
2020-08-21 15:49:17.261,12548,12549,12548,1,-1
2020-08-21 15:49:17.261,12548,12549,12548,2,-2
2020-08-21 15:49:17.261,12548,12549,12548,4,-4
2020-08-21 15:49:17.261,12548,12549,12548,1,-1
2020-08-21 15:49:22.159,12547,12549,12547,5,-5
2020-08-21 15:49:24.749,12547,12548,12547,8,-8
2020-08-21 15:49:27.093,12547,12548,12547,1,-1
2020-08-21 15:49:28.778,12546,12548,12546,1,-1
2020-08-21 15:50:00.433,12547,12548,12548,1,1
2020-08-21 15:50:01.197,12547,12549,12547,1,-1
2020-08-21 15:50:05.026,12548,12549,12548,3,3
2020-08-21 15:50:08.858,12548,12549,12549,2,2
2020-08-21 15:50:18.198,12548,12550,12548,1,-1
2020-08-21 15:50:18.625,12548,12550,12550,2,2
2020-08-21 15:50:30.520,12549,12550,12550,5,5
2020-08-21 15:50:46.654,12549,12550,12550,1,1
2020-08-21 15:50:50.332,12549,12550,12549,1,-1
2020-08-21 15:51:10.287,12550,12551,12550,1,1
2020-08-21 15:51:10.287,12550,12551,12550,1,-1
2020-08-21 15:51:16.593,12549,12551,12549,1,-1
2020-08-21 15:51:19.689,12549,12550,12550,1,1
2020-08-21 15:51:30.650,12549,12551,12549,1,-1
2020-08-21 15:51:36.678,12549,12551,12551,1,1
2020-08-21 15:51:38.022,12549,12551,12549,1,-1
2020-08-21 15:51:45.448,12549,12551,12549,1,-1
2020-08-21 15:51:56.894,12550,12551,12551,2,2
2020-08-21 15:51:56.894,12550,12551,12551,3,3
2020-08-21 15:51:57.711,12551,12552,12552,14,14
2020-08-21 15:51:59.557,12551,12553,12551,11,-11
2020-08-21 15:52:01.828,12550,12552,12552,3,3
2020-08-21 15:52:05.051,12550,12552,12552,5,5
2020-08-21 15:52:07.902,12550,12552,12552,1,1
2020-08-21 15:52:12.446,12551,12552,12552,3,3
2020-08-21 15:52:13.806,12551,12552,12551,1,-1
2020-08-21 15:52:22.940,12551,12552,12552,2,2
2020-08-21 15:52:29.274,12552,12553,12553,1,1
2020-08-21 15:52:29.990,12551,12553,12553,10,10
2020-08-21 15:52:36.850,12552,12553,12553,1,1
2020-08-21 15:52:41.258,12553,12554,12553,1,-1
2020-08-21 15:52:42.182,12553,12554,12554,2,2
2020-08-21 15:52:42.475,12553,12554,12554,1,1
2020-08-21 15:52:42.578,12553,12554,12554,1,1
2020-08-21 15:52:42.772,12553,12554,12554,1,1
2020-08-21 15:52:43.088,12553,12554,12554,1,1
2020-08-21 15:52:44.259,12553,12554,12554,1,1
2020-08-21 15:52:44.275,12553,12554,12553,1,-1
2020-08-21 15:52:45.097,12553,12554,12553,1,-1
2020-08-21 15:52:48.260,12553,12554,12554,2,2
2020-08-21 15:52:53.538,12553,12554,12554,1,1
2020-08-21 15:52:55.469,12553,12554,12553,8,-8
2020-08-21 15:52:56.086,12552,12553,12552,1,-1
2020-08-21 15:52:56.366,12552,12553,12552,1,-1
2020-08-21 15:52:57.262,12552,12553,12552,1,-1
2020-08-21 15:53:03.317,12552,12553,12552,7,-7
2020-08-21 15:53:03.535,12551,12552,12552,1,1
2020-08-21 15:53:05.747,12551,12552,12552,5,5
2020-08-21 15:53:07.350,12551,12552,12552,1,1
2020-08-21 15:53:20.982,12551,12552,12551,2,-2
2020-08-21 15:53:27.493,12550,12551,12551,1,1
2020-08-21 15:53:27.941,12550,12552,12552,1,1
2020-08-21 15:53:30.125,12551,12552,12551,1,-1
2020-08-21 15:53:31.868,12551,12552,12551,4,-4
2020-08-21 15:53:38.721,12550,12552,12552,2,2
2020-08-21 15:53:41.871,12550,12552,12552,1,1
2020-08-21 15:53:47.007,12551,12552,12552,1,1
2020-08-21 15:53:47.955,12551,12553,12553,7,7
2020-08-21 15:53:48.864,12552,12554,12552,1,-1
2020-08-21 15:53:56.362,12553,12554,12553,1,1
2020-08-21 15:54:01.583,12553,12554,12553,2,-2
2020-08-21 15:54:08.108,12552,12553,12553,1,1
2020-08-21 15:54:10.731,12552,12553,12553,1,1
2020-08-21 15:54:11.035,12552,12553,12553,1,1
2020-08-21 15:54:11.377,12552,12553,12553,1,1
2020-08-21 15:54:11.564,12552,12553,12553,1,1
2020-08-21 15:54:11.939,12552,12553,12553,1,1
2020-08-21 15:54:12.122,12552,12553,12553,1,1
2020-08-21 15:54:12.702,12552,12554,12554,1,1
2020-08-21 15:54:13.274,12552,12554,12554,1,1
2020-08-21 15:54:18.006,12553,12554,12553,1,-1
2020-08-21 15:54:35.030,12552,12553,12553,2,2
2020-08-21 15:54:45.454,12552,12553,12553,2,2
2020-08-21 15:54:45.455,12552,12553,12553,2,2
2020-08-21 15:54:45.455,12552,12553,12553,1,1
2020-08-21 15:54:48.703,12553,12554,12553,1,-1
2020-08-21 15:54:49.843,12553,12554,12553,1,-1
2020-08-21 15:54:51.501,12553,12554,12553,1,-1
2020-08-21 15:55:10.466,12553,12554,12553,1,-1
2020-08-21 15:55:11.000,12553,12554,12554,1,1
2020-08-21 15:55:11.015,12553,12554,12554,1,1
2020-08-21 15:55:11.314,12553,12554,12554,1,1
2020-08-21 15:55:20.479,12553,12554,12554,6,6
2020-08-21 15:55:21.022,12554,12555,12554,1,-1
2020-08-21 15:55:24.589,12554,12555,12555,1,1
2020-08-21 15:55:24.768,12554,12555,12555,1,1
2020-08-21 15:55:25.338,12554,12555,12555,2,2
2020-08-21 15:55:25.495,12554,12555,12555,3,3
2020-08-21 15:55:25.495,12554,12555,12555,3,3
2020-08-21 15:55:25.496,12554,12555,12555,17,17
2020-08-21 15:55:25.496,12554,12555,12555,1,1
2020-08-21 15:55:25.496,12554,12555,12555,3,3
2020-08-21 15:55:25.496,12554,12555,12555,3,3
2020-08-21 15:55:25.496,12554,12555,12555,4,4
2020-08-21 15:55:25.496,12554,12555,12555,2,2
2020-08-21 15:55:34.302,12555,12556,12556,6,6
2020-08-21 15:55:34.302,12555,12556,12557,4,4
2020-08-21 15:55:34.452,12555,12557,12557,1,1
2020-08-21 15:55:34.458,12555,12557,12557,1,1
2020-08-21 15:55:34.471,12555,12557,12555,1,-1
2020-08-21 15:55:34.616,12555,12557,12557,2,2
2020-08-21 15:55:39.594,12556,12557,12557,1,1
2020-08-21 15:55:43.461,12556,12557,12557,4,4
2020-08-21 15:55:45.503,12557,12558,12558,1,1
2020-08-21 15:55:45.598,12557,12558,12557,1,-1
2020-08-21 15:55:45.604,12557,12558,12558,2,2
2020-08-21 15:55:46.071,12557,12558,12557,1,-1
2020-08-21 15:55:48.274,12556,12557,12557,1,1
2020-08-21 15:55:49.576,12556,12558,12558,1,1
2020-08-21 15:55:52.434,12556,12558,12558,5,5
2020-08-21 15:55:54.015,12556,12558,12558,2,2
2020-08-21 15:55:55.802,12556,12558,12558,1,1
2020-08-21 15:55:57.106,12557,12558,12557,1,-1
2020-08-21 15:55:57.566,12557,12558,12558,1,1
2020-08-21 15:55:58.276,12557,12558,12558,2,2
2020-08-21 15:55:58.919,12557,12558,12558,1,1
2020-08-21 15:55:59.375,12558,12559,12558,1,-1
2020-08-21 15:56:03.615,12557,12558,12557,1,-1
2020-08-21 15:56:03.815,12557,12558,12558,2,2
2020-08-21 15:56:03.967,12557,12558,12558,1,1
2020-08-21 15:56:05.830,12558,12559,12559,1,1
2020-08-21 15:56:05.937,12558,12559,12558,1,-1
2020-08-21 15:56:06.183,12558,12559,12559,3,3
2020-08-21 15:56:06.234,12558,12559,12559,2,2
2020-08-21 15:56:06.260,12558,12559,12559,10,10
2020-08-21 15:56:06.260,12558,12559,12559,4,4
2020-08-21 15:56:06.711,12558,12560,12560,2,2
2020-08-21 15:56:07.256,12558,12560,12558,1,-1
2020-08-21 15:56:08.122,12559,12560,12560,1,1
2020-08-21 15:56:09.906,12559,12560,12559,1,-1
2020-08-21 15:56:12.061,12558,12559,12559,1,1
2020-08-21 15:56:12.061,12558,12559,12560,1,1
2020-08-21 15:56:14.751,12558,12560,12560,1,1
2020-08-21 15:56:18.124,12558,12559,12559,1,1
2020-08-21 15:56:19.792,12558,12559,12559,1,1
2020-08-21 15:56:20.061,12558,12559,12559,1,1
2020-08-21 15:56:23.233,12558,12559,12559,1,1
2020-08-21 15:56:26.981,12559,12560,12560,1,1
2020-08-21 15:56:27.341,12559,12560,12560,5,5
2020-08-21 15:56:28.084,12559,12560,12559,1,-1
2020-08-21 15:56:30.248,12559,12560,12559,1,-1
2020-08-21 15:56:38.111,12559,12560,12560,2,2
2020-08-21 15:56:41.753,12559,12560,12560,1,1
2020-08-21 15:56:45.327,12559,12560,12559,3,-3
2020-08-21 15:56:45.544,12559,12560,12560,1,1
2020-08-21 15:56:48.134,12559,12560,12560,1,1
2020-08-21 15:56:48.698,12559,12560,12559,1,-1
2020-08-21 15:56:48.864,12559,12560,12560,1,1
2020-08-21 15:56:50.495,12559,12560,12560,1,1
2020-08-21 15:56:51.163,12559,12560,12560,1,1
2020-08-21 15:56:51.733,12559,12560,12559,1,-1
2020-08-21 15:56:51.839,12559,12560,12560,1,1
2020-08-21 15:56:52.426,12559,12560,12560,2,2
2020-08-21 15:56:54.232,12559,12560,12560,1,1
2020-08-21 15:56:54.549,12559,12560,12560,2,2
2020-08-21 15:56:55.694,12559,12560,12559,12,-12
2020-08-21 15:56:57.072,12558,12560,12560,1,1
2020-08-21 15:57:04.685,12558,12559,12558,1,-1
2020-08-21 15:57:05.895,12558,12559,12558,1,-1
2020-08-21 15:57:06.545,12558,12559,12558,10,-10
2020-08-21 15:57:06.590,12558,12559,12558,3,-3
2020-08-21 15:57:06.592,12558,12559,12558,2,-2
2020-08-21 15:57:06.659,12558,12559,12558,2,-2
2020-08-21 15:57:08.071,12558,12559,12558,1,-1
2020-08-21 15:57:09.082,12558,12559,12559,1,1
2020-08-21 15:57:10.112,12558,12559,12558,1,-1
2020-08-21 15:57:11.313,12558,12559,12559,1,1
2020-08-21 15:57:11.328,12558,12560,12558,5,-5
2020-08-21 15:57:14.061,12558,12559,12559,1,1
2020-08-21 15:57:24.890,12558,12559,12559,1,1
2020-08-21 15:57:26.118,12558,12559,12559,1,1
2020-08-21 15:57:35.474,12558,12559,12558,6,-6
2020-08-21 15:57:35.526,12558,12559,12558,2,-2
2020-08-21 15:57:35.571,12557,12558,12558,2,2
2020-08-21 15:57:35.621,12557,12558,12558,2,2
2020-08-21 15:57:35.673,12557,12558,12558,2,2
2020-08-21 15:57:35.696,12557,12558,12558,2,2
2020-08-21 15:57:40.508,12557,12558,12557,1,-1
2020-08-21 15:57:42.662,12556,12558,12556,1,-1
2020-08-21 15:57:42.988,12556,12558,12556,10,-10
2020-08-21 15:57:44.375,12556,12557,12556,1,-1
2020-08-21 15:57:44.417,12556,12557,12556,2,-2
2020-08-21 15:57:45.799,12555,12557,12555,1,-1
2020-08-21 15:57:45.929,12555,12557,12555,2,-2
2020-08-21 15:57:53.280,12556,12557,12556,5,5
2020-08-21 15:57:59.212,12556,12557,12557,1,1
2020-08-21 15:58:07.428,12556,12557,12556,11,-11
2020-08-21 15:58:10.834,12555,12556,12555,1,-1
2020-08-21 15:58:22.967,12554,12556,12554,1,-1
2020-08-21 15:58:25.101,12554,12556,12554,1,-1
2020-08-21 15:58:29.869,12554,12556,12554,3,-3
2020-08-21 15:58:35.459,12554,12556,12554,1,-1
2020-08-21 15:58:49.952,12554,12555,12554,4,-4
2020-08-21 15:58:49.952,12554,12555,12554,2,-2
2020-08-21 15:58:51.265,12553,12554,12553,5,-5
2020-08-21 15:58:56.124,12552,12554,12552,5,-5
2020-08-21 15:58:56.354,12552,12554,12552,1,-1
2020-08-21 15:58:59.160,12552,12554,12552,11,-11
2020-08-21 15:58:59.161,12552,12554,12552,2,-2
2020-08-21 15:59:00.498,12552,12553,12553,1,1
2020-08-21 15:59:04.164,12552,12553,12553,1,1
2020-08-21 15:59:04.331,12552,12554,12552,5,-5
2020-08-21 15:59:16.864,12552,12554,12552,1,-1
2020-08-21 15:59:27.043,12552,12553,12553,1,1
2020-08-21 15:59:27.821,12552,12553,12552,1,-1
2020-08-21 15:59:28.044,12551,12552,12552,1,1
2020-08-21 15:59:28.058,12551,12552,12552,1,1
2020-08-21 15:59:31.651,12552,12553,12552,1,-1
2020-08-21 15:59:34.158,12551,12552,12552,4,4
2020-08-21 15:59:34.158,12551,12552,12553,1,1
2020-08-21 15:59:47.167,12552,12553,12552,2,-2
2020-08-21 15:59:53.690,12552,12553,12552,4,-4
2020-08-21 15:59:54.866,12552,12553,12552,1,-1
2020-08-21 15:59:57.202,12552,12553,12552,1,-1
2020-08-21 15:59:57.202,12552,12553,12551,2,-2
2020-08-21 16:00:04.360,12551,12552,12551,11,-11
2020-08-21 16:00:04.815,12550,12552,12552,1,1
2020-08-21 16:00:05.000,12550,12552,12550,10,-10
2020-08-21 16:00:05.907,12550,12551,12550,2,-2
2020-08-21 16:00:05.908,12550,12551,12550,1,-1
2020-08-21 16:00:05.908,12550,12551,12550,7,-7
2020-08-21 16:00:07.291,12549,12550,12550,1,1
2020-08-21 16:00:07.415,12549,12551,12549,1,-1
2020-08-21 16:00:08.923,12549,12550,12550,1,1
2020-08-21 16:00:09.387,12549,12550,12549,7,-7
2020-08-21 16:00:09.784,12548,12549,12549,2,2
2020-08-21 16:00:11.016,12548,12549,12548,5,-5
2020-08-21 16:00:12.497,12548,12549,12548,1,-1
2020-08-21 16:00:12.627,12548,12549,12548,1,-1
2020-08-21 16:00:12.716,12548,12549,12548,1,-1
2020-08-21 16:00:12.818,12548,12549,12547,1,-1
2020-08-21 16:00:13.937,12547,12549,12549,1,1
2020-08-21 16:00:17.325,12548,12549,12548,2,-2
2020-08-21 16:00:18.452,12547,12549,12549,1,1
2020-08-21 16:00:23.430,12547,12548,12548,3,3
2020-08-21 16:00:25.514,12547,12548,12548,1,1
2020-08-21 16:00:26.583,12547,12548,12547,5,-5
2020-08-21 16:00:27.523,12547,12548,12548,1,1
2020-08-21 16:00:27.554,12547,12548,12547,5,-5
2020-08-21 16:00:27.757,12547,12548,12547,5,-5
2020-08-21 16:00:27.757,12547,12548,12547,5,-5
2020-08-21 16:00:29.364,12546,12547,12546,1,-1
2020-08-21 16:00:29.364,12546,12547,12546,4,-4
2020-08-21 16:00:29.365,12546,12547,12546,3,-3
2020-08-21 16:00:32.486,12545,12547,12545,1,-1
2020-08-21 16:00:32.805,12545,12547,12547,1,1
2020-08-21 16:00:33.068,12546,12548,12546,1,-1
2020-08-21 16:00:34.605,12546,12547,12546,1,-1
2020-08-21 16:00:35.734,12546,12548,12546,1,-1
2020-08-21 16:00:37.066,12546,12547,12547,5,5
2020-08-21 16:00:37.273,12547,12548,12547,1,-1
2020-08-21 16:00:38.306,12547,12548,12547,1,-1
2020-08-21 16:00:38.811,12547,12549,12549,1,1
2020-08-21 16:00:39.825,12546,12548,12546,2,-2
2020-08-21 16:00:41.988,12547,12548,12547,1,1
2020-08-21 16:00:42.400,12547,12548,12548,1,1
2020-08-21 16:00:43.217,12547,12548,12548,1,1
2020-08-21 16:00:50.578,12547,12548,12548,1,1
2020-08-21 16:00:55.796,12548,12549,12549,2,2
2020-08-21 16:00:55.796,12548,12549,12549,4,4
2020-08-21 16:00:57.789,12549,12551,12551,1,1
2020-08-21 16:00:59.865,12550,12551,12550,1,-1
2020-08-21 16:01:01.759,12550,12551,12551,1,1
2020-08-21 16:01:03.238,12550,12551,12551,1,1
2020-08-21 16:01:03.397,12550,12552,12550,1,-1
2020-08-21 16:01:03.945,12551,12552,12551,1,1
2020-08-21 16:01:04.695,12550,12551,12551,1,1
2020-08-21 16:01:06.304,12551,12552,12551,1,-1
2020-08-21 16:01:06.304,12551,12552,12550,4,-4
2020-08-21 16:01:07.712,12551,12552,12551,1,1
2020-08-21 16:01:07.712,12551,12552,12551,1,-1
2020-08-21 16:01:16.291,12550,12551,12550,1,-1
2020-08-21 16:01:16.291,12550,12551,12550,1,-1
2020-08-21 16:01:17.789,12549,12550,12549,2,-2
2020-08-21 16:01:25.400,12547,12548,12548,1,1
2020-08-21 16:01:26.973,12547,12549,12547,2,-2
2020-08-21 16:01:28.995,12547,12548,12548,1,1
2020-08-21 16:01:39.164,12548,12549,12548,1,-1
2020-08-21 16:01:41.275,12548,12549,12549,1,1
2020-08-21 16:01:53.125,12549,12550,12549,2,-2
2020-08-21 16:02:00.118,12549,12550,12549,1,-1
2020-08-21 16:02:02.541,12549,12550,12549,2,-2
2020-08-21 16:02:13.017,12548,12549,12548,6,-6
2020-08-21 16:02:13.017,12548,12549,12548,1,-1
2020-08-21 16:02:15.766,12547,12548,12547,2,-2
2020-08-21 16:02:16.428,12547,12548,12547,2,-2
2020-08-21 16:02:16.428,12547,12548,12547,2,-2
2020-08-21 16:02:16.629,12546,12547,12546,5,-5
2020-08-21 16:02:17.131,12546,12547,12547,1,1
2020-08-21 16:02:29.379,12546,12547,12547,5,5
2020-08-21 16:02:36.622,12547,12548,12547,5,-5
2020-08-21 16:02:42.295,12547,12548,12547,4,-4
2020-08-21 16:02:47.329,12547,12548,12547,1,-1
2020-08-21 16:02:53.677,12547,12548,12547,2,-2
2020-08-21 16:03:01.520,12546,12547,12546,7,-7
2020-08-21 16:03:01.521,12546,12547,12546,9,-9
2020-08-21 16:03:02.759,12545,12546,12545,1,-1
2020-08-21 16:03:02.759,12545,12546,12545,4,-4
2020-08-21 16:03:02.759,12545,12546,12545,1,-1
2020-08-21 16:03:02.759,12545,12546,12545,6,-6
2020-08-21 16:03:05.967,12544,12545,12544,1,-1
2020-08-21 16:03:07.286,12544,12545,12544,1,-1
2020-08-21 16:03:07.367,12544,12545,12544,2,-2
2020-08-21 16:03:07.368,12544,12545,12544,2,-2
2020-08-21 16:03:07.368,12544,12545,12544,3,-3
2020-08-21 16:03:10.565,12543,12545,12543,1,-1
2020-08-21 16:03:13.887,12543,12544,12543,1,-1
2020-08-21 16:03:19.055,12543,12544,12543,2,-2
2020-08-21 16:03:19.706,12542,12544,12542,1,-1
2020-08-21 16:03:19.925,12542,12544,12542,1,-1
2020-08-21 16:03:19.925,12542,12544,12542,1,-1
2020-08-21 16:03:19.962,12542,12544,12542,1,-1
2020-08-21 16:03:19.971,12542,12544,12542,1,-1
2020-08-21 16:03:20.241,12543,12544,12543,1,1
2020-08-21 16:03:20.277,12543,12544,12542,1,-1
2020-08-21 16:03:20.279,12543,12544,12542,1,-1
2020-08-21 16:03:20.313,12543,12544,12542,1,-1
2020-08-21 16:03:20.371,12542,12544,12542,2,-2
2020-08-21 16:03:21.039,12541,12543,12541,1,-1
2020-08-21 16:03:21.095,12541,12543,12541,1,-1
2020-08-21 16:03:22.582,12541,12543,12543,1,1
2020-08-21 16:03:28.475,12543,12544,12543,1,-1
2020-08-21 16:03:30.647,12543,12544,12544,2,2
2020-08-21 16:03:31.465,12543,12545,12543,1,-1
2020-08-21 16:03:32.866,12544,12545,12545,1,1
2020-08-21 16:03:32.866,12544,12545,12545,4,4
2020-08-21 16:03:32.866,12544,12545,12545,2,2
2020-08-21 16:03:32.866,12544,12545,12545,1,1
2020-08-21 16:03:33.200,12544,12546,12544,1,-1
2020-08-21 16:03:35.067,12544,12546,12544,1,-1
2020-08-21 16:03:37.373,12544,12546,12544,1,-1
2020-08-21 16:03:50.951,12545,12546,12545,1,1
2020-08-21 16:03:50.951,12545,12546,12544,1,-1
2020-08-21 16:03:59.054,12545,12546,12545,1,1
2020-08-21 16:04:04.181,12545,12546,12545,1,-1
2020-08-21 16:04:05.215,12544,12546,12544,1,-1
2020-08-21 16:04:06.282,12544,12546,12544,2,-2
2020-08-21 16:04:11.223,12544,12546,12546,10,10
2020-08-21 16:04:22.878,12545,12546,12545,1,-1
2020-08-21 16:04:30.656,12544,12546,12545,1,-1
2020-08-21 16:04:32.517,12544,12545,12544,2,-2
2020-08-21 16:04:48.351,12544,12545,12544,1,-1
2020-08-21 16:04:50.100,12544,12545,12544,1,-1
2020-08-21 16:04:52.665,12543,12544,12544,1,1
2020-08-21 16:04:53.108,12543,12544,12544,1,1
2020-08-21 16:04:53.411,12543,12544,12544,1,1
2020-08-21 16:04:53.411,12543,12544,12545,2,2
2020-08-21 16:05:10.530,12544,12545,12544,5,-5
2020-08-21 16:05:10.864,12544,12545,12544,1,-1
2020-08-21 16:05:12.072,12544,12545,12544,5,-5
2020-08-21 16:05:12.696,12544,12545,12544,5,-5
2020-08-21 16:05:13.251,12544,12545,12544,5,-5
2020-08-21 16:05:13.715,12544,12545,12544,3,-3
2020-08-21 16:05:13.716,12544,12545,12544,2,-2
2020-08-21 16:05:14.338,12544,12545,12545,1,1
2020-08-21 16:05:14.561,12545,12546,12545,5,-5
2020-08-21 16:05:14.660,12545,12546,12545,1,-1
2020-08-21 16:05:15.625,12544,12545,12545,2,2
2020-08-21 16:05:15.625,12544,12545,12545,3,3
2020-08-21 16:05:15.784,12545,12546,12546,1,1
2020-08-21 16:05:15.951,12545,12546,12546,5,5
2020-08-21 16:05:16.754,12545,12547,12546,2,-2
2020-08-21 16:05:17.491,12545,12546,12546,1,1
2020-08-21 16:05:17.676,12545,12546,12545,5,-5
2020-08-21 16:05:17.894,12545,12546,12546,1,1
2020-08-21 16:05:19.700,12545,12546,12546,1,1
2020-08-21 16:05:20.588,12546,12547,12546,1,-1
2020-08-21 16:05:21.442,12545,12546,12545,5,-5
2020-08-21 16:05:29.679,12545,12546,12545,5,-5
2020-08-21 16:05:31.674,12545,12546,12545,1,-1
2020-08-21 16:05:38.638,12545,12546,12545,1,-1
2020-08-21 16:05:45.924,12545,12546,12545,1,-1
2020-08-21 16:05:48.011,12544,12546,12544,2,-2
2020-08-21 16:05:48.220,12544,12546,12546,1,1
2020-08-21 16:05:55.203,12545,12546,12546,1,1
2020-08-21 16:05:55.779,12545,12546,12545,2,-2
2020-08-21 16:05:57.796,12543,12544,12544,1,1
2020-08-21 16:06:05.110,12544,12545,12545,2,2
2020-08-21 16:06:09.754,12544,12546,12545,2,-2
2020-08-21 16:06:09.754,12544,12546,12545,5,-5
2020-08-21 16:06:15.909,12544,12545,12545,7,7
2020-08-21 16:06:16.825,12545,12546,12546,1,1
2020-08-21 16:06:25.271,12545,12546,12545,5,-5
2020-08-21 16:06:25.272,12545,12546,12545,2,-2
2020-08-21 16:06:31.820,12545,12546,12546,2,2
2020-08-21 16:06:40.107,12546,12547,12546,1,-1
2020-08-21 16:06:43.316,12545,12546,12546,6,6
2020-08-21 16:06:47.096,12546,12547,12546,1,-1
2020-08-21 16:06:53.858,12546,12547,12546,1,-1
2020-08-21 16:06:54.924,12545,12546,12546,1,1
2020-08-21 16:06:58.873,12545,12546,12546,1,1
2020-08-21 16:07:07.832,12545,12546,12545,2,-2
2020-08-21 16:07:07.833,12545,12546,12545,1,-1
2020-08-21 16:07:18.424,12544,12545,12544,2,-2
2020-08-21 16:07:18.424,12544,12545,12544,2,-2
2020-08-21 16:07:19.080,12543,12545,12544,1,-1
2020-08-21 16:07:39.471,12543,12544,12543,4,-4
2020-08-21 16:07:39.471,12543,12544,12543,6,-6
2020-08-21 16:07:40.369,12542,12543,12542,4,-4
2020-08-21 16:07:41.054,12541,12542,12541,3,-3
2020-08-21 16:07:41.054,12541,12542,12541,13,-13
2020-08-21 16:07:45.466,12540,12541,12541,1,1
