2023-05-15 15:00:00,15536,15536,15536,260,0
2023-05-15 15:00:00,15534,15534,15534,10,-10
2023-05-15 15:00:00,15533,15533,15533,2,-2
2023-05-15 15:00:00,15530,15530,15530,2,-2
2023-05-15 15:00:00,15532,15532,15532,2,2
2023-05-15 15:00:00,15532,15532,15532,2,0
2023-05-15 15:00:00,15531,15531,15531,2,-2
2023-05-15 15:00:00,15530,15530,15530,6,-6
2023-05-15 15:00:00,15530,15530,15530,2,0
2023-05-15 15:00:00,15530,15530,15530,4,0
2023-05-15 15:00:00,15530,15530,15530,2,0
2023-05-15 15:00:00,15530,15530,15530,4,0
2023-05-15 15:00:00,15530,15530,15530,4,0
2023-05-15 15:00:00,15530,15530,15530,2,0
2023-05-15 15:00:00,15530,15530,15530,6,0
2023-05-15 15:00:00,15533,15533,15533,2,2
2023-05-15 15:00:00,15533,15533,15533,2,0
2023-05-15 15:00:00,15536,15536,15536,2,2
2023-05-15 15:00:00,15536,15536,15536,2,0
2023-05-15 15:00:00,15536,15536,15536,2,0
2023-05-15 15:00:00,15536,15536,15536,2,0
2023-05-15 15:00:00,15536,15536,15536,4,0
2023-05-15 15:00:00,15536,15536,15536,2,0
2023-05-15 15:00:00,15537,15537,15537,2,2
2023-05-15 15:00:00,15534,15534,15534,2,-2
2023-05-15 15:00:00,15535,15535,15535,4,4
2023-05-15 15:00:00,15535,15535,15535,2,0
2023-05-15 15:00:00,15535,15535,15535,2,0
2023-05-15 15:00:00,15535,15535,15535,2,0
2023-05-15 15:00:00,15536,15536,15536,4,4
2023-05-15 15:00:00,15537,15537,15537,10,10
2023-05-15 15:00:00,15537,15537,15537,4,0
2023-05-15 15:00:00,15537,15537,15537,2,0
2023-05-15 15:00:00,15535,15535,15535,2,-2
2023-05-15 15:00:00,15535,15535,15535,2,0
2023-05-15 15:00:00,15536,15536,15536,4,4
2023-05-15 15:00:00,15537,15537,15537,2,2
2023-05-15 15:00:00,15537,15537,15537,2,0
2023-05-15 15:00:00,15537,15537,15537,2,0
2023-05-15 15:00:00,15537,15537,15537,40,0
2023-05-15 15:00:00,15537,15537,15537,2,0
2023-05-15 15:00:00,15537,15537,15537,2,0
2023-05-15 15:00:00,15538,15538,15538,2,2
2023-05-15 15:00:00,15538,15538,15538,18,0
2023-05-15 15:00:00,15539,15539,15539,8,8
2023-05-15 15:00:00,15539,15539,15539,2,0
2023-05-15 15:00:00,15539,15539,15539,2,0
2023-05-15 15:00:00,15539,15539,15539,2,0
2023-05-15 15:00:00,15538,15538,15538,2,-2
2023-05-15 15:00:00,15540,15540,15540,8,8
2023-05-15 15:00:00,15540,15540,15540,14,0
2023-05-15 15:00:00,15539,15539,15539,2,-2
2023-05-15 15:00:00,15540,15540,15540,6,6
2023-05-15 15:00:00,15537,15537,15537,2,-2
2023-05-15 15:00:00,15537,15537,15537,2,0
2023-05-15 15:00:00,15539,15539,15539,2,2
2023-05-15 15:00:00,15539,15539,15539,2,0
2023-05-15 15:00:00,15539,15539,15539,2,0
2023-05-15 15:00:00,15540,15540,15540,10,10
2023-05-15 15:00:00,15541,15541,15541,2,2
2023-05-15 15:00:00,15541,15541,15541,2,0
2023-05-15 15:00:00,15538,15538,15538,2,-2
2023-05-15 15:00:00,15538,15538,15538,2,0
2023-05-15 15:00:00,15540,15540,15540,4,4
2023-05-15 15:00:00,15540,15540,15540,2,0
2023-05-15 15:00:00,15538,15538,15538,2,-2
2023-05-15 15:00:00,15539,15539,15539,2,2
2023-05-15 15:00:00,15539,15539,15539,4,0
2023-05-15 15:00:00,15540,15540,15540,4,4
2023-05-15 15:00:00,15541,15541,15541,14,14
2023-05-15 15:00:00,15541,15541,15541,2,0
2023-05-15 15:00:00,15541,15541,15541,4,0
2023-05-15 15:00:00,15541,15541,15541,2,0
2023-05-15 15:00:00,15541,15541,15541,2,0
2023-05-15 15:00:00,15541,15541,15541,2,0
2023-05-15 15:00:00,15542,15542,15542,2,2
2023-05-15 15:00:00,15542,15542,15542,2,0
2023-05-15 15:00:00,15542,15542,15542,2,0
2023-05-15 15:00:00,15542,15542,15542,2,0
2023-05-15 15:00:00,15542,15542,15542,2,0
2023-05-15 15:00:00,15539,15539,15539,2,-2
2023-05-15 15:00:00,15539,15539,15539,2,0
2023-05-15 15:00:00,15538,15538,15538,2,-2
2023-05-15 15:00:00,15543,15543,15543,2,2
2023-05-15 15:00:00,15543,15543,15543,2,0
2023-05-15 15:00:00,15543,15543,15543,2,0
2023-05-15 15:00:00,15542,15542,15542,2,-2
2023-05-15 15:00:00,15542,15542,15542,2,0
2023-05-15 15:00:00,15543,15543,15543,4,4
2023-05-15 15:00:00,15544,15544,15544,4,4
2023-05-15 15:00:00,15544,15544,15544,4,0
2023-05-15 15:00:00,15544,15544,15544,2,0
2023-05-15 15:00:00,15538,15538,15538,2,-2
2023-05-15 15:00:00,15537,15537,15537,2,-2
2023-05-15 15:00:00,15537,15537,15537,2,0
2023-05-15 15:00:00,15538,15538,15538,2,2
2023-05-15 15:00:00,15544,15544,15544,2,2
2023-05-15 15:00:00,15545,15545,15545,2,2
2023-05-15 15:00:00,15537,15537,15537,2,-2
2023-05-15 15:00:00,15536,15536,15536,2,-2
2023-05-15 15:00:00,15536,15536,15536,2,0
2023-05-15 15:00:00,15535,15535,15535,2,-2
2023-05-15 15:00:00,15535,15535,15535,2,0
2023-05-15 15:00:00,15535,15535,15535,2,0
2023-05-15 15:00:00,15543,15543,15543,2,2
2023-05-15 15:00:00,15540,15540,15540,2,-2
2023-05-15 15:00:00,15540,15540,15540,2,0
2023-05-15 15:00:00,15540,15540,15540,2,0
2023-05-15 15:00:00,15540,15540,15540,2,0
2023-05-15 15:00:00,15540,15540,15540,4,0
2023-05-15 15:00:00,15540,15540,15540,2,0
2023-05-15 15:00:00,15539,15539,15539,2,-2
2023-05-15 15:00:00,15537,15537,15537,2,-2
2023-05-15 15:00:01,15536,15536,15536,2,-2
2023-05-15 15:00:01,15533,15533,15533,2,-2
2023-05-15 15:00:01,15533,15533,15533,4,0
2023-05-15 15:00:01,15531,15531,15531,4,-4
2023-05-15 15:00:01,15531,15531,15531,2,0
2023-05-15 15:00:01,15532,15532,15532,6,6
2023-05-15 15:00:01,15532,15532,15532,4,0
2023-05-15 15:00:01,15533,15533,15533,4,4
2023-05-15 15:00:01,15533,15533,15533,2,0
2023-05-15 15:00:01,15534,15534,15534,6,6
2023-05-15 15:00:01,15534,15534,15534,4,0
2023-05-15 15:00:01,15535,15535,15535,4,4
2023-05-15 15:00:01,15535,15535,15535,2,0
2023-05-15 15:00:01,15536,15536,15536,2,2
2023-05-15 15:00:01,15536,15536,15536,4,0
2023-05-15 15:00:01,15535,15535,15535,2,-2
2023-05-15 15:00:01,15537,15537,15537,4,4
2023-05-15 15:00:01,15536,15536,15536,2,-2
2023-05-15 15:00:01,15538,15538,15538,2,2
2023-05-15 15:00:01,15538,15538,15538,2,0
2023-05-15 15:00:01,15536,15536,15536,2,-2
2023-05-15 15:00:01,15535,15535,15535,2,-2
2023-05-15 15:00:01,15535,15535,15535,2,0
2023-05-15 15:00:01,15534,15534,15534,2,-2
2023-05-15 15:00:01,15534,15534,15534,2,0
2023-05-15 15:00:01,15535,15535,15535,2,2
2023-05-15 15:00:01,15533,15533,15533,2,-2
2023-05-15 15:00:01,15533,15533,15533,2,0
2023-05-15 15:00:01,15530,15530,15530,2,-2
2023-05-15 15:00:01,15530,15530,15530,2,0
2023-05-15 15:00:01,15532,15532,15532,2,2
2023-05-15 15:00:01,15533,15533,15533,2,2
2023-05-15 15:00:01,15533,15533,15533,2,0
2023-05-15 15:00:01,15531,15531,15531,2,-2
2023-05-15 15:00:01,15533,15533,15533,2,2
2023-05-15 15:00:01,15533,15533,15533,2,0
2023-05-15 15:00:01,15534,15534,15534,2,2
2023-05-15 15:00:02,15533,15533,15533,4,-4
2023-05-15 15:00:02,15530,15530,15530,2,-2
2023-05-15 15:00:02,15533,15533,15533,4,4
2023-05-15 15:00:02,15534,15534,15534,8,8
2023-05-15 15:00:02,15532,15532,15532,2,-2
2023-05-15 15:00:02,15532,15532,15532,2,0
2023-05-15 15:00:02,15531,15531,15531,2,-2
2023-05-15 15:00:02,15530,15530,15530,2,-2
2023-05-15 15:00:02,15532,15532,15532,2,2
2023-05-15 15:00:03,15533,15533,15533,4,4
2023-05-15 15:00:03,15532,15532,15532,2,-2
2023-05-15 15:00:03,15532,15532,15532,2,0
2023-05-15 15:00:04,15531,15531,15531,2,-2
2023-05-15 15:00:04,15531,15531,15531,2,0
2023-05-15 15:00:04,15530,15530,15530,2,-2
2023-05-15 15:00:04,15532,15532,15532,2,2
2023-05-15 15:00:04,15531,15531,15531,2,-2
2023-05-15 15:00:04,15530,15530,15530,2,-2
2023-05-15 15:00:04,15530,15530,15530,2,0
2023-05-15 15:00:05,15532,15532,15532,8,8
2023-05-15 15:00:05,15530,15530,15530,2,-2
2023-05-15 15:00:05,15530,15530,15530,2,0
2023-05-15 15:00:05,15532,15532,15532,2,2
2023-05-15 15:00:05,15532,15532,15532,2,0
2023-05-15 15:00:06,15531,15531,15531,2,-2
2023-05-15 15:00:06,15531,15531,15531,2,0
2023-05-15 15:00:06,15531,15531,15531,2,0
2023-05-15 15:00:06,15530,15530,15530,2,-2
2023-05-15 15:00:07,15530,15530,15530,2,0
2023-05-15 15:00:07,15530,15530,15530,2,0
2023-05-15 15:00:07,15530,15530,15530,2,0
2023-05-15 15:00:07,15530,15530,15530,4,0
2023-05-15 15:00:07,15531,15531,15531,2,2
2023-05-15 15:00:07,15531,15531,15531,4,0
2023-05-15 15:00:07,15530,15530,15530,2,-2
2023-05-15 15:00:08,15530,15530,15530,4,0
2023-05-15 15:00:08,15529,15529,15529,2,-2
2023-05-15 15:00:08,15529,15529,15529,2,0
2023-05-15 15:00:08,15529,15529,15529,2,0
2023-05-15 15:00:08,15529,15529,15529,2,0
2023-05-15 15:00:08,15529,15529,15529,2,0
2023-05-15 15:00:09,15530,15530,15530,4,4
2023-05-15 15:00:09,15530,15530,15530,2,0
2023-05-15 15:00:09,15529,15529,15529,2,-2
2023-05-15 15:00:09,15529,15529,15529,2,0
2023-05-15 15:00:09,15529,15529,15529,2,0
2023-05-15 15:00:09,15530,15530,15530,2,2
2023-05-15 15:00:09,15530,15530,15530,2,0
2023-05-15 15:00:10,15529,15529,15529,2,-2
2023-05-15 15:00:10,15529,15529,15529,6,0
2023-05-15 15:00:11,15529,15529,15529,6,0
2023-05-15 15:00:11,15529,15529,15529,2,0
2023-05-15 15:00:13,15530,15530,15530,2,2
2023-05-15 15:00:13,15530,15530,15530,14,0
2023-05-15 15:00:15,15531,15531,15531,2,2
2023-05-15 15:00:15,15532,15532,15532,10,10
2023-05-15 15:00:15,15532,15532,15532,4,0
2023-05-15 15:00:15,15532,15532,15532,2,0
2023-05-15 15:00:15,15532,15532,15532,2,0
2023-05-15 15:00:15,15532,15532,15532,2,0
2023-05-15 15:00:15,15532,15532,15532,2,0
2023-05-15 15:00:15,15532,15532,15532,4,0
2023-05-15 15:00:15,15532,15532,15532,2,0
2023-05-15 15:00:15,15533,15533,15533,4,4
2023-05-15 15:00:15,15534,15534,15534,4,4
2023-05-15 15:00:16,15534,15534,15534,2,0
2023-05-15 15:00:16,15534,15534,15534,8,0
2023-05-15 15:00:16,15535,15535,15535,4,4
2023-05-15 15:00:16,15536,15536,15536,2,2
2023-05-15 15:00:16,15535,15535,15535,4,-4
2023-05-15 15:00:16,15535,15535,15535,2,0
2023-05-15 15:00:16,15535,15535,15535,2,0
2023-05-15 15:00:17,15534,15534,15534,4,-4
2023-05-15 15:00:17,15532,15532,15532,2,-2
2023-05-15 15:00:17,15534,15534,15534,2,2
2023-05-15 15:00:17,15534,15534,15534,4,0
2023-05-15 15:00:17,15534,15534,15534,2,0
2023-05-15 15:00:17,15532,15532,15532,2,-2
2023-05-15 15:00:17,15532,15532,15532,2,0
2023-05-15 15:00:17,15532,15532,15532,2,0
2023-05-15 15:00:17,15532,15532,15532,2,0
2023-05-15 15:00:17,15532,15532,15532,2,0
2023-05-15 15:00:19,15532,15532,15532,2,0
2023-05-15 15:00:20,15532,15532,15532,2,0
2023-05-15 15:00:20,15532,15532,15532,8,0
2023-05-15 15:00:23,15532,15532,15532,2,0
2023-05-15 15:00:23,15532,15532,15532,2,0
2023-05-15 15:00:23,15532,15532,15532,2,0
2023-05-15 15:00:23,15532,15532,15532,2,0
2023-05-15 15:00:23,15531,15531,15531,2,-2
2023-05-15 15:00:23,15531,15531,15531,2,0
2023-05-15 15:00:23,15531,15531,15531,2,0
2023-05-15 15:00:23,15531,15531,15531,12,0
2023-05-15 15:00:26,15531,15531,15531,2,0
2023-05-15 15:00:26,15530,15530,15530,2,-2
2023-05-15 15:00:26,15530,15530,15530,2,0
2023-05-15 15:00:29,15530,15530,15530,8,0
2023-05-15 15:00:29,15530,15530,15530,2,0
2023-05-15 15:00:30,15530,15530,15530,2,0
2023-05-15 15:00:30,15531,15531,15531,2,2
2023-05-15 15:00:30,15530,15530,15530,2,-2
2023-05-15 15:00:32,15531,15531,15531,6,6
2023-05-15 15:00:32,15532,15532,15532,8,8
2023-05-15 15:00:32,15532,15532,15532,6,0
2023-05-15 15:00:32,15532,15532,15532,4,0
2023-05-15 15:00:35,15532,15532,15532,4,0
2023-05-15 15:00:36,15531,15531,15531,2,-2
2023-05-15 15:00:36,15531,15531,15531,2,0
2023-05-15 15:00:36,15532,15532,15532,4,4
2023-05-15 15:00:37,15531,15531,15531,2,-2
2023-05-15 15:00:37,15530,15530,15530,4,-4
2023-05-15 15:00:37,15530,15530,15530,8,0
2023-05-15 15:00:37,15530,15530,15530,2,0
2023-05-15 15:00:37,15530,15530,15530,2,0
2023-05-15 15:00:37,15530,15530,15530,2,0
2023-05-15 15:00:37,15530,15530,15530,2,0
2023-05-15 15:00:37,15530,15530,15530,2,0
2023-05-15 15:00:37,15530,15530,15530,2,0
2023-05-15 15:00:39,15530,15530,15530,2,0
2023-05-15 15:00:39,15529,15529,15529,2,-2
2023-05-15 15:00:39,15529,15529,15529,2,0
2023-05-15 15:00:39,15529,15529,15529,2,0
2023-05-15 15:00:39,15529,15529,15529,4,0
2023-05-15 15:00:39,15529,15529,15529,2,0
2023-05-15 15:00:42,15529,15529,15529,6,0
2023-05-15 15:00:42,15529,15529,15529,4,0
2023-05-15 15:00:42,15528,15528,15528,2,-2
2023-05-15 15:00:42,15530,15530,15530,2,2
2023-05-15 15:00:43,15528,15528,15528,2,-2
2023-05-15 15:00:44,15529,15529,15529,16,16
2023-05-15 15:00:45,15528,15528,15528,4,-4
2023-05-15 15:00:45,15528,15528,15528,12,0
2023-05-15 15:00:45,15528,15528,15528,2,0
2023-05-15 15:00:45,15528,15528,15528,2,0
2023-05-15 15:00:45,15528,15528,15528,6,0
2023-05-15 15:00:45,15528,15528,15528,4,0
2023-05-15 15:00:45,15528,15528,15528,2,0
2023-05-15 15:00:45,15528,15528,15528,2,0
2023-05-15 15:00:45,15528,15528,15528,4,0
2023-05-15 15:00:45,15528,15528,15528,20,0
2023-05-15 15:00:45,15528,15528,15528,4,0
2023-05-15 15:00:46,15528,15528,15528,4,0
2023-05-15 15:00:46,15528,15528,15528,6,0
2023-05-15 15:00:46,15529,15529,15529,4,4
2023-05-15 15:00:48,15528,15528,15528,20,-20
2023-05-15 15:00:49,15528,15528,15528,2,0
2023-05-15 15:00:50,15529,15529,15529,2,2
2023-05-15 15:00:50,15529,15529,15529,10,0
2023-05-15 15:00:52,15530,15530,15530,10,10
2023-05-15 15:00:54,15530,15530,15530,10,0
2023-05-15 15:00:54,15530,15530,15530,2,0
2023-05-15 15:00:55,15529,15529,15529,4,-4
2023-05-15 15:00:55,15530,15530,15530,4,4
2023-05-15 15:00:56,15530,15530,15530,2,0
2023-05-15 15:00:56,15530,15530,15530,2,0
2023-05-15 15:00:56,15530,15530,15530,2,0
2023-05-15 15:00:57,15529,15529,15529,2,-2
2023-05-15 15:00:57,15530,15530,15530,2,2
2023-05-15 15:00:59,15530,15530,15530,2,0
2023-05-15 15:01:00,15530,15530,15530,2,0
2023-05-15 15:01:00,15531,15531,15531,2,2
2023-05-15 15:01:00,15530,15530,15530,4,-4
2023-05-15 15:01:00,15531,15531,15531,2,2
2023-05-15 15:01:00,15531,15531,15531,2,0
2023-05-15 15:01:00,15531,15531,15531,2,0
2023-05-15 15:01:00,15531,15531,15531,2,0
2023-05-15 15:01:00,15531,15531,15531,2,0
2023-05-15 15:01:00,15531,15531,15531,2,0
2023-05-15 15:01:00,15531,15531,15531,2,0
2023-05-15 15:01:00,15531,15531,15531,4,0
2023-05-15 15:01:00,15531,15531,15531,4,0
2023-05-15 15:01:00,15532,15532,15532,12,12
2023-05-15 15:01:00,15533,15533,15533,12,12
2023-05-15 15:01:00,15532,15532,15532,4,-4
2023-05-15 15:01:00,15532,15532,15532,4,0
2023-05-15 15:01:00,15533,15533,15533,4,4
2023-05-15 15:01:00,15533,15533,15533,4,0
2023-05-15 15:01:00,15532,15532,15532,2,-2
2023-05-15 15:01:00,15532,15532,15532,2,0
2023-05-15 15:01:00,15532,15532,15532,2,0
2023-05-15 15:01:00,15533,15533,15533,2,2
2023-05-15 15:01:00,15533,15533,15533,2,0
2023-05-15 15:01:00,15533,15533,15533,4,0
2023-05-15 15:01:00,15533,15533,15533,2,0
2023-05-15 15:01:00,15533,15533,15533,4,0
2023-05-15 15:01:00,15533,15533,15533,4,0
2023-05-15 15:01:00,15533,15533,15533,2,0
2023-05-15 15:01:00,15533,15533,15533,4,0
2023-05-15 15:01:00,15533,15533,15533,2,0
2023-05-15 15:01:00,15533,15533,15533,4,0
2023-05-15 15:01:00,15533,15533,15533,2,0
2023-05-15 15:01:00,15532,15532,15532,4,-4
2023-05-15 15:01:01,15531,15531,15531,2,-2
2023-05-15 15:01:01,15531,15531,15531,4,0
2023-05-15 15:01:01,15530,15530,15530,2,-2
2023-05-15 15:01:05,15532,15532,15532,2,2
2023-05-15 15:01:06,15532,15532,15532,4,0
2023-05-15 15:01:07,15531,15531,15531,2,-2
2023-05-15 15:01:12,15531,15531,15531,4,0
2023-05-15 15:01:13,15531,15531,15531,2,0
2023-05-15 15:01:13,15531,15531,15531,2,0
2023-05-15 15:01:17,15531,15531,15531,2,0
2023-05-15 15:01:17,15531,15531,15531,2,0
2023-05-15 15:01:18,15531,15531,15531,2,0
2023-05-15 15:01:19,15532,15532,15532,2,2
2023-05-15 15:01:19,15531,15531,15531,2,-2
2023-05-15 15:01:19,15531,15531,15531,2,0
2023-05-15 15:01:24,15531,15531,15531,2,0
2023-05-15 15:01:24,15531,15531,15531,2,0
2023-05-15 15:01:24,15531,15531,15531,2,0
2023-05-15 15:01:26,15530,15530,15530,2,-2
2023-05-15 15:01:27,15532,15532,15532,2,2
2023-05-15 15:01:27,15531,15531,15531,2,-2
2023-05-15 15:01:29,15530,15530,15530,2,-2
2023-05-15 15:01:29,15530,15530,15530,2,0
2023-05-15 15:01:29,15530,15530,15530,2,0
2023-05-15 15:01:29,15530,15530,15530,50,0
2023-05-15 15:01:29,15530,15530,15530,10,0
2023-05-15 15:01:29,15530,15530,15530,2,0
2023-05-15 15:01:29,15530,15530,15530,2,0
2023-05-15 15:01:29,15530,15530,15530,2,0
2023-05-15 15:01:29,15530,15530,15530,16,0
2023-05-15 15:01:29,15530,15530,15530,6,0
2023-05-15 15:01:30,15529,15529,15529,2,-2
2023-05-15 15:01:30,15529,15529,15529,22,0
2023-05-15 15:01:30,15529,15529,15529,4,0
2023-05-15 15:01:30,15529,15529,15529,4,0
2023-05-15 15:01:30,15529,15529,15529,2,0
2023-05-15 15:01:30,15528,15528,15528,2,-2
2023-05-15 15:01:30,15529,15529,15529,2,2
2023-05-15 15:01:30,15530,15530,15530,6,6
2023-05-15 15:01:33,15529,15529,15529,2,-2
2023-05-15 15:01:33,15529,15529,15529,2,0
2023-05-15 15:01:33,15529,15529,15529,2,0
2023-05-15 15:01:33,15529,15529,15529,2,0
2023-05-15 15:01:39,15529,15529,15529,2,0
2023-05-15 15:01:39,15529,15529,15529,2,0
2023-05-15 15:01:39,15529,15529,15529,2,0
2023-05-15 15:01:39,15530,15530,15530,6,6
2023-05-15 15:01:44,15529,15529,15529,4,-4
2023-05-15 15:01:47,15529,15529,15529,2,0
2023-05-15 15:01:50,15530,15530,15530,4,4
2023-05-15 15:01:50,15530,15530,15530,14,0
2023-05-15 15:01:50,15530,15530,15530,2,0
2023-05-15 15:01:52,15530,15530,15530,2,0
2023-05-15 15:01:52,15530,15530,15530,2,0
2023-05-15 15:01:53,15529,15529,15529,2,-2
2023-05-15 15:01:55,15530,15530,15530,2,2
2023-05-15 15:01:55,15530,15530,15530,2,0
2023-05-15 15:01:56,15530,15530,15530,2,0
2023-05-15 15:01:56,15530,15530,15530,2,0
2023-05-15 15:01:57,15530,15530,15530,2,0
2023-05-15 15:01:57,15530,15530,15530,2,0
2023-05-15 15:01:57,15530,15530,15530,2,0
2023-05-15 15:01:57,15530,15530,15530,2,0
2023-05-15 15:01:57,15530,15530,15530,4,0
2023-05-15 15:01:57,15530,15530,15530,2,0
2023-05-15 15:01:57,15530,15530,15530,6,0
2023-05-15 15:01:57,15530,15530,15530,2,0
2023-05-15 15:01:59,15530,15530,15530,2,0
2023-05-15 15:01:59,15530,15530,15530,2,0
2023-05-15 15:02:00,15530,15530,15530,14,0
2023-05-15 15:02:00,15531,15531,15531,2,2
2023-05-15 15:02:00,15531,15531,15531,18,0
2023-05-15 15:02:00,15532,15532,15532,2,2
2023-05-15 15:02:00,15530,15530,15530,2,-2
2023-05-15 15:02:00,15532,15532,15532,2,2
2023-05-15 15:02:01,15530,15530,15530,2,-2
2023-05-15 15:02:02,15532,15532,15532,2,2
2023-05-15 15:02:02,15532,15532,15532,4,0
2023-05-15 15:02:03,15530,15530,15530,82,-82
2023-05-15 15:02:03,15530,15530,15530,2,0
2023-05-15 15:02:03,15530,15530,15530,4,0
2023-05-15 15:02:03,15530,15530,15530,2,0
2023-05-15 15:02:03,15529,15529,15529,2,-2
2023-05-15 15:02:03,15529,15529,15529,2,0
2023-05-15 15:02:03,15529,15529,15529,2,0
2023-05-15 15:02:03,15529,15529,15529,2,0
2023-05-15 15:02:03,15529,15529,15529,2,0
2023-05-15 15:02:04,15530,15530,15530,6,6
2023-05-15 15:02:08,15530,15530,15530,4,0
2023-05-15 15:02:08,15530,15530,15530,4,0
2023-05-15 15:02:08,15530,15530,15530,2,0
2023-05-15 15:02:09,15530,15530,15530,2,0
2023-05-15 15:02:15,15530,15530,15530,2,0
2023-05-15 15:02:15,15530,15530,15530,2,0
2023-05-15 15:02:16,15531,15531,15531,2,2
2023-05-15 15:02:16,15531,15531,15531,4,0
2023-05-15 15:02:17,15530,15530,15530,2,-2
2023-05-15 15:02:23,15531,15531,15531,2,2
2023-05-15 15:02:25,15530,15530,15530,6,-6
2023-05-15 15:02:25,15530,15530,15530,2,0
2023-05-15 15:02:25,15530,15530,15530,4,0
2023-05-15 15:02:29,15530,15530,15530,2,0
2023-05-15 15:02:29,15530,15530,15530,2,0
2023-05-15 15:02:29,15530,15530,15530,4,0
2023-05-15 15:02:29,15530,15530,15530,2,0
2023-05-15 15:02:29,15530,15530,15530,2,0
2023-05-15 15:02:29,15530,15530,15530,2,0
2023-05-15 15:02:29,15529,15529,15529,2,-2
2023-05-15 15:02:30,15530,15530,15530,2,2
2023-05-15 15:02:35,15529,15529,15529,2,-2
2023-05-15 15:02:35,15529,15529,15529,2,0
2023-05-15 15:02:35,15529,15529,15529,2,0
2023-05-15 15:02:35,15529,15529,15529,2,0
2023-05-15 15:02:36,15529,15529,15529,2,0
2023-05-15 15:02:38,15529,15529,15529,2,0
2023-05-15 15:02:38,15529,15529,15529,2,0
2023-05-15 15:02:38,15528,15528,15528,10,-10
2023-05-15 15:02:38,15528,15528,15528,2,0
2023-05-15 15:02:38,15528,15528,15528,2,0
2023-05-15 15:02:38,15528,15528,15528,2,0
2023-05-15 15:02:38,15528,15528,15528,2,0
2023-05-15 15:02:38,15528,15528,15528,2,0
2023-05-15 15:02:38,15528,15528,15528,2,0
2023-05-15 15:02:38,15528,15528,15528,2,0
2023-05-15 15:02:38,15528,15528,15528,2,0
2023-05-15 15:02:38,15528,15528,15528,6,0
2023-05-15 15:02:42,15527,15527,15527,2,-2
2023-05-15 15:02:42,15527,15527,15527,4,0
2023-05-15 15:02:42,15527,15527,15527,2,0
2023-05-15 15:02:42,15527,15527,15527,2,0
2023-05-15 15:02:42,15527,15527,15527,2,0
2023-05-15 15:02:43,15527,15527,15527,4,0
2023-05-15 15:02:44,15527,15527,15527,2,0
2023-05-15 15:02:45,15528,15528,15528,2,2
2023-05-15 15:02:46,15528,15528,15528,4,0
2023-05-15 15:02:50,15528,15528,15528,4,0
2023-05-15 15:02:50,15528,15528,15528,2,0
2023-05-15 15:02:55,15528,15528,15528,2,0
2023-05-15 15:02:56,15528,15528,15528,2,0
2023-05-15 15:02:56,15528,15528,15528,2,0
2023-05-15 15:02:56,15528,15528,15528,2,0
2023-05-15 15:02:57,15528,15528,15528,2,0
2023-05-15 15:03:00,15528,15528,15528,4,0
2023-05-15 15:03:00,15528,15528,15528,2,0
2023-05-15 15:03:00,15528,15528,15528,6,0
2023-05-15 15:03:00,15528,15528,15528,2,0
2023-05-15 15:03:00,15528,15528,15528,8,0
2023-05-15 15:03:00,15528,15528,15528,2,0
2023-05-15 15:03:02,15528,15528,15528,2,0
2023-05-15 15:03:02,15528,15528,15528,6,0
2023-05-15 15:03:02,15528,15528,15528,2,0
2023-05-15 15:03:04,15527,15527,15527,2,-2
2023-05-15 15:03:04,15527,15527,15527,2,0
2023-05-15 15:03:04,15527,15527,15527,2,0
2023-05-15 15:03:04,15527,15527,15527,30,0
2023-05-15 15:03:04,15527,15527,15527,2,0
2023-05-15 15:03:04,15527,15527,15527,2,0
2023-05-15 15:03:04,15527,15527,15527,2,0
2023-05-15 15:03:04,15527,15527,15527,2,0
2023-05-15 15:03:05,15526,15526,15526,2,-2
2023-05-15 15:03:05,15526,15526,15526,2,0
2023-05-15 15:03:05,15526,15526,15526,2,0
2023-05-15 15:03:05,15526,15526,15526,4,0
2023-05-15 15:03:05,15526,15526,15526,2,0
2023-05-15 15:03:05,15526,15526,15526,2,0
2023-05-15 15:03:05,15526,15526,15526,2,0
2023-05-15 15:03:05,15526,15526,15526,4,0
2023-05-15 15:03:11,15527,15527,15527,12,12
2023-05-15 15:03:14,15527,15527,15527,2,0
2023-05-15 15:03:21,15527,15527,15527,2,0
2023-05-15 15:03:23,15527,15527,15527,2,0
2023-05-15 15:03:23,15527,15527,15527,2,0
2023-05-15 15:03:23,15528,15528,15528,2,2
2023-05-15 15:03:26,15527,15527,15527,4,-4
2023-05-15 15:03:26,15527,15527,15527,8,0
2023-05-15 15:03:29,15526,15526,15526,2,-2
2023-05-15 15:03:29,15526,15526,15526,2,0
2023-05-15 15:03:29,15526,15526,15526,2,0
2023-05-15 15:03:33,15526,15526,15526,2,0
2023-05-15 15:03:34,15526,15526,15526,2,0
2023-05-15 15:03:34,15526,15526,15526,2,0
2023-05-15 15:03:35,15526,15526,15526,2,0
2023-05-15 15:03:35,15526,15526,15526,2,0
2023-05-15 15:03:35,15526,15526,15526,2,0
2023-05-15 15:03:37,15526,15526,15526,2,0
2023-05-15 15:03:43,15525,15525,15525,2,-2
2023-05-15 15:03:43,15525,15525,15525,6,0
2023-05-15 15:03:43,15525,15525,15525,2,0
2023-05-15 15:03:43,15525,15525,15525,2,0
2023-05-15 15:03:43,15525,15525,15525,2,0
2023-05-15 15:03:43,15525,15525,15525,2,0
2023-05-15 15:03:43,15525,15525,15525,2,0
2023-05-15 15:03:43,15525,15525,15525,2,0
2023-05-15 15:03:44,15526,15526,15526,6,6
2023-05-15 15:03:46,15526,15526,15526,2,0
2023-05-15 15:03:46,15526,15526,15526,2,0
2023-05-15 15:03:46,15526,15526,15526,2,0
2023-05-15 15:03:47,15526,15526,15526,2,0
2023-05-15 15:03:49,15526,15526,15526,2,0
2023-05-15 15:03:50,15526,15526,15526,2,0
2023-05-15 15:03:54,15527,15527,15527,2,2
2023-05-15 15:03:54,15527,15527,15527,2,0
2023-05-15 15:03:55,15527,15527,15527,2,0
2023-05-15 15:04:00,15528,15528,15528,12,12
2023-05-15 15:04:00,15528,15528,15528,2,0
2023-05-15 15:04:00,15528,15528,15528,12,0
2023-05-15 15:04:00,15528,15528,15528,2,0
2023-05-15 15:04:01,15530,15530,15530,4,4
2023-05-15 15:04:07,15529,15529,15529,2,-2
2023-05-15 15:04:07,15529,15529,15529,2,0
2023-05-15 15:04:07,15529,15529,15529,2,0
2023-05-15 15:04:07,15529,15529,15529,2,0
2023-05-15 15:04:09,15529,15529,15529,2,0
2023-05-15 15:04:11,15528,15528,15528,2,-2
2023-05-15 15:04:15,15529,15529,15529,2,2
2023-05-15 15:04:18,15529,15529,15529,2,0
2023-05-15 15:04:19,15529,15529,15529,2,0
2023-05-15 15:04:19,15529,15529,15529,2,0
2023-05-15 15:04:19,15529,15529,15529,6,0
2023-05-15 15:04:20,15529,15529,15529,2,0
2023-05-15 15:04:21,15529,15529,15529,2,0
2023-05-15 15:04:22,15530,15530,15530,4,4
2023-05-15 15:04:30,15529,15529,15529,2,-2
2023-05-15 15:04:30,15529,15529,15529,2,0
2023-05-15 15:04:30,15529,15529,15529,6,0
2023-05-15 15:04:30,15529,15529,15529,2,0
2023-05-15 15:04:30,15529,15529,15529,2,0
2023-05-15 15:04:31,15529,15529,15529,2,0
2023-05-15 15:04:31,15529,15529,15529,2,0
2023-05-15 15:04:40,15528,15528,15528,2,-2
2023-05-15 15:04:48,15528,15528,15528,4,0
2023-05-15 15:04:48,15528,15528,15528,2,0
2023-05-15 15:04:48,15528,15528,15528,4,0
2023-05-15 15:04:48,15529,15529,15529,2,2
2023-05-15 15:04:50,15529,15529,15529,2,0
2023-05-15 15:04:51,15530,15530,15530,4,4
2023-05-15 15:05:00,15529,15529,15529,2,-2
2023-05-15 15:05:00,15528,15528,15528,2,-2
2023-05-15 15:05:00,15529,15529,15529,2,2
2023-05-15 15:05:01,15529,15529,15529,2,0
2023-05-15 15:05:01,15529,15529,15529,2,0
2023-05-15 15:05:01,15529,15529,15529,2,0
2023-05-15 15:05:01,15529,15529,15529,2,0
2023-05-15 15:05:01,15529,15529,15529,2,0
2023-05-15 15:05:01,15529,15529,15529,2,0
2023-05-15 15:05:01,15529,15529,15529,2,0
2023-05-15 15:05:05,15529,15529,15529,2,0
2023-05-15 15:05:05,15529,15529,15529,4,0
2023-05-15 15:05:09,15529,15529,15529,2,0
2023-05-15 15:05:10,15530,15530,15530,2,2
2023-05-15 15:05:14,15530,15530,15530,2,0
2023-05-15 15:05:15,15529,15529,15529,2,-2
2023-05-15 15:05:18,15529,15529,15529,2,0
2023-05-15 15:05:30,15529,15529,15529,2,0
2023-05-15 15:05:30,15529,15529,15529,2,0
2023-05-15 15:05:32,15529,15529,15529,2,0
2023-05-15 15:05:32,15529,15529,15529,2,0
2023-05-15 15:05:46,15530,15530,15530,2,2
2023-05-15 15:05:46,15530,15530,15530,4,0
2023-05-15 15:05:46,15530,15530,15530,6,0
2023-05-15 15:05:46,15530,15530,15530,28,0
2023-05-15 15:05:46,15530,15530,15530,6,0
2023-05-15 15:05:46,15530,15530,15530,2,0
2023-05-15 15:05:46,15530,15530,15530,28,0
2023-05-15 15:05:51,15530,15530,15530,2,0
2023-05-15 15:05:52,15531,15531,15531,6,6
2023-05-15 15:05:53,15531,15531,15531,2,0
2023-05-15 15:05:53,15531,15531,15531,2,0
2023-05-15 15:05:54,15531,15531,15531,2,0
2023-05-15 15:05:56,15531,15531,15531,2,0
2023-05-15 15:05:56,15531,15531,15531,2,0
2023-05-15 15:05:56,15531,15531,15531,2,0
2023-05-15 15:05:56,15531,15531,15531,4,0
2023-05-15 15:06:00,15532,15532,15532,2,2
2023-05-15 15:06:03,15531,15531,15531,12,-12
2023-05-15 15:06:03,15531,15531,15531,2,0
2023-05-15 15:06:03,15531,15531,15531,4,0
2023-05-15 15:06:03,15531,15531,15531,2,0
2023-05-15 15:06:04,15532,15532,15532,2,2
2023-05-15 15:06:17,15532,15532,15532,2,0
2023-05-15 15:06:20,15532,15532,15532,2,0
2023-05-15 15:06:20,15532,15532,15532,6,0
2023-05-15 15:06:24,15532,15532,15532,2,0
2023-05-15 15:06:25,15532,15532,15532,4,0
2023-05-15 15:06:26,15531,15531,15531,2,-2
2023-05-15 15:06:26,15531,15531,15531,2,0
2023-05-15 15:06:26,15531,15531,15531,2,0
2023-05-15 15:06:27,15530,15530,15530,4,-4
2023-05-15 15:06:27,15530,15530,15530,2,0
2023-05-15 15:06:27,15530,15530,15530,4,0
2023-05-15 15:06:27,15530,15530,15530,36,0
2023-05-15 15:06:27,15530,15530,15530,4,0
2023-05-15 15:06:27,15530,15530,15530,2,0
2023-05-15 15:06:27,15530,15530,15530,10,0
2023-05-15 15:06:27,15530,15530,15530,4,0
2023-05-15 15:06:27,15530,15530,15530,4,0
2023-05-15 15:06:27,15530,15530,15530,2,0
2023-05-15 15:06:28,15529,15529,15529,2,-2
2023-05-15 15:06:28,15529,15529,15529,2,0
2023-05-15 15:06:30,15531,15531,15531,2,2
2023-05-15 15:06:36,15530,15530,15530,2,-2
2023-05-15 15:06:41,15531,15531,15531,4,4
2023-05-15 15:06:45,15531,15531,15531,2,0
2023-05-15 15:06:50,15530,15530,15530,2,-2
2023-05-15 15:06:50,15530,15530,15530,4,0
2023-05-15 15:06:51,15531,15531,15531,2,2
2023-05-15 15:06:53,15530,15530,15530,4,-4
2023-05-15 15:06:55,15530,15530,15530,2,0
2023-05-15 15:06:55,15530,15530,15530,2,0
2023-05-15 15:06:59,15531,15531,15531,2,2
2023-05-15 15:07:03,15531,15531,15531,2,0
2023-05-15 15:07:03,15531,15531,15531,2,0
2023-05-15 15:07:09,15531,15531,15531,6,0
2023-05-15 15:07:11,15531,15531,15531,2,0
2023-05-15 15:07:11,15531,15531,15531,8,0
2023-05-15 15:07:19,15532,15532,15532,6,6
2023-05-15 15:07:24,15532,15532,15532,2,0
2023-05-15 15:07:26,15532,15532,15532,2,0
2023-05-15 15:07:29,15531,15531,15531,2,-2
2023-05-15 15:07:30,15531,15531,15531,4,0
2023-05-15 15:07:30,15531,15531,15531,16,0
2023-05-15 15:07:33,15531,15531,15531,2,0
2023-05-15 15:07:33,15531,15531,15531,2,0
2023-05-15 15:07:33,15531,15531,15531,2,0
2023-05-15 15:07:33,15531,15531,15531,2,0
2023-05-15 15:07:34,15530,15530,15530,2,-2
2023-05-15 15:07:36,15532,15532,15532,2,2
2023-05-15 15:07:42,15531,15531,15531,2,-2
2023-05-15 15:07:43,15531,15531,15531,2,0
2023-05-15 15:07:46,15531,15531,15531,2,0
2023-05-15 15:07:46,15531,15531,15531,2,0
2023-05-15 15:07:46,15531,15531,15531,4,0
2023-05-15 15:07:46,15531,15531,15531,2,0
2023-05-15 15:07:46,15531,15531,15531,6,0
2023-05-15 15:07:46,15531,15531,15531,2,0
2023-05-15 15:07:46,15531,15531,15531,2,0
2023-05-15 15:07:46,15532,15532,15532,2,2
2023-05-15 15:07:48,15531,15531,15531,2,-2
2023-05-15 15:07:48,15531,15531,15531,4,0
2023-05-15 15:07:49,15531,15531,15531,14,0
2023-05-15 15:07:52,15531,15531,15531,2,0
2023-05-15 15:07:53,15531,15531,15531,2,0
2023-05-15 15:07:54,15531,15531,15531,2,0
2023-05-15 15:07:56,15532,15532,15532,2,2
2023-05-15 15:07:57,15531,15531,15531,2,-2
2023-05-15 15:07:59,15530,15530,15530,4,-4
2023-05-15 15:08:04,15531,15531,15531,4,4
2023-05-15 15:08:04,15531,15531,15531,4,0
2023-05-15 15:08:04,15531,15531,15531,2,0
2023-05-15 15:08:04,15531,15531,15531,2,0
2023-05-15 15:08:04,15531,15531,15531,6,0
2023-05-15 15:08:04,15531,15531,15531,2,0
2023-05-15 15:08:05,15532,15532,15532,2,2
2023-05-15 15:08:05,15531,15531,15531,2,-2
2023-05-15 15:08:05,15532,15532,15532,4,4
2023-05-15 15:08:07,15532,15532,15532,2,0
2023-05-15 15:08:07,15532,15532,15532,2,0
2023-05-15 15:08:07,15532,15532,15532,30,0
2023-05-15 15:08:08,15532,15532,15532,2,0
2023-05-15 15:08:09,15532,15532,15532,2,0
2023-05-15 15:08:12,15532,15532,15532,2,0
2023-05-15 15:08:12,15532,15532,15532,2,0
2023-05-15 15:08:13,15532,15532,15532,4,0
2023-05-15 15:08:13,15532,15532,15532,6,0
2023-05-15 15:08:13,15532,15532,15532,2,0
2023-05-15 15:08:13,15532,15532,15532,2,0
2023-05-15 15:08:14,15532,15532,15532,2,0
2023-05-15 15:08:18,15532,15532,15532,2,0
2023-05-15 15:08:20,15533,15533,15533,4,4
2023-05-15 15:08:20,15533,15533,15533,34,0
2023-05-15 15:08:20,15533,15533,15533,2,0
2023-05-15 15:08:21,15532,15532,15532,4,-4
2023-05-15 15:08:29,15532,15532,15532,2,0
2023-05-15 15:08:29,15532,15532,15532,2,0
2023-05-15 15:08:30,15533,15533,15533,2,2
2023-05-15 15:08:31,15532,15532,15532,2,-2
2023-05-15 15:08:48,15532,15532,15532,4,0
2023-05-15 15:08:48,15532,15532,15532,2,0
2023-05-15 15:08:48,15531,15531,15531,2,-2
2023-05-15 15:08:52,15531,15531,15531,2,0
2023-05-15 15:08:56,15531,15531,15531,2,0
2023-05-15 15:09:01,15531,15531,15531,2,0
2023-05-15 15:09:01,15531,15531,15531,8,0
2023-05-15 15:09:01,15531,15531,15531,2,0
2023-05-15 15:09:01,15531,15531,15531,2,0
2023-05-15 15:09:01,15531,15531,15531,2,0
2023-05-15 15:09:01,15531,15531,15531,4,0
2023-05-15 15:09:01,15531,15531,15531,2,0
2023-05-15 15:09:01,15530,15530,15530,46,-46
2023-05-15 15:09:01,15530,15530,15530,2,0
2023-05-15 15:09:01,15530,15530,15530,2,0
2023-05-15 15:09:01,15530,15530,15530,8,0
2023-05-15 15:09:01,15530,15530,15530,2,0
2023-05-15 15:09:01,15530,15530,15530,2,0
2023-05-15 15:09:01,15530,15530,15530,4,0
2023-05-15 15:09:01,15530,15530,15530,2,0
2023-05-15 15:09:01,15530,15530,15530,2,0
2023-05-15 15:09:01,15530,15530,15530,2,0
2023-05-15 15:09:01,15530,15530,15530,2,0
2023-05-15 15:09:01,15530,15530,15530,4,0
2023-05-15 15:09:01,15530,15530,15530,6,0
2023-05-15 15:09:01,15530,15530,15530,2,0
2023-05-15 15:09:01,15530,15530,15530,2,0
2023-05-15 15:09:01,15530,15530,15530,6,0
2023-05-15 15:09:01,15530,15530,15530,2,0
2023-05-15 15:09:05,15529,15529,15529,2,-2
2023-05-15 15:09:05,15529,15529,15529,4,0
2023-05-15 15:09:05,15529,15529,15529,6,0
2023-05-15 15:09:05,15529,15529,15529,2,0
2023-05-15 15:09:05,15529,15529,15529,2,0
2023-05-15 15:09:10,15529,15529,15529,2,0
2023-05-15 15:09:11,15528,15528,15528,2,-2
2023-05-15 15:09:14,15529,15529,15529,4,4
2023-05-15 15:09:15,15528,15528,15528,2,-2
2023-05-15 15:09:17,15528,15528,15528,2,0
2023-05-15 15:09:17,15528,15528,15528,4,0
2023-05-15 15:09:17,15528,15528,15528,2,0
2023-05-15 15:09:17,15528,15528,15528,2,0
2023-05-15 15:09:17,15528,15528,15528,2,0
2023-05-15 15:09:17,15528,15528,15528,2,0
2023-05-15 15:09:17,15528,15528,15528,2,0
2023-05-15 15:09:17,15528,15528,15528,2,0
2023-05-15 15:09:24,15527,15527,15527,2,-2
2023-05-15 15:09:24,15527,15527,15527,4,0
2023-05-15 15:09:25,15528,15528,15528,2,2
2023-05-15 15:09:25,15528,15528,15528,2,0
2023-05-15 15:09:28,15528,15528,15528,2,0
2023-05-15 15:09:28,15528,15528,15528,2,0
2023-05-15 15:09:28,15528,15528,15528,4,0
2023-05-15 15:09:30,15530,15530,15530,2,2
2023-05-15 15:09:31,15528,15528,15528,2,-2
2023-05-15 15:09:33,15529,15529,15529,2,2
2023-05-15 15:09:41,15529,15529,15529,2,0
2023-05-15 15:10:00,15530,15530,15530,4,4
2023-05-15 15:10:00,15530,15530,15530,2,0
2023-05-15 15:10:00,15531,15531,15531,2,2
2023-05-15 15:10:00,15531,15531,15531,6,0
2023-05-15 15:10:00,15532,15532,15532,4,4
2023-05-15 15:10:00,15532,15532,15532,4,0
2023-05-15 15:10:01,15532,15532,15532,2,0
2023-05-15 15:10:01,15532,15532,15532,2,0
2023-05-15 15:10:01,15532,15532,15532,2,0
2023-05-15 15:10:01,15532,15532,15532,2,0
2023-05-15 15:10:01,15533,15533,15533,2,2
2023-05-15 15:10:01,15533,15533,15533,10,0
2023-05-15 15:10:01,15533,15533,15533,8,0
2023-05-15 15:10:01,15534,15534,15534,2,2
2023-05-15 15:10:01,15534,15534,15534,2,0
2023-05-15 15:10:01,15534,15534,15534,2,0
2023-05-15 15:10:01,15534,15534,15534,2,0
2023-05-15 15:10:01,15534,15534,15534,2,0
2023-05-15 15:10:01,15534,15534,15534,2,0
2023-05-15 15:10:01,15534,15534,15534,2,0
2023-05-15 15:10:01,15534,15534,15534,2,0
2023-05-15 15:10:01,15534,15534,15534,4,0
2023-05-15 15:10:02,15534,15534,15534,2,0
2023-05-15 15:10:02,15534,15534,15534,2,0
2023-05-15 15:10:04,15534,15534,15534,2,0
2023-05-15 15:10:04,15534,15534,15534,2,0
2023-05-15 15:10:06,15534,15534,15534,2,0
2023-05-15 15:10:09,15533,15533,15533,4,-4
2023-05-15 15:10:10,15534,15534,15534,2,2
2023-05-15 15:10:18,15533,15533,15533,2,-2
2023-05-15 15:10:19,15534,15534,15534,4,4
2023-05-15 15:10:23,15534,15534,15534,2,0
2023-05-15 15:10:23,15534,15534,15534,4,0
2023-05-15 15:10:24,15534,15534,15534,2,0
2023-05-15 15:10:24,15534,15534,15534,4,0
2023-05-15 15:10:24,15533,15533,15533,4,-4
2023-05-15 15:10:24,15533,15533,15533,2,0
2023-05-15 15:10:24,15533,15533,15533,2,0
2023-05-15 15:10:27,15534,15534,15534,2,2
2023-05-15 15:10:29,15534,15534,15534,2,0
2023-05-15 15:10:29,15534,15534,15534,2,0
2023-05-15 15:10:36,15533,15533,15533,2,-2
2023-05-15 15:10:40,15533,15533,15533,4,0
2023-05-15 15:10:40,15533,15533,15533,2,0
2023-05-15 15:10:45,15532,15532,15532,2,-2
2023-05-15 15:10:45,15532,15532,15532,2,0
2023-05-15 15:10:45,15531,15531,15531,4,-4
2023-05-15 15:10:46,15532,15532,15532,2,2
2023-05-15 15:10:46,15532,15532,15532,2,0
2023-05-15 15:10:47,15532,15532,15532,2,0
2023-05-15 15:10:49,15531,15531,15531,2,-2
2023-05-15 15:10:53,15531,15531,15531,4,0
2023-05-15 15:10:53,15531,15531,15531,2,0
2023-05-15 15:11:00,15532,15532,15532,4,4
2023-05-15 15:11:00,15533,15533,15533,2,2
2023-05-15 15:11:00,15533,15533,15533,2,0
2023-05-15 15:11:09,15532,15532,15532,2,-2
2023-05-15 15:11:09,15532,15532,15532,2,0
2023-05-15 15:11:09,15532,15532,15532,6,0
2023-05-15 15:11:09,15532,15532,15532,2,0
2023-05-15 15:11:13,15533,15533,15533,10,10
2023-05-15 15:11:15,15533,15533,15533,4,0
2023-05-15 15:11:15,15534,15534,15534,2,2
2023-05-15 15:11:23,15533,15533,15533,2,-2
2023-05-15 15:11:23,15532,15532,15532,2,-2
2023-05-15 15:11:24,15532,15532,15532,4,0
2023-05-15 15:11:28,15532,15532,15532,4,0
2023-05-15 15:11:30,15532,15532,15532,2,0
2023-05-15 15:11:32,15531,15531,15531,2,-2
2023-05-15 15:11:40,15532,15532,15532,2,2
2023-05-15 15:11:41,15532,15532,15532,4,0
2023-05-15 15:11:46,15531,15531,15531,2,-2
2023-05-15 15:11:47,15531,15531,15531,2,0
2023-05-15 15:12:00,15531,15531,15531,2,0
2023-05-15 15:12:00,15531,15531,15531,2,0
2023-05-15 15:12:00,15531,15531,15531,4,0
2023-05-15 15:12:00,15531,15531,15531,2,0
2023-05-15 15:12:00,15531,15531,15531,2,0
2023-05-15 15:12:00,15530,15530,15530,2,-2
2023-05-15 15:12:08,15531,15531,15531,2,2
2023-05-15 15:12:09,15532,15532,15532,8,8
2023-05-15 15:12:09,15530,15530,15530,2,-2
2023-05-15 15:12:09,15530,15530,15530,2,0
2023-05-15 15:12:09,15530,15530,15530,22,0
2023-05-15 15:12:09,15530,15530,15530,6,0
2023-05-15 15:12:09,15530,15530,15530,4,0
2023-05-15 15:12:09,15530,15530,15530,4,0
2023-05-15 15:12:09,15532,15532,15532,2,2
2023-05-15 15:12:10,15532,15532,15532,8,0
2023-05-15 15:12:13,15531,15531,15531,2,-2
2023-05-15 15:12:19,15531,15531,15531,2,0
2023-05-15 15:12:19,15531,15531,15531,2,0
2023-05-15 15:12:19,15531,15531,15531,4,0
2023-05-15 15:12:19,15531,15531,15531,2,0
2023-05-15 15:12:19,15531,15531,15531,2,0
2023-05-15 15:12:19,15531,15531,15531,4,0
2023-05-15 15:12:19,15531,15531,15531,4,0
2023-05-15 15:12:19,15531,15531,15531,2,0
2023-05-15 15:12:19,15531,15531,15531,6,0
2023-05-15 15:12:27,15531,15531,15531,12,0
2023-05-15 15:12:27,15531,15531,15531,4,0
2023-05-15 15:12:27,15531,15531,15531,2,0
2023-05-15 15:12:28,15532,15532,15532,8,8
2023-05-15 15:12:30,15532,15532,15532,4,0
2023-05-15 15:12:33,15532,15532,15532,2,0
2023-05-15 15:12:36,15533,15533,15533,2,2
2023-05-15 15:12:37,15533,15533,15533,2,0
2023-05-15 15:12:37,15533,15533,15533,2,0
2023-05-15 15:12:37,15533,15533,15533,4,0
2023-05-15 15:12:37,15533,15533,15533,2,0
2023-05-15 15:12:37,15533,15533,15533,2,0
2023-05-15 15:12:39,15533,15533,15533,2,0
2023-05-15 15:12:41,15534,15534,15534,10,10
2023-05-15 15:12:42,15533,15533,15533,2,-2
2023-05-15 15:12:42,15534,15534,15534,2,2
2023-05-15 15:12:43,15534,15534,15534,8,0
2023-05-15 15:12:43,15533,15533,15533,4,-4
2023-05-15 15:12:43,15533,15533,15533,6,0
2023-05-15 15:12:43,15533,15533,15533,2,0
2023-05-15 15:12:44,15535,15535,15535,10,10
2023-05-15 15:12:44,15535,15535,15535,6,0
2023-05-15 15:12:44,15535,15535,15535,4,0
2023-05-15 15:12:46,15535,15535,15535,10,0
2023-05-15 15:12:46,15535,15535,15535,2,0
2023-05-15 15:12:47,15535,15535,15535,4,0
2023-05-15 15:12:48,15535,15535,15535,4,0
2023-05-15 15:12:49,15534,15534,15534,2,-2
2023-05-15 15:12:49,15534,15534,15534,8,0
2023-05-15 15:12:49,15534,15534,15534,2,0
2023-05-15 15:12:49,15534,15534,15534,2,0
2023-05-15 15:12:49,15534,15534,15534,2,0
2023-05-15 15:12:50,15534,15534,15534,2,0
2023-05-15 15:12:53,15535,15535,15535,8,8
2023-05-15 15:12:53,15535,15535,15535,4,0
2023-05-15 15:12:57,15535,15535,15535,4,0
2023-05-15 15:12:58,15535,15535,15535,16,0
2023-05-15 15:13:00,15535,15535,15535,8,0
2023-05-15 15:13:00,15534,15534,15534,8,-8
2023-05-15 15:13:00,15534,15534,15534,2,0
2023-05-15 15:13:01,15533,15533,15533,2,-2
2023-05-15 15:13:03,15535,15535,15535,2,2
2023-05-15 15:13:04,15533,15533,15533,2,-2
2023-05-15 15:13:06,15535,15535,15535,14,14
2023-05-15 15:13:10,15535,15535,15535,4,0
2023-05-15 15:13:12,15535,15535,15535,2,0
2023-05-15 15:13:13,15535,15535,15535,4,0
2023-05-15 15:13:14,15535,15535,15535,2,0
2023-05-15 15:13:14,15535,15535,15535,2,0
2023-05-15 15:13:15,15535,15535,15535,2,0
2023-05-15 15:13:19,15534,15534,15534,2,-2
2023-05-15 15:13:19,15533,15533,15533,2,-2
2023-05-15 15:13:19,15533,15533,15533,2,0
2023-05-15 15:13:19,15533,15533,15533,2,0
2023-05-15 15:13:21,15533,15533,15533,2,0
2023-05-15 15:13:21,15532,15532,15532,2,-2
2023-05-15 15:13:27,15531,15531,15531,2,-2
2023-05-15 15:13:27,15531,15531,15531,2,0
2023-05-15 15:13:29,15531,15531,15531,2,0
2023-05-15 15:13:29,15531,15531,15531,4,0
2023-05-15 15:13:29,15531,15531,15531,2,0
2023-05-15 15:13:31,15531,15531,15531,2,0
2023-05-15 15:13:33,15530,15530,15530,2,-2
2023-05-15 15:13:37,15530,15530,15530,4,0
2023-05-15 15:13:40,15531,15531,15531,2,2
2023-05-15 15:13:43,15530,15530,15530,2,-2
2023-05-15 15:13:43,15530,15530,15530,2,0
2023-05-15 15:13:43,15530,15530,15530,2,0
2023-05-15 15:13:43,15530,15530,15530,2,0
2023-05-15 15:13:43,15530,15530,15530,12,0
2023-05-15 15:13:44,15531,15531,15531,2,2
2023-05-15 15:13:49,15531,15531,15531,2,0
2023-05-15 15:13:52,15530,15530,15530,4,-4
2023-05-15 15:13:52,15531,15531,15531,2,2
2023-05-15 15:13:52,15530,15530,15530,6,-6
2023-05-15 15:14:06,15531,15531,15531,4,4
2023-05-15 15:14:08,15531,15531,15531,2,0
2023-05-15 15:14:09,15531,15531,15531,2,0
2023-05-15 15:14:13,15531,15531,15531,2,0
2023-05-15 15:14:18,15530,15530,15530,2,-2
2023-05-15 15:14:18,15530,15530,15530,2,0
2023-05-15 15:14:18,15530,15530,15530,2,0
2023-05-15 15:14:18,15530,15530,15530,4,0
2023-05-15 15:14:18,15530,15530,15530,2,0
2023-05-15 15:14:18,15530,15530,15530,14,0
2023-05-15 15:14:18,15530,15530,15530,2,0
2023-05-15 15:14:18,15530,15530,15530,2,0
2023-05-15 15:14:18,15530,15530,15530,14,0
2023-05-15 15:14:18,15530,15530,15530,12,0
2023-05-15 15:14:18,15530,15530,15530,2,0
2023-05-15 15:14:18,15530,15530,15530,2,0
2023-05-15 15:14:18,15529,15529,15529,2,-2
2023-05-15 15:14:18,15529,15529,15529,2,0
2023-05-15 15:14:18,15529,15529,15529,2,0
2023-05-15 15:14:18,15529,15529,15529,2,0
2023-05-15 15:14:18,15529,15529,15529,2,0
2023-05-15 15:14:18,15529,15529,15529,2,0
2023-05-15 15:14:18,15529,15529,15529,10,0
2023-05-15 15:14:18,15529,15529,15529,2,0
2023-05-15 15:14:18,15529,15529,15529,2,0
2023-05-15 15:14:18,15529,15529,15529,2,0
2023-05-15 15:14:18,15529,15529,15529,2,0
2023-05-15 15:14:20,15528,15528,15528,2,-2
2023-05-15 15:14:21,15528,15528,15528,2,0
2023-05-15 15:14:22,15528,15528,15528,2,0
2023-05-15 15:14:28,15528,15528,15528,2,0
2023-05-15 15:14:29,15528,15528,15528,2,0
2023-05-15 15:14:29,15528,15528,15528,2,0
2023-05-15 15:14:29,15528,15528,15528,2,0
2023-05-15 15:14:29,15528,15528,15528,2,0
2023-05-15 15:14:30,15528,15528,15528,2,0
2023-05-15 15:14:30,15528,15528,15528,4,0
2023-05-15 15:14:30,15528,15528,15528,4,0
2023-05-15 15:14:30,15528,15528,15528,2,0
2023-05-15 15:14:32,15528,15528,15528,2,0
2023-05-15 15:14:32,15528,15528,15528,2,0
2023-05-15 15:14:32,15528,15528,15528,4,0
2023-05-15 15:14:32,15527,15527,15527,2,-2
2023-05-15 15:14:32,15527,15527,15527,2,0
2023-05-15 15:14:32,15527,15527,15527,2,0
2023-05-15 15:14:34,15527,15527,15527,2,0
2023-05-15 15:14:35,15527,15527,15527,2,0
2023-05-15 15:14:38,15527,15527,15527,2,0
2023-05-15 15:14:39,15528,15528,15528,4,4
2023-05-15 15:14:41,15527,15527,15527,2,-2
2023-05-15 15:14:41,15527,15527,15527,2,0
2023-05-15 15:14:41,15527,15527,15527,2,0
2023-05-15 15:14:43,15527,15527,15527,2,0
2023-05-15 15:14:44,15528,15528,15528,2,2
2023-05-15 15:14:51,15528,15528,15528,4,0
2023-05-15 15:14:52,15527,15527,15527,6,-6
2023-05-15 15:14:52,15527,15527,15527,2,0
2023-05-15 15:14:52,15527,15527,15527,2,0
2023-05-15 15:15:00,15528,15528,15528,2,2
2023-05-15 15:15:01,15528,15528,15528,2,0
2023-05-15 15:15:01,15528,15528,15528,2,0
2023-05-15 15:15:01,15528,15528,15528,2,0
2023-05-15 15:15:01,15528,15528,15528,2,0
2023-05-15 15:15:01,15529,15529,15529,8,8
2023-05-15 15:15:01,15529,15529,15529,2,0
2023-05-15 15:15:01,15529,15529,15529,2,0
2023-05-15 15:15:01,15527,15527,15527,2,-2
2023-05-15 15:15:01,15529,15529,15529,2,2
2023-05-15 15:15:01,15529,15529,15529,2,0
2023-05-15 15:15:01,15529,15529,15529,12,0
2023-05-15 15:15:01,15529,15529,15529,2,0
2023-05-15 15:15:01,15529,15529,15529,6,0
2023-05-15 15:15:02,15528,15528,15528,2,-2
2023-05-15 15:15:03,15528,15528,15528,4,0
2023-05-15 15:15:11,15528,15528,15528,2,0
2023-05-15 15:15:18,15528,15528,15528,2,0
2023-05-15 15:15:24,15528,15528,15528,2,0
2023-05-15 15:15:24,15528,15528,15528,2,0
2023-05-15 15:15:27,15528,15528,15528,2,0
2023-05-15 15:15:27,15528,15528,15528,2,0
2023-05-15 15:15:27,15528,15528,15528,2,0
2023-05-15 15:15:35,15528,15528,15528,2,0
2023-05-15 15:15:44,15528,15528,15528,2,0
2023-05-15 15:15:44,15528,15528,15528,2,0
2023-05-15 15:15:44,15528,15528,15528,2,0
2023-05-15 15:15:44,15528,15528,15528,4,0
2023-05-15 15:15:45,15529,15529,15529,4,4
2023-05-15 15:15:47,15528,15528,15528,10,-10
2023-05-15 15:15:47,15528,15528,15528,2,0
2023-05-15 15:15:47,15527,15527,15527,2,-2
2023-05-15 15:15:47,15527,15527,15527,2,0
2023-05-15 15:15:49,15528,15528,15528,2,2
2023-05-15 15:15:52,15527,15527,15527,2,-2
2023-05-15 15:15:59,15528,15528,15528,2,2
2023-05-15 15:16:05,15527,15527,15527,2,-2
2023-05-15 15:16:05,15527,15527,15527,2,0
2023-05-15 15:16:05,15527,15527,15527,2,0
2023-05-15 15:16:07,15527,15527,15527,2,0
2023-05-15 15:16:07,15527,15527,15527,2,0
2023-05-15 15:16:07,15527,15527,15527,4,0
2023-05-15 15:16:07,15527,15527,15527,6,0
2023-05-15 15:16:07,15527,15527,15527,2,0
2023-05-15 15:16:08,15526,15526,15526,2,-2
2023-05-15 15:16:08,15526,15526,15526,2,0
2023-05-15 15:16:08,15526,15526,15526,2,0
2023-05-15 15:16:08,15526,15526,15526,2,0
2023-05-15 15:16:08,15526,15526,15526,2,0
2023-05-15 15:16:08,15526,15526,15526,2,0
2023-05-15 15:16:08,15526,15526,15526,2,0
2023-05-15 15:16:08,15526,15526,15526,2,0
2023-05-15 15:16:16,15526,15526,15526,2,0
2023-05-15 15:16:16,15526,15526,15526,2,0
2023-05-15 15:16:16,15526,15526,15526,2,0
2023-05-15 15:16:16,15526,15526,15526,4,0
2023-05-15 15:16:22,15526,15526,15526,2,0
2023-05-15 15:16:22,15526,15526,15526,2,0
2023-05-15 15:16:31,15526,15526,15526,2,0
2023-05-15 15:16:32,15526,15526,15526,4,0
2023-05-15 15:16:32,15526,15526,15526,2,0
2023-05-15 15:16:33,15526,15526,15526,2,0
2023-05-15 15:16:33,15526,15526,15526,4,0
2023-05-15 15:16:33,15526,15526,15526,2,0
2023-05-15 15:16:33,15526,15526,15526,4,0
2023-05-15 15:16:36,15526,15526,15526,2,0
2023-05-15 15:16:38,15525,15525,15525,2,-2
2023-05-15 15:16:38,15525,15525,15525,2,0
2023-05-15 15:16:38,15525,15525,15525,2,0
2023-05-15 15:16:38,15525,15525,15525,2,0
2023-05-15 15:16:38,15525,15525,15525,2,0
2023-05-15 15:16:38,15525,15525,15525,2,0
2023-05-15 15:16:39,15526,15526,15526,2,2
2023-05-15 15:16:40,15525,15525,15525,2,-2
2023-05-15 15:16:41,15525,15525,15525,2,0
2023-05-15 15:16:44,15525,15525,15525,2,0
2023-05-15 15:16:47,15526,15526,15526,2,2
2023-05-15 15:16:47,15526,15526,15526,4,0
2023-05-15 15:16:47,15526,15526,15526,2,0
2023-05-15 15:16:48,15527,15527,15527,6,6
2023-05-15 15:16:57,15527,15527,15527,2,0
2023-05-15 15:16:57,15526,15526,15526,2,-2
2023-05-15 15:16:57,15526,15526,15526,2,0
2023-05-15 15:16:59,15526,15526,15526,2,0
2023-05-15 15:16:59,15526,15526,15526,2,0
2023-05-15 15:16:59,15526,15526,15526,2,0
2023-05-15 15:16:59,15526,15526,15526,4,0
2023-05-15 15:17:02,15527,15527,15527,2,2
2023-05-15 15:17:08,15527,15527,15527,2,0
2023-05-15 15:17:10,15527,15527,15527,2,0
2023-05-15 15:17:14,15526,15526,15526,2,-2
2023-05-15 15:17:14,15526,15526,15526,2,0
2023-05-15 15:17:14,15526,15526,15526,2,0
2023-05-15 15:17:14,15526,15526,15526,4,0
2023-05-15 15:17:23,15526,15526,15526,2,0
2023-05-15 15:17:26,15527,15527,15527,4,4
2023-05-15 15:17:30,15526,15526,15526,2,-2
2023-05-15 15:17:30,15526,15526,15526,2,0
2023-05-15 15:17:34,15526,15526,15526,2,0
2023-05-15 15:17:37,15527,15527,15527,2,2
2023-05-15 15:17:43,15527,15527,15527,2,0
2023-05-15 15:17:49,15526,15526,15526,2,-2
2023-05-15 15:17:49,15526,15526,15526,2,0
2023-05-15 15:17:49,15526,15526,15526,2,0
2023-05-15 15:17:49,15526,15526,15526,2,0
2023-05-15 15:17:58,15527,15527,15527,2,2
2023-05-15 15:18:09,15527,15527,15527,2,0
2023-05-15 15:18:10,15527,15527,15527,2,0
2023-05-15 15:18:11,15526,15526,15526,4,-4
2023-05-15 15:18:11,15526,15526,15526,8,0
2023-05-15 15:18:11,15526,15526,15526,2,0
2023-05-15 15:18:11,15526,15526,15526,2,0
2023-05-15 15:18:11,15526,15526,15526,2,0
2023-05-15 15:18:11,15526,15526,15526,2,0
2023-05-15 15:18:21,15527,15527,15527,2,2
2023-05-15 15:18:25,15527,15527,15527,2,0
2023-05-15 15:18:25,15527,15527,15527,2,0
2023-05-15 15:18:25,15527,15527,15527,2,0
2023-05-15 15:18:31,15527,15527,15527,2,0
2023-05-15 15:18:51,15527,15527,15527,2,0
2023-05-15 15:18:57,15528,15528,15528,2,2
2023-05-15 15:19:03,15529,15529,15529,2,2
2023-05-15 15:19:03,15529,15529,15529,4,0
2023-05-15 15:19:03,15528,15528,15528,4,-4
2023-05-15 15:19:03,15528,15528,15528,4,0
2023-05-15 15:19:03,15528,15528,15528,4,0
2023-05-15 15:19:17,15530,15530,15530,10,10
2023-05-15 15:19:19,15530,15530,15530,4,0
2023-05-15 15:19:20,15530,15530,15530,2,0
2023-05-15 15:19:22,15530,15530,15530,4,0
2023-05-15 15:19:33,15530,15530,15530,6,0
2023-05-15 15:19:33,15530,15530,15530,2,0
2023-05-15 15:19:34,15530,15530,15530,2,0
2023-05-15 15:19:44,15529,15529,15529,4,-4
2023-05-15 15:19:47,15530,15530,15530,2,2
2023-05-15 15:19:49,15531,15531,15531,2,2
2023-05-15 15:19:49,15531,15531,15531,2,0
2023-05-15 15:19:53,15530,15530,15530,2,-2
2023-05-15 15:19:54,15530,15530,15530,2,0
2023-05-15 15:19:54,15529,15529,15529,4,-4
2023-05-15 15:19:54,15529,15529,15529,2,0
2023-05-15 15:19:54,15529,15529,15529,8,0
2023-05-15 15:19:54,15529,15529,15529,2,0
2023-05-15 15:19:54,15529,15529,15529,2,0
2023-05-15 15:19:54,15529,15529,15529,2,0
2023-05-15 15:19:54,15528,15528,15528,2,-2
2023-05-15 15:19:54,15528,15528,15528,2,0
2023-05-15 15:20:00,15529,15529,15529,2,2
2023-05-15 15:20:00,15529,15529,15529,6,0
2023-05-15 15:20:00,15529,15529,15529,12,0
2023-05-15 15:20:00,15530,15530,15530,2,2
2023-05-15 15:20:01,15528,15528,15528,2,-2
2023-05-15 15:20:01,15528,15528,15528,2,0
2023-05-15 15:20:01,15528,15528,15528,2,0
2023-05-15 15:20:01,15528,15528,15528,2,0
2023-05-15 15:20:01,15528,15528,15528,2,0
2023-05-15 15:20:02,15530,15530,15530,2,2
2023-05-15 15:20:20,15529,15529,15529,2,-2
2023-05-15 15:20:23,15528,15528,15528,2,-2
2023-05-15 15:20:23,15528,15528,15528,2,0
2023-05-15 15:20:45,15528,15528,15528,2,0
2023-05-15 15:20:55,15529,15529,15529,8,8
2023-05-15 15:20:56,15529,15529,15529,2,0
2023-05-15 15:21:08,15530,15530,15530,12,12
2023-05-15 15:21:10,15531,15531,15531,2,2
2023-05-15 15:21:13,15530,15530,15530,2,-2
2023-05-15 15:21:32,15530,15530,15530,2,0
2023-05-15 15:21:32,15530,15530,15530,2,0
2023-05-15 15:21:35,15529,15529,15529,2,-2
2023-05-15 15:21:36,15529,15529,15529,2,0
2023-05-15 15:21:38,15529,15529,15529,2,0
2023-05-15 15:22:18,15529,15529,15529,2,0
2023-05-15 15:22:36,15529,15529,15529,2,0
2023-05-15 15:22:42,15528,15528,15528,2,-2
2023-05-15 15:22:45,15528,15528,15528,2,0
2023-05-15 15:22:45,15528,15528,15528,2,0
2023-05-15 15:22:45,15528,15528,15528,2,0
2023-05-15 15:22:45,15528,15528,15528,2,0
2023-05-15 15:22:51,15527,15527,15527,4,-4
2023-05-15 15:22:51,15527,15527,15527,2,0
2023-05-15 15:22:51,15527,15527,15527,2,0
2023-05-15 15:22:51,15527,15527,15527,2,0
2023-05-15 15:22:59,15526,15526,15526,2,-2
2023-05-15 15:23:00,15526,15526,15526,2,0
2023-05-15 15:23:04,15525,15525,15525,2,-2
2023-05-15 15:23:04,15525,15525,15525,2,0
2023-05-15 15:23:04,15525,15525,15525,2,0
2023-05-15 15:23:04,15525,15525,15525,4,0
2023-05-15 15:23:04,15525,15525,15525,2,0
2023-05-15 15:23:04,15525,15525,15525,2,0
2023-05-15 15:23:04,15525,15525,15525,6,0
2023-05-15 15:23:04,15525,15525,15525,2,0
2023-05-15 15:23:04,15525,15525,15525,2,0
2023-05-15 15:23:04,15525,15525,15525,2,0
2023-05-15 15:23:04,15525,15525,15525,2,0
2023-05-15 15:23:04,15525,15525,15525,2,0
2023-05-15 15:23:04,15525,15525,15525,2,0
2023-05-15 15:23:04,15525,15525,15525,2,0
2023-05-15 15:23:04,15525,15525,15525,12,0
2023-05-15 15:23:05,15525,15525,15525,2,0
2023-05-15 15:23:05,15525,15525,15525,2,0
2023-05-15 15:23:28,15525,15525,15525,2,0
2023-05-15 15:23:42,15525,15525,15525,2,0
2023-05-15 15:23:43,15525,15525,15525,2,0
2023-05-15 15:23:45,15525,15525,15525,2,0
2023-05-15 15:23:49,15526,15526,15526,2,2
2023-05-15 15:23:53,15526,15526,15526,4,0
2023-05-15 15:23:57,15525,15525,15525,2,-2
2023-05-15 15:23:57,15525,15525,15525,2,0
2023-05-15 15:23:57,15525,15525,15525,2,0
2023-05-15 15:23:57,15525,15525,15525,2,0
2023-05-15 15:23:57,15524,15524,15524,2,-2
2023-05-15 15:23:57,15524,15524,15524,2,0
2023-05-15 15:23:57,15524,15524,15524,2,0
2023-05-15 15:23:57,15524,15524,15524,2,0
2023-05-15 15:23:57,15524,15524,15524,2,0
2023-05-15 15:23:59,15523,15523,15523,2,-2
2023-05-15 15:24:00,15523,15523,15523,2,0
2023-05-15 15:24:00,15523,15523,15523,2,0
2023-05-15 15:24:01,15523,15523,15523,2,0
2023-05-15 15:24:01,15523,15523,15523,2,0
2023-05-15 15:24:01,15523,15523,15523,2,0
2023-05-15 15:24:02,15523,15523,15523,2,0
2023-05-15 15:24:02,15523,15523,15523,2,0
2023-05-15 15:24:02,15523,15523,15523,2,0
2023-05-15 15:24:02,15524,15524,15524,4,4
2023-05-15 15:24:02,15524,15524,15524,2,0
2023-05-15 15:24:07,15523,15523,15523,2,-2
2023-05-15 15:24:07,15523,15523,15523,2,0
2023-05-15 15:24:07,15523,15523,15523,2,0
2023-05-15 15:24:07,15523,15523,15523,2,0
2023-05-15 15:24:07,15523,15523,15523,2,0
2023-05-15 15:24:07,15523,15523,15523,6,0
2023-05-15 15:24:07,15523,15523,15523,2,0
2023-05-15 15:24:07,15522,15522,15522,2,-2
2023-05-15 15:24:07,15522,15522,15522,2,0
2023-05-15 15:24:07,15522,15522,15522,2,0
2023-05-15 15:24:07,15522,15522,15522,2,0
2023-05-15 15:24:09,15524,15524,15524,2,2
2023-05-15 15:24:09,15524,15524,15524,4,0
2023-05-15 15:24:09,15524,15524,15524,4,0
2023-05-15 15:24:09,15523,15523,15523,2,-2
2023-05-15 15:24:15,15524,15524,15524,4,4
2023-05-15 15:24:20,15524,15524,15524,4,0
2023-05-15 15:24:22,15523,15523,15523,2,-2
2023-05-15 15:24:22,15524,15524,15524,2,2
2023-05-15 15:24:22,15524,15524,15524,2,0
2023-05-15 15:24:29,15524,15524,15524,2,0
2023-05-15 15:24:29,15523,15523,15523,6,-6
2023-05-15 15:24:29,15523,15523,15523,2,0
2023-05-15 15:24:29,15523,15523,15523,4,0
2023-05-15 15:24:29,15523,15523,15523,2,0
2023-05-15 15:24:29,15523,15523,15523,2,0
2023-05-15 15:24:29,15523,15523,15523,2,0
2023-05-15 15:24:29,15523,15523,15523,2,0
2023-05-15 15:24:29,15523,15523,15523,2,0
2023-05-15 15:24:29,15523,15523,15523,6,0
2023-05-15 15:24:29,15523,15523,15523,2,0
2023-05-15 15:24:29,15523,15523,15523,4,0
2023-05-15 15:24:29,15523,15523,15523,2,0
2023-05-15 15:24:29,15523,15523,15523,2,0
2023-05-15 15:24:29,15523,15523,15523,2,0
2023-05-15 15:24:29,15523,15523,15523,10,0
2023-05-15 15:24:29,15523,15523,15523,2,0
2023-05-15 15:24:29,15523,15523,15523,4,0
2023-05-15 15:24:29,15523,15523,15523,2,0
2023-05-15 15:24:29,15524,15524,15524,8,8
2023-05-15 15:24:30,15523,15523,15523,2,-2
2023-05-15 15:24:37,15523,15523,15523,2,0
2023-05-15 15:24:40,15523,15523,15523,2,0
2023-05-15 15:24:40,15523,15523,15523,2,0
2023-05-15 15:24:44,15523,15523,15523,2,0
2023-05-15 15:24:45,15522,15522,15522,2,-2
2023-05-15 15:24:47,15522,15522,15522,2,0
2023-05-15 15:24:56,15522,15522,15522,2,0
2023-05-15 15:25:00,15523,15523,15523,2,2
2023-05-15 15:25:00,15522,15522,15522,2,-2
2023-05-15 15:25:03,15523,15523,15523,2,2
2023-05-15 15:25:11,15522,15522,15522,2,-2
2023-05-15 15:25:11,15522,15522,15522,4,0
2023-05-15 15:25:11,15522,15522,15522,2,0
2023-05-15 15:25:11,15522,15522,15522,6,0
2023-05-15 15:25:11,15522,15522,15522,2,0
2023-05-15 15:25:13,15523,15523,15523,4,4
2023-05-15 15:25:14,15523,15523,15523,2,0
2023-05-15 15:25:15,15524,15524,15524,10,10
2023-05-15 15:25:17,15524,15524,15524,2,0
2023-05-15 15:25:17,15524,15524,15524,2,0
2023-05-15 15:25:17,15524,15524,15524,2,0
2023-05-15 15:25:17,15524,15524,15524,4,0
2023-05-15 15:25:19,15524,15524,15524,2,0
2023-05-15 15:25:27,15524,15524,15524,2,0
2023-05-15 15:25:40,15523,15523,15523,2,-2
2023-05-15 15:25:41,15523,15523,15523,2,0
2023-05-15 15:25:41,15523,15523,15523,2,0
2023-05-15 15:25:41,15523,15523,15523,6,0
2023-05-15 15:25:41,15523,15523,15523,2,0
2023-05-15 15:25:41,15523,15523,15523,2,0
2023-05-15 15:25:48,15524,15524,15524,4,4
2023-05-15 15:26:02,15524,15524,15524,2,0
2023-05-15 15:26:05,15524,15524,15524,2,0
2023-05-15 15:26:06,15524,15524,15524,8,0
2023-05-15 15:26:09,15524,15524,15524,2,0
2023-05-15 15:26:09,15525,15525,15525,4,4
2023-05-15 15:26:10,15525,15525,15525,6,0
2023-05-15 15:26:17,15524,15524,15524,2,-2
2023-05-15 15:26:18,15526,15526,15526,30,30
2023-05-15 15:26:23,15525,15525,15525,2,-2
2023-05-15 15:26:23,15526,15526,15526,10,10
2023-05-15 15:26:25,15526,15526,15526,4,0
2023-05-15 15:26:26,15526,15526,15526,2,0
2023-05-15 15:26:26,15526,15526,15526,2,0
2023-05-15 15:26:26,15526,15526,15526,6,0
2023-05-15 15:26:26,15526,15526,15526,8,0
2023-05-15 15:26:26,15526,15526,15526,2,0
2023-05-15 15:26:26,15526,15526,15526,2,0
2023-05-15 15:26:30,15525,15525,15525,2,-2
2023-05-15 15:26:33,15526,15526,15526,2,2
2023-05-15 15:26:44,15526,15526,15526,2,0
2023-05-15 15:26:47,15526,15526,15526,2,0
2023-05-15 15:27:04,15526,15526,15526,2,0
2023-05-15 15:27:36,15525,15525,15525,2,-2
2023-05-15 15:27:41,15526,15526,15526,2,2
2023-05-15 15:28:04,15526,15526,15526,10,0
2023-05-15 15:28:05,15526,15526,15526,2,0
2023-05-15 15:28:05,15527,15527,15527,4,4
2023-05-15 15:28:05,15527,15527,15527,2,0
2023-05-15 15:28:10,15527,15527,15527,10,0
2023-05-15 15:28:17,15528,15528,15528,2,2
2023-05-15 15:28:17,15528,15528,15528,2,0
2023-05-15 15:28:20,15529,15529,15529,2,2
2023-05-15 15:28:20,15529,15529,15529,12,0
2023-05-15 15:28:22,15528,15528,15528,2,-2
2023-05-15 15:28:30,15529,15529,15529,2,2
2023-05-15 15:28:37,15529,15529,15529,2,0
2023-05-15 15:28:44,15529,15529,15529,2,0
2023-05-15 15:28:46,15529,15529,15529,2,0
2023-05-15 15:28:48,15529,15529,15529,2,0
2023-05-15 15:28:50,15529,15529,15529,2,0
2023-05-15 15:28:55,15530,15530,15530,4,4
2023-05-15 15:29:04,15529,15529,15529,2,-2
2023-05-15 15:29:13,15530,15530,15530,18,18
2023-05-15 15:29:15,15530,15530,15530,2,0
2023-05-15 15:29:15,15530,15530,15530,2,0
2023-05-15 15:29:15,15530,15530,15530,2,0
2023-05-15 15:29:15,15530,15530,15530,2,0
2023-05-15 15:29:27,15530,15530,15530,2,0
2023-05-15 15:29:27,15530,15530,15530,2,0
2023-05-15 15:29:27,15530,15530,15530,2,0
2023-05-15 15:29:53,15530,15530,15530,2,0
2023-05-15 15:29:54,15530,15530,15530,8,0
2023-05-15 15:30:00,15531,15531,15531,6,6
2023-05-15 15:30:00,15531,15531,15531,4,0
2023-05-15 15:30:00,15531,15531,15531,2,0
2023-05-15 15:30:00,15531,15531,15531,12,0
2023-05-15 15:30:00,15531,15531,15531,2,0
2023-05-15 15:30:00,15532,15532,15532,4,4
2023-05-15 15:30:00,15532,15532,15532,2,0
2023-05-15 15:30:11,15533,15533,15533,28,28
2023-05-15 15:30:11,15534,15534,15534,2,2
2023-05-15 15:30:12,15534,15534,15534,2,0
2023-05-15 15:30:12,15534,15534,15534,2,0
2023-05-15 15:30:13,15534,15534,15534,2,0
2023-05-15 15:30:13,15534,15534,15534,2,0
2023-05-15 15:30:13,15534,15534,15534,6,0
2023-05-15 15:30:13,15534,15534,15534,8,0
2023-05-15 15:30:13,15534,15534,15534,4,0
2023-05-15 15:30:17,15534,15534,15534,2,0
2023-05-15 15:30:17,15534,15534,15534,2,0
2023-05-15 15:30:20,15534,15534,15534,6,0
2023-05-15 15:30:20,15534,15534,15534,2,0
2023-05-15 15:30:20,15534,15534,15534,4,0
2023-05-15 15:30:20,15534,15534,15534,2,0
2023-05-15 15:30:20,15534,15534,15534,6,0
2023-05-15 15:30:26,15534,15534,15534,2,0
2023-05-15 15:30:27,15534,15534,15534,2,0
2023-05-15 15:30:29,15534,15534,15534,2,0
2023-05-15 15:30:35,15535,15535,15535,2,2
2023-05-15 15:30:35,15535,15535,15535,2,0
2023-05-15 15:30:42,15534,15534,15534,4,-4
2023-05-15 15:30:43,15534,15534,15534,4,0
2023-05-15 15:30:48,15535,15535,15535,4,4
2023-05-15 15:30:50,15535,15535,15535,2,0
2023-05-15 15:30:52,15535,15535,15535,2,0
2023-05-15 15:30:54,15535,15535,15535,6,0
2023-05-15 15:30:56,15535,15535,15535,2,0
2023-05-15 15:30:56,15535,15535,15535,2,0
2023-05-15 15:30:58,15535,15535,15535,4,0
2023-05-15 15:30:58,15535,15535,15535,2,0
2023-05-15 15:30:58,15534,15534,15534,4,-4
2023-05-15 15:30:58,15534,15534,15534,2,0
2023-05-15 15:30:59,15534,15534,15534,2,0
2023-05-15 15:31:00,15534,15534,15534,2,0
2023-05-15 15:31:00,15535,15535,15535,2,2
2023-05-15 15:31:00,15534,15534,15534,2,-2
2023-05-15 15:31:00,15534,15534,15534,2,0
2023-05-15 15:31:00,15534,15534,15534,2,0
2023-05-15 15:31:01,15534,15534,15534,2,0
2023-05-15 15:31:03,15534,15534,15534,2,0
2023-05-15 15:31:04,15534,15534,15534,2,0
2023-05-15 15:31:06,15534,15534,15534,4,0
2023-05-15 15:31:10,15535,15535,15535,12,12
2023-05-15 15:31:12,15534,15534,15534,2,-2
2023-05-15 15:31:14,15535,15535,15535,4,4
2023-05-15 15:31:14,15535,15535,15535,10,0
2023-05-15 15:31:16,15535,15535,15535,10,0
2023-05-15 15:31:18,15534,15534,15534,2,-2
2023-05-15 15:31:19,15535,15535,15535,2,2
2023-05-15 15:31:19,15535,15535,15535,40,0
2023-05-15 15:31:19,15535,15535,15535,2,0
2023-05-15 15:31:28,15535,15535,15535,2,0
2023-05-15 15:31:30,15535,15535,15535,2,0
2023-05-15 15:31:30,15536,15536,15536,2,2
2023-05-15 15:31:44,15536,15536,15536,2,0
2023-05-15 15:31:44,15536,15536,15536,2,0
2023-05-15 15:31:49,15535,15535,15535,2,-2
2023-05-15 15:31:51,15535,15535,15535,2,0
2023-05-15 15:31:53,15535,15535,15535,2,0
2023-05-15 15:31:53,15535,15535,15535,2,0
2023-05-15 15:31:54,15535,15535,15535,2,0
2023-05-15 15:31:55,15535,15535,15535,2,0
2023-05-15 15:32:07,15534,15534,15534,2,-2
2023-05-15 15:32:07,15534,15534,15534,2,0
2023-05-15 15:32:07,15534,15534,15534,2,0
2023-05-15 15:32:07,15534,15534,15534,2,0
2023-05-15 15:32:07,15534,15534,15534,2,0
2023-05-15 15:32:12,15534,15534,15534,2,0
2023-05-15 15:32:12,15534,15534,15534,2,0
2023-05-15 15:32:12,15533,15533,15533,2,-2
2023-05-15 15:32:32,15533,15533,15533,4,0
2023-05-15 15:32:37,15532,15532,15532,4,-4
2023-05-15 15:32:45,15531,15531,15531,2,-2
2023-05-15 15:33:03,15531,15531,15531,2,0
2023-05-15 15:33:03,15532,15532,15532,2,2
2023-05-15 15:33:03,15532,15532,15532,4,0
2023-05-15 15:33:03,15533,15533,15533,2,2
2023-05-15 15:33:09,15532,15532,15532,2,-2
2023-05-15 15:33:19,15532,15532,15532,4,0
2023-05-15 15:33:20,15532,15532,15532,2,0
2023-05-15 15:33:22,15532,15532,15532,4,0
2023-05-15 15:33:25,15532,15532,15532,2,0
2023-05-15 15:33:30,15533,15533,15533,2,2
2023-05-15 15:33:47,15532,15532,15532,8,-8
2023-05-15 15:33:50,15532,15532,15532,2,0
2023-05-15 15:33:55,15532,15532,15532,2,0
2023-05-15 15:34:13,15532,15532,15532,2,0
2023-05-15 15:34:18,15532,15532,15532,4,0
2023-05-15 15:34:22,15532,15532,15532,2,0
2023-05-15 15:34:22,15532,15532,15532,2,0
2023-05-15 15:35:02,15531,15531,15531,2,-2
2023-05-15 15:35:02,15531,15531,15531,2,0
2023-05-15 15:35:02,15531,15531,15531,2,0
2023-05-15 15:35:10,15530,15530,15530,2,-2
2023-05-15 15:35:21,15530,15530,15530,8,0
2023-05-15 15:35:21,15530,15530,15530,2,0
2023-05-15 15:35:21,15530,15530,15530,20,0
2023-05-15 15:35:21,15529,15529,15529,4,-4
2023-05-15 15:35:21,15529,15529,15529,2,0
2023-05-15 15:35:21,15529,15529,15529,2,0
2023-05-15 15:35:21,15529,15529,15529,2,0
2023-05-15 15:35:23,15528,15528,15528,2,-2
2023-05-15 15:35:23,15528,15528,15528,2,0
2023-05-15 15:35:24,15528,15528,15528,2,0
2023-05-15 15:35:24,15528,15528,15528,2,0
2023-05-15 15:35:36,15529,15529,15529,4,4
2023-05-15 15:35:36,15529,15529,15529,2,0
2023-05-15 15:36:00,15530,15530,15530,2,2
2023-05-15 15:36:00,15530,15530,15530,2,0
2023-05-15 15:36:00,15530,15530,15530,2,0
2023-05-15 15:36:00,15530,15530,15530,2,0
2023-05-15 15:36:07,15530,15530,15530,2,0
2023-05-15 15:36:20,15530,15530,15530,2,0
2023-05-15 15:36:33,15530,15530,15530,4,0
2023-05-15 15:36:33,15530,15530,15530,2,0
2023-05-15 15:36:33,15530,15530,15530,2,0
2023-05-15 15:36:36,15530,15530,15530,2,0
2023-05-15 15:36:38,15529,15529,15529,2,-2
2023-05-15 15:36:38,15529,15529,15529,2,0
2023-05-15 15:36:58,15529,15529,15529,2,0
2023-05-15 15:36:58,15529,15529,15529,4,0
2023-05-15 15:37:08,15529,15529,15529,2,0
2023-05-15 15:37:26,15528,15528,15528,2,-2
2023-05-15 15:37:26,15528,15528,15528,2,0
2023-05-15 15:37:26,15528,15528,15528,2,0
2023-05-15 15:37:26,15528,15528,15528,4,0
2023-05-15 15:37:26,15528,15528,15528,2,0
2023-05-15 15:37:27,15528,15528,15528,4,0
2023-05-15 15:37:27,15528,15528,15528,6,0
2023-05-15 15:37:39,15528,15528,15528,2,0
2023-05-15 15:37:39,15528,15528,15528,4,0
2023-05-15 15:37:41,15528,15528,15528,2,0
2023-05-15 15:38:02,15527,15527,15527,2,-2
2023-05-15 15:38:06,15527,15527,15527,2,0
2023-05-15 15:38:12,15528,15528,15528,2,2
2023-05-15 15:38:20,15528,15528,15528,2,0
2023-05-15 15:38:38,15527,15527,15527,2,-2
2023-05-15 15:38:38,15527,15527,15527,2,0
2023-05-15 15:38:38,15527,15527,15527,2,0
2023-05-15 15:38:38,15527,15527,15527,2,0
2023-05-15 15:38:38,15527,15527,15527,2,0
2023-05-15 15:38:38,15527,15527,15527,2,0
2023-05-15 15:38:43,15527,15527,15527,10,0
2023-05-15 15:38:48,15526,15526,15526,2,-2
2023-05-15 15:38:48,15526,15526,15526,10,0
2023-05-15 15:38:51,15526,15526,15526,2,0
2023-05-15 15:38:51,15526,15526,15526,2,0
2023-05-15 15:38:51,15526,15526,15526,2,0
2023-05-15 15:38:51,15526,15526,15526,24,0
2023-05-15 15:38:51,15526,15526,15526,2,0
2023-05-15 15:38:51,15526,15526,15526,2,0
2023-05-15 15:38:55,15526,15526,15526,2,0
2023-05-15 15:38:59,15526,15526,15526,2,0
2023-05-15 15:38:59,15526,15526,15526,2,0
2023-05-15 15:39:15,15527,15527,15527,4,4
2023-05-15 15:39:46,15527,15527,15527,2,0
2023-05-15 15:39:59,15527,15527,15527,2,0
2023-05-15 15:39:59,15526,15526,15526,2,-2
2023-05-15 15:40:17,15526,15526,15526,2,0
2023-05-15 15:40:43,15527,15527,15527,6,6
2023-05-15 15:41:00,15527,15527,15527,2,0
2023-05-15 15:41:05,15527,15527,15527,2,0
2023-05-15 15:41:24,15527,15527,15527,2,0
2023-05-15 15:41:48,15527,15527,15527,2,0
2023-05-15 15:42:00,15528,15528,15528,2,2
2023-05-15 15:42:01,15528,15528,15528,8,0
2023-05-15 15:42:01,15528,15528,15528,2,0
2023-05-15 15:42:01,15528,15528,15528,2,0
2023-05-15 15:42:01,15528,15528,15528,2,0
2023-05-15 15:42:01,15528,15528,15528,2,0
2023-05-15 15:42:01,15528,15528,15528,54,0
2023-05-15 15:42:01,15529,15529,15529,2,2
2023-05-15 15:42:01,15529,15529,15529,2,0
2023-05-15 15:42:01,15527,15527,15527,2,-2
2023-05-15 15:42:01,15529,15529,15529,8,8
2023-05-15 15:42:01,15529,15529,15529,2,0
2023-05-15 15:42:01,15529,15529,15529,2,0
2023-05-15 15:42:21,15529,15529,15529,2,0
2023-05-15 15:42:40,15529,15529,15529,2,0
2023-05-15 15:42:42,15529,15529,15529,2,0
2023-05-15 15:42:49,15528,15528,15528,2,-2
2023-05-15 15:42:49,15528,15528,15528,2,0
2023-05-15 15:42:49,15528,15528,15528,6,0
2023-05-15 15:42:50,15529,15529,15529,2,2
2023-05-15 15:43:09,15528,15528,15528,2,-2
2023-05-15 15:43:19,15528,15528,15528,4,0
2023-05-15 15:43:27,15529,15529,15529,2,2
2023-05-15 15:43:45,15529,15529,15529,10,0
2023-05-15 15:44:03,15530,15530,15530,2,2
2023-05-15 15:44:20,15530,15530,15530,4,0
2023-05-15 15:44:25,15530,15530,15530,2,0
2023-05-15 15:44:37,15530,15530,15530,2,0
2023-05-15 15:44:41,15530,15530,15530,2,0
2023-05-15 15:44:45,15530,15530,15530,2,0
2023-05-15 15:44:59,15529,15529,15529,2,-2
2023-05-15 15:45:06,15529,15529,15529,2,0
2023-05-15 15:45:19,15530,15530,15530,6,6
2023-05-15 15:45:19,15530,15530,15530,12,0
2023-05-15 15:45:19,15531,15531,15531,2,2
2023-05-15 15:45:19,15531,15531,15531,2,0
2023-05-15 15:45:32,15530,15530,15530,4,-4
2023-05-15 15:45:32,15530,15530,15530,2,0
2023-05-15 15:46:09,15530,15530,15530,2,0
2023-05-15 15:46:09,15530,15530,15530,2,0
2023-05-15 15:46:09,15530,15530,15530,4,0
2023-05-15 15:46:09,15531,15531,15531,2,2
2023-05-15 15:46:18,15530,15530,15530,2,-2
2023-05-15 15:46:18,15530,15530,15530,2,0
2023-05-15 15:46:19,15530,15530,15530,2,0
2023-05-15 15:46:19,15530,15530,15530,2,0
2023-05-15 15:46:19,15530,15530,15530,2,0
2023-05-15 15:46:19,15530,15530,15530,2,0
2023-05-15 15:46:41,15530,15530,15530,2,0
2023-05-15 15:47:07,15530,15530,15530,2,0
2023-05-15 15:47:07,15531,15531,15531,2,2
2023-05-15 15:47:07,15531,15531,15531,2,0
2023-05-15 15:47:10,15531,15531,15531,2,0
2023-05-15 15:47:32,15530,15530,15530,4,-4
2023-05-15 15:47:35,15529,15529,15529,2,-2
2023-05-15 15:47:37,15528,15528,15528,2,-2
2023-05-15 15:47:37,15528,15528,15528,2,0
2023-05-15 15:47:37,15528,15528,15528,2,0
2023-05-15 15:47:46,15527,15527,15527,2,-2
2023-05-15 15:47:50,15528,15528,15528,2,2
2023-05-15 15:47:54,15527,15527,15527,2,-2
2023-05-15 15:47:54,15527,15527,15527,2,0
2023-05-15 15:48:00,15528,15528,15528,2,2
2023-05-15 15:48:00,15529,15529,15529,2,2
2023-05-15 15:48:10,15527,15527,15527,2,-2
2023-05-15 15:48:22,15529,15529,15529,4,4
2023-05-15 15:48:22,15529,15529,15529,6,0
2023-05-15 15:48:22,15529,15529,15529,2,0
2023-05-15 15:48:24,15527,15527,15527,2,-2
2023-05-15 15:48:39,15529,15529,15529,2,2
2023-05-15 15:48:45,15528,15528,15528,2,-2
2023-05-15 15:49:01,15528,15528,15528,2,0
2023-05-15 15:49:08,15529,15529,15529,2,2
2023-05-15 15:49:16,15528,15528,15528,2,-2
2023-05-15 15:49:16,15528,15528,15528,6,0
2023-05-15 15:49:37,15529,15529,15529,2,2
2023-05-15 15:49:37,15528,15528,15528,2,-2
2023-05-15 15:49:37,15528,15528,15528,2,0
2023-05-15 15:49:37,15528,15528,15528,2,0
2023-05-15 15:50:06,15528,15528,15528,2,0
2023-05-15 15:50:54,15528,15528,15528,2,0
2023-05-15 15:51:07,15529,15529,15529,6,6
2023-05-15 15:52:01,15529,15529,15529,2,0
2023-05-15 15:52:01,15529,15529,15529,4,0
2023-05-15 15:52:01,15529,15529,15529,2,0
2023-05-15 15:52:01,15529,15529,15529,4,0
2023-05-15 15:52:02,15530,15530,15530,12,12
2023-05-15 15:52:02,15530,15530,15530,4,0
2023-05-15 15:52:03,15531,15531,15531,4,4
2023-05-15 15:52:03,15531,15531,15531,4,0
2023-05-15 15:52:03,15531,15531,15531,4,0
2023-05-15 15:52:28,15529,15529,15529,2,-2
2023-05-15 15:52:29,15530,15530,15530,2,2
2023-05-15 15:52:32,15531,15531,15531,2,2
2023-05-15 15:52:39,15530,15530,15530,2,-2
2023-05-15 15:52:45,15530,15530,15530,2,0
2023-05-15 15:52:53,15530,15530,15530,2,0
2023-05-15 15:53:13,15530,15530,15530,2,0
2023-05-15 15:53:13,15530,15530,15530,2,0
2023-05-15 15:53:20,15531,15531,15531,2,2
2023-05-15 15:53:36,15531,15531,15531,6,0
2023-05-15 15:53:55,15531,15531,15531,4,0
2023-05-15 15:53:55,15531,15531,15531,2,0
2023-05-15 15:53:55,15531,15531,15531,2,0
2023-05-15 15:53:55,15531,15531,15531,12,0
2023-05-15 15:53:55,15532,15532,15532,6,6
2023-05-15 15:53:55,15532,15532,15532,8,0
2023-05-15 15:53:55,15532,15532,15532,10,0
2023-05-15 15:53:55,15532,15532,15532,16,0
2023-05-15 15:53:55,15532,15532,15532,2,0
2023-05-15 15:53:55,15532,15532,15532,2,0
2023-05-15 15:53:55,15533,15533,15533,4,4
2023-05-15 15:53:56,15532,15532,15532,2,-2
2023-05-15 15:54:23,15532,15532,15532,4,0
2023-05-15 15:54:23,15533,15533,15533,4,4
2023-05-15 15:54:23,15533,15533,15533,2,0
2023-05-15 15:54:25,15533,15533,15533,2,0
2023-05-15 15:54:26,15533,15533,15533,2,0
2023-05-15 15:54:35,15533,15533,15533,2,0
2023-05-15 15:54:35,15533,15533,15533,2,0
2023-05-15 15:54:35,15533,15533,15533,2,0
2023-05-15 15:54:35,15533,15533,15533,14,0
2023-05-15 15:54:35,15533,15533,15533,6,0
2023-05-15 15:54:35,15533,15533,15533,6,0
2023-05-15 15:54:35,15533,15533,15533,26,0
2023-05-15 15:54:38,15533,15533,15533,2,0
2023-05-15 15:54:41,15534,15534,15534,2,2
2023-05-15 15:54:50,15534,15534,15534,8,0
2023-05-15 15:54:55,15534,15534,15534,2,0
2023-05-15 15:55:00,15534,15534,15534,2,0
2023-05-15 15:55:00,15534,15534,15534,2,0
2023-05-15 15:55:00,15534,15534,15534,2,0
2023-05-15 15:55:23,15532,15532,15532,4,-4
2023-05-15 15:55:30,15532,15532,15532,4,0
2023-05-15 15:55:33,15532,15532,15532,4,0
2023-05-15 15:55:33,15532,15532,15532,4,0
2023-05-15 15:55:33,15532,15532,15532,2,0
2023-05-15 15:55:33,15532,15532,15532,2,0
2023-05-15 15:55:33,15532,15532,15532,2,0
2023-05-15 15:56:47,15533,15533,15533,2,2
2023-05-15 15:56:55,15532,15532,15532,2,-2
2023-05-15 15:56:58,15532,15532,15532,2,0
2023-05-15 15:57:02,15532,15532,15532,2,0
2023-05-15 15:57:16,15532,15532,15532,6,0
2023-05-15 15:57:42,15532,15532,15532,2,0
2023-05-15 15:58:11,15532,15532,15532,2,0
2023-05-15 15:58:17,15532,15532,15532,2,0
2023-05-15 15:58:27,15532,15532,15532,2,0
2023-05-15 15:58:31,15532,15532,15532,4,0
2023-05-15 15:58:33,15532,15532,15532,2,0
2023-05-15 15:58:40,15532,15532,15532,2,0
2023-05-15 15:58:42,15532,15532,15532,2,0
2023-05-15 15:58:57,15532,15532,15532,2,0
2023-05-15 15:58:58,15532,15532,15532,6,0
2023-05-15 15:59:13,15532,15532,15532,2,0
2023-05-15 15:59:20,15532,15532,15532,14,0
2023-05-15 15:59:20,15532,15532,15532,2,0
2023-05-15 15:59:32,15532,15532,15532,2,0
2023-05-15 15:59:32,15532,15532,15532,2,0
2023-05-15 15:59:42,15532,15532,15532,2,0
2023-05-15 15:59:50,15532,15532,15532,2,0
2023-05-15 15:59:52,15533,15533,15533,2,2
2023-05-15 15:59:52,15532,15532,15532,2,-2
2023-05-15 15:59:58,15532,15532,15532,4,0
2023-05-15 16:00:00,15533,15533,15533,2,2
2023-05-15 16:00:00,15533,15533,15533,2,0
2023-05-15 16:00:00,15533,15533,15533,2,0
2023-05-15 16:00:00,15533,15533,15533,2,0
2023-05-15 16:00:00,15533,15533,15533,2,0
2023-05-15 16:00:00,15533,15533,15533,2,0
2023-05-15 16:00:00,15533,15533,15533,2,0
2023-05-15 16:00:00,15533,15533,15533,2,0
2023-05-15 16:00:01,15533,15533,15533,2,0
2023-05-15 16:00:01,15533,15533,15533,2,0
2023-05-15 16:00:01,15533,15533,15533,2,0
2023-05-15 16:00:01,15533,15533,15533,2,0
2023-05-15 16:00:01,15533,15533,15533,2,0
2023-05-15 16:00:01,15533,15533,15533,2,0
2023-05-15 16:00:01,15533,15533,15533,2,0
2023-05-15 16:00:01,15533,15533,15533,2,0
2023-05-15 16:00:01,15533,15533,15533,6,0
2023-05-15 16:00:02,15533,15533,15533,2,0
2023-05-15 16:00:02,15533,15533,15533,2,0
2023-05-15 16:00:11,15534,15534,15534,20,20
2023-05-15 16:00:11,15534,15534,15534,8,0
2023-05-15 16:00:11,15534,15534,15534,2,0
2023-05-15 16:00:11,15535,15535,15535,2,2
2023-05-15 16:00:12,15535,15535,15535,2,0
2023-05-15 16:00:12,15535,15535,15535,2,0
2023-05-15 16:00:12,15535,15535,15535,2,0
2023-05-15 16:00:12,15535,15535,15535,2,0
2023-05-15 16:00:12,15535,15535,15535,2,0
2023-05-15 16:00:13,15534,15534,15534,2,-2
2023-05-15 16:00:17,15534,15534,15534,2,0
2023-05-15 16:00:20,15534,15534,15534,2,0
2023-05-15 16:00:23,15534,15534,15534,4,0
2023-05-15 16:00:24,15535,15535,15535,2,2
2023-05-15 16:00:31,15534,15534,15534,2,-2
2023-05-15 16:00:34,15533,15533,15533,2,-2
2023-05-15 16:00:34,15533,15533,15533,2,0
2023-05-15 16:00:40,15532,15532,15532,2,-2
2023-05-15 16:00:51,15533,15533,15533,2,2
2023-05-15 16:00:52,15532,15532,15532,2,-2
2023-05-15 16:00:52,15532,15532,15532,2,0
2023-05-15 16:01:00,15533,15533,15533,2,2
2023-05-15 16:01:00,15534,15534,15534,2,2
2023-05-15 16:01:04,15534,15534,15534,2,0
2023-05-15 16:01:19,15534,15534,15534,2,0
2023-05-15 16:01:21,15534,15534,15534,2,0
2023-05-15 16:01:21,15534,15534,15534,2,0
2023-05-15 16:01:27,15534,15534,15534,2,0
2023-05-15 16:01:36,15535,15535,15535,4,4
2023-05-15 16:01:53,15533,15533,15533,2,-2
2023-05-15 16:01:53,15533,15533,15533,2,0
2023-05-15 16:01:59,15533,15533,15533,2,0
2023-05-15 16:02:06,15533,15533,15533,2,0
2023-05-15 16:02:07,15532,15532,15532,2,-2
2023-05-15 16:02:42,15532,15532,15532,6,0
2023-05-15 16:03:03,15532,15532,15532,4,0
2023-05-15 16:03:20,15532,15532,15532,2,0
2023-05-15 16:03:31,15532,15532,15532,2,0
2023-05-15 16:03:41,15532,15532,15532,2,0
2023-05-15 16:03:41,15532,15532,15532,2,0
2023-05-15 16:03:43,15533,15533,15533,2,2
2023-05-15 16:04:08,15532,15532,15532,2,-2
2023-05-15 16:04:20,15532,15532,15532,2,0
2023-05-15 16:04:29,15532,15532,15532,2,0
2023-05-15 16:04:29,15532,15532,15532,2,0
2023-05-15 16:04:29,15532,15532,15532,2,0
2023-05-15 16:04:54,15533,15533,15533,10,10
2023-05-15 16:05:02,15533,15533,15533,10,0
2023-05-15 16:05:03,15533,15533,15533,2,0
2023-05-15 16:05:03,15533,15533,15533,2,0
2023-05-15 16:05:06,15533,15533,15533,4,0
2023-05-15 16:05:08,15533,15533,15533,4,0
2023-05-15 16:05:08,15533,15533,15533,2,0
2023-05-15 16:05:11,15534,15534,15534,10,10
2023-05-15 16:05:18,15534,15534,15534,10,0
2023-05-15 16:05:23,15535,15535,15535,48,48
2023-05-15 16:05:24,15535,15535,15535,2,0
2023-05-15 16:05:25,15535,15535,15535,2,0
2023-05-15 16:05:47,15535,15535,15535,2,0
2023-05-15 16:05:51,15535,15535,15535,2,0
2023-05-15 16:05:55,15535,15535,15535,2,0
2023-05-15 16:05:58,15535,15535,15535,2,0
2023-05-15 16:05:58,15535,15535,15535,2,0
2023-05-15 16:06:04,15535,15535,15535,2,0
2023-05-15 16:06:13,15535,15535,15535,4,0
2023-05-15 16:06:21,15535,15535,15535,2,0
2023-05-15 16:06:21,15535,15535,15535,2,0
2023-05-15 16:06:35,15534,15534,15534,2,-2
2023-05-15 16:06:35,15534,15534,15534,2,0
2023-05-15 16:06:36,15534,15534,15534,2,0
2023-05-15 16:06:46,15535,15535,15535,2,2
2023-05-15 16:06:46,15535,15535,15535,2,0
2023-05-15 16:06:46,15535,15535,15535,2,0
2023-05-15 16:06:57,15535,15535,15535,2,0
2023-05-15 16:07:01,15535,15535,15535,4,0
2023-05-15 16:07:01,15535,15535,15535,4,0
2023-05-15 16:07:01,15535,15535,15535,2,0
2023-05-15 16:07:01,15536,15536,15536,66,66
2023-05-15 16:07:01,15537,15537,15537,2,2
2023-05-15 16:07:01,15537,15537,15537,2,0
2023-05-15 16:07:01,15537,15537,15537,4,0
2023-05-15 16:07:01,15537,15537,15537,2,0
2023-05-15 16:07:02,15537,15537,15537,14,0
2023-05-15 16:07:02,15538,15538,15538,2,2
2023-05-15 16:07:02,15538,15538,15538,2,0
2023-05-15 16:07:02,15538,15538,15538,10,0
2023-05-15 16:07:02,15538,15538,15538,4,0
2023-05-15 16:07:02,15538,15538,15538,2,0
2023-05-15 16:07:02,15538,15538,15538,2,0
2023-05-15 16:07:02,15538,15538,15538,4,0
2023-05-15 16:07:02,15538,15538,15538,2,0
2023-05-15 16:07:02,15538,15538,15538,2,0
2023-05-15 16:07:02,15538,15538,15538,6,0
2023-05-15 16:07:02,15538,15538,15538,4,0
2023-05-15 16:07:03,15539,15539,15539,2,2
2023-05-15 16:07:03,15539,15539,15539,2,0
2023-05-15 16:07:03,15539,15539,15539,2,0
2023-05-15 16:07:07,15539,15539,15539,8,0
2023-05-15 16:07:09,15539,15539,15539,24,0
2023-05-15 16:07:09,15539,15539,15539,2,0
2023-05-15 16:07:12,15539,15539,15539,2,0
2023-05-15 16:07:15,15538,15538,15538,4,-4
2023-05-15 16:07:15,15538,15538,15538,2,0
2023-05-15 16:07:15,15538,15538,15538,2,0
2023-05-15 16:07:18,15539,15539,15539,6,6
2023-05-15 16:07:20,15539,15539,15539,2,0
2023-05-15 16:07:21,15539,15539,15539,2,0
2023-05-15 16:07:24,15539,15539,15539,6,0
2023-05-15 16:07:26,15539,15539,15539,2,0
2023-05-15 16:07:40,15539,15539,15539,6,0
2023-05-15 16:07:42,15539,15539,15539,2,0
2023-05-15 16:07:42,15538,15538,15538,2,-2
2023-05-15 16:07:47,15539,15539,15539,2,2
2023-05-15 16:07:48,15539,15539,15539,2,0
2023-05-15 16:07:50,15538,15538,15538,2,-2
2023-05-15 16:07:55,15537,15537,15537,2,-2
2023-05-15 16:07:55,15537,15537,15537,2,0
2023-05-15 16:07:56,15536,15536,15536,2,-2
2023-05-15 16:07:57,15536,15536,15536,2,0
2023-05-15 16:07:57,15537,15537,15537,28,28
2023-05-15 16:07:59,15538,15538,15538,20,20
2023-05-15 16:08:00,15538,15538,15538,2,0
2023-05-15 16:08:00,15538,15538,15538,4,0
2023-05-15 16:08:01,15538,15538,15538,2,0
2023-05-15 16:08:02,15539,15539,15539,2,2
2023-05-15 16:08:02,15538,15538,15538,2,-2
2023-05-15 16:08:06,15538,15538,15538,2,0
2023-05-15 16:08:11,15538,15538,15538,10,0
2023-05-15 16:08:13,15538,15538,15538,2,0
2023-05-15 16:08:23,15537,15537,15537,2,-2
2023-05-15 16:08:27,15537,15537,15537,2,0
2023-05-15 16:08:28,15537,15537,15537,2,0
2023-05-15 16:08:44,15538,15538,15538,12,12
2023-05-15 16:08:45,15538,15538,15538,4,0
2023-05-15 16:08:45,15537,15537,15537,4,-4
2023-05-15 16:08:58,15538,15538,15538,4,4
2023-05-15 16:09:04,15538,15538,15538,2,0
2023-05-15 16:09:17,15537,15537,15537,2,-2
2023-05-15 16:09:19,15538,15538,15538,2,2
2023-05-15 16:09:35,15538,15538,15538,2,0
2023-05-15 16:09:39,15538,15538,15538,2,0
2023-05-15 16:09:46,15538,15538,15538,2,0
2023-05-15 16:10:02,15538,15538,15538,2,0
2023-05-15 16:10:05,15538,15538,15538,2,0
2023-05-15 16:10:05,15538,15538,15538,2,0
2023-05-15 16:10:12,15538,15538,15538,2,0
2023-05-15 16:10:12,15538,15538,15538,2,0
2023-05-15 16:10:12,15538,15538,15538,2,0
2023-05-15 16:10:12,15538,15538,15538,2,0
2023-05-15 16:10:12,15538,15538,15538,4,0
2023-05-15 16:10:13,15538,15538,15538,6,0
2023-05-15 16:10:28,15538,15538,15538,2,0
2023-05-15 16:10:28,15538,15538,15538,2,0
2023-05-15 16:10:38,15537,15537,15537,2,-2
2023-05-15 16:10:42,15538,15538,15538,4,4
2023-05-15 16:10:43,15539,15539,15539,20,20
2023-05-15 16:10:44,15539,15539,15539,20,0
2023-05-15 16:10:45,15538,15538,15538,16,-16
2023-05-15 16:10:45,15538,15538,15538,4,0
2023-05-15 16:10:45,15539,15539,15539,20,20
2023-05-15 16:10:46,15540,15540,15540,2,2
2023-05-15 16:10:46,15540,15540,15540,4,0
2023-05-15 16:10:46,15540,15540,15540,10,0
2023-05-15 16:10:46,15540,15540,15540,4,0
2023-05-15 16:10:46,15539,15539,15539,2,-2
2023-05-15 16:10:48,15539,15539,15539,2,0
2023-05-15 16:10:49,15540,15540,15540,4,4
2023-05-15 16:10:49,15540,15540,15540,8,0
2023-05-15 16:10:49,15540,15540,15540,20,0
2023-05-15 16:10:51,15540,15540,15540,10,0
2023-05-15 16:10:51,15540,15540,15540,20,0
2023-05-15 16:10:51,15540,15540,15540,12,0
2023-05-15 16:10:51,15539,15539,15539,2,-2
2023-05-15 16:10:52,15540,15540,15540,12,12
2023-05-15 16:10:54,15541,15541,15541,14,14
2023-05-15 16:10:54,15541,15541,15541,22,0
2023-05-15 16:10:54,15541,15541,15541,2,0
2023-05-15 16:10:54,15541,15541,15541,2,0
2023-05-15 16:10:54,15541,15541,15541,2,0
2023-05-15 16:10:54,15541,15541,15541,6,0
2023-05-15 16:10:54,15542,15542,15542,2,2
2023-05-15 16:10:54,15542,15542,15542,2,0
2023-05-15 16:10:54,15542,15542,15542,8,0
2023-05-15 16:10:54,15541,15541,15541,2,-2
2023-05-15 16:10:58,15541,15541,15541,16,0
2023-05-15 16:11:02,15540,15540,15540,2,-2
2023-05-15 16:11:02,15541,15541,15541,2,2
2023-05-15 16:11:02,15541,15541,15541,2,0
2023-05-15 16:11:03,15541,15541,15541,2,0
2023-05-15 16:11:03,15542,15542,15542,2,2
2023-05-15 16:11:04,15541,15541,15541,4,-4
2023-05-15 16:11:08,15541,15541,15541,2,0
2023-05-15 16:11:09,15541,15541,15541,2,0
2023-05-15 16:11:13,15541,15541,15541,2,0
2023-05-15 16:11:15,15541,15541,15541,2,0
2023-05-15 16:11:21,15541,15541,15541,2,0
2023-05-15 16:11:25,15541,15541,15541,2,0
2023-05-15 16:11:26,15540,15540,15540,4,-4
2023-05-15 16:11:26,15540,15540,15540,2,0
2023-05-15 16:11:26,15540,15540,15540,2,0
2023-05-15 16:11:27,15541,15541,15541,2,2
2023-05-15 16:11:31,15541,15541,15541,2,0
2023-05-15 16:11:33,15541,15541,15541,6,0
2023-05-15 16:11:35,15542,15542,15542,2,2
2023-05-15 16:11:37,15542,15542,15542,2,0
2023-05-15 16:11:38,15542,15542,15542,4,0
2023-05-15 16:11:42,15541,15541,15541,2,-2
2023-05-15 16:11:44,15541,15541,15541,2,0
2023-05-15 16:11:48,15541,15541,15541,2,0
2023-05-15 16:12:07,15540,15540,15540,2,-2
2023-05-15 16:12:07,15541,15541,15541,2,2
2023-05-15 16:12:07,15541,15541,15541,6,0
2023-05-15 16:12:07,15541,15541,15541,14,0
2023-05-15 16:12:08,15541,15541,15541,6,0
2023-05-15 16:12:10,15541,15541,15541,2,0
2023-05-15 16:12:16,15541,15541,15541,8,0
2023-05-15 16:12:17,15540,15540,15540,2,-2
2023-05-15 16:12:17,15540,15540,15540,6,0
2023-05-15 16:12:17,15540,15540,15540,2,0
2023-05-15 16:12:17,15540,15540,15540,2,0
2023-05-15 16:12:18,15539,15539,15539,6,-6
2023-05-15 16:12:18,15539,15539,15539,2,0
2023-05-15 16:12:18,15539,15539,15539,2,0
2023-05-15 16:12:18,15539,15539,15539,6,0
2023-05-15 16:12:18,15539,15539,15539,4,0
2023-05-15 16:12:18,15539,15539,15539,2,0
2023-05-15 16:12:18,15539,15539,15539,2,0
2023-05-15 16:12:33,15539,15539,15539,2,0
2023-05-15 16:12:52,15539,15539,15539,2,0
2023-05-15 16:13:00,15539,15539,15539,2,0
2023-05-15 16:13:06,15539,15539,15539,6,0
2023-05-15 16:13:16,15539,15539,15539,2,0
2023-05-15 16:13:27,15540,15540,15540,2,2
2023-05-15 16:13:27,15540,15540,15540,2,0
2023-05-15 16:13:27,15540,15540,15540,4,0
2023-05-15 16:13:27,15540,15540,15540,2,0
2023-05-15 16:13:27,15540,15540,15540,2,0
2023-05-15 16:13:27,15540,15540,15540,16,0
2023-05-15 16:13:27,15540,15540,15540,2,0
2023-05-15 16:13:27,15540,15540,15540,6,0
2023-05-15 16:13:27,15540,15540,15540,2,0
2023-05-15 16:13:27,15540,15540,15540,2,0
2023-05-15 16:13:39,15541,15541,15541,2,2
2023-05-15 16:13:41,15541,15541,15541,10,0
2023-05-15 16:13:48,15541,15541,15541,6,0
2023-05-15 16:13:53,15541,15541,15541,2,0
2023-05-15 16:13:54,15540,15540,15540,2,-2
2023-05-15 16:13:54,15540,15540,15540,2,0
2023-05-15 16:14:00,15540,15540,15540,2,0
2023-05-15 16:14:00,15541,15541,15541,2,2
2023-05-15 16:14:00,15540,15540,15540,2,-2
2023-05-15 16:14:05,15540,15540,15540,2,0
2023-05-15 16:14:08,15541,15541,15541,20,20
2023-05-15 16:14:20,15541,15541,15541,4,0
2023-05-15 16:14:23,15542,15542,15542,2,2
2023-05-15 16:14:24,15542,15542,15542,2,0
2023-05-15 16:14:24,15542,15542,15542,4,0
2023-05-15 16:14:25,15541,15541,15541,2,-2
2023-05-15 16:14:28,15542,15542,15542,2,2
2023-05-15 16:14:29,15542,15542,15542,14,0
2023-05-15 16:14:34,15542,15542,15542,6,0
2023-05-15 16:14:36,15542,15542,15542,2,0
2023-05-15 16:14:40,15542,15542,15542,2,0
2023-05-15 16:14:42,15542,15542,15542,4,0
2023-05-15 16:14:46,15542,15542,15542,2,0
2023-05-15 16:14:47,15542,15542,15542,2,0
2023-05-15 16:14:48,15542,15542,15542,2,0
2023-05-15 16:14:52,15542,15542,15542,2,0
2023-05-15 16:14:52,15542,15542,15542,2,0
2023-05-15 16:14:52,15542,15542,15542,4,0
2023-05-15 16:14:56,15542,15542,15542,2,0
2023-05-15 16:14:56,15542,15542,15542,2,0
2023-05-15 16:15:03,15542,15542,15542,10,0
2023-05-15 16:15:03,15542,15542,15542,2,0
2023-05-15 16:15:03,15542,15542,15542,4,0
2023-05-15 16:15:03,15542,15542,15542,10,0
2023-05-15 16:15:03,15542,15542,15542,4,0
2023-05-15 16:15:03,15542,15542,15542,2,0
2023-05-15 16:15:03,15543,15543,15543,2,2
2023-05-15 16:15:03,15543,15543,15543,2,0
2023-05-15 16:15:03,15543,15543,15543,4,0
2023-05-15 16:15:03,15543,15543,15543,2,0
2023-05-15 16:15:03,15543,15543,15543,2,0
2023-05-15 16:15:03,15543,15543,15543,2,0
2023-05-15 16:15:03,15543,15543,15543,2,0
2023-05-15 16:15:03,15543,15543,15543,2,0
2023-05-15 16:15:03,15543,15543,15543,2,0
2023-05-15 16:15:04,15544,15544,15544,2,2
2023-05-15 16:15:04,15544,15544,15544,2,0
2023-05-15 16:15:05,15544,15544,15544,2,0
2023-05-15 16:15:10,15543,15543,15543,2,-2
2023-05-15 16:15:11,15543,15543,15543,2,0
2023-05-15 16:15:11,15543,15543,15543,2,0
2023-05-15 16:15:16,15543,15543,15543,2,0
2023-05-15 16:15:21,15544,15544,15544,2,2
2023-05-15 16:15:30,15544,15544,15544,4,0
2023-05-15 16:15:32,15544,15544,15544,2,0
2023-05-15 16:15:37,15544,15544,15544,2,0
2023-05-15 16:15:52,15543,15543,15543,2,-2
2023-05-15 16:15:56,15543,15543,15543,2,0
2023-05-15 16:15:58,15543,15543,15543,4,0
2023-05-15 16:15:58,15543,15543,15543,2,0
2023-05-15 16:15:58,15543,15543,15543,2,0
2023-05-15 16:15:58,15543,15543,15543,2,0
2023-05-15 16:15:58,15543,15543,15543,2,0
2023-05-15 16:15:58,15543,15543,15543,2,0
2023-05-15 16:15:58,15543,15543,15543,14,0
2023-05-15 16:16:03,15542,15542,15542,2,-2
2023-05-15 16:16:04,15543,15543,15543,2,2
2023-05-15 16:16:15,15542,15542,15542,2,-2
2023-05-15 16:16:15,15542,15542,15542,2,0
2023-05-15 16:16:15,15542,15542,15542,2,0
2023-05-15 16:16:18,15542,15542,15542,2,0
2023-05-15 16:16:18,15542,15542,15542,2,0
2023-05-15 16:16:22,15542,15542,15542,4,0
2023-05-15 16:16:26,15542,15542,15542,8,0
2023-05-15 16:16:26,15542,15542,15542,6,0
2023-05-15 16:16:27,15542,15542,15542,2,0
2023-05-15 16:16:31,15542,15542,15542,8,0
2023-05-15 16:16:31,15542,15542,15542,6,0
2023-05-15 16:16:31,15542,15542,15542,10,0
2023-05-15 16:16:32,15542,15542,15542,2,0
2023-05-15 16:16:40,15541,15541,15541,2,-2
2023-05-15 16:16:40,15542,15542,15542,2,2
2023-05-15 16:16:46,15541,15541,15541,4,-4
2023-05-15 16:16:46,15541,15541,15541,10,0
2023-05-15 16:16:56,15540,15540,15540,2,-2
2023-05-15 16:16:56,15540,15540,15540,6,0
2023-05-15 16:16:56,15540,15540,15540,2,0
2023-05-15 16:16:56,15540,15540,15540,2,0
2023-05-15 16:17:00,15540,15540,15540,2,0
2023-05-15 16:17:02,15540,15540,15540,2,0
2023-05-15 16:17:02,15540,15540,15540,2,0
2023-05-15 16:17:02,15540,15540,15540,2,0
2023-05-15 16:17:02,15540,15540,15540,2,0
2023-05-15 16:17:12,15539,15539,15539,2,-2
2023-05-15 16:17:12,15539,15539,15539,2,0
2023-05-15 16:17:12,15539,15539,15539,2,0
2023-05-15 16:17:12,15539,15539,15539,2,0
2023-05-15 16:17:12,15539,15539,15539,4,0
2023-05-15 16:17:12,15539,15539,15539,2,0
2023-05-15 16:17:12,15539,15539,15539,6,0
2023-05-15 16:17:12,15539,15539,15539,2,0
2023-05-15 16:17:12,15539,15539,15539,6,0
2023-05-15 16:17:12,15539,15539,15539,6,0
2023-05-15 16:17:12,15539,15539,15539,4,0
2023-05-15 16:17:12,15539,15539,15539,2,0
2023-05-15 16:17:12,15540,15540,15540,2,2
2023-05-15 16:17:17,15540,15540,15540,4,0
2023-05-15 16:17:17,15540,15540,15540,2,0
2023-05-15 16:17:20,15540,15540,15540,4,0
2023-05-15 16:17:24,15540,15540,15540,2,0
2023-05-15 16:17:48,15539,15539,15539,2,-2
2023-05-15 16:17:48,15539,15539,15539,2,0
2023-05-15 16:17:48,15539,15539,15539,2,0
2023-05-15 16:17:52,15539,15539,15539,2,0
2023-05-15 16:18:09,15539,15539,15539,4,0
2023-05-15 16:18:09,15539,15539,15539,2,0
2023-05-15 16:18:09,15540,15540,15540,6,6
2023-05-15 16:18:40,15538,15538,15538,2,-2
2023-05-15 16:18:40,15538,15538,15538,2,0
2023-05-15 16:18:47,15538,15538,15538,2,0
2023-05-15 16:19:05,15538,15538,15538,2,0
2023-05-15 16:19:12,15538,15538,15538,2,0
2023-05-15 16:19:19,15538,15538,15538,2,0
2023-05-15 16:19:19,15538,15538,15538,2,0
2023-05-15 16:19:19,15538,15538,15538,2,0
2023-05-15 16:19:25,15538,15538,15538,2,0
2023-05-15 16:19:25,15538,15538,15538,2,0
2023-05-15 16:19:26,15538,15538,15538,2,0
2023-05-15 16:19:26,15538,15538,15538,2,0
2023-05-15 16:19:27,15538,15538,15538,4,0
2023-05-15 16:19:30,15538,15538,15538,2,0
2023-05-15 16:19:30,15538,15538,15538,2,0
2023-05-15 16:19:39,15538,15538,15538,2,0
2023-05-15 16:19:39,15538,15538,15538,2,0
2023-05-15 16:19:39,15538,15538,15538,2,0
2023-05-15 16:19:39,15538,15538,15538,6,0
2023-05-15 16:19:45,15538,15538,15538,2,0
2023-05-15 16:20:12,15538,15538,15538,10,0
2023-05-15 16:20:19,15537,15537,15537,2,-2
2023-05-15 16:20:21,15538,15538,15538,2,2
2023-05-15 16:20:35,15538,15538,15538,4,0
2023-05-15 16:20:43,15538,15538,15538,14,0
2023-05-15 16:20:43,15538,15538,15538,2,0
2023-05-15 16:20:43,15538,15538,15538,2,0
2023-05-15 16:20:45,15538,15538,15538,2,0
2023-05-15 16:20:45,15538,15538,15538,2,0
2023-05-15 16:21:02,15539,15539,15539,2,2
2023-05-15 16:21:04,15538,15538,15538,2,-2
2023-05-15 16:21:07,15539,15539,15539,14,14
2023-05-15 16:21:11,15538,15538,15538,2,-2
2023-05-15 16:21:15,15539,15539,15539,2,2
2023-05-15 16:21:15,15540,15540,15540,2,2
2023-05-15 16:21:43,15540,15540,15540,2,0
2023-05-15 16:22:13,15539,15539,15539,2,-2
2023-05-15 16:22:13,15539,15539,15539,2,0
2023-05-15 16:22:13,15539,15539,15539,2,0
2023-05-15 16:22:13,15539,15539,15539,2,0
2023-05-15 16:22:13,15539,15539,15539,2,0
2023-05-15 16:22:26,15538,15538,15538,4,-4
2023-05-15 16:22:31,15538,15538,15538,2,0
2023-05-15 16:22:31,15538,15538,15538,2,0
2023-05-15 16:22:45,15538,15538,15538,4,0
2023-05-15 16:22:45,15538,15538,15538,2,0
2023-05-15 16:22:45,15538,15538,15538,2,0
2023-05-15 16:22:45,15538,15538,15538,2,0
2023-05-15 16:22:45,15538,15538,15538,2,0
2023-05-15 16:22:45,15537,15537,15537,4,-4
2023-05-15 16:22:45,15537,15537,15537,2,0
2023-05-15 16:22:45,15537,15537,15537,2,0
2023-05-15 16:22:45,15537,15537,15537,2,0
2023-05-15 16:22:45,15537,15537,15537,2,0
2023-05-15 16:22:45,15537,15537,15537,4,0
2023-05-15 16:22:45,15537,15537,15537,2,0
2023-05-15 16:22:45,15537,15537,15537,6,0
2023-05-15 16:22:45,15537,15537,15537,2,0
2023-05-15 16:22:45,15537,15537,15537,2,0
2023-05-15 16:22:45,15537,15537,15537,2,0
2023-05-15 16:22:59,15536,15536,15536,2,-2
2023-05-15 16:22:59,15536,15536,15536,2,0
2023-05-15 16:23:08,15536,15536,15536,6,0
2023-05-15 16:23:08,15536,15536,15536,2,0
2023-05-15 16:23:19,15536,15536,15536,2,0
2023-05-15 16:23:19,15536,15536,15536,2,0
2023-05-15 16:23:19,15536,15536,15536,2,0
2023-05-15 16:23:19,15536,15536,15536,2,0
2023-05-15 16:23:25,15536,15536,15536,2,0
2023-05-15 16:23:25,15536,15536,15536,2,0
2023-05-15 16:23:38,15536,15536,15536,2,0
2023-05-15 16:23:51,15537,15537,15537,2,2
2023-05-15 16:25:26,15537,15537,15537,2,0
2023-05-15 16:25:50,15536,15536,15536,2,-2
2023-05-15 16:25:51,15537,15537,15537,2,2
2023-05-15 16:26:01,15536,15536,15536,2,-2
2023-05-15 16:26:02,15536,15536,15536,2,0
2023-05-15 16:26:02,15536,15536,15536,2,0
2023-05-15 16:26:02,15536,15536,15536,2,0
2023-05-15 16:26:02,15536,15536,15536,2,0
2023-05-15 16:26:02,15536,15536,15536,2,0
2023-05-15 16:26:24,15536,15536,15536,2,0
2023-05-15 16:26:29,15536,15536,15536,2,0
2023-05-15 16:26:29,15536,15536,15536,2,0
2023-05-15 16:26:55,15536,15536,15536,2,0
2023-05-15 16:26:55,15536,15536,15536,2,0
2023-05-15 16:26:55,15536,15536,15536,2,0
2023-05-15 16:26:55,15536,15536,15536,2,0
2023-05-15 16:26:58,15536,15536,15536,2,0
2023-05-15 16:27:00,15536,15536,15536,2,0
2023-05-15 16:27:25,15537,15537,15537,2,2
2023-05-15 16:27:53,15536,15536,15536,2,-2
2023-05-15 16:27:58,15536,15536,15536,2,0
2023-05-15 16:28:01,15537,15537,15537,2,2
2023-05-15 16:28:10,15537,15537,15537,2,0
2023-05-15 16:28:19,15536,15536,15536,2,-2
2023-05-15 16:28:25,15536,15536,15536,2,0
2023-05-15 16:28:26,15536,15536,15536,4,0
2023-05-15 16:28:26,15536,15536,15536,2,0
2023-05-15 16:28:26,15536,15536,15536,2,0
2023-05-15 16:28:51,15537,15537,15537,6,6
2023-05-15 16:28:51,15537,15537,15537,2,0
2023-05-15 16:29:14,15538,15538,15538,4,4
2023-05-15 16:29:19,15538,15538,15538,2,0
2023-05-15 16:29:25,15538,15538,15538,2,0
2023-05-15 16:29:38,15539,15539,15539,2,2
2023-05-15 16:29:45,15539,15539,15539,2,0
2023-05-15 16:29:47,15539,15539,15539,2,0
2023-05-15 16:30:41,15539,15539,15539,2,0
2023-05-15 16:30:45,15539,15539,15539,2,0
2023-05-15 16:30:46,15539,15539,15539,2,0
2023-05-15 16:31:06,15539,15539,15539,2,0
2023-05-15 16:31:10,15539,15539,15539,2,0
2023-05-15 16:31:32,15538,15538,15538,2,-2
2023-05-15 16:31:32,15538,15538,15538,2,0
2023-05-15 16:31:32,15538,15538,15538,2,0
2023-05-15 16:31:32,15538,15538,15538,4,0
2023-05-15 16:31:40,15539,15539,15539,2,2
2023-05-15 16:32:31,15539,15539,15539,2,0
2023-05-15 16:32:32,15538,15538,15538,2,-2
2023-05-15 16:32:42,15538,15538,15538,2,0
2023-05-15 16:33:01,15538,15538,15538,2,0
2023-05-15 16:33:03,15539,15539,15539,2,2
2023-05-15 16:33:05,15537,15537,15537,4,-4
2023-05-15 16:33:26,15538,15538,15538,2,2
2023-05-15 16:33:26,15538,15538,15538,2,0
2023-05-15 16:33:26,15538,15538,15538,2,0
2023-05-15 16:34:19,15537,15537,15537,2,-2
2023-05-15 16:34:21,15537,15537,15537,2,0
2023-05-15 16:34:34,15537,15537,15537,4,0
2023-05-15 16:34:39,15537,15537,15537,2,0
2023-05-15 16:34:48,15537,15537,15537,4,0
2023-05-15 16:34:48,15537,15537,15537,2,0
2023-05-15 16:34:52,15537,15537,15537,2,0
2023-05-15 16:34:55,15538,15538,15538,2,2
2023-05-15 16:35:04,15538,15538,15538,2,0
2023-05-15 16:35:04,15538,15538,15538,2,0
2023-05-15 16:35:33,15538,15538,15538,2,0
2023-05-15 16:35:36,15537,15537,15537,2,-2
2023-05-15 16:36:15,15538,15538,15538,16,16
2023-05-15 16:36:38,15537,15537,15537,2,-2
2023-05-15 16:37:03,15537,15537,15537,4,0
2023-05-15 16:37:04,15537,15537,15537,2,0
2023-05-15 16:37:04,15537,15537,15537,6,0
2023-05-15 16:37:04,15537,15537,15537,2,0
2023-05-15 16:37:04,15537,15537,15537,2,0
2023-05-15 16:37:04,15537,15537,15537,2,0
2023-05-15 16:37:04,15537,15537,15537,2,0
2023-05-15 16:37:04,15537,15537,15537,2,0
2023-05-15 16:37:04,15537,15537,15537,2,0
2023-05-15 16:37:04,15537,15537,15537,2,0
2023-05-15 16:37:08,15537,15537,15537,2,0
2023-05-15 16:37:13,15537,15537,15537,8,0
2023-05-15 16:37:25,15537,15537,15537,2,0
2023-05-15 16:37:34,15536,15536,15536,4,-4
2023-05-15 16:37:42,15536,15536,15536,2,0
2023-05-15 16:37:42,15536,15536,15536,10,0
2023-05-15 16:37:42,15536,15536,15536,2,0
2023-05-15 16:37:49,15535,15535,15535,2,-2
2023-05-15 16:37:56,15535,15535,15535,2,0
2023-05-15 16:38:01,15535,15535,15535,2,0
2023-05-15 16:38:01,15535,15535,15535,2,0
2023-05-15 16:38:01,15535,15535,15535,2,0
2023-05-15 16:38:01,15535,15535,15535,4,0
2023-05-15 16:38:01,15535,15535,15535,2,0
2023-05-15 16:38:01,15535,15535,15535,2,0
2023-05-15 16:38:01,15535,15535,15535,2,0
2023-05-15 16:38:01,15535,15535,15535,2,0
2023-05-15 16:38:01,15535,15535,15535,2,0
2023-05-15 16:38:01,15535,15535,15535,2,0
2023-05-15 16:38:01,15535,15535,15535,10,0
2023-05-15 16:38:01,15535,15535,15535,2,0
2023-05-15 16:38:01,15535,15535,15535,2,0
2023-05-15 16:38:01,15535,15535,15535,2,0
2023-05-15 16:38:01,15535,15535,15535,4,0
2023-05-15 16:38:01,15535,15535,15535,4,0
2023-05-15 16:38:01,15535,15535,15535,2,0
2023-05-15 16:38:12,15534,15534,15534,4,-4
2023-05-15 16:38:12,15534,15534,15534,2,0
2023-05-15 16:38:12,15534,15534,15534,2,0
2023-05-15 16:38:12,15534,15534,15534,2,0
2023-05-15 16:38:12,15534,15534,15534,2,0
2023-05-15 16:38:12,15534,15534,15534,4,0
2023-05-15 16:38:12,15534,15534,15534,2,0
2023-05-15 16:38:12,15534,15534,15534,2,0
2023-05-15 16:38:12,15534,15534,15534,4,0
2023-05-15 16:38:12,15534,15534,15534,2,0
2023-05-15 16:38:12,15534,15534,15534,2,0
2023-05-15 16:38:23,15533,15533,15533,2,-2
2023-05-15 16:38:23,15533,15533,15533,4,0
2023-05-15 16:38:23,15533,15533,15533,2,0
2023-05-15 16:38:34,15533,15533,15533,2,0
2023-05-15 16:38:34,15533,15533,15533,2,0
2023-05-15 16:38:38,15533,15533,15533,2,0
2023-05-15 16:38:42,15533,15533,15533,2,0
2023-05-15 16:38:43,15533,15533,15533,2,0
2023-05-15 16:38:44,15533,15533,15533,2,0
2023-05-15 16:38:47,15533,15533,15533,2,0
2023-05-15 16:39:09,15533,15533,15533,2,0
2023-05-15 16:39:30,15534,15534,15534,2,2
2023-05-15 16:39:35,15533,15533,15533,2,-2
2023-05-15 16:39:39,15533,15533,15533,2,0
2023-05-15 16:39:39,15534,15534,15534,2,2
2023-05-15 16:39:51,15533,15533,15533,2,-2
2023-05-15 16:39:53,15533,15533,15533,2,0
2023-05-15 16:39:53,15533,15533,15533,2,0
2023-05-15 16:39:53,15533,15533,15533,4,0
2023-05-15 16:39:53,15533,15533,15533,2,0
2023-05-15 16:39:53,15533,15533,15533,2,0
2023-05-15 16:39:53,15532,15532,15532,2,-2
2023-05-15 16:40:03,15533,15533,15533,2,2
2023-05-15 16:40:04,15534,15534,15534,2,2
2023-05-15 16:40:05,15533,15533,15533,2,-2
2023-05-15 16:40:08,15533,15533,15533,2,0
2023-05-15 16:40:17,15533,15533,15533,2,0
2023-05-15 16:40:18,15533,15533,15533,4,0
2023-05-15 16:40:20,15533,15533,15533,2,0
2023-05-15 16:40:28,15533,15533,15533,4,0
2023-05-15 16:40:43,15533,15533,15533,4,0
2023-05-15 16:40:55,15533,15533,15533,2,0
2023-05-15 16:41:13,15533,15533,15533,2,0
2023-05-15 16:41:19,15533,15533,15533,2,0
2023-05-15 16:41:19,15533,15533,15533,2,0
2023-05-15 16:41:19,15533,15533,15533,2,0
2023-05-15 16:41:29,15533,15533,15533,2,0
2023-05-15 16:41:40,15533,15533,15533,2,0
2023-05-15 16:41:53,15534,15534,15534,2,2
2023-05-15 16:42:40,15533,15533,15533,2,-2
2023-05-15 16:42:51,15533,15533,15533,2,0
2023-05-15 16:42:51,15533,15533,15533,2,0
2023-05-15 16:42:55,15533,15533,15533,2,0
2023-05-15 16:43:00,15534,15534,15534,2,2
2023-05-15 16:43:03,15533,15533,15533,2,-2
2023-05-15 16:43:08,15533,15533,15533,4,0
2023-05-15 16:43:08,15533,15533,15533,2,0
2023-05-15 16:43:26,15533,15533,15533,2,0
2023-05-15 16:43:27,15533,15533,15533,2,0
2023-05-15 16:43:38,15533,15533,15533,2,0
2023-05-15 16:43:55,15534,15534,15534,24,24
2023-05-15 16:43:55,15534,15534,15534,2,0
2023-05-15 16:43:55,15534,15534,15534,2,0
2023-05-15 16:44:09,15534,15534,15534,2,0
2023-05-15 16:44:09,15534,15534,15534,4,0
2023-05-15 16:44:09,15534,15534,15534,2,0
2023-05-15 16:44:32,15534,15534,15534,2,0
2023-05-15 16:44:46,15535,15535,15535,2,2
2023-05-15 16:44:46,15535,15535,15535,2,0
2023-05-15 16:44:46,15535,15535,15535,8,0
2023-05-15 16:44:49,15535,15535,15535,2,0
2023-05-15 16:45:04,15536,15536,15536,2,2
2023-05-15 16:45:04,15535,15535,15535,2,-2
2023-05-15 16:45:04,15535,15535,15535,2,0
2023-05-15 16:45:04,15535,15535,15535,2,0
2023-05-15 16:45:04,15536,15536,15536,2,2
2023-05-15 16:45:15,15536,15536,15536,2,0
2023-05-15 16:45:15,15536,15536,15536,2,0
2023-05-15 16:45:22,15536,15536,15536,2,0
2023-05-15 16:45:34,15536,15536,15536,2,0
2023-05-15 16:45:41,15536,15536,15536,4,0
2023-05-15 16:45:41,15536,15536,15536,4,0
2023-05-15 16:45:50,15537,15537,15537,6,6
2023-05-15 16:45:52,15537,15537,15537,8,0
2023-05-15 16:46:07,15537,15537,15537,2,0
2023-05-15 16:46:08,15537,15537,15537,2,0
2023-05-15 16:46:12,15537,15537,15537,2,0
2023-05-15 16:46:27,15537,15537,15537,2,0
2023-05-15 16:46:35,15537,15537,15537,4,0
2023-05-15 16:46:42,15536,15536,15536,2,-2
2023-05-15 16:46:42,15536,15536,15536,2,0
2023-05-15 16:46:42,15536,15536,15536,4,0
2023-05-15 16:46:42,15536,15536,15536,4,0
2023-05-15 16:46:45,15535,15535,15535,2,-2
2023-05-15 16:46:59,15535,15535,15535,2,0
2023-05-15 16:46:59,15535,15535,15535,6,0
2023-05-15 16:47:31,15535,15535,15535,2,0
2023-05-15 16:47:48,15534,15534,15534,2,-2
2023-05-15 16:47:48,15534,15534,15534,6,0
2023-05-15 16:47:48,15534,15534,15534,4,0
2023-05-15 16:47:51,15533,15533,15533,2,-2
2023-05-15 16:47:51,15533,15533,15533,2,0
2023-05-15 16:47:51,15533,15533,15533,2,0
2023-05-15 16:47:51,15533,15533,15533,2,0
2023-05-15 16:47:55,15533,15533,15533,2,0
2023-05-15 16:47:56,15532,15532,15532,2,-2
2023-05-15 16:47:56,15532,15532,15532,2,0
2023-05-15 16:48:12,15533,15533,15533,2,2
2023-05-15 16:48:12,15533,15533,15533,2,0
2023-05-15 16:48:12,15533,15533,15533,2,0
2023-05-15 16:48:12,15533,15533,15533,4,0
2023-05-15 16:48:18,15533,15533,15533,2,0
2023-05-15 16:48:23,15533,15533,15533,2,0
2023-05-15 16:48:23,15533,15533,15533,2,0
2023-05-15 16:48:23,15533,15533,15533,2,0
2023-05-15 16:48:23,15533,15533,15533,2,0
2023-05-15 16:48:27,15533,15533,15533,4,0
2023-05-15 16:49:10,15533,15533,15533,2,0
