2022-06-24 15:00:00,15056,15058,15034,107,-107
2022-06-24 15:00:00,15033,15035,15035,9,9
2022-06-24 15:00:00,15033,15035,15037,1,1
2022-06-24 15:00:00,15035,15039,15035,1,-1
2022-06-24 15:00:00,15035,15039,15039,2,2
2022-06-24 15:00:00,15035,15039,15040,1,1
2022-06-24 15:00:00,15035,15039,15035,1,-1
2022-06-24 15:00:00,15035,15036,15033,4,-4
2022-06-24 15:00:00,15035,15036,15035,4,-4
2022-06-24 15:00:00,15035,15036,15034,2,-2
2022-06-24 15:00:00,15035,15036,15035,1,-1
2022-06-24 15:00:00,15033,15036,15036,1,1
2022-06-24 15:00:00,15033,15036,15036,1,1
2022-06-24 15:00:00,15033,15036,15037,1,1
2022-06-24 15:00:00,15033,15036,15037,1,1
2022-06-24 15:00:00,15033,15036,15038,1,1
2022-06-24 15:00:00,15033,15036,15039,1,1
2022-06-24 15:00:00,15033,15036,15037,1,1
2022-06-24 15:00:00,15033,15036,15039,1,1
2022-06-24 15:00:00,15037,15040,15040,1,1
2022-06-24 15:00:00,15037,15040,15040,2,2
2022-06-24 15:00:00,15037,15040,15041,1,1
2022-06-24 15:00:00,15037,15040,15038,2,-2
2022-06-24 15:00:00,15037,15040,15039,1,1
2022-06-24 15:00:00,15038,15041,15041,1,1
2022-06-24 15:00:00,15038,15041,15041,2,2
2022-06-24 15:00:00,15040,15041,15041,4,4
2022-06-24 15:00:00,15040,15041,15041,7,7
2022-06-24 15:00:00,15040,15041,15041,2,2
2022-06-24 15:00:00,15040,15041,15041,1,1
2022-06-24 15:00:00,15040,15041,15040,1,-1
2022-06-24 15:00:00,15040,15041,15041,1,1
2022-06-24 15:00:00,15040,15041,15041,1,1
2022-06-24 15:00:01,15040,15041,15040,1,-1
2022-06-24 15:00:01,15040,15041,15039,1,-1
2022-06-24 15:00:01,15038,15041,15038,4,-4
2022-06-24 15:00:01,15038,15040,15040,1,1
2022-06-24 15:00:01,15038,15040,15040,1,1
2022-06-24 15:00:01,15038,15040,15038,1,-1
2022-06-24 15:00:01,15037,15039,15037,1,-1
2022-06-24 15:00:01,15037,15039,15037,1,-1
2022-06-24 15:00:01,15037,15039,15039,1,1
2022-06-24 15:00:01,15037,15039,15038,1,1
2022-06-24 15:00:01,15037,15040,15037,4,-4
2022-06-24 15:00:01,15037,15040,15036,2,-2
2022-06-24 15:00:01,15037,15040,15037,1,-1
2022-06-24 15:00:01,15037,15040,15038,1,-1
2022-06-24 15:00:01,15037,15039,15037,1,-1
2022-06-24 15:00:01,15037,15039,15039,1,1
2022-06-24 15:00:01,15037,15039,15038,2,2
2022-06-24 15:00:01,15037,15039,15039,1,1
2022-06-24 15:00:01,15037,15039,15039,1,1
2022-06-24 15:00:02,15036,15039,15039,2,2
2022-06-24 15:00:02,15036,15039,15036,4,-4
2022-06-24 15:00:02,15038,15039,15038,1,-1
2022-06-24 15:00:02,15038,15039,15038,1,-1
2022-06-24 15:00:02,15036,15038,15038,1,1
2022-06-24 15:00:03,15036,15038,15036,1,-1
2022-06-24 15:00:03,15036,15038,15038,1,1
2022-06-24 15:00:03,15037,15038,15037,1,-1
2022-06-24 15:00:03,15037,15038,15035,1,-1
2022-06-24 15:00:03,15035,15038,15038,1,1
2022-06-24 15:00:03,15035,15038,15035,1,-1
2022-06-24 15:00:03,15035,15038,15039,3,3
2022-06-24 15:00:03,15035,15038,15038,2,2
2022-06-24 15:00:03,15036,15040,15036,1,-1
2022-06-24 15:00:03,15036,15040,15036,1,-1
2022-06-24 15:00:04,15035,15037,15037,1,1
2022-06-24 15:00:04,15035,15037,15035,9,-9
2022-06-24 15:00:04,15035,15037,15036,1,-1
2022-06-24 15:00:04,15036,15037,15036,4,-4
2022-06-24 15:00:05,15035,15037,15035,1,-1
2022-06-24 15:00:05,15034,15037,15031,5,-5
2022-06-24 15:00:05,15034,15037,15034,2,-2
2022-06-24 15:00:05,15034,15037,15033,11,-11
2022-06-24 15:00:05,15034,15037,15032,7,-7
2022-06-24 15:00:05,15032,15034,15033,1,-1
2022-06-24 15:00:05,15031,15033,15033,1,1
2022-06-24 15:00:05,15031,15033,15034,1,1
2022-06-24 15:00:05,15031,15033,15034,2,2
2022-06-24 15:00:05,15031,15033,15033,2,2
2022-06-24 15:00:05,15031,15033,15033,1,1
2022-06-24 15:00:05,15031,15033,15032,1,1
2022-06-24 15:00:05,15031,15033,15034,1,1
2022-06-24 15:00:06,15032,15035,15035,2,2
2022-06-24 15:00:06,15032,15035,15035,2,2
2022-06-24 15:00:06,15032,15035,15034,2,2
2022-06-24 15:00:06,15033,15035,15034,1,1
2022-06-24 15:00:06,15033,15035,15034,1,1
2022-06-24 15:00:06,15033,15035,15034,1,1
2022-06-24 15:00:07,15032,15033,15033,1,1
2022-06-24 15:00:07,15032,15033,15032,2,-2
2022-06-24 15:00:07,15031,15034,15034,1,1
2022-06-24 15:00:08,15031,15033,15033,1,1
2022-06-24 15:00:08,15031,15033,15033,1,1
2022-06-24 15:00:08,15032,15033,15033,2,2
2022-06-24 15:00:08,15032,15033,15032,1,-1
2022-06-24 15:00:08,15032,15033,15032,1,-1
2022-06-24 15:00:08,15032,15033,15033,1,1
2022-06-24 15:00:08,15032,15033,15033,1,1
2022-06-24 15:00:08,15032,15034,15032,1,-1
2022-06-24 15:00:09,15032,15034,15034,1,1
2022-06-24 15:00:09,15032,15034,15032,4,-4
2022-06-24 15:00:09,15032,15034,15033,1,-1
2022-06-24 15:00:09,15032,15034,15032,1,-1
2022-06-24 15:00:09,15032,15034,15034,1,1
2022-06-24 15:00:09,15032,15033,15032,1,-1
2022-06-24 15:00:10,15032,15033,15033,3,3
2022-06-24 15:00:10,15033,15034,15034,2,2
2022-06-24 15:00:11,15033,15035,15033,1,-1
2022-06-24 15:00:11,15033,15035,15035,4,4
2022-06-24 15:00:11,15033,15035,15035,2,2
2022-06-24 15:00:11,15034,15036,15036,2,2
2022-06-24 15:00:11,15035,15037,15035,1,-1
2022-06-24 15:00:11,15035,15037,15035,1,-1
2022-06-24 15:00:11,15034,15037,15037,2,2
2022-06-24 15:00:11,15034,15037,15037,1,1
2022-06-24 15:00:11,15036,15038,15036,1,-1
2022-06-24 15:00:11,15036,15038,15038,5,5
2022-06-24 15:00:11,15036,15038,15037,1,1
2022-06-24 15:00:11,15036,15038,15037,1,1
2022-06-24 15:00:11,15036,15038,15035,6,-6
2022-06-24 15:00:11,15036,15038,15033,5,-5
2022-06-24 15:00:11,15036,15038,15034,8,-8
2022-06-24 15:00:11,15036,15038,15036,2,-2
2022-06-24 15:00:11,15036,15038,15032,4,-4
2022-06-24 15:00:12,15033,15035,15035,2,2
2022-06-24 15:00:12,15033,15035,15034,1,1
2022-06-24 15:00:12,15033,15035,15034,2,2
2022-06-24 15:00:12,15033,15035,15033,1,-1
2022-06-24 15:00:12,15033,15035,15033,1,-1
2022-06-24 15:00:12,15033,15035,15034,1,-1
2022-06-24 15:00:14,15032,15034,15032,1,-1
2022-06-24 15:00:14,15032,15034,15032,4,-4
2022-06-24 15:00:14,15032,15034,15031,2,-2
2022-06-24 15:00:14,15032,15034,15031,3,-3
2022-06-24 15:00:15,15030,15032,15032,2,2
2022-06-24 15:00:15,15030,15032,15032,1,1
2022-06-24 15:00:15,15031,15032,15031,1,-1
2022-06-24 15:00:15,15031,15032,15031,1,-1
2022-06-24 15:00:15,15030,15032,15030,1,-1
2022-06-24 15:00:15,15030,15032,15032,2,2
2022-06-24 15:00:16,15031,15033,15033,2,2
2022-06-24 15:00:16,15032,15033,15032,1,-1
2022-06-24 15:00:16,15031,15033,15030,7,-7
2022-06-24 15:00:16,15031,15033,15031,3,-3
2022-06-24 15:00:16,15031,15033,15032,2,-2
2022-06-24 15:00:17,15030,15033,15033,1,1
2022-06-24 15:00:17,15031,15033,15032,1,1
2022-06-24 15:00:17,15032,15033,15031,4,-4
2022-06-24 15:00:17,15032,15033,15029,10,-10
2022-06-24 15:00:17,15032,15033,15030,8,-8
2022-06-24 15:00:17,15032,15033,15032,3,-3
2022-06-24 15:00:18,15030,15031,15031,1,1
2022-06-24 15:00:18,15030,15031,15030,2,-2
2022-06-24 15:00:18,15029,15031,15031,1,1
2022-06-24 15:00:19,15029,15030,15029,1,-1
2022-06-24 15:00:20,15029,15030,15029,1,-1
2022-06-24 15:00:20,15029,15030,15030,1,1
2022-06-24 15:00:20,15028,15030,15030,2,2
2022-06-24 15:00:21,15029,15031,15029,1,-1
2022-06-24 15:00:21,15029,15031,15031,1,1
2022-06-24 15:00:21,15029,15031,15031,2,2
2022-06-24 15:00:21,15029,15031,15029,1,-1
2022-06-24 15:00:21,15029,15031,15029,2,-2
2022-06-24 15:00:22,15029,15031,15031,1,1
2022-06-24 15:00:22,15029,15030,15028,15,-15
2022-06-24 15:00:22,15029,15030,15029,4,-4
2022-06-24 15:00:22,15029,15030,15028,6,-6
2022-06-24 15:00:22,15027,15029,15027,1,-1
2022-06-24 15:00:22,15027,15029,15027,1,-1
2022-06-24 15:00:22,15027,15029,15027,4,-4
2022-06-24 15:00:23,15026,15027,15027,1,1
2022-06-24 15:00:24,15026,15028,15026,1,-1
2022-06-24 15:00:24,15026,15028,15026,2,-2
2022-06-24 15:00:24,15026,15028,15026,2,-2
2022-06-24 15:00:24,15026,15028,15026,4,-4
2022-06-24 15:00:25,15025,15026,15025,1,-1
2022-06-24 15:00:25,15025,15026,15025,33,-33
2022-06-24 15:00:25,15025,15026,15024,1,-1
2022-06-24 15:00:25,15025,15026,15023,10,-10
2022-06-24 15:00:25,15022,15023,15022,1,-1
2022-06-24 15:00:25,15022,15023,15022,2,-2
2022-06-24 15:00:26,15022,15023,15022,2,-2
2022-06-24 15:00:26,15021,15023,15021,1,-1
2022-06-24 15:00:26,15021,15023,15021,1,-1
2022-06-24 15:00:26,15021,15023,15021,2,-2
2022-06-24 15:00:26,15021,15023,15021,1,-1
2022-06-24 15:00:26,15021,15023,15022,1,-1
2022-06-24 15:00:27,15021,15022,15021,1,-1
2022-06-24 15:00:27,15021,15022,15021,1,-1
2022-06-24 15:00:27,15021,15022,15022,1,1
2022-06-24 15:00:27,15021,15022,15022,1,1
2022-06-24 15:00:27,15021,15022,15022,1,1
2022-06-24 15:00:27,15021,15022,15021,1,-1
2022-06-24 15:00:27,15021,15022,15021,1,-1
2022-06-24 15:00:28,15021,15022,15022,1,1
2022-06-24 15:00:28,15021,15023,15023,2,2
2022-06-24 15:00:28,15021,15023,15024,1,1
2022-06-24 15:00:28,15024,15025,15025,1,1
2022-06-24 15:00:28,15024,15025,15024,1,-1
2022-06-24 15:00:28,15024,15025,15025,1,1
2022-06-24 15:00:28,15024,15025,15025,1,1
2022-06-24 15:00:28,15023,15025,15024,1,1
2022-06-24 15:00:28,15023,15025,15025,1,1
2022-06-24 15:00:29,15023,15024,15023,1,-1
2022-06-24 15:00:29,15023,15024,15024,3,3
2022-06-24 15:00:29,15024,15026,15024,1,-1
2022-06-24 15:00:29,15024,15026,15024,1,-1
2022-06-24 15:00:29,15024,15026,15024,11,-11
2022-06-24 15:00:30,15023,15024,15021,13,-13
2022-06-24 15:00:30,15023,15024,15023,2,-2
2022-06-24 15:00:30,15023,15024,15022,10,-10
2022-06-24 15:00:30,15021,15022,15020,4,-4
2022-06-24 15:00:30,15021,15022,15021,1,-1
2022-06-24 15:00:30,15021,15022,15022,1,1
2022-06-24 15:00:30,15021,15023,15023,1,1
2022-06-24 15:00:31,15022,15024,15022,1,-1
2022-06-24 15:00:31,15022,15024,15022,4,-4
2022-06-24 15:00:31,15022,15024,15021,1,-1
2022-06-24 15:00:31,15022,15024,15022,1,-1
2022-06-24 15:00:32,15021,15023,15021,1,-1
2022-06-24 15:00:33,15021,15023,15023,1,1
2022-06-24 15:00:33,15022,15024,15024,1,1
2022-06-24 15:00:33,15022,15024,15024,1,1
2022-06-24 15:00:33,15023,15025,15023,2,-2
2022-06-24 15:00:35,15023,15024,15024,4,4
2022-06-24 15:00:35,15023,15024,15024,1,1
2022-06-24 15:00:35,15023,15024,15024,2,2
2022-06-24 15:00:35,15023,15024,15024,3,3
2022-06-24 15:00:35,15023,15024,15023,1,-1
2022-06-24 15:00:36,15023,15024,15021,9,-9
2022-06-24 15:00:36,15023,15024,15022,7,-7
2022-06-24 15:00:36,15023,15024,15023,1,-1
2022-06-24 15:00:36,15023,15024,15021,8,-8
2022-06-24 15:00:36,15021,15023,15023,2,2
2022-06-24 15:00:37,15022,15023,15023,1,1
2022-06-24 15:00:38,15022,15024,15024,1,1
2022-06-24 15:00:39,15022,15024,15024,1,1
2022-06-24 15:00:39,15023,15025,15025,1,1
2022-06-24 15:00:40,15023,15025,15023,4,-4
2022-06-24 15:00:40,15023,15025,15021,7,-7
2022-06-24 15:00:40,15023,15025,15022,6,-6
2022-06-24 15:00:40,15023,15025,15021,1,-1
2022-06-24 15:00:40,15023,15025,15021,5,-5
2022-06-24 15:00:40,15023,15025,15021,2,-2
2022-06-24 15:00:40,15023,15025,15022,2,-2
2022-06-24 15:00:40,15020,15022,15020,2,-2
2022-06-24 15:00:40,15021,15022,15022,1,1
2022-06-24 15:00:41,15020,15022,15020,1,-1
2022-06-24 15:00:41,15020,15022,15022,1,1
2022-06-24 15:00:42,15021,15022,15021,1,-1
2022-06-24 15:00:42,15021,15022,15021,2,-2
2022-06-24 15:00:42,15021,15022,15022,2,2
2022-06-24 15:00:43,15021,15022,15021,1,-1
2022-06-24 15:00:43,15021,15022,15021,1,-1
2022-06-24 15:00:43,15021,15022,15021,1,-1
2022-06-24 15:00:43,15021,15022,15021,5,-5
2022-06-24 15:00:43,15021,15022,15020,13,-13
2022-06-24 15:00:43,15021,15022,15019,3,-3
2022-06-24 15:00:43,15018,15020,15020,1,1
2022-06-24 15:00:44,15019,15020,15020,1,1
2022-06-24 15:00:44,15018,15020,15020,1,1
2022-06-24 15:00:45,15018,15020,15018,1,-1
2022-06-24 15:00:45,15018,15019,15018,1,-1
2022-06-24 15:00:45,15018,15019,15018,1,-1
2022-06-24 15:00:45,15018,15019,15018,2,-2
2022-06-24 15:00:45,15018,15019,15018,2,-2
2022-06-24 15:00:45,15018,15019,15018,1,-1
2022-06-24 15:00:45,15018,15019,15019,1,1
2022-06-24 15:00:45,15017,15019,15019,9,9
2022-06-24 15:00:45,15017,15019,15019,1,1
2022-06-24 15:00:45,15017,15019,15020,3,3
2022-06-24 15:00:45,15017,15019,15019,2,2
2022-06-24 15:00:45,15017,15019,15020,4,4
2022-06-24 15:00:46,15019,15020,15020,1,1
2022-06-24 15:00:46,15019,15020,15019,1,-1
2022-06-24 15:00:46,15019,15020,15020,1,1
2022-06-24 15:00:47,15020,15021,15021,11,11
2022-06-24 15:00:47,15020,15021,15021,2,2
2022-06-24 15:00:47,15020,15021,15021,7,7
2022-06-24 15:00:47,15020,15021,15021,4,4
2022-06-24 15:00:47,15020,15021,15021,1,1
2022-06-24 15:00:47,15020,15021,15021,1,1
2022-06-24 15:00:47,15020,15021,15021,1,1
2022-06-24 15:00:47,15020,15021,15022,1,1
2022-06-24 15:00:47,15020,15021,15021,1,1
2022-06-24 15:00:47,15021,15023,15021,1,-1
2022-06-24 15:00:48,15021,15023,15023,1,1
2022-06-24 15:00:48,15021,15023,15021,2,-2
2022-06-24 15:00:49,15021,15023,15023,1,1
2022-06-24 15:00:49,15021,15023,15021,1,-1
2022-06-24 15:00:51,15021,15023,15021,3,-3
2022-06-24 15:00:51,15021,15023,15021,2,-2
2022-06-24 15:00:51,15021,15023,15021,1,-1
2022-06-24 15:00:51,15021,15023,15021,2,-2
2022-06-24 15:00:52,15019,15021,15021,1,1
2022-06-24 15:00:52,15019,15021,15021,2,2
2022-06-24 15:00:53,15019,15021,15019,1,-1
2022-06-24 15:00:54,15019,15021,15019,1,-1
2022-06-24 15:00:54,15020,15021,15021,1,1
2022-06-24 15:00:56,15021,15022,15020,1,-1
2022-06-24 15:00:56,15021,15022,15021,2,-2
2022-06-24 15:00:56,15021,15022,15022,1,1
2022-06-24 15:00:56,15021,15022,15021,1,-1
2022-06-24 15:00:56,15021,15022,15023,2,2
2022-06-24 15:00:56,15021,15022,15021,1,-1
2022-06-24 15:00:56,15021,15023,15021,1,-1
2022-06-24 15:00:57,15021,15023,15023,1,1
2022-06-24 15:00:57,15021,15023,15023,4,4
2022-06-24 15:00:58,15022,15023,15023,1,1
2022-06-24 15:00:58,15023,15024,15023,1,-1
2022-06-24 15:00:58,15023,15024,15023,1,-1
2022-06-24 15:00:58,15023,15024,15023,1,-1
2022-06-24 15:00:58,15023,15024,15022,1,-1
2022-06-24 15:00:58,15022,15024,15022,1,-1
2022-06-24 15:00:58,15022,15024,15022,1,-1
2022-06-24 15:00:58,15022,15024,15024,1,1
2022-06-24 15:00:59,15023,15024,15024,1,1
2022-06-24 15:00:59,15024,15025,15025,1,1
2022-06-24 15:01:00,15023,15025,15025,1,1
2022-06-24 15:01:00,15023,15025,15023,1,-1
2022-06-24 15:01:00,15023,15025,15023,3,-3
2022-06-24 15:01:00,15022,15024,15022,4,-4
2022-06-24 15:01:01,15022,15023,15022,2,-2
2022-06-24 15:01:01,15022,15023,15022,1,-1
2022-06-24 15:01:01,15021,15023,15023,1,1
2022-06-24 15:01:01,15021,15023,15022,1,1
2022-06-24 15:01:02,15021,15023,15022,1,1
2022-06-24 15:01:03,15022,15023,15022,3,-3
2022-06-24 15:01:03,15022,15023,15021,2,-2
2022-06-24 15:01:04,15021,15022,15021,1,-1
2022-06-24 15:01:05,15021,15023,15021,1,-1
2022-06-24 15:01:06,15021,15022,15022,1,1
2022-06-24 15:01:07,15021,15023,15021,1,-1
2022-06-24 15:01:07,15021,15023,15023,1,1
2022-06-24 15:01:07,15022,15023,15022,1,-1
2022-06-24 15:01:07,15021,15023,15022,1,-1
2022-06-24 15:01:08,15021,15022,15022,1,1
2022-06-24 15:01:09,15021,15022,15021,1,-1
2022-06-24 15:01:09,15021,15022,15022,1,1
2022-06-24 15:01:10,15021,15022,15022,1,1
2022-06-24 15:01:10,15021,15023,15023,1,1
2022-06-24 15:01:10,15021,15023,15021,1,-1
2022-06-24 15:01:11,15022,15023,15022,1,-1
2022-06-24 15:01:11,15022,15023,15022,1,-1
2022-06-24 15:01:11,15022,15023,15023,1,1
2022-06-24 15:01:13,15021,15022,15022,1,1
2022-06-24 15:01:14,15021,15022,15022,1,1
2022-06-24 15:01:14,15021,15022,15021,25,-25
2022-06-24 15:01:14,15021,15022,15021,7,-7
2022-06-24 15:01:14,15021,15022,15020,4,-4
2022-06-24 15:01:14,15019,15021,15020,1,-1
2022-06-24 15:01:14,15019,15021,15021,1,1
2022-06-24 15:01:16,15020,15021,15021,2,2
2022-06-24 15:01:16,15020,15022,15020,2,-2
2022-06-24 15:01:16,15020,15022,15020,2,-2
2022-06-24 15:01:16,15020,15022,15020,1,-1
2022-06-24 15:01:16,15020,15022,15020,1,-1
2022-06-24 15:01:17,15020,15022,15020,2,-2
2022-06-24 15:01:18,15019,15021,15019,1,-1
2022-06-24 15:01:18,15019,15020,15020,1,1
2022-06-24 15:01:19,15019,15020,15019,16,-16
2022-06-24 15:01:19,15019,15020,15019,3,-3
2022-06-24 15:01:19,15019,15020,15018,8,-8
2022-06-24 15:01:19,15019,15020,15018,5,-5
2022-06-24 15:01:19,15017,15019,15017,5,-5
2022-06-24 15:01:19,15017,15019,15016,19,-19
2022-06-24 15:01:19,15016,15018,15018,1,1
2022-06-24 15:01:20,15016,15018,15016,1,-1
2022-06-24 15:01:20,15016,15018,15016,1,-1
2022-06-24 15:01:20,15016,15018,15016,1,-1
2022-06-24 15:01:20,15016,15018,15016,1,-1
2022-06-24 15:01:21,15016,15017,15016,1,-1
2022-06-24 15:01:21,15016,15017,15016,1,-1
2022-06-24 15:01:21,15015,15016,15016,1,1
2022-06-24 15:01:21,15015,15016,15016,1,1
2022-06-24 15:01:21,15016,15017,15015,1,-1
2022-06-24 15:01:21,15016,15017,15016,1,-1
2022-06-24 15:01:21,15016,15017,15015,1,-1
2022-06-24 15:01:21,15015,15017,15017,1,1
2022-06-24 15:01:21,15016,15017,15016,1,-1
2022-06-24 15:01:21,15016,15017,15017,1,1
2022-06-24 15:01:21,15016,15017,15016,1,-1
2022-06-24 15:01:22,15016,15017,15016,2,-2
2022-06-24 15:01:22,15016,15017,15015,3,-3
2022-06-24 15:01:22,15016,15017,15015,5,-5
2022-06-24 15:01:22,15014,15015,15015,2,2
2022-06-24 15:01:23,15014,15016,15014,1,-1
2022-06-24 15:01:23,15014,15016,15015,1,-1
2022-06-24 15:01:23,15014,15015,15014,1,-1
2022-06-24 15:01:23,15014,15015,15015,1,1
2022-06-24 15:01:24,15015,15016,15015,1,-1
2022-06-24 15:01:24,15015,15016,15015,1,-1
2022-06-24 15:01:24,15015,15016,15015,1,-1
2022-06-24 15:01:24,15015,15016,15016,1,1
2022-06-24 15:01:25,15015,15017,15015,3,-3
2022-06-24 15:01:25,15015,15017,15017,2,2
2022-06-24 15:01:25,15015,15018,15015,1,-1
2022-06-24 15:01:25,15015,15018,15015,2,-2
2022-06-24 15:01:25,15015,15017,15015,2,-2
2022-06-24 15:01:25,15015,15017,15015,1,-1
2022-06-24 15:01:26,15015,15018,15015,1,-1
2022-06-24 15:01:26,15015,15018,15015,1,-1
2022-06-24 15:01:27,15015,15018,15018,1,1
2022-06-24 15:01:27,15015,15018,15018,1,1
2022-06-24 15:01:27,15015,15018,15018,1,1
2022-06-24 15:01:27,15016,15018,15015,1,-1
2022-06-24 15:01:27,15016,15018,15016,1,-1
2022-06-24 15:01:27,15015,15017,15015,1,-1
2022-06-24 15:01:27,15015,15017,15017,3,3
2022-06-24 15:01:28,15016,15018,15016,1,-1
2022-06-24 15:01:29,15017,15018,15018,1,1
2022-06-24 15:01:29,15017,15018,15018,1,1
2022-06-24 15:01:29,15017,15018,15017,7,-7
2022-06-24 15:01:29,15017,15018,15017,1,-1
2022-06-24 15:01:29,15018,15019,15018,2,-2
2022-06-24 15:01:30,15018,15019,15018,1,-1
2022-06-24 15:01:30,15018,15019,15019,1,1
2022-06-24 15:01:30,15018,15019,15018,1,-1
2022-06-24 15:01:30,15017,15019,15019,1,1
2022-06-24 15:01:30,15017,15019,15019,1,1
2022-06-24 15:01:31,15018,15020,15020,1,1
2022-06-24 15:01:32,15018,15020,15020,1,1
2022-06-24 15:01:32,15018,15020,15020,1,1
2022-06-24 15:01:33,15020,15021,15021,1,1
2022-06-24 15:01:33,15020,15021,15021,1,1
2022-06-24 15:01:33,15020,15021,15020,1,-1
2022-06-24 15:01:34,15020,15021,15021,1,1
2022-06-24 15:01:34,15020,15021,15021,1,1
2022-06-24 15:01:35,15019,15021,15019,2,-2
2022-06-24 15:01:36,15020,15021,15020,2,-2
2022-06-24 15:01:36,15018,15020,15020,1,1
2022-06-24 15:01:38,15018,15019,15018,1,-1
2022-06-24 15:01:38,15017,15020,15019,1,1
2022-06-24 15:01:38,15017,15018,15018,1,1
2022-06-24 15:01:39,15017,15018,15018,1,1
2022-06-24 15:01:40,15018,15020,15019,1,1
2022-06-24 15:01:41,15018,15020,15018,1,-1
2022-06-24 15:01:42,15019,15020,15020,11,11
2022-06-24 15:01:42,15020,15021,15020,1,-1
2022-06-24 15:01:43,15019,15021,15019,1,-1
2022-06-24 15:01:45,15020,15021,15020,1,-1
2022-06-24 15:01:46,15019,15021,15021,3,3
2022-06-24 15:01:46,15019,15021,15019,2,-2
2022-06-24 15:01:47,15019,15020,15019,1,-1
2022-06-24 15:01:48,15018,15020,15018,1,-1
2022-06-24 15:01:49,15019,15020,15018,6,-6
2022-06-24 15:01:49,15019,15020,15019,4,-4
2022-06-24 15:01:50,15017,15019,15019,1,1
2022-06-24 15:01:52,15017,15018,15018,1,1
2022-06-24 15:01:53,15017,15018,15017,1,-1
2022-06-24 15:01:53,15017,15018,15017,17,-17
2022-06-24 15:01:53,15017,15018,15016,3,-3
2022-06-24 15:01:53,15015,15016,15015,10,-10
2022-06-24 15:01:54,15014,15015,15015,1,1
2022-06-24 15:01:54,15014,15015,15016,2,2
2022-06-24 15:01:54,15014,15016,15016,1,1
2022-06-24 15:01:54,15014,15016,15016,1,1
2022-06-24 15:01:55,15014,15015,15015,1,1
2022-06-24 15:01:55,15014,15015,15014,1,-1
2022-06-24 15:01:56,15014,15015,15015,1,1
2022-06-24 15:01:56,15014,15016,15014,1,-1
2022-06-24 15:01:56,15015,15017,15015,1,-1
2022-06-24 15:01:56,15015,15017,15017,1,1
2022-06-24 15:01:56,15015,15017,15017,2,2
2022-06-24 15:01:57,15015,15017,15017,2,2
2022-06-24 15:01:57,15015,15017,15017,2,2
2022-06-24 15:01:57,15015,15017,15015,1,-1
2022-06-24 15:01:57,15016,15018,15018,1,1
2022-06-24 15:01:57,15016,15018,15016,2,-2
2022-06-24 15:01:59,15016,15018,15016,4,-4
2022-06-24 15:01:59,15016,15018,15016,6,-6
2022-06-24 15:02:00,15015,15017,15015,1,-1
2022-06-24 15:02:01,15016,15017,15016,1,-1
2022-06-24 15:02:01,15016,15017,15015,4,-4
2022-06-24 15:02:02,15015,15016,15015,1,-1
2022-06-24 15:02:02,15015,15016,15016,1,1
2022-06-24 15:02:02,15015,15016,15017,1,1
2022-06-24 15:02:02,15015,15016,15015,2,-2
2022-06-24 15:02:03,15016,15018,15016,1,-1
2022-06-24 15:02:03,15015,15018,15016,8,-8
2022-06-24 15:02:03,15015,15018,15016,2,-2
2022-06-24 15:02:03,15015,15018,15016,1,-1
2022-06-24 15:02:03,15015,15018,15017,1,1
2022-06-24 15:02:04,15016,15018,15016,1,-1
2022-06-24 15:02:04,15016,15018,15016,2,-2
2022-06-24 15:02:05,15016,15018,15016,1,-1
2022-06-24 15:02:05,15016,15018,15016,2,-2
2022-06-24 15:02:06,15016,15017,15016,2,-2
2022-06-24 15:02:09,15016,15017,15016,1,-1
2022-06-24 15:02:09,15016,15017,15016,1,-1
2022-06-24 15:02:10,15016,15017,15017,1,1
2022-06-24 15:02:11,15016,15018,15016,2,-2
2022-06-24 15:02:11,15016,15018,15018,1,1
2022-06-24 15:02:11,15016,15018,15018,1,1
2022-06-24 15:02:14,15017,15018,15018,3,3
2022-06-24 15:02:14,15017,15018,15018,3,3
2022-06-24 15:02:14,15017,15018,15018,2,2
2022-06-24 15:02:14,15017,15018,15018,1,1
2022-06-24 15:02:15,15017,15018,15017,5,-5
2022-06-24 15:02:16,15016,15017,15016,1,-1
2022-06-24 15:02:18,15016,15017,15016,2,-2
2022-06-24 15:02:19,15016,15017,15017,1,1
2022-06-24 15:02:20,15016,15017,15017,2,2
2022-06-24 15:02:20,15016,15017,15016,7,-7
2022-06-24 15:02:20,15016,15017,15018,1,1
2022-06-24 15:02:20,15016,15017,15017,4,4
2022-06-24 15:02:22,15017,15018,15017,2,-2
2022-06-24 15:02:23,15017,15018,15017,1,-1
2022-06-24 15:02:25,15016,15018,15017,1,-1
2022-06-24 15:02:25,15016,15018,15016,1,-1
2022-06-24 15:02:25,15016,15018,15017,1,-1
2022-06-24 15:02:27,15016,15018,15018,1,1
2022-06-24 15:02:30,15017,15018,15017,2,-2
2022-06-24 15:02:30,15017,15018,15017,1,-1
2022-06-24 15:02:31,15017,15018,15018,1,1
2022-06-24 15:02:32,15017,15018,15017,1,-1
2022-06-24 15:02:33,15017,15018,15017,4,-4
2022-06-24 15:02:33,15016,15017,15017,1,1
2022-06-24 15:02:33,15016,15017,15016,3,-3
2022-06-24 15:02:33,15016,15017,15016,1,-1
2022-06-24 15:02:34,15015,15017,15017,1,1
2022-06-24 15:02:34,15015,15016,15015,6,-6
2022-06-24 15:02:34,15015,15016,15015,1,-1
2022-06-24 15:02:34,15015,15016,15015,1,-1
2022-06-24 15:02:34,15015,15016,15015,32,-32
2022-06-24 15:02:34,15015,15016,15014,9,-9
2022-06-24 15:02:34,15015,15016,15013,1,-1
2022-06-24 15:02:34,15013,15014,15013,1,-1
2022-06-24 15:02:34,15013,15014,15013,2,-2
2022-06-24 15:02:34,15013,15014,15014,1,1
2022-06-24 15:02:35,15013,15014,15013,1,-1
2022-06-24 15:02:35,15013,15014,15013,1,-1
2022-06-24 15:02:35,15013,15014,15013,4,-4
2022-06-24 15:02:35,15013,15014,15013,4,-4
2022-06-24 15:02:35,15013,15014,15013,2,-2
2022-06-24 15:02:35,15013,15014,15013,8,-8
2022-06-24 15:02:35,15013,15014,15013,3,-3
2022-06-24 15:02:35,15013,15014,15013,14,-14
2022-06-24 15:02:36,15012,15013,15013,1,1
2022-06-24 15:02:36,15012,15013,15013,1,1
2022-06-24 15:02:36,15012,15013,15013,1,1
2022-06-24 15:02:36,15012,15014,15012,2,-2
2022-06-24 15:02:37,15012,15014,15014,1,1
2022-06-24 15:02:38,15012,15013,15013,1,1
2022-06-24 15:02:38,15012,15013,15013,2,2
2022-06-24 15:02:38,15014,15015,15014,1,-1
2022-06-24 15:02:38,15013,15015,15015,1,1
2022-06-24 15:02:41,15013,15015,15013,2,-2
2022-06-24 15:02:41,15013,15015,15014,1,-1
2022-06-24 15:02:43,15013,15015,15015,1,1
2022-06-24 15:02:44,15014,15015,15014,1,-1
2022-06-24 15:02:44,15014,15015,15015,2,2
2022-06-24 15:02:45,15014,15016,15014,2,-2
2022-06-24 15:02:45,15014,15016,15014,2,-2
2022-06-24 15:02:45,15014,15016,15014,1,-1
2022-06-24 15:02:46,15014,15015,15014,1,-1
2022-06-24 15:02:46,15013,15015,15013,3,-3
2022-06-24 15:02:48,15013,15014,15013,2,-2
2022-06-24 15:02:48,15013,15014,15013,1,-1
2022-06-24 15:02:48,15012,15014,15014,1,1
2022-06-24 15:02:48,15012,15014,15014,1,1
2022-06-24 15:02:49,15012,15013,15012,1,-1
2022-06-24 15:02:49,15012,15013,15012,2,-2
2022-06-24 15:02:49,15012,15013,15012,1,-1
2022-06-24 15:02:49,15012,15013,15012,5,-5
2022-06-24 15:02:49,15012,15013,15012,10,-10
2022-06-24 15:02:50,15011,15013,15011,1,-1
2022-06-24 15:02:50,15011,15013,15011,1,-1
2022-06-24 15:02:50,15011,15013,15011,3,-3
2022-06-24 15:02:50,15011,15013,15011,2,-2
2022-06-24 15:02:50,15011,15013,15011,2,-2
2022-06-24 15:02:50,15011,15013,15010,2,-2
2022-06-24 15:02:50,15011,15013,15010,1,-1
2022-06-24 15:02:50,15011,15013,15010,1,-1
2022-06-24 15:02:50,15010,15011,15010,1,-1
2022-06-24 15:02:51,15010,15012,15010,1,-1
2022-06-24 15:02:51,15010,15012,15012,1,1
2022-06-24 15:02:51,15010,15012,15012,1,1
2022-06-24 15:02:51,15010,15012,15010,1,-1
2022-06-24 15:02:52,15010,15012,15012,1,1
2022-06-24 15:02:52,15010,15012,15010,1,-1
2022-06-24 15:02:53,15010,15011,15011,1,1
2022-06-24 15:02:53,15010,15012,15012,1,1
2022-06-24 15:02:53,15010,15011,15010,12,-12
2022-06-24 15:02:53,15010,15011,15010,1,-1
2022-06-24 15:02:53,15009,15011,15009,1,-1
2022-06-24 15:02:53,15009,15011,15009,1,-1
2022-06-24 15:02:53,15009,15011,15011,1,1
2022-06-24 15:02:54,15009,15011,15009,2,-2
2022-06-24 15:02:54,15009,15011,15009,2,-2
2022-06-24 15:02:54,15009,15010,15009,1,-1
2022-06-24 15:02:55,15009,15010,15010,1,1
2022-06-24 15:02:55,15009,15010,15010,1,1
2022-06-24 15:02:56,15010,15011,15010,1,-1
2022-06-24 15:02:56,15010,15011,15011,1,1
2022-06-24 15:02:56,15010,15011,15010,1,-1
2022-06-24 15:02:57,15010,15011,15010,1,-1
2022-06-24 15:02:57,15010,15011,15010,1,-1
2022-06-24 15:02:57,15010,15011,15010,1,-1
2022-06-24 15:02:57,15009,15011,15011,4,4
2022-06-24 15:02:57,15011,15012,15011,1,-1
2022-06-24 15:02:57,15010,15011,15009,1,-1
2022-06-24 15:02:57,15010,15011,15010,1,-1
2022-06-24 15:02:58,15009,15010,15009,1,-1
2022-06-24 15:02:58,15009,15010,15009,2,-2
2022-06-24 15:02:58,15009,15010,15009,1,-1
2022-06-24 15:02:59,15008,15010,15010,1,1
2022-06-24 15:02:59,15008,15010,15010,1,1
2022-06-24 15:03:00,15009,15011,15011,1,1
2022-06-24 15:03:00,15009,15011,15012,1,1
2022-06-24 15:03:00,15009,15011,15010,1,1
2022-06-24 15:03:00,15009,15011,15012,1,1
2022-06-24 15:03:00,15010,15012,15010,4,-4
2022-06-24 15:03:00,15009,15012,15012,1,1
2022-06-24 15:03:00,15010,15011,15011,1,1
2022-06-24 15:03:01,15009,15011,15011,1,1
2022-06-24 15:03:01,15009,15011,15011,3,3
2022-06-24 15:03:01,15009,15011,15011,1,1
2022-06-24 15:03:01,15010,15012,15010,1,-1
2022-06-24 15:03:01,15010,15012,15012,1,1
2022-06-24 15:03:01,15010,15012,15010,2,-2
2022-06-24 15:03:03,15010,15012,15010,1,-1
2022-06-24 15:03:03,15010,15012,15010,1,-1
2022-06-24 15:03:03,15010,15012,15010,1,-1
2022-06-24 15:03:03,15010,15012,15010,1,-1
2022-06-24 15:03:03,15010,15012,15012,2,2
2022-06-24 15:03:03,15011,15012,15012,1,1
2022-06-24 15:03:03,15011,15013,15011,2,-2
2022-06-24 15:03:03,15011,15013,15011,1,-1
2022-06-24 15:03:04,15011,15013,15013,4,4
2022-06-24 15:03:05,15011,15013,15013,7,7
2022-06-24 15:03:05,15012,15014,15012,1,-1
2022-06-24 15:03:05,15012,15014,15011,1,-1
2022-06-24 15:03:05,15012,15014,15012,1,-1
2022-06-24 15:03:05,15012,15014,15012,1,-1
2022-06-24 15:03:07,15012,15014,15012,3,-3
2022-06-24 15:03:08,15012,15014,15012,1,-1
2022-06-24 15:03:09,15012,15013,15012,1,-1
2022-06-24 15:03:09,15012,15013,15012,1,-1
2022-06-24 15:03:10,15012,15013,15013,1,1
2022-06-24 15:03:11,15012,15014,15014,2,2
2022-06-24 15:03:13,15012,15014,15014,4,4
2022-06-24 15:03:18,15013,15015,15015,2,2
2022-06-24 15:03:20,15013,15015,15014,3,3
2022-06-24 15:03:20,15014,15015,15014,1,-1
2022-06-24 15:03:23,15013,15014,15014,1,1
2022-06-24 15:03:23,15013,15014,15015,1,1
2022-06-24 15:03:24,15013,15015,15015,1,1
2022-06-24 15:03:25,15013,15015,15015,1,1
2022-06-24 15:03:26,15013,15015,15015,7,7
2022-06-24 15:03:26,15013,15015,15015,1,1
2022-06-24 15:03:26,15015,15016,15015,1,-1
2022-06-24 15:03:27,15015,15016,15016,1,1
2022-06-24 15:03:27,15015,15016,15015,1,-1
2022-06-24 15:03:27,15015,15016,15016,1,1
2022-06-24 15:03:27,15015,15016,15016,1,1
2022-06-24 15:03:27,15015,15016,15016,2,2
2022-06-24 15:03:27,15015,15016,15016,1,1
2022-06-24 15:03:27,15015,15016,15016,2,2
2022-06-24 15:03:27,15015,15016,15016,3,3
2022-06-24 15:03:28,15015,15017,15015,1,-1
2022-06-24 15:03:28,15015,15017,15015,1,-1
2022-06-24 15:03:28,15015,15017,15017,1,1
2022-06-24 15:03:29,15016,15017,15017,3,3
2022-06-24 15:03:29,15016,15017,15017,5,5
2022-06-24 15:03:29,15016,15017,15017,3,3
2022-06-24 15:03:29,15016,15017,15017,1,1
2022-06-24 15:03:30,15017,15018,15017,1,-1
2022-06-24 15:03:31,15016,15017,15017,1,1
2022-06-24 15:03:32,15016,15017,15016,3,-3
2022-06-24 15:03:32,15015,15017,15017,1,1
2022-06-24 15:03:32,15015,15016,15016,1,1
2022-06-24 15:03:33,15015,15016,15016,1,1
2022-06-24 15:03:34,15015,15016,15015,1,-1
2022-06-24 15:03:34,15015,15016,15015,1,-1
2022-06-24 15:03:34,15014,15016,15016,1,1
2022-06-24 15:03:36,15014,15015,15015,1,1
2022-06-24 15:03:36,15014,15015,15016,1,1
2022-06-24 15:03:36,15015,15016,15016,1,1
2022-06-24 15:03:36,15015,15016,15016,2,2
2022-06-24 15:03:40,15016,15017,15016,4,-4
2022-06-24 15:03:40,15015,15017,15017,3,3
2022-06-24 15:03:41,15017,15018,15018,1,1
2022-06-24 15:03:41,15017,15018,15017,1,-1
2022-06-24 15:03:41,15016,15018,15018,1,1
2022-06-24 15:03:42,15017,15018,15017,1,-1
2022-06-24 15:03:44,15016,15017,15016,1,-1
2022-06-24 15:03:44,15015,15016,15016,1,1
2022-06-24 15:03:45,15015,15017,15017,1,1
2022-06-24 15:03:46,15016,15017,15016,1,-1
2022-06-24 15:03:47,15015,15016,15015,2,-2
2022-06-24 15:03:47,15015,15016,15015,1,-1
2022-06-24 15:03:48,15015,15016,15015,3,-3
2022-06-24 15:03:50,15015,15016,15016,1,1
2022-06-24 15:03:50,15015,15016,15016,3,3
2022-06-24 15:03:51,15015,15017,15015,2,-2
2022-06-24 15:03:54,15015,15017,15017,2,2
2022-06-24 15:03:54,15015,15017,15015,2,-2
2022-06-24 15:03:56,15015,15016,15016,1,1
2022-06-24 15:03:56,15015,15016,15016,1,1
2022-06-24 15:03:57,15016,15017,15017,1,1
2022-06-24 15:03:58,15016,15018,15016,2,-2
2022-06-24 15:04:00,15016,15018,15018,1,1
2022-06-24 15:04:00,15016,15018,15018,2,2
2022-06-24 15:04:00,15016,15018,15018,3,3
2022-06-24 15:04:00,15016,15018,15018,2,2
2022-06-24 15:04:00,15016,15018,15018,6,6
2022-06-24 15:04:02,15018,15019,15017,1,-1
2022-06-24 15:04:02,15018,15019,15018,1,-1
2022-06-24 15:04:02,15017,15019,15019,11,11
2022-06-24 15:04:02,15017,15019,15019,1,1
2022-06-24 15:04:02,15018,15020,15020,2,2
2022-06-24 15:04:02,15018,15020,15020,1,1
2022-06-24 15:04:03,15019,15020,15019,1,-1
2022-06-24 15:04:03,15019,15020,15019,1,-1
2022-06-24 15:04:03,15019,15020,15020,2,2
2022-06-24 15:04:04,15018,15020,15020,1,1
2022-06-24 15:04:04,15019,15020,15020,1,1
2022-06-24 15:04:05,15019,15020,15019,1,-1
2022-06-24 15:04:05,15017,15019,15017,2,-2
2022-06-24 15:04:06,15017,15020,15020,1,1
2022-06-24 15:04:07,15018,15019,15019,1,1
2022-06-24 15:04:08,15019,15020,15019,1,-1
2022-06-24 15:04:09,15018,15020,15018,1,-1
2022-06-24 15:04:11,15017,15018,15017,1,-1
2022-06-24 15:04:12,15017,15018,15017,1,-1
2022-06-24 15:04:19,15018,15019,15019,1,1
2022-06-24 15:04:20,15018,15019,15019,1,1
2022-06-24 15:04:20,15018,15019,15019,1,1
2022-06-24 15:04:20,15018,15020,15020,2,2
2022-06-24 15:04:22,15018,15019,15019,1,1
2022-06-24 15:04:24,15019,15020,15020,1,1
2022-06-24 15:04:24,15019,15020,15020,3,3
2022-06-24 15:04:25,15019,15020,15020,1,1
2022-06-24 15:04:27,15020,15021,15020,1,-1
2022-06-24 15:04:27,15020,15021,15020,1,-1
2022-06-24 15:04:28,15019,15021,15019,2,-2
2022-06-24 15:04:29,15019,15020,15020,1,1
2022-06-24 15:04:29,15019,15020,15020,1,1
2022-06-24 15:04:30,15019,15020,15019,1,-1
2022-06-24 15:04:31,15018,15020,15020,1,1
2022-06-24 15:04:31,15018,15019,15019,1,1
2022-06-24 15:04:32,15017,15019,15019,1,1
2022-06-24 15:04:34,15018,15019,15018,1,-1
2022-06-24 15:04:34,15018,15019,15018,4,-4
2022-06-24 15:04:34,15018,15019,15017,2,-2
2022-06-24 15:04:35,15016,15018,15018,3,3
2022-06-24 15:04:35,15016,15018,15018,1,1
2022-06-24 15:04:38,15018,15019,15018,2,-2
2022-06-24 15:04:40,15017,15019,15019,3,3
2022-06-24 15:04:43,15018,15020,15020,1,1
2022-06-24 15:04:47,15019,15020,15020,1,1
2022-06-24 15:04:48,15019,15020,15020,4,4
2022-06-24 15:04:48,15020,15021,15021,1,1
2022-06-24 15:04:48,15020,15021,15021,1,1
2022-06-24 15:04:48,15020,15021,15021,3,3
2022-06-24 15:04:48,15020,15021,15021,3,3
2022-06-24 15:04:48,15020,15021,15021,1,1
2022-06-24 15:04:50,15019,15020,15020,1,1
2022-06-24 15:04:54,15019,15020,15020,1,1
2022-06-24 15:04:55,15019,15020,15019,1,-1
2022-06-24 15:04:56,15018,15020,15020,1,1
2022-06-24 15:04:56,15018,15019,15018,27,-27
2022-06-24 15:04:56,15018,15019,15017,1,-1
2022-06-24 15:04:56,15018,15019,15017,3,-3
2022-06-24 15:04:56,15018,15019,15017,2,-2
2022-06-24 15:04:58,15017,15019,15019,2,2
2022-06-24 15:05:00,15018,15019,15019,1,1
2022-06-24 15:05:00,15017,15019,15017,1,-1
2022-06-24 15:05:00,15017,15019,15018,1,-1
2022-06-24 15:05:00,15017,15019,15019,1,1
2022-06-24 15:05:00,15017,15019,15019,1,1
2022-06-24 15:05:00,15017,15019,15020,1,1
2022-06-24 15:05:00,15017,15019,15020,1,1
2022-06-24 15:05:00,15017,15019,15020,1,1
2022-06-24 15:05:00,15017,15019,15020,1,1
2022-06-24 15:05:00,15018,15020,15020,1,1
2022-06-24 15:05:02,15019,15020,15019,1,-1
2022-06-24 15:05:03,15019,15020,15019,1,-1
2022-06-24 15:05:03,15018,15019,15018,1,-1
2022-06-24 15:05:04,15018,15019,15019,2,2
2022-06-24 15:05:05,15017,15019,15017,1,-1
2022-06-24 15:05:05,15017,15019,15019,1,1
2022-06-24 15:05:08,15017,15019,15019,5,5
2022-06-24 15:05:10,15017,15019,15017,1,-1
2022-06-24 15:05:11,15017,15019,15018,2,-2
2022-06-24 15:05:11,15017,15018,15018,1,1
2022-06-24 15:05:11,15017,15018,15019,1,1
2022-06-24 15:05:14,15017,15019,15019,1,1
2022-06-24 15:05:15,15017,15019,15017,1,-1
2022-06-24 15:05:15,15017,15019,15017,3,-3
2022-06-24 15:05:16,15016,15018,15018,1,1
2022-06-24 15:05:18,15016,15018,15016,2,-2
2022-06-24 15:05:18,15016,15018,15016,1,-1
2022-06-24 15:05:19,15016,15018,15017,1,-1
2022-06-24 15:05:19,15016,15018,15016,2,-2
2022-06-24 15:05:20,15016,15018,15016,10,-10
2022-06-24 15:05:20,15016,15018,15016,2,-2
2022-06-24 15:05:20,15016,15018,15016,1,-1
2022-06-24 15:05:20,15016,15018,15016,6,-6
2022-06-24 15:05:20,15016,15018,15016,9,-9
2022-06-24 15:05:21,15015,15017,15016,1,-1
2022-06-24 15:05:23,15015,15016,15016,1,1
2022-06-24 15:05:24,15015,15016,15015,26,-26
2022-06-24 15:05:24,15015,15016,15014,2,-2
2022-06-24 15:05:24,15013,15015,15013,1,-1
2022-06-24 15:05:25,15013,15015,15013,2,-2
2022-06-24 15:05:26,15013,15015,15015,2,2
2022-06-24 15:05:28,15014,15015,15014,1,-1
2022-06-24 15:05:30,15014,15015,15015,2,2
2022-06-24 15:05:31,15014,15016,15014,2,-2
2022-06-24 15:05:32,15014,15016,15014,2,-2
2022-06-24 15:05:35,15015,15016,15015,4,-4
2022-06-24 15:05:36,15014,15016,15014,2,-2
2022-06-24 15:05:38,15014,15015,15015,1,1
2022-06-24 15:05:39,15014,15015,15015,1,1
2022-06-24 15:05:39,15014,15015,15015,6,6
2022-06-24 15:05:39,15015,15016,15015,1,-1
2022-06-24 15:05:41,15015,15016,15016,1,1
2022-06-24 15:05:42,15015,15017,15015,1,-1
2022-06-24 15:05:43,15016,15017,15016,1,-1
2022-06-24 15:05:45,15016,15017,15017,1,1
2022-06-24 15:05:45,15016,15017,15017,1,1
2022-06-24 15:05:50,15016,15017,15016,1,-1
2022-06-24 15:05:50,15016,15017,15016,1,-1
2022-06-24 15:05:52,15016,15017,15016,1,-1
2022-06-24 15:05:54,15015,15017,15015,1,-1
2022-06-24 15:05:55,15015,15016,15016,2,2
2022-06-24 15:05:55,15015,15016,15016,1,1
2022-06-24 15:05:59,15015,15017,15015,5,-5
2022-06-24 15:06:00,15014,15016,15016,1,1
2022-06-24 15:06:01,15015,15016,15016,1,1
2022-06-24 15:06:01,15015,15016,15016,2,2
2022-06-24 15:06:01,15015,15016,15016,1,1
2022-06-24 15:06:01,15015,15016,15016,1,1
2022-06-24 15:06:03,15015,15017,15017,1,1
2022-06-24 15:06:07,15016,15017,15017,1,1
2022-06-24 15:06:07,15016,15018,15018,4,4
2022-06-24 15:06:08,15017,15019,15019,2,2
2022-06-24 15:06:08,15018,15020,15020,1,1
2022-06-24 15:06:08,15018,15020,15019,1,1
2022-06-24 15:06:09,15018,15020,15019,1,1
2022-06-24 15:06:10,15018,15020,15020,1,1
2022-06-24 15:06:10,15018,15020,15020,3,3
2022-06-24 15:06:11,15019,15020,15020,1,1
2022-06-24 15:06:11,15019,15020,15020,2,2
2022-06-24 15:06:11,15019,15020,15020,1,1
2022-06-24 15:06:11,15019,15020,15020,5,5
2022-06-24 15:06:11,15019,15020,15020,1,1
2022-06-24 15:06:11,15019,15020,15020,2,2
2022-06-24 15:06:11,15019,15020,15020,11,11
2022-06-24 15:06:12,15020,15021,15021,1,1
2022-06-24 15:06:12,15020,15021,15021,3,3
2022-06-24 15:06:12,15020,15021,15021,5,5
2022-06-24 15:06:12,15020,15021,15021,1,1
2022-06-24 15:06:12,15020,15021,15021,1,1
2022-06-24 15:06:12,15020,15021,15021,1,1
2022-06-24 15:06:12,15020,15021,15021,18,18
2022-06-24 15:06:12,15021,15022,15022,1,1
2022-06-24 15:06:13,15021,15022,15022,1,1
2022-06-24 15:06:13,15021,15022,15021,1,-1
2022-06-24 15:06:13,15021,15022,15022,2,2
2022-06-24 15:06:14,15021,15022,15021,1,-1
2022-06-24 15:06:15,15022,15023,15022,1,-1
2022-06-24 15:06:15,15021,15023,15021,2,-2
2022-06-24 15:06:17,15022,15023,15023,1,1
2022-06-24 15:06:18,15022,15023,15023,1,1
2022-06-24 15:06:18,15023,15024,15024,3,3
2022-06-24 15:06:18,15024,15025,15024,1,-1
2022-06-24 15:06:19,15024,15025,15024,1,-1
2022-06-24 15:06:21,15023,15024,15024,1,1
2022-06-24 15:06:21,15023,15025,15025,1,1
2022-06-24 15:06:21,15023,15024,15023,1,-1
2022-06-24 15:06:23,15022,15023,15022,1,-1
2022-06-24 15:06:23,15022,15023,15023,1,1
2022-06-24 15:06:23,15022,15023,15023,1,1
2022-06-24 15:06:23,15022,15023,15023,1,1
2022-06-24 15:06:23,15022,15023,15023,1,1
2022-06-24 15:06:24,15022,15023,15023,1,1
2022-06-24 15:06:25,15022,15023,15023,1,1
2022-06-24 15:06:25,15022,15023,15022,1,-1
2022-06-24 15:06:25,15022,15023,15022,1,-1
2022-06-24 15:06:26,15021,15023,15023,1,1
2022-06-24 15:06:27,15021,15022,15022,1,1
2022-06-24 15:06:27,15022,15023,15022,1,-1
2022-06-24 15:06:28,15021,15023,15023,3,3
2022-06-24 15:06:29,15021,15023,15021,2,-2
2022-06-24 15:06:29,15021,15023,15023,2,2
2022-06-24 15:06:30,15021,15023,15021,2,-2
2022-06-24 15:06:31,15021,15022,15022,1,1
2022-06-24 15:06:31,15021,15022,15022,2,2
2022-06-24 15:06:32,15021,15023,15022,1,1
2022-06-24 15:06:32,15021,15023,15022,1,1
2022-06-24 15:06:33,15021,15022,15022,1,1
2022-06-24 15:06:35,15021,15022,15021,2,-2
2022-06-24 15:06:38,15021,15023,15021,2,-2
2022-06-24 15:06:44,15021,15022,15021,1,-1
2022-06-24 15:06:44,15021,15022,15021,1,-1
2022-06-24 15:06:45,15021,15022,15021,1,-1
2022-06-24 15:06:45,15021,15022,15021,1,-1
2022-06-24 15:06:48,15021,15022,15021,1,-1
2022-06-24 15:06:48,15021,15022,15022,1,1
2022-06-24 15:06:50,15021,15022,15022,1,1
2022-06-24 15:06:50,15021,15022,15022,1,1
2022-06-24 15:06:52,15022,15023,15022,1,-1
2022-06-24 15:06:53,15022,15023,15022,1,-1
2022-06-24 15:06:53,15021,15023,15022,1,-1
2022-06-24 15:06:55,15021,15023,15022,2,-2
2022-06-24 15:06:56,15021,15023,15023,2,2
2022-06-24 15:06:57,15021,15023,15021,1,-1
2022-06-24 15:06:58,15020,15022,15020,2,-2
2022-06-24 15:06:58,15020,15022,15020,1,-1
2022-06-24 15:06:59,15020,15022,15020,10,-10
2022-06-24 15:06:59,15019,15020,15019,2,-2
2022-06-24 15:07:00,15018,15020,15020,1,1
2022-06-24 15:07:00,15018,15020,15020,1,1
2022-06-24 15:07:09,15019,15020,15020,1,1
2022-06-24 15:07:13,15020,15021,15021,1,1
2022-06-24 15:07:15,15021,15022,15022,1,1
2022-06-24 15:07:15,15021,15022,15022,5,5
2022-06-24 15:07:16,15022,15023,15023,1,1
2022-06-24 15:07:16,15022,15023,15023,2,2
2022-06-24 15:07:16,15022,15023,15023,1,1
2022-06-24 15:07:16,15022,15023,15023,1,1
2022-06-24 15:07:16,15022,15023,15023,1,1
2022-06-24 15:07:16,15022,15023,15023,7,7
2022-06-24 15:07:17,15022,15024,15024,3,3
2022-06-24 15:07:17,15023,15024,15024,7,7
2022-06-24 15:07:18,15024,15025,15025,1,1
2022-06-24 15:07:18,15023,15024,15024,1,1
2022-06-24 15:07:23,15023,15025,15023,1,-1
2022-06-24 15:07:28,15024,15025,15024,1,-1
2022-06-24 15:07:29,15024,15025,15024,2,-2
2022-06-24 15:07:29,15024,15025,15024,2,-2
2022-06-24 15:07:31,15023,15024,15024,1,1
2022-06-24 15:07:32,15024,15025,15025,2,2
2022-06-24 15:07:33,15024,15025,15025,1,1
2022-06-24 15:07:33,15024,15026,15026,4,4
2022-06-24 15:07:34,15024,15026,15026,2,2
2022-06-24 15:07:35,15024,15026,15027,4,4
2022-06-24 15:07:35,15025,15027,15027,1,1
2022-06-24 15:07:35,15025,15027,15027,13,13
2022-06-24 15:07:36,15026,15028,15028,1,1
2022-06-24 15:07:36,15026,15028,15028,2,2
2022-06-24 15:07:37,15027,15028,15028,2,2
2022-06-24 15:07:37,15027,15028,15028,2,2
2022-06-24 15:07:37,15027,15028,15028,1,1
2022-06-24 15:07:38,15027,15029,15029,3,3
2022-06-24 15:07:38,15027,15029,15029,1,1
2022-06-24 15:07:40,15026,15028,15026,1,-1
2022-06-24 15:07:40,15026,15028,15028,3,3
2022-06-24 15:07:40,15026,15028,15029,1,1
2022-06-24 15:07:41,15027,15029,15029,1,1
2022-06-24 15:07:41,15027,15029,15029,1,1
2022-06-24 15:07:42,15027,15029,15028,1,1
2022-06-24 15:07:43,15027,15029,15029,1,1
2022-06-24 15:07:45,15027,15029,15029,2,2
2022-06-24 15:07:45,15027,15029,15029,2,2
2022-06-24 15:07:45,15027,15029,15029,1,1
2022-06-24 15:07:46,15028,15029,15029,1,1
2022-06-24 15:07:47,15029,15030,15029,1,-1
2022-06-24 15:07:47,15029,15030,15029,1,-1
2022-06-24 15:07:47,15029,15030,15029,1,-1
2022-06-24 15:07:47,15029,15030,15029,1,-1
2022-06-24 15:07:47,15029,15030,15029,1,-1
2022-06-24 15:07:47,15028,15030,15028,1,-1
2022-06-24 15:07:48,15027,15029,15029,1,1
2022-06-24 15:07:49,15029,15030,15029,1,-1
2022-06-24 15:07:50,15029,15030,15029,1,-1
2022-06-24 15:07:50,15029,15030,15029,1,-1
2022-06-24 15:07:50,15029,15030,15029,1,-1
2022-06-24 15:07:51,15027,15029,15029,1,1
2022-06-24 15:07:52,15027,15029,15029,1,1
2022-06-24 15:07:52,15027,15029,15030,1,1
2022-06-24 15:07:52,15028,15030,15030,4,4
2022-06-24 15:07:52,15028,15030,15030,1,1
2022-06-24 15:07:52,15028,15030,15030,1,1
2022-06-24 15:07:53,15028,15030,15029,1,1
2022-06-24 15:07:56,15028,15029,15029,1,1
2022-06-24 15:07:56,15028,15030,15030,1,1
2022-06-24 15:07:57,15028,15030,15030,1,1
2022-06-24 15:07:57,15029,15030,15030,1,1
2022-06-24 15:07:59,15029,15030,15029,1,-1
2022-06-24 15:07:59,15028,15030,15029,1,-1
2022-06-24 15:07:59,15028,15030,15029,1,-1
2022-06-24 15:08:02,15029,15030,15029,1,-1
2022-06-24 15:08:03,15029,15030,15029,4,-4
2022-06-24 15:08:03,15028,15029,15028,1,-1
2022-06-24 15:08:04,15027,15029,15029,1,1
2022-06-24 15:08:05,15027,15029,15029,1,1
2022-06-24 15:08:06,15027,15029,15029,1,1
2022-06-24 15:08:07,15028,15029,15028,1,-1
2022-06-24 15:08:07,15028,15029,15028,1,-1
2022-06-24 15:08:07,15028,15029,15028,1,-1
2022-06-24 15:08:07,15028,15029,15028,1,-1
2022-06-24 15:08:07,15028,15029,15027,1,-1
2022-06-24 15:08:08,15027,15029,15029,1,1
2022-06-24 15:08:08,15027,15029,15029,1,1
2022-06-24 15:08:09,15027,15029,15027,2,-2
2022-06-24 15:08:11,15028,15029,15028,2,-2
2022-06-24 15:08:12,15028,15029,15029,1,1
2022-06-24 15:08:13,15028,15029,15029,7,7
2022-06-24 15:08:14,15029,15030,15029,1,-1
2022-06-24 15:08:14,15029,15030,15028,1,-1
2022-06-24 15:08:17,15028,15029,15029,2,2
2022-06-24 15:08:18,15028,15030,15028,2,-2
2022-06-24 15:08:24,15028,15029,15028,1,-1
2022-06-24 15:08:25,15028,15029,15028,1,-1
2022-06-24 15:08:26,15028,15029,15028,4,-4
2022-06-24 15:08:26,15028,15029,15028,3,-3
2022-06-24 15:08:27,15028,15029,15028,2,-2
2022-06-24 15:08:27,15028,15029,15028,2,-2
2022-06-24 15:08:28,15028,15029,15028,1,-1
2022-06-24 15:08:29,15028,15029,15028,1,-1
2022-06-24 15:08:30,15027,15028,15028,3,3
2022-06-24 15:08:30,15027,15028,15027,2,-2
2022-06-24 15:08:33,15027,15028,15027,4,-4
2022-06-24 15:08:34,15027,15028,15027,1,-1
2022-06-24 15:08:36,15026,15028,15026,1,-1
2022-06-24 15:08:40,15026,15027,15026,1,-1
2022-06-24 15:08:40,15026,15027,15027,1,1
2022-06-24 15:08:40,15026,15027,15026,3,-3
2022-06-24 15:08:41,15026,15027,15026,1,-1
2022-06-24 15:08:44,15026,15028,15026,2,-2
2022-06-24 15:08:45,15026,15028,15026,1,-1
2022-06-24 15:08:47,15026,15028,15026,1,-1
2022-06-24 15:08:54,15027,15028,15027,1,-1
2022-06-24 15:08:54,15027,15028,15028,1,1
2022-06-24 15:08:54,15027,15028,15028,1,1
2022-06-24 15:08:54,15027,15028,15028,1,1
2022-06-24 15:08:56,15027,15029,15027,2,-2
2022-06-24 15:08:59,15027,15029,15029,1,1
2022-06-24 15:08:59,15028,15029,15029,1,1
2022-06-24 15:08:59,15028,15029,15029,1,1
2022-06-24 15:08:59,15028,15029,15027,1,-1
2022-06-24 15:08:59,15028,15029,15028,1,-1
2022-06-24 15:09:04,15028,15029,15028,1,-1
2022-06-24 15:09:04,15027,15029,15027,1,-1
2022-06-24 15:09:04,15027,15028,15028,1,1
2022-06-24 15:09:05,15027,15028,15028,6,6
2022-06-24 15:09:06,15027,15028,15028,3,3
2022-06-24 15:09:09,15028,15029,15028,1,-1
2022-06-24 15:09:11,15028,15029,15029,16,16
2022-06-24 15:09:11,15029,15030,15029,1,-1
2022-06-24 15:09:11,15029,15030,15030,1,1
2022-06-24 15:09:13,15028,15030,15028,1,-1
2022-06-24 15:09:15,15028,15030,15030,2,2
2022-06-24 15:09:20,15029,15030,15030,1,1
2022-06-24 15:09:20,15029,15030,15029,9,-9
2022-06-24 15:09:22,15028,15029,15028,2,-2
2022-06-24 15:09:29,15027,15028,15028,1,1
2022-06-24 15:09:29,15027,15028,15028,2,2
2022-06-24 15:09:31,15027,15028,15028,1,1
2022-06-24 15:09:35,15027,15028,15028,2,2
2022-06-24 15:09:39,15027,15029,15029,5,5
2022-06-24 15:09:44,15027,15029,15029,4,4
2022-06-24 15:09:44,15028,15029,15029,2,2
2022-06-24 15:09:45,15029,15030,15029,1,-1
2022-06-24 15:09:45,15029,15030,15030,1,1
2022-06-24 15:09:45,15029,15030,15030,1,1
2022-06-24 15:09:45,15029,15030,15029,1,-1
2022-06-24 15:09:46,15029,15030,15029,1,-1
2022-06-24 15:09:48,15029,15030,15029,1,-1
2022-06-24 15:09:48,15029,15030,15029,1,-1
2022-06-24 15:09:48,15029,15030,15029,2,-2
2022-06-24 15:09:52,15028,15030,15029,1,-1
2022-06-24 15:09:53,15028,15030,15029,1,-1
2022-06-24 15:09:53,15028,15030,15028,2,-2
2022-06-24 15:09:58,15028,15029,15028,2,-2
2022-06-24 15:09:58,15028,15029,15029,1,1
2022-06-24 15:09:58,15028,15030,15030,1,1
2022-06-24 15:09:59,15029,15030,15030,1,1
2022-06-24 15:09:59,15029,15030,15030,4,4
2022-06-24 15:09:59,15029,15030,15030,1,1
2022-06-24 15:09:59,15029,15030,15030,1,1
2022-06-24 15:09:59,15029,15030,15030,1,1
2022-06-24 15:09:59,15029,15030,15030,1,1
2022-06-24 15:10:00,15029,15030,15029,4,-4
2022-06-24 15:10:00,15029,15030,15029,1,-1
2022-06-24 15:10:00,15029,15030,15029,1,-1
2022-06-24 15:10:02,15029,15030,15030,1,1
2022-06-24 15:10:02,15029,15030,15029,1,-1
2022-06-24 15:10:02,15029,15030,15030,1,1
2022-06-24 15:10:02,15029,15030,15029,2,-2
2022-06-24 15:10:02,15029,15030,15029,1,-1
2022-06-24 15:10:03,15029,15030,15029,2,-2
2022-06-24 15:10:03,15029,15030,15028,2,-2
2022-06-24 15:10:03,15028,15030,15028,5,-5
2022-06-24 15:10:03,15028,15030,15027,1,-1
2022-06-24 15:10:03,15028,15030,15028,1,-1
2022-06-24 15:10:03,15027,15029,15027,1,-1
2022-06-24 15:10:03,15027,15029,15027,1,-1
2022-06-24 15:10:03,15027,15029,15027,15,-15
2022-06-24 15:10:03,15027,15029,15027,1,-1
2022-06-24 15:10:03,15027,15029,15027,1,-1
2022-06-24 15:10:03,15026,15028,15026,1,-1
2022-06-24 15:10:05,15026,15028,15026,4,-4
2022-06-24 15:10:05,15026,15028,15026,2,-2
2022-06-24 15:10:08,15026,15027,15026,1,-1
2022-06-24 15:10:09,15025,15027,15025,1,-1
2022-06-24 15:10:09,15025,15027,15025,1,-1
2022-06-24 15:10:09,15025,15027,15025,2,-2
2022-06-24 15:10:09,15025,15027,15025,13,-13
2022-06-24 15:10:09,15025,15027,15024,1,-1
2022-06-24 15:10:09,15025,15027,15024,2,-2
2022-06-24 15:10:09,15024,15025,15024,1,-1
2022-06-24 15:10:11,15023,15024,15024,1,1
2022-06-24 15:10:11,15023,15024,15023,1,-1
2022-06-24 15:10:11,15023,15024,15023,2,-2
2022-06-24 15:10:11,15023,15024,15023,2,-2
2022-06-24 15:10:11,15023,15024,15023,1,-1
2022-06-24 15:10:11,15023,15024,15023,1,-1
2022-06-24 15:10:11,15023,15024,15023,1,-1
2022-06-24 15:10:11,15022,15024,15022,2,-2
2022-06-24 15:10:12,15022,15024,15022,1,-1
2022-06-24 15:10:13,15022,15024,15024,1,1
2022-06-24 15:10:14,15022,15024,15022,1,-1
2022-06-24 15:10:16,15022,15024,15024,1,1
2022-06-24 15:10:16,15022,15024,15023,1,1
2022-06-24 15:10:17,15023,15025,15023,1,-1
2022-06-24 15:10:17,15023,15025,15023,1,-1
2022-06-24 15:10:18,15023,15025,15023,2,-2
2022-06-24 15:10:18,15024,15026,15024,2,-2
2022-06-24 15:10:22,15024,15025,15024,1,-1
2022-06-24 15:10:25,15024,15025,15025,1,1
2022-06-24 15:10:30,15024,15026,15026,2,2
2022-06-24 15:10:31,15026,15028,15028,1,1
2022-06-24 15:10:34,15027,15029,15027,1,-1
2022-06-24 15:10:35,15027,15029,15027,1,-1
2022-06-24 15:10:36,15027,15029,15028,1,-1
2022-06-24 15:10:40,15028,15029,15029,1,1
2022-06-24 15:10:40,15029,15030,15030,2,2
2022-06-24 15:10:40,15029,15030,15030,1,1
2022-06-24 15:10:40,15029,15030,15030,1,1
2022-06-24 15:10:40,15029,15030,15030,1,1
2022-06-24 15:10:40,15029,15030,15030,8,8
2022-06-24 15:10:40,15029,15030,15031,5,5
2022-06-24 15:10:40,15030,15032,15032,1,1
2022-06-24 15:10:40,15030,15032,15032,2,2
2022-06-24 15:10:41,15030,15032,15032,1,1
2022-06-24 15:10:41,15030,15032,15032,1,1
2022-06-24 15:10:41,15030,15032,15032,3,3
2022-06-24 15:10:42,15031,15032,15031,1,-1
2022-06-24 15:10:42,15031,15032,15032,2,2
2022-06-24 15:10:42,15031,15032,15032,2,2
2022-06-24 15:10:42,15031,15032,15032,1,1
2022-06-24 15:10:42,15031,15032,15032,1,1
2022-06-24 15:10:43,15032,15033,15033,1,1
2022-06-24 15:10:43,15032,15033,15033,5,5
2022-06-24 15:10:43,15032,15033,15033,1,1
2022-06-24 15:10:45,15033,15034,15033,1,-1
2022-06-24 15:10:46,15033,15034,15034,1,1
2022-06-24 15:10:46,15033,15034,15034,1,1
2022-06-24 15:10:47,15033,15035,15034,1,1
2022-06-24 15:10:47,15033,15035,15035,9,9
2022-06-24 15:10:47,15033,15035,15036,3,3
2022-06-24 15:10:47,15033,15035,15035,1,1
2022-06-24 15:10:47,15034,15036,15034,2,-2
2022-06-24 15:10:48,15034,15036,15034,1,-1
2022-06-24 15:10:49,15034,15035,15035,1,1
2022-06-24 15:10:50,15034,15035,15034,1,-1
2022-06-24 15:10:50,15033,15034,15034,1,1
2022-06-24 15:10:51,15033,15034,15034,1,1
2022-06-24 15:10:52,15033,15034,15034,1,1
2022-06-24 15:10:52,15033,15035,15033,1,-1
2022-06-24 15:10:52,15033,15034,15033,2,-2
2022-06-24 15:10:52,15032,15034,15032,1,-1
2022-06-24 15:10:53,15031,15033,15033,1,1
2022-06-24 15:10:53,15031,15033,15032,2,2
2022-06-24 15:10:54,15031,15033,15031,1,-1
2022-06-24 15:10:55,15031,15033,15033,1,1
2022-06-24 15:10:57,15032,15033,15032,1,-1
2022-06-24 15:10:57,15031,15033,15031,3,-3
2022-06-24 15:10:58,15032,15033,15033,2,2
2022-06-24 15:10:58,15032,15033,15033,1,1
2022-06-24 15:11:00,15033,15035,15033,1,-1
2022-06-24 15:11:02,15033,15035,15035,5,5
2022-06-24 15:11:02,15034,15035,15035,1,1
2022-06-24 15:11:02,15034,15035,15036,4,4
2022-06-24 15:11:04,15035,15036,15035,1,-1
2022-06-24 15:11:04,15035,15036,15036,5,5
2022-06-24 15:11:06,15035,15036,15036,1,1
2022-06-24 15:11:06,15035,15036,15035,1,-1
2022-06-24 15:11:08,15035,15036,15036,1,1
2022-06-24 15:11:08,15035,15036,15037,1,1
2022-06-24 15:11:08,15035,15037,15035,5,-5
2022-06-24 15:11:08,15034,15037,15034,5,-5
2022-06-24 15:11:08,15034,15036,15034,1,-1
2022-06-24 15:11:09,15034,15036,15036,1,1
2022-06-24 15:11:09,15034,15036,15036,2,2
2022-06-24 15:11:09,15034,15036,15036,1,1
2022-06-24 15:11:12,15034,15036,15036,1,1
2022-06-24 15:11:12,15034,15036,15034,1,-1
2022-06-24 15:11:12,15033,15034,15034,1,1
2022-06-24 15:11:13,15033,15034,15034,1,1
2022-06-24 15:11:13,15033,15034,15034,1,1
2022-06-24 15:11:13,15033,15034,15033,2,-2
2022-06-24 15:11:14,15033,15034,15034,1,1
2022-06-24 15:11:14,15034,15035,15033,1,-1
2022-06-24 15:11:14,15034,15035,15034,1,-1
2022-06-24 15:11:15,15033,15034,15033,1,-1
2022-06-24 15:11:15,15033,15034,15033,3,-3
2022-06-24 15:11:17,15032,15033,15033,1,1
2022-06-24 15:11:18,15032,15033,15033,1,1
2022-06-24 15:11:18,15032,15034,15032,1,-1
2022-06-24 15:11:19,15033,15035,15033,2,-2
2022-06-24 15:11:22,15033,15034,15033,1,-1
2022-06-24 15:11:22,15033,15034,15033,2,-2
2022-06-24 15:11:22,15033,15034,15033,2,-2
2022-06-24 15:11:25,15033,15034,15033,1,-1
2022-06-24 15:11:26,15032,15034,15032,1,-1
2022-06-24 15:11:27,15032,15034,15032,2,-2
2022-06-24 15:11:27,15032,15034,15032,2,-2
2022-06-24 15:11:27,15032,15034,15032,2,-2
2022-06-24 15:11:27,15031,15034,15033,2,2
2022-06-24 15:11:27,15031,15034,15033,2,2
2022-06-24 15:11:28,15031,15032,15032,1,1
2022-06-24 15:11:28,15031,15032,15032,3,3
2022-06-24 15:11:30,15031,15032,15032,1,1
2022-06-24 15:11:31,15031,15032,15031,1,-1
2022-06-24 15:11:32,15030,15031,15031,1,1
2022-06-24 15:11:33,15031,15032,15031,1,-1
2022-06-24 15:11:33,15031,15032,15030,1,-1
2022-06-24 15:11:33,15030,15032,15030,2,-2
2022-06-24 15:11:35,15030,15031,15030,3,-3
2022-06-24 15:11:37,15030,15032,15032,3,3
2022-06-24 15:11:38,15030,15031,15030,2,-2
2022-06-24 15:11:38,15030,15031,15031,2,2
2022-06-24 15:11:38,15031,15032,15031,1,-1
2022-06-24 15:11:38,15030,15032,15030,2,-2
2022-06-24 15:11:39,15030,15032,15030,2,-2
2022-06-24 15:11:39,15030,15032,15030,1,-1
2022-06-24 15:11:40,15030,15032,15030,2,-2
2022-06-24 15:11:40,15030,15032,15030,2,-2
2022-06-24 15:11:40,15030,15032,15030,2,-2
2022-06-24 15:11:40,15030,15032,15030,2,-2
2022-06-24 15:11:41,15030,15032,15030,2,-2
2022-06-24 15:11:41,15030,15032,15030,2,-2
2022-06-24 15:11:44,15030,15032,15030,3,-3
2022-06-24 15:11:44,15030,15032,15030,1,-1
2022-06-24 15:11:45,15031,15032,15031,1,-1
2022-06-24 15:11:45,15031,15032,15032,3,3
2022-06-24 15:11:48,15032,15034,15032,2,-2
2022-06-24 15:11:48,15032,15034,15032,3,-3
2022-06-24 15:11:52,15031,15032,15031,1,-1
2022-06-24 15:11:54,15030,15032,15031,1,-1
2022-06-24 15:11:54,15030,15032,15030,6,-6
2022-06-24 15:11:54,15030,15032,15030,6,-6
2022-06-24 15:11:55,15029,15031,15029,1,-1
2022-06-24 15:11:57,15030,15032,15032,1,1
2022-06-24 15:11:57,15030,15032,15030,1,-1
2022-06-24 15:11:58,15030,15031,15030,1,-1
2022-06-24 15:11:58,15030,15031,15029,1,-1
2022-06-24 15:11:59,15029,15030,15029,2,-2
2022-06-24 15:11:59,15029,15030,15029,1,-1
2022-06-24 15:11:59,15029,15030,15029,2,-2
2022-06-24 15:11:59,15029,15030,15029,1,-1
2022-06-24 15:12:00,15028,15030,15028,2,-2
2022-06-24 15:12:00,15028,15030,15028,1,-1
2022-06-24 15:12:01,15027,15029,15029,1,1
2022-06-24 15:12:02,15027,15029,15029,1,1
2022-06-24 15:12:02,15027,15029,15027,1,-1
2022-06-24 15:12:03,15028,15029,15028,1,-1
2022-06-24 15:12:04,15027,15029,15027,4,-4
2022-06-24 15:12:04,15027,15029,15027,1,-1
2022-06-24 15:12:04,15027,15028,15026,1,-1
2022-06-24 15:12:04,15027,15028,15027,1,-1
2022-06-24 15:12:05,15026,15027,15026,1,-1
2022-06-24 15:12:07,15026,15027,15026,1,-1
2022-06-24 15:12:08,15026,15027,15026,2,-2
2022-06-24 15:12:09,15026,15027,15027,1,1
2022-06-24 15:12:09,15026,15027,15026,1,-1
2022-06-24 15:12:09,15026,15027,15026,3,-3
2022-06-24 15:12:10,15025,15026,15025,1,-1
2022-06-24 15:12:10,15025,15026,15025,6,-6
2022-06-24 15:12:10,15023,15025,15023,3,-3
2022-06-24 15:12:12,15023,15024,15023,1,-1
2022-06-24 15:12:13,15022,15024,15024,3,3
2022-06-24 15:12:14,15023,15025,15023,1,-1
2022-06-24 15:12:15,15023,15025,15023,3,-3
2022-06-24 15:12:15,15023,15025,15023,2,-2
2022-06-24 15:12:16,15023,15025,15023,1,-1
2022-06-24 15:12:20,15022,15023,15023,1,1
2022-06-24 15:12:21,15022,15023,15022,3,-3
2022-06-24 15:12:21,15022,15023,15022,3,-3
2022-06-24 15:12:21,15022,15023,15022,1,-1
2022-06-24 15:12:21,15022,15023,15022,3,-3
2022-06-24 15:12:23,15022,15023,15022,1,-1
2022-06-24 15:12:23,15022,15023,15022,3,-3
2022-06-24 15:12:23,15022,15023,15022,1,-1
2022-06-24 15:12:25,15022,15023,15022,3,-3
2022-06-24 15:12:28,15021,15022,15021,1,-1
2022-06-24 15:12:29,15021,15022,15021,4,-4
2022-06-24 15:12:29,15021,15022,15021,1,-1
2022-06-24 15:12:30,15021,15022,15021,1,-1
2022-06-24 15:12:32,15021,15022,15022,3,3
2022-06-24 15:12:32,15021,15022,15022,2,2
2022-06-24 15:12:32,15021,15022,15022,4,4
2022-06-24 15:12:32,15021,15022,15022,5,5
2022-06-24 15:12:33,15022,15023,15022,1,-1
2022-06-24 15:12:35,15022,15023,15023,4,4
2022-06-24 15:12:38,15022,15023,15022,1,-1
2022-06-24 15:12:42,15022,15023,15022,1,-1
2022-06-24 15:12:43,15022,15023,15022,1,-1
2022-06-24 15:12:43,15022,15023,15022,1,-1
2022-06-24 15:12:46,15022,15023,15022,1,-1
2022-06-24 15:12:46,15022,15023,15023,2,2
2022-06-24 15:12:47,15022,15023,15022,2,-2
2022-06-24 15:12:48,15021,15023,15021,2,-2
2022-06-24 15:12:49,15022,15023,15022,2,-2
2022-06-24 15:12:50,15021,15022,15021,2,-2
2022-06-24 15:12:50,15021,15022,15021,2,-2
2022-06-24 15:12:51,15021,15022,15021,2,-2
2022-06-24 15:12:51,15021,15022,15021,2,-2
2022-06-24 15:12:52,15021,15022,15022,1,1
2022-06-24 15:12:55,15022,15023,15022,1,-1
2022-06-24 15:12:56,15021,15023,15023,2,2
2022-06-24 15:13:01,15021,15024,15021,1,-1
2022-06-24 15:13:04,15021,15023,15021,1,-1
2022-06-24 15:13:06,15021,15022,15021,1,-1
2022-06-24 15:13:07,15021,15022,15021,2,-2
2022-06-24 15:13:07,15021,15022,15021,5,-5
2022-06-24 15:13:08,15021,15022,15020,1,-1
2022-06-24 15:13:08,15021,15022,15021,3,-3
2022-06-24 15:13:08,15020,15022,15022,1,1
2022-06-24 15:13:15,15021,15022,15021,2,-2
2022-06-24 15:13:16,15021,15022,15022,3,3
2022-06-24 15:13:16,15021,15022,15022,2,2
2022-06-24 15:13:16,15021,15022,15021,1,-1
2022-06-24 15:13:17,15021,15022,15021,1,-1
2022-06-24 15:13:20,15021,15022,15022,2,2
2022-06-24 15:13:22,15023,15024,15023,1,-1
2022-06-24 15:13:23,15023,15024,15024,1,1
2022-06-24 15:13:24,15024,15025,15025,1,1
2022-06-24 15:13:24,15024,15025,15025,1,1
2022-06-24 15:13:24,15025,15026,15026,1,1
2022-06-24 15:13:25,15025,15026,15026,1,1
2022-06-24 15:13:27,15024,15026,15026,1,1
2022-06-24 15:13:28,15024,15026,15026,3,3
2022-06-24 15:13:36,15025,15026,15026,2,2
2022-06-24 15:13:38,15026,15028,15026,1,-1
2022-06-24 15:13:41,15027,15029,15027,1,-1
2022-06-24 15:13:45,15026,15028,15026,1,-1
2022-06-24 15:13:47,15026,15027,15026,1,-1
2022-06-24 15:13:51,15025,15026,15026,1,1
2022-06-24 15:13:53,15025,15026,15025,1,-1
2022-06-24 15:13:54,15025,15026,15025,1,-1
2022-06-24 15:13:55,15024,15027,15024,1,-1
2022-06-24 15:13:55,15024,15027,15026,1,1
2022-06-24 15:13:58,15024,15026,15024,1,-1
2022-06-24 15:14:00,15024,15025,15024,4,-4
2022-06-24 15:14:02,15022,15024,15024,2,2
2022-06-24 15:14:10,15022,15024,15022,1,-1
2022-06-24 15:14:10,15022,15024,15022,1,-1
2022-06-24 15:14:12,15022,15023,15022,1,-1
2022-06-24 15:14:13,15021,15022,15021,16,-16
2022-06-24 15:14:14,15020,15021,15020,1,-1
2022-06-24 15:14:14,15020,15021,15020,7,-7
2022-06-24 15:14:14,15020,15021,15020,2,-2
2022-06-24 15:14:14,15020,15021,15020,1,-1
2022-06-24 15:14:14,15020,15021,15020,2,-2
2022-06-24 15:14:14,15020,15021,15020,22,-22
2022-06-24 15:14:14,15020,15021,15019,4,-4
2022-06-24 15:14:14,15018,15020,15018,4,-4
2022-06-24 15:14:14,15018,15020,15018,1,-1
2022-06-24 15:14:14,15018,15019,15018,10,-10
2022-06-24 15:14:15,15017,15018,15017,1,-1
2022-06-24 15:14:15,15017,15018,15017,1,-1
2022-06-24 15:14:15,15017,15018,15017,1,-1
2022-06-24 15:14:15,15017,15018,15018,1,1
2022-06-24 15:14:16,15017,15018,15017,1,-1
2022-06-24 15:14:16,15017,15018,15017,2,-2
2022-06-24 15:14:16,15017,15018,15017,1,-1
2022-06-24 15:14:16,15017,15018,15017,1,-1
2022-06-24 15:14:16,15017,15018,15017,3,-3
2022-06-24 15:14:16,15017,15018,15017,1,-1
2022-06-24 15:14:17,15016,15017,15016,2,-2
2022-06-24 15:14:17,15017,15019,15017,2,-2
2022-06-24 15:14:21,15018,15019,15019,1,1
2022-06-24 15:14:29,15020,15022,15020,1,-1
2022-06-24 15:14:29,15020,15022,15020,1,-1
2022-06-24 15:14:30,15020,15022,15020,2,-2
2022-06-24 15:14:32,15020,15022,15020,1,-1
2022-06-24 15:14:34,15020,15021,15021,1,1
2022-06-24 15:14:36,15020,15022,15020,1,-1
2022-06-24 15:14:41,15019,15021,15020,1,-1
2022-06-24 15:14:45,15020,15021,15020,2,-2
2022-06-24 15:14:46,15019,15021,15020,1,-1
2022-06-24 15:14:50,15021,15022,15022,2,2
2022-06-24 15:14:50,15021,15022,15022,3,3
2022-06-24 15:14:52,15021,15022,15021,1,-1
2022-06-24 15:14:57,15020,15021,15020,3,-3
2022-06-24 15:15:00,15019,15020,15019,1,-1
2022-06-24 15:15:00,15019,15020,15019,1,-1
2022-06-24 15:15:00,15019,15020,15019,1,-1
2022-06-24 15:15:00,15019,15020,15018,3,-3
2022-06-24 15:15:01,15018,15020,15020,3,3
2022-06-24 15:15:03,15019,15021,15019,2,-2
2022-06-24 15:15:05,15019,15021,15019,1,-1
2022-06-24 15:15:10,15019,15021,15019,1,-1
2022-06-24 15:15:10,15019,15021,15019,1,-1
2022-06-24 15:15:12,15019,15021,15021,1,1
2022-06-24 15:15:12,15020,15022,15021,1,1
2022-06-24 15:15:12,15021,15023,15021,1,-1
2022-06-24 15:15:14,15021,15023,15021,1,-1
2022-06-24 15:15:15,15022,15023,15023,1,1
2022-06-24 15:15:15,15022,15023,15022,1,-1
2022-06-24 15:15:18,15020,15021,15020,1,-1
2022-06-24 15:15:20,15019,15021,15019,1,-1
2022-06-24 15:15:32,15019,15020,15019,5,-5
2022-06-24 15:15:35,15018,15019,15019,1,1
2022-06-24 15:15:36,15018,15019,15019,1,1
2022-06-24 15:15:37,15018,15020,15018,1,-1
2022-06-24 15:15:39,15019,15020,15019,1,-1
2022-06-24 15:15:40,15018,15020,15019,1,-1
2022-06-24 15:15:40,15018,15020,15020,3,3
2022-06-24 15:15:40,15018,15020,15020,2,2
2022-06-24 15:15:43,15018,15020,15020,1,1
2022-06-24 15:15:43,15019,15021,15019,1,-1
2022-06-24 15:15:43,15019,15021,15021,5,5
2022-06-24 15:15:43,15019,15021,15021,2,2
2022-06-24 15:15:44,15019,15021,15021,1,1
2022-06-24 15:15:44,15019,15021,15021,1,1
2022-06-24 15:15:44,15020,15022,15022,1,1
2022-06-24 15:15:44,15020,15022,15022,2,2
2022-06-24 15:15:44,15020,15022,15022,1,1
2022-06-24 15:15:44,15020,15022,15022,1,1
2022-06-24 15:15:44,15020,15022,15023,11,11
2022-06-24 15:15:44,15020,15022,15024,3,3
2022-06-24 15:15:44,15021,15023,15023,1,1
2022-06-24 15:15:44,15021,15023,15023,2,2
2022-06-24 15:15:44,15021,15023,15023,2,2
2022-06-24 15:15:44,15021,15023,15024,2,2
2022-06-24 15:15:44,15022,15024,15024,2,2
2022-06-24 15:15:45,15021,15023,15023,1,1
2022-06-24 15:15:47,15021,15022,15021,1,-1
2022-06-24 15:15:58,15020,15021,15020,1,-1
2022-06-24 15:15:58,15019,15021,15019,2,-2
2022-06-24 15:15:59,15019,15020,15019,2,-2
2022-06-24 15:16:02,15018,15020,15019,1,-1
2022-06-24 15:16:02,15018,15020,15018,1,-1
2022-06-24 15:16:06,15019,15021,15018,1,-1
2022-06-24 15:16:14,15019,15021,15019,1,-1
2022-06-24 15:16:14,15018,15020,15018,1,-1
2022-06-24 15:16:20,15019,15020,15019,1,-1
2022-06-24 15:16:28,15018,15019,15019,1,1
2022-06-24 15:16:29,15018,15019,15018,1,-1
2022-06-24 15:16:29,15018,15019,15018,9,-9
2022-06-24 15:16:29,15018,15019,15018,4,-4
2022-06-24 15:16:29,15018,15019,15017,1,-1
2022-06-24 15:16:29,15017,15018,15017,1,-1
2022-06-24 15:16:29,15017,15018,15018,2,2
2022-06-24 15:16:30,15017,15018,15018,1,1
2022-06-24 15:16:32,15017,15018,15018,1,1
2022-06-24 15:16:34,15017,15018,15018,3,3
2022-06-24 15:16:35,15018,15019,15018,1,-1
2022-06-24 15:16:37,15017,15018,15018,1,1
2022-06-24 15:16:39,15017,15018,15017,7,-7
2022-06-24 15:16:40,15016,15017,15016,2,-2
2022-06-24 15:16:40,15016,15017,15016,1,-1
2022-06-24 15:16:40,15016,15017,15016,3,-3
2022-06-24 15:16:40,15016,15017,15016,6,-6
2022-06-24 15:16:42,15015,15016,15016,1,1
2022-06-24 15:16:44,15015,15016,15015,2,-2
2022-06-24 15:16:44,15015,15016,15015,2,-2
2022-06-24 15:16:44,15015,15016,15015,1,-1
2022-06-24 15:16:44,15015,15016,15015,1,-1
2022-06-24 15:16:44,15015,15016,15015,16,-16
2022-06-24 15:16:44,15015,15016,15015,1,-1
2022-06-24 15:16:44,15015,15016,15015,2,-2
2022-06-24 15:16:44,15015,15016,15014,3,-3
2022-06-24 15:16:44,15013,15015,15015,1,1
2022-06-24 15:16:44,15013,15015,15016,3,3
2022-06-24 15:16:44,15013,15015,15015,7,7
2022-06-24 15:16:46,15013,15015,15015,3,3
2022-06-24 15:16:47,15013,15014,15014,2,2
2022-06-24 15:16:47,15013,15014,15015,4,4
2022-06-24 15:16:48,15014,15015,15015,1,1
2022-06-24 15:16:49,15014,15015,15014,1,-1
2022-06-24 15:16:49,15014,15015,15013,2,-2
2022-06-24 15:16:49,15013,15015,15013,1,-1
2022-06-24 15:16:50,15013,15015,15013,1,-1
2022-06-24 15:16:50,15013,15015,15013,1,-1
2022-06-24 15:16:51,15013,15015,15013,2,-2
2022-06-24 15:16:52,15013,15014,15013,10,-10
2022-06-24 15:16:52,15013,15014,15013,1,-1
2022-06-24 15:16:53,15012,15013,15013,2,2
2022-06-24 15:16:55,15012,15013,15012,1,-1
2022-06-24 15:16:55,15012,15013,15012,9,-9
2022-06-24 15:16:58,15012,15014,15012,1,-1
2022-06-24 15:17:00,15011,15013,15012,1,-1
2022-06-24 15:17:00,15011,15013,15011,1,-1
2022-06-24 15:17:00,15011,15014,15012,1,-1
2022-06-24 15:17:00,15012,15014,15012,1,-1
2022-06-24 15:17:00,15012,15014,15012,1,-1
2022-06-24 15:17:00,15012,15014,15012,2,-2
2022-06-24 15:17:01,15012,15014,15012,1,-1
2022-06-24 15:17:01,15012,15014,15014,2,2
2022-06-24 15:17:01,15013,15015,15013,1,-1
2022-06-24 15:17:02,15013,15015,15013,1,-1
2022-06-24 15:17:02,15013,15015,15013,2,-2
2022-06-24 15:17:06,15012,15013,15013,1,1
2022-06-24 15:17:06,15012,15014,15012,2,-2
2022-06-24 15:17:07,15012,15014,15012,1,-1
2022-06-24 15:17:08,15012,15014,15012,2,-2
2022-06-24 15:17:08,15012,15014,15012,2,-2
2022-06-24 15:17:09,15012,15014,15012,2,-2
2022-06-24 15:17:09,15012,15014,15012,1,-1
2022-06-24 15:17:09,15012,15014,15012,3,-3
2022-06-24 15:17:09,15012,15014,15012,2,-2
2022-06-24 15:17:09,15012,15014,15012,1,-1
2022-06-24 15:17:11,15012,15014,15013,1,-1
2022-06-24 15:17:11,15012,15013,15012,1,-1
2022-06-24 15:17:12,15012,15014,15014,2,2
2022-06-24 15:17:12,15012,15014,15013,4,4
2022-06-24 15:17:12,15012,15014,15013,1,1
2022-06-24 15:17:12,15013,15015,15013,1,-1
2022-06-24 15:17:12,15013,15015,15013,1,-1
2022-06-24 15:17:12,15013,15015,15013,2,-2
2022-06-24 15:17:16,15014,15015,15015,1,1
2022-06-24 15:17:16,15014,15015,15014,2,-2
2022-06-24 15:17:17,15014,15015,15014,1,-1
2022-06-24 15:17:18,15014,15015,15015,5,5
2022-06-24 15:17:18,15015,15017,15015,3,-3
2022-06-24 15:17:21,15013,15015,15015,1,1
2022-06-24 15:17:21,15013,15015,15015,1,1
2022-06-24 15:17:21,15014,15016,15016,1,1
2022-06-24 15:17:21,15014,15016,15014,1,-1
2022-06-24 15:17:22,15014,15016,15016,1,1
2022-06-24 15:17:22,15014,15016,15014,1,-1
2022-06-24 15:17:23,15014,15016,15014,1,-1
2022-06-24 15:17:26,15015,15016,15016,1,1
2022-06-24 15:17:28,15015,15016,15016,2,2
2022-06-24 15:17:29,15015,15016,15016,1,1
2022-06-24 15:17:29,15015,15016,15016,2,2
2022-06-24 15:17:29,15016,15017,15016,3,-3
2022-06-24 15:17:33,15016,15017,15017,1,1
2022-06-24 15:17:35,15016,15018,15018,1,1
2022-06-24 15:17:35,15016,15018,15016,1,-1
2022-06-24 15:17:42,15016,15017,15017,1,1
2022-06-24 15:17:45,15016,15017,15016,1,-1
2022-06-24 15:17:46,15015,15016,15016,1,1
2022-06-24 15:17:48,15016,15017,15016,1,-1
2022-06-24 15:17:49,15016,15017,15016,1,-1
2022-06-24 15:17:50,15015,15017,15017,1,1
2022-06-24 15:17:50,15015,15017,15017,1,1
2022-06-24 15:17:52,15015,15016,15015,4,-4
2022-06-24 15:17:52,15015,15016,15015,1,-1
2022-06-24 15:17:52,15014,15016,15016,1,1
2022-06-24 15:17:59,15015,15016,15016,1,1
2022-06-24 15:18:00,15015,15016,15015,1,-1
2022-06-24 15:18:00,15015,15016,15015,1,-1
2022-06-24 15:18:02,15015,15016,15016,1,1
2022-06-24 15:18:02,15015,15016,15015,1,-1
2022-06-24 15:18:10,15015,15016,15016,1,1
2022-06-24 15:18:11,15015,15016,15016,2,2
2022-06-24 15:18:11,15016,15017,15016,1,-1
2022-06-24 15:18:12,15016,15017,15016,1,-1
2022-06-24 15:18:14,15016,15017,15017,1,1
2022-06-24 15:18:14,15016,15017,15017,1,1
2022-06-24 15:18:14,15016,15018,15018,1,1
2022-06-24 15:18:18,15016,15017,15017,1,1
2022-06-24 15:18:19,15016,15017,15017,2,2
2022-06-24 15:18:19,15016,15017,15016,1,-1
2022-06-24 15:18:19,15016,15017,15016,1,-1
2022-06-24 15:18:20,15015,15016,15015,2,-2
2022-06-24 15:18:20,15015,15016,15016,1,1
2022-06-24 15:18:20,15015,15016,15017,1,1
2022-06-24 15:18:20,15015,15017,15015,1,-1
2022-06-24 15:18:20,15015,15017,15015,1,-1
2022-06-24 15:18:22,15016,15018,15016,1,-1
2022-06-24 15:18:24,15016,15018,15016,5,-5
2022-06-24 15:18:27,15017,15018,15018,1,1
2022-06-24 15:18:31,15018,15020,15020,2,2
2022-06-24 15:18:31,15018,15020,15020,4,4
2022-06-24 15:18:32,15019,15020,15020,1,1
2022-06-24 15:18:32,15018,15020,15018,1,-1
2022-06-24 15:18:36,15018,15019,15018,1,-1
2022-06-24 15:18:45,15018,15019,15017,1,-1
2022-06-24 15:18:45,15018,15019,15018,1,-1
2022-06-24 15:18:48,15018,15019,15018,1,-1
2022-06-24 15:18:49,15018,15019,15018,1,-1
2022-06-24 15:18:50,15017,15019,15017,1,-1
2022-06-24 15:18:50,15017,15019,15017,1,-1
2022-06-24 15:18:51,15017,15019,15017,1,-1
2022-06-24 15:18:57,15016,15018,15016,1,-1
2022-06-24 15:18:57,15015,15017,15017,1,1
2022-06-24 15:18:58,15017,15018,15017,1,-1
2022-06-24 15:18:58,15017,15018,15017,1,-1
2022-06-24 15:18:58,15017,15018,15017,2,-2
2022-06-24 15:18:59,15017,15018,15018,5,5
2022-06-24 15:18:59,15017,15018,15019,1,1
2022-06-24 15:19:00,15019,15020,15020,1,1
2022-06-24 15:19:01,15019,15020,15020,1,1
2022-06-24 15:19:06,15020,15021,15021,2,2
2022-06-24 15:19:07,15021,15022,15022,1,1
2022-06-24 15:19:10,15021,15022,15023,2,2
2022-06-24 15:19:10,15021,15022,15022,2,2
2022-06-24 15:19:12,15021,15023,15023,2,2
2022-06-24 15:19:13,15022,15023,15023,2,2
2022-06-24 15:19:16,15021,15023,15022,1,1
2022-06-24 15:19:19,15022,15023,15023,3,3
2022-06-24 15:19:21,15022,15023,15023,1,1
2022-06-24 15:19:22,15022,15023,15023,2,2
2022-06-24 15:19:22,15022,15024,15022,3,-3
2022-06-24 15:19:23,15023,15024,15023,1,-1
2022-06-24 15:19:23,15023,15024,15023,1,-1
2022-06-24 15:19:28,15022,15024,15022,1,-1
2022-06-24 15:19:29,15022,15024,15024,1,1
2022-06-24 15:19:31,15022,15024,15022,1,-1
2022-06-24 15:19:32,15022,15023,15022,1,-1
2022-06-24 15:19:35,15021,15023,15023,1,1
2022-06-24 15:19:36,15022,15023,15022,3,-3
2022-06-24 15:19:38,15021,15023,15021,1,-1
2022-06-24 15:19:44,15020,15021,15021,1,1
2022-06-24 15:19:46,15021,15023,15021,1,-1
2022-06-24 15:19:50,15021,15022,15021,1,-1
2022-06-24 15:19:52,15020,15021,15020,2,-2
2022-06-24 15:19:53,15019,15021,15020,1,-1
2022-06-24 15:20:00,15019,15020,15019,1,-1
2022-06-24 15:20:00,15018,15019,15019,1,1
2022-06-24 15:20:00,15018,15020,15018,1,-1
2022-06-24 15:20:00,15018,15020,15018,2,-2
2022-06-24 15:20:00,15017,15019,15019,1,1
2022-06-24 15:20:01,15017,15019,15019,1,1
2022-06-24 15:20:02,15018,15019,15019,3,3
2022-06-24 15:20:02,15018,15019,15020,1,1
2022-06-24 15:20:02,15018,15020,15020,2,2
2022-06-24 15:20:04,15019,15020,15019,2,-2
2022-06-24 15:20:05,15017,15019,15017,1,-1
2022-06-24 15:20:08,15016,15018,15016,1,-1
2022-06-24 15:20:08,15016,15018,15016,2,-2
2022-06-24 15:20:09,15016,15017,15016,1,-1
2022-06-24 15:20:11,15015,15017,15015,1,-1
2022-06-24 15:20:14,15015,15016,15015,1,-1
2022-06-24 15:20:18,15015,15016,15016,1,1
2022-06-24 15:20:18,15015,15016,15016,1,1
2022-06-24 15:20:25,15015,15016,15015,10,-10
2022-06-24 15:20:25,15015,15016,15015,8,-8
2022-06-24 15:20:25,15014,15016,15016,3,3
2022-06-24 15:20:38,15016,15017,15017,1,1
2022-06-24 15:20:40,15016,15017,15017,1,1
2022-06-24 15:20:41,15017,15018,15018,1,1
2022-06-24 15:20:43,15017,15019,15019,4,4
2022-06-24 15:20:46,15017,15020,15018,1,-1
2022-06-24 15:20:50,15018,15020,15018,1,-1
2022-06-24 15:20:51,15017,15019,15017,1,-1
2022-06-24 15:20:52,15016,15018,15017,3,-3
2022-06-24 15:20:52,15016,15018,15017,2,-2
2022-06-24 15:20:52,15016,15019,15018,1,1
2022-06-24 15:20:52,15016,15019,15017,2,-2
2022-06-24 15:20:52,15017,15019,15017,1,-1
2022-06-24 15:20:52,15016,15019,15018,1,1
2022-06-24 15:20:56,15016,15018,15016,1,-1
2022-06-24 15:20:56,15016,15017,15016,6,-6
2022-06-24 15:21:04,15015,15017,15015,10,-10
2022-06-24 15:21:05,15014,15016,15016,1,1
2022-06-24 15:21:06,15015,15017,15017,1,1
2022-06-24 15:21:06,15015,15017,15015,1,-1
2022-06-24 15:21:06,15015,15017,15015,1,-1
2022-06-24 15:21:07,15015,15017,15015,1,-1
2022-06-24 15:21:07,15015,15017,15015,2,-2
2022-06-24 15:21:08,15015,15016,15015,1,-1
2022-06-24 15:21:13,15015,15016,15015,1,-1
2022-06-24 15:21:15,15015,15016,15015,1,-1
2022-06-24 15:21:15,15014,15016,15014,2,-2
2022-06-24 15:21:16,15015,15017,15015,2,-2
2022-06-24 15:21:18,15015,15016,15016,1,1
2022-06-24 15:21:21,15016,15018,15018,1,1
2022-06-24 15:21:24,15017,15019,15017,1,-1
2022-06-24 15:21:27,15017,15019,15017,1,-1
2022-06-24 15:21:28,15017,15019,15019,1,1
2022-06-24 15:21:29,15018,15020,15018,1,-1
2022-06-24 15:21:30,15017,15019,15017,1,-1
2022-06-24 15:21:33,15017,15020,15017,1,-1
2022-06-24 15:21:34,15017,15019,15019,2,2
2022-06-24 15:21:34,15017,15019,15019,1,1
2022-06-24 15:21:34,15017,15019,15020,3,3
2022-06-24 15:21:35,15020,15021,15020,2,-2
2022-06-24 15:21:35,15019,15020,15020,1,1
2022-06-24 15:21:38,15020,15021,15021,1,1
2022-06-24 15:21:39,15020,15021,15021,1,1
2022-06-24 15:21:39,15020,15021,15020,1,-1
2022-06-24 15:21:41,15020,15021,15020,1,-1
2022-06-24 15:21:58,15020,15022,15021,1,-1
2022-06-24 15:22:01,15021,15022,15022,18,18
2022-06-24 15:22:01,15021,15023,15023,3,3
2022-06-24 15:22:01,15021,15023,15023,2,2
2022-06-24 15:22:01,15022,15024,15022,5,-5
2022-06-24 15:22:01,15022,15024,15021,9,-9
2022-06-24 15:22:01,15022,15024,15021,26,-26
2022-06-24 15:22:01,15022,15024,15021,1,-1
2022-06-24 15:22:01,15022,15024,15021,1,-1
2022-06-24 15:22:07,15021,15023,15021,1,-1
2022-06-24 15:22:09,15021,15023,15023,2,2
2022-06-24 15:22:12,15021,15022,15022,1,1
2022-06-24 15:22:13,15022,15023,15023,2,2
2022-06-24 15:22:13,15022,15023,15023,1,1
2022-06-24 15:22:14,15022,15023,15023,1,1
2022-06-24 15:22:14,15022,15023,15023,2,2
2022-06-24 15:22:14,15023,15024,15023,1,-1
2022-06-24 15:22:15,15023,15024,15023,1,-1
2022-06-24 15:22:17,15022,15024,15022,1,-1
2022-06-24 15:22:19,15021,15022,15021,1,-1
2022-06-24 15:22:20,15020,15022,15022,2,2
2022-06-24 15:22:26,15021,15022,15022,1,1
2022-06-24 15:22:28,15022,15023,15022,1,-1
2022-06-24 15:22:29,15021,15022,15023,8,8
2022-06-24 15:22:29,15021,15022,15022,1,1
2022-06-24 15:22:33,15022,15023,15022,1,-1
2022-06-24 15:22:33,15021,15022,15021,1,-1
2022-06-24 15:22:33,15021,15022,15021,1,-1
2022-06-24 15:22:42,15020,15021,15020,1,-1
2022-06-24 15:22:44,15020,15021,15020,3,-3
2022-06-24 15:22:46,15019,15020,15019,2,-2
2022-06-24 15:22:46,15017,15019,15017,8,-8
2022-06-24 15:22:49,15017,15018,15018,2,2
2022-06-24 15:22:53,15018,15020,15018,1,-1
2022-06-24 15:22:55,15018,15020,15018,1,-1
2022-06-24 15:23:00,15020,15021,15020,1,-1
2022-06-24 15:23:02,15019,15020,15019,1,-1
2022-06-24 15:23:06,15018,15020,15018,1,-1
2022-06-24 15:23:07,15019,15021,15019,6,-6
2022-06-24 15:23:07,15019,15021,15018,3,-3
2022-06-24 15:23:10,15018,15020,15018,1,-1
2022-06-24 15:23:10,15018,15020,15018,2,-2
2022-06-24 15:23:20,15019,15020,15019,1,-1
2022-06-24 15:23:21,15019,15020,15020,1,1
2022-06-24 15:23:23,15020,15021,15020,1,-1
2022-06-24 15:23:42,15019,15020,15019,1,-1
2022-06-24 15:23:42,15019,15020,15018,2,-2
2022-06-24 15:23:43,15017,15018,15017,1,-1
2022-06-24 15:23:43,15017,15018,15017,4,-4
2022-06-24 15:23:43,15017,15018,15018,1,1
2022-06-24 15:23:49,15017,15019,15017,4,-4
2022-06-24 15:23:49,15017,15019,15016,5,-5
2022-06-24 15:24:02,15018,15020,15019,1,-1
2022-06-24 15:24:02,15019,15020,15020,1,1
2022-06-24 15:24:15,15019,15020,15020,9,9
2022-06-24 15:24:20,15019,15020,15019,1,-1
2022-06-24 15:24:22,15019,15020,15019,1,-1
2022-06-24 15:24:31,15019,15020,15020,1,1
2022-06-24 15:24:34,15019,15020,15020,1,1
2022-06-24 15:24:38,15020,15021,15020,1,-1
2022-06-24 15:24:40,15019,15021,15019,1,-1
2022-06-24 15:24:44,15019,15021,15019,1,-1
2022-06-24 15:24:46,15020,15021,15020,1,-1
2022-06-24 15:24:46,15019,15020,15019,1,-1
2022-06-24 15:24:48,15019,15020,15019,1,-1
2022-06-24 15:24:50,15019,15020,15019,2,-2
2022-06-24 15:24:51,15018,15020,15018,1,-1
2022-06-24 15:24:51,15018,15020,15018,1,-1
2022-06-24 15:24:53,15016,15018,15018,1,1
2022-06-24 15:24:59,15017,15018,15018,1,1
2022-06-24 15:24:59,15017,15019,15017,2,-2
2022-06-24 15:25:18,15017,15018,15017,5,-5
2022-06-24 15:25:18,15017,15018,15017,1,-1
2022-06-24 15:25:20,15017,15018,15017,5,-5
2022-06-24 15:25:22,15016,15017,15016,1,-1
2022-06-24 15:25:25,15016,15017,15017,1,1
2022-06-24 15:25:34,15016,15017,15016,1,-1
2022-06-24 15:25:51,15016,15017,15016,1,-1
2022-06-24 15:25:54,15016,15017,15017,3,3
2022-06-24 15:26:06,15017,15019,15019,1,1
2022-06-24 15:26:08,15019,15020,15019,1,-1
2022-06-24 15:26:09,15017,15019,15019,1,1
2022-06-24 15:26:17,15018,15019,15019,1,1
2022-06-24 15:26:22,15018,15019,15019,4,4
2022-06-24 15:26:40,15019,15020,15020,3,3
2022-06-24 15:26:40,15019,15020,15021,1,1
2022-06-24 15:26:40,15019,15020,15021,1,1
2022-06-24 15:26:40,15020,15022,15020,1,-1
2022-06-24 15:26:54,15021,15022,15022,2,2
2022-06-24 15:26:59,15021,15023,15023,4,4
2022-06-24 15:26:59,15022,15024,15024,5,5
2022-06-24 15:26:59,15022,15024,15024,1,1
2022-06-24 15:27:00,15024,15025,15025,1,1
2022-06-24 15:27:00,15024,15025,15025,1,1
2022-06-24 15:27:00,15024,15025,15025,1,1
2022-06-24 15:27:00,15024,15025,15025,1,1
2022-06-24 15:27:00,15024,15025,15025,5,5
2022-06-24 15:27:00,15024,15025,15025,1,1
2022-06-24 15:27:00,15024,15025,15025,3,3
2022-06-24 15:27:01,15024,15026,15026,1,1
2022-06-24 15:27:03,15025,15026,15025,1,-1
2022-06-24 15:27:05,15024,15025,15025,1,1
2022-06-24 15:27:09,15023,15025,15025,3,3
2022-06-24 15:27:09,15023,15025,15026,6,6
2022-06-24 15:27:10,15025,15026,15026,1,1
2022-06-24 15:27:10,15025,15026,15026,2,2
2022-06-24 15:27:13,15025,15026,15026,1,1
2022-06-24 15:27:15,15025,15026,15025,3,-3
2022-06-24 15:27:15,15024,15025,15025,1,1
2022-06-24 15:27:17,15024,15025,15025,1,1
2022-06-24 15:27:19,15024,15025,15024,1,-1
2022-06-24 15:27:19,15024,15025,15024,1,-1
2022-06-24 15:27:19,15024,15025,15024,9,-9
2022-06-24 15:27:24,15021,15023,15023,1,1
2022-06-24 15:27:24,15021,15023,15021,1,-1
2022-06-24 15:27:24,15021,15023,15021,1,-1
2022-06-24 15:27:25,15021,15022,15021,1,-1
2022-06-24 15:27:40,15023,15025,15025,5,5
2022-06-24 15:27:41,15025,15026,15026,1,1
2022-06-24 15:27:44,15026,15027,15026,2,-2
2022-06-24 15:27:45,15025,15027,15025,1,-1
2022-06-24 15:27:47,15025,15026,15026,1,1
2022-06-24 15:27:51,15026,15027,15027,6,6
2022-06-24 15:27:52,15027,15028,15028,5,5
2022-06-24 15:27:53,15025,15027,15027,1,1
2022-06-24 15:27:59,15025,15027,15027,1,1
2022-06-24 15:28:04,15027,15028,15028,1,1
2022-06-24 15:28:07,15027,15028,15027,3,-3
2022-06-24 15:28:07,15026,15027,15027,1,1
2022-06-24 15:28:08,15026,15027,15027,2,2
2022-06-24 15:28:08,15026,15027,15027,1,1
2022-06-24 15:28:09,15026,15027,15027,2,2
2022-06-24 15:28:12,15026,15027,15026,1,-1
2022-06-24 15:28:12,15025,15026,15025,1,-1
2022-06-24 15:28:14,15022,15024,15024,1,1
2022-06-24 15:28:21,15023,15024,15024,2,2
2022-06-24 15:28:21,15023,15024,15024,1,1
2022-06-24 15:28:22,15024,15025,15025,1,1
2022-06-24 15:28:24,15024,15025,15025,1,1
2022-06-24 15:28:32,15024,15025,15026,3,3
2022-06-24 15:28:32,15024,15025,15025,6,6
2022-06-24 15:28:34,15024,15025,15025,1,1
2022-06-24 15:28:34,15024,15025,15025,1,1
2022-06-24 15:28:40,15024,15026,15024,1,-1
2022-06-24 15:28:41,15024,15026,15025,1,-1
2022-06-24 15:28:46,15024,15026,15026,2,2
2022-06-24 15:28:51,15025,15027,15027,1,1
2022-06-24 15:28:53,15025,15027,15027,1,1
2022-06-24 15:28:54,15025,15027,15027,3,3
2022-06-24 15:28:54,15025,15027,15028,1,1
2022-06-24 15:28:57,15026,15028,15028,2,2
2022-06-24 15:29:00,15026,15028,15026,1,-1
2022-06-24 15:29:06,15026,15027,15026,4,-4
2022-06-24 15:29:08,15025,15026,15025,1,-1
2022-06-24 15:29:09,15024,15026,15026,1,1
2022-06-24 15:29:12,15024,15026,15025,1,1
2022-06-24 15:29:13,15024,15026,15025,2,2
2022-06-24 15:29:23,15025,15027,15025,1,-1
2022-06-24 15:29:24,15025,15027,15027,2,2
2022-06-24 15:29:49,15026,15027,15027,1,1
2022-06-24 15:29:49,15026,15028,15028,2,2
2022-06-24 15:29:54,15025,15027,15027,1,1
2022-06-24 15:29:54,15025,15027,15025,1,-1
2022-06-24 15:29:58,15026,15028,15028,2,2
2022-06-24 15:30:00,15026,15027,15026,6,-6
2022-06-24 15:30:00,15026,15027,15026,1,-1
2022-06-24 15:30:00,15025,15027,15027,1,1
2022-06-24 15:30:00,15025,15027,15027,1,1
2022-06-24 15:30:00,15025,15027,15027,1,1
2022-06-24 15:30:00,15025,15027,15025,4,-4
2022-06-24 15:30:00,15025,15027,15025,4,-4
2022-06-24 15:30:00,15025,15027,15027,1,1
2022-06-24 15:30:00,15025,15027,15027,1,1
2022-06-24 15:30:00,15025,15027,15026,4,4
2022-06-24 15:30:00,15025,15027,15026,2,2
2022-06-24 15:30:00,15025,15027,15025,2,-2
2022-06-24 15:30:10,15026,15028,15026,1,-1
2022-06-24 15:30:10,15026,15028,15026,1,-1
2022-06-24 15:30:10,15026,15028,15028,8,8
2022-06-24 15:30:11,15026,15029,15029,2,2
2022-06-24 15:30:11,15027,15029,15027,1,-1
2022-06-24 15:30:11,15027,15029,15026,1,-1
2022-06-24 15:30:12,15026,15028,15026,1,-1
2022-06-24 15:30:33,15025,15026,15025,3,-3
2022-06-24 15:30:33,15025,15026,15025,7,-7
2022-06-24 15:30:38,15024,15026,15024,1,-1
2022-06-24 15:30:41,15024,15026,15026,5,5
2022-06-24 15:30:43,15025,15027,15027,1,1
2022-06-24 15:30:43,15026,15027,15027,2,2
2022-06-24 15:30:48,15027,15028,15028,1,1
2022-06-24 15:30:53,15028,15029,15028,1,-1
2022-06-24 15:30:54,15027,15028,15026,1,-1
2022-06-24 15:30:54,15027,15028,15027,3,-3
2022-06-24 15:30:55,15026,15028,15028,1,1
2022-06-24 15:31:03,15028,15029,15028,1,-1
2022-06-24 15:31:06,15027,15029,15028,1,-1
2022-06-24 15:31:13,15027,15028,15028,2,2
2022-06-24 15:31:13,15027,15028,15029,15,15
2022-06-24 15:31:14,15029,15030,15029,1,-1
2022-06-24 15:31:15,15029,15030,15030,28,28
2022-06-24 15:31:15,15029,15030,15031,6,6
2022-06-24 15:31:15,15029,15030,15031,1,1
2022-06-24 15:31:15,15029,15030,15031,3,3
2022-06-24 15:31:15,15029,15030,15031,4,4
2022-06-24 15:31:16,15029,15031,15029,1,-1
2022-06-24 15:31:16,15029,15031,15031,1,1
2022-06-24 15:31:17,15029,15031,15031,1,1
2022-06-24 15:31:29,15031,15032,15031,1,-1
2022-06-24 15:31:29,15030,15032,15032,1,1
2022-06-24 15:31:29,15030,15032,15032,1,1
2022-06-24 15:31:30,15030,15032,15030,1,-1
2022-06-24 15:31:30,15030,15032,15032,1,1
2022-06-24 15:31:30,15030,15032,15032,1,1
2022-06-24 15:31:33,15031,15032,15032,2,2
2022-06-24 15:31:33,15032,15033,15032,3,-3
2022-06-24 15:31:33,15032,15033,15033,5,5
2022-06-24 15:31:33,15032,15033,15033,1,1
2022-06-24 15:31:33,15032,15033,15033,1,1
2022-06-24 15:31:33,15032,15033,15033,2,2
2022-06-24 15:31:33,15033,15034,15034,5,5
2022-06-24 15:31:33,15033,15034,15035,1,1
2022-06-24 15:31:34,15033,15035,15035,1,1
2022-06-24 15:31:35,15033,15035,15033,1,-1
2022-06-24 15:31:37,15033,15034,15034,1,1
2022-06-24 15:31:38,15033,15035,15035,2,2
2022-06-24 15:31:42,15033,15034,15034,2,2
2022-06-24 15:31:43,15034,15035,15034,1,-1
2022-06-24 15:31:45,15034,15035,15034,1,-1
2022-06-24 15:31:45,15034,15035,15035,1,1
2022-06-24 15:31:46,15034,15035,15035,1,1
2022-06-24 15:31:46,15034,15035,15035,5,5
2022-06-24 15:31:46,15034,15035,15035,9,9
2022-06-24 15:31:46,15034,15035,15035,4,4
2022-06-24 15:31:46,15035,15036,15036,5,5
2022-06-24 15:31:46,15035,15036,15036,2,2
2022-06-24 15:31:47,15035,15037,15035,1,-1
2022-06-24 15:31:48,15035,15036,15035,1,-1
2022-06-24 15:31:48,15035,15036,15035,1,-1
2022-06-24 15:31:48,15034,15035,15035,1,1
2022-06-24 15:31:48,15034,15035,15035,1,1
2022-06-24 15:31:50,15035,15036,15036,1,1
2022-06-24 15:31:51,15035,15037,15037,2,2
2022-06-24 15:31:51,15035,15037,15035,1,-1
2022-06-24 15:31:52,15035,15037,15035,1,-1
2022-06-24 15:31:56,15035,15036,15035,1,-1
2022-06-24 15:31:56,15035,15036,15035,1,-1
2022-06-24 15:31:57,15034,15035,15035,1,1
2022-06-24 15:32:00,15034,15035,15034,3,-3
2022-06-24 15:32:00,15034,15035,15035,1,1
2022-06-24 15:32:00,15034,15035,15036,1,1
2022-06-24 15:32:01,15033,15035,15035,2,2
2022-06-24 15:32:06,15033,15034,15034,1,1
2022-06-24 15:32:10,15033,15034,15033,1,-1
2022-06-24 15:32:10,15033,15034,15034,1,1
2022-06-24 15:32:14,15034,15035,15034,1,-1
2022-06-24 15:32:15,15034,15035,15034,1,-1
2022-06-24 15:32:16,15033,15034,15034,1,1
2022-06-24 15:32:16,15033,15034,15034,5,5
2022-06-24 15:32:17,15034,15035,15034,1,-1
2022-06-24 15:32:17,15034,15035,15035,2,2
2022-06-24 15:32:18,15034,15036,15033,1,-1
2022-06-24 15:32:19,15033,15034,15033,1,-1
2022-06-24 15:32:21,15033,15034,15034,1,1
2022-06-24 15:32:29,15035,15036,15035,2,-2
2022-06-24 15:32:29,15035,15036,15035,2,-2
2022-06-24 15:32:34,15035,15036,15035,1,-1
2022-06-24 15:32:36,15035,15036,15035,1,-1
2022-06-24 15:32:42,15035,15036,15036,1,1
2022-06-24 15:32:42,15035,15036,15036,5,5
2022-06-24 15:32:46,15036,15037,15037,1,1
2022-06-24 15:32:46,15036,15037,15037,2,2
2022-06-24 15:32:49,15036,15037,15037,2,2
2022-06-24 15:32:51,15036,15037,15036,1,-1
2022-06-24 15:32:52,15036,15037,15037,1,1
2022-06-24 15:32:56,15037,15038,15038,1,1
2022-06-24 15:32:56,15037,15038,15037,1,-1
2022-06-24 15:32:59,15037,15038,15038,1,1
2022-06-24 15:32:59,15037,15038,15038,6,6
2022-06-24 15:33:00,15038,15039,15038,1,-1
2022-06-24 15:33:00,15037,15039,15039,1,1
2022-06-24 15:33:02,15037,15039,15039,2,2
2022-06-24 15:33:05,15037,15039,15039,1,1
2022-06-24 15:33:06,15037,15039,15039,1,1
2022-06-24 15:33:07,15037,15039,15037,13,-13
2022-06-24 15:33:09,15035,15037,15037,1,1
2022-06-24 15:33:13,15035,15037,15037,1,1
2022-06-24 15:33:14,15035,15037,15037,4,4
2022-06-24 15:33:14,15035,15037,15035,1,-1
2022-06-24 15:33:16,15035,15036,15035,1,-1
2022-06-24 15:33:16,15035,15036,15035,7,-7
2022-06-24 15:33:16,15035,15036,15035,2,-2
2022-06-24 15:33:17,15034,15035,15034,1,-1
2022-06-24 15:33:17,15034,15035,15034,1,-1
2022-06-24 15:33:18,15034,15035,15035,1,1
2022-06-24 15:33:18,15034,15036,15034,1,-1
2022-06-24 15:33:19,15034,15035,15034,2,-2
2022-06-24 15:33:19,15033,15035,15035,3,3
2022-06-24 15:33:20,15034,15036,15033,2,-2
2022-06-24 15:33:20,15034,15036,15034,1,-1
2022-06-24 15:33:20,15033,15035,15033,1,-1
2022-06-24 15:33:21,15034,15036,15034,1,-1
2022-06-24 15:33:23,15034,15036,15034,1,-1
2022-06-24 15:33:27,15034,15035,15035,1,1
2022-06-24 15:33:28,15035,15036,15036,1,1
2022-06-24 15:33:28,15035,15036,15035,1,-1
2022-06-24 15:33:29,15034,15036,15036,1,1
2022-06-24 15:33:29,15035,15036,15036,1,1
2022-06-24 15:33:39,15034,15036,15036,5,5
2022-06-24 15:33:47,15035,15036,15036,2,2
2022-06-24 15:33:50,15036,15037,15036,2,-2
2022-06-24 15:33:52,15036,15037,15036,1,-1
2022-06-24 15:33:52,15036,15037,15036,1,-1
2022-06-24 15:33:54,15036,15037,15037,3,3
2022-06-24 15:33:54,15037,15038,15038,11,11
2022-06-24 15:33:54,15037,15038,15037,1,-1
2022-06-24 15:33:55,15037,15039,15039,1,1
2022-06-24 15:33:56,15037,15039,15039,1,1
2022-06-24 15:33:56,15037,15039,15039,1,1
2022-06-24 15:33:56,15037,15039,15039,3,3
2022-06-24 15:33:56,15037,15039,15040,2,2
2022-06-24 15:33:56,15037,15039,15040,5,5
2022-06-24 15:33:56,15037,15039,15040,2,2
2022-06-24 15:33:56,15037,15039,15040,1,1
2022-06-24 15:33:56,15037,15039,15040,3,3
2022-06-24 15:33:56,15037,15039,15040,3,3
2022-06-24 15:33:57,15040,15041,15041,3,3
2022-06-24 15:33:57,15040,15041,15041,2,2
2022-06-24 15:33:57,15040,15041,15041,1,1
2022-06-24 15:33:57,15040,15041,15041,1,1
2022-06-24 15:33:57,15040,15041,15041,14,14
2022-06-24 15:33:57,15041,15042,15042,4,4
2022-06-24 15:33:57,15041,15042,15042,1,1
2022-06-24 15:33:57,15041,15042,15042,1,1
2022-06-24 15:33:58,15041,15042,15042,5,5
2022-06-24 15:33:58,15041,15042,15042,4,4
2022-06-24 15:33:58,15041,15042,15043,1,1
2022-06-24 15:33:58,15041,15042,15043,1,1
2022-06-24 15:33:58,15041,15042,15043,1,1
2022-06-24 15:33:58,15041,15042,15044,2,2
2022-06-24 15:33:58,15041,15042,15045,1,1
2022-06-24 15:33:58,15041,15042,15044,1,1
2022-06-24 15:33:58,15043,15045,15045,2,2
2022-06-24 15:33:58,15043,15045,15045,1,1
2022-06-24 15:33:58,15043,15045,15045,2,2
2022-06-24 15:33:58,15043,15045,15045,1,1
2022-06-24 15:33:58,15044,15045,15044,2,-2
2022-06-24 15:33:58,15042,15044,15044,1,1
2022-06-24 15:34:01,15043,15044,15044,2,2
2022-06-24 15:34:01,15043,15044,15043,2,-2
2022-06-24 15:34:01,15043,15044,15043,1,-1
2022-06-24 15:34:01,15043,15044,15043,1,-1
2022-06-24 15:34:02,15041,15043,15043,20,20
2022-06-24 15:34:02,15043,15045,15045,1,1
2022-06-24 15:34:03,15043,15044,15044,1,1
2022-06-24 15:34:04,15042,15044,15044,3,3
2022-06-24 15:34:06,15043,15044,15044,1,1
2022-06-24 15:34:06,15043,15044,15044,1,1
2022-06-24 15:34:06,15043,15044,15044,1,1
2022-06-24 15:34:07,15044,15045,15044,1,-1
2022-06-24 15:34:11,15042,15044,15042,1,-1
2022-06-24 15:34:11,15042,15044,15042,1,-1
2022-06-24 15:34:11,15042,15044,15042,1,-1
2022-06-24 15:34:16,15041,15043,15043,1,1
2022-06-24 15:34:16,15041,15043,15044,1,1
2022-06-24 15:34:17,15042,15044,15042,3,-3
2022-06-24 15:34:26,15042,15043,15042,1,-1
2022-06-24 15:34:26,15042,15043,15042,1,-1
2022-06-24 15:34:29,15042,15043,15042,1,-1
2022-06-24 15:34:31,15041,15042,15041,2,-2
2022-06-24 15:34:31,15041,15042,15041,1,-1
2022-06-24 15:34:33,15040,15041,15040,1,-1
2022-06-24 15:34:36,15040,15041,15040,4,-4
2022-06-24 15:34:36,15039,15041,15039,1,-1
2022-06-24 15:34:40,15038,15040,15038,1,-1
2022-06-24 15:34:42,15039,15040,15039,2,-2
2022-06-24 15:34:43,15039,15041,15039,1,-1
2022-06-24 15:34:54,15039,15040,15040,1,1
2022-06-24 15:34:54,15039,15040,15040,1,1
2022-06-24 15:34:59,15040,15041,15040,1,-1
2022-06-24 15:35:00,15040,15041,15041,1,1
2022-06-24 15:35:00,15040,15041,15040,2,-2
2022-06-24 15:35:01,15040,15042,15040,3,-3
2022-06-24 15:35:01,15040,15042,15039,7,-7
2022-06-24 15:35:03,15039,15040,15040,3,3
2022-06-24 15:35:03,15039,15040,15040,2,2
2022-06-24 15:35:04,15039,15040,15039,1,-1
2022-06-24 15:35:07,15039,15041,15038,2,-2
2022-06-24 15:35:08,15038,15039,15038,1,-1
2022-06-24 15:35:08,15038,15039,15038,1,-1
2022-06-24 15:35:08,15037,15039,15039,1,1
2022-06-24 15:35:12,15036,15039,15039,1,1
2022-06-24 15:35:26,15036,15037,15037,1,1
2022-06-24 15:35:28,15036,15037,15036,3,-3
2022-06-24 15:35:28,15035,15037,15035,1,-1
2022-06-24 15:35:28,15035,15037,15035,1,-1
2022-06-24 15:35:29,15035,15037,15037,4,4
2022-06-24 15:35:32,15036,15038,15036,1,-1
2022-06-24 15:35:33,15035,15037,15035,1,-1
2022-06-24 15:35:35,15035,15038,15035,1,-1
2022-06-24 15:35:36,15036,15038,15036,1,-1
2022-06-24 15:35:39,15036,15038,15036,1,-1
2022-06-24 15:35:45,15035,15036,15035,6,-6
2022-06-24 15:35:45,15035,15036,15035,1,-1
2022-06-24 15:35:47,15034,15035,15034,1,-1
2022-06-24 15:35:47,15034,15035,15035,1,1
2022-06-24 15:35:47,15034,15035,15035,2,2
2022-06-24 15:35:51,15035,15036,15035,1,-1
2022-06-24 15:35:53,15034,15035,15035,1,1
2022-06-24 15:35:55,15034,15035,15035,1,1
2022-06-24 15:35:55,15034,15035,15034,1,-1
2022-06-24 15:35:55,15034,15035,15034,1,-1
2022-06-24 15:35:55,15034,15035,15034,1,-1
2022-06-24 15:35:55,15034,15035,15034,3,-3
2022-06-24 15:35:59,15034,15035,15034,1,-1
2022-06-24 15:36:00,15033,15034,15035,1,1
2022-06-24 15:36:00,15033,15035,15033,6,-6
2022-06-24 15:36:06,15033,15035,15033,1,-1
2022-06-24 15:36:09,15034,15035,15034,2,-2
2022-06-24 15:36:11,15033,15035,15035,1,1
2022-06-24 15:36:13,15034,15035,15035,9,9
2022-06-24 15:36:17,15035,15036,15035,1,-1
2022-06-24 15:36:22,15035,15036,15036,1,1
2022-06-24 15:36:23,15036,15037,15036,1,-1
2022-06-24 15:36:42,15037,15038,15037,2,-2
2022-06-24 15:36:42,15036,15037,15037,2,2
2022-06-24 15:36:50,15036,15037,15037,2,2
2022-06-24 15:36:55,15037,15038,15038,2,2
2022-06-24 15:37:02,15038,15039,15039,2,2
2022-06-24 15:37:03,15038,15039,15039,4,4
2022-06-24 15:37:04,15038,15040,15038,2,-2
2022-06-24 15:37:07,15038,15039,15039,1,1
2022-06-24 15:37:07,15038,15039,15038,1,-1
2022-06-24 15:37:10,15038,15039,15039,1,1
2022-06-24 15:37:12,15038,15039,15039,1,1
2022-06-24 15:37:15,15038,15040,15040,1,1
2022-06-24 15:37:21,15038,15039,15039,2,2
2022-06-24 15:37:22,15039,15040,15039,1,-1
2022-06-24 15:37:28,15038,15039,15039,2,2
2022-06-24 15:37:38,15038,15039,15039,1,1
2022-06-24 15:37:40,15038,15039,15039,1,1
2022-06-24 15:37:40,15038,15039,15039,2,2
2022-06-24 15:37:40,15038,15039,15039,7,7
2022-06-24 15:37:43,15039,15040,15040,6,6
2022-06-24 15:37:44,15041,15042,15041,2,-2
2022-06-24 15:37:44,15041,15042,15042,2,2
2022-06-24 15:37:44,15041,15042,15041,1,-1
2022-06-24 15:37:44,15042,15043,15043,3,3
2022-06-24 15:37:44,15042,15043,15043,3,3
2022-06-24 15:37:45,15043,15044,15044,1,1
2022-06-24 15:37:45,15043,15045,15045,1,1
2022-06-24 15:37:45,15043,15045,15043,1,-1
2022-06-24 15:37:47,15043,15045,15045,1,1
2022-06-24 15:37:47,15043,15044,15044,1,1
2022-06-24 15:37:50,15043,15045,15045,1,1
2022-06-24 15:37:50,15043,15045,15045,1,1
2022-06-24 15:37:50,15043,15045,15045,1,1
2022-06-24 15:37:51,15044,15045,15045,2,2
2022-06-24 15:37:51,15044,15045,15045,2,2
2022-06-24 15:37:51,15044,15046,15046,1,1
2022-06-24 15:37:52,15044,15046,15044,3,-3
2022-06-24 15:37:52,15044,15046,15046,3,3
2022-06-24 15:37:52,15044,15046,15046,2,2
2022-06-24 15:37:52,15044,15046,15046,2,2
2022-06-24 15:37:52,15044,15046,15046,1,1
2022-06-24 15:37:52,15044,15046,15046,1,1
2022-06-24 15:37:52,15044,15046,15046,1,1
2022-06-24 15:37:52,15044,15046,15046,2,2
2022-06-24 15:37:52,15044,15046,15046,1,1
2022-06-24 15:37:53,15045,15046,15046,1,1
2022-06-24 15:37:53,15045,15046,15046,3,3
2022-06-24 15:37:55,15045,15047,15047,1,1
2022-06-24 15:37:55,15045,15047,15047,1,1
2022-06-24 15:37:55,15045,15047,15047,4,4
2022-06-24 15:37:55,15046,15048,15048,2,2
2022-06-24 15:37:55,15046,15048,15046,2,-2
2022-06-24 15:37:55,15046,15048,15047,2,-2
2022-06-24 15:37:55,15046,15048,15047,1,-1
2022-06-24 15:37:55,15045,15047,15047,1,1
2022-06-24 15:37:55,15045,15047,15047,1,1
2022-06-24 15:37:55,15045,15047,15047,1,1
2022-06-24 15:37:55,15045,15047,15047,1,1
2022-06-24 15:37:57,15047,15048,15048,2,2
2022-06-24 15:37:57,15047,15048,15048,1,1
2022-06-24 15:37:58,15047,15048,15048,1,1
2022-06-24 15:37:58,15047,15048,15048,1,1
2022-06-24 15:37:59,15047,15048,15047,1,-1
2022-06-24 15:38:00,15047,15048,15047,2,-2
2022-06-24 15:38:00,15046,15047,15047,1,1
2022-06-24 15:38:00,15046,15047,15047,1,1
2022-06-24 15:38:01,15046,15047,15046,1,-1
2022-06-24 15:38:02,15046,15047,15046,1,-1
2022-06-24 15:38:03,15046,15047,15047,1,1
2022-06-24 15:38:04,15046,15048,15048,1,1
2022-06-24 15:38:04,15046,15048,15048,1,1
2022-06-24 15:38:05,15046,15048,15046,2,-2
2022-06-24 15:38:06,15046,15047,15047,1,1
2022-06-24 15:38:08,15046,15047,15046,1,-1
2022-06-24 15:38:09,15045,15046,15046,1,1
2022-06-24 15:38:10,15045,15047,15045,1,-1
2022-06-24 15:38:10,15045,15047,15047,1,1
2022-06-24 15:38:13,15045,15046,15046,1,1
2022-06-24 15:38:13,15045,15046,15046,1,1
2022-06-24 15:38:14,15045,15046,15046,1,1
2022-06-24 15:38:14,15045,15046,15046,1,1
2022-06-24 15:38:18,15045,15046,15046,2,2
2022-06-24 15:38:21,15045,15046,15045,2,-2
2022-06-24 15:38:21,15045,15046,15046,1,1
2022-06-24 15:38:23,15045,15046,15045,2,-2
2022-06-24 15:38:25,15044,15045,15045,1,1
2022-06-24 15:38:25,15044,15045,15045,1,1
2022-06-24 15:38:25,15044,15046,15046,2,2
2022-06-24 15:38:30,15044,15045,15044,1,-1
2022-06-24 15:38:30,15044,15045,15044,1,-1
2022-06-24 15:38:30,15043,15045,15043,1,-1
2022-06-24 15:38:34,15043,15045,15043,1,-1
2022-06-24 15:38:38,15043,15044,15044,1,1
2022-06-24 15:38:40,15043,15044,15043,1,-1
2022-06-24 15:38:41,15043,15044,15043,1,-1
2022-06-24 15:38:44,15043,15044,15043,1,-1
2022-06-24 15:38:44,15043,15044,15044,2,2
2022-06-24 15:38:49,15042,15044,15042,1,-1
2022-06-24 15:38:50,15043,15044,15044,1,1
2022-06-24 15:38:52,15042,15044,15044,3,3
2022-06-24 15:38:53,15042,15044,15044,2,2
2022-06-24 15:38:55,15044,15045,15045,1,1
2022-06-24 15:39:02,15044,15046,15044,1,-1
2022-06-24 15:39:05,15045,15046,15046,2,2
2022-06-24 15:39:05,15045,15046,15047,3,3
2022-06-24 15:39:07,15045,15047,15047,1,1
2022-06-24 15:39:07,15045,15047,15047,1,1
2022-06-24 15:39:09,15045,15047,15047,1,1
2022-06-24 15:39:09,15045,15047,15047,1,1
2022-06-24 15:39:09,15046,15048,15047,1,1
2022-06-24 15:39:10,15046,15047,15047,1,1
2022-06-24 15:39:14,15046,15047,15047,1,1
2022-06-24 15:39:17,15046,15048,15048,1,1
2022-06-24 15:39:17,15046,15048,15048,1,1
2022-06-24 15:39:17,15046,15048,15048,1,1
2022-06-24 15:39:17,15046,15048,15048,1,1
2022-06-24 15:39:17,15046,15048,15048,1,1
2022-06-24 15:39:19,15047,15048,15047,1,-1
2022-06-24 15:39:19,15046,15047,15047,1,1
2022-06-24 15:39:19,15046,15047,15047,1,1
2022-06-24 15:39:20,15047,15048,15047,1,-1
2022-06-24 15:39:21,15046,15047,15047,1,1
2022-06-24 15:39:21,15046,15047,15048,2,2
2022-06-24 15:39:21,15046,15047,15047,3,3
2022-06-24 15:39:21,15046,15048,15048,1,1
2022-06-24 15:39:21,15046,15048,15048,1,1
2022-06-24 15:39:23,15046,15048,15048,1,1
2022-06-24 15:39:24,15046,15048,15048,1,1
2022-06-24 15:39:24,15046,15048,15047,1,1
2022-06-24 15:39:24,15046,15047,15047,1,1
2022-06-24 15:39:27,15046,15047,15046,5,-5
2022-06-24 15:39:28,15045,15046,15046,1,1
2022-06-24 15:39:29,15046,15047,15047,2,2
2022-06-24 15:39:29,15046,15047,15046,1,-1
2022-06-24 15:39:33,15045,15047,15045,4,-4
2022-06-24 15:39:34,15045,15047,15047,6,6
2022-06-24 15:39:39,15046,15047,15046,1,-1
2022-06-24 15:39:40,15045,15046,15046,1,1
2022-06-24 15:39:42,15045,15046,15045,1,-1
2022-06-24 15:39:42,15045,15046,15045,6,-6
2022-06-24 15:39:43,15044,15045,15044,2,-2
2022-06-24 15:39:49,15043,15044,15044,1,1
2022-06-24 15:39:49,15043,15044,15044,2,2
2022-06-24 15:39:49,15044,15045,15045,1,1
2022-06-24 15:39:53,15044,15045,15044,1,-1
2022-06-24 15:39:53,15043,15045,15043,1,-1
2022-06-24 15:39:54,15043,15044,15044,1,1
2022-06-24 15:39:57,15043,15044,15044,2,2
2022-06-24 15:39:59,15043,15044,15043,1,-1
2022-06-24 15:40:02,15042,15044,15042,1,-1
2022-06-24 15:40:02,15043,15045,15045,5,5
2022-06-24 15:40:12,15043,15044,15043,2,-2
2022-06-24 15:40:13,15042,15043,15042,3,-3
2022-06-24 15:40:13,15042,15043,15042,1,-1
2022-06-24 15:40:13,15042,15043,15042,4,-4
2022-06-24 15:40:15,15041,15042,15041,1,-1
2022-06-24 15:40:17,15040,15042,15040,1,-1
2022-06-24 15:40:17,15040,15042,15040,1,-1
2022-06-24 15:40:17,15040,15042,15040,1,-1
2022-06-24 15:40:17,15040,15042,15040,1,-1
2022-06-24 15:40:18,15040,15041,15041,1,1
2022-06-24 15:40:18,15041,15042,15040,9,-9
2022-06-24 15:40:18,15041,15042,15041,1,-1
2022-06-24 15:40:20,15040,15041,15041,1,1
2022-06-24 15:40:21,15040,15042,15040,1,-1
2022-06-24 15:40:27,15040,15042,15040,2,-2
2022-06-24 15:40:28,15040,15042,15040,1,-1
2022-06-24 15:40:28,15040,15042,15040,2,-2
2022-06-24 15:40:30,15041,15042,15041,6,-6
2022-06-24 15:40:30,15041,15042,15040,14,-14
2022-06-24 15:40:36,15040,15042,15042,2,2
2022-06-24 15:40:36,15043,15045,15043,1,-1
2022-06-24 15:40:37,15043,15045,15042,4,-4
2022-06-24 15:40:37,15043,15045,15043,1,-1
2022-06-24 15:40:52,15042,15044,15044,1,1
2022-06-24 15:40:55,15043,15045,15045,1,1
2022-06-24 15:41:00,15045,15046,15045,3,-3
2022-06-24 15:41:05,15043,15046,15045,1,1
2022-06-24 15:41:07,15044,15045,15045,1,1
2022-06-24 15:41:09,15045,15046,15046,1,1
2022-06-24 15:41:10,15044,15046,15046,2,2
2022-06-24 15:41:11,15045,15046,15046,1,1
2022-06-24 15:41:12,15045,15046,15046,1,1
2022-06-24 15:41:13,15045,15046,15046,1,1
2022-06-24 15:41:13,15045,15046,15046,1,1
2022-06-24 15:41:24,15046,15047,15047,1,1
2022-06-24 15:41:28,15046,15047,15047,2,2
2022-06-24 15:41:29,15046,15048,15047,1,1
2022-06-24 15:41:32,15047,15048,15047,1,-1
2022-06-24 15:41:35,15047,15048,15047,1,-1
2022-06-24 15:41:37,15046,15047,15047,1,1
2022-06-24 15:41:38,15046,15047,15047,1,1
2022-06-24 15:41:41,15046,15047,15047,1,1
2022-06-24 15:41:42,15046,15047,15047,2,2
2022-06-24 15:41:42,15046,15047,15046,4,-4
2022-06-24 15:41:43,15045,15047,15046,1,-1
2022-06-24 15:41:51,15045,15046,15046,2,2
2022-06-24 15:41:56,15046,15048,15048,4,4
2022-06-24 15:41:56,15046,15048,15048,5,5
2022-06-24 15:41:56,15046,15048,15048,1,1
2022-06-24 15:41:56,15046,15048,15048,1,1
2022-06-24 15:41:56,15046,15048,15048,1,1
2022-06-24 15:41:56,15046,15048,15048,1,1
2022-06-24 15:41:56,15046,15048,15048,12,12
2022-06-24 15:41:56,15048,15049,15049,1,1
2022-06-24 15:41:56,15048,15049,15049,1,1
2022-06-24 15:41:56,15048,15049,15049,1,1
2022-06-24 15:41:56,15048,15049,15049,1,1
2022-06-24 15:41:56,15048,15049,15049,1,1
2022-06-24 15:41:58,15048,15050,15050,1,1
2022-06-24 15:41:58,15048,15050,15050,2,2
2022-06-24 15:41:58,15048,15050,15050,2,2
2022-06-24 15:41:58,15048,15050,15050,1,1
2022-06-24 15:41:59,15048,15050,15050,1,1
2022-06-24 15:41:59,15048,15050,15050,1,1
2022-06-24 15:41:59,15048,15050,15050,1,1
2022-06-24 15:42:00,15048,15050,15050,1,1
2022-06-24 15:42:01,15047,15049,15049,3,3
2022-06-24 15:42:02,15048,15050,15050,8,8
2022-06-24 15:42:04,15049,15050,15050,1,1
2022-06-24 15:42:08,15049,15050,15050,4,4
2022-06-24 15:42:09,15050,15051,15051,2,2
2022-06-24 15:42:09,15050,15051,15051,6,6
2022-06-24 15:42:11,15051,15052,15052,2,2
2022-06-24 15:42:11,15051,15052,15051,1,-1
2022-06-24 15:42:11,15051,15052,15052,2,2
2022-06-24 15:42:11,15051,15052,15052,1,1
2022-06-24 15:42:14,15051,15052,15052,1,1
2022-06-24 15:42:14,15050,15052,15052,3,3
2022-06-24 15:42:14,15050,15052,15052,1,1
2022-06-24 15:42:14,15051,15053,15052,1,1
2022-06-24 15:42:17,15050,15052,15050,5,-5
2022-06-24 15:42:19,15050,15051,15050,1,-1
2022-06-24 15:42:19,15050,15051,15050,1,-1
2022-06-24 15:42:19,15050,15051,15050,2,-2
2022-06-24 15:42:19,15050,15051,15050,1,-1
2022-06-24 15:42:19,15049,15050,15049,1,-1
2022-06-24 15:42:19,15048,15050,15050,1,1
2022-06-24 15:42:20,15048,15050,15050,1,1
2022-06-24 15:42:20,15048,15050,15050,5,5
