2021-06-29 08:45:00.037,17583,17585,17595,288,288
2021-06-29 08:45:00.061,17594,17595,17594,1,-1
2021-06-29 08:45:00.063,17594,17595,17594,3,-3
2021-06-29 08:45:00.097,17594,17595,17594,3,-3
2021-06-29 08:45:00.106,17594,17595,17595,4,4
2021-06-29 08:45:00.106,17594,17595,17596,4,4
2021-06-29 08:45:00.106,17594,17595,17597,3,3
2021-06-29 08:45:00.106,17594,17595,17598,4,4
2021-06-29 08:45:00.117,17594,17598,17594,2,-2
2021-06-29 08:45:00.120,17594,17598,17598,3,3
2021-06-29 08:45:00.120,17594,17598,17599,1,1
2021-06-29 08:45:00.127,17594,17598,17598,1,1
2021-06-29 08:45:00.127,17594,17598,17599,1,1
2021-06-29 08:45:00.130,17594,17598,17595,1,-1
2021-06-29 08:45:00.161,17594,17598,17594,1,-1
2021-06-29 08:45:00.162,17594,17598,17594,1,-1
2021-06-29 08:45:00.163,17594,17598,17594,1,-1
2021-06-29 08:45:00.163,17594,17598,17594,1,-1
2021-06-29 08:45:00.175,17594,17598,17594,1,-1
2021-06-29 08:45:00.178,17594,17598,17594,1,-1
2021-06-29 08:45:00.235,17594,17598,17598,1,1
2021-06-29 08:45:00.261,17594,17598,17594,1,-1
2021-06-29 08:45:00.262,17594,17598,17598,1,1
2021-06-29 08:45:00.272,17594,17598,17599,5,5
2021-06-29 08:45:00.279,17594,17598,17594,1,-1
2021-06-29 08:45:00.284,17594,17598,17596,1,1
2021-06-29 08:45:00.284,17594,17598,17593,3,-3
2021-06-29 08:45:00.293,17593,17599,17593,1,-1
2021-06-29 08:45:00.294,17593,17599,17594,1,1
2021-06-29 08:45:00.295,17593,17599,17593,4,-4
2021-06-29 08:45:00.361,17593,17599,17593,1,-1
2021-06-29 08:45:00.372,17593,17599,17593,1,-1
2021-06-29 08:45:00.382,17593,17599,17598,2,2
2021-06-29 08:45:00.403,17593,17599,17594,2,-2
2021-06-29 08:45:00.409,17593,17599,17594,1,-1
2021-06-29 08:45:00.414,17593,17597,17593,1,-1
2021-06-29 08:45:00.422,17593,17597,17597,1,1
2021-06-29 08:45:00.425,17593,17597,17594,1,-1
2021-06-29 08:45:00.427,17593,17597,17597,1,1
2021-06-29 08:45:00.429,17593,17597,17594,1,-1
2021-06-29 08:45:00.430,17593,17597,17598,2,2
2021-06-29 08:45:00.432,17593,17597,17595,1,-1
2021-06-29 08:45:00.433,17593,17597,17594,1,-1
2021-06-29 08:45:00.433,17593,17597,17593,1,-1
2021-06-29 08:45:00.437,17593,17597,17594,1,1
2021-06-29 08:45:00.437,17593,17597,17593,1,-1
2021-06-29 08:45:00.454,17593,17597,17593,2,-2
2021-06-29 08:45:00.454,17593,17597,17593,1,-1
2021-06-29 08:45:00.457,17593,17597,17598,1,1
2021-06-29 08:45:00.466,17593,17597,17594,1,-1
2021-06-29 08:45:00.466,17593,17597,17593,2,-2
2021-06-29 08:45:00.469,17593,17597,17598,1,1
2021-06-29 08:45:00.473,17593,17597,17594,1,-1
2021-06-29 08:45:00.473,17593,17597,17593,1,-1
2021-06-29 08:45:00.473,17593,17597,17593,1,-1
2021-06-29 08:45:00.476,17593,17597,17598,1,1
2021-06-29 08:45:00.478,17593,17597,17594,1,-1
2021-06-29 08:45:00.480,17593,17597,17593,1,-1
2021-06-29 08:45:00.509,17593,17597,17593,2,-2
2021-06-29 08:45:00.516,17593,17597,17593,1,-1
2021-06-29 08:45:00.531,17593,17597,17596,1,1
2021-06-29 08:45:00.532,17593,17597,17597,1,1
2021-06-29 08:45:00.536,17593,17596,17593,1,-1
2021-06-29 08:45:00.536,17593,17596,17592,1,-1
2021-06-29 08:45:00.537,17593,17596,17595,1,1
2021-06-29 08:45:00.537,17593,17596,17596,1,1
2021-06-29 08:45:00.537,17593,17596,17597,1,1
2021-06-29 08:45:00.537,17593,17596,17598,3,3
2021-06-29 08:45:00.537,17593,17596,17599,3,3
2021-06-29 08:45:00.537,17593,17596,17600,2,2
2021-06-29 08:45:00.548,17593,17596,17595,1,-1
2021-06-29 08:45:00.548,17593,17596,17594,1,-1
2021-06-29 08:45:00.548,17593,17596,17593,2,-2
2021-06-29 08:45:00.555,17593,17596,17595,1,1
2021-06-29 08:45:00.567,17593,17596,17593,1,-1
2021-06-29 08:45:00.567,17593,17596,17592,2,-2
2021-06-29 08:45:00.568,17593,17596,17594,1,1
2021-06-29 08:45:00.582,17593,17596,17593,1,-1
2021-06-29 08:45:00.591,17593,17596,17595,1,1
2021-06-29 08:45:00.600,17593,17596,17593,1,-1
2021-06-29 08:45:00.600,17593,17596,17592,1,-1
2021-06-29 08:45:00.608,17593,17596,17595,1,1
2021-06-29 08:45:00.609,17593,17596,17595,1,-1
2021-06-29 08:45:00.620,17593,17596,17595,3,-3
2021-06-29 08:45:00.620,17593,17596,17596,1,1
2021-06-29 08:45:00.629,17593,17596,17593,1,-1
2021-06-29 08:45:00.629,17593,17596,17592,1,-1
2021-06-29 08:45:00.646,17593,17596,17592,1,-1
2021-06-29 08:45:00.653,17593,17596,17592,2,-2
2021-06-29 08:45:00.662,17592,17595,17595,1,1
2021-06-29 08:45:00.710,17592,17595,17595,1,1
2021-06-29 08:45:00.718,17592,17595,17592,2,-2
2021-06-29 08:45:00.743,17592,17595,17592,1,-1
2021-06-29 08:45:00.751,17592,17595,17592,1,-1
2021-06-29 08:45:00.751,17592,17595,17591,1,-1
2021-06-29 08:45:00.779,17592,17595,17595,1,1
2021-06-29 08:45:00.786,17592,17595,17592,1,-1
2021-06-29 08:45:00.793,17591,17594,17592,1,-1
2021-06-29 08:45:00.797,17591,17594,17595,1,1
2021-06-29 08:45:00.811,17591,17594,17592,2,-2
2021-06-29 08:45:00.811,17591,17594,17591,2,-2
2021-06-29 08:45:00.816,17591,17594,17595,1,1
2021-06-29 08:45:00.823,17591,17594,17595,2,2
2021-06-29 08:45:00.823,17591,17594,17596,3,3
2021-06-29 08:45:00.823,17591,17594,17597,1,1
2021-06-29 08:45:00.847,17591,17594,17593,1,-1
2021-06-29 08:45:00.853,17591,17594,17592,3,-3
2021-06-29 08:45:00.858,17591,17594,17592,1,-1
2021-06-29 08:45:00.865,17591,17594,17591,1,-1
2021-06-29 08:45:00.879,17591,17594,17594,6,6
2021-06-29 08:45:00.884,17591,17594,17591,2,-2
2021-06-29 08:45:00.887,17591,17594,17591,4,-4
2021-06-29 08:45:00.887,17591,17594,17594,1,1
2021-06-29 08:45:00.888,17591,17594,17594,1,1
2021-06-29 08:45:00.893,17591,17594,17594,1,1
2021-06-29 08:45:00.893,17591,17594,17595,1,1
2021-06-29 08:45:00.896,17591,17594,17592,2,-2
2021-06-29 08:45:00.901,17591,17594,17594,1,1
2021-06-29 08:45:00.902,17591,17594,17591,1,-1
2021-06-29 08:45:00.907,17591,17594,17591,1,-1
2021-06-29 08:45:00.908,17591,17594,17591,1,-1
2021-06-29 08:45:00.909,17591,17594,17591,1,-1
2021-06-29 08:45:00.915,17591,17595,17591,1,-1
2021-06-29 08:45:00.933,17591,17595,17595,1,1
2021-06-29 08:45:00.942,17591,17595,17592,1,-1
2021-06-29 08:45:00.947,17591,17595,17591,1,-1
2021-06-29 08:45:00.953,17591,17595,17591,1,-1
2021-06-29 08:45:00.955,17591,17595,17591,2,-2
2021-06-29 08:45:00.962,17591,17595,17595,1,1
2021-06-29 08:45:00.967,17591,17595,17592,1,-1
2021-06-29 08:45:00.973,17591,17595,17595,1,1
2021-06-29 08:45:00.973,17591,17595,17596,1,1
2021-06-29 08:45:00.978,17591,17595,17592,1,-1
2021-06-29 08:45:00.982,17591,17595,17596,1,1
2021-06-29 08:45:00.984,17591,17595,17592,1,-1
2021-06-29 08:45:01.006,17591,17595,17596,1,1
2021-06-29 08:45:01.010,17591,17595,17596,1,1
2021-06-29 08:45:01.010,17591,17595,17592,2,-2
2021-06-29 08:45:01.013,17591,17595,17596,1,1
2021-06-29 08:45:01.018,17591,17595,17591,3,-3
2021-06-29 08:45:01.018,17591,17595,17591,1,-1
2021-06-29 08:45:01.021,17591,17595,17591,1,-1
2021-06-29 08:45:01.022,17591,17595,17595,1,1
2021-06-29 08:45:01.041,17593,17595,17596,1,1
2021-06-29 08:45:01.054,17593,17595,17593,1,-1
2021-06-29 08:45:01.056,17593,17595,17592,1,-1
2021-06-29 08:45:01.058,17593,17595,17592,1,-1
2021-06-29 08:45:01.066,17593,17595,17591,1,-1
2021-06-29 08:45:01.072,17593,17595,17591,1,-1
2021-06-29 08:45:01.083,17593,17595,17591,2,-2
2021-06-29 08:45:01.097,17593,17595,17596,1,1
2021-06-29 08:45:01.098,17593,17595,17596,2,2
2021-06-29 08:45:01.110,17593,17595,17595,1,1
2021-06-29 08:45:01.112,17593,17595,17596,1,1
2021-06-29 08:45:01.112,17593,17595,17594,1,-1
2021-06-29 08:45:01.119,17593,17595,17593,1,-1
2021-06-29 08:45:01.128,17593,17595,17595,1,1
2021-06-29 08:45:01.130,17593,17595,17595,1,1
2021-06-29 08:45:01.134,17593,17595,17596,1,1
2021-06-29 08:45:01.136,17593,17595,17597,1,1
2021-06-29 08:45:01.163,17593,17595,17597,4,4
2021-06-29 08:45:01.167,17593,17595,17597,1,1
2021-06-29 08:45:01.168,17593,17595,17592,1,-1
2021-06-29 08:45:01.214,17593,17595,17592,2,-2
2021-06-29 08:45:01.217,17593,17595,17597,1,1
2021-06-29 08:45:01.242,17593,17595,17598,1,1
2021-06-29 08:45:01.260,17593,17595,17598,2,2
2021-06-29 08:45:01.263,17593,17595,17591,1,-1
2021-06-29 08:45:01.277,17593,17595,17591,1,-1
2021-06-29 08:45:01.277,17593,17595,17598,1,1
2021-06-29 08:45:01.290,17591,17598,17593,1,-1
2021-06-29 08:45:01.294,17591,17598,17598,4,4
2021-06-29 08:45:01.322,17591,17598,17591,3,-3
2021-06-29 08:45:01.329,17591,17598,17592,2,2
2021-06-29 08:45:01.367,17591,17598,17591,2,-2
2021-06-29 08:45:01.367,17591,17598,17591,1,-1
2021-06-29 08:45:01.375,17591,17598,17591,1,-1
2021-06-29 08:45:01.431,17591,17597,17596,1,1
2021-06-29 08:45:01.431,17591,17597,17597,1,1
2021-06-29 08:45:01.433,17591,17597,17593,2,-2
2021-06-29 08:45:01.450,17591,17597,17594,1,1
2021-06-29 08:45:01.471,17591,17597,17593,1,-1
2021-06-29 08:45:01.487,17591,17597,17593,1,-1
2021-06-29 08:45:01.489,17591,17597,17593,1,-1
2021-06-29 08:45:01.536,17591,17597,17593,2,-2
2021-06-29 08:45:01.537,17593,17595,17595,1,1
2021-06-29 08:45:01.543,17593,17595,17593,3,-3
2021-06-29 08:45:01.561,17593,17595,17592,1,-1
2021-06-29 08:45:01.574,17593,17595,17595,1,1
2021-06-29 08:45:01.665,17594,17597,17597,1,1
2021-06-29 08:45:01.682,17594,17597,17594,1,-1
2021-06-29 08:45:01.747,17594,17597,17595,1,1
2021-06-29 08:45:01.747,17594,17597,17594,1,-1
2021-06-29 08:45:01.773,17594,17597,17594,3,-3
2021-06-29 08:45:01.816,17594,17597,17594,1,-1
2021-06-29 08:45:01.818,17594,17597,17594,1,-1
2021-06-29 08:45:01.823,17594,17597,17594,3,-3
2021-06-29 08:45:01.869,17594,17597,17595,1,1
2021-06-29 08:45:01.869,17594,17597,17595,19,-19
2021-06-29 08:45:01.900,17594,17597,17593,6,-6
2021-06-29 08:45:02.029,17592,17595,17593,1,-1
2021-06-29 08:45:02.049,17593,17595,17595,1,1
2021-06-29 08:45:02.105,17593,17595,17595,1,1
2021-06-29 08:45:02.105,17593,17595,17595,1,1
2021-06-29 08:45:02.111,17593,17595,17596,1,1
2021-06-29 08:45:02.111,17593,17595,17597,1,1
2021-06-29 08:45:02.133,17593,17595,17593,2,-2
2021-06-29 08:45:02.192,17592,17595,17596,1,1
2021-06-29 08:45:02.201,17592,17595,17595,1,1
2021-06-29 08:45:02.262,17592,17595,17595,1,1
2021-06-29 08:45:02.269,17592,17595,17595,4,4
2021-06-29 08:45:02.282,17592,17595,17594,1,-1
2021-06-29 08:45:02.290,17593,17596,17593,1,-1
2021-06-29 08:45:02.328,17593,17596,17595,1,1
2021-06-29 08:45:02.386,17593,17596,17596,1,1
2021-06-29 08:45:02.386,17593,17596,17597,3,3
2021-06-29 08:45:02.409,17593,17596,17597,1,1
2021-06-29 08:45:02.412,17594,17597,17597,1,1
2021-06-29 08:45:02.453,17594,17597,17594,1,-1
2021-06-29 08:45:02.453,17594,17597,17593,1,-1
2021-06-29 08:45:02.467,17594,17597,17595,1,1
2021-06-29 08:45:02.486,17594,17597,17596,1,1
2021-06-29 08:45:02.527,17594,17597,17593,1,-1
2021-06-29 08:45:02.534,17594,17597,17594,1,1
2021-06-29 08:45:02.655,17592,17596,17595,1,1
2021-06-29 08:45:02.656,17592,17596,17592,1,-1
2021-06-29 08:45:02.714,17593,17596,17595,2,2
2021-06-29 08:45:02.717,17593,17596,17595,1,-1
2021-06-29 08:45:02.751,17593,17596,17594,1,-1
2021-06-29 08:45:02.751,17593,17596,17593,1,-1
2021-06-29 08:45:02.797,17593,17595,17593,1,-1
2021-06-29 08:45:02.801,17593,17595,17593,1,-1
2021-06-29 08:45:02.801,17593,17595,17592,1,-1
2021-06-29 08:45:02.803,17593,17595,17593,1,1
2021-06-29 08:45:02.889,17593,17595,17594,1,1
2021-06-29 08:45:02.894,17593,17595,17593,1,-1
2021-06-29 08:45:02.937,17592,17595,17592,1,-1
2021-06-29 08:45:02.964,17592,17595,17592,1,-1
2021-06-29 08:45:02.968,17592,17595,17592,1,-1
2021-06-29 08:45:03.020,17592,17595,17594,1,1
2021-06-29 08:45:03.123,17592,17595,17592,1,-1
2021-06-29 08:45:03.125,17592,17595,17592,1,-1
2021-06-29 08:45:03.222,17593,17595,17593,1,1
2021-06-29 08:45:03.229,17593,17595,17592,1,-1
2021-06-29 08:45:03.240,17593,17595,17595,1,1
2021-06-29 08:45:03.264,17593,17595,17595,2,2
2021-06-29 08:45:03.286,17593,17595,17593,1,-1
2021-06-29 08:45:03.306,17593,17595,17592,1,-1
2021-06-29 08:45:03.319,17593,17595,17592,1,-1
2021-06-29 08:45:03.359,17593,17595,17592,1,-1
2021-06-29 08:45:03.370,17593,17595,17592,1,-1
2021-06-29 08:45:03.383,17593,17595,17592,1,-1
2021-06-29 08:45:03.488,17592,17595,17592,1,-1
2021-06-29 08:45:03.490,17592,17595,17595,1,1
2021-06-29 08:45:03.490,17592,17595,17596,4,4
2021-06-29 08:45:03.501,17592,17595,17593,1,-1
2021-06-29 08:45:03.501,17592,17595,17592,1,-1
2021-06-29 08:45:03.508,17592,17595,17592,1,-1
2021-06-29 08:45:03.513,17592,17595,17595,1,1
2021-06-29 08:45:03.543,17592,17596,17592,1,-1
2021-06-29 08:45:03.599,17592,17596,17592,1,-1
2021-06-29 08:45:03.654,17592,17596,17593,1,1
2021-06-29 08:45:03.722,17592,17595,17592,1,-1
2021-06-29 08:45:03.821,17592,17595,17595,1,1
2021-06-29 08:45:03.913,17592,17595,17593,1,-1
2021-06-29 08:45:03.942,17592,17595,17595,1,1
2021-06-29 08:45:04.026,17592,17595,17594,1,-1
2021-06-29 08:45:04.067,17592,17594,17594,2,2
2021-06-29 08:45:04.191,17593,17595,17595,1,1
2021-06-29 08:45:04.216,17593,17595,17596,1,1
2021-06-29 08:45:04.226,17593,17595,17596,2,2
2021-06-29 08:45:04.267,17593,17595,17593,2,-2
2021-06-29 08:45:04.267,17593,17595,17592,11,-11
2021-06-29 08:45:04.272,17593,17595,17595,1,1
2021-06-29 08:45:04.352,17592,17595,17595,2,2
2021-06-29 08:45:04.396,17592,17595,17595,1,1
2021-06-29 08:45:04.403,17592,17595,17595,1,1
2021-06-29 08:45:04.405,17592,17595,17593,1,-1
2021-06-29 08:45:04.413,17592,17595,17595,1,1
2021-06-29 08:45:04.427,17592,17595,17595,1,1
2021-06-29 08:45:04.446,17592,17595,17595,1,1
2021-06-29 08:45:04.516,17592,17595,17593,1,-1
2021-06-29 08:45:04.516,17592,17595,17592,1,-1
2021-06-29 08:45:04.633,17592,17595,17594,1,1
2021-06-29 08:45:04.648,17592,17595,17592,2,-2
2021-06-29 08:45:04.673,17591,17594,17594,2,2
2021-06-29 08:45:04.689,17591,17594,17595,1,1
2021-06-29 08:45:04.749,17591,17594,17594,1,1
2021-06-29 08:45:04.927,17592,17594,17592,1,-1
2021-06-29 08:45:04.928,17592,17594,17591,1,-1
2021-06-29 08:45:05.012,17592,17594,17591,1,-1
2021-06-29 08:45:05.296,17591,17593,17591,1,-1
2021-06-29 08:45:05.389,17591,17593,17593,1,1
2021-06-29 08:45:05.493,17591,17593,17591,1,-1
2021-06-29 08:45:05.516,17591,17593,17591,2,-2
2021-06-29 08:45:05.660,17591,17593,17593,4,4
2021-06-29 08:45:05.663,17591,17593,17593,1,1
2021-06-29 08:45:05.663,17591,17593,17594,2,2
2021-06-29 08:45:05.689,17591,17593,17594,3,3
2021-06-29 08:45:05.689,17591,17593,17595,2,2
2021-06-29 08:45:05.761,17591,17593,17594,1,1
2021-06-29 08:45:05.773,17591,17593,17592,1,-1
2021-06-29 08:45:05.773,17591,17593,17591,8,-8
2021-06-29 08:45:05.811,17591,17594,17591,1,-1
2021-06-29 08:45:05.999,17592,17594,17593,1,1
2021-06-29 08:45:06.048,17592,17594,17592,4,-4
2021-06-29 08:45:06.048,17592,17594,17591,46,-46
2021-06-29 08:45:06.198,17591,17593,17593,1,1
2021-06-29 08:45:06.293,17592,17594,17592,1,-1
2021-06-29 08:45:06.459,17592,17594,17594,1,1
2021-06-29 08:45:06.529,17592,17594,17592,2,-2
2021-06-29 08:45:06.552,17592,17594,17594,1,1
2021-06-29 08:45:06.552,17592,17594,17594,1,1
2021-06-29 08:45:06.556,17592,17594,17595,1,1
2021-06-29 08:45:06.557,17592,17594,17595,2,2
2021-06-29 08:45:06.559,17592,17594,17595,1,1
2021-06-29 08:45:06.560,17592,17594,17595,1,1
2021-06-29 08:45:06.657,17592,17594,17592,1,-1
2021-06-29 08:45:06.660,17592,17594,17592,2,-2
2021-06-29 08:45:06.671,17592,17594,17594,1,1
2021-06-29 08:45:06.761,17592,17594,17592,1,-1
2021-06-29 08:45:06.779,17592,17594,17592,1,-1
2021-06-29 08:45:06.794,17591,17594,17591,1,-1
2021-06-29 08:45:06.883,17591,17594,17594,1,1
2021-06-29 08:45:06.949,17591,17594,17593,1,-1
2021-06-29 08:45:06.949,17591,17594,17594,1,1
2021-06-29 08:45:07.025,17591,17594,17594,4,4
2021-06-29 08:45:07.025,17591,17594,17595,9,9
2021-06-29 08:45:07.035,17591,17594,17593,1,-1
2021-06-29 08:45:07.068,17593,17595,17595,1,1
2021-06-29 08:45:07.077,17593,17595,17593,1,-1
2021-06-29 08:45:07.346,17592,17595,17592,2,-2
2021-06-29 08:45:07.658,17592,17595,17592,1,-1
2021-06-29 08:45:07.677,17591,17594,17591,1,-1
2021-06-29 08:45:07.689,17591,17594,17591,1,-1
2021-06-29 08:45:07.912,17591,17594,17594,1,1
2021-06-29 08:45:07.920,17591,17594,17593,1,-1
2021-06-29 08:45:08.200,17593,17594,17593,1,-1
2021-06-29 08:45:08.377,17592,17594,17592,1,-1
2021-06-29 08:45:08.820,17592,17594,17594,5,5
2021-06-29 08:45:08.842,17592,17594,17594,2,2
2021-06-29 08:45:08.854,17592,17594,17593,1,-1
2021-06-29 08:45:08.991,17592,17594,17594,1,1
2021-06-29 08:45:09.164,17592,17594,17593,1,-1
2021-06-29 08:45:09.346,17592,17594,17592,1,-1
2021-06-29 08:45:09.590,17592,17594,17594,2,2
2021-06-29 08:45:09.703,17592,17594,17594,2,2
2021-06-29 08:45:09.796,17592,17594,17593,1,-1
2021-06-29 08:45:09.823,17592,17594,17594,1,1
2021-06-29 08:45:09.854,17592,17594,17594,6,6
2021-06-29 08:45:10.101,17593,17595,17595,1,1
2021-06-29 08:45:10.149,17593,17595,17593,4,-4
2021-06-29 08:45:10.238,17592,17594,17593,1,-1
2021-06-29 08:45:10.238,17592,17594,17593,1,-1
2021-06-29 08:45:10.524,17593,17595,17593,1,-1
2021-06-29 08:45:10.632,17592,17595,17594,1,1
2021-06-29 08:45:10.760,17593,17595,17595,1,1
2021-06-29 08:45:10.777,17593,17595,17593,1,-1
2021-06-29 08:45:10.777,17593,17595,17592,1,-1
2021-06-29 08:45:10.843,17592,17595,17595,1,1
2021-06-29 08:45:10.893,17592,17595,17593,1,-1
2021-06-29 08:45:11.145,17593,17595,17593,1,-1
2021-06-29 08:45:11.290,17594,17595,17594,1,1
2021-06-29 08:45:11.328,17594,17595,17594,1,-1
2021-06-29 08:45:11.387,17594,17595,17592,1,-1
2021-06-29 08:45:11.733,17593,17595,17594,1,1
2021-06-29 08:45:11.809,17593,17595,17595,12,12
2021-06-29 08:45:11.810,17593,17595,17596,1,1
2021-06-29 08:45:11.908,17593,17595,17593,2,-2
2021-06-29 08:45:11.930,17593,17597,17593,1,-1
2021-06-29 08:45:12.175,17594,17597,17596,1,1
2021-06-29 08:45:12.248,17594,17597,17594,1,-1
2021-06-29 08:45:12.747,17594,17596,17594,2,-2
2021-06-29 08:45:13.092,17594,17596,17596,1,1
2021-06-29 08:45:13.287,17595,17596,17595,1,-1
2021-06-29 08:45:13.408,17595,17596,17596,4,4
2021-06-29 08:45:13.656,17594,17596,17595,7,-7
2021-06-29 08:45:13.729,17594,17595,17595,50,50
2021-06-29 08:45:13.730,17594,17595,17596,2,2
2021-06-29 08:45:13.853,17594,17597,17594,1,-1
2021-06-29 08:45:14.023,17594,17597,17594,2,-2
2021-06-29 08:45:14.127,17594,17597,17596,1,1
2021-06-29 08:45:14.193,17594,17597,17597,4,4
2021-06-29 08:45:14.434,17595,17598,17596,1,-1
2021-06-29 08:45:14.834,17595,17596,17596,1,1
2021-06-29 08:45:14.855,17595,17596,17596,1,1
2021-06-29 08:45:14.911,17596,17598,17596,1,-1
2021-06-29 08:45:14.912,17596,17598,17596,28,-28
2021-06-29 08:45:14.912,17596,17598,17596,5,-5
2021-06-29 08:45:15.314,17595,17596,17596,6,6
2021-06-29 08:45:15.316,17595,17596,17596,10,10
2021-06-29 08:45:15.400,17595,17596,17597,1,1
2021-06-29 08:45:15.724,17595,17596,17595,2,-2
2021-06-29 08:45:15.818,17595,17596,17595,1,-1
2021-06-29 08:45:16.039,17595,17596,17596,1,1
2021-06-29 08:45:16.292,17596,17598,17596,1,-1
2021-06-29 08:45:16.375,17596,17598,17598,1,1
2021-06-29 08:45:16.485,17595,17598,17596,1,-1
2021-06-29 08:45:16.594,17595,17598,17595,1,-1
2021-06-29 08:45:17.090,17596,17598,17596,1,1
2021-06-29 08:45:17.368,17595,17598,17598,1,1
2021-06-29 08:45:17.369,17595,17598,17598,1,1
2021-06-29 08:45:17.438,17596,17598,17596,1,-1
2021-06-29 08:45:17.440,17596,17598,17598,1,1
2021-06-29 08:45:17.449,17596,17598,17598,1,1
2021-06-29 08:45:17.542,17596,17598,17598,1,1
2021-06-29 08:45:17.574,17596,17598,17598,1,1
2021-06-29 08:45:17.676,17596,17598,17598,1,1
2021-06-29 08:45:17.746,17596,17598,17598,1,1
2021-06-29 08:45:17.832,17596,17598,17598,2,2
2021-06-29 08:45:17.832,17596,17598,17599,6,6
2021-06-29 08:45:17.894,17596,17598,17598,1,1
2021-06-29 08:45:17.987,17597,17599,17599,4,4
2021-06-29 08:45:18.137,17597,17599,17599,1,1
2021-06-29 08:45:18.304,17597,17599,17599,1,1
2021-06-29 08:45:18.460,17597,17599,17597,1,-1
2021-06-29 08:45:18.597,17597,17599,17597,2,-2
2021-06-29 08:45:18.611,17597,17599,17599,1,1
2021-06-29 08:45:18.611,17597,17599,17600,7,7
2021-06-29 08:45:18.673,17597,17600,17600,1,1
2021-06-29 08:45:18.735,17597,17600,17597,1,-1
2021-06-29 08:45:18.781,17597,17600,17600,1,1
2021-06-29 08:45:18.888,17597,17600,17600,1,1
2021-06-29 08:45:18.904,17597,17600,17600,4,4
2021-06-29 08:45:18.939,17597,17600,17600,4,4
2021-06-29 08:45:19.047,17597,17600,17597,1,-1
2021-06-29 08:45:19.259,17597,17600,17600,1,1
2021-06-29 08:45:19.739,17598,17599,17598,1,-1
2021-06-29 08:45:19.760,17598,17599,17599,5,5
2021-06-29 08:45:19.760,17598,17599,17600,2,2
2021-06-29 08:45:19.786,17598,17600,17598,1,-1
2021-06-29 08:45:19.853,17598,17600,17598,3,-3
2021-06-29 08:45:20.055,17597,17600,17599,1,1
2021-06-29 08:45:20.090,17597,17600,17599,1,-1
2021-06-29 08:45:20.260,17597,17600,17600,1,1
2021-06-29 08:45:20.369,17598,17600,17600,1,1
2021-06-29 08:45:20.369,17598,17600,17600,1,1
2021-06-29 08:45:20.427,17598,17600,17600,1,1
2021-06-29 08:45:20.449,17598,17600,17600,1,1
2021-06-29 08:45:20.479,17598,17600,17600,1,1
2021-06-29 08:45:20.491,17598,17600,17600,1,1
2021-06-29 08:45:20.493,17598,17600,17600,6,6
2021-06-29 08:45:20.538,17598,17600,17600,1,1
2021-06-29 08:45:20.539,17598,17600,17600,1,1
2021-06-29 08:45:20.641,17598,17600,17598,1,-1
2021-06-29 08:45:21.133,17597,17599,17599,1,1
2021-06-29 08:45:21.245,17597,17599,17597,1,-1
2021-06-29 08:45:21.683,17598,17600,17600,1,1
2021-06-29 08:45:21.961,17598,17600,17600,3,3
2021-06-29 08:45:22.056,17600,17601,17600,1,-1
2021-06-29 08:45:22.174,17600,17601,17600,1,-1
2021-06-29 08:45:22.913,17600,17601,17601,1,1
2021-06-29 08:45:23.057,17600,17601,17601,1,1
2021-06-29 08:45:23.166,17600,17601,17601,1,1
2021-06-29 08:45:23.397,17600,17602,17600,1,-1
2021-06-29 08:45:23.495,17600,17602,17600,2,-2
2021-06-29 08:45:23.509,17600,17602,17600,1,-1
2021-06-29 08:45:23.640,17600,17602,17602,1,1
2021-06-29 08:45:23.738,17600,17602,17601,1,-1
2021-06-29 08:45:23.944,17600,17602,17600,5,-5
2021-06-29 08:45:24.166,17601,17602,17602,1,1
2021-06-29 08:45:25.385,17601,17602,17601,3,-3
2021-06-29 08:45:25.540,17601,17602,17602,1,1
2021-06-29 08:45:25.559,17601,17602,17601,2,-2
2021-06-29 08:45:25.648,17601,17602,17602,1,1
2021-06-29 08:45:25.673,17601,17602,17602,1,1
2021-06-29 08:45:26.151,17601,17602,17601,2,-2
2021-06-29 08:45:26.423,17601,17602,17601,1,-1
2021-06-29 08:45:26.799,17601,17602,17601,1,-1
2021-06-29 08:45:26.865,17601,17602,17602,1,1
2021-06-29 08:45:26.880,17601,17602,17601,1,-1
2021-06-29 08:45:26.911,17601,17602,17601,2,-2
2021-06-29 08:45:27.065,17601,17602,17601,1,-1
2021-06-29 08:45:27.111,17601,17602,17602,1,1
2021-06-29 08:45:27.254,17601,17602,17601,1,-1
2021-06-29 08:45:27.271,17601,17602,17602,1,1
2021-06-29 08:45:27.536,17602,17603,17602,1,-1
2021-06-29 08:45:28.149,17602,17603,17602,3,-3
2021-06-29 08:45:28.149,17602,17603,17601,3,-3
2021-06-29 08:45:28.499,17602,17603,17602,1,1
2021-06-29 08:45:28.514,17602,17603,17601,1,-1
2021-06-29 08:45:28.549,17601,17603,17603,1,1
2021-06-29 08:45:28.581,17601,17603,17601,1,-1
2021-06-29 08:45:28.817,17602,17603,17602,1,1
2021-06-29 08:45:28.817,17602,17603,17601,1,-1
2021-06-29 08:45:28.856,17602,17603,17601,1,-1
2021-06-29 08:45:29.111,17600,17602,17602,1,1
2021-06-29 08:45:29.295,17601,17602,17601,1,-1
2021-06-29 08:45:29.338,17601,17602,17602,1,1
2021-06-29 08:45:29.431,17600,17602,17602,1,1
2021-06-29 08:45:29.592,17602,17603,17602,1,-1
2021-06-29 08:45:29.592,17602,17603,17601,1,-1
2021-06-29 08:45:30.025,17602,17603,17602,1,1
2021-06-29 08:45:30.178,17602,17603,17603,7,7
2021-06-29 08:45:30.178,17602,17603,17604,3,3
2021-06-29 08:45:30.262,17602,17603,17604,1,1
2021-06-29 08:45:30.263,17602,17603,17603,2,2
2021-06-29 08:45:30.263,17602,17603,17603,2,2
2021-06-29 08:45:30.263,17602,17603,17603,1,1
2021-06-29 08:45:30.263,17602,17603,17603,2,2
2021-06-29 08:45:30.711,17602,17604,17602,2,-2
2021-06-29 08:45:30.727,17602,17604,17604,1,1
2021-06-29 08:45:30.993,17603,17604,17604,1,1
2021-06-29 08:45:31.536,17603,17604,17604,1,1
2021-06-29 08:45:31.581,17603,17604,17604,1,1
2021-06-29 08:45:31.581,17603,17604,17605,3,3
2021-06-29 08:45:31.699,17604,17605,17605,3,3
2021-06-29 08:45:31.737,17604,17605,17604,1,-1
2021-06-29 08:45:31.794,17604,17605,17605,1,1
2021-06-29 08:45:31.855,17604,17605,17605,1,1
2021-06-29 08:45:31.988,17604,17606,17604,1,-1
2021-06-29 08:45:32.093,17603,17605,17604,1,-1
2021-06-29 08:45:32.394,17604,17605,17604,1,-1
2021-06-29 08:45:32.405,17604,17605,17605,1,1
2021-06-29 08:45:32.405,17604,17605,17606,3,3
2021-06-29 08:45:32.496,17604,17606,17604,1,-1
2021-06-29 08:45:32.508,17604,17606,17604,1,-1
2021-06-29 08:45:32.661,17604,17605,17604,1,-1
2021-06-29 08:45:33.003,17604,17605,17604,1,-1
2021-06-29 08:45:33.729,17603,17604,17604,1,1
2021-06-29 08:45:33.730,17603,17604,17604,1,1
2021-06-29 08:45:34.339,17603,17606,17603,1,-1
2021-06-29 08:45:34.366,17603,17606,17603,1,-1
2021-06-29 08:45:34.404,17603,17606,17604,1,1
2021-06-29 08:45:34.428,17603,17604,17604,1,1
2021-06-29 08:45:34.438,17603,17604,17603,1,-1
2021-06-29 08:45:34.535,17603,17604,17603,2,-2
2021-06-29 08:45:34.715,17603,17604,17604,1,1
2021-06-29 08:45:35.430,17604,17606,17604,1,-1
2021-06-29 08:45:35.431,17604,17606,17604,1,-1
2021-06-29 08:45:35.500,17604,17606,17606,1,1
2021-06-29 08:45:35.518,17604,17606,17604,1,-1
2021-06-29 08:45:35.549,17604,17606,17604,1,-1
2021-06-29 08:45:35.550,17604,17606,17603,1,-1
2021-06-29 08:45:35.550,17604,17606,17603,6,-6
2021-06-29 08:45:35.602,17604,17606,17603,1,-1
2021-06-29 08:45:35.634,17604,17606,17604,1,1
2021-06-29 08:45:35.662,17604,17605,17604,1,-1
2021-06-29 08:45:36.992,17604,17606,17606,1,1
2021-06-29 08:45:37.124,17604,17606,17605,5,-5
2021-06-29 08:45:37.335,17604,17605,17605,2,2
2021-06-29 08:45:37.983,17604,17605,17605,3,3
2021-06-29 08:45:38.179,17604,17605,17605,1,1
2021-06-29 08:45:38.263,17604,17605,17605,2,2
2021-06-29 08:45:38.331,17604,17605,17605,1,1
2021-06-29 08:45:38.623,17604,17605,17605,1,1
2021-06-29 08:45:38.659,17604,17605,17604,5,-5
2021-06-29 08:45:38.744,17604,17605,17604,21,-21
2021-06-29 08:45:38.957,17604,17605,17605,1,1
2021-06-29 08:45:39.014,17604,17605,17605,1,1
2021-06-29 08:45:39.123,17604,17605,17604,3,-3
2021-06-29 08:45:39.123,17604,17605,17603,2,-2
2021-06-29 08:45:39.128,17604,17605,17605,1,1
2021-06-29 08:45:39.192,17603,17605,17604,1,-1
2021-06-29 08:45:39.633,17603,17605,17605,1,1
2021-06-29 08:45:39.690,17604,17605,17605,2,2
2021-06-29 08:45:39.767,17604,17605,17606,1,1
2021-06-29 08:45:39.852,17604,17606,17604,1,-1
2021-06-29 08:45:40.156,17604,17605,17605,1,1
2021-06-29 08:45:40.747,17604,17605,17605,3,3
2021-06-29 08:45:40.747,17604,17605,17605,2,2
2021-06-29 08:45:40.855,17604,17606,17606,1,1
2021-06-29 08:45:41.446,17605,17606,17606,1,1
2021-06-29 08:45:41.447,17605,17606,17606,1,1
2021-06-29 08:45:41.621,17605,17606,17606,3,3
2021-06-29 08:45:41.624,17605,17606,17606,6,6
2021-06-29 08:45:41.625,17605,17606,17606,4,4
2021-06-29 08:45:41.843,17605,17607,17607,2,2
2021-06-29 08:45:42.056,17606,17607,17606,2,-2
2021-06-29 08:45:42.179,17606,17607,17607,1,1
2021-06-29 08:45:42.279,17606,17607,17608,2,2
2021-06-29 08:45:42.362,17606,17608,17608,1,1
2021-06-29 08:45:43.054,17607,17608,17607,1,-1
2021-06-29 08:45:43.069,17607,17608,17607,1,-1
2021-06-29 08:45:43.436,17607,17608,17608,3,3
2021-06-29 08:45:43.526,17607,17608,17607,2,-2
2021-06-29 08:45:43.857,17607,17608,17607,1,-1
2021-06-29 08:45:43.901,17607,17608,17607,1,-1
2021-06-29 08:45:44.123,17607,17608,17608,1,1
2021-06-29 08:45:44.852,17607,17608,17607,1,-1
2021-06-29 08:45:44.989,17607,17608,17608,5,5
2021-06-29 08:45:45.236,17608,17609,17609,1,1
2021-06-29 08:45:45.393,17608,17609,17608,1,-1
2021-06-29 08:45:45.393,17608,17609,17607,3,-3
2021-06-29 08:45:45.423,17607,17609,17607,1,-1
2021-06-29 08:45:45.522,17607,17609,17608,1,1
2021-06-29 08:45:45.840,17608,17609,17608,1,-1
2021-06-29 08:45:45.966,17608,17609,17608,1,-1
2021-06-29 08:45:45.973,17608,17609,17608,3,-3
2021-06-29 08:45:45.974,17608,17609,17608,1,-1
2021-06-29 08:45:46.002,17608,17609,17607,1,-1
2021-06-29 08:45:46.075,17607,17608,17608,1,1
2021-06-29 08:45:47.208,17607,17608,17608,1,1
2021-06-29 08:45:47.377,17607,17608,17607,5,-5
2021-06-29 08:45:47.393,17607,17608,17608,1,1
2021-06-29 08:45:47.482,17607,17608,17608,1,1
2021-06-29 08:45:47.633,17607,17608,17608,1,1
2021-06-29 08:45:47.633,17607,17608,17609,7,7
2021-06-29 08:45:47.633,17607,17608,17610,2,2
2021-06-29 08:45:47.650,17607,17608,17610,2,2
2021-06-29 08:45:47.885,17609,17611,17609,1,-1
2021-06-29 08:45:48.112,17608,17610,17608,1,-1
2021-06-29 08:45:48.200,17607,17610,17607,1,-1
2021-06-29 08:45:48.497,17607,17609,17607,5,-5
2021-06-29 08:45:48.755,17607,17609,17609,1,1
2021-06-29 08:45:48.829,17608,17609,17608,1,-1
2021-06-29 08:45:48.829,17608,17609,17607,1,-1
2021-06-29 08:45:48.850,17608,17609,17609,1,1
2021-06-29 08:45:49.004,17607,17609,17608,1,-1
2021-06-29 08:45:49.004,17607,17609,17607,1,-1
2021-06-29 08:45:49.040,17607,17609,17609,1,1
2021-06-29 08:45:49.074,17607,17609,17608,1,-1
2021-06-29 08:45:49.213,17608,17609,17609,2,2
2021-06-29 08:45:49.277,17608,17609,17610,1,1
2021-06-29 08:45:49.348,17609,17610,17610,3,3
2021-06-29 08:45:49.348,17609,17610,17611,2,2
2021-06-29 08:45:49.366,17609,17610,17611,1,1
2021-06-29 08:45:49.372,17609,17610,17611,1,1
2021-06-29 08:45:49.469,17609,17611,17611,1,1
2021-06-29 08:45:49.914,17609,17611,17609,1,-1
2021-06-29 08:45:50.142,17608,17611,17608,1,-1
2021-06-29 08:45:50.153,17608,17611,17610,1,1
2021-06-29 08:45:50.227,17609,17611,17611,1,1
2021-06-29 08:45:50.230,17609,17611,17610,1,-1
2021-06-29 08:45:50.303,17609,17611,17609,2,-2
2021-06-29 08:45:50.316,17609,17611,17610,1,1
2021-06-29 08:45:50.391,17609,17611,17610,1,-1
2021-06-29 08:45:50.475,17609,17611,17611,2,2
2021-06-29 08:45:50.478,17609,17611,17610,1,-1
2021-06-29 08:45:50.660,17609,17611,17609,1,-1
2021-06-29 08:45:50.687,17609,17611,17610,3,3
2021-06-29 08:45:50.855,17609,17611,17609,4,-4
2021-06-29 08:45:51.495,17608,17610,17610,2,2
2021-06-29 08:45:51.511,17608,17610,17609,1,-1
2021-06-29 08:45:51.511,17608,17610,17608,4,-4
2021-06-29 08:45:51.639,17608,17610,17608,1,-1
2021-06-29 08:45:51.812,17608,17610,17608,4,-4
2021-06-29 08:45:51.894,17608,17610,17607,1,-1
2021-06-29 08:45:52.224,17607,17608,17608,1,1
2021-06-29 08:45:52.298,17607,17609,17609,5,5
2021-06-29 08:45:52.525,17608,17610,17608,1,-1
2021-06-29 08:45:53.150,17607,17609,17607,1,-1
2021-06-29 08:45:53.343,17607,17609,17609,1,1
2021-06-29 08:45:53.507,17608,17609,17608,1,-1
2021-06-29 08:45:53.569,17607,17609,17609,1,1
2021-06-29 08:45:53.624,17607,17609,17609,1,1
2021-06-29 08:45:53.652,17607,17609,17609,1,1
2021-06-29 08:45:53.652,17607,17609,17610,3,3
2021-06-29 08:45:53.664,17608,17610,17608,1,-1
2021-06-29 08:45:53.815,17607,17609,17609,1,1
2021-06-29 08:45:54.572,17608,17609,17609,1,1
2021-06-29 08:45:54.687,17608,17609,17609,1,1
2021-06-29 08:45:54.730,17608,17609,17609,1,1
2021-06-29 08:45:54.767,17608,17609,17609,1,1
2021-06-29 08:45:54.781,17608,17609,17609,1,1
2021-06-29 08:45:54.956,17608,17609,17608,1,-1
2021-06-29 08:45:55.383,17608,17609,17609,1,1
2021-06-29 08:45:55.383,17608,17609,17610,1,1
2021-06-29 08:45:55.535,17608,17610,17608,3,-3
2021-06-29 08:45:55.662,17608,17609,17608,1,-1
2021-06-29 08:45:56.207,17608,17609,17609,1,1
2021-06-29 08:45:56.616,17609,17610,17609,1,-1
2021-06-29 08:45:56.981,17609,17610,17609,1,-1
2021-06-29 08:45:57.091,17609,17610,17610,2,2
2021-06-29 08:45:57.096,17609,17610,17609,1,-1
2021-06-29 08:45:57.322,17609,17610,17609,1,-1
2021-06-29 08:45:57.439,17609,17610,17610,1,1
2021-06-29 08:45:58.066,17609,17610,17609,1,-1
2021-06-29 08:45:58.125,17609,17610,17610,1,1
2021-06-29 08:45:58.555,17609,17610,17609,1,-1
2021-06-29 08:45:59.191,17608,17609,17609,1,1
2021-06-29 08:45:59.204,17608,17609,17609,1,1
2021-06-29 08:45:59.204,17608,17609,17610,1,1
2021-06-29 08:45:59.337,17609,17610,17609,1,-1
2021-06-29 08:45:59.560,17608,17610,17610,1,1
2021-06-29 08:45:59.563,17608,17610,17610,1,1
2021-06-29 08:45:59.563,17608,17610,17611,4,4
2021-06-29 08:45:59.903,17609,17610,17609,1,-1
2021-06-29 08:45:59.944,17608,17610,17610,1,1
2021-06-29 08:45:59.944,17608,17610,17611,1,1
2021-06-29 08:46:00.025,17608,17610,17610,1,1
2021-06-29 08:46:00.031,17608,17610,17611,1,1
2021-06-29 08:46:00.033,17608,17610,17611,1,1
2021-06-29 08:46:00.057,17609,17611,17609,1,-1
2021-06-29 08:46:00.127,17609,17611,17609,3,-3
2021-06-29 08:46:00.147,17609,17611,17609,1,-1
2021-06-29 08:46:00.329,17609,17610,17609,1,-1
2021-06-29 08:46:00.330,17609,17610,17610,1,1
2021-06-29 08:46:00.331,17609,17610,17610,1,1
2021-06-29 08:46:00.376,17609,17610,17611,1,1
2021-06-29 08:46:00.444,17608,17611,17608,2,-2
2021-06-29 08:46:00.562,17608,17610,17610,1,1
2021-06-29 08:46:00.562,17608,17610,17610,1,1
2021-06-29 08:46:00.593,17608,17610,17609,1,-1
2021-06-29 08:46:00.731,17610,17611,17610,1,1
2021-06-29 08:46:00.987,17610,17611,17610,2,-2
2021-06-29 08:46:01.245,17609,17610,17609,1,-1
2021-06-29 08:46:01.289,17609,17610,17609,2,-2
2021-06-29 08:46:01.289,17609,17610,17609,1,-1
2021-06-29 08:46:01.289,17609,17610,17609,1,-1
2021-06-29 08:46:01.289,17609,17610,17608,1,-1
2021-06-29 08:46:01.289,17609,17610,17608,1,-1
2021-06-29 08:46:01.289,17609,17610,17608,1,-1
2021-06-29 08:46:01.290,17609,17610,17608,1,-1
2021-06-29 08:46:01.291,17609,17610,17608,1,-1
2021-06-29 08:46:01.293,17609,17610,17608,1,-1
2021-06-29 08:46:01.617,17608,17610,17609,1,1
2021-06-29 08:46:01.617,17608,17610,17610,3,3
2021-06-29 08:46:01.622,17608,17610,17610,1,1
2021-06-29 08:46:01.658,17608,17610,17610,1,1
2021-06-29 08:46:01.753,17609,17610,17610,1,1
2021-06-29 08:46:01.873,17609,17610,17609,1,-1
2021-06-29 08:46:02.073,17608,17610,17608,3,-3
2021-06-29 08:46:02.189,17608,17610,17608,8,-8
2021-06-29 08:46:02.189,17608,17610,17607,16,-16
2021-06-29 08:46:02.444,17607,17608,17607,1,-1
2021-06-29 08:46:02.492,17607,17608,17608,1,1
2021-06-29 08:46:02.564,17607,17609,17609,7,7
2021-06-29 08:46:02.565,17607,17609,17609,2,2
2021-06-29 08:46:02.609,17607,17609,17609,5,5
2021-06-29 08:46:02.609,17607,17609,17609,3,3
2021-06-29 08:46:03.038,17607,17608,17607,2,-2
2021-06-29 08:46:03.190,17607,17608,17607,6,-6
2021-06-29 08:46:03.190,17607,17608,17607,6,-6
2021-06-29 08:46:03.190,17607,17608,17607,2,-2
2021-06-29 08:46:03.653,17607,17608,17608,1,1
2021-06-29 08:46:03.833,17607,17608,17607,2,-2
2021-06-29 08:46:04.109,17606,17607,17607,2,2
2021-06-29 08:46:04.771,17606,17607,17607,1,1
2021-06-29 08:46:04.777,17606,17607,17606,10,-10
2021-06-29 08:46:05.131,17606,17607,17606,1,-1
2021-06-29 08:46:05.301,17606,17607,17607,1,1
2021-06-29 08:46:05.375,17606,17607,17606,1,-1
2021-06-29 08:46:05.843,17606,17607,17607,1,1
2021-06-29 08:46:05.852,17606,17607,17606,1,-1
2021-06-29 08:46:06.224,17606,17607,17606,5,-5
2021-06-29 08:46:06.225,17606,17607,17606,7,-7
2021-06-29 08:46:06.613,17605,17607,17605,1,-1
2021-06-29 08:46:06.756,17605,17607,17606,1,1
2021-06-29 08:46:07.065,17605,17606,17605,2,-2
2021-06-29 08:46:07.163,17605,17606,17605,3,-3
2021-06-29 08:46:07.163,17605,17606,17605,1,-1
2021-06-29 08:46:07.164,17605,17606,17605,1,-1
2021-06-29 08:46:07.164,17605,17606,17605,2,-2
2021-06-29 08:46:07.164,17605,17606,17605,1,-1
2021-06-29 08:46:07.164,17605,17606,17605,1,-1
2021-06-29 08:46:07.164,17605,17606,17605,1,-1
2021-06-29 08:46:07.164,17605,17606,17605,2,-2
2021-06-29 08:46:07.164,17605,17606,17605,1,-1
2021-06-29 08:46:07.164,17605,17606,17605,22,-22
2021-06-29 08:46:07.164,17605,17606,17604,1,-1
2021-06-29 08:46:07.164,17605,17606,17604,1,-1
2021-06-29 08:46:07.165,17605,17606,17604,1,-1
2021-06-29 08:46:07.165,17605,17606,17604,1,-1
2021-06-29 08:46:07.165,17605,17606,17604,1,-1
2021-06-29 08:46:07.165,17605,17606,17604,1,-1
2021-06-29 08:46:07.165,17605,17606,17604,1,-1
2021-06-29 08:46:07.165,17605,17606,17604,1,-1
2021-06-29 08:46:07.165,17605,17606,17604,1,-1
2021-06-29 08:46:07.166,17605,17606,17604,1,-1
2021-06-29 08:46:07.167,17605,17606,17604,1,-1
2021-06-29 08:46:07.179,17605,17606,17606,1,1
2021-06-29 08:46:07.196,17605,17606,17605,1,-1
2021-06-29 08:46:07.207,17605,17606,17605,1,-1
2021-06-29 08:46:07.274,17605,17606,17605,1,-1
2021-06-29 08:46:07.404,17604,17606,17604,1,-1
2021-06-29 08:46:07.449,17604,17605,17606,1,1
2021-06-29 08:46:07.736,17604,17606,17606,1,1
2021-06-29 08:46:08.061,17604,17605,17604,1,-1
2021-06-29 08:46:08.168,17604,17605,17604,1,-1
2021-06-29 08:46:08.270,17604,17605,17605,1,1
2021-06-29 08:46:08.340,17604,17605,17604,2,-2
2021-06-29 08:46:08.431,17604,17605,17604,3,-3
2021-06-29 08:46:08.796,17604,17605,17605,1,1
2021-06-29 08:46:08.961,17604,17605,17605,1,1
2021-06-29 08:46:08.961,17604,17605,17606,4,4
2021-06-29 08:46:09.350,17604,17606,17604,5,-5
2021-06-29 08:46:09.413,17604,17606,17606,1,1
2021-06-29 08:46:09.617,17604,17606,17605,1,-1
2021-06-29 08:46:09.704,17604,17605,17604,1,-1
2021-06-29 08:46:10.018,17604,17605,17604,1,-1
2021-06-29 08:46:10.768,17604,17605,17605,1,1
2021-06-29 08:46:10.982,17604,17605,17605,3,3
2021-06-29 08:46:11.506,17604,17605,17605,1,1
2021-06-29 08:46:11.543,17604,17606,17604,1,-1
2021-06-29 08:46:11.610,17604,17606,17606,1,1
2021-06-29 08:46:11.673,17604,17606,17604,1,-1
2021-06-29 08:46:11.836,17604,17606,17604,1,-1
2021-06-29 08:46:11.836,17604,17606,17603,1,-1
2021-06-29 08:46:11.854,17604,17606,17604,1,1
2021-06-29 08:46:11.884,17604,17606,17604,1,-1
2021-06-29 08:46:11.922,17603,17605,17605,3,3
2021-06-29 08:46:11.923,17603,17605,17605,2,2
2021-06-29 08:46:12.332,17604,17606,17606,1,1
2021-06-29 08:46:12.829,17604,17606,17604,1,-1
2021-06-29 08:46:12.852,17604,17606,17604,3,-3
2021-06-29 08:46:12.853,17604,17606,17604,3,-3
2021-06-29 08:46:13.108,17604,17605,17604,2,-2
2021-06-29 08:46:13.108,17604,17605,17603,5,-5
2021-06-29 08:46:13.283,17603,17605,17605,1,1
2021-06-29 08:46:13.553,17604,17605,17604,1,-1
2021-06-29 08:46:13.627,17604,17605,17604,1,-1
2021-06-29 08:46:14.049,17603,17605,17605,1,1
2021-06-29 08:46:14.263,17604,17605,17604,1,-1
2021-06-29 08:46:14.264,17604,17605,17604,1,-1
2021-06-29 08:46:14.284,17604,17605,17604,1,-1
2021-06-29 08:46:14.856,17604,17605,17604,1,-1
2021-06-29 08:46:15.243,17604,17605,17604,1,-1
2021-06-29 08:46:15.511,17604,17605,17605,1,1
2021-06-29 08:46:15.980,17604,17605,17605,1,1
2021-06-29 08:46:16.181,17604,17605,17604,1,-1
2021-06-29 08:46:17.028,17604,17605,17605,3,3
2021-06-29 08:46:17.038,17604,17605,17604,3,-3
2021-06-29 08:46:17.038,17604,17605,17603,1,-1
2021-06-29 08:46:17.038,17604,17605,17603,1,-1
2021-06-29 08:46:17.039,17604,17605,17603,2,-2
2021-06-29 08:46:17.039,17604,17605,17603,2,-2
2021-06-29 08:46:17.039,17604,17605,17603,1,-1
2021-06-29 08:46:17.039,17604,17605,17603,1,-1
2021-06-29 08:46:17.039,17604,17605,17603,1,-1
2021-06-29 08:46:17.039,17604,17605,17603,1,-1
2021-06-29 08:46:17.039,17604,17605,17603,1,-1
2021-06-29 08:46:17.039,17604,17605,17602,1,-1
2021-06-29 08:46:17.040,17604,17605,17602,1,-1
2021-06-29 08:46:17.040,17604,17605,17602,1,-1
2021-06-29 08:46:17.040,17604,17605,17602,1,-1
2021-06-29 08:46:17.040,17604,17605,17602,1,-1
2021-06-29 08:46:17.040,17604,17605,17602,1,-1
2021-06-29 08:46:17.040,17604,17605,17602,1,-1
2021-06-29 08:46:17.040,17604,17605,17602,1,-1
2021-06-29 08:46:17.040,17604,17605,17602,1,-1
2021-06-29 08:46:17.040,17604,17605,17602,1,-1
2021-06-29 08:46:17.040,17604,17605,17602,1,-1
2021-06-29 08:46:17.041,17604,17605,17602,1,-1
2021-06-29 08:46:17.041,17604,17605,17602,1,-1
2021-06-29 08:46:17.041,17604,17605,17602,1,-1
2021-06-29 08:46:17.042,17604,17605,17602,1,-1
2021-06-29 08:46:17.042,17604,17605,17602,1,-1
2021-06-29 08:46:17.042,17604,17605,17601,1,-1
2021-06-29 08:46:17.055,17604,17605,17603,1,1
2021-06-29 08:46:17.841,17601,17603,17601,1,-1
2021-06-29 08:46:18.676,17602,17604,17602,1,1
2021-06-29 08:46:19.454,17602,17604,17602,2,-2
2021-06-29 08:46:19.536,17602,17604,17604,1,1
2021-06-29 08:46:19.616,17602,17604,17604,1,1
2021-06-29 08:46:19.696,17602,17604,17602,7,-7
2021-06-29 08:46:19.696,17602,17604,17601,11,-11
2021-06-29 08:46:20.346,17600,17602,17602,1,1
2021-06-29 08:46:20.415,17601,17602,17602,2,2
2021-06-29 08:46:20.427,17601,17602,17603,5,5
2021-06-29 08:46:20.631,17602,17604,17604,3,3
2021-06-29 08:46:21.701,17603,17604,17603,4,-4
2021-06-29 08:46:22.205,17603,17604,17603,1,-1
2021-06-29 08:46:22.524,17603,17604,17603,1,-1
2021-06-29 08:46:22.612,17603,17604,17603,3,-3
2021-06-29 08:46:23.325,17602,17603,17602,1,-1
2021-06-29 08:46:23.327,17602,17603,17601,12,-12
2021-06-29 08:46:23.327,17602,17603,17600,3,-3
2021-06-29 08:46:23.421,17600,17602,17602,1,1
2021-06-29 08:46:24.228,17601,17602,17601,1,-1
2021-06-29 08:46:24.228,17601,17602,17600,1,-1
2021-06-29 08:46:24.385,17600,17602,17602,1,1
2021-06-29 08:46:24.431,17600,17602,17600,3,-3
2021-06-29 08:46:24.453,17600,17602,17602,1,1
2021-06-29 08:46:24.734,17600,17602,17600,8,-8
2021-06-29 08:46:24.900,17600,17601,17600,1,-1
2021-06-29 08:46:25.395,17600,17602,17602,1,1
2021-06-29 08:46:25.644,17600,17602,17602,1,1
2021-06-29 08:46:25.949,17600,17601,17601,1,1
2021-06-29 08:46:26.167,17600,17601,17601,1,1
2021-06-29 08:46:26.398,17600,17602,17600,3,-3
2021-06-29 08:46:26.443,17600,17602,17600,2,-2
2021-06-29 08:46:26.443,17600,17602,17600,4,-4
2021-06-29 08:46:26.443,17600,17602,17600,4,-4
2021-06-29 08:46:26.572,17600,17601,17600,3,-3
2021-06-29 08:46:26.635,17600,17601,17600,5,-5
2021-06-29 08:46:26.684,17600,17601,17601,1,1
2021-06-29 08:46:26.806,17600,17601,17600,4,-4
2021-06-29 08:46:26.807,17600,17601,17600,7,-7
2021-06-29 08:46:26.977,17599,17600,17600,1,1
2021-06-29 08:46:27.010,17599,17600,17599,1,-1
2021-06-29 08:46:27.013,17599,17600,17599,1,-1
2021-06-29 08:46:27.038,17598,17599,17598,2,-2
2021-06-29 08:46:27.039,17598,17599,17598,1,-1
2021-06-29 08:46:27.039,17598,17599,17598,1,-1
2021-06-29 08:46:27.039,17598,17599,17598,2,-2
2021-06-29 08:46:27.039,17598,17599,17598,1,-1
2021-06-29 08:46:27.039,17598,17599,17597,1,-1
2021-06-29 08:46:27.039,17598,17599,17597,1,-1
2021-06-29 08:46:27.039,17598,17599,17597,1,-1
2021-06-29 08:46:27.040,17598,17599,17597,1,-1
2021-06-29 08:46:27.042,17598,17599,17597,1,-1
2021-06-29 08:46:27.043,17598,17599,17597,1,-1
2021-06-29 08:46:27.043,17598,17599,17597,1,-1
2021-06-29 08:46:27.100,17598,17599,17599,1,1
2021-06-29 08:46:27.157,17598,17599,17597,1,-1
2021-06-29 08:46:27.285,17597,17599,17598,1,1
2021-06-29 08:46:27.543,17597,17599,17597,1,-1
2021-06-29 08:46:27.567,17597,17599,17599,1,1
2021-06-29 08:46:27.654,17597,17599,17599,1,1
2021-06-29 08:46:27.733,17598,17600,17599,1,-1
2021-06-29 08:46:27.733,17598,17600,17598,5,-5
2021-06-29 08:46:27.733,17598,17600,17597,4,-4
2021-06-29 08:46:28.229,17597,17598,17597,2,-2
2021-06-29 08:46:28.230,17597,17598,17597,8,-8
2021-06-29 08:46:28.391,17597,17598,17598,1,1
2021-06-29 08:46:28.395,17597,17598,17599,1,1
2021-06-29 08:46:28.505,17597,17599,17597,2,-2
2021-06-29 08:46:28.661,17597,17599,17597,3,-3
2021-06-29 08:46:29.333,17596,17597,17596,1,-1
2021-06-29 08:46:29.422,17596,17597,17596,2,-2
2021-06-29 08:46:29.469,17596,17597,17596,2,-2
2021-06-29 08:46:29.472,17596,17597,17596,4,-4
2021-06-29 08:46:29.488,17596,17597,17595,1,-1
2021-06-29 08:46:29.503,17596,17597,17596,1,1
2021-06-29 08:46:29.640,17595,17597,17595,2,-2
2021-06-29 08:46:29.718,17595,17597,17595,2,-2
2021-06-29 08:46:29.796,17595,17597,17595,5,-5
2021-06-29 08:46:30.405,17596,17597,17595,6,-6
2021-06-29 08:46:30.831,17595,17597,17597,1,1
2021-06-29 08:46:30.888,17595,17597,17597,1,1
2021-06-29 08:46:30.890,17595,17597,17597,1,1
2021-06-29 08:46:31.065,17595,17597,17595,1,-1
2021-06-29 08:46:31.453,17595,17597,17597,1,1
2021-06-29 08:46:31.610,17596,17597,17596,2,-2
2021-06-29 08:46:32.218,17596,17597,17596,1,-1
2021-06-29 08:46:32.444,17596,17597,17597,6,6
2021-06-29 08:46:32.723,17597,17599,17597,2,-2
2021-06-29 08:46:32.936,17597,17598,17597,2,-2
2021-06-29 08:46:33.204,17597,17598,17597,1,-1
2021-06-29 08:46:33.302,17597,17598,17597,1,-1
2021-06-29 08:46:33.302,17597,17598,17596,1,-1
2021-06-29 08:46:33.369,17597,17598,17598,1,1
2021-06-29 08:46:33.513,17596,17598,17596,1,-1
2021-06-29 08:46:33.599,17596,17597,17597,1,1
2021-06-29 08:46:33.894,17596,17598,17598,1,1
2021-06-29 08:46:33.991,17596,17598,17597,1,-1
2021-06-29 08:46:34.194,17597,17598,17598,1,1
2021-06-29 08:46:34.194,17597,17598,17599,3,3
2021-06-29 08:46:34.322,17597,17598,17598,2,2
2021-06-29 08:46:34.322,17597,17598,17599,3,3
2021-06-29 08:46:34.346,17597,17598,17599,1,1
2021-06-29 08:46:35.415,17597,17599,17599,1,1
2021-06-29 08:46:35.881,17598,17599,17599,1,1
2021-06-29 08:46:36.044,17598,17599,17598,1,-1
2021-06-29 08:46:36.286,17598,17599,17599,1,1
2021-06-29 08:46:36.401,17598,17599,17599,1,1
2021-06-29 08:46:36.677,17598,17599,17598,1,-1
2021-06-29 08:46:36.890,17598,17599,17599,1,1
2021-06-29 08:46:37.065,17598,17599,17599,2,2
2021-06-29 08:46:37.163,17598,17599,17598,1,-1
2021-06-29 08:46:37.163,17598,17599,17598,1,-1
2021-06-29 08:46:37.163,17598,17599,17598,1,-1
2021-06-29 08:46:37.164,17598,17599,17598,1,-1
2021-06-29 08:46:37.164,17598,17599,17597,1,-1
2021-06-29 08:46:37.164,17598,17599,17597,1,-1
2021-06-29 08:46:37.164,17598,17599,17597,1,-1
2021-06-29 08:46:37.164,17598,17599,17597,1,-1
2021-06-29 08:46:37.164,17598,17599,17597,1,-1
2021-06-29 08:46:37.164,17598,17599,17597,1,-1
2021-06-29 08:46:37.164,17598,17599,17597,1,-1
2021-06-29 08:46:37.164,17598,17599,17597,1,-1
2021-06-29 08:46:37.164,17598,17599,17596,1,-1
2021-06-29 08:46:37.164,17598,17599,17596,1,-1
2021-06-29 08:46:37.165,17598,17599,17596,1,-1
2021-06-29 08:46:37.165,17598,17599,17596,1,-1
2021-06-29 08:46:37.166,17598,17599,17596,1,-1
2021-06-29 08:46:37.420,17596,17598,17598,1,1
2021-06-29 08:46:38.113,17596,17598,17598,1,1
2021-06-29 08:46:39.057,17597,17599,17597,1,-1
2021-06-29 08:46:40.147,17598,17599,17599,1,1
2021-06-29 08:46:40.842,17598,17599,17599,1,1
2021-06-29 08:46:41.023,17598,17599,17599,2,2
2021-06-29 08:46:41.024,17598,17599,17599,1,1
2021-06-29 08:46:41.024,17598,17599,17599,5,5
2021-06-29 08:46:41.104,17599,17600,17599,1,-1
2021-06-29 08:46:41.159,17599,17600,17598,1,-1
2021-06-29 08:46:41.232,17598,17599,17599,1,1
2021-06-29 08:46:41.335,17598,17600,17598,1,-1
2021-06-29 08:46:41.519,17598,17600,17598,1,-1
2021-06-29 08:46:41.711,17598,17600,17598,1,-1
2021-06-29 08:46:41.715,17598,17600,17600,1,1
2021-06-29 08:46:42.105,17598,17600,17600,6,6
2021-06-29 08:46:42.105,17598,17600,17601,14,14
2021-06-29 08:46:42.106,17598,17600,17601,2,2
2021-06-29 08:46:42.106,17598,17600,17601,2,2
2021-06-29 08:46:42.107,17598,17600,17601,2,2
2021-06-29 08:46:42.107,17598,17600,17602,4,4
2021-06-29 08:46:42.892,17602,17603,17601,1,-1
2021-06-29 08:46:43.203,17601,17603,17601,1,-1
2021-06-29 08:46:43.373,17601,17603,17602,1,1
2021-06-29 08:46:43.373,17601,17603,17601,1,-1
2021-06-29 08:46:43.753,17601,17603,17603,1,1
2021-06-29 08:46:43.836,17601,17603,17602,1,-1
2021-06-29 08:46:43.959,17602,17603,17603,3,3
2021-06-29 08:46:43.959,17602,17603,17604,3,3
2021-06-29 08:46:44.269,17602,17604,17602,1,-1
2021-06-29 08:46:44.388,17602,17604,17602,1,-1
2021-06-29 08:46:44.615,17602,17604,17604,2,2
2021-06-29 08:46:44.909,17602,17604,17604,3,3
2021-06-29 08:46:45.045,17602,17604,17604,1,1
2021-06-29 08:46:45.312,17602,17604,17602,1,-1
2021-06-29 08:46:45.332,17602,17604,17604,1,1
2021-06-29 08:46:45.475,17602,17604,17602,14,-14
2021-06-29 08:46:45.475,17602,17604,17601,1,-1
2021-06-29 08:46:45.651,17601,17603,17603,1,1
2021-06-29 08:46:45.651,17601,17603,17603,1,1
2021-06-29 08:46:45.657,17601,17603,17604,1,1
2021-06-29 08:46:45.762,17602,17604,17603,1,-1
2021-06-29 08:46:45.948,17602,17604,17602,2,-2
2021-06-29 08:46:45.948,17602,17604,17601,11,-11
2021-06-29 08:46:46.211,17601,17603,17602,4,4
2021-06-29 08:46:46.631,17602,17603,17602,1,-1
2021-06-29 08:46:47.396,17601,17603,17603,1,1
2021-06-29 08:46:47.413,17602,17603,17602,1,-1
2021-06-29 08:46:47.413,17602,17603,17601,1,-1
2021-06-29 08:46:48.016,17601,17602,17602,1,1
2021-06-29 08:46:48.466,17601,17602,17602,1,1
2021-06-29 08:46:49.031,17601,17602,17601,1,-1
2021-06-29 08:46:49.296,17601,17602,17602,1,1
2021-06-29 08:46:49.365,17601,17602,17601,1,-1
2021-06-29 08:46:49.903,17602,17603,17602,1,1
2021-06-29 08:46:50.143,17602,17603,17602,1,-1
2021-06-29 08:46:51.254,17602,17603,17602,1,-1
2021-06-29 08:46:52.073,17602,17603,17602,1,-1
2021-06-29 08:46:54.066,17602,17603,17603,2,2
2021-06-29 08:46:54.175,17602,17603,17603,3,3
2021-06-29 08:46:54.380,17602,17603,17602,1,-1
2021-06-29 08:46:54.770,17602,17603,17603,1,1
2021-06-29 08:46:55.448,17602,17603,17602,1,-1
2021-06-29 08:46:56.168,17602,17603,17603,3,3
2021-06-29 08:46:56.929,17602,17603,17603,1,1
2021-06-29 08:46:57.690,17602,17603,17603,1,1
2021-06-29 08:46:58.176,17602,17603,17603,3,3
2021-06-29 08:46:58.263,17602,17603,17603,4,4
2021-06-29 08:46:58.889,17602,17603,17603,2,2
2021-06-29 08:46:59.537,17603,17604,17604,2,2
2021-06-29 08:46:59.880,17603,17604,17603,2,-2
2021-06-29 08:47:00.102,17603,17604,17603,1,-1
2021-06-29 08:47:00.102,17603,17604,17602,4,-4
2021-06-29 08:47:00.102,17603,17604,17603,1,1
2021-06-29 08:47:00.103,17603,17604,17603,1,-1
2021-06-29 08:47:00.186,17602,17604,17604,2,2
2021-06-29 08:47:00.203,17602,17604,17602,1,-1
2021-06-29 08:47:00.243,17602,17604,17604,1,1
2021-06-29 08:47:00.243,17602,17604,17603,5,-5
2021-06-29 08:47:00.253,17602,17604,17602,9,-9
2021-06-29 08:47:00.253,17602,17604,17601,1,-1
2021-06-29 08:47:00.275,17602,17604,17601,1,-1
2021-06-29 08:47:00.467,17601,17603,17601,1,-1
2021-06-29 08:47:00.490,17601,17603,17601,1,-1
2021-06-29 08:47:00.563,17601,17603,17603,1,1
2021-06-29 08:47:00.890,17601,17603,17601,1,-1
2021-06-29 08:47:00.934,17601,17603,17601,20,-20
2021-06-29 08:47:01.310,17601,17602,17601,1,-1
2021-06-29 08:47:01.310,17601,17602,17601,6,-6
2021-06-29 08:47:01.310,17601,17602,17601,9,-9
2021-06-29 08:47:01.310,17601,17602,17601,4,-4
2021-06-29 08:47:01.310,17601,17602,17601,3,-3
2021-06-29 08:47:01.310,17601,17602,17601,2,-2
2021-06-29 08:47:01.371,17601,17602,17601,1,-1
2021-06-29 08:47:01.372,17601,17602,17600,8,-8
2021-06-29 08:47:01.465,17599,17600,17600,1,1
2021-06-29 08:47:01.469,17599,17600,17601,1,1
2021-06-29 08:47:01.658,17600,17601,17601,1,1
2021-06-29 08:47:01.735,17600,17601,17600,1,-1
2021-06-29 08:47:01.790,17599,17601,17599,2,-2
2021-06-29 08:47:02.432,17599,17600,17600,1,1
2021-06-29 08:47:02.587,17599,17601,17601,2,2
2021-06-29 08:47:02.625,17599,17601,17599,1,-1
2021-06-29 08:47:02.680,17599,17601,17599,3,-3
2021-06-29 08:47:02.875,17599,17600,17599,1,-1
2021-06-29 08:47:02.931,17599,17600,17599,2,-2
2021-06-29 08:47:03.234,17599,17600,17600,1,1
2021-06-29 08:47:03.570,17599,17600,17599,1,-1
2021-06-29 08:47:03.636,17599,17600,17600,1,1
2021-06-29 08:47:03.916,17599,17600,17599,1,-1
2021-06-29 08:47:03.972,17599,17600,17598,1,-1
2021-06-29 08:47:04.063,17598,17600,17598,1,-1
2021-06-29 08:47:04.118,17598,17600,17598,3,-3
2021-06-29 08:47:04.424,17599,17600,17600,1,1
2021-06-29 08:47:04.425,17599,17600,17600,2,2
2021-06-29 08:47:04.914,17599,17600,17600,1,1
2021-06-29 08:47:04.994,17599,17600,17599,1,-1
2021-06-29 08:47:05.556,17599,17600,17599,1,-1
2021-06-29 08:47:05.633,17599,17600,17599,1,-1
2021-06-29 08:47:05.934,17599,17600,17600,2,2
2021-06-29 08:47:05.954,17599,17600,17601,3,3
2021-06-29 08:47:06.017,17599,17600,17600,2,2
2021-06-29 08:47:06.369,17599,17600,17600,2,2
2021-06-29 08:47:06.438,17599,17601,17599,1,-1
2021-06-29 08:47:06.493,17599,17601,17599,4,-4
2021-06-29 08:47:07.756,17599,17600,17600,2,2
2021-06-29 08:47:07.756,17599,17600,17601,1,1
2021-06-29 08:47:08.333,17600,17602,17600,4,-4
2021-06-29 08:47:08.486,17600,17602,17600,1,-1
2021-06-29 08:47:09.089,17600,17602,17600,2,-2
2021-06-29 08:47:09.363,17600,17602,17600,1,-1
2021-06-29 08:47:10.680,17600,17602,17602,3,3
2021-06-29 08:47:10.680,17600,17602,17602,3,3
2021-06-29 08:47:10.681,17600,17602,17602,4,4
2021-06-29 08:47:10.681,17600,17602,17602,1,1
2021-06-29 08:47:11.821,17601,17603,17601,1,-1
2021-06-29 08:47:12.161,17601,17603,17603,2,2
2021-06-29 08:47:13.083,17601,17603,17601,1,-1
2021-06-29 08:47:13.534,17601,17603,17601,2,-2
2021-06-29 08:47:13.892,17601,17603,17601,1,-1
2021-06-29 08:47:13.912,17601,17603,17601,1,-1
2021-06-29 08:47:15.164,17602,17603,17603,1,1
2021-06-29 08:47:15.406,17602,17603,17602,1,-1
2021-06-29 08:47:15.450,17602,17603,17603,1,1
2021-06-29 08:47:15.965,17602,17603,17602,1,-1
2021-06-29 08:47:18.166,17602,17603,17603,2,2
2021-06-29 08:47:18.358,17602,17603,17602,1,-1
2021-06-29 08:47:18.835,17602,17603,17603,2,2
2021-06-29 08:47:18.837,17602,17603,17603,5,5
2021-06-29 08:47:20.167,17602,17603,17603,1,1
2021-06-29 08:47:20.296,17602,17603,17603,1,1
2021-06-29 08:47:20.771,17602,17603,17602,3,-3
2021-06-29 08:47:21.339,17602,17603,17602,1,-1
2021-06-29 08:47:24.038,17602,17603,17602,1,-1
2021-06-29 08:47:24.175,17602,17603,17603,1,1
2021-06-29 08:47:25.826,17602,17603,17602,2,-2
2021-06-29 08:47:26.774,17602,17603,17603,2,2
2021-06-29 08:47:26.824,17602,17603,17603,1,1
2021-06-29 08:47:27.043,17602,17603,17603,10,10
2021-06-29 08:47:28.038,17603,17604,17604,1,1
2021-06-29 08:47:28.339,17603,17604,17604,5,5
2021-06-29 08:47:28.383,17603,17604,17605,1,1
2021-06-29 08:47:28.424,17603,17605,17603,1,-1
2021-06-29 08:47:28.808,17603,17605,17605,2,2
2021-06-29 08:47:28.823,17603,17605,17604,1,-1
2021-06-29 08:47:28.830,17603,17605,17604,1,-1
2021-06-29 08:47:28.943,17603,17605,17603,1,-1
2021-06-29 08:47:29.857,17603,17605,17605,1,1
2021-06-29 08:47:30.377,17603,17604,17604,1,1
2021-06-29 08:47:30.692,17603,17604,17604,1,1
2021-06-29 08:47:31.325,17603,17604,17604,5,5
2021-06-29 08:47:31.628,17604,17605,17604,1,-1
2021-06-29 08:47:32.165,17603,17605,17605,1,1
2021-06-29 08:47:32.389,17603,17605,17605,1,1
2021-06-29 08:47:33.556,17604,17605,17604,2,-2
2021-06-29 08:47:34.877,17604,17605,17604,1,-1
2021-06-29 08:47:35.204,17604,17605,17605,1,1
2021-06-29 08:47:36.177,17604,17605,17605,1,1
2021-06-29 08:47:36.339,17604,17605,17605,1,1
2021-06-29 08:47:36.564,17604,17605,17604,1,-1
2021-06-29 08:47:36.883,17604,17605,17604,1,-1
2021-06-29 08:47:38.520,17604,17605,17604,1,-1
2021-06-29 08:47:39.179,17604,17605,17605,5,5
2021-06-29 08:47:39.575,17604,17605,17605,5,5
2021-06-29 08:47:39.577,17604,17605,17605,5,5
2021-06-29 08:47:39.874,17605,17606,17605,1,-1
2021-06-29 08:47:40.215,17605,17606,17605,1,-1
2021-06-29 08:47:40.634,17605,17606,17605,5,-5
2021-06-29 08:47:40.877,17605,17606,17605,4,-4
2021-06-29 08:47:40.956,17604,17605,17605,1,1
2021-06-29 08:47:41.066,17604,17605,17604,1,-1
2021-06-29 08:47:41.181,17604,17605,17604,1,-1
2021-06-29 08:47:41.182,17604,17605,17604,1,-1
2021-06-29 08:47:41.182,17604,17605,17604,1,-1
2021-06-29 08:47:41.185,17604,17605,17604,1,-1
2021-06-29 08:47:42.036,17603,17605,17605,1,1
2021-06-29 08:47:42.094,17603,17605,17605,1,1
2021-06-29 08:47:42.838,17604,17605,17604,2,-2
2021-06-29 08:47:43.763,17604,17605,17605,1,1
2021-06-29 08:47:43.931,17604,17605,17605,1,1
2021-06-29 08:47:44.141,17604,17605,17605,5,5
2021-06-29 08:47:44.487,17604,17605,17605,1,1
2021-06-29 08:47:45.306,17604,17606,17606,1,1
2021-06-29 08:47:46.019,17604,17605,17605,1,1
2021-06-29 08:47:46.064,17604,17606,17606,1,1
2021-06-29 08:47:46.174,17604,17606,17606,1,1
2021-06-29 08:47:46.612,17604,17606,17605,2,-2
2021-06-29 08:47:47.279,17605,17606,17606,5,5
2021-06-29 08:47:47.706,17605,17606,17606,5,5
2021-06-29 08:47:47.706,17605,17606,17606,10,10
2021-06-29 08:47:49.168,17606,17607,17607,1,1
2021-06-29 08:47:49.743,17606,17607,17606,2,-2
2021-06-29 08:47:49.744,17606,17607,17606,6,-6
2021-06-29 08:47:49.845,17605,17606,17605,3,-3
2021-06-29 08:47:49.924,17604,17606,17606,1,1
2021-06-29 08:47:50.517,17605,17606,17605,1,-1
2021-06-29 08:47:50.864,17605,17606,17605,1,-1
2021-06-29 08:47:50.928,17605,17606,17605,1,-1
2021-06-29 08:47:50.929,17605,17606,17605,1,-1
2021-06-29 08:47:51.314,17604,17606,17606,1,1
2021-06-29 08:47:53.242,17605,17606,17606,4,4
2021-06-29 08:47:53.242,17605,17606,17607,1,1
2021-06-29 08:47:54.779,17606,17607,17606,1,-1
2021-06-29 08:47:57.291,17606,17607,17607,1,1
2021-06-29 08:47:57.380,17606,17607,17607,1,1
2021-06-29 08:47:58.168,17606,17607,17607,1,1
2021-06-29 08:47:58.199,17606,17607,17607,1,1
2021-06-29 08:47:58.329,17606,17607,17607,5,5
2021-06-29 08:47:58.414,17606,17607,17607,5,5
2021-06-29 08:47:58.415,17606,17607,17607,7,7
2021-06-29 08:47:58.415,17606,17607,17607,1,1
2021-06-29 08:47:59.082,17607,17608,17607,1,-1
2021-06-29 08:47:59.890,17607,17608,17607,1,-1
2021-06-29 08:48:00.047,17607,17608,17607,4,-4
2021-06-29 08:48:00.047,17607,17608,17606,1,-1
2021-06-29 08:48:00.060,17607,17608,17606,5,-5
2021-06-29 08:48:00.060,17607,17608,17606,4,-4
2021-06-29 08:48:00.061,17607,17608,17606,2,-2
2021-06-29 08:48:00.073,17607,17608,17605,4,-4
2021-06-29 08:48:00.087,17607,17608,17605,10,-10
2021-06-29 08:48:00.090,17607,17608,17605,4,-4
2021-06-29 08:48:00.090,17607,17608,17604,2,-2
2021-06-29 08:48:00.095,17607,17608,17604,2,-2
2021-06-29 08:48:00.095,17607,17608,17603,14,-14
2021-06-29 08:48:00.095,17607,17608,17602,1,-1
2021-06-29 08:48:00.105,17607,17608,17602,4,-4
2021-06-29 08:48:00.105,17607,17608,17601,6,-6
2021-06-29 08:48:00.107,17607,17608,17601,7,-7
2021-06-29 08:48:00.107,17607,17608,17600,1,-1
2021-06-29 08:48:00.108,17607,17608,17602,1,1
2021-06-29 08:48:00.112,17607,17608,17600,19,-19
2021-06-29 08:48:00.114,17607,17608,17600,3,-3
2021-06-29 08:48:00.114,17607,17608,17600,1,-1
2021-06-29 08:48:00.114,17607,17608,17600,1,-1
2021-06-29 08:48:00.114,17607,17608,17600,1,-1
2021-06-29 08:48:00.114,17607,17608,17600,1,-1
2021-06-29 08:48:00.140,17607,17608,17599,6,-6
2021-06-29 08:48:00.146,17607,17608,17599,5,-5
2021-06-29 08:48:00.146,17607,17608,17598,5,-5
2021-06-29 08:48:00.148,17607,17608,17598,17,-17
2021-06-29 08:48:00.149,17607,17608,17598,1,-1
2021-06-29 08:48:00.165,17597,17598,17598,1,1
2021-06-29 08:48:00.217,17597,17598,17598,3,3
2021-06-29 08:48:00.217,17597,17598,17597,14,-14
2021-06-29 08:48:00.222,17597,17598,17597,10,-10
2021-06-29 08:48:00.238,17597,17598,17597,1,-1
2021-06-29 08:48:00.247,17597,17598,17598,1,1
2021-06-29 08:48:00.247,17597,17598,17599,4,4
2021-06-29 08:48:00.260,17597,17598,17598,1,1
2021-06-29 08:48:00.273,17597,17598,17597,1,-1
2021-06-29 08:48:00.273,17597,17598,17597,1,-1
2021-06-29 08:48:00.418,17598,17599,17598,1,1
2021-06-29 08:48:00.565,17598,17599,17599,1,1
2021-06-29 08:48:00.684,17599,17601,17601,1,1
2021-06-29 08:48:00.691,17599,17601,17599,1,-1
2021-06-29 08:48:00.702,17599,17601,17601,2,2
2021-06-29 08:48:00.724,17599,17601,17601,1,1
2021-06-29 08:48:00.939,17600,17601,17601,1,1
2021-06-29 08:48:01.457,17600,17602,17602,1,1
2021-06-29 08:48:01.566,17600,17602,17602,1,1
2021-06-29 08:48:01.577,17600,17602,17603,1,1
2021-06-29 08:48:01.895,17602,17604,17602,1,-1
2021-06-29 08:48:01.951,17602,17604,17602,1,-1
2021-06-29 08:48:01.953,17602,17604,17602,1,-1
2021-06-29 08:48:02.100,17601,17603,17601,1,-1
2021-06-29 08:48:02.416,17602,17604,17604,1,1
2021-06-29 08:48:03.186,17602,17603,17602,1,-1
2021-06-29 08:48:03.186,17602,17603,17602,1,-1
2021-06-29 08:48:03.187,17602,17603,17602,1,-1
2021-06-29 08:48:03.573,17601,17602,17601,1,-1
2021-06-29 08:48:04.509,17602,17603,17602,1,1
2021-06-29 08:48:04.975,17601,17603,17601,3,-3
2021-06-29 08:48:05.132,17600,17602,17600,1,-1
2021-06-29 08:48:05.223,17600,17602,17600,2,-2
2021-06-29 08:48:05.447,17600,17602,17602,1,1
2021-06-29 08:48:05.736,17600,17602,17602,1,1
2021-06-29 08:48:06.240,17600,17602,17602,1,1
2021-06-29 08:48:06.560,17600,17602,17602,1,1
2021-06-29 08:48:06.759,17601,17602,17601,1,-1
2021-06-29 08:48:07.443,17601,17602,17601,2,-2
2021-06-29 08:48:08.426,17601,17602,17602,3,3
2021-06-29 08:48:08.427,17601,17602,17602,3,3
2021-06-29 08:48:08.427,17601,17602,17602,1,1
2021-06-29 08:48:08.450,17601,17602,17602,1,1
2021-06-29 08:48:08.573,17601,17603,17603,2,2
2021-06-29 08:48:09.337,17601,17602,17601,1,-1
2021-06-29 08:48:10.171,17601,17602,17602,1,1
2021-06-29 08:48:11.196,17601,17602,17602,1,1
2021-06-29 08:48:11.496,17601,17602,17602,1,1
2021-06-29 08:48:11.945,17601,17602,17602,1,1
2021-06-29 08:48:11.990,17601,17602,17601,1,-1
2021-06-29 08:48:15.540,17601,17602,17602,1,1
2021-06-29 08:48:16.000,17601,17602,17602,4,4
2021-06-29 08:48:16.000,17601,17602,17602,2,2
2021-06-29 08:48:16.168,17602,17603,17603,1,1
2021-06-29 08:48:17.018,17602,17603,17602,3,-3
2021-06-29 08:48:18.267,17602,17603,17603,5,5
2021-06-29 08:48:19.330,17603,17604,17603,1,-1
2021-06-29 08:48:20.412,17603,17604,17603,3,-3
2021-06-29 08:48:21.136,17603,17604,17604,1,1
2021-06-29 08:48:22.166,17603,17604,17604,1,1
2021-06-29 08:48:22.444,17603,17604,17603,1,-1
2021-06-29 08:48:22.571,17603,17604,17604,2,2
2021-06-29 08:48:22.571,17603,17604,17604,1,1
2021-06-29 08:48:22.571,17603,17604,17604,1,1
2021-06-29 08:48:22.571,17603,17604,17604,1,1
2021-06-29 08:48:22.572,17603,17604,17604,1,1
2021-06-29 08:48:24.743,17604,17605,17605,1,1
2021-06-29 08:48:24.899,17604,17605,17604,1,-1
2021-06-29 08:48:25.977,17604,17605,17604,1,-1
2021-06-29 08:48:26.167,17604,17605,17605,1,1
2021-06-29 08:48:26.524,17604,17605,17605,1,1
2021-06-29 08:48:27.013,17604,17605,17604,1,-1
2021-06-29 08:48:27.038,17604,17605,17604,1,-1
2021-06-29 08:48:27.038,17604,17605,17604,1,-1
2021-06-29 08:48:27.038,17604,17605,17604,3,-3
2021-06-29 08:48:27.039,17604,17605,17603,1,-1
2021-06-29 08:48:28.567,17603,17604,17604,1,1
2021-06-29 08:48:29.961,17603,17604,17604,1,1
2021-06-29 08:48:30.532,17603,17604,17603,1,-1
2021-06-29 08:48:30.582,17603,17604,17603,2,-2
2021-06-29 08:48:31.660,17603,17604,17603,5,-5
2021-06-29 08:48:32.988,17602,17603,17603,2,2
2021-06-29 08:48:35.247,17602,17603,17602,9,-9
2021-06-29 08:48:35.267,17602,17603,17602,1,-1
2021-06-29 08:48:35.267,17602,17603,17603,1,1
2021-06-29 08:48:36.018,17601,17603,17601,26,-26
2021-06-29 08:48:36.018,17601,17603,17600,3,-3
2021-06-29 08:48:36.264,17601,17602,17602,1,1
2021-06-29 08:48:38.335,17601,17602,17601,1,-1
2021-06-29 08:48:39.316,17600,17602,17600,1,-1
2021-06-29 08:48:39.498,17600,17602,17602,1,1
2021-06-29 08:48:40.316,17600,17602,17602,1,1
2021-06-29 08:48:40.680,17600,17602,17600,1,-1
2021-06-29 08:48:42.567,17601,17602,17601,2,2
2021-06-29 08:48:42.809,17601,17602,17602,1,1
2021-06-29 08:48:43.784,17601,17602,17601,1,-1
2021-06-29 08:48:44.297,17601,17602,17601,1,-1
2021-06-29 08:48:45.597,17601,17602,17602,1,1
2021-06-29 08:48:45.597,17601,17602,17602,1,1
2021-06-29 08:48:46.568,17601,17602,17602,1,1
2021-06-29 08:48:46.569,17601,17602,17602,2,2
2021-06-29 08:48:46.569,17601,17602,17602,1,1
2021-06-29 08:48:46.569,17601,17602,17602,4,4
2021-06-29 08:48:48.126,17601,17602,17601,1,-1
2021-06-29 08:48:49.039,17601,17602,17601,1,-1
2021-06-29 08:48:49.222,17601,17602,17602,5,5
2021-06-29 08:48:49.388,17601,17602,17602,1,1
2021-06-29 08:48:49.751,17601,17602,17601,1,-1
2021-06-29 08:48:51.566,17601,17602,17602,3,3
2021-06-29 08:48:51.740,17601,17602,17601,1,-1
2021-06-29 08:48:52.093,17601,17602,17601,3,-3
2021-06-29 08:48:53.099,17601,17602,17601,2,-2
2021-06-29 08:48:53.100,17601,17602,17601,11,-11
2021-06-29 08:48:53.860,17600,17601,17601,1,1
2021-06-29 08:48:54.364,17600,17601,17601,2,2
2021-06-29 08:48:54.452,17600,17601,17601,1,1
2021-06-29 08:48:56.308,17600,17601,17601,2,2
2021-06-29 08:48:56.477,17600,17601,17601,1,1
2021-06-29 08:48:56.785,17600,17601,17600,18,-18
2021-06-29 08:48:56.786,17600,17601,17600,6,-6
2021-06-29 08:48:56.819,17599,17600,17599,1,-1
2021-06-29 08:48:57.056,17599,17600,17599,1,-1
2021-06-29 08:49:00.051,17599,17600,17599,1,-1
2021-06-29 08:49:00.051,17599,17600,17599,5,-5
2021-06-29 08:49:00.205,17598,17599,17598,10,-10
2021-06-29 08:49:00.247,17598,17599,17599,1,1
2021-06-29 08:49:00.260,17598,17599,17598,8,-8
2021-06-29 08:49:00.879,17598,17599,17599,1,1
2021-06-29 08:49:01.536,17598,17599,17598,1,-1
2021-06-29 08:49:01.687,17598,17599,17598,1,-1
2021-06-29 08:49:02.146,17598,17599,17598,5,-5
2021-06-29 08:49:02.377,17598,17599,17599,1,1
2021-06-29 08:49:02.489,17598,17599,17599,1,1
2021-06-29 08:49:02.648,17598,17599,17599,5,5
2021-06-29 08:49:03.334,17599,17600,17599,1,-1
2021-06-29 08:49:03.397,17599,17600,17600,1,1
2021-06-29 08:49:04.237,17599,17600,17599,1,-1
2021-06-29 08:49:05.344,17598,17599,17599,1,1
2021-06-29 08:49:05.658,17599,17600,17599,1,-1
2021-06-29 08:49:06.763,17599,17600,17599,1,-1
2021-06-29 08:49:06.849,17599,17600,17600,2,2
2021-06-29 08:49:07.023,17599,17600,17599,1,-1
2021-06-29 08:49:08.835,17599,17600,17599,1,-1
2021-06-29 08:49:10.081,17599,17600,17600,4,4
2021-06-29 08:49:10.081,17599,17600,17600,6,6
2021-06-29 08:49:10.082,17599,17600,17600,1,1
2021-06-29 08:49:10.987,17600,17602,17600,1,-1
2021-06-29 08:49:11.685,17600,17602,17600,1,-1
2021-06-29 08:49:14.091,17600,17601,17600,1,-1
2021-06-29 08:49:14.949,17600,17601,17601,1,1
2021-06-29 08:49:16.818,17600,17601,17600,5,-5
2021-06-29 08:49:17.357,17600,17601,17601,1,1
2021-06-29 08:49:17.490,17600,17601,17600,5,-5
2021-06-29 08:49:17.490,17600,17601,17599,14,-14
2021-06-29 08:49:17.491,17600,17601,17599,1,-1
2021-06-29 08:49:18.403,17600,17601,17601,1,1
2021-06-29 08:49:18.610,17600,17601,17601,5,5
2021-06-29 08:49:18.610,17600,17601,17601,4,4
2021-06-29 08:49:20.023,17601,17602,17601,3,-3
2021-06-29 08:49:20.726,17601,17602,17602,1,1
2021-06-29 08:49:21.029,17601,17602,17601,1,-1
2021-06-29 08:49:22.324,17601,17602,17601,1,-1
2021-06-29 08:49:23.031,17601,17602,17601,1,-1
2021-06-29 08:49:23.669,17601,17602,17602,7,7
2021-06-29 08:49:24.669,17601,17602,17602,1,1
2021-06-29 08:49:26.906,17601,17602,17602,1,1
2021-06-29 08:49:27.670,17601,17603,17603,6,6
2021-06-29 08:49:28.363,17601,17603,17601,1,-1
2021-06-29 08:49:28.670,17602,17603,17603,4,4
2021-06-29 08:49:28.724,17602,17603,17603,2,2
2021-06-29 08:49:28.724,17602,17603,17604,2,2
2021-06-29 08:49:28.830,17602,17604,17604,1,1
2021-06-29 08:49:28.945,17602,17604,17602,1,-1
2021-06-29 08:49:29.719,17603,17604,17604,5,5
2021-06-29 08:49:33.518,17603,17604,17604,1,1
2021-06-29 08:49:34.089,17603,17604,17603,1,-1
2021-06-29 08:49:34.687,17603,17604,17603,4,-4
2021-06-29 08:49:36.415,17602,17603,17603,1,1
2021-06-29 08:49:36.973,17602,17603,17603,1,1
2021-06-29 08:49:37.742,17602,17603,17602,1,-1
2021-06-29 08:49:37.798,17602,17603,17603,4,4
2021-06-29 08:49:37.798,17602,17603,17603,1,1
2021-06-29 08:49:38.791,17603,17604,17604,2,2
2021-06-29 08:49:39.777,17603,17604,17603,1,-1
2021-06-29 08:49:40.660,17603,17604,17603,1,-1
2021-06-29 08:49:41.230,17603,17604,17603,3,-3
2021-06-29 08:49:41.230,17603,17604,17602,7,-7
2021-06-29 08:49:41.230,17603,17604,17601,7,-7
2021-06-29 08:49:43.664,17601,17603,17601,3,-3
2021-06-29 08:49:43.664,17601,17603,17600,13,-13
2021-06-29 08:49:43.719,17601,17603,17602,5,5
2021-06-29 08:49:43.719,17601,17603,17603,3,3
2021-06-29 08:49:44.713,17601,17602,17602,2,2
2021-06-29 08:49:44.953,17601,17602,17602,1,1
2021-06-29 08:49:44.953,17601,17602,17603,3,3
2021-06-29 08:49:45.103,17601,17602,17601,1,-1
2021-06-29 08:49:47.361,17600,17602,17602,2,2
2021-06-29 08:49:47.413,17600,17602,17600,1,-1
2021-06-29 08:49:49.664,17601,17602,17601,1,1
2021-06-29 08:49:50.783,17601,17602,17602,2,2
2021-06-29 08:49:52.731,17601,17602,17602,2,2
2021-06-29 08:49:54.590,17601,17602,17602,3,3
2021-06-29 08:49:54.591,17601,17602,17602,1,1
2021-06-29 08:49:55.116,17601,17602,17601,1,-1
2021-06-29 08:49:55.400,17601,17602,17601,1,-1
2021-06-29 08:49:55.577,17601,17602,17602,2,2
2021-06-29 08:49:56.580,17601,17602,17602,1,1
2021-06-29 08:49:56.582,17601,17602,17602,1,1
2021-06-29 08:49:56.688,17602,17603,17602,1,-1
2021-06-29 08:49:56.689,17602,17603,17602,2,-2
2021-06-29 08:49:56.960,17602,17603,17602,1,-1
2021-06-29 08:49:56.960,17602,17603,17601,9,-9
2021-06-29 08:49:57.580,17601,17603,17603,6,6
2021-06-29 08:49:58.579,17601,17603,17603,1,1
2021-06-29 08:50:00.181,17601,17603,17601,3,-3
2021-06-29 08:50:00.182,17601,17603,17601,1,-1
2021-06-29 08:50:00.182,17601,17603,17600,2,-2
2021-06-29 08:50:00.182,17601,17603,17600,3,-3
2021-06-29 08:50:00.182,17601,17603,17600,3,-3
2021-06-29 08:50:00.235,17601,17603,17602,3,3
2021-06-29 08:50:00.303,17601,17603,17601,1,-1
2021-06-29 08:50:00.330,17601,17603,17601,2,-2
2021-06-29 08:50:00.330,17601,17603,17600,1,-1
2021-06-29 08:50:00.330,17601,17603,17600,3,-3
2021-06-29 08:50:00.330,17601,17603,17600,3,-3
2021-06-29 08:50:00.330,17601,17603,17600,3,-3
2021-06-29 08:50:00.356,17601,17603,17600,10,-10
2021-06-29 08:50:00.440,17600,17602,17600,2,-2
2021-06-29 08:50:00.440,17600,17602,17599,4,-4
2021-06-29 08:50:00.526,17600,17602,17600,1,1
2021-06-29 08:50:00.594,17600,17602,17600,1,-1
2021-06-29 08:50:00.619,17600,17602,17601,1,1
2021-06-29 08:50:00.660,17600,17602,17600,1,-1
2021-06-29 08:50:00.670,17600,17602,17602,1,1
2021-06-29 08:50:00.675,17600,17602,17600,1,-1
2021-06-29 08:50:00.736,17600,17602,17600,1,-1
2021-06-29 08:50:00.740,17600,17602,17600,1,-1
2021-06-29 08:50:01.166,17600,17602,17600,1,-1
2021-06-29 08:50:01.219,17600,17602,17600,2,-2
2021-06-29 08:50:01.219,17600,17602,17599,1,-1
2021-06-29 08:50:01.228,17600,17602,17602,3,3
2021-06-29 08:50:01.383,17600,17602,17602,1,1
2021-06-29 08:50:01.441,17601,17602,17601,1,-1
2021-06-29 08:50:01.441,17601,17602,17600,1,-1
2021-06-29 08:50:01.467,17601,17602,17600,1,-1
2021-06-29 08:50:01.526,17601,17602,17602,1,1
2021-06-29 08:50:01.779,17601,17602,17601,1,-1
2021-06-29 08:50:01.794,17600,17602,17600,1,-1
2021-06-29 08:50:01.864,17600,17602,17600,1,-1
2021-06-29 08:50:02.214,17600,17602,17600,3,-3
2021-06-29 08:50:02.214,17600,17602,17599,1,-1
2021-06-29 08:50:02.244,17600,17602,17602,1,1
2021-06-29 08:50:02.292,17600,17602,17602,2,2
2021-06-29 08:50:02.416,17600,17602,17602,1,1
2021-06-29 08:50:02.511,17600,17602,17601,1,-1
2021-06-29 08:50:02.692,17601,17602,17601,2,-2
2021-06-29 08:50:03.837,17600,17601,17601,1,1
2021-06-29 08:50:04.322,17600,17601,17600,1,-1
2021-06-29 08:50:04.331,17600,17601,17600,1,-1
2021-06-29 08:50:04.356,17600,17601,17599,1,-1
2021-06-29 08:50:04.384,17600,17601,17599,1,-1
2021-06-29 08:50:04.519,17599,17601,17599,1,-1
2021-06-29 08:50:04.924,17599,17601,17601,2,2
2021-06-29 08:50:04.966,17599,17601,17600,1,-1
2021-06-29 08:50:06.441,17600,17601,17600,2,-2
2021-06-29 08:50:10.005,17601,17602,17601,1,1
2021-06-29 08:50:10.526,17601,17602,17602,1,1
2021-06-29 08:50:10.945,17601,17602,17601,1,-1
2021-06-29 08:50:11.258,17601,17602,17601,3,-3
2021-06-29 08:50:12.036,17600,17601,17601,1,1
2021-06-29 08:50:13.718,17600,17601,17601,2,2
2021-06-29 08:50:14.166,17600,17601,17601,2,2
2021-06-29 08:50:14.279,17600,17601,17601,1,1
2021-06-29 08:50:14.412,17600,17602,17600,3,-3
2021-06-29 08:50:15.324,17601,17602,17602,1,1
2021-06-29 08:50:15.324,17601,17602,17602,2,2
2021-06-29 08:50:15.325,17601,17602,17602,2,2
2021-06-29 08:50:15.480,17602,17603,17602,1,-1
2021-06-29 08:50:15.516,17602,17603,17602,1,-1
2021-06-29 08:50:15.936,17601,17603,17603,2,2
2021-06-29 08:50:18.461,17602,17603,17603,1,1
2021-06-29 08:50:18.744,17602,17603,17602,7,-7
2021-06-29 08:50:19.415,17601,17602,17602,1,1
2021-06-29 08:50:20.629,17601,17602,17602,2,2
2021-06-29 08:50:20.781,17601,17602,17602,1,1
2021-06-29 08:50:21.629,17602,17603,17603,3,3
2021-06-29 08:50:21.647,17602,17603,17602,1,-1
2021-06-29 08:50:23.258,17601,17603,17601,1,-1
2021-06-29 08:50:25.030,17602,17603,17602,1,1
2021-06-29 08:50:25.623,17601,17602,17601,1,-1
2021-06-29 08:50:26.108,17601,17602,17602,1,1
2021-06-29 08:50:26.211,17601,17603,17603,1,1
2021-06-29 08:50:26.640,17601,17603,17601,8,-8
2021-06-29 08:50:26.641,17601,17603,17601,1,-1
2021-06-29 08:50:26.684,17600,17601,17601,1,1
2021-06-29 08:50:27.120,17601,17602,17602,1,1
2021-06-29 08:50:28.604,17601,17603,17603,1,1
2021-06-29 08:50:30.932,17601,17602,17602,1,1
2021-06-29 08:50:31.022,17601,17602,17602,1,1
2021-06-29 08:50:32.842,17602,17603,17602,2,-2
2021-06-29 08:50:33.342,17601,17603,17601,6,-6
2021-06-29 08:50:33.342,17601,17603,17600,22,-22
2021-06-29 08:50:33.390,17601,17603,17601,1,1
2021-06-29 08:50:33.390,17601,17603,17602,1,1
2021-06-29 08:50:33.397,17601,17603,17601,1,-1
2021-06-29 08:50:33.576,17600,17601,17601,1,1
2021-06-29 08:50:35.898,17600,17601,17601,1,1
2021-06-29 08:50:35.899,17600,17601,17601,2,2
2021-06-29 08:50:35.953,17600,17602,17600,1,-1
2021-06-29 08:50:38.171,17600,17601,17601,1,1
2021-06-29 08:50:40.901,17602,17603,17603,7,7
2021-06-29 08:50:41.754,17602,17604,17603,1,-1
2021-06-29 08:50:43.047,17602,17603,17602,1,-1
2021-06-29 08:50:43.334,17602,17603,17602,9,-9
2021-06-29 08:50:43.774,17601,17602,17601,1,-1
2021-06-29 08:50:44.014,17601,17602,17601,1,-1
2021-06-29 08:50:44.862,17600,17602,17602,1,1
2021-06-29 08:50:45.467,17601,17602,17602,1,1
2021-06-29 08:50:47.618,17601,17602,17601,3,-3
2021-06-29 08:50:48.770,17601,17602,17602,1,1
2021-06-29 08:50:49.983,17602,17603,17603,5,5
2021-06-29 08:50:50.393,17602,17603,17602,1,-1
2021-06-29 08:50:50.557,17602,17603,17602,1,-1
2021-06-29 08:50:50.698,17602,17603,17603,1,1
2021-06-29 08:50:50.834,17602,17603,17602,1,-1
2021-06-29 08:50:52.344,17602,17603,17602,1,-1
2021-06-29 08:50:52.599,17602,17603,17603,2,2
2021-06-29 08:50:53.267,17602,17603,17603,2,2
2021-06-29 08:50:53.988,17602,17603,17602,2,-2
2021-06-29 08:50:54.470,17602,17603,17602,1,-1
2021-06-29 08:50:55.665,17602,17603,17603,2,2
2021-06-29 08:50:57.251,17602,17604,17602,1,-1
2021-06-29 08:50:59.308,17602,17603,17602,1,-1
2021-06-29 08:50:59.815,17602,17603,17602,1,-1
2021-06-29 08:51:00.399,17601,17603,17603,1,1
2021-06-29 08:51:00.478,17602,17603,17601,10,-10
2021-06-29 08:51:00.770,17601,17603,17603,1,1
2021-06-29 08:51:01.125,17601,17603,17603,1,1
2021-06-29 08:51:01.142,17601,17603,17604,1,1
2021-06-29 08:51:01.165,17602,17604,17602,1,-1
2021-06-29 08:51:01.167,17602,17604,17602,1,-1
2021-06-29 08:51:01.500,17601,17603,17601,7,-7
2021-06-29 08:51:01.500,17601,17603,17600,23,-23
2021-06-29 08:51:01.510,17601,17603,17601,1,1
2021-06-29 08:51:01.590,17600,17602,17600,1,-1
2021-06-29 08:51:02.035,17600,17601,17600,2,-2
2021-06-29 08:51:02.182,17599,17601,17599,5,-5
2021-06-29 08:51:02.427,17599,17600,17600,1,1
2021-06-29 08:51:02.601,17600,17601,17601,1,1
2021-06-29 08:51:02.767,17600,17601,17601,1,1
2021-06-29 08:51:03.519,17600,17601,17600,1,-1
2021-06-29 08:51:03.519,17600,17601,17599,4,-4
2021-06-29 08:51:04.584,17599,17600,17600,1,1
2021-06-29 08:51:05.253,17599,17600,17599,6,-6
2021-06-29 08:51:05.408,17599,17600,17600,2,2
2021-06-29 08:51:05.566,17599,17600,17600,1,1
2021-06-29 08:51:05.674,17599,17600,17599,3,-3
2021-06-29 08:51:06.058,17599,17600,17599,6,-6
2021-06-29 08:51:06.058,17599,17600,17598,10,-10
2021-06-29 08:51:06.405,17598,17599,17598,12,-12
2021-06-29 08:51:07.321,17597,17598,17598,1,1
2021-06-29 08:51:07.413,17597,17598,17597,1,-1
2021-06-29 08:51:07.788,17597,17598,17598,1,1
2021-06-29 08:51:07.823,17597,17598,17598,1,1
2021-06-29 08:51:07.915,17597,17598,17598,1,1
2021-06-29 08:51:08.750,17597,17598,17598,1,1
2021-06-29 08:51:08.966,17597,17598,17598,1,1
2021-06-29 08:51:09.231,17597,17598,17597,1,-1
2021-06-29 08:51:10.053,17597,17598,17597,2,-2
2021-06-29 08:51:10.069,17597,17598,17598,10,10
2021-06-29 08:51:10.150,17597,17598,17598,2,2
2021-06-29 08:51:10.628,17597,17598,17598,1,1
2021-06-29 08:51:10.664,17597,17598,17598,1,1
2021-06-29 08:51:11.451,17598,17599,17598,6,-6
2021-06-29 08:51:11.451,17598,17599,17597,4,-4
2021-06-29 08:51:11.980,17597,17599,17599,4,4
2021-06-29 08:51:11.980,17597,17599,17600,1,1
2021-06-29 08:51:13.240,17598,17600,17598,1,-1
2021-06-29 08:51:13.399,17598,17600,17598,1,-1
2021-06-29 08:51:15.977,17598,17600,17598,1,-1
2021-06-29 08:51:16.198,17598,17600,17598,2,-2
2021-06-29 08:51:16.365,17598,17600,17598,1,-1
2021-06-29 08:51:16.843,17598,17599,17598,1,-1
2021-06-29 08:51:17.250,17598,17599,17598,3,-3
2021-06-29 08:51:17.288,17598,17599,17598,1,-1
2021-06-29 08:51:17.627,17598,17599,17598,1,-1
2021-06-29 08:51:17.830,17598,17599,17598,3,-3
2021-06-29 08:51:17.896,17598,17599,17598,1,-1
2021-06-29 08:51:18.216,17598,17599,17598,1,-1
2021-06-29 08:51:18.467,17598,17599,17598,1,-1
2021-06-29 08:51:18.495,17598,17599,17598,1,-1
2021-06-29 08:51:18.821,17598,17599,17598,1,-1
2021-06-29 08:51:19.052,17598,17599,17598,1,-1
2021-06-29 08:51:19.262,17598,17599,17598,1,-1
2021-06-29 08:51:19.429,17597,17598,17598,1,1
2021-06-29 08:51:19.841,17597,17598,17598,1,1
2021-06-29 08:51:21.091,17597,17598,17598,2,2
2021-06-29 08:51:21.202,17597,17598,17598,2,2
2021-06-29 08:51:21.688,17597,17598,17598,1,1
2021-06-29 08:51:21.815,17597,17598,17598,1,1
2021-06-29 08:51:22.118,17597,17598,17597,2,-2
2021-06-29 08:51:22.193,17597,17598,17597,1,-1
2021-06-29 08:51:23.435,17597,17598,17598,1,1
2021-06-29 08:51:25.256,17597,17598,17597,1,-1
2021-06-29 08:51:25.626,17597,17598,17598,1,1
2021-06-29 08:51:25.671,17597,17598,17597,1,-1
2021-06-29 08:51:25.886,17597,17598,17597,1,-1
2021-06-29 08:51:26.085,17597,17598,17597,1,-1
2021-06-29 08:51:26.269,17597,17598,17598,1,1
2021-06-29 08:51:27.156,17597,17598,17598,1,1
2021-06-29 08:51:27.163,17597,17598,17597,1,-1
2021-06-29 08:51:27.163,17597,17598,17597,1,-1
2021-06-29 08:51:27.163,17597,17598,17597,1,-1
2021-06-29 08:51:27.164,17597,17598,17597,1,-1
2021-06-29 08:51:27.681,17597,17598,17597,1,-1
2021-06-29 08:51:27.908,17597,17598,17598,1,1
2021-06-29 08:51:28.978,17597,17598,17597,1,-1
2021-06-29 08:51:30.788,17597,17598,17597,3,-3
2021-06-29 08:51:30.788,17597,17598,17597,1,-1
2021-06-29 08:51:30.788,17597,17598,17597,1,-1
2021-06-29 08:51:30.909,17597,17598,17597,5,-5
2021-06-29 08:51:30.910,17597,17598,17597,1,-1
2021-06-29 08:51:30.910,17597,17598,17597,1,-1
2021-06-29 08:51:30.910,17597,17598,17597,1,-1
2021-06-29 08:51:30.914,17596,17597,17597,1,1
2021-06-29 08:51:31.406,17596,17597,17596,15,-15
2021-06-29 08:51:31.406,17596,17597,17596,4,-4
2021-06-29 08:51:31.407,17596,17597,17596,1,-1
2021-06-29 08:51:31.407,17596,17597,17596,1,-1
2021-06-29 08:51:31.407,17596,17597,17596,1,-1
2021-06-29 08:51:31.408,17596,17597,17596,1,-1
2021-06-29 08:51:31.408,17596,17597,17596,1,-1
2021-06-29 08:51:32.407,17595,17597,17596,2,-2
2021-06-29 08:51:33.134,17595,17596,17596,1,1
2021-06-29 08:51:34.303,17595,17596,17596,1,1
2021-06-29 08:51:34.619,17595,17596,17596,1,1
2021-06-29 08:51:34.619,17595,17596,17596,1,1
2021-06-29 08:51:34.620,17595,17596,17596,8,8
2021-06-29 08:51:34.655,17595,17596,17597,1,1
2021-06-29 08:51:34.712,17596,17597,17596,2,-2
2021-06-29 08:51:34.825,17595,17597,17597,1,1
2021-06-29 08:51:35.120,17595,17597,17595,1,-1
2021-06-29 08:51:35.176,17595,17597,17595,7,-7
2021-06-29 08:51:35.418,17595,17597,17595,1,-1
2021-06-29 08:51:36.106,17595,17596,17595,1,-1
2021-06-29 08:51:36.162,17595,17596,17595,1,-1
2021-06-29 08:51:36.710,17595,17596,17595,1,-1
2021-06-29 08:51:37.575,17595,17596,17595,1,-1
2021-06-29 08:51:37.974,17595,17596,17595,1,-1
2021-06-29 08:51:38.294,17595,17596,17595,2,-2
2021-06-29 08:51:38.403,17595,17596,17595,3,-3
2021-06-29 08:51:38.985,17595,17596,17595,5,-5
2021-06-29 08:51:41.029,17595,17596,17596,1,1
2021-06-29 08:51:41.151,17595,17596,17596,13,13
2021-06-29 08:51:41.594,17596,17597,17597,4,4
2021-06-29 08:51:41.595,17596,17597,17597,1,1
2021-06-29 08:51:41.675,17597,17598,17597,1,-1
2021-06-29 08:51:42.528,17596,17598,17596,5,-5
2021-06-29 08:51:43.524,17596,17598,17597,1,1
2021-06-29 08:51:43.656,17596,17598,17596,5,-5
2021-06-29 08:51:43.700,17596,17598,17596,1,-1
2021-06-29 08:51:43.755,17596,17598,17596,3,-3
2021-06-29 08:51:44.080,17596,17597,17596,4,-4
2021-06-29 08:51:45.018,17597,17598,17597,1,1
2021-06-29 08:51:47.589,17597,17598,17597,1,-1
2021-06-29 08:51:47.686,17596,17598,17596,2,-2
2021-06-29 08:51:49.415,17597,17598,17598,1,1
2021-06-29 08:51:49.693,17597,17598,17597,1,-1
2021-06-29 08:51:49.821,17597,17598,17597,1,-1
2021-06-29 08:51:49.958,17597,17598,17597,1,-1
2021-06-29 08:51:52.574,17597,17598,17598,1,1
2021-06-29 08:51:53.848,17597,17598,17598,1,1
2021-06-29 08:51:55.446,17597,17598,17598,1,1
2021-06-29 08:51:55.924,17597,17598,17597,5,-5
2021-06-29 08:51:56.334,17597,17598,17597,3,-3
2021-06-29 08:51:57.679,17597,17598,17597,2,-2
2021-06-29 08:51:57.773,17597,17598,17597,2,-2
2021-06-29 08:51:58.605,17597,17598,17598,6,6
2021-06-29 08:51:59.813,17597,17598,17598,1,1
2021-06-29 08:52:00.571,17597,17598,17598,1,1
2021-06-29 08:52:00.726,17597,17598,17597,5,-5
2021-06-29 08:52:00.726,17597,17598,17596,5,-5
2021-06-29 08:52:00.735,17597,17598,17598,1,1
2021-06-29 08:52:01.284,17596,17598,17596,1,-1
2021-06-29 08:52:02.430,17596,17598,17596,1,-1
2021-06-29 08:52:04.837,17596,17597,17596,1,-1
2021-06-29 08:52:05.031,17596,17597,17597,1,1
2021-06-29 08:52:05.038,17596,17598,17598,5,5
2021-06-29 08:52:05.042,17596,17598,17598,1,1
2021-06-29 08:52:05.049,17596,17598,17598,1,1
2021-06-29 08:52:05.098,17596,17598,17597,1,-1
2021-06-29 08:52:05.098,17596,17598,17597,1,-1
2021-06-29 08:52:05.739,17597,17598,17597,1,-1
2021-06-29 08:52:06.345,17597,17598,17597,2,-2
2021-06-29 08:52:06.345,17597,17598,17596,1,-1
2021-06-29 08:52:06.636,17596,17598,17596,1,-1
2021-06-29 08:52:08.035,17596,17597,17597,2,2
2021-06-29 08:52:08.053,17596,17598,17596,1,-1
2021-06-29 08:52:10.902,17597,17598,17597,3,3
2021-06-29 08:52:11.468,17597,17598,17597,1,-1
2021-06-29 08:52:14.245,17597,17598,17598,1,1
2021-06-29 08:52:14.404,17597,17598,17597,4,-4
2021-06-29 08:52:14.404,17597,17598,17596,6,-6
2021-06-29 08:52:15.481,17596,17598,17597,1,1
2021-06-29 08:52:16.394,17596,17598,17596,1,-1
2021-06-29 08:52:17.542,17596,17598,17596,3,-3
2021-06-29 08:52:17.628,17596,17598,17596,5,-5
2021-06-29 08:52:19.884,17596,17597,17596,5,-5
2021-06-29 08:52:20.054,17596,17597,17596,1,-1
2021-06-29 08:52:20.054,17596,17597,17596,2,-2
2021-06-29 08:52:20.157,17596,17597,17596,1,-1
2021-06-29 08:52:20.174,17595,17596,17596,1,1
2021-06-29 08:52:20.290,17595,17596,17596,1,1
2021-06-29 08:52:20.490,17596,17597,17596,1,-1
2021-06-29 08:52:21.690,17595,17596,17596,1,1
2021-06-29 08:52:22.657,17595,17596,17595,1,-1
2021-06-29 08:52:23.000,17595,17596,17595,8,-8
2021-06-29 08:52:23.001,17595,17596,17595,14,-14
2021-06-29 08:52:23.001,17595,17596,17595,20,-20
2021-06-29 08:52:23.103,17594,17595,17594,4,-4
2021-06-29 08:52:23.123,17594,17595,17594,2,-2
2021-06-29 08:52:23.162,17594,17595,17594,16,-16
2021-06-29 08:52:23.200,17594,17595,17593,2,-2
2021-06-29 08:52:23.236,17594,17595,17593,4,-4
2021-06-29 08:52:23.320,17593,17594,17593,2,-2
2021-06-29 08:52:23.379,17593,17594,17593,8,-8
2021-06-29 08:52:23.486,17593,17594,17593,1,-1
2021-06-29 08:52:23.488,17593,17594,17592,1,-1
2021-06-29 08:52:23.493,17593,17594,17592,8,-8
2021-06-29 08:52:23.702,17592,17594,17592,2,-2
2021-06-29 08:52:23.719,17592,17594,17594,1,1
2021-06-29 08:52:23.854,17592,17594,17592,8,-8
2021-06-29 08:52:24.153,17592,17594,17592,4,-4
2021-06-29 08:52:24.246,17592,17594,17592,1,-1
2021-06-29 08:52:24.257,17592,17594,17592,1,-1
2021-06-29 08:52:25.088,17592,17594,17592,3,-3
2021-06-29 08:52:27.438,17592,17593,17592,3,-3
2021-06-29 08:52:27.718,17592,17593,17593,1,1
2021-06-29 08:52:27.756,17592,17593,17592,1,-1
2021-06-29 08:52:28.092,17592,17593,17592,1,-1
2021-06-29 08:52:28.809,17592,17593,17592,2,-2
2021-06-29 08:52:29.219,17591,17592,17592,1,1
2021-06-29 08:52:29.267,17591,17592,17592,1,1
2021-06-29 08:52:29.388,17591,17592,17592,1,1
2021-06-29 08:52:29.606,17591,17592,17592,2,2
2021-06-29 08:52:29.646,17591,17592,17592,5,5
2021-06-29 08:52:30.900,17592,17593,17593,1,1
2021-06-29 08:52:30.981,17592,17593,17592,1,-1
2021-06-29 08:52:31.558,17592,17593,17593,1,1
2021-06-29 08:52:31.839,17592,17594,17592,1,-1
2021-06-29 08:52:32.514,17592,17594,17592,1,-1
2021-06-29 08:52:32.816,17592,17594,17594,1,1
2021-06-29 08:52:32.865,17592,17594,17594,4,4
2021-06-29 08:52:32.865,17592,17594,17595,1,1
2021-06-29 08:52:33.457,17593,17595,17595,1,1
2021-06-29 08:52:33.891,17594,17596,17596,1,1
2021-06-29 08:52:34.091,17594,17596,17594,5,-5
2021-06-29 08:52:34.669,17594,17595,17595,1,1
2021-06-29 08:52:34.736,17594,17595,17594,1,-1
2021-06-29 08:52:35.303,17594,17595,17594,1,-1
2021-06-29 08:52:35.395,17594,17595,17595,1,1
2021-06-29 08:52:36.231,17594,17596,17596,5,5
2021-06-29 08:52:36.232,17594,17596,17596,1,1
2021-06-29 08:52:36.604,17596,17597,17596,2,-2
2021-06-29 08:52:39.106,17595,17597,17597,1,1
2021-06-29 08:52:40.133,17595,17597,17597,1,1
2021-06-29 08:52:40.677,17595,17597,17595,9,-9
2021-06-29 08:52:40.678,17595,17597,17595,1,-1
2021-06-29 08:52:41.885,17594,17595,17595,1,1
2021-06-29 08:52:43.437,17593,17594,17594,1,1
2021-06-29 08:52:45.074,17593,17594,17594,1,1
2021-06-29 08:52:45.246,17593,17594,17593,1,-1
2021-06-29 08:52:45.328,17592,17593,17593,1,1
2021-06-29 08:52:47.811,17592,17593,17593,1,1
2021-06-29 08:52:49.483,17592,17593,17593,1,1
2021-06-29 08:52:49.639,17592,17593,17593,1,1
2021-06-29 08:52:49.951,17592,17593,17593,1,1
2021-06-29 08:52:49.951,17592,17593,17593,1,1
2021-06-29 08:52:50.900,17592,17593,17593,1,1
2021-06-29 08:52:51.929,17592,17593,17593,3,3
2021-06-29 08:52:51.929,17592,17593,17593,5,5
2021-06-29 08:52:52.011,17592,17593,17593,1,1
2021-06-29 08:52:53.928,17592,17593,17592,5,-5
2021-06-29 08:52:54.542,17592,17593,17593,2,2
2021-06-29 08:52:55.613,17592,17593,17593,3,3
2021-06-29 08:52:55.613,17592,17593,17594,8,8
2021-06-29 08:52:55.613,17592,17593,17595,11,11
2021-06-29 08:52:55.693,17595,17597,17595,2,-2
2021-06-29 08:52:57.495,17595,17597,17595,1,-1
2021-06-29 08:52:58.342,17595,17596,17596,2,2
2021-06-29 08:52:58.412,17595,17596,17596,2,2
2021-06-29 08:52:58.429,17595,17596,17597,1,1
2021-06-29 08:52:58.799,17595,17596,17596,2,2
2021-06-29 08:52:59.808,17595,17597,17595,1,-1
2021-06-29 08:53:00.747,17595,17597,17595,1,-1
2021-06-29 08:53:02.317,17596,17597,17596,1,1
2021-06-29 08:53:02.514,17595,17597,17596,1,-1
2021-06-29 08:53:04.331,17596,17597,17596,2,-2
2021-06-29 08:53:05.027,17596,17597,17597,1,1
2021-06-29 08:53:05.412,17596,17597,17597,4,4
2021-06-29 08:53:05.834,17596,17598,17596,1,-1
2021-06-29 08:53:06.280,17597,17598,17597,1,1
2021-06-29 08:53:07.447,17596,17598,17596,1,-1
2021-06-29 08:53:07.717,17597,17598,17597,1,1
2021-06-29 08:53:07.931,17596,17598,17598,1,1
2021-06-29 08:53:08.825,17597,17598,17598,2,2
2021-06-29 08:53:12.068,17597,17598,17598,1,1
2021-06-29 08:53:12.072,17597,17598,17598,1,1
2021-06-29 08:53:14.271,17597,17598,17598,13,13
2021-06-29 08:53:14.414,17597,17599,17597,1,-1
2021-06-29 08:53:14.869,17598,17599,17599,1,1
2021-06-29 08:53:14.916,17598,17599,17599,2,2
2021-06-29 08:53:14.916,17598,17599,17600,5,5
2021-06-29 08:53:14.946,17598,17599,17599,1,1
2021-06-29 08:53:15.660,17598,17599,17598,2,-2
2021-06-29 08:53:15.977,17597,17598,17598,1,1
2021-06-29 08:53:16.135,17597,17598,17598,1,1
2021-06-29 08:53:17.502,17597,17598,17598,1,1
2021-06-29 08:53:17.562,17597,17598,17598,1,1
2021-06-29 08:53:17.840,17597,17599,17599,1,1
2021-06-29 08:53:18.060,17597,17599,17597,3,-3
2021-06-29 08:53:24.746,17597,17598,17598,1,1
2021-06-29 08:53:26.322,17597,17598,17598,1,1
2021-06-29 08:53:30.541,17598,17599,17598,1,-1
2021-06-29 08:53:31.514,17598,17599,17599,1,1
2021-06-29 08:53:31.972,17598,17599,17598,2,-2
2021-06-29 08:53:32.173,17598,17599,17599,1,1
2021-06-29 08:53:32.304,17598,17599,17599,2,2
2021-06-29 08:53:33.816,17598,17599,17599,1,1
2021-06-29 08:53:33.999,17598,17599,17599,1,1
2021-06-29 08:53:34.359,17598,17599,17599,1,1
2021-06-29 08:53:36.841,17598,17599,17599,1,1
2021-06-29 08:53:39.151,17598,17599,17599,1,1
2021-06-29 08:53:40.653,17598,17599,17598,30,-30
2021-06-29 08:53:43.744,17597,17598,17598,1,1
2021-06-29 08:53:43.811,17597,17598,17597,1,-1
2021-06-29 08:53:45.654,17597,17598,17598,4,4
2021-06-29 08:53:45.983,17598,17599,17598,1,-1
2021-06-29 08:53:47.271,17598,17599,17598,1,-1
2021-06-29 08:53:48.020,17597,17599,17597,7,-7
2021-06-29 08:53:48.338,17596,17598,17596,8,-8
2021-06-29 08:53:48.439,17595,17596,17595,86,-86
2021-06-29 08:53:48.441,17595,17596,17594,1,-1
2021-06-29 08:53:48.537,17594,17596,17594,2,-2
2021-06-29 08:53:48.672,17593,17595,17593,2,-2
2021-06-29 08:53:48.795,17593,17595,17595,3,3
2021-06-29 08:53:48.833,17593,17595,17594,3,-3
2021-06-29 08:53:50.966,17593,17594,17594,1,1
2021-06-29 08:53:52.019,17593,17594,17594,2,2
2021-06-29 08:53:53.437,17593,17594,17593,1,-1
2021-06-29 08:53:53.968,17593,17594,17594,1,1
2021-06-29 08:53:55.554,17593,17594,17594,1,1
2021-06-29 08:53:56.316,17593,17594,17594,1,1
2021-06-29 08:53:56.481,17593,17594,17594,1,1
2021-06-29 08:53:58.286,17594,17595,17594,4,-4
2021-06-29 08:53:58.287,17594,17595,17594,1,-1
2021-06-29 08:53:58.381,17594,17595,17594,1,-1
2021-06-29 08:53:59.329,17593,17594,17594,1,1
2021-06-29 08:54:00.045,17593,17594,17593,1,-1
2021-06-29 08:54:00.045,17593,17594,17593,6,-6
2021-06-29 08:54:00.045,17593,17594,17593,1,-1
2021-06-29 08:54:00.046,17593,17594,17592,1,-1
2021-06-29 08:54:00.047,17593,17594,17592,1,-1
2021-06-29 08:54:00.301,17592,17593,17593,1,1
2021-06-29 08:54:00.445,17592,17593,17592,1,-1
2021-06-29 08:54:00.592,17592,17593,17592,1,-1
2021-06-29 08:54:00.645,17592,17593,17592,4,-4
2021-06-29 08:54:00.645,17592,17593,17592,1,-1
2021-06-29 08:54:00.645,17592,17593,17592,5,-5
2021-06-29 08:54:00.701,17592,17593,17592,1,-1
2021-06-29 08:54:00.701,17592,17593,17592,1,-1
2021-06-29 08:54:00.756,17592,17593,17592,2,-2
2021-06-29 08:54:01.082,17592,17593,17592,2,-2
2021-06-29 08:54:01.474,17591,17592,17591,1,-1
2021-06-29 08:54:01.581,17591,17592,17591,1,-1
2021-06-29 08:54:01.582,17591,17592,17591,6,-6
2021-06-29 08:54:01.662,17591,17592,17591,1,-1
2021-06-29 08:54:01.668,17591,17592,17591,2,-2
2021-06-29 08:54:01.676,17591,17592,17591,1,-1
2021-06-29 08:54:01.726,17591,17592,17591,2,-2
2021-06-29 08:54:01.727,17591,17592,17591,1,-1
2021-06-29 08:54:01.780,17591,17592,17591,4,-4
2021-06-29 08:54:01.780,17591,17592,17591,13,-13
2021-06-29 08:54:01.781,17591,17592,17591,1,-1
2021-06-29 08:54:01.801,17590,17591,17590,1,-1
2021-06-29 08:54:01.890,17590,17591,17590,1,-1
2021-06-29 08:54:01.924,17590,17591,17590,1,-1
2021-06-29 08:54:01.948,17590,17591,17590,1,-1
2021-06-29 08:54:01.954,17590,17591,17590,5,-5
2021-06-29 08:54:01.973,17590,17591,17590,1,-1
2021-06-29 08:54:01.975,17590,17591,17590,1,-1
2021-06-29 08:54:01.976,17590,17591,17590,5,-5
2021-06-29 08:54:01.976,17590,17591,17590,1,-1
2021-06-29 08:54:01.976,17590,17591,17590,1,-1
2021-06-29 08:54:01.976,17590,17591,17590,1,-1
2021-06-29 08:54:01.980,17590,17591,17590,5,-5
2021-06-29 08:54:01.996,17590,17591,17590,2,-2
2021-06-29 08:54:01.996,17590,17591,17590,8,-8
2021-06-29 08:54:01.997,17590,17591,17590,1,-1
2021-06-29 08:54:01.997,17590,17591,17590,1,-1
2021-06-29 08:54:01.997,17590,17591,17590,1,-1
2021-06-29 08:54:01.997,17590,17591,17590,1,-1
2021-06-29 08:54:01.997,17590,17591,17590,1,-1
2021-06-29 08:54:01.997,17590,17591,17590,1,-1
2021-06-29 08:54:01.997,17590,17591,17590,1,-1
2021-06-29 08:54:01.998,17590,17591,17590,1,-1
2021-06-29 08:54:02.042,17589,17590,17589,1,-1
2021-06-29 08:54:02.048,17589,17590,17589,1,-1
2021-06-29 08:54:02.071,17589,17590,17589,1,-1
2021-06-29 08:54:02.169,17589,17590,17589,7,-7
2021-06-29 08:54:02.188,17589,17590,17588,1,-1
2021-06-29 08:54:02.247,17589,17590,17588,1,-1
2021-06-29 08:54:02.259,17589,17590,17588,1,-1
2021-06-29 08:54:02.270,17589,17590,17588,1,-1
2021-06-29 08:54:02.271,17589,17590,17588,1,-1
2021-06-29 08:54:02.285,17589,17590,17588,2,-2
2021-06-29 08:54:02.327,17588,17589,17588,1,-1
2021-06-29 08:54:02.365,17588,17589,17588,1,-1
2021-06-29 08:54:02.367,17588,17589,17588,1,-1
2021-06-29 08:54:02.369,17588,17589,17588,1,-1
2021-06-29 08:54:02.371,17588,17589,17588,2,-2
2021-06-29 08:54:02.374,17588,17589,17588,1,-1
2021-06-29 08:54:02.375,17588,17589,17588,2,-2
2021-06-29 08:54:02.376,17588,17589,17588,1,-1
2021-06-29 08:54:02.387,17588,17589,17588,1,-1
2021-06-29 08:54:02.387,17588,17589,17587,5,-5
2021-06-29 08:54:02.399,17588,17589,17587,1,-1
2021-06-29 08:54:02.404,17588,17589,17587,4,-4
2021-06-29 08:54:02.469,17587,17588,17587,2,-2
2021-06-29 08:54:02.481,17587,17588,17587,2,-2
2021-06-29 08:54:02.521,17587,17588,17587,1,-1
2021-06-29 08:54:02.533,17587,17588,17587,1,-1
2021-06-29 08:54:02.573,17587,17588,17587,1,-1
2021-06-29 08:54:02.594,17587,17588,17587,1,-1
2021-06-29 08:54:02.610,17587,17588,17587,1,-1
2021-06-29 08:54:02.611,17587,17588,17587,1,-1
2021-06-29 08:54:02.611,17587,17588,17587,1,-1
2021-06-29 08:54:02.623,17587,17588,17586,10,-10
2021-06-29 08:54:02.626,17587,17588,17586,1,-1
2021-06-29 08:54:02.643,17587,17588,17585,1,-1
2021-06-29 08:54:02.643,17587,17588,17585,9,-9
2021-06-29 08:54:02.654,17587,17588,17585,1,-1
2021-06-29 08:54:02.654,17587,17588,17585,1,-1
2021-06-29 08:54:02.673,17585,17586,17585,1,-1
2021-06-29 08:54:02.677,17585,17586,17585,1,-1
2021-06-29 08:54:02.679,17585,17586,17585,1,-1
2021-06-29 08:54:02.681,17585,17586,17585,6,-6
2021-06-29 08:54:02.681,17585,17586,17585,2,-2
2021-06-29 08:54:02.686,17585,17586,17584,1,-1
2021-06-29 08:54:02.687,17585,17586,17584,1,-1
2021-06-29 08:54:02.689,17585,17586,17584,1,-1
2021-06-29 08:54:02.731,17585,17586,17584,1,-1
2021-06-29 08:54:02.738,17585,17586,17584,1,-1
2021-06-29 08:54:02.754,17585,17586,17584,1,-1
2021-06-29 08:54:02.792,17584,17585,17584,1,-1
2021-06-29 08:54:02.826,17584,17585,17585,1,1
2021-06-29 08:54:02.834,17584,17585,17585,4,4
2021-06-29 08:54:02.834,17584,17585,17584,3,-3
2021-06-29 08:54:02.840,17584,17585,17584,1,-1
2021-06-29 08:54:02.848,17584,17585,17584,1,-1
2021-06-29 08:54:02.859,17584,17585,17584,1,-1
2021-06-29 08:54:02.901,17584,17585,17584,1,-1
2021-06-29 08:54:02.905,17584,17585,17584,1,-1
2021-06-29 08:54:02.911,17583,17585,17585,1,1
2021-06-29 08:54:02.934,17583,17585,17585,1,1
2021-06-29 08:54:02.937,17583,17585,17584,1,-1
2021-06-29 08:54:02.952,17583,17585,17584,1,-1
2021-06-29 08:54:02.952,17583,17585,17583,1,-1
2021-06-29 08:54:02.971,17583,17585,17583,1,-1
2021-06-29 08:54:02.974,17583,17585,17583,2,-2
2021-06-29 08:54:02.976,17583,17585,17583,3,-3
2021-06-29 08:54:02.977,17583,17585,17583,1,-1
2021-06-29 08:54:02.978,17583,17585,17583,1,-1
2021-06-29 08:54:02.978,17583,17585,17583,1,-1
2021-06-29 08:54:02.989,17583,17585,17582,1,-1
2021-06-29 08:54:03.001,17583,17585,17582,1,-1
2021-06-29 08:54:03.002,17583,17585,17582,1,-1
2021-06-29 08:54:03.002,17583,17585,17582,1,-1
2021-06-29 08:54:03.008,17583,17585,17582,2,-2
2021-06-29 08:54:03.010,17583,17585,17582,1,-1
2021-06-29 08:54:03.022,17583,17585,17582,1,-1
2021-06-29 08:54:03.046,17582,17584,17582,2,-2
2021-06-29 08:54:03.050,17582,17584,17582,2,-2
2021-06-29 08:54:03.060,17582,17584,17582,2,-2
2021-06-29 08:54:03.062,17582,17584,17582,1,-1
2021-06-29 08:54:03.081,17582,17584,17582,1,-1
2021-06-29 08:54:03.083,17582,17584,17582,1,-1
2021-06-29 08:54:03.087,17582,17584,17582,5,-5
2021-06-29 08:54:03.087,17582,17584,17581,11,-11
2021-06-29 08:54:03.089,17582,17584,17582,1,1
2021-06-29 08:54:03.099,17582,17584,17582,2,-2
2021-06-29 08:54:03.118,17582,17584,17581,1,-1
2021-06-29 08:54:03.119,17582,17584,17581,1,-1
2021-06-29 08:54:03.129,17582,17584,17581,1,-1
2021-06-29 08:54:03.151,17582,17584,17581,1,-1
2021-06-29 08:54:03.162,17581,17583,17581,1,-1
2021-06-29 08:54:03.166,17581,17583,17581,5,-5
2021-06-29 08:54:03.166,17581,17583,17581,5,-5
2021-06-29 08:54:03.167,17581,17583,17581,2,-2
2021-06-29 08:54:03.167,17581,17583,17580,3,-3
2021-06-29 08:54:03.184,17581,17583,17580,1,-1
2021-06-29 08:54:03.203,17581,17583,17580,1,-1
2021-06-29 08:54:03.210,17581,17583,17580,1,-1
2021-06-29 08:54:03.221,17581,17583,17580,1,-1
2021-06-29 08:54:03.222,17581,17583,17580,2,-2
2021-06-29 08:54:03.227,17581,17583,17582,1,1
2021-06-29 08:54:03.234,17581,17583,17580,1,-1
2021-06-29 08:54:03.256,17581,17583,17580,1,-1
2021-06-29 08:54:03.262,17581,17583,17580,2,-2
2021-06-29 08:54:03.262,17581,17583,17580,1,-1
2021-06-29 08:54:03.263,17581,17583,17580,2,-2
2021-06-29 08:54:03.271,17581,17583,17580,3,-3
2021-06-29 08:54:03.275,17581,17583,17580,1,-1
2021-06-29 08:54:03.283,17581,17583,17580,1,-1
2021-06-29 08:54:03.286,17580,17582,17580,1,-1
2021-06-29 08:54:03.287,17580,17582,17580,1,-1
2021-06-29 08:54:03.289,17580,17582,17582,1,1
2021-06-29 08:54:03.292,17580,17582,17580,1,-1
2021-06-29 08:54:03.307,17580,17582,17580,1,-1
2021-06-29 08:54:03.314,17580,17582,17580,2,-2
2021-06-29 08:54:03.319,17580,17582,17580,1,-1
2021-06-29 08:54:03.325,17580,17582,17580,1,-1
2021-06-29 08:54:03.337,17580,17582,17580,1,-1
2021-06-29 08:54:03.345,17580,17582,17580,2,-2
2021-06-29 08:54:03.346,17580,17582,17580,2,-2
2021-06-29 08:54:03.359,17580,17582,17580,2,-2
2021-06-29 08:54:03.362,17580,17582,17580,1,-1
2021-06-29 08:54:03.364,17580,17582,17580,1,-1
2021-06-29 08:54:03.408,17580,17582,17580,2,-2
2021-06-29 08:54:03.409,17580,17582,17580,2,-2
2021-06-29 08:54:03.411,17580,17581,17580,1,-1
2021-06-29 08:54:03.444,17580,17581,17580,1,-1
2021-06-29 08:54:03.454,17580,17581,17580,1,-1
2021-06-29 08:54:03.522,17580,17581,17580,1,-1
2021-06-29 08:54:03.524,17580,17581,17580,2,-2
2021-06-29 08:54:03.537,17580,17582,17580,2,-2
2021-06-29 08:54:03.539,17580,17582,17580,1,-1
2021-06-29 08:54:03.616,17580,17582,17580,1,-1
2021-06-29 08:54:03.665,17580,17581,17580,1,-1
2021-06-29 08:54:03.666,17580,17581,17580,1,-1
2021-06-29 08:54:03.683,17580,17581,17581,1,1
2021-06-29 08:54:03.721,17580,17581,17580,2,-2
2021-06-29 08:54:03.741,17580,17581,17580,1,-1
2021-06-29 08:54:03.753,17580,17581,17580,1,-1
2021-06-29 08:54:03.810,17580,17581,17580,1,-1
2021-06-29 08:54:03.810,17580,17581,17580,1,-1
2021-06-29 08:54:03.810,17580,17581,17580,1,-1
2021-06-29 08:54:03.822,17580,17581,17580,1,-1
2021-06-29 08:54:03.822,17580,17581,17580,1,-1
2021-06-29 08:54:03.829,17580,17581,17581,6,6
2021-06-29 08:54:03.829,17580,17581,17582,7,7
2021-06-29 08:54:03.829,17580,17581,17583,10,10
2021-06-29 08:54:03.831,17580,17581,17583,1,1
2021-06-29 08:54:03.852,17580,17581,17583,1,1
2021-06-29 08:54:03.872,17580,17581,17585,1,1
2021-06-29 08:54:03.886,17580,17581,17585,1,1
2021-06-29 08:54:03.932,17584,17586,17584,1,-1
2021-06-29 08:54:04.000,17584,17586,17584,1,-1
2021-06-29 08:54:04.018,17584,17586,17584,1,-1
2021-06-29 08:54:04.052,17584,17586,17584,1,-1
2021-06-29 08:54:04.056,17584,17586,17584,1,-1
2021-06-29 08:54:04.064,17584,17586,17584,1,-1
2021-06-29 08:54:04.080,17584,17586,17584,1,-1
2021-06-29 08:54:04.084,17584,17586,17583,1,-1
2021-06-29 08:54:04.085,17584,17586,17583,1,-1
2021-06-29 08:54:04.095,17584,17586,17583,1,-1
2021-06-29 08:54:04.110,17584,17586,17583,1,-1
2021-06-29 08:54:04.128,17584,17586,17583,1,-1
2021-06-29 08:54:04.267,17584,17585,17584,1,1
2021-06-29 08:54:04.408,17584,17585,17584,2,-2
2021-06-29 08:54:04.448,17584,17585,17584,1,-1
2021-06-29 08:54:04.535,17584,17585,17585,1,1
2021-06-29 08:54:04.543,17584,17586,17584,1,-1
2021-06-29 08:54:04.545,17584,17586,17584,1,-1
2021-06-29 08:54:04.567,17584,17586,17584,1,-1
2021-06-29 08:54:04.624,17584,17586,17584,4,-4
2021-06-29 08:54:04.769,17583,17585,17584,1,-1
2021-06-29 08:54:04.783,17583,17585,17584,1,-1
2021-06-29 08:54:04.788,17584,17586,17584,1,-1
2021-06-29 08:54:04.793,17584,17586,17583,1,-1
2021-06-29 08:54:04.802,17584,17586,17583,1,-1
2021-06-29 08:54:04.810,17584,17586,17583,1,-1
2021-06-29 08:54:04.818,17584,17586,17583,1,-1
2021-06-29 08:54:04.825,17584,17586,17583,1,-1
2021-06-29 08:54:04.884,17584,17586,17583,1,-1
2021-06-29 08:54:04.899,17584,17586,17583,1,-1
2021-06-29 08:54:04.910,17584,17586,17583,1,-1
2021-06-29 08:54:05.118,17584,17586,17584,1,1
2021-06-29 08:54:05.265,17584,17585,17584,1,-1
2021-06-29 08:54:05.285,17584,17585,17585,1,1
2021-06-29 08:54:05.316,17584,17586,17584,2,-2
2021-06-29 08:54:05.384,17584,17586,17584,1,-1
2021-06-29 08:54:05.407,17584,17586,17584,1,-1
2021-06-29 08:54:05.408,17584,17586,17584,5,-5
2021-06-29 08:54:05.592,17583,17585,17583,1,-1
2021-06-29 08:54:05.793,17583,17585,17585,2,2
2021-06-29 08:54:05.806,17583,17585,17586,1,1
2021-06-29 08:54:05.865,17583,17585,17584,1,-1
2021-06-29 08:54:05.878,17583,17585,17584,4,-4
2021-06-29 08:54:05.878,17583,17585,17583,10,-10
2021-06-29 08:54:05.886,17583,17585,17583,1,-1
2021-06-29 08:54:05.909,17583,17585,17583,1,-1
2021-06-29 08:54:05.970,17583,17584,17584,1,1
2021-06-29 08:54:06.001,17583,17584,17583,1,-1
2021-06-29 08:54:06.016,17583,17584,17583,1,-1
2021-06-29 08:54:06.123,17583,17585,17584,1,1
2021-06-29 08:54:06.164,17583,17584,17583,2,-2
2021-06-29 08:54:06.217,17583,17584,17583,1,-1
2021-06-29 08:54:06.217,17583,17584,17583,1,-1
2021-06-29 08:54:06.294,17582,17584,17582,2,-2
2021-06-29 08:54:06.294,17582,17584,17581,12,-12
2021-06-29 08:54:06.294,17582,17584,17580,14,-14
2021-06-29 08:54:06.315,17582,17584,17579,1,-1
2021-06-29 08:54:06.317,17582,17584,17582,2,2
2021-06-29 08:54:06.432,17580,17582,17580,1,-1
2021-06-29 08:54:06.437,17580,17582,17579,1,-1
