2022-11-23 15:00:00.053,14603,14607,14605,36,36
2022-11-23 15:00:00.054,14604,14605,14605,1,1
2022-11-23 15:00:00.073,14604,14605,14604,1,-1
2022-11-23 15:00:00.327,14604,14606,14604,2,-2
2022-11-23 15:00:00.434,14603,14606,14603,4,-4
2022-11-23 15:00:00.516,14603,14606,14606,1,1
2022-11-23 15:00:00.593,14603,14606,14606,2,2
2022-11-23 15:00:00.871,14603,14606,14606,2,2
2022-11-23 15:00:00.871,14603,14606,14607,3,3
2022-11-23 15:00:00.892,14603,14606,14606,1,1
2022-11-23 15:00:00.927,14603,14606,14604,1,-1
2022-11-23 15:00:01.146,14603,14606,14606,1,1
2022-11-23 15:00:01.349,14603,14605,14604,1,1
2022-11-23 15:00:01.432,14603,14605,14603,2,-2
2022-11-23 15:00:01.648,14602,14605,14603,1,-1
2022-11-23 15:00:02.240,14602,14604,14602,5,-5
2022-11-23 15:00:02.424,14601,14604,14601,6,-6
2022-11-23 15:00:03.560,14601,14602,14602,1,1
2022-11-23 15:00:03.561,14601,14602,14602,1,1
2022-11-23 15:00:03.564,14601,14602,14602,1,1
2022-11-23 15:00:03.645,14601,14602,14602,1,1
2022-11-23 15:00:04.668,14601,14602,14602,1,1
2022-11-23 15:00:06.152,14601,14602,14602,1,1
2022-11-23 15:00:06.686,14601,14602,14602,2,2
2022-11-23 15:00:06.687,14601,14602,14602,1,1
2022-11-23 15:00:07.819,14601,14602,14602,1,1
2022-11-23 15:00:07.819,14601,14602,14602,21,21
2022-11-23 15:00:08.732,14601,14603,14603,1,1
2022-11-23 15:00:08.882,14601,14603,14603,1,1
2022-11-23 15:00:09.300,14602,14603,14603,1,1
2022-11-23 15:00:09.396,14602,14603,14603,1,1
2022-11-23 15:00:09.850,14603,14604,14604,2,2
2022-11-23 15:00:10.432,14603,14605,14603,1,-1
2022-11-23 15:00:10.812,14603,14604,14604,1,1
2022-11-23 15:00:11.642,14603,14604,14604,1,1
2022-11-23 15:00:11.812,14603,14604,14604,1,1
2022-11-23 15:00:12.562,14603,14604,14603,1,-1
2022-11-23 15:00:13.683,14603,14604,14603,1,-1
2022-11-23 15:00:14.466,14603,14604,14604,1,1
2022-11-23 15:00:14.647,14603,14604,14603,1,-1
2022-11-23 15:00:15.012,14603,14604,14604,1,1
2022-11-23 15:00:15.460,14603,14605,14604,1,1
2022-11-23 15:00:15.495,14604,14605,14604,1,-1
2022-11-23 15:00:15.843,14603,14604,14604,2,2
2022-11-23 15:00:15.843,14603,14604,14605,9,9
2022-11-23 15:00:16.567,14605,14606,14605,2,-2
2022-11-23 15:00:16.586,14605,14606,14605,1,-1
2022-11-23 15:00:16.961,14605,14606,14606,1,1
2022-11-23 15:00:17.728,14605,14606,14605,14,-14
2022-11-23 15:00:17.728,14605,14606,14604,2,-2
2022-11-23 15:00:19.549,14605,14606,14605,2,-2
2022-11-23 15:00:20.776,14604,14605,14605,1,1
2022-11-23 15:00:20.967,14604,14605,14605,1,1
2022-11-23 15:00:21.156,14604,14606,14606,2,2
2022-11-23 15:00:23.930,14604,14606,14606,3,3
2022-11-23 15:00:24.198,14604,14606,14606,2,2
2022-11-23 15:00:24.825,14605,14606,14606,1,1
2022-11-23 15:00:26.301,14606,14607,14606,1,-1
2022-11-23 15:00:26.570,14604,14606,14606,2,2
2022-11-23 15:00:28.558,14605,14606,14606,2,2
2022-11-23 15:00:30.369,14605,14606,14605,1,-1
2022-11-23 15:00:30.822,14605,14606,14605,14,-14
2022-11-23 15:00:31.721,14604,14605,14605,1,1
2022-11-23 15:00:31.721,14604,14605,14606,2,2
2022-11-23 15:00:38.102,14605,14606,14605,1,-1
2022-11-23 15:00:38.280,14604,14606,14606,1,1
2022-11-23 15:00:38.589,14604,14606,14604,4,-4
2022-11-23 15:00:38.855,14604,14605,14605,2,2
2022-11-23 15:00:39.146,14604,14605,14604,1,-1
2022-11-23 15:00:39.146,14604,14605,14603,1,-1
2022-11-23 15:00:40.495,14603,14604,14603,3,-3
2022-11-23 15:00:42.331,14603,14604,14603,1,-1
2022-11-23 15:00:43.949,14603,14604,14603,1,-1
2022-11-23 15:00:44.702,14603,14604,14603,1,-1
2022-11-23 15:00:44.798,14603,14604,14603,3,-3
2022-11-23 15:00:45.039,14602,14604,14604,3,3
2022-11-23 15:00:45.373,14602,14604,14602,1,-1
2022-11-23 15:00:47.071,14603,14604,14603,1,-1
2022-11-23 15:00:47.537,14603,14604,14603,1,-1
2022-11-23 15:00:47.688,14602,14603,14602,2,-2
2022-11-23 15:00:51.156,14602,14603,14602,1,-1
2022-11-23 15:00:51.429,14602,14603,14602,1,-1
2022-11-23 15:00:52.566,14601,14602,14601,2,-2
2022-11-23 15:00:53.554,14601,14602,14602,1,1
2022-11-23 15:00:55.522,14601,14602,14602,1,1
2022-11-23 15:00:59.492,14602,14603,14603,1,1
2022-11-23 15:00:59.523,14602,14603,14602,1,-1
2022-11-23 15:00:59.880,14602,14603,14603,4,4
2022-11-23 15:01:00.576,14603,14604,14603,1,-1
2022-11-23 15:01:00.940,14603,14604,14604,2,2
2022-11-23 15:01:03.935,14603,14604,14604,3,3
2022-11-23 15:01:03.936,14603,14604,14605,1,1
2022-11-23 15:01:03.937,14603,14604,14606,10,10
2022-11-23 15:01:03.994,14605,14607,14605,6,-6
2022-11-23 15:01:04.085,14605,14607,14606,11,-11
2022-11-23 15:01:04.085,14605,14607,14607,2,2
2022-11-23 15:01:04.378,14605,14607,14605,2,-2
2022-11-23 15:01:05.498,14604,14606,14604,1,-1
2022-11-23 15:01:06.200,14604,14606,14604,1,-1
2022-11-23 15:01:07.494,14605,14606,14605,1,-1
2022-11-23 15:01:07.605,14604,14606,14604,1,-1
2022-11-23 15:01:09.589,14605,14606,14605,2,-2
2022-11-23 15:01:12.961,14605,14606,14605,1,-1
2022-11-23 15:01:13.595,14604,14606,14604,1,-1
2022-11-23 15:01:14.922,14604,14605,14605,1,1
2022-11-23 15:01:14.923,14604,14605,14604,2,-2
2022-11-23 15:01:15.281,14602,14604,14604,2,2
2022-11-23 15:01:18.661,14602,14603,14602,2,-2
2022-11-23 15:01:18.725,14602,14603,14603,1,1
2022-11-23 15:01:19.959,14602,14603,14602,3,-3
2022-11-23 15:01:19.973,14602,14603,14602,1,-1
2022-11-23 15:01:20.000,14602,14603,14602,2,-2
2022-11-23 15:01:22.601,14602,14603,14603,1,1
2022-11-23 15:01:22.968,14603,14604,14603,1,-1
2022-11-23 15:01:23.974,14603,14604,14603,1,-1
2022-11-23 15:01:26.374,14603,14604,14603,1,-1
2022-11-23 15:01:27.079,14603,14604,14604,1,1
2022-11-23 15:01:29.262,14603,14604,14604,2,2
2022-11-23 15:01:29.345,14603,14605,14605,1,1
2022-11-23 15:01:29.345,14603,14605,14605,1,1
2022-11-23 15:01:29.345,14603,14605,14605,1,1
2022-11-23 15:01:29.346,14603,14605,14605,1,1
2022-11-23 15:01:34.596,14604,14605,14604,1,-1
2022-11-23 15:01:34.974,14604,14605,14605,1,1
2022-11-23 15:01:37.178,14604,14605,14605,1,1
2022-11-23 15:01:37.984,14604,14605,14604,1,-1
2022-11-23 15:01:37.984,14604,14605,14604,1,-1
2022-11-23 15:01:41.117,14603,14604,14604,1,1
2022-11-23 15:01:51.298,14603,14605,14603,1,-1
2022-11-23 15:01:52.013,14604,14605,14604,1,-1
2022-11-23 15:01:52.095,14603,14604,14604,1,1
2022-11-23 15:01:53.237,14603,14605,14605,1,1
2022-11-23 15:01:55.661,14604,14605,14604,1,-1
2022-11-23 15:02:01.919,14603,14604,14604,1,1
2022-11-23 15:02:02.472,14603,14604,14604,1,1
2022-11-23 15:02:05.554,14603,14604,14604,1,1
2022-11-23 15:02:06.824,14603,14604,14604,1,1
2022-11-23 15:02:06.881,14603,14604,14604,12,12
2022-11-23 15:02:15.892,14603,14604,14603,1,-1
2022-11-23 15:02:17.683,14603,14604,14604,6,6
2022-11-23 15:02:29.923,14604,14605,14604,1,-1
2022-11-23 15:02:32.105,14604,14605,14604,7,-7
2022-11-23 15:02:37.680,14603,14604,14603,1,-1
2022-11-23 15:02:37.681,14603,14604,14603,18,-18
2022-11-23 15:02:37.681,14603,14604,14603,7,-7
2022-11-23 15:02:37.815,14602,14603,14602,1,-1
2022-11-23 15:02:37.820,14602,14603,14602,2,-2
2022-11-23 15:02:37.820,14602,14603,14602,9,-9
2022-11-23 15:02:37.872,14602,14603,14602,2,-2
2022-11-23 15:02:38.074,14602,14603,14602,1,-1
2022-11-23 15:02:38.118,14602,14603,14602,2,-2
2022-11-23 15:02:38.991,14602,14603,14602,1,-1
2022-11-23 15:02:44.372,14601,14603,14601,1,-1
2022-11-23 15:02:45.777,14601,14602,14601,1,-1
2022-11-23 15:02:47.668,14601,14602,14602,1,1
2022-11-23 15:02:49.527,14601,14602,14602,9,9
2022-11-23 15:02:55.858,14601,14602,14602,1,1
2022-11-23 15:02:56.288,14601,14602,14602,1,1
2022-11-23 15:02:57.016,14602,14603,14602,1,-1
2022-11-23 15:02:57.417,14602,14603,14602,1,-1
2022-11-23 15:03:04.497,14602,14603,14603,1,1
2022-11-23 15:03:16.907,14602,14603,14602,2,-2
2022-11-23 15:03:16.907,14602,14603,14602,3,-3
2022-11-23 15:03:16.907,14602,14603,14602,2,-2
2022-11-23 15:03:17.112,14601,14602,14601,10,-10
2022-11-23 15:03:17.885,14600,14602,14600,10,-10
2022-11-23 15:03:25.165,14600,14601,14600,1,-1
2022-11-23 15:03:25.166,14600,14601,14600,37,-37
2022-11-23 15:03:29.522,14599,14600,14600,1,1
2022-11-23 15:03:31.202,14599,14600,14600,1,1
2022-11-23 15:03:32.596,14599,14600,14600,1,1
2022-11-23 15:03:37.137,14599,14600,14600,2,2
2022-11-23 15:03:38.892,14599,14600,14600,1,1
2022-11-23 15:03:38.894,14599,14600,14600,4,4
2022-11-23 15:03:39.466,14599,14601,14600,1,1
2022-11-23 15:03:40.659,14599,14601,14600,2,2
2022-11-23 15:03:43.296,14599,14600,14599,3,-3
2022-11-23 15:03:43.296,14599,14600,14599,3,-3
2022-11-23 15:03:43.298,14599,14600,14599,3,-3
2022-11-23 15:03:43.544,14598,14600,14599,1,-1
2022-11-23 15:03:46.910,14598,14600,14599,1,-1
2022-11-23 15:03:50.596,14598,14600,14598,27,-27
2022-11-23 15:03:51.847,14597,14598,14598,2,2
2022-11-23 15:03:58.993,14597,14598,14598,4,4
2022-11-23 15:03:59.628,14598,14599,14598,1,-1
2022-11-23 15:03:59.775,14598,14599,14598,2,-2
2022-11-23 15:03:59.776,14598,14599,14598,3,-3
2022-11-23 15:04:01.919,14597,14599,14599,1,1
2022-11-23 15:04:02.177,14597,14599,14599,3,3
2022-11-23 15:04:02.371,14597,14599,14597,1,-1
2022-11-23 15:04:04.192,14597,14598,14597,12,-12
2022-11-23 15:04:11.767,14596,14597,14596,5,-5
2022-11-23 15:04:13.725,14596,14597,14596,1,-1
2022-11-23 15:04:14.573,14596,14597,14596,6,-6
2022-11-23 15:04:18.315,14595,14596,14596,2,2
2022-11-23 15:04:21.001,14595,14596,14596,1,1
2022-11-23 15:04:24.388,14595,14596,14596,1,1
2022-11-23 15:04:26.406,14595,14596,14596,1,1
2022-11-23 15:04:27.907,14596,14597,14597,2,2
2022-11-23 15:04:32.029,14597,14598,14597,1,-1
2022-11-23 15:04:32.186,14596,14597,14597,1,1
2022-11-23 15:04:36.558,14597,14598,14598,2,2
2022-11-23 15:04:40.643,14598,14599,14599,1,1
2022-11-23 15:04:41.185,14598,14599,14598,1,-1
2022-11-23 15:04:45.139,14598,14599,14598,1,-1
2022-11-23 15:04:45.246,14598,14599,14598,7,-7
2022-11-23 15:04:46.818,14598,14599,14598,2,-2
2022-11-23 15:04:52.454,14597,14598,14597,3,-3
2022-11-23 15:04:52.900,14597,14598,14598,1,1
2022-11-23 15:04:53.480,14597,14598,14598,3,3
2022-11-23 15:04:53.481,14597,14598,14598,1,1
2022-11-23 15:04:53.506,14597,14598,14599,9,9
2022-11-23 15:04:56.176,14598,14600,14600,1,1
2022-11-23 15:04:56.399,14598,14600,14600,5,5
2022-11-23 15:04:56.463,14598,14600,14601,3,3
2022-11-23 15:04:56.463,14598,14600,14602,2,2
2022-11-23 15:05:01.901,14600,14601,14600,1,-1
2022-11-23 15:05:03.045,14599,14601,14601,2,2
2022-11-23 15:05:06.075,14600,14601,14600,2,-2
2022-11-23 15:05:10.236,14599,14600,14600,1,1
2022-11-23 15:05:10.647,14599,14600,14599,2,-2
2022-11-23 15:05:11.385,14598,14599,14599,1,1
2022-11-23 15:05:13.365,14598,14599,14599,7,7
2022-11-23 15:05:13.980,14598,14600,14598,2,-2
2022-11-23 15:05:29.097,14598,14599,14598,1,-1
2022-11-23 15:05:31.387,14598,14599,14599,1,1
2022-11-23 15:05:33.364,14598,14599,14598,3,-3
2022-11-23 15:05:33.364,14598,14599,14597,2,-2
2022-11-23 15:05:36.427,14598,14599,14598,2,-2
2022-11-23 15:05:36.510,14597,14598,14597,2,-2
2022-11-23 15:05:40.451,14597,14598,14597,5,-5
2022-11-23 15:05:41.801,14597,14598,14597,1,-1
2022-11-23 15:05:42.939,14597,14598,14597,2,-2
2022-11-23 15:05:46.363,14597,14598,14597,1,-1
2022-11-23 15:05:52.982,14597,14598,14598,3,3
2022-11-23 15:06:06.260,14597,14598,14598,10,10
2022-11-23 15:06:27.296,14598,14599,14598,1,-1
2022-11-23 15:06:27.350,14598,14599,14598,2,-2
2022-11-23 15:06:36.986,14597,14598,14598,1,1
2022-11-23 15:06:47.147,14597,14598,14598,3,3
2022-11-23 15:06:50.100,14597,14598,14598,1,1
2022-11-23 15:06:50.100,14597,14598,14598,1,1
2022-11-23 15:06:50.942,14597,14598,14598,4,4
2022-11-23 15:06:50.943,14597,14598,14598,2,2
2022-11-23 15:06:50.943,14597,14598,14598,1,1
2022-11-23 15:06:50.943,14597,14598,14598,1,1
2022-11-23 15:06:57.458,14598,14599,14599,1,1
2022-11-23 15:07:02.596,14598,14599,14598,1,-1
2022-11-23 15:07:10.753,14598,14599,14598,1,-1
2022-11-23 15:07:10.754,14598,14599,14598,8,-8
2022-11-23 15:07:24.069,14597,14598,14597,1,-1
2022-11-23 15:07:33.779,14597,14598,14597,14,-14
2022-11-23 15:07:33.779,14597,14598,14596,6,-6
2022-11-23 15:07:33.996,14596,14598,14596,5,-5
2022-11-23 15:07:34.044,14596,14598,14596,4,-4
2022-11-23 15:07:34.044,14596,14598,14595,1,-1
2022-11-23 15:07:34.169,14595,14597,14595,1,-1
2022-11-23 15:07:34.382,14595,14596,14596,1,1
2022-11-23 15:07:34.394,14595,14596,14596,2,2
2022-11-23 15:07:34.668,14595,14597,14595,1,-1
2022-11-23 15:07:35.598,14595,14597,14597,1,1
2022-11-23 15:07:44.033,14595,14597,14597,1,1
2022-11-23 15:07:46.487,14595,14597,14596,1,1
2022-11-23 15:07:56.055,14596,14597,14596,1,-1
2022-11-23 15:08:02.565,14595,14596,14595,16,-16
2022-11-23 15:08:02.566,14595,14596,14595,1,-1
2022-11-23 15:08:03.172,14595,14596,14595,1,-1
2022-11-23 15:08:03.469,14594,14596,14594,1,-1
2022-11-23 15:08:05.536,14594,14595,14594,3,-3
2022-11-23 15:08:17.341,14594,14595,14594,1,-1
2022-11-23 15:08:20.168,14594,14595,14595,1,1
2022-11-23 15:08:23.369,14594,14595,14595,1,1
2022-11-23 15:08:33.442,14595,14596,14596,2,2
2022-11-23 15:08:35.371,14595,14597,14597,2,2
2022-11-23 15:08:44.082,14596,14597,14597,1,1
2022-11-23 15:08:48.329,14596,14598,14597,4,4
2022-11-23 15:08:56.121,14597,14598,14597,1,-1
2022-11-23 15:08:56.134,14597,14598,14598,3,3
2022-11-23 15:09:02.394,14598,14599,14599,1,1
2022-11-23 15:09:02.394,14598,14599,14599,2,2
2022-11-23 15:09:02.725,14598,14600,14600,4,4
2022-11-23 15:09:02.726,14598,14600,14600,7,7
2022-11-23 15:09:02.734,14598,14600,14601,1,1
2022-11-23 15:09:02.878,14599,14601,14601,1,1
2022-11-23 15:09:02.914,14599,14601,14601,1,1
2022-11-23 15:09:03.029,14599,14601,14601,1,1
2022-11-23 15:09:04.107,14599,14601,14601,2,2
2022-11-23 15:09:06.038,14600,14602,14602,3,3
2022-11-23 15:09:06.417,14601,14603,14602,5,5
2022-11-23 15:09:06.464,14601,14603,14602,2,2
2022-11-23 15:09:06.464,14601,14603,14603,3,3
2022-11-23 15:09:08.668,14602,14603,14603,4,4
2022-11-23 15:09:09.897,14602,14603,14603,10,10
2022-11-23 15:09:09.897,14602,14603,14603,2,2
2022-11-23 15:09:10.680,14602,14604,14602,1,-1
2022-11-23 15:09:13.985,14603,14604,14603,1,-1
2022-11-23 15:09:15.351,14603,14604,14604,3,3
2022-11-23 15:09:16.318,14603,14604,14603,1,-1
2022-11-23 15:09:16.681,14603,14604,14603,4,-4
2022-11-23 15:09:17.156,14602,14603,14603,2,2
2022-11-23 15:09:28.416,14602,14603,14602,1,-1
2022-11-23 15:09:35.001,14602,14603,14603,2,2
2022-11-23 15:09:37.619,14603,14604,14604,3,3
2022-11-23 15:09:37.621,14603,14604,14604,1,1
2022-11-23 15:09:47.581,14603,14604,14604,1,1
2022-11-23 15:09:48.235,14603,14605,14604,1,1
2022-11-23 15:10:02.597,14603,14604,14603,2,-2
2022-11-23 15:10:02.954,14602,14604,14604,1,1
2022-11-23 15:10:09.539,14602,14603,14602,2,-2
2022-11-23 15:10:22.166,14600,14601,14601,2,2
2022-11-23 15:10:34.233,14600,14601,14601,3,3
2022-11-23 15:10:34.233,14600,14601,14602,2,2
2022-11-23 15:10:34.541,14600,14602,14602,5,5
2022-11-23 15:10:34.867,14600,14602,14602,4,4
2022-11-23 15:10:34.868,14600,14602,14602,1,1
2022-11-23 15:10:35.834,14602,14603,14603,5,5
2022-11-23 15:10:41.132,14602,14603,14603,1,1
2022-11-23 15:10:44.935,14602,14603,14603,1,1
2022-11-23 15:10:47.744,14602,14603,14602,1,-1
2022-11-23 15:10:51.455,14601,14603,14603,1,1
2022-11-23 15:10:56.730,14601,14602,14602,1,1
2022-11-23 15:10:57.230,14602,14603,14603,1,1
2022-11-23 15:10:57.527,14603,14604,14603,1,-1
2022-11-23 15:11:04.574,14603,14604,14604,1,1
2022-11-23 15:11:05.472,14603,14604,14604,1,1
2022-11-23 15:11:09.146,14603,14604,14604,5,5
2022-11-23 15:11:10.706,14603,14604,14604,5,5
2022-11-23 15:11:10.939,14603,14604,14604,1,1
2022-11-23 15:11:14.701,14604,14605,14605,4,4
2022-11-23 15:11:20.288,14604,14605,14605,1,1
2022-11-23 15:11:20.849,14604,14605,14605,2,2
2022-11-23 15:11:27.763,14604,14605,14605,1,1
2022-11-23 15:11:36.934,14604,14605,14604,5,-5
2022-11-23 15:11:39.526,14604,14605,14605,1,1
2022-11-23 15:11:42.779,14604,14605,14605,1,1
2022-11-23 15:11:42.916,14604,14605,14605,5,5
2022-11-23 15:11:47.092,14604,14605,14605,1,1
2022-11-23 15:11:48.255,14604,14605,14604,1,-1
2022-11-23 15:11:53.257,14604,14605,14604,1,-1
2022-11-23 15:12:21.313,14604,14605,14604,1,-1
2022-11-23 15:12:21.550,14603,14605,14605,2,2
2022-11-23 15:12:21.558,14603,14605,14605,2,2
2022-11-23 15:12:21.562,14603,14605,14605,2,2
2022-11-23 15:12:21.727,14603,14606,14606,1,1
2022-11-23 15:12:29.673,14603,14604,14604,1,1
2022-11-23 15:12:38.750,14604,14605,14604,1,-1
2022-11-23 15:13:43.836,14603,14604,14603,6,-6
2022-11-23 15:13:44.044,14602,14604,14602,1,-1
2022-11-23 15:13:48.667,14601,14603,14601,3,-3
2022-11-23 15:13:49.014,14600,14603,14600,1,-1
2022-11-23 15:13:49.077,14600,14603,14600,2,-2
2022-11-23 15:13:49.282,14600,14602,14600,1,-1
2022-11-23 15:13:53.501,14600,14603,14600,1,-1
2022-11-23 15:13:53.888,14600,14603,14600,1,-1
2022-11-23 15:13:55.590,14601,14603,14601,2,-2
2022-11-23 15:13:59.746,14600,14601,14601,1,1
2022-11-23 15:14:00.472,14600,14602,14600,1,-1
2022-11-23 15:14:01.346,14600,14602,14600,1,-1
2022-11-23 15:14:06.391,14600,14602,14600,1,-1
2022-11-23 15:14:08.039,14600,14602,14602,1,1
2022-11-23 15:14:14.910,14600,14602,14602,1,1
2022-11-23 15:14:15.461,14601,14603,14601,2,-2
2022-11-23 15:14:18.323,14602,14603,14603,1,1
2022-11-23 15:14:18.374,14602,14604,14602,1,-1
2022-11-23 15:14:25.506,14602,14604,14602,1,-1
2022-11-23 15:14:50.053,14603,14604,14603,2,-2
2022-11-23 15:15:10.302,14603,14604,14603,1,-1
2022-11-23 15:15:20.612,14603,14604,14604,6,6
2022-11-23 15:15:24.597,14604,14605,14604,1,-1
2022-11-23 15:15:25.631,14603,14605,14605,1,1
2022-11-23 15:15:28.393,14604,14605,14605,5,5
2022-11-23 15:15:43.211,14604,14605,14604,3,-3
2022-11-23 15:15:43.440,14604,14605,14604,2,-2
2022-11-23 15:15:43.445,14604,14605,14604,2,-2
2022-11-23 15:15:43.713,14604,14605,14604,3,-3
2022-11-23 15:15:44.025,14603,14605,14603,1,-1
2022-11-23 15:15:58.485,14603,14605,14603,1,-1
2022-11-23 15:15:59.021,14603,14605,14603,5,-5
2022-11-23 15:16:07.249,14602,14603,14602,2,-2
2022-11-23 15:16:08.897,14602,14603,14602,12,-12
2022-11-23 15:16:14.171,14601,14603,14601,1,-1
2022-11-23 15:16:21.956,14601,14602,14601,3,-3
2022-11-23 15:16:29.868,14600,14601,14601,5,5
2022-11-23 15:16:29.868,14600,14601,14602,5,5
2022-11-23 15:17:02.099,14600,14602,14600,10,-10
2022-11-23 15:17:02.100,14600,14602,14600,2,-2
2022-11-23 15:17:02.221,14599,14601,14601,1,1
2022-11-23 15:17:59.924,14599,14600,14600,2,2
2022-11-23 15:18:02.293,14599,14600,14599,2,-2
2022-11-23 15:18:03.250,14598,14600,14598,2,-2
2022-11-23 15:18:08.735,14598,14599,14598,1,-1
2022-11-23 15:18:42.157,14598,14599,14598,1,-1
2022-11-23 15:18:42.158,14598,14599,14598,4,-4
2022-11-23 15:18:42.221,14597,14599,14599,1,1
2022-11-23 15:18:47.342,14598,14599,14598,1,-1
2022-11-23 15:19:07.281,14598,14599,14599,3,3
2022-11-23 15:19:07.633,14598,14600,14598,2,-2
2022-11-23 15:19:07.739,14598,14600,14598,1,-1
2022-11-23 15:19:13.095,14599,14600,14600,2,2
2022-11-23 15:19:30.804,14600,14601,14601,1,1
2022-11-23 15:19:31.248,14600,14601,14601,1,1
2022-11-23 15:19:31.413,14600,14601,14600,1,-1
2022-11-23 15:19:37.618,14600,14601,14601,3,3
2022-11-23 15:19:44.423,14601,14602,14601,1,-1
2022-11-23 15:19:44.714,14600,14602,14600,4,-4
2022-11-23 15:19:46.073,14600,14601,14601,1,1
2022-11-23 15:19:54.129,14600,14601,14601,1,1
2022-11-23 15:20:00.678,14600,14601,14601,1,1
2022-11-23 15:20:13.489,14600,14601,14601,1,1
2022-11-23 15:20:20.932,14601,14602,14602,3,3
2022-11-23 15:20:35.595,14601,14602,14602,1,1
2022-11-23 15:20:41.590,14602,14603,14603,1,1
2022-11-23 15:20:47.015,14602,14603,14602,1,-1
2022-11-23 15:20:55.802,14602,14603,14602,1,-1
2022-11-23 15:20:55.802,14602,14603,14602,1,-1
2022-11-23 15:20:56.915,14600,14601,14600,3,-3
2022-11-23 15:20:57.087,14599,14600,14599,1,-1
2022-11-23 15:21:09.561,14599,14600,14600,1,1
2022-11-23 15:21:25.087,14600,14601,14601,1,1
2022-11-23 15:21:37.080,14602,14603,14603,3,3
2022-11-23 15:21:41.989,14603,14604,14604,1,1
2022-11-23 15:21:42.215,14603,14604,14604,39,39
2022-11-23 15:21:42.216,14603,14604,14605,8,8
2022-11-23 15:21:42.217,14603,14604,14605,17,17
2022-11-23 15:21:42.217,14603,14604,14605,2,2
2022-11-23 15:21:43.664,14605,14606,14605,1,-1
2022-11-23 15:21:44.028,14605,14606,14605,1,-1
2022-11-23 15:21:53.710,14604,14605,14605,2,2
2022-11-23 15:21:53.900,14604,14605,14604,4,-4
2022-11-23 15:21:53.900,14604,14605,14603,1,-1
2022-11-23 15:22:06.845,14604,14605,14604,1,-1
2022-11-23 15:22:16.970,14604,14605,14605,4,4
2022-11-23 15:22:20.302,14605,14606,14605,1,-1
2022-11-23 15:22:24.588,14605,14606,14605,1,-1
2022-11-23 15:22:29.653,14605,14606,14605,1,-1
2022-11-23 15:22:32.552,14605,14606,14606,2,2
2022-11-23 15:22:32.554,14605,14606,14606,5,5
2022-11-23 15:22:32.623,14605,14606,14606,1,1
2022-11-23 15:22:32.626,14605,14606,14605,1,-1
2022-11-23 15:22:32.726,14605,14606,14605,1,-1
2022-11-23 15:22:32.744,14605,14606,14606,4,4
2022-11-23 15:22:32.744,14605,14606,14606,1,1
2022-11-23 15:22:32.745,14605,14606,14606,3,3
2022-11-23 15:22:32.745,14605,14606,14606,4,4
2022-11-23 15:22:32.745,14605,14606,14606,1,1
2022-11-23 15:22:32.745,14605,14606,14606,2,2
2022-11-23 15:22:32.748,14605,14606,14606,2,2
2022-11-23 15:22:32.826,14605,14606,14605,1,-1
2022-11-23 15:22:32.915,14605,14606,14606,10,10
2022-11-23 15:22:32.915,14605,14606,14606,1,1
2022-11-23 15:22:32.915,14605,14606,14606,4,4
2022-11-23 15:22:32.915,14605,14606,14606,2,2
2022-11-23 15:22:32.927,14605,14606,14606,2,2
2022-11-23 15:22:44.512,14606,14607,14606,1,-1
2022-11-23 15:22:51.462,14606,14607,14607,1,1
2022-11-23 15:22:51.487,14606,14607,14607,1,1
2022-11-23 15:22:51.487,14606,14607,14607,1,1
2022-11-23 15:22:51.487,14606,14607,14607,6,6
2022-11-23 15:22:53.005,14606,14607,14607,1,1
2022-11-23 15:22:54.273,14607,14608,14607,2,-2
2022-11-23 15:22:54.409,14607,14608,14607,2,-2
2022-11-23 15:22:54.508,14607,14608,14607,1,-1
2022-11-23 15:22:56.376,14607,14608,14607,1,-1
2022-11-23 15:22:57.058,14606,14608,14608,1,1
2022-11-23 15:22:57.248,14606,14608,14608,3,3
2022-11-23 15:22:58.778,14606,14608,14608,1,1
2022-11-23 15:23:01.476,14607,14608,14607,1,-1
2022-11-23 15:23:03.917,14607,14608,14607,1,-1
2022-11-23 15:23:08.983,14606,14607,14606,4,-4
2022-11-23 15:23:13.647,14605,14607,14607,1,1
2022-11-23 15:23:19.629,14605,14606,14606,2,2
2022-11-23 15:23:20.959,14605,14606,14605,2,-2
2022-11-23 15:23:21.015,14605,14606,14605,2,-2
2022-11-23 15:23:30.335,14606,14607,14607,6,6
2022-11-23 15:23:43.828,14607,14608,14607,1,-1
2022-11-23 15:23:46.354,14607,14608,14607,1,-1
2022-11-23 15:23:53.322,14607,14608,14607,1,-1
2022-11-23 15:23:54.530,14607,14608,14608,1,1
2022-11-23 15:24:03.930,14607,14608,14607,1,-1
2022-11-23 15:24:17.450,14607,14608,14608,10,10
2022-11-23 15:24:18.050,14607,14608,14608,1,1
2022-11-23 15:24:22.292,14607,14608,14608,1,1
2022-11-23 15:24:28.826,14607,14608,14608,1,1
2022-11-23 15:24:29.765,14607,14608,14608,1,1
2022-11-23 15:24:35.028,14607,14608,14608,2,2
2022-11-23 15:24:38.293,14607,14608,14608,1,1
2022-11-23 15:24:43.862,14607,14608,14607,18,-18
2022-11-23 15:24:47.131,14606,14607,14607,2,2
2022-11-23 15:24:48.878,14606,14607,14607,1,1
2022-11-23 15:24:58.511,14606,14607,14607,4,4
2022-11-23 15:24:59.587,14606,14607,14606,1,-1
2022-11-23 15:24:59.588,14606,14607,14606,1,-1
2022-11-23 15:25:12.716,14605,14607,14607,3,3
2022-11-23 15:25:15.225,14605,14607,14605,4,-4
2022-11-23 15:25:19.227,14604,14606,14604,1,-1
2022-11-23 15:25:20.149,14604,14606,14604,3,-3
2022-11-23 15:25:26.230,14605,14606,14606,1,1
2022-11-23 15:25:27.156,14606,14607,14606,1,-1
2022-11-23 15:25:30.304,14606,14607,14607,1,1
2022-11-23 15:25:38.122,14606,14607,14607,1,1
2022-11-23 15:25:54.433,14606,14607,14607,1,1
2022-11-23 15:25:59.159,14606,14607,14606,2,-2
2022-11-23 15:26:17.794,14606,14607,14607,1,1
2022-11-23 15:26:17.794,14606,14607,14607,2,2
2022-11-23 15:26:31.679,14606,14607,14607,1,1
2022-11-23 15:26:33.721,14607,14608,14608,3,3
2022-11-23 15:26:37.582,14607,14608,14608,1,1
2022-11-23 15:26:40.690,14607,14608,14608,1,1
2022-11-23 15:26:43.729,14607,14608,14608,1,1
2022-11-23 15:26:44.269,14607,14608,14608,1,1
2022-11-23 15:26:46.186,14607,14608,14608,1,1
2022-11-23 15:26:46.293,14607,14608,14608,1,1
2022-11-23 15:26:51.460,14607,14608,14608,1,1
2022-11-23 15:27:01.009,14607,14608,14608,1,1
2022-11-23 15:27:03.060,14607,14608,14608,1,1
2022-11-23 15:27:05.018,14607,14608,14608,1,1
2022-11-23 15:27:06.350,14607,14608,14608,1,1
2022-11-23 15:27:08.553,14607,14608,14607,3,-3
2022-11-23 15:27:08.955,14606,14607,14607,1,1
2022-11-23 15:27:38.500,14606,14607,14607,1,1
2022-11-23 15:27:44.432,14606,14607,14607,1,1
2022-11-23 15:27:46.580,14606,14607,14607,1,1
2022-11-23 15:28:07.042,14606,14607,14606,1,-1
2022-11-23 15:28:10.993,14606,14607,14606,2,-2
2022-11-23 15:28:11.223,14606,14607,14606,1,-1
2022-11-23 15:28:12.558,14606,14607,14606,5,-5
2022-11-23 15:28:13.568,14606,14607,14606,1,-1
2022-11-23 15:28:14.335,14606,14607,14606,2,-2
2022-11-23 15:28:17.664,14605,14607,14607,1,1
2022-11-23 15:28:23.286,14605,14607,14606,1,1
2022-11-23 15:28:36.013,14606,14607,14606,2,-2
2022-11-23 15:28:39.691,14606,14607,14606,1,-1
2022-11-23 15:28:40.200,14606,14607,14607,1,1
2022-11-23 15:28:41.414,14606,14607,14606,1,-1
2022-11-23 15:28:43.907,14606,14607,14607,1,1
2022-11-23 15:28:43.948,14606,14607,14606,1,-1
2022-11-23 15:29:04.879,14606,14607,14607,1,1
2022-11-23 15:29:20.547,14607,14608,14607,1,-1
2022-11-23 15:29:40.018,14607,14608,14608,7,7
2022-11-23 15:29:42.451,14608,14609,14609,8,8
2022-11-23 15:29:42.452,14608,14609,14609,4,4
2022-11-23 15:29:42.452,14608,14609,14609,1,1
2022-11-23 15:29:42.452,14608,14609,14609,1,1
2022-11-23 15:29:42.452,14608,14609,14609,4,4
2022-11-23 15:29:42.452,14608,14609,14609,1,1
2022-11-23 15:29:42.452,14608,14609,14609,4,4
2022-11-23 15:29:42.682,14609,14610,14610,5,5
2022-11-23 15:29:42.724,14609,14610,14610,5,5
2022-11-23 15:29:42.789,14609,14610,14610,2,2
2022-11-23 15:29:42.790,14609,14610,14610,2,2
2022-11-23 15:29:43.507,14610,14611,14611,1,1
2022-11-23 15:29:48.131,14610,14611,14611,1,1
2022-11-23 15:29:48.644,14610,14611,14610,5,-5
2022-11-23 15:29:55.277,14609,14611,14611,1,1
2022-11-23 15:30:01.045,14610,14611,14611,1,1
2022-11-23 15:30:01.374,14610,14611,14610,1,-1
2022-11-23 15:30:01.374,14610,14611,14610,1,-1
2022-11-23 15:30:01.651,14609,14611,14611,1,1
2022-11-23 15:30:01.804,14609,14611,14611,2,2
2022-11-23 15:30:01.959,14609,14611,14611,1,1
2022-11-23 15:30:02.327,14609,14611,14611,2,2
2022-11-23 15:30:02.979,14609,14611,14609,1,-1
2022-11-23 15:30:06.065,14610,14611,14610,1,-1
2022-11-23 15:30:08.301,14609,14610,14610,2,2
2022-11-23 15:30:08.501,14609,14610,14610,1,1
2022-11-23 15:30:08.871,14609,14610,14609,2,-2
2022-11-23 15:30:23.564,14609,14610,14610,1,1
2022-11-23 15:30:24.684,14608,14610,14608,1,-1
2022-11-23 15:30:44.753,14608,14610,14610,10,10
2022-11-23 15:30:47.974,14609,14610,14609,1,-1
2022-11-23 15:31:17.340,14609,14610,14609,1,-1
2022-11-23 15:31:17.347,14609,14610,14610,1,1
2022-11-23 15:31:17.347,14609,14610,14610,1,1
2022-11-23 15:31:18.790,14609,14610,14609,1,-1
2022-11-23 15:31:18.846,14609,14610,14610,1,1
2022-11-23 15:31:19.857,14609,14610,14609,5,-5
2022-11-23 15:31:30.879,14609,14610,14609,1,-1
2022-11-23 15:31:49.254,14608,14609,14609,1,1
2022-11-23 15:31:49.345,14608,14609,14609,1,1
2022-11-23 15:31:59.900,14609,14610,14609,1,-1
2022-11-23 15:32:01.016,14609,14610,14609,1,-1
2022-11-23 15:32:46.158,14609,14610,14610,2,2
2022-11-23 15:32:46.158,14609,14610,14610,3,3
2022-11-23 15:32:49.756,14610,14611,14611,2,2
2022-11-23 15:32:49.757,14610,14611,14611,1,1
2022-11-23 15:32:49.757,14610,14611,14611,2,2
2022-11-23 15:32:52.573,14611,14612,14612,5,5
2022-11-23 15:32:52.573,14611,14612,14612,4,4
2022-11-23 15:32:52.763,14612,14613,14613,3,3
2022-11-23 15:32:52.875,14612,14613,14613,2,2
2022-11-23 15:32:52.897,14612,14613,14613,1,1
2022-11-23 15:32:53.019,14612,14613,14613,1,1
2022-11-23 15:32:55.224,14612,14613,14612,1,-1
2022-11-23 15:32:55.735,14612,14613,14613,1,1
2022-11-23 15:33:02.769,14612,14613,14613,1,1
2022-11-23 15:33:04.579,14612,14613,14613,1,1
2022-11-23 15:33:11.139,14612,14613,14613,3,3
2022-11-23 15:33:14.116,14612,14613,14613,2,2
2022-11-23 15:33:32.768,14612,14613,14613,1,1
2022-11-23 15:33:36.106,14612,14613,14613,1,1
2022-11-23 15:33:43.335,14612,14613,14613,1,1
2022-11-23 15:33:54.225,14612,14613,14613,1,1
2022-11-23 15:33:54.225,14612,14613,14613,2,2
2022-11-23 15:33:54.227,14612,14613,14612,1,-1
2022-11-23 15:33:56.124,14612,14613,14613,8,8
2022-11-23 15:33:57.894,14613,14614,14614,1,1
2022-11-23 15:34:00.196,14613,14614,14614,2,2
2022-11-23 15:34:01.450,14613,14614,14614,2,2
2022-11-23 15:34:05.442,14613,14614,14613,2,-2
2022-11-23 15:34:09.232,14613,14614,14613,1,-1
2022-11-23 15:34:17.857,14613,14614,14613,1,-1
2022-11-23 15:34:20.461,14613,14614,14613,3,-3
2022-11-23 15:34:35.308,14613,14614,14614,2,2
2022-11-23 15:34:36.691,14613,14614,14614,2,2
2022-11-23 15:34:40.709,14613,14614,14614,1,1
2022-11-23 15:34:42.557,14613,14614,14613,2,-2
2022-11-23 15:34:48.827,14613,14614,14613,1,-1
2022-11-23 15:34:55.905,14613,14614,14614,1,1
2022-11-23 15:35:00.736,14613,14614,14614,1,1
2022-11-23 15:35:01.428,14613,14614,14614,6,6
2022-11-23 15:35:02.255,14613,14614,14613,1,-1
2022-11-23 15:35:02.795,14613,14614,14613,2,-2
2022-11-23 15:35:04.119,14613,14614,14614,5,5
2022-11-23 15:35:04.359,14613,14615,14615,1,1
2022-11-23 15:35:04.620,14614,14615,14614,1,-1
2022-11-23 15:35:06.040,14613,14615,14615,1,1
2022-11-23 15:35:10.515,14613,14614,14614,2,2
2022-11-23 15:35:10.515,14613,14614,14614,1,1
2022-11-23 15:35:16.173,14613,14614,14614,1,1
2022-11-23 15:35:21.854,14613,14614,14613,17,-17
2022-11-23 15:35:36.935,14613,14614,14614,1,1
2022-11-23 15:35:50.132,14613,14614,14614,14,14
2022-11-23 15:36:11.927,14613,14614,14614,2,2
2022-11-23 15:36:17.222,14613,14614,14614,1,1
2022-11-23 15:36:19.352,14613,14614,14614,1,1
2022-11-23 15:36:20.306,14613,14614,14614,1,1
2022-11-23 15:36:26.846,14614,14615,14614,1,-1
2022-11-23 15:36:26.877,14614,14615,14614,1,-1
2022-11-23 15:36:27.876,14614,14615,14614,1,-1
2022-11-23 15:36:35.785,14614,14615,14614,1,-1
2022-11-23 15:36:38.970,14614,14615,14614,2,-2
2022-11-23 15:36:43.106,14613,14614,14613,5,-5
2022-11-23 15:36:43.106,14613,14614,14613,20,-20
2022-11-23 15:36:46.327,14613,14614,14613,1,-1
2022-11-23 15:36:47.267,14613,14614,14613,1,-1
2022-11-23 15:36:53.223,14613,14614,14614,1,1
2022-11-23 15:36:55.240,14613,14614,14614,1,1
2022-11-23 15:37:05.051,14613,14614,14613,2,-2
2022-11-23 15:37:07.429,14613,14614,14614,1,1
2022-11-23 15:37:14.670,14613,14614,14614,1,1
2022-11-23 15:37:16.764,14613,14614,14614,5,5
2022-11-23 15:37:21.200,14613,14614,14614,4,4
2022-11-23 15:37:29.206,14613,14614,14614,1,1
2022-11-23 15:37:36.648,14613,14614,14614,1,1
2022-11-23 15:37:45.828,14613,14614,14614,1,1
2022-11-23 15:38:08.077,14613,14614,14613,1,-1
2022-11-23 15:38:15.546,14613,14614,14613,1,-1
2022-11-23 15:38:20.190,14613,14614,14614,1,1
2022-11-23 15:38:20.359,14613,14614,14613,1,-1
2022-11-23 15:38:23.463,14613,14614,14613,5,-5
2022-11-23 15:38:37.336,14613,14614,14614,1,1
2022-11-23 15:38:39.103,14613,14615,14613,2,-2
2022-11-23 15:38:42.658,14613,14614,14614,1,1
2022-11-23 15:38:44.864,14613,14614,14613,1,-1
2022-11-23 15:38:45.546,14613,14614,14613,6,-6
2022-11-23 15:38:46.491,14613,14614,14613,1,-1
2022-11-23 15:38:47.564,14613,14614,14613,1,-1
2022-11-23 15:38:50.443,14613,14614,14614,1,1
2022-11-23 15:38:55.007,14613,14614,14613,2,-2
2022-11-23 15:39:09.887,14613,14614,14614,1,1
2022-11-23 15:39:10.886,14613,14614,14614,1,1
2022-11-23 15:39:10.886,14613,14614,14614,1,1
2022-11-23 15:39:11.742,14613,14614,14613,1,-1
2022-11-23 15:39:15.517,14613,14614,14613,2,-2
2022-11-23 15:39:17.129,14613,14614,14614,2,2
2022-11-23 15:39:23.492,14613,14614,14614,1,1
2022-11-23 15:39:45.770,14613,14614,14613,1,-1
2022-11-23 15:39:48.902,14613,14614,14613,3,-3
2022-11-23 15:40:03.053,14612,14613,14613,3,3
2022-11-23 15:40:13.184,14613,14614,14613,1,-1
2022-11-23 15:40:15.801,14613,14614,14613,2,-2
2022-11-23 15:40:26.313,14612,14613,14613,4,4
2022-11-23 15:40:30.084,14613,14614,14613,1,-1
2022-11-23 15:40:32.516,14613,14614,14613,1,-1
2022-11-23 15:40:33.587,14613,14614,14613,3,-3
2022-11-23 15:40:40.948,14612,14613,14613,1,1
2022-11-23 15:40:56.079,14613,14614,14613,1,-1
2022-11-23 15:41:04.277,14613,14614,14613,1,-1
2022-11-23 15:41:05.775,14613,14614,14613,1,-1
2022-11-23 15:41:06.168,14612,14614,14614,22,22
2022-11-23 15:41:06.168,14612,14614,14615,58,58
2022-11-23 15:41:06.169,14612,14614,14615,1,1
2022-11-23 15:41:06.170,14612,14614,14615,19,19
2022-11-23 15:41:08.987,14614,14615,14614,3,-3
2022-11-23 15:41:32.508,14614,14615,14615,12,12
2022-11-23 15:41:34.351,14614,14615,14615,1,1
2022-11-23 15:41:35.189,14614,14616,14615,1,1
2022-11-23 15:41:37.437,14614,14616,14615,3,3
2022-11-23 15:41:38.406,14614,14616,14614,1,-1
2022-11-23 15:41:43.674,14615,14616,14615,1,-1
2022-11-23 15:41:47.353,14615,14616,14616,1,1
2022-11-23 15:41:47.641,14615,14616,14616,3,3
2022-11-23 15:41:49.188,14615,14616,14615,1,-1
2022-11-23 15:41:49.824,14615,14616,14615,1,-1
2022-11-23 15:41:49.887,14615,14616,14616,1,1
2022-11-23 15:41:50.748,14615,14616,14616,1,1
2022-11-23 15:42:19.306,14614,14616,14615,1,1
2022-11-23 15:42:21.778,14614,14615,14615,1,1
2022-11-23 15:42:23.719,14615,14616,14616,1,1
2022-11-23 15:42:27.010,14615,14616,14615,1,-1
2022-11-23 15:42:38.621,14615,14616,14615,1,-1
2022-11-23 15:42:42.075,14615,14616,14615,1,-1
2022-11-23 15:42:53.658,14615,14616,14616,14,14
2022-11-23 15:42:56.182,14615,14616,14615,1,-1
2022-11-23 15:43:08.693,14615,14616,14615,1,-1
2022-11-23 15:43:12.722,14615,14616,14615,1,-1
2022-11-23 15:43:20.911,14615,14616,14615,1,-1
2022-11-23 15:43:50.120,14614,14615,14614,1,-1
2022-11-23 15:44:04.460,14614,14615,14614,4,-4
2022-11-23 15:44:05.212,14614,14615,14615,1,1
2022-11-23 15:44:16.142,14614,14615,14614,1,-1
2022-11-23 15:44:23.113,14614,14615,14615,2,2
2022-11-23 15:44:31.595,14614,14615,14614,1,-1
2022-11-23 15:44:38.619,14614,14615,14614,2,-2
2022-11-23 15:44:40.192,14614,14615,14615,1,1
2022-11-23 15:44:56.263,14614,14615,14614,2,-2
2022-11-23 15:45:00.540,14614,14615,14614,4,-4
2022-11-23 15:45:00.540,14614,14615,14613,1,-1
2022-11-23 15:45:00.880,14613,14615,14615,1,1
2022-11-23 15:45:00.895,14613,14615,14613,5,-5
2022-11-23 15:45:00.960,14613,14615,14613,5,-5
2022-11-23 15:45:01.048,14613,14614,14615,1,1
2022-11-23 15:45:01.048,14613,14614,14615,1,1
2022-11-23 15:45:01.728,14613,14615,14615,1,1
2022-11-23 15:45:13.715,14613,14615,14615,1,1
2022-11-23 15:45:16.248,14614,14615,14615,1,1
2022-11-23 15:45:20.192,14614,14615,14615,3,3
2022-11-23 15:45:20.220,14614,14615,14615,1,1
2022-11-23 15:45:20.220,14614,14615,14615,1,1
2022-11-23 15:45:44.999,14614,14615,14615,1,1
2022-11-23 15:45:51.116,14614,14615,14615,6,6
2022-11-23 15:45:51.220,14615,14616,14616,1,1
2022-11-23 15:45:51.220,14615,14616,14616,1,1
2022-11-23 15:45:51.220,14615,14616,14616,1,1
2022-11-23 15:45:51.221,14615,14616,14616,1,1
2022-11-23 15:45:51.221,14615,14616,14616,1,1
2022-11-23 15:45:51.221,14615,14616,14616,1,1
2022-11-23 15:46:00.201,14615,14616,14616,1,1
2022-11-23 15:46:01.976,14615,14616,14616,1,1
2022-11-23 15:46:02.553,14615,14616,14616,1,1
2022-11-23 15:46:05.686,14615,14616,14616,1,1
2022-11-23 15:46:15.915,14615,14616,14616,6,6
2022-11-23 15:46:24.513,14615,14616,14616,1,1
2022-11-23 15:46:25.932,14615,14617,14617,2,2
2022-11-23 15:46:37.899,14617,14618,14617,1,-1
2022-11-23 15:46:38.861,14617,14618,14618,19,19
2022-11-23 15:46:39.036,14617,14618,14618,1,1
2022-11-23 15:46:39.102,14617,14619,14619,1,1
2022-11-23 15:46:39.283,14617,14619,14619,2,2
2022-11-23 15:46:39.318,14617,14619,14619,1,1
2022-11-23 15:46:43.330,14618,14619,14619,1,1
2022-11-23 15:46:45.706,14618,14619,14619,1,1
2022-11-23 15:46:49.487,14618,14619,14618,1,-1
2022-11-23 15:46:57.877,14618,14619,14618,3,-3
2022-11-23 15:46:58.361,14618,14619,14618,1,-1
2022-11-23 15:47:00.200,14618,14619,14619,7,7
2022-11-23 15:47:04.186,14618,14619,14618,1,-1
2022-11-23 15:47:06.350,14618,14619,14619,2,2
2022-11-23 15:47:07.378,14618,14619,14619,1,1
2022-11-23 15:47:09.827,14618,14619,14619,1,1
2022-11-23 15:47:09.965,14618,14619,14619,5,5
2022-11-23 15:47:18.858,14618,14619,14618,2,-2
2022-11-23 15:47:19.219,14618,14619,14619,1,1
2022-11-23 15:47:22.069,14618,14619,14619,1,1
2022-11-23 15:47:24.772,14618,14619,14619,1,1
2022-11-23 15:47:27.362,14618,14619,14619,1,1
2022-11-23 15:47:27.372,14618,14619,14619,1,1
2022-11-23 15:47:27.471,14618,14619,14618,1,-1
2022-11-23 15:47:36.075,14618,14619,14618,1,-1
2022-11-23 15:47:36.300,14618,14619,14618,1,-1
2022-11-23 15:47:36.510,14618,14619,14618,1,-1
2022-11-23 15:47:37.683,14618,14619,14618,1,-1
2022-11-23 15:47:37.832,14618,14619,14618,1,-1
2022-11-23 15:47:38.839,14618,14619,14619,5,5
2022-11-23 15:47:39.115,14618,14619,14619,13,13
2022-11-23 15:47:41.763,14619,14620,14619,1,-1
2022-11-23 15:47:55.563,14619,14620,14619,2,-2
2022-11-23 15:48:01.874,14619,14620,14620,2,2
2022-11-23 15:48:03.454,14619,14620,14619,1,-1
2022-11-23 15:48:04.275,14619,14620,14619,1,-1
2022-11-23 15:48:06.648,14619,14620,14619,1,-1
2022-11-23 15:48:07.777,14619,14620,14620,1,1
2022-11-23 15:48:15.110,14619,14620,14620,1,1
2022-11-23 15:48:20.326,14619,14620,14620,1,1
2022-11-23 15:48:20.890,14619,14620,14620,1,1
2022-11-23 15:48:26.757,14619,14620,14620,2,2
2022-11-23 15:48:29.586,14619,14620,14619,1,-1
2022-11-23 15:48:34.807,14619,14620,14619,5,-5
2022-11-23 15:48:34.909,14619,14620,14619,1,-1
2022-11-23 15:48:36.458,14619,14620,14619,3,-3
2022-11-23 15:48:38.981,14619,14620,14619,1,-1
2022-11-23 15:48:41.169,14619,14620,14619,1,-1
2022-11-23 15:48:42.406,14619,14620,14619,1,-1
2022-11-23 15:48:42.569,14619,14620,14619,1,-1
2022-11-23 15:48:44.858,14619,14620,14619,1,-1
2022-11-23 15:48:46.450,14619,14620,14619,6,-6
2022-11-23 15:48:48.855,14618,14620,14619,4,-4
2022-11-23 15:48:52.058,14618,14619,14619,1,1
2022-11-23 15:48:52.378,14618,14619,14619,1,1
2022-11-23 15:48:52.684,14618,14619,14619,1,1
2022-11-23 15:48:56.597,14618,14619,14618,2,-2
2022-11-23 15:48:58.073,14618,14619,14619,1,1
2022-11-23 15:48:58.225,14618,14619,14618,1,-1
2022-11-23 15:48:58.391,14618,14619,14619,1,1
2022-11-23 15:49:03.014,14618,14619,14619,1,1
2022-11-23 15:49:03.619,14618,14619,14619,1,1
2022-11-23 15:49:03.619,14618,14619,14620,1,1
2022-11-23 15:49:07.232,14618,14619,14619,1,1
2022-11-23 15:49:11.878,14618,14619,14619,1,1
2022-11-23 15:49:15.649,14618,14620,14620,5,5
2022-11-23 15:49:15.657,14618,14620,14620,1,1
2022-11-23 15:49:15.657,14618,14620,14620,14,14
2022-11-23 15:49:15.657,14618,14620,14620,3,3
2022-11-23 15:49:15.658,14618,14620,14620,4,4
2022-11-23 15:49:15.658,14618,14620,14620,1,1
2022-11-23 15:49:15.658,14618,14620,14620,1,1
2022-11-23 15:49:15.658,14618,14620,14620,14,14
2022-11-23 15:49:15.682,14618,14620,14621,4,4
2022-11-23 15:49:15.682,14618,14620,14621,7,7
2022-11-23 15:49:15.897,14621,14622,14622,2,2
2022-11-23 15:49:15.933,14621,14622,14621,1,-1
2022-11-23 15:49:16.285,14621,14622,14621,1,-1
2022-11-23 15:49:16.325,14621,14622,14622,1,1
2022-11-23 15:49:16.619,14621,14622,14622,8,8
2022-11-23 15:49:16.873,14621,14622,14621,1,-1
2022-11-23 15:49:17.432,14621,14622,14621,2,-2
2022-11-23 15:49:31.355,14621,14622,14622,1,1
2022-11-23 15:49:31.355,14621,14622,14622,6,6
2022-11-23 15:49:31.356,14621,14622,14622,1,1
2022-11-23 15:49:36.442,14622,14623,14623,4,4
2022-11-23 15:49:36.495,14622,14623,14623,2,2
2022-11-23 15:49:38.274,14622,14623,14623,1,1
2022-11-23 15:49:38.481,14622,14623,14622,1,-1
2022-11-23 15:49:38.507,14622,14623,14623,1,1
2022-11-23 15:49:39.048,14622,14623,14623,1,1
2022-11-23 15:49:39.404,14622,14623,14623,2,2
2022-11-23 15:49:39.660,14622,14623,14623,1,1
2022-11-23 15:49:40.199,14622,14623,14623,1,1
2022-11-23 15:49:40.680,14623,14624,14624,4,4
2022-11-23 15:49:41.964,14623,14624,14624,3,3
2022-11-23 15:49:44.640,14623,14624,14624,1,1
2022-11-23 15:49:47.269,14623,14624,14624,17,17
2022-11-23 15:49:47.269,14623,14624,14625,33,33
2022-11-23 15:49:47.354,14623,14625,14625,1,1
2022-11-23 15:49:47.533,14623,14625,14625,3,3
2022-11-23 15:49:47.756,14623,14624,14623,3,-3
2022-11-23 15:49:47.842,14623,14624,14623,3,-3
2022-11-23 15:49:48.910,14623,14624,14624,1,1
2022-11-23 15:49:49.180,14623,14624,14624,1,1
2022-11-23 15:49:50.008,14624,14625,14625,4,4
2022-11-23 15:49:50.399,14625,14626,14626,2,2
2022-11-23 15:49:50.482,14625,14626,14626,1,1
2022-11-23 15:49:50.742,14625,14626,14626,1,1
2022-11-23 15:49:51.805,14625,14626,14626,2,2
2022-11-23 15:49:53.593,14625,14626,14626,1,1
2022-11-23 15:49:54.714,14625,14626,14626,1,1
2022-11-23 15:49:55.411,14625,14626,14626,1,1
2022-11-23 15:49:56.817,14625,14626,14626,2,2
2022-11-23 15:49:57.783,14625,14626,14626,1,1
2022-11-23 15:49:57.932,14625,14627,14626,1,1
2022-11-23 15:49:58.376,14626,14627,14627,1,1
2022-11-23 15:49:58.499,14626,14627,14627,1,1
2022-11-23 15:49:58.503,14626,14627,14627,1,1
2022-11-23 15:49:58.520,14626,14627,14627,1,1
2022-11-23 15:49:58.573,14626,14627,14627,1,1
2022-11-23 15:49:59.155,14626,14627,14626,2,-2
2022-11-23 15:50:00.953,14626,14627,14626,1,-1
2022-11-23 15:50:00.954,14626,14627,14627,6,6
2022-11-23 15:50:00.957,14626,14627,14627,1,1
2022-11-23 15:50:00.957,14626,14627,14628,2,2
2022-11-23 15:50:01.178,14626,14627,14627,1,1
2022-11-23 15:50:01.217,14626,14627,14627,1,1
2022-11-23 15:50:01.234,14626,14627,14627,1,1
2022-11-23 15:50:01.386,14626,14627,14627,1,1
2022-11-23 15:50:01.386,14626,14627,14628,3,3
2022-11-23 15:50:03.243,14627,14628,14627,3,-3
2022-11-23 15:50:03.492,14626,14627,14627,1,1
2022-11-23 15:50:04.243,14626,14627,14627,1,1
2022-11-23 15:50:05.140,14626,14627,14627,1,1
2022-11-23 15:50:05.865,14626,14627,14627,1,1
2022-11-23 15:50:08.448,14626,14627,14626,1,-1
2022-11-23 15:50:09.518,14626,14627,14627,4,4
2022-11-23 15:50:09.689,14626,14627,14627,1,1
2022-11-23 15:50:09.746,14626,14627,14626,1,-1
2022-11-23 15:50:12.996,14626,14627,14627,1,1
2022-11-23 15:50:13.189,14626,14627,14627,1,1
2022-11-23 15:50:15.781,14626,14627,14627,3,3
2022-11-23 15:50:15.781,14626,14627,14627,4,4
2022-11-23 15:50:18.136,14626,14627,14627,3,3
2022-11-23 15:50:22.571,14627,14628,14628,19,19
2022-11-23 15:50:24.013,14628,14629,14628,1,-1
2022-11-23 15:50:25.735,14628,14629,14629,1,1
2022-11-23 15:50:25.872,14628,14629,14628,2,-2
2022-11-23 15:50:25.921,14628,14629,14629,1,1
2022-11-23 15:50:26.629,14628,14629,14628,5,-5
2022-11-23 15:50:26.760,14628,14629,14628,1,-1
2022-11-23 15:50:27.616,14628,14629,14629,1,1
2022-11-23 15:50:27.957,14628,14629,14629,2,2
2022-11-23 15:50:28.764,14628,14629,14629,1,1
2022-11-23 15:50:30.611,14628,14629,14628,3,-3
2022-11-23 15:50:30.799,14628,14629,14629,15,15
2022-11-23 15:50:32.520,14628,14629,14629,1,1
2022-11-23 15:50:32.562,14628,14629,14629,1,1
2022-11-23 15:50:32.943,14628,14629,14629,1,1
2022-11-23 15:50:33.289,14628,14629,14629,1,1
2022-11-23 15:50:34.387,14629,14630,14629,2,-2
2022-11-23 15:50:35.157,14629,14630,14630,1,1
2022-11-23 15:50:35.861,14629,14630,14630,1,1
2022-11-23 15:50:36.152,14629,14630,14630,1,1
2022-11-23 15:50:37.347,14629,14630,14630,18,18
2022-11-23 15:50:38.268,14629,14630,14630,2,2
2022-11-23 15:50:41.909,14629,14630,14629,1,-1
2022-11-23 15:50:42.732,14629,14630,14630,2,2
2022-11-23 15:50:42.752,14629,14630,14630,2,2
2022-11-23 15:50:43.195,14629,14630,14630,1,1
2022-11-23 15:50:43.881,14629,14630,14630,3,3
2022-11-23 15:50:43.980,14629,14630,14630,3,3
2022-11-23 15:50:49.210,14629,14630,14630,5,5
2022-11-23 15:50:50.259,14629,14630,14630,1,1
2022-11-23 15:50:50.745,14629,14630,14630,1,1
2022-11-23 15:50:52.833,14629,14630,14630,1,1
2022-11-23 15:50:55.173,14629,14630,14629,22,-22
2022-11-23 15:50:55.621,14628,14629,14629,2,2
2022-11-23 15:50:58.867,14628,14629,14628,1,-1
2022-11-23 15:50:59.299,14628,14629,14629,2,2
2022-11-23 15:50:59.612,14628,14629,14629,1,1
2022-11-23 15:50:59.947,14628,14629,14628,10,-10
2022-11-23 15:51:01.503,14628,14629,14628,2,-2
2022-11-23 15:51:01.698,14628,14629,14629,1,1
2022-11-23 15:51:02.002,14628,14629,14629,1,1
2022-11-23 15:51:04.656,14628,14629,14628,60,-60
2022-11-23 15:51:04.658,14628,14629,14627,1,-1
2022-11-23 15:51:04.658,14628,14629,14627,1,-1
2022-11-23 15:51:04.658,14628,14629,14627,1,-1
2022-11-23 15:51:04.658,14628,14629,14627,1,-1
2022-11-23 15:51:04.736,14627,14628,14627,1,-1
2022-11-23 15:51:04.808,14627,14628,14627,1,-1
2022-11-23 15:51:05.427,14626,14627,14627,1,1
2022-11-23 15:51:09.256,14626,14627,14626,1,-1
2022-11-23 15:51:10.624,14626,14627,14626,3,-3
2022-11-23 15:51:11.958,14625,14626,14625,1,-1
2022-11-23 15:51:13.826,14624,14626,14626,10,10
2022-11-23 15:51:16.985,14624,14626,14626,4,4
2022-11-23 15:51:17.131,14624,14626,14626,1,1
2022-11-23 15:51:18.726,14624,14626,14626,8,8
2022-11-23 15:51:19.138,14625,14627,14625,1,-1
2022-11-23 15:51:20.965,14625,14626,14625,1,-1
2022-11-23 15:51:21.142,14625,14626,14625,2,-2
2022-11-23 15:51:24.874,14625,14626,14625,1,-1
2022-11-23 15:51:25.050,14625,14626,14626,1,1
2022-11-23 15:51:25.493,14625,14626,14625,1,-1
2022-11-23 15:51:25.857,14624,14626,14626,1,1
2022-11-23 15:51:27.854,14624,14626,14624,1,-1
2022-11-23 15:51:28.795,14624,14626,14624,1,-1
2022-11-23 15:51:29.323,14624,14625,14625,2,2
2022-11-23 15:51:29.324,14624,14625,14625,8,8
2022-11-23 15:51:29.437,14624,14626,14625,1,1
2022-11-23 15:51:35.934,14624,14625,14625,1,1
2022-11-23 15:51:36.575,14624,14625,14624,1,-1
2022-11-23 15:51:38.256,14624,14625,14624,1,-1
2022-11-23 15:51:43.332,14624,14625,14624,1,-1
2022-11-23 15:51:43.901,14624,14625,14625,1,1
2022-11-23 15:51:45.117,14624,14625,14625,1,1
2022-11-23 15:51:51.220,14624,14625,14624,1,-1
2022-11-23 15:51:53.264,14624,14625,14624,2,-2
2022-11-23 15:52:00.259,14624,14625,14625,1,1
2022-11-23 15:52:03.045,14624,14625,14624,1,-1
2022-11-23 15:52:05.697,14624,14625,14625,2,2
2022-11-23 15:52:14.537,14624,14625,14624,1,-1
2022-11-23 15:52:15.916,14624,14625,14625,1,1
2022-11-23 15:52:21.141,14624,14625,14625,1,1
2022-11-23 15:52:24.396,14624,14625,14625,1,1
2022-11-23 15:52:32.701,14624,14625,14625,1,1
2022-11-23 15:52:34.111,14624,14625,14624,1,-1
2022-11-23 15:52:39.191,14624,14625,14625,1,1
2022-11-23 15:52:45.599,14624,14625,14624,3,-3
2022-11-23 15:52:49.214,14624,14625,14625,1,1
2022-11-23 15:52:52.156,14624,14625,14625,1,1
2022-11-23 15:52:55.618,14624,14625,14624,1,-1
2022-11-23 15:53:00.237,14624,14625,14625,1,1
2022-11-23 15:53:14.506,14624,14625,14625,2,2
2022-11-23 15:53:16.555,14624,14625,14625,13,13
2022-11-23 15:53:19.602,14624,14625,14624,1,-1
2022-11-23 15:53:19.689,14624,14625,14625,1,1
2022-11-23 15:53:22.891,14624,14625,14624,1,-1
2022-11-23 15:53:27.507,14624,14625,14625,1,1
2022-11-23 15:53:28.068,14624,14625,14625,1,1
2022-11-23 15:53:28.485,14624,14625,14624,1,-1
2022-11-23 15:53:32.448,14624,14625,14624,1,-1
2022-11-23 15:53:36.607,14624,14625,14624,1,-1
2022-11-23 15:53:39.287,14624,14625,14624,1,-1
2022-11-23 15:53:39.795,14624,14625,14624,1,-1
2022-11-23 15:53:48.866,14624,14625,14625,4,4
2022-11-23 15:53:49.690,14624,14625,14625,2,2
2022-11-23 15:53:51.154,14624,14625,14625,4,4
2022-11-23 15:53:55.457,14625,14626,14625,1,-1
2022-11-23 15:53:55.708,14625,14626,14626,1,1
2022-11-23 15:53:56.194,14625,14626,14626,3,3
2022-11-23 15:54:00.281,14625,14626,14626,1,1
2022-11-23 15:54:00.281,14625,14626,14626,9,9
2022-11-23 15:54:03.988,14625,14626,14626,1,1
2022-11-23 15:54:03.988,14625,14626,14626,1,1
2022-11-23 15:54:05.456,14625,14627,14626,1,1
2022-11-23 15:54:14.466,14625,14626,14626,1,1
2022-11-23 15:54:15.318,14625,14626,14626,1,1
2022-11-23 15:54:15.471,14625,14626,14626,1,1
2022-11-23 15:54:37.427,14625,14626,14626,1,1
2022-11-23 15:54:46.435,14625,14626,14626,1,1
2022-11-23 15:54:49.831,14625,14626,14626,1,1
2022-11-23 15:55:00.275,14625,14626,14626,3,3
2022-11-23 15:55:00.642,14625,14626,14626,2,2
2022-11-23 15:55:03.020,14625,14626,14626,1,1
2022-11-23 15:55:03.349,14625,14626,14626,1,1
2022-11-23 15:55:03.667,14625,14626,14625,1,-1
2022-11-23 15:55:13.831,14625,14626,14625,1,-1
2022-11-23 15:55:14.346,14625,14626,14625,15,-15
2022-11-23 15:55:19.208,14624,14625,14625,1,1
2022-11-23 15:55:22.830,14624,14625,14625,1,1
2022-11-23 15:55:34.865,14624,14625,14624,1,-1
2022-11-23 15:55:40.416,14624,14625,14624,1,-1
2022-11-23 15:55:50.925,14624,14625,14624,5,-5
2022-11-23 15:55:51.903,14624,14625,14624,1,-1
2022-11-23 15:55:51.974,14623,14624,14623,1,-1
2022-11-23 15:55:52.229,14623,14624,14623,1,-1
2022-11-23 15:55:54.488,14623,14624,14624,1,1
2022-11-23 15:55:55.066,14623,14624,14624,1,1
2022-11-23 15:55:59.378,14623,14624,14624,1,1
2022-11-23 15:56:00.243,14623,14624,14624,1,1
2022-11-23 15:56:01.958,14624,14625,14624,1,-1
2022-11-23 15:56:02.151,14623,14625,14625,5,5
2022-11-23 15:56:02.455,14623,14625,14625,5,5
2022-11-23 15:56:02.760,14623,14625,14625,3,3
2022-11-23 15:56:02.760,14623,14625,14626,2,2
2022-11-23 15:56:03.303,14623,14625,14625,5,5
2022-11-23 15:56:08.887,14624,14626,14624,2,-2
2022-11-23 15:56:15.626,14624,14625,14624,1,-1
2022-11-23 15:56:17.364,14624,14625,14625,4,4
2022-11-23 15:56:41.370,14624,14625,14625,1,1
2022-11-23 15:56:41.960,14624,14625,14625,1,1
2022-11-23 15:56:46.884,14624,14625,14624,1,-1
2022-11-23 15:56:47.009,14624,14625,14625,10,10
2022-11-23 15:57:00.258,14624,14625,14625,1,1
2022-11-23 15:57:12.241,14624,14625,14624,2,-2
2022-11-23 15:57:22.294,14624,14625,14625,1,1
2022-11-23 15:57:40.196,14624,14625,14625,1,1
2022-11-23 15:57:46.031,14624,14625,14625,1,1
2022-11-23 15:57:49.050,14624,14625,14625,1,1
2022-11-23 15:57:52.476,14624,14625,14624,1,-1
2022-11-23 15:57:56.962,14624,14625,14625,1,1
2022-11-23 15:58:00.206,14624,14625,14625,1,1
2022-11-23 15:58:00.275,14624,14625,14625,1,1
2022-11-23 15:58:05.703,14624,14625,14625,1,1
2022-11-23 15:58:16.014,14624,14625,14625,1,1
2022-11-23 15:58:20.824,14624,14625,14625,1,1
2022-11-23 15:58:23.267,14624,14625,14625,1,1
2022-11-23 15:58:27.175,14624,14625,14625,1,1
2022-11-23 15:58:30.473,14624,14625,14625,1,1
2022-11-23 15:58:30.648,14624,14626,14624,1,-1
2022-11-23 15:58:32.190,14624,14626,14626,1,1
2022-11-23 15:58:37.454,14624,14625,14625,1,1
2022-11-23 15:58:48.702,14624,14625,14625,1,1
2022-11-23 15:58:52.821,14624,14625,14625,1,1
2022-11-23 15:58:57.319,14624,14625,14625,1,1
2022-11-23 15:58:57.398,14624,14625,14625,1,1
2022-11-23 15:58:58.113,14624,14625,14625,2,2
2022-11-23 15:59:11.637,14624,14625,14625,1,1
2022-11-23 15:59:16.565,14624,14625,14624,12,-12
2022-11-23 15:59:16.729,14624,14625,14625,1,1
2022-11-23 15:59:20.191,14624,14625,14625,3,3
2022-11-23 15:59:27.476,14624,14625,14624,1,-1
2022-11-23 15:59:27.678,14623,14624,14624,1,1
2022-11-23 15:59:27.799,14623,14624,14624,1,1
2022-11-23 15:59:38.602,14624,14625,14624,1,-1
2022-11-23 15:59:47.850,14623,14624,14623,1,-1
2022-11-23 15:59:53.542,14623,14624,14624,3,3
2022-11-23 15:59:59.148,14623,14624,14623,14,-14
2022-11-23 16:00:02.962,14623,14624,14624,1,1
2022-11-23 16:00:03.348,14623,14624,14624,1,1
2022-11-23 16:00:03.407,14623,14624,14624,1,1
2022-11-23 16:00:03.450,14623,14624,14624,1,1
2022-11-23 16:00:04.111,14623,14625,14623,5,-5
2022-11-23 16:00:06.069,14623,14624,14623,3,-3
2022-11-23 16:00:06.069,14623,14624,14622,2,-2
2022-11-23 16:00:07.570,14623,14624,14623,1,-1
2022-11-23 16:00:10.674,14623,14624,14624,13,13
2022-11-23 16:00:20.190,14624,14625,14625,1,1
2022-11-23 16:00:20.225,14624,14625,14625,1,1
2022-11-23 16:00:21.224,14624,14625,14625,1,1
2022-11-23 16:00:21.970,14624,14625,14625,1,1
2022-11-23 16:00:22.056,14624,14625,14625,1,1
2022-11-23 16:00:22.137,14624,14625,14624,3,-3
2022-11-23 16:00:31.611,14623,14625,14625,1,1
2022-11-23 16:00:33.998,14623,14624,14624,1,1
2022-11-23 16:00:35.476,14623,14624,14624,1,1
2022-11-23 16:00:44.570,14624,14625,14624,1,-1
2022-11-23 16:00:45.646,14624,14625,14624,1,-1
2022-11-23 16:00:45.646,14624,14625,14624,1,-1
2022-11-23 16:00:56.508,14624,14625,14624,2,-2
2022-11-23 16:00:59.449,14623,14624,14623,2,-2
2022-11-23 16:01:02.849,14622,14623,14622,1,-1
2022-11-23 16:01:06.107,14622,14623,14622,1,-1
2022-11-23 16:01:06.220,14622,14623,14623,1,1
2022-11-23 16:01:06.221,14622,14623,14624,1,1
2022-11-23 16:01:07.869,14622,14623,14623,1,1
2022-11-23 16:01:08.873,14622,14623,14622,12,-12
2022-11-23 16:01:13.329,14621,14622,14621,1,-1
2022-11-23 16:01:13.361,14621,14622,14621,2,-2
2022-11-23 16:01:17.698,14621,14622,14621,1,-1
2022-11-23 16:01:18.203,14621,14622,14621,1,-1
2022-11-23 16:01:25.596,14621,14622,14622,1,1
2022-11-23 16:01:25.875,14621,14623,14623,1,1
2022-11-23 16:01:27.903,14621,14623,14623,1,1
2022-11-23 16:01:39.120,14621,14622,14622,1,1
2022-11-23 16:01:48.590,14621,14622,14621,11,-11
2022-11-23 16:01:48.889,14620,14622,14622,1,1
2022-11-23 16:02:00.292,14621,14622,14622,1,1
2022-11-23 16:02:01.988,14621,14622,14621,1,-1
2022-11-23 16:02:02.470,14621,14622,14621,1,-1
2022-11-23 16:02:08.739,14620,14622,14620,1,-1
2022-11-23 16:02:08.854,14620,14622,14622,1,1
2022-11-23 16:02:09.450,14620,14622,14621,1,1
2022-11-23 16:02:10.160,14620,14621,14620,1,-1
2022-11-23 16:02:19.421,14620,14621,14620,2,-2
2022-11-23 16:02:21.397,14620,14621,14621,1,1
2022-11-23 16:02:24.752,14620,14621,14620,1,-1
2022-11-23 16:02:27.784,14620,14621,14620,7,-7
2022-11-23 16:02:27.784,14620,14621,14620,3,-3
2022-11-23 16:02:36.406,14619,14620,14620,3,3
2022-11-23 16:02:37.332,14619,14620,14619,13,-13
2022-11-23 16:02:39.681,14618,14619,14619,1,1
2022-11-23 16:02:41.216,14618,14619,14618,2,-2
2022-11-23 16:02:41.834,14618,14619,14618,1,-1
2022-11-23 16:02:47.623,14618,14619,14618,1,-1
2022-11-23 16:02:50.992,14618,14619,14618,1,-1
2022-11-23 16:02:55.809,14618,14619,14619,2,2
2022-11-23 16:02:56.996,14619,14620,14619,1,-1
2022-11-23 16:03:03.298,14619,14620,14619,2,-2
2022-11-23 16:03:04.487,14619,14620,14619,1,-1
2022-11-23 16:03:07.482,14619,14620,14619,1,-1
2022-11-23 16:03:08.557,14619,14620,14619,1,-1
2022-11-23 16:03:09.819,14619,14620,14619,1,-1
2022-11-23 16:03:35.172,14618,14619,14619,2,2
2022-11-23 16:03:41.732,14618,14619,14618,1,-1
2022-11-23 16:03:51.361,14618,14619,14618,4,-4
2022-11-23 16:03:52.955,14618,14619,14619,1,1
2022-11-23 16:03:53.362,14618,14619,14619,1,1
2022-11-23 16:04:06.771,14618,14619,14619,1,1
2022-11-23 16:04:20.630,14618,14619,14619,1,1
2022-11-23 16:04:24.044,14618,14619,14619,1,1
2022-11-23 16:04:35.343,14618,14619,14618,1,-1
2022-11-23 16:04:36.005,14618,14619,14618,1,-1
2022-11-23 16:04:36.570,14618,14619,14618,1,-1
2022-11-23 16:04:42.793,14618,14619,14618,2,-2
2022-11-23 16:04:55.990,14618,14619,14618,1,-1
2022-11-23 16:04:57.267,14618,14619,14619,1,1
2022-11-23 16:05:00.264,14618,14619,14619,3,3
2022-11-23 16:05:00.803,14618,14619,14618,1,-1
2022-11-23 16:05:01.431,14618,14619,14618,2,-2
2022-11-23 16:05:01.808,14617,14618,14617,7,-7
2022-11-23 16:05:02.206,14617,14618,14617,1,-1
2022-11-23 16:05:02.206,14617,14618,14617,2,-2
2022-11-23 16:05:04.057,14616,14617,14616,1,-1
2022-11-23 16:05:17.889,14617,14618,14617,1,-1
2022-11-23 16:05:18.849,14617,14618,14618,1,1
2022-11-23 16:05:39.639,14617,14618,14618,1,1
2022-11-23 16:05:41.422,14617,14618,14618,1,1
2022-11-23 16:06:01.792,14617,14618,14617,3,-3
2022-11-23 16:06:01.792,14617,14618,14617,1,-1
2022-11-23 16:06:01.815,14617,14618,14618,2,2
2022-11-23 16:06:10.968,14616,14617,14617,1,1
2022-11-23 16:06:14.247,14616,14617,14616,1,-1
2022-11-23 16:06:15.997,14616,14617,14616,3,-3
2022-11-23 16:06:22.819,14616,14617,14616,1,-1
2022-11-23 16:06:33.482,14616,14617,14616,1,-1
2022-11-23 16:06:35.609,14616,14617,14616,2,-2
2022-11-23 16:07:00.297,14617,14618,14618,1,1
2022-11-23 16:07:03.868,14617,14618,14618,2,2
2022-11-23 16:07:13.150,14617,14618,14618,5,5
2022-11-23 16:07:13.815,14618,14619,14619,4,4
2022-11-23 16:07:21.993,14619,14620,14619,1,-1
2022-11-23 16:07:37.464,14619,14620,14619,2,-2
2022-11-23 16:07:45.860,14619,14620,14620,1,1
2022-11-23 16:07:46.184,14619,14620,14620,5,5
2022-11-23 16:07:46.197,14619,14620,14620,5,5
2022-11-23 16:07:50.736,14619,14620,14620,4,4
2022-11-23 16:07:54.056,14620,14621,14620,1,-1
2022-11-23 16:07:54.552,14619,14621,14621,3,3
2022-11-23 16:08:00.452,14620,14621,14621,1,1
2022-11-23 16:08:04.204,14620,14621,14621,1,1
2022-11-23 16:08:04.706,14620,14621,14621,1,1
2022-11-23 16:08:04.710,14620,14621,14621,1,1
2022-11-23 16:08:04.756,14620,14622,14622,1,1
2022-11-23 16:08:05.088,14620,14622,14622,1,1
2022-11-23 16:08:05.088,14620,14622,14622,1,1
2022-11-23 16:08:08.989,14620,14621,14621,1,1
2022-11-23 16:08:11.325,14620,14622,14621,1,1
2022-11-23 16:08:14.346,14621,14622,14622,3,3
2022-11-23 16:08:15.792,14621,14623,14621,3,-3
2022-11-23 16:08:18.803,14621,14622,14622,1,1
2022-11-23 16:08:22.846,14621,14623,14621,1,-1
2022-11-23 16:08:23.516,14622,14623,14622,2,-2
2022-11-23 16:08:23.667,14621,14623,14623,2,2
2022-11-23 16:08:24.396,14621,14623,14621,2,-2
2022-11-23 16:08:27.020,14621,14622,14622,1,1
2022-11-23 16:08:27.563,14621,14623,14623,1,1
2022-11-23 16:08:27.729,14621,14623,14623,2,2
2022-11-23 16:08:37.887,14622,14623,14623,1,1
2022-11-23 16:08:51.394,14622,14623,14623,1,1
2022-11-23 16:08:52.031,14622,14623,14623,1,1
2022-11-23 16:09:02.436,14622,14623,14623,1,1
2022-11-23 16:09:09.356,14623,14624,14624,4,4
2022-11-23 16:09:13.854,14623,14624,14624,3,3
2022-11-23 16:09:14.047,14623,14624,14623,1,-1
2022-11-23 16:09:21.782,14623,14624,14623,2,-2
2022-11-23 16:09:27.850,14623,14624,14623,3,-3
2022-11-23 16:09:27.850,14623,14624,14623,2,-2
2022-11-23 16:09:28.653,14622,14623,14623,1,1
2022-11-23 16:09:29.177,14622,14623,14622,1,-1
2022-11-23 16:09:33.389,14622,14624,14622,8,-8
2022-11-23 16:09:36.254,14622,14624,14622,1,-1
2022-11-23 16:09:54.050,14622,14624,14622,1,-1
2022-11-23 16:10:04.454,14622,14623,14622,2,-2
2022-11-23 16:10:14.853,14622,14623,14623,1,1
2022-11-23 16:10:20.381,14622,14623,14622,1,-1
2022-11-23 16:10:33.749,14621,14623,14621,1,-1
2022-11-23 16:10:51.931,14621,14622,14621,1,-1
2022-11-23 16:11:08.096,14621,14622,14622,1,1
2022-11-23 16:11:19.132,14621,14622,14622,1,1
2022-11-23 16:11:26.391,14621,14622,14621,5,-5
2022-11-23 16:11:31.571,14621,14622,14622,4,4
2022-11-23 16:11:34.176,14622,14623,14622,2,-2
2022-11-23 16:11:34.176,14622,14623,14622,3,-3
2022-11-23 16:11:37.506,14622,14623,14623,2,2
2022-11-23 16:11:37.506,14622,14623,14623,3,3
2022-11-23 16:11:37.506,14622,14623,14623,2,2
2022-11-23 16:12:29.645,14622,14623,14623,1,1
2022-11-23 16:12:37.651,14622,14623,14623,3,3
2022-11-23 16:12:38.855,14622,14623,14622,1,-1
2022-11-23 16:12:57.410,14622,14623,14623,1,1
2022-11-23 16:12:59.780,14622,14623,14622,1,-1
2022-11-23 16:13:00.033,14622,14623,14622,1,-1
2022-11-23 16:13:00.296,14622,14623,14623,1,1
2022-11-23 16:13:07.969,14622,14623,14622,1,-1
2022-11-23 16:13:11.516,14621,14623,14621,1,-1
2022-11-23 16:13:20.900,14621,14622,14621,1,-1
2022-11-23 16:13:40.168,14620,14621,14621,3,3
2022-11-23 16:13:40.855,14621,14622,14621,1,-1
2022-11-23 16:13:48.072,14620,14621,14621,1,1
2022-11-23 16:13:51.361,14620,14621,14621,14,14
2022-11-23 16:14:00.257,14621,14622,14622,1,1
2022-11-23 16:14:00.434,14621,14622,14622,3,3
2022-11-23 16:14:08.123,14621,14622,14622,3,3
2022-11-23 16:14:10.092,14621,14622,14622,1,1
2022-11-23 16:14:12.551,14622,14623,14622,2,-2
2022-11-23 16:14:40.356,14622,14623,14623,1,1
2022-11-23 16:14:48.171,14622,14623,14623,1,1
2022-11-23 16:14:55.705,14622,14623,14622,4,-4
2022-11-23 16:14:55.705,14622,14623,14621,6,-6
2022-11-23 16:14:57.703,14622,14623,14622,1,-1
2022-11-23 16:15:00.253,14622,14623,14623,3,3
2022-11-23 16:15:00.937,14621,14623,14623,1,1
2022-11-23 16:15:01.134,14622,14623,14622,1,-1
2022-11-23 16:15:01.355,14621,14622,14621,2,-2
2022-11-23 16:15:01.578,14621,14622,14621,2,-2
2022-11-23 16:15:01.582,14621,14622,14621,1,-1
2022-11-23 16:15:01.583,14621,14622,14621,1,-1
2022-11-23 16:15:01.583,14621,14622,14621,18,-18
2022-11-23 16:15:01.583,14621,14622,14621,3,-3
2022-11-23 16:15:01.583,14621,14622,14621,2,-2
2022-11-23 16:15:01.583,14621,14622,14621,4,-4
2022-11-23 16:15:01.583,14621,14622,14621,5,-5
2022-11-23 16:15:08.056,14620,14621,14620,1,-1
2022-11-23 16:15:08.223,14620,14621,14620,1,-1
2022-11-23 16:15:08.366,14620,14621,14620,1,-1
2022-11-23 16:15:08.513,14620,14621,14620,1,-1
2022-11-23 16:15:09.795,14620,14621,14620,1,-1
2022-11-23 16:15:16.899,14619,14620,14620,1,1
2022-11-23 16:15:25.638,14619,14620,14620,3,3
2022-11-23 16:15:28.169,14620,14621,14620,1,-1
2022-11-23 16:15:41.516,14620,14621,14620,2,-2
2022-11-23 16:15:56.653,14619,14621,14619,1,-1
2022-11-23 16:15:57.553,14619,14621,14619,5,-5
2022-11-23 16:15:57.554,14619,14621,14619,3,-3
2022-11-23 16:15:57.554,14619,14621,14618,2,-2
2022-11-23 16:16:02.640,14618,14620,14620,1,1
2022-11-23 16:16:24.194,14619,14620,14619,1,-1
2022-11-23 16:16:27.477,14619,14620,14620,6,6
2022-11-23 16:16:43.160,14619,14620,14619,1,-1
2022-11-23 16:16:50.195,14619,14620,14620,3,3
2022-11-23 16:16:53.544,14619,14620,14619,2,-2
2022-11-23 16:17:01.986,14619,14620,14619,2,-2
2022-11-23 16:17:05.277,14618,14619,14618,2,-2
2022-11-23 16:17:05.277,14618,14619,14618,2,-2
2022-11-23 16:17:07.670,14617,14619,14619,3,3
2022-11-23 16:17:09.531,14617,14619,14617,1,-1
2022-11-23 16:17:13.388,14618,14619,14618,1,-1
2022-11-23 16:17:13.699,14618,14619,14619,1,1
2022-11-23 16:17:14.790,14619,14621,14619,4,-4
2022-11-23 16:17:31.322,14619,14620,14620,2,2
2022-11-23 16:17:37.293,14620,14621,14620,1,-1
2022-11-23 16:17:55.347,14620,14621,14620,1,-1
2022-11-23 16:18:29.033,14619,14620,14619,2,-2
2022-11-23 16:18:44.876,14619,14620,14620,3,3
2022-11-23 16:19:00.579,14619,14620,14620,1,1
2022-11-23 16:19:09.141,14619,14620,14619,2,-2
2022-11-23 16:19:12.159,14618,14620,14620,2,2
2022-11-23 16:19:13.539,14618,14620,14618,3,-3
2022-11-23 16:19:14.025,14617,14619,14619,3,3
2022-11-23 16:19:44.527,14618,14619,14618,1,-1
2022-11-23 16:19:44.527,14618,14619,14618,1,-1
2022-11-23 16:19:47.452,14617,14618,14618,1,1
2022-11-23 16:19:51.219,14617,14618,14617,6,-6
2022-11-23 16:19:58.885,14616,14617,14617,1,1
2022-11-23 16:20:00.198,14616,14617,14616,2,-2
2022-11-23 16:20:01.048,14616,14617,14617,1,1
2022-11-23 16:20:01.485,14616,14617,14616,1,-1
2022-11-23 16:20:01.912,14616,14617,14617,1,1
2022-11-23 16:20:02.754,14617,14618,14617,1,-1
2022-11-23 16:20:03.574,14617,14618,14617,1,-1
2022-11-23 16:20:03.821,14617,14618,14617,1,-1
2022-11-23 16:20:03.840,14617,14618,14617,1,-1
2022-11-23 16:20:05.328,14617,14618,14617,1,-1
2022-11-23 16:20:12.798,14616,14617,14617,1,1
2022-11-23 16:20:13.670,14617,14618,14617,1,-1
2022-11-23 16:20:15.234,14617,14618,14617,1,-1
2022-11-23 16:20:38.581,14617,14618,14618,4,4
2022-11-23 16:20:42.547,14618,14619,14619,2,2
2022-11-23 16:20:42.547,14618,14619,14619,1,1
2022-11-23 16:20:42.983,14619,14620,14620,1,1
2022-11-23 16:20:53.583,14617,14618,14618,1,1
2022-11-23 16:21:03.550,14617,14619,14618,1,1
2022-11-23 16:21:06.522,14617,14618,14617,8,-8
2022-11-23 16:21:06.523,14617,14618,14617,2,-2
2022-11-23 16:21:06.523,14617,14618,14617,16,-16
2022-11-23 16:21:07.915,14616,14617,14616,7,-7
2022-11-23 16:21:11.040,14615,14616,14616,2,2
2022-11-23 16:21:14.273,14615,14616,14616,2,2
2022-11-23 16:21:42.148,14617,14618,14618,2,2
2022-11-23 16:21:47.933,14618,14619,14619,1,1
2022-11-23 16:21:57.118,14619,14620,14619,1,-1
2022-11-23 16:22:05.913,14619,14620,14620,1,1
2022-11-23 16:22:09.437,14619,14621,14621,5,5
2022-11-23 16:22:09.726,14621,14622,14621,2,-2
2022-11-23 16:22:19.139,14621,14622,14621,1,-1
2022-11-23 16:22:19.690,14621,14622,14622,4,4
2022-11-23 16:22:19.690,14621,14622,14623,1,1
2022-11-23 16:22:19.709,14621,14622,14623,5,5
2022-11-23 16:22:37.525,14622,14623,14623,1,1
2022-11-23 16:22:40.588,14621,14623,14623,1,1
2022-11-23 16:22:50.361,14622,14623,14623,1,1
2022-11-23 16:23:01.617,14622,14623,14623,1,1
2022-11-23 16:23:03.662,14622,14623,14623,1,1
2022-11-23 16:23:17.916,14622,14623,14623,7,7
2022-11-23 16:23:23.464,14622,14623,14623,1,1
2022-11-23 16:23:24.941,14622,14623,14623,1,1
2022-11-23 16:23:25.319,14622,14623,14623,1,1
2022-11-23 16:23:31.137,14622,14623,14622,1,-1
2022-11-23 16:23:31.137,14622,14623,14622,7,-7
2022-11-23 16:23:31.138,14622,14623,14622,2,-2
2022-11-23 16:23:31.138,14622,14623,14622,2,-2
2022-11-23 16:23:33.701,14621,14622,14622,1,1
2022-11-23 16:23:41.030,14621,14622,14621,1,-1
2022-11-23 16:23:46.298,14620,14621,14620,2,-2
2022-11-23 16:23:46.736,14619,14621,14619,5,-5
2022-11-23 16:23:46.757,14619,14621,14619,5,-5
2022-11-23 16:23:49.850,14618,14620,14620,7,7
2022-11-23 16:23:58.573,14618,14620,14618,1,-1
2022-11-23 16:24:06.275,14618,14620,14620,1,1
2022-11-23 16:24:29.310,14619,14620,14620,1,1
2022-11-23 16:24:29.310,14619,14620,14620,3,3
2022-11-23 16:24:31.417,14620,14622,14620,1,-1
2022-11-23 16:25:04.122,14619,14620,14620,1,1
2022-11-23 16:25:18.729,14620,14621,14621,1,1
2022-11-23 16:25:18.729,14620,14621,14621,1,1
2022-11-23 16:25:19.840,14621,14622,14622,2,2
2022-11-23 16:25:39.830,14622,14623,14622,1,-1
2022-11-23 16:25:42.397,14622,14623,14622,1,-1
2022-11-23 16:25:54.011,14622,14623,14623,6,6
2022-11-23 16:25:54.122,14623,14624,14623,1,-1
2022-11-23 16:26:07.786,14623,14624,14623,1,-1
2022-11-23 16:26:09.745,14623,14624,14623,1,-1
2022-11-23 16:26:09.745,14623,14624,14623,1,-1
2022-11-23 16:26:10.074,14622,14623,14623,1,1
2022-11-23 16:26:14.398,14622,14623,14623,1,1
2022-11-23 16:26:26.591,14622,14623,14623,1,1
2022-11-23 16:26:41.044,14622,14623,14622,2,-2
2022-11-23 16:26:43.805,14622,14623,14623,2,2
2022-11-23 16:26:53.608,14622,14623,14623,1,1
2022-11-23 16:27:06.112,14622,14623,14622,1,-1
2022-11-23 16:27:14.518,14622,14623,14622,6,-6
2022-11-23 16:27:14.518,14622,14623,14621,2,-2
2022-11-23 16:27:32.882,14622,14623,14623,1,1
2022-11-23 16:27:33.183,14622,14623,14623,1,1
2022-11-23 16:27:33.184,14622,14623,14623,1,1
2022-11-23 16:27:33.188,14622,14623,14623,3,3
2022-11-23 16:28:04.379,14623,14624,14623,2,-2
2022-11-23 16:28:04.741,14622,14624,14622,4,-4
2022-11-23 16:28:10.400,14622,14623,14622,1,-1
2022-11-23 16:28:15.405,14621,14622,14621,1,-1
2022-11-23 16:28:15.733,14620,14622,14620,1,-1
2022-11-23 16:28:16.279,14620,14622,14620,1,-1
2022-11-23 16:28:22.440,14620,14621,14621,2,2
2022-11-23 16:28:23.768,14620,14621,14620,1,-1
2022-11-23 16:28:41.543,14620,14621,14620,1,-1
2022-11-23 16:28:50.818,14620,14621,14620,1,-1
2022-11-23 16:28:50.818,14620,14621,14619,2,-2
2022-11-23 16:29:31.116,14619,14620,14619,15,-15
2022-11-23 16:29:31.117,14619,14620,14619,1,-1
2022-11-23 16:29:39.019,14619,14620,14619,1,-1
2022-11-23 16:29:39.019,14619,14620,14618,3,-3
2022-11-23 16:29:39.537,14618,14620,14618,1,-1
2022-11-23 16:30:00.193,14618,14620,14618,1,-1
2022-11-23 16:30:00.193,14618,14620,14618,6,-6
2022-11-23 16:30:00.229,14618,14619,14619,1,1
2022-11-23 16:30:00.242,14618,14619,14619,1,1
2022-11-23 16:30:00.242,14618,14619,14619,1,1
2022-11-23 16:30:00.243,14618,14619,14619,1,1
2022-11-23 16:30:00.769,14618,14619,14618,1,-1
2022-11-23 16:30:00.770,14618,14619,14618,1,-1
2022-11-23 16:30:00.903,14618,14619,14618,1,-1
2022-11-23 16:30:00.903,14618,14619,14618,9,-9
2022-11-23 16:30:00.903,14618,14619,14618,5,-5
2022-11-23 16:30:01.449,14617,14618,14617,4,-4
2022-11-23 16:30:02.343,14616,14617,14616,5,-5
2022-11-23 16:30:02.343,14616,14617,14616,1,-1
2022-11-23 16:30:02.815,14615,14616,14616,1,1
2022-11-23 16:30:05.805,14615,14616,14615,4,-4
2022-11-23 16:30:09.295,14615,14616,14615,1,-1
2022-11-23 16:30:10.055,14615,14616,14616,1,1
2022-11-23 16:30:10.099,14615,14617,14617,1,1
2022-11-23 16:30:17.332,14615,14616,14615,10,-10
2022-11-23 16:30:18.308,14615,14616,14615,1,-1
2022-11-23 16:30:18.346,14614,14616,14616,1,1
2022-11-23 16:30:19.713,14614,14616,14614,2,-2
2022-11-23 16:30:19.712,14614,14616,14614,12,-12
2022-11-23 16:30:21.918,14613,14615,14613,14,-14
2022-11-23 16:30:22.069,14612,14614,14612,1,-1
2022-11-23 16:30:22.215,14612,14614,14612,1,-1
2022-11-23 16:30:26.859,14612,14614,14612,2,-2
2022-11-23 16:30:27.834,14612,14614,14612,3,-3
2022-11-23 16:30:27.846,14612,14614,14614,1,1
2022-11-23 16:30:29.104,14613,14614,14613,1,-1
2022-11-23 16:30:29.104,14613,14614,14612,1,-1
2022-11-23 16:30:29.220,14613,14615,14615,1,1
2022-11-23 16:30:29.588,14612,14613,14613,1,1
2022-11-23 16:30:29.588,14612,14613,14614,4,4
2022-11-23 16:30:29.599,14613,14615,14615,5,5
2022-11-23 16:30:31.766,14613,14614,14613,1,-1
2022-11-23 16:30:31.766,14613,14614,14613,1,-1
2022-11-23 16:30:31.766,14613,14614,14613,1,-1
2022-11-23 16:30:31.766,14613,14614,14613,1,-1
2022-11-23 16:30:32.147,14611,14612,14611,1,-1
2022-11-23 16:30:32.594,14611,14613,14611,1,-1
2022-11-23 16:30:33.134,14611,14612,14612,1,1
2022-11-23 16:30:34.179,14612,14614,14614,1,1
2022-11-23 16:30:40.208,14613,14614,14613,1,-1
2022-11-23 16:30:53.890,14612,14613,14612,1,-1
2022-11-23 16:30:55.757,14612,14613,14612,1,-1
2022-11-23 16:30:57.884,14612,14613,14612,7,-7
2022-11-23 16:31:01.780,14611,14612,14611,4,-4
2022-11-23 16:31:01.780,14611,14612,14611,7,-7
2022-11-23 16:31:01.983,14610,14611,14610,3,-3
2022-11-23 16:31:02.028,14610,14611,14611,2,2
2022-11-23 16:31:02.028,14610,14611,14612,1,1
2022-11-23 16:31:02.078,14610,14611,14610,5,-5
2022-11-23 16:31:02.098,14610,14612,14610,5,-5
2022-11-23 16:31:02.101,14610,14612,14610,1,-1
2022-11-23 16:31:02.209,14610,14612,14610,1,-1
2022-11-23 16:31:02.565,14610,14612,14611,2,-2
2022-11-23 16:31:05.209,14611,14612,14611,2,-2
2022-11-23 16:31:06.085,14610,14611,14610,15,-15
2022-11-23 16:31:06.742,14610,14611,14611,1,1
2022-11-23 16:31:07.556,14610,14611,14611,1,1
2022-11-23 16:31:07.643,14610,14611,14611,1,1
2022-11-23 16:31:08.510,14610,14611,14610,3,-3
2022-11-23 16:31:09.373,14610,14611,14610,1,-1
2022-11-23 16:31:09.446,14610,14611,14610,1,-1
2022-11-23 16:31:12.490,14610,14611,14611,4,4
2022-11-23 16:31:12.491,14610,14611,14611,2,2
2022-11-23 16:31:12.491,14610,14611,14611,2,2
2022-11-23 16:31:12.491,14610,14611,14611,6,6
2022-11-23 16:31:12.491,14610,14611,14611,3,3
2022-11-23 16:31:12.740,14611,14612,14611,1,-1
2022-11-23 16:31:12.831,14611,14612,14611,1,-1
2022-11-23 16:31:13.908,14610,14612,14611,1,-1
2022-11-23 16:31:17.209,14610,14611,14611,1,1
2022-11-23 16:31:20.205,14610,14611,14610,1,-1
2022-11-23 16:31:20.690,14610,14611,14611,1,1
2022-11-23 16:31:28.365,14610,14611,14610,1,-1
2022-11-23 16:31:31.554,14610,14611,14610,2,-2
2022-11-23 16:31:34.733,14610,14611,14611,11,11
2022-11-23 16:31:34.733,14610,14611,14611,2,2
2022-11-23 16:31:34.734,14610,14611,14611,5,5
2022-11-23 16:31:35.152,14611,14612,14611,3,-3
2022-11-23 16:31:37.132,14611,14612,14611,1,-1
2022-11-23 16:31:37.133,14611,14612,14611,1,-1
2022-11-23 16:31:40.403,14610,14611,14611,1,1
2022-11-23 16:31:42.580,14610,14611,14611,1,1
2022-11-23 16:31:46.087,14610,14611,14611,1,1
2022-11-23 16:31:57.535,14610,14611,14611,1,1
2022-11-23 16:32:00.446,14610,14611,14611,3,3
2022-11-23 16:32:01.273,14610,14611,14610,7,-7
2022-11-23 16:32:01.273,14610,14611,14610,2,-2
2022-11-23 16:32:01.273,14610,14611,14610,4,-4
2022-11-23 16:32:01.273,14610,14611,14610,8,-8
2022-11-23 16:32:01.273,14610,14611,14610,1,-1
2022-11-23 16:32:01.273,14610,14611,14610,1,-1
2022-11-23 16:32:01.273,14610,14611,14610,3,-3
2022-11-23 16:32:01.273,14610,14611,14610,2,-2
2022-11-23 16:32:02.235,14609,14610,14610,1,1
2022-11-23 16:32:04.657,14609,14610,14609,4,-4
2022-11-23 16:32:04.776,14608,14610,14608,1,-1
2022-11-23 16:32:08.373,14608,14609,14609,1,1
2022-11-23 16:32:08.537,14608,14610,14608,1,-1
2022-11-23 16:32:09.794,14608,14610,14608,3,-3
2022-11-23 16:32:09.920,14608,14610,14608,2,-2
2022-11-23 16:32:10.692,14608,14609,14609,1,1
2022-11-23 16:32:11.492,14608,14610,14608,1,-1
2022-11-23 16:32:13.405,14608,14610,14608,1,-1
2022-11-23 16:32:14.292,14608,14609,14609,1,1
2022-11-23 16:32:17.122,14608,14609,14608,5,-5
2022-11-23 16:32:18.277,14608,14609,14608,1,-1
2022-11-23 16:32:18.277,14608,14609,14608,1,-1
2022-11-23 16:32:19.741,14607,14608,14607,1,-1
2022-11-23 16:32:23.560,14606,14607,14606,3,-3
2022-11-23 16:32:23.713,14606,14607,14606,1,-1
2022-11-23 16:32:23.732,14606,14607,14607,1,1
2022-11-23 16:32:26.055,14606,14607,14607,1,1
2022-11-23 16:32:29.524,14606,14607,14606,1,-1
2022-11-23 16:32:29.524,14606,14607,14606,1,-1
2022-11-23 16:32:29.524,14606,14607,14606,1,-1
2022-11-23 16:32:29.525,14606,14607,14606,6,-6
2022-11-23 16:32:29.525,14606,14607,14606,3,-3
2022-11-23 16:32:29.884,14605,14606,14605,2,-2
2022-11-23 16:32:29.997,14605,14606,14605,1,-1
2022-11-23 16:32:30.124,14605,14606,14606,2,2
2022-11-23 16:32:30.303,14605,14607,14605,4,-4
2022-11-23 16:32:31.888,14605,14607,14605,1,-1
2022-11-23 16:32:31.999,14605,14607,14606,2,-2
2022-11-23 16:32:32.582,14605,14607,14605,2,-2
2022-11-23 16:32:33.988,14605,14606,14605,10,-10
2022-11-23 16:32:33.988,14605,14606,14605,3,-3
2022-11-23 16:32:33.990,14605,14606,14605,2,-2
2022-11-23 16:32:34.361,14605,14606,14605,1,-1
2022-11-23 16:32:38.126,14604,14605,14604,2,-2
2022-11-23 16:32:39.542,14604,14605,14604,34,-34
2022-11-23 16:32:39.544,14604,14605,14604,1,-1
2022-11-23 16:32:40.147,14604,14605,14604,3,-3
2022-11-23 16:32:40.200,14604,14605,14604,3,-3
2022-11-23 16:32:40.570,14604,14605,14604,3,-3
2022-11-23 16:32:40.570,14604,14605,14603,8,-8
2022-11-23 16:32:41.778,14604,14605,14604,1,-1
2022-11-23 16:32:42.278,14603,14604,14604,9,9
2022-11-23 16:32:44.211,14604,14605,14605,1,1
2022-11-23 16:32:44.211,14604,14605,14605,5,5
2022-11-23 16:32:44.211,14604,14605,14605,9,9
2022-11-23 16:32:46.166,14605,14606,14606,1,1
2022-11-23 16:32:46.208,14605,14606,14607,1,1
2022-11-23 16:32:46.684,14605,14607,14605,8,-8
2022-11-23 16:33:00.214,14605,14606,14605,1,-1
2022-11-23 16:33:00.222,14605,14606,14606,1,1
2022-11-23 16:33:00.439,14605,14606,14605,1,-1
2022-11-23 16:33:03.973,14604,14605,14605,5,5
2022-11-23 16:33:03.973,14604,14605,14604,1,-1
2022-11-23 16:33:08.908,14604,14605,14604,1,-1
2022-11-23 16:33:08.970,14603,14605,14605,1,1
2022-11-23 16:33:11.804,14604,14605,14604,4,-4
2022-11-23 16:33:11.845,14604,14605,14605,1,1
2022-11-23 16:33:11.845,14604,14605,14605,1,1
2022-11-23 16:33:11.846,14604,14605,14605,1,1
2022-11-23 16:33:11.846,14604,14605,14605,3,3
2022-11-23 16:33:11.846,14604,14605,14606,1,1
2022-11-23 16:33:23.757,14604,14605,14605,1,1
2022-11-23 16:33:25.904,14604,14606,14606,1,1
2022-11-23 16:33:25.970,14604,14606,14606,1,1
2022-11-23 16:33:28.664,14605,14606,14606,6,6
2022-11-23 16:33:28.664,14605,14606,14606,2,2
2022-11-23 16:33:28.664,14605,14606,14606,5,5
2022-11-23 16:33:28.664,14605,14606,14606,22,22
2022-11-23 16:33:28.664,14605,14606,14606,3,3
2022-11-23 16:33:40.398,14606,14607,14607,1,1
2022-11-23 16:33:40.470,14606,14607,14607,1,1
2022-11-23 16:33:42.639,14606,14607,14607,2,2
2022-11-23 16:33:49.240,14606,14607,14606,1,-1
2022-11-23 16:34:03.005,14606,14607,14606,8,-8
2022-11-23 16:34:03.958,14605,14607,14607,1,1
2022-11-23 16:34:07.365,14606,14607,14607,2,2
2022-11-23 16:34:07.365,14606,14607,14607,1,1
2022-11-23 16:34:07.365,14606,14607,14607,2,2
2022-11-23 16:34:12.372,14606,14608,14608,1,1
2022-11-23 16:34:13.126,14606,14608,14608,5,5
2022-11-23 16:34:13.138,14606,14608,14609,5,5
2022-11-23 16:34:18.023,14608,14609,14609,3,3
2022-11-23 16:34:18.889,14608,14609,14609,1,1
2022-11-23 16:34:19.962,14608,14610,14609,1,1
2022-11-23 16:34:20.079,14608,14610,14609,1,1
2022-11-23 16:34:20.973,14609,14610,14609,1,-1
2022-11-23 16:34:21.767,14608,14609,14609,1,1
2022-11-23 16:34:21.767,14608,14609,14610,1,1
2022-11-23 16:34:23.579,14608,14609,14609,1,1
2022-11-23 16:34:25.535,14607,14609,14609,1,1
2022-11-23 16:34:30.357,14607,14609,14609,1,1
2022-11-23 16:34:32.548,14607,14609,14609,1,1
2022-11-23 16:34:33.472,14607,14609,14609,1,1
2022-11-23 16:34:38.441,14608,14609,14608,7,-7
2022-11-23 16:34:38.441,14608,14609,14607,29,-29
2022-11-23 16:34:38.442,14608,14609,14607,2,-2
2022-11-23 16:34:38.442,14608,14609,14607,12,-12
2022-11-23 16:34:40.982,14606,14608,14606,1,-1
2022-11-23 16:34:50.917,14606,14607,14607,1,1
2022-11-23 16:34:54.596,14606,14607,14606,1,-1
2022-11-23 16:34:58.285,14606,14607,14607,1,1
2022-11-23 16:35:13.541,14606,14607,14607,10,10
2022-11-23 16:35:13.547,14606,14607,14606,17,-17
2022-11-23 16:35:13.598,14605,14606,14606,1,1
2022-11-23 16:35:13.688,14605,14606,14606,1,1
2022-11-23 16:35:13.745,14605,14606,14606,1,1
2022-11-23 16:35:14.830,14605,14606,14606,18,18
2022-11-23 16:35:20.136,14606,14607,14607,1,1
2022-11-23 16:35:27.925,14607,14608,14608,4,4
2022-11-23 16:35:30.625,14607,14609,14609,5,5
2022-11-23 16:35:38.374,14609,14610,14610,1,1
2022-11-23 16:35:39.057,14609,14610,14609,1,-1
2022-11-23 16:35:46.124,14609,14610,14609,1,-1
2022-11-23 16:35:51.233,14608,14610,14609,3,-3
2022-11-23 16:36:15.536,14609,14610,14610,1,1
2022-11-23 16:36:18.171,14609,14610,14610,2,2
2022-11-23 16:36:25.922,14609,14610,14610,4,4
2022-11-23 16:36:35.959,14609,14610,14610,6,6
2022-11-23 16:36:44.467,14609,14610,14609,5,-5
2022-11-23 16:36:49.330,14608,14609,14608,1,-1
2022-11-23 16:36:49.330,14608,14609,14608,3,-3
2022-11-23 16:36:49.576,14607,14609,14607,5,-5
2022-11-23 16:36:49.598,14607,14609,14607,2,-2
2022-11-23 16:36:49.598,14607,14609,14606,3,-3
2022-11-23 16:36:49.643,14607,14609,14606,1,-1
2022-11-23 16:36:49.721,14607,14608,14607,1,-1
2022-11-23 16:36:49.721,14607,14608,14606,4,-4
2022-11-23 16:36:50.062,14606,14608,14608,5,5
2022-11-23 16:36:57.214,14606,14608,14606,1,-1
2022-11-23 16:37:00.414,14606,14607,14607,1,1
2022-11-23 16:37:00.514,14606,14607,14607,1,1
2022-11-23 16:37:10.256,14606,14607,14606,1,-1
2022-11-23 16:37:13.825,14606,14607,14607,1,1
2022-11-23 16:37:15.672,14606,14607,14607,1,1
2022-11-23 16:37:26.652,14607,14608,14608,1,1
2022-11-23 16:37:50.030,14607,14608,14608,1,1
2022-11-23 16:37:52.364,14607,14608,14608,2,2
2022-11-23 16:37:58.536,14607,14608,14608,1,1
2022-11-23 16:38:05.591,14608,14609,14608,1,-1
2022-11-23 16:38:06.335,14608,14609,14608,1,-1
2022-11-23 16:38:10.114,14607,14608,14608,1,1
2022-11-23 16:38:11.994,14607,14608,14608,1,1
2022-11-23 16:38:14.465,14608,14609,14608,1,-1
2022-11-23 16:38:19.989,14608,14609,14609,1,1
2022-11-23 16:38:20.872,14609,14610,14610,4,4
2022-11-23 16:38:26.609,14609,14611,14611,1,1
2022-11-23 16:38:29.841,14610,14611,14611,2,2
2022-11-23 16:38:35.515,14610,14611,14611,1,1
2022-11-23 16:38:35.592,14610,14611,14611,1,1
2022-11-23 16:38:39.516,14610,14611,14611,1,1
2022-11-23 16:38:50.041,14611,14612,14611,1,-1
2022-11-23 16:38:50.358,14611,14612,14611,3,-3
2022-11-23 16:38:56.294,14610,14611,14611,1,1
2022-11-23 16:38:56.535,14610,14612,14610,2,-2
2022-11-23 16:38:59.582,14610,14611,14611,1,1
2022-11-23 16:38:59.582,14610,14611,14612,7,7
2022-11-23 16:38:59.624,14610,14612,14612,1,1
2022-11-23 16:39:06.878,14611,14612,14611,1,-1
2022-11-23 16:39:06.878,14611,14612,14611,1,-1
2022-11-23 16:39:06.955,14611,14612,14610,2,-2
2022-11-23 16:39:07.271,14610,14611,14610,1,-1
2022-11-23 16:39:08.342,14609,14611,14609,1,-1
2022-11-23 16:39:35.430,14609,14610,14609,1,-1
2022-11-23 16:39:52.383,14609,14610,14609,10,-10
2022-11-23 16:39:52.559,14608,14609,14609,1,1
2022-11-23 16:40:05.007,14608,14609,14609,1,1
2022-11-23 16:40:05.722,14608,14609,14608,2,-2
2022-11-23 16:40:06.933,14608,14609,14609,1,1
2022-11-23 16:40:13.538,14608,14609,14608,5,-5
2022-11-23 16:40:13.538,14608,14609,14608,1,-1
2022-11-23 16:40:20.920,14607,14608,14607,1,-1
2022-11-23 16:40:21.114,14607,14608,14608,1,1
2022-11-23 16:40:43.017,14607,14608,14607,1,-1
2022-11-23 16:40:50.035,14607,14608,14608,1,1
2022-11-23 16:40:50.852,14608,14609,14608,1,-1
2022-11-23 16:40:52.106,14608,14609,14608,2,-2
2022-11-23 16:40:52.787,14607,14609,14607,2,-2
2022-11-23 16:40:52.848,14607,14609,14607,1,-1
2022-11-23 16:40:52.961,14607,14609,14607,4,-4
2022-11-23 16:40:53.228,14607,14608,14607,1,-1
2022-11-23 16:40:58.999,14607,14608,14607,1,-1
2022-11-23 16:41:00.402,14607,14608,14608,1,1
2022-11-23 16:41:06.829,14607,14608,14608,1,1
2022-11-23 16:41:09.749,14607,14608,14607,1,-1
2022-11-23 16:41:14.360,14607,14608,14607,1,-1
2022-11-23 16:41:14.629,14607,14608,14607,1,-1
2022-11-23 16:41:17.390,14607,14608,14608,3,3
2022-11-23 16:41:21.826,14607,14608,14608,1,1
2022-11-23 16:41:29.725,14607,14609,14609,5,5
2022-11-23 16:41:30.613,14607,14609,14607,1,-1
2022-11-23 16:41:48.062,14607,14608,14608,3,3
2022-11-23 16:41:53.025,14608,14609,14609,1,1
2022-11-23 16:41:55.461,14609,14610,14609,2,-2
2022-11-23 16:41:56.712,14609,14610,14609,1,-1
2022-11-23 16:42:00.963,14609,14610,14609,1,-1
2022-11-23 16:42:24.877,14609,14610,14610,9,9
2022-11-23 16:42:25.449,14610,14611,14610,1,-1
2022-11-23 16:42:35.280,14610,14611,14611,1,1
2022-11-23 16:42:42.856,14611,14612,14611,1,-1
2022-11-23 16:42:43.099,14609,14611,14611,1,1
2022-11-23 16:43:11.538,14610,14611,14610,5,-5
2022-11-23 16:43:25.971,14610,14611,14610,1,-1
2022-11-23 16:43:26.759,14610,14611,14611,1,1
2022-11-23 16:43:34.369,14610,14611,14610,2,-2
2022-11-23 16:43:35.741,14610,14611,14610,1,-1
2022-11-23 16:43:41.608,14610,14611,14611,1,1
2022-11-23 16:43:45.224,14610,14611,14610,1,-1
2022-11-23 16:43:49.054,14610,14611,14610,1,-1
2022-11-23 16:43:55.270,14610,14611,14611,1,1
2022-11-23 16:44:06.993,14610,14611,14611,1,1
2022-11-23 16:44:16.627,14611,14612,14611,1,-1
2022-11-23 16:44:21.241,14611,14612,14611,1,-1
2022-11-23 16:44:24.515,14611,14612,14612,2,2
2022-11-23 16:44:36.284,14611,14612,14612,1,1
2022-11-23 16:44:38.652,14611,14612,14612,1,1
2022-11-23 16:44:44.979,14611,14612,14612,1,1
2022-11-23 16:44:45.620,14611,14612,14611,2,-2
2022-11-23 16:44:47.826,14611,14612,14612,1,1
2022-11-23 16:44:47.827,14611,14612,14612,1,1
2022-11-23 16:44:52.372,14612,14613,14612,1,-1
2022-11-23 16:44:54.007,14612,14613,14613,1,1
2022-11-23 16:44:54.168,14612,14613,14613,1,1
2022-11-23 16:44:54.289,14612,14613,14613,2,2
2022-11-23 16:44:54.336,14612,14613,14613,5,5
2022-11-23 16:44:54.373,14612,14613,14613,3,3
2022-11-23 16:44:54.373,14612,14613,14614,2,2
2022-11-23 16:44:54.375,14612,14613,14614,5,5
2022-11-23 16:44:59.241,14613,14614,14613,2,-2
2022-11-23 16:45:04.479,14613,14614,14613,3,-3
2022-11-23 16:45:06.835,14612,14614,14614,1,1
2022-11-23 16:45:10.624,14613,14614,14613,1,-1
2022-11-23 16:45:16.573,14613,14614,14614,2,2
2022-11-23 16:45:16.573,14613,14614,14614,2,2
2022-11-23 16:45:18.750,14613,14614,14614,1,1
2022-11-23 16:45:18.750,14613,14614,14615,4,4
2022-11-23 16:45:19.987,14613,14615,14613,1,-1
2022-11-23 16:45:23.978,14614,14615,14615,1,1
2022-11-23 16:45:24.664,14614,14615,14614,1,-1
2022-11-23 16:45:35.609,14614,14615,14614,1,-1
2022-11-23 16:45:40.415,14614,14615,14614,1,-1
2022-11-23 16:45:41.002,14614,14615,14615,1,1
2022-11-23 16:45:45.574,14614,14615,14614,1,-1
2022-11-23 16:45:46.886,14614,14615,14615,1,1
2022-11-23 16:45:50.832,14614,14615,14614,2,-2
2022-11-23 16:45:55.850,14614,14615,14614,3,-3
2022-11-23 16:45:56.297,14613,14614,14613,4,-4
2022-11-23 16:45:56.607,14613,14614,14613,5,-5
2022-11-23 16:45:56.647,14613,14614,14612,5,-5
2022-11-23 16:45:56.661,14613,14614,14612,5,-5
2022-11-23 16:45:57.712,14612,14614,14614,1,1
2022-11-23 16:46:00.069,14612,14614,14614,2,2
2022-11-23 16:46:00.070,14612,14614,14614,1,1
2022-11-23 16:46:04.720,14613,14614,14614,1,1
2022-11-23 16:46:06.584,14613,14614,14614,2,2
2022-11-23 16:46:18.228,14613,14614,14614,2,2
2022-11-23 16:46:18.228,14613,14614,14614,1,1
2022-11-23 16:46:18.587,14614,14615,14614,1,-1
2022-11-23 16:46:26.115,14613,14615,14614,2,-2
2022-11-23 16:46:26.459,14613,14615,14613,3,-3
2022-11-23 16:46:32.173,14613,14614,14613,1,-1
2022-11-23 16:46:34.403,14613,14614,14613,4,-4
2022-11-23 16:46:42.193,14613,14614,14613,1,-1
2022-11-23 16:46:44.256,14613,14614,14613,1,-1
2022-11-23 16:47:04.683,14612,14613,14613,1,1
2022-11-23 16:47:13.098,14612,14613,14613,1,1
2022-11-23 16:47:14.750,14612,14613,14613,2,2
2022-11-23 16:47:29.690,14612,14613,14612,5,-5
2022-11-23 16:47:29.690,14612,14613,14612,1,-1
2022-11-23 16:47:29.691,14612,14613,14612,11,-11
2022-11-23 16:47:29.810,14611,14612,14612,1,1
2022-11-23 16:47:35.587,14611,14612,14611,2,-2
2022-11-23 16:47:35.665,14610,14611,14610,2,-2
2022-11-23 16:47:41.443,14610,14611,14611,1,1
2022-11-23 16:47:48.491,14610,14612,14612,3,3
2022-11-23 16:47:48.491,14610,14612,14613,11,11
2022-11-23 16:48:02.094,14611,14612,14612,1,1
2022-11-23 16:48:07.286,14611,14612,14611,4,-4
2022-11-23 16:48:13.131,14611,14612,14612,1,1
2022-11-23 16:48:21.358,14611,14612,14612,2,2
2022-11-23 16:48:29.863,14611,14612,14612,2,2
2022-11-23 16:48:33.421,14611,14613,14613,1,1
2022-11-23 16:48:47.194,14611,14613,14613,1,1
2022-11-23 16:48:55.302,14612,14613,14612,4,-4
2022-11-23 16:48:58.415,14612,14613,14612,1,-1
2022-11-23 16:49:11.941,14611,14612,14611,3,-3
2022-11-23 16:49:33.713,14610,14611,14611,1,1
2022-11-23 16:49:37.404,14610,14611,14611,3,3
2022-11-23 16:49:40.784,14610,14611,14610,1,-1
2022-11-23 16:49:42.641,14610,14612,14611,1,-1
2022-11-23 16:49:53.327,14610,14612,14610,1,-1
2022-11-23 16:49:53.414,14610,14612,14610,2,-2
2022-11-23 16:50:14.581,14610,14611,14610,1,-1
2022-11-23 16:50:16.305,14610,14611,14610,1,-1
2022-11-23 16:50:42.578,14610,14611,14611,2,2
2022-11-23 16:50:58.138,14612,14614,14612,1,-1
2022-11-23 16:51:00.294,14612,14614,14612,2,-2
2022-11-23 16:51:13.366,14613,14614,14614,2,2
2022-11-23 16:51:16.924,14613,14615,14613,5,-5
2022-11-23 16:51:19.381,14613,14615,14615,1,1
2022-11-23 16:51:19.681,14613,14615,14615,11,11
2022-11-23 16:51:19.681,14613,14615,14616,33,33
2022-11-23 16:51:19.682,14613,14615,14616,2,2
2022-11-23 16:51:19.683,14613,14615,14617,1,1
2022-11-23 16:51:19.714,14613,14615,14617,2,2
2022-11-23 16:51:20.012,14616,14617,14617,5,5
2022-11-23 16:51:20.012,14616,14617,14617,1,1
2022-11-23 16:51:20.012,14616,14617,14618,4,4
2022-11-23 16:51:20.013,14616,14617,14617,1,1
2022-11-23 16:51:20.071,14616,14617,14617,3,3
2022-11-23 16:51:20.071,14616,14617,14618,2,2
2022-11-23 16:51:20.077,14616,14617,14617,2,2
2022-11-23 16:51:20.378,14616,14617,14616,1,-1
2022-11-23 16:51:20.695,14616,14617,14616,5,-5
2022-11-23 16:51:24.254,14616,14617,14617,2,2
2022-11-23 16:51:26.985,14616,14617,14617,1,1
2022-11-23 16:51:27.086,14616,14617,14617,1,1
2022-11-23 16:51:27.186,14616,14617,14617,1,1
2022-11-23 16:51:27.729,14617,14618,14616,8,-8
2022-11-23 16:51:29.848,14616,14618,14616,1,-1
2022-11-23 16:51:30.437,14616,14618,14618,2,2
2022-11-23 16:51:31.137,14617,14618,14618,3,3
2022-11-23 16:51:31.137,14617,14618,14619,1,1
2022-11-23 16:51:32.422,14618,14619,14618,3,-3
2022-11-23 16:51:37.193,14618,14619,14618,1,-1
2022-11-23 16:51:38.031,14618,14619,14618,2,-2
2022-11-23 16:51:39.141,14618,14619,14618,1,-1
2022-11-23 16:51:40.328,14618,14619,14618,1,-1
2022-11-23 16:51:40.565,14618,14619,14618,2,-2
2022-11-23 16:51:40.688,14617,14619,14618,3,-3
2022-11-23 16:51:44.193,14617,14619,14619,3,3
2022-11-23 16:51:47.039,14618,14619,14618,1,-1
2022-11-23 16:51:47.811,14617,14619,14619,1,1
2022-11-23 16:51:48.491,14617,14619,14619,5,5
2022-11-23 16:51:50.708,14618,14619,14618,1,-1
2022-11-23 16:51:51.762,14617,14618,14618,1,1
2022-11-23 16:51:52.712,14617,14618,14617,1,-1
2022-11-23 16:51:56.963,14617,14618,14617,1,-1
2022-11-23 16:52:01.508,14617,14618,14617,1,-1
2022-11-23 16:52:26.334,14616,14617,14616,1,-1
2022-11-23 16:52:26.336,14616,14617,14616,1,-1
2022-11-23 16:52:26.336,14616,14617,14616,7,-7
2022-11-23 16:52:26.337,14616,14617,14616,1,-1
2022-11-23 16:52:26.337,14616,14617,14616,1,-1
2022-11-23 16:52:26.337,14616,14617,14616,28,-28
2022-11-23 16:52:26.712,14615,14616,14615,2,-2
2022-11-23 16:52:26.712,14615,14616,14615,1,-1
2022-11-23 16:52:29.310,14614,14615,14615,1,1
2022-11-23 16:52:36.506,14613,14615,14615,1,1
2022-11-23 16:52:39.201,14613,14615,14613,1,-1
2022-11-23 16:53:01.542,14613,14614,14613,2,-2
2022-11-23 16:53:04.438,14612,14614,14612,2,-2
2022-11-23 16:53:04.445,14612,14614,14612,1,-1
2022-11-23 16:53:04.450,14612,14614,14612,2,-2
2022-11-23 16:53:25.067,14612,14613,14613,1,1
2022-11-23 16:53:38.121,14613,14614,14613,1,-1
2022-11-23 16:53:59.860,14613,14614,14614,1,1
2022-11-23 16:54:16.090,14613,14614,14614,5,5
2022-11-23 16:55:02.237,14614,14616,14615,1,1
2022-11-23 16:55:02.972,14614,14615,14615,1,1
2022-11-23 16:55:03.057,14614,14615,14615,1,1
2022-11-23 16:55:14.880,14615,14616,14615,1,-1
2022-11-23 16:55:14.880,14615,14616,14614,2,-2
2022-11-23 16:55:27.498,14614,14616,14614,2,-2
2022-11-23 16:55:27.824,14614,14616,14614,1,-1
2022-11-23 16:55:31.957,14614,14616,14614,1,-1
2022-11-23 16:55:33.499,14614,14616,14616,1,1
2022-11-23 16:55:36.577,14614,14616,14614,2,-2
2022-11-23 16:55:38.077,14614,14616,14616,2,2
2022-11-23 16:55:41.416,14614,14616,14616,1,1
2022-11-23 16:55:45.046,14614,14616,14616,1,1
2022-11-23 16:55:56.835,14614,14616,14616,1,1
2022-11-23 16:55:58.406,14615,14616,14615,1,-1
2022-11-23 16:55:58.406,14615,14616,14615,2,-2
2022-11-23 16:56:08.489,14615,14616,14615,2,-2
2022-11-23 16:56:34.813,14615,14616,14615,1,-1
2022-11-23 16:57:03.589,14615,14616,14616,1,1
2022-11-23 16:57:25.363,14615,14616,14615,3,-3
2022-11-23 16:57:26.531,14615,14616,14616,2,2
2022-11-23 16:57:42.402,14616,14617,14616,1,-1
2022-11-23 16:57:48.067,14615,14617,14617,1,1
2022-11-23 16:57:57.912,14616,14617,14616,1,-1
2022-11-23 16:58:02.467,14616,14617,14616,1,-1
2022-11-23 16:58:02.847,14615,14617,14617,1,1
2022-11-23 16:58:03.442,14616,14617,14617,1,1
2022-11-23 16:58:16.497,14616,14617,14617,3,3
2022-11-23 16:58:35.090,14616,14617,14617,4,4
2022-11-23 16:58:40.172,14616,14618,14616,4,-4
2022-11-23 16:58:40.175,14616,14618,14615,4,-4
2022-11-23 16:58:40.175,14616,14618,14615,1,-1
2022-11-23 16:58:40.175,14616,14618,14615,1,-1
2022-11-23 16:58:40.521,14614,14615,14614,4,-4
2022-11-23 16:58:40.705,14613,14615,14614,1,-1
2022-11-23 16:58:40.817,14613,14615,14613,5,-5
2022-11-23 16:58:40.834,14613,14615,14613,2,-2
2022-11-23 16:58:40.834,14613,14615,14612,3,-3
2022-11-23 16:58:40.924,14612,14614,14612,5,-5
2022-11-23 16:58:41.138,14612,14614,14612,2,-2
2022-11-23 16:58:41.160,14612,14614,14612,2,-2
2022-11-23 16:58:41.201,14612,14614,14612,1,-1
2022-11-23 16:58:55.968,14611,14612,14612,2,2
2022-11-23 16:58:57.913,14612,14613,14612,1,-1
2022-11-23 16:59:13.398,14611,14612,14612,1,1
2022-11-23 16:59:14.978,14611,14612,14611,1,-1
2022-11-23 16:59:15.625,14611,14612,14611,1,-1
2022-11-23 16:59:28.339,14611,14612,14611,9,-9
2022-11-23 16:59:28.340,14611,14612,14611,1,-1
2022-11-23 16:59:28.837,14611,14612,14611,1,-1
2022-11-23 16:59:31.674,14610,14611,14611,1,1
2022-11-23 16:59:34.058,14610,14611,14610,1,-1
2022-11-23 16:59:36.756,14610,14611,14611,1,1
2022-11-23 16:59:37.085,14611,14612,14611,1,-1
2022-11-23 16:59:41.717,14610,14611,14611,1,1
2022-11-23 16:59:41.988,14610,14611,14611,1,1
2022-11-23 16:59:59.350,14610,14611,14610,1,-1
2022-11-23 17:00:00.657,14610,14611,14611,1,1
2022-11-23 17:00:00.965,14610,14611,14610,2,-2
2022-11-23 17:00:01.056,14610,14611,14610,1,-1
2022-11-23 17:00:01.099,14610,14611,14610,1,-1
2022-11-23 17:00:01.118,14610,14611,14610,2,-2
2022-11-23 17:00:01.400,14610,14611,14610,2,-2
2022-11-23 17:00:01.426,14610,14611,14610,4,-4
2022-11-23 17:00:02.070,14610,14611,14610,1,-1
2022-11-23 17:00:02.773,14610,14611,14610,1,-1
2022-11-23 17:00:02.831,14610,14611,14610,1,-1
2022-11-23 17:00:05.023,14610,14611,14611,1,1
2022-11-23 17:00:25.644,14610,14611,14611,4,4
2022-11-23 17:00:25.924,14611,14612,14611,1,-1
2022-11-23 17:00:25.924,14611,14612,14611,1,-1
2022-11-23 17:00:28.768,14611,14612,14612,1,1
2022-11-23 17:00:28.768,14611,14612,14612,1,1
2022-11-23 17:00:31.962,14613,14614,14613,1,-1
2022-11-23 17:00:33.461,14612,14614,14612,1,-1
2022-11-23 17:00:38.668,14611,14613,14613,2,2
2022-11-23 17:00:39.572,14611,14613,14613,1,1
2022-11-23 17:00:43.259,14611,14613,14612,2,2
2022-11-23 17:00:43.822,14611,14613,14613,1,1
2022-11-23 17:01:02.454,14612,14614,14612,1,-1
2022-11-23 17:01:26.056,14612,14614,14614,3,3
2022-11-23 17:01:52.457,14611,14613,14611,2,-2
2022-11-23 17:01:53.171,14611,14612,14611,5,-5
2022-11-23 17:01:53.171,14611,14612,14611,1,-1
2022-11-23 17:01:53.171,14611,14612,14611,4,-4
2022-11-23 17:01:53.247,14610,14611,14610,2,-2
2022-11-23 17:01:55.398,14610,14611,14610,14,-14
2022-11-23 17:01:58.664,14609,14611,14609,2,-2
2022-11-23 17:02:42.672,14609,14611,14611,3,3
2022-11-23 17:02:46.037,14610,14611,14610,1,-1
2022-11-23 17:02:50.834,14610,14611,14610,1,-1
2022-11-23 17:02:55.176,14610,14611,14610,1,-1
2022-11-23 17:02:58.551,14609,14610,14610,1,1
2022-11-23 17:02:59.735,14610,14611,14610,1,-1
2022-11-23 17:03:04.056,14610,14611,14611,1,1
2022-11-23 17:03:04.914,14611,14613,14611,1,-1
2022-11-23 17:03:05.254,14611,14613,14611,1,-1
2022-11-23 17:03:18.148,14610,14611,14610,1,-1
2022-11-23 17:03:27.079,14609,14610,14610,1,1
2022-11-23 17:03:27.138,14609,14610,14610,1,1
2022-11-23 17:03:27.140,14609,14610,14610,1,1
2022-11-23 17:03:29.660,14610,14611,14610,1,-1
2022-11-23 17:03:40.200,14609,14610,14609,2,-2
2022-11-23 17:03:50.128,14609,14610,14609,6,-6
2022-11-23 17:03:51.960,14609,14610,14609,2,-2
2022-11-23 17:03:57.989,14609,14610,14609,1,-1
2022-11-23 17:04:09.937,14609,14610,14609,1,-1
2022-11-23 17:04:11.180,14609,14610,14609,2,-2
2022-11-23 17:04:11.294,14608,14609,14608,1,-1
2022-11-23 17:04:11.401,14608,14609,14608,1,-1
2022-11-23 17:04:11.534,14608,14609,14608,1,-1
2022-11-23 17:04:11.534,14608,14609,14608,3,-3
2022-11-23 17:04:13.613,14608,14609,14608,1,-1
2022-11-23 17:04:20.333,14607,14609,14607,1,-1
2022-11-23 17:04:22.627,14607,14609,14607,1,-1
2022-11-23 17:04:23.289,14607,14608,14607,2,-2
2022-11-23 17:04:23.289,14607,14608,14607,1,-1
2022-11-23 17:04:23.289,14607,14608,14607,3,-3
2022-11-23 17:04:23.959,14606,14607,14606,2,-2
2022-11-23 17:04:27.556,14606,14607,14606,1,-1
2022-11-23 17:04:29.168,14606,14607,14606,5,-5
2022-11-23 17:04:29.445,14606,14607,14606,7,-7
2022-11-23 17:04:31.420,14605,14606,14606,1,1
2022-11-23 17:04:33.942,14606,14607,14606,1,-1
2022-11-23 17:04:40.501,14606,14607,14607,1,1
2022-11-23 17:04:42.795,14606,14607,14607,4,4
2022-11-23 17:04:50.585,14608,14609,14608,1,-1
2022-11-23 17:04:59.667,14608,14609,14608,1,-1
2022-11-23 17:05:08.516,14607,14608,14607,1,-1
2022-11-23 17:05:12.108,14607,14608,14607,1,-1
2022-11-23 17:05:18.619,14607,14608,14608,1,1
2022-11-23 17:05:21.016,14608,14609,14608,1,-1
2022-11-23 17:05:30.475,14608,14609,14608,1,-1
2022-11-23 17:05:30.824,14608,14609,14609,1,1
2022-11-23 17:05:36.667,14608,14609,14609,1,1
2022-11-23 17:05:49.192,14608,14609,14608,1,-1
2022-11-23 17:05:49.192,14608,14609,14608,2,-2
2022-11-23 17:05:49.192,14608,14609,14608,1,-1
2022-11-23 17:05:57.084,14607,14608,14607,1,-1
2022-11-23 17:05:57.135,14607,14608,14607,1,-1
2022-11-23 17:06:10.484,14607,14608,14607,1,-1
2022-11-23 17:06:11.577,14607,14608,14607,7,-7
2022-11-23 17:06:14.268,14607,14609,14607,1,-1
2022-11-23 17:06:15.944,14607,14609,14607,3,-3
2022-11-23 17:06:16.030,14607,14609,14607,1,-1
2022-11-23 17:06:31.485,14607,14608,14608,2,2
2022-11-23 17:06:31.485,14607,14608,14609,1,1
2022-11-23 17:06:31.487,14607,14608,14608,1,1
2022-11-23 17:06:33.693,14608,14609,14608,6,-6
2022-11-23 17:06:33.693,14608,14609,14607,1,-1
2022-11-23 17:06:43.493,14607,14608,14607,2,-2
2022-11-23 17:06:47.269,14607,14608,14608,1,1
2022-11-23 17:06:47.269,14607,14608,14608,4,4
2022-11-23 17:06:47.270,14607,14608,14608,1,1
2022-11-23 17:06:57.836,14608,14609,14608,2,-2
2022-11-23 17:07:00.577,14608,14609,14608,1,-1
2022-11-23 17:07:07.607,14608,14609,14608,5,-5
2022-11-23 17:07:09.493,14607,14608,14607,3,-3
2022-11-23 17:07:17.911,14607,14609,14608,1,-1
2022-11-23 17:07:22.007,14608,14609,14608,1,-1
2022-11-23 17:07:25.965,14607,14608,14608,1,1
2022-11-23 17:07:29.227,14607,14609,14609,1,1
2022-11-23 17:07:56.768,14608,14609,14608,1,-1
2022-11-23 17:08:09.627,14608,14609,14608,1,-1
2022-11-23 17:08:10.355,14608,14609,14609,3,3
2022-11-23 17:08:19.900,14608,14609,14608,1,-1
2022-11-23 17:08:20.253,14608,14609,14609,1,1
2022-11-23 17:08:20.253,14608,14609,14609,4,4
2022-11-23 17:08:20.253,14608,14609,14609,6,6
2022-11-23 17:08:20.254,14608,14609,14609,1,1
2022-11-23 17:08:37.567,14609,14610,14609,1,-1
2022-11-23 17:08:44.218,14609,14610,14609,1,-1
2022-11-23 17:08:57.228,14608,14610,14608,1,-1
2022-11-23 17:09:00.571,14609,14610,14609,3,-3
2022-11-23 17:09:00.572,14609,14610,14609,1,-1
2022-11-23 17:09:01.564,14608,14610,14610,5,5
2022-11-23 17:09:14.952,14610,14611,14610,1,-1
2022-11-23 17:09:15.429,14610,14611,14610,1,-1
2022-11-23 17:09:19.659,14610,14611,14611,2,2
2022-11-23 17:09:19.798,14611,14612,14611,1,-1
2022-11-23 17:09:28.745,14611,14612,14612,5,5
2022-11-23 17:09:28.970,14611,14612,14612,1,1
2022-11-23 17:09:34.955,14611,14612,14612,1,1
2022-11-23 17:09:44.993,14611,14612,14611,3,-3
2022-11-23 17:09:45.159,14610,14612,14612,1,1
2022-11-23 17:09:56.904,14610,14611,14611,1,1
2022-11-23 17:09:56.904,14610,14611,14612,2,2
2022-11-23 17:09:57.584,14610,14612,14610,1,-1
2022-11-23 17:10:17.735,14611,14612,14611,1,-1
2022-11-23 17:10:36.594,14610,14611,14611,1,1
2022-11-23 17:11:01.256,14611,14612,14612,3,3
2022-11-23 17:11:01.345,14611,14612,14612,1,1
2022-11-23 17:11:21.613,14611,14612,14611,1,-1
2022-11-23 17:11:21.613,14611,14612,14611,1,-1
2022-11-23 17:11:23.079,14610,14611,14612,2,2
2022-11-23 17:11:26.057,14611,14613,14611,1,-1
2022-11-23 17:11:41.205,14611,14612,14611,5,-5
2022-11-23 17:11:51.435,14611,14612,14612,1,1
2022-11-23 17:11:51.435,14611,14612,14612,2,2
2022-11-23 17:12:06.422,14612,14613,14613,1,1
2022-11-23 17:12:21.975,14612,14613,14613,1,1
2022-11-23 17:12:24.498,14612,14613,14613,1,1
2022-11-23 17:12:26.869,14612,14613,14613,1,1
2022-11-23 17:12:30.040,14612,14613,14613,1,1
2022-11-23 17:12:30.390,14612,14613,14613,13,13
2022-11-23 17:12:37.229,14613,14614,14614,2,2
2022-11-23 17:12:37.229,14613,14614,14615,1,1
2022-11-23 17:12:37.563,14613,14615,14615,5,5
2022-11-23 17:12:37.582,14613,14615,14616,5,5
2022-11-23 17:12:37.634,14614,14616,14616,5,5
2022-11-23 17:12:37.877,14615,14616,14616,1,1
2022-11-23 17:12:47.004,14615,14616,14616,5,5
2022-11-23 17:12:48.623,14615,14617,14615,1,-1
2022-11-23 17:12:48.933,14615,14617,14617,1,1
2022-11-23 17:12:50.161,14615,14616,14616,1,1
2022-11-23 17:12:50.161,14615,14616,14617,4,4
2022-11-23 17:12:52.012,14616,14617,14617,5,5
2022-11-23 17:12:53.926,14616,14617,14617,5,5
2022-11-23 17:12:57.287,14616,14617,14617,5,5
2022-11-23 17:13:00.812,14616,14618,14617,2,2
2022-11-23 17:13:06.633,14616,14617,14617,1,1
2022-11-23 17:13:09.623,14616,14617,14616,1,-1
2022-11-23 17:13:12.288,14616,14617,14617,3,3
2022-11-23 17:13:14.799,14616,14617,14616,1,-1
2022-11-23 17:13:17.488,14616,14617,14617,4,4
2022-11-23 17:13:17.488,14616,14617,14618,1,1
2022-11-23 17:13:44.250,14617,14618,14617,1,-1
2022-11-23 17:13:46.463,14617,14618,14618,5,5
2022-11-23 17:13:48.415,14617,14618,14618,5,5
2022-11-23 17:13:50.858,14617,14618,14618,1,1
2022-11-23 17:13:51.037,14617,14618,14618,2,2
2022-11-23 17:13:51.037,14617,14618,14619,3,3
2022-11-23 17:13:53.475,14617,14619,14619,5,5
2022-11-23 17:13:57.524,14618,14619,14618,1,-1
2022-11-23 17:14:23.081,14617,14618,14618,1,1
2022-11-23 17:14:23.641,14617,14618,14618,1,1
2022-11-23 17:14:38.753,14617,14618,14618,1,1
2022-11-23 17:14:40.181,14617,14618,14618,1,1
2022-11-23 17:14:47.548,14617,14618,14618,1,1
2022-11-23 17:15:00.461,14617,14618,14617,1,-1
2022-11-23 17:15:04.064,14617,14618,14617,3,-3
2022-11-23 17:15:05.533,14617,14618,14617,1,-1
2022-11-23 17:15:05.533,14617,14618,14617,4,-4
2022-11-23 17:15:05.534,14617,14618,14617,3,-3
2022-11-23 17:15:09.756,14617,14618,14618,2,2
2022-11-23 17:15:12.516,14617,14618,14617,1,-1
2022-11-23 17:15:22.274,14616,14617,14616,1,-1
2022-11-23 17:15:29.127,14616,14617,14616,1,-1
2022-11-23 17:15:30.233,14616,14617,14617,2,2
2022-11-23 17:16:08.517,14616,14617,14617,1,1
2022-11-23 17:16:23.778,14617,14618,14617,3,-3
2022-11-23 17:16:24.146,14616,14617,14617,1,1
2022-11-23 17:16:25.935,14616,14617,14617,1,1
2022-11-23 17:16:25.935,14616,14617,14618,3,3
2022-11-23 17:16:55.691,14616,14618,14618,1,1
2022-11-23 17:17:51.321,14616,14617,14617,2,2
2022-11-23 17:18:04.716,14616,14617,14617,1,1
2022-11-23 17:18:15.067,14616,14617,14617,1,1
2022-11-23 17:18:21.154,14616,14617,14617,2,2
2022-11-23 17:18:21.155,14616,14617,14617,1,1
2022-11-23 17:19:09.115,14617,14618,14618,2,2
2022-11-23 17:19:09.115,14617,14618,14618,8,8
2022-11-23 17:19:15.647,14617,14618,14618,1,1
2022-11-23 17:19:15.647,14617,14618,14619,1,1
2022-11-23 17:19:19.435,14617,14619,14619,1,1
2022-11-23 17:19:24.699,14618,14619,14618,1,-1
2022-11-23 17:19:35.406,14617,14618,14618,1,1
2022-11-23 17:19:40.061,14617,14618,14618,2,2
2022-11-23 17:19:41.287,14617,14618,14617,1,-1
2022-11-23 17:19:41.958,14617,14618,14617,2,-2
