2022-01-07 15:00:00.056,18130,18131,18131,98,98
2022-01-07 15:00:00.058,18131,18132,18132,1,1
2022-01-07 15:00:00.105,18132,18133,18133,1,1
2022-01-07 15:00:00.105,18132,18133,18133,1,1
2022-01-07 15:00:00.122,18132,18135,18132,2,-2
2022-01-07 15:00:00.122,18132,18135,18131,10,-10
2022-01-07 15:00:00.122,18132,18135,18130,3,-3
2022-01-07 15:00:00.135,18132,18135,18135,1,1
2022-01-07 15:00:00.157,18130,18136,18136,4,4
2022-01-07 15:00:00.157,18130,18136,18137,1,1
2022-01-07 15:00:00.161,18130,18136,18130,3,-3
2022-01-07 15:00:00.286,18132,18138,18132,1,-1
2022-01-07 15:00:00.318,18132,18138,18138,1,1
2022-01-07 15:00:00.318,18132,18138,18139,1,1
2022-01-07 15:00:00.440,18131,18134,18131,1,-1
2022-01-07 15:00:00.444,18131,18134,18131,1,-1
2022-01-07 15:00:00.492,18131,18134,18131,1,-1
2022-01-07 15:00:00.498,18131,18134,18134,2,2
2022-01-07 15:00:00.514,18131,18134,18130,1,-1
2022-01-07 15:00:00.567,18130,18139,18130,2,-2
2022-01-07 15:00:00.567,18130,18139,18130,1,-1
2022-01-07 15:00:00.589,18130,18139,18130,1,-1
2022-01-07 15:00:00.598,18130,18139,18139,1,1
2022-01-07 15:00:00.605,18130,18139,18130,1,-1
2022-01-07 15:00:00.642,18130,18139,18130,2,-2
2022-01-07 15:00:00.655,18130,18139,18130,3,-3
2022-01-07 15:00:00.655,18130,18139,18129,6,-6
2022-01-07 15:00:00.740,18130,18139,18129,1,-1
2022-01-07 15:00:00.881,18129,18139,18129,2,-2
2022-01-07 15:00:00.908,18129,18138,18138,1,1
2022-01-07 15:00:00.966,18129,18138,18129,1,-1
2022-01-07 15:00:00.967,18129,18138,18135,1,1
2022-01-07 15:00:00.968,18129,18138,18134,1,1
2022-01-07 15:00:00.968,18129,18138,18134,1,1
2022-01-07 15:00:00.970,18129,18138,18134,1,1
2022-01-07 15:00:00.979,18129,18138,18131,1,-1
2022-01-07 15:00:00.988,18129,18138,18130,1,-1
2022-01-07 15:00:00.989,18129,18138,18129,1,-1
2022-01-07 15:00:00.989,18129,18138,18129,1,-1
2022-01-07 15:00:01.009,18129,18138,18128,2,-2
2022-01-07 15:00:01.009,18129,18138,18130,1,-1
2022-01-07 15:00:01.012,18129,18138,18130,1,-1
2022-01-07 15:00:01.013,18129,18138,18131,2,-2
2022-01-07 15:00:01.066,18131,18133,18131,1,-1
2022-01-07 15:00:01.070,18131,18133,18130,1,-1
2022-01-07 15:00:01.084,18131,18133,18130,1,-1
2022-01-07 15:00:01.086,18131,18133,18129,2,-2
2022-01-07 15:00:01.095,18131,18133,18129,1,-1
2022-01-07 15:00:01.097,18131,18133,18128,1,-1
2022-01-07 15:00:01.109,18131,18133,18128,1,-1
2022-01-07 15:00:01.156,18128,18131,18131,1,1
2022-01-07 15:00:01.231,18128,18131,18131,1,1
2022-01-07 15:00:01.324,18131,18132,18132,1,1
2022-01-07 15:00:01.336,18131,18132,18132,1,1
2022-01-07 15:00:01.336,18131,18132,18131,1,-1
2022-01-07 15:00:01.336,18131,18132,18133,1,1
2022-01-07 15:00:01.346,18131,18132,18131,1,-1
2022-01-07 15:00:01.347,18131,18132,18130,1,-1
2022-01-07 15:00:01.363,18131,18132,18129,1,-1
2022-01-07 15:00:01.474,18131,18133,18131,1,-1
2022-01-07 15:00:01.612,18130,18134,18130,1,-1
2022-01-07 15:00:01.612,18130,18134,18129,1,-1
2022-01-07 15:00:01.760,18128,18133,18129,1,-1
2022-01-07 15:00:01.817,18128,18133,18133,1,1
2022-01-07 15:00:01.931,18128,18133,18133,1,1
2022-01-07 15:00:01.931,18128,18133,18134,2,2
2022-01-07 15:00:01.960,18128,18133,18135,1,1
2022-01-07 15:00:02.026,18129,18134,18134,1,1
2022-01-07 15:00:02.026,18129,18134,18135,5,5
2022-01-07 15:00:02.026,18129,18134,18136,3,3
2022-01-07 15:00:02.026,18129,18134,18137,2,2
2022-01-07 15:00:02.026,18129,18134,18138,11,11
2022-01-07 15:00:02.026,18129,18134,18139,4,4
2022-01-07 15:00:02.026,18129,18134,18140,5,5
2022-01-07 15:00:02.437,18132,18139,18132,1,-1
2022-01-07 15:00:02.437,18132,18139,18131,1,-1
2022-01-07 15:00:02.637,18130,18139,18130,1,-1
2022-01-07 15:00:02.751,18131,18139,18131,1,-1
2022-01-07 15:00:02.979,18131,18138,18138,2,2
2022-01-07 15:00:02.979,18131,18138,18139,1,1
2022-01-07 15:00:03.115,18131,18139,18132,1,-1
2022-01-07 15:00:03.189,18131,18137,18131,1,-1
2022-01-07 15:00:03.293,18132,18137,18132,1,-1
2022-01-07 15:00:03.556,18133,18137,18133,1,-1
2022-01-07 15:00:03.654,18134,18138,18138,1,1
2022-01-07 15:00:03.945,18133,18136,18136,1,1
2022-01-07 15:00:04.059,18133,18138,18138,2,2
2022-01-07 15:00:04.062,18133,18138,18138,1,1
2022-01-07 15:00:04.062,18133,18138,18139,2,2
2022-01-07 15:00:04.293,18134,18138,18138,1,1
2022-01-07 15:00:04.468,18134,18139,18134,1,-1
2022-01-07 15:00:05.526,18136,18138,18138,1,1
2022-01-07 15:00:06.020,18136,18139,18139,1,1
2022-01-07 15:00:06.020,18136,18139,18139,8,8
2022-01-07 15:00:06.129,18138,18140,18138,1,-1
2022-01-07 15:00:06.354,18139,18140,18139,1,-1
2022-01-07 15:00:06.910,18139,18141,18139,1,-1
2022-01-07 15:00:07.154,18139,18141,18139,3,-3
2022-01-07 15:00:07.154,18139,18141,18138,1,-1
2022-01-07 15:00:07.635,18139,18141,18141,1,1
2022-01-07 15:00:07.847,18139,18141,18141,1,1
2022-01-07 15:00:08.021,18139,18142,18142,1,1
2022-01-07 15:00:08.445,18140,18142,18140,1,-1
2022-01-07 15:00:08.570,18141,18142,18141,1,-1
2022-01-07 15:00:10.299,18139,18140,18140,1,1
2022-01-07 15:00:10.410,18139,18140,18140,1,1
2022-01-07 15:00:10.761,18139,18141,18139,1,-1
2022-01-07 15:00:10.972,18140,18141,18141,1,1
2022-01-07 15:00:13.196,18141,18142,18141,3,-3
2022-01-07 15:00:13.197,18141,18142,18141,3,-3
2022-01-07 15:00:13.197,18141,18142,18140,3,-3
2022-01-07 15:00:13.472,18139,18141,18139,2,-2
2022-01-07 15:00:13.722,18138,18140,18140,1,1
2022-01-07 15:00:13.722,18138,18140,18141,2,2
2022-01-07 15:00:14.183,18139,18141,18139,1,-1
2022-01-07 15:00:14.282,18139,18141,18141,1,1
2022-01-07 15:00:14.676,18140,18141,18140,1,-1
2022-01-07 15:00:14.676,18140,18141,18139,1,-1
2022-01-07 15:00:15.171,18139,18141,18140,1,1
2022-01-07 15:00:15.171,18139,18141,18139,4,-4
2022-01-07 15:00:15.412,18138,18139,18138,1,-1
2022-01-07 15:00:15.412,18138,18139,18137,1,-1
2022-01-07 15:00:15.519,18138,18139,18136,1,-1
2022-01-07 15:00:15.529,18136,18138,18136,1,-1
2022-01-07 15:00:15.925,18136,18138,18138,1,1
2022-01-07 15:00:16.218,18136,18139,18137,1,-1
2022-01-07 15:00:16.320,18136,18139,18136,1,-1
2022-01-07 15:00:16.464,18136,18139,18136,1,-1
2022-01-07 15:00:16.490,18136,18139,18136,1,-1
2022-01-07 15:00:16.493,18136,18139,18136,1,-1
2022-01-07 15:00:16.498,18136,18139,18136,1,-1
2022-01-07 15:00:16.517,18136,18139,18136,1,-1
2022-01-07 15:00:17.209,18136,18138,18136,3,-3
2022-01-07 15:00:17.209,18136,18138,18135,3,-3
2022-01-07 15:00:17.233,18136,18138,18136,2,-2
2022-01-07 15:00:17.233,18136,18138,18137,2,2
2022-01-07 15:00:18.129,18134,18135,18135,1,1
2022-01-07 15:00:18.159,18135,18137,18135,1,-1
2022-01-07 15:00:18.229,18135,18137,18136,1,1
2022-01-07 15:00:18.229,18135,18137,18135,3,-3
2022-01-07 15:00:18.229,18135,18137,18135,1,-1
2022-01-07 15:00:18.255,18135,18137,18134,1,-1
2022-01-07 15:00:18.261,18135,18137,18136,1,1
2022-01-07 15:00:18.399,18134,18137,18134,1,-1
2022-01-07 15:00:18.406,18134,18137,18136,1,1
2022-01-07 15:00:18.406,18134,18137,18137,1,1
2022-01-07 15:00:18.514,18134,18137,18137,1,1
2022-01-07 15:00:20.397,18135,18137,18136,2,2
2022-01-07 15:00:20.397,18135,18137,18135,3,-3
2022-01-07 15:00:21.459,18134,18135,18134,1,-1
2022-01-07 15:00:21.459,18134,18135,18134,2,-2
2022-01-07 15:00:21.459,18134,18135,18134,2,-2
2022-01-07 15:00:21.564,18133,18135,18133,1,-1
2022-01-07 15:00:21.709,18133,18135,18133,1,-1
2022-01-07 15:00:21.786,18133,18135,18135,2,2
2022-01-07 15:00:21.833,18133,18135,18133,1,-1
2022-01-07 15:00:21.963,18133,18136,18133,1,-1
2022-01-07 15:00:23.511,18133,18135,18135,1,1
2022-01-07 15:00:23.586,18133,18135,18135,2,2
2022-01-07 15:00:23.808,18133,18136,18134,1,-1
2022-01-07 15:00:25.054,18133,18136,18133,1,-1
2022-01-07 15:00:25.889,18133,18135,18133,1,-1
2022-01-07 15:00:25.889,18133,18135,18132,4,-4
2022-01-07 15:00:25.889,18133,18135,18132,1,-1
2022-01-07 15:00:25.962,18131,18134,18131,1,-1
2022-01-07 15:00:25.962,18131,18134,18131,4,-4
2022-01-07 15:00:26.056,18130,18132,18130,4,-4
2022-01-07 15:00:26.056,18130,18132,18129,1,-1
2022-01-07 15:00:26.582,18129,18131,18131,1,1
2022-01-07 15:00:26.582,18129,18131,18132,1,1
2022-01-07 15:00:26.746,18129,18132,18132,1,1
2022-01-07 15:00:26.907,18129,18132,18132,1,1
2022-01-07 15:00:28.803,18130,18131,18131,1,1
2022-01-07 15:00:28.837,18130,18131,18130,1,-1
2022-01-07 15:00:28.920,18129,18132,18132,1,1
2022-01-07 15:00:28.990,18129,18132,18131,1,1
2022-01-07 15:00:29.113,18129,18132,18129,1,-1
2022-01-07 15:00:30.017,18129,18132,18130,1,-1
2022-01-07 15:00:30.407,18129,18132,18129,1,-1
2022-01-07 15:00:30.683,18129,18131,18131,2,2
2022-01-07 15:00:30.683,18129,18131,18132,3,3
2022-01-07 15:00:30.987,18130,18132,18130,1,-1
2022-01-07 15:00:30.988,18130,18132,18130,4,-4
2022-01-07 15:00:31.272,18130,18133,18130,1,-1
2022-01-07 15:00:31.654,18130,18131,18130,1,-1
2022-01-07 15:00:31.809,18129,18131,18129,1,-1
2022-01-07 15:00:31.924,18129,18131,18129,1,-1
2022-01-07 15:00:32.033,18129,18131,18129,1,-1
2022-01-07 15:00:32.143,18129,18131,18129,1,-1
2022-01-07 15:00:32.144,18129,18131,18129,1,-1
2022-01-07 15:00:32.848,18128,18131,18130,1,1
2022-01-07 15:00:34.293,18129,18130,18129,2,-2
2022-01-07 15:00:34.293,18129,18130,18128,2,-2
2022-01-07 15:00:34.293,18129,18130,18128,7,-7
2022-01-07 15:00:34.771,18128,18130,18129,1,1
2022-01-07 15:00:35.183,18128,18129,18128,2,-2
2022-01-07 15:00:35.184,18128,18129,18127,1,-1
2022-01-07 15:00:35.325,18126,18128,18126,1,-1
2022-01-07 15:00:35.558,18125,18128,18128,1,1
2022-01-07 15:00:35.647,18125,18128,18128,3,3
2022-01-07 15:00:35.647,18125,18128,18129,2,2
2022-01-07 15:00:35.792,18126,18129,18128,1,1
2022-01-07 15:00:36.060,18127,18129,18129,2,2
2022-01-07 15:00:36.773,18128,18129,18129,2,2
2022-01-07 15:00:37.131,18128,18130,18130,1,1
2022-01-07 15:00:37.500,18128,18130,18130,6,6
2022-01-07 15:00:37.501,18128,18130,18130,2,2
2022-01-07 15:00:38.129,18128,18130,18128,1,-1
2022-01-07 15:00:38.544,18128,18129,18129,1,1
2022-01-07 15:00:38.833,18128,18130,18128,1,-1
2022-01-07 15:00:40.048,18128,18129,18128,2,-2
2022-01-07 15:00:40.048,18128,18129,18127,2,-2
2022-01-07 15:00:40.048,18128,18129,18126,7,-7
2022-01-07 15:00:40.048,18128,18129,18125,12,-12
2022-01-07 15:00:40.049,18128,18129,18125,2,-2
2022-01-07 15:00:40.050,18128,18129,18125,6,-6
2022-01-07 15:00:40.050,18128,18129,18125,9,-9
2022-01-07 15:00:40.322,18125,18127,18126,1,1
2022-01-07 15:00:40.385,18125,18127,18127,1,1
2022-01-07 15:00:40.412,18125,18127,18126,1,1
2022-01-07 15:00:40.661,18125,18127,18127,1,1
2022-01-07 15:00:40.667,18125,18127,18126,1,1
2022-01-07 15:00:41.001,18125,18127,18127,3,3
2022-01-07 15:00:41.001,18125,18127,18128,2,2
2022-01-07 15:00:42.475,18128,18129,18129,1,1
2022-01-07 15:00:42.506,18128,18129,18129,1,1
2022-01-07 15:00:42.610,18129,18130,18129,1,-1
2022-01-07 15:00:43.768,18129,18130,18129,3,-3
2022-01-07 15:00:45.663,18128,18129,18128,2,-2
2022-01-07 15:00:48.711,18127,18128,18128,1,1
2022-01-07 15:00:50.795,18127,18128,18127,1,-1
2022-01-07 15:00:50.978,18126,18127,18126,1,-1
2022-01-07 15:00:51.462,18126,18127,18127,2,2
2022-01-07 15:00:51.544,18126,18128,18126,1,-1
2022-01-07 15:00:51.757,18126,18128,18128,2,2
2022-01-07 15:00:51.768,18126,18128,18127,1,1
2022-01-07 15:00:53.408,18127,18129,18127,1,-1
2022-01-07 15:00:54.006,18127,18129,18127,1,-1
2022-01-07 15:00:54.964,18126,18128,18126,1,-1
2022-01-07 15:00:55.143,18126,18128,18126,1,-1
2022-01-07 15:00:55.422,18126,18128,18126,2,-2
2022-01-07 15:00:55.422,18126,18128,18125,3,-3
2022-01-07 15:00:55.431,18126,18128,18126,1,-1
2022-01-07 15:00:55.635,18125,18127,18125,4,-4
2022-01-07 15:00:56.072,18125,18127,18125,1,-1
2022-01-07 15:00:56.727,18124,18127,18124,4,-4
2022-01-07 15:00:56.920,18124,18127,18124,1,-1
2022-01-07 15:00:57.028,18124,18127,18124,1,-1
2022-01-07 15:00:57.129,18124,18127,18124,1,-1
2022-01-07 15:00:57.427,18124,18126,18124,5,-5
2022-01-07 15:00:57.986,18123,18125,18125,1,1
2022-01-07 15:00:58.601,18123,18126,18124,1,-1
2022-01-07 15:00:58.692,18123,18126,18126,5,5
2022-01-07 15:00:58.752,18123,18126,18124,2,-2
2022-01-07 15:00:58.752,18123,18126,18123,8,-8
2022-01-07 15:00:58.875,18123,18126,18123,4,-4
2022-01-07 15:00:58.875,18123,18126,18122,2,-2
2022-01-07 15:00:58.875,18123,18126,18121,4,-4
2022-01-07 15:00:58.906,18121,18123,18123,1,1
2022-01-07 15:00:59.006,18121,18123,18121,2,-2
2022-01-07 15:00:59.006,18121,18123,18120,8,-8
2022-01-07 15:00:59.062,18121,18124,18121,2,-2
2022-01-07 15:00:59.132,18121,18124,18121,7,-7
2022-01-07 15:00:59.132,18121,18124,18120,3,-3
2022-01-07 15:00:59.154,18120,18123,18123,1,1
2022-01-07 15:00:59.154,18120,18123,18124,2,2
2022-01-07 15:00:59.284,18121,18124,18124,1,1
2022-01-07 15:00:59.356,18121,18124,18122,1,-1
2022-01-07 15:00:59.524,18122,18124,18122,1,-1
2022-01-07 15:00:59.524,18122,18124,18121,1,-1
2022-01-07 15:00:59.668,18121,18124,18121,1,-1
2022-01-07 15:01:00.032,18121,18124,18121,1,-1
2022-01-07 15:01:00.033,18121,18124,18121,1,-1
2022-01-07 15:01:00.067,18121,18124,18120,2,-2
2022-01-07 15:01:00.243,18120,18123,18121,1,-1
2022-01-07 15:01:00.353,18121,18123,18123,1,1
2022-01-07 15:01:00.614,18121,18124,18124,2,2
2022-01-07 15:01:00.614,18121,18124,18125,2,2
2022-01-07 15:01:00.614,18121,18124,18126,1,1
2022-01-07 15:01:00.688,18123,18126,18126,2,2
2022-01-07 15:01:00.688,18123,18126,18127,2,2
2022-01-07 15:01:00.688,18123,18126,18127,4,4
2022-01-07 15:01:00.915,18124,18127,18124,1,-1
2022-01-07 15:01:00.952,18124,18127,18123,1,-1
2022-01-07 15:01:00.957,18124,18127,18123,1,-1
2022-01-07 15:01:00.957,18124,18127,18123,1,-1
2022-01-07 15:01:00.959,18124,18127,18122,2,-2
2022-01-07 15:01:00.959,18124,18127,18121,1,-1
2022-01-07 15:01:00.959,18124,18127,18121,2,-2
2022-01-07 15:01:00.966,18124,18127,18120,1,-1
2022-01-07 15:01:01.068,18122,18123,18123,1,1
2022-01-07 15:01:01.068,18122,18123,18124,2,2
2022-01-07 15:01:01.068,18122,18123,18125,1,1
2022-01-07 15:01:01.150,18123,18126,18123,1,-1
2022-01-07 15:01:01.150,18123,18126,18123,1,-1
2022-01-07 15:01:01.150,18123,18126,18122,1,-1
2022-01-07 15:01:01.151,18123,18126,18122,1,-1
2022-01-07 15:01:01.214,18123,18126,18124,2,-2
2022-01-07 15:01:01.345,18122,18125,18125,2,2
2022-01-07 15:01:01.747,18124,18126,18124,1,-1
2022-01-07 15:01:01.750,18124,18126,18124,1,-1
2022-01-07 15:01:01.895,18123,18125,18123,1,-1
2022-01-07 15:01:01.941,18122,18125,18124,2,2
2022-01-07 15:01:02.027,18122,18125,18123,1,-1
2022-01-07 15:01:02.566,18122,18125,18123,2,-2
2022-01-07 15:01:03.055,18122,18125,18125,1,1
2022-01-07 15:01:03.055,18122,18125,18126,4,4
2022-01-07 15:01:03.401,18122,18125,18125,2,2
2022-01-07 15:01:04.238,18122,18125,18122,1,-1
2022-01-07 15:01:04.408,18122,18125,18124,1,1
2022-01-07 15:01:05.192,18122,18124,18122,1,-1
2022-01-07 15:01:05.192,18122,18124,18121,1,-1
2022-01-07 15:01:05.652,18121,18123,18123,1,1
2022-01-07 15:01:05.797,18121,18123,18121,1,-1
2022-01-07 15:01:05.921,18120,18123,18120,1,-1
2022-01-07 15:01:06.056,18120,18123,18120,1,-1
2022-01-07 15:01:07.138,18119,18122,18122,1,1
2022-01-07 15:01:07.149,18120,18123,18120,1,-1
2022-01-07 15:01:07.150,18120,18123,18120,1,-1
2022-01-07 15:01:07.150,18120,18123,18119,1,-1
2022-01-07 15:01:07.151,18120,18123,18119,1,-1
2022-01-07 15:01:07.181,18120,18123,18119,10,-10
2022-01-07 15:01:07.181,18120,18123,18119,1,-1
2022-01-07 15:01:07.181,18120,18123,18119,1,-1
2022-01-07 15:01:07.980,18118,18121,18120,1,1
2022-01-07 15:01:08.129,18118,18121,18120,1,1
2022-01-07 15:01:08.412,18118,18121,18118,2,-2
2022-01-07 15:01:08.412,18118,18121,18118,5,-5
2022-01-07 15:01:08.425,18118,18121,18117,2,-2
2022-01-07 15:01:08.425,18118,18121,18116,8,-8
2022-01-07 15:01:08.435,18118,18121,18116,7,-7
2022-01-07 15:01:08.435,18118,18121,18115,3,-3
2022-01-07 15:01:08.439,18118,18121,18117,1,-1
2022-01-07 15:01:08.439,18118,18121,18118,2,-2
2022-01-07 15:01:08.439,18118,18121,18119,2,-2
2022-01-07 15:01:08.466,18118,18121,18117,2,-2
2022-01-07 15:01:08.526,18116,18118,18116,3,-3
2022-01-07 15:01:08.526,18116,18118,18115,6,-6
2022-01-07 15:01:08.526,18116,18118,18114,6,-6
2022-01-07 15:01:08.526,18116,18118,18113,7,-7
2022-01-07 15:01:08.526,18116,18118,18112,16,-16
2022-01-07 15:01:08.577,18116,18118,18115,1,-1
2022-01-07 15:01:08.584,18116,18118,18114,2,-2
2022-01-07 15:01:08.584,18116,18118,18113,8,-8
2022-01-07 15:01:08.584,18116,18118,18112,2,-2
2022-01-07 15:01:08.585,18116,18118,18114,1,-1
2022-01-07 15:01:08.601,18116,18118,18114,1,-1
2022-01-07 15:01:08.601,18116,18118,18113,1,-1
2022-01-07 15:01:08.601,18116,18118,18113,4,-4
2022-01-07 15:01:08.603,18116,18118,18114,3,-3
2022-01-07 15:01:08.609,18116,18118,18113,1,-1
2022-01-07 15:01:08.632,18116,18118,18113,1,-1
2022-01-07 15:01:08.633,18116,18118,18113,2,-2
2022-01-07 15:01:08.633,18116,18118,18113,2,-2
2022-01-07 15:01:08.634,18116,18118,18114,1,-1
2022-01-07 15:01:08.638,18116,18118,18112,2,-2
2022-01-07 15:01:08.643,18116,18118,18112,2,-2
2022-01-07 15:01:08.643,18116,18118,18114,1,-1
2022-01-07 15:01:08.651,18112,18115,18112,1,-1
2022-01-07 15:01:08.651,18112,18115,18112,4,-4
2022-01-07 15:01:08.651,18112,18115,18112,1,-1
2022-01-07 15:01:08.651,18112,18115,18111,3,-3
2022-01-07 15:01:08.653,18112,18115,18114,1,1
2022-01-07 15:01:08.667,18112,18115,18114,1,1
2022-01-07 15:01:08.668,18112,18115,18114,4,4
2022-01-07 15:01:08.670,18112,18115,18113,2,-2
2022-01-07 15:01:08.673,18112,18115,18113,2,-2
2022-01-07 15:01:08.686,18112,18115,18113,2,-2
2022-01-07 15:01:08.686,18112,18115,18112,2,-2
2022-01-07 15:01:08.687,18112,18115,18114,1,1
2022-01-07 15:01:08.700,18112,18115,18112,2,-2
2022-01-07 15:01:08.711,18112,18115,18113,1,-1
2022-01-07 15:01:08.711,18112,18115,18112,2,-2
2022-01-07 15:01:08.711,18112,18115,18111,1,-1
2022-01-07 15:01:08.717,18112,18115,18111,2,-2
2022-01-07 15:01:08.770,18112,18115,18112,1,-1
2022-01-07 15:01:08.778,18112,18115,18112,1,-1
2022-01-07 15:01:08.784,18112,18115,18114,1,1
2022-01-07 15:01:08.792,18112,18115,18115,1,1
2022-01-07 15:01:08.792,18112,18115,18112,1,-1
2022-01-07 15:01:08.793,18112,18115,18112,4,-4
2022-01-07 15:01:08.800,18112,18115,18111,1,-1
2022-01-07 15:01:08.801,18112,18115,18115,1,1
2022-01-07 15:01:08.804,18112,18115,18111,1,-1
2022-01-07 15:01:08.862,18112,18115,18115,1,1
2022-01-07 15:01:08.862,18112,18115,18116,1,1
2022-01-07 15:01:08.899,18112,18116,18116,1,1
2022-01-07 15:01:08.899,18112,18116,18117,1,1
2022-01-07 15:01:08.914,18112,18116,18113,1,-1
2022-01-07 15:01:08.963,18112,18116,18112,1,-1
2022-01-07 15:01:08.980,18112,18116,18111,1,-1
2022-01-07 15:01:09.020,18112,18116,18113,1,-1
2022-01-07 15:01:09.028,18112,18116,18112,1,-1
2022-01-07 15:01:09.030,18112,18116,18112,1,-1
2022-01-07 15:01:09.059,18112,18116,18116,1,1
2022-01-07 15:01:09.071,18112,18116,18113,1,-1
2022-01-07 15:01:09.071,18112,18116,18112,3,-3
2022-01-07 15:01:09.071,18112,18116,18111,6,-6
2022-01-07 15:01:09.073,18112,18116,18111,1,-1
2022-01-07 15:01:09.076,18112,18116,18111,1,-1
2022-01-07 15:01:09.076,18112,18116,18111,1,-1
2022-01-07 15:01:09.077,18112,18116,18114,1,1
2022-01-07 15:01:09.105,18112,18116,18112,1,-1
2022-01-07 15:01:09.105,18112,18116,18111,7,-7
2022-01-07 15:01:09.106,18112,18116,18114,1,1
2022-01-07 15:01:09.109,18112,18116,18111,1,-1
2022-01-07 15:01:09.118,18112,18116,18111,2,-2
2022-01-07 15:01:09.137,18112,18116,18111,1,-1
2022-01-07 15:01:09.138,18112,18116,18111,1,-1
2022-01-07 15:01:09.138,18112,18116,18114,1,1
2022-01-07 15:01:09.160,18112,18115,18112,1,-1
2022-01-07 15:01:09.160,18112,18115,18111,1,-1
2022-01-07 15:01:09.161,18112,18115,18114,1,1
2022-01-07 15:01:09.174,18112,18115,18112,1,-1
2022-01-07 15:01:09.187,18112,18115,18114,1,1
2022-01-07 15:01:09.258,18112,18115,18114,1,1
2022-01-07 15:01:09.258,18112,18115,18114,1,1
2022-01-07 15:01:09.274,18112,18116,18112,1,-1
2022-01-07 15:01:09.274,18112,18116,18111,1,-1
2022-01-07 15:01:09.311,18112,18116,18116,1,1
2022-01-07 15:01:09.311,18112,18116,18117,3,3
2022-01-07 15:01:09.322,18112,18116,18113,1,-1
2022-01-07 15:01:09.322,18112,18116,18112,1,-1
2022-01-07 15:01:09.473,18112,18116,18112,1,-1
2022-01-07 15:01:09.474,18112,18116,18114,1,1
2022-01-07 15:01:09.515,18112,18116,18114,1,1
2022-01-07 15:01:09.515,18112,18116,18114,1,1
2022-01-07 15:01:09.594,18112,18115,18114,1,1
2022-01-07 15:01:09.600,18112,18115,18112,1,-1
2022-01-07 15:01:09.600,18112,18115,18111,1,-1
2022-01-07 15:01:09.601,18112,18115,18114,1,1
2022-01-07 15:01:09.601,18112,18115,18112,1,-1
2022-01-07 15:01:09.604,18112,18115,18114,1,1
2022-01-07 15:01:09.605,18112,18115,18115,1,1
2022-01-07 15:01:09.615,18112,18115,18115,2,2
2022-01-07 15:01:09.660,18112,18116,18112,1,-1
2022-01-07 15:01:09.660,18112,18116,18111,5,-5
2022-01-07 15:01:09.661,18112,18116,18114,1,1
2022-01-07 15:01:09.672,18112,18116,18112,1,-1
2022-01-07 15:01:09.673,18112,18116,18114,1,1
2022-01-07 15:01:09.705,18112,18116,18114,1,1
2022-01-07 15:01:09.782,18112,18115,18114,1,1
2022-01-07 15:01:09.782,18112,18115,18114,1,1
2022-01-07 15:01:09.782,18112,18115,18113,1,-1
2022-01-07 15:01:09.861,18112,18115,18114,1,1
2022-01-07 15:01:09.944,18112,18114,18114,2,2
2022-01-07 15:01:10.005,18112,18114,18113,1,1
2022-01-07 15:01:10.097,18113,18115,18113,1,-1
2022-01-07 15:01:10.154,18113,18115,18115,2,2
2022-01-07 15:01:10.163,18113,18115,18114,1,1
2022-01-07 15:01:10.407,18113,18116,18115,1,1
2022-01-07 15:01:10.515,18113,18116,18116,1,1
2022-01-07 15:01:10.518,18113,18116,18116,1,1
2022-01-07 15:01:11.520,18115,18117,18115,1,-1
2022-01-07 15:01:12.290,18115,18116,18115,1,-1
2022-01-07 15:01:12.290,18115,18116,18114,1,-1
2022-01-07 15:01:12.335,18115,18116,18116,1,1
2022-01-07 15:01:12.372,18115,18116,18114,1,-1
2022-01-07 15:01:12.522,18114,18116,18114,1,-1
2022-01-07 15:01:12.690,18114,18116,18114,1,-1
2022-01-07 15:01:12.788,18114,18116,18114,1,-1
2022-01-07 15:01:12.905,18114,18116,18114,1,-1
2022-01-07 15:01:13.036,18114,18116,18114,1,-1
2022-01-07 15:01:13.173,18115,18116,18115,1,-1
2022-01-07 15:01:13.259,18115,18116,18115,1,-1
2022-01-07 15:01:13.308,18114,18116,18114,1,-1
2022-01-07 15:01:13.407,18114,18116,18114,1,-1
2022-01-07 15:01:13.525,18114,18115,18114,1,-1
2022-01-07 15:01:13.562,18114,18115,18114,1,-1
2022-01-07 15:01:13.562,18114,18115,18113,1,-1
2022-01-07 15:01:13.665,18113,18115,18113,1,-1
2022-01-07 15:01:13.775,18113,18115,18113,6,-6
2022-01-07 15:01:14.001,18112,18113,18113,1,1
2022-01-07 15:01:14.400,18112,18114,18112,1,-1
2022-01-07 15:01:14.400,18112,18114,18111,4,-4
2022-01-07 15:01:14.411,18112,18114,18113,1,1
2022-01-07 15:01:14.652,18111,18113,18111,4,-4
2022-01-07 15:01:15.135,18110,18112,18112,1,1
2022-01-07 15:01:15.619,18110,18111,18111,1,1
2022-01-07 15:01:15.619,18110,18111,18112,1,1
2022-01-07 15:01:15.644,18110,18111,18110,1,-1
2022-01-07 15:01:15.644,18110,18111,18110,2,-2
2022-01-07 15:01:15.781,18109,18111,18111,1,1
2022-01-07 15:01:15.903,18109,18112,18112,1,1
2022-01-07 15:01:15.961,18109,18112,18109,2,-2
2022-01-07 15:01:16.462,18109,18111,18110,2,2
2022-01-07 15:01:16.833,18108,18111,18108,1,-1
2022-01-07 15:01:16.970,18108,18110,18110,1,1
2022-01-07 15:01:17.286,18108,18110,18108,1,-1
2022-01-07 15:01:17.299,18108,18110,18108,1,-1
2022-01-07 15:01:17.302,18108,18110,18108,9,-9
2022-01-07 15:01:17.302,18108,18110,18107,1,-1
2022-01-07 15:01:17.399,18107,18108,18107,1,-1
2022-01-07 15:01:17.400,18107,18108,18107,1,-1
2022-01-07 15:01:17.605,18107,18108,18107,2,-2
2022-01-07 15:01:17.674,18107,18109,18107,1,-1
2022-01-07 15:01:17.771,18107,18109,18107,1,-1
2022-01-07 15:01:18.054,18106,18107,18107,4,4
2022-01-07 15:01:18.054,18106,18107,18108,3,3
2022-01-07 15:01:18.054,18106,18107,18106,2,-2
2022-01-07 15:01:18.609,18105,18108,18108,1,1
2022-01-07 15:01:19.138,18106,18108,18106,1,-1
2022-01-07 15:01:19.366,18106,18108,18108,1,1
2022-01-07 15:01:19.765,18106,18108,18107,1,1
2022-01-07 15:01:19.886,18106,18108,18108,1,1
2022-01-07 15:01:20.168,18106,18108,18106,4,-4
2022-01-07 15:01:20.614,18106,18108,18106,2,-2
2022-01-07 15:01:20.904,18106,18108,18106,1,-1
2022-01-07 15:01:21.011,18106,18108,18106,1,-1
2022-01-07 15:01:21.011,18106,18108,18106,3,-3
2022-01-07 15:01:21.011,18106,18108,18106,1,-1
2022-01-07 15:01:21.011,18106,18108,18106,2,-2
2022-01-07 15:01:21.229,18105,18106,18106,1,1
2022-01-07 15:01:21.288,18105,18106,18105,1,-1
2022-01-07 15:01:21.617,18105,18106,18106,1,1
2022-01-07 15:01:21.904,18105,18106,18106,1,1
2022-01-07 15:01:21.905,18105,18106,18106,1,1
2022-01-07 15:01:22.107,18105,18107,18105,1,-1
2022-01-07 15:01:22.107,18105,18107,18105,15,-15
2022-01-07 15:01:22.107,18105,18107,18105,2,-2
2022-01-07 15:01:22.542,18104,18105,18105,2,2
2022-01-07 15:01:22.679,18104,18106,18104,2,-2
2022-01-07 15:01:22.843,18103,18104,18104,1,1
2022-01-07 15:01:22.857,18103,18104,18104,1,1
2022-01-07 15:01:22.871,18103,18104,18104,1,1
2022-01-07 15:01:23.045,18103,18104,18104,1,1
2022-01-07 15:01:23.063,18103,18104,18103,1,-1
2022-01-07 15:01:23.079,18103,18104,18105,1,1
2022-01-07 15:01:23.096,18103,18104,18105,1,1
2022-01-07 15:01:23.099,18103,18104,18105,1,1
2022-01-07 15:01:23.108,18103,18104,18105,1,1
2022-01-07 15:01:23.108,18103,18104,18105,1,1
2022-01-07 15:01:23.132,18103,18104,18105,3,3
2022-01-07 15:01:23.136,18103,18104,18106,1,1
2022-01-07 15:01:23.138,18103,18104,18106,1,1
2022-01-07 15:01:23.291,18103,18106,18106,1,1
2022-01-07 15:01:23.405,18103,18106,18106,2,2
2022-01-07 15:01:23.431,18103,18106,18106,3,3
2022-01-07 15:01:23.541,18103,18105,18103,1,-1
2022-01-07 15:01:23.544,18103,18105,18103,2,-2
2022-01-07 15:01:23.599,18103,18105,18105,1,1
2022-01-07 15:01:23.649,18102,18105,18105,1,1
2022-01-07 15:01:23.792,18103,18105,18105,1,1
2022-01-07 15:01:24.013,18103,18105,18105,1,1
2022-01-07 15:01:24.295,18103,18105,18105,1,1
2022-01-07 15:01:24.518,18104,18106,18106,1,1
2022-01-07 15:01:24.748,18104,18107,18106,2,2
2022-01-07 15:01:24.785,18105,18107,18105,1,-1
2022-01-07 15:01:24.894,18105,18107,18106,1,1
2022-01-07 15:01:25.145,18104,18107,18107,1,1
2022-01-07 15:01:25.213,18106,18107,18106,1,-1
2022-01-07 15:01:25.213,18106,18107,18104,5,-5
2022-01-07 15:01:25.213,18106,18107,18103,18,-18
2022-01-07 15:01:25.213,18106,18107,18102,6,-6
2022-01-07 15:01:25.214,18106,18107,18104,1,-1
2022-01-07 15:01:25.214,18106,18107,18106,3,-3
2022-01-07 15:01:25.214,18106,18107,18107,2,2
2022-01-07 15:01:25.215,18106,18107,18104,1,-1
2022-01-07 15:01:25.561,18103,18105,18105,4,4
2022-01-07 15:01:25.561,18103,18105,18106,6,6
2022-01-07 15:01:25.715,18104,18106,18106,2,2
2022-01-07 15:01:26.552,18105,18106,18105,1,-1
2022-01-07 15:01:26.552,18105,18106,18104,1,-1
2022-01-07 15:01:26.994,18105,18106,18105,1,-1
2022-01-07 15:01:27.062,18104,18106,18106,1,1
2022-01-07 15:01:27.151,18104,18106,18104,1,-1
2022-01-07 15:01:27.491,18105,18106,18105,1,-1
2022-01-07 15:01:27.492,18105,18106,18105,4,-4
2022-01-07 15:01:27.619,18104,18106,18106,1,1
2022-01-07 15:01:27.798,18104,18106,18104,1,-1
2022-01-07 15:01:28.016,18103,18106,18105,2,2
2022-01-07 15:01:28.016,18103,18106,18106,12,12
2022-01-07 15:01:28.785,18104,18107,18104,1,-1
2022-01-07 15:01:29.368,18105,18107,18106,1,1
2022-01-07 15:01:29.729,18105,18107,18105,1,-1
2022-01-07 15:01:29.913,18105,18107,18107,1,1
2022-01-07 15:01:30.076,18105,18107,18107,2,2
2022-01-07 15:01:30.809,18106,18108,18106,1,-1
2022-01-07 15:01:30.978,18106,18108,18106,4,-4
2022-01-07 15:01:32.396,18107,18108,18108,2,2
2022-01-07 15:01:32.397,18107,18108,18108,3,3
2022-01-07 15:01:33.060,18107,18109,18109,1,1
2022-01-07 15:01:33.122,18107,18109,18110,1,1
2022-01-07 15:01:33.122,18107,18109,18111,1,1
2022-01-07 15:01:33.596,18108,18111,18111,1,1
2022-01-07 15:01:34.016,18108,18111,18111,2,2
2022-01-07 15:01:34.020,18108,18111,18111,2,2
2022-01-07 15:01:34.022,18108,18111,18112,2,2
2022-01-07 15:01:34.066,18110,18113,18113,1,1
2022-01-07 15:01:34.069,18110,18113,18113,1,1
2022-01-07 15:01:34.268,18112,18114,18114,1,1
2022-01-07 15:01:34.674,18112,18114,18112,1,-1
2022-01-07 15:01:35.025,18112,18114,18114,2,2
2022-01-07 15:01:35.447,18113,18115,18113,3,-3
2022-01-07 15:01:35.502,18113,18115,18113,5,-5
2022-01-07 15:01:36.323,18113,18115,18113,1,-1
2022-01-07 15:01:36.341,18113,18115,18115,1,1
2022-01-07 15:01:36.560,18113,18116,18114,1,-1
2022-01-07 15:01:36.597,18113,18116,18114,2,-2
2022-01-07 15:01:37.588,18114,18116,18115,1,1
2022-01-07 15:01:37.672,18114,18116,18116,1,1
2022-01-07 15:01:38.034,18115,18117,18115,1,-1
2022-01-07 15:01:38.135,18115,18117,18116,1,1
2022-01-07 15:01:38.201,18116,18117,18117,1,1
2022-01-07 15:01:38.247,18116,18117,18118,1,1
2022-01-07 15:01:39.296,18116,18118,18118,1,1
2022-01-07 15:01:39.644,18116,18118,18118,2,2
2022-01-07 15:01:39.644,18116,18118,18119,2,2
2022-01-07 15:01:40.212,18117,18119,18119,1,1
2022-01-07 15:01:40.241,18117,18119,18118,1,1
2022-01-07 15:01:40.439,18117,18119,18117,1,-1
2022-01-07 15:01:40.588,18117,18119,18119,1,1
2022-01-07 15:01:41.725,18117,18120,18120,1,1
2022-01-07 15:01:41.742,18117,18120,18120,1,1
2022-01-07 15:01:41.852,18118,18120,18118,1,-1
2022-01-07 15:01:42.923,18118,18120,18119,2,2
2022-01-07 15:01:43.183,18118,18120,18120,1,1
2022-01-07 15:01:44.217,18119,18122,18120,1,-1
2022-01-07 15:01:44.988,18120,18122,18120,1,-1
2022-01-07 15:01:45.745,18119,18121,18119,3,-3
2022-01-07 15:01:46.527,18119,18120,18119,1,-1
2022-01-07 15:01:48.779,18119,18120,18120,1,1
2022-01-07 15:01:48.780,18119,18120,18120,15,15
2022-01-07 15:01:48.781,18119,18120,18121,2,2
2022-01-07 15:01:48.904,18120,18123,18120,1,-1
2022-01-07 15:01:49.008,18120,18123,18120,2,-2
2022-01-07 15:01:50.264,18120,18122,18120,1,-1
2022-01-07 15:01:50.419,18120,18122,18120,1,-1
2022-01-07 15:01:50.988,18120,18122,18122,1,1
2022-01-07 15:01:52.091,18120,18123,18120,1,-1
2022-01-07 15:01:54.171,18120,18121,18121,1,1
2022-01-07 15:01:54.185,18120,18121,18121,2,2
2022-01-07 15:01:56.873,18121,18122,18121,1,-1
2022-01-07 15:01:57.032,18121,18122,18122,1,1
2022-01-07 15:01:57.270,18121,18122,18121,2,-2
2022-01-07 15:01:57.270,18121,18122,18120,3,-3
2022-01-07 15:01:57.492,18120,18122,18121,1,1
2022-01-07 15:01:57.504,18120,18122,18120,1,-1
2022-01-07 15:01:57.873,18120,18121,18120,5,-5
2022-01-07 15:01:59.294,18119,18120,18120,1,1
2022-01-07 15:01:59.449,18119,18120,18119,1,-1
2022-01-07 15:01:59.574,18118,18120,18120,1,1
2022-01-07 15:01:59.750,18118,18120,18120,1,1
2022-01-07 15:02:00.027,18118,18119,18118,1,-1
2022-01-07 15:02:00.028,18118,18119,18118,1,-1
2022-01-07 15:02:00.216,18117,18118,18118,1,1
2022-01-07 15:02:00.282,18117,18118,18118,1,1
2022-01-07 15:02:00.345,18117,18118,18117,3,-3
2022-01-07 15:02:00.476,18116,18118,18118,1,1
2022-01-07 15:02:00.497,18116,18118,18118,2,2
2022-01-07 15:02:00.546,18116,18118,18118,1,1
2022-01-07 15:02:00.576,18116,18118,18119,1,1
2022-01-07 15:02:00.606,18116,18118,18119,3,3
2022-01-07 15:02:00.637,18116,18118,18119,2,2
2022-01-07 15:02:00.698,18117,18119,18119,1,1
2022-01-07 15:02:00.760,18117,18119,18120,1,1
2022-01-07 15:02:03.223,18117,18118,18117,1,-1
2022-01-07 15:02:03.275,18117,18118,18117,1,-1
2022-01-07 15:02:03.275,18117,18118,18116,1,-1
2022-01-07 15:02:03.275,18117,18118,18116,1,-1
2022-01-07 15:02:03.401,18116,18117,18117,1,1
2022-01-07 15:02:03.903,18116,18117,18116,1,-1
2022-01-07 15:02:03.903,18116,18117,18116,1,-1
2022-01-07 15:02:03.958,18116,18117,18116,1,-1
2022-01-07 15:02:04.103,18115,18117,18116,1,1
2022-01-07 15:02:04.158,18115,18117,18115,1,-1
2022-01-07 15:02:04.158,18115,18117,18115,4,-4
2022-01-07 15:02:04.158,18115,18117,18115,3,-3
2022-01-07 15:02:04.179,18115,18117,18116,3,3
2022-01-07 15:02:04.571,18114,18116,18114,1,-1
2022-01-07 15:02:05.601,18114,18116,18114,1,-1
2022-01-07 15:02:06.812,18114,18115,18115,1,1
2022-01-07 15:02:07.016,18114,18115,18114,1,-1
2022-01-07 15:02:07.025,18113,18115,18113,1,-1
2022-01-07 15:02:07.026,18113,18115,18113,1,-1
2022-01-07 15:02:07.026,18113,18115,18113,1,-1
2022-01-07 15:02:07.026,18113,18115,18114,1,1
2022-01-07 15:02:07.026,18113,18115,18112,1,-1
2022-01-07 15:02:07.026,18113,18115,18112,1,-1
2022-01-07 15:02:08.737,18113,18114,18113,1,-1
2022-01-07 15:02:09.527,18112,18113,18112,1,-1
2022-01-07 15:02:10.396,18113,18114,18114,1,1
2022-01-07 15:02:10.414,18113,18115,18115,2,2
2022-01-07 15:02:11.101,18115,18116,18115,1,-1
2022-01-07 15:02:11.959,18114,18116,18114,1,-1
2022-01-07 15:02:12.011,18114,18116,18114,1,-1
2022-01-07 15:02:12.904,18115,18116,18115,3,-3
2022-01-07 15:02:12.905,18115,18116,18115,2,-2
2022-01-07 15:02:13.563,18115,18116,18115,1,-1
2022-01-07 15:02:15.307,18115,18116,18115,2,-2
2022-01-07 15:02:15.999,18114,18115,18115,1,1
2022-01-07 15:02:18.625,18114,18115,18115,1,1
2022-01-07 15:02:20.165,18114,18115,18114,2,-2
2022-01-07 15:02:20.165,18114,18115,18114,2,-2
2022-01-07 15:02:20.275,18113,18114,18113,1,-1
2022-01-07 15:02:23.071,18113,18114,18114,1,1
2022-01-07 15:02:25.877,18113,18114,18113,1,-1
2022-01-07 15:02:26.262,18113,18114,18113,3,-3
2022-01-07 15:02:26.263,18113,18114,18112,1,-1
2022-01-07 15:02:26.263,18113,18114,18113,1,-1
2022-01-07 15:02:27.083,18112,18113,18112,7,-7
2022-01-07 15:02:27.084,18112,18113,18111,1,-1
2022-01-07 15:02:27.248,18111,18112,18111,2,-2
2022-01-07 15:02:27.830,18110,18111,18111,1,1
2022-01-07 15:02:29.340,18110,18111,18111,1,1
2022-01-07 15:02:30.396,18110,18111,18111,2,2
2022-01-07 15:02:30.422,18110,18112,18112,6,6
2022-01-07 15:02:32.078,18112,18114,18112,1,-1
2022-01-07 15:02:33.774,18112,18113,18113,1,1
2022-01-07 15:02:34.794,18112,18113,18113,1,1
2022-01-07 15:02:36.166,18112,18113,18113,1,1
2022-01-07 15:02:36.326,18113,18114,18113,1,-1
2022-01-07 15:02:36.478,18112,18114,18112,1,-1
2022-01-07 15:02:38.642,18113,18114,18114,11,11
2022-01-07 15:02:38.644,18113,18114,18115,1,1
2022-01-07 15:02:38.645,18113,18114,18115,1,1
2022-01-07 15:02:38.645,18113,18114,18115,4,4
2022-01-07 15:02:38.645,18113,18114,18115,1,1
2022-01-07 15:02:38.645,18113,18114,18115,4,4
2022-01-07 15:02:38.645,18113,18114,18115,3,3
2022-01-07 15:02:38.645,18113,18114,18115,2,2
2022-01-07 15:02:38.651,18115,18116,18115,1,-1
2022-01-07 15:02:38.651,18115,18116,18114,1,-1
2022-01-07 15:02:39.394,18115,18116,18115,1,-1
2022-01-07 15:02:39.641,18114,18116,18114,7,-7
2022-01-07 15:02:42.249,18114,18115,18114,6,-6
2022-01-07 15:02:42.323,18113,18114,18114,2,2
2022-01-07 15:02:42.673,18113,18115,18115,2,2
2022-01-07 15:02:43.248,18113,18115,18115,1,1
2022-01-07 15:02:44.881,18113,18114,18113,1,-1
2022-01-07 15:02:44.881,18113,18114,18113,2,-2
2022-01-07 15:02:45.450,18112,18113,18113,1,1
2022-01-07 15:02:47.535,18113,18115,18113,1,-1
2022-01-07 15:02:48.497,18113,18115,18113,2,-2
2022-01-07 15:02:50.281,18113,18115,18113,1,-1
2022-01-07 15:02:54.644,18113,18114,18113,1,-1
2022-01-07 15:02:54.644,18113,18114,18113,1,-1
2022-01-07 15:02:54.687,18112,18113,18113,1,1
2022-01-07 15:02:56.481,18112,18113,18112,1,-1
2022-01-07 15:02:56.705,18112,18113,18112,2,-2
2022-01-07 15:02:57.475,18112,18113,18112,8,-8
2022-01-07 15:02:57.997,18111,18112,18112,1,1
2022-01-07 15:02:58.181,18111,18112,18111,1,-1
2022-01-07 15:02:58.396,18111,18112,18111,1,-1
2022-01-07 15:02:59.331,18111,18112,18112,1,1
2022-01-07 15:02:59.990,18111,18112,18111,1,-1
2022-01-07 15:03:00.092,18111,18112,18111,1,-1
2022-01-07 15:03:00.098,18111,18112,18111,2,-2
2022-01-07 15:03:00.113,18111,18112,18111,1,-1
2022-01-07 15:03:00.274,18111,18112,18111,1,-1
2022-01-07 15:03:00.425,18110,18111,18110,4,-4
2022-01-07 15:03:01.263,18110,18111,18110,2,-2
2022-01-07 15:03:01.329,18110,18111,18110,1,-1
2022-01-07 15:03:02.053,18110,18111,18110,1,-1
2022-01-07 15:03:02.621,18110,18111,18110,14,-14
2022-01-07 15:03:02.648,18108,18110,18109,1,1
2022-01-07 15:03:02.878,18108,18110,18108,3,-3
2022-01-07 15:03:03.283,18107,18109,18109,1,1
2022-01-07 15:03:05.046,18108,18110,18108,2,-2
2022-01-07 15:03:05.121,18108,18110,18108,1,-1
2022-01-07 15:03:05.524,18108,18109,18109,1,1
2022-01-07 15:03:05.867,18108,18110,18108,1,-1
2022-01-07 15:03:07.283,18107,18108,18107,2,-2
2022-01-07 15:03:07.921,18107,18108,18107,1,-1
2022-01-07 15:03:08.454,18106,18108,18106,1,-1
2022-01-07 15:03:08.525,18106,18108,18106,1,-1
2022-01-07 15:03:08.563,18106,18108,18107,1,1
2022-01-07 15:03:08.800,18106,18108,18108,1,1
2022-01-07 15:03:09.171,18107,18109,18108,1,1
2022-01-07 15:03:10.080,18107,18109,18109,4,4
2022-01-07 15:03:10.080,18107,18109,18110,1,1
2022-01-07 15:03:10.409,18108,18110,18108,1,-1
2022-01-07 15:03:12.395,18108,18109,18109,1,1
2022-01-07 15:03:12.825,18108,18109,18108,1,-1
2022-01-07 15:03:12.868,18108,18109,18107,1,-1
2022-01-07 15:03:14.569,18108,18109,18108,1,-1
2022-01-07 15:03:14.742,18108,18109,18108,1,-1
2022-01-07 15:03:16.280,18108,18109,18109,4,4
2022-01-07 15:03:17.383,18109,18110,18109,2,-2
2022-01-07 15:03:17.400,18108,18110,18108,1,-1
2022-01-07 15:03:18.219,18108,18110,18110,16,16
2022-01-07 15:03:18.640,18110,18112,18110,1,-1
2022-01-07 15:03:19.801,18110,18112,18110,1,-1
2022-01-07 15:03:20.754,18110,18112,18112,1,1
2022-01-07 15:03:23.120,18110,18112,18110,2,-2
2022-01-07 15:03:23.120,18110,18112,18109,3,-3
2022-01-07 15:03:24.236,18110,18112,18110,1,-1
2022-01-07 15:03:25.811,18110,18112,18112,1,1
2022-01-07 15:03:26.831,18111,18112,18112,5,5
2022-01-07 15:03:27.452,18111,18112,18112,3,3
2022-01-07 15:03:27.454,18111,18112,18112,1,1
2022-01-07 15:03:27.457,18111,18112,18113,1,1
2022-01-07 15:03:29.046,18113,18114,18113,1,-1
2022-01-07 15:03:30.329,18113,18114,18113,1,-1
2022-01-07 15:03:31.544,18113,18114,18113,1,-1
2022-01-07 15:03:32.272,18113,18114,18113,1,-1
2022-01-07 15:03:32.931,18113,18114,18113,1,-1
2022-01-07 15:03:33.139,18113,18114,18113,1,-1
2022-01-07 15:03:35.496,18112,18114,18113,1,1
2022-01-07 15:03:36.049,18113,18114,18113,1,-1
2022-01-07 15:03:37.817,18112,18113,18113,1,1
2022-01-07 15:03:39.530,18112,18113,18113,1,1
2022-01-07 15:03:39.567,18112,18113,18113,1,1
2022-01-07 15:03:39.843,18112,18113,18112,1,-1
2022-01-07 15:03:40.110,18112,18113,18113,1,1
2022-01-07 15:03:43.029,18112,18113,18113,1,1
2022-01-07 15:03:44.016,18112,18113,18112,1,-1
2022-01-07 15:03:44.951,18111,18112,18112,1,1
2022-01-07 15:03:45.113,18111,18112,18112,2,2
2022-01-07 15:03:46.174,18111,18112,18112,1,1
2022-01-07 15:03:51.372,18111,18112,18112,1,1
2022-01-07 15:03:51.460,18111,18112,18111,5,-5
2022-01-07 15:03:52.235,18111,18112,18111,1,-1
2022-01-07 15:03:52.467,18111,18112,18112,2,2
2022-01-07 15:03:53.292,18112,18113,18112,1,-1
2022-01-07 15:03:53.580,18112,18113,18112,1,-1
2022-01-07 15:03:54.162,18112,18113,18112,1,-1
2022-01-07 15:03:56.671,18111,18113,18112,1,1
2022-01-07 15:03:57.303,18111,18113,18112,2,2
2022-01-07 15:03:58.553,18111,18112,18112,1,1
2022-01-07 15:03:58.589,18111,18112,18113,1,1
2022-01-07 15:03:58.629,18111,18112,18113,8,8
2022-01-07 15:04:01.280,18113,18114,18113,1,-1
2022-01-07 15:04:03.881,18113,18114,18113,1,-1
2022-01-07 15:04:05.180,18112,18113,18112,1,-1
2022-01-07 15:04:09.943,18111,18112,18111,1,-1
2022-01-07 15:04:11.368,18110,18112,18111,1,1
2022-01-07 15:04:12.317,18111,18112,18111,1,-1
2022-01-07 15:04:12.969,18110,18111,18111,1,1
2022-01-07 15:04:13.049,18110,18111,18110,8,-8
2022-01-07 15:04:13.709,18109,18110,18110,1,1
2022-01-07 15:04:14.206,18109,18110,18110,1,1
2022-01-07 15:04:15.276,18109,18110,18110,1,1
2022-01-07 15:04:17.104,18109,18110,18110,1,1
2022-01-07 15:04:20.018,18109,18110,18110,1,1
2022-01-07 15:04:20.365,18109,18110,18110,1,1
2022-01-07 15:04:21.346,18109,18111,18109,2,-2
2022-01-07 15:04:22.624,18109,18110,18109,1,-1
2022-01-07 15:04:23.589,18109,18110,18110,5,5
2022-01-07 15:04:23.746,18110,18111,18110,1,-1
2022-01-07 15:04:26.665,18110,18111,18110,1,-1
2022-01-07 15:04:26.665,18110,18111,18110,1,-1
2022-01-07 15:04:26.672,18110,18111,18110,1,-1
2022-01-07 15:04:26.897,18110,18111,18110,5,-5
2022-01-07 15:04:26.897,18110,18111,18110,1,-1
2022-01-07 15:04:30.949,18109,18110,18110,4,4
2022-01-07 15:04:30.952,18109,18110,18111,1,1
2022-01-07 15:04:33.195,18110,18111,18111,1,1
2022-01-07 15:04:33.195,18110,18111,18111,3,3
2022-01-07 15:04:33.195,18110,18111,18111,5,5
2022-01-07 15:04:33.405,18111,18112,18112,2,2
2022-01-07 15:04:34.635,18111,18113,18113,2,2
2022-01-07 15:04:34.677,18112,18114,18112,1,-1
2022-01-07 15:04:36.095,18111,18114,18111,2,-2
2022-01-07 15:04:36.211,18111,18113,18113,1,1
2022-01-07 15:04:36.211,18111,18113,18114,4,4
2022-01-07 15:04:36.972,18112,18113,18112,1,-1
2022-01-07 15:04:40.635,18111,18112,18112,1,1
2022-01-07 15:04:40.635,18111,18112,18113,1,1
2022-01-07 15:04:42.306,18111,18113,18113,3,3
2022-01-07 15:04:45.793,18111,18112,18111,1,-1
2022-01-07 15:04:47.562,18110,18111,18111,1,1
2022-01-07 15:04:48.687,18110,18112,18110,4,-4
2022-01-07 15:04:49.979,18110,18111,18110,1,-1
2022-01-07 15:04:51.688,18110,18111,18111,1,1
2022-01-07 15:04:56.959,18110,18112,18112,1,1
2022-01-07 15:04:57.425,18110,18111,18110,1,-1
2022-01-07 15:04:59.634,18110,18111,18111,1,1
2022-01-07 15:05:00.206,18111,18112,18111,1,-1
2022-01-07 15:05:00.250,18111,18112,18112,1,1
2022-01-07 15:05:00.313,18110,18112,18112,1,1
2022-01-07 15:05:00.339,18110,18112,18112,1,1
2022-01-07 15:05:00.825,18111,18112,18111,1,-1
2022-01-07 15:05:00.854,18111,18112,18111,1,-1
2022-01-07 15:05:00.926,18111,18112,18111,1,-1
2022-01-07 15:05:03.664,18111,18112,18111,1,-1
2022-01-07 15:05:03.700,18111,18112,18111,3,-3
2022-01-07 15:05:03.700,18111,18112,18112,1,1
2022-01-07 15:05:05.738,18110,18111,18110,12,-12
2022-01-07 15:05:06.062,18109,18110,18109,1,-1
2022-01-07 15:05:08.762,18109,18111,18109,1,-1
2022-01-07 15:05:08.775,18109,18111,18111,1,1
2022-01-07 15:05:09.667,18109,18110,18110,1,1
2022-01-07 15:05:09.883,18109,18111,18109,1,-1
2022-01-07 15:05:10.003,18109,18111,18109,1,-1
2022-01-07 15:05:10.110,18109,18111,18109,1,-1
2022-01-07 15:05:10.315,18109,18110,18110,1,1
2022-01-07 15:05:10.932,18110,18111,18110,1,-1
2022-01-07 15:05:11.186,18110,18111,18110,1,-1
2022-01-07 15:05:13.668,18109,18111,18109,1,-1
2022-01-07 15:05:14.170,18109,18111,18109,1,-1
2022-01-07 15:05:14.354,18109,18110,18110,1,1
2022-01-07 15:05:14.754,18110,18111,18111,3,3
2022-01-07 15:05:14.755,18110,18111,18111,2,2
2022-01-07 15:05:15.278,18110,18112,18110,1,-1
2022-01-07 15:05:17.958,18110,18112,18112,1,1
2022-01-07 15:05:18.822,18110,18111,18110,1,-1
2022-01-07 15:05:18.900,18110,18111,18111,1,1
2022-01-07 15:05:21.501,18110,18111,18110,1,-1
2022-01-07 15:05:21.527,18110,18111,18111,1,1
2022-01-07 15:05:22.064,18110,18111,18111,5,5
2022-01-07 15:05:25.368,18110,18111,18111,1,1
2022-01-07 15:05:25.368,18110,18111,18112,1,1
2022-01-07 15:05:28.027,18110,18111,18111,2,2
2022-01-07 15:05:28.927,18110,18112,18111,1,1
2022-01-07 15:05:30.069,18111,18112,18112,1,1
2022-01-07 15:05:32.292,18111,18112,18111,2,-2
2022-01-07 15:05:34.295,18111,18112,18112,2,2
2022-01-07 15:05:36.407,18111,18112,18112,4,4
2022-01-07 15:05:37.596,18111,18113,18111,1,-1
2022-01-07 15:05:37.706,18111,18113,18111,4,-4
2022-01-07 15:05:37.707,18111,18113,18111,1,-1
2022-01-07 15:05:39.160,18111,18112,18111,1,-1
2022-01-07 15:05:39.234,18111,18112,18112,1,1
2022-01-07 15:05:39.278,18112,18113,18113,4,4
2022-01-07 15:05:39.278,18112,18113,18113,2,2
2022-01-07 15:05:39.278,18112,18113,18113,1,1
2022-01-07 15:05:39.278,18112,18113,18113,3,3
2022-01-07 15:05:39.279,18112,18113,18113,1,1
2022-01-07 15:05:39.279,18112,18113,18113,2,2
2022-01-07 15:05:39.845,18112,18114,18112,2,-2
2022-01-07 15:05:40.493,18111,18114,18111,3,-3
2022-01-07 15:05:40.507,18111,18114,18111,1,-1
2022-01-07 15:05:40.920,18110,18112,18112,1,1
2022-01-07 15:05:42.004,18111,18112,18111,1,-1
2022-01-07 15:05:42.076,18110,18111,18111,1,1
2022-01-07 15:05:42.714,18110,18112,18112,1,1
2022-01-07 15:05:43.216,18110,18112,18110,1,-1
2022-01-07 15:05:44.187,18111,18112,18112,1,1
2022-01-07 15:05:44.586,18111,18112,18111,1,-1
2022-01-07 15:05:49.217,18111,18112,18111,1,-1
2022-01-07 15:05:50.504,18111,18112,18112,1,1
2022-01-07 15:05:50.504,18111,18112,18112,3,3
2022-01-07 15:05:50.505,18111,18112,18112,2,2
2022-01-07 15:05:51.833,18112,18113,18113,3,3
2022-01-07 15:05:51.954,18113,18114,18113,1,-1
2022-01-07 15:05:53.658,18113,18114,18114,1,1
2022-01-07 15:05:53.800,18113,18114,18113,1,-1
2022-01-07 15:05:53.932,18113,18114,18114,1,1
2022-01-07 15:05:54.065,18113,18114,18114,5,5
2022-01-07 15:05:55.580,18114,18115,18115,1,1
2022-01-07 15:05:55.581,18114,18115,18115,1,1
2022-01-07 15:05:56.226,18114,18115,18114,1,-1
2022-01-07 15:06:00.266,18114,18115,18114,2,-2
2022-01-07 15:06:00.533,18113,18114,18114,4,4
2022-01-07 15:06:00.533,18113,18114,18115,2,2
2022-01-07 15:06:00.565,18113,18114,18115,6,6
2022-01-07 15:06:02.419,18113,18115,18115,1,1
2022-01-07 15:06:02.819,18113,18115,18115,4,4
2022-01-07 15:06:02.847,18113,18115,18115,2,2
2022-01-07 15:06:03.066,18113,18115,18115,4,4
2022-01-07 15:06:03.151,18113,18115,18115,2,2
2022-01-07 15:06:03.151,18113,18115,18116,2,2
2022-01-07 15:06:03.389,18113,18116,18116,3,3
2022-01-07 15:06:04.898,18113,18114,18114,1,1
2022-01-07 15:06:06.150,18114,18115,18114,1,-1
2022-01-07 15:06:08.501,18113,18114,18114,1,1
2022-01-07 15:06:08.525,18113,18115,18115,1,1
2022-01-07 15:06:09.794,18113,18115,18115,3,3
2022-01-07 15:06:10.434,18114,18116,18114,1,-1
2022-01-07 15:06:13.351,18114,18115,18115,1,1
2022-01-07 15:06:18.712,18114,18115,18114,1,-1
2022-01-07 15:06:20.936,18113,18114,18113,2,-2
2022-01-07 15:06:20.936,18113,18114,18113,2,-2
2022-01-07 15:06:24.172,18112,18113,18113,1,1
2022-01-07 15:06:24.612,18113,18114,18113,1,-1
2022-01-07 15:06:25.288,18112,18113,18112,5,-5
2022-01-07 15:06:26.322,18111,18112,18112,1,1
2022-01-07 15:06:33.146,18111,18112,18111,1,-1
2022-01-07 15:06:33.147,18111,18112,18111,4,-4
2022-01-07 15:06:33.212,18111,18112,18110,12,-12
2022-01-07 15:06:33.975,18109,18111,18111,3,3
2022-01-07 15:06:33.975,18109,18111,18112,1,1
2022-01-07 15:06:34.118,18110,18112,18112,1,1
2022-01-07 15:06:37.395,18111,18112,18111,7,-7
2022-01-07 15:06:37.396,18111,18112,18110,1,-1
2022-01-07 15:06:45.447,18110,18111,18110,1,-1
2022-01-07 15:06:47.581,18110,18111,18110,1,-1
2022-01-07 15:06:49.139,18110,18111,18110,4,-4
2022-01-07 15:06:49.379,18109,18111,18110,1,1
2022-01-07 15:06:49.675,18110,18111,18111,1,1
2022-01-07 15:06:51.421,18111,18112,18112,2,2
2022-01-07 15:06:51.712,18112,18113,18112,1,-1
2022-01-07 15:06:52.053,18112,18113,18113,2,2
2022-01-07 15:06:53.321,18113,18114,18114,2,2
2022-01-07 15:06:53.622,18114,18115,18114,2,-2
2022-01-07 15:06:53.777,18113,18115,18113,1,-1
2022-01-07 15:06:56.476,18114,18115,18114,1,-1
2022-01-07 15:06:59.459,18112,18114,18114,1,1
2022-01-07 15:07:00.003,18112,18114,18112,2,-2
2022-01-07 15:07:00.013,18112,18114,18111,2,-2
2022-01-07 15:07:00.609,18111,18113,18113,1,1
2022-01-07 15:07:00.614,18111,18113,18113,1,1
2022-01-07 15:07:03.435,18111,18113,18111,4,-4
2022-01-07 15:07:10.000,18111,18112,18111,1,-1
2022-01-07 15:07:10.904,18110,18112,18112,1,1
2022-01-07 15:07:14.696,18111,18112,18111,1,-1
2022-01-07 15:07:15.514,18110,18112,18112,1,1
2022-01-07 15:07:15.514,18110,18112,18111,2,2
2022-01-07 15:07:16.388,18110,18112,18112,3,3
2022-01-07 15:07:16.507,18110,18112,18110,8,-8
2022-01-07 15:07:18.103,18109,18111,18109,4,-4
2022-01-07 15:07:18.105,18109,18111,18109,6,-6
2022-01-07 15:07:18.111,18109,18111,18108,16,-16
2022-01-07 15:07:19.193,18107,18109,18107,9,-9
2022-01-07 15:07:21.212,18106,18107,18106,1,-1
2022-01-07 15:07:21.757,18106,18107,18106,2,-2
2022-01-07 15:07:21.757,18106,18107,18106,2,-2
2022-01-07 15:07:21.757,18106,18107,18106,1,-1
2022-01-07 15:07:21.757,18106,18107,18106,7,-7
2022-01-07 15:07:22.732,18105,18107,18107,5,5
2022-01-07 15:07:23.774,18106,18107,18106,1,-1
2022-01-07 15:07:24.627,18106,18107,18106,1,-1
2022-01-07 15:07:24.721,18105,18107,18107,1,1
2022-01-07 15:07:25.446,18105,18107,18107,1,1
2022-01-07 15:07:25.777,18105,18106,18106,1,1
2022-01-07 15:07:26.618,18105,18106,18106,1,1
2022-01-07 15:07:27.202,18105,18107,18106,1,1
2022-01-07 15:07:30.949,18105,18106,18105,1,-1
2022-01-07 15:07:31.184,18105,18106,18105,2,-2
2022-01-07 15:07:31.255,18105,18106,18105,1,-1
2022-01-07 15:07:31.513,18105,18106,18106,1,1
2022-01-07 15:07:31.513,18105,18106,18105,13,-13
2022-01-07 15:07:32.128,18105,18106,18105,2,-2
2022-01-07 15:07:32.209,18104,18106,18105,1,1
2022-01-07 15:07:32.281,18104,18105,18105,2,2
2022-01-07 15:07:32.407,18105,18106,18106,1,1
2022-01-07 15:07:32.558,18105,18106,18105,1,-1
2022-01-07 15:07:33.437,18105,18106,18105,1,-1
2022-01-07 15:07:33.655,18104,18106,18104,1,-1
2022-01-07 15:07:34.339,18104,18106,18105,1,1
2022-01-07 15:07:34.792,18104,18106,18104,1,-1
2022-01-07 15:07:39.103,18105,18106,18106,5,5
2022-01-07 15:07:40.400,18105,18106,18106,8,8
2022-01-07 15:07:41.117,18106,18107,18107,4,4
2022-01-07 15:07:42.163,18108,18109,18108,1,-1
2022-01-07 15:07:42.850,18108,18109,18109,1,1
2022-01-07 15:07:43.002,18109,18110,18110,1,1
2022-01-07 15:07:45.953,18109,18110,18110,1,1
2022-01-07 15:07:46.599,18109,18111,18111,2,2
2022-01-07 15:07:46.599,18109,18111,18112,3,3
2022-01-07 15:07:47.373,18111,18112,18111,1,-1
2022-01-07 15:07:55.978,18110,18112,18112,5,5
2022-01-07 15:07:57.949,18110,18111,18111,1,1
2022-01-07 15:08:00.016,18110,18112,18110,2,-2
2022-01-07 15:08:00.033,18110,18112,18110,1,-1
2022-01-07 15:08:00.052,18110,18112,18110,1,-1
2022-01-07 15:08:00.530,18110,18111,18111,1,1
2022-01-07 15:08:00.587,18110,18111,18111,1,1
2022-01-07 15:08:00.620,18110,18111,18112,1,1
2022-01-07 15:08:00.992,18111,18112,18112,1,1
2022-01-07 15:08:03.453,18111,18113,18111,1,-1
2022-01-07 15:08:03.526,18111,18113,18113,1,1
2022-01-07 15:08:07.546,18112,18113,18113,2,2
2022-01-07 15:08:07.546,18112,18113,18114,1,1
2022-01-07 15:08:08.470,18112,18114,18114,1,1
2022-01-07 15:08:08.537,18112,18114,18112,1,-1
2022-01-07 15:08:09.632,18112,18114,18112,1,-1
2022-01-07 15:08:19.779,18113,18114,18113,1,-1
2022-01-07 15:08:21.134,18112,18114,18114,1,1
2022-01-07 15:08:25.360,18112,18113,18112,1,-1
2022-01-07 15:08:26.054,18112,18113,18113,1,1
2022-01-07 15:08:28.810,18113,18114,18114,1,1
2022-01-07 15:08:29.688,18113,18114,18113,1,-1
2022-01-07 15:08:31.704,18113,18114,18114,2,2
2022-01-07 15:08:32.306,18114,18115,18114,3,-3
2022-01-07 15:08:36.334,18113,18114,18114,1,1
2022-01-07 15:08:37.096,18113,18114,18114,1,1
2022-01-07 15:08:38.468,18113,18114,18113,1,-1
2022-01-07 15:08:38.469,18113,18114,18113,1,-1
2022-01-07 15:08:38.469,18113,18114,18113,1,-1
2022-01-07 15:08:38.536,18113,18114,18113,5,-5
2022-01-07 15:08:38.536,18113,18114,18113,1,-1
2022-01-07 15:08:39.679,18112,18113,18113,1,1
2022-01-07 15:08:45.476,18112,18113,18113,2,2
2022-01-07 15:08:50.045,18112,18113,18113,1,1
2022-01-07 15:08:58.787,18112,18113,18112,2,-2
2022-01-07 15:08:59.862,18112,18113,18113,2,2
2022-01-07 15:09:00.011,18112,18113,18112,1,-1
2022-01-07 15:09:00.148,18112,18113,18113,2,2
2022-01-07 15:09:00.372,18113,18114,18114,1,1
2022-01-07 15:09:00.398,18113,18114,18114,1,1
2022-01-07 15:09:00.398,18113,18114,18114,7,7
2022-01-07 15:09:07.382,18113,18114,18114,1,1
2022-01-07 15:09:10.904,18113,18114,18114,1,1
2022-01-07 15:09:12.140,18113,18114,18113,2,-2
2022-01-07 15:09:18.450,18113,18114,18114,2,2
2022-01-07 15:09:18.867,18114,18115,18114,2,-2
2022-01-07 15:09:18.868,18114,18115,18115,21,21
2022-01-07 15:09:19.454,18114,18115,18114,1,-1
2022-01-07 15:09:20.217,18114,18115,18115,3,3
2022-01-07 15:09:20.217,18114,18115,18115,1,1
2022-01-07 15:09:20.217,18114,18115,18115,1,1
2022-01-07 15:09:20.218,18114,18115,18115,3,3
2022-01-07 15:09:20.218,18114,18115,18115,1,1
2022-01-07 15:09:20.218,18114,18115,18115,1,1
2022-01-07 15:09:22.769,18114,18116,18115,1,1
2022-01-07 15:09:23.484,18114,18115,18114,5,-5
2022-01-07 15:09:24.626,18113,18115,18113,9,-9
2022-01-07 15:09:24.629,18113,18115,18112,6,-6
2022-01-07 15:09:24.629,18113,18115,18112,1,-1
2022-01-07 15:09:25.212,18111,18112,18112,1,1
2022-01-07 15:09:33.702,18111,18112,18111,1,-1
2022-01-07 15:09:33.702,18111,18112,18111,1,-1
2022-01-07 15:09:33.859,18110,18111,18111,1,1
2022-01-07 15:09:33.955,18110,18111,18110,1,-1
2022-01-07 15:09:35.962,18110,18111,18111,1,1
2022-01-07 15:09:38.896,18111,18112,18111,1,-1
2022-01-07 15:09:41.155,18111,18112,18111,1,-1
2022-01-07 15:09:41.401,18111,18112,18112,2,2
2022-01-07 15:09:41.448,18111,18112,18113,4,4
2022-01-07 15:09:41.704,18112,18114,18112,1,-1
2022-01-07 15:09:41.731,18112,18114,18112,1,-1
2022-01-07 15:09:43.509,18112,18114,18112,1,-1
2022-01-07 15:09:46.140,18113,18114,18113,1,-1
2022-01-07 15:09:48.243,18113,18114,18114,3,3
2022-01-07 15:09:48.243,18113,18114,18114,2,2
2022-01-07 15:09:50.079,18113,18114,18113,1,-1
2022-01-07 15:09:50.079,18113,18114,18113,1,-1
2022-01-07 15:09:51.771,18111,18113,18113,1,1
2022-01-07 15:09:52.743,18111,18113,18112,1,1
2022-01-07 15:09:53.560,18111,18112,18111,1,-1
2022-01-07 15:09:55.411,18112,18113,18112,1,-1
2022-01-07 15:09:55.411,18112,18113,18112,3,-3
2022-01-07 15:09:55.411,18112,18113,18112,1,-1
2022-01-07 15:09:56.156,18111,18112,18112,2,2
2022-01-07 15:10:00.009,18111,18113,18111,1,-1
2022-01-07 15:10:00.178,18111,18113,18111,2,-2
2022-01-07 15:10:00.190,18111,18113,18111,2,-2
2022-01-07 15:10:00.210,18111,18113,18111,1,-1
2022-01-07 15:10:00.274,18111,18113,18113,2,2
2022-01-07 15:10:00.281,18111,18113,18111,1,-1
2022-01-07 15:10:00.286,18111,18113,18111,1,-1
2022-01-07 15:10:00.297,18111,18113,18110,1,-1
2022-01-07 15:10:00.297,18111,18113,18110,1,-1
2022-01-07 15:10:00.305,18111,18113,18112,1,1
2022-01-07 15:10:00.308,18111,18113,18110,1,-1
2022-01-07 15:10:00.315,18111,18113,18110,1,-1
2022-01-07 15:10:00.321,18111,18113,18110,2,-2
2022-01-07 15:10:00.324,18111,18113,18110,1,-1
2022-01-07 15:10:00.337,18111,18113,18109,1,-1
2022-01-07 15:10:00.364,18111,18113,18109,1,-1
2022-01-07 15:10:00.377,18111,18113,18111,1,-1
2022-01-07 15:10:00.381,18111,18113,18109,1,-1
2022-01-07 15:10:00.382,18111,18113,18109,1,-1
2022-01-07 15:10:00.391,18111,18113,18109,1,-1
2022-01-07 15:10:00.392,18111,18113,18109,1,-1
2022-01-07 15:10:00.431,18109,18111,18109,1,-1
2022-01-07 15:10:00.454,18109,18111,18109,1,-1
2022-01-07 15:10:00.471,18109,18111,18109,1,-1
2022-01-07 15:10:00.562,18109,18111,18109,1,-1
2022-01-07 15:10:00.572,18109,18111,18109,1,-1
2022-01-07 15:10:01.038,18109,18111,18109,1,-1
2022-01-07 15:10:01.683,18109,18111,18109,3,-3
2022-01-07 15:10:04.078,18109,18111,18110,1,1
2022-01-07 15:10:07.281,18110,18111,18110,1,-1
2022-01-07 15:10:08.856,18110,18111,18110,1,-1
2022-01-07 15:10:09.015,18109,18111,18110,1,1
2022-01-07 15:10:13.523,18110,18112,18110,1,-1
2022-01-07 15:10:18.288,18110,18111,18110,1,-1
2022-01-07 15:10:18.836,18109,18110,18110,2,2
2022-01-07 15:10:18.838,18109,18110,18110,1,1
2022-01-07 15:10:20.052,18110,18111,18110,3,-3
2022-01-07 15:10:20.406,18109,18111,18109,1,-1
2022-01-07 15:10:20.690,18109,18111,18109,2,-2
2022-01-07 15:10:24.943,18109,18110,18109,2,-2
2022-01-07 15:10:25.128,18108,18110,18109,1,1
2022-01-07 15:10:29.945,18108,18109,18108,2,-2
2022-01-07 15:10:34.735,18108,18109,18108,3,-3
2022-01-07 15:10:35.954,18108,18109,18108,3,-3
2022-01-07 15:10:39.421,18108,18109,18108,1,-1
2022-01-07 15:10:39.704,18108,18109,18108,2,-2
2022-01-07 15:10:40.213,18108,18109,18108,4,-4
2022-01-07 15:10:40.730,18108,18109,18108,2,-2
2022-01-07 15:10:40.827,18108,18109,18108,2,-2
2022-01-07 15:10:40.828,18108,18109,18108,1,-1
2022-01-07 15:10:41.816,18108,18109,18109,1,1
2022-01-07 15:10:45.501,18108,18109,18109,3,3
2022-01-07 15:10:47.147,18109,18110,18109,1,-1
2022-01-07 15:10:53.223,18109,18110,18109,1,-1
2022-01-07 15:10:59.953,18109,18110,18110,3,3
2022-01-07 15:11:00.020,18109,18110,18110,1,1
2022-01-07 15:11:00.023,18110,18111,18110,1,-1
2022-01-07 15:11:00.516,18110,18111,18111,1,1
2022-01-07 15:11:00.539,18110,18112,18112,1,1
2022-01-07 15:11:00.901,18110,18112,18110,1,-1
2022-01-07 15:11:02.793,18110,18112,18111,1,1
2022-01-07 15:11:03.013,18110,18112,18110,1,-1
2022-01-07 15:11:04.911,18110,18112,18112,1,1
2022-01-07 15:11:05.944,18111,18113,18111,1,-1
2022-01-07 15:11:05.988,18111,18113,18113,4,4
2022-01-07 15:11:10.107,18111,18113,18113,1,1
2022-01-07 15:11:13.210,18111,18113,18113,1,1
2022-01-07 15:11:16.597,18111,18113,18113,2,2
2022-01-07 15:11:17.097,18112,18114,18114,1,1
2022-01-07 15:11:17.504,18113,18114,18113,1,-1
2022-01-07 15:11:18.475,18112,18114,18113,1,1
2022-01-07 15:11:19.656,18113,18114,18113,1,-1
2022-01-07 15:11:20.706,18113,18114,18113,1,-1
2022-01-07 15:11:21.514,18112,18114,18113,1,1
2022-01-07 15:11:23.042,18112,18113,18113,1,1
2022-01-07 15:11:26.016,18112,18113,18113,1,1
2022-01-07 15:11:27.099,18112,18114,18112,5,-5
2022-01-07 15:11:29.513,18111,18112,18112,1,1
2022-01-07 15:11:30.865,18111,18112,18111,1,-1
2022-01-07 15:11:30.865,18111,18112,18111,1,-1
2022-01-07 15:11:30.865,18111,18112,18111,1,-1
2022-01-07 15:11:30.866,18111,18112,18111,2,-2
2022-01-07 15:11:35.976,18109,18110,18109,1,-1
2022-01-07 15:11:36.746,18109,18110,18110,1,1
2022-01-07 15:11:39.047,18110,18111,18111,1,1
2022-01-07 15:11:43.044,18111,18112,18111,2,-2
2022-01-07 15:11:43.045,18111,18112,18111,3,-3
2022-01-07 15:11:50.074,18111,18112,18112,1,1
2022-01-07 15:11:50.075,18111,18112,18112,1,1
2022-01-07 15:11:51.115,18111,18113,18111,1,-1
2022-01-07 15:11:58.179,18111,18112,18111,1,-1
2022-01-07 15:12:00.467,18111,18112,18112,1,1
2022-01-07 15:12:00.485,18111,18112,18112,1,1
2022-01-07 15:12:02.135,18111,18112,18111,1,-1
2022-01-07 15:12:02.407,18111,18112,18111,1,-1
2022-01-07 15:12:02.784,18111,18112,18111,2,-2
2022-01-07 15:12:05.960,18111,18112,18111,1,-1
2022-01-07 15:12:10.890,18111,18112,18111,1,-1
2022-01-07 15:12:11.993,18111,18112,18111,1,-1
2022-01-07 15:12:12.353,18111,18112,18112,1,1
2022-01-07 15:12:12.738,18111,18113,18111,1,-1
2022-01-07 15:12:15.080,18111,18112,18112,4,4
2022-01-07 15:12:15.080,18111,18112,18113,6,6
2022-01-07 15:12:20.488,18111,18112,18111,2,-2
2022-01-07 15:12:20.720,18110,18111,18110,1,-1
2022-01-07 15:12:20.720,18110,18111,18110,3,-3
2022-01-07 15:12:20.720,18110,18111,18110,4,-4
2022-01-07 15:12:21.501,18109,18110,18110,1,1
2022-01-07 15:12:26.209,18109,18111,18109,2,-2
2022-01-07 15:12:33.968,18109,18110,18109,1,-1
2022-01-07 15:12:34.373,18109,18110,18110,3,3
2022-01-07 15:12:35.439,18109,18111,18109,1,-1
2022-01-07 15:12:41.068,18109,18110,18110,2,2
2022-01-07 15:12:41.166,18109,18111,18109,1,-1
2022-01-07 15:12:42.151,18109,18110,18109,4,-4
2022-01-07 15:12:42.152,18109,18110,18109,5,-5
2022-01-07 15:12:47.113,18108,18110,18109,1,1
2022-01-07 15:12:51.196,18108,18109,18108,2,-2
2022-01-07 15:12:56.873,18108,18109,18108,1,-1
2022-01-07 15:13:00.270,18108,18109,18109,1,1
2022-01-07 15:13:00.294,18108,18109,18109,1,1
2022-01-07 15:13:01.289,18108,18109,18108,1,-1
2022-01-07 15:13:02.892,18108,18109,18109,1,1
2022-01-07 15:13:03.871,18108,18109,18109,1,1
2022-01-07 15:13:08.018,18108,18109,18109,1,1
2022-01-07 15:13:09.445,18108,18109,18109,3,3
2022-01-07 15:13:11.818,18108,18109,18109,3,3
2022-01-07 15:13:12.156,18109,18110,18109,1,-1
2022-01-07 15:13:21.480,18108,18109,18108,11,-11
2022-01-07 15:13:21.480,18108,18109,18108,4,-4
2022-01-07 15:13:21.654,18107,18108,18107,1,-1
2022-01-07 15:13:21.654,18107,18108,18107,1,-1
2022-01-07 15:13:21.655,18107,18108,18107,1,-1
2022-01-07 15:13:21.655,18107,18108,18107,3,-3
2022-01-07 15:13:21.655,18107,18108,18107,1,-1
2022-01-07 15:13:21.656,18107,18108,18107,3,-3
2022-01-07 15:13:24.717,18106,18107,18107,2,2
2022-01-07 15:13:26.299,18106,18107,18107,1,1
2022-01-07 15:13:32.278,18106,18107,18106,4,-4
2022-01-07 15:13:32.423,18105,18106,18105,1,-1
2022-01-07 15:13:32.724,18105,18106,18106,1,1
2022-01-07 15:13:32.759,18105,18106,18105,1,-1
2022-01-07 15:13:34.885,18105,18106,18105,1,-1
2022-01-07 15:13:35.014,18105,18106,18106,1,1
2022-01-07 15:13:35.944,18105,18106,18106,1,1
2022-01-07 15:13:37.238,18105,18106,18105,2,-2
2022-01-07 15:13:39.320,18105,18106,18106,3,3
2022-01-07 15:13:39.320,18105,18106,18107,1,1
2022-01-07 15:13:43.878,18105,18106,18106,1,1
2022-01-07 15:13:45.810,18106,18107,18107,1,1
2022-01-07 15:13:46.228,18106,18107,18107,6,6
2022-01-07 15:13:47.147,18107,18108,18108,1,1
2022-01-07 15:13:47.147,18107,18108,18108,4,4
2022-01-07 15:13:48.249,18108,18109,18109,3,3
2022-01-07 15:13:49.539,18109,18110,18109,2,-2
2022-01-07 15:13:49.539,18109,18110,18108,1,-1
2022-01-07 15:13:51.034,18108,18110,18110,2,2
2022-01-07 15:13:51.036,18108,18110,18110,1,1
2022-01-07 15:13:53.518,18109,18111,18110,1,1
2022-01-07 15:13:53.605,18109,18111,18109,1,-1
2022-01-07 15:13:53.655,18109,18111,18110,1,1
2022-01-07 15:13:59.982,18109,18110,18109,3,-3
2022-01-07 15:13:59.982,18109,18110,18110,1,1
2022-01-07 15:14:00.412,18109,18111,18111,2,2
2022-01-07 15:14:00.569,18109,18111,18111,1,1
2022-01-07 15:14:00.599,18109,18111,18111,1,1
2022-01-07 15:14:07.685,18108,18110,18108,1,-1
2022-01-07 15:14:07.685,18108,18110,18108,1,-1
2022-01-07 15:14:07.685,18108,18110,18108,1,-1
2022-01-07 15:14:07.685,18108,18110,18108,3,-3
2022-01-07 15:14:07.685,18108,18110,18108,1,-1
2022-01-07 15:14:07.686,18108,18110,18108,1,-1
2022-01-07 15:14:12.743,18106,18108,18108,1,1
2022-01-07 15:14:16.355,18106,18108,18108,1,1
2022-01-07 15:14:20.810,18107,18109,18108,2,2
2022-01-07 15:14:22.135,18107,18109,18107,1,-1
2022-01-07 15:14:25.054,18106,18108,18108,1,1
2022-01-07 15:14:29.750,18107,18108,18107,1,-1
2022-01-07 15:14:30.602,18107,18108,18108,1,1
2022-01-07 15:14:31.293,18107,18108,18107,1,-1
2022-01-07 15:14:34.659,18106,18108,18108,6,6
2022-01-07 15:14:37.444,18108,18109,18108,1,-1
2022-01-07 15:14:40.885,18108,18109,18108,1,-1
2022-01-07 15:14:41.759,18108,18109,18108,1,-1
2022-01-07 15:14:43.161,18108,18109,18108,4,-4
2022-01-07 15:14:43.412,18106,18108,18108,1,1
2022-01-07 15:14:44.940,18106,18108,18108,1,1
2022-01-07 15:14:51.863,18107,18108,18108,4,4
2022-01-07 15:14:53.551,18108,18109,18108,1,-1
2022-01-07 15:14:54.899,18108,18109,18108,1,-1
2022-01-07 15:14:56.134,18108,18109,18109,1,1
2022-01-07 15:14:56.222,18108,18109,18109,1,1
2022-01-07 15:15:00.059,18109,18110,18110,2,2
2022-01-07 15:15:00.064,18109,18110,18110,8,8
2022-01-07 15:15:00.109,18109,18110,18111,1,1
2022-01-07 15:15:00.109,18109,18110,18111,1,1
2022-01-07 15:15:00.109,18109,18110,18111,1,1
2022-01-07 15:15:00.109,18109,18110,18111,3,3
2022-01-07 15:15:00.551,18110,18112,18112,1,1
2022-01-07 15:15:00.582,18110,18112,18112,1,1
2022-01-07 15:15:00.661,18110,18112,18112,1,1
2022-01-07 15:15:00.698,18110,18112,18110,10,-10
2022-01-07 15:15:04.954,18109,18110,18110,2,2
2022-01-07 15:15:05.024,18109,18111,18111,1,1
2022-01-07 15:15:12.348,18110,18112,18112,1,1
2022-01-07 15:15:20.744,18110,18111,18111,1,1
2022-01-07 15:15:20.774,18110,18111,18111,1,1
2022-01-07 15:15:20.775,18110,18111,18112,1,1
2022-01-07 15:15:20.775,18110,18111,18112,1,1
2022-01-07 15:15:20.775,18110,18111,18112,1,1
2022-01-07 15:15:20.775,18110,18111,18112,1,1
2022-01-07 15:15:20.776,18110,18111,18112,1,1
2022-01-07 15:15:20.776,18110,18111,18112,1,1
2022-01-07 15:15:22.480,18110,18112,18112,1,1
2022-01-07 15:15:22.525,18110,18112,18112,1,1
2022-01-07 15:15:22.525,18110,18112,18112,1,1
2022-01-07 15:15:22.525,18110,18112,18112,1,1
2022-01-07 15:15:31.637,18112,18113,18112,1,-1
2022-01-07 15:15:32.732,18112,18113,18113,5,5
2022-01-07 15:15:32.775,18112,18113,18113,1,1
2022-01-07 15:15:32.775,18112,18113,18114,1,1
2022-01-07 15:15:32.775,18112,18113,18114,1,1
2022-01-07 15:15:32.775,18112,18113,18114,1,1
2022-01-07 15:15:32.776,18112,18113,18114,1,1
2022-01-07 15:15:32.776,18112,18113,18114,1,1
2022-01-07 15:15:32.776,18112,18113,18114,1,1
2022-01-07 15:15:32.777,18112,18113,18114,1,1
2022-01-07 15:15:33.096,18112,18114,18112,1,-1
2022-01-07 15:15:33.244,18112,18114,18112,2,-2
2022-01-07 15:15:37.925,18113,18114,18113,2,-2
2022-01-07 15:15:40.572,18113,18114,18114,1,1
2022-01-07 15:15:40.650,18113,18114,18114,1,1
2022-01-07 15:15:40.650,18113,18114,18114,1,1
2022-01-07 15:15:40.651,18113,18114,18115,1,1
2022-01-07 15:15:40.825,18113,18115,18115,1,1
2022-01-07 15:15:40.906,18113,18115,18115,1,1
2022-01-07 15:15:40.925,18113,18115,18115,1,1
2022-01-07 15:15:40.928,18113,18115,18115,1,1
2022-01-07 15:15:40.928,18113,18115,18115,1,1
2022-01-07 15:15:40.943,18113,18115,18115,1,1
2022-01-07 15:15:40.950,18113,18115,18115,1,1
2022-01-07 15:15:40.955,18113,18115,18115,1,1
2022-01-07 15:15:40.956,18113,18115,18115,1,1
2022-01-07 15:15:40.958,18113,18115,18115,1,1
2022-01-07 15:15:40.961,18113,18115,18115,1,1
2022-01-07 15:15:40.981,18113,18115,18115,1,1
2022-01-07 15:15:40.983,18113,18115,18115,1,1
2022-01-07 15:15:41.009,18113,18115,18115,1,1
2022-01-07 15:15:41.025,18113,18115,18115,1,1
2022-01-07 15:15:41.041,18113,18115,18115,1,1
2022-01-07 15:15:41.069,18113,18115,18115,1,1
2022-01-07 15:15:41.141,18113,18115,18116,2,2
2022-01-07 15:15:41.150,18114,18116,18116,1,1
2022-01-07 15:15:41.159,18114,18116,18116,1,1
2022-01-07 15:15:41.263,18114,18116,18114,1,-1
2022-01-07 15:15:41.299,18113,18115,18115,1,1
2022-01-07 15:15:41.595,18113,18115,18115,1,1
2022-01-07 15:15:41.751,18113,18115,18115,2,2
2022-01-07 15:15:47.954,18115,18116,18116,6,6
2022-01-07 15:15:49.473,18115,18116,18115,1,-1
2022-01-07 15:15:49.867,18115,18116,18115,2,-2
2022-01-07 15:15:51.055,18115,18116,18116,1,1
2022-01-07 15:15:51.055,18115,18116,18116,1,1
2022-01-07 15:15:51.055,18115,18116,18116,2,2
2022-01-07 15:15:52.296,18115,18116,18116,1,1
2022-01-07 15:15:55.198,18116,18117,18116,2,-2
2022-01-07 15:15:55.487,18116,18117,18117,2,2
2022-01-07 15:15:57.472,18116,18117,18117,1,1
2022-01-07 15:16:00.303,18116,18117,18117,1,1
2022-01-07 15:16:00.355,18116,18117,18117,1,1
2022-01-07 15:16:00.401,18116,18117,18117,2,2
2022-01-07 15:16:00.401,18116,18117,18117,1,1
2022-01-07 15:16:00.401,18116,18117,18117,1,1
2022-01-07 15:16:00.401,18116,18117,18117,1,1
2022-01-07 15:16:00.401,18116,18117,18117,1,1
2022-01-07 15:16:00.401,18116,18117,18117,5,5
2022-01-07 15:16:00.401,18116,18117,18117,3,3
2022-01-07 15:16:00.402,18116,18117,18117,1,1
2022-01-07 15:16:00.402,18116,18117,18118,1,1
2022-01-07 15:16:00.402,18116,18117,18118,4,4
2022-01-07 15:16:00.402,18116,18117,18118,1,1
2022-01-07 15:16:04.730,18117,18118,18118,5,5
2022-01-07 15:16:04.775,18117,18118,18118,1,1
2022-01-07 15:16:05.857,18117,18118,18117,1,-1
2022-01-07 15:16:07.164,18117,18118,18117,1,-1
2022-01-07 15:16:07.368,18117,18118,18118,1,1
2022-01-07 15:16:08.252,18117,18118,18118,1,1
2022-01-07 15:16:08.274,18117,18118,18118,1,1
2022-01-07 15:16:08.274,18117,18118,18118,1,1
2022-01-07 15:16:08.274,18117,18118,18118,1,1
2022-01-07 15:16:08.274,18117,18118,18118,1,1
2022-01-07 15:16:08.274,18117,18118,18119,1,1
2022-01-07 15:16:08.275,18117,18118,18119,1,1
2022-01-07 15:16:08.275,18117,18118,18119,1,1
2022-01-07 15:16:08.275,18117,18118,18119,1,1
2022-01-07 15:16:08.276,18117,18118,18119,1,1
2022-01-07 15:16:08.276,18117,18118,18119,1,1
2022-01-07 15:16:08.276,18117,18118,18119,1,1
2022-01-07 15:16:08.276,18117,18118,18119,1,1
2022-01-07 15:16:08.276,18117,18118,18119,1,1
2022-01-07 15:16:08.733,18119,18120,18120,1,1
2022-01-07 15:16:08.838,18119,18120,18120,1,1
2022-01-07 15:16:08.934,18119,18120,18119,1,-1
2022-01-07 15:16:11.642,18119,18120,18120,2,2
2022-01-07 15:16:11.842,18120,18121,18120,1,-1
2022-01-07 15:16:12.673,18120,18121,18120,1,-1
2022-01-07 15:16:12.977,18120,18121,18121,1,1
2022-01-07 15:16:14.586,18120,18121,18121,1,1
2022-01-07 15:16:14.795,18120,18121,18121,2,2
2022-01-07 15:16:17.153,18120,18121,18121,1,1
2022-01-07 15:16:18.425,18120,18121,18121,1,1
2022-01-07 15:16:18.525,18120,18121,18121,1,1
2022-01-07 15:16:18.525,18120,18121,18121,1,1
2022-01-07 15:16:18.525,18120,18121,18121,1,1
2022-01-07 15:16:18.525,18120,18121,18121,1,1
2022-01-07 15:16:18.525,18120,18121,18121,1,1
2022-01-07 15:16:18.525,18120,18121,18121,1,1
2022-01-07 15:16:18.526,18120,18121,18122,1,1
2022-01-07 15:16:18.526,18120,18121,18122,1,1
2022-01-07 15:16:18.526,18120,18121,18122,1,1
2022-01-07 15:16:19.419,18121,18122,18121,3,-3
2022-01-07 15:16:22.037,18121,18122,18122,1,1
2022-01-07 15:16:22.078,18121,18122,18122,5,5
2022-01-07 15:16:22.510,18121,18122,18122,1,1
2022-01-07 15:16:23.325,18121,18122,18121,3,-3
2022-01-07 15:16:24.207,18120,18121,18121,1,1
2022-01-07 15:16:24.235,18120,18121,18121,1,1
2022-01-07 15:16:24.587,18120,18121,18121,3,3
2022-01-07 15:16:25.501,18120,18121,18121,2,2
2022-01-07 15:16:25.905,18120,18121,18121,1,1
2022-01-07 15:16:26.914,18121,18122,18122,2,2
2022-01-07 15:16:27.031,18121,18122,18121,1,-1
2022-01-07 15:16:27.032,18121,18122,18121,1,-1
2022-01-07 15:16:27.149,18120,18122,18122,1,1
2022-01-07 15:16:27.149,18120,18122,18122,1,1
2022-01-07 15:16:27.150,18120,18122,18122,1,1
2022-01-07 15:16:27.150,18120,18122,18122,1,1
2022-01-07 15:16:27.150,18120,18122,18122,1,1
2022-01-07 15:16:27.151,18120,18122,18123,1,1
2022-01-07 15:16:27.152,18120,18122,18123,1,1
2022-01-07 15:16:27.839,18121,18123,18123,4,4
2022-01-07 15:16:27.849,18121,18123,18124,8,8
2022-01-07 15:16:28.044,18122,18125,18125,1,1
2022-01-07 15:16:28.172,18123,18125,18123,1,-1
2022-01-07 15:16:28.249,18123,18125,18124,1,1
2022-01-07 15:16:28.310,18122,18124,18122,1,-1
2022-01-07 15:16:28.367,18122,18124,18123,2,2
2022-01-07 15:16:30.354,18123,18124,18124,1,1
2022-01-07 15:16:30.538,18123,18125,18125,1,1
2022-01-07 15:16:30.636,18123,18125,18125,1,1
2022-01-07 15:16:31.467,18124,18125,18125,2,2
2022-01-07 15:16:31.765,18124,18125,18125,1,1
2022-01-07 15:16:32.298,18124,18126,18126,1,1
2022-01-07 15:16:32.630,18124,18126,18126,2,2
2022-01-07 15:16:33.539,18125,18126,18125,3,-3
2022-01-07 15:16:33.539,18125,18126,18124,1,-1
2022-01-07 15:16:33.992,18124,18126,18125,1,1
2022-01-07 15:16:34.458,18124,18126,18126,1,1
2022-01-07 15:16:36.633,18125,18126,18126,9,9
2022-01-07 15:16:37.112,18126,18127,18126,3,-3
2022-01-07 15:16:37.149,18125,18127,18127,1,1
2022-01-07 15:16:37.151,18125,18127,18127,1,1
2022-01-07 15:16:37.151,18125,18127,18127,1,1
2022-01-07 15:16:37.513,18126,18127,18127,5,5
2022-01-07 15:16:37.547,18127,18128,18128,1,1
2022-01-07 15:16:37.586,18127,18128,18128,1,1
2022-01-07 15:16:37.707,18127,18128,18128,2,2
2022-01-07 15:16:37.849,18127,18128,18127,1,-1
2022-01-07 15:16:38.348,18127,18128,18127,2,-2
2022-01-07 15:16:38.765,18126,18127,18127,1,1
2022-01-07 15:16:39.486,18126,18128,18128,1,1
2022-01-07 15:16:39.674,18126,18127,18126,2,-2
2022-01-07 15:16:40.265,18126,18127,18127,1,1
2022-01-07 15:16:40.266,18126,18127,18128,1,1
2022-01-07 15:16:40.266,18126,18127,18128,4,4
2022-01-07 15:16:40.296,18127,18128,18128,1,1
2022-01-07 15:16:40.296,18127,18128,18129,2,2
2022-01-07 15:16:40.553,18128,18129,18129,1,1
2022-01-07 15:16:41.178,18128,18129,18128,2,-2
2022-01-07 15:16:42.918,18126,18128,18128,1,1
2022-01-07 15:16:43.847,18126,18128,18128,1,1
2022-01-07 15:16:44.095,18126,18128,18128,1,1
2022-01-07 15:16:44.295,18127,18128,18127,2,-2
2022-01-07 15:16:44.545,18126,18128,18128,2,2
2022-01-07 15:16:45.017,18126,18128,18128,2,2
2022-01-07 15:16:45.507,18127,18128,18128,1,1
2022-01-07 15:16:45.507,18127,18128,18129,1,1
2022-01-07 15:16:46.717,18128,18129,18129,2,2
2022-01-07 15:16:48.459,18128,18129,18129,4,4
2022-01-07 15:16:48.460,18128,18129,18130,1,1
2022-01-07 15:16:48.477,18128,18129,18130,1,1
2022-01-07 15:16:48.526,18129,18130,18130,1,1
2022-01-07 15:16:48.550,18129,18130,18130,1,1
2022-01-07 15:16:48.733,18129,18130,18130,5,5
2022-01-07 15:16:48.734,18129,18130,18130,1,1
2022-01-07 15:16:48.801,18130,18131,18130,1,-1
2022-01-07 15:16:48.801,18130,18131,18130,1,-1
2022-01-07 15:16:48.804,18130,18131,18130,1,-1
2022-01-07 15:16:48.804,18130,18131,18131,4,4
2022-01-07 15:16:48.860,18130,18131,18131,1,1
2022-01-07 15:16:49.004,18130,18132,18132,1,1
2022-01-07 15:16:49.284,18130,18132,18130,2,-2
2022-01-07 15:16:49.795,18130,18132,18132,1,1
2022-01-07 15:16:51.888,18130,18132,18131,1,1
2022-01-07 15:16:53.285,18131,18132,18131,1,-1
2022-01-07 15:16:53.387,18131,18132,18132,2,2
2022-01-07 15:16:53.484,18131,18132,18131,1,-1
2022-01-07 15:16:53.825,18131,18132,18132,2,2
2022-01-07 15:16:54.404,18131,18132,18131,1,-1
2022-01-07 15:16:55.169,18131,18132,18132,4,4
2022-01-07 15:16:55.272,18131,18132,18131,2,-2
2022-01-07 15:16:55.540,18131,18132,18132,1,1
2022-01-07 15:16:55.589,18131,18132,18132,2,2
2022-01-07 15:16:55.590,18131,18132,18132,1,1
2022-01-07 15:16:55.590,18131,18132,18132,4,4
2022-01-07 15:16:55.590,18131,18132,18132,2,2
2022-01-07 15:16:55.591,18131,18132,18132,7,7
2022-01-07 15:16:55.591,18131,18132,18132,1,1
2022-01-07 15:16:55.591,18131,18132,18132,1,1
2022-01-07 15:16:55.603,18131,18132,18133,2,2
2022-01-07 15:16:55.866,18133,18134,18133,1,-1
2022-01-07 15:16:56.065,18133,18134,18133,2,-2
2022-01-07 15:16:56.065,18133,18134,18132,1,-1
2022-01-07 15:16:57.162,18133,18134,18134,1,1
2022-01-07 15:16:57.291,18133,18134,18133,1,-1
2022-01-07 15:16:57.401,18133,18134,18133,1,-1
2022-01-07 15:16:57.976,18133,18134,18133,1,-1
2022-01-07 15:16:59.030,18133,18134,18134,1,1
2022-01-07 15:16:59.248,18133,18134,18133,1,-1
2022-01-07 15:16:59.570,18132,18134,18134,1,1
2022-01-07 15:16:59.881,18132,18134,18134,1,1
2022-01-07 15:17:00.252,18132,18134,18134,4,4
2022-01-07 15:17:00.252,18132,18134,18135,8,8
2022-01-07 15:17:00.254,18132,18134,18134,1,1
2022-01-07 15:17:00.279,18134,18136,18136,12,12
2022-01-07 15:17:00.300,18134,18136,18136,1,1
2022-01-07 15:17:00.333,18134,18136,18137,1,1
2022-01-07 15:17:00.482,18135,18137,18137,1,1
2022-01-07 15:17:00.491,18135,18137,18137,1,1
2022-01-07 15:17:00.509,18135,18137,18137,1,1
2022-01-07 15:17:00.509,18135,18137,18138,1,1
2022-01-07 15:17:00.521,18135,18137,18138,1,1
2022-01-07 15:17:00.549,18136,18138,18138,1,1
2022-01-07 15:17:00.595,18136,18138,18138,1,1
2022-01-07 15:17:00.700,18137,18138,18138,2,2
2022-01-07 15:17:00.700,18137,18138,18138,1,1
2022-01-07 15:17:00.711,18137,18138,18138,1,1
2022-01-07 15:17:00.742,18137,18138,18138,1,1
2022-01-07 15:17:00.742,18137,18138,18139,1,1
2022-01-07 15:17:00.744,18137,18138,18139,1,1
2022-01-07 15:17:00.753,18137,18138,18139,1,1
2022-01-07 15:17:00.764,18137,18138,18139,1,1
2022-01-07 15:17:00.764,18137,18138,18139,1,1
2022-01-07 15:17:00.771,18137,18138,18140,1,1
2022-01-07 15:17:00.773,18138,18140,18140,1,1
2022-01-07 15:17:00.781,18138,18140,18140,1,1
2022-01-07 15:17:00.791,18138,18140,18140,1,1
2022-01-07 15:17:00.791,18138,18140,18140,1,1
2022-01-07 15:17:00.819,18138,18140,18141,1,1
2022-01-07 15:17:00.822,18138,18140,18141,1,1
2022-01-07 15:17:00.841,18138,18140,18141,1,1
2022-01-07 15:17:00.842,18138,18140,18141,1,1
2022-01-07 15:17:00.869,18138,18140,18139,1,1
2022-01-07 15:17:00.878,18138,18140,18138,1,-1
2022-01-07 15:17:00.889,18138,18140,18140,2,2
2022-01-07 15:17:00.896,18138,18140,18141,1,1
2022-01-07 15:17:00.904,18139,18141,18139,3,-3
2022-01-07 15:17:00.911,18139,18141,18139,1,-1
2022-01-07 15:17:00.916,18139,18141,18140,1,1
2022-01-07 15:17:00.938,18139,18141,18138,2,-2
2022-01-07 15:17:00.939,18139,18141,18138,2,-2
2022-01-07 15:17:00.939,18139,18141,18137,1,-1
2022-01-07 15:17:00.939,18139,18141,18140,2,2
2022-01-07 15:17:00.939,18139,18141,18139,1,-1
2022-01-07 15:17:00.947,18139,18141,18140,1,1
2022-01-07 15:17:00.959,18139,18141,18140,1,1
2022-01-07 15:17:01.008,18139,18141,18141,1,1
2022-01-07 15:17:01.009,18139,18141,18141,1,1
2022-01-07 15:17:01.063,18139,18141,18141,6,6
2022-01-07 15:17:01.078,18139,18141,18142,1,1
2022-01-07 15:17:01.094,18139,18141,18142,1,1
2022-01-07 15:17:01.096,18139,18141,18142,3,3
2022-01-07 15:17:01.111,18139,18141,18142,1,1
2022-01-07 15:17:01.131,18139,18141,18142,1,1
2022-01-07 15:17:01.176,18140,18142,18142,1,1
2022-01-07 15:17:01.211,18140,18142,18142,1,1
2022-01-07 15:17:01.249,18140,18142,18142,3,3
2022-01-07 15:17:01.351,18140,18142,18142,1,1
2022-01-07 15:17:01.533,18140,18142,18140,2,-2
2022-01-07 15:17:01.534,18140,18142,18140,2,-2
2022-01-07 15:17:01.601,18140,18142,18141,1,1
2022-01-07 15:17:01.613,18140,18142,18140,1,-1
2022-01-07 15:17:01.712,18139,18141,18141,1,1
2022-01-07 15:17:01.712,18139,18141,18139,1,-1
2022-01-07 15:17:01.747,18139,18141,18140,1,1
2022-01-07 15:17:01.797,18139,18141,18139,1,-1
2022-01-07 15:17:01.829,18139,18141,18141,1,1
2022-01-07 15:17:02.019,18139,18141,18139,3,-3
2022-01-07 15:17:02.128,18138,18141,18141,1,1
2022-01-07 15:17:02.413,18139,18141,18139,1,-1
2022-01-07 15:17:02.911,18139,18141,18141,1,1
2022-01-07 15:17:03.046,18139,18141,18141,1,1
2022-01-07 15:17:03.052,18139,18141,18141,1,1
2022-01-07 15:17:03.920,18140,18141,18140,2,-2
2022-01-07 15:17:03.920,18140,18141,18139,1,-1
2022-01-07 15:17:04.015,18140,18141,18141,2,2
2022-01-07 15:17:04.224,18139,18141,18141,2,2
2022-01-07 15:17:05.272,18139,18141,18140,1,1
2022-01-07 15:17:05.656,18139,18141,18140,1,1
2022-01-07 15:17:05.872,18139,18140,18139,2,-2
2022-01-07 15:17:06.746,18138,18139,18138,1,-1
2022-01-07 15:17:06.757,18138,18139,18139,4,4
2022-01-07 15:17:06.900,18137,18139,18139,1,1
2022-01-07 15:17:07.238,18138,18139,18138,1,-1
2022-01-07 15:17:08.114,18137,18139,18137,2,-2
2022-01-07 15:17:10.298,18135,18137,18137,2,2
2022-01-07 15:17:10.540,18135,18137,18135,1,-1
2022-01-07 15:17:11.023,18135,18137,18137,1,1
2022-01-07 15:17:11.341,18135,18137,18137,1,1
2022-01-07 15:17:12.077,18135,18137,18136,1,1
2022-01-07 15:17:12.077,18135,18137,18136,1,1
2022-01-07 15:17:12.227,18135,18137,18137,1,1
2022-01-07 15:17:12.229,18135,18137,18136,15,15
2022-01-07 15:17:12.232,18135,18137,18135,1,-1
2022-01-07 15:17:12.905,18134,18136,18134,2,-2
2022-01-07 15:17:13.265,18133,18135,18135,1,1
2022-01-07 15:17:13.424,18133,18135,18135,2,2
2022-01-07 15:17:13.424,18133,18135,18136,1,1
2022-01-07 15:17:13.592,18134,18136,18134,2,-2
2022-01-07 15:17:13.923,18133,18135,18135,2,2
2022-01-07 15:17:13.923,18133,18135,18135,1,1
2022-01-07 15:17:15.223,18133,18135,18135,1,1
2022-01-07 15:17:15.588,18133,18134,18134,1,1
2022-01-07 15:17:15.766,18133,18135,18135,1,1
2022-01-07 15:17:16.052,18133,18135,18135,1,1
2022-01-07 15:17:16.745,18133,18135,18135,1,1
2022-01-07 15:17:17.957,18133,18135,18134,1,1
2022-01-07 15:17:18.245,18133,18135,18133,2,-2
2022-01-07 15:17:18.396,18133,18135,18133,1,-1
2022-01-07 15:17:20.044,18134,18135,18134,1,-1
2022-01-07 15:17:20.094,18134,18135,18135,1,1
2022-01-07 15:17:20.170,18135,18136,18135,1,-1
2022-01-07 15:17:20.170,18135,18136,18134,1,-1
2022-01-07 15:17:20.807,18134,18135,18135,1,1
2022-01-07 15:17:21.077,18134,18135,18135,2,2
2022-01-07 15:17:21.886,18134,18136,18136,1,1
2022-01-07 15:17:22.687,18134,18136,18136,1,1
2022-01-07 15:17:23.007,18134,18136,18135,2,2
2022-01-07 15:17:23.427,18134,18136,18134,1,-1
2022-01-07 15:17:23.505,18134,18136,18135,1,1
2022-01-07 15:17:23.507,18134,18136,18135,6,6
2022-01-07 15:17:24.276,18134,18136,18134,2,-2
2022-01-07 15:17:25.842,18135,18136,18135,2,-2
2022-01-07 15:17:25.893,18135,18136,18136,3,3
2022-01-07 15:17:26.125,18134,18136,18136,2,2
2022-01-07 15:17:26.245,18134,18136,18136,5,5
2022-01-07 15:17:26.762,18135,18136,18136,2,2
2022-01-07 15:17:28.256,18136,18137,18137,2,2
2022-01-07 15:17:28.312,18136,18137,18136,3,-3
2022-01-07 15:17:29.707,18136,18137,18136,1,-1
2022-01-07 15:17:30.311,18137,18138,18137,2,-2
2022-01-07 15:17:30.311,18137,18138,18136,1,-1
2022-01-07 15:17:31.054,18137,18138,18137,3,-3
2022-01-07 15:17:31.842,18136,18138,18138,2,2
2022-01-07 15:17:33.126,18136,18138,18136,1,-1
2022-01-07 15:17:33.261,18136,18138,18136,2,-2
2022-01-07 15:17:36.855,18136,18137,18137,1,1
2022-01-07 15:17:37.777,18136,18137,18137,1,1
2022-01-07 15:17:38.510,18137,18138,18138,2,2
2022-01-07 15:17:39.254,18137,18138,18138,1,1
2022-01-07 15:17:40.029,18137,18138,18137,1,-1
2022-01-07 15:17:40.275,18137,18138,18137,1,-1
2022-01-07 15:17:40.957,18136,18138,18137,1,1
2022-01-07 15:17:43.412,18136,18138,18137,1,1
2022-01-07 15:17:43.413,18136,18138,18136,5,-5
2022-01-07 15:17:44.656,18135,18137,18137,2,2
2022-01-07 15:17:46.747,18136,18137,18137,1,1
2022-01-07 15:17:46.747,18136,18137,18138,2,2
2022-01-07 15:17:46.798,18137,18138,18137,1,-1
2022-01-07 15:17:47.713,18136,18137,18137,3,3
2022-01-07 15:17:49.993,18136,18137,18136,3,-3
2022-01-07 15:17:50.872,18136,18137,18136,1,-1
2022-01-07 15:17:50.983,18135,18136,18136,1,1
2022-01-07 15:17:50.983,18135,18136,18137,1,1
2022-01-07 15:17:51.307,18136,18137,18136,4,-4
2022-01-07 15:17:52.874,18136,18137,18137,1,1
2022-01-07 15:17:54.359,18136,18137,18136,2,-2
2022-01-07 15:17:57.522,18136,18137,18136,1,-1
2022-01-07 15:17:59.031,18135,18136,18136,2,2
2022-01-07 15:18:00.444,18135,18136,18136,1,1
2022-01-07 15:18:00.445,18135,18136,18136,1,1
2022-01-07 15:18:00.470,18135,18136,18137,1,1
2022-01-07 15:18:00.526,18135,18137,18137,1,1
2022-01-07 15:18:00.526,18135,18137,18137,1,1
2022-01-07 15:18:00.526,18135,18137,18137,1,1
2022-01-07 15:18:00.526,18135,18137,18137,1,1
2022-01-07 15:18:00.526,18135,18137,18137,1,1
2022-01-07 15:18:00.526,18135,18137,18137,2,2
2022-01-07 15:18:00.526,18135,18137,18137,1,1
2022-01-07 15:18:00.526,18135,18137,18137,1,1
2022-01-07 15:18:01.871,18136,18138,18136,1,-1
2022-01-07 15:18:01.900,18136,18138,18138,1,1
2022-01-07 15:18:01.900,18136,18138,18138,1,1
2022-01-07 15:18:01.900,18136,18138,18138,1,1
2022-01-07 15:18:02.373,18136,18138,18138,1,1
2022-01-07 15:18:02.398,18136,18138,18136,2,-2
2022-01-07 15:18:02.440,18136,18138,18136,3,-3
2022-01-07 15:18:02.474,18136,18138,18136,3,-3
2022-01-07 15:18:02.474,18136,18138,18135,1,-1
2022-01-07 15:18:02.475,18136,18138,18135,3,-3
2022-01-07 15:18:05.940,18136,18138,18138,1,1
2022-01-07 15:18:05.941,18136,18138,18138,1,1
2022-01-07 15:18:05.942,18136,18138,18138,3,3
2022-01-07 15:18:05.945,18136,18138,18138,3,3
2022-01-07 15:18:07.522,18137,18139,18139,6,6
2022-01-07 15:18:07.522,18137,18140,18140,1,1
2022-01-07 15:18:07.564,18137,18140,18140,2,2
2022-01-07 15:18:08.506,18138,18139,18139,1,1
2022-01-07 15:18:08.524,18138,18140,18140,1,1
2022-01-07 15:18:08.525,18138,18140,18140,1,1
2022-01-07 15:18:08.525,18138,18140,18140,1,1
2022-01-07 15:18:08.525,18138,18140,18140,5,5
2022-01-07 15:18:08.526,18138,18140,18141,1,1
2022-01-07 15:18:09.219,18139,18141,18141,3,3
2022-01-07 15:18:09.219,18139,18141,18142,2,2
2022-01-07 15:18:09.245,18139,18141,18142,1,1
2022-01-07 15:18:09.363,18140,18142,18142,2,2
2022-01-07 15:18:09.363,18140,18142,18143,1,1
2022-01-07 15:18:09.411,18141,18143,18141,1,-1
2022-01-07 15:18:09.452,18141,18143,18143,4,4
2022-01-07 15:18:09.586,18141,18143,18143,1,1
2022-01-07 15:18:09.593,18141,18143,18143,1,1
2022-01-07 15:18:09.598,18141,18143,18144,1,1
2022-01-07 15:18:09.628,18141,18143,18144,1,1
2022-01-07 15:18:09.629,18141,18143,18144,1,1
2022-01-07 15:18:09.645,18141,18143,18142,1,1
2022-01-07 15:18:09.660,18142,18144,18144,2,2
2022-01-07 15:18:09.664,18142,18144,18145,1,1
2022-01-07 15:18:09.712,18142,18144,18145,1,1
2022-01-07 15:18:09.722,18142,18144,18145,1,1
2022-01-07 15:18:09.811,18143,18145,18145,1,1
2022-01-07 15:18:09.841,18143,18145,18145,1,1
2022-01-07 15:18:09.904,18143,18145,18145,2,2
2022-01-07 15:18:09.904,18143,18145,18146,2,2
2022-01-07 15:18:09.906,18143,18145,18146,1,1
2022-01-07 15:18:09.910,18143,18145,18146,1,1
2022-01-07 15:18:09.915,18143,18145,18146,1,1
2022-01-07 15:18:09.917,18143,18145,18146,1,1
2022-01-07 15:18:09.920,18143,18145,18146,1,1
2022-01-07 15:18:09.921,18143,18145,18146,1,1
2022-01-07 15:18:10.086,18144,18146,18146,1,1
2022-01-07 15:18:10.191,18144,18146,18144,3,-3
2022-01-07 15:18:10.192,18144,18146,18144,1,-1
2022-01-07 15:18:10.192,18144,18146,18143,2,-2
2022-01-07 15:18:11.597,18143,18144,18144,1,1
2022-01-07 15:18:16.396,18144,18146,18146,3,3
2022-01-07 15:18:16.397,18144,18146,18146,1,1
2022-01-07 15:18:16.732,18145,18147,18147,1,1
2022-01-07 15:18:16.802,18145,18147,18147,1,1
2022-01-07 15:18:17.048,18146,18147,18147,3,3
2022-01-07 15:18:17.048,18146,18147,18147,1,1
2022-01-07 15:18:17.048,18146,18147,18147,2,2
2022-01-07 15:18:17.150,18146,18148,18148,1,1
2022-01-07 15:18:17.150,18146,18148,18148,1,1
2022-01-07 15:18:17.150,18146,18148,18148,1,1
2022-01-07 15:18:17.150,18146,18148,18148,1,1
2022-01-07 15:18:17.151,18146,18148,18148,3,3
2022-01-07 15:18:17.152,18146,18148,18149,1,1
2022-01-07 15:18:17.349,18147,18149,18149,1,1
2022-01-07 15:18:17.926,18147,18149,18149,2,2
2022-01-07 15:18:17.997,18147,18149,18149,1,1
2022-01-07 15:18:18.303,18147,18149,18147,1,-1
2022-01-07 15:18:18.538,18145,18148,18148,2,2
2022-01-07 15:18:19.056,18146,18148,18148,1,1
2022-01-07 15:18:19.260,18146,18148,18148,1,1
2022-01-07 15:18:19.396,18146,18148,18148,3,3
2022-01-07 15:18:19.396,18146,18148,18149,3,3
2022-01-07 15:18:19.399,18147,18149,18147,1,-1
2022-01-07 15:18:19.406,18147,18149,18147,1,-1
2022-01-07 15:18:19.725,18146,18149,18148,1,1
2022-01-07 15:18:20.039,18146,18149,18146,1,-1
2022-01-07 15:18:21.404,18147,18148,18147,1,-1
2022-01-07 15:18:21.917,18146,18148,18148,1,1
2022-01-07 15:18:21.923,18146,18148,18148,2,2
2022-01-07 15:18:22.979,18147,18148,18148,2,2
2022-01-07 15:18:22.979,18147,18148,18149,3,3
2022-01-07 15:18:23.081,18148,18149,18148,1,-1
2022-01-07 15:18:23.742,18147,18149,18148,1,1
2022-01-07 15:18:23.882,18147,18149,18147,2,-2
2022-01-07 15:18:26.471,18147,18148,18148,2,2
2022-01-07 15:18:26.471,18147,18148,18149,3,3
2022-01-07 15:18:26.471,18147,18148,18149,1,1
2022-01-07 15:18:26.716,18148,18150,18150,8,8
2022-01-07 15:18:26.717,18148,18150,18150,1,1
2022-01-07 15:18:26.879,18149,18151,18151,1,1
2022-01-07 15:18:26.881,18149,18151,18150,2,2
2022-01-07 15:18:26.913,18149,18151,18150,1,1
2022-01-07 15:18:26.935,18149,18151,18150,1,1
2022-01-07 15:18:26.947,18149,18151,18150,1,1
2022-01-07 15:18:26.972,18149,18151,18151,1,1
2022-01-07 15:18:26.983,18149,18151,18151,1,1
2022-01-07 15:18:27.032,18149,18151,18151,2,2
2022-01-07 15:18:27.150,18149,18151,18151,1,1
2022-01-07 15:18:27.150,18149,18151,18151,1,1
2022-01-07 15:18:27.150,18149,18151,18151,1,1
2022-01-07 15:18:27.150,18149,18151,18151,1,1
2022-01-07 15:18:27.151,18149,18151,18152,1,1
2022-01-07 15:18:27.306,18151,18153,18153,2,2
2022-01-07 15:18:27.376,18151,18153,18151,3,-3
2022-01-07 15:18:27.433,18151,18153,18151,3,-3
2022-01-07 15:18:27.458,18151,18153,18152,1,1
2022-01-07 15:18:27.501,18151,18153,18153,1,1
2022-01-07 15:18:27.517,18151,18153,18153,4,4
2022-01-07 15:18:27.528,18152,18153,18153,1,1
2022-01-07 15:18:27.528,18152,18153,18154,1,1
2022-01-07 15:18:27.532,18152,18153,18154,1,1
2022-01-07 15:18:27.569,18152,18153,18154,2,2
2022-01-07 15:18:27.582,18152,18153,18154,1,1
2022-01-07 15:18:27.582,18152,18153,18155,1,1
2022-01-07 15:18:27.671,18152,18154,18154,1,1
2022-01-07 15:18:27.717,18152,18154,18154,1,1
2022-01-07 15:18:27.825,18152,18154,18154,1,1
2022-01-07 15:18:27.825,18152,18154,18155,1,1
2022-01-07 15:18:27.928,18153,18155,18155,1,1
2022-01-07 15:18:28.151,18153,18155,18153,1,-1
2022-01-07 15:18:28.370,18152,18154,18152,1,-1
2022-01-07 15:18:28.374,18152,18154,18152,1,-1
2022-01-07 15:18:28.464,18151,18153,18153,2,2
2022-01-07 15:18:29.112,18152,18153,18152,1,-1
2022-01-07 15:18:29.142,18152,18153,18153,1,1
2022-01-07 15:18:29.924,18151,18153,18153,5,5
2022-01-07 15:18:30.564,18152,18153,18153,1,1
2022-01-07 15:18:30.599,18152,18153,18153,2,2
2022-01-07 15:18:30.628,18152,18153,18154,1,1
2022-01-07 15:18:31.155,18153,18154,18154,2,2
2022-01-07 15:18:31.155,18153,18154,18155,2,2
2022-01-07 15:18:31.265,18153,18154,18153,1,-1
2022-01-07 15:18:31.307,18153,18155,18153,4,-4
2022-01-07 15:18:31.378,18153,18155,18152,1,-1
2022-01-07 15:18:31.536,18152,18154,18153,1,1
2022-01-07 15:18:31.548,18152,18154,18154,2,2
2022-01-07 15:18:32.085,18153,18155,18154,1,1
2022-01-07 15:18:32.253,18154,18155,18154,3,-3
2022-01-07 15:18:32.654,18154,18155,18155,1,1
2022-01-07 15:18:32.786,18154,18155,18155,2,2
2022-01-07 15:18:32.798,18154,18155,18155,2,2
2022-01-07 15:18:33.587,18155,18156,18155,1,-1
2022-01-07 15:18:33.617,18155,18156,18156,5,5
2022-01-07 15:18:33.693,18155,18157,18155,1,-1
2022-01-07 15:18:33.858,18156,18157,18156,3,-3
2022-01-07 15:18:34.121,18155,18157,18157,2,2
2022-01-07 15:18:34.798,18156,18157,18156,1,-1
2022-01-07 15:18:34.837,18156,18157,18156,1,-1
2022-01-07 15:18:35.781,18156,18157,18156,1,-1
2022-01-07 15:18:35.781,18156,18157,18155,1,-1
2022-01-07 15:18:36.159,18156,18157,18156,2,-2
2022-01-07 15:18:36.396,18155,18157,18156,1,1
2022-01-07 15:18:36.596,18155,18157,18157,1,1
2022-01-07 15:18:36.679,18155,18157,18157,1,1
2022-01-07 15:18:36.770,18155,18157,18156,1,1
2022-01-07 15:18:37.015,18155,18156,18156,1,1
2022-01-07 15:18:37.015,18155,18156,18157,1,1
2022-01-07 15:18:37.025,18155,18157,18157,1,1
2022-01-07 15:18:37.026,18155,18157,18157,1,1
2022-01-07 15:18:37.026,18155,18157,18157,1,1
2022-01-07 15:18:37.027,18155,18157,18158,1,1
2022-01-07 15:18:37.044,18155,18157,18155,2,-2
2022-01-07 15:18:37.157,18154,18156,18154,1,-1
2022-01-07 15:18:37.298,18154,18156,18154,3,-3
2022-01-07 15:18:37.628,18154,18156,18156,1,1
2022-01-07 15:18:38.704,18154,18155,18154,1,-1
2022-01-07 15:18:39.599,18154,18155,18155,2,2
2022-01-07 15:18:39.865,18154,18155,18154,6,-6
2022-01-07 15:18:40.052,18153,18154,18153,3,-3
2022-01-07 15:18:41.366,18153,18154,18154,1,1
2022-01-07 15:18:41.537,18153,18154,18154,1,1
2022-01-07 15:18:42.033,18153,18154,18153,9,-9
2022-01-07 15:18:42.704,18152,18153,18153,1,1
2022-01-07 15:18:43.034,18152,18153,18153,1,1
2022-01-07 15:18:43.506,18152,18153,18153,1,1
2022-01-07 15:18:43.596,18152,18153,18153,2,2
2022-01-07 15:18:44.291,18153,18154,18154,1,1
2022-01-07 15:18:46.725,18153,18155,18153,1,-1
2022-01-07 15:18:47.775,18153,18155,18155,3,3
2022-01-07 15:18:48.663,18153,18155,18155,5,5
2022-01-07 15:18:48.666,18153,18155,18154,1,1
2022-01-07 15:18:48.866,18154,18155,18154,1,-1
2022-01-07 15:18:49.042,18154,18155,18154,1,-1
2022-01-07 15:18:49.239,18154,18155,18155,2,2
2022-01-07 15:18:49.558,18154,18156,18154,3,-3
2022-01-07 15:18:49.994,18154,18156,18154,1,-1
2022-01-07 15:18:52.391,18155,18156,18156,2,2
2022-01-07 15:18:53.524,18155,18156,18156,2,2
2022-01-07 15:18:53.735,18155,18156,18155,1,-1
2022-01-07 15:18:54.721,18155,18156,18156,1,1
2022-01-07 15:18:54.732,18155,18156,18156,1,1
2022-01-07 15:18:55.463,18155,18156,18155,7,-7
2022-01-07 15:18:55.848,18154,18155,18154,4,-4
2022-01-07 15:18:55.978,18153,18155,18155,1,1
2022-01-07 15:18:57.491,18153,18155,18153,1,-1
2022-01-07 15:18:58.299,18153,18155,18153,6,-6
2022-01-07 15:18:58.813,18152,18154,18154,2,2
2022-01-07 15:19:00.547,18152,18153,18153,1,1
2022-01-07 15:19:00.607,18152,18153,18153,1,1
2022-01-07 15:19:00.645,18152,18153,18152,3,-3
2022-01-07 15:19:00.646,18152,18153,18152,5,-5
2022-01-07 15:19:01.052,18151,18152,18151,3,-3
2022-01-07 15:19:01.054,18151,18152,18150,13,-13
2022-01-07 15:19:01.332,18149,18151,18149,1,-1
2022-01-07 15:19:01.333,18149,18151,18149,2,-2
2022-01-07 15:19:01.545,18149,18151,18149,2,-2
2022-01-07 15:19:01.546,18149,18151,18149,1,-1
2022-01-07 15:19:01.602,18149,18151,18149,3,-3
2022-01-07 15:19:02.097,18148,18151,18151,1,1
2022-01-07 15:19:02.101,18148,18151,18149,5,-5
2022-01-07 15:19:02.202,18148,18150,18148,1,-1
2022-01-07 15:19:03.706,18148,18151,18149,2,-2
2022-01-07 15:19:03.790,18149,18151,18149,3,-3
2022-01-07 15:19:04.623,18149,18150,18150,1,1
2022-01-07 15:19:04.697,18149,18151,18149,5,-5
2022-01-07 15:19:05.030,18148,18151,18148,1,-1
2022-01-07 15:19:05.298,18149,18150,18149,1,-1
2022-01-07 15:19:06.861,18148,18150,18149,1,1
2022-01-07 15:19:07.595,18148,18150,18149,1,1
2022-01-07 15:19:07.608,18148,18150,18148,1,-1
2022-01-07 15:19:08.041,18148,18150,18148,1,-1
2022-01-07 15:19:08.534,18148,18150,18150,1,1
2022-01-07 15:19:08.653,18149,18150,18149,1,-1
2022-01-07 15:19:09.640,18149,18150,18149,1,-1
2022-01-07 15:19:09.675,18149,18150,18149,1,-1
2022-01-07 15:19:09.875,18148,18150,18150,1,1
2022-01-07 15:19:12.203,18148,18150,18150,3,3
2022-01-07 15:19:13.106,18148,18149,18149,1,1
2022-01-07 15:19:13.408,18149,18150,18150,1,1
2022-01-07 15:19:13.409,18149,18150,18150,2,2
2022-01-07 15:19:15.385,18150,18151,18151,1,1
2022-01-07 15:19:16.007,18150,18152,18150,1,-1
2022-01-07 15:19:17.661,18150,18151,18150,1,-1
2022-01-07 15:19:18.268,18150,18151,18150,3,-3
2022-01-07 15:19:18.642,18149,18151,18149,3,-3
2022-01-07 15:19:18.897,18148,18149,18149,1,1
2022-01-07 15:19:21.195,18148,18149,18148,3,-3
2022-01-07 15:19:22.282,18146,18148,18148,2,2
2022-01-07 15:19:23.943,18146,18148,18146,1,-1
2022-01-07 15:19:25.415,18146,18148,18148,3,3
2022-01-07 15:19:26.059,18147,18148,18147,2,-2
2022-01-07 15:19:28.478,18147,18148,18148,1,1
2022-01-07 15:19:29.523,18147,18149,18147,1,-1
2022-01-07 15:19:32.770,18147,18148,18147,1,-1
2022-01-07 15:19:35.641,18147,18148,18148,1,1
2022-01-07 15:19:37.270,18147,18148,18147,1,-1
2022-01-07 15:19:38.103,18147,18148,18147,1,-1
2022-01-07 15:19:38.491,18147,18148,18147,1,-1
2022-01-07 15:19:40.034,18147,18148,18147,1,-1
2022-01-07 15:19:41.612,18147,18148,18148,1,1
2022-01-07 15:19:52.463,18147,18148,18148,2,2
2022-01-07 15:19:52.737,18147,18148,18148,1,1
2022-01-07 15:19:53.742,18147,18148,18147,1,-1
2022-01-07 15:19:57.191,18147,18148,18147,2,-2
2022-01-07 15:19:57.191,18147,18148,18147,3,-3
2022-01-07 15:19:59.886,18147,18148,18147,1,-1
2022-01-07 15:19:59.974,18146,18148,18146,1,-1
2022-01-07 15:20:00.439,18146,18148,18148,1,1
2022-01-07 15:20:00.480,18146,18148,18148,1,1
2022-01-07 15:20:00.731,18146,18148,18146,1,-1
2022-01-07 15:20:00.756,18146,18148,18148,1,1
2022-01-07 15:20:00.804,18146,18148,18148,1,1
2022-01-07 15:20:00.838,18146,18148,18148,1,1
2022-01-07 15:20:00.855,18146,18148,18148,3,3
2022-01-07 15:20:00.880,18146,18148,18149,1,1
2022-01-07 15:20:00.880,18146,18148,18149,2,2
2022-01-07 15:20:00.880,18146,18148,18150,6,6
2022-01-07 15:20:00.880,18146,18148,18150,3,3
2022-01-07 15:20:00.916,18149,18151,18149,1,-1
2022-01-07 15:20:01.000,18149,18151,18151,1,1
2022-01-07 15:20:01.112,18150,18152,18151,3,3
2022-01-07 15:20:01.190,18150,18152,18150,1,-1
2022-01-07 15:20:01.371,18150,18152,18150,1,-1
2022-01-07 15:20:03.258,18149,18151,18150,1,1
2022-01-07 15:20:03.566,18150,18152,18152,2,2
2022-01-07 15:20:04.224,18150,18152,18150,2,-2
2022-01-07 15:20:06.948,18150,18152,18150,1,-1
2022-01-07 15:20:07.153,18150,18152,18150,1,-1
2022-01-07 15:20:07.381,18150,18152,18152,1,1
2022-01-07 15:20:08.574,18150,18152,18152,1,1
2022-01-07 15:20:08.663,18150,18152,18150,4,-4
2022-01-07 15:20:08.672,18150,18152,18152,1,1
2022-01-07 15:20:09.836,18150,18152,18150,1,-1
2022-01-07 15:20:10.262,18149,18151,18149,4,-4
2022-01-07 15:20:11.271,18149,18151,18151,1,1
2022-01-07 15:20:13.698,18149,18151,18149,3,-3
2022-01-07 15:20:14.349,18148,18150,18148,1,-1
2022-01-07 15:20:18.199,18147,18149,18149,1,1
2022-01-07 15:20:22.885,18147,18148,18148,1,1
2022-01-07 15:20:22.885,18147,18148,18148,2,2
2022-01-07 15:20:22.886,18147,18148,18149,3,3
2022-01-07 15:20:27.274,18149,18150,18149,1,-1
2022-01-07 15:20:27.533,18149,18150,18150,4,4
2022-01-07 15:20:27.534,18149,18150,18150,1,1
2022-01-07 15:20:28.947,18149,18151,18149,1,-1
2022-01-07 15:20:28.947,18149,18151,18151,2,2
2022-01-07 15:20:28.948,18149,18151,18151,1,1
2022-01-07 15:20:28.955,18149,18151,18149,1,-1
2022-01-07 15:20:29.147,18149,18152,18152,1,1
2022-01-07 15:20:35.459,18150,18151,18151,2,2
2022-01-07 15:20:38.869,18150,18151,18151,1,1
2022-01-07 15:20:38.870,18150,18151,18152,3,3
2022-01-07 15:20:38.870,18150,18151,18152,2,2
2022-01-07 15:20:39.362,18151,18152,18152,6,6
2022-01-07 15:20:39.362,18151,18152,18153,1,1
2022-01-07 15:20:40.096,18152,18153,18152,1,-1
2022-01-07 15:20:41.074,18152,18153,18153,4,4
2022-01-07 15:20:41.074,18152,18153,18154,2,2
2022-01-07 15:20:41.483,18154,18155,18155,1,1
2022-01-07 15:20:42.095,18154,18155,18154,1,-1
2022-01-07 15:20:46.271,18154,18155,18155,2,2
2022-01-07 15:20:47.425,18154,18155,18154,1,-1
2022-01-07 15:20:47.707,18154,18155,18155,1,1
2022-01-07 15:20:48.712,18154,18156,18156,2,2
2022-01-07 15:20:49.519,18154,18156,18156,1,1
2022-01-07 15:20:49.519,18154,18156,18156,2,2
2022-01-07 15:20:51.915,18154,18155,18155,2,2
2022-01-07 15:20:51.915,18154,18155,18156,8,8
2022-01-07 15:20:51.915,18154,18155,18156,3,3
2022-01-07 15:20:51.916,18154,18155,18156,2,2
2022-01-07 15:20:52.377,18155,18157,18155,1,-1
2022-01-07 15:20:52.537,18155,18157,18155,1,-1
2022-01-07 15:20:52.841,18155,18157,18157,6,6
2022-01-07 15:20:52.842,18155,18157,18157,11,11
2022-01-07 15:20:52.842,18155,18157,18158,2,2
2022-01-07 15:20:52.843,18155,18157,18158,11,11
2022-01-07 15:20:52.845,18155,18157,18158,1,1
2022-01-07 15:20:52.993,18157,18159,18159,3,3
2022-01-07 15:20:53.201,18157,18159,18157,1,-1
2022-01-07 15:20:56.131,18157,18159,18157,5,-5
2022-01-07 15:20:56.359,18156,18158,18158,1,1
2022-01-07 15:20:57.150,18156,18158,18156,1,-1
2022-01-07 15:20:59.617,18157,18158,18157,2,-2
2022-01-07 15:20:59.639,18157,18158,18156,2,-2
2022-01-07 15:21:00.218,18155,18157,18157,1,1
2022-01-07 15:21:00.226,18155,18157,18157,1,1
2022-01-07 15:21:01.103,18155,18157,18157,1,1
2022-01-07 15:21:01.645,18156,18158,18158,1,1
2022-01-07 15:21:01.675,18156,18158,18158,2,2
2022-01-07 15:21:06.836,18156,18157,18157,1,1
2022-01-07 15:21:08.513,18156,18157,18157,1,1
2022-01-07 15:21:08.893,18156,18157,18158,1,1
2022-01-07 15:21:11.583,18156,18158,18156,3,-3
2022-01-07 15:21:12.081,18155,18156,18156,1,1
2022-01-07 15:21:12.546,18155,18157,18157,2,2
2022-01-07 15:21:13.447,18155,18156,18155,1,-1
2022-01-07 15:21:14.035,18155,18156,18155,6,-6
2022-01-07 15:21:17.575,18153,18155,18155,3,3
2022-01-07 15:21:17.576,18153,18155,18155,1,1
2022-01-07 15:21:17.930,18155,18156,18155,1,-1
2022-01-07 15:21:19.534,18155,18156,18155,1,-1
2022-01-07 15:21:21.411,18154,18155,18154,2,-2
2022-01-07 15:21:22.690,18152,18154,18152,1,-1
2022-01-07 15:21:30.952,18151,18152,18151,1,-1
2022-01-07 15:21:30.953,18151,18152,18151,3,-3
2022-01-07 15:21:31.500,18150,18152,18152,1,1
2022-01-07 15:21:39.470,18151,18152,18151,1,-1
2022-01-07 15:21:40.781,18151,18152,18152,3,3
2022-01-07 15:21:40.781,18151,18152,18151,1,-1
2022-01-07 15:21:43.464,18150,18151,18151,1,1
2022-01-07 15:21:43.939,18150,18151,18151,1,1
2022-01-07 15:21:43.939,18150,18151,18152,2,2
2022-01-07 15:21:44.407,18151,18152,18151,1,-1
2022-01-07 15:21:44.546,18151,18152,18151,1,-1
2022-01-07 15:21:45.119,18151,18152,18151,1,-1
2022-01-07 15:21:45.296,18151,18152,18152,2,2
2022-01-07 15:21:50.440,18152,18154,18153,1,1
2022-01-07 15:21:52.428,18152,18154,18154,4,4
2022-01-07 15:21:52.428,18152,18154,18154,2,2
2022-01-07 15:21:52.639,18154,18155,18155,4,4
2022-01-07 15:21:52.639,18154,18155,18156,2,2
2022-01-07 15:21:54.458,18154,18156,18156,1,1
2022-01-07 15:21:56.114,18154,18156,18154,2,-2
2022-01-07 15:21:56.213,18154,18155,18155,1,1
2022-01-07 15:21:56.213,18154,18155,18156,1,1
2022-01-07 15:21:56.213,18154,18155,18156,2,2
2022-01-07 15:21:56.213,18154,18155,18156,2,2
2022-01-07 15:21:57.280,18154,18156,18156,3,3
2022-01-07 15:21:57.281,18154,18156,18156,1,1
2022-01-07 15:21:59.870,18155,18156,18156,1,1
2022-01-07 15:22:00.411,18155,18156,18156,1,1
2022-01-07 15:22:00.435,18155,18156,18156,1,1
2022-01-07 15:22:00.526,18155,18156,18156,1,1
2022-01-07 15:22:00.526,18155,18156,18156,1,1
2022-01-07 15:22:00.526,18155,18156,18157,3,3
2022-01-07 15:22:00.526,18155,18156,18157,1,1
2022-01-07 15:22:07.279,18156,18157,18157,1,1
2022-01-07 15:22:07.279,18156,18157,18158,1,1
2022-01-07 15:22:07.279,18156,18157,18158,2,2
2022-01-07 15:22:07.279,18156,18157,18158,2,2
2022-01-07 15:22:10.210,18157,18158,18157,1,-1
2022-01-07 15:22:10.275,18156,18158,18158,1,1
2022-01-07 15:22:10.275,18156,18158,18158,1,1
2022-01-07 15:22:11.564,18157,18158,18158,5,5
2022-01-07 15:22:11.565,18157,18158,18158,1,1
2022-01-07 15:22:13.275,18157,18159,18159,1,1
2022-01-07 15:22:13.423,18157,18159,18159,1,1
2022-01-07 15:22:13.457,18157,18159,18159,3,3
2022-01-07 15:22:13.625,18157,18159,18159,1,1
2022-01-07 15:22:14.150,18158,18159,18158,1,-1
2022-01-07 15:22:14.151,18158,18159,18157,1,-1
2022-01-07 15:22:14.295,18157,18158,18158,2,2
2022-01-07 15:22:14.295,18157,18158,18159,2,2
2022-01-07 15:22:14.646,18157,18158,18158,2,2
2022-01-07 15:22:14.646,18157,18158,18159,1,1
2022-01-07 15:22:14.646,18157,18158,18159,1,1
2022-01-07 15:22:15.742,18157,18159,18159,4,4
2022-01-07 15:22:18.966,18158,18159,18158,1,-1
2022-01-07 15:22:24.944,18157,18158,18157,1,-1
2022-01-07 15:22:25.202,18157,18158,18157,3,-3
2022-01-07 15:22:28.446,18156,18158,18158,1,1
2022-01-07 15:22:28.526,18156,18158,18158,1,1
2022-01-07 15:22:30.923,18156,18158,18158,2,2
2022-01-07 15:22:32.356,18156,18158,18156,4,-4
2022-01-07 15:22:32.356,18156,18158,18156,1,-1
2022-01-07 15:22:33.271,18155,18156,18155,1,-1
2022-01-07 15:22:34.918,18155,18156,18155,1,-1
2022-01-07 15:22:41.610,18155,18156,18155,1,-1
2022-01-07 15:22:45.024,18154,18156,18156,1,1
2022-01-07 15:22:47.160,18154,18156,18154,6,-6
