2022-09-14 15:00:00.004,14587,14589,14587,74,-74
2022-09-14 15:00:00.006,14587,14588,14587,9,-9
2022-09-14 15:00:00.281,14587,14588,14587,1,-1
2022-09-14 15:00:00.302,14587,14588,14587,19,-19
2022-09-14 15:00:00.302,14587,14588,14586,3,-3
2022-09-14 15:00:00.393,14587,14588,14587,2,-2
2022-09-14 15:00:00.400,14587,14588,14588,2,2
2022-09-14 15:00:00.415,14587,14588,14588,1,1
2022-09-14 15:00:00.415,14587,14588,14589,4,4
2022-09-14 15:00:00.418,14587,14590,14590,2,2
2022-09-14 15:00:00.422,14587,14590,14590,4,4
2022-09-14 15:00:00.422,14587,14590,14591,4,4
2022-09-14 15:00:00.422,14587,14590,14592,2,2
2022-09-14 15:00:00.436,14587,14590,14588,1,-1
2022-09-14 15:00:00.465,14587,14590,14589,2,2
2022-09-14 15:00:00.470,14587,14590,14588,1,-1
2022-09-14 15:00:00.490,14587,14590,14586,1,-1
2022-09-14 15:00:00.496,14587,14590,14588,1,-1
2022-09-14 15:00:00.496,14587,14590,14589,1,1
2022-09-14 15:00:00.497,14587,14590,14589,2,2
2022-09-14 15:00:00.518,14587,14590,14586,4,-4
2022-09-14 15:00:00.518,14587,14590,14585,1,-1
2022-09-14 15:00:00.657,14585,14588,14585,4,-4
2022-09-14 15:00:00.657,14585,14588,14583,2,-2
2022-09-14 15:00:00.657,14585,14588,14582,1,-1
2022-09-14 15:00:00.657,14585,14588,14581,1,-1
2022-09-14 15:00:00.722,14583,14586,14583,1,-1
2022-09-14 15:00:00.764,14583,14586,14582,2,-2
2022-09-14 15:00:00.764,14583,14586,14581,2,-2
2022-09-14 15:00:00.780,14583,14586,14582,2,-2
2022-09-14 15:00:00.780,14583,14586,14581,5,-5
2022-09-14 15:00:00.780,14583,14586,14580,3,-3
2022-09-14 15:00:00.780,14583,14586,14579,1,-1
2022-09-14 15:00:00.780,14583,14586,14578,2,-2
2022-09-14 15:00:00.780,14583,14586,14577,3,-3
2022-09-14 15:00:00.782,14583,14586,14582,1,-1
2022-09-14 15:00:00.784,14583,14586,14582,1,-1
2022-09-14 15:00:00.784,14583,14586,14581,3,-3
2022-09-14 15:00:00.784,14583,14586,14580,1,-1
2022-09-14 15:00:00.784,14583,14586,14579,1,-1
2022-09-14 15:00:00.784,14583,14586,14578,2,-2
2022-09-14 15:00:00.784,14583,14586,14577,8,-8
2022-09-14 15:00:00.825,14578,14582,14580,1,-1
2022-09-14 15:00:00.826,14578,14582,14580,1,-1
2022-09-14 15:00:00.826,14578,14582,14581,3,3
2022-09-14 15:00:00.839,14578,14582,14583,1,1
2022-09-14 15:00:00.841,14578,14582,14582,1,1
2022-09-14 15:00:00.860,14578,14582,14581,1,1
2022-09-14 15:00:00.862,14578,14582,14580,1,1
2022-09-14 15:00:00.863,14578,14582,14581,1,1
2022-09-14 15:00:00.863,14578,14582,14581,1,1
2022-09-14 15:00:00.869,14578,14582,14579,3,-3
2022-09-14 15:00:00.869,14578,14582,14578,1,-1
2022-09-14 15:00:00.870,14578,14582,14580,1,-1
2022-09-14 15:00:00.874,14578,14582,14578,2,-2
2022-09-14 15:00:00.874,14578,14582,14577,6,-6
2022-09-14 15:00:00.875,14578,14582,14579,1,-1
2022-09-14 15:00:00.881,14578,14582,14580,1,-1
2022-09-14 15:00:00.887,14578,14582,14577,2,-2
2022-09-14 15:00:00.887,14578,14582,14576,1,-1
2022-09-14 15:00:00.887,14578,14582,14575,4,-4
2022-09-14 15:00:00.887,14578,14582,14573,1,-1
2022-09-14 15:00:00.887,14578,14582,14572,2,-2
2022-09-14 15:00:00.887,14578,14582,14571,4,-4
2022-09-14 15:00:00.887,14578,14582,14571,10,-10
2022-09-14 15:00:00.887,14578,14582,14570,10,-10
2022-09-14 15:00:00.888,14578,14582,14577,1,-1
2022-09-14 15:00:00.910,14578,14582,14574,2,-2
2022-09-14 15:00:00.911,14578,14582,14577,2,-2
2022-09-14 15:00:00.966,14576,14578,14578,2,2
2022-09-14 15:00:00.966,14576,14578,14579,2,2
2022-09-14 15:00:00.968,14576,14578,14580,1,1
2022-09-14 15:00:00.975,14576,14578,14579,1,1
2022-09-14 15:00:00.990,14576,14578,14579,1,1
2022-09-14 15:00:01.000,14576,14578,14578,1,1
2022-09-14 15:00:01.008,14576,14578,14578,4,4
2022-09-14 15:00:01.008,14576,14578,14577,4,4
2022-09-14 15:00:01.008,14576,14578,14576,3,-3
2022-09-14 15:00:01.008,14576,14578,14575,6,-6
2022-09-14 15:00:01.008,14576,14578,14574,1,-1
2022-09-14 15:00:01.008,14576,14578,14573,3,-3
2022-09-14 15:00:01.008,14576,14578,14572,3,-3
2022-09-14 15:00:01.008,14576,14578,14571,2,-2
2022-09-14 15:00:01.008,14576,14578,14570,16,-16
2022-09-14 15:00:01.008,14576,14578,14569,10,-10
2022-09-14 15:00:01.008,14576,14578,14567,4,-4
2022-09-14 15:00:01.008,14576,14578,14566,18,-18
2022-09-14 15:00:01.008,14576,14578,14565,2,-2
2022-09-14 15:00:01.008,14576,14578,14564,4,-4
2022-09-14 15:00:01.102,14564,14577,14575,1,1
2022-09-14 15:00:01.102,14564,14577,14575,1,1
2022-09-14 15:00:01.107,14564,14577,14573,1,1
2022-09-14 15:00:01.108,14564,14577,14574,1,1
2022-09-14 15:00:01.151,14564,14577,14574,1,1
2022-09-14 15:00:01.151,14564,14577,14575,1,1
2022-09-14 15:00:01.152,14564,14577,14575,1,1
2022-09-14 15:00:01.152,14564,14577,14576,1,1
2022-09-14 15:00:01.152,14564,14577,14575,1,1
2022-09-14 15:00:01.207,14572,14576,14576,1,1
2022-09-14 15:00:01.208,14572,14576,14577,1,1
2022-09-14 15:00:01.229,14572,14576,14573,2,-2
2022-09-14 15:00:01.229,14572,14576,14572,2,-2
2022-09-14 15:00:01.229,14572,14576,14566,4,-4
2022-09-14 15:00:01.237,14572,14576,14571,2,-2
2022-09-14 15:00:01.295,14570,14577,14577,5,5
2022-09-14 15:00:01.304,14570,14577,14577,1,1
2022-09-14 15:00:01.355,14570,14577,14578,1,1
2022-09-14 15:00:01.609,14577,14578,14578,1,1
2022-09-14 15:00:01.615,14577,14578,14578,1,1
2022-09-14 15:00:01.619,14577,14578,14577,2,-2
2022-09-14 15:00:01.619,14577,14578,14576,2,-2
2022-09-14 15:00:01.619,14577,14578,14574,1,-1
2022-09-14 15:00:01.619,14577,14578,14571,3,-3
2022-09-14 15:00:01.619,14577,14578,14570,2,-2
2022-09-14 15:00:01.619,14577,14578,14569,4,-4
2022-09-14 15:00:01.621,14577,14578,14576,1,-1
2022-09-14 15:00:01.621,14577,14578,14576,1,-1
2022-09-14 15:00:01.622,14577,14578,14577,1,-1
2022-09-14 15:00:01.625,14577,14578,14578,3,3
2022-09-14 15:00:01.625,14577,14578,14579,1,1
2022-09-14 15:00:01.625,14577,14578,14579,6,6
2022-09-14 15:00:01.633,14577,14578,14581,1,1
2022-09-14 15:00:01.640,14577,14578,14578,1,1
2022-09-14 15:00:01.640,14577,14578,14578,1,1
2022-09-14 15:00:01.658,14577,14578,14582,1,1
2022-09-14 15:00:01.658,14577,14578,14583,1,1
2022-09-14 15:00:01.663,14577,14578,14580,2,2
2022-09-14 15:00:01.663,14577,14578,14579,2,2
2022-09-14 15:00:01.670,14580,14583,14579,1,-1
2022-09-14 15:00:01.725,14580,14583,14582,2,2
2022-09-14 15:00:01.725,14580,14583,14583,1,1
2022-09-14 15:00:01.726,14580,14583,14582,1,1
2022-09-14 15:00:01.785,14580,14583,14581,1,-1
2022-09-14 15:00:01.788,14580,14583,14581,1,-1
2022-09-14 15:00:01.958,14582,14584,14583,1,-1
2022-09-14 15:00:01.993,14582,14584,14584,1,1
2022-09-14 15:00:02.013,14582,14584,14584,1,1
2022-09-14 15:00:02.014,14582,14584,14584,1,1
2022-09-14 15:00:02.204,14581,14584,14580,1,-1
2022-09-14 15:00:02.248,14581,14584,14580,2,-2
2022-09-14 15:00:02.368,14578,14581,14580,1,1
2022-09-14 15:00:02.399,14578,14581,14579,1,-1
2022-09-14 15:00:02.464,14579,14581,14579,1,-1
2022-09-14 15:00:02.554,14579,14581,14581,1,1
2022-09-14 15:00:02.580,14579,14581,14580,2,2
2022-09-14 15:00:02.580,14579,14581,14579,2,-2
2022-09-14 15:00:02.581,14579,14581,14578,1,-1
2022-09-14 15:00:02.590,14579,14581,14578,2,-2
2022-09-14 15:00:02.673,14579,14581,14579,1,-1
2022-09-14 15:00:02.673,14579,14581,14578,1,-1
2022-09-14 15:00:02.699,14579,14581,14578,2,-2
2022-09-14 15:00:02.776,14579,14581,14581,3,3
2022-09-14 15:00:02.898,14579,14582,14582,1,1
2022-09-14 15:00:02.913,14579,14582,14582,2,2
2022-09-14 15:00:02.913,14579,14582,14581,2,2
2022-09-14 15:00:02.971,14580,14582,14580,2,-2
2022-09-14 15:00:03.378,14581,14584,14582,2,-2
2022-09-14 15:00:03.450,14581,14584,14581,2,-2
2022-09-14 15:00:03.450,14581,14584,14580,1,-1
2022-09-14 15:00:03.562,14581,14582,14581,1,-1
2022-09-14 15:00:03.915,14581,14582,14581,5,-5
2022-09-14 15:00:03.915,14581,14582,14580,6,-6
2022-09-14 15:00:03.915,14581,14582,14579,2,-2
2022-09-14 15:00:03.915,14581,14582,14578,1,-1
2022-09-14 15:00:04.025,14578,14580,14578,1,-1
2022-09-14 15:00:04.107,14578,14580,14578,4,-4
2022-09-14 15:00:04.107,14578,14580,14577,2,-2
2022-09-14 15:00:04.872,14579,14580,14579,1,-1
2022-09-14 15:00:04.873,14579,14580,14580,5,5
2022-09-14 15:00:04.887,14579,14580,14580,1,1
2022-09-14 15:00:04.887,14579,14580,14579,1,-1
2022-09-14 15:00:05.073,14579,14581,14579,1,-1
2022-09-14 15:00:05.248,14578,14580,14580,1,1
2022-09-14 15:00:05.503,14579,14581,14580,1,1
2022-09-14 15:00:05.504,14579,14581,14581,7,7
2022-09-14 15:00:05.562,14580,14582,14580,4,-4
2022-09-14 15:00:05.597,14580,14582,14581,1,-1
2022-09-14 15:00:05.644,14580,14582,14581,4,-4
2022-09-14 15:00:05.738,14582,14584,14582,1,-1
2022-09-14 15:00:06.062,14582,14584,14582,1,-1
2022-09-14 15:00:06.064,14582,14584,14583,1,-1
2022-09-14 15:00:06.090,14582,14584,14582,1,-1
2022-09-14 15:00:06.135,14582,14584,14582,5,-5
2022-09-14 15:00:06.566,14582,14584,14582,4,-4
2022-09-14 15:00:06.566,14582,14584,14582,3,-3
2022-09-14 15:00:06.751,14583,14584,14583,3,-3
2022-09-14 15:00:07.098,14581,14582,14581,3,-3
2022-09-14 15:00:07.145,14581,14582,14581,4,-4
2022-09-14 15:00:07.248,14580,14581,14580,1,-1
2022-09-14 15:00:07.250,14580,14581,14579,2,-2
2022-09-14 15:00:07.276,14580,14581,14580,1,-1
2022-09-14 15:00:07.342,14579,14581,14580,3,-3
2022-09-14 15:00:07.441,14579,14582,14582,1,1
2022-09-14 15:00:07.560,14580,14583,14580,2,-2
2022-09-14 15:00:07.822,14580,14583,14580,4,-4
2022-09-14 15:00:08.026,14581,14583,14583,1,1
2022-09-14 15:00:08.147,14581,14583,14581,1,-1
2022-09-14 15:00:08.407,14581,14583,14581,3,-3
2022-09-14 15:00:08.717,14580,14582,14582,1,1
2022-09-14 15:00:08.826,14580,14582,14580,2,-2
2022-09-14 15:00:09.558,14579,14581,14581,1,1
2022-09-14 15:00:09.868,14579,14581,14579,3,-3
2022-09-14 15:00:10.272,14579,14581,14579,5,-5
2022-09-14 15:00:10.306,14578,14579,14579,1,1
2022-09-14 15:00:10.306,14578,14579,14580,1,1
2022-09-14 15:00:13.048,14579,14580,14580,1,1
2022-09-14 15:00:13.176,14579,14581,14579,1,-1
2022-09-14 15:00:13.176,14579,14581,14579,1,-1
2022-09-14 15:00:13.895,14579,14581,14580,1,-1
2022-09-14 15:00:13.895,14579,14581,14579,1,-1
2022-09-14 15:00:13.895,14579,14581,14579,1,-1
2022-09-14 15:00:14.550,14579,14580,14580,1,1
2022-09-14 15:00:14.719,14579,14580,14579,1,-1
2022-09-14 15:00:14.719,14579,14580,14579,1,-1
2022-09-14 15:00:14.961,14579,14580,14579,5,-5
2022-09-14 15:00:16.294,14579,14580,14580,1,1
2022-09-14 15:00:16.734,14579,14580,14579,1,-1
2022-09-14 15:00:16.757,14579,14580,14578,1,-1
2022-09-14 15:00:16.810,14578,14580,14578,1,-1
2022-09-14 15:00:17.089,14578,14580,14580,3,3
2022-09-14 15:00:17.111,14578,14580,14580,1,1
2022-09-14 15:00:17.606,14580,14581,14580,1,-1
2022-09-14 15:00:18.326,14578,14580,14578,2,-2
2022-09-14 15:00:18.911,14578,14580,14578,3,-3
2022-09-14 15:00:18.913,14578,14580,14577,3,-3
2022-09-14 15:00:18.992,14576,14578,14578,2,2
2022-09-14 15:00:19.046,14577,14579,14579,3,3
2022-09-14 15:00:19.295,14577,14579,14577,2,-2
2022-09-14 15:00:19.353,14577,14579,14576,2,-2
2022-09-14 15:00:19.483,14574,14576,14576,10,10
2022-09-14 15:00:19.587,14575,14576,14576,1,1
2022-09-14 15:00:19.596,14575,14576,14577,1,1
2022-09-14 15:00:19.634,14575,14576,14577,1,1
2022-09-14 15:00:19.634,14575,14576,14578,2,2
2022-09-14 15:00:19.688,14578,14579,14579,1,1
2022-09-14 15:00:19.943,14578,14580,14578,2,-2
2022-09-14 15:00:19.979,14578,14580,14577,3,-3
2022-09-14 15:00:19.979,14578,14580,14578,1,-1
2022-09-14 15:00:20.243,14577,14579,14578,2,-2
2022-09-14 15:00:22.980,14577,14578,14578,1,1
2022-09-14 15:00:23.098,14578,14580,14578,1,-1
2022-09-14 15:00:24.962,14577,14578,14578,1,1
2022-09-14 15:00:25.086,14577,14579,14578,1,1
2022-09-14 15:00:26.836,14578,14579,14579,2,2
2022-09-14 15:00:26.908,14578,14579,14578,3,-3
2022-09-14 15:00:28.565,14577,14579,14579,1,1
2022-09-14 15:00:28.566,14577,14579,14579,1,1
2022-09-14 15:00:28.566,14577,14579,14579,7,7
2022-09-14 15:00:28.566,14577,14579,14579,1,1
2022-09-14 15:00:28.573,14577,14579,14580,1,1
2022-09-14 15:00:29.230,14579,14580,14579,1,-1
2022-09-14 15:00:29.260,14579,14580,14578,3,-3
2022-09-14 15:00:33.066,14579,14581,14581,7,7
2022-09-14 15:00:33.512,14580,14582,14582,1,1
2022-09-14 15:00:33.512,14580,14582,14582,5,5
2022-09-14 15:00:33.566,14581,14583,14583,1,1
2022-09-14 15:00:34.468,14582,14584,14582,2,-2
2022-09-14 15:00:34.613,14581,14583,14581,1,-1
2022-09-14 15:00:34.675,14581,14583,14581,1,-1
2022-09-14 15:00:38.188,14581,14582,14582,1,1
2022-09-14 15:00:38.188,14581,14582,14583,2,2
2022-09-14 15:00:38.472,14581,14582,14582,1,1
2022-09-14 15:00:38.551,14581,14582,14582,1,1
2022-09-14 15:00:38.613,14581,14582,14581,5,-5
2022-09-14 15:00:38.685,14581,14582,14581,1,-1
2022-09-14 15:00:38.685,14581,14582,14580,4,-4
2022-09-14 15:00:38.690,14581,14582,14579,1,-1
2022-09-14 15:00:38.695,14581,14582,14579,1,-1
2022-09-14 15:00:38.696,14581,14582,14579,1,-1
2022-09-14 15:00:39.878,14579,14580,14580,1,1
2022-09-14 15:00:40.054,14579,14580,14579,5,-5
2022-09-14 15:00:40.055,14579,14580,14578,4,-4
2022-09-14 15:00:40.055,14579,14580,14578,1,-1
2022-09-14 15:00:40.055,14579,14580,14578,5,-5
2022-09-14 15:00:40.452,14578,14579,14578,1,-1
2022-09-14 15:00:40.566,14577,14578,14577,4,-4
2022-09-14 15:00:40.670,14576,14578,14576,7,-7
2022-09-14 15:00:40.763,14576,14578,14576,1,-1
2022-09-14 15:00:40.763,14576,14578,14576,1,-1
2022-09-14 15:00:42.307,14575,14577,14577,1,1
2022-09-14 15:00:42.966,14577,14578,14578,1,1
2022-09-14 15:00:44.718,14576,14578,14578,1,1
2022-09-14 15:00:44.871,14576,14578,14576,1,-1
2022-09-14 15:00:45.204,14575,14577,14575,1,-1
2022-09-14 15:00:45.206,14575,14577,14574,4,-4
2022-09-14 15:00:45.390,14573,14575,14573,8,-8
2022-09-14 15:00:46.981,14572,14574,14572,1,-1
2022-09-14 15:00:47.043,14572,14574,14571,3,-3
2022-09-14 15:00:47.807,14571,14572,14572,1,1
2022-09-14 15:00:48.241,14572,14573,14573,1,1
2022-09-14 15:00:48.242,14572,14573,14573,2,2
2022-09-14 15:00:48.242,14572,14573,14573,1,1
2022-09-14 15:00:48.242,14572,14573,14573,1,1
2022-09-14 15:00:48.242,14572,14573,14573,2,2
2022-09-14 15:00:49.280,14573,14574,14573,1,-1
2022-09-14 15:00:49.281,14573,14574,14573,1,-1
2022-09-14 15:00:49.381,14572,14574,14574,1,1
2022-09-14 15:00:50.015,14572,14574,14572,1,-1
2022-09-14 15:00:50.604,14572,14574,14574,1,1
2022-09-14 15:00:50.914,14573,14575,14575,1,1
2022-09-14 15:00:51.039,14573,14575,14574,1,1
2022-09-14 15:00:51.384,14573,14575,14575,1,1
2022-09-14 15:00:51.921,14573,14575,14575,1,1
2022-09-14 15:00:52.536,14575,14577,14577,1,1
2022-09-14 15:00:53.786,14576,14577,14576,1,-1
2022-09-14 15:00:55.369,14575,14577,14577,4,4
2022-09-14 15:00:55.370,14575,14577,14577,1,1
2022-09-14 15:00:55.465,14576,14578,14576,2,-2
2022-09-14 15:00:55.465,14576,14578,14575,1,-1
2022-09-14 15:00:59.054,14574,14575,14574,1,-1
2022-09-14 15:00:59.114,14574,14575,14575,1,1
2022-09-14 15:01:00.074,14575,14576,14576,1,1
2022-09-14 15:01:00.115,14575,14576,14577,2,2
2022-09-14 15:01:00.136,14575,14576,14576,1,1
2022-09-14 15:01:00.214,14576,14578,14576,2,-2
2022-09-14 15:01:00.214,14576,14578,14575,1,-1
2022-09-14 15:01:01.976,14575,14576,14575,2,-2
2022-09-14 15:01:01.977,14575,14576,14575,1,-1
2022-09-14 15:01:01.977,14575,14576,14575,1,-1
2022-09-14 15:01:04.281,14574,14576,14576,2,2
2022-09-14 15:01:04.373,14574,14576,14576,7,7
2022-09-14 15:01:04.373,14574,14576,14577,3,3
2022-09-14 15:01:06.136,14575,14577,14577,1,1
2022-09-14 15:01:07.920,14575,14576,14575,1,-1
2022-09-14 15:01:08.130,14575,14576,14576,1,1
2022-09-14 15:01:08.652,14575,14576,14576,2,2
2022-09-14 15:01:09.058,14575,14576,14575,1,-1
2022-09-14 15:01:10.455,14576,14577,14577,1,1
2022-09-14 15:01:11.759,14576,14578,14576,1,-1
2022-09-14 15:01:13.543,14577,14578,14578,7,7
2022-09-14 15:01:14.044,14578,14579,14579,1,1
2022-09-14 15:01:14.114,14578,14579,14578,1,-1
2022-09-14 15:01:14.196,14578,14580,14578,1,-1
2022-09-14 15:01:21.130,14577,14578,14578,3,3
2022-09-14 15:01:21.407,14578,14579,14579,1,1
2022-09-14 15:01:21.747,14578,14580,14578,1,-1
2022-09-14 15:01:25.376,14579,14580,14579,1,-1
2022-09-14 15:01:29.559,14578,14579,14579,1,1
2022-09-14 15:01:30.417,14578,14579,14578,2,-2
2022-09-14 15:01:30.417,14578,14579,14578,1,-1
2022-09-14 15:01:30.421,14577,14579,14577,1,-1
2022-09-14 15:01:31.144,14576,14577,14576,3,-3
2022-09-14 15:01:35.146,14576,14578,14578,2,2
2022-09-14 15:01:36.002,14576,14578,14578,1,1
2022-09-14 15:01:39.117,14577,14579,14577,1,-1
2022-09-14 15:01:40.032,14576,14578,14578,1,1
2022-09-14 15:01:41.927,14576,14577,14577,6,6
2022-09-14 15:01:41.927,14576,14577,14577,1,1
2022-09-14 15:01:42.080,14577,14578,14577,1,-1
2022-09-14 15:01:42.080,14577,14578,14576,3,-3
2022-09-14 15:01:44.822,14577,14578,14577,3,-3
2022-09-14 15:01:45.191,14576,14577,14576,1,-1
2022-09-14 15:01:45.191,14576,14577,14575,5,-5
2022-09-14 15:01:45.860,14575,14577,14577,1,1
2022-09-14 15:01:52.649,14576,14578,14576,2,-2
2022-09-14 15:01:53.319,14576,14578,14576,1,-1
2022-09-14 15:01:53.798,14577,14578,14577,3,-3
2022-09-14 15:01:55.131,14576,14578,14576,1,-1
2022-09-14 15:01:55.482,14575,14577,14575,1,-1
2022-09-14 15:01:56.001,14575,14576,14576,1,1
2022-09-14 15:01:58.044,14575,14577,14577,1,1
2022-09-14 15:01:58.932,14576,14578,14576,2,-2
2022-09-14 15:01:59.981,14575,14577,14576,1,-1
2022-09-14 15:02:00.213,14576,14577,14576,3,-3
2022-09-14 15:02:00.879,14575,14576,14576,3,3
2022-09-14 15:02:00.879,14575,14576,14576,2,2
2022-09-14 15:02:00.880,14575,14576,14576,2,2
2022-09-14 15:02:07.321,14576,14577,14576,3,-3
2022-09-14 15:02:09.286,14576,14577,14577,3,3
2022-09-14 15:02:09.287,14576,14577,14578,8,8
2022-09-14 15:02:09.290,14576,14577,14579,1,1
2022-09-14 15:02:09.537,14579,14580,14580,6,6
2022-09-14 15:02:09.641,14579,14581,14581,2,2
2022-09-14 15:02:09.883,14580,14582,14582,9,9
2022-09-14 15:02:10.034,14581,14583,14581,1,-1
2022-09-14 15:02:10.036,14581,14583,14583,10,10
2022-09-14 15:02:10.141,14582,14584,14584,9,9
2022-09-14 15:02:10.142,14582,14584,14583,1,1
2022-09-14 15:02:10.142,14582,14584,14583,1,1
2022-09-14 15:02:10.656,14582,14583,14582,3,-3
2022-09-14 15:02:10.659,14582,14583,14582,1,-1
2022-09-14 15:02:10.659,14582,14583,14581,4,-4
2022-09-14 15:02:10.660,14582,14583,14581,5,-5
2022-09-14 15:02:10.676,14581,14583,14581,4,-4
2022-09-14 15:02:10.737,14581,14583,14581,3,-3
2022-09-14 15:02:10.737,14581,14583,14580,2,-2
2022-09-14 15:02:11.028,14581,14583,14581,1,-1
2022-09-14 15:02:11.322,14581,14583,14583,2,2
2022-09-14 15:02:11.533,14581,14583,14583,1,1
2022-09-14 15:02:11.602,14581,14583,14581,4,-4
2022-09-14 15:02:11.602,14581,14583,14580,1,-1
2022-09-14 15:02:12.235,14580,14582,14582,1,1
2022-09-14 15:02:13.093,14581,14583,14581,1,-1
2022-09-14 15:02:14.922,14580,14582,14582,1,1
2022-09-14 15:02:14.922,14580,14582,14582,1,1
2022-09-14 15:02:14.922,14580,14582,14582,1,1
2022-09-14 15:02:14.922,14580,14582,14583,1,1
2022-09-14 15:02:14.922,14580,14582,14583,1,1
2022-09-14 15:02:15.646,14582,14584,14582,2,-2
2022-09-14 15:02:15.872,14582,14584,14584,1,1
2022-09-14 15:02:15.896,14582,14584,14582,3,-3
2022-09-14 15:02:15.969,14582,14584,14583,1,-1
2022-09-14 15:02:15.969,14582,14584,14583,1,-1
2022-09-14 15:02:16.445,14582,14584,14584,2,2
2022-09-14 15:02:16.806,14583,14585,14583,1,-1
2022-09-14 15:02:17.506,14583,14585,14585,2,2
2022-09-14 15:02:18.551,14583,14585,14585,4,4
2022-09-14 15:02:18.552,14583,14585,14585,1,1
2022-09-14 15:02:19.063,14584,14585,14584,1,-1
2022-09-14 15:02:19.079,14584,14585,14585,2,2
2022-09-14 15:02:19.079,14584,14585,14585,8,8
2022-09-14 15:02:19.079,14584,14585,14585,7,7
2022-09-14 15:02:19.079,14584,14585,14585,1,1
2022-09-14 15:02:19.079,14584,14585,14585,1,1
2022-09-14 15:02:19.282,14584,14586,14586,2,2
2022-09-14 15:02:19.877,14584,14586,14586,1,1
2022-09-14 15:02:19.877,14584,14586,14586,4,4
2022-09-14 15:02:20.145,14586,14587,14586,1,-1
2022-09-14 15:02:20.190,14586,14587,14586,6,-6
2022-09-14 15:02:20.190,14586,14587,14586,1,-1
2022-09-14 15:02:20.426,14585,14587,14585,2,-2
2022-09-14 15:02:20.753,14585,14587,14587,1,1
2022-09-14 15:02:20.848,14586,14587,14587,1,1
2022-09-14 15:02:20.848,14586,14587,14587,5,5
2022-09-14 15:02:21.220,14587,14588,14588,1,1
2022-09-14 15:02:21.220,14587,14588,14588,4,4
2022-09-14 15:02:21.220,14587,14588,14588,2,2
2022-09-14 15:02:21.220,14587,14588,14588,1,1
2022-09-14 15:02:21.220,14587,14588,14588,1,1
2022-09-14 15:02:21.220,14587,14588,14588,5,5
2022-09-14 15:02:21.224,14587,14588,14589,4,4
2022-09-14 15:02:21.224,14587,14588,14589,2,2
2022-09-14 15:02:21.225,14587,14588,14589,1,1
2022-09-14 15:02:21.226,14587,14588,14589,1,1
2022-09-14 15:02:21.230,14587,14588,14589,2,2
2022-09-14 15:02:21.362,14589,14590,14590,3,3
2022-09-14 15:02:21.748,14588,14590,14590,1,1
2022-09-14 15:02:22.734,14589,14590,14589,1,-1
2022-09-14 15:02:22.829,14589,14590,14590,1,1
2022-09-14 15:02:23.262,14589,14590,14590,1,1
2022-09-14 15:02:23.290,14589,14590,14590,1,1
2022-09-14 15:02:23.291,14589,14590,14590,1,1
2022-09-14 15:02:23.551,14589,14591,14589,1,-1
2022-09-14 15:02:23.680,14590,14591,14591,1,1
2022-09-14 15:02:23.849,14590,14591,14590,2,-2
2022-09-14 15:02:24.174,14588,14590,14588,2,-2
2022-09-14 15:02:26.199,14588,14589,14589,1,1
2022-09-14 15:02:27.528,14588,14590,14588,3,-3
2022-09-14 15:02:28.992,14588,14589,14589,2,2
2022-09-14 15:02:28.992,14588,14589,14590,9,9
2022-09-14 15:02:28.993,14588,14589,14590,9,9
2022-09-14 15:02:30.035,14588,14590,14590,1,1
2022-09-14 15:02:30.662,14589,14591,14589,4,-4
2022-09-14 15:02:31.386,14589,14590,14589,1,-1
2022-09-14 15:02:31.386,14589,14590,14588,4,-4
2022-09-14 15:02:31.475,14587,14589,14587,1,-1
2022-09-14 15:02:31.918,14587,14589,14589,2,2
2022-09-14 15:02:33.169,14587,14589,14589,1,1
2022-09-14 15:02:33.184,14587,14589,14589,5,5
2022-09-14 15:02:36.870,14588,14589,14588,1,-1
2022-09-14 15:02:37.063,14588,14589,14589,2,2
2022-09-14 15:02:39.629,14588,14589,14589,5,5
2022-09-14 15:02:40.211,14588,14589,14588,2,-2
2022-09-14 15:02:41.546,14588,14589,14589,1,1
2022-09-14 15:02:41.546,14588,14589,14590,2,2
2022-09-14 15:02:44.100,14589,14590,14590,7,7
2022-09-14 15:02:44.146,14589,14590,14591,4,4
2022-09-14 15:02:44.882,14590,14592,14591,1,1
2022-09-14 15:02:45.796,14590,14592,14590,1,-1
2022-09-14 15:02:46.807,14590,14592,14592,1,1
2022-09-14 15:02:47.029,14590,14592,14592,1,1
2022-09-14 15:02:47.561,14590,14592,14591,7,7
2022-09-14 15:02:47.562,14590,14592,14591,13,13
2022-09-14 15:02:48.417,14590,14592,14592,5,5
2022-09-14 15:02:48.797,14590,14592,14592,2,2
2022-09-14 15:02:49.256,14590,14592,14592,2,2
2022-09-14 15:02:49.691,14590,14592,14590,2,-2
2022-09-14 15:02:51.025,14590,14591,14591,5,5
2022-09-14 15:02:51.026,14590,14591,14591,15,15
2022-09-14 15:02:52.643,14590,14592,14592,3,3
2022-09-14 15:02:53.839,14592,14593,14592,1,-1
2022-09-14 15:02:53.840,14592,14593,14592,1,-1
2022-09-14 15:02:55.529,14592,14593,14593,3,3
2022-09-14 15:02:55.530,14592,14593,14593,3,3
2022-09-14 15:02:55.530,14592,14593,14593,10,10
2022-09-14 15:02:56.086,14593,14594,14593,1,-1
2022-09-14 15:02:57.507,14593,14594,14593,1,-1
2022-09-14 15:02:58.348,14592,14594,14592,1,-1
2022-09-14 15:02:59.135,14592,14594,14594,3,3
2022-09-14 15:02:59.303,14593,14594,14593,1,-1
2022-09-14 15:02:59.959,14592,14594,14594,1,1
2022-09-14 15:03:00.115,14592,14594,14592,1,-1
2022-09-14 15:03:00.124,14592,14594,14594,2,2
2022-09-14 15:03:00.785,14592,14593,14592,1,-1
2022-09-14 15:03:00.794,14592,14593,14592,1,-1
2022-09-14 15:03:00.800,14592,14593,14592,1,-1
2022-09-14 15:03:00.811,14592,14593,14592,1,-1
2022-09-14 15:03:00.826,14592,14593,14593,1,1
2022-09-14 15:03:00.826,14592,14593,14594,2,2
2022-09-14 15:03:00.866,14592,14593,14592,1,-1
2022-09-14 15:03:00.927,14592,14594,14592,1,-1
2022-09-14 15:03:00.930,14592,14594,14592,1,-1
2022-09-14 15:03:01.448,14592,14593,14592,1,-1
2022-09-14 15:03:01.825,14592,14593,14593,1,1
2022-09-14 15:03:02.256,14592,14593,14592,1,-1
2022-09-14 15:03:02.778,14592,14593,14593,2,2
2022-09-14 15:03:03.670,14592,14593,14593,2,2
2022-09-14 15:03:04.715,14592,14593,14593,4,4
2022-09-14 15:03:04.889,14593,14594,14593,2,-2
2022-09-14 15:03:04.889,14593,14594,14593,4,-4
2022-09-14 15:03:04.889,14593,14594,14593,1,-1
2022-09-14 15:03:04.889,14593,14594,14593,9,-9
2022-09-14 15:03:07.093,14593,14594,14594,3,3
2022-09-14 15:03:07.344,14593,14594,14593,1,-1
2022-09-14 15:03:07.484,14593,14594,14594,1,1
2022-09-14 15:03:08.205,14593,14594,14594,1,1
2022-09-14 15:03:10.544,14593,14594,14594,4,4
2022-09-14 15:03:11.083,14593,14594,14594,1,1
2022-09-14 15:03:11.388,14593,14594,14594,2,2
2022-09-14 15:03:12.162,14593,14594,14593,1,-1
2022-09-14 15:03:12.329,14593,14594,14593,6,-6
2022-09-14 15:03:13.286,14593,14594,14594,1,1
2022-09-14 15:03:14.407,14593,14594,14594,1,1
2022-09-14 15:03:14.425,14593,14594,14593,1,-1
2022-09-14 15:03:16.138,14593,14594,14594,1,1
2022-09-14 15:03:17.265,14593,14594,14593,1,-1
2022-09-14 15:03:19.037,14593,14594,14593,1,-1
2022-09-14 15:03:19.623,14593,14594,14593,1,-1
2022-09-14 15:03:20.806,14592,14593,14592,18,-18
2022-09-14 15:03:20.806,14592,14593,14592,1,-1
2022-09-14 15:03:21.445,14591,14592,14592,1,1
2022-09-14 15:03:21.785,14591,14592,14593,6,6
2022-09-14 15:03:21.785,14591,14592,14593,2,2
2022-09-14 15:03:21.785,14591,14592,14593,1,1
2022-09-14 15:03:21.786,14591,14592,14593,1,1
2022-09-14 15:03:21.786,14591,14592,14593,2,2
2022-09-14 15:03:21.786,14591,14592,14593,1,1
2022-09-14 15:03:21.786,14591,14592,14593,5,5
2022-09-14 15:03:21.786,14591,14592,14593,2,2
2022-09-14 15:03:23.190,14592,14593,14593,1,1
2022-09-14 15:03:26.405,14592,14593,14593,2,2
2022-09-14 15:03:27.988,14593,14594,14593,6,-6
2022-09-14 15:03:27.988,14593,14594,14593,7,-7
2022-09-14 15:03:27.989,14593,14594,14593,2,-2
2022-09-14 15:03:27.990,14593,14594,14593,5,-5
2022-09-14 15:03:28.230,14592,14593,14593,1,1
2022-09-14 15:03:32.410,14593,14594,14593,6,-6
2022-09-14 15:03:32.614,14593,14594,14593,2,-2
2022-09-14 15:03:33.752,14593,14594,14593,1,-1
2022-09-14 15:03:33.752,14593,14594,14593,1,-1
2022-09-14 15:03:39.864,14593,14594,14594,3,3
2022-09-14 15:03:40.034,14593,14594,14593,1,-1
2022-09-14 15:03:41.111,14593,14594,14593,1,-1
2022-09-14 15:03:42.221,14593,14594,14594,5,5
2022-09-14 15:03:43.209,14593,14594,14593,6,-6
2022-09-14 15:03:43.920,14593,14594,14593,1,-1
2022-09-14 15:03:44.154,14593,14594,14593,2,-2
2022-09-14 15:03:44.575,14593,14594,14594,1,1
2022-09-14 15:03:46.112,14593,14594,14593,1,-1
2022-09-14 15:03:52.778,14593,14594,14593,3,-3
2022-09-14 15:03:53.827,14593,14594,14593,13,-13
2022-09-14 15:03:53.828,14593,14594,14593,5,-5
2022-09-14 15:03:53.828,14593,14594,14593,2,-2
2022-09-14 15:04:00.224,14592,14593,14592,4,-4
2022-09-14 15:04:02.164,14592,14593,14593,4,4
2022-09-14 15:04:02.498,14592,14594,14593,1,1
2022-09-14 15:04:02.639,14593,14594,14594,9,9
2022-09-14 15:04:02.643,14593,14594,14595,2,2
2022-09-14 15:04:07.108,14594,14595,14595,8,8
2022-09-14 15:04:07.108,14594,14595,14595,2,2
2022-09-14 15:04:07.108,14594,14595,14595,3,3
2022-09-14 15:04:07.254,14595,14596,14595,2,-2
2022-09-14 15:04:07.370,14594,14596,14594,1,-1
2022-09-14 15:04:07.550,14594,14596,14594,2,-2
2022-09-14 15:04:07.684,14594,14596,14594,2,-2
2022-09-14 15:04:12.017,14594,14595,14594,1,-1
2022-09-14 15:04:14.658,14593,14594,14594,1,1
2022-09-14 15:04:15.007,14593,14594,14593,1,-1
2022-09-14 15:04:20.450,14593,14594,14594,1,1
2022-09-14 15:04:21.001,14593,14594,14594,1,1
2022-09-14 15:04:23.074,14593,14594,14594,5,5
2022-09-14 15:04:24.334,14594,14595,14594,1,-1
2022-09-14 15:04:26.470,14594,14595,14594,1,-1
2022-09-14 15:04:28.126,14594,14595,14594,3,-3
2022-09-14 15:04:28.126,14594,14595,14594,4,-4
2022-09-14 15:04:28.126,14594,14595,14594,2,-2
2022-09-14 15:04:28.126,14594,14595,14594,2,-2
2022-09-14 15:04:28.126,14594,14595,14594,2,-2
2022-09-14 15:04:28.126,14594,14595,14594,1,-1
2022-09-14 15:04:28.127,14594,14595,14594,1,-1
2022-09-14 15:04:29.090,14593,14594,14593,2,-2
2022-09-14 15:04:33.665,14592,14594,14592,4,-4
2022-09-14 15:04:33.707,14592,14594,14592,1,-1
2022-09-14 15:04:33.707,14592,14594,14591,1,-1
2022-09-14 15:04:34.623,14592,14594,14592,1,-1
2022-09-14 15:04:34.657,14592,14594,14594,1,1
2022-09-14 15:04:42.885,14592,14593,14592,1,-1
2022-09-14 15:04:43.919,14592,14593,14592,10,-10
2022-09-14 15:04:45.117,14592,14593,14593,1,1
2022-09-14 15:04:48.788,14592,14593,14592,1,-1
2022-09-14 15:04:49.511,14592,14593,14592,1,-1
2022-09-14 15:04:49.511,14592,14593,14592,1,-1
2022-09-14 15:04:49.512,14592,14593,14592,6,-6
2022-09-14 15:04:50.652,14591,14592,14592,2,2
2022-09-14 15:04:51.540,14592,14593,14593,1,1
2022-09-14 15:04:51.625,14592,14593,14592,1,-1
2022-09-14 15:04:53.605,14592,14593,14592,1,-1
2022-09-14 15:04:53.868,14592,14593,14592,1,-1
2022-09-14 15:04:59.106,14591,14592,14591,1,-1
2022-09-14 15:05:00.235,14591,14592,14591,2,-2
2022-09-14 15:05:00.433,14591,14592,14591,1,-1
2022-09-14 15:05:00.468,14591,14592,14591,1,-1
2022-09-14 15:05:00.475,14591,14592,14591,1,-1
2022-09-14 15:05:00.475,14591,14592,14591,1,-1
2022-09-14 15:05:00.480,14591,14592,14591,1,-1
2022-09-14 15:05:00.490,14591,14592,14591,1,-1
2022-09-14 15:05:00.495,14591,14592,14591,1,-1
2022-09-14 15:05:00.505,14591,14592,14591,1,-1
2022-09-14 15:05:00.505,14591,14592,14591,1,-1
2022-09-14 15:05:00.513,14591,14592,14591,1,-1
2022-09-14 15:05:00.513,14591,14592,14591,1,-1
2022-09-14 15:05:00.537,14591,14592,14591,1,-1
2022-09-14 15:05:00.545,14591,14592,14591,1,-1
2022-09-14 15:05:00.570,14591,14592,14591,1,-1
2022-09-14 15:05:00.570,14591,14592,14591,1,-1
2022-09-14 15:05:00.583,14591,14592,14591,1,-1
2022-09-14 15:05:00.585,14591,14592,14591,1,-1
2022-09-14 15:05:00.593,14591,14592,14591,1,-1
2022-09-14 15:05:00.606,14591,14592,14591,1,-1
2022-09-14 15:05:00.610,14591,14592,14591,1,-1
2022-09-14 15:05:00.611,14591,14592,14591,1,-1
2022-09-14 15:05:00.635,14591,14592,14590,1,-1
2022-09-14 15:05:00.646,14591,14592,14590,1,-1
2022-09-14 15:05:00.686,14590,14591,14590,1,-1
2022-09-14 15:05:00.686,14590,14591,14590,1,-1
2022-09-14 15:05:00.699,14590,14591,14591,1,1
2022-09-14 15:05:00.735,14590,14591,14590,10,-10
2022-09-14 15:05:00.735,14590,14591,14589,3,-3
2022-09-14 15:05:01.973,14590,14591,14591,1,1
2022-09-14 15:05:02.130,14590,14591,14591,4,4
2022-09-14 15:05:02.131,14590,14591,14591,1,1
2022-09-14 15:05:02.131,14590,14591,14591,5,5
2022-09-14 15:05:02.914,14591,14592,14592,1,1
2022-09-14 15:05:03.237,14590,14592,14592,1,1
2022-09-14 15:05:06.419,14590,14592,14590,2,-2
2022-09-14 15:05:13.006,14590,14591,14591,1,1
2022-09-14 15:05:13.801,14590,14592,14590,1,-1
2022-09-14 15:05:15.229,14590,14592,14590,1,-1
2022-09-14 15:05:17.544,14590,14592,14590,1,-1
2022-09-14 15:05:22.512,14591,14592,14591,1,-1
2022-09-14 15:05:25.020,14590,14592,14592,1,1
2022-09-14 15:05:33.123,14591,14592,14592,3,3
2022-09-14 15:05:33.123,14591,14592,14592,1,1
2022-09-14 15:05:33.123,14591,14592,14592,3,3
2022-09-14 15:05:35.648,14592,14593,14593,4,4
2022-09-14 15:05:36.475,14592,14594,14592,1,-1
2022-09-14 15:05:40.928,14592,14594,14594,3,3
2022-09-14 15:05:40.959,14592,14594,14594,1,1
2022-09-14 15:05:40.959,14592,14594,14594,1,1
2022-09-14 15:05:40.959,14592,14594,14594,1,1
2022-09-14 15:05:40.959,14592,14594,14594,1,1
2022-09-14 15:05:40.959,14592,14594,14594,1,1
2022-09-14 15:05:41.341,14593,14595,14595,4,4
2022-09-14 15:05:41.341,14593,14595,14595,4,4
2022-09-14 15:05:45.137,14594,14595,14594,1,-1
2022-09-14 15:05:45.261,14594,14595,14595,1,1
2022-09-14 15:05:45.834,14594,14595,14595,1,1
2022-09-14 15:05:45.834,14594,14595,14595,1,1
2022-09-14 15:05:47.180,14594,14595,14594,1,-1
2022-09-14 15:05:47.477,14594,14595,14595,3,3
2022-09-14 15:05:49.088,14594,14595,14595,1,1
2022-09-14 15:05:49.980,14594,14595,14595,1,1
2022-09-14 15:05:49.982,14594,14595,14595,2,2
2022-09-14 15:05:50.895,14595,14596,14596,1,1
2022-09-14 15:05:51.670,14595,14596,14596,1,1
2022-09-14 15:05:54.043,14595,14596,14596,1,1
2022-09-14 15:05:54.043,14595,14596,14596,11,11
2022-09-14 15:05:54.044,14595,14596,14596,1,1
2022-09-14 15:05:54.044,14595,14596,14596,4,4
2022-09-14 15:05:56.652,14596,14597,14597,1,1
2022-09-14 15:05:56.747,14596,14597,14597,1,1
2022-09-14 15:05:57.076,14596,14597,14597,1,1
2022-09-14 15:05:57.076,14596,14597,14597,1,1
2022-09-14 15:05:57.360,14596,14597,14596,1,-1
2022-09-14 15:05:57.427,14596,14597,14597,1,1
2022-09-14 15:05:57.428,14596,14597,14597,1,1
2022-09-14 15:05:57.700,14596,14597,14597,7,7
2022-09-14 15:05:59.211,14596,14597,14596,10,-10
2022-09-14 15:06:00.148,14596,14597,14596,2,-2
2022-09-14 15:06:00.251,14596,14597,14597,1,1
2022-09-14 15:06:01.580,14596,14597,14596,1,-1
2022-09-14 15:06:02.985,14595,14596,14595,2,-2
2022-09-14 15:06:02.985,14595,14596,14595,4,-4
2022-09-14 15:06:03.150,14594,14595,14595,1,1
2022-09-14 15:06:03.258,14594,14595,14596,1,1
2022-09-14 15:06:05.217,14594,14595,14595,1,1
2022-09-14 15:06:06.586,14594,14595,14595,1,1
2022-09-14 15:06:07.178,14594,14595,14594,1,-1
2022-09-14 15:06:08.105,14594,14595,14594,1,-1
2022-09-14 15:06:13.271,14595,14597,14595,1,-1
2022-09-14 15:06:14.734,14595,14597,14595,5,-5
2022-09-14 15:06:14.739,14595,14597,14595,2,-2
2022-09-14 15:06:24.759,14594,14596,14595,1,-1
2022-09-14 15:06:24.759,14594,14596,14595,1,-1
2022-09-14 15:06:24.777,14594,14596,14595,1,-1
2022-09-14 15:06:24.791,14594,14596,14595,1,-1
2022-09-14 15:06:24.792,14594,14596,14595,1,-1
2022-09-14 15:06:24.795,14594,14596,14595,2,-2
2022-09-14 15:06:24.796,14594,14596,14595,2,-2
2022-09-14 15:06:24.798,14594,14596,14594,4,-4
2022-09-14 15:06:36.017,14594,14595,14594,2,-2
2022-09-14 15:06:36.883,14594,14595,14594,1,-1
2022-09-14 15:06:40.136,14594,14595,14594,1,-1
2022-09-14 15:06:40.136,14594,14595,14594,1,-1
2022-09-14 15:06:42.866,14594,14595,14594,1,-1
2022-09-14 15:06:46.605,14594,14595,14595,1,1
2022-09-14 15:06:46.605,14594,14595,14595,1,1
2022-09-14 15:06:46.606,14594,14595,14595,2,2
2022-09-14 15:06:46.606,14594,14595,14595,3,3
2022-09-14 15:06:47.720,14594,14596,14594,1,-1
2022-09-14 15:06:48.324,14594,14595,14595,1,1
2022-09-14 15:06:49.424,14594,14595,14595,1,1
2022-09-14 15:06:51.424,14594,14596,14594,1,-1
2022-09-14 15:06:53.504,14593,14595,14595,1,1
2022-09-14 15:06:53.771,14593,14595,14595,1,1
2022-09-14 15:06:56.806,14593,14595,14595,1,1
2022-09-14 15:06:57.696,14593,14595,14595,1,1
2022-09-14 15:06:57.885,14593,14595,14595,1,1
2022-09-14 15:06:59.616,14594,14595,14595,1,1
2022-09-14 15:07:00.459,14594,14596,14596,4,4
2022-09-14 15:07:01.731,14595,14596,14595,1,-1
2022-09-14 15:07:01.843,14595,14596,14596,2,2
2022-09-14 15:07:03.703,14595,14596,14596,1,1
2022-09-14 15:07:04.696,14595,14597,14596,2,2
2022-09-14 15:07:06.485,14595,14596,14596,1,1
2022-09-14 15:07:09.731,14595,14596,14596,1,1
2022-09-14 15:07:10.838,14595,14597,14597,1,1
2022-09-14 15:07:12.648,14596,14597,14596,2,-2
2022-09-14 15:07:12.648,14596,14597,14596,1,-1
2022-09-14 15:07:12.916,14595,14596,14596,2,2
2022-09-14 15:07:14.440,14595,14596,14595,1,-1
2022-09-14 15:07:15.336,14594,14595,14594,1,-1
2022-09-14 15:07:15.640,14593,14594,14593,2,-2
2022-09-14 15:07:25.738,14592,14594,14594,1,1
2022-09-14 15:07:30.479,14594,14595,14595,2,2
2022-09-14 15:07:30.479,14594,14595,14594,1,-1
2022-09-14 15:07:35.657,14594,14595,14594,2,-2
2022-09-14 15:07:35.858,14593,14594,14594,2,2
2022-09-14 15:07:37.086,14593,14594,14594,1,1
2022-09-14 15:07:41.675,14594,14596,14596,3,3
2022-09-14 15:07:45.417,14594,14596,14594,6,-6
2022-09-14 15:07:45.417,14594,14596,14594,5,-5
2022-09-14 15:07:51.374,14594,14595,14594,1,-1
2022-09-14 15:07:55.667,14594,14595,14594,1,-1
2022-09-14 15:07:57.600,14594,14595,14594,2,-2
2022-09-14 15:08:00.231,14594,14595,14594,3,-3
2022-09-14 15:08:00.353,14593,14595,14593,1,-1
2022-09-14 15:08:05.834,14593,14595,14593,1,-1
2022-09-14 15:08:11.503,14594,14595,14595,3,3
2022-09-14 15:08:12.498,14594,14595,14594,1,-1
2022-09-14 15:08:13.105,14593,14595,14593,1,-1
2022-09-14 15:08:15.244,14593,14595,14594,1,-1
2022-09-14 15:08:18.924,14592,14595,14592,3,-3
2022-09-14 15:08:26.438,14593,14594,14593,1,-1
2022-09-14 15:08:28.056,14592,14594,14592,1,-1
2022-09-14 15:08:28.237,14592,14593,14592,2,-2
2022-09-14 15:08:29.514,14592,14594,14592,2,-2
2022-09-14 15:08:39.181,14592,14593,14592,1,-1
2022-09-14 15:08:44.010,14593,14594,14594,1,1
2022-09-14 15:08:46.071,14593,14595,14593,1,-1
2022-09-14 15:08:46.527,14593,14595,14595,1,1
2022-09-14 15:08:46.527,14593,14595,14595,1,1
2022-09-14 15:08:53.108,14594,14596,14596,5,5
2022-09-14 15:08:53.392,14594,14596,14596,5,5
2022-09-14 15:08:54.782,14594,14596,14594,1,-1
2022-09-14 15:08:54.784,14594,14596,14595,2,-2
2022-09-14 15:09:03.302,14592,14594,14594,1,1
2022-09-14 15:09:08.111,14593,14594,14593,1,-1
2022-09-14 15:09:08.488,14592,14593,14593,1,1
2022-09-14 15:09:09.485,14592,14594,14594,1,1
2022-09-14 15:09:13.976,14592,14595,14592,5,-5
2022-09-14 15:09:14.653,14592,14594,14594,1,1
2022-09-14 15:09:15.229,14591,14593,14593,2,2
2022-09-14 15:09:15.229,14591,14593,14593,6,6
2022-09-14 15:09:15.608,14591,14593,14593,3,3
2022-09-14 15:09:20.062,14592,14594,14594,1,1
2022-09-14 15:09:24.230,14592,14593,14592,1,-1
2022-09-14 15:09:26.206,14591,14592,14591,1,-1
2022-09-14 15:09:26.685,14591,14592,14592,3,3
2022-09-14 15:09:29.110,14591,14592,14591,1,-1
2022-09-14 15:09:29.110,14591,14592,14591,2,-2
2022-09-14 15:09:32.489,14590,14591,14590,1,-1
2022-09-14 15:09:34.536,14590,14591,14590,1,-1
2022-09-14 15:09:36.805,14590,14591,14590,4,-4
2022-09-14 15:09:37.632,14589,14590,14590,3,3
2022-09-14 15:09:40.736,14589,14590,14590,1,1
2022-09-14 15:09:41.444,14589,14590,14590,1,1
2022-09-14 15:09:41.444,14589,14590,14590,2,2
2022-09-14 15:09:41.445,14589,14590,14590,1,1
2022-09-14 15:09:42.906,14591,14592,14591,1,-1
2022-09-14 15:09:46.560,14590,14592,14590,1,-1
2022-09-14 15:09:48.976,14590,14591,14591,1,1
2022-09-14 15:09:51.116,14591,14592,14592,3,3
2022-09-14 15:09:54.123,14592,14593,14593,2,2
2022-09-14 15:09:54.344,14592,14594,14592,1,-1
2022-09-14 15:10:00.234,14592,14593,14592,5,-5
2022-09-14 15:10:02.245,14592,14593,14592,1,-1
2022-09-14 15:10:02.643,14591,14593,14593,1,1
2022-09-14 15:10:10.486,14590,14591,14591,2,2
2022-09-14 15:10:12.076,14590,14591,14590,1,-1
2022-09-14 15:10:12.076,14590,14591,14590,1,-1
2022-09-14 15:10:12.076,14590,14591,14590,4,-4
2022-09-14 15:10:12.081,14590,14591,14589,2,-2
2022-09-14 15:10:12.098,14590,14591,14589,2,-2
2022-09-14 15:10:12.132,14590,14591,14589,2,-2
2022-09-14 15:10:12.338,14589,14590,14589,22,-22
2022-09-14 15:10:12.338,14589,14590,14589,1,-1
2022-09-14 15:10:12.338,14589,14590,14589,4,-4
2022-09-14 15:10:18.747,14590,14591,14590,1,-1
2022-09-14 15:10:19.387,14590,14592,14592,1,1
2022-09-14 15:10:19.387,14590,14592,14592,4,4
2022-09-14 15:10:19.436,14592,14593,14593,1,1
2022-09-14 15:10:22.616,14593,14594,14594,1,1
2022-09-14 15:10:22.777,14593,14594,14593,1,-1
2022-09-14 15:10:22.777,14593,14594,14592,1,-1
2022-09-14 15:10:24.833,14591,14593,14593,3,3
2022-09-14 15:10:36.007,14590,14591,14590,1,-1
2022-09-14 15:10:38.896,14589,14591,14589,1,-1
2022-09-14 15:10:42.116,14590,14591,14590,2,-2
2022-09-14 15:10:42.169,14590,14591,14591,1,1
2022-09-14 15:10:47.626,14591,14592,14592,1,1
2022-09-14 15:10:56.781,14591,14592,14591,1,-1
2022-09-14 15:10:56.781,14591,14592,14591,2,-2
2022-09-14 15:11:01.799,14590,14591,14591,2,2
2022-09-14 15:11:01.800,14590,14591,14591,1,1
2022-09-14 15:11:03.405,14590,14592,14591,1,1
2022-09-14 15:11:03.406,14590,14592,14591,1,1
2022-09-14 15:11:03.563,14590,14591,14591,1,1
2022-09-14 15:11:04.133,14590,14591,14590,5,-5
2022-09-14 15:11:04.321,14590,14591,14590,1,-1
2022-09-14 15:11:04.321,14590,14591,14590,1,-1
2022-09-14 15:11:04.321,14590,14591,14590,1,-1
2022-09-14 15:11:04.321,14590,14591,14590,1,-1
2022-09-14 15:11:04.321,14590,14591,14590,9,-9
2022-09-14 15:11:04.321,14590,14591,14590,2,-2
2022-09-14 15:11:04.833,14589,14590,14590,1,1
2022-09-14 15:11:08.405,14589,14590,14589,2,-2
2022-09-14 15:11:08.405,14589,14590,14589,3,-3
2022-09-14 15:11:08.430,14588,14590,14590,1,1
2022-09-14 15:11:09.358,14588,14589,14589,3,3
2022-09-14 15:11:10.603,14588,14590,14590,1,1
2022-09-14 15:11:11.363,14589,14590,14589,1,-1
2022-09-14 15:11:12.713,14589,14590,14589,4,-4
2022-09-14 15:11:15.252,14588,14589,14589,2,2
2022-09-14 15:11:15.252,14588,14589,14589,1,1
2022-09-14 15:11:15.252,14588,14589,14589,3,3
2022-09-14 15:11:17.599,14589,14590,14590,1,1
2022-09-14 15:11:17.600,14589,14590,14590,3,3
2022-09-14 15:11:23.246,14589,14590,14589,5,-5
2022-09-14 15:11:23.246,14589,14590,14589,1,-1
2022-09-14 15:11:23.246,14589,14590,14589,1,-1
2022-09-14 15:11:23.246,14589,14590,14589,2,-2
2022-09-14 15:11:23.246,14589,14590,14589,8,-8
2022-09-14 15:11:23.247,14589,14590,14589,3,-3
2022-09-14 15:11:28.870,14589,14590,14589,5,-5
2022-09-14 15:11:29.206,14589,14590,14589,4,-4
2022-09-14 15:11:29.207,14589,14590,14589,1,-1
2022-09-14 15:11:32.979,14588,14589,14589,2,2
2022-09-14 15:11:33.473,14589,14590,14589,1,-1
2022-09-14 15:11:34.813,14588,14590,14588,32,-32
2022-09-14 15:11:34.813,14588,14590,14588,2,-2
2022-09-14 15:11:34.822,14588,14590,14588,1,-1
2022-09-14 15:11:35.048,14587,14589,14589,2,2
2022-09-14 15:11:35.995,14587,14589,14589,1,1
2022-09-14 15:11:39.267,14588,14589,14588,1,-1
2022-09-14 15:11:45.532,14587,14589,14587,14,-14
2022-09-14 15:11:46.432,14588,14589,14588,1,-1
2022-09-14 15:11:46.835,14587,14588,14587,1,-1
2022-09-14 15:11:50.866,14587,14588,14587,1,-1
2022-09-14 15:11:55.418,14587,14588,14588,2,2
2022-09-14 15:11:59.437,14588,14589,14588,1,-1
2022-09-14 15:11:59.437,14588,14589,14587,1,-1
2022-09-14 15:12:00.240,14587,14588,14587,1,-1
2022-09-14 15:12:02.446,14587,14588,14588,2,2
2022-09-14 15:12:03.416,14588,14589,14589,1,1
2022-09-14 15:12:06.915,14588,14590,14589,1,1
2022-09-14 15:12:06.915,14588,14590,14589,1,1
2022-09-14 15:12:14.262,14588,14589,14588,2,-2
2022-09-14 15:12:14.262,14588,14589,14588,2,-2
2022-09-14 15:12:14.262,14588,14589,14588,1,-1
2022-09-14 15:12:17.146,14587,14589,14587,1,-1
2022-09-14 15:12:17.457,14587,14589,14587,1,-1
2022-09-14 15:12:23.415,14587,14589,14589,1,1
2022-09-14 15:12:28.627,14587,14588,14587,2,-2
2022-09-14 15:12:29.596,14586,14588,14588,1,1
2022-09-14 15:12:30.785,14586,14588,14586,1,-1
2022-09-14 15:12:30.785,14586,14588,14586,3,-3
2022-09-14 15:12:30.785,14586,14588,14586,1,-1
2022-09-14 15:12:30.785,14586,14588,14586,2,-2
2022-09-14 15:12:30.785,14586,14588,14586,6,-6
2022-09-14 15:12:31.657,14585,14586,14585,1,-1
2022-09-14 15:12:31.698,14585,14586,14585,1,-1
2022-09-14 15:12:31.698,14585,14586,14585,2,-2
2022-09-14 15:12:32.202,14584,14586,14584,1,-1
2022-09-14 15:12:32.318,14584,14586,14584,3,-3
2022-09-14 15:12:32.411,14584,14586,14584,1,-1
2022-09-14 15:12:32.559,14584,14586,14586,1,1
2022-09-14 15:12:32.588,14584,14586,14584,2,-2
2022-09-14 15:12:33.533,14583,14585,14585,2,2
2022-09-14 15:12:35.549,14584,14586,14584,1,-1
2022-09-14 15:12:37.430,14584,14587,14584,1,-1
2022-09-14 15:12:44.959,14585,14587,14585,2,-2
2022-09-14 15:12:48.429,14585,14587,14586,1,-1
2022-09-14 15:12:48.921,14586,14587,14587,1,1
2022-09-14 15:12:54.153,14586,14588,14588,1,1
2022-09-14 15:13:05.868,14586,14588,14588,1,1
2022-09-14 15:13:09.636,14587,14588,14588,2,2
2022-09-14 15:13:09.636,14587,14588,14589,11,11
2022-09-14 15:13:10.389,14589,14590,14589,1,-1
2022-09-14 15:13:10.934,14589,14590,14589,2,-2
2022-09-14 15:13:10.935,14589,14590,14589,4,-4
2022-09-14 15:13:10.935,14589,14590,14589,1,-1
2022-09-14 15:13:10.935,14589,14590,14589,1,-1
2022-09-14 15:13:10.935,14589,14590,14589,5,-5
2022-09-14 15:13:10.935,14589,14590,14589,13,-13
2022-09-14 15:13:15.466,14587,14588,14588,1,1
2022-09-14 15:13:17.158,14588,14590,14590,1,1
2022-09-14 15:13:20.770,14588,14589,14589,1,1
2022-09-14 15:13:33.526,14589,14590,14589,1,-1
2022-09-14 15:13:40.208,14587,14589,14589,1,1
2022-09-14 15:13:42.199,14588,14589,14589,1,1
2022-09-14 15:13:46.014,14587,14590,14587,1,-1
2022-09-14 15:13:48.148,14587,14588,14588,1,1
2022-09-14 15:13:48.149,14587,14588,14588,1,1
2022-09-14 15:13:51.258,14587,14589,14588,1,1
2022-09-14 15:13:56.423,14587,14588,14588,4,4
2022-09-14 15:14:05.267,14588,14589,14589,3,3
2022-09-14 15:14:05.515,14589,14590,14589,1,-1
2022-09-14 15:14:07.742,14589,14590,14590,9,9
2022-09-14 15:14:07.743,14589,14590,14590,1,1
2022-09-14 15:14:08.848,14589,14591,14589,1,-1
2022-09-14 15:14:09.121,14589,14591,14591,1,1
2022-09-14 15:14:21.265,14590,14591,14591,1,1
2022-09-14 15:14:26.672,14590,14592,14592,1,1
2022-09-14 15:14:26.709,14590,14592,14592,1,1
2022-09-14 15:14:26.994,14590,14592,14592,1,1
2022-09-14 15:14:39.831,14590,14591,14590,1,-1
2022-09-14 15:14:39.896,14590,14591,14590,1,-1
2022-09-14 15:14:44.961,14588,14590,14588,2,-2
2022-09-14 15:14:45.471,14588,14589,14589,2,2
2022-09-14 15:14:57.716,14588,14589,14589,1,1
2022-09-14 15:14:58.511,14589,14590,14590,9,9
2022-09-14 15:14:58.768,14589,14591,14589,6,-6
2022-09-14 15:15:06.575,14589,14590,14590,1,1
2022-09-14 15:15:06.758,14590,14591,14591,1,1
2022-09-14 15:15:06.831,14591,14592,14591,1,-1
2022-09-14 15:15:06.838,14591,14592,14591,1,-1
2022-09-14 15:15:06.845,14591,14592,14589,1,-1
2022-09-14 15:15:06.852,14591,14592,14589,1,-1
2022-09-14 15:15:06.877,14591,14592,14589,1,-1
2022-09-14 15:15:06.889,14591,14592,14589,1,-1
2022-09-14 15:15:06.909,14591,14592,14589,1,-1
2022-09-14 15:15:06.927,14589,14591,14589,1,-1
2022-09-14 15:15:06.941,14589,14591,14589,1,-1
2022-09-14 15:15:06.948,14589,14591,14588,1,-1
2022-09-14 15:15:06.964,14589,14591,14588,1,-1
2022-09-14 15:15:06.964,14589,14591,14588,1,-1
2022-09-14 15:15:06.989,14589,14591,14588,1,-1
2022-09-14 15:15:07.014,14589,14591,14588,1,-1
2022-09-14 15:15:07.045,14588,14591,14588,1,-1
2022-09-14 15:15:07.132,14588,14591,14588,1,-1
2022-09-14 15:15:17.844,14589,14590,14589,1,-1
2022-09-14 15:15:20.288,14589,14590,14590,2,2
2022-09-14 15:15:27.533,14589,14590,14590,1,1
2022-09-14 15:15:38.259,14589,14590,14589,2,-2
2022-09-14 15:15:38.260,14589,14590,14589,2,-2
2022-09-14 15:15:42.770,14588,14589,14589,2,2
2022-09-14 15:15:43.691,14589,14590,14590,1,1
2022-09-14 15:15:43.691,14589,14590,14590,1,1
2022-09-14 15:15:44.465,14590,14591,14591,2,2
2022-09-14 15:15:44.642,14590,14592,14590,3,-3
2022-09-14 15:15:45.624,14590,14592,14592,7,7
2022-09-14 15:15:51.357,14590,14592,14592,1,1
2022-09-14 15:15:51.946,14590,14592,14590,1,-1
2022-09-14 15:15:53.833,14591,14592,14592,10,10
2022-09-14 15:16:02.121,14591,14592,14592,1,1
2022-09-14 15:16:02.173,14591,14592,14592,1,1
2022-09-14 15:16:02.173,14591,14592,14592,1,1
2022-09-14 15:16:02.174,14591,14592,14593,1,1
2022-09-14 15:16:02.174,14591,14592,14593,2,2
2022-09-14 15:16:02.174,14591,14592,14593,2,2
2022-09-14 15:16:02.174,14591,14592,14593,3,3
2022-09-14 15:16:10.799,14591,14592,14592,2,2
2022-09-14 15:16:10.921,14591,14592,14592,1,1
2022-09-14 15:16:24.388,14591,14592,14592,1,1
2022-09-14 15:16:24.422,14591,14592,14592,1,1
2022-09-14 15:16:24.422,14591,14592,14592,1,1
2022-09-14 15:16:24.422,14591,14592,14592,1,1
2022-09-14 15:16:24.422,14591,14592,14592,1,1
2022-09-14 15:16:24.426,14591,14592,14592,1,1
2022-09-14 15:16:26.745,14591,14592,14591,4,-4
2022-09-14 15:16:26.745,14591,14592,14591,2,-2
2022-09-14 15:16:26.823,14590,14591,14591,1,1
2022-09-14 15:16:26.925,14590,14591,14591,1,1
2022-09-14 15:16:28.021,14590,14591,14590,3,-3
2022-09-14 15:16:28.021,14590,14591,14590,3,-3
2022-09-14 15:16:28.046,14589,14590,14590,1,1
2022-09-14 15:16:30.334,14589,14590,14590,1,1
2022-09-14 15:16:35.246,14589,14590,14589,2,-2
2022-09-14 15:16:35.246,14589,14590,14589,8,-8
2022-09-14 15:16:35.246,14589,14590,14589,1,-1
2022-09-14 15:16:35.863,14588,14589,14589,2,2
2022-09-14 15:16:38.396,14588,14589,14589,1,1
2022-09-14 15:16:38.427,14588,14589,14589,1,1
2022-09-14 15:16:41.910,14588,14589,14589,1,1
2022-09-14 15:16:41.910,14588,14589,14589,2,2
2022-09-14 15:16:41.910,14588,14589,14589,1,1
2022-09-14 15:16:42.147,14588,14590,14588,8,-8
2022-09-14 15:16:42.960,14587,14588,14587,2,-2
2022-09-14 15:16:42.960,14587,14588,14587,3,-3
2022-09-14 15:16:44.166,14586,14587,14586,3,-3
2022-09-14 15:16:48.433,14585,14586,14586,1,1
2022-09-14 15:16:48.872,14585,14586,14586,1,1
2022-09-14 15:16:49.285,14585,14586,14585,3,-3
2022-09-14 15:16:49.285,14585,14586,14585,2,-2
2022-09-14 15:16:49.286,14585,14586,14585,2,-2
2022-09-14 15:16:50.542,14585,14587,14585,2,-2
2022-09-14 15:16:53.710,14587,14589,14587,1,-1
2022-09-14 15:16:53.938,14587,14589,14587,1,-1
2022-09-14 15:16:58.028,14586,14588,14586,1,-1
2022-09-14 15:17:01.418,14586,14588,14587,1,-1
2022-09-14 15:17:01.753,14586,14588,14586,2,-2
2022-09-14 15:17:03.188,14587,14588,14588,1,1
2022-09-14 15:17:06.768,14586,14588,14588,1,1
2022-09-14 15:17:20.085,14587,14588,14588,1,1
2022-09-14 15:17:21.196,14587,14588,14587,1,-1
2022-09-14 15:17:21.196,14587,14588,14587,1,-1
2022-09-14 15:17:21.196,14587,14588,14587,1,-1
2022-09-14 15:17:21.232,14587,14588,14588,1,1
2022-09-14 15:17:23.082,14587,14588,14587,1,-1
2022-09-14 15:17:27.432,14586,14587,14587,1,1
2022-09-14 15:17:30.120,14586,14587,14586,3,-3
2022-09-14 15:17:32.273,14585,14586,14586,1,1
2022-09-14 15:17:33.526,14585,14586,14585,1,-1
2022-09-14 15:17:33.708,14585,14586,14586,1,1
2022-09-14 15:17:35.504,14585,14586,14585,3,-3
2022-09-14 15:17:38.646,14585,14586,14585,3,-3
2022-09-14 15:17:41.228,14585,14586,14585,4,-4
2022-09-14 15:17:41.228,14585,14586,14585,5,-5
2022-09-14 15:17:41.228,14585,14586,14585,4,-4
2022-09-14 15:17:41.871,14584,14585,14585,1,1
2022-09-14 15:17:41.922,14584,14586,14586,1,1
2022-09-14 15:17:45.551,14585,14586,14586,1,1
2022-09-14 15:17:45.551,14585,14586,14586,1,1
2022-09-14 15:17:57.062,14585,14586,14586,1,1
2022-09-14 15:17:57.961,14585,14586,14585,1,-1
2022-09-14 15:17:57.961,14585,14586,14585,1,-1
2022-09-14 15:18:00.217,14584,14585,14584,1,-1
2022-09-14 15:18:02.869,14584,14585,14585,5,5
2022-09-14 15:18:03.031,14584,14585,14584,2,-2
2022-09-14 15:18:04.662,14584,14585,14584,10,-10
2022-09-14 15:18:07.160,14583,14585,14583,1,-1
2022-09-14 15:18:07.737,14583,14584,14583,1,-1
2022-09-14 15:18:07.737,14583,14584,14583,1,-1
2022-09-14 15:18:07.737,14583,14584,14583,1,-1
2022-09-14 15:18:08.076,14583,14584,14584,1,1
2022-09-14 15:18:09.483,14583,14584,14583,7,-7
2022-09-14 15:18:09.484,14583,14584,14583,3,-3
2022-09-14 15:18:09.484,14583,14584,14583,4,-4
2022-09-14 15:18:10.807,14582,14583,14583,1,1
2022-09-14 15:18:13.964,14582,14583,14583,1,1
2022-09-14 15:18:14.070,14582,14583,14583,2,2
2022-09-14 15:18:18.670,14582,14584,14584,2,2
2022-09-14 15:18:21.088,14582,14583,14583,2,2
2022-09-14 15:18:25.457,14582,14583,14582,1,-1
2022-09-14 15:18:25.457,14582,14583,14582,8,-8
2022-09-14 15:18:25.457,14582,14583,14582,5,-5
2022-09-14 15:18:25.457,14582,14583,14582,1,-1
2022-09-14 15:18:25.458,14582,14583,14582,5,-5
2022-09-14 15:18:25.656,14581,14582,14581,1,-1
2022-09-14 15:18:30.055,14581,14582,14582,2,2
2022-09-14 15:18:32.688,14581,14582,14581,2,-2
2022-09-14 15:18:33.345,14581,14582,14582,1,1
2022-09-14 15:18:33.582,14581,14582,14581,5,-5
2022-09-14 15:18:33.726,14581,14582,14581,1,-1
2022-09-14 15:18:35.838,14580,14581,14580,1,-1
2022-09-14 15:18:35.956,14580,14581,14580,3,-3
2022-09-14 15:18:35.956,14580,14581,14580,1,-1
2022-09-14 15:18:35.957,14580,14581,14580,2,-2
2022-09-14 15:18:35.960,14580,14581,14579,2,-2
2022-09-14 15:18:36.268,14579,14581,14581,1,1
2022-09-14 15:18:39.202,14580,14581,14580,1,-1
2022-09-14 15:18:40.204,14580,14581,14580,3,-3
2022-09-14 15:18:40.796,14580,14581,14581,3,3
2022-09-14 15:18:40.834,14580,14581,14580,9,-9
2022-09-14 15:18:43.862,14580,14581,14581,2,2
2022-09-14 15:18:48.369,14580,14582,14580,1,-1
2022-09-14 15:18:48.708,14579,14580,14580,1,1
2022-09-14 15:18:51.872,14579,14580,14580,9,9
2022-09-14 15:18:51.873,14579,14580,14580,1,1
2022-09-14 15:18:52.099,14580,14581,14580,1,-1
2022-09-14 15:18:52.099,14580,14581,14580,20,-20
2022-09-14 15:18:52.794,14579,14580,14579,2,-2
2022-09-14 15:18:52.794,14579,14580,14579,7,-7
2022-09-14 15:18:52.794,14579,14580,14579,2,-2
2022-09-14 15:18:52.795,14579,14580,14579,1,-1
2022-09-14 15:18:52.795,14579,14580,14579,1,-1
2022-09-14 15:18:52.795,14579,14580,14579,4,-4
2022-09-14 15:18:54.429,14578,14580,14578,3,-3
2022-09-14 15:18:54.565,14578,14579,14578,2,-2
2022-09-14 15:18:54.617,14578,14579,14578,3,-3
2022-09-14 15:18:54.974,14578,14579,14578,11,-11
2022-09-14 15:18:55.335,14577,14578,14577,1,-1
2022-09-14 15:18:55.335,14577,14578,14577,1,-1
2022-09-14 15:18:55.335,14577,14578,14577,2,-2
2022-09-14 15:18:55.335,14577,14578,14577,1,-1
2022-09-14 15:18:58.815,14576,14577,14577,1,1
2022-09-14 15:18:59.041,14576,14577,14577,1,1
2022-09-14 15:18:59.266,14576,14578,14577,1,1
2022-09-14 15:18:59.312,14577,14578,14577,1,-1
2022-09-14 15:18:59.312,14577,14578,14577,1,-1
2022-09-14 15:18:59.361,14577,14578,14577,1,-1
2022-09-14 15:18:59.397,14577,14578,14576,1,-1
2022-09-14 15:18:59.457,14576,14578,14576,1,-1
2022-09-14 15:19:00.019,14576,14578,14577,1,-1
2022-09-14 15:19:00.056,14577,14578,14577,1,-1
2022-09-14 15:19:01.042,14577,14578,14578,1,1
2022-09-14 15:19:01.042,14577,14578,14578,1,1
2022-09-14 15:19:01.735,14578,14579,14578,1,-1
2022-09-14 15:19:04.123,14577,14578,14577,3,-3
2022-09-14 15:19:04.764,14576,14578,14578,5,5
2022-09-14 15:19:05.500,14577,14578,14577,1,-1
2022-09-14 15:19:05.501,14577,14578,14577,4,-4
2022-09-14 15:19:06.615,14576,14577,14576,1,-1
2022-09-14 15:19:06.615,14576,14577,14576,2,-2
2022-09-14 15:19:06.615,14576,14577,14576,18,-18
2022-09-14 15:19:09.328,14575,14576,14575,2,-2
2022-09-14 15:19:09.328,14575,14576,14575,1,-1
2022-09-14 15:19:09.328,14575,14576,14575,14,-14
2022-09-14 15:19:09.521,14574,14575,14575,1,1
2022-09-14 15:19:09.600,14574,14575,14574,2,-2
2022-09-14 15:19:09.601,14574,14575,14574,2,-2
2022-09-14 15:19:11.173,14574,14575,14575,2,2
2022-09-14 15:19:11.174,14574,14575,14575,1,1
2022-09-14 15:19:12.260,14575,14576,14575,1,-1
2022-09-14 15:19:13.175,14575,14576,14575,2,-2
2022-09-14 15:19:14.026,14575,14576,14575,1,-1
2022-09-14 15:19:14.026,14575,14576,14574,1,-1
2022-09-14 15:19:14.257,14574,14576,14574,1,-1
2022-09-14 15:19:16.545,14574,14575,14574,1,-1
2022-09-14 15:19:16.785,14574,14575,14574,1,-1
2022-09-14 15:19:17.739,14574,14575,14575,1,1
2022-09-14 15:19:19.159,14575,14576,14576,1,1
2022-09-14 15:19:19.159,14575,14576,14576,1,1
2022-09-14 15:19:21.420,14575,14576,14576,1,1
2022-09-14 15:19:22.474,14575,14576,14576,1,1
2022-09-14 15:19:22.569,14575,14576,14576,1,1
2022-09-14 15:19:23.010,14575,14576,14576,6,6
2022-09-14 15:19:23.011,14575,14576,14576,1,1
2022-09-14 15:19:24.255,14575,14577,14576,1,1
2022-09-14 15:19:25.853,14576,14577,14576,1,-1
2022-09-14 15:19:25.853,14576,14577,14576,1,-1
2022-09-14 15:19:26.982,14575,14576,14576,1,1
2022-09-14 15:19:32.394,14575,14577,14576,1,1
2022-09-14 15:19:32.398,14575,14577,14576,1,1
2022-09-14 15:19:34.221,14575,14576,14575,1,-1
2022-09-14 15:19:34.221,14575,14576,14575,1,-1
2022-09-14 15:19:34.260,14575,14576,14574,2,-2
2022-09-14 15:19:34.900,14574,14575,14574,2,-2
2022-09-14 15:19:35.450,14574,14575,14575,4,4
2022-09-14 15:19:37.151,14574,14575,14574,1,-1
2022-09-14 15:19:39.474,14574,14575,14574,1,-1
2022-09-14 15:19:39.537,14574,14575,14575,4,4
2022-09-14 15:19:40.199,14574,14575,14574,3,-3
2022-09-14 15:19:40.836,14573,14575,14573,2,-2
2022-09-14 15:19:41.289,14573,14575,14573,2,-2
2022-09-14 15:19:43.145,14573,14574,14573,2,-2
2022-09-14 15:19:43.145,14573,14574,14573,2,-2
2022-09-14 15:19:43.697,14573,14574,14573,2,-2
2022-09-14 15:19:44.110,14573,14574,14574,1,1
2022-09-14 15:19:44.140,14573,14574,14573,1,-1
2022-09-14 15:19:45.193,14573,14574,14573,1,-1
2022-09-14 15:19:45.193,14573,14574,14573,5,-5
2022-09-14 15:19:46.144,14572,14573,14572,1,-1
2022-09-14 15:19:46.197,14572,14573,14572,1,-1
2022-09-14 15:19:47.277,14571,14572,14572,1,1
2022-09-14 15:19:48.058,14571,14573,14571,1,-1
2022-09-14 15:19:48.190,14571,14573,14571,1,-1
2022-09-14 15:19:50.127,14572,14573,14572,1,-1
2022-09-14 15:19:50.697,14571,14572,14571,2,-2
2022-09-14 15:19:51.186,14571,14572,14571,5,-5
2022-09-14 15:19:51.723,14570,14572,14570,2,-2
2022-09-14 15:19:51.840,14570,14572,14570,1,-1
2022-09-14 15:19:52.251,14571,14572,14571,1,-1
2022-09-14 15:19:52.336,14571,14572,14571,1,-1
2022-09-14 15:19:52.336,14571,14572,14571,1,-1
2022-09-14 15:19:52.604,14571,14572,14571,2,-2
2022-09-14 15:19:52.604,14571,14572,14571,2,-2
2022-09-14 15:19:52.708,14571,14572,14571,2,-2
2022-09-14 15:19:52.736,14571,14572,14571,1,-1
2022-09-14 15:19:52.871,14571,14572,14571,1,-1
2022-09-14 15:19:53.791,14571,14572,14571,2,-2
2022-09-14 15:19:53.908,14571,14572,14570,1,-1
2022-09-14 15:19:54.153,14571,14572,14571,1,-1
2022-09-14 15:19:54.153,14571,14572,14571,1,-1
2022-09-14 15:19:54.310,14570,14571,14570,2,-2
2022-09-14 15:19:55.668,14570,14571,14570,3,-3
2022-09-14 15:19:55.669,14570,14571,14570,4,-4
2022-09-14 15:19:55.669,14570,14571,14570,2,-2
2022-09-14 15:19:55.669,14570,14571,14570,1,-1
2022-09-14 15:19:55.669,14570,14571,14570,1,-1
2022-09-14 15:19:55.669,14570,14571,14570,7,-7
2022-09-14 15:19:56.136,14569,14570,14569,3,-3
2022-09-14 15:19:56.293,14568,14569,14568,1,-1
2022-09-14 15:19:56.730,14568,14569,14568,2,-2
2022-09-14 15:19:56.730,14568,14569,14568,1,-1
2022-09-14 15:19:56.730,14568,14569,14568,1,-1
2022-09-14 15:19:56.730,14568,14569,14568,1,-1
2022-09-14 15:19:56.730,14568,14569,14568,1,-1
2022-09-14 15:19:56.731,14568,14569,14568,1,-1
2022-09-14 15:19:57.474,14567,14568,14568,1,1
2022-09-14 15:19:57.647,14567,14568,14567,7,-7
2022-09-14 15:19:57.681,14566,14567,14567,3,3
2022-09-14 15:19:57.777,14566,14567,14566,1,-1
2022-09-14 15:19:57.828,14566,14567,14566,1,-1
2022-09-14 15:19:57.882,14566,14567,14566,3,-3
2022-09-14 15:19:58.464,14566,14567,14566,1,-1
2022-09-14 15:19:58.483,14566,14567,14567,1,1
2022-09-14 15:19:59.792,14566,14567,14566,10,-10
2022-09-14 15:20:00.625,14566,14567,14567,1,1
2022-09-14 15:20:00.655,14566,14567,14566,1,-1
2022-09-14 15:20:00.674,14565,14566,14565,1,-1
2022-09-14 15:20:00.674,14565,14566,14565,3,-3
2022-09-14 15:20:00.674,14565,14566,14565,2,-2
2022-09-14 15:20:00.674,14565,14566,14565,4,-4
2022-09-14 15:20:00.674,14565,14566,14564,1,-1
2022-09-14 15:20:00.675,14565,14566,14564,1,-1
2022-09-14 15:20:00.675,14565,14566,14564,2,-2
2022-09-14 15:20:00.675,14565,14566,14564,2,-2
2022-09-14 15:20:00.677,14565,14566,14564,1,-1
2022-09-14 15:20:00.677,14565,14566,14564,2,-2
2022-09-14 15:20:00.695,14565,14566,14564,1,-1
2022-09-14 15:20:00.822,14564,14565,14564,2,-2
2022-09-14 15:20:00.822,14564,14565,14563,3,-3
2022-09-14 15:20:00.875,14564,14565,14563,1,-1
2022-09-14 15:20:00.890,14564,14565,14563,1,-1
2022-09-14 15:20:00.890,14564,14565,14563,1,-1
2022-09-14 15:20:00.930,14563,14565,14563,1,-1
2022-09-14 15:20:01.086,14563,14565,14565,1,1
2022-09-14 15:20:01.171,14564,14566,14564,1,-1
2022-09-14 15:20:01.176,14564,14566,14564,1,-1
2022-09-14 15:20:01.181,14564,14566,14564,1,-1
2022-09-14 15:20:01.202,14564,14566,14563,1,-1
2022-09-14 15:20:01.421,14563,14565,14565,1,1
2022-09-14 15:20:01.728,14563,14565,14563,3,-3
2022-09-14 15:20:01.728,14563,14565,14562,8,-8
2022-09-14 15:20:01.728,14563,14565,14561,21,-21
2022-09-14 15:20:01.728,14563,14565,14560,27,-27
2022-09-14 15:20:01.728,14563,14565,14559,1,-1
2022-09-14 15:20:01.731,14563,14565,14561,2,-2
2022-09-14 15:20:01.731,14563,14565,14560,3,-3
2022-09-14 15:20:01.771,14563,14565,14561,1,-1
2022-09-14 15:20:02.061,14560,14562,14562,1,1
2022-09-14 15:20:02.065,14560,14562,14562,2,2
2022-09-14 15:20:02.065,14560,14562,14562,4,4
2022-09-14 15:20:02.097,14560,14562,14562,1,1
2022-09-14 15:20:02.303,14562,14563,14563,2,2
2022-09-14 15:20:02.396,14562,14563,14564,1,1
2022-09-14 15:20:02.403,14562,14563,14562,2,-2
2022-09-14 15:20:02.546,14561,14563,14561,2,-2
2022-09-14 15:20:02.601,14561,14563,14561,2,-2
2022-09-14 15:20:02.624,14561,14563,14561,1,-1
2022-09-14 15:20:02.632,14561,14563,14561,2,-2
2022-09-14 15:20:02.655,14561,14563,14561,1,-1
2022-09-14 15:20:02.725,14560,14562,14560,1,-1
2022-09-14 15:20:02.726,14560,14562,14560,1,-1
2022-09-14 15:20:02.772,14560,14562,14560,1,-1
2022-09-14 15:20:03.048,14560,14562,14562,1,1
2022-09-14 15:20:03.300,14561,14563,14563,1,1
2022-09-14 15:20:03.357,14561,14563,14562,1,1
2022-09-14 15:20:03.357,14561,14563,14562,1,1
2022-09-14 15:20:04.373,14562,14563,14563,1,1
2022-09-14 15:20:04.373,14562,14563,14563,1,1
2022-09-14 15:20:04.501,14562,14564,14562,7,-7
2022-09-14 15:20:08.399,14564,14565,14564,3,-3
2022-09-14 15:20:08.451,14563,14564,14564,1,1
2022-09-14 15:20:08.603,14563,14564,14564,1,1
2022-09-14 15:20:08.603,14563,14564,14564,1,1
2022-09-14 15:20:09.236,14564,14565,14564,1,-1
2022-09-14 15:20:09.237,14564,14565,14564,2,-2
2022-09-14 15:20:09.237,14564,14565,14564,1,-1
2022-09-14 15:20:09.296,14563,14565,14563,1,-1
2022-09-14 15:20:09.296,14563,14565,14563,1,-1
2022-09-14 15:20:09.296,14563,14565,14563,1,-1
2022-09-14 15:20:09.298,14563,14565,14563,1,-1
2022-09-14 15:20:09.299,14563,14565,14563,1,-1
2022-09-14 15:20:09.300,14563,14565,14563,1,-1
2022-09-14 15:20:09.540,14563,14564,14564,1,1
2022-09-14 15:20:11.803,14564,14565,14565,3,3
2022-09-14 15:20:13.403,14565,14566,14565,1,-1
2022-09-14 15:20:13.962,14564,14565,14564,1,-1
2022-09-14 15:20:13.962,14564,14565,14564,4,-4
2022-09-14 15:20:13.962,14564,14565,14564,4,-4
2022-09-14 15:20:14.423,14563,14564,14564,1,1
2022-09-14 15:20:14.507,14563,14564,14564,1,1
2022-09-14 15:20:15.155,14563,14564,14564,5,5
2022-09-14 15:20:17.162,14564,14565,14565,1,1
2022-09-14 15:20:17.164,14564,14565,14565,1,1
2022-09-14 15:20:19.682,14565,14566,14566,1,1
2022-09-14 15:20:19.796,14565,14567,14565,1,-1
2022-09-14 15:20:19.799,14565,14567,14565,1,-1
2022-09-14 15:20:19.866,14565,14567,14566,1,-1
2022-09-14 15:20:20.418,14565,14567,14565,1,-1
2022-09-14 15:20:20.537,14565,14567,14565,2,-2
2022-09-14 15:20:22.759,14566,14567,14566,1,-1
2022-09-14 15:20:23.160,14566,14567,14566,2,-2
2022-09-14 15:20:24.254,14565,14567,14566,1,-1
2022-09-14 15:20:25.704,14566,14567,14567,4,4
2022-09-14 15:20:26.476,14566,14568,14567,1,1
2022-09-14 15:20:27.172,14567,14568,14567,2,-2
2022-09-14 15:20:27.172,14567,14568,14566,3,-3
2022-09-14 15:20:27.296,14566,14568,14566,1,-1
2022-09-14 15:20:27.296,14566,14568,14566,1,-1
2022-09-14 15:20:27.432,14566,14567,14567,1,1
2022-09-14 15:20:28.505,14566,14568,14568,11,11
2022-09-14 15:20:28.817,14568,14570,14568,1,-1
2022-09-14 15:20:30.356,14569,14570,14569,1,-1
2022-09-14 15:20:31.147,14569,14570,14570,4,4
2022-09-14 15:20:32.035,14569,14571,14569,5,-5
2022-09-14 15:20:32.444,14569,14571,14569,1,-1
2022-09-14 15:20:33.337,14569,14570,14570,1,1
2022-09-14 15:20:34.480,14570,14571,14570,1,-1
2022-09-14 15:20:35.246,14570,14571,14570,1,-1
2022-09-14 15:20:36.775,14570,14571,14570,1,-1
2022-09-14 15:20:36.798,14570,14571,14570,1,-1
2022-09-14 15:20:36.800,14570,14571,14570,1,-1
2022-09-14 15:20:37.976,14570,14571,14570,1,-1
2022-09-14 15:20:38.947,14570,14571,14571,6,6
2022-09-14 15:20:38.978,14570,14571,14571,3,3
2022-09-14 15:20:39.055,14570,14572,14570,3,-3
2022-09-14 15:20:39.057,14570,14572,14570,1,-1
2022-09-14 15:20:42.241,14571,14572,14571,1,-1
2022-09-14 15:20:42.547,14571,14572,14571,1,-1
2022-09-14 15:20:43.058,14571,14572,14572,1,1
2022-09-14 15:20:43.335,14571,14572,14571,1,-1
2022-09-14 15:20:44.003,14571,14572,14572,1,1
2022-09-14 15:20:44.858,14571,14573,14572,1,1
2022-09-14 15:20:46.044,14572,14573,14572,1,-1
2022-09-14 15:20:46.094,14572,14573,14571,1,-1
2022-09-14 15:20:46.340,14571,14573,14571,1,-1
2022-09-14 15:20:46.634,14571,14573,14573,1,1
2022-09-14 15:20:46.795,14571,14572,14571,1,-1
2022-09-14 15:20:49.316,14572,14573,14572,1,-1
2022-09-14 15:20:50.850,14571,14572,14572,1,1
2022-09-14 15:20:52.322,14571,14572,14572,1,1
2022-09-14 15:20:54.604,14571,14572,14571,1,-1
2022-09-14 15:20:55.428,14570,14572,14572,2,2
2022-09-14 15:20:55.893,14570,14572,14571,1,1
2022-09-14 15:20:56.411,14571,14572,14571,1,-1
2022-09-14 15:20:56.464,14571,14572,14572,1,1
2022-09-14 15:20:58.559,14571,14573,14571,1,-1
2022-09-14 15:21:00.184,14571,14573,14571,1,-1
2022-09-14 15:21:01.716,14572,14573,14573,14,14
2022-09-14 15:21:02.079,14573,14574,14574,1,1
2022-09-14 15:21:05.890,14573,14574,14574,1,1
2022-09-14 15:21:07.248,14573,14574,14573,3,-3
2022-09-14 15:21:09.925,14572,14574,14572,3,-3
2022-09-14 15:21:09.987,14572,14574,14574,5,5
2022-09-14 15:21:10.343,14572,14574,14574,5,5
2022-09-14 15:21:11.013,14572,14574,14574,5,5
2022-09-14 15:21:12.129,14574,14575,14574,1,-1
2022-09-14 15:21:12.992,14574,14575,14575,3,3
2022-09-14 15:21:13.485,14575,14576,14576,1,1
2022-09-14 15:21:13.623,14575,14576,14576,3,3
2022-09-14 15:21:16.156,14576,14577,14577,3,3
2022-09-14 15:21:16.234,14577,14578,14578,1,1
2022-09-14 15:21:16.845,14577,14578,14577,1,-1
2022-09-14 15:21:17.706,14577,14578,14577,1,-1
2022-09-14 15:21:17.706,14577,14578,14576,1,-1
2022-09-14 15:21:19.138,14576,14578,14578,10,10
2022-09-14 15:21:20.089,14577,14578,14578,1,1
2022-09-14 15:21:21.459,14576,14577,14577,1,1
2022-09-14 15:21:23.559,14576,14578,14578,5,5
2022-09-14 15:21:24.071,14576,14578,14578,5,5
2022-09-14 15:21:24.734,14576,14578,14577,1,1
2022-09-14 15:21:25.028,14576,14578,14577,1,1
2022-09-14 15:21:25.395,14577,14578,14578,3,3
2022-09-14 15:21:27.996,14576,14577,14576,1,-1
2022-09-14 15:21:27.996,14576,14577,14576,1,-1
2022-09-14 15:21:28.248,14575,14576,14575,3,-3
2022-09-14 15:21:28.558,14573,14575,14575,5,5
2022-09-14 15:21:28.731,14573,14575,14575,1,1
2022-09-14 15:21:29.022,14573,14574,14574,3,3
2022-09-14 15:21:29.022,14573,14574,14575,2,2
2022-09-14 15:21:29.414,14573,14575,14573,1,-1
2022-09-14 15:21:29.645,14573,14574,14573,1,-1
2022-09-14 15:21:29.682,14572,14574,14574,5,5
2022-09-14 15:21:32.649,14572,14573,14573,6,6
2022-09-14 15:21:32.649,14572,14573,14574,11,11
2022-09-14 15:21:32.650,14572,14573,14574,3,3
2022-09-14 15:21:36.348,14573,14574,14574,5,5
2022-09-14 15:21:40.275,14574,14575,14575,4,4
2022-09-14 15:21:41.052,14574,14575,14574,1,-1
2022-09-14 15:21:41.913,14574,14575,14574,1,-1
2022-09-14 15:21:44.288,14574,14575,14575,3,3
2022-09-14 15:21:48.605,14574,14575,14575,1,1
2022-09-14 15:21:48.605,14574,14575,14575,6,6
2022-09-14 15:21:48.605,14574,14575,14575,8,8
2022-09-14 15:21:49.119,14575,14576,14576,1,1
2022-09-14 15:21:49.973,14576,14577,14576,1,-1
2022-09-14 15:21:50.391,14575,14577,14577,1,1
2022-09-14 15:21:54.147,14575,14576,14575,1,-1
2022-09-14 15:21:54.348,14574,14576,14574,2,-2
2022-09-14 15:21:55.075,14574,14575,14574,7,-7
2022-09-14 15:21:55.075,14574,14575,14574,4,-4
2022-09-14 15:21:55.075,14574,14575,14574,3,-3
2022-09-14 15:21:59.222,14573,14574,14574,1,1
2022-09-14 15:22:00.212,14573,14574,14573,1,-1
2022-09-14 15:22:00.229,14573,14574,14573,4,-4
2022-09-14 15:22:01.120,14573,14574,14573,1,-1
2022-09-14 15:22:02.311,14573,14574,14573,1,-1
2022-09-14 15:22:02.842,14573,14574,14574,1,1
2022-09-14 15:22:03.293,14573,14574,14574,1,1
2022-09-14 15:22:03.294,14573,14574,14574,4,4
2022-09-14 15:22:04.149,14573,14575,14573,1,-1
2022-09-14 15:22:04.623,14573,14575,14573,1,-1
2022-09-14 15:22:05.886,14573,14574,14574,1,1
2022-09-14 15:22:06.081,14573,14574,14574,1,1
2022-09-14 15:22:07.821,14573,14574,14573,7,-7
2022-09-14 15:22:07.821,14573,14574,14573,1,-1
2022-09-14 15:22:07.821,14573,14574,14573,1,-1
2022-09-14 15:22:07.821,14573,14574,14573,7,-7
2022-09-14 15:22:07.822,14573,14574,14573,2,-2
2022-09-14 15:22:09.350,14572,14574,14572,2,-2
2022-09-14 15:22:11.673,14572,14573,14572,1,-1
2022-09-14 15:22:13.971,14571,14573,14571,1,-1
2022-09-14 15:22:17.163,14572,14573,14572,1,-1
2022-09-14 15:22:19.600,14572,14573,14572,1,-1
2022-09-14 15:22:20.221,14572,14573,14572,1,-1
2022-09-14 15:22:21.583,14572,14573,14572,1,-1
2022-09-14 15:22:21.936,14572,14573,14573,1,1
2022-09-14 15:22:22.601,14572,14573,14572,1,-1
2022-09-14 15:22:22.744,14572,14573,14572,1,-1
2022-09-14 15:22:28.356,14573,14574,14574,1,1
2022-09-14 15:22:32.391,14573,14574,14574,1,1
2022-09-14 15:22:33.822,14573,14574,14574,1,1
2022-09-14 15:22:39.463,14573,14574,14574,1,1
2022-09-14 15:22:39.463,14573,14574,14574,1,1
2022-09-14 15:22:39.463,14573,14574,14574,7,7
2022-09-14 15:22:43.937,14574,14575,14574,1,-1
2022-09-14 15:22:47.107,14573,14574,14573,1,-1
2022-09-14 15:22:47.107,14573,14574,14573,4,-4
2022-09-14 15:22:47.202,14572,14574,14572,2,-2
2022-09-14 15:22:47.202,14572,14574,14572,3,-3
2022-09-14 15:22:47.203,14572,14574,14572,12,-12
2022-09-14 15:22:47.283,14572,14574,14572,3,-3
2022-09-14 15:22:47.388,14571,14572,14571,3,-3
2022-09-14 15:22:47.389,14571,14572,14571,4,-4
2022-09-14 15:22:47.413,14571,14572,14570,2,-2
2022-09-14 15:22:47.899,14569,14570,14570,1,1
2022-09-14 15:22:47.928,14570,14571,14570,1,-1
2022-09-14 15:22:50.139,14569,14571,14569,2,-2
2022-09-14 15:22:51.282,14567,14569,14567,1,-1
2022-09-14 15:22:51.389,14567,14569,14567,1,-1
2022-09-14 15:22:52.726,14566,14568,14566,2,-2
2022-09-14 15:22:52.810,14566,14567,14567,2,2
2022-09-14 15:22:52.894,14566,14567,14566,3,-3
2022-09-14 15:22:52.979,14566,14567,14566,2,-2
2022-09-14 15:22:53.249,14565,14567,14565,7,-7
2022-09-14 15:22:53.719,14564,14565,14564,8,-8
2022-09-14 15:22:54.028,14563,14565,14563,6,-6
2022-09-14 15:22:54.149,14564,14565,14563,1,-1
2022-09-14 15:22:54.214,14563,14565,14563,4,-4
2022-09-14 15:22:54.268,14563,14565,14566,1,1
2022-09-14 15:22:54.296,14564,14566,14564,1,-1
2022-09-14 15:22:54.480,14563,14565,14563,2,-2
2022-09-14 15:22:55.080,14562,14565,14562,1,-1
2022-09-14 15:22:55.180,14562,14563,14563,1,1
2022-09-14 15:22:55.295,14564,14565,14565,3,3
2022-09-14 15:22:55.295,14564,14565,14566,3,3
2022-09-14 15:22:55.447,14563,14565,14563,1,-1
2022-09-14 15:22:55.447,14563,14565,14563,1,-1
2022-09-14 15:22:57.032,14563,14565,14565,2,2
2022-09-14 15:22:57.141,14564,14565,14564,2,-2
2022-09-14 15:22:57.141,14564,14565,14563,3,-3
2022-09-14 15:22:57.914,14563,14565,14563,3,-3
2022-09-14 15:22:58.212,14564,14565,14564,1,-1
2022-09-14 15:22:58.212,14564,14565,14564,2,-2
2022-09-14 15:22:59.803,14563,14565,14564,1,-1
2022-09-14 15:22:59.803,14563,14565,14564,1,-1
2022-09-14 15:23:00.420,14565,14566,14566,3,3
2022-09-14 15:23:00.548,14564,14566,14564,1,-1
2022-09-14 15:23:00.548,14564,14566,14564,1,-1
2022-09-14 15:23:01.660,14564,14565,14564,1,-1
2022-09-14 15:23:03.688,14564,14565,14564,1,-1
2022-09-14 15:23:05.507,14564,14565,14564,2,-2
2022-09-14 15:23:08.050,14564,14565,14564,2,-2
2022-09-14 15:23:08.050,14564,14565,14564,2,-2
2022-09-14 15:23:08.050,14564,14565,14564,1,-1
2022-09-14 15:23:08.050,14564,14565,14564,1,-1
2022-09-14 15:23:08.050,14564,14565,14564,5,-5
2022-09-14 15:23:08.051,14564,14565,14564,4,-4
2022-09-14 15:23:08.051,14564,14565,14564,1,-1
2022-09-14 15:23:08.051,14564,14565,14564,2,-2
2022-09-14 15:23:08.051,14564,14565,14564,3,-3
2022-09-14 15:23:08.051,14564,14565,14564,1,-1
2022-09-14 15:23:11.276,14564,14565,14564,1,-1
2022-09-14 15:23:12.304,14563,14565,14565,5,5
2022-09-14 15:23:12.806,14563,14565,14565,1,1
2022-09-14 15:23:12.870,14563,14565,14565,1,1
2022-09-14 15:23:13.088,14565,14566,14565,1,-1
2022-09-14 15:23:13.197,14564,14566,14564,1,-1
2022-09-14 15:23:16.464,14565,14566,14565,1,-1
2022-09-14 15:23:19.236,14564,14565,14565,1,1
2022-09-14 15:23:20.211,14564,14565,14564,6,-6
2022-09-14 15:23:20.297,14564,14565,14564,1,-1
2022-09-14 15:23:21.616,14564,14565,14565,1,1
2022-09-14 15:23:21.919,14564,14565,14564,2,-2
2022-09-14 15:23:21.919,14564,14565,14564,3,-3
2022-09-14 15:23:21.920,14564,14565,14564,1,-1
2022-09-14 15:23:21.920,14564,14565,14564,2,-2
2022-09-14 15:23:21.920,14564,14565,14564,1,-1
2022-09-14 15:23:21.920,14564,14565,14564,3,-3
2022-09-14 15:23:21.920,14564,14565,14564,3,-3
2022-09-14 15:23:26.411,14563,14564,14564,1,1
2022-09-14 15:23:26.457,14563,14565,14564,1,1
2022-09-14 15:23:26.696,14564,14565,14564,1,-1
2022-09-14 15:23:26.696,14564,14565,14564,1,-1
2022-09-14 15:23:29.081,14563,14564,14563,2,-2
2022-09-14 15:23:29.081,14563,14564,14563,3,-3
2022-09-14 15:23:29.081,14563,14564,14563,1,-1
2022-09-14 15:23:29.081,14563,14564,14563,1,-1
2022-09-14 15:23:29.081,14563,14564,14563,10,-10
2022-09-14 15:23:31.478,14562,14563,14562,1,-1
2022-09-14 15:23:32.589,14562,14563,14562,1,-1
2022-09-14 15:23:32.895,14562,14563,14563,1,1
2022-09-14 15:23:33.059,14562,14563,14563,7,7
2022-09-14 15:23:33.438,14563,14564,14563,1,-1
2022-09-14 15:23:34.304,14563,14564,14563,1,-1
2022-09-14 15:23:35.543,14563,14564,14563,5,-5
2022-09-14 15:23:35.554,14563,14564,14563,1,-1
2022-09-14 15:23:36.164,14563,14564,14563,1,-1
2022-09-14 15:23:37.146,14563,14564,14563,2,-2
2022-09-14 15:23:37.331,14563,14564,14563,1,-1
2022-09-14 15:23:37.394,14563,14564,14563,1,-1
2022-09-14 15:23:39.545,14562,14563,14562,1,-1
2022-09-14 15:23:40.204,14562,14563,14562,2,-2
2022-09-14 15:23:43.018,14562,14563,14563,2,2
2022-09-14 15:23:45.951,14562,14563,14562,1,-1
2022-09-14 15:23:46.050,14562,14563,14562,2,-2
2022-09-14 15:23:48.583,14562,14563,14563,1,1
2022-09-14 15:23:49.073,14562,14563,14562,1,-1
2022-09-14 15:23:49.681,14562,14563,14562,2,-2
2022-09-14 15:23:50.136,14562,14563,14562,21,-21
2022-09-14 15:23:50.137,14562,14563,14562,1,-1
2022-09-14 15:23:50.137,14562,14563,14562,6,-6
2022-09-14 15:23:51.076,14561,14562,14561,8,-8
2022-09-14 15:23:51.338,14560,14562,14562,1,1
2022-09-14 15:23:52.822,14560,14561,14560,1,-1
2022-09-14 15:23:54.401,14560,14561,14560,1,-1
2022-09-14 15:23:55.204,14560,14561,14560,1,-1
2022-09-14 15:23:55.673,14560,14561,14561,1,1
2022-09-14 15:23:57.161,14560,14561,14561,4,4
2022-09-14 15:23:58.343,14561,14562,14561,5,-5
2022-09-14 15:23:58.413,14561,14562,14561,3,-3
2022-09-14 15:23:58.611,14561,14562,14561,8,-8
2022-09-14 15:23:59.352,14560,14561,14560,1,-1
2022-09-14 15:23:59.352,14560,14561,14560,1,-1
2022-09-14 15:23:59.352,14560,14561,14560,4,-4
2022-09-14 15:23:59.352,14560,14561,14560,4,-4
2022-09-14 15:23:59.690,14560,14561,14560,4,-4
2022-09-14 15:23:59.691,14560,14561,14560,1,-1
2022-09-14 15:24:00.205,14559,14560,14559,2,-2
2022-09-14 15:24:00.213,14559,14560,14559,11,-11
2022-09-14 15:24:00.297,14559,14560,14559,1,-1
2022-09-14 15:24:00.297,14559,14560,14559,1,-1
2022-09-14 15:24:00.298,14559,14560,14559,1,-1
2022-09-14 15:24:00.298,14559,14560,14559,1,-1
2022-09-14 15:24:00.298,14559,14560,14559,1,-1
2022-09-14 15:24:00.299,14559,14560,14559,4,-4
2022-09-14 15:24:00.318,14559,14560,14558,1,-1
2022-09-14 15:24:00.536,14558,14559,14558,1,-1
2022-09-14 15:24:00.646,14558,14559,14559,2,2
2022-09-14 15:24:01.016,14558,14560,14558,3,-3
2022-09-14 15:24:01.019,14558,14560,14558,1,-1
2022-09-14 15:24:01.029,14558,14560,14560,1,1
2022-09-14 15:24:01.310,14558,14560,14558,3,-3
2022-09-14 15:24:01.380,14558,14560,14558,1,-1
2022-09-14 15:24:01.946,14558,14560,14560,1,1
2022-09-14 15:24:05.227,14560,14562,14562,1,1
2022-09-14 15:24:09.733,14561,14562,14561,2,-2
2022-09-14 15:24:10.107,14561,14562,14561,1,-1
2022-09-14 15:24:10.175,14560,14561,14560,1,-1
2022-09-14 15:24:11.450,14560,14562,14562,1,1
2022-09-14 15:24:11.943,14561,14562,14561,1,-1
2022-09-14 15:24:14.796,14560,14561,14561,1,1
2022-09-14 15:24:14.796,14560,14561,14561,1,1
2022-09-14 15:24:18.426,14560,14561,14561,1,1
2022-09-14 15:24:21.087,14561,14562,14561,1,-1
2022-09-14 15:24:24.509,14561,14562,14562,20,20
2022-09-14 15:24:26.240,14561,14563,14561,1,-1
2022-09-14 15:24:27.732,14561,14562,14562,1,1
2022-09-14 15:24:27.796,14561,14562,14561,1,-1
2022-09-14 15:24:27.796,14561,14562,14561,1,-1
2022-09-14 15:24:27.796,14561,14562,14561,1,-1
2022-09-14 15:24:27.797,14561,14562,14561,1,-1
2022-09-14 15:24:27.797,14561,14562,14561,1,-1
2022-09-14 15:24:27.797,14561,14562,14561,1,-1
2022-09-14 15:24:27.797,14561,14562,14560,1,-1
2022-09-14 15:24:27.797,14561,14562,14560,1,-1
2022-09-14 15:24:27.797,14561,14562,14560,1,-1
2022-09-14 15:24:27.797,14561,14562,14560,1,-1
2022-09-14 15:24:28.507,14560,14561,14560,6,-6
2022-09-14 15:24:28.848,14560,14561,14560,1,-1
2022-09-14 15:24:28.871,14560,14561,14560,1,-1
2022-09-14 15:24:30.924,14560,14561,14561,1,1
2022-09-14 15:24:31.005,14560,14561,14560,1,-1
2022-09-14 15:24:31.047,14560,14561,14561,1,1
2022-09-14 15:24:32.802,14560,14561,14560,1,-1
2022-09-14 15:24:33.416,14560,14561,14560,1,-1
2022-09-14 15:24:35.335,14560,14561,14560,1,-1
2022-09-14 15:24:36.202,14559,14561,14560,2,-2
2022-09-14 15:24:36.296,14559,14561,14559,1,-1
2022-09-14 15:24:36.296,14559,14561,14559,1,-1
2022-09-14 15:24:36.315,14559,14561,14559,2,-2
2022-09-14 15:24:37.385,14560,14561,14561,1,1
2022-09-14 15:24:47.378,14560,14561,14561,1,1
2022-09-14 15:24:48.074,14560,14561,14561,1,1
2022-09-14 15:24:53.349,14560,14561,14560,1,-1
2022-09-14 15:24:54.700,14560,14561,14561,1,1
2022-09-14 15:24:54.902,14560,14561,14560,5,-5
2022-09-14 15:24:55.320,14559,14560,14559,2,-2
2022-09-14 15:24:55.321,14559,14560,14559,4,-4
2022-09-14 15:24:55.468,14558,14560,14558,3,-3
2022-09-14 15:24:55.468,14558,14560,14558,4,-4
2022-09-14 15:24:55.472,14558,14560,14558,3,-3
2022-09-14 15:24:55.647,14557,14558,14558,1,1
2022-09-14 15:24:56.355,14557,14559,14559,1,1
2022-09-14 15:24:57.270,14557,14559,14557,1,-1
2022-09-14 15:24:58.539,14557,14559,14557,2,-2
2022-09-14 15:24:59.102,14556,14557,14556,2,-2
2022-09-14 15:24:59.170,14556,14557,14556,1,-1
2022-09-14 15:24:59.335,14556,14558,14558,1,1
2022-09-14 15:24:59.359,14556,14558,14558,4,4
2022-09-14 15:25:01.564,14558,14559,14558,3,-3
2022-09-14 15:25:02.153,14558,14559,14558,13,-13
2022-09-14 15:25:02.201,14557,14558,14557,1,-1
2022-09-14 15:25:02.201,14557,14558,14556,1,-1
2022-09-14 15:25:02.272,14557,14558,14556,2,-2
2022-09-14 15:25:02.322,14556,14558,14556,4,-4
2022-09-14 15:25:02.525,14556,14558,14556,1,-1
2022-09-14 15:25:03.568,14557,14558,14558,3,3
2022-09-14 15:25:03.869,14557,14560,14558,1,-1
2022-09-14 15:25:04.794,14557,14559,14557,1,-1
2022-09-14 15:25:08.137,14557,14559,14557,6,-6
2022-09-14 15:25:08.137,14557,14559,14556,4,-4
2022-09-14 15:25:08.193,14556,14558,14558,1,1
2022-09-14 15:25:10.615,14557,14558,14558,1,1
2022-09-14 15:25:10.671,14557,14558,14557,1,-1
2022-09-14 15:25:11.314,14557,14558,14557,2,-2
2022-09-14 15:25:13.497,14557,14558,14557,1,-1
2022-09-14 15:25:14.281,14557,14558,14558,1,1
2022-09-14 15:25:14.281,14557,14558,14558,3,3
2022-09-14 15:25:14.541,14558,14559,14559,1,1
2022-09-14 15:25:14.541,14558,14559,14559,3,3
2022-09-14 15:25:18.490,14558,14560,14558,1,-1
2022-09-14 15:25:18.779,14558,14560,14560,1,1
2022-09-14 15:25:19.621,14559,14560,14559,1,-1
2022-09-14 15:25:20.463,14557,14559,14559,5,5
2022-09-14 15:25:20.466,14557,14559,14559,2,2
2022-09-14 15:25:20.470,14557,14559,14559,2,2
2022-09-14 15:25:20.471,14557,14559,14559,1,1
2022-09-14 15:25:20.471,14557,14559,14560,4,4
2022-09-14 15:25:21.574,14558,14560,14560,2,2
2022-09-14 15:25:22.909,14558,14560,14558,1,-1
2022-09-14 15:25:26.997,14558,14559,14559,1,1
2022-09-14 15:25:28.528,14558,14559,14558,1,-1
2022-09-14 15:25:31.153,14557,14558,14558,1,1
2022-09-14 15:25:31.278,14557,14558,14558,1,1
2022-09-14 15:25:32.865,14557,14559,14559,5,5
2022-09-14 15:25:32.883,14557,14559,14557,1,-1
2022-09-14 15:25:33.094,14557,14559,14559,5,5
2022-09-14 15:25:34.146,14558,14559,14559,1,1
2022-09-14 15:25:35.852,14558,14559,14558,1,-1
2022-09-14 15:25:36.957,14557,14559,14559,5,5
2022-09-14 15:25:37.297,14557,14559,14559,5,5
2022-09-14 15:25:37.614,14557,14559,14559,5,5
2022-09-14 15:25:38.940,14557,14559,14559,1,1
2022-09-14 15:25:39.192,14559,14560,14560,1,1
2022-09-14 15:25:39.384,14559,14560,14559,1,-1
2022-09-14 15:25:39.653,14559,14560,14560,5,5
2022-09-14 15:25:39.655,14559,14560,14560,12,12
2022-09-14 15:25:40.199,14560,14561,14560,1,-1
2022-09-14 15:25:40.660,14560,14561,14561,2,2
2022-09-14 15:25:40.722,14561,14562,14561,1,-1
2022-09-14 15:25:40.779,14561,14562,14562,3,3
2022-09-14 15:25:40.866,14560,14562,14562,1,1
2022-09-14 15:25:41.412,14560,14562,14560,1,-1
2022-09-14 15:25:42.762,14561,14563,14563,5,5
2022-09-14 15:25:43.816,14561,14563,14563,5,5
2022-09-14 15:25:44.987,14562,14563,14563,3,3
2022-09-14 15:25:45.494,14563,14564,14564,1,1
2022-09-14 15:25:45.602,14563,14564,14564,1,1
2022-09-14 15:25:48.863,14562,14564,14564,4,4
2022-09-14 15:25:49.047,14562,14564,14564,1,1
2022-09-14 15:25:49.216,14562,14564,14564,4,4
2022-09-14 15:25:49.676,14562,14564,14564,1,1
2022-09-14 15:25:50.422,14562,14564,14564,1,1
2022-09-14 15:25:50.463,14562,14564,14564,1,1
2022-09-14 15:25:50.463,14562,14564,14564,1,1
2022-09-14 15:25:50.688,14563,14565,14563,2,-2
2022-09-14 15:25:50.693,14563,14565,14563,2,-2
2022-09-14 15:25:53.030,14562,14564,14562,4,-4
2022-09-14 15:25:53.155,14561,14563,14561,1,-1
2022-09-14 15:25:53.425,14561,14562,14561,1,-1
2022-09-14 15:25:53.665,14560,14562,14562,1,1
2022-09-14 15:25:53.678,14561,14562,14561,1,-1
2022-09-14 15:25:53.981,14561,14563,14561,1,-1
2022-09-14 15:25:54.251,14561,14563,14561,3,-3
2022-09-14 15:25:54.991,14560,14562,14562,2,2
2022-09-14 15:25:55.739,14560,14562,14562,1,1
2022-09-14 15:25:57.773,14560,14562,14560,4,-4
2022-09-14 15:25:58.049,14560,14562,14560,2,-2
2022-09-14 15:25:58.049,14560,14562,14560,1,-1
2022-09-14 15:25:58.289,14560,14561,14560,1,-1
2022-09-14 15:26:00.358,14558,14560,14559,5,-5
2022-09-14 15:26:00.429,14559,14560,14559,2,-2
2022-09-14 15:26:01.011,14558,14560,14560,1,1
2022-09-14 15:26:01.518,14559,14560,14559,1,-1
2022-09-14 15:26:01.518,14559,14560,14559,1,-1
2022-09-14 15:26:01.726,14558,14560,14558,3,-3
2022-09-14 15:26:01.758,14558,14560,14558,3,-3
2022-09-14 15:26:03.446,14559,14560,14560,5,5
2022-09-14 15:26:03.519,14559,14560,14560,5,5
2022-09-14 15:26:03.757,14559,14561,14559,1,-1
2022-09-14 15:26:08.028,14560,14562,14560,1,-1
2022-09-14 15:26:08.224,14560,14562,14560,1,-1
2022-09-14 15:26:09.330,14560,14562,14562,1,1
2022-09-14 15:26:13.129,14560,14561,14561,1,1
2022-09-14 15:26:14.634,14560,14561,14561,7,7
2022-09-14 15:26:15.729,14560,14562,14562,1,1
2022-09-14 15:26:16.927,14561,14562,14561,1,-1
2022-09-14 15:26:17.061,14560,14562,14560,5,-5
2022-09-14 15:26:17.138,14560,14562,14559,1,-1
2022-09-14 15:26:17.139,14560,14562,14559,1,-1
2022-09-14 15:26:25.178,14560,14561,14561,1,1
2022-09-14 15:26:25.402,14560,14562,14560,1,-1
2022-09-14 15:26:31.507,14560,14561,14560,1,-1
2022-09-14 15:26:33.810,14559,14560,14559,1,-1
2022-09-14 15:26:38.642,14559,14561,14560,1,-1
2022-09-14 15:26:39.330,14560,14562,14560,1,-1
2022-09-14 15:26:41.338,14561,14562,14561,1,-1
2022-09-14 15:26:41.710,14561,14562,14561,1,-1
2022-09-14 15:26:41.964,14560,14562,14562,1,1
2022-09-14 15:26:43.348,14560,14562,14562,1,1
2022-09-14 15:26:43.554,14560,14562,14562,1,1
2022-09-14 15:26:43.982,14560,14562,14562,2,2
2022-09-14 15:26:43.983,14560,14562,14562,4,4
2022-09-14 15:26:43.983,14560,14562,14562,1,1
2022-09-14 15:26:43.983,14560,14562,14562,1,1
2022-09-14 15:26:43.983,14560,14562,14562,2,2
2022-09-14 15:26:45.828,14561,14563,14563,1,1
2022-09-14 15:26:47.679,14561,14563,14563,1,1
2022-09-14 15:26:50.128,14562,14563,14563,1,1
2022-09-14 15:26:51.996,14563,14564,14564,2,2
2022-09-14 15:26:52.872,14563,14564,14563,1,-1
2022-09-14 15:26:54.009,14563,14564,14563,1,-1
2022-09-14 15:26:58.709,14563,14564,14563,1,-1
2022-09-14 15:26:58.756,14563,14564,14564,1,1
2022-09-14 15:27:01.500,14563,14564,14563,6,-6
2022-09-14 15:27:01.517,14563,14564,14562,1,-1
2022-09-14 15:27:01.988,14561,14563,14563,1,1
2022-09-14 15:27:09.576,14563,14564,14564,2,2
2022-09-14 15:27:12.913,14563,14564,14563,1,-1
2022-09-14 15:27:13.818,14563,14564,14563,4,-4
2022-09-14 15:27:13.818,14563,14564,14563,1,-1
2022-09-14 15:27:13.818,14563,14564,14563,3,-3
2022-09-14 15:27:13.818,14563,14564,14563,1,-1
2022-09-14 15:27:13.818,14563,14564,14563,1,-1
2022-09-14 15:27:13.818,14563,14564,14563,5,-5
2022-09-14 15:27:13.818,14563,14564,14563,5,-5
2022-09-14 15:27:14.948,14562,14563,14563,1,1
2022-09-14 15:27:15.379,14562,14564,14564,1,1
2022-09-14 15:27:15.736,14562,14564,14562,1,-1
2022-09-14 15:27:19.603,14562,14564,14562,2,-2
2022-09-14 15:27:20.607,14563,14564,14563,1,-1
2022-09-14 15:27:20.607,14563,14564,14562,2,-2
2022-09-14 15:27:22.319,14562,14563,14563,1,1
2022-09-14 15:27:24.320,14562,14563,14562,1,-1
2022-09-14 15:27:24.320,14562,14563,14562,8,-8
2022-09-14 15:27:24.320,14562,14563,14562,2,-2
2022-09-14 15:27:24.320,14562,14563,14562,1,-1
2022-09-14 15:27:24.320,14562,14563,14562,1,-1
2022-09-14 15:27:24.320,14562,14563,14562,1,-1
2022-09-14 15:27:24.320,14562,14563,14562,4,-4
2022-09-14 15:27:24.320,14562,14563,14562,1,-1
2022-09-14 15:27:24.321,14562,14563,14562,1,-1
2022-09-14 15:27:24.707,14561,14562,14561,1,-1
2022-09-14 15:27:25.470,14561,14562,14561,3,-3
2022-09-14 15:27:28.473,14560,14561,14560,2,-2
2022-09-14 15:27:30.544,14559,14560,14559,3,-3
2022-09-14 15:27:30.544,14559,14560,14559,3,-3
2022-09-14 15:27:35.798,14559,14560,14559,7,-7
2022-09-14 15:27:35.798,14559,14560,14559,4,-4
2022-09-14 15:27:35.869,14559,14560,14558,2,-2
2022-09-14 15:27:38.630,14559,14560,14559,1,-1
2022-09-14 15:27:41.244,14559,14561,14559,1,-1
2022-09-14 15:27:46.247,14559,14561,14561,1,1
2022-09-14 15:27:46.458,14559,14560,14559,5,-5
2022-09-14 15:27:46.967,14558,14560,14558,2,-2
2022-09-14 15:27:47.797,14558,14559,14558,1,-1
2022-09-14 15:27:47.853,14558,14559,14558,3,-3
2022-09-14 15:27:47.853,14558,14559,14558,2,-2
2022-09-14 15:27:47.853,14558,14559,14558,4,-4
2022-09-14 15:27:47.853,14558,14559,14558,1,-1
2022-09-14 15:27:48.159,14557,14558,14557,1,-1
2022-09-14 15:27:53.420,14557,14559,14557,1,-1
2022-09-14 15:27:53.892,14557,14559,14557,1,-1
2022-09-14 15:27:55.116,14556,14558,14556,1,-1
2022-09-14 15:27:55.356,14556,14557,14557,1,1
2022-09-14 15:27:56.560,14556,14557,14556,2,-2
2022-09-14 15:27:56.560,14556,14557,14556,3,-3
2022-09-14 15:28:00.252,14556,14557,14557,3,3
2022-09-14 15:28:01.767,14556,14557,14556,2,-2
2022-09-14 15:28:04.600,14556,14557,14556,1,-1
2022-09-14 15:28:07.971,14556,14557,14557,2,2
2022-09-14 15:28:07.971,14556,14557,14557,3,3
2022-09-14 15:28:07.971,14556,14557,14557,1,1
2022-09-14 15:28:07.971,14556,14557,14557,2,2
2022-09-14 15:28:09.108,14557,14558,14557,1,-1
2022-09-14 15:28:11.742,14556,14557,14557,1,1
2022-09-14 15:28:12.326,14557,14558,14558,1,1
2022-09-14 15:28:13.748,14557,14559,14557,5,-5
2022-09-14 15:28:15.640,14557,14559,14557,2,-2
2022-09-14 15:28:17.053,14557,14558,14558,1,1
2022-09-14 15:28:17.053,14557,14558,14558,1,1
2022-09-14 15:28:17.905,14557,14558,14558,1,1
2022-09-14 15:28:19.357,14558,14559,14558,5,-5
2022-09-14 15:28:25.759,14557,14558,14558,1,1
2022-09-14 15:28:29.901,14558,14559,14558,1,-1
2022-09-14 15:28:29.901,14558,14559,14558,7,-7
2022-09-14 15:28:29.902,14558,14559,14558,1,-1
2022-09-14 15:28:29.902,14558,14559,14558,1,-1
2022-09-14 15:28:30.079,14557,14558,14558,1,1
2022-09-14 15:28:33.994,14557,14558,14557,2,-2
2022-09-14 15:28:33.994,14557,14558,14557,1,-1
2022-09-14 15:28:33.994,14557,14558,14557,1,-1
2022-09-14 15:28:33.994,14557,14558,14557,1,-1
2022-09-14 15:28:33.994,14557,14558,14557,1,-1
2022-09-14 15:28:34.519,14556,14557,14556,1,-1
2022-09-14 15:28:34.519,14556,14557,14556,1,-1
2022-09-14 15:28:34.520,14556,14557,14556,1,-1
2022-09-14 15:28:34.520,14556,14557,14556,1,-1
2022-09-14 15:28:37.439,14556,14558,14556,2,-2
2022-09-14 15:28:40.366,14556,14558,14556,1,-1
2022-09-14 15:28:42.270,14556,14558,14556,2,-2
2022-09-14 15:28:44.275,14556,14557,14557,1,1
2022-09-14 15:28:44.385,14556,14557,14556,2,-2
2022-09-14 15:28:44.385,14556,14557,14556,5,-5
2022-09-14 15:28:46.079,14555,14556,14556,1,1
2022-09-14 15:28:46.367,14555,14556,14555,1,-1
2022-09-14 15:28:46.374,14555,14556,14555,1,-1
2022-09-14 15:28:47.959,14555,14556,14555,1,-1
2022-09-14 15:28:54.187,14555,14556,14556,1,1
2022-09-14 15:28:54.446,14555,14556,14555,1,-1
2022-09-14 15:28:57.524,14555,14556,14555,1,-1
2022-09-14 15:28:58.408,14555,14556,14555,2,-2
2022-09-14 15:29:00.227,14555,14556,14555,1,-1
2022-09-14 15:29:00.266,14555,14556,14556,1,1
2022-09-14 15:29:00.721,14555,14556,14556,3,3
2022-09-14 15:29:00.839,14555,14556,14555,2,-2
2022-09-14 15:29:01.765,14555,14556,14556,1,1
2022-09-14 15:29:01.765,14555,14556,14557,2,2
2022-09-14 15:29:04.306,14556,14557,14556,2,-2
2022-09-14 15:29:04.505,14556,14557,14556,1,-1
2022-09-14 15:29:07.847,14556,14557,14557,1,1
2022-09-14 15:29:07.848,14556,14557,14557,1,1
2022-09-14 15:29:07.848,14556,14557,14557,8,8
2022-09-14 15:29:07.874,14556,14557,14557,3,3
2022-09-14 15:29:11.768,14556,14557,14556,1,-1
2022-09-14 15:29:12.468,14556,14557,14557,1,1
2022-09-14 15:29:13.096,14556,14557,14557,1,1
2022-09-14 15:29:13.857,14556,14558,14558,1,1
2022-09-14 15:29:14.334,14556,14558,14558,2,2
2022-09-14 15:29:14.335,14556,14558,14558,7,7
2022-09-14 15:29:14.335,14556,14558,14558,1,1
2022-09-14 15:29:14.335,14556,14558,14558,11,11
2022-09-14 15:29:14.335,14556,14558,14558,1,1
2022-09-14 15:29:14.335,14556,14558,14558,4,4
2022-09-14 15:29:14.335,14556,14558,14558,1,1
2022-09-14 15:29:14.335,14556,14558,14558,5,5
2022-09-14 15:29:19.484,14558,14559,14559,1,1
2022-09-14 15:29:19.484,14558,14559,14559,10,10
2022-09-14 15:29:19.484,14558,14559,14559,1,1
2022-09-14 15:29:19.484,14558,14559,14559,1,1
2022-09-14 15:29:19.485,14558,14559,14559,1,1
2022-09-14 15:29:19.485,14558,14559,14559,14,14
2022-09-14 15:29:19.485,14558,14559,14559,2,2
2022-09-14 15:29:19.853,14559,14560,14559,1,-1
2022-09-14 15:29:19.931,14558,14560,14558,1,-1
2022-09-14 15:29:20.267,14558,14560,14560,1,1
2022-09-14 15:29:21.411,14558,14560,14559,2,2
2022-09-14 15:29:21.825,14559,14560,14560,1,1
2022-09-14 15:29:21.825,14559,14560,14560,1,1
2022-09-14 15:29:21.825,14559,14560,14560,1,1
2022-09-14 15:29:21.825,14559,14560,14560,4,4
2022-09-14 15:29:21.826,14559,14560,14560,1,1
2022-09-14 15:29:21.826,14559,14560,14560,3,3
2022-09-14 15:29:21.835,14559,14560,14560,6,6
2022-09-14 15:29:22.694,14560,14561,14561,1,1
2022-09-14 15:29:23.837,14560,14561,14560,1,-1
2022-09-14 15:29:28.169,14558,14560,14560,1,1
2022-09-14 15:29:32.215,14559,14560,14560,1,1
2022-09-14 15:29:35.297,14559,14560,14559,1,-1
2022-09-14 15:29:35.382,14559,14560,14559,2,-2
2022-09-14 15:29:39.237,14559,14560,14560,1,1
2022-09-14 15:29:39.237,14559,14560,14561,2,2
2022-09-14 15:29:39.418,14559,14561,14561,1,1
2022-09-14 15:29:39.621,14560,14561,14560,1,-1
2022-09-14 15:29:40.556,14560,14561,14561,3,3
2022-09-14 15:29:41.742,14560,14561,14561,3,3
2022-09-14 15:29:42.570,14560,14562,14560,1,-1
2022-09-14 15:29:42.987,14560,14562,14562,3,3
2022-09-14 15:29:46.465,14559,14561,14560,1,1
2022-09-14 15:29:48.103,14559,14561,14561,3,3
2022-09-14 15:29:49.079,14559,14561,14561,3,3
2022-09-14 15:29:53.200,14560,14561,14561,1,1
2022-09-14 15:29:55.037,14560,14561,14561,2,2
2022-09-14 15:29:56.812,14560,14561,14560,1,-1
2022-09-14 15:29:56.812,14560,14561,14560,2,-2
2022-09-14 15:29:56.812,14560,14561,14560,8,-8
2022-09-14 15:29:56.941,14559,14560,14560,1,1
2022-09-14 15:29:57.470,14559,14560,14559,1,-1
2022-09-14 15:29:57.602,14559,14560,14559,1,-1
2022-09-14 15:29:57.602,14559,14560,14559,1,-1
2022-09-14 15:29:57.602,14559,14560,14559,5,-5
2022-09-14 15:29:58.740,14558,14559,14559,1,1
2022-09-14 15:30:00.160,14558,14559,14558,5,-5
2022-09-14 15:30:00.160,14558,14559,14558,3,-3
2022-09-14 15:30:00.160,14558,14559,14558,1,-1
2022-09-14 15:30:00.309,14557,14558,14558,1,1
2022-09-14 15:30:00.312,14557,14558,14558,1,1
2022-09-14 15:30:00.336,14557,14558,14559,1,1
2022-09-14 15:30:00.339,14557,14558,14559,1,1
2022-09-14 15:30:00.698,14557,14559,14559,1,1
2022-09-14 15:30:00.860,14558,14559,14559,1,1
2022-09-14 15:30:00.861,14558,14559,14560,1,1
2022-09-14 15:30:00.966,14558,14560,14560,1,1
2022-09-14 15:30:00.966,14558,14560,14560,1,1
2022-09-14 15:30:05.268,14559,14560,14559,1,-1
2022-09-14 15:30:05.711,14558,14560,14558,2,-2
2022-09-14 15:30:06.238,14558,14560,14558,1,-1
2022-09-14 15:30:07.724,14558,14559,14559,2,2
2022-09-14 15:30:07.860,14558,14560,14560,1,1
2022-09-14 15:30:07.875,14558,14560,14560,1,1
2022-09-14 15:30:10.001,14560,14561,14560,1,-1
2022-09-14 15:30:10.318,14560,14561,14561,2,2
2022-09-14 15:30:10.318,14560,14561,14561,5,5
2022-09-14 15:30:10.318,14560,14561,14561,1,1
2022-09-14 15:30:12.963,14560,14562,14560,1,-1
2022-09-14 15:30:13.384,14560,14562,14560,1,-1
2022-09-14 15:30:15.360,14560,14562,14560,1,-1
2022-09-14 15:30:18.485,14561,14562,14561,1,-1
2022-09-14 15:30:18.671,14561,14562,14562,4,4
2022-09-14 15:30:19.026,14562,14563,14563,1,1
2022-09-14 15:30:19.088,14562,14563,14562,5,-5
2022-09-14 15:30:19.763,14562,14563,14563,3,3
2022-09-14 15:30:20.612,14562,14563,14563,1,1
2022-09-14 15:30:20.967,14563,14564,14564,2,2
2022-09-14 15:30:20.968,14563,14564,14564,2,2
2022-09-14 15:30:20.969,14563,14564,14564,1,1
2022-09-14 15:30:21.143,14564,14565,14565,1,1
2022-09-14 15:30:21.155,14564,14565,14565,1,1
2022-09-14 15:30:21.163,14564,14565,14565,2,2
2022-09-14 15:30:22.697,14564,14565,14564,1,-1
2022-09-14 15:30:23.292,14564,14565,14565,1,1
2022-09-14 15:30:26.515,14564,14565,14565,1,1
2022-09-14 15:30:26.584,14564,14565,14565,1,1
2022-09-14 15:30:29.712,14565,14566,14565,1,-1
2022-09-14 15:30:30.669,14565,14566,14566,1,1
2022-09-14 15:30:30.669,14565,14566,14566,2,2
2022-09-14 15:30:30.669,14565,14566,14566,3,3
2022-09-14 15:30:30.669,14565,14566,14566,2,2
2022-09-14 15:30:30.815,14566,14568,14567,1,1
2022-09-14 15:30:32.535,14565,14566,14565,4,-4
2022-09-14 15:30:32.535,14565,14566,14565,1,-1
2022-09-14 15:30:32.631,14564,14565,14565,1,1
2022-09-14 15:30:34.451,14564,14566,14565,3,3
2022-09-14 15:30:36.016,14564,14566,14566,3,3
2022-09-14 15:30:39.300,14565,14566,14566,1,1
2022-09-14 15:30:39.937,14566,14567,14566,1,-1
2022-09-14 15:30:40.071,14566,14567,14566,1,-1
2022-09-14 15:30:40.210,14565,14567,14567,1,1
2022-09-14 15:30:41.204,14567,14568,14568,1,1
2022-09-14 15:30:42.071,14567,14568,14567,2,-2
2022-09-14 15:30:43.129,14567,14568,14568,2,2
2022-09-14 15:30:43.807,14566,14568,14568,1,1
2022-09-14 15:30:45.832,14567,14568,14568,1,1
2022-09-14 15:30:46.656,14567,14568,14568,4,4
2022-09-14 15:30:46.656,14567,14568,14569,6,6
2022-09-14 15:30:48.183,14567,14568,14568,1,1
2022-09-14 15:30:48.838,14567,14568,14568,1,1
2022-09-14 15:30:49.611,14567,14568,14567,3,-3
2022-09-14 15:30:50.116,14567,14568,14568,5,5
2022-09-14 15:30:51.721,14567,14569,14569,2,2
2022-09-14 15:30:52.377,14567,14568,14568,2,2
2022-09-14 15:30:52.377,14567,14568,14568,2,2
2022-09-14 15:30:52.694,14567,14569,14569,1,1
2022-09-14 15:30:52.926,14567,14569,14569,8,8
2022-09-14 15:30:52.926,14567,14569,14570,3,3
2022-09-14 15:30:53.431,14567,14569,14569,1,1
2022-09-14 15:30:54.642,14569,14570,14569,1,-1
2022-09-14 15:30:54.670,14568,14569,14568,2,-2
2022-09-14 15:30:54.709,14568,14569,14568,1,-1
2022-09-14 15:30:55.149,14569,14570,14569,2,-2
2022-09-14 15:30:56.667,14569,14570,14569,1,-1
2022-09-14 15:30:56.941,14567,14569,14569,1,1
2022-09-14 15:30:57.896,14568,14569,14568,1,-1
2022-09-14 15:30:58.825,14568,14569,14569,1,1
2022-09-14 15:30:59.246,14569,14570,14569,2,-2
2022-09-14 15:31:00.200,14569,14570,14570,1,1
2022-09-14 15:31:00.749,14569,14570,14569,1,-1
2022-09-14 15:31:01.216,14569,14570,14569,2,-2
2022-09-14 15:31:01.301,14569,14570,14569,5,-5
2022-09-14 15:31:03.313,14568,14569,14569,1,1
2022-09-14 15:31:03.313,14568,14569,14570,1,1
2022-09-14 15:31:03.882,14569,14570,14570,5,5
2022-09-14 15:31:04.525,14569,14570,14569,3,-3
2022-09-14 15:31:04.525,14569,14570,14569,2,-2
2022-09-14 15:31:04.621,14568,14570,14570,5,5
2022-09-14 15:31:05.017,14568,14570,14570,5,5
2022-09-14 15:31:05.175,14568,14569,14569,1,1
2022-09-14 15:31:05.448,14568,14569,14569,3,3
2022-09-14 15:31:05.448,14568,14569,14569,2,2
2022-09-14 15:31:06.723,14569,14570,14570,2,2
2022-09-14 15:31:06.820,14570,14571,14570,1,-1
2022-09-14 15:31:06.821,14570,14571,14570,2,-2
2022-09-14 15:31:08.323,14569,14570,14570,5,5
2022-09-14 15:31:08.487,14569,14570,14570,1,1
2022-09-14 15:31:08.499,14569,14570,14570,1,1
2022-09-14 15:31:08.499,14569,14570,14570,2,2
2022-09-14 15:31:09.941,14570,14571,14571,1,1
2022-09-14 15:31:09.941,14570,14571,14571,1,1
2022-09-14 15:31:10.371,14570,14572,14570,1,-1
2022-09-14 15:31:10.520,14570,14572,14570,1,-1
2022-09-14 15:31:13.459,14570,14572,14572,3,3
2022-09-14 15:31:13.460,14570,14572,14572,1,1
2022-09-14 15:31:13.460,14570,14572,14572,1,1
2022-09-14 15:31:14.909,14572,14573,14573,1,1
2022-09-14 15:31:15.524,14572,14573,14572,1,-1
2022-09-14 15:31:15.819,14571,14573,14573,2,2
2022-09-14 15:31:16.775,14572,14574,14572,1,-1
2022-09-14 15:31:16.871,14571,14573,14573,1,1
2022-09-14 15:31:16.871,14571,14573,14574,4,4
2022-09-14 15:31:17.259,14571,14574,14573,3,3
2022-09-14 15:31:18.772,14571,14573,14573,5,5
2022-09-14 15:31:20.187,14573,14574,14574,2,2
2022-09-14 15:31:20.997,14573,14574,14573,2,-2
2022-09-14 15:31:22.344,14573,14574,14573,1,-1
2022-09-14 15:31:22.555,14573,14574,14574,3,3
2022-09-14 15:31:23.089,14573,14574,14574,4,4
2022-09-14 15:31:25.207,14573,14574,14574,2,2
2022-09-14 15:31:25.781,14574,14575,14574,1,-1
2022-09-14 15:31:27.547,14573,14574,14573,1,-1
2022-09-14 15:31:27.672,14573,14574,14574,1,1
2022-09-14 15:31:27.686,14573,14574,14574,1,1
2022-09-14 15:31:28.228,14573,14575,14573,4,-4
2022-09-14 15:31:28.229,14573,14575,14573,4,-4
2022-09-14 15:31:28.229,14573,14575,14573,1,-1
2022-09-14 15:31:28.229,14573,14575,14573,2,-2
2022-09-14 15:31:28.229,14573,14575,14573,2,-2
2022-09-14 15:31:28.746,14572,14573,14572,1,-1
2022-09-14 15:31:28.747,14572,14573,14572,1,-1
2022-09-14 15:31:29.035,14571,14573,14573,1,1
2022-09-14 15:31:29.544,14571,14573,14573,1,1
2022-09-14 15:31:32.989,14572,14574,14572,1,-1
2022-09-14 15:31:36.119,14573,14575,14573,1,-1
2022-09-14 15:31:40.664,14572,14573,14572,1,-1
2022-09-14 15:31:43.992,14572,14573,14573,1,1
2022-09-14 15:31:47.043,14572,14573,14573,3,3
2022-09-14 15:31:47.797,14572,14573,14573,2,2
2022-09-14 15:31:47.797,14572,14573,14574,6,6
2022-09-14 15:31:54.246,14573,14574,14574,1,1
2022-09-14 15:31:55.025,14574,14575,14575,5,5
2022-09-14 15:31:55.126,14574,14575,14574,1,-1
2022-09-14 15:31:55.137,14574,14575,14574,1,-1
2022-09-14 15:31:55.318,14574,14575,14575,1,1
2022-09-14 15:31:56.539,14574,14575,14574,2,-2
2022-09-14 15:31:57.805,14574,14575,14574,1,-1
2022-09-14 15:31:59.112,14573,14575,14575,1,1
2022-09-14 15:32:00.006,14574,14575,14574,1,-1
2022-09-14 15:32:03.499,14574,14575,14574,1,-1
2022-09-14 15:32:04.652,14574,14575,14574,1,-1
2022-09-14 15:32:06.667,14574,14575,14574,1,-1
2022-09-14 15:32:07.867,14573,14575,14575,1,1
2022-09-14 15:32:08.849,14573,14574,14574,1,1
2022-09-14 15:32:09.747,14573,14574,14574,1,1
2022-09-14 15:32:09.932,14573,14574,14573,1,-1
2022-09-14 15:32:10.003,14573,14574,14574,1,1
2022-09-14 15:32:10.237,14572,14574,14572,1,-1
2022-09-14 15:32:13.440,14574,14575,14574,1,-1
2022-09-14 15:32:13.474,14574,14575,14574,5,-5
2022-09-14 15:32:19.359,14573,14574,14573,1,-1
2022-09-14 15:32:20.201,14573,14574,14574,2,2
2022-09-14 15:32:21.475,14573,14574,14574,1,1
2022-09-14 15:32:25.166,14574,14575,14574,1,-1
2022-09-14 15:32:25.900,14574,14575,14575,1,1
2022-09-14 15:32:25.900,14574,14575,14575,16,16
2022-09-14 15:32:26.150,14575,14576,14576,2,2
2022-09-14 15:32:26.150,14575,14576,14576,1,1
2022-09-14 15:32:26.150,14575,14576,14576,2,2
2022-09-14 15:32:26.243,14576,14577,14577,1,1
2022-09-14 15:32:26.259,14576,14577,14577,1,1
2022-09-14 15:32:26.263,14576,14577,14577,1,1
2022-09-14 15:32:26.283,14576,14577,14577,1,1
2022-09-14 15:32:26.549,14577,14578,14577,1,-1
2022-09-14 15:32:27.153,14577,14578,14577,1,-1
2022-09-14 15:32:28.199,14577,14578,14577,2,-2
2022-09-14 15:32:28.273,14577,14578,14578,1,1
2022-09-14 15:32:28.320,14577,14578,14577,1,-1
2022-09-14 15:32:28.587,14577,14578,14578,2,2
2022-09-14 15:32:29.543,14577,14578,14578,3,3
2022-09-14 15:32:29.543,14577,14578,14578,1,1
2022-09-14 15:32:29.543,14577,14578,14578,6,6
2022-09-14 15:32:29.550,14577,14578,14578,2,2
2022-09-14 15:32:31.420,14577,14578,14577,1,-1
2022-09-14 15:32:31.536,14577,14578,14577,6,-6
2022-09-14 15:32:32.980,14576,14578,14578,5,5
2022-09-14 15:32:33.097,14576,14578,14578,7,7
2022-09-14 15:32:34.948,14575,14577,14577,1,1
2022-09-14 15:32:36.285,14577,14578,14577,2,-2
2022-09-14 15:32:37.340,14577,14578,14578,1,1
2022-09-14 15:32:38.570,14577,14578,14578,1,1
2022-09-14 15:32:40.198,14578,14579,14579,3,3
2022-09-14 15:32:40.351,14578,14579,14579,1,1
2022-09-14 15:32:40.472,14578,14579,14579,1,1
2022-09-14 15:32:41.949,14578,14579,14579,5,5
2022-09-14 15:32:41.949,14578,14579,14579,2,2
2022-09-14 15:32:43.225,14578,14579,14579,1,1
2022-09-14 15:32:44.159,14578,14579,14578,1,-1
2022-09-14 15:32:44.160,14578,14579,14578,2,-2
2022-09-14 15:32:44.523,14577,14579,14577,4,-4
2022-09-14 15:32:44.524,14577,14579,14577,1,-1
2022-09-14 15:32:44.529,14577,14579,14576,2,-2
2022-09-14 15:32:44.762,14575,14576,14576,4,4
