2023-05-19 15:00:00,16124,16124,16124,98,0
2023-05-19 15:00:00,16123,16123,16123,2,-2
2023-05-19 15:00:00,16123,16123,16123,2,0
2023-05-19 15:00:00,16123,16123,16123,4,0
2023-05-19 15:00:00,16123,16123,16123,2,0
2023-05-19 15:00:00,16124,16124,16124,2,2
2023-05-19 15:00:00,16122,16122,16122,4,-4
2023-05-19 15:00:00,16122,16122,16122,4,0
2023-05-19 15:00:00,16122,16122,16122,16,0
2023-05-19 15:00:00,16122,16122,16122,8,0
2023-05-19 15:00:00,16122,16122,16122,2,0
2023-05-19 15:00:00,16122,16122,16122,2,0
2023-05-19 15:00:00,16124,16124,16124,2,2
2023-05-19 15:00:00,16121,16121,16121,2,-2
2023-05-19 15:00:00,16121,16121,16121,2,0
2023-05-19 15:00:00,16121,16121,16121,4,0
2023-05-19 15:00:00,16121,16121,16121,2,0
2023-05-19 15:00:00,16121,16121,16121,2,0
2023-05-19 15:00:00,16121,16121,16121,2,0
2023-05-19 15:00:00,16121,16121,16121,2,0
2023-05-19 15:00:00,16120,16120,16120,2,-2
2023-05-19 15:00:00,16120,16120,16120,2,0
2023-05-19 15:00:00,16120,16120,16120,2,0
2023-05-19 15:00:00,16120,16120,16120,2,0
2023-05-19 15:00:00,16122,16122,16122,6,6
2023-05-19 15:00:00,16121,16121,16121,2,-2
2023-05-19 15:00:00,16121,16121,16121,2,0
2023-05-19 15:00:00,16121,16121,16121,2,0
2023-05-19 15:00:00,16120,16120,16120,2,-2
2023-05-19 15:00:01,16119,16119,16119,2,-2
2023-05-19 15:00:02,16120,16120,16120,4,4
2023-05-19 15:00:02,16119,16119,16119,6,-6
2023-05-19 15:00:02,16119,16119,16119,2,0
2023-05-19 15:00:02,16120,16120,16120,2,2
2023-05-19 15:00:02,16120,16120,16120,2,0
2023-05-19 15:00:03,16121,16121,16121,2,2
2023-05-19 15:00:03,16121,16121,16121,2,0
2023-05-19 15:00:03,16121,16121,16121,2,0
2023-05-19 15:00:03,16120,16120,16120,2,-2
2023-05-19 15:00:03,16121,16121,16121,2,2
2023-05-19 15:00:03,16121,16121,16121,2,0
2023-05-19 15:00:04,16119,16119,16119,2,-2
2023-05-19 15:00:04,16121,16121,16121,2,2
2023-05-19 15:00:04,16122,16122,16122,2,2
2023-05-19 15:00:04,16122,16122,16122,2,0
2023-05-19 15:00:04,16122,16122,16122,2,0
2023-05-19 15:00:06,16121,16121,16121,2,-2
2023-05-19 15:00:08,16122,16122,16122,2,2
2023-05-19 15:00:09,16122,16122,16122,2,0
2023-05-19 15:00:10,16122,16122,16122,2,0
2023-05-19 15:00:10,16123,16123,16123,16,16
2023-05-19 15:00:10,16123,16123,16123,12,0
2023-05-19 15:00:10,16124,16124,16124,2,2
2023-05-19 15:00:10,16124,16124,16124,2,0
2023-05-19 15:00:10,16122,16122,16122,4,-4
2023-05-19 15:00:11,16123,16123,16123,2,2
2023-05-19 15:00:11,16122,16122,16122,2,-2
2023-05-19 15:00:12,16121,16121,16121,4,-4
2023-05-19 15:00:12,16122,16122,16122,8,8
2023-05-19 15:00:13,16122,16122,16122,4,0
2023-05-19 15:00:14,16122,16122,16122,2,0
2023-05-19 15:00:15,16122,16122,16122,2,0
2023-05-19 15:00:15,16122,16122,16122,2,0
2023-05-19 15:00:18,16123,16123,16123,10,10
2023-05-19 15:00:19,16122,16122,16122,2,-2
2023-05-19 15:00:19,16122,16122,16122,2,0
2023-05-19 15:00:19,16123,16123,16123,6,6
2023-05-19 15:00:20,16122,16122,16122,2,-2
2023-05-19 15:00:20,16122,16122,16122,2,0
2023-05-19 15:00:20,16123,16123,16123,10,10
2023-05-19 15:00:23,16124,16124,16124,2,2
2023-05-19 15:00:23,16123,16123,16123,4,-4
2023-05-19 15:00:24,16123,16123,16123,2,0
2023-05-19 15:00:24,16123,16123,16123,2,0
2023-05-19 15:00:24,16123,16123,16123,2,0
2023-05-19 15:00:26,16123,16123,16123,6,0
2023-05-19 15:00:27,16123,16123,16123,2,0
2023-05-19 15:00:27,16122,16122,16122,2,-2
2023-05-19 15:00:27,16124,16124,16124,14,14
2023-05-19 15:00:28,16122,16122,16122,2,-2
2023-05-19 15:00:28,16124,16124,16124,6,6
2023-05-19 15:00:30,16123,16123,16123,2,-2
2023-05-19 15:00:30,16123,16123,16123,2,0
2023-05-19 15:00:31,16122,16122,16122,2,-2
2023-05-19 15:00:31,16122,16122,16122,2,0
2023-05-19 15:00:31,16122,16122,16122,2,0
2023-05-19 15:00:31,16122,16122,16122,2,0
2023-05-19 15:00:33,16121,16121,16121,6,-6
2023-05-19 15:00:33,16121,16121,16121,2,0
2023-05-19 15:00:33,16121,16121,16121,2,0
2023-05-19 15:00:33,16121,16121,16121,2,0
2023-05-19 15:00:33,16121,16121,16121,2,0
2023-05-19 15:00:33,16121,16121,16121,2,0
2023-05-19 15:00:33,16121,16121,16121,2,0
2023-05-19 15:00:33,16121,16121,16121,2,0
2023-05-19 15:00:33,16120,16120,16120,2,-2
2023-05-19 15:00:34,16121,16121,16121,2,2
2023-05-19 15:00:34,16121,16121,16121,4,0
2023-05-19 15:00:34,16120,16120,16120,2,-2
2023-05-19 15:00:34,16122,16122,16122,4,4
2023-05-19 15:00:34,16121,16121,16121,4,-4
2023-05-19 15:00:36,16121,16121,16121,2,0
2023-05-19 15:00:37,16120,16120,16120,2,-2
2023-05-19 15:00:37,16120,16120,16120,2,0
2023-05-19 15:00:37,16120,16120,16120,2,0
2023-05-19 15:00:37,16120,16120,16120,4,0
2023-05-19 15:00:37,16120,16120,16120,4,0
2023-05-19 15:00:39,16120,16120,16120,4,0
2023-05-19 15:00:40,16119,16119,16119,2,-2
2023-05-19 15:00:40,16119,16119,16119,2,0
2023-05-19 15:00:40,16119,16119,16119,2,0
2023-05-19 15:00:40,16119,16119,16119,2,0
2023-05-19 15:00:40,16119,16119,16119,2,0
2023-05-19 15:00:40,16120,16120,16120,6,6
2023-05-19 15:00:41,16118,16118,16118,2,-2
2023-05-19 15:00:41,16118,16118,16118,2,0
2023-05-19 15:00:41,16120,16120,16120,2,2
2023-05-19 15:00:45,16120,16120,16120,4,0
2023-05-19 15:00:45,16119,16119,16119,6,-6
2023-05-19 15:00:45,16119,16119,16119,2,0
2023-05-19 15:00:48,16119,16119,16119,2,0
2023-05-19 15:00:49,16119,16119,16119,2,0
2023-05-19 15:00:49,16119,16119,16119,4,0
2023-05-19 15:00:49,16119,16119,16119,2,0
2023-05-19 15:00:49,16119,16119,16119,2,0
2023-05-19 15:00:49,16119,16119,16119,2,0
2023-05-19 15:00:49,16119,16119,16119,2,0
2023-05-19 15:00:49,16119,16119,16119,4,0
2023-05-19 15:00:49,16118,16118,16118,2,-2
2023-05-19 15:00:49,16118,16118,16118,2,0
2023-05-19 15:00:50,16119,16119,16119,18,18
2023-05-19 15:00:51,16118,16118,16118,2,-2
2023-05-19 15:00:51,16118,16118,16118,2,0
2023-05-19 15:00:51,16118,16118,16118,2,0
2023-05-19 15:00:51,16118,16118,16118,2,0
2023-05-19 15:00:51,16118,16118,16118,2,0
2023-05-19 15:00:52,16118,16118,16118,2,0
2023-05-19 15:00:52,16118,16118,16118,8,0
2023-05-19 15:00:56,16118,16118,16118,2,0
2023-05-19 15:00:56,16117,16117,16117,2,-2
2023-05-19 15:00:57,16118,16118,16118,2,2
2023-05-19 15:00:57,16118,16118,16118,2,0
2023-05-19 15:00:58,16117,16117,16117,4,-4
2023-05-19 15:00:58,16117,16117,16117,2,0
2023-05-19 15:00:58,16117,16117,16117,2,0
2023-05-19 15:00:58,16117,16117,16117,2,0
2023-05-19 15:00:58,16117,16117,16117,2,0
2023-05-19 15:00:58,16117,16117,16117,2,0
2023-05-19 15:00:58,16117,16117,16117,2,0
2023-05-19 15:00:58,16117,16117,16117,2,0
2023-05-19 15:00:58,16117,16117,16117,2,0
2023-05-19 15:00:58,16117,16117,16117,2,0
2023-05-19 15:00:58,16117,16117,16117,2,0
2023-05-19 15:00:59,16118,16118,16118,8,8
2023-05-19 15:01:00,16118,16118,16118,18,0
2023-05-19 15:01:00,16118,16118,16118,6,0
2023-05-19 15:01:00,16119,16119,16119,4,4
2023-05-19 15:01:00,16119,16119,16119,14,0
2023-05-19 15:01:01,16119,16119,16119,2,0
2023-05-19 15:01:01,16118,16118,16118,2,-2
2023-05-19 15:01:01,16117,16117,16117,14,-14
2023-05-19 15:01:01,16117,16117,16117,2,0
2023-05-19 15:01:01,16117,16117,16117,2,0
2023-05-19 15:01:03,16119,16119,16119,4,4
2023-05-19 15:01:03,16118,16118,16118,8,-8
2023-05-19 15:01:03,16118,16118,16118,2,0
2023-05-19 15:01:03,16118,16118,16118,6,0
2023-05-19 15:01:03,16118,16118,16118,2,0
2023-05-19 15:01:06,16119,16119,16119,2,2
2023-05-19 15:01:06,16120,16120,16120,2,2
2023-05-19 15:01:06,16120,16120,16120,4,0
2023-05-19 15:01:07,16118,16118,16118,2,-2
2023-05-19 15:01:07,16118,16118,16118,4,0
2023-05-19 15:01:07,16118,16118,16118,2,0
2023-05-19 15:01:07,16118,16118,16118,2,0
2023-05-19 15:01:08,16119,16119,16119,2,2
2023-05-19 15:01:08,16118,16118,16118,2,-2
2023-05-19 15:01:09,16119,16119,16119,14,14
2023-05-19 15:01:09,16119,16119,16119,4,0
2023-05-19 15:01:13,16120,16120,16120,2,2
2023-05-19 15:01:14,16119,16119,16119,2,-2
2023-05-19 15:01:14,16119,16119,16119,2,0
2023-05-19 15:01:14,16120,16120,16120,2,2
2023-05-19 15:01:14,16120,16120,16120,6,0
2023-05-19 15:01:17,16119,16119,16119,2,-2
2023-05-19 15:01:19,16119,16119,16119,2,0
2023-05-19 15:01:20,16121,16121,16121,6,6
2023-05-19 15:01:21,16121,16121,16121,2,0
2023-05-19 15:01:23,16121,16121,16121,2,0
2023-05-19 15:01:26,16121,16121,16121,6,0
2023-05-19 15:01:26,16120,16120,16120,2,-2
2023-05-19 15:01:26,16120,16120,16120,2,0
2023-05-19 15:01:26,16120,16120,16120,4,0
2023-05-19 15:01:27,16120,16120,16120,2,0
2023-05-19 15:01:27,16120,16120,16120,2,0
2023-05-19 15:01:28,16120,16120,16120,2,0
2023-05-19 15:01:32,16120,16120,16120,4,0
2023-05-19 15:01:34,16120,16120,16120,2,0
2023-05-19 15:01:35,16120,16120,16120,4,0
2023-05-19 15:01:37,16120,16120,16120,4,0
2023-05-19 15:01:37,16119,16119,16119,2,-2
2023-05-19 15:01:37,16119,16119,16119,4,0
2023-05-19 15:01:37,16119,16119,16119,4,0
2023-05-19 15:01:37,16119,16119,16119,2,0
2023-05-19 15:01:37,16119,16119,16119,2,0
2023-05-19 15:01:38,16118,16118,16118,2,-2
2023-05-19 15:01:38,16118,16118,16118,4,0
2023-05-19 15:01:38,16118,16118,16118,2,0
2023-05-19 15:01:38,16118,16118,16118,2,0
2023-05-19 15:01:38,16118,16118,16118,2,0
2023-05-19 15:01:38,16118,16118,16118,4,0
2023-05-19 15:01:38,16118,16118,16118,2,0
2023-05-19 15:01:38,16118,16118,16118,2,0
2023-05-19 15:01:39,16118,16118,16118,4,0
2023-05-19 15:01:39,16119,16119,16119,8,8
2023-05-19 15:01:39,16119,16119,16119,2,0
2023-05-19 15:01:46,16118,16118,16118,10,-10
2023-05-19 15:01:46,16118,16118,16118,4,0
2023-05-19 15:01:46,16118,16118,16118,2,0
2023-05-19 15:01:49,16119,16119,16119,4,4
2023-05-19 15:01:50,16119,16119,16119,2,0
2023-05-19 15:01:53,16118,16118,16118,2,-2
2023-05-19 15:01:56,16118,16118,16118,4,0
2023-05-19 15:01:56,16118,16118,16118,2,0
2023-05-19 15:01:56,16118,16118,16118,4,0
2023-05-19 15:01:57,16118,16118,16118,2,0
2023-05-19 15:02:00,16118,16118,16118,2,0
2023-05-19 15:02:04,16118,16118,16118,2,0
2023-05-19 15:02:04,16118,16118,16118,16,0
2023-05-19 15:02:05,16117,16117,16117,4,-4
2023-05-19 15:02:05,16117,16117,16117,2,0
2023-05-19 15:02:05,16118,16118,16118,2,2
2023-05-19 15:02:05,16117,16117,16117,8,-8
2023-05-19 15:02:05,16117,16117,16117,2,0
2023-05-19 15:02:05,16117,16117,16117,2,0
2023-05-19 15:02:07,16118,16118,16118,2,2
2023-05-19 15:02:09,16116,16116,16116,2,-2
2023-05-19 15:02:12,16117,16117,16117,2,2
2023-05-19 15:02:13,16116,16116,16116,2,-2
2023-05-19 15:02:13,16117,16117,16117,4,4
2023-05-19 15:02:14,16116,16116,16116,4,-4
2023-05-19 15:02:14,16116,16116,16116,4,0
2023-05-19 15:02:14,16116,16116,16116,4,0
2023-05-19 15:02:14,16116,16116,16116,2,0
2023-05-19 15:02:16,16117,16117,16117,2,2
2023-05-19 15:02:18,16116,16116,16116,2,-2
2023-05-19 15:02:18,16115,16115,16115,2,-2
2023-05-19 15:02:18,16115,16115,16115,2,0
2023-05-19 15:02:18,16115,16115,16115,2,0
2023-05-19 15:02:20,16117,16117,16117,2,2
2023-05-19 15:02:26,16117,16117,16117,8,0
2023-05-19 15:02:26,16116,16116,16116,2,-2
2023-05-19 15:02:26,16116,16116,16116,2,0
2023-05-19 15:02:28,16116,16116,16116,2,0
2023-05-19 15:02:28,16116,16116,16116,2,0
2023-05-19 15:02:28,16116,16116,16116,2,0
2023-05-19 15:02:30,16117,16117,16117,2,2
2023-05-19 15:02:31,16117,16117,16117,2,0
2023-05-19 15:02:34,16117,16117,16117,2,0
2023-05-19 15:02:37,16116,16116,16116,4,-4
2023-05-19 15:02:37,16116,16116,16116,2,0
2023-05-19 15:02:37,16116,16116,16116,2,0
2023-05-19 15:02:37,16117,16117,16117,4,4
2023-05-19 15:02:37,16118,16118,16118,6,6
2023-05-19 15:02:43,16117,16117,16117,2,-2
2023-05-19 15:02:44,16117,16117,16117,2,0
2023-05-19 15:02:47,16116,16116,16116,2,-2
2023-05-19 15:02:47,16116,16116,16116,2,0
2023-05-19 15:02:47,16116,16116,16116,14,0
2023-05-19 15:02:47,16116,16116,16116,2,0
2023-05-19 15:02:47,16116,16116,16116,2,0
2023-05-19 15:02:47,16116,16116,16116,2,0
2023-05-19 15:02:47,16116,16116,16116,2,0
2023-05-19 15:02:52,16116,16116,16116,2,0
2023-05-19 15:02:52,16116,16116,16116,2,0
2023-05-19 15:02:52,16116,16116,16116,2,0
2023-05-19 15:02:52,16116,16116,16116,2,0
2023-05-19 15:02:56,16115,16115,16115,6,-6
2023-05-19 15:02:57,16116,16116,16116,2,2
2023-05-19 15:02:59,16115,16115,16115,2,-2
2023-05-19 15:03:00,16115,16115,16115,2,0
2023-05-19 15:03:00,16115,16115,16115,2,0
2023-05-19 15:03:00,16117,16117,16117,2,2
2023-05-19 15:03:02,16116,16116,16116,2,-2
2023-05-19 15:03:02,16116,16116,16116,4,0
2023-05-19 15:03:05,16116,16116,16116,4,0
2023-05-19 15:03:05,16117,16117,16117,2,2
2023-05-19 15:03:05,16117,16117,16117,8,0
2023-05-19 15:03:05,16117,16117,16117,4,0
2023-05-19 15:03:05,16117,16117,16117,2,0
2023-05-19 15:03:06,16116,16116,16116,2,-2
2023-05-19 15:03:06,16116,16116,16116,2,0
2023-05-19 15:03:11,16117,16117,16117,2,2
2023-05-19 15:03:13,16117,16117,16117,6,0
2023-05-19 15:03:15,16117,16117,16117,10,0
2023-05-19 15:03:20,16117,16117,16117,2,0
2023-05-19 15:03:20,16118,16118,16118,2,2
2023-05-19 15:03:22,16117,16117,16117,2,-2
2023-05-19 15:03:22,16117,16117,16117,2,0
2023-05-19 15:03:22,16117,16117,16117,2,0
2023-05-19 15:03:22,16117,16117,16117,2,0
2023-05-19 15:03:22,16117,16117,16117,2,0
2023-05-19 15:03:22,16117,16117,16117,2,0
2023-05-19 15:03:23,16118,16118,16118,4,4
2023-05-19 15:03:25,16118,16118,16118,2,0
2023-05-19 15:03:25,16116,16116,16116,2,-2
2023-05-19 15:03:32,16117,16117,16117,2,2
2023-05-19 15:03:33,16117,16117,16117,2,0
2023-05-19 15:03:33,16117,16117,16117,2,0
2023-05-19 15:03:33,16117,16117,16117,2,0
2023-05-19 15:03:33,16118,16118,16118,4,4
2023-05-19 15:03:38,16117,16117,16117,4,-4
2023-05-19 15:03:38,16117,16117,16117,2,0
2023-05-19 15:03:39,16118,16118,16118,6,6
2023-05-19 15:03:39,16116,16116,16116,2,-2
2023-05-19 15:03:39,16116,16116,16116,2,0
2023-05-19 15:03:39,16116,16116,16116,4,0
2023-05-19 15:03:39,16116,16116,16116,2,0
2023-05-19 15:03:39,16118,16118,16118,4,4
2023-05-19 15:03:40,16117,16117,16117,2,-2
2023-05-19 15:03:41,16117,16117,16117,4,0
2023-05-19 15:03:41,16117,16117,16117,4,0
2023-05-19 15:03:46,16117,16117,16117,2,0
2023-05-19 15:03:46,16117,16117,16117,2,0
2023-05-19 15:03:49,16117,16117,16117,2,0
2023-05-19 15:03:54,16117,16117,16117,2,0
2023-05-19 15:03:54,16117,16117,16117,2,0
2023-05-19 15:04:00,16117,16117,16117,12,0
2023-05-19 15:04:00,16117,16117,16117,2,0
2023-05-19 15:04:00,16116,16116,16116,2,-2
2023-05-19 15:04:00,16116,16116,16116,2,0
2023-05-19 15:04:05,16116,16116,16116,2,0
2023-05-19 15:04:07,16115,16115,16115,2,-2
2023-05-19 15:04:07,16115,16115,16115,4,0
2023-05-19 15:04:07,16115,16115,16115,4,0
2023-05-19 15:04:11,16115,16115,16115,2,0
2023-05-19 15:04:15,16115,16115,16115,6,0
2023-05-19 15:04:16,16115,16115,16115,2,0
2023-05-19 15:04:16,16115,16115,16115,2,0
2023-05-19 15:04:19,16115,16115,16115,2,0
2023-05-19 15:04:20,16116,16116,16116,2,2
2023-05-19 15:04:20,16115,16115,16115,2,-2
2023-05-19 15:04:20,16115,16115,16115,2,0
2023-05-19 15:04:20,16115,16115,16115,2,0
2023-05-19 15:04:22,16115,16115,16115,4,0
2023-05-19 15:04:23,16115,16115,16115,2,0
2023-05-19 15:04:23,16115,16115,16115,4,0
2023-05-19 15:04:23,16115,16115,16115,2,0
2023-05-19 15:04:23,16115,16115,16115,2,0
2023-05-19 15:04:23,16115,16115,16115,6,0
2023-05-19 15:04:23,16115,16115,16115,2,0
2023-05-19 15:04:23,16114,16114,16114,2,-2
2023-05-19 15:04:23,16116,16116,16116,18,18
2023-05-19 15:04:30,16114,16114,16114,2,-2
2023-05-19 15:04:30,16114,16114,16114,2,0
2023-05-19 15:04:31,16114,16114,16114,2,0
2023-05-19 15:04:33,16114,16114,16114,2,0
2023-05-19 15:04:33,16114,16114,16114,2,0
2023-05-19 15:04:33,16114,16114,16114,2,0
2023-05-19 15:04:33,16114,16114,16114,2,0
2023-05-19 15:04:33,16114,16114,16114,2,0
2023-05-19 15:04:33,16114,16114,16114,2,0
2023-05-19 15:04:33,16114,16114,16114,2,0
2023-05-19 15:04:36,16114,16114,16114,2,0
2023-05-19 15:04:37,16113,16113,16113,2,-2
2023-05-19 15:04:37,16113,16113,16113,2,0
2023-05-19 15:04:37,16113,16113,16113,2,0
2023-05-19 15:04:37,16113,16113,16113,2,0
2023-05-19 15:04:37,16113,16113,16113,2,0
2023-05-19 15:04:40,16113,16113,16113,2,0
2023-05-19 15:04:40,16113,16113,16113,6,0
2023-05-19 15:04:40,16112,16112,16112,2,-2
2023-05-19 15:04:44,16113,16113,16113,2,2
2023-05-19 15:04:44,16112,16112,16112,2,-2
2023-05-19 15:04:44,16112,16112,16112,2,0
2023-05-19 15:04:44,16112,16112,16112,2,0
2023-05-19 15:04:45,16113,16113,16113,2,2
2023-05-19 15:04:45,16113,16113,16113,2,0
2023-05-19 15:04:45,16113,16113,16113,2,0
2023-05-19 15:04:48,16113,16113,16113,2,0
2023-05-19 15:04:50,16113,16113,16113,4,0
2023-05-19 15:04:50,16114,16114,16114,2,2
2023-05-19 15:04:50,16113,16113,16113,2,-2
2023-05-19 15:04:54,16114,16114,16114,4,4
2023-05-19 15:04:54,16113,16113,16113,2,-2
2023-05-19 15:04:54,16113,16113,16113,2,0
2023-05-19 15:04:55,16114,16114,16114,2,2
2023-05-19 15:04:58,16114,16114,16114,2,0
2023-05-19 15:05:00,16115,16115,16115,2,2
2023-05-19 15:05:02,16116,16116,16116,2,2
2023-05-19 15:05:06,16116,16116,16116,2,0
2023-05-19 15:05:16,16116,16116,16116,2,0
2023-05-19 15:05:27,16115,16115,16115,4,-4
2023-05-19 15:05:27,16115,16115,16115,8,0
2023-05-19 15:05:27,16115,16115,16115,2,0
2023-05-19 15:05:27,16116,16116,16116,2,2
2023-05-19 15:05:33,16115,16115,16115,2,-2
2023-05-19 15:05:36,16116,16116,16116,2,2
2023-05-19 15:05:40,16115,16115,16115,8,-8
2023-05-19 15:05:45,16115,16115,16115,2,0
2023-05-19 15:05:45,16115,16115,16115,2,0
2023-05-19 15:05:46,16115,16115,16115,2,0
2023-05-19 15:05:46,16115,16115,16115,2,0
2023-05-19 15:05:46,16115,16115,16115,2,0
2023-05-19 15:05:49,16114,16114,16114,2,-2
2023-05-19 15:05:49,16114,16114,16114,2,0
2023-05-19 15:05:49,16114,16114,16114,2,0
2023-05-19 15:05:49,16114,16114,16114,2,0
2023-05-19 15:05:50,16113,16113,16113,2,-2
2023-05-19 15:05:50,16113,16113,16113,2,0
2023-05-19 15:05:50,16113,16113,16113,2,0
2023-05-19 15:05:50,16113,16113,16113,22,0
2023-05-19 15:05:50,16113,16113,16113,2,0
2023-05-19 15:05:50,16113,16113,16113,2,0
2023-05-19 15:05:50,16113,16113,16113,2,0
2023-05-19 15:05:50,16113,16113,16113,16,0
2023-05-19 15:05:50,16113,16113,16113,2,0
2023-05-19 15:05:56,16113,16113,16113,2,0
2023-05-19 15:05:59,16112,16112,16112,2,-2
2023-05-19 15:05:59,16112,16112,16112,2,0
2023-05-19 15:05:59,16112,16112,16112,2,0
2023-05-19 15:05:59,16112,16112,16112,4,0
2023-05-19 15:05:59,16112,16112,16112,4,0
2023-05-19 15:05:59,16112,16112,16112,2,0
2023-05-19 15:05:59,16112,16112,16112,2,0
2023-05-19 15:05:59,16111,16111,16111,2,-2
2023-05-19 15:06:01,16111,16111,16111,2,0
2023-05-19 15:06:01,16111,16111,16111,2,0
2023-05-19 15:06:01,16111,16111,16111,2,0
2023-05-19 15:06:01,16111,16111,16111,2,0
2023-05-19 15:06:01,16111,16111,16111,2,0
2023-05-19 15:06:01,16111,16111,16111,2,0
2023-05-19 15:06:01,16111,16111,16111,2,0
2023-05-19 15:06:01,16111,16111,16111,2,0
2023-05-19 15:06:04,16112,16112,16112,2,2
2023-05-19 15:06:04,16112,16112,16112,2,0
2023-05-19 15:06:04,16111,16111,16111,2,-2
2023-05-19 15:06:04,16111,16111,16111,2,0
2023-05-19 15:06:04,16111,16111,16111,2,0
2023-05-19 15:06:04,16111,16111,16111,2,0
2023-05-19 15:06:04,16111,16111,16111,2,0
2023-05-19 15:06:04,16111,16111,16111,6,0
2023-05-19 15:06:04,16111,16111,16111,6,0
2023-05-19 15:06:04,16111,16111,16111,4,0
2023-05-19 15:06:04,16111,16111,16111,2,0
2023-05-19 15:06:04,16111,16111,16111,2,0
2023-05-19 15:06:04,16110,16110,16110,4,-4
2023-05-19 15:06:04,16110,16110,16110,2,0
2023-05-19 15:06:04,16110,16110,16110,4,0
2023-05-19 15:06:04,16110,16110,16110,2,0
2023-05-19 15:06:04,16110,16110,16110,2,0
2023-05-19 15:06:04,16110,16110,16110,4,0
2023-05-19 15:06:04,16110,16110,16110,2,0
2023-05-19 15:06:04,16110,16110,16110,4,0
2023-05-19 15:06:04,16110,16110,16110,8,0
2023-05-19 15:06:04,16110,16110,16110,2,0
2023-05-19 15:06:04,16110,16110,16110,2,0
2023-05-19 15:06:04,16110,16110,16110,6,0
2023-05-19 15:06:04,16110,16110,16110,2,0
2023-05-19 15:06:04,16110,16110,16110,2,0
2023-05-19 15:06:04,16110,16110,16110,2,0
2023-05-19 15:06:04,16110,16110,16110,2,0
2023-05-19 15:06:04,16110,16110,16110,6,0
2023-05-19 15:06:04,16110,16110,16110,4,0
2023-05-19 15:06:04,16110,16110,16110,2,0
2023-05-19 15:06:04,16110,16110,16110,2,0
2023-05-19 15:06:04,16110,16110,16110,2,0
2023-05-19 15:06:04,16110,16110,16110,10,0
2023-05-19 15:06:04,16110,16110,16110,2,0
2023-05-19 15:06:04,16110,16110,16110,10,0
2023-05-19 15:06:04,16110,16110,16110,10,0
2023-05-19 15:06:04,16110,16110,16110,10,0
2023-05-19 15:06:04,16110,16110,16110,10,0
2023-05-19 15:06:04,16110,16110,16110,6,0
2023-05-19 15:06:04,16109,16109,16109,2,-2
2023-05-19 15:06:06,16110,16110,16110,4,4
2023-05-19 15:06:09,16110,16110,16110,2,0
2023-05-19 15:06:09,16109,16109,16109,2,-2
2023-05-19 15:06:09,16109,16109,16109,2,0
2023-05-19 15:06:09,16109,16109,16109,2,0
2023-05-19 15:06:09,16109,16109,16109,4,0
2023-05-19 15:06:09,16109,16109,16109,4,0
2023-05-19 15:06:09,16109,16109,16109,2,0
2023-05-19 15:06:09,16109,16109,16109,2,0
2023-05-19 15:06:12,16110,16110,16110,2,2
2023-05-19 15:06:13,16109,16109,16109,2,-2
2023-05-19 15:06:13,16109,16109,16109,2,0
2023-05-19 15:06:14,16110,16110,16110,6,6
2023-05-19 15:06:15,16110,16110,16110,2,0
2023-05-19 15:06:15,16110,16110,16110,2,0
2023-05-19 15:06:15,16110,16110,16110,4,0
2023-05-19 15:06:15,16109,16109,16109,2,-2
2023-05-19 15:06:17,16109,16109,16109,2,0
2023-05-19 15:06:19,16109,16109,16109,2,0
2023-05-19 15:06:24,16109,16109,16109,4,0
2023-05-19 15:06:24,16110,16110,16110,2,2
2023-05-19 15:06:24,16110,16110,16110,8,0
2023-05-19 15:06:26,16110,16110,16110,2,0
2023-05-19 15:06:26,16110,16110,16110,2,0
2023-05-19 15:06:28,16110,16110,16110,2,0
2023-05-19 15:06:40,16110,16110,16110,2,0
2023-05-19 15:06:40,16111,16111,16111,2,2
2023-05-19 15:06:42,16110,16110,16110,2,-2
2023-05-19 15:06:42,16110,16110,16110,2,0
2023-05-19 15:06:42,16110,16110,16110,2,0
2023-05-19 15:06:45,16110,16110,16110,2,0
2023-05-19 15:06:49,16110,16110,16110,2,0
2023-05-19 15:06:49,16110,16110,16110,2,0
2023-05-19 15:06:50,16110,16110,16110,2,0
2023-05-19 15:06:50,16110,16110,16110,2,0
2023-05-19 15:06:50,16110,16110,16110,2,0
2023-05-19 15:06:50,16110,16110,16110,4,0
2023-05-19 15:06:50,16110,16110,16110,4,0
2023-05-19 15:06:50,16110,16110,16110,2,0
2023-05-19 15:06:52,16110,16110,16110,2,0
2023-05-19 15:06:55,16110,16110,16110,2,0
2023-05-19 15:06:58,16111,16111,16111,2,2
2023-05-19 15:07:00,16110,16110,16110,2,-2
2023-05-19 15:07:00,16111,16111,16111,6,6
2023-05-19 15:07:00,16111,16111,16111,6,0
2023-05-19 15:07:00,16112,16112,16112,2,2
2023-05-19 15:07:01,16112,16112,16112,2,0
2023-05-19 15:07:01,16113,16113,16113,8,8
2023-05-19 15:07:01,16114,16114,16114,4,4
2023-05-19 15:07:01,16114,16114,16114,2,0
2023-05-19 15:07:02,16115,16115,16115,2,2
2023-05-19 15:07:02,16114,16114,16114,2,-2
2023-05-19 15:07:02,16113,16113,16113,2,-2
2023-05-19 15:07:06,16114,16114,16114,2,2
2023-05-19 15:07:15,16115,16115,16115,2,2
2023-05-19 15:07:15,16115,16115,16115,2,0
2023-05-19 15:07:15,16116,16116,16116,2,2
2023-05-19 15:07:15,16116,16116,16116,4,0
2023-05-19 15:07:19,16116,16116,16116,2,0
2023-05-19 15:07:20,16116,16116,16116,8,0
2023-05-19 15:07:24,16116,16116,16116,32,0
2023-05-19 15:07:24,16117,16117,16117,8,8
2023-05-19 15:07:25,16116,16116,16116,2,-2
2023-05-19 15:07:27,16116,16116,16116,2,0
2023-05-19 15:07:38,16117,16117,16117,2,2
2023-05-19 15:07:38,16116,16116,16116,4,-4
2023-05-19 15:07:41,16116,16116,16116,2,0
2023-05-19 15:07:49,16116,16116,16116,6,0
2023-05-19 15:07:49,16116,16116,16116,2,0
2023-05-19 15:07:49,16116,16116,16116,2,0
2023-05-19 15:07:49,16116,16116,16116,4,0
2023-05-19 15:07:49,16117,16117,16117,2,2
2023-05-19 15:07:50,16117,16117,16117,2,0
2023-05-19 15:07:56,16117,16117,16117,2,0
2023-05-19 15:07:59,16116,16116,16116,2,-2
2023-05-19 15:08:01,16117,16117,16117,8,8
2023-05-19 15:08:03,16117,16117,16117,2,0
2023-05-19 15:08:07,16117,16117,16117,2,0
2023-05-19 15:08:11,16116,16116,16116,2,-2
2023-05-19 15:08:11,16116,16116,16116,2,0
2023-05-19 15:08:11,16116,16116,16116,2,0
2023-05-19 15:08:11,16116,16116,16116,2,0
2023-05-19 15:08:14,16116,16116,16116,2,0
2023-05-19 15:08:15,16115,16115,16115,2,-2
2023-05-19 15:08:15,16115,16115,16115,2,0
2023-05-19 15:08:19,16116,16116,16116,2,2
2023-05-19 15:08:19,16116,16116,16116,6,0
2023-05-19 15:08:19,16116,16116,16116,6,0
2023-05-19 15:08:27,16116,16116,16116,2,0
2023-05-19 15:08:32,16116,16116,16116,2,0
2023-05-19 15:08:38,16116,16116,16116,6,0
2023-05-19 15:08:38,16117,16117,16117,50,50
2023-05-19 15:08:38,16117,16117,16117,6,0
2023-05-19 15:08:38,16117,16117,16117,4,0
2023-05-19 15:08:38,16116,16116,16116,2,-2
2023-05-19 15:08:49,16116,16116,16116,2,0
2023-05-19 15:08:49,16116,16116,16116,2,0
2023-05-19 15:08:52,16116,16116,16116,2,0
2023-05-19 15:08:56,16116,16116,16116,6,0
2023-05-19 15:09:02,16117,16117,16117,4,4
2023-05-19 15:09:02,16116,16116,16116,2,-2
2023-05-19 15:09:04,16117,16117,16117,2,2
2023-05-19 15:09:10,16116,16116,16116,4,-4
2023-05-19 15:09:20,16117,16117,16117,2,2
2023-05-19 15:09:20,16117,16117,16117,2,0
2023-05-19 15:09:32,16117,16117,16117,2,0
2023-05-19 15:09:33,16117,16117,16117,2,0
2023-05-19 15:09:36,16117,16117,16117,4,0
2023-05-19 15:09:37,16117,16117,16117,4,0
2023-05-19 15:09:41,16116,16116,16116,2,-2
2023-05-19 15:09:41,16116,16116,16116,2,0
2023-05-19 15:09:41,16116,16116,16116,2,0
2023-05-19 15:09:54,16115,16115,16115,2,-2
2023-05-19 15:09:54,16115,16115,16115,10,0
2023-05-19 15:09:54,16115,16115,16115,2,0
2023-05-19 15:09:54,16115,16115,16115,2,0
2023-05-19 15:09:54,16115,16115,16115,2,0
2023-05-19 15:09:54,16115,16115,16115,2,0
2023-05-19 15:09:54,16115,16115,16115,2,0
2023-05-19 15:09:54,16115,16115,16115,2,0
2023-05-19 15:09:54,16115,16115,16115,2,0
2023-05-19 15:09:54,16115,16115,16115,2,0
2023-05-19 15:09:54,16115,16115,16115,4,0
2023-05-19 15:09:54,16115,16115,16115,4,0
2023-05-19 15:10:00,16115,16115,16115,2,0
2023-05-19 15:10:00,16115,16115,16115,6,0
2023-05-19 15:10:00,16115,16115,16115,2,0
2023-05-19 15:10:03,16115,16115,16115,2,0
2023-05-19 15:10:09,16115,16115,16115,2,0
2023-05-19 15:10:09,16115,16115,16115,2,0
2023-05-19 15:10:11,16116,16116,16116,2,2
2023-05-19 15:10:16,16115,16115,16115,2,-2
2023-05-19 15:10:21,16115,16115,16115,2,0
2023-05-19 15:10:21,16115,16115,16115,4,0
2023-05-19 15:10:24,16114,16114,16114,2,-2
2023-05-19 15:10:26,16114,16114,16114,20,0
2023-05-19 15:10:27,16113,16113,16113,2,-2
2023-05-19 15:10:27,16113,16113,16113,2,0
2023-05-19 15:10:33,16113,16113,16113,2,0
2023-05-19 15:10:34,16112,16112,16112,2,-2
2023-05-19 15:10:39,16113,16113,16113,2,2
2023-05-19 15:10:42,16113,16113,16113,2,0
2023-05-19 15:10:43,16113,16113,16113,2,0
2023-05-19 15:10:43,16113,16113,16113,2,0
2023-05-19 15:11:00,16113,16113,16113,2,0
2023-05-19 15:11:01,16113,16113,16113,2,0
2023-05-19 15:11:01,16113,16113,16113,2,0
2023-05-19 15:11:01,16113,16113,16113,4,0
2023-05-19 15:11:10,16113,16113,16113,2,0
2023-05-19 15:11:10,16113,16113,16113,2,0
2023-05-19 15:11:12,16113,16113,16113,2,0
2023-05-19 15:11:20,16113,16113,16113,26,0
2023-05-19 15:11:20,16113,16113,16113,2,0
2023-05-19 15:11:21,16113,16113,16113,2,0
2023-05-19 15:11:22,16113,16113,16113,2,0
2023-05-19 15:11:25,16113,16113,16113,2,0
2023-05-19 15:11:25,16113,16113,16113,2,0
2023-05-19 15:11:27,16113,16113,16113,22,0
2023-05-19 15:11:52,16114,16114,16114,2,2
2023-05-19 15:11:59,16114,16114,16114,2,0
2023-05-19 15:12:03,16115,16115,16115,2,2
2023-05-19 15:12:03,16115,16115,16115,6,0
2023-05-19 15:12:03,16115,16115,16115,2,0
2023-05-19 15:12:03,16115,16115,16115,2,0
2023-05-19 15:12:05,16116,16116,16116,28,28
2023-05-19 15:12:10,16117,16117,16117,10,10
2023-05-19 15:12:10,16117,16117,16117,2,0
2023-05-19 15:12:12,16117,16117,16117,2,0
2023-05-19 15:12:12,16118,16118,16118,2,2
2023-05-19 15:12:12,16118,16118,16118,2,0
2023-05-19 15:12:12,16118,16118,16118,2,0
2023-05-19 15:12:16,16117,16117,16117,4,-4
2023-05-19 15:12:16,16117,16117,16117,2,0
2023-05-19 15:12:18,16118,16118,16118,4,4
2023-05-19 15:12:21,16117,16117,16117,2,-2
2023-05-19 15:12:22,16117,16117,16117,2,0
2023-05-19 15:12:25,16116,16116,16116,2,-2
2023-05-19 15:12:29,16116,16116,16116,2,0
2023-05-19 15:12:35,16117,16117,16117,2,2
2023-05-19 15:12:42,16118,16118,16118,2,2
2023-05-19 15:12:44,16118,16118,16118,2,0
2023-05-19 15:12:46,16118,16118,16118,2,0
2023-05-19 15:12:47,16118,16118,16118,2,0
2023-05-19 15:12:48,16118,16118,16118,2,0
2023-05-19 15:12:49,16118,16118,16118,4,0
2023-05-19 15:12:51,16119,16119,16119,4,4
2023-05-19 15:12:54,16119,16119,16119,2,0
2023-05-19 15:12:59,16119,16119,16119,2,0
2023-05-19 15:13:00,16119,16119,16119,2,0
2023-05-19 15:13:05,16119,16119,16119,2,0
2023-05-19 15:13:09,16118,16118,16118,2,-2
2023-05-19 15:13:09,16119,16119,16119,2,2
2023-05-19 15:13:10,16119,16119,16119,2,0
2023-05-19 15:13:10,16119,16119,16119,2,0
2023-05-19 15:13:14,16119,16119,16119,2,0
2023-05-19 15:13:14,16119,16119,16119,4,0
2023-05-19 15:13:14,16120,16120,16120,68,68
2023-05-19 15:13:14,16120,16120,16120,2,0
2023-05-19 15:13:18,16120,16120,16120,2,0
2023-05-19 15:13:18,16120,16120,16120,2,0
2023-05-19 15:13:18,16120,16120,16120,2,0
2023-05-19 15:13:19,16121,16121,16121,2,2
2023-05-19 15:13:19,16120,16120,16120,2,-2
2023-05-19 15:13:19,16120,16120,16120,2,0
2023-05-19 15:13:19,16120,16120,16120,2,0
2023-05-19 15:13:19,16120,16120,16120,2,0
2023-05-19 15:13:22,16120,16120,16120,2,0
2023-05-19 15:13:25,16120,16120,16120,2,0
2023-05-19 15:13:27,16120,16120,16120,2,0
2023-05-19 15:13:27,16121,16121,16121,2,2
2023-05-19 15:13:30,16120,16120,16120,2,-2
2023-05-19 15:13:35,16119,16119,16119,2,-2
2023-05-19 15:13:37,16118,16118,16118,2,-2
2023-05-19 15:13:44,16119,16119,16119,2,2
2023-05-19 15:13:50,16119,16119,16119,2,0
2023-05-19 15:13:52,16119,16119,16119,2,0
2023-05-19 15:13:56,16120,16120,16120,2,2
2023-05-19 15:13:58,16119,16119,16119,2,-2
2023-05-19 15:14:09,16118,16118,16118,6,-6
2023-05-19 15:14:09,16118,16118,16118,2,0
2023-05-19 15:14:09,16118,16118,16118,2,0
2023-05-19 15:14:09,16118,16118,16118,2,0
2023-05-19 15:14:09,16118,16118,16118,2,0
2023-05-19 15:14:09,16118,16118,16118,2,0
2023-05-19 15:14:09,16118,16118,16118,2,0
2023-05-19 15:14:10,16117,16117,16117,2,-2
2023-05-19 15:14:10,16117,16117,16117,2,0
2023-05-19 15:14:10,16117,16117,16117,2,0
2023-05-19 15:14:10,16118,16118,16118,2,2
2023-05-19 15:14:10,16119,16119,16119,2,2
2023-05-19 15:14:10,16119,16119,16119,2,0
2023-05-19 15:14:10,16119,16119,16119,2,0
2023-05-19 15:14:10,16119,16119,16119,2,0
2023-05-19 15:14:10,16119,16119,16119,2,0
2023-05-19 15:14:10,16119,16119,16119,2,0
2023-05-19 15:14:10,16119,16119,16119,2,0
2023-05-19 15:14:10,16119,16119,16119,2,0
2023-05-19 15:14:10,16119,16119,16119,2,0
2023-05-19 15:14:10,16119,16119,16119,2,0
2023-05-19 15:14:10,16119,16119,16119,2,0
2023-05-19 15:14:10,16119,16119,16119,2,0
2023-05-19 15:14:10,16119,16119,16119,2,0
2023-05-19 15:14:10,16119,16119,16119,2,0
2023-05-19 15:14:10,16119,16119,16119,2,0
2023-05-19 15:14:16,16119,16119,16119,10,0
2023-05-19 15:14:37,16117,16117,16117,2,-2
2023-05-19 15:14:41,16119,16119,16119,2,2
2023-05-19 15:15:01,16119,16119,16119,4,0
2023-05-19 15:15:11,16119,16119,16119,4,0
2023-05-19 15:15:11,16119,16119,16119,2,0
2023-05-19 15:15:14,16118,16118,16118,2,-2
2023-05-19 15:15:29,16118,16118,16118,2,0
2023-05-19 15:15:29,16118,16118,16118,2,0
2023-05-19 15:15:29,16118,16118,16118,6,0
2023-05-19 15:15:36,16118,16118,16118,2,0
2023-05-19 15:15:40,16118,16118,16118,2,0
2023-05-19 15:15:43,16119,16119,16119,2,2
2023-05-19 15:15:43,16119,16119,16119,2,0
2023-05-19 15:15:43,16119,16119,16119,2,0
2023-05-19 15:15:43,16119,16119,16119,2,0
2023-05-19 15:15:46,16118,16118,16118,2,-2
2023-05-19 15:15:55,16118,16118,16118,2,0
2023-05-19 15:16:00,16119,16119,16119,2,2
2023-05-19 15:16:00,16119,16119,16119,2,0
2023-05-19 15:16:00,16119,16119,16119,4,0
2023-05-19 15:16:01,16120,16120,16120,2,2
2023-05-19 15:16:03,16120,16120,16120,2,0
2023-05-19 15:16:05,16120,16120,16120,4,0
2023-05-19 15:16:10,16120,16120,16120,10,0
2023-05-19 15:16:21,16120,16120,16120,10,0
2023-05-19 15:16:22,16120,16120,16120,4,0
2023-05-19 15:16:30,16120,16120,16120,10,0
2023-05-19 15:16:30,16120,16120,16120,2,0
2023-05-19 15:16:31,16121,16121,16121,10,10
2023-05-19 15:16:36,16122,16122,16122,4,4
2023-05-19 15:16:39,16122,16122,16122,12,0
2023-05-19 15:16:39,16123,16123,16123,2,2
2023-05-19 15:16:39,16122,16122,16122,2,-2
2023-05-19 15:16:41,16123,16123,16123,2,2
2023-05-19 15:16:42,16122,16122,16122,2,-2
2023-05-19 15:16:46,16122,16122,16122,4,0
2023-05-19 15:17:01,16123,16123,16123,2,2
2023-05-19 15:17:01,16123,16123,16123,12,0
2023-05-19 15:17:01,16123,16123,16123,2,0
2023-05-19 15:17:03,16123,16123,16123,2,0
2023-05-19 15:17:05,16124,16124,16124,2,2
2023-05-19 15:17:06,16124,16124,16124,2,0
2023-05-19 15:17:06,16124,16124,16124,2,0
2023-05-19 15:17:06,16123,16123,16123,2,-2
2023-05-19 15:17:07,16124,16124,16124,10,10
2023-05-19 15:17:13,16124,16124,16124,2,0
2023-05-19 15:17:13,16124,16124,16124,4,0
2023-05-19 15:17:14,16125,16125,16125,2,2
2023-05-19 15:17:14,16125,16125,16125,2,0
2023-05-19 15:17:14,16125,16125,16125,2,0
2023-05-19 15:17:14,16125,16125,16125,2,0
2023-05-19 15:17:14,16125,16125,16125,2,0
2023-05-19 15:17:16,16124,16124,16124,2,-2
2023-05-19 15:17:31,16124,16124,16124,2,0
2023-05-19 15:17:31,16125,16125,16125,2,2
2023-05-19 15:17:34,16124,16124,16124,2,-2
2023-05-19 15:17:39,16125,16125,16125,2,2
2023-05-19 15:17:43,16125,16125,16125,2,0
2023-05-19 15:17:47,16125,16125,16125,2,0
2023-05-19 15:17:48,16125,16125,16125,2,0
2023-05-19 15:17:58,16125,16125,16125,14,0
2023-05-19 15:17:59,16124,16124,16124,2,-2
2023-05-19 15:18:08,16125,16125,16125,2,2
2023-05-19 15:18:10,16125,16125,16125,2,0
2023-05-19 15:18:29,16125,16125,16125,4,0
2023-05-19 15:18:32,16125,16125,16125,2,0
2023-05-19 15:18:33,16124,16124,16124,2,-2
2023-05-19 15:18:34,16124,16124,16124,2,0
2023-05-19 15:18:35,16124,16124,16124,2,0
2023-05-19 15:18:36,16124,16124,16124,2,0
2023-05-19 15:18:36,16124,16124,16124,2,0
2023-05-19 15:18:43,16124,16124,16124,2,0
2023-05-19 15:19:11,16124,16124,16124,2,0
2023-05-19 15:19:12,16123,16123,16123,2,-2
2023-05-19 15:19:21,16123,16123,16123,2,0
2023-05-19 15:19:39,16124,16124,16124,2,2
2023-05-19 15:19:39,16124,16124,16124,4,0
2023-05-19 15:19:45,16124,16124,16124,2,0
2023-05-19 15:19:45,16124,16124,16124,6,0
2023-05-19 15:19:45,16124,16124,16124,2,0
2023-05-19 15:20:01,16125,16125,16125,4,4
2023-05-19 15:20:02,16125,16125,16125,2,0
2023-05-19 15:20:03,16124,16124,16124,2,-2
2023-05-19 15:20:03,16124,16124,16124,2,0
2023-05-19 15:20:03,16125,16125,16125,2,2
2023-05-19 15:20:04,16125,16125,16125,2,0
2023-05-19 15:20:08,16125,16125,16125,2,0
2023-05-19 15:20:22,16125,16125,16125,4,0
2023-05-19 15:20:35,16125,16125,16125,4,0
2023-05-19 15:20:36,16125,16125,16125,2,0
2023-05-19 15:20:36,16126,16126,16126,2,2
2023-05-19 15:20:46,16125,16125,16125,4,-4
2023-05-19 15:20:51,16125,16125,16125,2,0
2023-05-19 15:20:53,16125,16125,16125,2,0
2023-05-19 15:20:57,16124,16124,16124,2,-2
2023-05-19 15:21:24,16124,16124,16124,2,0
2023-05-19 15:21:24,16124,16124,16124,2,0
2023-05-19 15:21:24,16124,16124,16124,2,0
2023-05-19 15:21:30,16124,16124,16124,2,0
2023-05-19 15:21:30,16124,16124,16124,2,0
2023-05-19 15:21:30,16124,16124,16124,4,0
2023-05-19 15:21:30,16124,16124,16124,2,0
2023-05-19 15:21:30,16124,16124,16124,2,0
2023-05-19 15:21:30,16124,16124,16124,10,0
2023-05-19 15:21:33,16124,16124,16124,4,0
2023-05-19 15:21:33,16124,16124,16124,6,0
2023-05-19 15:21:33,16124,16124,16124,2,0
2023-05-19 15:21:33,16124,16124,16124,4,0
2023-05-19 15:21:36,16125,16125,16125,2,2
2023-05-19 15:21:37,16125,16125,16125,2,0
2023-05-19 15:21:38,16125,16125,16125,4,0
2023-05-19 15:21:39,16124,16124,16124,2,-2
2023-05-19 15:21:39,16124,16124,16124,2,0
2023-05-19 15:21:39,16124,16124,16124,2,0
2023-05-19 15:21:39,16125,16125,16125,2,2
2023-05-19 15:21:52,16124,16124,16124,2,-2
2023-05-19 15:21:57,16124,16124,16124,2,0
2023-05-19 15:22:05,16124,16124,16124,2,0
2023-05-19 15:22:12,16124,16124,16124,2,0
2023-05-19 15:22:18,16123,16123,16123,2,-2
2023-05-19 15:22:18,16123,16123,16123,2,0
2023-05-19 15:22:18,16123,16123,16123,2,0
2023-05-19 15:22:18,16123,16123,16123,2,0
2023-05-19 15:22:18,16123,16123,16123,2,0
2023-05-19 15:22:18,16123,16123,16123,2,0
2023-05-19 15:22:18,16123,16123,16123,2,0
2023-05-19 15:22:18,16123,16123,16123,2,0
2023-05-19 15:22:18,16123,16123,16123,2,0
2023-05-19 15:22:18,16122,16122,16122,2,-2
2023-05-19 15:22:24,16123,16123,16123,2,2
2023-05-19 15:22:25,16123,16123,16123,2,0
2023-05-19 15:22:27,16122,16122,16122,2,-2
2023-05-19 15:22:31,16123,16123,16123,2,2
2023-05-19 15:22:31,16122,16122,16122,2,-2
2023-05-19 15:22:31,16122,16122,16122,2,0
2023-05-19 15:22:42,16122,16122,16122,4,0
2023-05-19 15:22:42,16123,16123,16123,2,2
2023-05-19 15:22:53,16122,16122,16122,2,-2
2023-05-19 15:22:53,16122,16122,16122,2,0
2023-05-19 15:23:01,16122,16122,16122,2,0
2023-05-19 15:23:15,16121,16121,16121,2,-2
2023-05-19 15:23:18,16121,16121,16121,2,0
2023-05-19 15:23:18,16121,16121,16121,2,0
2023-05-19 15:23:18,16121,16121,16121,2,0
2023-05-19 15:23:18,16121,16121,16121,2,0
2023-05-19 15:23:20,16121,16121,16121,2,0
2023-05-19 15:23:22,16120,16120,16120,2,-2
2023-05-19 15:23:23,16121,16121,16121,2,2
2023-05-19 15:23:23,16121,16121,16121,2,0
2023-05-19 15:23:23,16121,16121,16121,4,0
2023-05-19 15:23:23,16121,16121,16121,4,0
2023-05-19 15:23:27,16121,16121,16121,2,0
2023-05-19 15:23:48,16121,16121,16121,2,0
2023-05-19 15:23:48,16120,16120,16120,2,-2
2023-05-19 15:23:48,16120,16120,16120,4,0
2023-05-19 15:23:48,16120,16120,16120,4,0
2023-05-19 15:23:48,16120,16120,16120,2,0
2023-05-19 15:23:48,16120,16120,16120,4,0
2023-05-19 15:23:48,16120,16120,16120,2,0
2023-05-19 15:23:48,16122,16122,16122,2,2
2023-05-19 15:24:10,16120,16120,16120,2,-2
2023-05-19 15:24:10,16120,16120,16120,2,0
2023-05-19 15:24:10,16120,16120,16120,4,0
2023-05-19 15:24:10,16120,16120,16120,4,0
2023-05-19 15:24:10,16120,16120,16120,2,0
2023-05-19 15:24:10,16120,16120,16120,2,0
2023-05-19 15:24:10,16120,16120,16120,2,0
2023-05-19 15:24:23,16119,16119,16119,2,-2
2023-05-19 15:24:23,16119,16119,16119,2,0
2023-05-19 15:24:27,16120,16120,16120,2,2
2023-05-19 15:24:33,16119,16119,16119,2,-2
2023-05-19 15:24:33,16119,16119,16119,2,0
2023-05-19 15:24:46,16119,16119,16119,4,0
2023-05-19 15:24:51,16119,16119,16119,2,0
2023-05-19 15:24:51,16119,16119,16119,4,0
2023-05-19 15:24:51,16119,16119,16119,2,0
2023-05-19 15:24:57,16119,16119,16119,2,0
2023-05-19 15:25:00,16119,16119,16119,2,0
2023-05-19 15:25:00,16119,16119,16119,2,0
2023-05-19 15:25:00,16118,16118,16118,2,-2
2023-05-19 15:25:00,16118,16118,16118,4,0
2023-05-19 15:25:02,16118,16118,16118,2,0
2023-05-19 15:25:05,16119,16119,16119,2,2
2023-05-19 15:25:07,16118,16118,16118,6,-6
2023-05-19 15:25:07,16118,16118,16118,2,0
2023-05-19 15:25:07,16118,16118,16118,4,0
2023-05-19 15:25:08,16118,16118,16118,2,0
2023-05-19 15:25:08,16118,16118,16118,2,0
2023-05-19 15:25:10,16117,16117,16117,2,-2
2023-05-19 15:25:10,16117,16117,16117,2,0
2023-05-19 15:25:10,16117,16117,16117,2,0
2023-05-19 15:25:12,16118,16118,16118,4,4
2023-05-19 15:25:15,16118,16118,16118,20,0
2023-05-19 15:25:27,16117,16117,16117,6,-6
2023-05-19 15:25:31,16117,16117,16117,2,0
2023-05-19 15:25:32,16117,16117,16117,2,0
2023-05-19 15:25:33,16117,16117,16117,2,0
2023-05-19 15:25:34,16116,16116,16116,4,-4
2023-05-19 15:25:51,16117,16117,16117,2,2
2023-05-19 15:26:13,16117,16117,16117,2,0
2023-05-19 15:26:21,16117,16117,16117,2,0
2023-05-19 15:26:21,16117,16117,16117,2,0
2023-05-19 15:26:21,16117,16117,16117,2,0
2023-05-19 15:26:27,16116,16116,16116,2,-2
2023-05-19 15:26:27,16116,16116,16116,2,0
2023-05-19 15:26:27,16116,16116,16116,4,0
2023-05-19 15:26:27,16116,16116,16116,2,0
2023-05-19 15:26:28,16117,16117,16117,4,4
2023-05-19 15:26:36,16117,16117,16117,2,0
2023-05-19 15:26:47,16116,16116,16116,2,-2
2023-05-19 15:26:47,16116,16116,16116,2,0
2023-05-19 15:26:50,16116,16116,16116,8,0
2023-05-19 15:26:50,16116,16116,16116,2,0
2023-05-19 15:26:50,16116,16116,16116,2,0
2023-05-19 15:26:50,16116,16116,16116,4,0
2023-05-19 15:26:50,16116,16116,16116,2,0
2023-05-19 15:26:50,16116,16116,16116,2,0
2023-05-19 15:26:50,16116,16116,16116,2,0
2023-05-19 15:26:57,16116,16116,16116,2,0
2023-05-19 15:26:59,16116,16116,16116,2,0
2023-05-19 15:27:00,16115,16115,16115,2,-2
2023-05-19 15:27:00,16115,16115,16115,2,0
2023-05-19 15:27:00,16115,16115,16115,2,0
2023-05-19 15:27:00,16115,16115,16115,2,0
2023-05-19 15:27:00,16115,16115,16115,2,0
2023-05-19 15:27:00,16115,16115,16115,2,0
2023-05-19 15:27:00,16115,16115,16115,4,0
2023-05-19 15:27:00,16115,16115,16115,2,0
2023-05-19 15:27:00,16115,16115,16115,4,0
2023-05-19 15:27:00,16115,16115,16115,2,0
2023-05-19 15:27:00,16115,16115,16115,6,0
2023-05-19 15:27:00,16115,16115,16115,4,0
2023-05-19 15:27:01,16114,16114,16114,2,-2
2023-05-19 15:27:02,16114,16114,16114,2,0
2023-05-19 15:27:02,16114,16114,16114,2,0
2023-05-19 15:27:02,16114,16114,16114,2,0
2023-05-19 15:27:02,16114,16114,16114,2,0
2023-05-19 15:27:03,16113,16113,16113,2,-2
2023-05-19 15:27:03,16113,16113,16113,2,0
2023-05-19 15:27:03,16113,16113,16113,2,0
2023-05-19 15:27:03,16113,16113,16113,2,0
2023-05-19 15:27:03,16113,16113,16113,2,0
2023-05-19 15:27:06,16113,16113,16113,2,0
2023-05-19 15:27:06,16112,16112,16112,2,-2
2023-05-19 15:27:08,16112,16112,16112,2,0
2023-05-19 15:27:08,16112,16112,16112,2,0
2023-05-19 15:27:08,16112,16112,16112,4,0
2023-05-19 15:27:08,16112,16112,16112,2,0
2023-05-19 15:27:08,16112,16112,16112,2,0
2023-05-19 15:27:10,16112,16112,16112,2,0
2023-05-19 15:27:10,16113,16113,16113,2,2
2023-05-19 15:27:17,16113,16113,16113,2,0
2023-05-19 15:27:18,16113,16113,16113,2,0
2023-05-19 15:27:18,16113,16113,16113,2,0
2023-05-19 15:27:18,16112,16112,16112,2,-2
2023-05-19 15:27:20,16113,16113,16113,2,2
2023-05-19 15:27:21,16112,16112,16112,2,-2
2023-05-19 15:27:22,16112,16112,16112,2,0
2023-05-19 15:27:23,16113,16113,16113,2,2
2023-05-19 15:27:23,16113,16113,16113,2,0
2023-05-19 15:27:23,16113,16113,16113,4,0
2023-05-19 15:27:23,16113,16113,16113,2,0
2023-05-19 15:27:23,16113,16113,16113,2,0
2023-05-19 15:27:23,16113,16113,16113,6,0
2023-05-19 15:27:24,16113,16113,16113,2,0
2023-05-19 15:27:24,16113,16113,16113,2,0
2023-05-19 15:27:24,16113,16113,16113,2,0
2023-05-19 15:27:31,16114,16114,16114,2,2
2023-05-19 15:27:36,16114,16114,16114,2,0
2023-05-19 15:27:37,16114,16114,16114,2,0
2023-05-19 15:27:41,16114,16114,16114,2,0
2023-05-19 15:27:41,16114,16114,16114,4,0
2023-05-19 15:27:41,16114,16114,16114,4,0
2023-05-19 15:27:50,16114,16114,16114,2,0
2023-05-19 15:27:59,16114,16114,16114,2,0
2023-05-19 15:28:01,16115,16115,16115,2,2
2023-05-19 15:28:08,16114,16114,16114,2,-2
2023-05-19 15:28:10,16114,16114,16114,2,0
2023-05-19 15:28:10,16114,16114,16114,4,0
2023-05-19 15:28:15,16114,16114,16114,2,0
2023-05-19 15:28:17,16114,16114,16114,2,0
2023-05-19 15:28:17,16113,16113,16113,2,-2
2023-05-19 15:28:18,16112,16112,16112,2,-2
2023-05-19 15:28:21,16112,16112,16112,2,0
2023-05-19 15:28:23,16112,16112,16112,2,0
2023-05-19 15:28:23,16112,16112,16112,2,0
2023-05-19 15:28:26,16113,16113,16113,4,4
2023-05-19 15:28:27,16113,16113,16113,2,0
2023-05-19 15:28:28,16113,16113,16113,4,0
2023-05-19 15:28:28,16113,16113,16113,10,0
2023-05-19 15:28:36,16113,16113,16113,2,0
2023-05-19 15:28:45,16113,16113,16113,2,0
2023-05-19 15:28:47,16113,16113,16113,2,0
2023-05-19 15:28:55,16113,16113,16113,2,0
2023-05-19 15:29:01,16113,16113,16113,2,0
2023-05-19 15:29:03,16113,16113,16113,2,0
2023-05-19 15:29:03,16113,16113,16113,2,0
2023-05-19 15:29:03,16113,16113,16113,4,0
2023-05-19 15:29:07,16112,16112,16112,2,-2
2023-05-19 15:29:09,16112,16112,16112,2,0
2023-05-19 15:29:10,16112,16112,16112,2,0
2023-05-19 15:29:10,16113,16113,16113,2,2
2023-05-19 15:29:10,16113,16113,16113,2,0
2023-05-19 15:29:12,16112,16112,16112,2,-2
2023-05-19 15:29:15,16112,16112,16112,4,0
2023-05-19 15:29:15,16112,16112,16112,10,0
2023-05-19 15:29:15,16112,16112,16112,2,0
2023-05-19 15:29:15,16112,16112,16112,2,0
2023-05-19 15:29:15,16112,16112,16112,2,0
2023-05-19 15:29:15,16112,16112,16112,2,0
2023-05-19 15:29:15,16112,16112,16112,2,0
2023-05-19 15:29:15,16112,16112,16112,2,0
2023-05-19 15:29:15,16112,16112,16112,2,0
2023-05-19 15:29:15,16112,16112,16112,4,0
2023-05-19 15:29:15,16112,16112,16112,4,0
2023-05-19 15:29:18,16112,16112,16112,2,0
2023-05-19 15:29:19,16111,16111,16111,2,-2
2023-05-19 15:29:20,16112,16112,16112,2,2
2023-05-19 15:29:23,16111,16111,16111,2,-2
2023-05-19 15:29:25,16112,16112,16112,6,6
2023-05-19 15:29:26,16111,16111,16111,2,-2
2023-05-19 15:29:28,16112,16112,16112,2,2
2023-05-19 15:29:36,16111,16111,16111,2,-2
2023-05-19 15:30:01,16112,16112,16112,24,24
2023-05-19 15:30:01,16112,16112,16112,2,0
2023-05-19 15:30:02,16113,16113,16113,2,2
2023-05-19 15:30:02,16113,16113,16113,2,0
2023-05-19 15:30:05,16114,16114,16114,2,2
2023-05-19 15:30:05,16114,16114,16114,2,0
2023-05-19 15:30:06,16114,16114,16114,2,0
2023-05-19 15:30:06,16114,16114,16114,2,0
2023-05-19 15:30:06,16115,16115,16115,6,6
2023-05-19 15:30:06,16115,16115,16115,4,0
2023-05-19 15:30:07,16115,16115,16115,2,0
2023-05-19 15:30:07,16115,16115,16115,2,0
2023-05-19 15:30:07,16115,16115,16115,2,0
2023-05-19 15:30:07,16115,16115,16115,2,0
2023-05-19 15:30:10,16117,16117,16117,2,2
2023-05-19 15:30:16,16115,16115,16115,2,-2
2023-05-19 15:30:16,16115,16115,16115,2,0
2023-05-19 15:30:30,16116,16116,16116,2,2
2023-05-19 15:30:30,16116,16116,16116,4,0
2023-05-19 15:30:56,16118,16118,16118,8,8
2023-05-19 15:30:58,16118,16118,16118,4,0
2023-05-19 15:30:58,16119,16119,16119,6,6
2023-05-19 15:30:58,16119,16119,16119,2,0
2023-05-19 15:30:58,16119,16119,16119,4,0
2023-05-19 15:30:58,16119,16119,16119,2,0
2023-05-19 15:30:59,16119,16119,16119,14,0
2023-05-19 15:30:59,16120,16120,16120,24,24
2023-05-19 15:31:00,16119,16119,16119,2,-2
2023-05-19 15:31:00,16120,16120,16120,2,2
2023-05-19 15:31:00,16120,16120,16120,2,0
2023-05-19 15:31:10,16119,16119,16119,2,-2
2023-05-19 15:31:11,16118,16118,16118,6,-6
2023-05-19 15:31:11,16120,16120,16120,2,2
2023-05-19 15:31:12,16120,16120,16120,2,0
2023-05-19 15:31:17,16121,16121,16121,6,6
2023-05-19 15:31:25,16120,16120,16120,2,-2
2023-05-19 15:31:25,16121,16121,16121,6,6
2023-05-19 15:31:27,16121,16121,16121,2,0
2023-05-19 15:31:28,16120,16120,16120,4,-4
2023-05-19 15:31:28,16119,16119,16119,2,-2
2023-05-19 15:31:29,16121,16121,16121,2,2
2023-05-19 15:31:32,16120,16120,16120,2,-2
2023-05-19 15:31:32,16120,16120,16120,2,0
2023-05-19 15:31:32,16120,16120,16120,2,0
2023-05-19 15:31:33,16121,16121,16121,8,8
2023-05-19 15:31:35,16120,16120,16120,2,-2
2023-05-19 15:31:40,16119,16119,16119,2,-2
2023-05-19 15:31:54,16118,16118,16118,2,-2
2023-05-19 15:32:00,16118,16118,16118,2,0
2023-05-19 15:32:01,16118,16118,16118,2,0
2023-05-19 15:32:11,16118,16118,16118,2,0
2023-05-19 15:32:13,16118,16118,16118,2,0
2023-05-19 15:32:21,16118,16118,16118,2,0
2023-05-19 15:32:29,16118,16118,16118,4,0
2023-05-19 15:32:32,16119,16119,16119,2,2
2023-05-19 15:32:32,16119,16119,16119,2,0
2023-05-19 15:32:37,16119,16119,16119,2,0
2023-05-19 15:32:41,16119,16119,16119,6,0
2023-05-19 15:32:41,16118,16118,16118,2,-2
2023-05-19 15:32:41,16118,16118,16118,2,0
2023-05-19 15:32:41,16118,16118,16118,2,0
2023-05-19 15:32:43,16118,16118,16118,2,0
2023-05-19 15:32:44,16118,16118,16118,2,0
2023-05-19 15:33:19,16116,16116,16116,2,-2
2023-05-19 15:33:19,16116,16116,16116,2,0
2023-05-19 15:33:19,16115,16115,16115,4,-4
2023-05-19 15:33:33,16115,16115,16115,2,0
2023-05-19 15:33:39,16116,16116,16116,4,4
2023-05-19 15:34:00,16117,16117,16117,2,2
2023-05-19 15:34:00,16117,16117,16117,2,0
2023-05-19 15:34:10,16117,16117,16117,2,0
2023-05-19 15:34:31,16117,16117,16117,2,0
2023-05-19 15:34:35,16118,16118,16118,2,2
2023-05-19 15:34:35,16118,16118,16118,2,0
2023-05-19 15:34:35,16118,16118,16118,4,0
2023-05-19 15:34:35,16118,16118,16118,2,0
2023-05-19 15:34:43,16120,16120,16120,2,2
2023-05-19 15:35:10,16118,16118,16118,2,-2
2023-05-19 15:35:13,16118,16118,16118,2,0
2023-05-19 15:35:40,16119,16119,16119,2,2
2023-05-19 15:35:54,16119,16119,16119,2,0
2023-05-19 15:36:14,16120,16120,16120,10,10
2023-05-19 15:36:14,16120,16120,16120,2,0
2023-05-19 15:36:18,16120,16120,16120,2,0
2023-05-19 15:36:21,16120,16120,16120,2,0
2023-05-19 15:36:21,16119,16119,16119,4,-4
2023-05-19 15:36:36,16119,16119,16119,2,0
2023-05-19 15:36:36,16119,16119,16119,2,0
2023-05-19 15:36:36,16119,16119,16119,2,0
2023-05-19 15:36:38,16118,16118,16118,2,-2
2023-05-19 15:36:40,16118,16118,16118,6,0
2023-05-19 15:36:56,16118,16118,16118,2,0
2023-05-19 15:37:03,16119,16119,16119,2,2
2023-05-19 15:37:13,16119,16119,16119,2,0
2023-05-19 15:37:14,16119,16119,16119,2,0
2023-05-19 15:37:23,16118,16118,16118,2,-2
2023-05-19 15:37:23,16118,16118,16118,2,0
2023-05-19 15:37:23,16118,16118,16118,2,0
2023-05-19 15:37:23,16118,16118,16118,4,0
2023-05-19 15:37:23,16118,16118,16118,2,0
2023-05-19 15:37:23,16118,16118,16118,6,0
2023-05-19 15:37:23,16118,16118,16118,6,0
2023-05-19 15:37:31,16117,16117,16117,2,-2
2023-05-19 15:37:31,16117,16117,16117,4,0
2023-05-19 15:37:44,16117,16117,16117,2,0
2023-05-19 15:37:44,16116,16116,16116,2,-2
2023-05-19 15:37:45,16115,16115,16115,2,-2
2023-05-19 15:37:47,16115,16115,16115,6,0
2023-05-19 15:37:47,16115,16115,16115,2,0
2023-05-19 15:37:47,16115,16115,16115,2,0
2023-05-19 15:37:47,16115,16115,16115,2,0
2023-05-19 15:37:47,16115,16115,16115,2,0
2023-05-19 15:37:47,16115,16115,16115,2,0
2023-05-19 15:37:47,16115,16115,16115,4,0
2023-05-19 15:37:47,16115,16115,16115,10,0
2023-05-19 15:37:53,16114,16114,16114,2,-2
2023-05-19 15:37:57,16114,16114,16114,2,0
2023-05-19 15:37:57,16114,16114,16114,2,0
2023-05-19 15:37:59,16114,16114,16114,2,0
2023-05-19 15:38:01,16115,16115,16115,2,2
2023-05-19 15:38:05,16116,16116,16116,4,4
2023-05-19 15:38:05,16115,16115,16115,6,-6
2023-05-19 15:38:08,16115,16115,16115,4,0
2023-05-19 15:38:14,16116,16116,16116,10,10
2023-05-19 15:38:20,16115,16115,16115,4,-4
2023-05-19 15:38:22,16114,16114,16114,10,-10
2023-05-19 15:38:22,16114,16114,16114,2,0
2023-05-19 15:38:22,16114,16114,16114,2,0
2023-05-19 15:38:26,16114,16114,16114,6,0
2023-05-19 15:38:33,16114,16114,16114,2,0
2023-05-19 15:38:33,16113,16113,16113,2,-2
2023-05-19 15:38:33,16113,16113,16113,2,0
2023-05-19 15:38:33,16113,16113,16113,2,0
2023-05-19 15:38:33,16113,16113,16113,2,0
2023-05-19 15:38:33,16113,16113,16113,2,0
2023-05-19 15:38:33,16113,16113,16113,2,0
2023-05-19 15:38:33,16113,16113,16113,6,0
2023-05-19 15:38:33,16113,16113,16113,2,0
2023-05-19 15:38:33,16113,16113,16113,2,0
2023-05-19 15:38:33,16113,16113,16113,2,0
2023-05-19 15:38:33,16113,16113,16113,4,0
2023-05-19 15:38:33,16113,16113,16113,4,0
2023-05-19 15:38:33,16113,16113,16113,2,0
2023-05-19 15:38:33,16113,16113,16113,2,0
2023-05-19 15:38:33,16113,16113,16113,6,0
2023-05-19 15:38:33,16113,16113,16113,6,0
2023-05-19 15:38:42,16114,16114,16114,2,2
2023-05-19 15:38:44,16114,16114,16114,2,0
2023-05-19 15:38:50,16114,16114,16114,8,0
2023-05-19 15:38:52,16114,16114,16114,8,0
2023-05-19 15:38:54,16113,16113,16113,2,-2
2023-05-19 15:38:54,16113,16113,16113,2,0
2023-05-19 15:38:55,16113,16113,16113,2,0
2023-05-19 15:38:55,16113,16113,16113,4,0
2023-05-19 15:38:55,16113,16113,16113,2,0
2023-05-19 15:38:55,16113,16113,16113,2,0
2023-05-19 15:38:55,16113,16113,16113,2,0
2023-05-19 15:38:56,16113,16113,16113,2,0
2023-05-19 15:39:08,16114,16114,16114,4,4
2023-05-19 15:39:40,16114,16114,16114,4,0
2023-05-19 15:39:43,16114,16114,16114,4,0
2023-05-19 15:39:44,16114,16114,16114,2,0
2023-05-19 15:39:55,16114,16114,16114,2,0
2023-05-19 15:40:14,16114,16114,16114,2,0
2023-05-19 15:40:21,16114,16114,16114,2,0
2023-05-19 15:40:33,16115,16115,16115,2,2
2023-05-19 15:40:43,16114,16114,16114,2,-2
2023-05-19 15:40:57,16114,16114,16114,2,0
2023-05-19 15:40:57,16114,16114,16114,2,0
2023-05-19 15:41:01,16114,16114,16114,2,0
2023-05-19 15:41:01,16114,16114,16114,2,0
2023-05-19 15:41:01,16114,16114,16114,2,0
2023-05-19 15:41:01,16114,16114,16114,4,0
2023-05-19 15:41:01,16114,16114,16114,2,0
2023-05-19 15:41:01,16114,16114,16114,2,0
2023-05-19 15:41:26,16114,16114,16114,4,0
2023-05-19 15:41:28,16113,16113,16113,2,-2
2023-05-19 15:41:28,16115,16115,16115,2,2
2023-05-19 15:41:32,16114,16114,16114,2,-2
2023-05-19 15:41:36,16113,16113,16113,2,-2
2023-05-19 15:41:55,16115,16115,16115,2,2
2023-05-19 15:42:01,16114,16114,16114,2,-2
2023-05-19 15:42:01,16114,16114,16114,6,0
2023-05-19 15:42:01,16114,16114,16114,2,0
2023-05-19 15:42:10,16114,16114,16114,2,0
2023-05-19 15:42:17,16114,16114,16114,2,0
2023-05-19 15:42:18,16114,16114,16114,2,0
2023-05-19 15:42:19,16114,16114,16114,2,0
2023-05-19 15:42:19,16114,16114,16114,4,0
2023-05-19 15:42:19,16114,16114,16114,2,0
2023-05-19 15:42:29,16113,16113,16113,2,-2
2023-05-19 15:42:30,16113,16113,16113,16,0
2023-05-19 15:42:30,16113,16113,16113,4,0
2023-05-19 15:42:30,16113,16113,16113,2,0
2023-05-19 15:42:30,16113,16113,16113,2,0
2023-05-19 15:42:30,16113,16113,16113,2,0
2023-05-19 15:42:30,16112,16112,16112,4,-4
2023-05-19 15:42:30,16112,16112,16112,2,0
2023-05-19 15:42:30,16112,16112,16112,2,0
2023-05-19 15:42:30,16112,16112,16112,2,0
2023-05-19 15:42:30,16112,16112,16112,2,0
2023-05-19 15:42:30,16112,16112,16112,6,0
2023-05-19 15:42:30,16112,16112,16112,2,0
2023-05-19 15:42:30,16112,16112,16112,2,0
2023-05-19 15:42:30,16112,16112,16112,6,0
2023-05-19 15:42:30,16112,16112,16112,2,0
2023-05-19 15:42:30,16112,16112,16112,8,0
2023-05-19 15:42:30,16112,16112,16112,2,0
2023-05-19 15:42:30,16112,16112,16112,2,0
2023-05-19 15:42:30,16112,16112,16112,2,0
2023-05-19 15:42:30,16112,16112,16112,4,0
2023-05-19 15:42:30,16112,16112,16112,2,0
2023-05-19 15:42:30,16112,16112,16112,2,0
2023-05-19 15:42:30,16112,16112,16112,10,0
2023-05-19 15:42:30,16112,16112,16112,10,0
2023-05-19 15:42:30,16111,16111,16111,2,-2
2023-05-19 15:42:30,16111,16111,16111,2,0
2023-05-19 15:42:30,16111,16111,16111,2,0
2023-05-19 15:42:30,16111,16111,16111,2,0
2023-05-19 15:42:30,16111,16111,16111,2,0
2023-05-19 15:42:30,16111,16111,16111,2,0
2023-05-19 15:42:30,16111,16111,16111,2,0
2023-05-19 15:42:30,16111,16111,16111,2,0
2023-05-19 15:42:30,16111,16111,16111,2,0
2023-05-19 15:42:30,16111,16111,16111,6,0
2023-05-19 15:42:30,16111,16111,16111,4,0
2023-05-19 15:42:30,16111,16111,16111,4,0
2023-05-19 15:42:30,16111,16111,16111,2,0
2023-05-19 15:42:30,16112,16112,16112,2,2
2023-05-19 15:42:33,16111,16111,16111,2,-2
2023-05-19 15:42:33,16111,16111,16111,2,0
2023-05-19 15:42:37,16112,16112,16112,2,2
2023-05-19 15:42:37,16112,16112,16112,2,0
2023-05-19 15:42:37,16112,16112,16112,18,0
2023-05-19 15:42:37,16112,16112,16112,2,0
2023-05-19 15:42:37,16113,16113,16113,2,2
2023-05-19 15:42:37,16113,16113,16113,2,0
2023-05-19 15:42:45,16113,16113,16113,4,0
2023-05-19 15:42:46,16112,16112,16112,2,-2
2023-05-19 15:42:52,16111,16111,16111,2,-2
2023-05-19 15:42:52,16111,16111,16111,2,0
2023-05-19 15:42:52,16111,16111,16111,4,0
2023-05-19 15:42:59,16111,16111,16111,2,0
2023-05-19 15:43:09,16111,16111,16111,10,0
2023-05-19 15:43:09,16111,16111,16111,2,0
2023-05-19 15:43:09,16111,16111,16111,2,0
2023-05-19 15:43:09,16111,16111,16111,2,0
2023-05-19 15:43:09,16111,16111,16111,2,0
2023-05-19 15:43:10,16111,16111,16111,2,0
2023-05-19 15:43:15,16111,16111,16111,2,0
2023-05-19 15:43:19,16111,16111,16111,2,0
2023-05-19 15:43:28,16111,16111,16111,2,0
2023-05-19 15:43:30,16111,16111,16111,2,0
2023-05-19 15:43:33,16111,16111,16111,2,0
2023-05-19 15:43:35,16111,16111,16111,2,0
2023-05-19 15:43:35,16111,16111,16111,2,0
2023-05-19 15:43:44,16112,16112,16112,10,10
2023-05-19 15:43:44,16112,16112,16112,2,0
2023-05-19 15:43:44,16112,16112,16112,2,0
2023-05-19 15:43:45,16112,16112,16112,2,0
2023-05-19 15:43:47,16112,16112,16112,2,0
2023-05-19 15:43:51,16113,16113,16113,6,6
2023-05-19 15:43:52,16114,16114,16114,8,8
2023-05-19 15:43:53,16113,16113,16113,2,-2
2023-05-19 15:43:54,16113,16113,16113,2,0
2023-05-19 15:43:55,16113,16113,16113,2,0
2023-05-19 15:44:07,16114,16114,16114,2,2
2023-05-19 15:44:08,16115,16115,16115,10,10
2023-05-19 15:44:10,16114,16114,16114,2,-2
2023-05-19 15:44:10,16114,16114,16114,2,0
2023-05-19 15:44:10,16115,16115,16115,14,14
2023-05-19 15:44:23,16114,16114,16114,2,-2
2023-05-19 15:44:29,16115,16115,16115,10,10
2023-05-19 15:44:29,16114,16114,16114,2,-2
2023-05-19 15:44:39,16114,16114,16114,2,0
2023-05-19 15:44:44,16114,16114,16114,2,0
2023-05-19 15:44:49,16114,16114,16114,2,0
2023-05-19 15:44:57,16114,16114,16114,2,0
2023-05-19 15:44:57,16114,16114,16114,4,0
2023-05-19 15:44:58,16114,16114,16114,2,0
2023-05-19 15:45:00,16115,16115,16115,2,2
2023-05-19 15:45:00,16115,16115,16115,2,0
2023-05-19 15:45:00,16114,16114,16114,2,-2
2023-05-19 15:45:16,16114,16114,16114,2,0
2023-05-19 15:45:27,16114,16114,16114,4,0
2023-05-19 15:45:27,16114,16114,16114,2,0
2023-05-19 15:45:27,16114,16114,16114,2,0
2023-05-19 15:45:27,16113,16113,16113,2,-2
2023-05-19 15:45:27,16113,16113,16113,2,0
2023-05-19 15:45:27,16113,16113,16113,4,0
2023-05-19 15:45:51,16113,16113,16113,2,0
2023-05-19 15:46:00,16114,16114,16114,2,2
2023-05-19 15:46:00,16114,16114,16114,4,0
2023-05-19 15:46:08,16114,16114,16114,2,0
2023-05-19 15:46:33,16113,16113,16113,12,-12
2023-05-19 15:46:33,16113,16113,16113,2,0
2023-05-19 15:46:33,16113,16113,16113,2,0
2023-05-19 15:46:33,16113,16113,16113,2,0
2023-05-19 15:46:33,16113,16113,16113,2,0
2023-05-19 15:46:33,16113,16113,16113,2,0
2023-05-19 15:46:47,16113,16113,16113,2,0
2023-05-19 15:46:52,16113,16113,16113,2,0
2023-05-19 15:47:00,16114,16114,16114,8,8
2023-05-19 15:47:12,16115,16115,16115,6,6
2023-05-19 15:47:19,16117,16117,16117,2,2
2023-05-19 15:47:24,16117,16117,16117,2,0
2023-05-19 15:47:28,16116,16116,16116,2,-2
2023-05-19 15:47:32,16116,16116,16116,2,0
2023-05-19 15:47:52,16117,16117,16117,2,2
2023-05-19 15:47:55,16117,16117,16117,2,0
2023-05-19 15:48:07,16118,16118,16118,2,2
2023-05-19 15:48:11,16118,16118,16118,2,0
2023-05-19 15:48:16,16118,16118,16118,2,0
2023-05-19 15:48:29,16118,16118,16118,6,0
2023-05-19 15:48:41,16118,16118,16118,2,0
2023-05-19 15:48:41,16118,16118,16118,4,0
2023-05-19 15:48:43,16118,16118,16118,2,0
2023-05-19 15:48:45,16119,16119,16119,8,8
2023-05-19 15:48:49,16118,16118,16118,2,-2
2023-05-19 15:48:56,16117,16117,16117,2,-2
2023-05-19 15:49:14,16117,16117,16117,2,0
2023-05-19 15:49:50,16116,16116,16116,2,-2
2023-05-19 15:49:50,16116,16116,16116,2,0
2023-05-19 15:50:06,16114,16114,16114,2,-2
2023-05-19 15:50:12,16114,16114,16114,2,0
2023-05-19 15:50:16,16115,16115,16115,2,2
2023-05-19 15:50:16,16115,16115,16115,2,0
2023-05-19 15:50:16,16115,16115,16115,2,0
2023-05-19 15:50:22,16115,16115,16115,2,0
2023-05-19 15:50:24,16115,16115,16115,4,0
2023-05-19 15:50:24,16115,16115,16115,2,0
2023-05-19 15:50:24,16115,16115,16115,2,0
2023-05-19 15:50:45,16115,16115,16115,4,0
2023-05-19 15:50:51,16115,16115,16115,2,0
2023-05-19 15:51:42,16115,16115,16115,2,0
2023-05-19 15:51:51,16116,16116,16116,4,4
2023-05-19 15:51:53,16116,16116,16116,2,0
2023-05-19 15:51:53,16116,16116,16116,2,0
2023-05-19 15:51:53,16116,16116,16116,2,0
2023-05-19 15:51:53,16116,16116,16116,2,0
2023-05-19 15:51:53,16116,16116,16116,6,0
2023-05-19 15:51:53,16116,16116,16116,4,0
2023-05-19 15:51:56,16116,16116,16116,2,0
2023-05-19 15:52:00,16117,16117,16117,2,2
2023-05-19 15:52:12,16116,16116,16116,2,-2
2023-05-19 15:52:27,16117,16117,16117,2,2
2023-05-19 15:52:38,16116,16116,16116,6,-6
2023-05-19 15:52:43,16116,16116,16116,2,0
2023-05-19 15:53:17,16117,16117,16117,2,2
2023-05-19 15:53:20,16118,16118,16118,2,2
2023-05-19 15:53:56,16117,16117,16117,2,-2
2023-05-19 15:53:57,16117,16117,16117,2,0
2023-05-19 15:54:00,16117,16117,16117,2,0
2023-05-19 15:54:08,16118,16118,16118,18,18
2023-05-19 15:54:08,16118,16118,16118,6,0
2023-05-19 15:54:20,16119,16119,16119,8,8
2023-05-19 15:54:32,16119,16119,16119,2,0
2023-05-19 15:54:40,16120,16120,16120,2,2
2023-05-19 15:54:49,16120,16120,16120,8,0
2023-05-19 15:54:49,16120,16120,16120,18,0
2023-05-19 15:54:50,16121,16121,16121,4,4
2023-05-19 15:54:50,16122,16122,16122,10,10
2023-05-19 15:55:00,16121,16121,16121,2,-2
2023-05-19 15:55:02,16121,16121,16121,2,0
2023-05-19 15:55:02,16121,16121,16121,2,0
2023-05-19 15:55:06,16120,16120,16120,4,-4
2023-05-19 15:55:06,16120,16120,16120,2,0
2023-05-19 15:55:07,16121,16121,16121,2,2
2023-05-19 15:55:08,16120,16120,16120,2,-2
2023-05-19 15:55:17,16120,16120,16120,2,0
2023-05-19 15:55:35,16120,16120,16120,2,0
2023-05-19 15:55:39,16120,16120,16120,2,0
2023-05-19 15:55:39,16120,16120,16120,2,0
2023-05-19 15:55:39,16120,16120,16120,2,0
2023-05-19 15:55:39,16120,16120,16120,2,0
2023-05-19 15:55:39,16120,16120,16120,2,0
2023-05-19 15:55:39,16120,16120,16120,2,0
2023-05-19 15:55:39,16120,16120,16120,4,0
2023-05-19 15:55:39,16120,16120,16120,4,0
2023-05-19 15:55:39,16120,16120,16120,4,0
2023-05-19 15:55:39,16120,16120,16120,2,0
2023-05-19 15:55:47,16120,16120,16120,2,0
2023-05-19 15:55:51,16120,16120,16120,2,0
2023-05-19 15:55:59,16120,16120,16120,2,0
2023-05-19 15:55:59,16119,16119,16119,2,-2
2023-05-19 15:56:05,16121,16121,16121,2,2
2023-05-19 15:56:26,16121,16121,16121,4,0
2023-05-19 15:56:31,16121,16121,16121,4,0
2023-05-19 15:56:40,16120,16120,16120,4,-4
2023-05-19 15:57:00,16121,16121,16121,2,2
2023-05-19 15:57:03,16121,16121,16121,2,0
2023-05-19 15:57:03,16121,16121,16121,2,0
2023-05-19 15:57:03,16121,16121,16121,4,0
2023-05-19 15:57:03,16121,16121,16121,2,0
2023-05-19 15:57:03,16121,16121,16121,12,0
2023-05-19 15:57:10,16122,16122,16122,10,10
2023-05-19 15:57:12,16121,16121,16121,2,-2
2023-05-19 15:57:29,16122,16122,16122,2,2
2023-05-19 15:57:29,16122,16122,16122,4,0
2023-05-19 15:57:29,16122,16122,16122,22,0
2023-05-19 15:57:40,16123,16123,16123,2,2
2023-05-19 15:57:40,16122,16122,16122,2,-2
2023-05-19 15:57:42,16123,16123,16123,4,4
2023-05-19 15:57:43,16123,16123,16123,2,0
2023-05-19 15:57:45,16123,16123,16123,4,0
2023-05-19 15:57:47,16123,16123,16123,4,0
2023-05-19 15:57:47,16123,16123,16123,2,0
2023-05-19 15:57:47,16123,16123,16123,2,0
2023-05-19 15:57:49,16123,16123,16123,2,0
2023-05-19 15:57:49,16123,16123,16123,4,0
2023-05-19 15:57:51,16123,16123,16123,2,0
2023-05-19 15:57:53,16123,16123,16123,4,0
2023-05-19 15:57:56,16123,16123,16123,2,0
2023-05-19 15:57:58,16123,16123,16123,2,0
2023-05-19 15:58:06,16124,16124,16124,2,2
2023-05-19 15:58:07,16124,16124,16124,2,0
2023-05-19 15:58:08,16124,16124,16124,20,0
2023-05-19 15:58:15,16124,16124,16124,2,0
2023-05-19 15:58:16,16124,16124,16124,2,0
2023-05-19 15:58:16,16123,16123,16123,2,-2
2023-05-19 15:58:19,16123,16123,16123,2,0
2023-05-19 15:58:29,16123,16123,16123,2,0
2023-05-19 15:58:34,16124,16124,16124,2,2
2023-05-19 15:58:39,16125,16125,16125,2,2
2023-05-19 15:58:47,16125,16125,16125,2,0
2023-05-19 15:58:47,16124,16124,16124,2,-2
2023-05-19 15:58:52,16125,16125,16125,2,2
2023-05-19 15:58:56,16125,16125,16125,2,0
2023-05-19 15:58:57,16125,16125,16125,2,0
2023-05-19 15:59:00,16125,16125,16125,2,0
2023-05-19 15:59:11,16124,16124,16124,16,-16
2023-05-19 15:59:11,16124,16124,16124,2,0
2023-05-19 15:59:11,16124,16124,16124,2,0
2023-05-19 15:59:11,16124,16124,16124,2,0
2023-05-19 15:59:11,16124,16124,16124,2,0
2023-05-19 15:59:17,16124,16124,16124,4,0
2023-05-19 15:59:37,16124,16124,16124,10,0
2023-05-19 15:59:39,16123,16123,16123,2,-2
2023-05-19 16:00:06,16123,16123,16123,2,0
2023-05-19 16:00:06,16123,16123,16123,2,0
2023-05-19 16:00:06,16123,16123,16123,2,0
2023-05-19 16:00:06,16123,16123,16123,8,0
2023-05-19 16:00:06,16123,16123,16123,2,0
2023-05-19 16:00:06,16124,16124,16124,2,2
2023-05-19 16:00:06,16124,16124,16124,8,0
2023-05-19 16:00:07,16123,16123,16123,2,-2
2023-05-19 16:00:07,16124,16124,16124,2,2
2023-05-19 16:00:07,16124,16124,16124,2,0
2023-05-19 16:00:15,16122,16122,16122,4,-4
2023-05-19 16:00:15,16122,16122,16122,2,0
2023-05-19 16:00:15,16122,16122,16122,2,0
2023-05-19 16:00:17,16121,16121,16121,2,-2
2023-05-19 16:00:21,16121,16121,16121,2,0
2023-05-19 16:00:36,16121,16121,16121,2,0
2023-05-19 16:00:39,16121,16121,16121,2,0
2023-05-19 16:00:40,16121,16121,16121,2,0
2023-05-19 16:00:48,16120,16120,16120,2,-2
2023-05-19 16:01:00,16121,16121,16121,4,4
2023-05-19 16:01:00,16120,16120,16120,20,-20
2023-05-19 16:01:02,16121,16121,16121,4,4
2023-05-19 16:01:02,16121,16121,16121,2,0
2023-05-19 16:01:02,16121,16121,16121,2,0
2023-05-19 16:01:02,16121,16121,16121,2,0
2023-05-19 16:01:08,16121,16121,16121,2,0
2023-05-19 16:01:14,16122,16122,16122,2,2
2023-05-19 16:01:16,16122,16122,16122,2,0
2023-05-19 16:01:20,16122,16122,16122,2,0
2023-05-19 16:01:21,16123,16123,16123,2,2
2023-05-19 16:01:21,16123,16123,16123,2,0
2023-05-19 16:01:21,16122,16122,16122,2,-2
2023-05-19 16:01:22,16122,16122,16122,2,0
2023-05-19 16:01:22,16122,16122,16122,2,0
2023-05-19 16:01:29,16121,16121,16121,2,-2
2023-05-19 16:01:29,16121,16121,16121,2,0
2023-05-19 16:01:29,16121,16121,16121,4,0
2023-05-19 16:01:33,16121,16121,16121,2,0
2023-05-19 16:01:33,16121,16121,16121,2,0
2023-05-19 16:01:33,16121,16121,16121,6,0
2023-05-19 16:01:33,16121,16121,16121,2,0
2023-05-19 16:01:35,16121,16121,16121,2,0
2023-05-19 16:01:39,16122,16122,16122,2,2
2023-05-19 16:01:59,16124,16124,16124,2,2
2023-05-19 16:02:04,16124,16124,16124,2,0
2023-05-19 16:02:06,16124,16124,16124,2,0
2023-05-19 16:02:24,16124,16124,16124,2,0
2023-05-19 16:02:53,16123,16123,16123,2,-2
2023-05-19 16:02:53,16123,16123,16123,2,0
2023-05-19 16:02:59,16123,16123,16123,2,0
2023-05-19 16:02:59,16123,16123,16123,4,0
2023-05-19 16:02:59,16123,16123,16123,2,0
2023-05-19 16:03:07,16122,16122,16122,2,-2
2023-05-19 16:03:27,16121,16121,16121,2,-2
2023-05-19 16:03:30,16121,16121,16121,2,0
2023-05-19 16:03:30,16122,16122,16122,4,4
2023-05-19 16:03:42,16121,16121,16121,4,-4
2023-05-19 16:03:43,16120,16120,16120,2,-2
2023-05-19 16:03:44,16120,16120,16120,6,0
2023-05-19 16:03:44,16120,16120,16120,6,0
2023-05-19 16:03:44,16120,16120,16120,24,0
2023-05-19 16:03:44,16120,16120,16120,2,0
2023-05-19 16:03:44,16120,16120,16120,2,0
2023-05-19 16:03:44,16120,16120,16120,2,0
2023-05-19 16:03:44,16120,16120,16120,4,0
2023-05-19 16:03:44,16120,16120,16120,2,0
2023-05-19 16:03:44,16120,16120,16120,6,0
2023-05-19 16:03:44,16120,16120,16120,4,0
2023-05-19 16:03:44,16120,16120,16120,2,0
2023-05-19 16:03:44,16120,16120,16120,2,0
2023-05-19 16:03:47,16120,16120,16120,2,0
2023-05-19 16:03:55,16119,16119,16119,2,-2
2023-05-19 16:04:02,16120,16120,16120,2,2
2023-05-19 16:04:03,16119,16119,16119,2,-2
2023-05-19 16:04:03,16119,16119,16119,2,0
2023-05-19 16:04:05,16119,16119,16119,2,0
2023-05-19 16:04:05,16119,16119,16119,2,0
2023-05-19 16:04:05,16119,16119,16119,2,0
2023-05-19 16:04:09,16119,16119,16119,2,0
2023-05-19 16:04:15,16120,16120,16120,4,4
2023-05-19 16:04:15,16120,16120,16120,2,0
2023-05-19 16:04:37,16121,16121,16121,4,4
2023-05-19 16:05:25,16122,16122,16122,6,6
2023-05-19 16:05:26,16121,16121,16121,2,-2
2023-05-19 16:05:31,16121,16121,16121,6,0
2023-05-19 16:05:38,16122,16122,16122,2,2
2023-05-19 16:05:45,16121,16121,16121,2,-2
2023-05-19 16:06:04,16121,16121,16121,2,0
2023-05-19 16:06:14,16122,16122,16122,4,4
2023-05-19 16:06:52,16122,16122,16122,2,0
2023-05-19 16:07:07,16121,16121,16121,2,-2
2023-05-19 16:07:07,16121,16121,16121,6,0
2023-05-19 16:07:09,16122,16122,16122,2,2
2023-05-19 16:07:12,16122,16122,16122,2,0
2023-05-19 16:07:12,16123,16123,16123,2,2
2023-05-19 16:07:23,16121,16121,16121,2,-2
2023-05-19 16:07:36,16121,16121,16121,2,0
2023-05-19 16:07:37,16122,16122,16122,2,2
2023-05-19 16:07:37,16123,16123,16123,2,2
2023-05-19 16:07:46,16121,16121,16121,2,-2
2023-05-19 16:07:46,16121,16121,16121,4,0
2023-05-19 16:07:46,16122,16122,16122,2,2
2023-05-19 16:07:47,16121,16121,16121,2,-2
2023-05-19 16:07:47,16121,16121,16121,2,0
2023-05-19 16:07:47,16121,16121,16121,4,0
2023-05-19 16:07:47,16121,16121,16121,2,0
2023-05-19 16:07:49,16121,16121,16121,2,0
2023-05-19 16:07:53,16120,16120,16120,6,-6
2023-05-19 16:07:53,16120,16120,16120,2,0
2023-05-19 16:07:53,16120,16120,16120,2,0
2023-05-19 16:07:55,16120,16120,16120,2,0
2023-05-19 16:07:55,16120,16120,16120,2,0
2023-05-19 16:07:55,16119,16119,16119,4,-4
2023-05-19 16:08:02,16118,16118,16118,2,-2
2023-05-19 16:08:02,16118,16118,16118,2,0
2023-05-19 16:08:16,16118,16118,16118,2,0
2023-05-19 16:08:25,16118,16118,16118,2,0
2023-05-19 16:08:25,16118,16118,16118,2,0
2023-05-19 16:08:25,16118,16118,16118,2,0
2023-05-19 16:08:25,16118,16118,16118,2,0
2023-05-19 16:08:25,16118,16118,16118,2,0
2023-05-19 16:08:25,16117,16117,16117,2,-2
2023-05-19 16:08:25,16117,16117,16117,2,0
2023-05-19 16:08:25,16117,16117,16117,4,0
2023-05-19 16:08:26,16118,16118,16118,4,4
2023-05-19 16:08:35,16118,16118,16118,2,0
2023-05-19 16:08:38,16118,16118,16118,2,0
2023-05-19 16:08:38,16118,16118,16118,2,0
2023-05-19 16:08:46,16119,16119,16119,2,2
2023-05-19 16:09:01,16118,16118,16118,2,-2
2023-05-19 16:09:01,16118,16118,16118,2,0
2023-05-19 16:09:12,16118,16118,16118,2,0
2023-05-19 16:09:15,16119,16119,16119,2,2
2023-05-19 16:09:52,16118,16118,16118,2,-2
2023-05-19 16:09:59,16118,16118,16118,2,0
2023-05-19 16:10:26,16119,16119,16119,4,4
2023-05-19 16:10:26,16119,16119,16119,2,0
2023-05-19 16:10:26,16119,16119,16119,2,0
2023-05-19 16:10:26,16119,16119,16119,2,0
2023-05-19 16:10:26,16119,16119,16119,2,0
2023-05-19 16:12:20,16120,16120,16120,6,6
2023-05-19 16:12:20,16121,16121,16121,2,2
2023-05-19 16:12:54,16122,16122,16122,4,4
2023-05-19 16:13:31,16121,16121,16121,2,-2
2023-05-19 16:13:31,16121,16121,16121,4,0
2023-05-19 16:13:31,16121,16121,16121,2,0
2023-05-19 16:13:31,16121,16121,16121,4,0
2023-05-19 16:13:31,16121,16121,16121,2,0
2023-05-19 16:13:31,16121,16121,16121,2,0
2023-05-19 16:13:41,16122,16122,16122,4,4
2023-05-19 16:13:47,16122,16122,16122,2,0
2023-05-19 16:13:47,16122,16122,16122,2,0
2023-05-19 16:13:47,16122,16122,16122,2,0
2023-05-19 16:13:48,16122,16122,16122,2,0
2023-05-19 16:13:58,16122,16122,16122,2,0
2023-05-19 16:14:03,16123,16123,16123,4,4
2023-05-19 16:14:07,16123,16123,16123,2,0
2023-05-19 16:14:07,16123,16123,16123,2,0
2023-05-19 16:14:12,16123,16123,16123,2,0
2023-05-19 16:14:20,16122,16122,16122,2,-2
2023-05-19 16:14:21,16122,16122,16122,2,0
2023-05-19 16:14:26,16122,16122,16122,2,0
2023-05-19 16:14:31,16123,16123,16123,2,2
2023-05-19 16:14:45,16123,16123,16123,2,0
2023-05-19 16:14:51,16124,16124,16124,2,2
2023-05-19 16:14:52,16123,16123,16123,2,-2
2023-05-19 16:14:52,16123,16123,16123,2,0
2023-05-19 16:15:11,16122,16122,16122,4,-4
2023-05-19 16:15:11,16122,16122,16122,8,0
2023-05-19 16:15:12,16124,16124,16124,2,2
2023-05-19 16:15:31,16123,16123,16123,2,-2
2023-05-19 16:15:40,16123,16123,16123,2,0
2023-05-19 16:15:43,16123,16123,16123,2,0
2023-05-19 16:15:46,16123,16123,16123,2,0
2023-05-19 16:15:53,16124,16124,16124,20,20
2023-05-19 16:15:59,16124,16124,16124,2,0
2023-05-19 16:16:06,16123,16123,16123,2,-2
2023-05-19 16:16:06,16124,16124,16124,2,2
2023-05-19 16:16:06,16123,16123,16123,4,-4
2023-05-19 16:16:14,16123,16123,16123,10,0
2023-05-19 16:16:14,16123,16123,16123,2,0
2023-05-19 16:16:15,16122,16122,16122,2,-2
2023-05-19 16:16:15,16122,16122,16122,8,0
2023-05-19 16:16:15,16122,16122,16122,2,0
2023-05-19 16:16:15,16122,16122,16122,2,0
2023-05-19 16:16:15,16122,16122,16122,2,0
2023-05-19 16:16:16,16121,16121,16121,2,-2
2023-05-19 16:16:25,16122,16122,16122,2,2
2023-05-19 16:16:36,16121,16121,16121,4,-4
2023-05-19 16:16:38,16120,16120,16120,2,-2
2023-05-19 16:16:38,16120,16120,16120,2,0
2023-05-19 16:16:38,16120,16120,16120,6,0
2023-05-19 16:16:43,16120,16120,16120,2,0
2023-05-19 16:16:48,16120,16120,16120,2,0
2023-05-19 16:17:00,16120,16120,16120,2,0
2023-05-19 16:17:00,16121,16121,16121,2,2
2023-05-19 16:17:05,16121,16121,16121,2,0
2023-05-19 16:17:44,16120,16120,16120,2,-2
2023-05-19 16:18:28,16121,16121,16121,2,2
2023-05-19 16:18:46,16121,16121,16121,2,0
2023-05-19 16:18:56,16121,16121,16121,2,0
2023-05-19 16:19:00,16121,16121,16121,2,0
2023-05-19 16:19:10,16121,16121,16121,4,0
2023-05-19 16:19:10,16121,16121,16121,6,0
2023-05-19 16:19:23,16121,16121,16121,2,0
2023-05-19 16:19:52,16121,16121,16121,2,0
2023-05-19 16:19:52,16121,16121,16121,2,0
2023-05-19 16:19:52,16121,16121,16121,2,0
2023-05-19 16:20:10,16121,16121,16121,2,0
2023-05-19 16:20:59,16120,16120,16120,2,-2
2023-05-19 16:21:51,16121,16121,16121,2,2
2023-05-19 16:22:05,16121,16121,16121,4,0
2023-05-19 16:22:11,16120,16120,16120,4,-4
2023-05-19 16:22:11,16120,16120,16120,2,0
2023-05-19 16:22:11,16120,16120,16120,2,0
2023-05-19 16:22:33,16120,16120,16120,2,0
2023-05-19 16:22:44,16121,16121,16121,2,2
2023-05-19 16:23:07,16121,16121,16121,2,0
2023-05-19 16:23:22,16121,16121,16121,4,0
2023-05-19 16:23:30,16121,16121,16121,2,0
2023-05-19 16:24:05,16120,16120,16120,2,-2
2023-05-19 16:24:06,16120,16120,16120,2,0
2023-05-19 16:24:06,16120,16120,16120,2,0
2023-05-19 16:24:33,16120,16120,16120,2,0
2023-05-19 16:24:44,16120,16120,16120,2,0
2023-05-19 16:24:44,16120,16120,16120,2,0
2023-05-19 16:24:44,16120,16120,16120,2,0
2023-05-19 16:24:44,16120,16120,16120,2,0
2023-05-19 16:24:44,16119,16119,16119,4,-4
2023-05-19 16:24:59,16121,16121,16121,2,2
2023-05-19 16:25:05,16120,16120,16120,2,-2
2023-05-19 16:25:39,16121,16121,16121,2,2
2023-05-19 16:25:51,16121,16121,16121,6,0
2023-05-19 16:26:01,16122,16122,16122,10,10
2023-05-19 16:26:01,16122,16122,16122,4,0
2023-05-19 16:26:05,16123,16123,16123,2,2
2023-05-19 16:26:10,16122,16122,16122,2,-2
2023-05-19 16:26:10,16122,16122,16122,4,0
2023-05-19 16:26:10,16122,16122,16122,2,0
2023-05-19 16:26:10,16122,16122,16122,2,0
2023-05-19 16:26:26,16122,16122,16122,4,0
2023-05-19 16:26:52,16123,16123,16123,2,2
2023-05-19 16:26:56,16123,16123,16123,2,0
2023-05-19 16:27:02,16123,16123,16123,2,0
2023-05-19 16:27:02,16123,16123,16123,6,0
2023-05-19 16:27:02,16123,16123,16123,2,0
2023-05-19 16:27:02,16123,16123,16123,2,0
2023-05-19 16:27:06,16123,16123,16123,2,0
2023-05-19 16:27:16,16123,16123,16123,2,0
2023-05-19 16:27:29,16124,16124,16124,2,2
2023-05-19 16:27:31,16123,16123,16123,2,-2
2023-05-19 16:27:31,16123,16123,16123,4,0
2023-05-19 16:27:31,16123,16123,16123,2,0
2023-05-19 16:27:31,16123,16123,16123,2,0
2023-05-19 16:27:38,16123,16123,16123,2,0
2023-05-19 16:27:42,16123,16123,16123,2,0
2023-05-19 16:27:58,16123,16123,16123,8,0
2023-05-19 16:27:59,16124,16124,16124,2,2
2023-05-19 16:28:01,16124,16124,16124,2,0
2023-05-19 16:28:13,16124,16124,16124,8,0
2023-05-19 16:28:13,16124,16124,16124,2,0
2023-05-19 16:28:13,16124,16124,16124,4,0
2023-05-19 16:28:13,16124,16124,16124,2,0
2023-05-19 16:28:13,16124,16124,16124,24,0
2023-05-19 16:28:19,16124,16124,16124,8,0
2023-05-19 16:28:21,16125,16125,16125,2,2
2023-05-19 16:28:21,16125,16125,16125,2,0
2023-05-19 16:28:21,16125,16125,16125,4,0
2023-05-19 16:28:26,16124,16124,16124,2,-2
2023-05-19 16:28:26,16124,16124,16124,2,0
2023-05-19 16:28:26,16124,16124,16124,2,0
2023-05-19 16:28:26,16124,16124,16124,4,0
2023-05-19 16:28:34,16124,16124,16124,2,0
2023-05-19 16:28:34,16124,16124,16124,4,0
2023-05-19 16:28:34,16124,16124,16124,4,0
2023-05-19 16:28:35,16125,16125,16125,4,4
2023-05-19 16:28:44,16124,16124,16124,2,-2
2023-05-19 16:29:14,16124,16124,16124,4,0
2023-05-19 16:29:14,16124,16124,16124,2,0
2023-05-19 16:29:14,16124,16124,16124,2,0
2023-05-19 16:29:14,16124,16124,16124,4,0
2023-05-19 16:29:14,16124,16124,16124,8,0
2023-05-19 16:29:26,16124,16124,16124,2,0
2023-05-19 16:29:26,16124,16124,16124,2,0
2023-05-19 16:29:36,16124,16124,16124,6,0
2023-05-19 16:29:36,16124,16124,16124,4,0
2023-05-19 16:29:40,16124,16124,16124,2,0
2023-05-19 16:29:41,16124,16124,16124,2,0
2023-05-19 16:29:45,16124,16124,16124,2,0
2023-05-19 16:29:49,16125,16125,16125,2,2
2023-05-19 16:29:54,16124,16124,16124,4,-4
2023-05-19 16:29:58,16124,16124,16124,2,0
2023-05-19 16:29:59,16125,16125,16125,2,2
2023-05-19 16:30:11,16123,16123,16123,2,-2
2023-05-19 16:30:11,16124,16124,16124,2,2
2023-05-19 16:30:12,16123,16123,16123,10,-10
2023-05-19 16:30:12,16124,16124,16124,2,2
2023-05-19 16:30:28,16124,16124,16124,2,0
2023-05-19 16:30:29,16125,16125,16125,6,6
2023-05-19 16:30:29,16125,16125,16125,2,0
2023-05-19 16:30:29,16125,16125,16125,18,0
2023-05-19 16:30:29,16125,16125,16125,32,0
2023-05-19 16:30:29,16126,16126,16126,4,4
2023-05-19 16:30:29,16126,16126,16126,8,0
2023-05-19 16:30:29,16126,16126,16126,8,0
2023-05-19 16:30:29,16126,16126,16126,2,0
2023-05-19 16:30:29,16126,16126,16126,24,0
2023-05-19 16:30:29,16127,16127,16127,2,2
2023-05-19 16:30:29,16127,16127,16127,2,0
2023-05-19 16:30:29,16126,16126,16126,2,-2
2023-05-19 16:30:29,16127,16127,16127,2,2
2023-05-19 16:30:29,16127,16127,16127,6,0
2023-05-19 16:30:29,16127,16127,16127,2,0
2023-05-19 16:30:29,16127,16127,16127,4,0
2023-05-19 16:30:29,16127,16127,16127,2,0
2023-05-19 16:30:29,16127,16127,16127,2,0
2023-05-19 16:30:29,16127,16127,16127,2,0
2023-05-19 16:30:35,16125,16125,16125,2,-2
2023-05-19 16:30:35,16125,16125,16125,8,0
2023-05-19 16:30:39,16125,16125,16125,4,0
2023-05-19 16:30:39,16125,16125,16125,2,0
2023-05-19 16:30:39,16125,16125,16125,4,0
2023-05-19 16:30:41,16127,16127,16127,4,4
2023-05-19 16:30:49,16126,16126,16126,4,-4
2023-05-19 16:30:49,16125,16125,16125,2,-2
2023-05-19 16:30:49,16125,16125,16125,2,0
2023-05-19 16:30:49,16125,16125,16125,6,0
2023-05-19 16:30:56,16126,16126,16126,2,2
2023-05-19 16:30:57,16127,16127,16127,2,2
2023-05-19 16:30:58,16125,16125,16125,2,-2
2023-05-19 16:30:58,16125,16125,16125,4,0
2023-05-19 16:30:58,16125,16125,16125,4,0
2023-05-19 16:31:07,16127,16127,16127,2,2
2023-05-19 16:31:07,16127,16127,16127,4,0
2023-05-19 16:31:07,16127,16127,16127,4,0
2023-05-19 16:31:07,16127,16127,16127,4,0
2023-05-19 16:31:07,16127,16127,16127,2,0
2023-05-19 16:31:07,16127,16127,16127,8,0
2023-05-19 16:31:07,16127,16127,16127,4,0
2023-05-19 16:31:11,16127,16127,16127,4,0
2023-05-19 16:31:11,16127,16127,16127,2,0
2023-05-19 16:31:11,16127,16127,16127,2,0
2023-05-19 16:31:11,16127,16127,16127,2,0
2023-05-19 16:31:11,16128,16128,16128,4,4
2023-05-19 16:31:11,16128,16128,16128,4,0
2023-05-19 16:31:12,16128,16128,16128,2,0
2023-05-19 16:31:13,16127,16127,16127,2,-2
2023-05-19 16:31:13,16127,16127,16127,6,0
2023-05-19 16:31:16,16127,16127,16127,2,0
2023-05-19 16:31:20,16126,16126,16126,2,-2
2023-05-19 16:31:20,16126,16126,16126,2,0
2023-05-19 16:31:20,16126,16126,16126,2,0
2023-05-19 16:31:20,16126,16126,16126,4,0
2023-05-19 16:31:26,16126,16126,16126,2,0
2023-05-19 16:31:26,16126,16126,16126,2,0
2023-05-19 16:31:29,16127,16127,16127,2,2
2023-05-19 16:31:29,16126,16126,16126,2,-2
2023-05-19 16:31:30,16126,16126,16126,2,0
2023-05-19 16:31:32,16126,16126,16126,2,0
2023-05-19 16:31:52,16126,16126,16126,2,0
2023-05-19 16:32:10,16125,16125,16125,2,-2
2023-05-19 16:32:10,16125,16125,16125,2,0
2023-05-19 16:32:10,16125,16125,16125,2,0
2023-05-19 16:32:10,16125,16125,16125,2,0
2023-05-19 16:32:10,16124,16124,16124,2,-2
2023-05-19 16:32:13,16125,16125,16125,2,2
2023-05-19 16:32:15,16126,16126,16126,2,2
2023-05-19 16:32:15,16126,16126,16126,2,0
2023-05-19 16:32:23,16126,16126,16126,2,0
2023-05-19 16:32:24,16127,16127,16127,4,4
2023-05-19 16:32:25,16127,16127,16127,8,0
2023-05-19 16:32:25,16127,16127,16127,2,0
2023-05-19 16:32:46,16127,16127,16127,2,0
2023-05-19 16:32:46,16127,16127,16127,2,0
2023-05-19 16:33:27,16128,16128,16128,2,2
2023-05-19 16:33:38,16127,16127,16127,2,-2
2023-05-19 16:33:38,16127,16127,16127,2,0
2023-05-19 16:33:42,16128,16128,16128,8,8
2023-05-19 16:33:49,16127,16127,16127,8,-8
2023-05-19 16:33:49,16127,16127,16127,2,0
2023-05-19 16:33:51,16127,16127,16127,2,0
2023-05-19 16:33:53,16127,16127,16127,4,0
2023-05-19 16:33:59,16127,16127,16127,4,0
2023-05-19 16:33:59,16127,16127,16127,2,0
2023-05-19 16:33:59,16127,16127,16127,2,0
2023-05-19 16:34:03,16126,16126,16126,2,-2
2023-05-19 16:34:16,16126,16126,16126,2,0
2023-05-19 16:34:17,16127,16127,16127,4,4
2023-05-19 16:34:17,16128,16128,16128,4,4
2023-05-19 16:34:17,16128,16128,16128,2,0
2023-05-19 16:34:20,16127,16127,16127,4,-4
2023-05-19 16:34:23,16127,16127,16127,2,0
2023-05-19 16:34:27,16126,16126,16126,4,-4
2023-05-19 16:34:27,16126,16126,16126,6,0
2023-05-19 16:34:30,16126,16126,16126,2,0
2023-05-19 16:34:30,16126,16126,16126,2,0
2023-05-19 16:34:30,16126,16126,16126,2,0
2023-05-19 16:34:30,16126,16126,16126,2,0
2023-05-19 16:34:42,16127,16127,16127,2,2
2023-05-19 16:34:45,16126,16126,16126,2,-2
2023-05-19 16:34:46,16127,16127,16127,12,12
2023-05-19 16:34:51,16126,16126,16126,2,-2
2023-05-19 16:34:51,16126,16126,16126,2,0
2023-05-19 16:34:51,16126,16126,16126,4,0
2023-05-19 16:34:51,16126,16126,16126,2,0
2023-05-19 16:35:23,16127,16127,16127,2,2
2023-05-19 16:35:36,16128,16128,16128,4,4
2023-05-19 16:35:42,16128,16128,16128,24,0
2023-05-19 16:35:42,16128,16128,16128,4,0
2023-05-19 16:35:42,16128,16128,16128,4,0
2023-05-19 16:35:42,16128,16128,16128,4,0
2023-05-19 16:35:42,16128,16128,16128,2,0
2023-05-19 16:35:42,16129,16129,16129,2,2
2023-05-19 16:35:42,16129,16129,16129,16,0
2023-05-19 16:35:43,16128,16128,16128,2,-2
2023-05-19 16:35:43,16128,16128,16128,2,0
2023-05-19 16:35:43,16128,16128,16128,2,0
2023-05-19 16:35:43,16128,16128,16128,2,0
2023-05-19 16:35:48,16128,16128,16128,2,0
2023-05-19 16:35:48,16128,16128,16128,2,0
2023-05-19 16:35:48,16128,16128,16128,4,0
2023-05-19 16:35:48,16128,16128,16128,2,0
2023-05-19 16:35:52,16129,16129,16129,2,2
2023-05-19 16:36:01,16130,16130,16130,2,2
2023-05-19 16:36:01,16130,16130,16130,2,0
2023-05-19 16:36:03,16129,16129,16129,2,-2
2023-05-19 16:36:03,16129,16129,16129,4,0
2023-05-19 16:36:06,16130,16130,16130,2,2
2023-05-19 16:36:07,16130,16130,16130,2,0
2023-05-19 16:36:18,16129,16129,16129,2,-2
2023-05-19 16:36:22,16130,16130,16130,2,2
2023-05-19 16:36:23,16129,16129,16129,2,-2
2023-05-19 16:36:23,16129,16129,16129,2,0
2023-05-19 16:36:23,16129,16129,16129,2,0
2023-05-19 16:36:23,16129,16129,16129,2,0
2023-05-19 16:36:27,16129,16129,16129,2,0
2023-05-19 16:36:28,16129,16129,16129,2,0
2023-05-19 16:36:29,16128,16128,16128,2,-2
2023-05-19 16:36:32,16129,16129,16129,2,2
2023-05-19 16:36:36,16129,16129,16129,2,0
2023-05-19 16:36:42,16129,16129,16129,2,0
2023-05-19 16:37:22,16128,16128,16128,4,-4
2023-05-19 16:37:28,16128,16128,16128,6,0
2023-05-19 16:37:30,16129,16129,16129,2,2
2023-05-19 16:37:30,16129,16129,16129,2,0
2023-05-19 16:37:33,16128,16128,16128,2,-2
2023-05-19 16:37:39,16128,16128,16128,2,0
2023-05-19 16:37:46,16129,16129,16129,16,16
2023-05-19 16:37:53,16130,16130,16130,6,6
2023-05-19 16:37:53,16130,16130,16130,2,0
2023-05-19 16:37:53,16130,16130,16130,2,0
2023-05-19 16:37:53,16130,16130,16130,2,0
2023-05-19 16:37:53,16130,16130,16130,2,0
2023-05-19 16:37:53,16130,16130,16130,2,0
2023-05-19 16:37:53,16130,16130,16130,2,0
2023-05-19 16:37:53,16130,16130,16130,4,0
2023-05-19 16:37:53,16130,16130,16130,2,0
2023-05-19 16:37:53,16130,16130,16130,2,0
2023-05-19 16:37:53,16130,16130,16130,2,0
2023-05-19 16:37:53,16130,16130,16130,4,0
2023-05-19 16:37:53,16130,16130,16130,2,0
2023-05-19 16:37:53,16130,16130,16130,2,0
2023-05-19 16:37:53,16130,16130,16130,2,0
2023-05-19 16:37:53,16130,16130,16130,4,0
2023-05-19 16:37:53,16130,16130,16130,2,0
2023-05-19 16:37:53,16130,16130,16130,4,0
2023-05-19 16:37:53,16130,16130,16130,2,0
2023-05-19 16:37:53,16130,16130,16130,14,0
2023-05-19 16:37:53,16130,16130,16130,2,0
2023-05-19 16:37:53,16130,16130,16130,4,0
2023-05-19 16:37:53,16130,16130,16130,2,0
2023-05-19 16:37:53,16130,16130,16130,4,0
2023-05-19 16:37:53,16130,16130,16130,2,0
2023-05-19 16:37:53,16130,16130,16130,4,0
2023-05-19 16:37:53,16130,16130,16130,2,0
2023-05-19 16:37:53,16130,16130,16130,2,0
2023-05-19 16:37:54,16131,16131,16131,2,2
2023-05-19 16:37:54,16131,16131,16131,2,0
2023-05-19 16:37:54,16131,16131,16131,2,0
2023-05-19 16:37:54,16131,16131,16131,4,0
2023-05-19 16:37:59,16130,16130,16130,2,-2
2023-05-19 16:38:00,16130,16130,16130,4,0
2023-05-19 16:38:00,16130,16130,16130,2,0
2023-05-19 16:38:03,16130,16130,16130,2,0
2023-05-19 16:38:03,16130,16130,16130,2,0
2023-05-19 16:38:04,16129,16129,16129,2,-2
2023-05-19 16:38:09,16130,16130,16130,2,2
2023-05-19 16:38:11,16130,16130,16130,2,0
2023-05-19 16:38:15,16130,16130,16130,2,0
2023-05-19 16:38:18,16130,16130,16130,10,0
2023-05-19 16:38:20,16129,16129,16129,2,-2
2023-05-19 16:38:20,16129,16129,16129,2,0
2023-05-19 16:38:21,16130,16130,16130,2,2
2023-05-19 16:38:22,16130,16130,16130,10,0
2023-05-19 16:38:26,16130,16130,16130,2,0
2023-05-19 16:38:29,16130,16130,16130,2,0
2023-05-19 16:38:32,16129,16129,16129,2,-2
2023-05-19 16:38:32,16129,16129,16129,2,0
2023-05-19 16:38:32,16129,16129,16129,2,0
2023-05-19 16:38:32,16129,16129,16129,2,0
2023-05-19 16:38:32,16129,16129,16129,2,0
2023-05-19 16:38:32,16129,16129,16129,2,0
2023-05-19 16:38:32,16129,16129,16129,2,0
2023-05-19 16:38:36,16130,16130,16130,2,2
2023-05-19 16:38:44,16130,16130,16130,34,0
2023-05-19 16:38:52,16131,16131,16131,20,20
2023-05-19 16:38:54,16131,16131,16131,2,0
2023-05-19 16:39:00,16131,16131,16131,2,0
2023-05-19 16:39:05,16131,16131,16131,2,0
2023-05-19 16:39:16,16131,16131,16131,20,0
2023-05-19 16:39:19,16131,16131,16131,2,0
2023-05-19 16:39:20,16131,16131,16131,2,0
2023-05-19 16:39:35,16131,16131,16131,2,0
2023-05-19 16:39:37,16131,16131,16131,4,0
2023-05-19 16:39:47,16130,16130,16130,2,-2
2023-05-19 16:39:47,16130,16130,16130,4,0
2023-05-19 16:39:47,16130,16130,16130,10,0
2023-05-19 16:39:47,16130,16130,16130,4,0
2023-05-19 16:39:47,16130,16130,16130,2,0
2023-05-19 16:39:47,16130,16130,16130,2,0
2023-05-19 16:39:47,16130,16130,16130,2,0
2023-05-19 16:39:47,16130,16130,16130,2,0
2023-05-19 16:39:47,16130,16130,16130,2,0
2023-05-19 16:39:51,16129,16129,16129,4,-4
2023-05-19 16:39:51,16129,16129,16129,4,0
2023-05-19 16:40:16,16129,16129,16129,2,0
2023-05-19 16:40:23,16130,16130,16130,6,6
2023-05-19 16:40:36,16129,16129,16129,2,-2
2023-05-19 16:40:42,16129,16129,16129,4,0
2023-05-19 16:40:45,16129,16129,16129,2,0
2023-05-19 16:40:45,16129,16129,16129,2,0
2023-05-19 16:41:00,16129,16129,16129,2,0
2023-05-19 16:41:00,16129,16129,16129,2,0
2023-05-19 16:41:00,16129,16129,16129,2,0
2023-05-19 16:41:00,16129,16129,16129,2,0
2023-05-19 16:41:00,16129,16129,16129,2,0
2023-05-19 16:41:00,16129,16129,16129,2,0
2023-05-19 16:41:00,16129,16129,16129,2,0
2023-05-19 16:41:00,16129,16129,16129,2,0
2023-05-19 16:41:16,16129,16129,16129,2,0
2023-05-19 16:41:16,16129,16129,16129,2,0
2023-05-19 16:41:25,16128,16128,16128,2,-2
2023-05-19 16:41:34,16128,16128,16128,4,0
2023-05-19 16:41:34,16128,16128,16128,4,0
2023-05-19 16:41:34,16128,16128,16128,2,0
2023-05-19 16:41:34,16129,16129,16129,2,2
2023-05-19 16:41:36,16129,16129,16129,2,0
2023-05-19 16:41:36,16129,16129,16129,2,0
2023-05-19 16:41:39,16128,16128,16128,2,-2
2023-05-19 16:41:42,16129,16129,16129,4,4
2023-05-19 16:41:44,16128,16128,16128,2,-2
2023-05-19 16:41:44,16128,16128,16128,2,0
2023-05-19 16:42:03,16128,16128,16128,2,0
2023-05-19 16:42:06,16128,16128,16128,2,0
2023-05-19 16:42:06,16128,16128,16128,4,0
2023-05-19 16:42:15,16128,16128,16128,4,0
2023-05-19 16:42:18,16128,16128,16128,2,0
2023-05-19 16:42:24,16128,16128,16128,2,0
2023-05-19 16:42:24,16127,16127,16127,2,-2
2023-05-19 16:42:26,16128,16128,16128,2,2
2023-05-19 16:42:26,16127,16127,16127,6,-6
2023-05-19 16:42:26,16127,16127,16127,2,0
2023-05-19 16:42:32,16127,16127,16127,2,0
2023-05-19 16:42:36,16127,16127,16127,2,0
2023-05-19 16:42:36,16127,16127,16127,2,0
2023-05-19 16:42:36,16127,16127,16127,4,0
2023-05-19 16:42:36,16127,16127,16127,2,0
2023-05-19 16:42:36,16127,16127,16127,2,0
2023-05-19 16:42:36,16127,16127,16127,2,0
2023-05-19 16:42:36,16127,16127,16127,2,0
2023-05-19 16:42:36,16127,16127,16127,2,0
2023-05-19 16:42:36,16127,16127,16127,2,0
2023-05-19 16:42:54,16126,16126,16126,2,-2
2023-05-19 16:42:54,16126,16126,16126,2,0
2023-05-19 16:42:54,16126,16126,16126,2,0
2023-05-19 16:42:54,16126,16126,16126,2,0
2023-05-19 16:43:35,16125,16125,16125,2,-2
2023-05-19 16:43:44,16125,16125,16125,4,0
2023-05-19 16:43:44,16125,16125,16125,2,0
2023-05-19 16:43:44,16125,16125,16125,2,0
2023-05-19 16:43:44,16125,16125,16125,4,0
2023-05-19 16:43:45,16125,16125,16125,2,0
2023-05-19 16:43:49,16125,16125,16125,2,0
2023-05-19 16:43:53,16125,16125,16125,2,0
2023-05-19 16:43:53,16125,16125,16125,2,0
2023-05-19 16:43:53,16125,16125,16125,2,0
2023-05-19 16:44:01,16125,16125,16125,2,0
2023-05-19 16:44:02,16125,16125,16125,2,0
2023-05-19 16:44:11,16124,16124,16124,2,-2
2023-05-19 16:44:11,16124,16124,16124,2,0
2023-05-19 16:44:11,16124,16124,16124,2,0
2023-05-19 16:44:21,16124,16124,16124,2,0
2023-05-19 16:44:21,16124,16124,16124,2,0
2023-05-19 16:44:21,16124,16124,16124,2,0
2023-05-19 16:44:21,16124,16124,16124,2,0
2023-05-19 16:44:21,16124,16124,16124,2,0
2023-05-19 16:44:21,16124,16124,16124,2,0
2023-05-19 16:44:21,16124,16124,16124,2,0
2023-05-19 16:44:22,16123,16123,16123,2,-2
2023-05-19 16:44:22,16124,16124,16124,2,2
2023-05-19 16:44:25,16124,16124,16124,2,0
2023-05-19 16:44:37,16124,16124,16124,2,0
2023-05-19 16:44:56,16124,16124,16124,2,0
2023-05-19 16:45:05,16125,16125,16125,2,2
2023-05-19 16:45:05,16124,16124,16124,2,-2
2023-05-19 16:45:06,16124,16124,16124,2,0
2023-05-19 16:45:06,16124,16124,16124,2,0
2023-05-19 16:45:06,16124,16124,16124,2,0
2023-05-19 16:45:06,16124,16124,16124,2,0
2023-05-19 16:45:14,16124,16124,16124,2,0
2023-05-19 16:45:14,16124,16124,16124,2,0
2023-05-19 16:45:32,16123,16123,16123,4,-4
2023-05-19 16:45:32,16123,16123,16123,4,0
2023-05-19 16:45:32,16123,16123,16123,4,0
2023-05-19 16:45:32,16123,16123,16123,2,0
2023-05-19 16:45:42,16123,16123,16123,2,0
2023-05-19 16:45:42,16123,16123,16123,2,0
2023-05-19 16:45:43,16124,16124,16124,2,2
2023-05-19 16:45:59,16124,16124,16124,2,0
2023-05-19 16:45:59,16124,16124,16124,2,0
2023-05-19 16:45:59,16124,16124,16124,2,0
2023-05-19 16:46:11,16124,16124,16124,2,0
2023-05-19 16:46:18,16124,16124,16124,2,0
2023-05-19 16:46:22,16125,16125,16125,2,2
2023-05-19 16:46:42,16124,16124,16124,2,-2
2023-05-19 16:46:42,16124,16124,16124,2,0
2023-05-19 16:46:42,16124,16124,16124,2,0
2023-05-19 16:46:42,16124,16124,16124,4,0
2023-05-19 16:46:42,16124,16124,16124,2,0
2023-05-19 16:46:48,16123,16123,16123,2,-2
2023-05-19 16:47:18,16123,16123,16123,2,0
2023-05-19 16:47:40,16124,16124,16124,2,2
2023-05-19 16:48:21,16125,16125,16125,2,2
2023-05-19 16:48:21,16125,16125,16125,4,0
2023-05-19 16:48:21,16125,16125,16125,4,0
2023-05-19 16:48:21,16125,16125,16125,2,0
2023-05-19 16:48:21,16125,16125,16125,8,0
2023-05-19 16:48:23,16125,16125,16125,8,0
2023-05-19 16:48:23,16125,16125,16125,2,0
2023-05-19 16:48:34,16125,16125,16125,2,0
2023-05-19 16:48:34,16125,16125,16125,2,0
2023-05-19 16:48:36,16125,16125,16125,2,0
2023-05-19 16:49:02,16126,16126,16126,2,2
2023-05-19 16:49:07,16126,16126,16126,2,0
2023-05-19 16:49:57,16126,16126,16126,2,0
2023-05-19 16:49:59,16126,16126,16126,2,0
2023-05-19 16:50:02,16127,16127,16127,2,2
2023-05-19 16:50:03,16127,16127,16127,2,0
2023-05-19 16:50:13,16127,16127,16127,2,0
2023-05-19 16:50:13,16127,16127,16127,2,0
2023-05-19 16:50:13,16127,16127,16127,2,0
2023-05-19 16:50:13,16127,16127,16127,2,0
2023-05-19 16:50:13,16127,16127,16127,2,0
2023-05-19 16:50:23,16127,16127,16127,4,0
2023-05-19 16:50:23,16127,16127,16127,2,0
2023-05-19 16:50:42,16127,16127,16127,10,0
2023-05-19 16:50:47,16127,16127,16127,2,0
2023-05-19 16:50:49,16127,16127,16127,10,0
2023-05-19 16:50:49,16127,16127,16127,2,0
2023-05-19 16:50:53,16127,16127,16127,2,0
2023-05-19 16:50:57,16127,16127,16127,4,0
2023-05-19 16:50:57,16127,16127,16127,6,0
2023-05-19 16:50:58,16127,16127,16127,2,0
2023-05-19 16:50:58,16127,16127,16127,2,0
2023-05-19 16:51:04,16127,16127,16127,2,0
2023-05-19 16:51:07,16127,16127,16127,10,0
2023-05-19 16:51:13,16127,16127,16127,2,0
2023-05-19 16:51:57,16127,16127,16127,2,0
2023-05-19 16:52:27,16127,16127,16127,2,0
2023-05-19 16:52:27,16127,16127,16127,2,0
2023-05-19 16:52:27,16127,16127,16127,2,0
2023-05-19 16:52:27,16127,16127,16127,2,0
2023-05-19 16:52:29,16127,16127,16127,2,0
2023-05-19 16:52:29,16127,16127,16127,2,0
2023-05-19 16:52:47,16127,16127,16127,2,0
2023-05-19 16:53:04,16128,16128,16128,2,2
2023-05-19 16:53:04,16128,16128,16128,2,0
2023-05-19 16:53:04,16128,16128,16128,2,0
2023-05-19 16:53:04,16129,16129,16129,2,2
2023-05-19 16:53:15,16129,16129,16129,2,0
2023-05-19 16:53:15,16129,16129,16129,8,0
2023-05-19 16:53:23,16130,16130,16130,2,2
2023-05-19 16:53:29,16130,16130,16130,2,0
2023-05-19 16:53:45,16130,16130,16130,4,0
2023-05-19 16:53:47,16130,16130,16130,2,0
2023-05-19 16:53:51,16130,16130,16130,2,0
2023-05-19 16:54:09,16130,16130,16130,2,0
2023-05-19 16:54:09,16130,16130,16130,12,0
2023-05-19 16:54:16,16130,16130,16130,2,0
2023-05-19 16:54:37,16130,16130,16130,2,0
2023-05-19 16:54:47,16129,16129,16129,2,-2
2023-05-19 16:54:47,16129,16129,16129,2,0
2023-05-19 16:55:01,16130,16130,16130,2,2
2023-05-19 16:55:08,16129,16129,16129,2,-2
2023-05-19 16:55:26,16129,16129,16129,2,0
2023-05-19 16:55:30,16130,16130,16130,4,4
2023-05-19 16:55:45,16130,16130,16130,2,0
2023-05-19 16:55:45,16130,16130,16130,2,0
2023-05-19 16:55:45,16130,16130,16130,2,0
2023-05-19 16:55:45,16130,16130,16130,2,0
2023-05-19 16:55:46,16130,16130,16130,4,0
2023-05-19 16:55:46,16130,16130,16130,2,0
2023-05-19 16:55:46,16130,16130,16130,2,0
2023-05-19 16:55:48,16131,16131,16131,2,2
2023-05-19 16:55:49,16131,16131,16131,16,0
2023-05-19 16:55:49,16131,16131,16131,2,0
2023-05-19 16:55:51,16131,16131,16131,4,0
2023-05-19 16:55:51,16131,16131,16131,2,0
2023-05-19 16:55:51,16131,16131,16131,2,0
2023-05-19 16:56:22,16132,16132,16132,2,2
2023-05-19 16:56:22,16132,16132,16132,2,0
2023-05-19 16:56:22,16132,16132,16132,2,0
2023-05-19 16:56:48,16131,16131,16131,2,-2
2023-05-19 16:57:00,16131,16131,16131,2,0
2023-05-19 16:57:00,16132,16132,16132,2,2
2023-05-19 16:57:01,16132,16132,16132,2,0
2023-05-19 16:57:15,16132,16132,16132,2,0
2023-05-19 16:57:20,16132,16132,16132,2,0
2023-05-19 16:57:22,16132,16132,16132,2,0
2023-05-19 16:57:25,16131,16131,16131,2,-2
2023-05-19 16:57:26,16132,16132,16132,14,14
2023-05-19 16:57:34,16132,16132,16132,2,0
2023-05-19 16:57:44,16131,16131,16131,4,-4
2023-05-19 16:57:53,16131,16131,16131,2,0
2023-05-19 16:58:11,16131,16131,16131,2,0
2023-05-19 16:58:11,16131,16131,16131,2,0
2023-05-19 16:58:12,16131,16131,16131,2,0
2023-05-19 16:58:12,16131,16131,16131,2,0
2023-05-19 16:58:12,16131,16131,16131,2,0
2023-05-19 16:58:12,16131,16131,16131,2,0
2023-05-19 16:58:12,16131,16131,16131,2,0
2023-05-19 16:58:12,16131,16131,16131,2,0
2023-05-19 16:58:15,16131,16131,16131,2,0
2023-05-19 16:58:17,16130,16130,16130,12,-12
2023-05-19 16:58:17,16130,16130,16130,2,0
2023-05-19 16:58:17,16130,16130,16130,4,0
2023-05-19 16:58:17,16130,16130,16130,2,0
2023-05-19 16:58:24,16129,16129,16129,2,-2
2023-05-19 16:58:29,16129,16129,16129,2,0
2023-05-19 16:58:54,16128,16128,16128,2,-2
2023-05-19 16:58:54,16128,16128,16128,2,0
2023-05-19 16:58:54,16127,16127,16127,2,-2
2023-05-19 16:59:06,16127,16127,16127,2,0
2023-05-19 16:59:15,16127,16127,16127,2,0
2023-05-19 16:59:19,16127,16127,16127,2,0
2023-05-19 16:59:34,16127,16127,16127,2,0
2023-05-19 17:00:01,16129,16129,16129,2,2
2023-05-19 17:00:01,16129,16129,16129,2,0
2023-05-19 17:00:09,16129,16129,16129,2,0
2023-05-19 17:00:09,16129,16129,16129,2,0
2023-05-19 17:00:09,16129,16129,16129,2,0
2023-05-19 17:00:11,16129,16129,16129,2,0
2023-05-19 17:00:24,16130,16130,16130,6,6
2023-05-19 17:00:52,16130,16130,16130,2,0
2023-05-19 17:00:55,16130,16130,16130,2,0
2023-05-19 17:00:56,16130,16130,16130,2,0
2023-05-19 17:00:56,16130,16130,16130,2,0
2023-05-19 17:01:08,16130,16130,16130,2,0
2023-05-19 17:01:21,16130,16130,16130,2,0
2023-05-19 17:01:21,16130,16130,16130,2,0
2023-05-19 17:01:44,16130,16130,16130,4,0
2023-05-19 17:02:20,16131,16131,16131,4,4
2023-05-19 17:02:25,16131,16131,16131,2,0
2023-05-19 17:02:32,16131,16131,16131,2,0
2023-05-19 17:02:32,16131,16131,16131,4,0
2023-05-19 17:02:38,16131,16131,16131,2,0
2023-05-19 17:02:43,16130,16130,16130,2,-2
2023-05-19 17:02:43,16130,16130,16130,2,0
2023-05-19 17:02:53,16130,16130,16130,4,0
2023-05-19 17:02:58,16130,16130,16130,2,0
2023-05-19 17:02:58,16129,16129,16129,2,-2
2023-05-19 17:03:04,16130,16130,16130,2,2
2023-05-19 17:03:04,16129,16129,16129,2,-2
2023-05-19 17:03:41,16129,16129,16129,2,0
2023-05-19 17:03:58,16129,16129,16129,4,0
2023-05-19 17:03:58,16129,16129,16129,2,0
2023-05-19 17:03:58,16129,16129,16129,2,0
2023-05-19 17:03:58,16129,16129,16129,2,0
2023-05-19 17:04:00,16130,16130,16130,2,2
2023-05-19 17:04:06,16131,16131,16131,2,2
2023-05-19 17:04:18,16130,16130,16130,2,-2
2023-05-19 17:04:29,16129,16129,16129,6,-6
2023-05-19 17:04:29,16129,16129,16129,4,0
2023-05-19 17:04:29,16129,16129,16129,2,0
2023-05-19 17:05:00,16130,16130,16130,2,2
2023-05-19 17:05:01,16129,16129,16129,2,-2
2023-05-19 17:05:08,16130,16130,16130,2,2
2023-05-19 17:05:08,16130,16130,16130,10,0
2023-05-19 17:05:20,16129,16129,16129,2,-2
2023-05-19 17:05:26,16130,16130,16130,2,2
2023-05-19 17:05:28,16130,16130,16130,2,0
2023-05-19 17:06:00,16130,16130,16130,4,0
2023-05-19 17:06:15,16130,16130,16130,2,0
2023-05-19 17:06:16,16131,16131,16131,4,4
2023-05-19 17:06:40,16131,16131,16131,2,0
2023-05-19 17:06:52,16129,16129,16129,2,-2
2023-05-19 17:06:52,16129,16129,16129,4,0
2023-05-19 17:07:01,16130,16130,16130,2,2
2023-05-19 17:07:03,16131,16131,16131,2,2
2023-05-19 17:07:04,16131,16131,16131,2,0
2023-05-19 17:07:12,16130,16130,16130,2,-2
2023-05-19 17:07:20,16131,16131,16131,2,2
2023-05-19 17:07:40,16130,16130,16130,2,-2
2023-05-19 17:07:40,16130,16130,16130,2,0
2023-05-19 17:07:40,16130,16130,16130,2,0
2023-05-19 17:07:40,16130,16130,16130,2,0
2023-05-19 17:07:40,16129,16129,16129,2,-2
2023-05-19 17:07:53,16130,16130,16130,4,4
2023-05-19 17:07:53,16131,16131,16131,2,2
2023-05-19 17:08:11,16130,16130,16130,2,-2
2023-05-19 17:08:17,16130,16130,16130,4,0
2023-05-19 17:08:17,16130,16130,16130,2,0
2023-05-19 17:08:31,16131,16131,16131,2,2
2023-05-19 17:09:02,16131,16131,16131,2,0
2023-05-19 17:09:04,16131,16131,16131,2,0
2023-05-19 17:09:37,16131,16131,16131,2,0
2023-05-19 17:09:48,16131,16131,16131,6,0
2023-05-19 17:09:49,16131,16131,16131,2,0
2023-05-19 17:09:55,16132,16132,16132,10,10
2023-05-19 17:09:59,16132,16132,16132,2,0
2023-05-19 17:10:10,16132,16132,16132,2,0
2023-05-19 17:10:10,16132,16132,16132,8,0
2023-05-19 17:10:10,16132,16132,16132,8,0
2023-05-19 17:10:10,16132,16132,16132,8,0
2023-05-19 17:10:10,16132,16132,16132,4,0
2023-05-19 17:10:10,16133,16133,16133,4,4
2023-05-19 17:10:10,16133,16133,16133,4,0
2023-05-19 17:10:10,16133,16133,16133,4,0
2023-05-19 17:10:10,16133,16133,16133,2,0
2023-05-19 17:10:11,16133,16133,16133,2,0
2023-05-19 17:10:11,16133,16133,16133,4,0
2023-05-19 17:10:11,16133,16133,16133,2,0
2023-05-19 17:10:11,16133,16133,16133,2,0
2023-05-19 17:10:11,16133,16133,16133,4,0
2023-05-19 17:10:11,16133,16133,16133,2,0
2023-05-19 17:10:11,16133,16133,16133,2,0
2023-05-19 17:10:11,16133,16133,16133,4,0
2023-05-19 17:10:11,16133,16133,16133,2,0
2023-05-19 17:10:11,16133,16133,16133,2,0
2023-05-19 17:10:11,16133,16133,16133,2,0
2023-05-19 17:10:11,16133,16133,16133,4,0
2023-05-19 17:10:11,16133,16133,16133,4,0
2023-05-19 17:10:11,16133,16133,16133,2,0
2023-05-19 17:10:11,16133,16133,16133,2,0
2023-05-19 17:10:23,16132,16132,16132,2,-2
2023-05-19 17:10:27,16133,16133,16133,20,20
2023-05-19 17:10:31,16133,16133,16133,2,0
2023-05-19 17:10:33,16133,16133,16133,2,0
2023-05-19 17:10:34,16133,16133,16133,2,0
2023-05-19 17:10:49,16132,16132,16132,2,-2
2023-05-19 17:10:49,16133,16133,16133,4,4
2023-05-19 17:10:58,16133,16133,16133,4,0
2023-05-19 17:11:05,16133,16133,16133,2,0
2023-05-19 17:11:10,16132,16132,16132,2,-2
2023-05-19 17:11:16,16132,16132,16132,2,0
2023-05-19 17:11:17,16133,16133,16133,10,10
2023-05-19 17:11:18,16133,16133,16133,2,0
2023-05-19 17:11:21,16132,16132,16132,2,-2
2023-05-19 17:11:27,16132,16132,16132,4,0
2023-05-19 17:11:27,16132,16132,16132,4,0
2023-05-19 17:11:27,16132,16132,16132,2,0
2023-05-19 17:11:27,16132,16132,16132,2,0
2023-05-19 17:11:55,16132,16132,16132,2,0
2023-05-19 17:12:23,16133,16133,16133,2,2
2023-05-19 17:12:40,16132,16132,16132,2,-2
2023-05-19 17:12:40,16132,16132,16132,4,0
2023-05-19 17:12:40,16131,16131,16131,2,-2
2023-05-19 17:12:53,16131,16131,16131,2,0
2023-05-19 17:13:15,16131,16131,16131,2,0
2023-05-19 17:13:40,16132,16132,16132,2,2
2023-05-19 17:14:21,16132,16132,16132,4,0
2023-05-19 17:14:32,16131,16131,16131,6,-6
2023-05-19 17:14:38,16132,16132,16132,2,2
2023-05-19 17:14:59,16131,16131,16131,2,-2
2023-05-19 17:15:00,16132,16132,16132,4,4
2023-05-19 17:15:32,16131,16131,16131,2,-2
2023-05-19 17:15:55,16132,16132,16132,8,8
2023-05-19 17:15:55,16133,16133,16133,70,70
2023-05-19 17:15:58,16134,16134,16134,30,30
2023-05-19 17:15:58,16135,16135,16135,2,2
2023-05-19 17:15:58,16135,16135,16135,6,0
2023-05-19 17:15:58,16135,16135,16135,46,0
2023-05-19 17:15:58,16136,16136,16136,2,2
2023-05-19 17:15:58,16136,16136,16136,2,0
2023-05-19 17:15:58,16136,16136,16136,2,0
2023-05-19 17:15:58,16136,16136,16136,2,0
2023-05-19 17:15:58,16136,16136,16136,14,0
