2023-06-02 15:00:00,16720,16720,16720,272,0
2023-06-02 15:00:00,16719,16719,16719,2,-2
2023-06-02 15:00:00,16719,16719,16719,2,0
2023-06-02 15:00:00,16720,16720,16720,6,6
2023-06-02 15:00:00,16720,16720,16720,2,0
2023-06-02 15:00:00,16720,16720,16720,2,0
2023-06-02 15:00:00,16720,16720,16720,4,0
2023-06-02 15:00:00,16720,16720,16720,4,0
2023-06-02 15:00:00,16721,16721,16721,2,2
2023-06-02 15:00:00,16720,16720,16720,2,-2
2023-06-02 15:00:00,16718,16718,16718,2,-2
2023-06-02 15:00:00,16718,16718,16718,2,0
2023-06-02 15:00:00,16717,16717,16717,2,-2
2023-06-02 15:00:00,16717,16717,16717,2,0
2023-06-02 15:00:00,16717,16717,16717,2,0
2023-06-02 15:00:00,16720,16720,16720,2,2
2023-06-02 15:00:00,16721,16721,16721,6,6
2023-06-02 15:00:00,16718,16718,16718,2,-2
2023-06-02 15:00:00,16718,16718,16718,2,0
2023-06-02 15:00:00,16720,16720,16720,2,2
2023-06-02 15:00:00,16720,16720,16720,4,0
2023-06-02 15:00:00,16719,16719,16719,2,-2
2023-06-02 15:00:00,16720,16720,16720,2,2
2023-06-02 15:00:00,16720,16720,16720,2,0
2023-06-02 15:00:00,16720,16720,16720,2,0
2023-06-02 15:00:00,16720,16720,16720,2,0
2023-06-02 15:00:00,16720,16720,16720,2,0
2023-06-02 15:00:00,16721,16721,16721,2,2
2023-06-02 15:00:00,16718,16718,16718,2,-2
2023-06-02 15:00:00,16721,16721,16721,2,2
2023-06-02 15:00:00,16721,16721,16721,4,0
2023-06-02 15:00:00,16722,16722,16722,2,2
2023-06-02 15:00:01,16720,16720,16720,4,-4
2023-06-02 15:00:01,16720,16720,16720,2,0
2023-06-02 15:00:01,16719,16719,16719,2,-2
2023-06-02 15:00:01,16719,16719,16719,4,0
2023-06-02 15:00:01,16717,16717,16717,8,-8
2023-06-02 15:00:01,16717,16717,16717,2,0
2023-06-02 15:00:01,16717,16717,16717,2,0
2023-06-02 15:00:01,16717,16717,16717,4,0
2023-06-02 15:00:01,16718,16718,16718,2,2
2023-06-02 15:00:01,16718,16718,16718,2,0
2023-06-02 15:00:01,16718,16718,16718,2,0
2023-06-02 15:00:04,16716,16716,16716,2,-2
2023-06-02 15:00:04,16716,16716,16716,2,0
2023-06-02 15:00:04,16717,16717,16717,2,2
2023-06-02 15:00:04,16717,16717,16717,2,0
2023-06-02 15:00:05,16717,16717,16717,2,0
2023-06-02 15:00:05,16716,16716,16716,2,-2
2023-06-02 15:00:05,16716,16716,16716,8,0
2023-06-02 15:00:05,16716,16716,16716,2,0
2023-06-02 15:00:05,16717,16717,16717,2,2
2023-06-02 15:00:06,16715,16715,16715,2,-2
2023-06-02 15:00:06,16715,16715,16715,2,0
2023-06-02 15:00:06,16715,16715,16715,2,0
2023-06-02 15:00:06,16715,16715,16715,16,0
2023-06-02 15:00:06,16715,16715,16715,2,0
2023-06-02 15:00:07,16716,16716,16716,2,2
2023-06-02 15:00:07,16715,16715,16715,2,-2
2023-06-02 15:00:07,16714,16714,16714,2,-2
2023-06-02 15:00:07,16714,16714,16714,8,0
2023-06-02 15:00:09,16715,16715,16715,2,2
2023-06-02 15:00:09,16715,16715,16715,4,0
2023-06-02 15:00:09,16715,16715,16715,2,0
2023-06-02 15:00:09,16715,16715,16715,2,0
2023-06-02 15:00:09,16717,16717,16717,2,2
2023-06-02 15:00:09,16715,16715,16715,2,-2
2023-06-02 15:00:09,16715,16715,16715,2,0
2023-06-02 15:00:10,16715,16715,16715,2,0
2023-06-02 15:00:10,16715,16715,16715,2,0
2023-06-02 15:00:10,16715,16715,16715,4,0
2023-06-02 15:00:10,16715,16715,16715,2,0
2023-06-02 15:00:10,16714,16714,16714,2,-2
2023-06-02 15:00:10,16716,16716,16716,2,2
2023-06-02 15:00:10,16717,16717,16717,2,2
2023-06-02 15:00:12,16716,16716,16716,2,-2
2023-06-02 15:00:13,16716,16716,16716,4,0
2023-06-02 15:00:13,16716,16716,16716,2,0
2023-06-02 15:00:13,16716,16716,16716,2,0
2023-06-02 15:00:14,16717,16717,16717,2,2
2023-06-02 15:00:14,16717,16717,16717,10,0
2023-06-02 15:00:14,16717,16717,16717,2,0
2023-06-02 15:00:15,16717,16717,16717,2,0
2023-06-02 15:00:16,16717,16717,16717,2,0
2023-06-02 15:00:17,16717,16717,16717,2,0
2023-06-02 15:00:17,16718,16718,16718,2,2
2023-06-02 15:00:17,16719,16719,16719,2,2
2023-06-02 15:00:17,16718,16718,16718,2,-2
2023-06-02 15:00:18,16718,16718,16718,2,0
2023-06-02 15:00:18,16719,16719,16719,4,4
2023-06-02 15:00:20,16719,16719,16719,10,0
2023-06-02 15:00:20,16719,16719,16719,2,0
2023-06-02 15:00:20,16719,16719,16719,2,0
2023-06-02 15:00:20,16719,16719,16719,2,0
2023-06-02 15:00:21,16718,16718,16718,2,-2
2023-06-02 15:00:21,16718,16718,16718,2,0
2023-06-02 15:00:21,16718,16718,16718,2,0
2023-06-02 15:00:21,16718,16718,16718,2,0
2023-06-02 15:00:21,16718,16718,16718,2,0
2023-06-02 15:00:21,16719,16719,16719,2,2
2023-06-02 15:00:22,16719,16719,16719,18,0
2023-06-02 15:00:22,16720,16720,16720,22,22
2023-06-02 15:00:23,16718,16718,16718,4,-4
2023-06-02 15:00:23,16717,16717,16717,4,-4
2023-06-02 15:00:23,16717,16717,16717,2,0
2023-06-02 15:00:24,16719,16719,16719,8,8
2023-06-02 15:00:24,16718,16718,16718,2,-2
2023-06-02 15:00:27,16719,16719,16719,2,2
2023-06-02 15:00:28,16719,16719,16719,8,0
2023-06-02 15:00:28,16719,16719,16719,6,0
2023-06-02 15:00:28,16719,16719,16719,2,0
2023-06-02 15:00:29,16719,16719,16719,4,0
2023-06-02 15:00:29,16719,16719,16719,4,0
2023-06-02 15:00:29,16719,16719,16719,2,0
2023-06-02 15:00:29,16720,16720,16720,2,2
2023-06-02 15:00:29,16720,16720,16720,2,0
2023-06-02 15:00:30,16720,16720,16720,2,0
2023-06-02 15:00:30,16720,16720,16720,2,0
2023-06-02 15:00:30,16720,16720,16720,4,0
2023-06-02 15:00:30,16722,16722,16722,2,2
2023-06-02 15:00:31,16721,16721,16721,4,-4
2023-06-02 15:00:31,16723,16723,16723,8,8
2023-06-02 15:00:32,16722,16722,16722,2,-2
2023-06-02 15:00:32,16721,16721,16721,2,-2
2023-06-02 15:00:32,16722,16722,16722,2,2
2023-06-02 15:00:33,16722,16722,16722,2,0
2023-06-02 15:00:34,16721,16721,16721,4,-4
2023-06-02 15:00:34,16721,16721,16721,4,0
2023-06-02 15:00:34,16721,16721,16721,2,0
2023-06-02 15:00:35,16722,16722,16722,2,2
2023-06-02 15:00:36,16723,16723,16723,2,2
2023-06-02 15:00:36,16723,16723,16723,4,0
2023-06-02 15:00:36,16722,16722,16722,2,-2
2023-06-02 15:00:36,16723,16723,16723,2,2
2023-06-02 15:00:37,16723,16723,16723,4,0
2023-06-02 15:00:37,16723,16723,16723,2,0
2023-06-02 15:00:37,16723,16723,16723,4,0
2023-06-02 15:00:37,16723,16723,16723,2,0
2023-06-02 15:00:37,16723,16723,16723,2,0
2023-06-02 15:00:38,16724,16724,16724,2,2
2023-06-02 15:00:38,16724,16724,16724,2,0
2023-06-02 15:00:38,16724,16724,16724,2,0
2023-06-02 15:00:38,16724,16724,16724,4,0
2023-06-02 15:00:39,16723,16723,16723,2,-2
2023-06-02 15:00:40,16724,16724,16724,2,2
2023-06-02 15:00:40,16724,16724,16724,8,0
2023-06-02 15:00:40,16724,16724,16724,2,0
2023-06-02 15:00:40,16725,16725,16725,2,2
2023-06-02 15:00:40,16725,16725,16725,2,0
2023-06-02 15:00:40,16724,16724,16724,2,-2
2023-06-02 15:00:40,16724,16724,16724,4,0
2023-06-02 15:00:40,16723,16723,16723,2,-2
2023-06-02 15:00:40,16723,16723,16723,4,0
2023-06-02 15:00:40,16723,16723,16723,2,0
2023-06-02 15:00:41,16723,16723,16723,2,0
2023-06-02 15:00:41,16722,16722,16722,4,-4
2023-06-02 15:00:42,16722,16722,16722,2,0
2023-06-02 15:00:42,16721,16721,16721,4,-4
2023-06-02 15:00:42,16721,16721,16721,2,0
2023-06-02 15:00:43,16721,16721,16721,2,0
2023-06-02 15:00:44,16721,16721,16721,2,0
2023-06-02 15:00:44,16721,16721,16721,2,0
2023-06-02 15:00:45,16720,16720,16720,2,-2
2023-06-02 15:00:46,16721,16721,16721,2,2
2023-06-02 15:00:47,16722,16722,16722,16,16
2023-06-02 15:00:48,16721,16721,16721,2,-2
2023-06-02 15:00:49,16722,16722,16722,2,2
2023-06-02 15:00:49,16722,16722,16722,2,0
2023-06-02 15:00:49,16722,16722,16722,2,0
2023-06-02 15:00:49,16722,16722,16722,4,0
2023-06-02 15:00:49,16722,16722,16722,2,0
2023-06-02 15:00:50,16722,16722,16722,4,0
2023-06-02 15:00:50,16723,16723,16723,36,36
2023-06-02 15:00:50,16723,16723,16723,2,0
2023-06-02 15:00:51,16724,16724,16724,18,18
2023-06-02 15:00:51,16723,16723,16723,2,-2
2023-06-02 15:00:51,16725,16725,16725,18,18
2023-06-02 15:00:52,16725,16725,16725,2,0
2023-06-02 15:00:53,16725,16725,16725,2,0
2023-06-02 15:00:54,16725,16725,16725,2,0
2023-06-02 15:00:54,16723,16723,16723,2,-2
2023-06-02 15:00:54,16723,16723,16723,2,0
2023-06-02 15:00:54,16723,16723,16723,2,0
2023-06-02 15:00:54,16723,16723,16723,2,0
2023-06-02 15:00:54,16723,16723,16723,2,0
2023-06-02 15:00:54,16724,16724,16724,2,2
2023-06-02 15:00:54,16724,16724,16724,2,0
2023-06-02 15:00:54,16725,16725,16725,6,6
2023-06-02 15:00:54,16725,16725,16725,2,0
2023-06-02 15:00:54,16725,16725,16725,2,0
2023-06-02 15:00:55,16724,16724,16724,2,-2
2023-06-02 15:00:55,16724,16724,16724,2,0
2023-06-02 15:00:55,16724,16724,16724,2,0
2023-06-02 15:00:55,16725,16725,16725,4,4
2023-06-02 15:00:55,16724,16724,16724,2,-2
2023-06-02 15:00:56,16725,16725,16725,4,4
2023-06-02 15:00:56,16723,16723,16723,2,-2
2023-06-02 15:00:57,16725,16725,16725,2,2
2023-06-02 15:00:58,16724,16724,16724,2,-2
2023-06-02 15:00:58,16724,16724,16724,8,0
2023-06-02 15:00:58,16725,16725,16725,2,2
2023-06-02 15:00:58,16723,16723,16723,2,-2
2023-06-02 15:00:59,16724,16724,16724,2,2
2023-06-02 15:00:59,16724,16724,16724,2,0
2023-06-02 15:01:00,16724,16724,16724,2,0
2023-06-02 15:01:00,16724,16724,16724,8,0
2023-06-02 15:01:00,16724,16724,16724,2,0
2023-06-02 15:01:00,16724,16724,16724,2,0
2023-06-02 15:01:00,16724,16724,16724,2,0
2023-06-02 15:01:00,16723,16723,16723,2,-2
2023-06-02 15:01:00,16722,16722,16722,2,-2
2023-06-02 15:01:00,16722,16722,16722,4,0
2023-06-02 15:01:01,16724,16724,16724,4,4
2023-06-02 15:01:01,16724,16724,16724,12,0
2023-06-02 15:01:01,16724,16724,16724,2,0
2023-06-02 15:01:01,16724,16724,16724,2,0
2023-06-02 15:01:01,16723,16723,16723,2,-2
2023-06-02 15:01:01,16723,16723,16723,2,0
2023-06-02 15:01:02,16722,16722,16722,2,-2
2023-06-02 15:01:02,16722,16722,16722,2,0
2023-06-02 15:01:02,16722,16722,16722,2,0
2023-06-02 15:01:02,16722,16722,16722,2,0
2023-06-02 15:01:02,16723,16723,16723,2,2
2023-06-02 15:01:03,16722,16722,16722,2,-2
2023-06-02 15:01:03,16721,16721,16721,2,-2
2023-06-02 15:01:05,16722,16722,16722,2,2
2023-06-02 15:01:05,16723,16723,16723,4,4
2023-06-02 15:01:05,16723,16723,16723,2,0
2023-06-02 15:01:09,16722,16722,16722,6,-6
2023-06-02 15:01:09,16721,16721,16721,2,-2
2023-06-02 15:01:09,16721,16721,16721,2,0
2023-06-02 15:01:09,16722,16722,16722,2,2
2023-06-02 15:01:10,16722,16722,16722,4,0
2023-06-02 15:01:10,16721,16721,16721,2,-2
2023-06-02 15:01:10,16723,16723,16723,2,2
2023-06-02 15:01:11,16723,16723,16723,4,0
2023-06-02 15:01:11,16723,16723,16723,4,0
2023-06-02 15:01:15,16724,16724,16724,4,4
2023-06-02 15:01:15,16724,16724,16724,2,0
2023-06-02 15:01:15,16724,16724,16724,2,0
2023-06-02 15:01:15,16724,16724,16724,6,0
2023-06-02 15:01:15,16725,16725,16725,8,8
2023-06-02 15:01:16,16726,16726,16726,10,10
2023-06-02 15:01:20,16726,16726,16726,2,0
2023-06-02 15:01:20,16726,16726,16726,4,0
2023-06-02 15:01:21,16726,16726,16726,2,0
2023-06-02 15:01:21,16726,16726,16726,4,0
2023-06-02 15:01:21,16726,16726,16726,2,0
2023-06-02 15:01:21,16725,16725,16725,2,-2
2023-06-02 15:01:21,16725,16725,16725,2,0
2023-06-02 15:01:21,16725,16725,16725,4,0
2023-06-02 15:01:21,16725,16725,16725,2,0
2023-06-02 15:01:21,16725,16725,16725,4,0
2023-06-02 15:01:25,16725,16725,16725,2,0
2023-06-02 15:01:25,16726,16726,16726,2,2
2023-06-02 15:01:25,16725,16725,16725,4,-4
2023-06-02 15:01:25,16726,16726,16726,2,2
2023-06-02 15:01:25,16726,16726,16726,2,0
2023-06-02 15:01:25,16726,16726,16726,4,0
2023-06-02 15:01:26,16726,16726,16726,2,0
2023-06-02 15:01:27,16725,16725,16725,2,-2
2023-06-02 15:01:29,16726,16726,16726,2,2
2023-06-02 15:01:29,16726,16726,16726,2,0
2023-06-02 15:01:30,16726,16726,16726,2,0
2023-06-02 15:01:30,16726,16726,16726,2,0
2023-06-02 15:01:31,16726,16726,16726,2,0
2023-06-02 15:01:31,16726,16726,16726,2,0
2023-06-02 15:01:32,16726,16726,16726,4,0
2023-06-02 15:01:33,16726,16726,16726,4,0
2023-06-02 15:01:34,16727,16727,16727,8,8
2023-06-02 15:01:34,16726,16726,16726,2,-2
2023-06-02 15:01:35,16727,16727,16727,2,2
2023-06-02 15:01:35,16727,16727,16727,2,0
2023-06-02 15:01:35,16727,16727,16727,4,0
2023-06-02 15:01:35,16728,16728,16728,2,2
2023-06-02 15:01:36,16727,16727,16727,2,-2
2023-06-02 15:01:36,16728,16728,16728,4,4
2023-06-02 15:01:36,16728,16728,16728,4,0
2023-06-02 15:01:36,16728,16728,16728,4,0
2023-06-02 15:01:36,16728,16728,16728,2,0
2023-06-02 15:01:36,16729,16729,16729,18,18
2023-06-02 15:01:38,16728,16728,16728,2,-2
2023-06-02 15:01:40,16729,16729,16729,4,4
2023-06-02 15:01:41,16729,16729,16729,2,0
2023-06-02 15:01:41,16728,16728,16728,2,-2
2023-06-02 15:01:41,16729,16729,16729,4,4
2023-06-02 15:01:42,16730,16730,16730,10,10
2023-06-02 15:01:43,16730,16730,16730,2,0
2023-06-02 15:01:44,16730,16730,16730,2,0
2023-06-02 15:01:44,16730,16730,16730,4,0
2023-06-02 15:01:45,16730,16730,16730,2,0
2023-06-02 15:01:45,16731,16731,16731,2,2
2023-06-02 15:01:45,16730,16730,16730,2,-2
2023-06-02 15:01:45,16730,16730,16730,2,0
2023-06-02 15:01:45,16729,16729,16729,2,-2
2023-06-02 15:01:47,16731,16731,16731,4,4
2023-06-02 15:01:47,16731,16731,16731,4,0
2023-06-02 15:01:48,16731,16731,16731,2,0
2023-06-02 15:01:48,16731,16731,16731,2,0
2023-06-02 15:01:48,16731,16731,16731,2,0
2023-06-02 15:01:49,16731,16731,16731,2,0
2023-06-02 15:01:50,16732,16732,16732,4,4
2023-06-02 15:01:50,16732,16732,16732,2,0
2023-06-02 15:01:50,16732,16732,16732,2,0
2023-06-02 15:01:51,16731,16731,16731,2,-2
2023-06-02 15:01:52,16731,16731,16731,2,0
2023-06-02 15:01:52,16732,16732,16732,8,8
2023-06-02 15:01:52,16732,16732,16732,2,0
2023-06-02 15:01:52,16732,16732,16732,12,0
2023-06-02 15:01:52,16733,16733,16733,2,2
2023-06-02 15:01:52,16733,16733,16733,2,0
2023-06-02 15:01:52,16734,16734,16734,14,14
2023-06-02 15:01:52,16734,16734,16734,6,0
2023-06-02 15:01:52,16734,16734,16734,2,0
2023-06-02 15:01:52,16733,16733,16733,2,-2
2023-06-02 15:01:52,16734,16734,16734,4,4
2023-06-02 15:01:52,16734,16734,16734,2,0
2023-06-02 15:01:52,16735,16735,16735,2,2
2023-06-02 15:01:52,16735,16735,16735,2,0
2023-06-02 15:01:52,16736,16736,16736,2,2
2023-06-02 15:01:53,16736,16736,16736,4,0
2023-06-02 15:01:53,16736,16736,16736,14,0
2023-06-02 15:01:53,16736,16736,16736,2,0
2023-06-02 15:01:53,16736,16736,16736,2,0
2023-06-02 15:01:53,16736,16736,16736,2,0
2023-06-02 15:01:53,16736,16736,16736,2,0
2023-06-02 15:01:53,16736,16736,16736,2,0
2023-06-02 15:01:53,16737,16737,16737,8,8
2023-06-02 15:01:54,16737,16737,16737,4,0
2023-06-02 15:01:54,16736,16736,16736,2,-2
2023-06-02 15:01:54,16737,16737,16737,4,4
2023-06-02 15:01:54,16736,16736,16736,2,-2
2023-06-02 15:01:55,16737,16737,16737,2,2
2023-06-02 15:01:56,16737,16737,16737,2,0
2023-06-02 15:01:56,16737,16737,16737,2,0
2023-06-02 15:01:56,16738,16738,16738,2,2
2023-06-02 15:01:56,16738,16738,16738,2,0
2023-06-02 15:01:56,16738,16738,16738,2,0
2023-06-02 15:01:56,16738,16738,16738,8,0
2023-06-02 15:01:56,16739,16739,16739,4,4
2023-06-02 15:01:56,16739,16739,16739,4,0
2023-06-02 15:01:56,16739,16739,16739,2,0
2023-06-02 15:01:56,16739,16739,16739,2,0
2023-06-02 15:01:56,16739,16739,16739,2,0
2023-06-02 15:01:56,16739,16739,16739,2,0
2023-06-02 15:01:56,16740,16740,16740,2,2
2023-06-02 15:01:56,16740,16740,16740,2,0
2023-06-02 15:01:56,16740,16740,16740,2,0
2023-06-02 15:01:56,16740,16740,16740,2,0
2023-06-02 15:01:56,16740,16740,16740,2,0
2023-06-02 15:01:56,16740,16740,16740,2,0
2023-06-02 15:01:56,16740,16740,16740,2,0
2023-06-02 15:01:56,16740,16740,16740,6,0
2023-06-02 15:01:56,16740,16740,16740,2,0
2023-06-02 15:01:56,16740,16740,16740,8,0
2023-06-02 15:01:56,16740,16740,16740,2,0
2023-06-02 15:01:56,16739,16739,16739,2,-2
2023-06-02 15:01:56,16740,16740,16740,4,4
2023-06-02 15:01:56,16740,16740,16740,2,0
2023-06-02 15:01:56,16740,16740,16740,4,0
2023-06-02 15:01:56,16740,16740,16740,4,0
2023-06-02 15:01:56,16740,16740,16740,4,0
2023-06-02 15:01:56,16741,16741,16741,2,2
2023-06-02 15:01:56,16740,16740,16740,2,-2
2023-06-02 15:01:56,16740,16740,16740,2,0
2023-06-02 15:01:56,16740,16740,16740,2,0
2023-06-02 15:01:56,16741,16741,16741,46,46
2023-06-02 15:01:56,16741,16741,16741,2,0
2023-06-02 15:01:56,16742,16742,16742,2,2
2023-06-02 15:01:56,16742,16742,16742,4,0
2023-06-02 15:01:56,16743,16743,16743,2,2
2023-06-02 15:01:56,16743,16743,16743,4,0
2023-06-02 15:01:56,16743,16743,16743,4,0
2023-06-02 15:01:56,16742,16742,16742,4,-4
2023-06-02 15:01:56,16743,16743,16743,2,2
2023-06-02 15:01:56,16742,16742,16742,2,-2
2023-06-02 15:01:56,16742,16742,16742,2,0
2023-06-02 15:01:56,16742,16742,16742,2,0
2023-06-02 15:01:56,16742,16742,16742,10,0
2023-06-02 15:01:56,16741,16741,16741,2,-2
2023-06-02 15:01:56,16741,16741,16741,2,0
2023-06-02 15:01:56,16742,16742,16742,4,4
2023-06-02 15:01:57,16741,16741,16741,2,-2
2023-06-02 15:01:57,16741,16741,16741,2,0
2023-06-02 15:01:57,16741,16741,16741,2,0
2023-06-02 15:01:57,16740,16740,16740,2,-2
2023-06-02 15:01:57,16741,16741,16741,2,2
2023-06-02 15:01:58,16742,16742,16742,2,2
2023-06-02 15:01:58,16741,16741,16741,2,-2
2023-06-02 15:01:58,16743,16743,16743,2,2
2023-06-02 15:01:58,16743,16743,16743,2,0
2023-06-02 15:01:59,16743,16743,16743,2,0
2023-06-02 15:01:59,16743,16743,16743,2,0
2023-06-02 15:01:59,16743,16743,16743,2,0
2023-06-02 15:01:59,16742,16742,16742,2,-2
2023-06-02 15:01:59,16743,16743,16743,4,4
2023-06-02 15:01:59,16743,16743,16743,2,0
2023-06-02 15:01:59,16743,16743,16743,2,0
2023-06-02 15:01:59,16742,16742,16742,2,-2
2023-06-02 15:01:59,16743,16743,16743,2,2
2023-06-02 15:01:59,16744,16744,16744,2,2
2023-06-02 15:02:00,16744,16744,16744,2,0
2023-06-02 15:02:00,16744,16744,16744,2,0
2023-06-02 15:02:00,16742,16742,16742,2,-2
2023-06-02 15:02:00,16742,16742,16742,2,0
2023-06-02 15:02:00,16742,16742,16742,2,0
2023-06-02 15:02:00,16742,16742,16742,4,0
2023-06-02 15:02:00,16742,16742,16742,2,0
2023-06-02 15:02:00,16742,16742,16742,4,0
2023-06-02 15:02:00,16743,16743,16743,4,4
2023-06-02 15:02:00,16741,16741,16741,4,-4
2023-06-02 15:02:00,16741,16741,16741,2,0
2023-06-02 15:02:00,16741,16741,16741,2,0
2023-06-02 15:02:00,16741,16741,16741,2,0
2023-06-02 15:02:00,16741,16741,16741,2,0
2023-06-02 15:02:00,16740,16740,16740,2,-2
2023-06-02 15:02:00,16741,16741,16741,2,2
2023-06-02 15:02:00,16740,16740,16740,2,-2
2023-06-02 15:02:00,16740,16740,16740,2,0
2023-06-02 15:02:00,16739,16739,16739,2,-2
2023-06-02 15:02:00,16739,16739,16739,2,0
2023-06-02 15:02:00,16741,16741,16741,2,2
2023-06-02 15:02:00,16741,16741,16741,2,0
2023-06-02 15:02:00,16739,16739,16739,2,-2
2023-06-02 15:02:00,16739,16739,16739,2,0
2023-06-02 15:02:00,16741,16741,16741,2,2
2023-06-02 15:02:00,16741,16741,16741,2,0
2023-06-02 15:02:00,16741,16741,16741,2,0
2023-06-02 15:02:00,16740,16740,16740,2,-2
2023-06-02 15:02:00,16741,16741,16741,2,2
2023-06-02 15:02:00,16741,16741,16741,2,0
2023-06-02 15:02:00,16741,16741,16741,2,0
2023-06-02 15:02:00,16741,16741,16741,2,0
2023-06-02 15:02:00,16741,16741,16741,2,0
2023-06-02 15:02:00,16741,16741,16741,2,0
2023-06-02 15:02:00,16741,16741,16741,2,0
2023-06-02 15:02:00,16741,16741,16741,2,0
2023-06-02 15:02:00,16740,16740,16740,2,-2
2023-06-02 15:02:01,16741,16741,16741,2,2
2023-06-02 15:02:01,16741,16741,16741,2,0
2023-06-02 15:02:01,16741,16741,16741,2,0
2023-06-02 15:02:01,16741,16741,16741,2,0
2023-06-02 15:02:01,16741,16741,16741,2,0
2023-06-02 15:02:01,16741,16741,16741,2,0
2023-06-02 15:02:01,16739,16739,16739,2,-2
2023-06-02 15:02:01,16741,16741,16741,2,2
2023-06-02 15:02:01,16741,16741,16741,2,0
2023-06-02 15:02:01,16741,16741,16741,2,0
2023-06-02 15:02:01,16741,16741,16741,2,0
2023-06-02 15:02:02,16740,16740,16740,6,-6
2023-06-02 15:02:02,16740,16740,16740,2,0
2023-06-02 15:02:02,16740,16740,16740,2,0
2023-06-02 15:02:02,16740,16740,16740,2,0
2023-06-02 15:02:02,16740,16740,16740,6,0
2023-06-02 15:02:02,16740,16740,16740,2,0
2023-06-02 15:02:03,16740,16740,16740,8,0
2023-06-02 15:02:03,16741,16741,16741,2,2
2023-06-02 15:02:03,16740,16740,16740,2,-2
2023-06-02 15:02:03,16740,16740,16740,2,0
2023-06-02 15:02:04,16738,16738,16738,4,-4
2023-06-02 15:02:04,16738,16738,16738,4,0
2023-06-02 15:02:04,16739,16739,16739,4,4
2023-06-02 15:02:05,16738,16738,16738,4,-4
2023-06-02 15:02:05,16738,16738,16738,6,0
2023-06-02 15:02:05,16738,16738,16738,10,0
2023-06-02 15:02:05,16737,16737,16737,2,-2
2023-06-02 15:02:05,16737,16737,16737,2,0
2023-06-02 15:02:05,16737,16737,16737,2,0
2023-06-02 15:02:05,16738,16738,16738,2,2
2023-06-02 15:02:06,16736,16736,16736,2,-2
2023-06-02 15:02:06,16737,16737,16737,2,2
2023-06-02 15:02:06,16738,16738,16738,2,2
2023-06-02 15:02:06,16739,16739,16739,36,36
2023-06-02 15:02:06,16740,16740,16740,18,18
2023-06-02 15:02:06,16739,16739,16739,2,-2
2023-06-02 15:02:06,16739,16739,16739,2,0
2023-06-02 15:02:06,16739,16739,16739,2,0
2023-06-02 15:02:07,16740,16740,16740,4,4
2023-06-02 15:02:07,16739,16739,16739,2,-2
2023-06-02 15:02:07,16739,16739,16739,6,0
2023-06-02 15:02:07,16738,16738,16738,2,-2
2023-06-02 15:02:07,16738,16738,16738,2,0
2023-06-02 15:02:09,16740,16740,16740,2,2
2023-06-02 15:02:09,16739,16739,16739,2,-2
2023-06-02 15:02:09,16739,16739,16739,2,0
2023-06-02 15:02:10,16739,16739,16739,4,0
2023-06-02 15:02:12,16741,16741,16741,2,2
2023-06-02 15:02:13,16741,16741,16741,2,0
2023-06-02 15:02:13,16740,16740,16740,2,-2
2023-06-02 15:02:13,16740,16740,16740,2,0
2023-06-02 15:02:14,16739,16739,16739,2,-2
2023-06-02 15:02:14,16739,16739,16739,2,0
2023-06-02 15:02:14,16739,16739,16739,4,0
2023-06-02 15:02:14,16739,16739,16739,2,0
2023-06-02 15:02:14,16739,16739,16739,2,0
2023-06-02 15:02:14,16739,16739,16739,2,0
2023-06-02 15:02:14,16739,16739,16739,2,0
2023-06-02 15:02:14,16739,16739,16739,2,0
2023-06-02 15:02:14,16738,16738,16738,2,-2
2023-06-02 15:02:14,16738,16738,16738,2,0
2023-06-02 15:02:14,16738,16738,16738,8,0
2023-06-02 15:02:14,16738,16738,16738,2,0
2023-06-02 15:02:14,16738,16738,16738,2,0
2023-06-02 15:02:14,16738,16738,16738,40,0
2023-06-02 15:02:14,16738,16738,16738,2,0
2023-06-02 15:02:14,16738,16738,16738,2,0
2023-06-02 15:02:14,16737,16737,16737,2,-2
2023-06-02 15:02:14,16737,16737,16737,2,0
2023-06-02 15:02:14,16737,16737,16737,2,0
2023-06-02 15:02:15,16738,16738,16738,4,4
2023-06-02 15:02:16,16737,16737,16737,2,-2
2023-06-02 15:02:16,16737,16737,16737,2,0
2023-06-02 15:02:17,16737,16737,16737,2,0
2023-06-02 15:02:17,16736,16736,16736,2,-2
2023-06-02 15:02:17,16736,16736,16736,2,0
2023-06-02 15:02:17,16736,16736,16736,6,0
2023-06-02 15:02:18,16735,16735,16735,2,-2
2023-06-02 15:02:18,16735,16735,16735,2,0
2023-06-02 15:02:18,16735,16735,16735,2,0
2023-06-02 15:02:18,16735,16735,16735,2,0
2023-06-02 15:02:18,16735,16735,16735,2,0
2023-06-02 15:02:18,16735,16735,16735,2,0
2023-06-02 15:02:19,16734,16734,16734,2,-2
2023-06-02 15:02:19,16734,16734,16734,2,0
2023-06-02 15:02:19,16734,16734,16734,2,0
2023-06-02 15:02:19,16734,16734,16734,2,0
2023-06-02 15:02:19,16734,16734,16734,2,0
2023-06-02 15:02:19,16735,16735,16735,4,4
2023-06-02 15:02:19,16734,16734,16734,2,-2
2023-06-02 15:02:21,16735,16735,16735,2,2
2023-06-02 15:02:21,16736,16736,16736,4,4
2023-06-02 15:02:22,16735,16735,16735,2,-2
2023-06-02 15:02:22,16735,16735,16735,2,0
2023-06-02 15:02:23,16736,16736,16736,2,2
2023-06-02 15:02:24,16735,16735,16735,2,-2
2023-06-02 15:02:24,16736,16736,16736,2,2
2023-06-02 15:02:24,16736,16736,16736,2,0
2023-06-02 15:02:25,16736,16736,16736,2,0
2023-06-02 15:02:25,16736,16736,16736,2,0
2023-06-02 15:02:26,16736,16736,16736,2,0
2023-06-02 15:02:26,16736,16736,16736,2,0
2023-06-02 15:02:28,16736,16736,16736,2,0
2023-06-02 15:02:29,16736,16736,16736,12,0
2023-06-02 15:02:29,16736,16736,16736,6,0
2023-06-02 15:02:29,16736,16736,16736,6,0
2023-06-02 15:02:29,16736,16736,16736,2,0
2023-06-02 15:02:29,16736,16736,16736,2,0
2023-06-02 15:02:29,16736,16736,16736,2,0
2023-06-02 15:02:29,16736,16736,16736,2,0
2023-06-02 15:02:29,16736,16736,16736,52,0
2023-06-02 15:02:30,16736,16736,16736,2,0
2023-06-02 15:02:30,16736,16736,16736,2,0
2023-06-02 15:02:30,16736,16736,16736,2,0
2023-06-02 15:02:30,16736,16736,16736,2,0
2023-06-02 15:02:30,16736,16736,16736,2,0
2023-06-02 15:02:32,16737,16737,16737,2,2
2023-06-02 15:02:32,16737,16737,16737,2,0
2023-06-02 15:02:32,16737,16737,16737,6,0
2023-06-02 15:02:32,16737,16737,16737,2,0
2023-06-02 15:02:33,16737,16737,16737,2,0
2023-06-02 15:02:33,16738,16738,16738,2,2
2023-06-02 15:02:33,16738,16738,16738,2,0
2023-06-02 15:02:33,16738,16738,16738,2,0
2023-06-02 15:02:35,16737,16737,16737,2,-2
2023-06-02 15:02:35,16737,16737,16737,2,0
2023-06-02 15:02:35,16737,16737,16737,4,0
2023-06-02 15:02:35,16737,16737,16737,2,0
2023-06-02 15:02:35,16737,16737,16737,2,0
2023-06-02 15:02:35,16737,16737,16737,6,0
2023-06-02 15:02:35,16737,16737,16737,6,0
2023-06-02 15:02:35,16737,16737,16737,2,0
2023-06-02 15:02:35,16737,16737,16737,10,0
2023-06-02 15:02:35,16737,16737,16737,2,0
2023-06-02 15:02:35,16736,16736,16736,4,-4
2023-06-02 15:02:35,16736,16736,16736,2,0
2023-06-02 15:02:35,16736,16736,16736,2,0
2023-06-02 15:02:35,16736,16736,16736,2,0
2023-06-02 15:02:35,16736,16736,16736,2,0
2023-06-02 15:02:35,16736,16736,16736,6,0
2023-06-02 15:02:35,16736,16736,16736,6,0
2023-06-02 15:02:35,16736,16736,16736,2,0
2023-06-02 15:02:35,16736,16736,16736,2,0
2023-06-02 15:02:35,16736,16736,16736,2,0
2023-06-02 15:02:35,16736,16736,16736,10,0
2023-06-02 15:02:35,16736,16736,16736,2,0
2023-06-02 15:02:35,16736,16736,16736,2,0
2023-06-02 15:02:35,16736,16736,16736,2,0
2023-06-02 15:02:35,16736,16736,16736,2,0
2023-06-02 15:02:35,16736,16736,16736,10,0
2023-06-02 15:02:35,16736,16736,16736,4,0
2023-06-02 15:02:35,16736,16736,16736,2,0
2023-06-02 15:02:35,16736,16736,16736,2,0
2023-06-02 15:02:35,16737,16737,16737,4,4
2023-06-02 15:02:37,16736,16736,16736,6,-6
2023-06-02 15:02:37,16735,16735,16735,4,-4
2023-06-02 15:02:37,16735,16735,16735,6,0
2023-06-02 15:02:39,16735,16735,16735,2,0
2023-06-02 15:02:39,16735,16735,16735,2,0
2023-06-02 15:02:39,16735,16735,16735,22,0
2023-06-02 15:02:39,16735,16735,16735,6,0
2023-06-02 15:02:39,16735,16735,16735,2,0
2023-06-02 15:02:39,16735,16735,16735,2,0
2023-06-02 15:02:39,16735,16735,16735,2,0
2023-06-02 15:02:39,16735,16735,16735,2,0
2023-06-02 15:02:39,16734,16734,16734,6,-6
2023-06-02 15:02:39,16734,16734,16734,2,0
2023-06-02 15:02:39,16734,16734,16734,2,0
2023-06-02 15:02:39,16734,16734,16734,2,0
2023-06-02 15:02:39,16734,16734,16734,2,0
2023-06-02 15:02:39,16733,16733,16733,2,-2
2023-06-02 15:02:39,16732,16732,16732,2,-2
2023-06-02 15:02:40,16733,16733,16733,6,6
2023-06-02 15:02:40,16733,16733,16733,6,0
2023-06-02 15:02:40,16733,16733,16733,2,0
2023-06-02 15:02:40,16733,16733,16733,2,0
2023-06-02 15:02:41,16734,16734,16734,2,2
2023-06-02 15:02:41,16735,16735,16735,2,2
2023-06-02 15:02:42,16735,16735,16735,2,0
2023-06-02 15:02:42,16733,16733,16733,6,-6
2023-06-02 15:02:43,16733,16733,16733,2,0
2023-06-02 15:02:43,16733,16733,16733,2,0
2023-06-02 15:02:44,16732,16732,16732,2,-2
2023-06-02 15:02:44,16732,16732,16732,2,0
2023-06-02 15:02:45,16731,16731,16731,4,-4
2023-06-02 15:02:45,16731,16731,16731,2,0
2023-06-02 15:02:45,16731,16731,16731,2,0
2023-06-02 15:02:47,16732,16732,16732,2,2
2023-06-02 15:02:49,16731,16731,16731,6,-6
2023-06-02 15:02:49,16731,16731,16731,2,0
2023-06-02 15:02:53,16731,16731,16731,2,0
2023-06-02 15:02:53,16731,16731,16731,6,0
2023-06-02 15:02:53,16731,16731,16731,2,0
2023-06-02 15:02:53,16731,16731,16731,2,0
2023-06-02 15:02:53,16731,16731,16731,2,0
2023-06-02 15:02:53,16730,16730,16730,2,-2
2023-06-02 15:02:55,16731,16731,16731,2,2
2023-06-02 15:02:55,16731,16731,16731,2,0
2023-06-02 15:02:55,16730,16730,16730,2,-2
2023-06-02 15:02:56,16731,16731,16731,2,2
2023-06-02 15:02:56,16731,16731,16731,2,0
2023-06-02 15:02:56,16730,16730,16730,2,-2
2023-06-02 15:02:57,16730,16730,16730,2,0
2023-06-02 15:02:57,16730,16730,16730,2,0
2023-06-02 15:02:57,16730,16730,16730,2,0
2023-06-02 15:02:58,16730,16730,16730,4,0
2023-06-02 15:02:58,16731,16731,16731,2,2
2023-06-02 15:02:58,16731,16731,16731,2,0
2023-06-02 15:02:58,16731,16731,16731,2,0
2023-06-02 15:02:58,16731,16731,16731,2,0
2023-06-02 15:02:58,16732,16732,16732,4,4
2023-06-02 15:03:00,16731,16731,16731,2,-2
2023-06-02 15:03:01,16730,16730,16730,2,-2
2023-06-02 15:03:01,16732,16732,16732,2,2
2023-06-02 15:03:01,16730,16730,16730,2,-2
2023-06-02 15:03:03,16731,16731,16731,2,2
2023-06-02 15:03:04,16731,16731,16731,2,0
2023-06-02 15:03:04,16731,16731,16731,4,0
2023-06-02 15:03:04,16731,16731,16731,4,0
2023-06-02 15:03:05,16730,16730,16730,2,-2
2023-06-02 15:03:05,16730,16730,16730,2,0
2023-06-02 15:03:05,16730,16730,16730,2,0
2023-06-02 15:03:05,16730,16730,16730,2,0
2023-06-02 15:03:05,16730,16730,16730,2,0
2023-06-02 15:03:05,16730,16730,16730,2,0
2023-06-02 15:03:08,16730,16730,16730,2,0
2023-06-02 15:03:08,16730,16730,16730,2,0
2023-06-02 15:03:10,16730,16730,16730,2,0
2023-06-02 15:03:11,16730,16730,16730,6,0
2023-06-02 15:03:12,16729,16729,16729,2,-2
2023-06-02 15:03:12,16729,16729,16729,2,0
2023-06-02 15:03:12,16729,16729,16729,8,0
2023-06-02 15:03:12,16729,16729,16729,2,0
2023-06-02 15:03:12,16729,16729,16729,2,0
2023-06-02 15:03:12,16729,16729,16729,2,0
2023-06-02 15:03:12,16729,16729,16729,10,0
2023-06-02 15:03:12,16729,16729,16729,2,0
2023-06-02 15:03:12,16728,16728,16728,2,-2
2023-06-02 15:03:13,16729,16729,16729,2,2
2023-06-02 15:03:13,16728,16728,16728,2,-2
2023-06-02 15:03:13,16728,16728,16728,2,0
2023-06-02 15:03:14,16728,16728,16728,2,0
2023-06-02 15:03:15,16727,16727,16727,2,-2
2023-06-02 15:03:15,16727,16727,16727,2,0
2023-06-02 15:03:15,16727,16727,16727,2,0
2023-06-02 15:03:15,16727,16727,16727,2,0
2023-06-02 15:03:15,16727,16727,16727,2,0
2023-06-02 15:03:15,16727,16727,16727,2,0
2023-06-02 15:03:16,16727,16727,16727,4,0
2023-06-02 15:03:16,16727,16727,16727,2,0
2023-06-02 15:03:18,16727,16727,16727,2,0
2023-06-02 15:03:20,16727,16727,16727,2,0
2023-06-02 15:03:20,16727,16727,16727,2,0
2023-06-02 15:03:21,16727,16727,16727,2,0
2023-06-02 15:03:21,16727,16727,16727,2,0
2023-06-02 15:03:21,16726,16726,16726,2,-2
2023-06-02 15:03:23,16726,16726,16726,20,0
2023-06-02 15:03:25,16726,16726,16726,2,0
2023-06-02 15:03:25,16727,16727,16727,8,8
2023-06-02 15:03:25,16727,16727,16727,4,0
2023-06-02 15:03:26,16729,16729,16729,2,2
2023-06-02 15:03:30,16729,16729,16729,2,0
2023-06-02 15:03:30,16728,16728,16728,2,-2
2023-06-02 15:03:32,16729,16729,16729,2,2
2023-06-02 15:03:32,16727,16727,16727,2,-2
2023-06-02 15:03:32,16727,16727,16727,4,0
2023-06-02 15:03:32,16727,16727,16727,2,0
2023-06-02 15:03:33,16728,16728,16728,2,2
2023-06-02 15:03:36,16728,16728,16728,10,0
2023-06-02 15:03:37,16728,16728,16728,2,0
2023-06-02 15:03:37,16727,16727,16727,2,-2
2023-06-02 15:03:37,16727,16727,16727,2,0
2023-06-02 15:03:37,16729,16729,16729,2,2
2023-06-02 15:03:38,16730,16730,16730,2,2
2023-06-02 15:03:38,16729,16729,16729,4,-4
2023-06-02 15:03:38,16729,16729,16729,2,0
2023-06-02 15:03:38,16729,16729,16729,2,0
2023-06-02 15:03:38,16729,16729,16729,2,0
2023-06-02 15:03:38,16729,16729,16729,6,0
2023-06-02 15:03:39,16729,16729,16729,2,0
2023-06-02 15:03:40,16728,16728,16728,2,-2
2023-06-02 15:03:43,16728,16728,16728,2,0
2023-06-02 15:03:49,16728,16728,16728,2,0
2023-06-02 15:03:49,16728,16728,16728,2,0
2023-06-02 15:03:49,16728,16728,16728,2,0
2023-06-02 15:03:53,16729,16729,16729,6,6
2023-06-02 15:03:53,16729,16729,16729,12,0
2023-06-02 15:03:53,16729,16729,16729,2,0
2023-06-02 15:03:53,16729,16729,16729,12,0
2023-06-02 15:03:53,16730,16730,16730,2,2
2023-06-02 15:03:53,16730,16730,16730,2,0
2023-06-02 15:03:53,16730,16730,16730,6,0
2023-06-02 15:03:55,16730,16730,16730,4,0
2023-06-02 15:03:55,16730,16730,16730,2,0
2023-06-02 15:03:55,16730,16730,16730,2,0
2023-06-02 15:03:55,16730,16730,16730,2,0
2023-06-02 15:03:56,16731,16731,16731,12,12
2023-06-02 15:03:57,16731,16731,16731,2,0
2023-06-02 15:03:57,16731,16731,16731,4,0
2023-06-02 15:03:57,16731,16731,16731,2,0
2023-06-02 15:03:59,16732,16732,16732,2,2
2023-06-02 15:04:01,16731,16731,16731,2,-2
2023-06-02 15:04:01,16731,16731,16731,2,0
2023-06-02 15:04:01,16731,16731,16731,2,0
2023-06-02 15:04:02,16732,16732,16732,2,2
2023-06-02 15:04:03,16731,16731,16731,2,-2
2023-06-02 15:04:03,16731,16731,16731,2,0
2023-06-02 15:04:04,16731,16731,16731,2,0
2023-06-02 15:04:04,16731,16731,16731,2,0
2023-06-02 15:04:04,16731,16731,16731,2,0
2023-06-02 15:04:04,16730,16730,16730,2,-2
2023-06-02 15:04:04,16730,16730,16730,2,0
2023-06-02 15:04:04,16730,16730,16730,6,0
2023-06-02 15:04:04,16730,16730,16730,2,0
2023-06-02 15:04:04,16730,16730,16730,2,0
2023-06-02 15:04:04,16730,16730,16730,2,0
2023-06-02 15:04:05,16729,16729,16729,2,-2
2023-06-02 15:04:06,16730,16730,16730,4,4
2023-06-02 15:04:16,16730,16730,16730,2,0
2023-06-02 15:04:17,16730,16730,16730,2,0
2023-06-02 15:04:17,16730,16730,16730,4,0
2023-06-02 15:04:20,16731,16731,16731,2,2
2023-06-02 15:04:20,16730,16730,16730,2,-2
2023-06-02 15:04:21,16731,16731,16731,16,16
2023-06-02 15:04:23,16731,16731,16731,2,0
2023-06-02 15:04:25,16731,16731,16731,2,0
2023-06-02 15:04:25,16731,16731,16731,2,0
2023-06-02 15:04:25,16731,16731,16731,6,0
2023-06-02 15:04:25,16731,16731,16731,2,0
2023-06-02 15:04:25,16731,16731,16731,2,0
2023-06-02 15:04:25,16731,16731,16731,2,0
2023-06-02 15:04:26,16731,16731,16731,6,0
2023-06-02 15:04:26,16731,16731,16731,2,0
2023-06-02 15:04:26,16731,16731,16731,4,0
2023-06-02 15:04:32,16732,16732,16732,4,4
2023-06-02 15:04:33,16732,16732,16732,4,0
2023-06-02 15:04:34,16732,16732,16732,4,0
2023-06-02 15:04:35,16733,16733,16733,10,10
2023-06-02 15:04:38,16733,16733,16733,2,0
2023-06-02 15:04:38,16734,16734,16734,8,8
2023-06-02 15:04:40,16734,16734,16734,10,0
2023-06-02 15:04:44,16734,16734,16734,10,0
2023-06-02 15:04:45,16735,16735,16735,2,2
2023-06-02 15:04:48,16734,16734,16734,2,-2
2023-06-02 15:04:48,16735,16735,16735,8,8
2023-06-02 15:04:48,16733,16733,16733,2,-2
2023-06-02 15:04:50,16734,16734,16734,10,10
2023-06-02 15:04:52,16735,16735,16735,10,10
2023-06-02 15:04:54,16735,16735,16735,2,0
2023-06-02 15:04:58,16735,16735,16735,4,0
2023-06-02 15:04:58,16735,16735,16735,2,0
2023-06-02 15:04:58,16735,16735,16735,2,0
2023-06-02 15:05:00,16734,16734,16734,4,-4
2023-06-02 15:05:00,16735,16735,16735,6,6
2023-06-02 15:05:00,16734,16734,16734,2,-2
2023-06-02 15:05:00,16735,16735,16735,8,8
2023-06-02 15:05:01,16734,16734,16734,2,-2
2023-06-02 15:05:01,16735,16735,16735,8,8
2023-06-02 15:05:02,16735,16735,16735,10,0
2023-06-02 15:05:02,16734,16734,16734,2,-2
2023-06-02 15:05:02,16734,16734,16734,2,0
2023-06-02 15:05:02,16734,16734,16734,2,0
2023-06-02 15:05:02,16734,16734,16734,10,0
2023-06-02 15:05:02,16734,16734,16734,2,0
2023-06-02 15:05:02,16733,16733,16733,2,-2
2023-06-02 15:05:02,16734,16734,16734,2,2
2023-06-02 15:05:02,16734,16734,16734,2,0
2023-06-02 15:05:02,16734,16734,16734,2,0
2023-06-02 15:05:02,16734,16734,16734,2,0
2023-06-02 15:05:02,16734,16734,16734,2,0
2023-06-02 15:05:03,16734,16734,16734,6,0
2023-06-02 15:05:03,16734,16734,16734,2,0
2023-06-02 15:05:03,16734,16734,16734,2,0
2023-06-02 15:05:03,16734,16734,16734,6,0
2023-06-02 15:05:03,16735,16735,16735,6,6
2023-06-02 15:05:04,16734,16734,16734,2,-2
2023-06-02 15:05:04,16734,16734,16734,2,0
2023-06-02 15:05:06,16734,16734,16734,2,0
2023-06-02 15:05:06,16734,16734,16734,10,0
2023-06-02 15:05:06,16734,16734,16734,10,0
2023-06-02 15:05:06,16734,16734,16734,2,0
2023-06-02 15:05:08,16735,16735,16735,6,6
2023-06-02 15:05:10,16734,16734,16734,2,-2
2023-06-02 15:05:11,16735,16735,16735,2,2
2023-06-02 15:05:12,16735,16735,16735,4,0
2023-06-02 15:05:12,16736,16736,16736,6,6
2023-06-02 15:05:14,16735,16735,16735,8,-8
2023-06-02 15:05:14,16735,16735,16735,2,0
2023-06-02 15:05:14,16736,16736,16736,2,2
2023-06-02 15:05:15,16735,16735,16735,2,-2
2023-06-02 15:05:21,16735,16735,16735,6,0
2023-06-02 15:05:21,16735,16735,16735,2,0
2023-06-02 15:05:21,16735,16735,16735,2,0
2023-06-02 15:05:21,16735,16735,16735,2,0
2023-06-02 15:05:22,16735,16735,16735,2,0
2023-06-02 15:05:23,16736,16736,16736,2,2
2023-06-02 15:05:27,16736,16736,16736,2,0
2023-06-02 15:05:27,16736,16736,16736,2,0
2023-06-02 15:05:28,16736,16736,16736,4,0
2023-06-02 15:05:28,16736,16736,16736,2,0
2023-06-02 15:05:28,16736,16736,16736,12,0
2023-06-02 15:05:28,16736,16736,16736,2,0
2023-06-02 15:05:28,16736,16736,16736,2,0
2023-06-02 15:05:28,16736,16736,16736,14,0
2023-06-02 15:05:28,16736,16736,16736,2,0
2023-06-02 15:05:28,16736,16736,16736,2,0
2023-06-02 15:05:28,16736,16736,16736,6,0
2023-06-02 15:05:28,16736,16736,16736,2,0
2023-06-02 15:05:30,16736,16736,16736,4,0
2023-06-02 15:05:31,16737,16737,16737,2,2
2023-06-02 15:05:32,16737,16737,16737,4,0
2023-06-02 15:05:32,16737,16737,16737,2,0
2023-06-02 15:05:36,16737,16737,16737,4,0
2023-06-02 15:05:36,16737,16737,16737,4,0
2023-06-02 15:05:37,16737,16737,16737,4,0
2023-06-02 15:05:37,16737,16737,16737,4,0
2023-06-02 15:05:38,16737,16737,16737,2,0
2023-06-02 15:05:38,16737,16737,16737,2,0
2023-06-02 15:05:38,16737,16737,16737,4,0
2023-06-02 15:05:38,16737,16737,16737,2,0
2023-06-02 15:05:40,16737,16737,16737,2,0
2023-06-02 15:05:40,16736,16736,16736,4,-4
2023-06-02 15:05:40,16736,16736,16736,2,0
2023-06-02 15:05:40,16736,16736,16736,4,0
2023-06-02 15:05:40,16736,16736,16736,6,0
2023-06-02 15:05:40,16737,16737,16737,2,2
2023-06-02 15:05:41,16736,16736,16736,2,-2
2023-06-02 15:05:41,16737,16737,16737,2,2
2023-06-02 15:05:43,16736,16736,16736,4,-4
2023-06-02 15:05:45,16735,16735,16735,2,-2
2023-06-02 15:05:45,16735,16735,16735,2,0
2023-06-02 15:05:55,16735,16735,16735,2,0
2023-06-02 15:05:56,16735,16735,16735,2,0
2023-06-02 15:05:56,16735,16735,16735,2,0
2023-06-02 15:05:56,16735,16735,16735,2,0
2023-06-02 15:05:58,16735,16735,16735,2,0
2023-06-02 15:05:58,16735,16735,16735,2,0
2023-06-02 15:05:58,16735,16735,16735,2,0
2023-06-02 15:05:58,16735,16735,16735,2,0
2023-06-02 15:05:58,16735,16735,16735,2,0
2023-06-02 15:05:58,16735,16735,16735,2,0
2023-06-02 15:05:58,16735,16735,16735,4,0
2023-06-02 15:05:58,16735,16735,16735,2,0
2023-06-02 15:05:58,16735,16735,16735,2,0
2023-06-02 15:05:58,16734,16734,16734,4,-4
2023-06-02 15:05:58,16734,16734,16734,4,0
2023-06-02 15:05:58,16734,16734,16734,10,0
2023-06-02 15:05:58,16734,16734,16734,4,0
2023-06-02 15:05:58,16733,16733,16733,2,-2
2023-06-02 15:06:01,16733,16733,16733,2,0
2023-06-02 15:06:01,16733,16733,16733,2,0
2023-06-02 15:06:01,16733,16733,16733,4,0
2023-06-02 15:06:01,16733,16733,16733,2,0
2023-06-02 15:06:01,16733,16733,16733,2,0
2023-06-02 15:06:01,16732,16732,16732,4,-4
2023-06-02 15:06:01,16732,16732,16732,2,0
2023-06-02 15:06:01,16732,16732,16732,2,0
2023-06-02 15:06:01,16731,16731,16731,2,-2
2023-06-02 15:06:01,16731,16731,16731,2,0
2023-06-02 15:06:01,16731,16731,16731,2,0
2023-06-02 15:06:01,16731,16731,16731,2,0
2023-06-02 15:06:01,16731,16731,16731,2,0
2023-06-02 15:06:01,16731,16731,16731,2,0
2023-06-02 15:06:01,16731,16731,16731,2,0
2023-06-02 15:06:01,16731,16731,16731,2,0
2023-06-02 15:06:04,16730,16730,16730,12,-12
2023-06-02 15:06:04,16730,16730,16730,4,0
2023-06-02 15:06:04,16730,16730,16730,2,0
2023-06-02 15:06:04,16730,16730,16730,4,0
2023-06-02 15:06:04,16730,16730,16730,2,0
2023-06-02 15:06:04,16730,16730,16730,2,0
2023-06-02 15:06:04,16730,16730,16730,2,0
2023-06-02 15:06:04,16730,16730,16730,2,0
2023-06-02 15:06:04,16730,16730,16730,2,0
2023-06-02 15:06:04,16730,16730,16730,2,0
2023-06-02 15:06:04,16730,16730,16730,2,0
2023-06-02 15:06:04,16730,16730,16730,10,0
2023-06-02 15:06:04,16730,16730,16730,18,0
2023-06-02 15:06:04,16730,16730,16730,4,0
2023-06-02 15:06:04,16730,16730,16730,2,0
2023-06-02 15:06:04,16729,16729,16729,4,-4
2023-06-02 15:06:04,16729,16729,16729,2,0
2023-06-02 15:06:04,16729,16729,16729,20,0
2023-06-02 15:06:04,16728,16728,16728,4,-4
2023-06-02 15:06:04,16729,16729,16729,2,2
2023-06-02 15:06:06,16729,16729,16729,4,0
2023-06-02 15:06:07,16728,16728,16728,2,-2
2023-06-02 15:06:08,16728,16728,16728,2,0
2023-06-02 15:06:09,16728,16728,16728,2,0
2023-06-02 15:06:14,16728,16728,16728,2,0
2023-06-02 15:06:14,16729,16729,16729,2,2
2023-06-02 15:06:15,16729,16729,16729,2,0
2023-06-02 15:06:16,16729,16729,16729,2,0
2023-06-02 15:06:16,16729,16729,16729,2,0
2023-06-02 15:06:19,16730,16730,16730,2,2
2023-06-02 15:06:20,16731,16731,16731,2,2
2023-06-02 15:06:20,16731,16731,16731,2,0
2023-06-02 15:06:20,16731,16731,16731,2,0
2023-06-02 15:06:26,16732,16732,16732,2,2
2023-06-02 15:06:30,16732,16732,16732,4,0
2023-06-02 15:06:32,16732,16732,16732,4,0
2023-06-02 15:06:32,16731,16731,16731,2,-2
2023-06-02 15:06:33,16731,16731,16731,2,0
2023-06-02 15:06:33,16731,16731,16731,6,0
2023-06-02 15:06:35,16731,16731,16731,2,0
2023-06-02 15:06:38,16731,16731,16731,2,0
2023-06-02 15:06:38,16732,16732,16732,10,10
2023-06-02 15:06:39,16731,16731,16731,2,-2
2023-06-02 15:06:46,16732,16732,16732,8,8
2023-06-02 15:06:51,16732,16732,16732,2,0
2023-06-02 15:06:54,16732,16732,16732,2,0
2023-06-02 15:06:54,16731,16731,16731,2,-2
2023-06-02 15:06:54,16731,16731,16731,2,0
2023-06-02 15:06:54,16731,16731,16731,2,0
2023-06-02 15:06:55,16731,16731,16731,2,0
2023-06-02 15:06:56,16731,16731,16731,2,0
2023-06-02 15:06:56,16731,16731,16731,2,0
2023-06-02 15:06:56,16731,16731,16731,2,0
2023-06-02 15:06:56,16731,16731,16731,2,0
2023-06-02 15:07:00,16732,16732,16732,2,2
2023-06-02 15:07:01,16733,16733,16733,2,2
2023-06-02 15:07:01,16734,16734,16734,2,2
2023-06-02 15:07:01,16734,16734,16734,2,0
2023-06-02 15:07:01,16735,16735,16735,2,2
2023-06-02 15:07:01,16735,16735,16735,4,0
2023-06-02 15:07:01,16736,16736,16736,4,4
2023-06-02 15:07:01,16736,16736,16736,2,0
2023-06-02 15:07:03,16736,16736,16736,2,0
2023-06-02 15:07:08,16736,16736,16736,4,0
2023-06-02 15:07:11,16734,16734,16734,2,-2
2023-06-02 15:07:12,16734,16734,16734,2,0
2023-06-02 15:07:13,16736,16736,16736,2,2
2023-06-02 15:07:15,16734,16734,16734,2,-2
2023-06-02 15:07:17,16734,16734,16734,2,0
2023-06-02 15:07:18,16735,16735,16735,4,4
2023-06-02 15:07:20,16735,16735,16735,4,0
2023-06-02 15:07:20,16735,16735,16735,18,0
2023-06-02 15:07:26,16736,16736,16736,6,6
2023-06-02 15:07:26,16737,16737,16737,2,2
2023-06-02 15:07:26,16737,16737,16737,2,0
2023-06-02 15:07:26,16737,16737,16737,4,0
2023-06-02 15:07:26,16737,16737,16737,2,0
2023-06-02 15:07:26,16737,16737,16737,2,0
2023-06-02 15:07:26,16737,16737,16737,2,0
2023-06-02 15:07:26,16737,16737,16737,2,0
2023-06-02 15:07:26,16737,16737,16737,2,0
2023-06-02 15:07:26,16737,16737,16737,2,0
2023-06-02 15:07:26,16737,16737,16737,4,0
2023-06-02 15:07:30,16738,16738,16738,4,4
2023-06-02 15:07:31,16737,16737,16737,2,-2
2023-06-02 15:07:31,16738,16738,16738,2,2
2023-06-02 15:07:32,16737,16737,16737,2,-2
2023-06-02 15:07:32,16738,16738,16738,8,8
2023-06-02 15:07:36,16738,16738,16738,2,0
2023-06-02 15:07:36,16738,16738,16738,2,0
2023-06-02 15:07:36,16738,16738,16738,4,0
2023-06-02 15:07:36,16738,16738,16738,24,0
2023-06-02 15:07:37,16739,16739,16739,2,2
2023-06-02 15:07:37,16739,16739,16739,2,0
2023-06-02 15:07:37,16739,16739,16739,2,0
2023-06-02 15:07:43,16739,16739,16739,2,0
2023-06-02 15:07:43,16739,16739,16739,8,0
2023-06-02 15:07:43,16739,16739,16739,28,0
2023-06-02 15:07:43,16739,16739,16739,14,0
2023-06-02 15:07:43,16740,16740,16740,2,2
2023-06-02 15:07:43,16740,16740,16740,2,0
2023-06-02 15:07:43,16740,16740,16740,2,0
2023-06-02 15:07:44,16739,16739,16739,2,-2
2023-06-02 15:07:44,16739,16739,16739,2,0
2023-06-02 15:07:44,16739,16739,16739,4,0
2023-06-02 15:07:46,16740,16740,16740,10,10
2023-06-02 15:07:46,16740,16740,16740,28,0
2023-06-02 15:07:47,16740,16740,16740,2,0
2023-06-02 15:07:47,16740,16740,16740,2,0
2023-06-02 15:07:48,16741,16741,16741,2,2
2023-06-02 15:07:48,16741,16741,16741,6,0
2023-06-02 15:07:49,16740,16740,16740,2,-2
2023-06-02 15:07:49,16740,16740,16740,2,0
2023-06-02 15:07:50,16741,16741,16741,2,2
2023-06-02 15:07:50,16741,16741,16741,2,0
2023-06-02 15:07:50,16741,16741,16741,2,0
2023-06-02 15:07:50,16740,16740,16740,4,-4
2023-06-02 15:07:53,16741,16741,16741,2,2
2023-06-02 15:07:54,16740,16740,16740,2,-2
2023-06-02 15:07:54,16740,16740,16740,2,0
2023-06-02 15:07:56,16741,16741,16741,2,2
2023-06-02 15:07:56,16741,16741,16741,2,0
2023-06-02 15:07:56,16741,16741,16741,2,0
2023-06-02 15:07:56,16741,16741,16741,2,0
2023-06-02 15:07:56,16741,16741,16741,2,0
2023-06-02 15:07:56,16741,16741,16741,2,0
2023-06-02 15:07:57,16742,16742,16742,12,12
2023-06-02 15:07:58,16742,16742,16742,2,0
2023-06-02 15:07:59,16742,16742,16742,2,0
2023-06-02 15:08:00,16743,16743,16743,10,10
2023-06-02 15:08:00,16743,16743,16743,2,0
2023-06-02 15:08:00,16743,16743,16743,4,0
2023-06-02 15:08:00,16743,16743,16743,2,0
2023-06-02 15:08:00,16742,16742,16742,2,-2
2023-06-02 15:08:01,16743,16743,16743,10,10
2023-06-02 15:08:02,16742,16742,16742,2,-2
2023-06-02 15:08:02,16742,16742,16742,2,0
2023-06-02 15:08:06,16742,16742,16742,2,0
2023-06-02 15:08:06,16742,16742,16742,18,0
2023-06-02 15:08:07,16741,16741,16741,2,-2
2023-06-02 15:08:07,16741,16741,16741,2,0
2023-06-02 15:08:07,16741,16741,16741,2,0
2023-06-02 15:08:07,16741,16741,16741,2,0
2023-06-02 15:08:07,16741,16741,16741,2,0
2023-06-02 15:08:08,16740,16740,16740,4,-4
2023-06-02 15:08:09,16741,16741,16741,12,12
2023-06-02 15:08:10,16740,16740,16740,2,-2
2023-06-02 15:08:13,16741,16741,16741,2,2
2023-06-02 15:08:13,16742,16742,16742,2,2
2023-06-02 15:08:13,16742,16742,16742,2,0
2023-06-02 15:08:15,16741,16741,16741,2,-2
2023-06-02 15:08:15,16741,16741,16741,2,0
2023-06-02 15:08:15,16741,16741,16741,2,0
2023-06-02 15:08:16,16742,16742,16742,2,2
2023-06-02 15:08:16,16742,16742,16742,2,0
2023-06-02 15:08:16,16742,16742,16742,6,0
2023-06-02 15:08:18,16743,16743,16743,10,10
2023-06-02 15:08:18,16742,16742,16742,4,-4
2023-06-02 15:08:19,16742,16742,16742,2,0
2023-06-02 15:08:20,16743,16743,16743,6,6
2023-06-02 15:08:20,16742,16742,16742,2,-2
2023-06-02 15:08:20,16742,16742,16742,4,0
2023-06-02 15:08:20,16742,16742,16742,6,0
2023-06-02 15:08:20,16742,16742,16742,2,0
2023-06-02 15:08:20,16742,16742,16742,2,0
2023-06-02 15:08:20,16742,16742,16742,6,0
2023-06-02 15:08:24,16743,16743,16743,10,10
2023-06-02 15:08:29,16742,16742,16742,4,-4
2023-06-02 15:08:34,16742,16742,16742,2,0
2023-06-02 15:08:34,16742,16742,16742,2,0
2023-06-02 15:08:35,16742,16742,16742,2,0
2023-06-02 15:08:35,16742,16742,16742,2,0
2023-06-02 15:08:35,16742,16742,16742,2,0
2023-06-02 15:08:36,16742,16742,16742,2,0
2023-06-02 15:08:37,16742,16742,16742,4,0
2023-06-02 15:08:37,16741,16741,16741,2,-2
2023-06-02 15:08:37,16741,16741,16741,2,0
2023-06-02 15:08:38,16740,16740,16740,2,-2
2023-06-02 15:08:39,16741,16741,16741,2,2
2023-06-02 15:08:42,16741,16741,16741,2,0
2023-06-02 15:08:44,16741,16741,16741,2,0
2023-06-02 15:08:48,16741,16741,16741,2,0
2023-06-02 15:08:49,16741,16741,16741,2,0
2023-06-02 15:08:52,16740,16740,16740,2,-2
2023-06-02 15:08:52,16741,16741,16741,36,36
2023-06-02 15:08:52,16741,16741,16741,2,0
2023-06-02 15:08:52,16742,16742,16742,2,2
2023-06-02 15:08:52,16742,16742,16742,4,0
2023-06-02 15:08:52,16742,16742,16742,2,0
2023-06-02 15:08:53,16741,16741,16741,2,-2
2023-06-02 15:08:53,16741,16741,16741,2,0
2023-06-02 15:08:54,16741,16741,16741,2,0
2023-06-02 15:08:55,16742,16742,16742,4,4
2023-06-02 15:08:55,16742,16742,16742,2,0
2023-06-02 15:08:55,16742,16742,16742,2,0
2023-06-02 15:08:55,16742,16742,16742,2,0
2023-06-02 15:08:57,16743,16743,16743,2,2
2023-06-02 15:08:57,16742,16742,16742,2,-2
2023-06-02 15:09:00,16743,16743,16743,18,18
2023-06-02 15:09:01,16742,16742,16742,2,-2
2023-06-02 15:09:03,16743,16743,16743,8,8
2023-06-02 15:09:05,16743,16743,16743,8,0
2023-06-02 15:09:05,16743,16743,16743,2,0
2023-06-02 15:09:06,16743,16743,16743,4,0
2023-06-02 15:09:07,16743,16743,16743,4,0
2023-06-02 15:09:07,16743,16743,16743,4,0
2023-06-02 15:09:07,16743,16743,16743,4,0
2023-06-02 15:09:07,16743,16743,16743,2,0
2023-06-02 15:09:09,16743,16743,16743,2,0
2023-06-02 15:09:09,16743,16743,16743,2,0
2023-06-02 15:09:10,16744,16744,16744,4,4
2023-06-02 15:09:10,16744,16744,16744,2,0
2023-06-02 15:09:10,16744,16744,16744,4,0
2023-06-02 15:09:11,16743,16743,16743,2,-2
2023-06-02 15:09:11,16744,16744,16744,4,4
2023-06-02 15:09:13,16744,16744,16744,2,0
2023-06-02 15:09:13,16744,16744,16744,4,0
2023-06-02 15:09:15,16743,16743,16743,2,-2
2023-06-02 15:09:19,16744,16744,16744,2,2
2023-06-02 15:09:20,16743,16743,16743,2,-2
2023-06-02 15:09:20,16744,16744,16744,4,4
2023-06-02 15:09:20,16744,16744,16744,2,0
2023-06-02 15:09:20,16745,16745,16745,2,2
2023-06-02 15:09:20,16745,16745,16745,4,0
2023-06-02 15:09:20,16745,16745,16745,4,0
2023-06-02 15:09:20,16745,16745,16745,2,0
2023-06-02 15:09:20,16745,16745,16745,6,0
2023-06-02 15:09:20,16745,16745,16745,20,0
2023-06-02 15:09:21,16745,16745,16745,2,0
2023-06-02 15:09:21,16745,16745,16745,2,0
2023-06-02 15:09:21,16745,16745,16745,2,0
2023-06-02 15:09:21,16745,16745,16745,2,0
2023-06-02 15:09:22,16745,16745,16745,2,0
2023-06-02 15:09:22,16745,16745,16745,2,0
2023-06-02 15:09:24,16745,16745,16745,8,0
2023-06-02 15:09:24,16746,16746,16746,2,2
2023-06-02 15:09:24,16745,16745,16745,2,-2
2023-06-02 15:09:24,16745,16745,16745,2,0
2023-06-02 15:09:24,16746,16746,16746,2,2
2023-06-02 15:09:24,16745,16745,16745,2,-2
2023-06-02 15:09:26,16745,16745,16745,2,0
2023-06-02 15:09:26,16745,16745,16745,2,0
2023-06-02 15:09:26,16745,16745,16745,2,0
2023-06-02 15:09:27,16745,16745,16745,4,0
2023-06-02 15:09:29,16745,16745,16745,2,0
2023-06-02 15:09:30,16745,16745,16745,2,0
2023-06-02 15:09:30,16745,16745,16745,6,0
2023-06-02 15:09:32,16745,16745,16745,2,0
2023-06-02 15:09:33,16744,16744,16744,2,-2
2023-06-02 15:09:34,16745,16745,16745,4,4
2023-06-02 15:09:34,16745,16745,16745,2,0
2023-06-02 15:09:34,16744,16744,16744,2,-2
2023-06-02 15:09:34,16744,16744,16744,2,0
2023-06-02 15:09:35,16744,16744,16744,2,0
2023-06-02 15:09:36,16745,16745,16745,2,2
2023-06-02 15:09:37,16745,16745,16745,6,0
2023-06-02 15:09:41,16745,16745,16745,4,0
2023-06-02 15:09:41,16744,16744,16744,2,-2
2023-06-02 15:09:41,16744,16744,16744,2,0
2023-06-02 15:09:44,16744,16744,16744,4,0
2023-06-02 15:09:44,16743,16743,16743,2,-2
2023-06-02 15:09:44,16743,16743,16743,2,0
2023-06-02 15:09:44,16743,16743,16743,2,0
2023-06-02 15:09:44,16743,16743,16743,2,0
2023-06-02 15:09:44,16743,16743,16743,2,0
2023-06-02 15:09:44,16743,16743,16743,2,0
2023-06-02 15:09:44,16744,16744,16744,2,2
2023-06-02 15:09:47,16743,16743,16743,2,-2
2023-06-02 15:09:48,16744,16744,16744,2,2
2023-06-02 15:09:49,16744,16744,16744,2,0
2023-06-02 15:09:49,16743,16743,16743,2,-2
2023-06-02 15:09:51,16744,16744,16744,2,2
2023-06-02 15:09:55,16744,16744,16744,4,0
2023-06-02 15:09:58,16744,16744,16744,2,0
2023-06-02 15:09:58,16745,16745,16745,4,4
2023-06-02 15:09:59,16743,16743,16743,2,-2
2023-06-02 15:09:59,16743,16743,16743,6,0
2023-06-02 15:10:00,16744,16744,16744,4,4
2023-06-02 15:10:00,16745,16745,16745,2,2
2023-06-02 15:10:00,16745,16745,16745,2,0
2023-06-02 15:10:00,16745,16745,16745,4,0
2023-06-02 15:10:00,16745,16745,16745,2,0
2023-06-02 15:10:00,16745,16745,16745,2,0
2023-06-02 15:10:00,16745,16745,16745,2,0
2023-06-02 15:10:00,16745,16745,16745,4,0
2023-06-02 15:10:00,16745,16745,16745,4,0
2023-06-02 15:10:00,16745,16745,16745,6,0
2023-06-02 15:10:00,16745,16745,16745,6,0
2023-06-02 15:10:00,16745,16745,16745,2,0
2023-06-02 15:10:00,16745,16745,16745,2,0
2023-06-02 15:10:02,16744,16744,16744,2,-2
2023-06-02 15:10:03,16746,16746,16746,2,2
2023-06-02 15:10:06,16745,16745,16745,2,-2
2023-06-02 15:10:07,16745,16745,16745,2,0
2023-06-02 15:10:07,16745,16745,16745,2,0
2023-06-02 15:10:07,16745,16745,16745,2,0
2023-06-02 15:10:11,16745,16745,16745,4,0
2023-06-02 15:10:11,16745,16745,16745,2,0
2023-06-02 15:10:11,16745,16745,16745,4,0
2023-06-02 15:10:11,16745,16745,16745,2,0
2023-06-02 15:10:11,16745,16745,16745,2,0
2023-06-02 15:10:12,16746,16746,16746,6,6
2023-06-02 15:10:14,16745,16745,16745,2,-2
2023-06-02 15:10:14,16745,16745,16745,2,0
2023-06-02 15:10:15,16745,16745,16745,2,0
2023-06-02 15:10:16,16746,16746,16746,2,2
2023-06-02 15:10:16,16746,16746,16746,4,0
2023-06-02 15:10:17,16746,16746,16746,2,0
2023-06-02 15:10:18,16746,16746,16746,2,0
2023-06-02 15:10:18,16746,16746,16746,6,0
2023-06-02 15:10:18,16746,16746,16746,4,0
2023-06-02 15:10:18,16746,16746,16746,2,0
2023-06-02 15:10:18,16746,16746,16746,2,0
2023-06-02 15:10:20,16746,16746,16746,2,0
2023-06-02 15:10:21,16746,16746,16746,2,0
2023-06-02 15:10:21,16746,16746,16746,2,0
2023-06-02 15:10:22,16746,16746,16746,4,0
2023-06-02 15:10:22,16746,16746,16746,2,0
2023-06-02 15:10:23,16746,16746,16746,2,0
2023-06-02 15:10:23,16746,16746,16746,2,0
2023-06-02 15:10:24,16747,16747,16747,2,2
2023-06-02 15:10:24,16747,16747,16747,8,0
2023-06-02 15:10:24,16747,16747,16747,6,0
2023-06-02 15:10:24,16746,16746,16746,2,-2
2023-06-02 15:10:24,16746,16746,16746,2,0
2023-06-02 15:10:24,16746,16746,16746,2,0
2023-06-02 15:10:24,16746,16746,16746,2,0
2023-06-02 15:10:24,16746,16746,16746,2,0
2023-06-02 15:10:24,16746,16746,16746,4,0
2023-06-02 15:10:25,16746,16746,16746,2,0
2023-06-02 15:10:25,16746,16746,16746,4,0
2023-06-02 15:10:25,16745,16745,16745,4,-4
2023-06-02 15:10:25,16745,16745,16745,2,0
2023-06-02 15:10:25,16745,16745,16745,2,0
2023-06-02 15:10:25,16745,16745,16745,2,0
2023-06-02 15:10:25,16745,16745,16745,26,0
2023-06-02 15:10:25,16745,16745,16745,2,0
2023-06-02 15:10:25,16745,16745,16745,4,0
2023-06-02 15:10:25,16745,16745,16745,16,0
2023-06-02 15:10:25,16745,16745,16745,18,0
2023-06-02 15:10:25,16745,16745,16745,2,0
2023-06-02 15:10:25,16745,16745,16745,6,0
2023-06-02 15:10:25,16745,16745,16745,2,0
2023-06-02 15:10:25,16744,16744,16744,2,-2
2023-06-02 15:10:25,16744,16744,16744,2,0
2023-06-02 15:10:25,16745,16745,16745,2,2
2023-06-02 15:10:25,16745,16745,16745,2,0
2023-06-02 15:10:26,16745,16745,16745,2,0
2023-06-02 15:10:26,16745,16745,16745,2,0
2023-06-02 15:10:26,16745,16745,16745,2,0
2023-06-02 15:10:27,16745,16745,16745,2,0
2023-06-02 15:10:27,16745,16745,16745,2,0
2023-06-02 15:10:32,16744,16744,16744,2,-2
2023-06-02 15:10:32,16744,16744,16744,2,0
2023-06-02 15:10:32,16744,16744,16744,2,0
2023-06-02 15:10:33,16744,16744,16744,2,0
2023-06-02 15:10:37,16744,16744,16744,2,0
2023-06-02 15:10:38,16744,16744,16744,2,0
2023-06-02 15:10:38,16744,16744,16744,2,0
2023-06-02 15:10:38,16744,16744,16744,2,0
2023-06-02 15:10:38,16744,16744,16744,2,0
2023-06-02 15:10:38,16745,16745,16745,2,2
2023-06-02 15:10:40,16744,16744,16744,2,-2
2023-06-02 15:10:40,16744,16744,16744,2,0
2023-06-02 15:10:43,16744,16744,16744,2,0
2023-06-02 15:10:43,16744,16744,16744,2,0
2023-06-02 15:10:46,16744,16744,16744,2,0
2023-06-02 15:10:46,16744,16744,16744,2,0
2023-06-02 15:10:50,16744,16744,16744,2,0
2023-06-02 15:10:52,16744,16744,16744,2,0
2023-06-02 15:10:52,16744,16744,16744,2,0
2023-06-02 15:10:52,16744,16744,16744,2,0
2023-06-02 15:10:55,16743,16743,16743,2,-2
2023-06-02 15:10:57,16743,16743,16743,2,0
2023-06-02 15:10:57,16743,16743,16743,2,0
2023-06-02 15:10:57,16743,16743,16743,2,0
2023-06-02 15:10:57,16743,16743,16743,2,0
2023-06-02 15:10:57,16743,16743,16743,2,0
2023-06-02 15:11:00,16743,16743,16743,2,0
2023-06-02 15:11:00,16742,16742,16742,2,-2
2023-06-02 15:11:00,16742,16742,16742,2,0
2023-06-02 15:11:00,16742,16742,16742,2,0
2023-06-02 15:11:02,16741,16741,16741,2,-2
2023-06-02 15:11:02,16741,16741,16741,2,0
2023-06-02 15:11:02,16741,16741,16741,2,0
2023-06-02 15:11:02,16742,16742,16742,2,2
2023-06-02 15:11:02,16742,16742,16742,24,0
2023-06-02 15:11:04,16742,16742,16742,2,0
2023-06-02 15:11:05,16742,16742,16742,2,0
2023-06-02 15:11:05,16742,16742,16742,4,0
2023-06-02 15:11:09,16742,16742,16742,2,0
2023-06-02 15:11:10,16743,16743,16743,4,4
2023-06-02 15:11:15,16743,16743,16743,4,0
2023-06-02 15:11:15,16742,16742,16742,2,-2
2023-06-02 15:11:19,16742,16742,16742,2,0
2023-06-02 15:11:20,16743,16743,16743,2,2
2023-06-02 15:11:27,16742,16742,16742,2,-2
2023-06-02 15:11:33,16742,16742,16742,18,0
2023-06-02 15:11:33,16742,16742,16742,2,0
2023-06-02 15:11:33,16742,16742,16742,2,0
2023-06-02 15:11:33,16742,16742,16742,2,0
2023-06-02 15:11:33,16742,16742,16742,2,0
2023-06-02 15:11:33,16742,16742,16742,2,0
2023-06-02 15:11:33,16742,16742,16742,2,0
2023-06-02 15:11:34,16741,16741,16741,2,-2
2023-06-02 15:11:34,16741,16741,16741,2,0
2023-06-02 15:11:34,16741,16741,16741,2,0
2023-06-02 15:11:34,16741,16741,16741,2,0
2023-06-02 15:11:34,16741,16741,16741,2,0
2023-06-02 15:11:35,16741,16741,16741,4,0
2023-06-02 15:11:37,16740,16740,16740,2,-2
2023-06-02 15:11:37,16740,16740,16740,2,0
2023-06-02 15:11:37,16740,16740,16740,2,0
2023-06-02 15:11:37,16740,16740,16740,2,0
2023-06-02 15:11:38,16740,16740,16740,2,0
2023-06-02 15:11:38,16740,16740,16740,2,0
2023-06-02 15:11:40,16740,16740,16740,2,0
2023-06-02 15:11:40,16740,16740,16740,2,0
2023-06-02 15:11:40,16740,16740,16740,12,0
2023-06-02 15:11:40,16740,16740,16740,2,0
2023-06-02 15:11:40,16740,16740,16740,10,0
2023-06-02 15:11:42,16740,16740,16740,2,0
2023-06-02 15:11:42,16740,16740,16740,2,0
2023-06-02 15:11:42,16740,16740,16740,2,0
2023-06-02 15:11:43,16739,16739,16739,6,-6
2023-06-02 15:11:43,16739,16739,16739,4,0
2023-06-02 15:11:44,16740,16740,16740,2,2
2023-06-02 15:11:46,16739,16739,16739,2,-2
2023-06-02 15:11:46,16739,16739,16739,2,0
2023-06-02 15:11:46,16739,16739,16739,2,0
2023-06-02 15:11:46,16738,16738,16738,2,-2
2023-06-02 15:11:47,16738,16738,16738,4,0
2023-06-02 15:11:47,16738,16738,16738,2,0
2023-06-02 15:11:47,16739,16739,16739,2,2
2023-06-02 15:11:49,16739,16739,16739,2,0
2023-06-02 15:11:50,16739,16739,16739,2,0
2023-06-02 15:11:50,16739,16739,16739,2,0
2023-06-02 15:11:50,16739,16739,16739,2,0
2023-06-02 15:11:51,16738,16738,16738,2,-2
2023-06-02 15:11:51,16738,16738,16738,4,0
2023-06-02 15:11:51,16738,16738,16738,2,0
2023-06-02 15:11:51,16738,16738,16738,2,0
2023-06-02 15:11:51,16738,16738,16738,2,0
2023-06-02 15:11:51,16738,16738,16738,2,0
2023-06-02 15:11:51,16738,16738,16738,2,0
2023-06-02 15:11:52,16737,16737,16737,2,-2
2023-06-02 15:11:52,16737,16737,16737,2,0
2023-06-02 15:11:52,16736,16736,16736,4,-4
2023-06-02 15:11:52,16736,16736,16736,4,0
2023-06-02 15:11:52,16738,16738,16738,2,2
2023-06-02 15:11:56,16737,16737,16737,2,-2
2023-06-02 15:11:56,16736,16736,16736,2,-2
2023-06-02 15:11:56,16737,16737,16737,2,2
2023-06-02 15:11:56,16737,16737,16737,2,0
2023-06-02 15:11:57,16737,16737,16737,4,0
2023-06-02 15:11:57,16738,16738,16738,2,2
2023-06-02 15:11:57,16738,16738,16738,2,0
2023-06-02 15:11:57,16738,16738,16738,2,0
2023-06-02 15:11:57,16738,16738,16738,2,0
2023-06-02 15:11:57,16738,16738,16738,2,0
2023-06-02 15:12:02,16738,16738,16738,2,0
2023-06-02 15:12:02,16739,16739,16739,4,4
2023-06-02 15:12:02,16739,16739,16739,2,0
2023-06-02 15:12:02,16739,16739,16739,2,0
2023-06-02 15:12:02,16739,16739,16739,2,0
2023-06-02 15:12:03,16737,16737,16737,2,-2
2023-06-02 15:12:03,16737,16737,16737,4,0
2023-06-02 15:12:03,16738,16738,16738,2,2
2023-06-02 15:12:03,16738,16738,16738,2,0
2023-06-02 15:12:06,16737,16737,16737,2,-2
2023-06-02 15:12:07,16738,16738,16738,2,2
2023-06-02 15:12:09,16738,16738,16738,2,0
2023-06-02 15:12:10,16738,16738,16738,2,0
2023-06-02 15:12:10,16737,16737,16737,2,-2
2023-06-02 15:12:10,16737,16737,16737,4,0
2023-06-02 15:12:10,16737,16737,16737,4,0
2023-06-02 15:12:11,16736,16736,16736,2,-2
2023-06-02 15:12:11,16736,16736,16736,2,0
2023-06-02 15:12:11,16736,16736,16736,2,0
2023-06-02 15:12:11,16736,16736,16736,2,0
2023-06-02 15:12:11,16736,16736,16736,2,0
2023-06-02 15:12:11,16736,16736,16736,2,0
2023-06-02 15:12:11,16736,16736,16736,6,0
2023-06-02 15:12:11,16736,16736,16736,2,0
2023-06-02 15:12:11,16736,16736,16736,2,0
2023-06-02 15:12:11,16735,16735,16735,2,-2
2023-06-02 15:12:11,16735,16735,16735,4,0
2023-06-02 15:12:12,16735,16735,16735,2,0
2023-06-02 15:12:12,16735,16735,16735,4,0
2023-06-02 15:12:12,16735,16735,16735,2,0
2023-06-02 15:12:12,16735,16735,16735,2,0
2023-06-02 15:12:12,16735,16735,16735,2,0
2023-06-02 15:12:12,16735,16735,16735,6,0
2023-06-02 15:12:15,16735,16735,16735,4,0
2023-06-02 15:12:15,16735,16735,16735,2,0
2023-06-02 15:12:15,16735,16735,16735,4,0
2023-06-02 15:12:15,16735,16735,16735,2,0
2023-06-02 15:12:15,16735,16735,16735,2,0
2023-06-02 15:12:15,16735,16735,16735,2,0
2023-06-02 15:12:15,16735,16735,16735,2,0
2023-06-02 15:12:16,16735,16735,16735,2,0
2023-06-02 15:12:16,16735,16735,16735,2,0
2023-06-02 15:12:17,16735,16735,16735,4,0
2023-06-02 15:12:17,16736,16736,16736,2,2
2023-06-02 15:12:17,16736,16736,16736,4,0
2023-06-02 15:12:18,16735,16735,16735,2,-2
2023-06-02 15:12:19,16735,16735,16735,2,0
2023-06-02 15:12:20,16736,16736,16736,4,4
2023-06-02 15:12:20,16735,16735,16735,2,-2
2023-06-02 15:12:20,16735,16735,16735,2,0
2023-06-02 15:12:20,16735,16735,16735,2,0
2023-06-02 15:12:20,16735,16735,16735,2,0
2023-06-02 15:12:20,16735,16735,16735,2,0
2023-06-02 15:12:24,16735,16735,16735,2,0
2023-06-02 15:12:28,16735,16735,16735,2,0
2023-06-02 15:12:28,16735,16735,16735,2,0
2023-06-02 15:12:28,16734,16734,16734,4,-4
2023-06-02 15:12:29,16735,16735,16735,2,2
2023-06-02 15:12:32,16735,16735,16735,2,0
2023-06-02 15:12:34,16735,16735,16735,2,0
2023-06-02 15:12:35,16735,16735,16735,18,0
2023-06-02 15:12:35,16735,16735,16735,2,0
2023-06-02 15:12:35,16735,16735,16735,2,0
2023-06-02 15:12:35,16735,16735,16735,6,0
2023-06-02 15:12:35,16735,16735,16735,2,0
2023-06-02 15:12:35,16735,16735,16735,2,0
2023-06-02 15:12:36,16735,16735,16735,2,0
2023-06-02 15:12:36,16735,16735,16735,2,0
2023-06-02 15:12:36,16734,16734,16734,2,-2
2023-06-02 15:12:38,16734,16734,16734,2,0
2023-06-02 15:12:38,16734,16734,16734,2,0
2023-06-02 15:12:38,16734,16734,16734,2,0
2023-06-02 15:12:38,16734,16734,16734,2,0
2023-06-02 15:12:38,16734,16734,16734,2,0
2023-06-02 15:12:38,16734,16734,16734,4,0
2023-06-02 15:12:38,16734,16734,16734,2,0
2023-06-02 15:12:38,16734,16734,16734,2,0
2023-06-02 15:12:38,16734,16734,16734,2,0
2023-06-02 15:12:38,16734,16734,16734,2,0
2023-06-02 15:12:38,16734,16734,16734,4,0
2023-06-02 15:12:38,16734,16734,16734,2,0
2023-06-02 15:12:38,16734,16734,16734,2,0
2023-06-02 15:12:38,16734,16734,16734,2,0
2023-06-02 15:12:38,16733,16733,16733,2,-2
2023-06-02 15:12:38,16733,16733,16733,6,0
2023-06-02 15:12:38,16733,16733,16733,6,0
2023-06-02 15:12:38,16733,16733,16733,2,0
2023-06-02 15:12:38,16733,16733,16733,2,0
2023-06-02 15:12:38,16733,16733,16733,2,0
2023-06-02 15:12:38,16733,16733,16733,2,0
2023-06-02 15:12:38,16733,16733,16733,2,0
2023-06-02 15:12:38,16733,16733,16733,4,0
2023-06-02 15:12:38,16733,16733,16733,6,0
2023-06-02 15:12:38,16733,16733,16733,2,0
2023-06-02 15:12:38,16733,16733,16733,2,0
2023-06-02 15:12:38,16733,16733,16733,2,0
2023-06-02 15:12:38,16733,16733,16733,2,0
2023-06-02 15:12:38,16733,16733,16733,10,0
2023-06-02 15:12:38,16733,16733,16733,8,0
2023-06-02 15:12:38,16733,16733,16733,2,0
2023-06-02 15:12:38,16733,16733,16733,4,0
2023-06-02 15:12:39,16732,16732,16732,2,-2
2023-06-02 15:12:40,16733,16733,16733,2,2
2023-06-02 15:12:40,16732,16732,16732,2,-2
2023-06-02 15:12:42,16733,16733,16733,2,2
2023-06-02 15:12:42,16732,16732,16732,2,-2
2023-06-02 15:12:42,16732,16732,16732,2,0
2023-06-02 15:12:42,16732,16732,16732,2,0
2023-06-02 15:12:42,16732,16732,16732,2,0
2023-06-02 15:12:42,16732,16732,16732,2,0
2023-06-02 15:12:42,16732,16732,16732,2,0
2023-06-02 15:12:44,16732,16732,16732,2,0
2023-06-02 15:12:44,16734,16734,16734,6,6
2023-06-02 15:12:44,16732,16732,16732,2,-2
2023-06-02 15:12:45,16732,16732,16732,2,0
2023-06-02 15:12:45,16732,16732,16732,2,0
2023-06-02 15:12:45,16732,16732,16732,4,0
2023-06-02 15:12:45,16732,16732,16732,4,0
2023-06-02 15:12:45,16732,16732,16732,2,0
2023-06-02 15:12:45,16732,16732,16732,2,0
2023-06-02 15:12:45,16732,16732,16732,2,0
2023-06-02 15:12:46,16734,16734,16734,2,2
2023-06-02 15:12:46,16733,16733,16733,2,-2
2023-06-02 15:12:46,16735,16735,16735,2,2
2023-06-02 15:12:49,16734,16734,16734,2,-2
2023-06-02 15:12:50,16734,16734,16734,2,0
2023-06-02 15:12:51,16733,16733,16733,2,-2
2023-06-02 15:12:51,16733,16733,16733,2,0
2023-06-02 15:12:51,16733,16733,16733,2,0
2023-06-02 15:12:51,16733,16733,16733,2,0
2023-06-02 15:12:51,16733,16733,16733,6,0
2023-06-02 15:12:51,16733,16733,16733,2,0
2023-06-02 15:12:51,16733,16733,16733,2,0
2023-06-02 15:12:55,16733,16733,16733,4,0
2023-06-02 15:12:55,16733,16733,16733,6,0
2023-06-02 15:12:55,16733,16733,16733,2,0
2023-06-02 15:12:56,16732,16732,16732,2,-2
2023-06-02 15:12:57,16734,16734,16734,4,4
2023-06-02 15:12:57,16734,16734,16734,2,0
2023-06-02 15:12:57,16734,16734,16734,2,0
2023-06-02 15:12:57,16734,16734,16734,2,0
2023-06-02 15:12:57,16734,16734,16734,2,0
2023-06-02 15:12:57,16733,16733,16733,2,-2
2023-06-02 15:12:57,16733,16733,16733,2,0
2023-06-02 15:12:57,16733,16733,16733,2,0
2023-06-02 15:12:57,16733,16733,16733,4,0
2023-06-02 15:12:57,16733,16733,16733,2,0
2023-06-02 15:12:57,16733,16733,16733,2,0
2023-06-02 15:12:57,16733,16733,16733,12,0
2023-06-02 15:12:57,16733,16733,16733,2,0
2023-06-02 15:12:57,16733,16733,16733,2,0
2023-06-02 15:12:57,16733,16733,16733,4,0
2023-06-02 15:12:57,16733,16733,16733,4,0
2023-06-02 15:12:57,16733,16733,16733,2,0
2023-06-02 15:12:57,16732,16732,16732,2,-2
2023-06-02 15:12:59,16733,16733,16733,2,2
2023-06-02 15:13:01,16732,16732,16732,2,-2
2023-06-02 15:13:01,16732,16732,16732,8,0
2023-06-02 15:13:01,16732,16732,16732,8,0
2023-06-02 15:13:01,16732,16732,16732,2,0
2023-06-02 15:13:01,16732,16732,16732,2,0
2023-06-02 15:13:01,16732,16732,16732,2,0
2023-06-02 15:13:01,16732,16732,16732,2,0
2023-06-02 15:13:01,16732,16732,16732,10,0
2023-06-02 15:13:01,16732,16732,16732,2,0
2023-06-02 15:13:02,16731,16731,16731,2,-2
2023-06-02 15:13:02,16731,16731,16731,2,0
2023-06-02 15:13:02,16731,16731,16731,2,0
2023-06-02 15:13:02,16731,16731,16731,2,0
2023-06-02 15:13:02,16731,16731,16731,4,0
2023-06-02 15:13:02,16732,16732,16732,2,2
2023-06-02 15:13:03,16730,16730,16730,2,-2
2023-06-02 15:13:03,16730,16730,16730,2,0
2023-06-02 15:13:03,16730,16730,16730,2,0
2023-06-02 15:13:03,16730,16730,16730,2,0
2023-06-02 15:13:03,16730,16730,16730,2,0
2023-06-02 15:13:03,16730,16730,16730,2,0
2023-06-02 15:13:03,16730,16730,16730,4,0
2023-06-02 15:13:03,16730,16730,16730,2,0
2023-06-02 15:13:03,16730,16730,16730,2,0
2023-06-02 15:13:03,16730,16730,16730,2,0
2023-06-02 15:13:03,16729,16729,16729,2,-2
2023-06-02 15:13:03,16729,16729,16729,2,0
2023-06-02 15:13:03,16729,16729,16729,2,0
2023-06-02 15:13:03,16729,16729,16729,2,0
2023-06-02 15:13:03,16729,16729,16729,2,0
2023-06-02 15:13:05,16729,16729,16729,2,0
2023-06-02 15:13:05,16729,16729,16729,2,0
2023-06-02 15:13:05,16729,16729,16729,12,0
2023-06-02 15:13:05,16729,16729,16729,4,0
2023-06-02 15:13:05,16729,16729,16729,2,0
2023-06-02 15:13:05,16729,16729,16729,2,0
2023-06-02 15:13:05,16729,16729,16729,16,0
2023-06-02 15:13:06,16730,16730,16730,2,2
2023-06-02 15:13:06,16728,16728,16728,4,-4
2023-06-02 15:13:08,16728,16728,16728,2,0
2023-06-02 15:13:08,16728,16728,16728,2,0
2023-06-02 15:13:09,16728,16728,16728,2,0
2023-06-02 15:13:09,16728,16728,16728,2,0
2023-06-02 15:13:09,16728,16728,16728,2,0
2023-06-02 15:13:09,16728,16728,16728,2,0
2023-06-02 15:13:09,16728,16728,16728,2,0
2023-06-02 15:13:09,16728,16728,16728,10,0
2023-06-02 15:13:09,16728,16728,16728,2,0
2023-06-02 15:13:09,16728,16728,16728,2,0
2023-06-02 15:13:09,16728,16728,16728,2,0
2023-06-02 15:13:10,16728,16728,16728,2,0
2023-06-02 15:13:10,16727,16727,16727,2,-2
2023-06-02 15:13:10,16727,16727,16727,2,0
2023-06-02 15:13:10,16727,16727,16727,2,0
2023-06-02 15:13:10,16726,16726,16726,2,-2
2023-06-02 15:13:10,16726,16726,16726,6,0
2023-06-02 15:13:10,16726,16726,16726,4,0
2023-06-02 15:13:10,16726,16726,16726,2,0
2023-06-02 15:13:10,16726,16726,16726,2,0
2023-06-02 15:13:10,16726,16726,16726,2,0
2023-06-02 15:13:10,16726,16726,16726,2,0
2023-06-02 15:13:10,16726,16726,16726,2,0
2023-06-02 15:13:10,16728,16728,16728,2,2
2023-06-02 15:13:11,16726,16726,16726,2,-2
2023-06-02 15:13:11,16726,16726,16726,2,0
2023-06-02 15:13:11,16726,16726,16726,2,0
2023-06-02 15:13:11,16728,16728,16728,2,2
2023-06-02 15:13:15,16727,16727,16727,2,-2
2023-06-02 15:13:15,16727,16727,16727,2,0
2023-06-02 15:13:15,16727,16727,16727,2,0
2023-06-02 15:13:15,16727,16727,16727,2,0
2023-06-02 15:13:16,16727,16727,16727,2,0
2023-06-02 15:13:16,16726,16726,16726,2,-2
2023-06-02 15:13:16,16726,16726,16726,2,0
2023-06-02 15:13:16,16726,16726,16726,2,0
2023-06-02 15:13:17,16726,16726,16726,2,0
2023-06-02 15:13:17,16726,16726,16726,2,0
2023-06-02 15:13:17,16726,16726,16726,2,0
2023-06-02 15:13:17,16726,16726,16726,2,0
2023-06-02 15:13:17,16726,16726,16726,2,0
2023-06-02 15:13:17,16726,16726,16726,8,0
2023-06-02 15:13:19,16725,16725,16725,2,-2
2023-06-02 15:13:20,16725,16725,16725,4,0
2023-06-02 15:13:20,16726,16726,16726,4,4
2023-06-02 15:13:20,16725,16725,16725,2,-2
2023-06-02 15:13:20,16725,16725,16725,6,0
2023-06-02 15:13:20,16725,16725,16725,4,0
2023-06-02 15:13:20,16725,16725,16725,2,0
2023-06-02 15:13:20,16726,16726,16726,2,2
2023-06-02 15:13:20,16727,16727,16727,2,2
2023-06-02 15:13:21,16726,16726,16726,2,-2
2023-06-02 15:13:21,16727,16727,16727,6,6
2023-06-02 15:13:24,16725,16725,16725,2,-2
2023-06-02 15:13:24,16725,16725,16725,2,0
2023-06-02 15:13:24,16725,16725,16725,2,0
2023-06-02 15:13:24,16725,16725,16725,2,0
2023-06-02 15:13:24,16725,16725,16725,2,0
2023-06-02 15:13:24,16725,16725,16725,2,0
2023-06-02 15:13:25,16725,16725,16725,2,0
2023-06-02 15:13:25,16725,16725,16725,2,0
2023-06-02 15:13:25,16725,16725,16725,2,0
2023-06-02 15:13:26,16725,16725,16725,2,0
2023-06-02 15:13:26,16725,16725,16725,2,0
2023-06-02 15:13:26,16725,16725,16725,2,0
2023-06-02 15:13:26,16725,16725,16725,2,0
2023-06-02 15:13:27,16725,16725,16725,2,0
2023-06-02 15:13:27,16725,16725,16725,2,0
2023-06-02 15:13:27,16725,16725,16725,2,0
2023-06-02 15:13:29,16726,16726,16726,2,2
2023-06-02 15:13:30,16726,16726,16726,4,0
2023-06-02 15:13:31,16725,16725,16725,2,-2
2023-06-02 15:13:32,16725,16725,16725,2,0
2023-06-02 15:13:32,16725,16725,16725,2,0
2023-06-02 15:13:33,16726,16726,16726,2,2
2023-06-02 15:13:36,16727,16727,16727,2,2
2023-06-02 15:13:36,16727,16727,16727,4,0
2023-06-02 15:13:36,16727,16727,16727,2,0
2023-06-02 15:13:38,16727,16727,16727,2,0
2023-06-02 15:13:38,16728,16728,16728,2,2
2023-06-02 15:13:39,16727,16727,16727,2,-2
2023-06-02 15:13:39,16726,16726,16726,2,-2
2023-06-02 15:13:39,16726,16726,16726,2,0
2023-06-02 15:13:39,16725,16725,16725,2,-2
2023-06-02 15:13:39,16727,16727,16727,6,6
2023-06-02 15:13:40,16726,16726,16726,2,-2
2023-06-02 15:13:44,16727,16727,16727,12,12
2023-06-02 15:13:46,16727,16727,16727,2,0
2023-06-02 15:13:47,16727,16727,16727,2,0
2023-06-02 15:13:48,16727,16727,16727,4,0
2023-06-02 15:13:48,16727,16727,16727,2,0
2023-06-02 15:13:48,16728,16728,16728,4,4
2023-06-02 15:13:49,16727,16727,16727,2,-2
2023-06-02 15:13:49,16727,16727,16727,2,0
2023-06-02 15:13:52,16726,16726,16726,2,-2
2023-06-02 15:13:52,16726,16726,16726,2,0
2023-06-02 15:13:52,16726,16726,16726,2,0
2023-06-02 15:13:53,16725,16725,16725,2,-2
2023-06-02 15:13:54,16727,16727,16727,2,2
2023-06-02 15:14:00,16727,16727,16727,2,0
2023-06-02 15:14:00,16728,16728,16728,2,2
2023-06-02 15:14:00,16727,16727,16727,2,-2
2023-06-02 15:14:06,16728,16728,16728,2,2
2023-06-02 15:14:11,16729,16729,16729,2,2
2023-06-02 15:14:14,16729,16729,16729,2,0
2023-06-02 15:14:18,16729,16729,16729,2,0
2023-06-02 15:14:19,16729,16729,16729,2,0
2023-06-02 15:14:20,16730,16730,16730,4,4
2023-06-02 15:14:21,16730,16730,16730,4,0
2023-06-02 15:14:22,16730,16730,16730,2,0
2023-06-02 15:14:22,16730,16730,16730,2,0
2023-06-02 15:14:22,16730,16730,16730,2,0
2023-06-02 15:14:27,16731,16731,16731,2,2
2023-06-02 15:14:27,16731,16731,16731,2,0
2023-06-02 15:14:28,16731,16731,16731,2,0
2023-06-02 15:14:30,16731,16731,16731,2,0
2023-06-02 15:14:34,16731,16731,16731,2,0
2023-06-02 15:14:37,16731,16731,16731,2,0
2023-06-02 15:14:37,16731,16731,16731,2,0
2023-06-02 15:14:37,16731,16731,16731,2,0
2023-06-02 15:14:37,16730,16730,16730,2,-2
2023-06-02 15:14:37,16730,16730,16730,6,0
2023-06-02 15:14:37,16730,16730,16730,2,0
2023-06-02 15:14:37,16730,16730,16730,6,0
2023-06-02 15:14:37,16730,16730,16730,2,0
2023-06-02 15:14:37,16730,16730,16730,2,0
2023-06-02 15:14:37,16730,16730,16730,2,0
2023-06-02 15:14:43,16730,16730,16730,2,0
2023-06-02 15:14:43,16730,16730,16730,2,0
2023-06-02 15:14:43,16730,16730,16730,2,0
2023-06-02 15:14:43,16730,16730,16730,4,0
2023-06-02 15:14:46,16730,16730,16730,2,0
2023-06-02 15:14:53,16729,16729,16729,2,-2
2023-06-02 15:14:54,16729,16729,16729,4,0
2023-06-02 15:14:54,16729,16729,16729,2,0
2023-06-02 15:14:54,16728,16728,16728,2,-2
2023-06-02 15:14:54,16728,16728,16728,2,0
2023-06-02 15:14:54,16730,16730,16730,2,2
2023-06-02 15:14:55,16728,16728,16728,2,-2
2023-06-02 15:14:55,16728,16728,16728,2,0
2023-06-02 15:14:55,16728,16728,16728,2,0
2023-06-02 15:14:55,16728,16728,16728,2,0
2023-06-02 15:14:55,16728,16728,16728,2,0
2023-06-02 15:14:59,16728,16728,16728,4,0
2023-06-02 15:15:07,16728,16728,16728,2,0
2023-06-02 15:15:07,16728,16728,16728,2,0
2023-06-02 15:15:07,16728,16728,16728,2,0
2023-06-02 15:15:07,16728,16728,16728,6,0
2023-06-02 15:15:07,16728,16728,16728,2,0
2023-06-02 15:15:07,16728,16728,16728,2,0
2023-06-02 15:15:07,16728,16728,16728,2,0
2023-06-02 15:15:07,16728,16728,16728,2,0
2023-06-02 15:15:07,16728,16728,16728,2,0
2023-06-02 15:15:07,16728,16728,16728,4,0
2023-06-02 15:15:08,16730,16730,16730,2,2
2023-06-02 15:15:08,16729,16729,16729,2,-2
2023-06-02 15:15:08,16728,16728,16728,2,-2
2023-06-02 15:15:11,16728,16728,16728,2,0
2023-06-02 15:15:11,16728,16728,16728,2,0
2023-06-02 15:15:11,16728,16728,16728,2,0
2023-06-02 15:15:11,16728,16728,16728,2,0
2023-06-02 15:15:13,16729,16729,16729,2,2
2023-06-02 15:15:13,16729,16729,16729,2,0
2023-06-02 15:15:13,16728,16728,16728,2,-2
2023-06-02 15:15:13,16728,16728,16728,2,0
2023-06-02 15:15:13,16728,16728,16728,2,0
2023-06-02 15:15:13,16728,16728,16728,6,0
2023-06-02 15:15:13,16728,16728,16728,2,0
2023-06-02 15:15:13,16728,16728,16728,2,0
2023-06-02 15:15:13,16728,16728,16728,2,0
2023-06-02 15:15:13,16728,16728,16728,2,0
2023-06-02 15:15:13,16728,16728,16728,2,0
2023-06-02 15:15:13,16728,16728,16728,2,0
2023-06-02 15:15:13,16728,16728,16728,2,0
2023-06-02 15:15:16,16728,16728,16728,2,0
2023-06-02 15:15:16,16729,16729,16729,4,4
2023-06-02 15:15:19,16731,16731,16731,10,10
2023-06-02 15:15:19,16730,16730,16730,2,-2
2023-06-02 15:15:19,16730,16730,16730,2,0
2023-06-02 15:15:19,16731,16731,16731,2,2
2023-06-02 15:15:20,16730,16730,16730,2,-2
2023-06-02 15:15:22,16728,16728,16728,2,-2
2023-06-02 15:15:24,16729,16729,16729,2,2
2023-06-02 15:15:26,16729,16729,16729,2,0
2023-06-02 15:15:29,16730,16730,16730,2,2
2023-06-02 15:15:31,16730,16730,16730,4,0
2023-06-02 15:15:31,16728,16728,16728,2,-2
2023-06-02 15:15:32,16730,16730,16730,2,2
2023-06-02 15:15:39,16730,16730,16730,2,0
2023-06-02 15:15:39,16731,16731,16731,4,4
2023-06-02 15:15:42,16731,16731,16731,2,0
2023-06-02 15:15:43,16732,16732,16732,2,2
2023-06-02 15:15:43,16731,16731,16731,2,-2
2023-06-02 15:15:54,16732,16732,16732,2,2
2023-06-02 15:15:54,16732,16732,16732,6,0
2023-06-02 15:15:54,16732,16732,16732,2,0
2023-06-02 15:15:54,16732,16732,16732,2,0
2023-06-02 15:15:54,16732,16732,16732,10,0
2023-06-02 15:15:54,16732,16732,16732,4,0
2023-06-02 15:15:54,16732,16732,16732,4,0
2023-06-02 15:15:59,16732,16732,16732,2,0
2023-06-02 15:16:00,16733,16733,16733,2,2
2023-06-02 15:16:02,16732,16732,16732,2,-2
2023-06-02 15:16:07,16733,16733,16733,4,4
2023-06-02 15:16:08,16732,16732,16732,2,-2
2023-06-02 15:16:08,16733,16733,16733,2,2
2023-06-02 15:16:15,16732,16732,16732,2,-2
2023-06-02 15:16:16,16733,16733,16733,6,6
2023-06-02 15:16:18,16733,16733,16733,2,0
2023-06-02 15:16:25,16733,16733,16733,4,0
2023-06-02 15:16:27,16732,16732,16732,2,-2
2023-06-02 15:16:28,16732,16732,16732,2,0
2023-06-02 15:16:28,16732,16732,16732,2,0
2023-06-02 15:16:28,16731,16731,16731,6,-6
2023-06-02 15:16:28,16731,16731,16731,2,0
2023-06-02 15:16:28,16731,16731,16731,2,0
2023-06-02 15:16:28,16731,16731,16731,2,0
2023-06-02 15:16:28,16731,16731,16731,2,0
2023-06-02 15:16:29,16731,16731,16731,10,0
2023-06-02 15:16:38,16731,16731,16731,2,0
2023-06-02 15:16:38,16731,16731,16731,2,0
2023-06-02 15:16:38,16731,16731,16731,2,0
2023-06-02 15:16:38,16731,16731,16731,2,0
2023-06-02 15:16:38,16731,16731,16731,2,0
2023-06-02 15:16:38,16731,16731,16731,2,0
2023-06-02 15:16:42,16732,16732,16732,2,2
2023-06-02 15:16:47,16733,16733,16733,2,2
2023-06-02 15:16:47,16733,16733,16733,2,0
2023-06-02 15:16:51,16733,16733,16733,2,0
2023-06-02 15:16:55,16734,16734,16734,12,12
2023-06-02 15:16:57,16735,16735,16735,2,2
2023-06-02 15:17:01,16735,16735,16735,2,0
2023-06-02 15:17:01,16735,16735,16735,2,0
2023-06-02 15:17:01,16735,16735,16735,2,0
2023-06-02 15:17:02,16735,16735,16735,2,0
2023-06-02 15:17:03,16735,16735,16735,2,0
2023-06-02 15:17:04,16735,16735,16735,2,0
2023-06-02 15:17:05,16735,16735,16735,2,0
2023-06-02 15:17:06,16735,16735,16735,4,0
2023-06-02 15:17:06,16735,16735,16735,2,0
2023-06-02 15:17:06,16735,16735,16735,2,0
2023-06-02 15:17:06,16735,16735,16735,2,0
2023-06-02 15:17:06,16735,16735,16735,2,0
2023-06-02 15:17:12,16735,16735,16735,2,0
2023-06-02 15:17:17,16736,16736,16736,4,4
2023-06-02 15:17:19,16735,16735,16735,2,-2
2023-06-02 15:17:19,16735,16735,16735,2,0
2023-06-02 15:17:19,16735,16735,16735,2,0
2023-06-02 15:17:22,16735,16735,16735,2,0
2023-06-02 15:17:23,16735,16735,16735,2,0
2023-06-02 15:17:23,16735,16735,16735,4,0
2023-06-02 15:17:23,16735,16735,16735,2,0
2023-06-02 15:17:33,16736,16736,16736,2,2
2023-06-02 15:17:37,16735,16735,16735,2,-2
2023-06-02 15:17:48,16735,16735,16735,18,0
2023-06-02 15:17:48,16735,16735,16735,2,0
2023-06-02 15:17:48,16735,16735,16735,2,0
2023-06-02 15:17:48,16735,16735,16735,2,0
2023-06-02 15:17:48,16734,16734,16734,6,-6
2023-06-02 15:17:48,16734,16734,16734,2,0
2023-06-02 15:17:49,16734,16734,16734,2,0
2023-06-02 15:17:49,16735,16735,16735,2,2
2023-06-02 15:17:49,16734,16734,16734,2,-2
2023-06-02 15:17:53,16734,16734,16734,2,0
2023-06-02 15:17:53,16734,16734,16734,2,0
2023-06-02 15:17:53,16734,16734,16734,2,0
2023-06-02 15:18:04,16733,16733,16733,2,-2
2023-06-02 15:18:04,16733,16733,16733,2,0
2023-06-02 15:18:04,16733,16733,16733,2,0
2023-06-02 15:18:04,16733,16733,16733,2,0
2023-06-02 15:18:04,16733,16733,16733,2,0
2023-06-02 15:18:04,16734,16734,16734,2,2
2023-06-02 15:18:05,16734,16734,16734,2,0
2023-06-02 15:18:07,16734,16734,16734,2,0
2023-06-02 15:18:09,16734,16734,16734,4,0
2023-06-02 15:18:11,16735,16735,16735,6,6
2023-06-02 15:18:11,16735,16735,16735,2,0
2023-06-02 15:18:12,16734,16734,16734,2,-2
2023-06-02 15:18:12,16734,16734,16734,2,0
2023-06-02 15:18:13,16735,16735,16735,2,2
2023-06-02 15:18:15,16734,16734,16734,2,-2
2023-06-02 15:18:21,16735,16735,16735,2,2
2023-06-02 15:18:30,16734,16734,16734,2,-2
2023-06-02 15:18:37,16735,16735,16735,2,2
2023-06-02 15:18:38,16735,16735,16735,4,0
2023-06-02 15:18:53,16735,16735,16735,2,0
2023-06-02 15:18:53,16735,16735,16735,12,0
2023-06-02 15:18:53,16735,16735,16735,14,0
2023-06-02 15:18:54,16736,16736,16736,6,6
2023-06-02 15:18:54,16736,16736,16736,6,0
2023-06-02 15:18:54,16736,16736,16736,14,0
2023-06-02 15:18:54,16736,16736,16736,2,0
2023-06-02 15:18:54,16736,16736,16736,4,0
2023-06-02 15:18:54,16736,16736,16736,2,0
2023-06-02 15:18:54,16736,16736,16736,4,0
2023-06-02 15:18:54,16736,16736,16736,8,0
2023-06-02 15:18:57,16736,16736,16736,2,0
2023-06-02 15:18:59,16736,16736,16736,2,0
2023-06-02 15:19:02,16736,16736,16736,2,0
2023-06-02 15:19:02,16736,16736,16736,2,0
2023-06-02 15:19:02,16737,16737,16737,2,2
2023-06-02 15:19:02,16737,16737,16737,2,0
2023-06-02 15:19:02,16737,16737,16737,2,0
2023-06-02 15:19:02,16737,16737,16737,18,0
2023-06-02 15:19:03,16737,16737,16737,2,0
2023-06-02 15:19:03,16738,16738,16738,10,10
2023-06-02 15:19:03,16738,16738,16738,2,0
2023-06-02 15:19:03,16738,16738,16738,2,0
2023-06-02 15:19:03,16738,16738,16738,18,0
2023-06-02 15:19:05,16739,16739,16739,4,4
2023-06-02 15:19:05,16739,16739,16739,6,0
2023-06-02 15:19:06,16740,16740,16740,6,6
2023-06-02 15:19:06,16740,16740,16740,2,0
2023-06-02 15:19:06,16740,16740,16740,2,0
2023-06-02 15:19:06,16740,16740,16740,22,0
2023-06-02 15:19:06,16740,16740,16740,2,0
2023-06-02 15:19:06,16740,16740,16740,4,0
2023-06-02 15:19:06,16741,16741,16741,4,4
2023-06-02 15:19:07,16741,16741,16741,2,0
2023-06-02 15:19:07,16742,16742,16742,4,4
2023-06-02 15:19:07,16741,16741,16741,2,-2
2023-06-02 15:19:07,16741,16741,16741,2,0
2023-06-02 15:19:07,16742,16742,16742,10,10
2023-06-02 15:19:07,16741,16741,16741,6,-6
2023-06-02 15:19:07,16741,16741,16741,2,0
2023-06-02 15:19:07,16741,16741,16741,4,0
2023-06-02 15:19:08,16741,16741,16741,2,0
2023-06-02 15:19:08,16742,16742,16742,8,8
2023-06-02 15:19:09,16742,16742,16742,4,0
2023-06-02 15:19:10,16742,16742,16742,2,0
2023-06-02 15:19:10,16741,16741,16741,2,-2
2023-06-02 15:19:11,16742,16742,16742,2,2
2023-06-02 15:19:12,16741,16741,16741,2,-2
2023-06-02 15:19:13,16741,16741,16741,2,0
2023-06-02 15:19:13,16741,16741,16741,2,0
2023-06-02 15:19:13,16741,16741,16741,8,0
2023-06-02 15:19:13,16740,16740,16740,4,-4
2023-06-02 15:19:13,16740,16740,16740,2,0
2023-06-02 15:19:13,16740,16740,16740,2,0
2023-06-02 15:19:13,16740,16740,16740,2,0
2023-06-02 15:19:13,16740,16740,16740,2,0
2023-06-02 15:19:13,16740,16740,16740,2,0
2023-06-02 15:19:13,16740,16740,16740,6,0
2023-06-02 15:19:13,16740,16740,16740,2,0
2023-06-02 15:19:13,16740,16740,16740,2,0
2023-06-02 15:19:13,16740,16740,16740,2,0
2023-06-02 15:19:13,16740,16740,16740,2,0
2023-06-02 15:19:13,16741,16741,16741,2,2
2023-06-02 15:19:16,16741,16741,16741,2,0
2023-06-02 15:19:16,16742,16742,16742,4,4
2023-06-02 15:19:16,16741,16741,16741,2,-2
2023-06-02 15:19:16,16741,16741,16741,2,0
2023-06-02 15:19:16,16741,16741,16741,2,0
2023-06-02 15:19:16,16741,16741,16741,2,0
2023-06-02 15:19:17,16742,16742,16742,4,4
2023-06-02 15:19:17,16741,16741,16741,2,-2
2023-06-02 15:19:18,16741,16741,16741,6,0
2023-06-02 15:19:18,16741,16741,16741,2,0
2023-06-02 15:19:19,16741,16741,16741,2,0
2023-06-02 15:19:21,16743,16743,16743,4,4
2023-06-02 15:19:21,16742,16742,16742,2,-2
2023-06-02 15:19:21,16743,16743,16743,2,2
2023-06-02 15:19:22,16742,16742,16742,2,-2
2023-06-02 15:19:23,16743,16743,16743,4,4
2023-06-02 15:19:23,16741,16741,16741,4,-4
2023-06-02 15:19:24,16743,16743,16743,2,2
2023-06-02 15:19:25,16742,16742,16742,2,-2
2023-06-02 15:19:26,16741,16741,16741,2,-2
2023-06-02 15:19:26,16741,16741,16741,8,0
2023-06-02 15:19:26,16741,16741,16741,2,0
2023-06-02 15:19:26,16741,16741,16741,2,0
2023-06-02 15:19:26,16741,16741,16741,6,0
2023-06-02 15:19:26,16741,16741,16741,4,0
2023-06-02 15:19:26,16741,16741,16741,2,0
2023-06-02 15:19:26,16741,16741,16741,6,0
2023-06-02 15:19:26,16742,16742,16742,2,2
2023-06-02 15:19:27,16742,16742,16742,18,0
2023-06-02 15:19:27,16742,16742,16742,4,0
2023-06-02 15:19:30,16741,16741,16741,2,-2
2023-06-02 15:19:30,16741,16741,16741,2,0
2023-06-02 15:19:30,16741,16741,16741,2,0
2023-06-02 15:19:30,16741,16741,16741,2,0
2023-06-02 15:19:30,16741,16741,16741,2,0
2023-06-02 15:19:30,16741,16741,16741,4,0
2023-06-02 15:19:30,16741,16741,16741,6,0
2023-06-02 15:19:30,16741,16741,16741,2,0
2023-06-02 15:19:30,16741,16741,16741,2,0
2023-06-02 15:19:30,16741,16741,16741,2,0
2023-06-02 15:19:30,16741,16741,16741,6,0
2023-06-02 15:19:33,16741,16741,16741,2,0
2023-06-02 15:19:33,16741,16741,16741,2,0
2023-06-02 15:19:33,16741,16741,16741,4,0
2023-06-02 15:19:33,16741,16741,16741,2,0
2023-06-02 15:19:38,16742,16742,16742,2,2
2023-06-02 15:19:38,16742,16742,16742,8,0
2023-06-02 15:19:38,16741,16741,16741,2,-2
2023-06-02 15:19:42,16741,16741,16741,4,0
2023-06-02 15:19:42,16741,16741,16741,2,0
2023-06-02 15:19:42,16741,16741,16741,2,0
2023-06-02 15:19:46,16741,16741,16741,2,0
2023-06-02 15:19:46,16741,16741,16741,4,0
2023-06-02 15:19:46,16741,16741,16741,2,0
2023-06-02 15:19:46,16741,16741,16741,2,0
2023-06-02 15:19:46,16741,16741,16741,2,0
2023-06-02 15:19:48,16741,16741,16741,4,0
2023-06-02 15:19:48,16741,16741,16741,2,0
2023-06-02 15:19:48,16741,16741,16741,4,0
2023-06-02 15:19:48,16741,16741,16741,2,0
2023-06-02 15:19:48,16741,16741,16741,4,0
2023-06-02 15:19:48,16741,16741,16741,2,0
2023-06-02 15:19:50,16742,16742,16742,2,2
2023-06-02 15:19:50,16742,16742,16742,8,0
2023-06-02 15:19:52,16743,16743,16743,2,2
2023-06-02 15:19:53,16741,16741,16741,2,-2
2023-06-02 15:19:55,16741,16741,16741,2,0
2023-06-02 15:19:55,16741,16741,16741,2,0
2023-06-02 15:19:55,16741,16741,16741,2,0
2023-06-02 15:19:55,16741,16741,16741,2,0
2023-06-02 15:19:55,16741,16741,16741,2,0
2023-06-02 15:19:55,16741,16741,16741,2,0
2023-06-02 15:19:55,16741,16741,16741,6,0
2023-06-02 15:19:55,16741,16741,16741,2,0
2023-06-02 15:19:55,16741,16741,16741,2,0
2023-06-02 15:19:56,16742,16742,16742,2,2
2023-06-02 15:19:56,16742,16742,16742,14,0
2023-06-02 15:20:00,16742,16742,16742,2,0
2023-06-02 15:20:00,16742,16742,16742,6,0
2023-06-02 15:20:04,16742,16742,16742,2,0
2023-06-02 15:20:05,16742,16742,16742,2,0
2023-06-02 15:20:05,16742,16742,16742,2,0
2023-06-02 15:20:06,16742,16742,16742,2,0
2023-06-02 15:20:06,16742,16742,16742,2,0
2023-06-02 15:20:06,16742,16742,16742,4,0
2023-06-02 15:20:08,16741,16741,16741,4,-4
2023-06-02 15:20:08,16741,16741,16741,2,0
2023-06-02 15:20:08,16741,16741,16741,2,0
2023-06-02 15:20:08,16741,16741,16741,2,0
2023-06-02 15:20:08,16741,16741,16741,2,0
2023-06-02 15:20:08,16741,16741,16741,2,0
2023-06-02 15:20:08,16741,16741,16741,2,0
2023-06-02 15:20:08,16741,16741,16741,2,0
2023-06-02 15:20:16,16741,16741,16741,2,0
2023-06-02 15:20:17,16742,16742,16742,4,4
2023-06-02 15:20:22,16742,16742,16742,2,0
2023-06-02 15:20:22,16742,16742,16742,2,0
2023-06-02 15:20:22,16741,16741,16741,2,-2
2023-06-02 15:20:22,16741,16741,16741,2,0
2023-06-02 15:20:22,16741,16741,16741,2,0
2023-06-02 15:20:22,16741,16741,16741,6,0
2023-06-02 15:20:22,16741,16741,16741,2,0
2023-06-02 15:20:22,16741,16741,16741,2,0
2023-06-02 15:20:22,16741,16741,16741,2,0
2023-06-02 15:20:22,16741,16741,16741,2,0
2023-06-02 15:20:22,16741,16741,16741,2,0
2023-06-02 15:20:22,16740,16740,16740,2,-2
2023-06-02 15:20:22,16740,16740,16740,2,0
2023-06-02 15:20:22,16740,16740,16740,2,0
2023-06-02 15:20:22,16740,16740,16740,2,0
2023-06-02 15:20:22,16740,16740,16740,4,0
2023-06-02 15:20:22,16740,16740,16740,2,0
2023-06-02 15:20:22,16740,16740,16740,2,0
2023-06-02 15:20:22,16740,16740,16740,2,0
2023-06-02 15:20:22,16740,16740,16740,2,0
2023-06-02 15:20:22,16740,16740,16740,2,0
2023-06-02 15:20:22,16740,16740,16740,2,0
2023-06-02 15:20:22,16740,16740,16740,2,0
2023-06-02 15:20:22,16740,16740,16740,4,0
2023-06-02 15:20:22,16740,16740,16740,4,0
2023-06-02 15:20:22,16740,16740,16740,6,0
2023-06-02 15:20:22,16740,16740,16740,6,0
2023-06-02 15:20:22,16740,16740,16740,2,0
2023-06-02 15:20:22,16740,16740,16740,4,0
2023-06-02 15:20:22,16740,16740,16740,2,0
2023-06-02 15:20:23,16740,16740,16740,2,0
2023-06-02 15:20:23,16740,16740,16740,4,0
2023-06-02 15:20:23,16740,16740,16740,4,0
2023-06-02 15:20:23,16740,16740,16740,2,0
2023-06-02 15:20:23,16740,16740,16740,2,0
2023-06-02 15:20:24,16740,16740,16740,2,0
2023-06-02 15:20:27,16738,16738,16738,2,-2
2023-06-02 15:20:27,16738,16738,16738,2,0
2023-06-02 15:20:27,16738,16738,16738,2,0
2023-06-02 15:20:31,16737,16737,16737,2,-2
2023-06-02 15:20:32,16736,16736,16736,2,-2
2023-06-02 15:20:34,16737,16737,16737,2,2
2023-06-02 15:20:34,16739,16739,16739,4,4
2023-06-02 15:20:36,16738,16738,16738,4,-4
2023-06-02 15:20:40,16738,16738,16738,2,0
2023-06-02 15:20:40,16738,16738,16738,2,0
2023-06-02 15:20:40,16738,16738,16738,2,0
2023-06-02 15:20:40,16738,16738,16738,2,0
2023-06-02 15:20:40,16738,16738,16738,2,0
2023-06-02 15:20:40,16738,16738,16738,6,0
2023-06-02 15:20:40,16738,16738,16738,2,0
2023-06-02 15:20:40,16738,16738,16738,2,0
2023-06-02 15:20:44,16738,16738,16738,2,0
2023-06-02 15:20:44,16738,16738,16738,2,0
2023-06-02 15:20:49,16737,16737,16737,2,-2
2023-06-02 15:20:50,16738,16738,16738,2,2
2023-06-02 15:20:55,16738,16738,16738,2,0
2023-06-02 15:20:57,16737,16737,16737,2,-2
2023-06-02 15:20:59,16737,16737,16737,4,0
2023-06-02 15:21:00,16737,16737,16737,2,0
2023-06-02 15:21:10,16737,16737,16737,2,0
2023-06-02 15:21:11,16737,16737,16737,2,0
2023-06-02 15:21:18,16736,16736,16736,2,-2
2023-06-02 15:21:18,16736,16736,16736,2,0
2023-06-02 15:21:18,16736,16736,16736,2,0
2023-06-02 15:21:18,16736,16736,16736,2,0
2023-06-02 15:21:18,16736,16736,16736,2,0
2023-06-02 15:21:18,16736,16736,16736,8,0
2023-06-02 15:21:18,16736,16736,16736,2,0
2023-06-02 15:21:18,16736,16736,16736,2,0
2023-06-02 15:21:18,16736,16736,16736,2,0
2023-06-02 15:21:18,16736,16736,16736,2,0
2023-06-02 15:21:18,16736,16736,16736,2,0
2023-06-02 15:21:18,16736,16736,16736,2,0
2023-06-02 15:21:31,16736,16736,16736,2,0
2023-06-02 15:21:36,16736,16736,16736,2,0
2023-06-02 15:21:36,16737,16737,16737,2,2
2023-06-02 15:21:38,16737,16737,16737,2,0
2023-06-02 15:21:48,16736,16736,16736,2,-2
2023-06-02 15:21:48,16735,16735,16735,2,-2
2023-06-02 15:21:48,16735,16735,16735,2,0
2023-06-02 15:21:48,16735,16735,16735,2,0
2023-06-02 15:21:48,16735,16735,16735,6,0
2023-06-02 15:21:48,16735,16735,16735,2,0
2023-06-02 15:21:48,16735,16735,16735,2,0
2023-06-02 15:21:48,16735,16735,16735,2,0
2023-06-02 15:21:48,16735,16735,16735,2,0
2023-06-02 15:21:48,16735,16735,16735,2,0
2023-06-02 15:21:48,16735,16735,16735,2,0
2023-06-02 15:21:48,16735,16735,16735,2,0
2023-06-02 15:21:49,16735,16735,16735,2,0
2023-06-02 15:21:51,16734,16734,16734,2,-2
2023-06-02 15:21:51,16734,16734,16734,2,0
2023-06-02 15:21:51,16734,16734,16734,2,0
2023-06-02 15:21:51,16734,16734,16734,2,0
2023-06-02 15:21:51,16734,16734,16734,2,0
2023-06-02 15:21:55,16733,16733,16733,2,-2
2023-06-02 15:21:55,16733,16733,16733,2,0
2023-06-02 15:21:55,16733,16733,16733,2,0
2023-06-02 15:21:55,16733,16733,16733,2,0
2023-06-02 15:21:56,16732,16732,16732,2,-2
2023-06-02 15:21:59,16734,16734,16734,4,4
2023-06-02 15:21:59,16735,16735,16735,6,6
2023-06-02 15:21:59,16734,16734,16734,2,-2
2023-06-02 15:22:08,16734,16734,16734,2,0
2023-06-02 15:22:09,16735,16735,16735,2,2
2023-06-02 15:22:12,16733,16733,16733,2,-2
2023-06-02 15:22:12,16733,16733,16733,4,0
2023-06-02 15:22:12,16733,16733,16733,2,0
2023-06-02 15:22:12,16733,16733,16733,2,0
2023-06-02 15:22:13,16732,16732,16732,2,-2
2023-06-02 15:22:13,16732,16732,16732,4,0
2023-06-02 15:22:13,16732,16732,16732,2,0
2023-06-02 15:22:13,16732,16732,16732,2,0
2023-06-02 15:22:13,16732,16732,16732,4,0
2023-06-02 15:22:13,16732,16732,16732,2,0
2023-06-02 15:22:18,16732,16732,16732,2,0
2023-06-02 15:22:22,16732,16732,16732,2,0
2023-06-02 15:22:26,16731,16731,16731,2,-2
2023-06-02 15:22:27,16732,16732,16732,6,6
2023-06-02 15:22:30,16731,16731,16731,2,-2
2023-06-02 15:22:30,16731,16731,16731,2,0
2023-06-02 15:22:30,16732,16732,16732,2,2
2023-06-02 15:22:37,16732,16732,16732,2,0
2023-06-02 15:22:37,16732,16732,16732,4,0
2023-06-02 15:22:37,16734,16734,16734,2,2
2023-06-02 15:22:39,16733,16733,16733,2,-2
2023-06-02 15:22:41,16733,16733,16733,2,0
2023-06-02 15:22:41,16733,16733,16733,2,0
2023-06-02 15:22:41,16732,16732,16732,2,-2
2023-06-02 15:22:41,16732,16732,16732,4,0
2023-06-02 15:22:41,16732,16732,16732,2,0
2023-06-02 15:22:41,16732,16732,16732,2,0
2023-06-02 15:22:41,16732,16732,16732,2,0
2023-06-02 15:22:41,16732,16732,16732,4,0
2023-06-02 15:22:41,16732,16732,16732,2,0
2023-06-02 15:22:41,16732,16732,16732,6,0
2023-06-02 15:22:43,16732,16732,16732,4,0
2023-06-02 15:22:43,16732,16732,16732,2,0
2023-06-02 15:22:43,16732,16732,16732,4,0
2023-06-02 15:22:45,16732,16732,16732,2,0
2023-06-02 15:22:45,16732,16732,16732,2,0
2023-06-02 15:22:45,16734,16734,16734,2,2
2023-06-02 15:22:47,16734,16734,16734,2,0
2023-06-02 15:22:59,16732,16732,16732,2,-2
2023-06-02 15:23:00,16732,16732,16732,2,0
2023-06-02 15:23:00,16732,16732,16732,2,0
2023-06-02 15:23:00,16732,16732,16732,2,0
2023-06-02 15:23:01,16733,16733,16733,2,2
2023-06-02 15:23:07,16732,16732,16732,2,-2
2023-06-02 15:23:09,16733,16733,16733,2,2
2023-06-02 15:23:11,16734,16734,16734,2,2
2023-06-02 15:23:21,16734,16734,16734,2,0
2023-06-02 15:23:21,16734,16734,16734,2,0
2023-06-02 15:23:21,16734,16734,16734,2,0
2023-06-02 15:23:21,16734,16734,16734,6,0
2023-06-02 15:23:21,16734,16734,16734,2,0
2023-06-02 15:23:25,16733,16733,16733,2,-2
2023-06-02 15:23:25,16733,16733,16733,2,0
2023-06-02 15:23:25,16733,16733,16733,2,0
2023-06-02 15:23:27,16732,16732,16732,2,-2
2023-06-02 15:23:27,16732,16732,16732,6,0
2023-06-02 15:23:27,16732,16732,16732,2,0
2023-06-02 15:23:27,16732,16732,16732,2,0
2023-06-02 15:23:27,16732,16732,16732,4,0
2023-06-02 15:23:27,16732,16732,16732,2,0
2023-06-02 15:23:28,16732,16732,16732,4,0
2023-06-02 15:23:45,16732,16732,16732,20,0
2023-06-02 15:23:49,16732,16732,16732,6,0
2023-06-02 15:23:55,16731,16731,16731,4,-4
2023-06-02 15:23:55,16731,16731,16731,2,0
2023-06-02 15:23:55,16731,16731,16731,2,0
2023-06-02 15:23:55,16731,16731,16731,4,0
2023-06-02 15:23:55,16731,16731,16731,2,0
2023-06-02 15:23:55,16731,16731,16731,4,0
2023-06-02 15:23:55,16731,16731,16731,2,0
2023-06-02 15:23:55,16731,16731,16731,4,0
2023-06-02 15:23:55,16731,16731,16731,4,0
2023-06-02 15:24:02,16731,16731,16731,2,0
2023-06-02 15:24:03,16732,16732,16732,6,6
2023-06-02 15:24:03,16732,16732,16732,4,0
2023-06-02 15:24:03,16732,16732,16732,10,0
2023-06-02 15:24:04,16733,16733,16733,4,4
2023-06-02 15:24:07,16732,16732,16732,4,-4
2023-06-02 15:24:07,16732,16732,16732,2,0
2023-06-02 15:24:07,16732,16732,16732,2,0
2023-06-02 15:24:17,16732,16732,16732,2,0
2023-06-02 15:24:17,16732,16732,16732,2,0
2023-06-02 15:24:21,16732,16732,16732,6,0
2023-06-02 15:24:26,16732,16732,16732,6,0
2023-06-02 15:24:46,16732,16732,16732,2,0
2023-06-02 15:25:04,16732,16732,16732,2,0
2023-06-02 15:25:04,16732,16732,16732,2,0
2023-06-02 15:25:04,16732,16732,16732,2,0
2023-06-02 15:25:05,16731,16731,16731,2,-2
2023-06-02 15:25:05,16731,16731,16731,2,0
2023-06-02 15:25:05,16731,16731,16731,2,0
2023-06-02 15:25:05,16731,16731,16731,2,0
2023-06-02 15:25:10,16733,16733,16733,2,2
2023-06-02 15:25:11,16733,16733,16733,2,0
2023-06-02 15:25:13,16732,16732,16732,2,-2
2023-06-02 15:25:15,16732,16732,16732,2,0
2023-06-02 15:25:15,16732,16732,16732,2,0
2023-06-02 15:25:16,16732,16732,16732,2,0
2023-06-02 15:25:16,16732,16732,16732,2,0
2023-06-02 15:25:17,16731,16731,16731,2,-2
2023-06-02 15:25:20,16731,16731,16731,2,0
2023-06-02 15:25:46,16731,16731,16731,2,0
2023-06-02 15:25:51,16733,16733,16733,2,2
2023-06-02 15:25:51,16732,16732,16732,2,-2
2023-06-02 15:25:52,16731,16731,16731,2,-2
2023-06-02 15:25:58,16731,16731,16731,2,0
2023-06-02 15:25:58,16731,16731,16731,2,0
2023-06-02 15:26:02,16731,16731,16731,2,0
2023-06-02 15:26:02,16732,16732,16732,2,2
2023-06-02 15:26:04,16732,16732,16732,2,0
2023-06-02 15:26:10,16731,16731,16731,2,-2
2023-06-02 15:26:10,16731,16731,16731,16,0
2023-06-02 15:26:10,16731,16731,16731,2,0
2023-06-02 15:26:10,16731,16731,16731,2,0
2023-06-02 15:26:10,16731,16731,16731,2,0
2023-06-02 15:26:12,16730,16730,16730,2,-2
2023-06-02 15:26:12,16730,16730,16730,4,0
2023-06-02 15:26:12,16730,16730,16730,2,0
2023-06-02 15:26:12,16730,16730,16730,2,0
2023-06-02 15:26:12,16730,16730,16730,2,0
2023-06-02 15:26:12,16730,16730,16730,2,0
2023-06-02 15:26:12,16730,16730,16730,4,0
2023-06-02 15:26:12,16730,16730,16730,2,0
2023-06-02 15:26:12,16730,16730,16730,2,0
2023-06-02 15:26:12,16730,16730,16730,18,0
2023-06-02 15:26:12,16730,16730,16730,16,0
2023-06-02 15:26:12,16730,16730,16730,2,0
2023-06-02 15:26:12,16730,16730,16730,2,0
2023-06-02 15:26:12,16730,16730,16730,2,0
2023-06-02 15:26:12,16730,16730,16730,2,0
2023-06-02 15:26:12,16730,16730,16730,2,0
2023-06-02 15:26:12,16729,16729,16729,6,-6
2023-06-02 15:26:12,16729,16729,16729,2,0
2023-06-02 15:26:12,16729,16729,16729,2,0
2023-06-02 15:26:12,16729,16729,16729,2,0
2023-06-02 15:26:12,16729,16729,16729,4,0
2023-06-02 15:26:12,16729,16729,16729,6,0
2023-06-02 15:26:12,16729,16729,16729,2,0
2023-06-02 15:26:12,16729,16729,16729,2,0
2023-06-02 15:26:12,16729,16729,16729,2,0
2023-06-02 15:26:12,16729,16729,16729,2,0
2023-06-02 15:26:12,16729,16729,16729,6,0
2023-06-02 15:26:12,16729,16729,16729,2,0
2023-06-02 15:26:12,16729,16729,16729,2,0
2023-06-02 15:26:12,16729,16729,16729,10,0
2023-06-02 15:26:12,16729,16729,16729,10,0
2023-06-02 15:26:12,16729,16729,16729,10,0
2023-06-02 15:26:12,16728,16728,16728,4,-4
2023-06-02 15:26:12,16728,16728,16728,6,0
2023-06-02 15:26:12,16728,16728,16728,2,0
2023-06-02 15:26:12,16728,16728,16728,2,0
2023-06-02 15:26:12,16728,16728,16728,2,0
2023-06-02 15:26:12,16728,16728,16728,2,0
2023-06-02 15:26:12,16728,16728,16728,10,0
2023-06-02 15:26:12,16728,16728,16728,6,0
2023-06-02 15:26:12,16728,16728,16728,2,0
2023-06-02 15:26:12,16728,16728,16728,2,0
2023-06-02 15:26:12,16728,16728,16728,4,0
2023-06-02 15:26:12,16728,16728,16728,2,0
2023-06-02 15:26:12,16728,16728,16728,6,0
2023-06-02 15:26:12,16728,16728,16728,4,0
2023-06-02 15:26:12,16728,16728,16728,2,0
2023-06-02 15:26:12,16728,16728,16728,2,0
2023-06-02 15:26:12,16728,16728,16728,2,0
2023-06-02 15:26:12,16728,16728,16728,2,0
2023-06-02 15:26:12,16728,16728,16728,2,0
2023-06-02 15:26:12,16728,16728,16728,2,0
2023-06-02 15:26:12,16728,16728,16728,2,0
2023-06-02 15:26:12,16727,16727,16727,2,-2
2023-06-02 15:26:12,16727,16727,16727,2,0
2023-06-02 15:26:12,16727,16727,16727,2,0
2023-06-02 15:26:13,16728,16728,16728,2,2
2023-06-02 15:26:13,16728,16728,16728,8,0
2023-06-02 15:26:18,16727,16727,16727,2,-2
2023-06-02 15:26:22,16728,16728,16728,2,2
2023-06-02 15:26:22,16727,16727,16727,2,-2
2023-06-02 15:26:22,16727,16727,16727,2,0
2023-06-02 15:26:22,16727,16727,16727,2,0
2023-06-02 15:26:23,16727,16727,16727,2,0
2023-06-02 15:26:24,16728,16728,16728,2,2
2023-06-02 15:26:27,16728,16728,16728,8,0
2023-06-02 15:26:34,16728,16728,16728,4,0
2023-06-02 15:26:34,16728,16728,16728,2,0
2023-06-02 15:26:34,16728,16728,16728,2,0
2023-06-02 15:26:35,16727,16727,16727,2,-2
2023-06-02 15:26:35,16727,16727,16727,2,0
2023-06-02 15:26:35,16727,16727,16727,2,0
2023-06-02 15:26:35,16727,16727,16727,2,0
2023-06-02 15:26:35,16727,16727,16727,2,0
2023-06-02 15:26:35,16727,16727,16727,2,0
2023-06-02 15:26:35,16727,16727,16727,2,0
2023-06-02 15:26:35,16727,16727,16727,8,0
2023-06-02 15:26:35,16727,16727,16727,4,0
2023-06-02 15:26:39,16726,16726,16726,2,-2
2023-06-02 15:26:42,16727,16727,16727,2,2
2023-06-02 15:26:42,16727,16727,16727,2,0
2023-06-02 15:26:49,16726,16726,16726,2,-2
2023-06-02 15:26:49,16727,16727,16727,4,4
2023-06-02 15:26:50,16726,16726,16726,2,-2
2023-06-02 15:26:53,16727,16727,16727,2,2
2023-06-02 15:26:54,16726,16726,16726,2,-2
2023-06-02 15:27:00,16726,16726,16726,2,0
2023-06-02 15:27:02,16727,16727,16727,36,36
2023-06-02 15:27:05,16728,16728,16728,4,4
2023-06-02 15:27:08,16728,16728,16728,2,0
2023-06-02 15:27:08,16728,16728,16728,2,0
2023-06-02 15:27:08,16728,16728,16728,2,0
2023-06-02 15:27:09,16728,16728,16728,2,0
2023-06-02 15:27:09,16728,16728,16728,2,0
2023-06-02 15:27:09,16728,16728,16728,2,0
2023-06-02 15:27:09,16728,16728,16728,2,0
2023-06-02 15:27:10,16728,16728,16728,2,0
2023-06-02 15:27:10,16728,16728,16728,2,0
2023-06-02 15:27:11,16728,16728,16728,2,0
2023-06-02 15:27:12,16727,16727,16727,2,-2
2023-06-02 15:27:12,16727,16727,16727,2,0
2023-06-02 15:27:18,16726,16726,16726,6,-6
2023-06-02 15:27:18,16726,16726,16726,2,0
2023-06-02 15:27:18,16726,16726,16726,2,0
2023-06-02 15:27:18,16726,16726,16726,2,0
2023-06-02 15:27:18,16726,16726,16726,16,0
2023-06-02 15:27:18,16726,16726,16726,2,0
2023-06-02 15:27:18,16726,16726,16726,2,0
2023-06-02 15:27:18,16726,16726,16726,2,0
2023-06-02 15:27:18,16725,16725,16725,2,-2
2023-06-02 15:27:18,16725,16725,16725,2,0
2023-06-02 15:27:18,16725,16725,16725,10,0
2023-06-02 15:27:18,16725,16725,16725,2,0
2023-06-02 15:27:18,16725,16725,16725,2,0
2023-06-02 15:27:18,16725,16725,16725,2,0
2023-06-02 15:27:18,16725,16725,16725,2,0
2023-06-02 15:27:18,16725,16725,16725,4,0
2023-06-02 15:27:18,16725,16725,16725,10,0
2023-06-02 15:27:18,16725,16725,16725,4,0
2023-06-02 15:27:18,16725,16725,16725,2,0
2023-06-02 15:27:18,16725,16725,16725,4,0
2023-06-02 15:27:18,16725,16725,16725,2,0
2023-06-02 15:27:18,16724,16724,16724,2,-2
2023-06-02 15:27:18,16724,16724,16724,2,0
2023-06-02 15:27:18,16725,16725,16725,2,2
2023-06-02 15:27:19,16724,16724,16724,2,-2
2023-06-02 15:27:19,16724,16724,16724,2,0
2023-06-02 15:27:19,16725,16725,16725,2,2
2023-06-02 15:27:20,16724,16724,16724,2,-2
2023-06-02 15:27:21,16725,16725,16725,2,2
2023-06-02 15:27:22,16724,16724,16724,2,-2
2023-06-02 15:27:24,16724,16724,16724,2,0
2023-06-02 15:27:25,16724,16724,16724,2,0
2023-06-02 15:27:25,16724,16724,16724,4,0
2023-06-02 15:27:25,16724,16724,16724,2,0
2023-06-02 15:27:26,16725,16725,16725,2,2
2023-06-02 15:27:32,16726,16726,16726,2,2
2023-06-02 15:27:32,16725,16725,16725,2,-2
2023-06-02 15:27:32,16725,16725,16725,2,0
2023-06-02 15:27:32,16725,16725,16725,4,0
2023-06-02 15:27:32,16725,16725,16725,4,0
2023-06-02 15:27:32,16725,16725,16725,2,0
2023-06-02 15:27:32,16725,16725,16725,2,0
2023-06-02 15:27:32,16727,16727,16727,4,4
2023-06-02 15:27:35,16726,16726,16726,2,-2
