2020-10-05 15:00:00.011,12520,12521,12520,42,-42
2020-10-05 15:00:00.129,12520,12521,12520,2,-2
2020-10-05 15:00:00.130,12520,12521,12520,3,-3
2020-10-05 15:00:00.135,12520,12521,12520,5,-5
2020-10-05 15:00:00.251,12519,12520,12519,2,-2
2020-10-05 15:00:00.329,12519,12520,12520,2,2
2020-10-05 15:00:00.356,12519,12520,12520,3,3
2020-10-05 15:00:00.356,12519,12520,12521,3,3
2020-10-05 15:00:00.384,12519,12520,12521,3,3
2020-10-05 15:00:00.384,12519,12520,12522,1,1
2020-10-05 15:00:00.517,12520,12521,12519,1,-1
2020-10-05 15:00:00.712,12519,12520,12520,1,1
2020-10-05 15:00:00.712,12519,12520,12521,5,5
2020-10-05 15:00:00.712,12519,12520,12521,4,4
2020-10-05 15:00:00.730,12519,12520,12520,1,1
2020-10-05 15:00:01.006,12520,12521,12521,3,3
2020-10-05 15:00:01.006,12520,12521,12520,1,-1
2020-10-05 15:00:01.008,12520,12521,12521,1,1
2020-10-05 15:00:01.173,12520,12522,12520,1,-1
2020-10-05 15:00:01.189,12520,12522,12520,1,-1
2020-10-05 15:00:01.371,12520,12522,12522,1,1
2020-10-05 15:00:01.371,12520,12522,12522,1,1
2020-10-05 15:00:01.451,12520,12522,12522,1,1
2020-10-05 15:00:01.478,12520,12522,12522,1,1
2020-10-05 15:00:01.483,12520,12522,12522,1,1
2020-10-05 15:00:02.401,12521,12522,12521,2,-2
2020-10-05 15:00:02.475,12521,12522,12521,1,-1
2020-10-05 15:00:02.605,12520,12522,12520,1,-1
2020-10-05 15:00:02.651,12520,12521,12520,2,-2
2020-10-05 15:00:02.822,12519,12521,12520,2,-2
2020-10-05 15:00:03.776,12520,12521,12520,4,-4
2020-10-05 15:00:05.570,12519,12521,12521,1,1
2020-10-05 15:00:05.572,12519,12521,12521,4,4
2020-10-05 15:00:06.276,12520,12521,12520,1,-1
2020-10-05 15:00:06.401,12519,12521,12519,5,-5
2020-10-05 15:00:06.866,12518,12521,12521,1,1
2020-10-05 15:00:08.207,12519,12521,12520,1,-1
2020-10-05 15:00:08.581,12519,12521,12521,1,1
2020-10-05 15:00:09.078,12519,12520,12519,1,-1
2020-10-05 15:00:10.910,12519,12521,12521,1,1
2020-10-05 15:00:13.296,12521,12522,12522,1,1
2020-10-05 15:00:13.824,12521,12522,12521,1,-1
2020-10-05 15:00:14.016,12521,12522,12521,1,-1
2020-10-05 15:00:14.033,12521,12522,12522,1,1
2020-10-05 15:00:14.033,12521,12522,12522,3,3
2020-10-05 15:00:15.432,12521,12522,12521,4,-4
2020-10-05 15:00:17.084,12520,12521,12521,2,2
2020-10-05 15:00:19.169,12521,12522,12522,1,1
2020-10-05 15:00:20.026,12521,12522,12522,2,2
2020-10-05 15:00:20.693,12521,12522,12521,5,-5
2020-10-05 15:00:20.695,12521,12522,12521,2,-2
2020-10-05 15:00:22.149,12520,12521,12520,1,-1
2020-10-05 15:00:22.150,12520,12521,12520,1,-1
2020-10-05 15:00:22.155,12520,12521,12520,1,-1
2020-10-05 15:00:22.156,12520,12521,12520,1,-1
2020-10-05 15:00:23.233,12520,12521,12521,2,2
2020-10-05 15:00:23.270,12520,12521,12522,1,1
2020-10-05 15:00:23.916,12521,12523,12521,1,-1
2020-10-05 15:00:26.730,12522,12523,12522,1,1
2020-10-05 15:00:26.783,12521,12523,12521,1,-1
2020-10-05 15:00:27.901,12522,12523,12523,9,9
2020-10-05 15:00:28.238,12523,12524,12524,1,1
2020-10-05 15:00:28.884,12523,12524,12523,1,-1
2020-10-05 15:00:32.786,12522,12523,12523,1,1
2020-10-05 15:00:34.185,12523,12524,12524,1,1
2020-10-05 15:00:35.363,12523,12524,12524,1,1
2020-10-05 15:00:35.871,12523,12524,12523,2,-2
2020-10-05 15:00:39.253,12523,12524,12523,2,-2
2020-10-05 15:00:40.075,12523,12524,12523,2,-2
2020-10-05 15:00:42.110,12523,12524,12523,5,-5
2020-10-05 15:00:42.111,12523,12524,12523,3,-3
2020-10-05 15:00:44.072,12522,12523,12522,4,-4
2020-10-05 15:00:44.072,12522,12523,12521,1,-1
2020-10-05 15:00:51.683,12521,12523,12521,3,-3
2020-10-05 15:00:56.072,12521,12522,12522,2,2
2020-10-05 15:00:56.602,12522,12523,12522,7,-7
2020-10-05 15:00:56.602,12522,12523,12521,18,-18
2020-10-05 15:00:59.001,12521,12522,12521,1,-1
2020-10-05 15:00:59.043,12521,12522,12521,1,-1
2020-10-05 15:00:59.043,12521,12522,12521,2,-2
2020-10-05 15:00:59.580,12521,12522,12521,1,-1
2020-10-05 15:00:59.580,12521,12522,12520,1,-1
2020-10-05 15:01:00.037,12520,12522,12520,3,-3
2020-10-05 15:01:00.098,12520,12522,12520,1,-1
2020-10-05 15:01:00.444,12520,12521,12520,1,-1
2020-10-05 15:01:01.468,12520,12522,12521,1,1
2020-10-05 15:01:02.288,12521,12522,12522,5,5
2020-10-05 15:01:04.650,12522,12523,12523,2,2
2020-10-05 15:01:05.254,12522,12523,12523,2,2
2020-10-05 15:01:05.354,12522,12523,12523,1,1
2020-10-05 15:01:06.540,12522,12523,12523,2,2
2020-10-05 15:01:07.061,12523,12524,12523,1,-1
2020-10-05 15:01:07.152,12522,12524,12522,1,-1
2020-10-05 15:01:10.583,12523,12524,12524,8,8
2020-10-05 15:01:10.636,12523,12524,12524,1,1
2020-10-05 15:01:10.773,12524,12525,12524,1,-1
2020-10-05 15:01:13.896,12524,12525,12524,1,-1
2020-10-05 15:01:14.037,12524,12525,12524,1,-1
2020-10-05 15:01:14.847,12524,12525,12525,1,1
2020-10-05 15:01:14.847,12524,12525,12525,7,7
2020-10-05 15:01:15.554,12525,12526,12526,3,3
2020-10-05 15:01:15.554,12525,12526,12526,3,3
2020-10-05 15:01:16.134,12526,12527,12526,1,-1
2020-10-05 15:01:17.592,12525,12527,12526,1,-1
2020-10-05 15:01:17.654,12525,12526,12525,1,-1
2020-10-05 15:01:19.668,12525,12526,12526,1,1
2020-10-05 15:01:19.679,12525,12526,12526,1,1
2020-10-05 15:01:19.707,12525,12526,12526,1,1
2020-10-05 15:01:19.771,12525,12526,12526,1,1
2020-10-05 15:01:22.739,12525,12526,12526,1,1
2020-10-05 15:01:23.479,12525,12526,12525,1,-1
2020-10-05 15:01:23.479,12525,12526,12525,3,-3
2020-10-05 15:01:23.818,12524,12526,12524,1,-1
2020-10-05 15:01:25.713,12525,12526,12525,1,1
2020-10-05 15:01:28.939,12524,12525,12525,1,1
2020-10-05 15:01:32.443,12524,12526,12525,1,-1
2020-10-05 15:01:32.709,12525,12526,12526,1,1
2020-10-05 15:01:36.357,12524,12525,12525,1,1
2020-10-05 15:01:36.650,12524,12525,12524,2,-2
2020-10-05 15:01:36.656,12524,12525,12524,1,-1
2020-10-05 15:01:36.656,12524,12525,12524,2,-2
2020-10-05 15:01:42.375,12523,12524,12523,1,-1
2020-10-05 15:01:42.640,12523,12524,12524,1,1
2020-10-05 15:01:46.887,12523,12524,12523,4,-4
2020-10-05 15:01:47.439,12522,12524,12524,8,8
2020-10-05 15:01:47.439,12522,12524,12525,2,2
2020-10-05 15:01:48.234,12523,12524,12523,1,-1
2020-10-05 15:01:53.947,12523,12524,12523,2,-2
2020-10-05 15:01:54.935,12523,12524,12524,1,1
2020-10-05 15:01:55.272,12523,12524,12524,2,2
2020-10-05 15:02:02.197,12522,12524,12523,2,-2
2020-10-05 15:02:04.345,12523,12524,12524,1,1
2020-10-05 15:02:04.974,12523,12524,12524,1,1
2020-10-05 15:02:07.792,12523,12524,12523,3,-3
2020-10-05 15:02:08.985,12523,12524,12524,1,1
2020-10-05 15:02:08.986,12523,12524,12524,1,1
2020-10-05 15:02:09.353,12524,12525,12524,1,-1
2020-10-05 15:02:11.393,12524,12525,12524,1,-1
2020-10-05 15:02:12.677,12524,12525,12525,1,1
2020-10-05 15:02:33.205,12525,12526,12525,1,-1
2020-10-05 15:02:33.343,12525,12526,12526,1,1
2020-10-05 15:02:33.612,12525,12527,12525,1,-1
2020-10-05 15:02:37.601,12525,12526,12525,1,-1
2020-10-05 15:02:50.022,12525,12526,12525,7,-7
2020-10-05 15:02:55.133,12524,12525,12525,1,1
2020-10-05 15:02:55.273,12524,12525,12525,2,2
2020-10-05 15:03:02.453,12525,12526,12526,5,5
2020-10-05 15:03:04.742,12525,12526,12526,1,1
2020-10-05 15:03:04.847,12525,12526,12525,1,-1
2020-10-05 15:03:05.797,12525,12526,12525,1,-1
2020-10-05 15:03:05.797,12525,12526,12525,1,-1
2020-10-05 15:03:08.453,12524,12526,12524,1,-1
2020-10-05 15:03:09.337,12525,12526,12525,1,1
2020-10-05 15:03:14.467,12524,12525,12525,1,1
2020-10-05 15:03:25.429,12524,12525,12525,1,1
2020-10-05 15:03:35.489,12524,12525,12524,1,-1
2020-10-05 15:03:40.643,12524,12525,12525,1,1
2020-10-05 15:03:42.426,12524,12525,12525,1,1
2020-10-05 15:03:42.426,12524,12525,12525,1,1
2020-10-05 15:03:42.426,12524,12525,12525,1,1
2020-10-05 15:03:47.497,12525,12526,12525,1,-1
2020-10-05 15:03:47.497,12525,12526,12525,3,-3
2020-10-05 15:03:50.091,12524,12525,12525,1,1
2020-10-05 15:03:56.202,12524,12525,12524,8,-8
2020-10-05 15:03:57.026,12523,12524,12523,1,-1
2020-10-05 15:04:05.012,12523,12524,12523,1,-1
2020-10-05 15:04:05.265,12523,12524,12524,2,2
2020-10-05 15:04:05.543,12523,12524,12523,1,-1
2020-10-05 15:04:07.139,12523,12524,12523,1,-1
2020-10-05 15:04:07.139,12523,12524,12523,3,-3
2020-10-05 15:04:07.139,12523,12524,12523,1,-1
2020-10-05 15:04:07.139,12523,12524,12523,2,-2
2020-10-05 15:04:07.139,12523,12524,12523,1,-1
2020-10-05 15:04:15.131,12522,12523,12522,2,-2
2020-10-05 15:04:15.879,12522,12523,12522,5,-5
2020-10-05 15:04:30.512,12521,12522,12522,5,5
2020-10-05 15:04:30.512,12521,12522,12523,1,1
2020-10-05 15:04:38.335,12522,12523,12523,3,3
2020-10-05 15:04:41.121,12522,12523,12522,1,-1
2020-10-05 15:04:42.038,12521,12522,12522,1,1
2020-10-05 15:04:44.590,12521,12522,12522,1,1
2020-10-05 15:04:55.853,12522,12523,12523,1,1
2020-10-05 15:05:00.403,12522,12523,12522,2,-2
2020-10-05 15:05:02.164,12521,12522,12522,6,6
2020-10-05 15:05:02.898,12521,12522,12521,2,-2
2020-10-05 15:05:06.280,12521,12522,12521,3,-3
2020-10-05 15:05:06.280,12521,12522,12521,3,-3
2020-10-05 15:05:08.103,12520,12521,12520,10,-10
2020-10-05 15:05:08.567,12520,12522,12520,3,-3
2020-10-05 15:05:10.526,12520,12521,12520,4,-4
2020-10-05 15:05:12.118,12519,12520,12520,2,2
2020-10-05 15:05:14.882,12521,12522,12521,1,1
2020-10-05 15:05:15.654,12521,12522,12522,1,1
2020-10-05 15:05:15.654,12521,12522,12522,1,1
2020-10-05 15:05:15.655,12521,12522,12522,1,1
2020-10-05 15:05:17.164,12522,12523,12522,1,-1
2020-10-05 15:05:17.696,12522,12523,12523,1,1
2020-10-05 15:05:17.701,12522,12523,12522,1,-1
2020-10-05 15:05:18.764,12522,12523,12522,1,-1
2020-10-05 15:05:19.376,12521,12523,12523,1,1
2020-10-05 15:05:22.536,12521,12523,12521,2,-2
2020-10-05 15:05:31.235,12521,12522,12521,2,-2
2020-10-05 15:05:37.094,12520,12521,12521,1,1
2020-10-05 15:05:37.610,12520,12521,12520,1,-1
2020-10-05 15:05:37.651,12520,12521,12520,1,-1
2020-10-05 15:05:38.526,12519,12520,12519,7,-7
2020-10-05 15:05:41.401,12518,12519,12518,2,-2
2020-10-05 15:05:41.548,12518,12519,12518,1,-1
2020-10-05 15:05:41.553,12518,12519,12518,3,-3
2020-10-05 15:05:41.553,12518,12519,12518,1,-1
2020-10-05 15:05:41.553,12518,12519,12518,1,-1
2020-10-05 15:05:41.584,12518,12519,12518,1,-1
2020-10-05 15:05:41.587,12518,12519,12518,1,-1
2020-10-05 15:05:46.522,12518,12519,12518,1,-1
2020-10-05 15:05:48.572,12517,12518,12518,1,1
2020-10-05 15:05:50.857,12517,12518,12517,1,-1
2020-10-05 15:05:50.923,12517,12518,12517,1,-1
2020-10-05 15:05:52.190,12517,12518,12517,1,-1
2020-10-05 15:05:53.827,12517,12518,12517,1,-1
2020-10-05 15:05:56.232,12517,12518,12517,2,-2
2020-10-05 15:05:56.650,12517,12518,12517,1,-1
2020-10-05 15:05:58.227,12517,12518,12517,1,-1
2020-10-05 15:05:58.228,12517,12518,12517,2,-2
2020-10-05 15:05:58.239,12517,12518,12517,1,-1
2020-10-05 15:05:58.688,12516,12517,12517,1,1
2020-10-05 15:06:01.236,12516,12518,12516,1,-1
2020-10-05 15:06:01.658,12516,12517,12516,1,-1
2020-10-05 15:06:01.792,12516,12517,12516,1,-1
2020-10-05 15:06:02.332,12516,12517,12517,3,3
2020-10-05 15:06:02.333,12516,12517,12517,1,1
2020-10-05 15:06:04.453,12516,12517,12516,1,-1
2020-10-05 15:06:04.900,12516,12517,12516,3,-3
2020-10-05 15:06:06.594,12516,12517,12517,1,1
2020-10-05 15:06:07.033,12516,12517,12516,1,-1
2020-10-05 15:06:07.033,12516,12517,12516,1,-1
2020-10-05 15:06:07.034,12516,12517,12516,1,-1
2020-10-05 15:06:07.034,12516,12517,12516,5,-5
2020-10-05 15:06:09.204,12515,12516,12515,1,-1
2020-10-05 15:06:10.601,12515,12516,12515,1,-1
2020-10-05 15:06:10.601,12515,12516,12515,6,-6
2020-10-05 15:06:11.618,12514,12515,12515,1,1
2020-10-05 15:06:11.639,12514,12515,12515,1,1
2020-10-05 15:06:11.956,12514,12515,12515,1,1
2020-10-05 15:06:13.496,12515,12516,12516,1,1
2020-10-05 15:06:13.527,12516,12517,12516,1,-1
2020-10-05 15:06:14.361,12515,12517,12515,1,-1
2020-10-05 15:06:17.073,12516,12517,12516,1,1
2020-10-05 15:06:17.539,12516,12517,12516,2,-2
2020-10-05 15:06:18.498,12516,12517,12517,4,4
2020-10-05 15:06:19.562,12516,12517,12517,1,1
2020-10-05 15:06:19.574,12516,12517,12517,1,1
2020-10-05 15:06:19.600,12516,12517,12517,1,1
2020-10-05 15:06:20.359,12517,12518,12517,1,-1
2020-10-05 15:06:20.846,12517,12518,12517,1,-1
2020-10-05 15:06:21.358,12516,12517,12516,5,-5
2020-10-05 15:06:21.993,12516,12517,12516,1,-1
2020-10-05 15:06:22.337,12516,12517,12516,1,-1
2020-10-05 15:06:23.499,12516,12517,12517,5,5
2020-10-05 15:06:23.890,12517,12518,12517,1,-1
2020-10-05 15:06:23.957,12517,12518,12518,1,1
2020-10-05 15:06:25.448,12517,12518,12518,2,2
2020-10-05 15:06:28.572,12517,12518,12517,1,-1
2020-10-05 15:06:28.574,12517,12518,12517,1,-1
2020-10-05 15:06:29.851,12517,12518,12518,5,5
2020-10-05 15:06:29.970,12517,12519,12518,1,-1
2020-10-05 15:06:30.922,12518,12519,12518,1,-1
2020-10-05 15:06:32.364,12518,12519,12519,1,1
2020-10-05 15:06:32.402,12519,12520,12519,1,-1
2020-10-05 15:06:32.741,12518,12520,12518,1,-1
2020-10-05 15:06:32.817,12518,12520,12520,1,1
2020-10-05 15:06:34.629,12517,12519,12519,1,1
2020-10-05 15:06:35.598,12518,12520,12518,1,-1
2020-10-05 15:06:41.657,12518,12519,12518,1,-1
2020-10-05 15:06:41.973,12517,12519,12517,1,-1
2020-10-05 15:06:42.761,12517,12519,12517,1,-1
2020-10-05 15:06:49.049,12518,12519,12518,1,1
2020-10-05 15:06:49.722,12517,12518,12517,1,-1
2020-10-05 15:06:50.023,12517,12518,12517,1,-1
2020-10-05 15:06:50.335,12517,12518,12517,1,-1
2020-10-05 15:06:50.335,12517,12518,12517,1,-1
2020-10-05 15:06:50.643,12516,12518,12517,1,-1
2020-10-05 15:06:52.510,12516,12518,12516,1,-1
2020-10-05 15:06:53.468,12516,12517,12516,1,-1
2020-10-05 15:06:55.284,12516,12517,12516,4,-4
2020-10-05 15:06:55.462,12515,12516,12515,1,-1
2020-10-05 15:06:55.946,12515,12516,12516,1,1
2020-10-05 15:06:57.870,12515,12516,12516,1,1
2020-10-05 15:06:59.700,12515,12516,12516,1,1
2020-10-05 15:07:02.221,12515,12516,12516,4,4
2020-10-05 15:07:02.222,12515,12516,12516,3,3
2020-10-05 15:07:02.521,12516,12517,12517,1,1
2020-10-05 15:07:02.740,12516,12518,12516,1,-1
2020-10-05 15:07:02.745,12516,12518,12516,1,-1
2020-10-05 15:07:02.867,12516,12518,12518,1,1
2020-10-05 15:07:03.170,12517,12518,12518,3,3
2020-10-05 15:07:03.196,12517,12518,12518,3,3
2020-10-05 15:07:03.416,12516,12518,12516,1,-1
2020-10-05 15:07:03.706,12516,12518,12518,1,1
2020-10-05 15:07:13.752,12517,12519,12518,1,-1
2020-10-05 15:07:19.295,12517,12518,12518,1,1
2020-10-05 15:07:20.236,12518,12519,12519,10,10
2020-10-05 15:07:26.656,12518,12519,12519,3,3
2020-10-05 15:07:28.288,12518,12519,12518,1,-1
2020-10-05 15:07:30.103,12517,12519,12519,1,1
2020-10-05 15:07:46.325,12518,12519,12519,1,1
2020-10-05 15:07:51.494,12518,12519,12518,1,-1
2020-10-05 15:07:54.386,12518,12519,12519,1,1
2020-10-05 15:07:57.594,12519,12520,12519,1,-1
2020-10-05 15:08:01.155,12519,12520,12520,9,9
2020-10-05 15:08:02.423,12520,12521,12521,3,3
2020-10-05 15:08:09.226,12520,12521,12521,1,1
2020-10-05 15:08:12.592,12520,12521,12521,1,1
2020-10-05 15:08:12.592,12520,12521,12522,1,1
2020-10-05 15:08:21.366,12520,12521,12521,1,1
2020-10-05 15:08:26.779,12521,12522,12521,1,-1
2020-10-05 15:08:31.093,12520,12522,12522,1,1
2020-10-05 15:08:38.353,12520,12521,12521,2,2
2020-10-05 15:08:44.638,12520,12521,12521,1,1
2020-10-05 15:08:46.936,12521,12522,12521,1,-1
2020-10-05 15:08:51.615,12521,12522,12522,12,12
2020-10-05 15:08:52.716,12522,12523,12523,1,1
2020-10-05 15:08:52.831,12523,12524,12524,1,1
2020-10-05 15:08:55.614,12521,12522,12522,1,1
2020-10-05 15:08:56.933,12522,12523,12522,1,-1
2020-10-05 15:09:17.510,12522,12523,12522,2,-2
2020-10-05 15:09:19.614,12521,12522,12521,6,-6
2020-10-05 15:09:29.262,12520,12522,12522,2,2
2020-10-05 15:09:40.428,12520,12521,12521,1,1
2020-10-05 15:09:41.181,12521,12523,12521,1,-1
2020-10-05 15:09:42.030,12521,12523,12521,5,-5
2020-10-05 15:09:51.978,12520,12522,12521,1,-1
2020-10-05 15:10:02.187,12520,12521,12521,2,2
2020-10-05 15:10:02.472,12520,12521,12520,1,-1
2020-10-05 15:10:02.521,12520,12521,12520,2,-2
2020-10-05 15:10:02.713,12520,12521,12520,2,-2
2020-10-05 15:10:02.768,12520,12521,12519,2,-2
2020-10-05 15:10:03.482,12518,12520,12518,1,-1
2020-10-05 15:10:10.622,12519,12520,12519,1,1
2020-10-05 15:10:25.354,12519,12520,12519,1,-1
2020-10-05 15:10:25.355,12519,12520,12519,1,-1
2020-10-05 15:10:35.083,12518,12519,12519,1,1
2020-10-05 15:10:35.777,12518,12519,12518,5,-5
2020-10-05 15:10:35.778,12518,12519,12518,2,-2
2020-10-05 15:10:35.778,12518,12519,12518,1,-1
2020-10-05 15:10:36.055,12517,12518,12517,1,-1
2020-10-05 15:10:36.059,12517,12518,12517,1,-1
2020-10-05 15:10:36.315,12517,12518,12517,4,-4
2020-10-05 15:10:36.350,12517,12518,12517,1,-1
2020-10-05 15:10:38.070,12516,12518,12518,1,1
2020-10-05 15:10:38.740,12517,12518,12517,1,-1
2020-10-05 15:10:40.042,12516,12517,12516,3,-3
2020-10-05 15:10:40.042,12516,12517,12516,2,-2
2020-10-05 15:10:40.042,12516,12517,12516,7,-7
2020-10-05 15:10:40.207,12515,12516,12515,8,-8
2020-10-05 15:10:42.602,12514,12515,12514,1,-1
2020-10-05 15:10:42.876,12514,12515,12515,1,1
2020-10-05 15:10:43.132,12515,12516,12515,1,-1
2020-10-05 15:10:46.002,12515,12516,12515,1,-1
2020-10-05 15:10:48.468,12514,12516,12515,1,-1
2020-10-05 15:10:51.930,12514,12515,12514,11,-11
2020-10-05 15:10:52.245,12513,12514,12513,1,-1
2020-10-05 15:10:52.338,12513,12514,12514,2,2
2020-10-05 15:10:52.484,12513,12514,12513,1,-1
2020-10-05 15:11:00.803,12513,12515,12513,2,-2
2020-10-05 15:11:04.759,12514,12515,12514,1,1
2020-10-05 15:11:08.837,12513,12514,12513,3,-3
2020-10-05 15:11:14.116,12512,12513,12512,11,-11
2020-10-05 15:11:15.269,12511,12513,12511,1,-1
2020-10-05 15:11:16.249,12511,12512,12511,1,-1
2020-10-05 15:11:16.846,12511,12512,12511,1,-1
2020-10-05 15:11:18.638,12511,12512,12512,1,1
2020-10-05 15:11:18.856,12511,12512,12511,2,-2
2020-10-05 15:11:19.042,12511,12512,12511,1,-1
2020-10-05 15:11:20.182,12511,12512,12511,1,-1
2020-10-05 15:11:20.481,12510,12511,12510,22,-22
2020-10-05 15:11:20.884,12509,12510,12509,1,-1
2020-10-05 15:11:21.546,12509,12510,12510,2,2
2020-10-05 15:11:22.088,12509,12510,12509,1,-1
2020-10-05 15:11:22.137,12509,12510,12509,1,-1
2020-10-05 15:11:25.812,12509,12510,12509,3,-3
2020-10-05 15:11:28.738,12509,12510,12509,2,-2
2020-10-05 15:11:29.085,12509,12510,12510,1,1
2020-10-05 15:11:31.127,12509,12510,12510,20,20
2020-10-05 15:11:31.128,12509,12510,12510,8,8
2020-10-05 15:11:31.658,12509,12511,12509,1,-1
2020-10-05 15:11:33.049,12510,12511,12510,1,1
2020-10-05 15:11:33.049,12510,12511,12509,4,-4
2020-10-05 15:11:33.532,12510,12511,12510,1,1
2020-10-05 15:11:36.123,12511,12512,12512,1,1
2020-10-05 15:11:36.456,12511,12512,12512,2,2
2020-10-05 15:11:36.456,12511,12512,12513,1,1
2020-10-05 15:11:36.952,12512,12513,12512,1,-1
2020-10-05 15:11:38.131,12511,12513,12511,1,-1
2020-10-05 15:11:38.611,12511,12513,12511,1,-1
2020-10-05 15:11:38.943,12511,12513,12513,1,1
2020-10-05 15:11:40.922,12511,12512,12512,1,1
2020-10-05 15:11:41.849,12511,12513,12512,1,-1
2020-10-05 15:11:45.591,12511,12513,12511,2,-2
2020-10-05 15:11:46.537,12511,12513,12511,1,-1
2020-10-05 15:11:46.537,12511,12513,12510,1,-1
2020-10-05 15:11:47.562,12511,12512,12511,1,1
2020-10-05 15:11:50.127,12511,12512,12511,1,-1
2020-10-05 15:11:51.052,12510,12511,12510,7,-7
2020-10-05 15:11:52.253,12509,12510,12510,1,1
2020-10-05 15:11:52.463,12509,12510,12510,1,1
2020-10-05 15:11:53.269,12510,12511,12510,1,-1
2020-10-05 15:11:53.269,12510,12511,12510,1,-1
2020-10-05 15:11:56.980,12510,12511,12510,1,-1
2020-10-05 15:11:57.054,12510,12511,12510,1,-1
2020-10-05 15:11:57.736,12510,12511,12510,1,-1
2020-10-05 15:11:57.998,12510,12511,12511,1,1
2020-10-05 15:11:58.208,12510,12511,12510,1,-1
2020-10-05 15:12:01.209,12509,12510,12510,1,1
2020-10-05 15:12:01.554,12509,12511,12509,4,-4
2020-10-05 15:12:01.735,12509,12510,12509,2,-2
2020-10-05 15:12:01.738,12509,12510,12509,1,-1
2020-10-05 15:12:01.744,12509,12510,12509,1,-1
2020-10-05 15:12:01.744,12509,12510,12508,1,-1
2020-10-05 15:12:01.915,12508,12510,12510,2,2
2020-10-05 15:12:01.937,12508,12510,12508,1,-1
2020-10-05 15:12:01.942,12508,12510,12508,4,-4
2020-10-05 15:12:02.254,12508,12510,12510,1,1
2020-10-05 15:12:05.010,12509,12510,12509,2,-2
2020-10-05 15:12:05.210,12508,12510,12508,1,-1
2020-10-05 15:12:09.222,12509,12510,12509,1,1
2020-10-05 15:12:09.845,12509,12510,12510,2,2
2020-10-05 15:12:10.973,12510,12511,12511,1,1
2020-10-05 15:12:16.658,12509,12510,12509,2,-2
2020-10-05 15:12:18.327,12509,12510,12510,1,1
2020-10-05 15:12:19.124,12510,12511,12510,1,-1
2020-10-05 15:12:19.160,12509,12511,12509,1,-1
2020-10-05 15:12:23.952,12510,12511,12510,2,2
2020-10-05 15:12:27.181,12510,12511,12511,1,1
2020-10-05 15:12:28.628,12510,12511,12510,1,-1
2020-10-05 15:12:31.218,12510,12511,12510,1,-1
2020-10-05 15:12:32.728,12510,12511,12510,1,-1
2020-10-05 15:12:32.729,12510,12511,12510,9,-9
2020-10-05 15:12:33.373,12509,12510,12510,4,4
2020-10-05 15:12:33.884,12509,12510,12510,1,1
2020-10-05 15:12:41.852,12509,12510,12510,1,1
2020-10-05 15:12:48.420,12509,12510,12509,1,-1
2020-10-05 15:12:52.306,12509,12510,12509,1,-1
2020-10-05 15:12:54.483,12509,12510,12509,2,-2
2020-10-05 15:12:54.483,12509,12510,12509,4,-4
2020-10-05 15:12:58.233,12508,12509,12508,1,-1
2020-10-05 15:12:58.540,12508,12509,12508,4,-4
2020-10-05 15:12:58.881,12508,12509,12508,1,-1
2020-10-05 15:12:59.575,12508,12509,12508,6,-6
2020-10-05 15:12:59.575,12508,12509,12508,9,-9
2020-10-05 15:12:59.701,12507,12508,12507,6,-6
2020-10-05 15:12:59.706,12507,12508,12507,1,-1
2020-10-05 15:12:59.707,12507,12508,12507,2,-2
2020-10-05 15:12:59.708,12507,12508,12507,1,-1
2020-10-05 15:13:00.078,12506,12508,12506,1,-1
2020-10-05 15:13:00.247,12506,12508,12508,1,1
2020-10-05 15:13:04.827,12506,12508,12506,3,-3
2020-10-05 15:13:05.650,12506,12508,12506,2,-2
2020-10-05 15:13:05.650,12506,12508,12506,1,-1
2020-10-05 15:13:05.652,12506,12507,12506,11,-11
2020-10-05 15:13:05.652,12506,12507,12506,9,-9
2020-10-05 15:13:06.799,12505,12507,12507,1,1
2020-10-05 15:13:07.772,12505,12507,12506,1,-1
2020-10-05 15:13:08.980,12506,12507,12506,1,-1
2020-10-05 15:13:09.096,12506,12507,12505,1,-1
2020-10-05 15:13:09.413,12505,12507,12505,1,-1
2020-10-05 15:13:09.545,12505,12507,12505,1,-1
2020-10-05 15:13:13.106,12505,12507,12505,3,-3
2020-10-05 15:13:13.374,12505,12506,12505,1,-1
2020-10-05 15:13:13.387,12505,12506,12505,2,-2
2020-10-05 15:13:13.388,12505,12506,12505,1,-1
2020-10-05 15:13:14.576,12505,12506,12505,1,-1
2020-10-05 15:13:14.668,12505,12506,12506,1,1
2020-10-05 15:13:18.462,12505,12506,12506,3,3
2020-10-05 15:13:19.099,12505,12506,12505,4,-4
2020-10-05 15:13:19.100,12505,12506,12505,25,-25
2020-10-05 15:13:19.893,12504,12505,12505,1,1
2020-10-05 15:13:20.853,12504,12506,12504,2,-2
2020-10-05 15:13:21.163,12504,12506,12506,2,2
2020-10-05 15:13:22.749,12504,12505,12505,1,1
2020-10-05 15:13:24.060,12504,12505,12504,1,-1
2020-10-05 15:13:26.426,12504,12505,12504,1,-1
2020-10-05 15:13:26.735,12504,12505,12504,1,-1
2020-10-05 15:13:29.799,12504,12505,12505,1,1
2020-10-05 15:13:29.799,12504,12505,12505,3,3
2020-10-05 15:13:30.192,12505,12506,12505,2,-2
2020-10-05 15:13:34.702,12505,12506,12505,1,-1
2020-10-05 15:13:35.190,12505,12506,12505,1,-1
2020-10-05 15:13:38.634,12505,12506,12505,2,-2
2020-10-05 15:13:41.058,12505,12506,12505,1,-1
2020-10-05 15:13:41.639,12505,12506,12505,1,-1
2020-10-05 15:13:42.835,12505,12506,12506,1,1
2020-10-05 15:13:43.623,12505,12506,12505,1,-1
2020-10-05 15:13:43.965,12505,12506,12506,2,2
2020-10-05 15:13:44.989,12506,12507,12506,1,-1
2020-10-05 15:13:48.685,12505,12506,12506,1,1
2020-10-05 15:13:49.558,12505,12507,12506,1,-1
2020-10-05 15:13:53.886,12506,12507,12506,2,-2
2020-10-05 15:13:55.421,12506,12507,12506,2,-2
2020-10-05 15:13:55.421,12506,12507,12505,16,-16
2020-10-05 15:13:55.423,12506,12507,12505,1,-1
2020-10-05 15:13:55.423,12506,12507,12505,6,-6
2020-10-05 15:13:56.664,12505,12506,12505,4,-4
2020-10-05 15:13:56.664,12505,12506,12504,6,-6
2020-10-05 15:13:57.838,12504,12506,12506,1,1
2020-10-05 15:13:58.080,12504,12506,12504,2,-2
2020-10-05 15:14:02.373,12504,12505,12504,1,-1
2020-10-05 15:14:02.500,12504,12505,12505,1,1
2020-10-05 15:14:02.989,12504,12505,12504,1,-1
2020-10-05 15:14:02.996,12504,12505,12504,1,-1
2020-10-05 15:14:03.007,12504,12505,12504,13,-13
2020-10-05 15:14:03.007,12504,12505,12504,1,-1
2020-10-05 15:14:05.009,12503,12504,12504,1,1
2020-10-05 15:14:05.814,12503,12504,12504,1,1
2020-10-05 15:14:06.057,12503,12505,12503,2,-2
2020-10-05 15:14:08.729,12503,12505,12505,1,1
2020-10-05 15:14:14.443,12504,12505,12504,4,-4
2020-10-05 15:14:15.033,12504,12505,12505,6,6
2020-10-05 15:14:16.506,12505,12506,12505,1,-1
2020-10-05 15:14:16.658,12505,12506,12505,1,-1
2020-10-05 15:14:17.336,12505,12506,12506,1,1
2020-10-05 15:14:18.149,12505,12506,12505,2,-2
2020-10-05 15:14:18.149,12505,12506,12504,3,-3
2020-10-05 15:14:18.367,12504,12506,12504,1,-1
2020-10-05 15:14:19.307,12505,12506,12505,1,1
2020-10-05 15:14:21.171,12505,12506,12505,1,-1
2020-10-05 15:14:21.392,12505,12506,12505,2,-2
2020-10-05 15:14:24.133,12504,12505,12505,1,1
2020-10-05 15:14:25.175,12504,12505,12505,1,1
2020-10-05 15:14:26.153,12504,12506,12506,1,1
2020-10-05 15:14:26.415,12505,12506,12506,1,1
2020-10-05 15:14:28.350,12505,12506,12506,4,4
2020-10-05 15:14:33.070,12505,12506,12505,1,-1
2020-10-05 15:14:33.300,12505,12506,12506,1,1
2020-10-05 15:14:34.243,12506,12507,12506,1,-1
2020-10-05 15:14:34.243,12506,12507,12505,2,-2
2020-10-05 15:14:36.678,12505,12507,12505,1,-1
2020-10-05 15:14:39.347,12505,12506,12506,3,3
2020-10-05 15:14:44.041,12506,12507,12506,1,-1
2020-10-05 15:14:45.785,12506,12507,12507,30,30
2020-10-05 15:14:55.139,12506,12507,12507,1,1
2020-10-05 15:14:58.295,12507,12508,12507,4,-4
2020-10-05 15:14:59.758,12506,12507,12507,1,1
2020-10-05 15:15:00.545,12506,12507,12506,1,-1
2020-10-05 15:15:00.781,12506,12507,12507,1,1
2020-10-05 15:15:00.798,12506,12507,12506,8,-8
2020-10-05 15:15:00.798,12506,12507,12505,17,-17
2020-10-05 15:15:00.813,12506,12507,12505,1,-1
2020-10-05 15:15:00.814,12506,12507,12505,2,-2
2020-10-05 15:15:00.814,12506,12507,12504,10,-10
2020-10-05 15:15:00.817,12506,12507,12505,1,1
2020-10-05 15:15:00.855,12506,12507,12506,1,1
2020-10-05 15:15:00.878,12506,12507,12504,2,-2
2020-10-05 15:15:00.883,12506,12507,12504,1,-1
2020-10-05 15:15:01.068,12504,12505,12504,2,-2
2020-10-05 15:15:01.210,12504,12505,12505,1,1
2020-10-05 15:15:01.620,12504,12505,12504,5,-5
2020-10-05 15:15:01.714,12504,12505,12504,1,-1
2020-10-05 15:15:02.752,12504,12505,12505,4,4
2020-10-05 15:15:05.139,12505,12506,12506,2,2
2020-10-05 15:15:09.275,12505,12506,12505,2,-2
2020-10-05 15:15:18.430,12505,12506,12505,1,-1
2020-10-05 15:15:20.268,12505,12506,12506,3,3
2020-10-05 15:15:21.324,12506,12507,12506,1,-1
2020-10-05 15:15:33.455,12506,12507,12507,9,9
2020-10-05 15:15:36.944,12507,12508,12508,2,2
2020-10-05 15:15:36.945,12507,12508,12508,2,2
2020-10-05 15:15:37.021,12507,12508,12508,1,1
2020-10-05 15:15:37.270,12507,12509,12507,4,-4
2020-10-05 15:15:40.242,12508,12509,12509,1,1
2020-10-05 15:15:40.455,12507,12509,12509,1,1
2020-10-05 15:15:41.658,12508,12509,12509,3,3
2020-10-05 15:15:45.000,12508,12509,12508,1,-1
2020-10-05 15:15:51.462,12508,12509,12508,1,-1
2020-10-05 15:15:57.299,12508,12509,12508,1,-1
2020-10-05 15:16:00.732,12508,12509,12508,1,-1
2020-10-05 15:16:01.664,12508,12509,12508,1,-1
2020-10-05 15:16:03.606,12508,12509,12509,4,4
2020-10-05 15:16:03.826,12509,12510,12509,1,-1
2020-10-05 15:16:15.686,12508,12509,12509,2,2
2020-10-05 15:16:22.391,12508,12509,12509,1,1
2020-10-05 15:16:23.587,12508,12509,12509,1,1
2020-10-05 15:16:28.366,12508,12509,12509,1,1
2020-10-05 15:16:31.275,12509,12510,12509,5,-5
2020-10-05 15:16:31.652,12508,12509,12509,2,2
2020-10-05 15:16:34.450,12508,12509,12509,5,5
2020-10-05 15:16:35.818,12508,12509,12509,3,3
2020-10-05 15:16:37.857,12509,12510,12509,2,-2
2020-10-05 15:16:38.088,12508,12509,12508,3,-3
2020-10-05 15:16:38.089,12508,12509,12508,8,-8
2020-10-05 15:16:38.154,12507,12509,12509,1,1
2020-10-05 15:16:45.840,12508,12509,12508,3,-3
2020-10-05 15:16:47.862,12508,12509,12508,1,-1
2020-10-05 15:16:47.863,12508,12509,12508,1,-1
2020-10-05 15:16:49.068,12507,12508,12508,4,4
2020-10-05 15:16:51.767,12508,12509,12508,3,-3
2020-10-05 15:16:58.860,12508,12509,12508,3,-3
2020-10-05 15:17:01.604,12508,12509,12509,1,1
2020-10-05 15:17:01.604,12508,12509,12509,1,1
2020-10-05 15:17:04.373,12509,12510,12509,2,-2
2020-10-05 15:17:05.162,12508,12510,12508,3,-3
2020-10-05 15:17:12.317,12508,12509,12509,1,1
2020-10-05 15:17:12.318,12508,12509,12509,1,1
2020-10-05 15:17:13.696,12509,12510,12509,1,-1
2020-10-05 15:17:15.195,12509,12510,12509,1,-1
2020-10-05 15:17:17.328,12509,12510,12509,1,-1
2020-10-05 15:17:17.379,12509,12510,12509,1,-1
2020-10-05 15:17:21.434,12509,12510,12509,1,-1
2020-10-05 15:17:26.439,12509,12510,12510,23,23
2020-10-05 15:17:39.267,12510,12511,12510,1,-1
2020-10-05 15:17:40.611,12510,12511,12510,1,-1
2020-10-05 15:17:40.926,12510,12511,12510,1,-1
2020-10-05 15:17:41.237,12510,12511,12510,1,-1
2020-10-05 15:17:41.534,12510,12511,12510,1,-1
2020-10-05 15:17:41.535,12510,12511,12510,3,-3
2020-10-05 15:17:41.641,12510,12511,12509,2,-2
2020-10-05 15:17:43.651,12509,12510,12510,1,1
2020-10-05 15:17:46.768,12509,12510,12510,1,1
2020-10-05 15:17:46.961,12509,12510,12510,1,1
2020-10-05 15:17:48.234,12510,12511,12510,1,-1
2020-10-05 15:17:51.215,12510,12511,12511,11,11
2020-10-05 15:17:51.215,12510,12511,12512,13,13
2020-10-05 15:17:56.918,12510,12511,12510,1,-1
2020-10-05 15:18:04.856,12509,12510,12510,1,1
2020-10-05 15:18:07.417,12510,12511,12511,9,9
2020-10-05 15:18:07.980,12510,12512,12510,1,-1
2020-10-05 15:18:14.692,12510,12511,12511,2,2
2020-10-05 15:18:19.766,12511,12512,12511,1,-1
2020-10-05 15:18:21.114,12510,12511,12511,1,1
2020-10-05 15:18:25.309,12510,12511,12511,3,3
2020-10-05 15:18:35.136,12511,12512,12511,6,-6
2020-10-05 15:18:35.209,12510,12511,12510,1,-1
2020-10-05 15:18:37.322,12510,12511,12510,1,-1
2020-10-05 15:18:37.322,12510,12511,12510,1,-1
2020-10-05 15:18:39.145,12510,12511,12510,1,-1
2020-10-05 15:18:40.263,12510,12511,12510,5,-5
2020-10-05 15:18:41.578,12509,12510,12510,1,1
2020-10-05 15:18:54.860,12509,12510,12509,10,-10
2020-10-05 15:18:59.320,12508,12509,12508,1,-1
2020-10-05 15:19:00.142,12508,12509,12508,6,-6
2020-10-05 15:19:01.083,12507,12509,12509,1,1
2020-10-05 15:19:08.167,12507,12508,12507,10,-10
2020-10-05 15:19:08.167,12507,12508,12507,3,-3
2020-10-05 15:19:08.879,12506,12507,12506,3,-3
2020-10-05 15:19:12.942,12505,12506,12505,1,-1
2020-10-05 15:19:12.942,12505,12506,12505,1,-1
2020-10-05 15:19:12.942,12505,12506,12505,9,-9
2020-10-05 15:19:13.656,12504,12505,12505,1,1
2020-10-05 15:19:15.050,12505,12507,12505,1,-1
2020-10-05 15:19:17.140,12505,12506,12506,1,1
2020-10-05 15:19:22.605,12505,12506,12505,2,-2
2020-10-05 15:19:27.681,12505,12506,12505,4,-4
2020-10-05 15:19:28.449,12505,12506,12506,4,4
2020-10-05 15:19:31.460,12506,12507,12506,1,-1
2020-10-05 15:19:31.801,12506,12507,12507,1,1
2020-10-05 15:19:33.658,12507,12509,12507,2,-2
2020-10-05 15:19:37.570,12508,12509,12508,1,1
2020-10-05 15:19:44.182,12506,12507,12506,1,-1
2020-10-05 15:19:48.929,12506,12507,12506,1,-1
2020-10-05 15:19:56.804,12505,12506,12506,1,1
2020-10-05 15:20:01.033,12506,12507,12506,2,-2
2020-10-05 15:20:01.546,12505,12506,12505,1,-1
2020-10-05 15:20:01.547,12505,12506,12505,3,-3
2020-10-05 15:20:02.120,12504,12505,12504,1,-1
2020-10-05 15:20:02.335,12503,12505,12503,2,-2
2020-10-05 15:20:02.477,12503,12505,12503,4,-4
2020-10-05 15:20:02.588,12503,12504,12503,4,-4
2020-10-05 15:20:02.740,12503,12504,12503,1,-1
2020-10-05 15:20:03.060,12502,12504,12502,1,-1
2020-10-05 15:20:03.147,12502,12504,12502,2,-2
2020-10-05 15:20:03.850,12502,12504,12502,2,-2
2020-10-05 15:20:05.062,12502,12504,12502,1,-1
2020-10-05 15:20:07.396,12503,12505,12503,1,1
2020-10-05 15:20:07.465,12503,12505,12504,2,2
2020-10-05 15:20:07.537,12503,12505,12503,1,-1
2020-10-05 15:20:09.007,12504,12505,12503,2,-2
2020-10-05 15:20:09.505,12504,12505,12505,1,1
2020-10-05 15:20:10.027,12505,12506,12505,1,-1
2020-10-05 15:20:10.924,12504,12506,12506,1,1
2020-10-05 15:20:11.423,12505,12506,12505,2,-2
2020-10-05 15:20:13.745,12504,12506,12504,1,-1
2020-10-05 15:20:14.405,12504,12506,12504,1,-1
2020-10-05 15:20:15.660,12504,12505,12505,1,1
2020-10-05 15:20:16.535,12504,12505,12505,3,3
2020-10-05 15:20:19.336,12504,12506,12505,1,-1
2020-10-05 15:20:19.453,12504,12506,12506,2,2
2020-10-05 15:20:37.145,12506,12507,12507,2,2
2020-10-05 15:20:47.178,12506,12507,12507,1,1
2020-10-05 15:20:49.660,12507,12508,12507,1,-1
2020-10-05 15:20:57.568,12506,12507,12507,1,1
2020-10-05 15:20:59.130,12506,12508,12506,2,-2
2020-10-05 15:20:59.773,12506,12507,12506,1,-1
2020-10-05 15:21:00.502,12505,12506,12506,5,5
2020-10-05 15:21:00.779,12506,12508,12506,1,-1
2020-10-05 15:21:01.621,12506,12508,12506,1,-1
2020-10-05 15:21:11.331,12507,12508,12508,6,6
2020-10-05 15:21:12.398,12508,12509,12509,1,1
2020-10-05 15:21:13.596,12509,12510,12510,2,2
2020-10-05 15:21:13.596,12509,12510,12510,3,3
2020-10-05 15:21:13.757,12510,12511,12510,4,-4
2020-10-05 15:21:13.757,12510,12511,12510,1,-1
2020-10-05 15:21:28.160,12509,12510,12510,1,1
2020-10-05 15:21:29.289,12509,12510,12509,1,-1
2020-10-05 15:21:31.253,12508,12510,12508,2,-2
2020-10-05 15:21:33.178,12508,12509,12509,1,1
2020-10-05 15:21:44.413,12507,12508,12507,1,-1
2020-10-05 15:21:46.387,12507,12508,12508,1,1
2020-10-05 15:21:48.912,12507,12508,12507,1,-1
2020-10-05 15:21:55.240,12507,12509,12509,1,1
2020-10-05 15:21:56.216,12508,12510,12508,1,-1
2020-10-05 15:22:12.166,12507,12509,12507,1,-1
2020-10-05 15:22:15.731,12508,12509,12508,1,1
2020-10-05 15:22:20.996,12507,12508,12507,1,-1
2020-10-05 15:22:22.722,12506,12508,12508,1,1
2020-10-05 15:22:22.875,12506,12508,12506,2,-2
2020-10-05 15:22:28.578,12506,12507,12506,4,-4
2020-10-05 15:22:28.578,12506,12507,12506,2,-2
2020-10-05 15:22:38.658,12506,12507,12506,9,-9
2020-10-05 15:22:40.130,12505,12506,12505,9,-9
2020-10-05 15:22:43.174,12505,12506,12506,1,1
2020-10-05 15:22:47.331,12505,12506,12506,1,1
2020-10-05 15:23:02.198,12507,12508,12508,1,1
2020-10-05 15:23:02.921,12507,12508,12507,1,-1
2020-10-05 15:23:02.929,12507,12508,12507,1,-1
2020-10-05 15:23:03.290,12507,12508,12508,1,1
2020-10-05 15:23:04.946,12507,12508,12508,1,1
2020-10-05 15:23:06.879,12507,12509,12509,1,1
2020-10-05 15:23:24.990,12507,12508,12508,1,1
2020-10-05 15:23:25.908,12507,12508,12508,1,1
2020-10-05 15:23:29.331,12507,12508,12507,4,-4
2020-10-05 15:23:29.332,12507,12508,12507,2,-2
2020-10-05 15:23:29.888,12506,12507,12506,1,-1
2020-10-05 15:23:32.157,12505,12506,12505,2,-2
2020-10-05 15:23:33.479,12504,12505,12504,2,-2
2020-10-05 15:23:33.479,12504,12505,12504,2,-2
2020-10-05 15:23:33.480,12504,12505,12504,2,-2
2020-10-05 15:23:35.183,12503,12504,12503,4,-4
2020-10-05 15:23:35.184,12503,12504,12503,1,-1
2020-10-05 15:23:40.411,12502,12504,12502,2,-2
2020-10-05 15:23:41.339,12502,12503,12503,1,1
2020-10-05 15:23:43.177,12502,12503,12503,1,1
2020-10-05 15:23:43.785,12502,12503,12502,1,-1
2020-10-05 15:23:49.319,12503,12504,12504,1,1
2020-10-05 15:23:49.428,12503,12505,12503,1,-1
2020-10-05 15:23:51.076,12503,12505,12503,2,-2
2020-10-05 15:23:57.741,12505,12506,12506,1,1
2020-10-05 15:23:57.926,12505,12507,12507,1,1
2020-10-05 15:23:58.161,12505,12507,12505,1,-1
2020-10-05 15:24:00.197,12505,12507,12505,4,-4
2020-10-05 15:24:00.512,12504,12506,12504,1,-1
2020-10-05 15:24:00.568,12504,12506,12504,2,-2
2020-10-05 15:24:02.288,12504,12505,12505,1,1
2020-10-05 15:24:03.027,12504,12505,12504,1,-1
2020-10-05 15:24:04.704,12504,12506,12504,1,-1
2020-10-05 15:24:10.374,12505,12506,12506,1,1
2020-10-05 15:24:38.026,12505,12506,12506,2,2
2020-10-05 15:24:44.137,12506,12507,12507,2,2
2020-10-05 15:24:44.189,12507,12508,12508,1,1
2020-10-05 15:24:45.989,12507,12508,12508,1,1
2020-10-05 15:24:47.010,12507,12508,12508,1,1
2020-10-05 15:24:58.036,12507,12508,12508,1,1
2020-10-05 15:24:58.822,12507,12508,12507,1,-1
2020-10-05 15:25:05.548,12506,12507,12506,2,-2
2020-10-05 15:25:11.636,12506,12507,12507,1,1
2020-10-05 15:25:12.726,12506,12507,12507,2,2
2020-10-05 15:25:20.389,12506,12507,12507,1,1
2020-10-05 15:25:29.151,12506,12507,12507,1,1
2020-10-05 15:25:37.705,12506,12507,12506,1,-1
2020-10-05 15:25:40.401,12505,12506,12506,1,1
2020-10-05 15:25:40.401,12505,12506,12507,1,1
2020-10-05 15:25:40.516,12505,12506,12505,2,-2
2020-10-05 15:25:41.005,12505,12506,12505,4,-4
2020-10-05 15:25:44.204,12504,12505,12504,1,-1
2020-10-05 15:25:44.204,12504,12505,12504,3,-3
2020-10-05 15:25:45.661,12504,12505,12504,2,-2
2020-10-05 15:25:46.327,12503,12504,12503,10,-10
2020-10-05 15:25:46.514,12502,12503,12503,1,1
2020-10-05 15:25:48.164,12502,12503,12503,1,1
2020-10-05 15:25:51.996,12502,12503,12502,15,-15
2020-10-05 15:25:53.156,12501,12502,12502,1,1
2020-10-05 15:25:53.676,12501,12502,12501,9,-9
2020-10-05 15:25:54.781,12500,12502,12502,1,1
2020-10-05 15:25:56.516,12501,12502,12501,1,-1
2020-10-05 15:25:56.715,12501,12502,12501,1,-1
2020-10-05 15:25:57.141,12501,12502,12501,1,-1
2020-10-05 15:25:57.661,12501,12502,12501,1,-1
2020-10-05 15:25:59.351,12501,12502,12502,2,2
2020-10-05 15:26:00.912,12501,12502,12501,4,-4
2020-10-05 15:26:01.685,12500,12501,12500,41,-41
2020-10-05 15:26:01.793,12499,12500,12500,1,1
2020-10-05 15:26:01.905,12499,12500,12500,1,1
2020-10-05 15:26:01.905,12499,12500,12501,3,3
2020-10-05 15:26:01.965,12499,12500,12499,1,-1
2020-10-05 15:26:02.006,12499,12500,12499,1,-1
2020-10-05 15:26:02.309,12499,12500,12499,1,-1
2020-10-05 15:26:02.321,12499,12500,12499,1,-1
2020-10-05 15:26:02.364,12499,12500,12499,3,-3
2020-10-05 15:26:02.364,12499,12500,12498,1,-1
2020-10-05 15:26:02.366,12499,12500,12498,1,-1
2020-10-05 15:26:02.370,12499,12500,12498,1,-1
2020-10-05 15:26:02.426,12498,12500,12500,1,1
2020-10-05 15:26:02.574,12498,12500,12498,1,-1
2020-10-05 15:26:02.668,12499,12500,12499,1,1
2020-10-05 15:26:02.683,12499,12500,12498,2,-2
2020-10-05 15:26:03.118,12498,12499,12498,2,-2
2020-10-05 15:26:03.566,12498,12499,12498,1,-1
2020-10-05 15:26:03.931,12498,12499,12498,2,-2
2020-10-05 15:26:04.619,12498,12499,12499,1,1
2020-10-05 15:26:05.002,12499,12501,12499,1,-1
2020-10-05 15:26:06.352,12499,12501,12499,1,-1
2020-10-05 15:26:08.015,12499,12500,12500,2,2
2020-10-05 15:26:08.141,12500,12501,12500,2,-2
2020-10-05 15:26:11.930,12500,12501,12500,4,-4
2020-10-05 15:26:12.775,12499,12500,12499,3,-3
2020-10-05 15:26:12.775,12499,12500,12498,2,-2
2020-10-05 15:26:12.848,12498,12500,12498,1,-1
2020-10-05 15:26:15.731,12498,12500,12498,4,-4
2020-10-05 15:26:16.071,12498,12500,12498,3,-3
2020-10-05 15:26:19.414,12497,12498,12498,1,1
2020-10-05 15:26:20.002,12497,12498,12498,2,2
2020-10-05 15:26:22.698,12498,12500,12498,1,-1
2020-10-05 15:26:22.940,12498,12499,12498,1,-1
2020-10-05 15:26:23.555,12497,12499,12497,1,-1
2020-10-05 15:26:25.192,12497,12498,12497,5,-5
2020-10-05 15:26:27.100,12497,12498,12497,1,-1
2020-10-05 15:26:28.409,12497,12498,12497,1,-1
2020-10-05 15:26:28.844,12497,12498,12497,1,-1
2020-10-05 15:26:30.787,12497,12498,12497,1,-1
2020-10-05 15:26:30.787,12497,12498,12497,1,-1
2020-10-05 15:26:30.812,12497,12498,12497,1,-1
2020-10-05 15:26:31.043,12496,12497,12497,1,1
2020-10-05 15:26:33.184,12497,12498,12497,3,-3
2020-10-05 15:26:33.385,12496,12497,12497,2,2
2020-10-05 15:26:33.472,12496,12497,12496,1,-1
2020-10-05 15:26:33.612,12496,12497,12496,1,-1
2020-10-05 15:26:33.920,12496,12497,12496,1,-1
2020-10-05 15:26:34.383,12496,12497,12497,1,1
2020-10-05 15:26:34.384,12496,12497,12497,1,1
2020-10-05 15:26:39.593,12496,12497,12497,1,1
2020-10-05 15:26:40.404,12496,12497,12497,4,4
2020-10-05 15:26:44.089,12497,12498,12497,1,-1
2020-10-05 15:26:45.800,12496,12497,12497,1,1
2020-10-05 15:26:46.325,12497,12498,12497,2,-2
2020-10-05 15:26:46.325,12497,12498,12496,1,-1
2020-10-05 15:26:47.084,12497,12498,12497,3,3
2020-10-05 15:26:48.793,12497,12498,12497,1,-1
2020-10-05 15:26:50.586,12496,12498,12496,2,-2
2020-10-05 15:26:52.287,12496,12497,12497,1,1
2020-10-05 15:26:53.475,12496,12498,12496,2,-2
2020-10-05 15:26:54.629,12496,12497,12497,1,1
2020-10-05 15:26:58.733,12496,12497,12496,1,-1
2020-10-05 15:27:04.682,12496,12497,12497,1,1
2020-10-05 15:27:05.290,12496,12498,12496,1,-1
2020-10-05 15:27:05.652,12496,12497,12496,1,-1
2020-10-05 15:27:05.653,12496,12497,12496,1,-1
2020-10-05 15:27:05.653,12496,12497,12495,11,-11
2020-10-05 15:27:05.815,12495,12496,12496,1,1
2020-10-05 15:27:05.897,12495,12496,12496,1,1
2020-10-05 15:27:06.158,12495,12497,12495,1,-1
2020-10-05 15:27:06.238,12495,12497,12495,1,-1
2020-10-05 15:27:06.541,12495,12497,12495,1,-1
2020-10-05 15:27:06.616,12495,12497,12495,1,-1
2020-10-05 15:27:06.741,12495,12497,12495,1,-1
2020-10-05 15:27:06.949,12494,12496,12494,1,-1
2020-10-05 15:27:07.087,12494,12496,12494,5,-5
2020-10-05 15:27:07.100,12494,12496,12494,1,-1
2020-10-05 15:27:07.159,12494,12496,12494,1,-1
2020-10-05 15:27:07.243,12494,12496,12495,1,1
2020-10-05 15:27:12.064,12495,12496,12496,1,1
2020-10-05 15:27:12.129,12495,12496,12496,1,1
2020-10-05 15:27:16.640,12495,12496,12496,1,1
2020-10-05 15:27:17.640,12495,12496,12496,2,2
2020-10-05 15:27:19.452,12495,12496,12495,2,-2
2020-10-05 15:27:19.452,12495,12496,12495,9,-9
2020-10-05 15:27:19.452,12495,12496,12495,3,-3
2020-10-05 15:27:19.452,12495,12496,12495,6,-6
2020-10-05 15:27:19.452,12495,12496,12495,11,-11
2020-10-05 15:27:19.452,12495,12496,12495,1,-1
2020-10-05 15:27:19.452,12495,12496,12495,7,-7
2020-10-05 15:27:19.452,12495,12496,12495,5,-5
2020-10-05 15:27:19.452,12495,12496,12495,7,-7
2020-10-05 15:27:19.455,12495,12496,12495,1,-1
2020-10-05 15:27:24.301,12495,12496,12495,1,-1
2020-10-05 15:27:24.715,12495,12496,12496,1,1
2020-10-05 15:27:24.811,12495,12496,12495,1,-1
2020-10-05 15:27:26.569,12495,12496,12495,5,-5
2020-10-05 15:27:29.303,12495,12496,12496,1,1
2020-10-05 15:27:30.874,12496,12497,12497,1,1
2020-10-05 15:27:31.151,12496,12497,12497,6,6
2020-10-05 15:27:32.447,12497,12498,12498,7,7
2020-10-05 15:27:32.637,12498,12499,12498,1,-1
2020-10-05 15:27:34.994,12498,12499,12499,1,1
2020-10-05 15:27:34.994,12498,12499,12499,1,1
2020-10-05 15:27:35.448,12499,12500,12499,2,-2
2020-10-05 15:27:49.488,12497,12499,12498,2,-2
2020-10-05 15:27:51.455,12498,12499,12498,8,-8
2020-10-05 15:27:51.456,12498,12499,12498,1,-1
2020-10-05 15:27:51.457,12498,12499,12498,22,-22
2020-10-05 15:27:53.504,12498,12499,12499,1,1
2020-10-05 15:27:56.850,12498,12499,12499,1,1
2020-10-05 15:28:01.487,12498,12499,12499,1,1
2020-10-05 15:28:01.981,12498,12499,12498,1,-1
2020-10-05 15:28:01.981,12498,12499,12498,1,-1
2020-10-05 15:28:02.115,12497,12498,12497,1,-1
2020-10-05 15:28:02.124,12497,12498,12497,1,-1
2020-10-05 15:28:09.977,12498,12499,12499,2,2
2020-10-05 15:28:11.057,12499,12500,12500,8,8
2020-10-05 15:28:12.870,12500,12501,12500,1,-1
2020-10-05 15:28:16.402,12500,12501,12501,1,1
2020-10-05 15:28:19.892,12500,12501,12501,1,1
2020-10-05 15:28:22.365,12500,12501,12501,1,1
2020-10-05 15:28:28.227,12501,12502,12502,1,1
2020-10-05 15:28:29.120,12501,12502,12501,1,-1
2020-10-05 15:28:29.349,12501,12502,12501,1,-1
2020-10-05 15:28:30.236,12500,12501,12500,1,-1
2020-10-05 15:28:32.794,12498,12500,12500,1,1
2020-10-05 15:28:33.467,12498,12500,12500,1,1
2020-10-05 15:28:33.553,12499,12500,12500,1,1
2020-10-05 15:28:35.633,12499,12501,12499,1,-1
2020-10-05 15:28:37.917,12499,12500,12500,1,1
2020-10-05 15:28:38.270,12499,12501,12501,1,1
2020-10-05 15:28:40.413,12500,12501,12500,1,-1
2020-10-05 15:28:43.333,12499,12500,12500,9,9
2020-10-05 15:28:44.762,12500,12501,12500,1,-1
2020-10-05 15:28:46.197,12500,12501,12500,1,-1
2020-10-05 15:28:55.896,12500,12501,12500,1,-1
2020-10-05 15:28:59.074,12500,12501,12500,1,-1
2020-10-05 15:28:59.208,12499,12500,12500,1,1
2020-10-05 15:29:04.495,12500,12501,12500,1,-1
2020-10-05 15:29:09.125,12500,12501,12501,1,1
2020-10-05 15:29:09.382,12500,12501,12501,1,1
2020-10-05 15:29:10.789,12500,12501,12500,1,-1
2020-10-05 15:29:26.157,12499,12500,12500,1,1
2020-10-05 15:29:32.887,12499,12501,12500,1,-1
2020-10-05 15:29:34.799,12499,12500,12500,8,8
2020-10-05 15:29:38.571,12500,12501,12501,20,20
2020-10-05 15:29:41.923,12501,12502,12501,1,-1
2020-10-05 15:29:46.354,12501,12502,12501,1,-1
2020-10-05 15:29:47.385,12501,12502,12501,1,-1
2020-10-05 15:29:47.388,12501,12502,12501,4,-4
2020-10-05 15:29:49.633,12501,12502,12501,1,-1
2020-10-05 15:29:51.455,12501,12502,12501,1,-1
2020-10-05 15:29:53.619,12500,12502,12501,2,-2
2020-10-05 15:29:57.793,12501,12502,12501,1,-1
2020-10-05 15:30:05.527,12501,12502,12502,1,1
2020-10-05 15:30:05.767,12501,12502,12501,1,-1
2020-10-05 15:30:06.113,12501,12502,12502,5,5
2020-10-05 15:30:06.633,12501,12502,12501,1,-1
2020-10-05 15:30:07.347,12501,12502,12501,1,-1
2020-10-05 15:30:10.427,12500,12501,12501,1,1
2020-10-05 15:30:12.420,12500,12502,12500,2,-2
2020-10-05 15:30:12.420,12500,12502,12500,1,-1
2020-10-05 15:30:12.421,12500,12502,12500,4,-4
2020-10-05 15:30:12.422,12500,12502,12499,9,-9
2020-10-05 15:30:12.422,12500,12502,12499,4,-4
2020-10-05 15:30:12.560,12498,12499,12498,1,-1
2020-10-05 15:30:16.018,12498,12499,12499,1,1
2020-10-05 15:30:17.124,12498,12500,12500,7,7
2020-10-05 15:30:23.192,12499,12501,12500,5,-5
2020-10-05 15:30:26.416,12500,12502,12500,1,-1
2020-10-05 15:30:33.846,12500,12501,12501,1,1
2020-10-05 15:30:33.846,12500,12501,12502,5,5
2020-10-05 15:30:36.101,12500,12501,12501,1,1
2020-10-05 15:30:41.125,12501,12502,12502,1,1
2020-10-05 15:30:42.768,12501,12502,12501,1,-1
2020-10-05 15:30:43.772,12501,12502,12502,1,1
2020-10-05 15:30:46.803,12501,12502,12502,1,1
2020-10-05 15:30:46.829,12501,12502,12502,1,1
2020-10-05 15:30:49.827,12501,12502,12502,1,1
2020-10-05 15:30:49.866,12501,12502,12502,1,1
2020-10-05 15:30:50.499,12501,12502,12501,1,-1
2020-10-05 15:30:51.602,12501,12502,12502,1,1
2020-10-05 15:30:52.666,12501,12503,12503,1,1
2020-10-05 15:30:57.694,12502,12503,12502,1,-1
2020-10-05 15:31:04.680,12501,12502,12502,1,1
2020-10-05 15:31:05.593,12501,12502,12502,1,1
2020-10-05 15:31:05.653,12501,12503,12503,1,1
2020-10-05 15:31:12.520,12501,12502,12502,1,1
2020-10-05 15:31:26.162,12501,12503,12501,1,-1
2020-10-05 15:31:26.412,12502,12503,12502,1,1
2020-10-05 15:31:34.023,12501,12502,12501,6,-6
2020-10-05 15:31:40.075,12500,12501,12500,8,-8
2020-10-05 15:31:49.409,12499,12500,12500,2,2
2020-10-05 15:31:49.528,12500,12501,12501,1,1
2020-10-05 15:31:52.010,12500,12501,12501,1,1
2020-10-05 15:32:01.018,12500,12502,12500,1,-1
2020-10-05 15:32:05.645,12500,12501,12500,1,-1
2020-10-05 15:32:10.270,12500,12501,12501,1,1
2020-10-05 15:32:11.076,12500,12502,12500,1,-1
2020-10-05 15:32:13.990,12500,12502,12500,1,-1
2020-10-05 15:32:16.136,12500,12501,12500,4,-4
2020-10-05 15:32:16.136,12500,12501,12500,1,-1
2020-10-05 15:32:19.125,12498,12500,12498,1,-1
2020-10-05 15:32:20.697,12498,12499,12498,1,-1
2020-10-05 15:32:24.682,12498,12500,12498,2,-2
2020-10-05 15:32:26.475,12498,12499,12498,5,-5
2020-10-05 15:32:29.976,12497,12498,12497,2,-2
2020-10-05 15:32:30.189,12496,12497,12496,4,-4
2020-10-05 15:32:30.442,12496,12498,12496,2,-2
2020-10-05 15:32:31.606,12496,12497,12496,3,-3
2020-10-05 15:32:45.908,12496,12497,12496,4,-4
2020-10-05 15:32:45.908,12496,12497,12496,3,-3
2020-10-05 15:32:51.628,12495,12496,12495,1,-1
2020-10-05 15:32:51.629,12495,12496,12495,11,-11
2020-10-05 15:32:51.629,12495,12496,12495,18,-18
2020-10-05 15:32:51.629,12495,12496,12495,5,-5
2020-10-05 15:32:51.629,12495,12496,12495,3,-3
2020-10-05 15:32:51.629,12495,12496,12495,4,-4
2020-10-05 15:32:52.572,12494,12495,12494,1,-1
2020-10-05 15:32:54.763,12494,12496,12494,1,-1
2020-10-05 15:32:54.905,12494,12496,12494,1,-1
2020-10-05 15:32:55.820,12494,12495,12494,5,-5
2020-10-05 15:32:55.821,12494,12495,12494,1,-1
2020-10-05 15:32:56.349,12493,12494,12493,5,-5
2020-10-05 15:32:56.572,12493,12494,12493,3,-3
2020-10-05 15:32:57.102,12493,12494,12493,2,-2
2020-10-05 15:32:57.547,12493,12494,12493,1,-1
2020-10-05 15:32:57.704,12493,12494,12493,1,-1
2020-10-05 15:32:57.892,12493,12494,12493,1,-1
2020-10-05 15:32:58.037,12493,12494,12493,1,-1
2020-10-05 15:32:58.153,12493,12494,12493,1,-1
2020-10-05 15:32:58.305,12493,12494,12493,1,-1
2020-10-05 15:32:58.449,12493,12494,12493,1,-1
2020-10-05 15:32:58.607,12493,12494,12493,1,-1
2020-10-05 15:32:58.725,12493,12494,12493,1,-1
2020-10-05 15:32:58.862,12493,12494,12493,1,-1
2020-10-05 15:32:59.052,12493,12494,12493,1,-1
2020-10-05 15:32:59.168,12493,12494,12493,1,-1
2020-10-05 15:32:59.329,12493,12494,12493,1,-1
2020-10-05 15:32:59.501,12493,12494,12493,1,-1
2020-10-05 15:32:59.634,12493,12494,12493,1,-1
2020-10-05 15:32:59.651,12493,12494,12493,2,-2
2020-10-05 15:32:59.807,12492,12494,12492,1,-1
2020-10-05 15:33:00.208,12492,12494,12492,1,-1
2020-10-05 15:33:00.284,12492,12494,12492,1,-1
2020-10-05 15:33:00.339,12492,12494,12492,1,-1
2020-10-05 15:33:00.534,12492,12493,12492,1,-1
2020-10-05 15:33:00.706,12492,12493,12492,1,-1
2020-10-05 15:33:00.939,12492,12493,12492,1,-1
2020-10-05 15:33:01.033,12492,12493,12492,1,-1
2020-10-05 15:33:01.152,12492,12493,12492,1,-1
2020-10-05 15:33:01.364,12492,12493,12492,2,-2
2020-10-05 15:33:01.522,12492,12493,12492,1,-1
2020-10-05 15:33:01.716,12492,12493,12492,1,-1
2020-10-05 15:33:01.744,12492,12493,12492,3,-3
2020-10-05 15:33:02.062,12491,12493,12491,2,-2
2020-10-05 15:33:02.073,12491,12493,12491,1,-1
2020-10-05 15:33:02.338,12491,12492,12491,1,-1
2020-10-05 15:33:02.530,12491,12492,12492,1,1
2020-10-05 15:33:03.247,12492,12493,12493,12,12
2020-10-05 15:33:03.631,12493,12494,12494,3,3
2020-10-05 15:33:03.631,12493,12494,12494,1,1
2020-10-05 15:33:03.631,12493,12494,12494,2,2
2020-10-05 15:33:04.325,12494,12495,12494,1,-1
2020-10-05 15:33:04.507,12494,12496,12494,1,-1
2020-10-05 15:33:04.674,12494,12496,12494,1,-1
2020-10-05 15:33:04.827,12494,12496,12494,1,-1
2020-10-05 15:33:04.980,12493,12495,12493,1,-1
2020-10-05 15:33:05.130,12493,12495,12493,1,-1
2020-10-05 15:33:05.295,12493,12495,12493,1,-1
2020-10-05 15:33:05.469,12493,12495,12493,1,-1
2020-10-05 15:33:05.598,12493,12495,12493,1,-1
2020-10-05 15:33:05.770,12493,12495,12493,1,-1
2020-10-05 15:33:06.030,12493,12494,12493,1,-1
2020-10-05 15:33:06.217,12493,12494,12493,1,-1
2020-10-05 15:33:06.247,12493,12494,12494,1,1
2020-10-05 15:33:06.302,12493,12494,12493,1,-1
2020-10-05 15:33:06.960,12493,12494,12493,1,-1
2020-10-05 15:33:08.416,12493,12494,12493,3,-3
2020-10-05 15:33:08.526,12492,12493,12492,3,-3
2020-10-05 15:33:09.012,12491,12493,12491,1,-1
2020-10-05 15:33:09.164,12491,12493,12491,1,-1
2020-10-05 15:33:09.330,12491,12493,12491,1,-1
2020-10-05 15:33:09.484,12491,12493,12491,1,-1
2020-10-05 15:33:09.635,12491,12493,12491,1,-1
2020-10-05 15:33:09.814,12491,12493,12491,1,-1
2020-10-05 15:33:09.887,12491,12493,12491,1,-1
2020-10-05 15:33:10.003,12491,12493,12491,1,-1
2020-10-05 15:33:10.182,12491,12493,12493,1,1
2020-10-05 15:33:10.220,12491,12493,12491,1,-1
2020-10-05 15:33:10.405,12491,12493,12491,1,-1
2020-10-05 15:33:10.736,12492,12493,12492,1,1
2020-10-05 15:33:10.923,12491,12493,12491,1,-1
2020-10-05 15:33:11.125,12491,12493,12491,1,-1
2020-10-05 15:33:11.238,12491,12492,12491,1,-1
2020-10-05 15:33:11.891,12491,12493,12491,1,-1
2020-10-05 15:33:12.335,12491,12493,12492,1,1
2020-10-05 15:33:13.591,12492,12493,12493,1,1
2020-10-05 15:33:14.608,12492,12493,12492,1,-1
2020-10-05 15:33:15.738,12492,12493,12493,41,41
2020-10-05 15:33:15.738,12492,12493,12493,2,2
2020-10-05 15:33:15.738,12492,12493,12493,5,5
2020-10-05 15:33:15.739,12492,12493,12493,3,3
2020-10-05 15:33:15.739,12492,12493,12493,7,7
2020-10-05 15:33:15.739,12492,12493,12493,4,4
2020-10-05 15:33:15.739,12492,12493,12493,16,16
2020-10-05 15:33:15.739,12492,12493,12493,2,2
2020-10-05 15:33:15.739,12492,12493,12493,1,1
2020-10-05 15:33:15.739,12492,12493,12493,5,5
2020-10-05 15:33:15.739,12492,12493,12493,5,5
2020-10-05 15:33:15.739,12492,12493,12493,5,5
2020-10-05 15:33:15.741,12492,12493,12493,1,1
2020-10-05 15:33:15.741,12492,12493,12493,1,1
2020-10-05 15:33:15.776,12492,12493,12493,1,1
2020-10-05 15:33:15.853,12492,12493,12493,4,4
2020-10-05 15:33:19.602,12491,12492,12492,1,1
2020-10-05 15:33:20.373,12491,12492,12491,5,-5
2020-10-05 15:33:22.699,12491,12492,12491,18,-18
2020-10-05 15:33:22.776,12490,12491,12490,2,-2
2020-10-05 15:33:23.204,12490,12491,12490,1,-1
2020-10-05 15:33:23.308,12490,12491,12490,1,-1
2020-10-05 15:33:23.610,12490,12491,12490,2,-2
2020-10-05 15:33:24.649,12490,12491,12491,8,8
2020-10-05 15:33:27.197,12491,12492,12492,1,1
2020-10-05 15:33:27.546,12492,12493,12492,2,-2
2020-10-05 15:33:28.855,12492,12493,12492,1,-1
2020-10-05 15:33:28.902,12492,12493,12492,1,-1
2020-10-05 15:33:28.904,12492,12493,12492,1,-1
2020-10-05 15:33:29.256,12492,12493,12493,1,1
2020-10-05 15:33:29.310,12493,12494,12493,1,-1
2020-10-05 15:33:33.444,12492,12493,12493,1,1
2020-10-05 15:33:33.958,12492,12494,12492,1,-1
2020-10-05 15:33:35.135,12493,12495,12493,2,2
2020-10-05 15:33:37.047,12493,12494,12493,2,-2
2020-10-05 15:33:37.613,12493,12494,12494,2,2
2020-10-05 15:33:38.496,12494,12495,12495,1,1
2020-10-05 15:33:39.736,12494,12495,12494,10,-10
2020-10-05 15:33:39.736,12494,12495,12493,18,-18
2020-10-05 15:33:39.737,12494,12495,12493,5,-5
2020-10-05 15:33:39.738,12494,12495,12493,1,-1
2020-10-05 15:33:41.328,12494,12495,12495,2,2
2020-10-05 15:33:45.842,12494,12495,12494,3,-3
2020-10-05 15:33:45.843,12494,12495,12494,2,-2
2020-10-05 15:33:45.861,12494,12495,12495,2,2
2020-10-05 15:33:47.477,12494,12495,12495,2,2
2020-10-05 15:33:49.333,12494,12495,12495,2,2
2020-10-05 15:33:52.723,12495,12496,12495,1,-1
2020-10-05 15:33:52.726,12495,12496,12495,5,-5
2020-10-05 15:34:00.139,12495,12496,12495,1,-1
2020-10-05 15:34:01.671,12495,12496,12495,2,-2
2020-10-05 15:34:02.258,12495,12496,12495,1,-1
2020-10-05 15:34:03.274,12495,12496,12495,1,-1
2020-10-05 15:34:04.303,12494,12496,12496,1,1
2020-10-05 15:34:05.898,12495,12496,12496,2,2
2020-10-05 15:34:06.316,12495,12496,12496,4,4
2020-10-05 15:34:09.716,12495,12497,12497,2,2
2020-10-05 15:34:22.544,12496,12497,12496,2,-2
2020-10-05 15:34:27.989,12496,12497,12497,1,1
2020-10-05 15:34:30.059,12496,12497,12497,1,1
2020-10-05 15:34:30.060,12496,12497,12497,3,3
2020-10-05 15:34:30.086,12496,12497,12497,1,1
2020-10-05 15:34:38.413,12497,12498,12497,1,-1
2020-10-05 15:34:38.414,12497,12498,12497,4,-4
2020-10-05 15:34:39.315,12496,12497,12497,1,1
2020-10-05 15:34:44.624,12496,12498,12497,1,-1
2020-10-05 15:34:51.012,12497,12498,12497,1,-1
2020-10-05 15:34:52.156,12497,12498,12498,12,12
2020-10-05 15:34:52.446,12498,12499,12499,1,1
2020-10-05 15:35:00.822,12498,12499,12499,1,1
2020-10-05 15:35:01.136,12499,12500,12499,1,-1
2020-10-05 15:35:09.345,12498,12499,12499,1,1
2020-10-05 15:35:10.944,12499,12500,12499,2,-2
2020-10-05 15:35:17.000,12499,12500,12499,1,-1
2020-10-05 15:35:18.338,12498,12499,12498,2,-2
2020-10-05 15:35:18.338,12498,12499,12498,1,-1
2020-10-05 15:35:20.847,12497,12498,12498,1,1
2020-10-05 15:35:21.289,12497,12498,12497,1,-1
2020-10-05 15:35:21.289,12497,12498,12496,1,-1
2020-10-05 15:35:22.365,12496,12498,12498,1,1
2020-10-05 15:35:23.348,12496,12498,12498,1,1
2020-10-05 15:35:30.609,12497,12498,12497,1,-1
2020-10-05 15:35:31.426,12497,12499,12497,1,-1
2020-10-05 15:35:44.044,12498,12499,12499,1,1
2020-10-05 15:35:48.769,12499,12500,12499,1,-1
2020-10-05 15:35:59.666,12499,12500,12500,1,1
2020-10-05 15:35:59.667,12499,12500,12500,11,11
2020-10-05 15:35:59.667,12499,12500,12500,3,3
2020-10-05 15:36:04.022,12500,12501,12501,1,1
2020-10-05 15:36:04.505,12500,12502,12500,3,-3
2020-10-05 15:36:04.596,12499,12501,12499,1,-1
2020-10-05 15:36:04.791,12499,12501,12499,1,-1
2020-10-05 15:36:04.845,12499,12501,12499,1,-1
2020-10-05 15:36:04.978,12499,12500,12499,1,-1
2020-10-05 15:36:05.011,12499,12500,12499,1,-1
2020-10-05 15:36:07.522,12499,12500,12499,1,-1
2020-10-05 15:36:11.682,12499,12500,12500,3,3
2020-10-05 15:36:11.682,12499,12500,12500,1,1
2020-10-05 15:36:19.294,12501,12502,12502,2,2
2020-10-05 15:36:19.433,12501,12502,12502,2,2
2020-10-05 15:36:20.405,12501,12502,12502,1,1
2020-10-05 15:36:20.452,12501,12502,12502,7,7
2020-10-05 15:36:27.172,12502,12503,12502,1,-1
2020-10-05 15:36:27.384,12501,12502,12502,2,2
2020-10-05 15:36:37.810,12502,12503,12502,1,-1
2020-10-05 15:36:38.890,12501,12502,12502,1,1
2020-10-05 15:36:38.920,12501,12502,12501,1,-1
2020-10-05 15:36:38.928,12501,12502,12501,1,-1
2020-10-05 15:36:38.929,12501,12502,12501,1,-1
2020-10-05 15:36:42.253,12500,12501,12501,1,1
2020-10-05 15:36:44.176,12501,12502,12502,1,1
2020-10-05 15:36:48.009,12501,12502,12502,1,1
2020-10-05 15:36:49.410,12501,12502,12502,1,1
2020-10-05 15:36:52.129,12501,12502,12502,2,2
2020-10-05 15:36:59.164,12501,12502,12501,1,-1
2020-10-05 15:37:01.098,12501,12502,12501,1,-1
2020-10-05 15:37:01.685,12501,12502,12502,1,1
2020-10-05 15:37:01.727,12501,12502,12501,1,-1
2020-10-05 15:37:01.727,12501,12502,12501,2,-2
2020-10-05 15:37:09.296,12501,12502,12502,10,10
2020-10-05 15:37:09.297,12501,12502,12502,2,2
2020-10-05 15:37:19.974,12501,12502,12502,1,1
2020-10-05 15:37:20.676,12502,12503,12502,3,-3
2020-10-05 15:37:22.396,12502,12503,12503,1,1
2020-10-05 15:37:24.488,12502,12503,12503,3,3
2020-10-05 15:37:27.031,12502,12503,12503,1,1
2020-10-05 15:37:38.803,12502,12503,12502,1,-1
2020-10-05 15:37:39.070,12502,12503,12503,1,1
2020-10-05 15:37:45.427,12502,12503,12502,8,-8
2020-10-05 15:37:47.409,12501,12502,12502,2,2
2020-10-05 15:37:52.547,12501,12502,12502,2,2
2020-10-05 15:37:55.296,12501,12502,12502,4,4
2020-10-05 15:37:55.296,12501,12502,12502,1,1
2020-10-05 15:37:56.236,12502,12503,12503,1,1
2020-10-05 15:37:56.821,12502,12503,12502,1,-1
2020-10-05 15:37:57.745,12501,12502,12502,1,1
2020-10-05 15:38:03.970,12501,12503,12503,1,1
2020-10-05 15:38:04.374,12501,12503,12503,1,1
2020-10-05 15:38:26.351,12502,12503,12503,1,1
2020-10-05 15:38:41.586,12502,12503,12503,1,1
2020-10-05 15:38:41.586,12502,12503,12503,1,1
2020-10-05 15:38:41.586,12502,12503,12503,3,3
2020-10-05 15:38:41.586,12502,12503,12503,1,1
2020-10-05 15:38:46.335,12503,12504,12503,2,-2
2020-10-05 15:38:49.961,12503,12504,12504,5,5
2020-10-05 15:38:49.962,12503,12504,12504,8,8
2020-10-05 15:39:01.322,12504,12505,12504,3,-3
2020-10-05 15:39:01.323,12504,12505,12504,1,-1
2020-10-05 15:39:01.327,12504,12505,12504,4,-4
2020-10-05 15:39:01.510,12503,12505,12504,2,-2
2020-10-05 15:39:01.557,12503,12504,12504,1,1
2020-10-05 15:39:01.557,12503,12504,12505,1,1
2020-10-05 15:39:01.754,12503,12505,12505,1,1
2020-10-05 15:39:02.520,12504,12505,12505,1,1
2020-10-05 15:39:12.043,12504,12505,12505,1,1
2020-10-05 15:39:17.145,12504,12505,12505,2,2
2020-10-05 15:39:22.132,12504,12506,12505,1,-1
2020-10-05 15:39:22.150,12504,12506,12506,1,1
2020-10-05 15:39:22.275,12504,12506,12506,1,1
2020-10-05 15:39:23.624,12505,12506,12505,1,-1
2020-10-05 15:39:31.318,12505,12506,12506,3,3
2020-10-05 15:39:31.808,12505,12506,12505,1,-1
2020-10-05 15:39:37.546,12505,12506,12506,1,1
2020-10-05 15:39:43.814,12505,12506,12506,1,1
2020-10-05 15:39:47.719,12505,12506,12506,1,1
2020-10-05 15:39:54.001,12505,12506,12505,47,-47
2020-10-05 15:39:54.005,12505,12506,12504,1,-1
2020-10-05 15:39:56.910,12503,12505,12503,1,-1
2020-10-05 15:39:57.050,12503,12505,12505,1,1
2020-10-05 15:39:59.575,12504,12505,12504,1,-1
2020-10-05 15:40:00.674,12503,12504,12504,1,1
2020-10-05 15:40:02.899,12503,12504,12504,1,1
2020-10-05 15:40:03.410,12503,12504,12504,1,1
2020-10-05 15:40:03.960,12503,12504,12503,1,-1
2020-10-05 15:40:06.326,12502,12503,12502,16,-16
2020-10-05 15:40:08.221,12501,12502,12501,1,-1
2020-10-05 15:40:08.269,12501,12502,12501,1,-1
2020-10-05 15:40:08.269,12501,12502,12501,1,-1
2020-10-05 15:40:08.269,12501,12502,12501,2,-2
2020-10-05 15:40:08.403,12500,12501,12501,1,1
2020-10-05 15:40:08.828,12500,12501,12500,1,-1
2020-10-05 15:40:09.266,12500,12501,12500,1,-1
2020-10-05 15:40:17.842,12501,12502,12501,1,1
2020-10-05 15:40:23.049,12500,12501,12500,7,-7
2020-10-05 15:40:23.049,12500,12501,12500,5,-5
2020-10-05 15:40:27.402,12500,12501,12500,1,-1
2020-10-05 15:40:29.811,12500,12501,12500,1,-1
2020-10-05 15:40:30.431,12500,12501,12501,5,5
2020-10-05 15:40:30.431,12500,12501,12501,29,29
2020-10-05 15:40:31.588,12501,12502,12502,36,36
2020-10-05 15:40:32.026,12502,12503,12502,1,-1
2020-10-05 15:40:32.228,12501,12503,12501,1,-1
2020-10-05 15:40:36.800,12501,12502,12501,4,-4
2020-10-05 15:40:37.116,12500,12501,12500,1,-1
2020-10-05 15:40:38.614,12499,12501,12499,1,-1
2020-10-05 15:40:43.145,12500,12502,12501,1,1
2020-10-05 15:41:18.995,12503,12504,12503,3,3
2020-10-05 15:41:19.157,12502,12503,12502,1,-1
2020-10-05 15:41:28.294,12502,12503,12503,1,1
2020-10-05 15:41:36.586,12503,12504,12504,2,2
2020-10-05 15:41:42.344,12504,12505,12504,1,-1
2020-10-05 15:41:48.324,12504,12505,12505,1,1
2020-10-05 15:41:48.324,12504,12505,12505,2,2
2020-10-05 15:41:48.324,12504,12505,12505,1,1
2020-10-05 15:41:52.172,12504,12505,12505,1,1
2020-10-05 15:41:55.114,12505,12506,12506,1,1
2020-10-05 15:41:55.543,12505,12506,12505,1,-1
2020-10-05 15:41:58.075,12505,12506,12505,3,-3
2020-10-05 15:41:58.630,12503,12505,12505,1,1
2020-10-05 15:42:04.055,12504,12506,12504,1,-1
2020-10-05 15:42:04.169,12504,12506,12504,1,-1
2020-10-05 15:42:04.690,12504,12506,12506,1,1
2020-10-05 15:42:04.696,12504,12506,12506,1,1
2020-10-05 15:42:07.230,12504,12506,12506,3,3
2020-10-05 15:42:10.046,12504,12505,12504,8,-8
2020-10-05 15:42:11.948,12503,12504,12503,1,-1
2020-10-05 15:42:15.563,12502,12503,12502,5,-5
2020-10-05 15:42:15.563,12502,12503,12502,15,-15
2020-10-05 15:42:15.572,12502,12503,12502,1,-1
2020-10-05 15:42:31.715,12503,12504,12503,2,2
2020-10-05 15:42:33.979,12502,12503,12503,1,1
2020-10-05 15:42:48.978,12502,12503,12503,2,2
2020-10-05 15:42:59.261,12502,12504,12502,3,-3
2020-10-05 15:43:04.056,12502,12503,12502,1,-1
2020-10-05 15:43:07.512,12502,12503,12502,1,-1
2020-10-05 15:43:07.512,12502,12503,12502,1,-1
2020-10-05 15:43:07.512,12502,12503,12502,1,-1
2020-10-05 15:43:11.124,12501,12503,12501,1,-1
2020-10-05 15:43:11.250,12501,12503,12501,1,-1
2020-10-05 15:43:13.291,12502,12503,12502,1,1
2020-10-05 15:43:13.951,12502,12503,12503,1,1
2020-10-05 15:43:19.193,12501,12503,12503,2,2
2020-10-05 15:43:21.860,12501,12502,12501,2,-2
2020-10-05 15:43:21.992,12500,12501,12501,1,1
2020-10-05 15:43:25.702,12500,12502,12500,1,-1
2020-10-05 15:43:25.879,12500,12502,12500,1,-1
2020-10-05 15:43:25.947,12500,12502,12500,1,-1
2020-10-05 15:43:38.113,12502,12503,12502,2,2
2020-10-05 15:43:43.436,12501,12502,12501,2,-2
2020-10-05 15:43:48.260,12500,12501,12501,1,1
2020-10-05 15:44:02.493,12500,12501,12501,1,1
2020-10-05 15:44:13.033,12501,12502,12501,1,-1
2020-10-05 15:44:28.298,12500,12501,12501,4,4
2020-10-05 15:44:30.070,12501,12502,12502,2,2
2020-10-05 15:44:30.149,12501,12502,12502,1,1
2020-10-05 15:44:43.207,12501,12502,12502,2,2
2020-10-05 15:44:49.719,12502,12503,12503,2,2
2020-10-05 15:44:50.951,12503,12504,12503,1,-1
2020-10-05 15:44:57.076,12503,12504,12504,2,2
2020-10-05 15:45:16.176,12504,12505,12504,1,-1
2020-10-05 15:45:16.793,12504,12505,12504,1,-1
2020-10-05 15:45:23.447,12504,12505,12505,2,2
2020-10-05 15:45:27.841,12505,12506,12506,1,1
2020-10-05 15:45:27.841,12505,12506,12507,10,10
2020-10-05 15:45:29.527,12506,12507,12506,1,-1
2020-10-05 15:45:31.474,12505,12507,12507,2,2
2020-10-05 15:45:31.775,12505,12507,12505,3,-3
2020-10-05 15:45:32.074,12505,12506,12506,4,4
2020-10-05 15:45:33.990,12505,12507,12507,1,1
2020-10-05 15:45:35.393,12505,12507,12505,1,-1
2020-10-05 15:45:45.779,12506,12507,12507,1,1
2020-10-05 15:45:48.584,12506,12507,12507,1,1
2020-10-05 15:46:02.975,12506,12507,12506,1,-1
2020-10-05 15:46:03.076,12506,12507,12507,1,1
2020-10-05 15:46:03.239,12506,12507,12507,1,1
2020-10-05 15:46:03.389,12506,12507,12507,1,1
2020-10-05 15:46:03.550,12506,12507,12507,1,1
2020-10-05 15:46:03.704,12506,12507,12507,1,1
2020-10-05 15:46:03.756,12506,12507,12507,1,1
2020-10-05 15:46:03.852,12506,12507,12507,1,1
2020-10-05 15:46:03.990,12506,12507,12507,1,1
2020-10-05 15:46:04.147,12506,12507,12507,1,1
2020-10-05 15:46:04.288,12506,12507,12507,1,1
2020-10-05 15:46:04.438,12506,12507,12507,1,1
2020-10-05 15:46:04.587,12506,12507,12507,1,1
2020-10-05 15:46:04.733,12506,12507,12507,1,1
2020-10-05 15:46:04.879,12506,12507,12507,1,1
2020-10-05 15:46:05.023,12506,12507,12507,1,1
2020-10-05 15:46:05.187,12506,12508,12508,1,1
2020-10-05 15:46:05.305,12506,12508,12508,1,1
2020-10-05 15:46:05.336,12506,12508,12508,1,1
2020-10-05 15:46:05.489,12506,12508,12508,1,1
2020-10-05 15:46:05.531,12506,12508,12508,1,1
2020-10-05 15:46:05.696,12506,12508,12508,1,1
2020-10-05 15:46:05.700,12506,12508,12508,3,3
2020-10-05 15:46:05.749,12506,12508,12507,1,-1
2020-10-05 15:46:05.863,12507,12508,12508,3,3
2020-10-05 15:46:05.909,12507,12509,12509,2,2
2020-10-05 15:46:06.099,12507,12509,12509,1,1
2020-10-05 15:46:06.138,12507,12509,12507,4,-4
2020-10-05 15:46:06.223,12507,12508,12508,1,1
2020-10-05 15:46:06.708,12507,12508,12508,1,1
2020-10-05 15:46:08.865,12507,12508,12508,1,1
2020-10-05 15:46:08.903,12507,12509,12509,1,1
2020-10-05 15:46:08.904,12507,12509,12509,1,1
2020-10-05 15:46:09.469,12507,12509,12509,1,1
2020-10-05 15:46:09.624,12507,12509,12509,1,1
2020-10-05 15:46:09.790,12508,12509,12509,1,1
2020-10-05 15:46:09.948,12508,12509,12509,1,1
2020-10-05 15:46:10.091,12508,12509,12509,1,1
2020-10-05 15:46:10.269,12508,12509,12509,1,1
2020-10-05 15:46:10.411,12508,12509,12509,1,1
2020-10-05 15:46:10.558,12508,12509,12509,1,1
2020-10-05 15:46:10.715,12508,12510,12510,1,1
2020-10-05 15:46:10.868,12508,12510,12510,1,1
2020-10-05 15:46:11.031,12508,12510,12510,1,1
2020-10-05 15:46:11.179,12509,12510,12510,1,1
2020-10-05 15:46:11.339,12509,12510,12510,1,1
2020-10-05 15:46:11.737,12509,12510,12510,5,5
2020-10-05 15:46:11.972,12509,12510,12510,1,1
2020-10-05 15:46:12.406,12509,12510,12510,2,2
2020-10-05 15:46:12.407,12509,12510,12510,1,1
2020-10-05 15:46:12.407,12509,12510,12510,2,2
2020-10-05 15:46:12.407,12509,12510,12510,5,5
2020-10-05 15:46:13.126,12509,12510,12510,1,1
2020-10-05 15:46:13.152,12509,12510,12509,1,-1
2020-10-05 15:46:13.275,12509,12510,12510,1,1
2020-10-05 15:46:13.448,12509,12510,12510,1,1
2020-10-05 15:46:13.620,12509,12510,12510,1,1
2020-10-05 15:46:13.967,12509,12511,12511,1,1
2020-10-05 15:46:14.070,12509,12511,12511,1,1
2020-10-05 15:46:14.108,12509,12511,12509,1,-1
2020-10-05 15:46:14.265,12509,12511,12511,1,1
2020-10-05 15:46:14.473,12509,12511,12511,1,1
2020-10-05 15:46:14.681,12509,12511,12511,1,1
2020-10-05 15:46:15.057,12509,12511,12511,1,1
2020-10-05 15:46:15.264,12509,12511,12511,1,1
2020-10-05 15:46:15.396,12509,12511,12511,1,1
2020-10-05 15:46:15.547,12509,12511,12511,1,1
2020-10-05 15:46:16.210,12509,12511,12511,1,1
2020-10-05 15:46:16.686,12509,12511,12511,5,5
2020-10-05 15:46:16.830,12509,12511,12511,1,1
2020-10-05 15:46:17.099,12509,12511,12511,1,1
2020-10-05 15:46:17.152,12510,12511,12511,1,1
2020-10-05 15:46:18.275,12510,12511,12511,1,1
2020-10-05 15:46:19.112,12510,12511,12510,1,-1
2020-10-05 15:46:19.638,12510,12511,12511,2,2
2020-10-05 15:46:20.163,12510,12511,12511,1,1
2020-10-05 15:46:21.550,12510,12511,12511,4,4
2020-10-05 15:46:23.141,12510,12511,12510,1,-1
2020-10-05 15:46:24.508,12510,12511,12511,2,2
2020-10-05 15:46:25.084,12510,12511,12511,1,1
2020-10-05 15:46:26.334,12510,12511,12510,1,-1
2020-10-05 15:46:29.967,12509,12510,12510,1,1
2020-10-05 15:46:31.101,12510,12511,12510,1,-1
2020-10-05 15:46:32.897,12509,12510,12509,1,-1
2020-10-05 15:46:32.897,12509,12510,12509,2,-2
2020-10-05 15:46:33.202,12508,12510,12510,1,1
2020-10-05 15:46:33.917,12508,12510,12510,2,2
2020-10-05 15:46:37.040,12509,12510,12510,4,4
2020-10-05 15:46:38.781,12509,12510,12510,1,1
2020-10-05 15:46:38.903,12509,12511,12511,1,1
2020-10-05 15:46:39.804,12509,12511,12510,1,-1
2020-10-05 15:46:46.369,12509,12510,12509,2,-2
2020-10-05 15:46:49.275,12508,12509,12508,1,-1
2020-10-05 15:46:49.276,12508,12509,12508,3,-3
2020-10-05 15:46:50.645,12507,12508,12508,1,1
2020-10-05 15:46:50.645,12507,12508,12509,2,2
2020-10-05 15:46:53.251,12507,12509,12509,1,1
2020-10-05 15:46:58.671,12507,12509,12509,4,4
2020-10-05 15:47:01.380,12507,12508,12508,1,1
2020-10-05 15:47:01.849,12507,12509,12509,1,1
2020-10-05 15:47:03.502,12508,12509,12508,1,-1
2020-10-05 15:47:05.397,12507,12509,12509,1,1
2020-10-05 15:47:08.612,12508,12509,12509,4,4
2020-10-05 15:47:08.612,12508,12509,12509,15,15
2020-10-05 15:47:20.626,12508,12509,12509,4,4
2020-10-05 15:47:23.041,12508,12509,12509,1,1
2020-10-05 15:47:25.991,12508,12509,12508,3,-3
2020-10-05 15:47:32.088,12507,12508,12508,1,1
2020-10-05 15:47:32.705,12507,12508,12508,1,1
2020-10-05 15:47:38.062,12507,12508,12507,2,-2
2020-10-05 15:47:40.784,12507,12508,12507,1,-1
2020-10-05 15:47:54.406,12506,12507,12507,1,1
2020-10-05 15:47:55.380,12506,12507,12507,2,2
2020-10-05 15:47:55.380,12506,12507,12507,1,1
2020-10-05 15:47:58.045,12507,12508,12508,1,1
2020-10-05 15:48:04.787,12508,12509,12508,1,-1
2020-10-05 15:48:04.787,12508,12509,12508,2,-2
2020-10-05 15:48:08.799,12507,12508,12508,1,1
2020-10-05 15:48:11.128,12507,12508,12507,4,-4
2020-10-05 15:48:11.637,12506,12507,12506,5,-5
2020-10-05 15:48:34.557,12505,12506,12506,2,2
2020-10-05 15:48:35.607,12505,12506,12505,5,-5
2020-10-05 15:48:38.687,12505,12506,12506,1,1
2020-10-05 15:48:38.687,12505,12506,12506,1,1
2020-10-05 15:48:38.687,12505,12506,12506,1,1
2020-10-05 15:48:38.688,12505,12506,12506,1,1
2020-10-05 15:48:38.688,12505,12506,12506,2,2
2020-10-05 15:48:38.688,12505,12506,12506,11,11
2020-10-05 15:48:38.688,12505,12506,12506,2,2
2020-10-05 15:48:38.688,12505,12506,12506,1,1
2020-10-05 15:48:47.019,12505,12507,12505,4,-4
2020-10-05 15:48:49.699,12504,12506,12506,1,1
2020-10-05 15:48:51.696,12505,12507,12507,4,4
2020-10-05 15:49:16.698,12506,12507,12506,4,-4
2020-10-05 15:49:16.895,12505,12507,12507,1,1
2020-10-05 15:49:16.921,12505,12507,12505,1,-1
2020-10-05 15:49:23.502,12506,12507,12506,2,2
2020-10-05 15:49:39.784,12505,12506,12506,2,2
2020-10-05 15:50:02.344,12506,12507,12507,3,3
2020-10-05 15:50:07.015,12506,12507,12507,1,1
2020-10-05 15:50:09.417,12505,12507,12507,2,2
2020-10-05 15:50:20.254,12505,12506,12505,2,-2
2020-10-05 15:50:49.584,12504,12505,12504,2,-2
2020-10-05 15:50:49.584,12504,12505,12504,5,-5
2020-10-05 15:50:49.584,12504,12505,12504,2,-2
2020-10-05 15:50:51.306,12503,12504,12504,2,2
2020-10-05 15:50:57.844,12504,12505,12505,1,1
2020-10-05 15:50:57.900,12504,12505,12505,1,1
2020-10-05 15:50:59.008,12504,12506,12504,1,-1
2020-10-05 15:51:04.833,12505,12506,12505,1,1
2020-10-05 15:51:04.833,12505,12506,12505,1,-1
2020-10-05 15:51:04.833,12505,12506,12505,1,-1
2020-10-05 15:51:04.833,12505,12506,12505,1,-1
2020-10-05 15:51:04.834,12505,12506,12505,6,-6
2020-10-05 15:51:05.148,12504,12505,12505,2,2
2020-10-05 15:51:08.476,12504,12505,12505,1,1
2020-10-05 15:51:24.265,12504,12505,12504,1,-1
2020-10-05 15:51:26.876,12504,12505,12505,1,1
2020-10-05 15:51:26.879,12504,12505,12505,1,1
2020-10-05 15:51:26.881,12504,12505,12505,1,1
2020-10-05 15:51:32.226,12504,12505,12505,2,2
2020-10-05 15:51:32.226,12504,12505,12505,1,1
2020-10-05 15:51:32.226,12504,12505,12505,1,1
2020-10-05 15:51:32.226,12504,12505,12505,4,4
2020-10-05 15:52:11.519,12505,12506,12506,11,11
2020-10-05 15:52:11.519,12505,12506,12506,4,4
2020-10-05 15:52:11.520,12505,12506,12506,3,3
2020-10-05 15:52:12.823,12505,12507,12505,1,-1
2020-10-05 15:52:15.089,12505,12506,12506,2,2
2020-10-05 15:52:21.410,12505,12506,12505,1,-1
2020-10-05 15:52:21.410,12505,12506,12505,1,-1
2020-10-05 15:52:21.410,12505,12506,12505,1,-1
2020-10-05 15:52:21.410,12505,12506,12505,1,-1
2020-10-05 15:52:21.410,12505,12506,12505,1,-1
2020-10-05 15:52:21.410,12505,12506,12505,2,-2
2020-10-05 15:52:24.133,12504,12505,12505,1,1
2020-10-05 15:52:25.225,12504,12506,12504,1,-1
2020-10-05 15:52:40.209,12504,12505,12505,1,1
2020-10-05 15:52:44.622,12505,12506,12506,1,1
2020-10-05 15:52:46.600,12506,12507,12506,3,-3
2020-10-05 15:53:13.400,12505,12506,12506,1,1
2020-10-05 15:53:45.349,12505,12506,12505,6,-6
2020-10-05 15:53:46.431,12504,12505,12504,4,-4
2020-10-05 15:53:50.883,12503,12504,12503,1,-1
2020-10-05 15:53:50.884,12503,12504,12503,5,-5
2020-10-05 15:53:50.931,12502,12503,12502,2,-2
2020-10-05 15:53:51.064,12502,12503,12502,1,-1
2020-10-05 15:53:57.408,12502,12504,12502,1,-1
2020-10-05 15:54:09.836,12502,12504,12502,1,-1
2020-10-05 15:54:11.607,12502,12504,12502,1,-1
2020-10-05 15:54:11.723,12502,12504,12504,1,1
2020-10-05 15:54:43.455,12503,12504,12504,2,2
2020-10-05 15:54:43.455,12503,12504,12505,8,8
2020-10-05 15:55:05.132,12505,12506,12506,1,1
2020-10-05 15:55:05.133,12505,12506,12506,4,4
2020-10-05 15:55:05.908,12506,12507,12507,1,1
2020-10-05 15:56:01.344,12506,12507,12507,7,7
2020-10-05 15:56:01.975,12507,12509,12509,1,1
2020-10-05 15:56:01.985,12507,12509,12509,1,1
2020-10-05 15:56:04.256,12508,12509,12508,1,-1
2020-10-05 15:56:04.256,12508,12509,12507,4,-4
2020-10-05 15:56:08.049,12508,12509,12509,3,3
2020-10-05 15:56:08.049,12508,12509,12509,10,10
2020-10-05 15:56:09.245,12508,12510,12509,1,-1
2020-10-05 15:56:10.929,12508,12509,12509,1,1
2020-10-05 15:56:13.115,12508,12509,12509,1,1
2020-10-05 15:56:13.115,12508,12509,12509,2,2
2020-10-05 15:56:17.631,12509,12510,12509,1,-1
2020-10-05 15:56:20.435,12509,12510,12509,1,-1
2020-10-05 15:56:20.983,12508,12509,12509,1,1
2020-10-05 15:56:31.907,12508,12509,12509,1,1
2020-10-05 15:56:42.912,12508,12509,12509,2,2
2020-10-05 15:56:44.481,12509,12510,12509,1,-1
2020-10-05 15:56:47.020,12508,12509,12509,2,2
2020-10-05 15:56:54.819,12508,12509,12509,1,1
2020-10-05 15:57:02.167,12508,12509,12509,1,1
2020-10-05 15:57:03.879,12508,12509,12509,1,1
2020-10-05 15:57:06.603,12508,12509,12509,1,1
2020-10-05 15:57:08.789,12508,12509,12509,1,1
2020-10-05 15:57:10.567,12508,12509,12509,1,1
2020-10-05 15:57:17.804,12508,12509,12508,4,-4
2020-10-05 15:57:17.835,12508,12509,12508,1,-1
2020-10-05 15:57:24.383,12508,12509,12509,1,1
2020-10-05 15:57:32.860,12508,12509,12509,2,2
2020-10-05 15:57:38.150,12508,12509,12508,2,-2
2020-10-05 15:57:38.150,12508,12509,12508,1,-1
2020-10-05 15:57:38.152,12507,12508,12508,1,1
2020-10-05 15:57:38.177,12507,12508,12508,1,1
2020-10-05 15:57:38.412,12507,12508,12508,1,1
2020-10-05 15:57:38.896,12507,12508,12508,1,1
2020-10-05 15:57:55.167,12507,12508,12507,1,-1
2020-10-05 15:58:02.423,12506,12507,12507,1,1
2020-10-05 15:58:02.455,12506,12507,12508,1,1
2020-10-05 15:58:03.050,12506,12508,12506,1,-1
2020-10-05 15:58:06.536,12506,12508,12508,4,4
2020-10-05 15:58:17.203,12506,12507,12507,1,1
2020-10-05 15:58:42.421,12507,12508,12508,4,4
2020-10-05 15:58:57.039,12507,12508,12508,2,2
2020-10-05 15:59:02.342,12507,12508,12508,1,1
2020-10-05 15:59:04.401,12507,12508,12507,3,-3
2020-10-05 15:59:07.957,12506,12507,12506,2,-2
2020-10-05 15:59:15.040,12505,12506,12505,1,-1
2020-10-05 15:59:16.555,12505,12506,12505,1,-1
2020-10-05 15:59:16.657,12504,12505,12504,3,-3
2020-10-05 15:59:27.237,12504,12505,12505,2,2
2020-10-05 15:59:27.237,12504,12505,12505,2,2
2020-10-05 15:59:27.238,12504,12505,12505,1,1
2020-10-05 15:59:33.271,12505,12506,12506,1,1
2020-10-05 15:59:33.271,12505,12506,12506,1,1
2020-10-05 15:59:33.747,12505,12507,12505,1,-1
2020-10-05 15:59:53.314,12505,12506,12505,2,-2
2020-10-05 15:59:57.152,12504,12505,12505,1,1
2020-10-05 15:59:59.313,12504,12505,12505,1,1
2020-10-05 16:00:01.063,12504,12505,12504,1,-1
2020-10-05 16:00:01.582,12504,12505,12504,1,-1
2020-10-05 16:00:02.396,12504,12505,12504,1,-1
2020-10-05 16:00:03.698,12504,12505,12504,1,-1
2020-10-05 16:00:03.873,12504,12505,12505,1,1
2020-10-05 16:00:03.926,12504,12505,12504,1,-1
2020-10-05 16:00:07.100,12505,12506,12505,1,1
2020-10-05 16:00:17.818,12504,12505,12504,1,-1
2020-10-05 16:00:22.505,12504,12506,12506,1,1
2020-10-05 16:00:31.397,12505,12506,12506,1,1
2020-10-05 16:00:31.397,12505,12506,12506,1,1
2020-10-05 16:00:39.470,12506,12507,12506,1,-1
2020-10-05 16:01:04.181,12506,12507,12506,1,-1
2020-10-05 16:01:04.482,12506,12507,12507,1,1
2020-10-05 16:01:04.482,12506,12507,12507,4,4
2020-10-05 16:01:04.482,12506,12507,12507,4,4
2020-10-05 16:01:04.482,12506,12507,12507,35,35
2020-10-05 16:01:04.482,12506,12507,12507,4,4
2020-10-05 16:01:04.482,12506,12507,12507,2,2
2020-10-05 16:01:04.482,12506,12507,12507,2,2
2020-10-05 16:01:04.483,12506,12507,12507,1,1
2020-10-05 16:01:04.483,12506,12507,12507,7,7
2020-10-05 16:01:04.483,12506,12507,12507,4,4
2020-10-05 16:01:04.483,12506,12507,12507,1,1
2020-10-05 16:01:04.483,12506,12507,12507,1,1
2020-10-05 16:01:04.483,12506,12507,12507,3,3
2020-10-05 16:01:19.124,12507,12509,12509,1,1
2020-10-05 16:01:22.295,12507,12508,12508,1,1
2020-10-05 16:01:44.208,12508,12509,12509,1,1
2020-10-05 16:01:47.199,12507,12508,12508,4,4
2020-10-05 16:01:52.614,12507,12508,12508,1,1
2020-10-05 16:01:54.967,12507,12508,12508,1,1
2020-10-05 16:01:57.071,12507,12508,12507,3,-3
2020-10-05 16:01:58.341,12506,12508,12508,1,1
2020-10-05 16:02:00.187,12506,12507,12506,1,-1
2020-10-05 16:02:02.984,12506,12507,12506,2,-2
2020-10-05 16:02:03.125,12505,12506,12506,1,1
2020-10-05 16:02:03.567,12505,12506,12506,1,1
2020-10-05 16:02:04.834,12505,12506,12506,6,6
2020-10-05 16:02:07.273,12506,12507,12506,6,-6
2020-10-05 16:02:07.273,12506,12507,12505,3,-3
2020-10-05 16:02:16.259,12506,12507,12506,1,1
2020-10-05 16:02:16.259,12506,12507,12506,2,-2
2020-10-05 16:02:16.259,12506,12507,12506,3,-3
2020-10-05 16:02:16.484,12505,12506,12505,2,-2
2020-10-05 16:02:31.410,12506,12507,12506,1,1
2020-10-05 16:02:35.733,12506,12507,12507,2,2
2020-10-05 16:02:40.679,12506,12508,12507,1,-1
2020-10-05 16:02:52.442,12506,12508,12506,5,-5
2020-10-05 16:02:54.344,12507,12508,12507,1,1
2020-10-05 16:02:54.345,12507,12508,12507,1,-1
2020-10-05 16:02:54.370,12507,12508,12507,1,-1
2020-10-05 16:02:55.679,12507,12508,12507,1,-1
2020-10-05 16:03:03.962,12507,12508,12507,1,-1
2020-10-05 16:03:03.988,12507,12508,12507,1,-1
2020-10-05 16:03:04.046,12507,12508,12508,1,1
2020-10-05 16:03:04.802,12507,12508,12508,1,1
2020-10-05 16:03:06.656,12507,12508,12507,1,-1
2020-10-05 16:03:17.747,12506,12507,12507,2,2
2020-10-05 16:03:33.059,12506,12507,12507,3,3
2020-10-05 16:03:43.011,12507,12508,12507,4,-4
2020-10-05 16:03:44.446,12507,12508,12507,1,-1
2020-10-05 16:04:07.096,12506,12507,12506,11,-11
2020-10-05 16:04:07.444,12505,12507,12505,2,-2
2020-10-05 16:04:07.852,12505,12507,12507,1,1
2020-10-05 16:04:09.463,12505,12507,12507,1,1
2020-10-05 16:04:19.932,12506,12507,12506,1,-1
2020-10-05 16:04:19.933,12506,12507,12506,1,-1
2020-10-05 16:04:42.683,12506,12507,12506,1,-1
2020-10-05 16:04:42.999,12505,12506,12506,1,1
2020-10-05 16:04:43.072,12505,12506,12506,1,1
2020-10-05 16:04:52.885,12506,12507,12506,1,-1
2020-10-05 16:05:08.435,12506,12507,12506,2,-2
2020-10-05 16:05:38.820,12506,12507,12506,1,-1
2020-10-05 16:05:38.822,12506,12507,12506,2,-2
2020-10-05 16:05:44.776,12505,12506,12506,1,1
2020-10-05 16:06:19.888,12506,12507,12507,5,5
2020-10-05 16:06:20.175,12507,12508,12508,1,1
2020-10-05 16:06:20.285,12507,12508,12508,1,1
2020-10-05 16:06:22.421,12507,12508,12507,1,-1
2020-10-05 16:06:24.657,12506,12507,12507,1,1
2020-10-05 16:06:47.241,12507,12508,12508,11,11
2020-10-05 16:07:08.568,12507,12508,12508,1,1
2020-10-05 16:07:08.626,12507,12508,12508,1,1
2020-10-05 16:07:11.954,12506,12508,12508,2,2
2020-10-05 16:07:30.476,12506,12507,12507,1,1
2020-10-05 16:07:56.181,12506,12507,12507,1,1
2020-10-05 16:07:57.896,12506,12507,12507,1,1
2020-10-05 16:08:02.622,12506,12507,12507,1,1
2020-10-05 16:08:24.456,12507,12508,12507,1,-1
2020-10-05 16:08:24.456,12507,12508,12506,3,-3
2020-10-05 16:08:35.110,12506,12508,12506,1,-1
2020-10-05 16:08:50.462,12507,12508,12507,1,1
2020-10-05 16:08:51.814,12506,12508,12508,1,1
2020-10-05 16:09:02.259,12507,12508,12508,2,2
2020-10-05 16:09:02.759,12507,12508,12507,1,-1
2020-10-05 16:09:14.353,12507,12508,12507,1,-1
2020-10-05 16:09:29.976,12506,12507,12507,1,1
2020-10-05 16:09:47.322,12507,12508,12508,1,1
2020-10-05 16:09:49.948,12507,12508,12508,1,1
2020-10-05 16:10:02.144,12508,12509,12509,1,1
2020-10-05 16:10:02.721,12508,12509,12509,1,1
2020-10-05 16:10:13.311,12508,12509,12509,12,12
2020-10-05 16:10:16.339,12509,12510,12510,4,4
2020-10-05 16:10:16.340,12509,12510,12510,3,3
2020-10-05 16:10:16.340,12509,12510,12510,4,4
2020-10-05 16:10:16.340,12509,12510,12510,1,1
2020-10-05 16:10:16.340,12509,12510,12510,5,5
2020-10-05 16:10:16.340,12509,12510,12510,2,2
2020-10-05 16:10:16.340,12509,12510,12510,3,3
2020-10-05 16:10:16.340,12509,12510,12510,5,5
2020-10-05 16:10:16.340,12509,12510,12510,8,8
2020-10-05 16:10:16.344,12509,12510,12510,1,1
2020-10-05 16:10:16.344,12509,12510,12510,1,1
2020-10-05 16:10:16.345,12509,12510,12510,1,1
2020-10-05 16:10:19.396,12510,12511,12511,13,13
2020-10-05 16:10:26.130,12511,12512,12512,3,3
2020-10-05 16:10:26.130,12511,12512,12512,1,1
2020-10-05 16:10:26.130,12511,12512,12512,5,5
2020-10-05 16:10:26.131,12511,12512,12512,1,1
2020-10-05 16:10:26.131,12511,12512,12512,4,4
2020-10-05 16:10:26.131,12511,12512,12512,1,1
2020-10-05 16:10:26.131,12511,12512,12512,1,1
2020-10-05 16:10:26.299,12512,12513,12513,1,1
2020-10-05 16:10:26.636,12512,12513,12513,2,2
2020-10-05 16:10:26.860,12512,12513,12513,21,21
2020-10-05 16:10:27.444,12512,12513,12513,3,3
2020-10-05 16:10:33.244,12511,12513,12513,1,1
2020-10-05 16:10:33.812,12511,12513,12513,5,5
2020-10-05 16:10:35.640,12512,12513,12513,1,1
2020-10-05 16:10:37.101,12511,12513,12513,1,1
2020-10-05 16:10:39.759,12511,12513,12513,2,2
2020-10-05 16:10:44.203,12512,12513,12513,1,1
2020-10-05 16:10:47.098,12512,12513,12512,1,-1
2020-10-05 16:10:55.280,12512,12513,12513,1,1
2020-10-05 16:11:02.329,12512,12513,12513,3,3
2020-10-05 16:11:03.050,12512,12513,12513,1,1
2020-10-05 16:11:04.670,12512,12513,12513,2,2
2020-10-05 16:11:06.588,12513,12514,12514,1,1
2020-10-05 16:11:06.588,12513,12514,12514,1,1
2020-10-05 16:11:06.588,12513,12514,12514,1,1
2020-10-05 16:11:06.589,12513,12514,12514,3,3
2020-10-05 16:11:06.776,12513,12515,12515,1,1
2020-10-05 16:11:06.906,12514,12515,12515,1,1
2020-10-05 16:11:06.928,12514,12515,12515,2,2
2020-10-05 16:11:07.048,12514,12515,12515,2,2
2020-10-05 16:11:07.081,12514,12515,12514,1,-1
2020-10-05 16:11:07.111,12514,12515,12515,3,3
2020-10-05 16:11:09.285,12514,12515,12514,1,-1
2020-10-05 16:11:09.456,12513,12514,12514,4,4
2020-10-05 16:11:09.456,12513,12514,12515,1,1
2020-10-05 16:11:10.486,12513,12514,12514,1,1
2020-10-05 16:11:10.486,12513,12514,12515,4,4
2020-10-05 16:11:10.821,12513,12514,12514,1,1
2020-10-05 16:11:12.157,12513,12514,12514,1,1
2020-10-05 16:11:16.918,12513,12514,12514,1,1
2020-10-05 16:11:25.216,12513,12514,12513,2,-2
2020-10-05 16:11:33.948,12513,12514,12514,1,1
2020-10-05 16:11:36.715,12513,12514,12514,1,1
2020-10-05 16:11:40.952,12513,12514,12513,1,-1
2020-10-05 16:11:40.952,12513,12514,12513,3,-3
2020-10-05 16:11:55.154,12513,12514,12514,2,2
2020-10-05 16:11:55.154,12513,12514,12514,1,1
2020-10-05 16:11:56.063,12514,12515,12514,2,-2
2020-10-05 16:12:00.940,12513,12514,12514,1,1
2020-10-05 16:12:00.965,12513,12514,12514,1,1
2020-10-05 16:12:00.991,12513,12514,12514,1,1
2020-10-05 16:12:01.503,12514,12515,12514,1,-1
2020-10-05 16:12:01.503,12514,12515,12514,1,-1
2020-10-05 16:12:01.961,12514,12515,12515,1,1
2020-10-05 16:12:03.512,12514,12515,12515,1,1
2020-10-05 16:12:08.428,12514,12515,12515,1,1
2020-10-05 16:12:11.400,12514,12515,12515,1,1
2020-10-05 16:12:11.608,12514,12515,12514,4,-4
2020-10-05 16:12:11.608,12514,12515,12513,2,-2
2020-10-05 16:12:11.608,12514,12515,12514,1,1
2020-10-05 16:12:11.634,12514,12515,12514,1,-1
2020-10-05 16:12:11.652,12513,12514,12514,1,1
2020-10-05 16:12:11.678,12513,12514,12514,1,1
2020-10-05 16:12:13.877,12514,12515,12514,1,-1
2020-10-05 16:12:13.902,12513,12514,12514,1,1
2020-10-05 16:12:16.720,12513,12514,12514,1,1
2020-10-05 16:12:18.864,12513,12514,12514,2,2
2020-10-05 16:12:18.869,12513,12514,12514,3,3
2020-10-05 16:12:20.569,12514,12515,12514,1,-1
2020-10-05 16:12:25.164,12513,12514,12514,1,1
2020-10-05 16:12:29.090,12513,12514,12514,1,1
2020-10-05 16:12:35.057,12513,12514,12514,1,1
2020-10-05 16:12:36.207,12513,12514,12514,1,1
2020-10-05 16:12:36.207,12513,12514,12514,1,1
2020-10-05 16:12:36.999,12514,12515,12514,1,-1
2020-10-05 16:12:45.234,12513,12514,12514,1,1
2020-10-05 16:12:46.134,12514,12515,12515,2,2
2020-10-05 16:12:46.135,12514,12515,12515,16,16
2020-10-05 16:12:47.355,12515,12516,12515,1,-1
2020-10-05 16:12:52.514,12515,12516,12515,2,-2
2020-10-05 16:12:54.019,12515,12516,12516,17,17
2020-10-05 16:12:54.019,12515,12516,12516,11,11
2020-10-05 16:12:54.019,12515,12516,12516,4,4
2020-10-05 16:12:54.019,12515,12516,12516,1,1
2020-10-05 16:12:54.019,12515,12516,12516,1,1
2020-10-05 16:12:54.019,12515,12516,12516,2,2
2020-10-05 16:12:54.019,12515,12516,12516,1,1
2020-10-05 16:12:54.019,12515,12516,12516,4,4
2020-10-05 16:12:54.019,12515,12516,12516,3,3
2020-10-05 16:12:54.023,12515,12516,12516,1,1
2020-10-05 16:12:54.023,12515,12516,12516,1,1
2020-10-05 16:12:54.025,12515,12516,12516,1,1
2020-10-05 16:12:54.056,12515,12517,12517,1,1
2020-10-05 16:12:54.069,12515,12517,12517,1,1
2020-10-05 16:12:54.133,12515,12517,12517,5,5
2020-10-05 16:12:54.177,12515,12517,12517,1,1
2020-10-05 16:12:54.439,12515,12517,12517,3,3
2020-10-05 16:12:54.819,12515,12517,12517,2,2
2020-10-05 16:12:55.378,12515,12517,12515,2,-2
2020-10-05 16:12:55.470,12515,12516,12516,1,1
2020-10-05 16:12:56.689,12515,12516,12515,1,-1
2020-10-05 16:13:00.750,12515,12516,12516,3,3
2020-10-05 16:13:01.279,12516,12517,12516,1,-1
2020-10-05 16:13:01.866,12516,12517,12517,1,1
2020-10-05 16:13:02.747,12516,12517,12517,1,1
2020-10-05 16:13:02.894,12516,12517,12517,3,3
2020-10-05 16:13:05.016,12516,12517,12517,3,3
2020-10-05 16:13:05.115,12517,12518,12518,1,1
2020-10-05 16:13:05.298,12517,12518,12518,1,1
2020-10-05 16:13:06.367,12517,12518,12518,1,1
2020-10-05 16:13:07.768,12517,12518,12517,1,-1
2020-10-05 16:13:07.768,12517,12518,12517,1,-1
2020-10-05 16:13:08.666,12516,12517,12517,2,2
2020-10-05 16:13:11.248,12516,12517,12517,2,2
2020-10-05 16:13:13.171,12516,12517,12517,1,1
2020-10-05 16:13:13.556,12517,12518,12517,1,-1
2020-10-05 16:13:21.481,12516,12517,12517,1,1
2020-10-05 16:13:22.879,12516,12517,12517,1,1
2020-10-05 16:13:23.981,12517,12518,12517,1,-1
2020-10-05 16:13:25.343,12516,12517,12517,2,2
2020-10-05 16:13:29.062,12516,12517,12517,1,1
2020-10-05 16:13:34.483,12516,12517,12517,1,1
2020-10-05 16:13:42.464,12516,12517,12517,2,2
2020-10-05 16:13:42.464,12516,12517,12517,2,2
2020-10-05 16:13:48.017,12516,12517,12516,13,-13
2020-10-05 16:13:51.552,12515,12517,12517,1,1
2020-10-05 16:13:55.674,12515,12517,12517,1,1
2020-10-05 16:13:59.237,12515,12517,12517,1,1
2020-10-05 16:14:08.878,12516,12517,12517,1,1
2020-10-05 16:14:14.801,12516,12517,12516,1,-1
2020-10-05 16:14:14.927,12516,12517,12516,1,-1
2020-10-05 16:14:25.074,12516,12517,12517,1,1
2020-10-05 16:14:30.653,12516,12517,12516,1,-1
2020-10-05 16:14:35.557,12516,12517,12516,1,-1
2020-10-05 16:14:35.811,12516,12517,12516,1,-1
2020-10-05 16:14:41.906,12516,12517,12516,1,-1
2020-10-05 16:14:42.023,12516,12517,12516,1,-1
2020-10-05 16:15:02.169,12516,12517,12517,7,7
2020-10-05 16:15:02.500,12516,12517,12516,1,-1
2020-10-05 16:15:03.163,12516,12517,12517,4,4
2020-10-05 16:15:03.486,12516,12517,12517,4,4
2020-10-05 16:15:03.546,12516,12518,12518,4,4
2020-10-05 16:15:03.580,12516,12518,12518,2,2
2020-10-05 16:15:03.704,12517,12518,12518,4,4
2020-10-05 16:15:03.867,12517,12518,12518,1,1
2020-10-05 16:15:03.867,12517,12518,12519,1,1
2020-10-05 16:15:03.953,12517,12519,12519,4,4
2020-10-05 16:15:04.113,12517,12519,12519,1,1
2020-10-05 16:15:04.280,12517,12519,12519,1,1
2020-10-05 16:15:04.503,12517,12519,12519,4,4
2020-10-05 16:15:04.732,12517,12519,12519,1,1
2020-10-05 16:15:16.177,12518,12519,12519,1,1
2020-10-05 16:15:16.244,12518,12519,12518,3,-3
2020-10-05 16:15:16.568,12517,12518,12518,3,3
2020-10-05 16:15:18.572,12517,12518,12518,1,1
2020-10-05 16:15:18.652,12517,12519,12519,1,1
2020-10-05 16:15:18.653,12517,12519,12519,1,1
2020-10-05 16:15:18.653,12517,12519,12519,1,1
2020-10-05 16:15:18.653,12517,12519,12519,1,1
2020-10-05 16:15:18.654,12517,12519,12519,1,1
2020-10-05 16:15:18.654,12517,12519,12519,1,1
2020-10-05 16:15:18.655,12517,12519,12519,1,1
2020-10-05 16:15:18.656,12517,12519,12519,1,1
2020-10-05 16:15:18.656,12517,12519,12519,1,1
2020-10-05 16:15:18.657,12517,12519,12519,1,1
2020-10-05 16:15:18.657,12517,12519,12520,1,1
2020-10-05 16:15:18.657,12517,12519,12520,1,1
2020-10-05 16:15:18.658,12517,12519,12519,1,1
2020-10-05 16:15:18.658,12517,12519,12519,1,1
2020-10-05 16:15:18.658,12517,12519,12520,1,1
2020-10-05 16:15:18.658,12517,12519,12520,1,1
2020-10-05 16:15:18.659,12517,12519,12520,1,1
2020-10-05 16:15:18.659,12517,12519,12520,1,1
2020-10-05 16:15:18.674,12517,12519,12519,4,4
2020-10-05 16:15:18.788,12518,12519,12519,1,1
2020-10-05 16:15:18.788,12518,12519,12519,2,2
2020-10-05 16:15:18.837,12518,12519,12519,1,1
2020-10-05 16:15:18.842,12518,12519,12518,1,-1
2020-10-05 16:15:18.908,12517,12519,12517,1,-1
2020-10-05 16:15:18.940,12517,12519,12517,3,-3
2020-10-05 16:15:19.040,12517,12518,12518,1,1
2020-10-05 16:15:19.040,12517,12518,12519,2,2
2020-10-05 16:15:19.093,12517,12518,12519,1,1
2020-10-05 16:15:19.146,12517,12518,12519,3,3
2020-10-05 16:15:37.478,12518,12519,12518,1,-1
2020-10-05 16:15:38.816,12518,12519,12519,2,2
2020-10-05 16:16:02.664,12518,12519,12518,1,-1
2020-10-05 16:16:02.665,12518,12519,12518,10,-10
2020-10-05 16:16:02.792,12517,12518,12518,1,1
2020-10-05 16:16:03.673,12517,12518,12518,1,1
2020-10-05 16:16:08.058,12517,12519,12517,10,-10
2020-10-05 16:16:09.215,12517,12518,12517,7,-7
2020-10-05 16:16:09.278,12516,12517,12517,1,1
2020-10-05 16:16:10.486,12516,12517,12517,1,1
2020-10-05 16:16:13.888,12516,12517,12517,1,1
2020-10-05 16:16:13.889,12516,12517,12517,1,1
2020-10-05 16:16:14.919,12517,12518,12517,2,-2
2020-10-05 16:16:15.871,12516,12517,12516,1,-1
2020-10-05 16:16:21.669,12517,12518,12518,2,2
2020-10-05 16:16:29.627,12516,12518,12518,1,1
2020-10-05 16:16:40.800,12516,12518,12518,1,1
2020-10-05 16:16:40.902,12516,12518,12518,1,1
2020-10-05 16:16:47.740,12516,12517,12517,3,3
2020-10-05 16:16:47.740,12516,12517,12518,1,1
2020-10-05 16:17:01.571,12517,12518,12517,2,-2
2020-10-05 16:17:01.851,12517,12518,12517,1,-1
2020-10-05 16:17:03.909,12517,12518,12517,1,-1
2020-10-05 16:17:04.002,12517,12518,12517,2,-2
2020-10-05 16:17:16.715,12517,12518,12517,2,-2
2020-10-05 16:17:19.900,12517,12518,12518,1,1
2020-10-05 16:17:32.126,12517,12518,12518,10,10
2020-10-05 16:17:32.127,12517,12518,12518,4,4
2020-10-05 16:17:34.594,12517,12518,12518,1,1
2020-10-05 16:17:48.416,12518,12519,12519,1,1
2020-10-05 16:17:51.133,12518,12519,12518,1,-1
2020-10-05 16:18:02.520,12518,12519,12519,3,3
2020-10-05 16:18:02.901,12518,12519,12519,1,1
2020-10-05 16:18:05.421,12518,12519,12518,1,-1
2020-10-05 16:18:07.399,12518,12519,12518,5,-5
2020-10-05 16:18:07.399,12518,12519,12518,2,-2
2020-10-05 16:18:14.746,12518,12519,12518,1,-1
2020-10-05 16:18:17.569,12518,12519,12518,1,-1
2020-10-05 16:18:17.570,12518,12519,12518,1,-1
2020-10-05 16:18:17.674,12517,12518,12518,1,1
2020-10-05 16:18:19.213,12517,12518,12517,2,-2
2020-10-05 16:18:19.213,12517,12518,12517,1,-1
2020-10-05 16:18:19.213,12517,12518,12517,3,-3
2020-10-05 16:18:19.213,12517,12518,12517,3,-3
2020-10-05 16:18:19.213,12517,12518,12517,9,-9
2020-10-05 16:18:23.297,12516,12517,12516,3,-3
2020-10-05 16:18:26.291,12516,12517,12516,1,-1
2020-10-05 16:18:35.296,12516,12517,12517,1,1
2020-10-05 16:18:35.296,12516,12517,12517,4,4
2020-10-05 16:18:36.057,12517,12518,12517,1,-1
2020-10-05 16:18:36.298,12516,12518,12516,1,-1
2020-10-05 16:18:36.449,12516,12518,12518,2,2
2020-10-05 16:18:52.471,12516,12518,12518,1,1
2020-10-05 16:18:53.608,12516,12517,12517,1,1
2020-10-05 16:18:59.544,12516,12517,12517,1,1
2020-10-05 16:19:30.369,12517,12518,12517,3,-3
2020-10-05 16:19:48.576,12517,12518,12517,1,-1
2020-10-05 16:19:50.485,12517,12518,12517,1,-1
2020-10-05 16:19:50.763,12517,12518,12518,1,1
2020-10-05 16:20:01.441,12517,12518,12518,1,1
2020-10-05 16:20:01.918,12517,12518,12518,2,2
2020-10-05 16:20:01.953,12517,12518,12518,1,1
2020-10-05 16:20:21.775,12517,12518,12518,1,1
2020-10-05 16:20:29.916,12518,12519,12518,1,-1
2020-10-05 16:20:33.399,12518,12519,12519,3,3
2020-10-05 16:20:33.399,12518,12519,12519,11,11
2020-10-05 16:20:33.399,12518,12519,12519,4,4
2020-10-05 16:20:33.400,12518,12519,12519,4,4
2020-10-05 16:20:33.400,12518,12519,12519,7,7
2020-10-05 16:20:33.400,12518,12519,12519,1,1
2020-10-05 16:20:33.400,12518,12519,12519,15,15
2020-10-05 16:20:33.421,12519,12520,12520,2,2
2020-10-05 16:20:33.440,12519,12520,12520,1,1
2020-10-05 16:20:33.465,12519,12520,12520,1,1
2020-10-05 16:20:33.491,12519,12520,12520,1,1
2020-10-05 16:20:33.516,12519,12520,12520,1,1
2020-10-05 16:20:33.530,12519,12520,12520,1,1
2020-10-05 16:20:33.555,12519,12520,12520,1,1
2020-10-05 16:20:36.803,12519,12520,12520,1,1
2020-10-05 16:20:36.833,12519,12520,12519,1,-1
2020-10-05 16:20:38.451,12519,12520,12520,1,1
2020-10-05 16:20:43.914,12519,12520,12519,2,-2
2020-10-05 16:20:43.915,12519,12520,12519,2,-2
2020-10-05 16:20:49.712,12518,12519,12518,2,-2
2020-10-05 16:20:49.713,12518,12519,12518,1,-1
2020-10-05 16:20:49.749,12518,12519,12517,2,-2
2020-10-05 16:21:10.697,12517,12518,12518,4,4
2020-10-05 16:21:11.211,12517,12519,12519,1,1
2020-10-05 16:21:11.327,12517,12519,12517,1,-1
2020-10-05 16:21:21.259,12517,12518,12517,3,-3
2020-10-05 16:21:26.685,12517,12518,12518,4,4
2020-10-05 16:21:35.372,12517,12518,12518,1,1
2020-10-05 16:21:52.563,12518,12519,12518,1,-1
2020-10-05 16:22:01.592,12518,12519,12518,1,-1
2020-10-05 16:22:01.592,12518,12519,12518,1,-1
2020-10-05 16:22:04.580,12517,12518,12518,1,1
2020-10-05 16:22:11.784,12518,12519,12518,1,-1
2020-10-05 16:22:15.442,12517,12519,12517,1,-1
2020-10-05 16:22:43.854,12518,12519,12518,1,1
2020-10-05 16:22:50.803,12518,12519,12518,1,-1
2020-10-05 16:23:03.095,12518,12519,12518,1,-1
2020-10-05 16:23:12.637,12518,12519,12518,1,-1
2020-10-05 16:23:26.290,12518,12519,12518,7,-7
2020-10-05 16:23:47.614,12517,12518,12517,7,-7
2020-10-05 16:24:02.194,12516,12517,12516,1,-1
2020-10-05 16:24:02.194,12516,12517,12516,14,-14
2020-10-05 16:24:02.516,12515,12516,12516,1,1
2020-10-05 16:24:02.539,12515,12516,12516,1,1
2020-10-05 16:24:02.539,12515,12516,12517,3,3
2020-10-05 16:24:02.593,12515,12516,12517,2,2
2020-10-05 16:24:17.536,12515,12517,12515,4,-4
2020-10-05 16:24:27.594,12515,12516,12515,1,-1
2020-10-05 16:24:30.990,12515,12516,12516,1,1
2020-10-05 16:24:30.990,12515,12516,12517,1,1
2020-10-05 16:24:32.553,12516,12517,12516,1,-1
2020-10-05 16:24:33.814,12515,12517,12515,1,-1
2020-10-05 16:24:39.070,12515,12516,12515,1,-1
2020-10-05 16:24:46.058,12515,12516,12515,1,-1
2020-10-05 16:24:53.768,12515,12516,12516,1,1
2020-10-05 16:25:01.594,12516,12517,12516,1,-1
2020-10-05 16:25:01.821,12516,12517,12517,1,1
2020-10-05 16:25:01.822,12516,12517,12517,1,1
2020-10-05 16:25:01.822,12516,12517,12517,1,1
2020-10-05 16:25:01.822,12516,12517,12517,1,1
2020-10-05 16:25:06.746,12517,12518,12517,1,-1
2020-10-05 16:25:20.124,12516,12517,12516,1,-1
2020-10-05 16:25:24.753,12515,12516,12515,14,-14
2020-10-05 16:25:32.601,12514,12515,12515,1,1
2020-10-05 16:25:53.209,12515,12516,12515,1,-1
2020-10-05 16:25:58.288,12515,12516,12515,2,-2
2020-10-05 16:26:17.968,12514,12515,12515,1,1
2020-10-05 16:26:23.661,12514,12515,12514,2,-2
2020-10-05 16:26:24.090,12513,12515,12515,4,4
2020-10-05 16:26:34.314,12514,12515,12514,2,-2
2020-10-05 16:26:52.136,12514,12515,12515,1,1
2020-10-05 16:26:52.137,12514,12515,12515,3,3
2020-10-05 16:26:53.599,12515,12516,12515,1,-1
2020-10-05 16:27:04.990,12515,12516,12515,1,-1
2020-10-05 16:27:15.340,12514,12515,12515,1,1
2020-10-05 16:27:21.485,12515,12516,12515,1,-1
2020-10-05 16:27:23.896,12515,12516,12515,1,-1
2020-10-05 16:27:29.468,12515,12516,12515,3,-3
2020-10-05 16:27:32.123,12515,12516,12515,1,-1
2020-10-05 16:27:39.526,12515,12516,12515,1,-1
2020-10-05 16:27:46.032,12514,12515,12515,4,4
2020-10-05 16:28:12.529,12514,12515,12515,1,1
2020-10-05 16:28:13.308,12514,12515,12515,1,1
2020-10-05 16:29:09.135,12514,12515,12515,1,1
2020-10-05 16:29:10.336,12514,12515,12515,2,2
2020-10-05 16:29:12.021,12514,12515,12515,2,2
2020-10-05 16:29:12.459,12514,12515,12515,1,1
2020-10-05 16:29:42.489,12514,12515,12515,1,1
2020-10-05 16:29:42.546,12514,12515,12515,1,1
2020-10-05 16:29:52.838,12514,12515,12515,3,3
2020-10-05 16:29:53.862,12514,12515,12515,1,1
2020-10-05 16:29:58.888,12514,12515,12515,1,1
2020-10-05 16:30:00.039,12515,12516,12516,1,1
2020-10-05 16:30:01.039,12515,12516,12515,1,-1
2020-10-05 16:30:01.400,12515,12516,12515,1,-1
2020-10-05 16:30:03.534,12514,12515,12515,1,1
2020-10-05 16:30:20.531,12514,12515,12514,5,-5
2020-10-05 16:30:20.531,12514,12515,12514,2,-2
2020-10-05 16:30:37.186,12514,12515,12514,1,-1
2020-10-05 16:30:44.322,12514,12515,12515,2,2
2020-10-05 16:30:45.573,12514,12516,12514,1,-1
2020-10-05 16:30:54.532,12513,12515,12513,1,-1
2020-10-05 16:30:59.087,12513,12514,12514,1,1
2020-10-05 16:31:02.540,12513,12514,12514,3,3
2020-10-05 16:31:05.338,12514,12515,12515,1,1
2020-10-05 16:31:13.165,12514,12515,12514,1,-1
2020-10-05 16:31:33.185,12514,12515,12514,1,-1
2020-10-05 16:31:33.277,12513,12515,12515,1,1
2020-10-05 16:31:52.402,12514,12515,12514,1,-1
2020-10-05 16:31:57.669,12514,12515,12514,1,-1
2020-10-05 16:32:13.312,12513,12515,12513,1,-1
2020-10-05 16:32:13.666,12513,12515,12513,1,-1
2020-10-05 16:32:14.221,12513,12515,12515,1,1
2020-10-05 16:32:28.503,12513,12515,12515,1,1
2020-10-05 16:32:38.832,12513,12514,12514,1,1
2020-10-05 16:32:47.867,12514,12515,12514,1,-1
2020-10-05 16:32:49.726,12514,12515,12514,1,-1
2020-10-05 16:32:51.860,12514,12515,12515,3,3
2020-10-05 16:32:51.860,12514,12515,12515,4,4
2020-10-05 16:32:53.269,12515,12516,12515,1,-1
2020-10-05 16:33:04.079,12515,12516,12515,1,-1
2020-10-05 16:33:35.399,12515,12516,12515,1,-1
2020-10-05 16:33:49.522,12515,12516,12515,1,-1
2020-10-05 16:33:57.486,12515,12516,12515,2,-2
2020-10-05 16:33:57.486,12515,12516,12515,1,-1
2020-10-05 16:33:59.504,12514,12515,12515,1,1
2020-10-05 16:34:17.934,12515,12516,12515,1,-1
2020-10-05 16:34:18.519,12515,12516,12516,1,1
2020-10-05 16:34:31.435,12515,12516,12515,1,-1
2020-10-05 16:34:45.483,12515,12516,12516,8,8
2020-10-05 16:35:04.580,12516,12517,12516,1,-1
2020-10-05 16:35:05.238,12515,12517,12517,1,1
2020-10-05 16:35:06.238,12516,12517,12517,1,1
2020-10-05 16:35:10.163,12516,12517,12517,7,7
2020-10-05 16:35:26.684,12517,12518,12518,6,6
2020-10-05 16:35:27.358,12518,12519,12519,13,13
2020-10-05 16:35:27.358,12518,12519,12519,3,3
2020-10-05 16:35:27.358,12518,12519,12519,3,3
2020-10-05 16:35:27.359,12518,12519,12519,4,4
2020-10-05 16:35:35.177,12519,12520,12520,1,1
2020-10-05 16:35:35.650,12519,12520,12520,19,19
2020-10-05 16:35:36.990,12520,12521,12521,2,2
2020-10-05 16:35:36.992,12520,12521,12521,14,14
2020-10-05 16:35:37.007,12520,12521,12522,1,1
2020-10-05 16:35:37.050,12521,12522,12522,1,1
2020-10-05 16:35:37.082,12521,12522,12522,1,1
2020-10-05 16:35:37.206,12521,12522,12522,3,3
2020-10-05 16:35:37.275,12521,12522,12522,3,3
2020-10-05 16:35:37.329,12521,12522,12522,2,2
2020-10-05 16:35:37.369,12521,12522,12522,3,3
2020-10-05 16:35:37.510,12521,12522,12522,3,3
2020-10-05 16:35:37.510,12521,12522,12522,1,1
2020-10-05 16:35:37.892,12522,12523,12523,1,1
2020-10-05 16:35:40.142,12522,12523,12523,1,1
2020-10-05 16:35:42.220,12522,12523,12522,3,-3
2020-10-05 16:35:42.796,12521,12522,12522,1,1
2020-10-05 16:35:42.857,12521,12522,12522,1,1
2020-10-05 16:35:44.488,12521,12522,12522,1,1
2020-10-05 16:35:44.944,12521,12522,12522,3,3
2020-10-05 16:35:45.491,12521,12522,12522,3,3
2020-10-05 16:35:46.009,12522,12523,12523,1,1
2020-10-05 16:35:49.345,12522,12523,12523,3,3
2020-10-05 16:35:55.029,12522,12523,12522,1,-1
2020-10-05 16:35:55.408,12522,12523,12522,1,-1
2020-10-05 16:35:55.408,12522,12523,12522,14,-14
2020-10-05 16:35:56.727,12521,12522,12521,2,-2
2020-10-05 16:35:56.870,12520,12521,12521,3,3
2020-10-05 16:35:57.137,12520,12522,12522,3,3
2020-10-05 16:35:57.366,12520,12522,12522,3,3
2020-10-05 16:36:00.473,12521,12522,12521,2,-2
2020-10-05 16:36:00.539,12520,12521,12521,1,1
2020-10-05 16:36:00.540,12520,12521,12521,1,1
2020-10-05 16:36:00.638,12520,12521,12521,3,3
2020-10-05 16:36:02.223,12520,12521,12521,3,3
2020-10-05 16:36:02.277,12520,12521,12521,1,1
2020-10-05 16:36:02.721,12520,12521,12521,1,1
2020-10-05 16:36:05.073,12520,12521,12520,3,-3
2020-10-05 16:36:05.073,12520,12521,12520,2,-2
2020-10-05 16:36:05.073,12520,12521,12520,2,-2
2020-10-05 16:36:05.774,12519,12521,12521,1,1
