2021-10-22 15:00:00.004,16845,16849,16849,60,60
2021-10-22 15:00:00.233,16849,16850,16850,4,4
2021-10-22 15:00:00.265,16849,16850,16850,1,1
2021-10-22 15:00:00.265,16849,16850,16851,1,1
2021-10-22 15:00:00.266,16849,16850,16851,1,1
2021-10-22 15:00:00.346,16849,16850,16850,3,3
2021-10-22 15:00:00.347,16849,16850,16850,1,1
2021-10-22 15:00:00.347,16849,16850,16850,1,1
2021-10-22 15:00:00.347,16849,16850,16850,1,1
2021-10-22 15:00:00.348,16849,16850,16850,6,6
2021-10-22 15:00:00.348,16849,16850,16850,1,1
2021-10-22 15:00:00.348,16849,16850,16850,1,1
2021-10-22 15:00:00.363,16849,16850,16851,1,1
2021-10-22 15:00:00.363,16849,16850,16852,2,2
2021-10-22 15:00:00.363,16849,16850,16853,4,4
2021-10-22 15:00:00.375,16850,16853,16853,1,1
2021-10-22 15:00:00.375,16850,16853,16854,3,3
2021-10-22 15:00:00.375,16850,16853,16855,3,3
2021-10-22 15:00:00.394,16850,16853,16855,1,1
2021-10-22 15:00:00.416,16850,16853,16851,2,-2
2021-10-22 15:00:00.416,16850,16853,16850,1,-1
2021-10-22 15:00:00.416,16850,16853,16851,1,-1
2021-10-22 15:00:00.417,16850,16853,16851,1,-1
2021-10-22 15:00:00.417,16850,16853,16851,1,-1
2021-10-22 15:00:00.428,16850,16853,16851,1,-1
2021-10-22 15:00:00.435,16850,16853,16851,1,-1
2021-10-22 15:00:00.437,16850,16853,16850,1,-1
2021-10-22 15:00:00.474,16850,16853,16853,2,2
2021-10-22 15:00:00.483,16850,16853,16853,1,1
2021-10-22 15:00:00.483,16850,16853,16855,3,3
2021-10-22 15:00:00.530,16852,16854,16852,1,-1
2021-10-22 15:00:00.554,16852,16854,16851,1,-1
2021-10-22 15:00:00.554,16852,16854,16850,1,-1
2021-10-22 15:00:00.554,16852,16854,16849,1,-1
2021-10-22 15:00:00.575,16852,16854,16851,1,-1
2021-10-22 15:00:00.577,16852,16854,16852,1,-1
2021-10-22 15:00:00.578,16852,16854,16852,1,-1
2021-10-22 15:00:00.578,16852,16854,16853,1,1
2021-10-22 15:00:00.582,16852,16854,16853,1,1
2021-10-22 15:00:00.582,16852,16854,16853,1,1
2021-10-22 15:00:00.606,16852,16854,16852,1,-1
2021-10-22 15:00:00.614,16852,16854,16853,1,1
2021-10-22 15:00:00.636,16850,16853,16853,1,1
2021-10-22 15:00:00.681,16850,16853,16853,1,1
2021-10-22 15:00:00.743,16850,16853,16851,1,-1
2021-10-22 15:00:00.803,16850,16853,16853,1,1
2021-10-22 15:00:01.008,16853,16855,16855,2,2
2021-10-22 15:00:01.034,16853,16855,16852,1,-1
2021-10-22 15:00:01.062,16853,16855,16854,2,2
2021-10-22 15:00:01.062,16853,16855,16855,4,4
2021-10-22 15:00:01.062,16853,16855,16856,1,1
2021-10-22 15:00:01.118,16853,16855,16852,1,-1
2021-10-22 15:00:01.126,16852,16855,16855,1,1
2021-10-22 15:00:01.477,16852,16854,16852,1,-1
2021-10-22 15:00:01.751,16852,16853,16853,3,3
2021-10-22 15:00:01.840,16852,16853,16854,1,1
2021-10-22 15:00:02.056,16852,16854,16852,1,-1
2021-10-22 15:00:02.207,16851,16853,16851,2,-2
2021-10-22 15:00:02.207,16851,16853,16851,2,-2
2021-10-22 15:00:02.462,16849,16851,16852,2,2
2021-10-22 15:00:03.445,16851,16852,16851,1,-1
2021-10-22 15:00:04.047,16851,16852,16851,1,-1
2021-10-22 15:00:04.383,16851,16852,16852,3,3
2021-10-22 15:00:04.717,16853,16854,16853,1,-1
2021-10-22 15:00:05.128,16851,16854,16854,1,1
2021-10-22 15:00:05.543,16853,16854,16854,3,3
2021-10-22 15:00:05.947,16855,16856,16856,1,1
2021-10-22 15:00:06.600,16855,16856,16856,2,2
2021-10-22 15:00:06.964,16856,16857,16856,2,-2
2021-10-22 15:00:06.964,16856,16857,16855,2,-2
2021-10-22 15:00:07.533,16855,16856,16856,1,1
2021-10-22 15:00:11.281,16854,16856,16854,4,-4
2021-10-22 15:00:11.281,16854,16856,16853,1,-1
2021-10-22 15:00:11.283,16854,16856,16853,1,-1
2021-10-22 15:00:11.459,16851,16854,16855,7,7
2021-10-22 15:00:11.459,16851,16854,16856,8,8
2021-10-22 15:00:11.459,16851,16854,16857,7,7
2021-10-22 15:00:11.459,16851,16854,16858,6,6
2021-10-22 15:00:11.459,16851,16854,16859,2,2
2021-10-22 15:00:11.498,16851,16854,16856,4,4
2021-10-22 15:00:11.498,16851,16854,16855,2,2
2021-10-22 15:00:12.808,16855,16857,16857,1,1
2021-10-22 15:00:12.834,16855,16857,16857,2,2
2021-10-22 15:00:12.834,16855,16857,16856,6,6
2021-10-22 15:00:12.834,16855,16857,16856,1,1
2021-10-22 15:00:12.835,16855,16857,16856,16,16
2021-10-22 15:00:12.936,16855,16858,16855,2,-2
2021-10-22 15:00:13.855,16856,16859,16856,1,-1
2021-10-22 15:00:14.507,16855,16857,16855,1,-1
2021-10-22 15:00:14.508,16855,16857,16855,2,-2
2021-10-22 15:00:14.765,16853,16856,16856,3,3
2021-10-22 15:00:15.099,16856,16857,16857,1,1
2021-10-22 15:00:15.099,16856,16857,16858,4,4
2021-10-22 15:00:15.375,16857,16859,16859,1,1
2021-10-22 15:00:15.477,16857,16859,16859,1,1
2021-10-22 15:00:16.187,16856,16857,16856,4,-4
2021-10-22 15:00:16.187,16856,16857,16856,4,-4
2021-10-22 15:00:16.187,16856,16857,16856,1,-1
2021-10-22 15:00:16.992,16856,16857,16857,1,1
2021-10-22 15:00:17.247,16856,16857,16857,1,1
2021-10-22 15:00:18.063,16856,16857,16857,1,1
2021-10-22 15:00:18.530,16856,16858,16856,1,-1
2021-10-22 15:00:18.888,16856,16858,16856,1,-1
2021-10-22 15:00:19.099,16856,16858,16857,1,1
2021-10-22 15:00:19.703,16856,16858,16858,1,1
2021-10-22 15:00:19.872,16856,16858,16856,2,-2
2021-10-22 15:00:21.034,16856,16858,16856,5,-5
2021-10-22 15:00:21.035,16856,16858,16856,4,-4
2021-10-22 15:00:21.260,16855,16857,16857,2,2
2021-10-22 15:00:22.188,16857,16858,16857,1,-1
2021-10-22 15:00:22.251,16857,16858,16857,3,-3
2021-10-22 15:00:24.285,16856,16858,16858,1,1
2021-10-22 15:00:24.561,16856,16858,16856,2,-2
2021-10-22 15:00:26.128,16856,16857,16857,2,2
2021-10-22 15:00:26.963,16856,16858,16858,2,2
2021-10-22 15:00:27.071,16856,16858,16856,5,-5
2021-10-22 15:00:27.174,16855,16858,16856,1,-1
2021-10-22 15:00:27.487,16856,16858,16858,2,2
2021-10-22 15:00:29.926,16857,16859,16859,1,1
2021-10-22 15:00:30.042,16857,16859,16859,7,7
2021-10-22 15:00:30.392,16859,16860,16860,3,3
2021-10-22 15:00:30.396,16859,16860,16860,8,8
2021-10-22 15:00:30.459,16859,16860,16861,1,1
2021-10-22 15:00:30.479,16859,16860,16859,1,-1
2021-10-22 15:00:30.685,16860,16861,16861,3,3
2021-10-22 15:00:30.686,16860,16861,16862,1,1
2021-10-22 15:00:32.054,16861,16862,16861,1,-1
2021-10-22 15:00:32.353,16860,16862,16861,1,1
2021-10-22 15:00:32.543,16861,16862,16861,1,-1
2021-10-22 15:00:32.543,16861,16862,16861,3,-3
2021-10-22 15:00:33.468,16861,16862,16862,2,2
2021-10-22 15:00:33.592,16861,16862,16862,1,1
2021-10-22 15:00:33.932,16861,16862,16862,1,1
2021-10-22 15:00:34.136,16862,16863,16863,1,1
2021-10-22 15:00:35.169,16862,16863,16862,1,-1
2021-10-22 15:00:35.244,16862,16863,16863,1,1
2021-10-22 15:00:35.586,16862,16863,16863,1,1
2021-10-22 15:00:35.609,16862,16863,16863,4,4
2021-10-22 15:00:35.843,16863,16864,16864,3,3
2021-10-22 15:00:35.925,16863,16864,16864,1,1
2021-10-22 15:00:35.939,16863,16864,16864,4,4
2021-10-22 15:00:36.357,16863,16865,16865,1,1
2021-10-22 15:00:36.454,16863,16865,16865,1,1
2021-10-22 15:00:36.572,16863,16865,16865,2,2
2021-10-22 15:00:36.806,16863,16865,16864,1,1
2021-10-22 15:00:37.155,16863,16864,16863,1,-1
2021-10-22 15:00:37.344,16862,16864,16864,3,3
2021-10-22 15:00:37.558,16863,16864,16864,1,1
2021-10-22 15:00:38.839,16863,16865,16863,3,-3
2021-10-22 15:00:39.133,16864,16865,16864,2,-2
2021-10-22 15:00:39.135,16864,16865,16864,3,-3
2021-10-22 15:00:39.135,16864,16865,16863,2,-2
2021-10-22 15:00:39.298,16863,16864,16864,1,1
2021-10-22 15:00:40.289,16863,16865,16863,3,-3
2021-10-22 15:00:40.291,16863,16865,16864,1,1
2021-10-22 15:00:40.327,16863,16865,16864,1,1
2021-10-22 15:00:40.679,16863,16864,16864,3,3
2021-10-22 15:00:40.680,16863,16864,16863,1,-1
2021-10-22 15:00:41.169,16862,16864,16864,1,1
2021-10-22 15:00:41.446,16862,16864,16862,2,-2
2021-10-22 15:00:42.158,16862,16863,16863,1,1
2021-10-22 15:00:42.251,16862,16863,16862,1,-1
2021-10-22 15:00:42.394,16861,16863,16863,5,5
2021-10-22 15:00:42.441,16861,16863,16863,1,1
2021-10-22 15:00:42.546,16861,16863,16863,1,1
2021-10-22 15:00:42.607,16861,16863,16863,1,1
2021-10-22 15:00:44.180,16861,16863,16861,5,-5
2021-10-22 15:00:44.906,16860,16862,16860,2,-2
2021-10-22 15:00:44.906,16860,16862,16859,3,-3
2021-10-22 15:00:46.577,16860,16862,16860,1,-1
2021-10-22 15:00:47.325,16860,16862,16862,1,1
2021-10-22 15:00:47.629,16860,16862,16862,1,1
2021-10-22 15:00:50.347,16860,16861,16861,1,1
2021-10-22 15:00:54.162,16860,16861,16861,1,1
2021-10-22 15:00:55.426,16860,16861,16860,1,-1
2021-10-22 15:00:56.096,16860,16861,16861,1,1
2021-10-22 15:00:56.097,16860,16861,16861,3,3
2021-10-22 15:00:56.164,16861,16862,16862,1,1
2021-10-22 15:00:56.164,16861,16862,16862,1,1
2021-10-22 15:00:56.164,16861,16862,16862,7,7
2021-10-22 15:00:56.632,16862,16863,16862,1,-1
2021-10-22 15:00:56.844,16861,16863,16861,4,-4
2021-10-22 15:00:56.844,16861,16863,16860,1,-1
2021-10-22 15:00:56.984,16860,16862,16861,1,1
2021-10-22 15:00:56.984,16860,16862,16860,4,-4
2021-10-22 15:00:58.056,16860,16862,16862,2,2
2021-10-22 15:00:58.116,16860,16862,16862,2,2
2021-10-22 15:00:59.725,16861,16863,16861,3,-3
2021-10-22 15:00:59.725,16861,16863,16860,1,-1
2021-10-22 15:01:00.036,16862,16863,16863,1,1
2021-10-22 15:01:00.433,16862,16863,16863,1,1
2021-10-22 15:01:00.611,16862,16863,16862,1,-1
2021-10-22 15:01:00.808,16861,16863,16861,1,-1
2021-10-22 15:01:02.434,16861,16862,16861,3,-3
2021-10-22 15:01:07.007,16861,16862,16862,3,3
2021-10-22 15:01:09.603,16861,16862,16861,3,-3
2021-10-22 15:01:10.238,16860,16862,16860,1,-1
2021-10-22 15:01:12.065,16860,16861,16860,3,-3
2021-10-22 15:01:12.065,16860,16861,16859,2,-2
2021-10-22 15:01:12.614,16859,16860,16859,1,-1
2021-10-22 15:01:13.345,16858,16859,16859,1,1
2021-10-22 15:01:13.482,16858,16860,16859,1,1
2021-10-22 15:01:16.495,16860,16861,16860,4,-4
2021-10-22 15:01:17.865,16860,16861,16860,1,-1
2021-10-22 15:01:17.865,16860,16861,16859,2,-2
2021-10-22 15:01:17.865,16860,16861,16858,2,-2
2021-10-22 15:01:18.477,16859,16861,16859,4,-4
2021-10-22 15:01:20.522,16860,16861,16860,1,-1
2021-10-22 15:01:23.686,16859,16860,16859,2,-2
2021-10-22 15:01:24.800,16859,16860,16860,1,1
2021-10-22 15:01:26.472,16860,16861,16860,1,-1
2021-10-22 15:01:28.125,16859,16861,16859,1,-1
2021-10-22 15:01:30.145,16859,16860,16859,1,-1
2021-10-22 15:01:30.274,16859,16860,16859,2,-2
2021-10-22 15:01:30.274,16859,16860,16859,3,-3
2021-10-22 15:01:30.664,16859,16860,16859,1,-1
2021-10-22 15:01:30.688,16859,16860,16860,1,1
2021-10-22 15:01:34.927,16858,16859,16858,5,-5
2021-10-22 15:01:34.927,16858,16859,16858,5,-5
2021-10-22 15:01:36.612,16857,16859,16859,1,1
2021-10-22 15:01:38.108,16857,16858,16857,1,-1
2021-10-22 15:01:38.108,16857,16858,16857,1,-1
2021-10-22 15:01:38.743,16856,16858,16856,3,-3
2021-10-22 15:01:39.364,16856,16857,16856,1,-1
2021-10-22 15:01:40.540,16855,16856,16855,4,-4
2021-10-22 15:01:42.163,16854,16855,16854,1,-1
2021-10-22 15:01:42.641,16854,16855,16854,1,-1
2021-10-22 15:01:42.673,16854,16855,16854,1,-1
2021-10-22 15:01:44.126,16853,16854,16854,1,1
2021-10-22 15:01:45.291,16853,16854,16853,1,-1
2021-10-22 15:01:45.552,16853,16854,16853,2,-2
2021-10-22 15:01:46.624,16853,16854,16854,1,1
2021-10-22 15:01:46.905,16853,16854,16854,1,1
2021-10-22 15:01:46.906,16853,16854,16854,2,2
2021-10-22 15:01:47.570,16854,16855,16854,1,-1
2021-10-22 15:01:50.221,16854,16855,16855,1,1
2021-10-22 15:01:50.848,16854,16856,16855,1,1
2021-10-22 15:01:53.954,16855,16856,16856,1,1
2021-10-22 15:01:54.626,16856,16857,16856,1,-1
2021-10-22 15:01:55.936,16856,16857,16856,1,-1
2021-10-22 15:01:56.322,16856,16857,16857,7,7
2021-10-22 15:01:56.604,16857,16859,16859,1,1
2021-10-22 15:01:58.073,16858,16860,16858,1,-1
2021-10-22 15:01:58.524,16857,16860,16857,1,-1
2021-10-22 15:02:05.838,16857,16858,16857,1,-1
2021-10-22 15:02:05.838,16857,16858,16856,3,-3
2021-10-22 15:02:08.922,16857,16858,16857,1,-1
2021-10-22 15:02:15.696,16856,16857,16856,1,-1
2021-10-22 15:02:23.351,16855,16856,16855,1,-1
2021-10-22 15:02:25.123,16855,16856,16856,1,1
2021-10-22 15:02:26.025,16856,16857,16857,4,4
2021-10-22 15:02:29.764,16858,16859,16858,1,-1
2021-10-22 15:02:29.766,16858,16859,16858,1,-1
2021-10-22 15:02:37.523,16856,16859,16859,1,1
2021-10-22 15:02:38.054,16857,16858,16858,1,1
2021-10-22 15:02:38.065,16857,16858,16857,1,-1
2021-10-22 15:02:40.768,16858,16860,16860,2,2
2021-10-22 15:02:42.251,16858,16860,16860,1,1
2021-10-22 15:02:45.536,16858,16860,16859,1,1
2021-10-22 15:02:48.504,16859,16860,16860,9,9
2021-10-22 15:02:50.082,16860,16861,16861,1,1
2021-10-22 15:02:52.179,16861,16862,16862,4,4
2021-10-22 15:02:52.362,16862,16863,16863,1,1
2021-10-22 15:02:53.774,16862,16863,16863,2,2
2021-10-22 15:02:54.131,16862,16863,16862,1,-1
2021-10-22 15:02:55.455,16862,16863,16862,1,-1
2021-10-22 15:02:56.803,16861,16862,16862,1,1
2021-10-22 15:02:58.759,16862,16863,16863,4,4
2021-10-22 15:03:00.079,16862,16863,16863,1,1
2021-10-22 15:03:00.079,16862,16863,16864,2,2
2021-10-22 15:03:00.156,16862,16864,16864,1,1
2021-10-22 15:03:00.331,16862,16864,16861,3,-3
2021-10-22 15:03:00.331,16862,16864,16860,1,-1
2021-10-22 15:03:00.430,16861,16862,16861,1,-1
2021-10-22 15:03:00.432,16861,16862,16861,1,-1
2021-10-22 15:03:00.750,16861,16862,16861,1,-1
2021-10-22 15:03:01.353,16860,16862,16862,1,1
2021-10-22 15:03:03.449,16861,16863,16863,1,1
2021-10-22 15:03:03.778,16861,16863,16863,1,1
2021-10-22 15:03:06.459,16863,16864,16863,1,-1
2021-10-22 15:03:10.285,16862,16863,16863,1,1
2021-10-22 15:03:10.285,16862,16863,16864,1,1
2021-10-22 15:03:11.360,16862,16864,16864,2,2
2021-10-22 15:03:13.030,16862,16863,16863,2,2
2021-10-22 15:03:13.030,16862,16863,16864,2,2
2021-10-22 15:03:15.193,16862,16864,16864,3,3
2021-10-22 15:03:19.135,16862,16863,16862,1,-1
2021-10-22 15:03:20.068,16861,16862,16862,1,1
2021-10-22 15:03:20.393,16861,16862,16862,1,1
2021-10-22 15:03:20.394,16861,16862,16862,2,2
2021-10-22 15:03:21.678,16862,16863,16863,1,1
2021-10-22 15:03:22.150,16862,16864,16864,3,3
2021-10-22 15:03:24.323,16862,16863,16862,1,-1
2021-10-22 15:03:30.788,16862,16863,16863,1,1
2021-10-22 15:03:31.397,16862,16864,16862,2,-2
2021-10-22 15:03:35.540,16862,16863,16862,1,-1
2021-10-22 15:03:35.654,16862,16863,16862,1,-1
2021-10-22 15:03:35.654,16862,16863,16862,1,-1
2021-10-22 15:03:35.896,16861,16862,16861,1,-1
2021-10-22 15:03:36.815,16861,16862,16862,2,2
2021-10-22 15:03:39.053,16861,16862,16862,1,1
2021-10-22 15:03:42.326,16862,16863,16862,1,-1
2021-10-22 15:03:42.836,16862,16863,16862,1,-1
2021-10-22 15:03:45.464,16861,16862,16861,3,-3
2021-10-22 15:03:53.287,16860,16861,16860,1,-1
2021-10-22 15:04:01.172,16860,16861,16860,2,-2
2021-10-22 15:04:01.244,16860,16861,16861,1,1
2021-10-22 15:04:01.251,16860,16861,16860,9,-9
2021-10-22 15:04:01.868,16859,16861,16861,1,1
2021-10-22 15:04:02.791,16860,16861,16860,1,-1
2021-10-22 15:04:06.405,16859,16861,16860,1,1
2021-10-22 15:04:15.074,16860,16861,16860,1,-1
2021-10-22 15:04:16.558,16859,16861,16861,6,6
2021-10-22 15:04:29.127,16860,16862,16861,2,2
2021-10-22 15:04:30.877,16861,16862,16862,1,1
2021-10-22 15:04:30.878,16861,16862,16862,2,2
2021-10-22 15:04:31.440,16862,16863,16863,6,6
2021-10-22 15:04:36.945,16863,16864,16863,1,-1
2021-10-22 15:04:37.102,16863,16864,16863,1,-1
2021-10-22 15:04:46.642,16863,16864,16863,1,-1
2021-10-22 15:04:48.718,16862,16864,16864,2,2
2021-10-22 15:04:48.741,16862,16864,16864,1,1
2021-10-22 15:05:00.339,16862,16863,16864,1,1
2021-10-22 15:05:02.395,16862,16863,16863,1,1
2021-10-22 15:05:02.978,16862,16864,16862,1,-1
2021-10-22 15:05:06.129,16862,16863,16863,1,1
2021-10-22 15:05:13.708,16862,16864,16864,2,2
2021-10-22 15:05:17.307,16863,16864,16863,1,-1
2021-10-22 15:05:17.787,16863,16864,16864,4,4
2021-10-22 15:05:20.829,16864,16865,16864,2,-2
2021-10-22 15:05:21.113,16863,16864,16864,1,1
2021-10-22 15:05:28.605,16864,16865,16865,2,2
2021-10-22 15:05:28.930,16864,16865,16865,5,5
2021-10-22 15:05:28.930,16864,16865,16865,2,2
2021-10-22 15:05:28.930,16864,16865,16865,3,3
2021-10-22 15:05:29.963,16864,16866,16864,2,-2
2021-10-22 15:05:30.343,16864,16866,16866,1,1
2021-10-22 15:05:31.514,16865,16866,16865,1,-1
2021-10-22 15:05:36.427,16864,16865,16865,1,1
2021-10-22 15:05:36.879,16864,16865,16864,3,-3
2021-10-22 15:05:38.218,16862,16864,16862,5,-5
2021-10-22 15:05:38.953,16862,16863,16863,1,1
2021-10-22 15:05:39.071,16862,16864,16864,1,1
2021-10-22 15:05:50.307,16863,16864,16863,1,-1
2021-10-22 15:05:51.385,16863,16864,16864,2,2
2021-10-22 15:05:53.163,16863,16864,16864,1,1
2021-10-22 15:05:53.982,16864,16865,16865,1,1
2021-10-22 15:05:55.653,16864,16865,16865,1,1
2021-10-22 15:05:55.843,16864,16865,16864,1,-1
2021-10-22 15:05:58.742,16864,16865,16865,1,1
2021-10-22 15:05:59.350,16864,16866,16866,1,1
2021-10-22 15:06:01.039,16864,16866,16864,1,-1
2021-10-22 15:06:06.021,16864,16866,16864,1,-1
2021-10-22 15:06:06.561,16864,16866,16865,1,1
2021-10-22 15:06:06.561,16864,16866,16866,1,1
2021-10-22 15:06:07.321,16865,16866,16866,1,1
2021-10-22 15:06:08.650,16865,16866,16866,1,1
2021-10-22 15:06:08.911,16865,16866,16865,1,-1
2021-10-22 15:06:09.969,16864,16866,16866,1,1
2021-10-22 15:06:12.034,16864,16866,16864,1,-1
2021-10-22 15:06:13.111,16864,16865,16864,1,-1
2021-10-22 15:06:13.111,16864,16865,16863,1,-1
2021-10-22 15:06:13.124,16864,16865,16865,1,1
2021-10-22 15:06:13.350,16863,16865,16865,1,1
2021-10-22 15:06:25.799,16864,16865,16865,2,2
2021-10-22 15:06:27.329,16864,16865,16865,1,1
2021-10-22 15:06:27.626,16865,16866,16865,1,-1
2021-10-22 15:06:28.568,16864,16866,16866,5,5
2021-10-22 15:06:31.976,16865,16866,16865,1,-1
2021-10-22 15:06:34.538,16864,16866,16864,2,-2
2021-10-22 15:06:35.687,16864,16866,16864,5,-5
2021-10-22 15:06:36.998,16863,16864,16863,8,-8
2021-10-22 15:06:36.999,16863,16864,16862,2,-2
2021-10-22 15:06:36.999,16863,16864,16862,2,-2
2021-10-22 15:06:37.190,16862,16863,16863,1,1
2021-10-22 15:06:39.094,16862,16864,16863,1,1
2021-10-22 15:06:43.359,16862,16863,16863,1,1
2021-10-22 15:06:44.260,16862,16863,16862,3,-3
2021-10-22 15:06:44.261,16862,16863,16862,1,-1
2021-10-22 15:06:44.778,16861,16863,16863,4,4
2021-10-22 15:06:44.778,16861,16863,16864,1,1
2021-10-22 15:06:45.255,16862,16864,16862,1,-1
2021-10-22 15:06:46.256,16861,16863,16861,4,-4
2021-10-22 15:06:48.548,16861,16863,16862,1,1
2021-10-22 15:06:50.487,16861,16862,16861,1,-1
2021-10-22 15:06:54.215,16861,16863,16861,2,-2
2021-10-22 15:06:54.216,16861,16863,16861,5,-5
2021-10-22 15:06:58.210,16861,16862,16861,1,-1
2021-10-22 15:07:04.447,16861,16862,16861,1,-1
2021-10-22 15:07:04.923,16861,16862,16861,1,-1
2021-10-22 15:07:04.923,16861,16862,16860,1,-1
2021-10-22 15:07:05.446,16860,16862,16860,2,-2
2021-10-22 15:07:06.520,16860,16862,16860,2,-2
2021-10-22 15:07:07.347,16859,16862,16861,1,1
2021-10-22 15:07:08.417,16859,16860,16860,1,1
2021-10-22 15:07:12.478,16860,16861,16860,3,-3
2021-10-22 15:07:14.515,16860,16861,16860,2,-2
2021-10-22 15:07:15.509,16860,16861,16860,1,-1
2021-10-22 15:07:16.510,16860,16861,16860,1,-1
2021-10-22 15:07:23.588,16860,16861,16860,1,-1
2021-10-22 15:07:29.472,16860,16861,16861,1,1
2021-10-22 15:07:31.528,16860,16861,16860,4,-4
2021-10-22 15:07:31.528,16860,16861,16859,1,-1
2021-10-22 15:07:35.641,16860,16862,16860,2,-2
2021-10-22 15:07:36.641,16859,16862,16859,1,-1
2021-10-22 15:07:39.616,16859,16862,16859,5,-5
2021-10-22 15:07:44.689,16859,16860,16859,1,-1
2021-10-22 15:07:45.693,16858,16860,16858,2,-2
2021-10-22 15:07:45.775,16858,16860,16858,4,-4
2021-10-22 15:07:49.502,16857,16858,16857,1,-1
2021-10-22 15:07:49.502,16857,16858,16856,2,-2
2021-10-22 15:07:52.268,16856,16858,16858,1,1
2021-10-22 15:07:57.420,16856,16858,16858,1,1
2021-10-22 15:08:02.448,16856,16858,16858,2,2
2021-10-22 15:08:05.064,16856,16858,16858,1,1
2021-10-22 15:08:08.189,16856,16858,16858,2,2
2021-10-22 15:08:10.618,16857,16858,16857,1,-1
2021-10-22 15:08:17.139,16857,16858,16858,1,1
2021-10-22 15:08:17.825,16857,16859,16857,1,-1
2021-10-22 15:08:22.198,16857,16859,16857,1,-1
2021-10-22 15:08:22.917,16857,16859,16857,1,-1
2021-10-22 15:08:23.199,16856,16859,16856,2,-2
2021-10-22 15:08:24.493,16856,16857,16856,5,-5
2021-10-22 15:08:24.493,16856,16857,16855,14,-14
2021-10-22 15:08:24.495,16856,16857,16855,33,-33
2021-10-22 15:08:25.278,16855,16856,16856,1,1
2021-10-22 15:08:25.279,16855,16856,16856,2,2
2021-10-22 15:08:29.542,16856,16857,16856,2,-2
2021-10-22 15:08:32.592,16855,16857,16855,3,-3
2021-10-22 15:08:34.970,16854,16856,16855,1,1
2021-10-22 15:08:35.501,16854,16856,16854,1,-1
2021-10-22 15:08:35.790,16854,16856,16854,1,-1
2021-10-22 15:08:36.192,16854,16856,16854,3,-3
2021-10-22 15:08:38.659,16854,16856,16854,1,-1
2021-10-22 15:08:39.635,16854,16855,16854,2,-2
2021-10-22 15:08:40.063,16853,16855,16854,1,1
2021-10-22 15:08:40.408,16853,16855,16854,1,1
2021-10-22 15:08:40.617,16853,16855,16854,1,1
2021-10-22 15:08:40.923,16853,16855,16854,1,1
2021-10-22 15:08:41.655,16853,16855,16854,1,1
2021-10-22 15:08:41.724,16853,16855,16855,3,3
2021-10-22 15:08:42.258,16854,16856,16854,1,-1
2021-10-22 15:08:42.438,16853,16856,16853,2,-2
2021-10-22 15:08:45.221,16853,16855,16854,1,1
2021-10-22 15:08:47.662,16854,16855,16855,1,1
2021-10-22 15:08:47.768,16854,16856,16856,1,1
2021-10-22 15:08:51.695,16854,16855,16854,1,-1
2021-10-22 15:08:53.110,16854,16855,16855,2,2
2021-10-22 15:08:54.278,16854,16855,16855,1,1
2021-10-22 15:08:54.876,16855,16856,16855,1,-1
2021-10-22 15:08:57.598,16854,16856,16854,2,-2
2021-10-22 15:08:59.709,16854,16856,16854,1,-1
2021-10-22 15:09:04.738,16854,16856,16854,2,-2
2021-10-22 15:09:04.738,16854,16856,16853,3,-3
2021-10-22 15:09:06.969,16853,16854,16854,1,1
2021-10-22 15:09:12.072,16855,16856,16855,1,-1
2021-10-22 15:09:12.072,16855,16856,16854,1,-1
2021-10-22 15:09:12.857,16854,16856,16854,2,-2
2021-10-22 15:09:14.857,16854,16856,16854,2,-2
2021-10-22 15:09:26.403,16853,16854,16853,3,-3
2021-10-22 15:09:31.839,16853,16854,16853,1,-1
2021-10-22 15:09:32.123,16853,16854,16853,2,-2
2021-10-22 15:09:32.125,16853,16854,16853,2,-2
2021-10-22 15:09:40.523,16853,16854,16853,2,-2
2021-10-22 15:09:41.547,16853,16854,16853,2,-2
2021-10-22 15:09:42.546,16853,16854,16853,1,-1
2021-10-22 15:09:44.314,16853,16854,16853,1,-1
2021-10-22 15:09:47.131,16853,16854,16853,2,-2
2021-10-22 15:09:49.822,16853,16854,16853,1,-1
2021-10-22 15:09:51.026,16853,16854,16853,1,-1
2021-10-22 15:09:52.025,16853,16854,16853,1,-1
2021-10-22 15:09:52.135,16853,16854,16853,1,-1
2021-10-22 15:09:53.460,16853,16854,16853,1,-1
2021-10-22 15:09:54.719,16853,16854,16853,1,-1
2021-10-22 15:09:54.838,16853,16854,16853,1,-1
2021-10-22 15:09:58.184,16853,16854,16854,3,3
2021-10-22 15:10:00.138,16853,16855,16853,1,-1
2021-10-22 15:10:00.469,16853,16855,16853,1,-1
2021-10-22 15:10:00.469,16853,16855,16852,3,-3
2021-10-22 15:10:00.610,16852,16855,16855,1,1
2021-10-22 15:10:01.132,16852,16855,16852,3,-3
2021-10-22 15:10:01.665,16852,16854,16853,1,1
2021-10-22 15:10:01.905,16852,16854,16852,1,-1
2021-10-22 15:10:02.364,16852,16854,16854,1,1
2021-10-22 15:10:10.610,16852,16853,16852,2,-2
2021-10-22 15:10:10.626,16852,16853,16852,5,-5
2021-10-22 15:10:11.610,16851,16853,16851,1,-1
2021-10-22 15:10:20.259,16851,16852,16851,1,-1
2021-10-22 15:10:20.259,16851,16852,16851,4,-4
2021-10-22 15:10:20.259,16851,16852,16851,1,-1
2021-10-22 15:10:20.259,16851,16852,16851,1,-1
2021-10-22 15:10:20.259,16851,16852,16851,2,-2
2021-10-22 15:10:21.465,16850,16851,16850,4,-4
2021-10-22 15:10:21.466,16850,16851,16850,19,-19
2021-10-22 15:10:21.466,16850,16851,16850,1,-1
2021-10-22 15:10:21.467,16850,16851,16850,1,-1
2021-10-22 15:10:21.467,16850,16851,16850,1,-1
2021-10-22 15:10:21.467,16850,16851,16850,1,-1
2021-10-22 15:10:21.467,16850,16851,16850,1,-1
2021-10-22 15:10:23.316,16849,16850,16849,1,-1
2021-10-22 15:10:24.030,16849,16850,16849,1,-1
2021-10-22 15:10:24.045,16849,16850,16850,1,1
2021-10-22 15:10:24.828,16849,16850,16849,1,-1
2021-10-22 15:10:25.384,16848,16849,16848,1,-1
2021-10-22 15:10:29.947,16848,16849,16848,1,-1
2021-10-22 15:10:31.316,16848,16849,16848,3,-3
2021-10-22 15:10:35.287,16848,16849,16848,1,-1
2021-10-22 15:10:36.750,16848,16849,16848,2,-2
2021-10-22 15:10:38.200,16848,16849,16848,3,-3
2021-10-22 15:10:38.200,16848,16849,16848,1,-1
2021-10-22 15:10:39.664,16847,16849,16847,5,-5
2021-10-22 15:10:39.764,16847,16849,16847,1,-1
2021-10-22 15:10:40.887,16847,16849,16848,1,1
2021-10-22 15:10:41.151,16847,16849,16847,2,-2
2021-10-22 15:10:42.091,16847,16849,16847,1,-1
2021-10-22 15:10:43.137,16847,16848,16847,1,-1
2021-10-22 15:10:43.170,16847,16848,16848,1,1
2021-10-22 15:10:49.770,16847,16848,16848,1,1
2021-10-22 15:10:50.204,16847,16848,16847,1,-1
2021-10-22 15:10:51.364,16847,16848,16847,1,-1
2021-10-22 15:10:53.885,16848,16849,16848,1,-1
2021-10-22 15:10:54.885,16848,16849,16848,1,-1
2021-10-22 15:10:54.983,16848,16849,16848,1,-1
2021-10-22 15:10:55.225,16847,16849,16847,1,-1
2021-10-22 15:11:00.612,16846,16847,16847,5,5
2021-10-22 15:11:00.776,16846,16848,16846,2,-2
2021-10-22 15:11:01.739,16847,16848,16847,1,-1
2021-10-22 15:11:01.739,16847,16848,16847,1,-1
2021-10-22 15:11:02.662,16846,16847,16846,1,-1
2021-10-22 15:11:03.685,16846,16847,16847,1,1
2021-10-22 15:11:05.178,16846,16847,16847,1,1
2021-10-22 15:11:05.179,16846,16847,16847,1,1
2021-10-22 15:11:07.977,16847,16848,16847,1,-1
2021-10-22 15:11:08.809,16847,16848,16847,1,-1
2021-10-22 15:11:11.199,16847,16848,16848,1,1
2021-10-22 15:11:11.479,16847,16848,16847,2,-2
2021-10-22 15:11:12.284,16847,16848,16847,1,-1
2021-10-22 15:11:13.416,16846,16848,16848,4,4
2021-10-22 15:11:15.143,16848,16849,16849,6,6
2021-10-22 15:11:15.146,16848,16849,16850,5,5
2021-10-22 15:11:17.031,16849,16850,16850,1,1
2021-10-22 15:11:18.533,16850,16851,16851,2,2
2021-10-22 15:11:18.647,16850,16852,16852,1,1
2021-10-22 15:11:18.899,16850,16852,16852,1,1
2021-10-22 15:11:18.918,16850,16852,16852,1,1
2021-10-22 15:11:18.936,16850,16852,16853,1,1
2021-10-22 15:11:19.503,16850,16852,16852,1,1
2021-10-22 15:11:25.034,16851,16852,16851,1,-1
2021-10-22 15:11:30.949,16850,16851,16850,1,-1
2021-10-22 15:11:31.633,16849,16851,16851,1,1
2021-10-22 15:11:39.169,16848,16849,16849,3,3
2021-10-22 15:11:44.772,16849,16850,16850,1,1
2021-10-22 15:11:53.160,16849,16850,16850,1,1
2021-10-22 15:11:53.389,16849,16850,16849,1,-1
2021-10-22 15:11:55.288,16849,16850,16850,2,2
2021-10-22 15:11:55.290,16849,16850,16850,3,3
2021-10-22 15:11:58.890,16850,16851,16850,1,-1
2021-10-22 15:12:00.501,16850,16851,16850,1,-1
2021-10-22 15:12:00.632,16850,16851,16850,1,-1
2021-10-22 15:12:00.632,16850,16851,16850,1,-1
2021-10-22 15:12:00.632,16850,16851,16851,7,7
2021-10-22 15:12:00.635,16850,16851,16850,1,-1
2021-10-22 15:12:00.635,16850,16851,16850,1,-1
2021-10-22 15:12:00.635,16850,16851,16850,1,-1
2021-10-22 15:12:20.130,16850,16851,16850,1,-1
2021-10-22 15:12:20.484,16850,16851,16850,1,-1
2021-10-22 15:12:22.921,16850,16851,16851,1,1
2021-10-22 15:12:23.003,16850,16852,16850,1,-1
2021-10-22 15:12:23.003,16850,16852,16850,1,-1
2021-10-22 15:12:23.003,16850,16852,16850,1,-1
2021-10-22 15:12:23.003,16850,16852,16850,1,-1
2021-10-22 15:12:23.003,16850,16852,16850,1,-1
2021-10-22 15:12:23.004,16850,16852,16850,1,-1
2021-10-22 15:12:23.004,16850,16852,16849,1,-1
2021-10-22 15:12:23.004,16850,16852,16849,1,-1
2021-10-22 15:12:23.004,16850,16852,16849,1,-1
2021-10-22 15:12:23.005,16850,16852,16849,1,-1
2021-10-22 15:12:23.005,16850,16852,16849,1,-1
2021-10-22 15:12:23.005,16850,16852,16849,1,-1
2021-10-22 15:12:23.005,16850,16852,16849,1,-1
2021-10-22 15:12:23.005,16850,16852,16849,1,-1
2021-10-22 15:12:23.006,16850,16852,16848,1,-1
2021-10-22 15:12:23.006,16850,16852,16848,1,-1
2021-10-22 15:12:23.006,16850,16852,16848,1,-1
2021-10-22 15:12:23.006,16850,16852,16848,1,-1
2021-10-22 15:12:23.007,16850,16852,16848,1,-1
2021-10-22 15:12:23.007,16850,16852,16848,1,-1
2021-10-22 15:12:23.008,16850,16852,16848,1,-1
2021-10-22 15:12:23.008,16850,16852,16848,1,-1
2021-10-22 15:12:23.009,16850,16852,16848,1,-1
2021-10-22 15:12:23.009,16850,16852,16848,1,-1
2021-10-22 15:12:35.212,16849,16850,16849,1,-1
2021-10-22 15:12:42.741,16849,16850,16849,1,-1
2021-10-22 15:12:43.734,16848,16850,16849,1,1
2021-10-22 15:12:43.753,16848,16850,16848,1,-1
2021-10-22 15:12:44.689,16848,16849,16849,1,1
2021-10-22 15:12:48.086,16849,16850,16850,1,1
2021-10-22 15:12:48.584,16849,16851,16849,1,-1
2021-10-22 15:12:54.882,16849,16850,16849,1,-1
2021-10-22 15:12:58.755,16849,16850,16850,2,2
2021-10-22 15:13:00.140,16849,16851,16851,7,7
2021-10-22 15:13:01.568,16851,16852,16852,8,8
2021-10-22 15:13:03.327,16851,16853,16853,1,1
2021-10-22 15:13:04.620,16851,16853,16853,10,10
2021-10-22 15:13:07.658,16853,16854,16854,2,2
2021-10-22 15:13:07.847,16853,16854,16854,7,7
2021-10-22 15:13:07.847,16853,16854,16855,3,3
2021-10-22 15:13:08.732,16853,16855,16855,1,1
2021-10-22 15:13:10.972,16853,16855,16855,1,1
2021-10-22 15:13:10.972,16853,16855,16856,1,1
2021-10-22 15:13:11.264,16854,16856,16854,1,-1
2021-10-22 15:13:17.067,16854,16855,16855,1,1
2021-10-22 15:13:17.830,16854,16855,16855,1,1
2021-10-22 15:13:21.069,16854,16855,16855,1,1
2021-10-22 15:13:26.229,16854,16855,16855,1,1
2021-10-22 15:13:26.908,16854,16855,16855,1,1
2021-10-22 15:13:28.798,16854,16855,16854,1,-1
2021-10-22 15:13:28.798,16854,16855,16854,1,-1
2021-10-22 15:13:28.805,16854,16855,16854,2,-2
2021-10-22 15:13:33.438,16853,16854,16853,1,-1
2021-10-22 15:13:33.439,16853,16854,16853,1,-1
2021-10-22 15:13:33.752,16851,16853,16853,4,4
2021-10-22 15:13:35.491,16851,16853,16853,1,1
2021-10-22 15:13:35.694,16851,16853,16851,2,-2
2021-10-22 15:13:37.166,16851,16853,16853,1,1
2021-10-22 15:13:41.624,16851,16853,16853,1,1
2021-10-22 15:13:41.661,16851,16853,16851,9,-9
2021-10-22 15:13:41.663,16851,16853,16851,1,-1
2021-10-22 15:13:42.222,16851,16853,16851,1,-1
2021-10-22 15:13:50.355,16852,16853,16852,1,-1
2021-10-22 15:13:50.435,16850,16852,16852,1,1
2021-10-22 15:13:50.579,16850,16853,16850,3,-3
2021-10-22 15:13:58.297,16850,16851,16850,4,-4
2021-10-22 15:13:59.759,16849,16850,16849,1,-1
2021-10-22 15:14:01.227,16848,16850,16850,3,3
2021-10-22 15:14:01.947,16848,16850,16850,2,2
2021-10-22 15:14:06.961,16848,16849,16849,1,1
2021-10-22 15:14:10.794,16848,16850,16850,2,2
2021-10-22 15:14:12.840,16849,16850,16850,1,1
2021-10-22 15:14:18.302,16850,16851,16850,2,-2
2021-10-22 15:14:18.303,16850,16851,16850,8,-8
2021-10-22 15:14:26.703,16850,16851,16850,1,-1
2021-10-22 15:14:27.418,16849,16851,16850,1,1
2021-10-22 15:14:31.063,16850,16851,16850,1,-1
2021-10-22 15:14:38.363,16849,16850,16849,1,-1
2021-10-22 15:14:42.860,16849,16850,16850,1,1
2021-10-22 15:15:00.373,16850,16851,16851,3,3
2021-10-22 15:15:00.388,16851,16852,16852,1,1
2021-10-22 15:15:00.388,16851,16852,16853,1,1
2021-10-22 15:15:00.389,16851,16852,16853,1,1
2021-10-22 15:15:00.568,16851,16853,16851,2,-2
2021-10-22 15:15:00.582,16851,16853,16851,2,-2
2021-10-22 15:15:00.589,16851,16853,16851,1,-1
2021-10-22 15:15:00.700,16850,16853,16850,1,-1
2021-10-22 15:15:00.737,16850,16853,16851,1,-1
2021-10-22 15:15:00.745,16850,16853,16850,4,-4
2021-10-22 15:15:03.383,16851,16852,16851,3,-3
2021-10-22 15:15:03.504,16850,16852,16852,1,1
2021-10-22 15:15:10.009,16850,16851,16851,2,2
2021-10-22 15:15:11.888,16851,16853,16853,1,1
2021-10-22 15:15:22.925,16850,16853,16850,1,-1
2021-10-22 15:15:23.025,16850,16853,16853,1,1
2021-10-22 15:15:23.128,16851,16853,16853,1,1
2021-10-22 15:15:23.128,16851,16853,16853,1,1
2021-10-22 15:15:23.128,16851,16853,16853,1,1
2021-10-22 15:15:23.128,16851,16853,16853,1,1
2021-10-22 15:15:23.128,16851,16853,16854,1,1
2021-10-22 15:15:23.128,16851,16853,16854,1,1
2021-10-22 15:15:23.129,16851,16853,16854,1,1
2021-10-22 15:15:23.129,16851,16853,16854,1,1
2021-10-22 15:15:23.130,16851,16853,16854,1,1
2021-10-22 15:15:23.130,16851,16853,16854,1,1
2021-10-22 15:15:23.130,16851,16853,16854,1,1
2021-10-22 15:15:23.130,16851,16853,16855,1,1
2021-10-22 15:15:23.130,16851,16853,16855,1,1
2021-10-22 15:15:23.130,16851,16853,16854,1,1
2021-10-22 15:15:23.132,16851,16853,16855,1,1
2021-10-22 15:15:23.132,16851,16853,16855,1,1
2021-10-22 15:15:23.132,16851,16853,16855,1,1
2021-10-22 15:15:23.132,16851,16853,16855,1,1
2021-10-22 15:15:23.132,16851,16853,16855,1,1
2021-10-22 15:15:23.132,16851,16853,16855,1,1
2021-10-22 15:15:23.132,16851,16853,16855,1,1
2021-10-22 15:15:23.133,16851,16853,16856,1,1
2021-10-22 15:15:23.133,16851,16853,16856,1,1
2021-10-22 15:15:23.135,16851,16853,16856,1,1
2021-10-22 15:15:23.597,16854,16856,16856,1,1
2021-10-22 15:15:25.537,16854,16856,16856,1,1
2021-10-22 15:15:26.611,16854,16856,16854,1,-1
2021-10-22 15:15:29.873,16854,16855,16855,2,2
2021-10-22 15:15:29.878,16854,16856,16856,1,1
2021-10-22 15:15:31.589,16854,16856,16856,1,1
2021-10-22 15:15:31.589,16854,16856,16856,2,2
2021-10-22 15:15:32.596,16855,16857,16855,2,-2
2021-10-22 15:15:32.596,16855,16857,16854,3,-3
2021-10-22 15:15:35.889,16855,16857,16856,1,1
2021-10-22 15:15:37.682,16855,16857,16857,2,2
2021-10-22 15:15:37.683,16855,16857,16858,4,4
2021-10-22 15:15:40.307,16857,16859,16857,1,-1
2021-10-22 15:15:40.378,16857,16859,16859,1,1
2021-10-22 15:15:49.539,16855,16857,16857,1,1
2021-10-22 15:15:49.967,16855,16857,16855,1,-1
2021-10-22 15:15:53.338,16855,16857,16858,1,1
2021-10-22 15:15:53.378,16856,16858,16858,1,1
2021-10-22 15:15:53.378,16856,16858,16858,1,1
2021-10-22 15:16:00.147,16855,16857,16857,1,1
2021-10-22 15:16:00.626,16856,16858,16858,1,1
2021-10-22 15:16:06.447,16856,16857,16857,2,2
2021-10-22 15:16:06.503,16856,16858,16858,1,1
2021-10-22 15:16:22.476,16857,16858,16858,2,2
2021-10-22 15:16:22.733,16857,16858,16857,2,-2
2021-10-22 15:16:27.395,16856,16858,16858,4,4
2021-10-22 15:16:27.503,16856,16859,16859,1,1
2021-10-22 15:16:33.067,16858,16859,16859,1,1
2021-10-22 15:16:33.129,16858,16859,16859,1,1
2021-10-22 15:16:33.129,16858,16859,16859,1,1
2021-10-22 15:16:33.129,16858,16859,16859,2,2
2021-10-22 15:16:37.730,16859,16860,16859,1,-1
2021-10-22 15:16:39.953,16858,16860,16858,3,-3
2021-10-22 15:16:39.953,16858,16860,16857,2,-2
2021-10-22 15:16:47.254,16858,16860,16859,1,1
2021-10-22 15:16:47.573,16858,16860,16858,2,-2
2021-10-22 15:16:51.081,16859,16860,16860,1,1
2021-10-22 15:16:51.368,16859,16860,16859,1,-1
2021-10-22 15:16:51.368,16859,16860,16858,1,-1
2021-10-22 15:16:52.774,16858,16859,16859,1,1
2021-10-22 15:16:54.839,16859,16860,16859,1,-1
2021-10-22 15:16:55.034,16858,16860,16860,1,1
2021-10-22 15:16:56.354,16858,16860,16858,1,-1
2021-10-22 15:17:00.936,16857,16860,16857,1,-1
2021-10-22 15:17:01.014,16857,16860,16860,1,1
2021-10-22 15:17:02.746,16858,16860,16859,1,1
2021-10-22 15:17:08.814,16858,16860,16858,1,-1
2021-10-22 15:17:09.888,16858,16860,16858,1,-1
2021-10-22 15:17:14.145,16859,16860,16859,1,-1
2021-10-22 15:17:14.359,16858,16859,16859,1,1
2021-10-22 15:17:18.369,16858,16859,16859,1,1
2021-10-22 15:17:25.723,16858,16859,16859,2,2
2021-10-22 15:17:26.933,16858,16859,16859,1,1
2021-10-22 15:17:27.680,16858,16860,16860,1,1
2021-10-22 15:17:31.022,16859,16860,16860,1,1
2021-10-22 15:17:31.022,16859,16860,16860,12,12
2021-10-22 15:17:31.023,16859,16860,16860,1,1
2021-10-22 15:17:32.131,16860,16861,16861,4,4
2021-10-22 15:17:38.026,16860,16861,16861,1,1
2021-10-22 15:17:41.490,16861,16862,16862,6,6
2021-10-22 15:17:42.449,16861,16863,16861,2,-2
2021-10-22 15:17:48.422,16862,16863,16863,4,4
2021-10-22 15:17:50.152,16863,16864,16863,1,-1
2021-10-22 15:17:53.651,16861,16863,16862,1,1
2021-10-22 15:17:57.027,16861,16862,16862,1,1
2021-10-22 15:17:57.028,16861,16862,16861,13,-13
2021-10-22 15:17:57.969,16860,16861,16861,1,1
2021-10-22 15:17:58.730,16860,16862,16862,1,1
2021-10-22 15:18:00.660,16861,16862,16861,1,-1
2021-10-22 15:18:01.851,16860,16861,16861,1,1
2021-10-22 15:18:02.040,16860,16861,16861,1,1
2021-10-22 15:18:02.827,16860,16861,16861,1,1
2021-10-22 15:18:03.009,16860,16861,16861,1,1
2021-10-22 15:18:03.737,16860,16861,16861,3,3
2021-10-22 15:18:03.737,16860,16861,16862,7,7
2021-10-22 15:18:07.217,16861,16863,16861,1,-1
2021-10-22 15:18:12.276,16862,16863,16863,1,1
2021-10-22 15:18:12.277,16862,16863,16863,4,4
2021-10-22 15:18:19.541,16863,16864,16863,1,-1
2021-10-22 15:18:21.701,16862,16864,16862,2,-2
2021-10-22 15:18:26.040,16863,16864,16864,6,6
2021-10-22 15:18:27.676,16864,16865,16865,1,1
2021-10-22 15:18:27.835,16864,16865,16864,1,-1
2021-10-22 15:18:28.575,16864,16865,16865,1,1
2021-10-22 15:18:29.796,16864,16865,16865,2,2
2021-10-22 15:18:30.103,16864,16865,16865,5,5
2021-10-22 15:18:31.502,16865,16866,16865,1,-1
2021-10-22 15:18:33.878,16865,16866,16866,1,1
2021-10-22 15:18:34.025,16865,16866,16866,2,2
2021-10-22 15:18:34.073,16865,16866,16867,1,1
2021-10-22 15:18:34.153,16865,16867,16867,3,3
2021-10-22 15:18:34.630,16866,16867,16867,1,1
2021-10-22 15:18:34.823,16866,16867,16867,5,5
2021-10-22 15:18:35.464,16866,16867,16867,1,1
2021-10-22 15:18:36.936,16867,16868,16868,1,1
2021-10-22 15:18:37.134,16867,16868,16867,1,-1
2021-10-22 15:18:37.176,16867,16868,16866,1,-1
2021-10-22 15:18:40.617,16865,16867,16867,1,1
2021-10-22 15:18:41.911,16865,16866,16866,1,1
2021-10-22 15:18:42.077,16865,16867,16866,2,2
2021-10-22 15:18:42.596,16866,16867,16866,2,-2
2021-10-22 15:18:45.103,16866,16867,16866,1,-1
2021-10-22 15:18:45.103,16866,16867,16865,1,-1
2021-10-22 15:18:47.207,16866,16867,16866,1,-1
2021-10-22 15:18:49.142,16866,16867,16866,1,-1
2021-10-22 15:18:50.264,16865,16866,16866,2,2
2021-10-22 15:18:50.678,16866,16867,16866,1,-1
2021-10-22 15:18:53.657,16866,16867,16866,1,-1
2021-10-22 15:18:58.696,16866,16867,16867,1,1
2021-10-22 15:18:58.698,16866,16867,16867,4,4
2021-10-22 15:18:58.962,16866,16868,16868,1,1
2021-10-22 15:19:00.839,16867,16868,16867,2,-2
2021-10-22 15:19:01.054,16866,16867,16867,1,1
2021-10-22 15:19:01.251,16866,16867,16866,1,-1
2021-10-22 15:19:03.305,16866,16868,16868,1,1
2021-10-22 15:19:03.731,16866,16868,16868,1,1
2021-10-22 15:19:05.227,16866,16868,16866,3,-3
2021-10-22 15:19:06.583,16866,16868,16868,3,3
2021-10-22 15:19:11.676,16867,16868,16868,1,1
2021-10-22 15:19:12.271,16867,16868,16868,1,1
2021-10-22 15:19:12.287,16867,16868,16868,1,1
2021-10-22 15:19:17.502,16867,16868,16868,5,5
2021-10-22 15:19:18.435,16867,16868,16868,23,23
2021-10-22 15:19:18.506,16868,16869,16869,1,1
2021-10-22 15:19:18.506,16868,16869,16869,1,1
2021-10-22 15:19:18.776,16868,16869,16868,1,-1
2021-10-22 15:19:19.112,16868,16869,16869,5,5
2021-10-22 15:19:20.537,16868,16869,16869,2,2
2021-10-22 15:19:20.537,16868,16869,16869,1,1
2021-10-22 15:19:20.537,16868,16869,16869,1,1
2021-10-22 15:19:21.117,16868,16869,16869,1,1
2021-10-22 15:19:21.117,16868,16869,16869,1,1
2021-10-22 15:19:21.117,16868,16869,16869,1,1
2021-10-22 15:19:23.401,16868,16869,16869,1,1
2021-10-22 15:19:23.401,16868,16869,16869,1,1
2021-10-22 15:19:24.619,16868,16869,16869,1,1
2021-10-22 15:19:25.703,16868,16869,16869,1,1
2021-10-22 15:19:25.795,16868,16869,16869,4,4
2021-10-22 15:19:25.796,16868,16869,16869,1,1
2021-10-22 15:19:26.540,16868,16869,16869,2,2
2021-10-22 15:19:26.540,16868,16869,16870,3,3
2021-10-22 15:19:28.332,16869,16870,16870,1,1
2021-10-22 15:19:28.407,16869,16870,16870,1,1
2021-10-22 15:19:28.414,16869,16870,16870,5,5
2021-10-22 15:19:32.052,16869,16870,16870,1,1
2021-10-22 15:19:32.637,16869,16870,16870,2,2
2021-10-22 15:19:33.630,16869,16870,16870,1,1
2021-10-22 15:19:34.469,16869,16870,16870,2,2
2021-10-22 15:19:34.514,16869,16870,16870,1,1
2021-10-22 15:19:34.823,16869,16870,16870,2,2
2021-10-22 15:19:34.848,16869,16870,16869,1,-1
2021-10-22 15:19:34.848,16869,16870,16868,4,-4
2021-10-22 15:19:35.904,16868,16871,16870,1,1
2021-10-22 15:19:36.402,16868,16871,16869,1,-1
2021-10-22 15:19:41.121,16869,16870,16869,1,-1
2021-10-22 15:19:41.989,16868,16870,16869,1,1
2021-10-22 15:19:42.505,16868,16869,16869,1,1
2021-10-22 15:19:42.505,16868,16869,16870,1,1
2021-10-22 15:19:44.309,16868,16869,16869,2,2
2021-10-22 15:19:44.309,16868,16869,16870,3,3
2021-10-22 15:19:44.989,16868,16870,16868,5,-5
2021-10-22 15:19:46.518,16868,16869,16868,3,-3
2021-10-22 15:19:51.950,16865,16867,16867,2,2
2021-10-22 15:19:58.376,16866,16867,16866,1,-1
2021-10-22 15:19:58.704,16865,16867,16867,1,1
2021-10-22 15:19:59.690,16865,16867,16867,2,2
2021-10-22 15:20:00.877,16866,16867,16867,1,1
2021-10-22 15:20:01.282,16866,16867,16867,2,2
2021-10-22 15:20:01.773,16866,16867,16866,1,-1
2021-10-22 15:20:01.983,16865,16867,16867,2,2
2021-10-22 15:20:04.845,16865,16866,16866,1,1
2021-10-22 15:20:05.176,16865,16867,16865,1,-1
2021-10-22 15:20:05.382,16865,16867,16867,1,1
2021-10-22 15:20:06.849,16865,16867,16866,1,1
2021-10-22 15:20:10.667,16866,16868,16866,2,-2
2021-10-22 15:20:16.827,16866,16867,16866,2,-2
2021-10-22 15:20:17.692,16866,16867,16867,2,2
2021-10-22 15:20:18.363,16866,16867,16866,1,-1
2021-10-22 15:20:24.149,16865,16867,16865,1,-1
2021-10-22 15:20:26.674,16865,16867,16867,2,2
2021-10-22 15:20:30.110,16865,16867,16867,2,2
2021-10-22 15:20:38.486,16865,16867,16867,1,1
2021-10-22 15:20:43.669,16865,16866,16865,3,-3
2021-10-22 15:21:00.121,16863,16864,16863,7,-7
2021-10-22 15:21:00.252,16862,16864,16864,1,1
2021-10-22 15:21:03.937,16862,16863,16863,1,1
2021-10-22 15:21:05.184,16862,16863,16863,1,1
2021-10-22 15:21:21.789,16863,16864,16863,1,-1
2021-10-22 15:21:23.955,16863,16864,16863,1,-1
2021-10-22 15:21:24.975,16863,16864,16863,7,-7
2021-10-22 15:21:32.013,16863,16864,16863,1,-1
2021-10-22 15:21:34.049,16863,16864,16863,1,-1
2021-10-22 15:21:40.347,16863,16864,16864,14,14
2021-10-22 15:21:40.349,16863,16864,16865,2,2
2021-10-22 15:21:40.350,16863,16864,16865,1,1
2021-10-22 15:21:40.358,16863,16864,16865,2,2
2021-10-22 15:21:42.007,16865,16866,16866,1,1
2021-10-22 15:21:45.798,16865,16867,16867,1,1
2021-10-22 15:21:52.333,16865,16866,16866,1,1
2021-10-22 15:21:55.613,16865,16867,16867,3,3
2021-10-22 15:22:06.305,16866,16867,16866,1,-1
2021-10-22 15:22:08.800,16865,16866,16865,1,-1
2021-10-22 15:22:12.888,16865,16866,16866,1,1
2021-10-22 15:22:14.950,16866,16867,16866,3,-3
2021-10-22 15:22:21.390,16865,16867,16865,1,-1
2021-10-22 15:22:23.105,16865,16867,16865,1,-1
2021-10-22 15:22:24.872,16865,16867,16865,1,-1
2021-10-22 15:22:29.824,16866,16867,16867,1,1
2021-10-22 15:22:30.591,16866,16867,16866,1,-1
2021-10-22 15:22:32.465,16865,16867,16865,1,-1
2021-10-22 15:22:35.265,16865,16867,16865,1,-1
2021-10-22 15:22:36.328,16865,16867,16867,1,1
2021-10-22 15:22:42.663,16865,16867,16867,2,2
2021-10-22 15:22:51.282,16866,16867,16866,1,-1
2021-10-22 15:22:53.807,16865,16867,16865,1,-1
2021-10-22 15:22:56.449,16866,16867,16866,1,-1
2021-10-22 15:23:02.814,16865,16867,16865,1,-1
2021-10-22 15:23:04.126,16865,16866,16866,1,1
2021-10-22 15:23:07.361,16865,16866,16865,6,-6
2021-10-22 15:23:07.497,16864,16865,16864,1,-1
2021-10-22 15:23:07.585,16864,16865,16865,1,1
2021-10-22 15:23:09.642,16864,16866,16864,1,-1
2021-10-22 15:23:11.086,16864,16866,16865,1,1
2021-10-22 15:23:21.209,16864,16866,16866,1,1
2021-10-22 15:23:22.688,16865,16866,16866,1,1
2021-10-22 15:23:27.179,16866,16867,16866,1,-1
2021-10-22 15:23:27.662,16866,16867,16867,4,4
2021-10-22 15:23:27.662,16866,16867,16867,8,8
2021-10-22 15:23:27.662,16866,16867,16867,3,3
2021-10-22 15:23:27.662,16866,16867,16867,5,5
2021-10-22 15:23:27.715,16866,16867,16868,10,10
2021-10-22 15:23:27.716,16866,16867,16869,1,1
2021-10-22 15:23:28.108,16868,16869,16869,4,4
2021-10-22 15:23:29.126,16869,16870,16870,1,1
2021-10-22 15:23:29.462,16869,16870,16869,1,-1
2021-10-22 15:23:30.374,16869,16870,16870,1,1
2021-10-22 15:23:34.040,16869,16870,16870,3,3
2021-10-22 15:23:34.040,16869,16870,16870,3,3
2021-10-22 15:23:44.036,16870,16871,16871,1,1
2021-10-22 15:23:44.037,16870,16871,16871,1,1
2021-10-22 15:23:44.183,16870,16871,16871,1,1
2021-10-22 15:23:44.183,16870,16871,16871,1,1
2021-10-22 15:23:45.203,16870,16871,16870,4,-4
2021-10-22 15:23:45.249,16870,16871,16871,7,7
2021-10-22 15:23:45.452,16871,16872,16871,3,-3
2021-10-22 15:23:46.347,16871,16872,16872,1,1
2021-10-22 15:23:46.460,16871,16872,16871,1,-1
2021-10-22 15:23:46.500,16871,16872,16871,1,-1
2021-10-22 15:23:46.758,16870,16872,16872,1,1
2021-10-22 15:23:46.763,16870,16872,16872,1,1
2021-10-22 15:23:46.776,16870,16872,16872,1,1
2021-10-22 15:23:48.665,16871,16872,16871,1,-1
2021-10-22 15:23:51.231,16871,16872,16872,13,13
2021-10-22 15:23:52.144,16872,16873,16873,3,3
2021-10-22 15:23:52.144,16872,16873,16873,1,1
2021-10-22 15:23:52.144,16872,16873,16873,6,6
2021-10-22 15:23:52.144,16872,16873,16873,1,1
2021-10-22 15:23:52.144,16872,16873,16873,1,1
2021-10-22 15:23:52.144,16872,16873,16873,1,1
2021-10-22 15:23:52.170,16872,16873,16873,1,1
2021-10-22 15:23:52.417,16873,16874,16874,1,1
2021-10-22 15:23:52.417,16873,16874,16874,1,1
2021-10-22 15:23:52.417,16873,16874,16874,1,1
2021-10-22 15:23:52.463,16873,16874,16874,1,1
2021-10-22 15:23:52.554,16873,16874,16874,2,2
2021-10-22 15:23:52.555,16873,16874,16874,1,1
2021-10-22 15:23:52.620,16873,16874,16874,2,2
2021-10-22 15:23:52.620,16873,16874,16874,1,1
2021-10-22 15:23:52.684,16873,16874,16874,2,2
2021-10-22 15:23:52.685,16873,16874,16874,1,1
2021-10-22 15:23:52.937,16873,16874,16874,5,5
2021-10-22 15:23:54.635,16874,16875,16875,16,16
2021-10-22 15:23:54.818,16875,16876,16876,1,1
2021-10-22 15:23:54.839,16875,16876,16876,1,1
2021-10-22 15:23:54.839,16875,16876,16876,6,6
2021-10-22 15:23:54.840,16875,16876,16876,2,2
2021-10-22 15:23:55.235,16876,16877,16877,2,2
2021-10-22 15:23:55.306,16876,16877,16877,6,6
2021-10-22 15:23:55.306,16876,16877,16878,6,6
2021-10-22 15:23:55.493,16877,16878,16878,2,2
2021-10-22 15:23:55.511,16877,16879,16877,1,-1
2021-10-22 15:23:55.530,16877,16879,16879,1,1
2021-10-22 15:23:55.724,16877,16879,16877,1,-1
2021-10-22 15:23:55.737,16877,16879,16878,4,4
2021-10-22 15:23:55.751,16877,16878,16877,1,-1
2021-10-22 15:23:56.205,16875,16877,16875,1,-1
2021-10-22 15:23:56.543,16875,16877,16877,1,1
2021-10-22 15:23:58.626,16875,16876,16875,1,-1
2021-10-22 15:23:58.753,16874,16876,16876,1,1
2021-10-22 15:23:58.753,16874,16876,16876,1,1
2021-10-22 15:23:58.753,16874,16876,16876,1,1
2021-10-22 15:23:59.391,16874,16876,16876,3,3
2021-10-22 15:23:59.391,16874,16876,16876,2,2
2021-10-22 15:24:00.432,16874,16876,16876,1,1
2021-10-22 15:24:00.432,16874,16876,16876,1,1
2021-10-22 15:24:00.722,16875,16876,16876,1,1
2021-10-22 15:24:01.618,16875,16877,16877,1,1
2021-10-22 15:24:01.618,16875,16877,16877,1,1
2021-10-22 15:24:02.156,16876,16878,16877,1,1
2021-10-22 15:24:02.491,16876,16878,16877,1,1
2021-10-22 15:24:02.962,16876,16877,16877,1,1
2021-10-22 15:24:02.963,16876,16877,16877,1,1
2021-10-22 15:24:03.373,16876,16877,16878,1,1
2021-10-22 15:24:03.798,16876,16878,16878,1,1
2021-10-22 15:24:04.132,16877,16878,16877,1,-1
2021-10-22 15:24:04.132,16877,16878,16878,1,1
2021-10-22 15:24:04.285,16877,16878,16877,1,-1
2021-10-22 15:24:04.285,16877,16878,16878,1,1
2021-10-22 15:24:04.702,16877,16879,16878,1,1
2021-10-22 15:24:06.030,16877,16878,16877,1,-1
2021-10-22 15:24:06.216,16876,16878,16878,2,2
2021-10-22 15:24:06.216,16876,16878,16878,1,1
2021-10-22 15:24:06.552,16876,16878,16876,1,-1
2021-10-22 15:24:07.566,16875,16877,16875,1,-1
2021-10-22 15:24:07.881,16875,16877,16877,1,1
2021-10-22 15:24:08.163,16875,16877,16877,1,1
2021-10-22 15:24:10.139,16875,16877,16876,1,1
2021-10-22 15:24:10.301,16875,16877,16877,1,1
2021-10-22 15:24:10.808,16876,16877,16877,1,1
2021-10-22 15:24:10.945,16875,16877,16877,1,1
2021-10-22 15:24:10.945,16875,16877,16877,1,1
2021-10-22 15:24:11.413,16876,16878,16877,1,1
2021-10-22 15:24:13.586,16875,16877,16877,2,2
2021-10-22 15:24:16.271,16877,16878,16877,1,-1
2021-10-22 15:24:16.545,16877,16878,16878,2,2
2021-10-22 15:24:16.976,16877,16878,16878,2,2
2021-10-22 15:24:17.529,16877,16878,16878,1,1
2021-10-22 15:24:17.529,16877,16878,16879,2,2
2021-10-22 15:24:17.690,16877,16879,16879,2,2
2021-10-22 15:24:17.690,16877,16879,16879,2,2
2021-10-22 15:24:19.395,16877,16878,16878,1,1
2021-10-22 15:24:19.589,16878,16879,16878,1,-1
2021-10-22 15:24:20.505,16877,16878,16878,3,3
2021-10-22 15:24:20.505,16877,16878,16878,1,1
2021-10-22 15:24:23.143,16878,16879,16878,1,-1
2021-10-22 15:24:23.143,16878,16879,16878,1,-1
2021-10-22 15:24:23.144,16878,16879,16878,2,-2
2021-10-22 15:24:25.382,16877,16878,16877,2,-2
2021-10-22 15:24:25.601,16875,16877,16877,1,1
2021-10-22 15:24:28.491,16876,16877,16877,1,1
2021-10-22 15:24:29.002,16875,16877,16877,2,2
2021-10-22 15:24:30.798,16875,16877,16875,1,-1
2021-10-22 15:24:31.113,16875,16877,16875,2,-2
2021-10-22 15:24:35.493,16875,16876,16876,1,1
2021-10-22 15:24:38.359,16875,16877,16877,1,1
2021-10-22 15:24:39.487,16876,16877,16877,2,2
2021-10-22 15:24:40.016,16876,16877,16877,1,1
2021-10-22 15:24:40.016,16876,16877,16877,1,1
2021-10-22 15:24:40.424,16877,16878,16877,1,-1
2021-10-22 15:24:40.625,16877,16878,16878,1,1
2021-10-22 15:24:40.625,16877,16878,16878,1,1
2021-10-22 15:24:42.592,16878,16879,16879,1,1
2021-10-22 15:24:44.917,16878,16879,16878,1,-1
2021-10-22 15:24:45.075,16878,16879,16879,2,2
2021-10-22 15:24:46.969,16878,16879,16879,1,1
2021-10-22 15:24:48.211,16878,16879,16879,4,4
2021-10-22 15:24:48.363,16878,16879,16879,2,2
2021-10-22 15:24:48.364,16878,16879,16879,2,2
2021-10-22 15:24:48.364,16878,16879,16879,1,1
2021-10-22 15:24:48.453,16878,16880,16878,1,-1
2021-10-22 15:24:48.708,16878,16879,16878,1,-1
2021-10-22 15:24:49.425,16878,16879,16878,1,-1
2021-10-22 15:24:49.434,16878,16879,16878,1,-1
2021-10-22 15:24:49.962,16878,16879,16878,1,-1
2021-10-22 15:24:50.089,16878,16879,16878,1,-1
2021-10-22 15:24:50.352,16878,16879,16878,1,-1
2021-10-22 15:24:51.588,16878,16879,16879,5,5
2021-10-22 15:24:51.588,16878,16879,16879,1,1
2021-10-22 15:24:51.988,16878,16879,16879,4,4
2021-10-22 15:24:52.000,16878,16879,16879,1,1
2021-10-22 15:24:52.164,16878,16879,16878,1,-1
2021-10-22 15:24:52.744,16877,16879,16877,1,-1
2021-10-22 15:24:53.754,16878,16879,16878,1,-1
2021-10-22 15:24:53.907,16877,16879,16877,1,-1
2021-10-22 15:24:54.845,16877,16879,16877,1,-1
2021-10-22 15:24:55.239,16877,16879,16877,1,-1
2021-10-22 15:24:55.439,16876,16879,16878,5,5
2021-10-22 15:24:55.443,16876,16879,16876,1,-1
2021-10-22 15:24:56.432,16876,16878,16876,1,-1
2021-10-22 15:24:57.094,16876,16877,16877,1,1
2021-10-22 15:24:57.369,16876,16878,16876,1,-1
2021-10-22 15:24:58.669,16876,16877,16876,2,-2
2021-10-22 15:24:58.848,16875,16877,16875,1,-1
2021-10-22 15:24:58.984,16875,16876,16875,1,-1
2021-10-22 15:25:00.080,16875,16876,16875,1,-1
2021-10-22 15:25:00.285,16874,16876,16876,1,1
2021-10-22 15:25:00.360,16874,16876,16876,1,1
2021-10-22 15:25:00.375,16874,16876,16876,1,1
2021-10-22 15:25:01.769,16875,16876,16875,1,-1
2021-10-22 15:25:02.370,16875,16876,16876,2,2
2021-10-22 15:25:02.396,16876,16877,16877,1,1
2021-10-22 15:25:03.441,16877,16878,16877,1,-1
2021-10-22 15:25:03.616,16876,16878,16876,1,-1
2021-10-22 15:25:03.624,16876,16878,16876,1,-1
2021-10-22 15:25:03.750,16876,16878,16876,1,-1
2021-10-22 15:25:04.957,16875,16876,16876,1,1
2021-10-22 15:25:05.121,16876,16877,16876,1,-1
2021-10-22 15:25:05.807,16875,16877,16877,1,1
2021-10-22 15:25:06.306,16876,16878,16876,2,-2
2021-10-22 15:25:06.375,16876,16878,16876,1,-1
2021-10-22 15:25:06.573,16875,16877,16875,1,-1
2021-10-22 15:25:07.089,16875,16876,16875,1,-1
2021-10-22 15:25:07.090,16875,16876,16875,3,-3
2021-10-22 15:25:07.178,16875,16876,16875,1,-1
2021-10-22 15:25:07.431,16874,16876,16874,1,-1
2021-10-22 15:25:08.463,16874,16876,16876,1,1
2021-10-22 15:25:08.505,16874,16876,16874,1,-1
2021-10-22 15:25:09.518,16873,16875,16875,3,3
2021-10-22 15:25:10.602,16873,16875,16875,1,1
2021-10-22 15:25:11.080,16874,16875,16875,1,1
2021-10-22 15:25:11.756,16875,16876,16875,1,-1
2021-10-22 15:25:11.834,16875,16876,16875,1,-1
2021-10-22 15:25:12.701,16875,16876,16875,1,-1
2021-10-22 15:25:13.515,16875,16876,16875,1,-1
2021-10-22 15:25:13.900,16874,16876,16874,1,-1
2021-10-22 15:25:14.847,16874,16876,16876,14,14
2021-10-22 15:25:14.868,16874,16876,16876,1,1
2021-10-22 15:25:15.025,16876,16877,16876,1,-1
2021-10-22 15:25:15.900,16876,16877,16876,1,-1
2021-10-22 15:25:16.263,16876,16877,16876,1,-1
2021-10-22 15:25:17.558,16876,16877,16876,1,-1
2021-10-22 15:25:17.803,16876,16877,16876,1,-1
2021-10-22 15:25:18.945,16876,16877,16876,1,-1
2021-10-22 15:25:19.055,16876,16877,16876,1,-1
2021-10-22 15:25:19.259,16876,16877,16876,1,-1
2021-10-22 15:25:19.904,16876,16877,16876,1,-1
2021-10-22 15:25:19.905,16876,16877,16876,19,-19
2021-10-22 15:25:21.109,16875,16876,16876,1,1
2021-10-22 15:25:21.619,16875,16876,16875,1,-1
2021-10-22 15:25:21.828,16875,16876,16876,1,1
2021-10-22 15:25:21.855,16875,16876,16876,1,1
2021-10-22 15:25:26.163,16875,16876,16876,1,1
2021-10-22 15:25:28.029,16875,16876,16875,1,-1
2021-10-22 15:25:29.396,16875,16876,16875,1,-1
2021-10-22 15:25:30.042,16875,16876,16875,1,-1
2021-10-22 15:25:30.744,16875,16876,16875,2,-2
2021-10-22 15:25:32.763,16874,16875,16874,1,-1
2021-10-22 15:25:33.410,16874,16875,16874,1,-1
2021-10-22 15:25:33.410,16874,16875,16874,5,-5
2021-10-22 15:25:33.410,16874,16875,16874,6,-6
2021-10-22 15:25:35.223,16873,16874,16873,2,-2
2021-10-22 15:25:36.669,16872,16873,16872,1,-1
2021-10-22 15:25:36.669,16872,16873,16872,3,-3
2021-10-22 15:25:39.909,16871,16872,16871,1,-1
2021-10-22 15:25:40.934,16871,16872,16871,1,-1
2021-10-22 15:25:42.065,16871,16872,16871,1,-1
2021-10-22 15:25:43.763,16871,16872,16871,1,-1
2021-10-22 15:25:44.594,16871,16872,16871,1,-1
2021-10-22 15:25:45.053,16871,16872,16872,1,1
2021-10-22 15:25:45.278,16871,16872,16871,1,-1
2021-10-22 15:25:48.071,16871,16872,16872,1,1
2021-10-22 15:25:48.893,16871,16872,16871,1,-1
2021-10-22 15:25:49.932,16871,16872,16871,1,-1
2021-10-22 15:25:51.269,16871,16872,16871,1,-1
2021-10-22 15:25:52.316,16871,16872,16872,1,1
2021-10-22 15:25:53.024,16871,16872,16871,2,-2
2021-10-22 15:25:53.627,16871,16872,16871,2,-2
2021-10-22 15:25:54.384,16871,16872,16871,1,-1
2021-10-22 15:25:55.756,16871,16872,16871,3,-3
2021-10-22 15:25:55.974,16871,16872,16871,3,-3
2021-10-22 15:25:55.974,16871,16872,16871,1,-1
2021-10-22 15:25:55.974,16871,16872,16871,3,-3
2021-10-22 15:25:57.894,16870,16871,16871,3,3
2021-10-22 15:26:06.786,16870,16871,16871,2,2
2021-10-22 15:26:06.827,16870,16871,16872,1,1
2021-10-22 15:26:06.855,16870,16871,16871,1,1
2021-10-22 15:26:06.973,16871,16872,16872,2,2
2021-10-22 15:26:07.415,16871,16872,16872,2,2
2021-10-22 15:26:07.828,16871,16872,16871,1,-1
2021-10-22 15:26:08.053,16871,16872,16871,2,-2
2021-10-22 15:26:08.616,16871,16872,16872,2,2
2021-10-22 15:26:10.115,16871,16872,16871,1,-1
2021-10-22 15:26:14.793,16871,16872,16871,1,-1
2021-10-22 15:26:15.306,16871,16872,16872,1,1
2021-10-22 15:26:18.697,16871,16872,16872,3,3
2021-10-22 15:26:19.117,16872,16873,16872,1,-1
2021-10-22 15:26:22.120,16872,16873,16873,2,2
2021-10-22 15:26:22.120,16872,16873,16873,3,3
2021-10-22 15:26:22.223,16873,16874,16874,1,1
2021-10-22 15:26:22.492,16874,16875,16875,1,1
2021-10-22 15:26:22.604,16874,16875,16875,3,3
2021-10-22 15:26:22.703,16874,16875,16875,5,5
2021-10-22 15:26:23.309,16874,16875,16875,3,3
2021-10-22 15:26:23.317,16874,16875,16874,1,-1
2021-10-22 15:26:23.800,16874,16875,16874,1,-1
2021-10-22 15:26:24.347,16874,16875,16874,1,-1
2021-10-22 15:26:27.353,16874,16875,16874,3,-3
2021-10-22 15:26:27.698,16873,16874,16874,2,2
2021-10-22 15:26:28.332,16873,16874,16874,1,1
2021-10-22 15:26:30.427,16873,16874,16874,2,2
2021-10-22 15:26:32.779,16873,16874,16873,2,-2
2021-10-22 15:26:33.046,16872,16873,16872,2,-2
2021-10-22 15:26:35.419,16871,16872,16871,4,-4
2021-10-22 15:26:39.308,16870,16872,16871,1,1
2021-10-22 15:26:40.453,16872,16873,16872,1,-1
2021-10-22 15:26:40.990,16871,16873,16871,2,-2
2021-10-22 15:26:42.877,16870,16872,16872,1,1
2021-10-22 15:26:44.274,16871,16872,16872,1,1
2021-10-22 15:26:45.235,16872,16874,16872,1,-1
2021-10-22 15:26:50.825,16873,16874,16874,1,1
2021-10-22 15:26:51.345,16874,16875,16875,5,5
2021-10-22 15:26:52.195,16874,16875,16874,1,-1
2021-10-22 15:26:52.960,16874,16875,16874,1,-1
2021-10-22 15:26:53.094,16874,16875,16875,1,1
2021-10-22 15:26:54.152,16875,16876,16875,1,-1
2021-10-22 15:27:00.092,16874,16876,16875,1,1
2021-10-22 15:27:00.839,16875,16876,16876,2,2
2021-10-22 15:27:00.839,16875,16876,16876,4,4
2021-10-22 15:27:06.034,16876,16877,16877,7,7
2021-10-22 15:27:07.938,16877,16878,16877,1,-1
2021-10-22 15:27:08.041,16877,16878,16877,1,-1
2021-10-22 15:27:09.782,16877,16878,16877,1,-1
2021-10-22 15:27:11.435,16877,16878,16877,1,-1
2021-10-22 15:27:12.337,16876,16877,16877,1,1
2021-10-22 15:27:12.337,16876,16877,16878,9,9
2021-10-22 15:27:14.791,16876,16878,16876,1,-1
2021-10-22 15:27:15.248,16876,16877,16877,1,1
2021-10-22 15:27:15.248,16876,16877,16878,9,9
2021-10-22 15:27:16.588,16876,16878,16878,1,1
2021-10-22 15:27:17.322,16876,16878,16878,1,1
2021-10-22 15:27:17.332,16876,16878,16878,1,1
2021-10-22 15:27:17.943,16877,16878,16878,3,3
2021-10-22 15:27:18.132,16878,16879,16878,7,-7
2021-10-22 15:27:18.765,16876,16877,16877,2,2
2021-10-22 15:27:18.897,16876,16877,16876,1,-1
2021-10-22 15:27:19.020,16876,16877,16876,2,-2
2021-10-22 15:27:21.055,16875,16877,16877,1,1
2021-10-22 15:27:21.055,16875,16877,16878,8,8
2021-10-22 15:27:21.056,16875,16877,16878,1,1
2021-10-22 15:27:21.113,16875,16877,16878,1,1
2021-10-22 15:27:21.259,16876,16878,16878,1,1
2021-10-22 15:27:24.511,16875,16877,16875,1,-1
2021-10-22 15:27:26.459,16875,16878,16878,10,10
2021-10-22 15:27:27.948,16875,16877,16877,1,1
2021-10-22 15:27:29.566,16875,16877,16876,3,3
2021-10-22 15:27:29.566,16875,16877,16877,7,7
2021-10-22 15:27:29.626,16875,16877,16877,3,3
2021-10-22 15:27:29.838,16875,16877,16877,1,1
2021-10-22 15:27:32.176,16876,16877,16877,2,2
2021-10-22 15:27:32.176,16876,16877,16878,6,6
2021-10-22 15:27:32.176,16876,16877,16879,2,2
2021-10-22 15:27:34.565,16877,16879,16879,7,7
2021-10-22 15:27:34.566,16877,16879,16879,3,3
2021-10-22 15:27:37.240,16876,16878,16878,6,6
2021-10-22 15:27:37.240,16876,16878,16879,9,9
2021-10-22 15:27:37.240,16876,16878,16880,15,15
2021-10-22 15:27:37.300,16877,16879,16879,1,1
2021-10-22 15:27:37.387,16877,16879,16879,2,2
2021-10-22 15:27:38.692,16878,16879,16879,6,6
2021-10-22 15:27:38.692,16878,16879,16879,4,4
2021-10-22 15:27:38.751,16878,16879,16878,1,-1
2021-10-22 15:27:40.801,16876,16878,16878,1,1
2021-10-22 15:27:42.891,16876,16878,16878,6,6
2021-10-22 15:27:42.891,16876,16878,16879,4,4
2021-10-22 15:27:43.784,16877,16879,16877,2,-2
2021-10-22 15:27:46.386,16877,16879,16879,5,5
2021-10-22 15:27:46.386,16877,16879,16879,5,5
2021-10-22 15:27:48.501,16877,16878,16877,1,-1
2021-10-22 15:27:49.260,16876,16878,16878,4,4
2021-10-22 15:27:49.260,16876,16878,16879,12,12
2021-10-22 15:27:49.260,16876,16878,16880,4,4
2021-10-22 15:27:55.876,16877,16878,16877,1,-1
2021-10-22 15:27:56.597,16876,16878,16876,1,-1
2021-10-22 15:28:01.200,16877,16878,16878,1,1
2021-10-22 15:28:01.503,16877,16878,16878,2,2
2021-10-22 15:28:01.503,16877,16878,16879,2,2
2021-10-22 15:28:01.504,16877,16878,16879,3,3
2021-10-22 15:28:06.126,16878,16879,16878,1,-1
2021-10-22 15:28:09.341,16877,16879,16879,5,5
2021-10-22 15:28:09.341,16877,16879,16879,5,5
2021-10-22 15:28:11.876,16878,16879,16878,3,-3
2021-10-22 15:28:12.613,16878,16880,16878,1,-1
2021-10-22 15:28:14.885,16879,16880,16879,1,-1
2021-10-22 15:28:19.056,16878,16880,16880,10,10
2021-10-22 15:28:19.126,16879,16880,16880,2,2
2021-10-22 15:28:21.556,16879,16880,16880,6,6
2021-10-22 15:28:21.947,16880,16881,16880,1,-1
2021-10-22 15:28:24.324,16880,16881,16880,1,-1
2021-10-22 15:28:24.352,16880,16881,16880,1,-1
2021-10-22 15:28:24.500,16880,16881,16880,1,-1
2021-10-22 15:28:25.197,16879,16881,16881,1,1
2021-10-22 15:28:28.264,16879,16880,16879,2,-2
2021-10-22 15:28:28.843,16878,16880,16878,3,-3
2021-10-22 15:28:30.263,16877,16879,16879,3,3
2021-10-22 15:28:30.263,16877,16879,16880,7,7
2021-10-22 15:28:33.263,16878,16879,16879,1,1
2021-10-22 15:28:33.263,16878,16879,16880,8,8
2021-10-22 15:28:33.264,16878,16879,16880,1,1
2021-10-22 15:28:33.795,16878,16880,16878,1,-1
2021-10-22 15:28:35.090,16878,16879,16879,1,1
2021-10-22 15:28:35.090,16878,16879,16880,4,4
2021-10-22 15:28:36.751,16879,16880,16879,1,-1
2021-10-22 15:28:37.382,16878,16880,16880,1,1
2021-10-22 15:28:42.875,16878,16880,16880,6,6
2021-10-22 15:28:42.876,16878,16880,16880,2,2
2021-10-22 15:28:42.876,16878,16880,16880,2,2
2021-10-22 15:28:43.872,16879,16880,16879,2,-2
2021-10-22 15:28:46.637,16878,16879,16879,1,1
2021-10-22 15:28:46.637,16878,16879,16879,2,2
2021-10-22 15:28:55.148,16879,16880,16879,1,-1
2021-10-22 15:28:55.307,16879,16880,16880,1,1
2021-10-22 15:28:56.987,16879,16880,16880,5,5
2021-10-22 15:28:57.001,16880,16881,16880,5,-5
2021-10-22 15:28:59.615,16879,16881,16881,1,1
2021-10-22 15:29:01.645,16880,16881,16881,2,2
2021-10-22 15:29:01.968,16880,16881,16881,2,2
2021-10-22 15:29:04.938,16880,16881,16880,1,-1
2021-10-22 15:29:06.866,16879,16880,16880,1,1
2021-10-22 15:29:10.131,16880,16881,16881,1,1
2021-10-22 15:29:12.088,16880,16881,16881,1,1
2021-10-22 15:29:16.477,16880,16881,16880,1,-1
2021-10-22 15:29:16.771,16880,16881,16880,1,-1
2021-10-22 15:29:18.280,16880,16881,16881,1,1
2021-10-22 15:29:18.280,16880,16881,16881,1,1
2021-10-22 15:29:18.280,16880,16881,16881,3,3
2021-10-22 15:29:18.280,16880,16881,16881,5,5
2021-10-22 15:29:25.095,16881,16882,16881,1,-1
2021-10-22 15:29:30.585,16881,16882,16881,1,-1
2021-10-22 15:29:30.585,16881,16882,16881,1,-1
2021-10-22 15:29:32.448,16880,16881,16881,1,1
2021-10-22 15:29:34.595,16880,16881,16881,3,3
2021-10-22 15:29:34.672,16881,16882,16882,1,1
2021-10-22 15:29:34.756,16881,16882,16881,3,-3
2021-10-22 15:29:35.027,16881,16882,16881,1,-1
2021-10-22 15:29:35.103,16881,16882,16881,1,-1
2021-10-22 15:29:35.173,16881,16882,16881,1,-1
2021-10-22 15:29:35.173,16881,16882,16881,1,-1
2021-10-22 15:29:40.377,16880,16881,16880,5,-5
2021-10-22 15:29:41.751,16879,16880,16879,2,-2
2021-10-22 15:29:46.021,16878,16879,16879,1,1
2021-10-22 15:29:51.062,16878,16879,16879,1,1
2021-10-22 15:29:51.879,16878,16879,16879,1,1
2021-10-22 15:29:55.015,16878,16879,16878,1,-1
2021-10-22 15:29:55.262,16878,16879,16878,1,-1
2021-10-22 15:29:58.671,16878,16879,16878,1,-1
2021-10-22 15:30:00.108,16878,16879,16879,1,1
2021-10-22 15:30:00.108,16878,16879,16879,2,2
2021-10-22 15:30:00.143,16878,16879,16879,1,1
2021-10-22 15:30:00.143,16878,16879,16879,1,1
2021-10-22 15:30:00.143,16878,16879,16879,1,1
2021-10-22 15:30:00.143,16878,16879,16879,3,3
2021-10-22 15:30:00.322,16879,16880,16880,1,1
2021-10-22 15:30:00.359,16879,16880,16881,4,4
2021-10-22 15:30:00.533,16879,16882,16882,4,4
2021-10-22 15:30:01.064,16880,16882,16882,1,1
2021-10-22 15:30:01.132,16880,16882,16882,1,1
2021-10-22 15:30:01.469,16881,16882,16882,1,1
2021-10-22 15:30:01.536,16881,16882,16882,1,1
2021-10-22 15:30:01.672,16881,16882,16882,1,1
2021-10-22 15:30:01.739,16881,16882,16882,1,1
2021-10-22 15:30:01.801,16881,16882,16882,3,3
2021-10-22 15:30:01.844,16881,16882,16882,1,1
2021-10-22 15:30:01.844,16881,16882,16882,2,2
2021-10-22 15:30:01.845,16881,16882,16882,11,11
2021-10-22 15:30:01.924,16882,16883,16883,1,1
2021-10-22 15:30:01.927,16882,16883,16883,1,1
2021-10-22 15:30:01.935,16882,16883,16883,1,1
2021-10-22 15:30:01.943,16882,16883,16883,1,1
2021-10-22 15:30:01.944,16882,16883,16883,1,1
2021-10-22 15:30:01.946,16882,16883,16883,1,1
2021-10-22 15:30:01.948,16882,16883,16883,2,2
2021-10-22 15:30:01.952,16882,16883,16883,1,1
2021-10-22 15:30:02.026,16882,16883,16883,1,1
2021-10-22 15:30:02.084,16882,16883,16883,1,1
2021-10-22 15:30:02.144,16882,16883,16883,1,1
2021-10-22 15:30:02.242,16882,16883,16883,1,1
2021-10-22 15:30:02.277,16882,16883,16882,2,-2
2021-10-22 15:30:02.277,16882,16883,16882,1,-1
2021-10-22 15:30:02.784,16882,16883,16882,1,-1
2021-10-22 15:30:02.912,16881,16882,16882,1,1
2021-10-22 15:30:05.419,16881,16882,16881,1,-1
2021-10-22 15:30:06.806,16880,16881,16881,1,1
2021-10-22 15:30:07.568,16880,16882,16882,1,1
2021-10-22 15:30:08.141,16880,16881,16881,1,1
2021-10-22 15:30:08.167,16880,16881,16882,1,1
2021-10-22 15:30:08.584,16880,16882,16882,1,1
2021-10-22 15:30:10.194,16881,16883,16881,6,-6
2021-10-22 15:30:11.744,16881,16882,16881,1,-1
2021-10-22 15:30:12.786,16880,16882,16880,1,-1
2021-10-22 15:30:17.669,16879,16882,16880,1,-1
2021-10-22 15:30:17.748,16879,16882,16882,1,1
2021-10-22 15:30:18.843,16880,16882,16882,1,1
2021-10-22 15:30:19.225,16881,16882,16882,4,4
2021-10-22 15:30:20.829,16882,16883,16883,1,1
2021-10-22 15:30:20.851,16882,16883,16882,1,-1
2021-10-22 15:30:21.173,16882,16883,16882,1,-1
2021-10-22 15:30:21.189,16882,16883,16882,1,-1
2021-10-22 15:30:26.299,16881,16883,16883,1,1
2021-10-22 15:30:26.627,16882,16884,16884,1,1
2021-10-22 15:30:26.785,16882,16884,16884,10,10
2021-10-22 15:30:26.785,16882,16884,16885,2,2
2021-10-22 15:30:26.834,16882,16884,16885,1,1
2021-10-22 15:30:27.487,16883,16885,16883,1,-1
2021-10-22 15:30:27.832,16883,16884,16883,1,-1
2021-10-22 15:30:28.175,16883,16884,16883,1,-1
2021-10-22 15:30:28.627,16883,16884,16883,1,-1
2021-10-22 15:30:34.230,16883,16884,16883,1,-1
2021-10-22 15:30:34.230,16883,16884,16883,1,-1
2021-10-22 15:30:35.093,16882,16884,16884,1,1
2021-10-22 15:30:35.952,16883,16885,16885,1,1
2021-10-22 15:30:38.713,16884,16885,16885,3,3
2021-10-22 15:30:40.491,16883,16885,16884,1,1
2021-10-22 15:30:41.447,16883,16884,16884,3,3
2021-10-22 15:30:42.744,16883,16884,16883,7,-7
2021-10-22 15:30:42.861,16882,16883,16882,1,-1
2021-10-22 15:30:42.861,16882,16883,16881,1,-1
2021-10-22 15:30:44.118,16881,16883,16883,10,10
2021-10-22 15:30:45.941,16882,16883,16882,1,-1
2021-10-22 15:30:46.289,16882,16883,16883,1,1
2021-10-22 15:30:48.026,16883,16884,16883,1,-1
2021-10-22 15:30:48.065,16883,16884,16883,2,-2
2021-10-22 15:30:48.700,16882,16883,16882,11,-11
2021-10-22 15:30:51.234,16881,16883,16883,1,1
2021-10-22 15:30:51.366,16881,16883,16883,1,1
2021-10-22 15:30:51.392,16881,16883,16881,1,-1
2021-10-22 15:30:52.053,16882,16883,16882,1,-1
2021-10-22 15:30:54.965,16881,16882,16881,1,-1
2021-10-22 15:30:54.984,16881,16882,16881,2,-2
2021-10-22 15:30:56.502,16880,16882,16882,5,5
2021-10-22 15:30:59.065,16880,16882,16880,1,-1
2021-10-22 15:31:00.678,16881,16882,16882,1,1
2021-10-22 15:31:02.042,16881,16882,16882,1,1
2021-10-22 15:31:07.093,16881,16883,16883,1,1
2021-10-22 15:31:11.571,16881,16882,16882,1,1
2021-10-22 15:31:13.905,16881,16882,16882,1,1
2021-10-22 15:31:16.312,16881,16883,16881,2,-2
2021-10-22 15:31:17.762,16881,16882,16881,9,-9
2021-10-22 15:31:17.762,16881,16882,16881,2,-2
2021-10-22 15:31:22.708,16880,16881,16880,1,-1
2021-10-22 15:31:37.612,16880,16881,16881,1,1
2021-10-22 15:31:37.612,16880,16881,16881,1,1
2021-10-22 15:31:37.612,16880,16881,16881,3,3
2021-10-22 15:31:45.783,16880,16881,16881,1,1
2021-10-22 15:31:59.689,16880,16881,16881,1,1
2021-10-22 15:32:00.240,16880,16881,16880,5,-5
2021-10-22 15:32:00.240,16880,16881,16880,11,-11
2021-10-22 15:32:00.282,16879,16880,16879,1,-1
2021-10-22 15:32:00.283,16879,16880,16879,6,-6
2021-10-22 15:32:00.283,16879,16880,16879,3,-3
2021-10-22 15:32:00.283,16879,16880,16879,8,-8
2021-10-22 15:32:00.283,16879,16880,16879,1,-1
2021-10-22 15:32:00.283,16879,16880,16879,1,-1
2021-10-22 15:32:00.283,16879,16880,16879,1,-1
2021-10-22 15:32:18.126,16878,16879,16878,1,-1
2021-10-22 15:32:26.886,16878,16879,16879,5,5
2021-10-22 15:32:27.193,16879,16880,16880,1,1
2021-10-22 15:32:27.361,16879,16880,16879,1,-1
2021-10-22 15:32:30.088,16879,16880,16879,1,-1
2021-10-22 15:32:35.915,16878,16880,16880,1,1
2021-10-22 15:32:38.187,16878,16880,16880,8,8
2021-10-22 15:33:23.876,16879,16880,16879,2,-2
2021-10-22 15:33:28.612,16878,16879,16878,1,-1
2021-10-22 15:33:28.612,16878,16879,16878,1,-1
2021-10-22 15:33:28.612,16878,16879,16878,2,-2
2021-10-22 15:33:31.029,16877,16879,16877,35,-35
2021-10-22 15:33:32.854,16876,16877,16877,1,1
2021-10-22 15:33:34.883,16876,16877,16876,2,-2
2021-10-22 15:33:34.899,16876,16877,16877,2,2
2021-10-22 15:33:35.139,16876,16877,16876,1,-1
2021-10-22 15:33:36.088,16876,16877,16876,1,-1
2021-10-22 15:33:38.087,16875,16876,16875,1,-1
2021-10-22 15:33:40.887,16875,16876,16875,1,-1
2021-10-22 15:33:41.349,16875,16876,16875,1,-1
2021-10-22 15:33:41.765,16875,16876,16875,1,-1
2021-10-22 15:33:43.016,16875,16876,16876,1,1
2021-10-22 15:33:43.016,16875,16876,16876,1,1
2021-10-22 15:33:45.503,16876,16877,16876,1,-1
2021-10-22 15:33:48.104,16875,16876,16875,3,-3
2021-10-22 15:33:50.912,16875,16876,16876,2,2
2021-10-22 15:34:03.966,16875,16876,16875,1,-1
2021-10-22 15:34:03.966,16875,16876,16875,3,-3
2021-10-22 15:34:03.967,16875,16876,16875,1,-1
2021-10-22 15:34:05.339,16874,16875,16874,1,-1
2021-10-22 15:34:05.426,16874,16875,16874,1,-1
2021-10-22 15:34:07.054,16873,16875,16875,1,1
2021-10-22 15:34:20.506,16875,16876,16875,1,-1
2021-10-22 15:34:20.830,16875,16876,16875,2,-2
2021-10-22 15:34:22.544,16874,16876,16876,1,1
2021-10-22 15:34:23.593,16874,16876,16875,1,1
2021-10-22 15:34:24.712,16874,16875,16875,1,1
2021-10-22 15:34:29.420,16875,16876,16876,4,4
2021-10-22 15:34:32.537,16875,16877,16877,5,5
2021-10-22 15:34:32.830,16876,16877,16877,1,1
2021-10-22 15:34:32.892,16876,16877,16877,1,1
2021-10-22 15:34:37.500,16876,16877,16877,3,3
2021-10-22 15:34:41.435,16877,16878,16877,1,-1
2021-10-22 15:34:44.138,16877,16879,16877,4,-4
2021-10-22 15:34:49.580,16878,16879,16878,1,-1
2021-10-22 15:34:49.925,16878,16879,16878,1,-1
2021-10-22 15:34:55.230,16877,16878,16878,1,1
2021-10-22 15:34:56.441,16877,16878,16878,1,1
2021-10-22 15:34:58.976,16877,16878,16877,1,-1
2021-10-22 15:35:07.360,16877,16878,16878,1,1
2021-10-22 15:35:10.602,16877,16879,16877,1,-1
2021-10-22 15:35:22.343,16877,16878,16878,2,2
2021-10-22 15:35:23.104,16878,16879,16878,1,-1
2021-10-22 15:35:24.664,16877,16879,16878,1,1
2021-10-22 15:35:24.709,16877,16879,16879,1,1
2021-10-22 15:35:25.398,16878,16879,16879,1,1
2021-10-22 15:35:27.581,16878,16879,16879,3,3
2021-10-22 15:35:28.465,16878,16879,16879,1,1
2021-10-22 15:35:31.203,16878,16879,16879,1,1
2021-10-22 15:35:38.928,16878,16879,16878,2,-2
2021-10-22 15:35:38.929,16878,16879,16879,1,1
2021-10-22 15:35:40.904,16877,16878,16878,2,2
2021-10-22 15:35:42.259,16877,16878,16877,4,-4
2021-10-22 15:35:43.334,16875,16877,16875,1,-1
2021-10-22 15:35:43.399,16875,16877,16875,1,-1
2021-10-22 15:35:46.212,16875,16876,16875,1,-1
2021-10-22 15:35:47.655,16875,16876,16876,1,1
2021-10-22 15:36:01.569,16875,16876,16875,2,-2
2021-10-22 15:36:01.570,16875,16876,16875,2,-2
2021-10-22 15:36:07.927,16874,16876,16874,1,-1
2021-10-22 15:36:20.172,16875,16876,16876,2,2
2021-10-22 15:36:20.354,16875,16878,16878,1,1
2021-10-22 15:36:21.249,16875,16877,16875,1,-1
2021-10-22 15:36:40.737,16874,16876,16874,5,-5
2021-10-22 15:36:42.268,16874,16876,16874,1,-1
2021-10-22 15:36:46.116,16874,16875,16875,1,1
2021-10-22 15:36:51.102,16874,16875,16875,1,1
2021-10-22 15:36:55.486,16875,16876,16876,2,2
2021-10-22 15:36:56.733,16876,16878,16876,3,-3
2021-10-22 15:36:57.294,16876,16878,16876,1,-1
2021-10-22 15:36:57.294,16876,16878,16876,1,-1
2021-10-22 15:37:11.070,16876,16878,16876,1,-1
2021-10-22 15:37:27.198,16878,16879,16879,5,5
2021-10-22 15:37:27.486,16878,16879,16879,1,1
2021-10-22 15:37:28.532,16878,16879,16879,1,1
2021-10-22 15:37:29.628,16878,16879,16878,1,-1
2021-10-22 15:37:29.628,16878,16879,16879,10,10
2021-10-22 15:37:32.352,16878,16880,16880,1,1
2021-10-22 15:37:34.826,16877,16879,16879,1,1
2021-10-22 15:38:06.861,16878,16879,16878,2,-2
2021-10-22 15:38:06.862,16878,16879,16878,3,-3
2021-10-22 15:38:07.094,16877,16878,16878,1,1
2021-10-22 15:38:14.114,16877,16878,16877,1,-1
2021-10-22 15:38:14.115,16877,16878,16877,1,-1
2021-10-22 15:38:14.115,16877,16878,16877,1,-1
2021-10-22 15:38:14.208,16876,16878,16877,1,1
2021-10-22 15:38:14.511,16876,16877,16877,1,1
2021-10-22 15:38:17.519,16876,16877,16876,2,-2
2021-10-22 15:38:40.041,16878,16879,16878,1,-1
2021-10-22 15:38:40.343,16878,16879,16879,4,4
2021-10-22 15:38:53.740,16878,16880,16880,1,1
2021-10-22 15:39:03.338,16878,16879,16878,1,-1
2021-10-22 15:39:06.919,16878,16879,16878,1,-1
2021-10-22 15:39:06.919,16878,16879,16877,1,-1
2021-10-22 15:39:10.558,16878,16879,16878,1,-1
2021-10-22 15:39:14.595,16878,16879,16879,3,3
2021-10-22 15:39:28.501,16878,16879,16879,1,1
2021-10-22 15:39:29.084,16878,16880,16880,4,4
2021-10-22 15:39:30.137,16879,16880,16879,1,-1
2021-10-22 15:39:36.876,16878,16880,16879,1,1
2021-10-22 15:39:37.247,16878,16880,16880,2,2
2021-10-22 15:39:49.612,16878,16880,16880,10,10
2021-10-22 15:40:01.385,16879,16880,16880,2,2
2021-10-22 15:40:01.762,16880,16881,16881,1,1
2021-10-22 15:40:01.862,16880,16881,16881,1,1
2021-10-22 15:40:01.862,16880,16881,16881,3,3
2021-10-22 15:40:01.911,16880,16882,16882,1,1
2021-10-22 15:40:01.949,16880,16882,16882,1,1
2021-10-22 15:40:02.027,16880,16882,16882,1,1
2021-10-22 15:40:03.002,16880,16882,16882,1,1
2021-10-22 15:40:07.979,16880,16882,16882,1,1
2021-10-22 15:40:13.497,16880,16882,16882,1,1
2021-10-22 15:40:20.911,16880,16881,16881,1,1
2021-10-22 15:40:22.710,16880,16882,16882,1,1
2021-10-22 15:40:28.659,16880,16881,16881,1,1
2021-10-22 15:40:28.704,16880,16881,16881,1,1
2021-10-22 15:40:28.704,16880,16881,16882,1,1
2021-10-22 15:40:29.140,16880,16881,16880,4,-4
2021-10-22 15:40:38.056,16879,16881,16879,5,-5
2021-10-22 15:40:39.662,16878,16879,16879,2,2
2021-10-22 15:40:44.743,16878,16879,16878,1,-1
2021-10-22 15:40:46.315,16877,16878,16877,1,-1
2021-10-22 15:40:46.315,16877,16878,16876,1,-1
2021-10-22 15:40:46.869,16876,16878,16876,1,-1
2021-10-22 15:40:48.147,16876,16878,16878,2,2
2021-10-22 15:40:48.541,16876,16879,16879,1,1
2021-10-22 15:41:58.370,16877,16878,16877,6,-6
2021-10-22 15:42:01.251,16876,16877,16876,1,-1
2021-10-22 15:42:04.841,16876,16877,16877,1,1
2021-10-22 15:42:08.099,16876,16878,16878,3,3
2021-10-22 15:42:26.608,16878,16879,16878,1,-1
2021-10-22 15:42:47.219,16876,16877,16877,1,1
2021-10-22 15:42:53.506,16876,16878,16876,5,-5
2021-10-22 15:43:00.697,16877,16878,16877,1,-1
2021-10-22 15:43:12.574,16876,16877,16876,1,-1
2021-10-22 15:43:22.905,16875,16876,16875,1,-1
2021-10-22 15:43:28.063,16875,16876,16875,1,-1
2021-10-22 15:43:29.464,16875,16876,16875,1,-1
2021-10-22 15:43:31.666,16875,16876,16875,2,-2
2021-10-22 15:43:35.062,16875,16876,16875,1,-1
2021-10-22 15:43:35.092,16875,16876,16874,1,-1
2021-10-22 15:43:40.502,16874,16875,16874,1,-1
2021-10-22 15:43:40.840,16874,16875,16875,1,1
2021-10-22 15:43:42.017,16874,16875,16874,3,-3
2021-10-22 15:43:42.017,16874,16875,16873,2,-2
2021-10-22 15:43:42.251,16873,16875,16873,1,-1
2021-10-22 15:43:42.840,16874,16875,16875,1,1
2021-10-22 15:43:42.840,16874,16875,16876,10,10
2021-10-22 15:43:42.841,16874,16875,16876,9,9
2021-10-22 15:43:48.207,16874,16875,16875,1,1
2021-10-22 15:43:48.207,16874,16875,16876,7,7
2021-10-22 15:43:48.208,16874,16875,16876,11,11
2021-10-22 15:43:48.363,16874,16876,16876,2,2
2021-10-22 15:43:59.230,16874,16875,16874,1,-1
2021-10-22 15:44:00.508,16874,16875,16874,1,-1
2021-10-22 15:44:03.399,16874,16875,16874,1,-1
2021-10-22 15:44:06.854,16874,16875,16874,1,-1
2021-10-22 15:44:07.306,16874,16875,16874,1,-1
2021-10-22 15:44:09.706,16874,16875,16874,3,-3
2021-10-22 15:44:14.526,16874,16875,16875,3,3
2021-10-22 15:44:14.526,16874,16875,16875,1,1
2021-10-22 15:44:23.357,16875,16877,16875,1,-1
2021-10-22 15:44:24.011,16875,16877,16875,1,-1
2021-10-22 15:45:01.207,16875,16876,16875,1,-1
2021-10-22 15:45:01.906,16874,16875,16875,1,1
2021-10-22 15:45:01.969,16874,16875,16874,4,-4
2021-10-22 15:45:02.108,16874,16876,16876,1,1
2021-10-22 15:45:03.151,16874,16876,16876,1,1
2021-10-22 15:45:03.603,16875,16876,16876,1,1
2021-10-22 15:45:03.650,16875,16876,16876,1,1
2021-10-22 15:45:04.172,16875,16876,16876,1,1
2021-10-22 15:45:05.016,16875,16876,16876,2,2
2021-10-22 15:45:29.519,16874,16875,16874,2,-2
2021-10-22 15:45:33.360,16873,16874,16874,1,1
2021-10-22 15:45:33.378,16873,16874,16874,1,1
2021-10-22 15:45:33.378,16873,16874,16874,1,1
2021-10-22 15:45:33.378,16873,16874,16874,1,1
2021-10-22 15:45:33.378,16873,16874,16874,1,1
2021-10-22 15:45:33.378,16873,16874,16875,1,1
2021-10-22 15:45:33.378,16873,16874,16875,1,1
2021-10-22 15:45:33.378,16873,16874,16875,1,1
2021-10-22 15:45:33.379,16873,16874,16875,1,1
2021-10-22 15:45:33.379,16873,16874,16875,1,1
2021-10-22 15:45:33.379,16873,16874,16875,1,1
2021-10-22 15:45:33.379,16873,16874,16875,1,1
2021-10-22 15:45:33.379,16873,16874,16875,1,1
2021-10-22 15:45:33.379,16873,16874,16876,1,1
2021-10-22 15:45:34.836,16873,16875,16873,2,-2
2021-10-22 15:45:38.544,16874,16875,16874,1,-1
2021-10-22 15:45:38.863,16874,16875,16875,1,1
2021-10-22 15:45:44.911,16874,16875,16875,1,1
2021-10-22 15:45:45.003,16875,16876,16876,1,1
2021-10-22 15:45:45.003,16875,16876,16876,1,1
2021-10-22 15:45:45.004,16875,16876,16876,1,1
2021-10-22 15:45:49.469,16875,16876,16876,2,2
2021-10-22 15:46:00.502,16875,16876,16875,1,-1
2021-10-22 15:46:00.628,16874,16876,16876,1,1
2021-10-22 15:46:00.920,16874,16876,16876,2,2
2021-10-22 15:46:04.317,16874,16876,16874,1,-1
2021-10-22 15:46:20.371,16874,16876,16874,1,-1
2021-10-22 15:46:24.675,16874,16875,16874,1,-1
2021-10-22 15:46:24.675,16874,16875,16874,2,-2
2021-10-22 15:46:29.889,16873,16874,16874,1,1
2021-10-22 15:46:31.054,16873,16874,16874,3,3
2021-10-22 15:46:48.661,16874,16875,16874,2,-2
2021-10-22 15:47:06.473,16874,16875,16874,1,-1
2021-10-22 15:47:06.473,16874,16875,16874,1,-1
2021-10-22 15:47:06.473,16874,16875,16874,1,-1
2021-10-22 15:47:10.208,16873,16874,16873,3,-3
2021-10-22 15:47:10.208,16873,16874,16873,1,-1
2021-10-22 15:47:10.208,16873,16874,16873,3,-3
2021-10-22 15:47:12.990,16873,16874,16874,1,1
2021-10-22 15:47:15.076,16872,16874,16872,1,-1
2021-10-22 15:47:15.323,16872,16874,16874,1,1
2021-10-22 15:47:25.329,16872,16873,16872,1,-1
2021-10-22 15:47:27.563,16872,16873,16873,2,2
2021-10-22 15:47:27.563,16872,16873,16874,3,3
2021-10-22 15:47:35.433,16872,16874,16872,2,-2
2021-10-22 15:47:42.049,16872,16873,16873,1,1
2021-10-22 15:47:46.885,16872,16873,16873,2,2
2021-10-22 15:47:50.007,16872,16873,16872,1,-1
2021-10-22 15:47:50.530,16872,16873,16872,1,-1
2021-10-22 15:47:59.167,16872,16873,16872,1,-1
2021-10-22 15:48:00.478,16872,16873,16872,1,-1
2021-10-22 15:48:04.665,16872,16873,16872,1,-1
2021-10-22 15:48:05.413,16872,16873,16872,4,-4
2021-10-22 15:48:07.771,16872,16873,16872,4,-4
2021-10-22 15:48:08.442,16872,16873,16872,1,-1
2021-10-22 15:48:10.134,16872,16873,16872,2,-2
2021-10-22 15:48:10.134,16872,16873,16871,2,-2
2021-10-22 15:48:11.578,16872,16873,16873,1,1
2021-10-22 15:48:20.454,16872,16873,16873,1,1
2021-10-22 15:48:23.121,16872,16873,16873,2,2
2021-10-22 15:48:23.696,16872,16873,16873,1,1
2021-10-22 15:48:29.714,16872,16873,16873,1,1
2021-10-22 15:48:40.418,16873,16874,16874,1,1
2021-10-22 15:48:40.627,16873,16874,16873,1,-1
2021-10-22 15:48:46.257,16873,16874,16874,4,4
2021-10-22 15:49:02.456,16872,16873,16872,1,-1
2021-10-22 15:49:02.575,16872,16873,16872,1,-1
2021-10-22 15:49:07.004,16872,16873,16872,1,-1
2021-10-22 15:49:08.780,16872,16873,16872,1,-1
2021-10-22 15:49:09.683,16872,16873,16872,1,-1
2021-10-22 15:49:10.231,16872,16873,16872,1,-1
2021-10-22 15:49:10.594,16872,16873,16872,1,-1
2021-10-22 15:49:11.250,16872,16873,16872,1,-1
2021-10-22 15:49:12.697,16871,16872,16872,1,1
2021-10-22 15:49:14.465,16872,16873,16872,1,-1
2021-10-22 15:49:18.690,16872,16873,16872,1,-1
2021-10-22 15:49:20.130,16872,16873,16873,2,2
2021-10-22 15:49:20.755,16872,16873,16872,5,-5
2021-10-22 15:49:21.418,16872,16873,16873,1,1
2021-10-22 15:49:39.004,16872,16873,16872,1,-1
2021-10-22 15:49:39.004,16872,16873,16872,2,-2
2021-10-22 15:49:47.055,16871,16872,16871,2,-2
2021-10-22 15:49:48.259,16871,16872,16871,7,-7
2021-10-22 15:49:50.027,16870,16872,16872,1,1
2021-10-22 15:49:50.414,16870,16872,16870,2,-2
2021-10-22 15:50:00.488,16870,16871,16870,1,-1
2021-10-22 15:50:02.010,16870,16871,16871,1,1
2021-10-22 15:50:02.510,16870,16871,16871,1,1
2021-10-22 15:50:02.590,16870,16871,16872,1,1
2021-10-22 15:50:11.096,16870,16872,16870,1,-1
2021-10-22 15:50:14.766,16870,16872,16870,1,-1
2021-10-22 15:50:15.626,16870,16872,16870,1,-1
2021-10-22 15:50:18.934,16870,16871,16870,2,-2
2021-10-22 15:50:20.478,16870,16871,16870,1,-1
2021-10-22 15:50:31.384,16870,16871,16871,1,1
2021-10-22 15:50:32.992,16870,16871,16870,1,-1
2021-10-22 15:50:38.452,16870,16871,16870,1,-1
2021-10-22 15:50:38.452,16870,16871,16870,2,-2
2021-10-22 15:50:38.453,16870,16871,16870,1,-1
2021-10-22 15:50:44.604,16869,16870,16869,1,-1
2021-10-22 15:50:45.043,16869,16870,16870,1,1
2021-10-22 15:50:47.908,16869,16870,16869,1,-1
2021-10-22 15:50:48.667,16869,16870,16869,1,-1
2021-10-22 15:50:52.172,16869,16870,16869,1,-1
2021-10-22 15:50:52.207,16869,16870,16870,1,1
2021-10-22 15:51:00.237,16869,16870,16870,1,1
2021-10-22 15:51:00.238,16869,16870,16870,3,3
2021-10-22 15:51:00.238,16869,16870,16870,4,4
2021-10-22 15:51:00.251,16869,16870,16870,2,2
2021-10-22 15:51:00.251,16869,16870,16870,3,3
2021-10-22 15:51:06.396,16870,16871,16870,1,-1
2021-10-22 15:51:07.130,16870,16871,16870,2,-2
2021-10-22 15:51:10.348,16870,16871,16871,3,3
2021-10-22 15:51:10.438,16870,16871,16870,2,-2
2021-10-22 15:51:14.223,16870,16871,16871,7,7
2021-10-22 15:51:15.384,16871,16872,16872,1,1
2021-10-22 15:51:17.723,16871,16872,16871,2,-2
2021-10-22 15:51:19.164,16871,16872,16872,1,1
2021-10-22 15:51:19.165,16871,16872,16872,2,2
2021-10-22 15:51:31.149,16871,16872,16872,1,1
2021-10-22 15:51:42.696,16871,16872,16872,2,2
2021-10-22 15:51:52.183,16871,16872,16872,2,2
2021-10-22 15:51:52.862,16871,16872,16872,1,1
2021-10-22 15:51:52.862,16871,16872,16872,2,2
2021-10-22 15:52:05.308,16872,16873,16872,1,-1
2021-10-22 15:52:08.754,16872,16873,16873,1,1
2021-10-22 15:52:14.742,16872,16873,16873,1,1
2021-10-22 15:52:15.668,16872,16873,16873,3,3
2021-10-22 15:52:15.668,16872,16873,16873,1,1
2021-10-22 15:52:28.421,16872,16874,16872,1,-1
2021-10-22 15:52:40.799,16872,16874,16874,1,1
2021-10-22 15:52:57.073,16872,16874,16874,1,1
2021-10-22 15:53:11.391,16873,16874,16873,2,-2
2021-10-22 15:53:37.201,16873,16874,16874,1,1
2021-10-22 15:53:38.118,16873,16874,16874,2,2
2021-10-22 15:53:38.664,16873,16875,16873,1,-1
2021-10-22 15:53:40.002,16874,16875,16875,1,1
2021-10-22 15:53:41.702,16874,16875,16874,1,-1
2021-10-22 15:53:43.745,16872,16875,16872,1,-1
2021-10-22 15:53:45.795,16872,16874,16874,5,5
2021-10-22 15:53:56.073,16872,16874,16874,5,5
2021-10-22 15:53:57.429,16872,16874,16874,5,5
2021-10-22 15:54:02.814,16873,16875,16873,1,-1
2021-10-22 15:54:38.658,16872,16873,16873,2,2
2021-10-22 15:55:00.222,16872,16874,16872,11,-11
2021-10-22 15:55:13.265,16872,16874,16874,1,1
2021-10-22 15:56:13.569,16871,16872,16872,1,1
2021-10-22 15:56:40.751,16871,16872,16871,2,-2
2021-10-22 15:56:40.751,16871,16872,16871,2,-2
2021-10-22 15:56:44.424,16871,16872,16871,1,-1
2021-10-22 15:56:47.012,16870,16871,16871,1,1
2021-10-22 15:56:49.732,16870,16872,16870,1,-1
2021-10-22 15:56:56.096,16870,16872,16872,1,1
2021-10-22 15:57:10.516,16870,16872,16870,1,-1
2021-10-22 15:57:37.468,16871,16872,16871,1,-1
2021-10-22 15:57:42.422,16870,16871,16870,13,-13
2021-10-22 15:57:46.629,16869,16871,16869,2,-2
2021-10-22 15:57:48.051,16868,16869,16868,1,-1
2021-10-22 15:57:48.153,16868,16869,16868,1,-1
2021-10-22 15:57:48.318,16868,16869,16869,1,1
2021-10-22 15:57:50.111,16868,16869,16868,2,-2
2021-10-22 15:57:53.369,16868,16869,16868,5,-5
2021-10-22 15:57:56.638,16868,16869,16868,2,-2
2021-10-22 15:57:57.717,16867,16868,16868,1,1
2021-10-22 15:58:00.777,16868,16869,16868,4,-4
2021-10-22 15:58:00.777,16868,16869,16867,1,-1
2021-10-22 15:58:01.097,16867,16869,16867,1,-1
2021-10-22 15:58:01.501,16868,16869,16869,2,2
2021-10-22 15:58:01.706,16868,16869,16868,1,-1
2021-10-22 15:58:01.894,16868,16869,16868,2,-2
2021-10-22 15:58:02.485,16868,16869,16869,5,5
2021-10-22 15:58:15.430,16870,16871,16871,1,1
2021-10-22 15:58:17.113,16870,16871,16871,1,1
2021-10-22 15:58:19.681,16870,16871,16871,1,1
2021-10-22 15:58:27.455,16871,16872,16872,5,5
2021-10-22 15:58:31.563,16871,16873,16871,1,-1
2021-10-22 15:59:08.545,16872,16873,16873,1,1
2021-10-22 15:59:08.545,16872,16873,16874,4,4
2021-10-22 15:59:08.851,16872,16874,16874,1,1
2021-10-22 15:59:14.853,16872,16874,16874,1,1
2021-10-22 15:59:22.397,16872,16874,16874,4,4
2021-10-22 15:59:41.653,16872,16874,16874,1,1
2021-10-22 15:59:55.470,16872,16873,16873,1,1
2021-10-22 16:00:02.361,16872,16873,16873,1,1
2021-10-22 16:00:02.389,16872,16873,16873,1,1
2021-10-22 16:00:02.389,16872,16873,16873,1,1
2021-10-22 16:00:05.055,16872,16873,16873,1,1
2021-10-22 16:00:05.129,16872,16873,16873,1,1
2021-10-22 16:00:05.130,16872,16873,16873,1,1
2021-10-22 16:00:05.174,16872,16873,16874,1,1
2021-10-22 16:00:05.383,16872,16874,16872,1,-1
2021-10-22 16:00:05.418,16872,16874,16872,1,-1
2021-10-22 16:00:07.156,16872,16874,16874,1,1
2021-10-22 16:00:26.760,16873,16874,16873,1,-1
2021-10-22 16:00:26.878,16873,16874,16874,1,1
2021-10-22 16:00:26.878,16873,16874,16874,1,1
2021-10-22 16:00:26.898,16873,16874,16874,1,1
2021-10-22 16:00:26.898,16873,16874,16874,1,1
2021-10-22 16:00:28.274,16873,16875,16875,1,1
2021-10-22 16:00:28.378,16873,16875,16875,1,1
2021-10-22 16:00:28.378,16873,16875,16875,1,1
2021-10-22 16:00:31.540,16873,16875,16875,2,2
2021-10-22 16:00:31.540,16873,16875,16875,6,6
2021-10-22 16:00:38.192,16875,16876,16875,1,-1
2021-10-22 16:00:42.821,16874,16876,16876,1,1
2021-10-22 16:00:42.878,16874,16876,16876,1,1
2021-10-22 16:00:46.028,16874,16875,16874,1,-1
2021-10-22 16:00:49.087,16873,16874,16873,2,-2
2021-10-22 16:00:49.128,16872,16874,16874,1,1
2021-10-22 16:01:00.305,16871,16872,16871,3,-3
2021-10-22 16:01:11.719,16870,16871,16870,1,-1
2021-10-22 16:01:14.184,16869,16870,16869,1,-1
2021-10-22 16:01:14.253,16868,16870,16870,1,1
2021-10-22 16:01:19.626,16869,16871,16869,2,-2
2021-10-22 16:01:28.025,16869,16870,16869,4,-4
2021-10-22 16:01:35.092,16868,16869,16868,1,-1
2021-10-22 16:01:35.092,16868,16869,16867,4,-4
2021-10-22 16:01:35.134,16867,16869,16868,1,1
2021-10-22 16:01:35.188,16867,16869,16867,1,-1
2021-10-22 16:01:36.911,16867,16869,16867,1,-1
2021-10-22 16:01:43.943,16867,16868,16867,8,-8
2021-10-22 16:01:44.067,16866,16867,16866,5,-5
2021-10-22 16:01:44.990,16866,16867,16866,7,-7
2021-10-22 16:01:44.991,16866,16867,16866,1,-1
2021-10-22 16:01:44.991,16866,16867,16866,1,-1
2021-10-22 16:01:51.818,16865,16866,16865,1,-1
2021-10-22 16:01:54.938,16865,16866,16865,1,-1
2021-10-22 16:01:56.338,16865,16866,16865,1,-1
2021-10-22 16:01:56.576,16865,16866,16866,1,1
2021-10-22 16:02:00.403,16865,16866,16865,4,-4
2021-10-22 16:02:04.252,16865,16866,16865,1,-1
2021-10-22 16:02:04.254,16865,16866,16865,1,-1
2021-10-22 16:02:08.620,16864,16865,16865,1,1
2021-10-22 16:02:08.620,16864,16865,16865,1,1
2021-10-22 16:02:08.620,16864,16865,16865,2,2
2021-10-22 16:02:08.827,16865,16866,16866,1,1
2021-10-22 16:02:09.352,16865,16866,16865,1,-1
2021-10-22 16:02:12.137,16865,16866,16866,1,1
2021-10-22 16:02:13.242,16865,16866,16865,1,-1
2021-10-22 16:02:19.623,16865,16866,16866,1,1
2021-10-22 16:02:19.687,16865,16866,16865,6,-6
2021-10-22 16:02:27.196,16865,16866,16866,1,1
2021-10-22 16:02:28.596,16865,16866,16865,5,-5
2021-10-22 16:02:31.420,16864,16865,16865,1,1
2021-10-22 16:02:33.505,16865,16866,16865,1,-1
2021-10-22 16:02:41.660,16864,16866,16866,5,5
2021-10-22 16:02:45.040,16864,16865,16865,1,1
2021-10-22 16:02:47.142,16864,16866,16864,2,-2
2021-10-22 16:02:48.778,16864,16866,16864,1,-1
2021-10-22 16:02:50.208,16864,16865,16864,1,-1
2021-10-22 16:02:52.745,16864,16865,16864,2,-2
2021-10-22 16:02:56.471,16864,16865,16864,1,-1
2021-10-22 16:03:00.486,16864,16865,16864,1,-1
2021-10-22 16:03:08.200,16864,16865,16864,5,-5
2021-10-22 16:03:11.158,16863,16864,16864,1,1
2021-10-22 16:03:12.755,16863,16864,16864,2,2
2021-10-22 16:03:12.757,16863,16864,16864,2,2
2021-10-22 16:03:15.633,16864,16865,16865,1,1
2021-10-22 16:03:18.116,16864,16865,16865,1,1
2021-10-22 16:03:18.116,16864,16865,16865,1,1
2021-10-22 16:03:18.116,16864,16865,16865,4,4
2021-10-22 16:03:21.809,16865,16866,16866,1,1
2021-10-22 16:03:28.717,16866,16868,16866,1,-1
2021-10-22 16:03:41.965,16867,16868,16867,1,-1
2021-10-22 16:03:52.382,16867,16868,16867,3,-3
2021-10-22 16:03:52.595,16866,16868,16866,3,-3
2021-10-22 16:03:52.645,16866,16867,16866,8,-8
2021-10-22 16:04:05.776,16866,16867,16867,2,2
2021-10-22 16:04:22.430,16867,16868,16868,5,5
2021-10-22 16:04:22.430,16867,16868,16868,1,1
2021-10-22 16:04:29.385,16867,16869,16869,5,5
2021-10-22 16:04:37.497,16868,16869,16868,1,-1
2021-10-22 16:04:46.672,16868,16869,16868,3,-3
2021-10-22 16:04:46.672,16868,16869,16867,1,-1
2021-10-22 16:04:48.835,16868,16869,16869,1,1
2021-10-22 16:04:49.093,16868,16869,16869,3,3
2021-10-22 16:04:49.506,16869,16870,16870,3,3
2021-10-22 16:04:49.506,16869,16870,16870,6,6
2021-10-22 16:04:52.389,16869,16871,16868,2,-2
2021-10-22 16:04:57.728,16868,16869,16868,1,-1
2021-10-22 16:04:59.525,16868,16869,16868,2,-2
2021-10-22 16:04:59.526,16868,16869,16867,1,-1
2021-10-22 16:04:59.526,16868,16869,16867,1,-1
2021-10-22 16:04:59.526,16868,16869,16867,1,-1
2021-10-22 16:04:59.526,16868,16869,16867,1,-1
2021-10-22 16:04:59.528,16868,16869,16867,1,-1
2021-10-22 16:06:02.500,16867,16868,16867,5,-5
2021-10-22 16:06:02.795,16867,16868,16867,2,-2
2021-10-22 16:06:02.935,16867,16868,16867,1,-1
2021-10-22 16:06:02.938,16867,16868,16867,1,-1
2021-10-22 16:06:03.125,16867,16868,16867,1,-1
2021-10-22 16:06:03.143,16867,16868,16866,1,-1
2021-10-22 16:06:11.266,16867,16868,16868,1,1
2021-10-22 16:06:11.292,16867,16868,16868,1,1
2021-10-22 16:06:16.100,16868,16869,16868,5,-5
2021-10-22 16:06:19.178,16868,16869,16869,1,1
2021-10-22 16:06:25.749,16869,16870,16870,3,3
2021-10-22 16:06:29.542,16870,16871,16871,1,1
2021-10-22 16:06:30.464,16870,16871,16871,1,1
2021-10-22 16:06:30.464,16870,16871,16871,1,1
2021-10-22 16:06:30.464,16870,16871,16871,2,2
2021-10-22 16:06:32.306,16871,16872,16871,1,-1
2021-10-22 16:06:37.714,16871,16872,16871,2,-2
2021-10-22 16:06:42.049,16871,16872,16871,2,-2
2021-10-22 16:06:50.197,16871,16872,16871,2,-2
2021-10-22 16:07:12.112,16870,16871,16871,1,1
2021-10-22 16:07:17.439,16870,16871,16871,1,1
2021-10-22 16:07:18.482,16871,16872,16871,3,-3
2021-10-22 16:07:36.343,16871,16872,16871,1,-1
2021-10-22 16:07:39.154,16870,16871,16871,1,1
2021-10-22 16:08:02.963,16870,16871,16871,1,1
2021-10-22 16:08:15.962,16870,16871,16871,1,1
2021-10-22 16:08:26.698,16870,16871,16871,1,1
2021-10-22 16:08:28.439,16870,16871,16871,1,1
2021-10-22 16:08:30.309,16870,16871,16871,2,2
2021-10-22 16:08:32.363,16871,16872,16871,1,-1
2021-10-22 16:08:56.102,16871,16872,16872,1,1
2021-10-22 16:09:00.058,16871,16872,16872,1,1
2021-10-22 16:09:02.179,16871,16872,16872,1,1
2021-10-22 16:09:09.742,16871,16872,16872,2,2
2021-10-22 16:09:09.742,16871,16872,16872,1,1
2021-10-22 16:09:09.742,16871,16872,16872,4,4
2021-10-22 16:09:09.787,16872,16873,16873,1,1
2021-10-22 16:09:09.787,16872,16873,16873,1,1
2021-10-22 16:09:09.986,16871,16873,16873,1,1
2021-10-22 16:09:13.075,16872,16873,16872,1,-1
2021-10-22 16:09:23.062,16871,16873,16871,1,-1
2021-10-22 16:09:41.077,16871,16872,16871,12,-12
2021-10-22 16:09:44.280,16870,16871,16870,1,-1
2021-10-22 16:10:09.982,16871,16872,16871,1,-1
2021-10-22 16:10:41.354,16870,16871,16870,5,-5
2021-10-22 16:10:47.593,16870,16871,16870,1,-1
2021-10-22 16:11:00.477,16868,16869,16868,1,-1
2021-10-22 16:11:13.142,16868,16869,16869,1,1
2021-10-22 16:11:28.036,16868,16869,16869,1,1
2021-10-22 16:11:54.249,16869,16870,16869,3,-3
2021-10-22 16:11:54.249,16869,16870,16868,2,-2
2021-10-22 16:12:04.410,16869,16870,16870,1,1
2021-10-22 16:12:08.564,16870,16872,16872,1,1
2021-10-22 16:12:15.476,16870,16872,16872,6,6
2021-10-22 16:12:37.010,16871,16872,16872,1,1
2021-10-22 16:12:37.699,16872,16873,16872,7,-7
2021-10-22 16:12:37.699,16872,16873,16871,12,-12
2021-10-22 16:12:37.699,16872,16873,16870,17,-17
2021-10-22 16:12:37.701,16872,16873,16870,2,-2
2021-10-22 16:12:37.701,16872,16873,16870,3,-3
2021-10-22 16:12:37.701,16872,16873,16870,1,-1
2021-10-22 16:12:37.701,16872,16873,16870,1,-1
2021-10-22 16:12:40.616,16871,16872,16871,1,-1
2021-10-22 16:12:46.663,16871,16872,16871,1,-1
2021-10-22 16:12:52.148,16871,16872,16871,1,-1
2021-10-22 16:12:54.515,16870,16872,16870,1,-1
2021-10-22 16:14:22.395,16872,16873,16873,3,3
2021-10-22 16:14:22.395,16872,16873,16873,1,1
2021-10-22 16:14:22.396,16872,16873,16873,4,4
2021-10-22 16:14:22.627,16873,16874,16873,1,-1
2021-10-22 16:14:28.054,16872,16874,16874,3,3
2021-10-22 16:14:28.260,16872,16874,16874,2,2
2021-10-22 16:14:41.916,16873,16874,16874,3,3
2021-10-22 16:14:41.916,16873,16874,16875,1,1
2021-10-22 16:14:48.184,16873,16874,16874,1,1
2021-10-22 16:14:56.596,16873,16874,16874,1,1
2021-10-22 16:15:01.261,16873,16874,16874,2,2
2021-10-22 16:15:01.665,16873,16875,16875,2,2
2021-10-22 16:15:03.204,16874,16875,16875,2,2
2021-10-22 16:15:04.149,16874,16875,16875,1,1
2021-10-22 16:15:08.135,16874,16875,16875,2,2
2021-10-22 16:15:08.135,16874,16875,16875,1,1
2021-10-22 16:15:10.217,16874,16875,16875,1,1
2021-10-22 16:15:10.217,16874,16875,16876,1,1
2021-10-22 16:15:11.131,16874,16875,16875,1,1
2021-10-22 16:15:12.062,16874,16876,16876,1,1
2021-10-22 16:15:18.137,16875,16876,16875,2,-2
2021-10-22 16:15:18.137,16875,16876,16875,1,-1
2021-10-22 16:15:18.137,16875,16876,16875,1,-1
2021-10-22 16:15:18.137,16875,16876,16875,1,-1
2021-10-22 16:15:18.138,16875,16876,16875,1,-1
2021-10-22 16:15:18.138,16875,16876,16875,1,-1
2021-10-22 16:15:26.789,16874,16875,16875,1,1
2021-10-22 16:15:29.958,16874,16875,16875,1,1
2021-10-22 16:15:33.654,16874,16876,16876,1,1
2021-10-22 16:15:33.655,16874,16876,16876,1,1
2021-10-22 16:15:33.656,16874,16876,16876,1,1
2021-10-22 16:15:36.631,16875,16876,16875,1,-1
2021-10-22 16:15:40.953,16874,16875,16875,1,1
2021-10-22 16:15:44.437,16874,16875,16875,2,2
2021-10-22 16:15:47.989,16874,16875,16875,2,2
2021-10-22 16:15:48.161,16874,16875,16875,1,1
2021-10-22 16:15:50.431,16874,16875,16875,1,1
2021-10-22 16:16:03.795,16874,16875,16875,1,1
2021-10-22 16:16:26.951,16874,16875,16875,3,3
2021-10-22 16:16:27.372,16874,16875,16874,2,-2
2021-10-22 16:16:27.950,16873,16874,16873,2,-2
2021-10-22 16:16:42.702,16873,16874,16874,1,1
2021-10-22 16:16:47.085,16872,16875,16875,1,1
2021-10-22 16:16:53.997,16874,16875,16874,1,-1
2021-10-22 16:16:54.160,16874,16875,16875,5,5
2021-10-22 16:17:27.183,16874,16875,16875,1,1
2021-10-22 16:17:51.236,16874,16875,16875,1,1
2021-10-22 16:17:56.136,16874,16876,16876,1,1
2021-10-22 16:18:04.995,16875,16876,16875,1,-1
2021-10-22 16:18:13.412,16875,16876,16875,1,-1
2021-10-22 16:18:17.457,16874,16875,16874,6,-6
2021-10-22 16:18:19.684,16873,16875,16875,2,2
2021-10-22 16:18:33.796,16874,16875,16875,4,4
2021-10-22 16:18:53.722,16873,16875,16873,1,-1
2021-10-22 16:19:04.641,16874,16875,16874,1,-1
2021-10-22 16:19:36.286,16873,16875,16875,1,1
2021-10-22 16:19:42.300,16874,16875,16875,1,1
2021-10-22 16:19:47.048,16874,16875,16875,1,1
2021-10-22 16:19:48.052,16874,16875,16875,1,1
2021-10-22 16:19:49.628,16874,16875,16875,1,1
2021-10-22 16:19:50.111,16874,16875,16875,1,1
2021-10-22 16:19:53.916,16874,16875,16875,1,1
2021-10-22 16:19:54.330,16874,16875,16875,1,1
2021-10-22 16:19:55.207,16874,16875,16875,2,2
2021-10-22 16:19:55.207,16874,16875,16875,2,2
2021-10-22 16:20:04.170,16875,16876,16875,1,-1
2021-10-22 16:20:24.464,16874,16875,16874,1,-1
2021-10-22 16:20:45.693,16874,16875,16874,2,-2
2021-10-22 16:21:06.735,16872,16874,16872,1,-1
2021-10-22 16:22:22.228,16873,16874,16873,1,-1
2021-10-22 16:22:35.300,16872,16873,16873,1,1
2021-10-22 16:23:14.995,16872,16873,16872,1,-1
2021-10-22 16:23:19.787,16872,16873,16873,2,2
2021-10-22 16:23:20.411,16872,16873,16873,1,1
2021-10-22 16:23:32.294,16873,16874,16873,1,-1
2021-10-22 16:23:43.765,16873,16874,16873,1,-1
2021-10-22 16:23:47.830,16872,16873,16873,1,1
2021-10-22 16:24:04.251,16872,16873,16872,3,-3
2021-10-22 16:24:04.772,16871,16873,16871,1,-1
2021-10-22 16:24:05.218,16871,16873,16871,1,-1
2021-10-22 16:24:07.843,16871,16873,16871,1,-1
2021-10-22 16:24:18.791,16871,16873,16873,1,1
2021-10-22 16:24:18.791,16871,16873,16873,3,3
2021-10-22 16:24:27.222,16873,16874,16874,4,4
2021-10-22 16:24:42.256,16874,16875,16875,1,1
2021-10-22 16:24:42.384,16875,16876,16875,1,-1
2021-10-22 16:24:44.176,16874,16875,16875,1,1
2021-10-22 16:24:53.543,16874,16875,16875,1,1
2021-10-22 16:24:57.140,16874,16875,16875,1,1
2021-10-22 16:24:57.168,16874,16875,16874,1,-1
2021-10-22 16:24:58.984,16875,16876,16875,1,-1
2021-10-22 16:25:02.106,16875,16876,16875,1,-1
2021-10-22 16:25:02.420,16874,16876,16876,1,1
2021-10-22 16:25:09.417,16875,16876,16875,1,-1
2021-10-22 16:25:09.463,16875,16876,16875,2,-2
2021-10-22 16:25:12.600,16874,16875,16874,1,-1
2021-10-22 16:25:15.611,16874,16875,16874,1,-1
2021-10-22 16:25:55.949,16874,16875,16875,1,1
2021-10-22 16:25:55.949,16874,16875,16875,4,4
2021-10-22 16:26:03.769,16875,16876,16875,1,-1
2021-10-22 16:26:10.262,16874,16876,16875,1,1
2021-10-22 16:26:17.881,16874,16875,16875,1,1
2021-10-22 16:26:23.926,16875,16876,16875,1,-1
2021-10-22 16:26:38.860,16874,16875,16875,1,1
2021-10-22 16:26:45.996,16874,16875,16875,1,1
2021-10-22 16:27:11.959,16875,16876,16875,2,-2
2021-10-22 16:27:44.122,16874,16875,16874,1,-1
2021-10-22 16:27:56.021,16874,16875,16874,1,-1
2021-10-22 16:27:56.379,16874,16875,16875,2,2
2021-10-22 16:28:02.186,16874,16875,16875,1,1
2021-10-22 16:28:02.187,16874,16875,16875,2,2
2021-10-22 16:28:42.061,16875,16876,16875,1,-1
2021-10-22 16:28:53.083,16875,16876,16876,1,1
2021-10-22 16:28:53.083,16875,16876,16876,10,10
2021-10-22 16:29:00.946,16876,16877,16877,13,13
2021-10-22 16:29:00.946,16876,16877,16878,12,12
2021-10-22 16:29:01.061,16878,16879,16879,1,1
2021-10-22 16:29:01.061,16878,16879,16879,1,1
2021-10-22 16:29:07.168,16878,16879,16878,1,-1
2021-10-22 16:29:11.349,16878,16879,16878,2,-2
2021-10-22 16:29:11.379,16878,16879,16879,1,1
2021-10-22 16:29:14.602,16878,16879,16878,1,-1
2021-10-22 16:29:22.027,16878,16879,16878,1,-1
2021-10-22 16:29:24.358,16878,16879,16878,1,-1
2021-10-22 16:29:43.619,16878,16879,16878,1,-1
2021-10-22 16:29:43.862,16878,16879,16879,2,2
2021-10-22 16:29:43.931,16878,16879,16879,2,2
2021-10-22 16:29:55.101,16878,16879,16879,1,1
2021-10-22 16:29:55.371,16878,16879,16879,2,2
2021-10-22 16:30:03.313,16878,16879,16879,1,1
2021-10-22 16:30:03.814,16878,16879,16879,3,3
2021-10-22 16:30:06.114,16878,16879,16879,5,5
2021-10-22 16:30:10.228,16878,16879,16878,11,-11
2021-10-22 16:30:10.229,16878,16879,16878,3,-3
2021-10-22 16:30:10.229,16878,16879,16878,1,-1
2021-10-22 16:30:10.254,16877,16878,16878,1,1
2021-10-22 16:30:14.419,16877,16878,16878,1,1
2021-10-22 16:30:15.296,16877,16878,16877,1,-1
2021-10-22 16:30:24.828,16876,16877,16877,1,1
2021-10-22 16:30:39.584,16876,16877,16877,1,1
2021-10-22 16:30:39.628,16876,16877,16877,1,1
2021-10-22 16:30:39.628,16876,16877,16877,1,1
2021-10-22 16:30:39.628,16876,16877,16877,1,1
2021-10-22 16:30:39.629,16876,16877,16877,1,1
2021-10-22 16:30:39.629,16876,16877,16877,1,1
2021-10-22 16:31:12.220,16876,16877,16876,3,-3
2021-10-22 16:31:12.253,16875,16876,16876,1,1
2021-10-22 16:31:12.254,16875,16876,16876,1,1
2021-10-22 16:31:22.579,16875,16876,16876,1,1
2021-10-22 16:31:28.172,16875,16876,16876,1,1
2021-10-22 16:31:40.571,16875,16876,16875,1,-1
2021-10-22 16:31:41.535,16875,16876,16875,3,-3
2021-10-22 16:31:54.002,16874,16875,16875,1,1
2021-10-22 16:32:09.882,16874,16875,16875,1,1
2021-10-22 16:32:09.882,16874,16875,16875,2,2
2021-10-22 16:32:19.830,16875,16876,16875,1,-1
2021-10-22 16:33:11.131,16875,16877,16875,2,-2
2021-10-22 16:33:11.363,16875,16877,16877,1,1
2021-10-22 16:33:55.644,16876,16877,16877,2,2
2021-10-22 16:34:33.856,16876,16877,16877,5,5
2021-10-22 16:35:06.795,16876,16877,16877,1,1
2021-10-22 16:35:15.612,16876,16877,16876,3,-3
2021-10-22 16:35:17.658,16875,16876,16876,2,2
2021-10-22 16:35:28.807,16875,16876,16876,1,1
2021-10-22 16:35:29.146,16875,16876,16876,1,1
2021-10-22 16:35:42.980,16875,16876,16875,1,-1
2021-10-22 16:36:05.222,16875,16876,16876,1,1
2021-10-22 16:36:07.931,16876,16877,16876,1,-1
2021-10-22 16:36:38.154,16876,16877,16877,1,1
2021-10-22 16:36:44.409,16876,16877,16877,2,2
2021-10-22 16:37:04.699,16877,16878,16878,4,4
2021-10-22 16:37:04.699,16877,16878,16879,1,1
2021-10-22 16:37:06.589,16877,16879,16879,1,1
2021-10-22 16:37:06.680,16877,16879,16879,1,1
2021-10-22 16:37:06.707,16877,16879,16879,1,1
2021-10-22 16:37:06.831,16877,16879,16879,1,1
2021-10-22 16:37:06.908,16877,16879,16879,2,2
2021-10-22 16:37:06.981,16877,16879,16879,1,1
2021-10-22 16:37:07.020,16877,16879,16879,1,1
2021-10-22 16:37:07.057,16877,16879,16879,1,1
2021-10-22 16:37:07.131,16877,16879,16879,1,1
2021-10-22 16:37:07.189,16877,16879,16879,1,1
2021-10-22 16:37:10.948,16877,16879,16879,1,1
2021-10-22 16:37:13.350,16877,16879,16879,4,4
2021-10-22 16:37:13.350,16877,16879,16880,1,1
2021-10-22 16:37:13.418,16878,16880,16878,1,-1
2021-10-22 16:37:28.684,16878,16879,16879,1,1
