2019-12-06 15:00:00.075,11623,11624,11625,107,107
2019-12-06 15:00:00.094,11625,11626,11626,15,15
2019-12-06 15:00:00.101,11625,11626,11626,2,2
2019-12-06 15:00:00.136,11625,11626,11627,8,8
2019-12-06 15:00:00.145,11625,11626,11627,4,4
2019-12-06 15:00:00.175,11625,11626,11627,1,1
2019-12-06 15:00:00.177,11625,11626,11627,5,5
2019-12-06 15:00:00.182,11626,11627,11627,1,1
2019-12-06 15:00:00.308,11627,11628,11628,11,11
2019-12-06 15:00:00.326,11627,11628,11628,5,5
2019-12-06 15:00:00.357,11627,11628,11627,1,-1
2019-12-06 15:00:00.417,11627,11628,11628,2,2
2019-12-06 15:00:00.430,11627,11628,11628,7,7
2019-12-06 15:00:00.460,11627,11628,11629,1,1
2019-12-06 15:00:00.475,11627,11628,11629,1,1
2019-12-06 15:00:00.505,11627,11628,11629,1,1
2019-12-06 15:00:00.545,11627,11628,11629,1,1
2019-12-06 15:00:00.557,11628,11629,11629,3,3
2019-12-06 15:00:00.559,11628,11629,11628,1,-1
2019-12-06 15:00:00.567,11628,11629,11629,1,1
2019-12-06 15:00:00.584,11628,11629,11628,1,-1
2019-12-06 15:00:00.655,11628,11629,11628,1,-1
2019-12-06 15:00:00.713,11627,11629,11628,1,-1
2019-12-06 15:00:00.802,11627,11629,11628,2,-2
2019-12-06 15:00:00.805,11626,11628,11626,4,-4
2019-12-06 15:00:00.858,11626,11628,11628,3,3
2019-12-06 15:00:00.918,11626,11628,11628,2,2
2019-12-06 15:00:00.918,11626,11628,11629,1,1
2019-12-06 15:00:00.957,11626,11629,11629,3,3
2019-12-06 15:00:01.124,11626,11629,11628,4,-4
2019-12-06 15:00:01.151,11626,11629,11628,1,-1
2019-12-06 15:00:01.151,11626,11629,11629,1,1
2019-12-06 15:00:01.174,11626,11629,11629,5,5
2019-12-06 15:00:01.385,11627,11628,11629,1,1
2019-12-06 15:00:01.555,11627,11628,11628,2,2
2019-12-06 15:00:01.571,11627,11628,11629,2,2
2019-12-06 15:00:01.661,11627,11628,11627,1,-1
2019-12-06 15:00:01.680,11627,11628,11628,1,1
2019-12-06 15:00:01.809,11627,11629,11627,2,-2
2019-12-06 15:00:01.950,11628,11629,11628,1,1
2019-12-06 15:00:02.344,11628,11629,11628,1,-1
2019-12-06 15:00:02.516,11627,11628,11627,2,-2
2019-12-06 15:00:02.518,11627,11628,11628,1,1
2019-12-06 15:00:02.599,11627,11628,11628,1,1
2019-12-06 15:00:02.613,11627,11628,11627,1,-1
2019-12-06 15:00:02.654,11627,11628,11629,1,1
2019-12-06 15:00:02.818,11627,11628,11628,4,4
2019-12-06 15:00:02.939,11627,11629,11629,1,1
2019-12-06 15:00:02.959,11627,11629,11629,2,2
2019-12-06 15:00:02.961,11627,11629,11629,1,1
2019-12-06 15:00:03.556,11627,11629,11629,1,1
2019-12-06 15:00:03.570,11627,11629,11629,1,1
2019-12-06 15:00:03.574,11627,11629,11629,2,2
2019-12-06 15:00:03.645,11627,11629,11629,2,2
2019-12-06 15:00:03.667,11627,11629,11629,2,2
2019-12-06 15:00:03.984,11627,11629,11627,1,-1
2019-12-06 15:00:04.089,11628,11629,11628,2,2
2019-12-06 15:00:04.299,11627,11629,11627,1,-1
2019-12-06 15:00:04.314,11627,11628,11628,1,1
2019-12-06 15:00:04.555,11628,11629,11628,2,-2
2019-12-06 15:00:04.694,11627,11628,11628,3,3
2019-12-06 15:00:04.824,11627,11628,11628,1,1
2019-12-06 15:00:04.953,11627,11629,11627,1,-1
2019-12-06 15:00:05.071,11627,11629,11628,1,1
2019-12-06 15:00:05.093,11627,11629,11629,1,1
2019-12-06 15:00:05.117,11627,11629,11627,1,-1
2019-12-06 15:00:05.165,11627,11629,11627,1,-1
2019-12-06 15:00:05.253,11627,11628,11628,1,1
2019-12-06 15:00:05.331,11627,11629,11629,1,1
2019-12-06 15:00:05.605,11627,11629,11629,1,1
2019-12-06 15:00:06.731,11627,11628,11627,6,-6
2019-12-06 15:00:07.103,11626,11627,11626,4,-4
2019-12-06 15:00:07.119,11626,11627,11626,1,-1
2019-12-06 15:00:07.193,11625,11626,11627,15,15
2019-12-06 15:00:07.305,11625,11627,11626,3,-3
2019-12-06 15:00:07.305,11625,11627,11626,1,-1
2019-12-06 15:00:07.305,11625,11627,11626,1,-1
2019-12-06 15:00:07.305,11625,11627,11626,2,-2
2019-12-06 15:00:07.306,11625,11627,11627,2,2
2019-12-06 15:00:07.430,11626,11627,11626,2,-2
2019-12-06 15:00:07.430,11626,11627,11626,2,-2
2019-12-06 15:00:07.430,11626,11627,11626,1,-1
2019-12-06 15:00:07.444,11626,11627,11626,1,-1
2019-12-06 15:00:07.880,11625,11626,11625,3,-3
2019-12-06 15:00:08.430,11625,11626,11625,3,-3
2019-12-06 15:00:08.981,11625,11626,11625,1,-1
2019-12-06 15:00:09.206,11625,11626,11625,1,-1
2019-12-06 15:00:09.444,11625,11626,11625,1,-1
2019-12-06 15:00:09.522,11625,11626,11626,2,2
2019-12-06 15:00:09.747,11625,11626,11626,1,1
2019-12-06 15:00:09.805,11626,11627,11626,1,-1
2019-12-06 15:00:09.892,11626,11627,11626,1,-1
2019-12-06 15:00:09.941,11625,11626,11626,1,1
2019-12-06 15:00:09.978,11625,11626,11626,1,1
2019-12-06 15:00:10.055,11626,11627,11626,8,-8
2019-12-06 15:00:11.055,11626,11627,11626,1,-1
2019-12-06 15:00:11.185,11625,11626,11626,1,1
2019-12-06 15:00:11.185,11625,11626,11627,1,1
2019-12-06 15:00:11.197,11625,11626,11626,1,1
2019-12-06 15:00:11.200,11625,11626,11626,2,2
2019-12-06 15:00:12.061,11625,11626,11626,1,1
2019-12-06 15:00:12.061,11625,11626,11627,1,1
2019-12-06 15:00:12.332,11625,11626,11626,2,2
2019-12-06 15:00:14.506,11625,11627,11626,1,-1
2019-12-06 15:00:14.520,11625,11627,11626,1,-1
2019-12-06 15:00:14.555,11626,11627,11626,1,-1
2019-12-06 15:00:15.096,11626,11627,11626,1,-1
2019-12-06 15:00:15.776,11626,11627,11627,1,1
2019-12-06 15:00:15.795,11626,11627,11627,1,1
2019-12-06 15:00:17.535,11626,11627,11627,1,1
2019-12-06 15:00:19.569,11625,11627,11626,1,-1
2019-12-06 15:00:20.668,11625,11626,11626,3,3
2019-12-06 15:00:20.690,11625,11626,11626,2,2
2019-12-06 15:00:22.350,11625,11626,11626,1,1
2019-12-06 15:00:22.986,11625,11626,11625,1,-1
2019-12-06 15:00:23.873,11625,11626,11625,1,-1
2019-12-06 15:00:24.609,11625,11626,11626,1,1
2019-12-06 15:00:27.042,11625,11626,11626,1,1
2019-12-06 15:00:29.522,11625,11626,11625,2,-2
2019-12-06 15:00:31.110,11625,11626,11626,1,1
2019-12-06 15:00:31.658,11625,11626,11625,5,-5
2019-12-06 15:00:32.686,11625,11626,11625,5,-5
2019-12-06 15:00:33.018,11625,11626,11625,1,-1
2019-12-06 15:00:36.016,11625,11626,11625,5,-5
2019-12-06 15:00:37.201,11625,11626,11626,1,1
2019-12-06 15:00:38.372,11625,11626,11626,1,1
2019-12-06 15:00:38.500,11625,11626,11625,1,-1
2019-12-06 15:00:38.781,11625,11626,11626,2,2
2019-12-06 15:00:40.045,11625,11626,11625,2,-2
2019-12-06 15:00:41.148,11625,11626,11626,3,3
2019-12-06 15:00:41.660,11625,11626,11626,1,1
2019-12-06 15:00:42.089,11625,11626,11626,5,5
2019-12-06 15:00:44.760,11625,11626,11625,1,-1
2019-12-06 15:00:45.131,11625,11626,11625,1,-1
2019-12-06 15:00:45.503,11625,11626,11625,4,-4
2019-12-06 15:00:46.713,11625,11626,11626,1,1
2019-12-06 15:00:48.042,11625,11626,11625,4,-4
2019-12-06 15:00:48.055,11625,11626,11625,5,-5
2019-12-06 15:00:48.180,11625,11626,11625,3,-3
2019-12-06 15:00:48.914,11625,11626,11626,1,1
2019-12-06 15:00:50.537,11625,11626,11625,1,-1
2019-12-06 15:00:51.232,11625,11626,11625,2,-2
2019-12-06 15:00:51.680,11625,11626,11625,2,-2
2019-12-06 15:00:51.795,11625,11626,11625,2,-2
2019-12-06 15:00:51.805,11625,11626,11625,9,-9
2019-12-06 15:00:51.805,11625,11626,11625,4,-4
2019-12-06 15:00:51.805,11625,11626,11625,3,-3
2019-12-06 15:00:51.805,11625,11626,11625,1,-1
2019-12-06 15:00:51.805,11625,11626,11625,1,-1
2019-12-06 15:00:53.069,11624,11625,11625,1,1
2019-12-06 15:00:53.578,11624,11625,11625,2,2
2019-12-06 15:00:54.929,11624,11625,11625,19,19
2019-12-06 15:00:54.929,11625,11626,11625,2,-2
2019-12-06 15:00:54.930,11625,11626,11625,3,-3
2019-12-06 15:00:54.930,11625,11626,11625,4,-4
2019-12-06 15:00:54.947,11625,11626,11625,1,-1
2019-12-06 15:00:55.612,11624,11625,11624,21,-21
2019-12-06 15:00:55.612,11624,11625,11623,4,-4
2019-12-06 15:00:55.697,11624,11625,11624,1,1
2019-12-06 15:00:55.871,11623,11624,11624,1,1
2019-12-06 15:00:58.105,11623,11624,11623,1,-1
2019-12-06 15:00:59.124,11623,11624,11623,1,-1
2019-12-06 15:01:00.029,11623,11624,11624,2,2
2019-12-06 15:01:00.101,11623,11624,11624,2,2
2019-12-06 15:01:00.122,11623,11624,11624,1,1
2019-12-06 15:01:00.159,11623,11624,11624,2,2
2019-12-06 15:01:00.291,11623,11624,11625,1,1
2019-12-06 15:01:01.361,11624,11625,11625,15,15
2019-12-06 15:01:01.361,11624,11625,11625,7,7
2019-12-06 15:01:01.365,11624,11625,11625,1,1
2019-12-06 15:01:01.403,11624,11625,11625,3,3
2019-12-06 15:01:01.403,11624,11625,11626,7,7
2019-12-06 15:01:01.403,11624,11625,11626,11,11
2019-12-06 15:01:01.404,11624,11625,11625,3,3
2019-12-06 15:01:01.404,11624,11625,11626,12,12
2019-12-06 15:01:01.430,11624,11626,11625,3,-3
2019-12-06 15:01:01.440,11624,11626,11626,1,1
2019-12-06 15:01:01.441,11624,11626,11626,1,1
2019-12-06 15:01:01.444,11624,11626,11626,1,1
2019-12-06 15:01:01.446,11624,11626,11626,1,1
2019-12-06 15:01:01.449,11624,11626,11626,1,1
2019-12-06 15:01:01.475,11624,11626,11625,1,-1
2019-12-06 15:01:01.619,11625,11626,11625,2,-2
2019-12-06 15:01:01.782,11625,11626,11625,1,-1
2019-12-06 15:01:05.592,11626,11627,11627,1,1
2019-12-06 15:01:08.782,11626,11627,11626,5,-5
2019-12-06 15:01:09.029,11626,11627,11627,16,16
2019-12-06 15:01:09.055,11627,11628,11627,2,-2
2019-12-06 15:01:09.180,11627,11628,11627,1,-1
2019-12-06 15:01:09.798,11626,11627,11626,2,-2
2019-12-06 15:01:11.472,11626,11627,11626,1,-1
2019-12-06 15:01:15.693,11626,11627,11626,1,-1
2019-12-06 15:01:19.935,11626,11627,11626,1,-1
2019-12-06 15:01:20.079,11626,11627,11626,2,-2
2019-12-06 15:01:20.169,11626,11627,11626,1,-1
2019-12-06 15:01:21.246,11625,11626,11626,1,1
2019-12-06 15:01:21.940,11625,11626,11626,1,1
2019-12-06 15:01:23.258,11625,11626,11626,2,2
2019-12-06 15:01:23.370,11625,11626,11625,1,-1
2019-12-06 15:01:23.503,11625,11626,11626,1,1
2019-12-06 15:01:26.453,11625,11626,11626,1,1
2019-12-06 15:01:30.755,11625,11626,11626,3,3
2019-12-06 15:01:30.821,11625,11626,11626,3,3
2019-12-06 15:01:31.108,11625,11626,11626,2,2
2019-12-06 15:01:33.115,11626,11627,11627,3,3
2019-12-06 15:01:34.372,11626,11627,11627,2,2
2019-12-06 15:01:34.646,11626,11627,11626,1,-1
2019-12-06 15:01:35.417,11626,11627,11626,1,-1
2019-12-06 15:01:37.260,11626,11627,11627,2,2
2019-12-06 15:01:37.751,11626,11627,11626,1,-1
2019-12-06 15:01:37.826,11626,11627,11626,5,-5
2019-12-06 15:01:38.577,11626,11627,11627,1,1
2019-12-06 15:01:39.938,11626,11627,11626,1,-1
2019-12-06 15:01:40.439,11626,11627,11626,1,-1
2019-12-06 15:01:40.481,11626,11627,11627,3,3
2019-12-06 15:01:42.060,11626,11627,11626,1,-1
2019-12-06 15:01:42.789,11626,11627,11626,1,-1
2019-12-06 15:01:43.331,11626,11627,11626,1,-1
2019-12-06 15:01:44.345,11626,11627,11627,3,3
2019-12-06 15:01:45.584,11626,11627,11626,3,-3
2019-12-06 15:01:46.166,11626,11627,11626,3,-3
2019-12-06 15:01:47.925,11626,11627,11627,3,3
2019-12-06 15:01:48.180,11626,11627,11627,1,1
2019-12-06 15:01:48.558,11626,11627,11627,2,2
2019-12-06 15:01:49.297,11626,11627,11626,3,-3
2019-12-06 15:01:49.501,11626,11627,11626,2,-2
2019-12-06 15:01:49.885,11626,11627,11626,5,-5
2019-12-06 15:01:50.703,11625,11626,11626,2,2
2019-12-06 15:01:53.138,11625,11626,11626,3,3
2019-12-06 15:01:53.325,11625,11626,11626,2,2
2019-12-06 15:01:53.615,11626,11627,11627,3,3
2019-12-06 15:01:53.725,11626,11627,11626,1,-1
2019-12-06 15:01:54.496,11626,11627,11626,1,-1
2019-12-06 15:01:54.767,11625,11627,11625,3,-3
2019-12-06 15:01:54.968,11625,11627,11625,1,-1
2019-12-06 15:01:55.363,11625,11626,11625,3,-3
2019-12-06 15:01:57.365,11625,11626,11625,1,-1
2019-12-06 15:01:58.773,11625,11626,11626,3,3
2019-12-06 15:01:59.145,11625,11626,11626,3,3
2019-12-06 15:01:59.447,11625,11626,11626,1,1
2019-12-06 15:01:59.558,11625,11626,11626,4,4
2019-12-06 15:02:00.347,11625,11626,11625,3,-3
2019-12-06 15:02:00.413,11625,11626,11626,3,3
2019-12-06 15:02:00.749,11625,11626,11625,3,-3
2019-12-06 15:02:02.428,11625,11627,11625,5,-5
2019-12-06 15:02:02.428,11625,11627,11625,5,-5
2019-12-06 15:02:02.560,11625,11626,11625,2,-2
2019-12-06 15:02:02.906,11625,11626,11625,3,-3
2019-12-06 15:02:02.910,11625,11626,11626,3,3
2019-12-06 15:02:03.305,11625,11626,11626,3,3
2019-12-06 15:02:04.004,11625,11626,11626,1,1
2019-12-06 15:02:04.419,11625,11626,11625,3,-3
2019-12-06 15:02:04.747,11625,11626,11626,1,1
2019-12-06 15:02:04.816,11625,11626,11625,3,-3
2019-12-06 15:02:04.861,11625,11626,11626,2,2
2019-12-06 15:02:04.864,11625,11626,11625,3,-3
2019-12-06 15:02:04.950,11625,11626,11625,1,-1
2019-12-06 15:02:06.970,11625,11626,11626,1,1
2019-12-06 15:02:06.970,11625,11626,11627,2,2
2019-12-06 15:02:07.350,11625,11627,11627,3,3
2019-12-06 15:02:08.328,11626,11627,11626,2,-2
2019-12-06 15:02:08.328,11626,11627,11625,1,-1
2019-12-06 15:02:08.638,11625,11627,11625,3,-3
2019-12-06 15:02:12.258,11626,11627,11627,3,3
2019-12-06 15:02:13.911,11626,11627,11626,1,-1
2019-12-06 15:02:13.911,11626,11627,11625,2,-2
2019-12-06 15:02:13.947,11625,11626,11626,2,2
2019-12-06 15:02:16.742,11626,11627,11626,2,-2
2019-12-06 15:02:17.329,11626,11627,11626,1,-1
2019-12-06 15:02:17.662,11626,11627,11626,1,-1
2019-12-06 15:02:18.948,11625,11626,11626,2,2
2019-12-06 15:02:20.353,11625,11626,11626,1,1
2019-12-06 15:02:23.797,11626,11627,11626,1,-1
2019-12-06 15:02:23.890,11626,11627,11626,3,-3
2019-12-06 15:02:26.104,11626,11627,11626,1,-1
2019-12-06 15:02:26.169,11626,11627,11626,2,-2
2019-12-06 15:02:29.170,11626,11627,11626,1,-1
2019-12-06 15:02:29.231,11626,11627,11626,1,-1
2019-12-06 15:02:30.479,11626,11627,11626,1,-1
2019-12-06 15:02:32.610,11626,11627,11626,1,-1
2019-12-06 15:02:40.371,11626,11627,11627,2,2
2019-12-06 15:02:43.474,11626,11627,11626,2,-2
2019-12-06 15:02:43.574,11626,11627,11626,1,-1
2019-12-06 15:02:45.677,11626,11627,11627,4,4
2019-12-06 15:02:47.641,11626,11627,11626,1,-1
2019-12-06 15:02:48.740,11626,11627,11627,1,1
2019-12-06 15:02:49.249,11626,11627,11626,1,-1
2019-12-06 15:02:49.656,11626,11627,11627,2,2
2019-12-06 15:02:50.593,11626,11627,11626,2,-2
2019-12-06 15:02:51.561,11626,11627,11626,1,-1
2019-12-06 15:02:59.418,11626,11627,11626,3,-3
2019-12-06 15:03:00.101,11626,11627,11626,1,-1
2019-12-06 15:03:00.132,11626,11627,11627,5,5
2019-12-06 15:03:00.418,11626,11627,11626,1,-1
2019-12-06 15:03:00.697,11626,11627,11627,40,40
2019-12-06 15:03:00.805,11626,11627,11627,1,1
2019-12-06 15:03:00.805,11626,11627,11627,1,1
2019-12-06 15:03:00.805,11626,11627,11627,1,1
2019-12-06 15:03:00.830,11626,11627,11627,2,2
2019-12-06 15:03:00.855,11626,11627,11627,2,2
2019-12-06 15:03:00.881,11626,11627,11627,2,2
2019-12-06 15:03:00.906,11626,11627,11627,2,2
2019-12-06 15:03:01.209,11627,11628,11627,1,-1
2019-12-06 15:03:05.003,11627,11628,11627,1,-1
2019-12-06 15:03:05.069,11627,11628,11628,1,1
2019-12-06 15:03:05.078,11627,11628,11628,1,1
2019-12-06 15:03:08.810,11627,11628,11628,8,8
2019-12-06 15:03:09.079,11627,11628,11628,29,29
2019-12-06 15:03:09.548,11628,11629,11628,1,-1
2019-12-06 15:03:11.539,11628,11629,11628,2,-2
2019-12-06 15:03:15.460,11628,11629,11628,1,-1
2019-12-06 15:03:15.464,11628,11629,11629,1,1
2019-12-06 15:03:16.136,11627,11629,11629,2,2
2019-12-06 15:03:17.003,11628,11629,11628,1,-1
2019-12-06 15:03:17.003,11628,11629,11627,2,-2
2019-12-06 15:03:17.306,11627,11629,11627,2,-2
2019-12-06 15:03:18.714,11628,11629,11629,2,2
2019-12-06 15:03:19.628,11628,11629,11628,2,-2
2019-12-06 15:03:20.708,11628,11629,11628,1,-1
2019-12-06 15:03:20.971,11628,11629,11628,1,-1
2019-12-06 15:03:21.552,11627,11628,11628,2,2
2019-12-06 15:03:22.465,11628,11629,11628,1,-1
2019-12-06 15:03:22.465,11628,11629,11627,1,-1
2019-12-06 15:03:24.402,11627,11629,11629,2,2
2019-12-06 15:03:25.214,11627,11629,11628,1,-1
2019-12-06 15:03:25.214,11627,11629,11627,1,-1
2019-12-06 15:03:28.436,11627,11628,11628,3,3
2019-12-06 15:03:28.665,11627,11629,11628,2,-2
2019-12-06 15:03:30.182,11627,11628,11627,2,-2
2019-12-06 15:03:30.901,11627,11628,11628,2,2
2019-12-06 15:03:32.857,11627,11628,11628,2,2
2019-12-06 15:03:34.100,11627,11628,11627,2,-2
2019-12-06 15:03:37.024,11627,11628,11628,2,2
2019-12-06 15:03:37.736,11627,11628,11628,1,1
2019-12-06 15:03:38.066,11627,11628,11627,2,-2
2019-12-06 15:03:38.412,11627,11628,11627,1,-1
2019-12-06 15:03:43.196,11627,11628,11628,4,4
2019-12-06 15:03:46.916,11627,11628,11628,5,5
2019-12-06 15:03:46.930,11627,11628,11628,1,1
2019-12-06 15:03:47.525,11627,11629,11627,2,-2
2019-12-06 15:03:48.560,11627,11628,11627,1,-1
2019-12-06 15:03:56.696,11627,11628,11627,1,-1
2019-12-06 15:04:00.016,11627,11628,11627,1,-1
2019-12-06 15:04:03.504,11627,11628,11628,2,2
2019-12-06 15:04:05.045,11627,11628,11627,2,-2
2019-12-06 15:04:05.061,11627,11628,11628,1,1
2019-12-06 15:04:05.277,11627,11628,11628,1,1
2019-12-06 15:04:06.782,11627,11628,11627,1,-1
2019-12-06 15:04:12.123,11627,11628,11627,1,-1
2019-12-06 15:04:12.505,11627,11628,11628,2,2
2019-12-06 15:04:13.814,11627,11628,11627,2,-2
2019-12-06 15:04:15.207,11627,11628,11627,1,-1
2019-12-06 15:04:15.883,11627,11628,11628,2,2
2019-12-06 15:04:16.954,11627,11628,11627,2,-2
2019-12-06 15:04:16.975,11627,11628,11627,1,-1
2019-12-06 15:04:19.013,11627,11628,11628,2,2
2019-12-06 15:04:19.942,11627,11628,11627,2,-2
2019-12-06 15:04:21.356,11627,11628,11627,2,-2
2019-12-06 15:04:21.430,11627,11628,11627,1,-1
2019-12-06 15:04:21.472,11627,11628,11627,14,-14
2019-12-06 15:04:22.820,11626,11627,11626,1,-1
2019-12-06 15:04:25.854,11626,11627,11627,1,1
2019-12-06 15:04:26.128,11626,11627,11626,1,-1
2019-12-06 15:04:26.591,11626,11627,11626,1,-1
2019-12-06 15:04:29.093,11626,11627,11626,1,-1
2019-12-06 15:04:32.780,11626,11627,11627,1,1
2019-12-06 15:04:34.931,11626,11627,11626,1,-1
2019-12-06 15:04:36.895,11626,11627,11627,2,2
2019-12-06 15:04:38.757,11626,11627,11626,2,-2
2019-12-06 15:04:42.463,11626,11627,11627,2,2
2019-12-06 15:04:43.492,11626,11627,11626,2,-2
2019-12-06 15:04:45.490,11626,11627,11626,1,-1
2019-12-06 15:04:45.846,11626,11627,11626,2,-2
2019-12-06 15:04:48.452,11626,11627,11626,4,-4
2019-12-06 15:04:50.378,11626,11627,11626,1,-1
2019-12-06 15:04:51.480,11626,11627,11626,1,-1
2019-12-06 15:05:00.209,11626,11627,11626,1,-1
2019-12-06 15:05:00.575,11626,11627,11626,1,-1
2019-12-06 15:05:00.697,11625,11627,11625,1,-1
2019-12-06 15:05:02.867,11625,11627,11625,5,-5
2019-12-06 15:05:05.143,11626,11627,11626,1,1
2019-12-06 15:05:05.491,11626,11627,11626,1,-1
2019-12-06 15:05:06.124,11626,11627,11627,1,1
2019-12-06 15:05:07.746,11626,11627,11626,1,-1
2019-12-06 15:05:12.363,11626,11627,11626,1,-1
2019-12-06 15:05:15.689,11626,11627,11626,1,-1
2019-12-06 15:05:17.678,11626,11627,11626,1,-1
2019-12-06 15:05:26.314,11626,11627,11627,1,1
2019-12-06 15:05:27.938,11626,11627,11626,1,-1
2019-12-06 15:05:28.265,11626,11627,11626,4,-4
2019-12-06 15:05:38.099,11626,11627,11627,1,1
2019-12-06 15:05:38.375,11626,11627,11627,1,1
2019-12-06 15:05:38.569,11626,11627,11627,1,1
2019-12-06 15:05:38.742,11626,11627,11626,2,-2
2019-12-06 15:05:39.569,11626,11627,11626,1,-1
2019-12-06 15:05:40.652,11626,11627,11626,1,-1
2019-12-06 15:05:42.536,11626,11627,11626,1,-1
2019-12-06 15:05:43.325,11626,11627,11626,10,-10
2019-12-06 15:05:46.048,11625,11626,11625,1,-1
2019-12-06 15:05:55.603,11625,11626,11625,2,-2
2019-12-06 15:06:01.910,11625,11626,11625,2,-2
2019-12-06 15:06:05.586,11625,11626,11625,1,-1
2019-12-06 15:06:08.106,11625,11626,11625,1,-1
2019-12-06 15:06:16.710,11625,11626,11625,2,-2
2019-12-06 15:06:22.373,11625,11626,11625,1,-1
2019-12-06 15:06:28.217,11625,11626,11625,4,-4
2019-12-06 15:06:29.219,11625,11626,11625,1,-1
2019-12-06 15:06:37.188,11625,11626,11625,1,-1
2019-12-06 15:06:39.499,11625,11626,11625,1,-1
2019-12-06 15:06:43.899,11625,11626,11625,1,-1
2019-12-06 15:06:45.439,11625,11626,11625,1,-1
2019-12-06 15:06:45.439,11625,11626,11625,1,-1
2019-12-06 15:06:45.441,11625,11626,11625,1,-1
2019-12-06 15:06:45.441,11625,11626,11625,1,-1
2019-12-06 15:06:45.555,11625,11626,11625,3,-3
2019-12-06 15:06:45.556,11625,11626,11625,39,-39
2019-12-06 15:06:51.151,11624,11625,11625,1,1
2019-12-06 15:06:55.913,11624,11625,11624,1,-1
2019-12-06 15:06:56.658,11624,11625,11624,1,-1
2019-12-06 15:06:58.254,11624,11625,11624,11,-11
2019-12-06 15:06:58.254,11624,11625,11623,14,-14
2019-12-06 15:07:00.958,11623,11624,11624,1,1
2019-12-06 15:07:01.358,11623,11624,11623,1,-1
2019-12-06 15:07:01.900,11623,11624,11624,1,1
2019-12-06 15:07:03.235,11624,11625,11624,1,-1
2019-12-06 15:07:05.404,11624,11625,11624,1,-1
2019-12-06 15:07:05.606,11623,11625,11624,1,-1
2019-12-06 15:07:10.145,11623,11624,11623,4,-4
2019-12-06 15:07:10.735,11623,11624,11624,1,1
2019-12-06 15:07:13.574,11623,11624,11623,5,-5
2019-12-06 15:07:16.917,11623,11624,11623,4,-4
2019-12-06 15:07:17.304,11623,11624,11623,1,-1
2019-12-06 15:07:18.698,11623,11624,11623,3,-3
2019-12-06 15:07:19.790,11622,11623,11622,1,-1
2019-12-06 15:07:20.026,11622,11623,11622,5,-5
2019-12-06 15:07:21.304,11622,11623,11622,2,-2
2019-12-06 15:07:23.921,11622,11623,11622,2,-2
2019-12-06 15:07:24.535,11622,11623,11622,1,-1
2019-12-06 15:07:25.849,11622,11623,11622,1,-1
2019-12-06 15:07:26.135,11622,11623,11622,3,-3
2019-12-06 15:07:26.140,11622,11623,11622,1,-1
2019-12-06 15:07:27.680,11622,11623,11622,1,-1
2019-12-06 15:07:28.503,11622,11623,11622,4,-4
2019-12-06 15:07:28.503,11622,11623,11621,16,-16
2019-12-06 15:07:28.556,11621,11623,11622,1,1
2019-12-06 15:07:28.917,11621,11622,11622,4,4
2019-12-06 15:07:29.783,11621,11622,11621,1,-1
2019-12-06 15:07:29.788,11621,11622,11622,1,1
2019-12-06 15:07:32.610,11621,11622,11622,1,1
2019-12-06 15:07:33.474,11621,11622,11622,1,1
2019-12-06 15:07:36.541,11621,11622,11621,1,-1
2019-12-06 15:07:36.643,11621,11622,11621,1,-1
2019-12-06 15:07:38.371,11621,11622,11621,1,-1
2019-12-06 15:07:39.661,11621,11622,11621,1,-1
2019-12-06 15:07:40.568,11621,11622,11622,7,7
2019-12-06 15:07:41.675,11621,11622,11622,1,1
2019-12-06 15:07:41.675,11621,11622,11623,1,1
2019-12-06 15:07:42.622,11622,11623,11622,2,-2
2019-12-06 15:07:43.090,11622,11623,11622,1,-1
2019-12-06 15:07:45.586,11622,11623,11622,1,-1
2019-12-06 15:07:47.976,11622,11623,11622,1,-1
2019-12-06 15:07:48.593,11622,11623,11622,1,-1
2019-12-06 15:07:49.390,11621,11623,11621,1,-1
2019-12-06 15:07:53.253,11622,11623,11622,1,1
2019-12-06 15:07:53.967,11622,11623,11622,1,-1
2019-12-06 15:07:54.399,11622,11623,11622,5,-5
2019-12-06 15:07:56.802,11622,11623,11622,1,-1
2019-12-06 15:07:57.285,11622,11623,11622,1,-1
2019-12-06 15:08:05.411,11622,11623,11622,1,-1
2019-12-06 15:08:06.658,11622,11623,11622,1,-1
2019-12-06 15:08:09.115,11622,11623,11622,1,-1
2019-12-06 15:08:09.187,11622,11623,11623,1,1
2019-12-06 15:08:09.189,11622,11623,11623,1,1
2019-12-06 15:08:09.190,11622,11623,11623,1,1
2019-12-06 15:08:09.191,11622,11623,11623,1,1
2019-12-06 15:08:09.193,11622,11623,11623,1,1
2019-12-06 15:08:09.195,11622,11623,11623,1,1
2019-12-06 15:08:09.195,11622,11623,11623,1,1
2019-12-06 15:08:09.199,11622,11623,11623,1,1
2019-12-06 15:08:09.201,11622,11623,11623,1,1
2019-12-06 15:08:11.350,11622,11623,11622,1,-1
2019-12-06 15:08:11.899,11622,11623,11623,3,3
2019-12-06 15:08:17.124,11622,11623,11623,1,1
2019-12-06 15:08:17.181,11622,11623,11623,8,8
2019-12-06 15:08:33.558,11623,11624,11623,1,-1
2019-12-06 15:08:45.619,11623,11624,11623,1,-1
2019-12-06 15:08:46.298,11623,11624,11623,1,-1
2019-12-06 15:08:56.250,11623,11624,11623,2,-2
2019-12-06 15:08:57.233,11623,11624,11623,2,-2
2019-12-06 15:09:04.397,11623,11624,11623,1,-1
2019-12-06 15:09:11.570,11623,11624,11624,14,14
2019-12-06 15:09:11.805,11623,11624,11624,4,4
2019-12-06 15:09:11.930,11623,11624,11624,2,2
2019-12-06 15:09:11.955,11623,11624,11624,2,2
2019-12-06 15:09:26.384,11623,11624,11624,2,2
2019-12-06 15:09:30.562,11623,11624,11623,1,-1
2019-12-06 15:09:36.410,11623,11624,11624,1,1
2019-12-06 15:09:37.596,11623,11624,11624,1,1
2019-12-06 15:09:39.450,11623,11624,11624,1,1
2019-12-06 15:09:40.106,11623,11624,11623,5,-5
2019-12-06 15:09:40.616,11623,11624,11624,1,1
2019-12-06 15:09:50.259,11623,11624,11624,1,1
2019-12-06 15:09:50.321,11623,11624,11623,1,-1
2019-12-06 15:09:50.396,11623,11624,11623,1,-1
2019-12-06 15:09:59.276,11623,11624,11624,1,1
2019-12-06 15:09:59.742,11623,11624,11623,1,-1
2019-12-06 15:10:01.604,11623,11624,11623,1,-1
2019-12-06 15:10:02.209,11623,11624,11623,2,-2
2019-12-06 15:10:04.804,11623,11624,11623,1,-1
2019-12-06 15:10:06.215,11623,11624,11623,1,-1
2019-12-06 15:10:06.713,11623,11624,11623,1,-1
2019-12-06 15:10:08.338,11623,11624,11623,10,-10
2019-12-06 15:10:09.529,11623,11624,11623,1,-1
2019-12-06 15:10:10.744,11623,11624,11624,4,4
2019-12-06 15:10:12.551,11623,11624,11624,2,2
2019-12-06 15:10:15.298,11623,11624,11623,1,-1
2019-12-06 15:10:17.357,11623,11624,11623,10,-10
2019-12-06 15:10:17.601,11623,11624,11623,1,-1
2019-12-06 15:10:20.118,11623,11624,11623,1,-1
2019-12-06 15:10:27.464,11623,11624,11623,1,-1
2019-12-06 15:10:29.063,11623,11624,11623,1,-1
2019-12-06 15:10:30.897,11623,11624,11623,1,-1
2019-12-06 15:10:51.341,11622,11623,11623,2,2
2019-12-06 15:11:00.281,11622,11623,11623,1,1
2019-12-06 15:11:01.091,11622,11623,11623,1,1
2019-12-06 15:11:05.185,11622,11623,11622,1,-1
2019-12-06 15:11:14.914,11622,11623,11623,1,1
2019-12-06 15:11:15.151,11622,11623,11622,3,-3
2019-12-06 15:11:16.007,11622,11623,11623,2,2
2019-12-06 15:11:17.659,11623,11624,11623,1,-1
2019-12-06 15:11:19.602,11622,11623,11623,1,1
2019-12-06 15:11:21.188,11622,11623,11623,1,1
2019-12-06 15:11:23.728,11623,11624,11623,1,-1
2019-12-06 15:11:24.539,11623,11624,11623,1,-1
2019-12-06 15:11:27.281,11623,11624,11623,2,-2
2019-12-06 15:11:28.372,11623,11624,11623,4,-4
2019-12-06 15:11:29.242,11622,11623,11622,1,-1
2019-12-06 15:11:33.033,11622,11623,11622,1,-1
2019-12-06 15:11:41.299,11622,11623,11622,1,-1
2019-12-06 15:11:43.807,11622,11623,11622,2,-2
2019-12-06 15:11:57.478,11622,11623,11623,2,2
2019-12-06 15:12:04.687,11622,11623,11623,4,4
2019-12-06 15:12:04.805,11622,11623,11623,2,2
2019-12-06 15:12:05.943,11622,11623,11622,1,-1
2019-12-06 15:12:16.259,11622,11623,11623,3,3
2019-12-06 15:12:18.965,11623,11624,11623,1,-1
2019-12-06 15:12:19.277,11623,11624,11624,1,1
2019-12-06 15:12:21.483,11623,11624,11623,1,-1
2019-12-06 15:12:24.098,11623,11624,11623,1,-1
2019-12-06 15:12:27.871,11623,11624,11623,1,-1
2019-12-06 15:12:30.868,11623,11624,11624,10,10
2019-12-06 15:12:32.309,11623,11624,11623,1,-1
2019-12-06 15:12:37.147,11623,11624,11624,10,10
2019-12-06 15:12:37.180,11623,11624,11624,7,7
2019-12-06 15:12:37.447,11624,11625,11624,5,-5
2019-12-06 15:12:48.016,11624,11625,11625,1,1
2019-12-06 15:12:51.728,11624,11625,11625,1,1
2019-12-06 15:12:52.099,11624,11625,11625,10,10
2019-12-06 15:12:52.878,11624,11625,11624,1,-1
2019-12-06 15:12:53.602,11624,11625,11625,27,27
2019-12-06 15:12:53.680,11624,11625,11625,2,2
2019-12-06 15:12:53.705,11624,11625,11625,2,2
2019-12-06 15:12:53.730,11624,11625,11625,2,2
2019-12-06 15:12:53.756,11624,11625,11625,2,2
2019-12-06 15:12:53.781,11624,11625,11625,2,2
2019-12-06 15:12:53.817,11625,11626,11625,5,-5
2019-12-06 15:12:54.027,11625,11626,11625,1,-1
2019-12-06 15:12:54.998,11625,11626,11626,10,10
2019-12-06 15:12:55.150,11625,11626,11626,2,2
2019-12-06 15:12:56.031,11625,11626,11626,1,1
2019-12-06 15:12:56.076,11625,11626,11626,8,8
2019-12-06 15:12:56.180,11625,11626,11626,4,4
2019-12-06 15:12:56.608,11625,11626,11625,1,-1
2019-12-06 15:12:56.698,11625,11626,11626,3,3
2019-12-06 15:12:57.374,11625,11626,11626,2,2
2019-12-06 15:12:57.399,11625,11626,11626,2,2
2019-12-06 15:12:57.502,11625,11627,11626,5,-5
2019-12-06 15:12:57.857,11626,11627,11627,1,1
2019-12-06 15:12:59.082,11626,11627,11627,2,2
2019-12-06 15:13:02.317,11626,11627,11627,2,2
2019-12-06 15:13:04.219,11626,11627,11626,1,-1
2019-12-06 15:13:07.189,11626,11627,11627,1,1
2019-12-06 15:13:07.787,11626,11627,11626,3,-3
2019-12-06 15:13:12.748,11626,11627,11626,1,-1
2019-12-06 15:13:12.930,11626,11627,11627,4,4
2019-12-06 15:13:13.055,11626,11627,11627,26,26
2019-12-06 15:13:14.160,11627,11628,11627,1,-1
2019-12-06 15:13:18.523,11627,11628,11627,1,-1
2019-12-06 15:13:18.742,11627,11628,11627,1,-1
2019-12-06 15:13:23.541,11627,11628,11628,1,1
2019-12-06 15:13:26.980,11627,11628,11627,3,-3
2019-12-06 15:13:28.017,11627,11628,11628,1,1
2019-12-06 15:13:29.364,11627,11628,11628,1,1
2019-12-06 15:13:30.875,11627,11628,11628,1,1
2019-12-06 15:13:30.902,11627,11628,11628,2,2
2019-12-06 15:13:37.273,11627,11628,11628,3,3
2019-12-06 15:13:37.673,11627,11628,11627,1,-1
2019-12-06 15:13:38.690,11627,11628,11627,1,-1
2019-12-06 15:13:38.930,11627,11628,11627,11,-11
2019-12-06 15:13:41.263,11626,11627,11627,1,1
2019-12-06 15:13:41.821,11626,11627,11627,1,1
2019-12-06 15:13:42.259,11626,11627,11627,1,1
2019-12-06 15:13:42.735,11626,11627,11627,1,1
2019-12-06 15:13:43.617,11626,11627,11626,1,-1
2019-12-06 15:13:44.189,11626,11627,11627,2,2
2019-12-06 15:13:56.199,11626,11627,11627,1,1
2019-12-06 15:14:01.206,11626,11627,11627,1,1
2019-12-06 15:14:01.814,11626,11627,11627,5,5
2019-12-06 15:14:02.219,11626,11627,11627,9,9
2019-12-06 15:14:03.424,11626,11627,11627,1,1
2019-12-06 15:14:15.552,11626,11627,11626,1,-1
2019-12-06 15:14:19.481,11626,11627,11626,11,-11
2019-12-06 15:14:27.274,11625,11626,11626,4,4
2019-12-06 15:14:27.890,11625,11626,11626,1,1
2019-12-06 15:14:32.154,11625,11626,11626,1,1
2019-12-06 15:14:36.294,11625,11626,11626,1,1
2019-12-06 15:14:37.522,11625,11626,11626,1,1
2019-12-06 15:14:46.374,11625,11626,11625,1,-1
2019-12-06 15:14:48.459,11625,11626,11626,1,1
2019-12-06 15:14:50.265,11625,11626,11626,5,5
2019-12-06 15:14:51.910,11625,11626,11626,5,5
2019-12-06 15:15:02.357,11625,11626,11626,1,1
2019-12-06 15:15:12.516,11625,11626,11625,1,-1
2019-12-06 15:15:19.004,11625,11626,11625,2,-2
2019-12-06 15:15:25.530,11625,11626,11625,8,-8
2019-12-06 15:15:30.430,11624,11625,11625,1,1
2019-12-06 15:15:30.495,11624,11625,11625,1,1
2019-12-06 15:15:38.210,11624,11626,11624,1,-1
2019-12-06 15:15:40.917,11624,11625,11624,1,-1
2019-12-06 15:15:41.180,11624,11625,11625,1,1
2019-12-06 15:15:46.247,11625,11626,11625,1,-1
2019-12-06 15:15:51.398,11625,11626,11625,1,-1
2019-12-06 15:15:55.533,11625,11626,11625,3,-3
2019-12-06 15:16:03.572,11625,11626,11625,1,-1
2019-12-06 15:16:09.564,11624,11625,11624,1,-1
2019-12-06 15:16:13.296,11624,11625,11624,1,-1
2019-12-06 15:16:13.312,11624,11625,11625,1,1
2019-12-06 15:16:13.312,11624,11625,11625,1,1
2019-12-06 15:16:13.312,11624,11625,11625,1,1
2019-12-06 15:16:13.312,11624,11625,11625,3,3
2019-12-06 15:16:13.313,11624,11625,11626,2,2
2019-12-06 15:16:13.321,11624,11625,11626,1,1
2019-12-06 15:16:13.321,11624,11625,11626,2,2
2019-12-06 15:16:13.322,11624,11625,11626,1,1
2019-12-06 15:16:13.323,11624,11625,11626,1,1
2019-12-06 15:16:13.327,11624,11625,11626,1,1
2019-12-06 15:16:13.328,11624,11625,11626,1,1
2019-12-06 15:16:13.329,11624,11625,11626,1,1
2019-12-06 15:16:25.305,11624,11625,11625,4,4
2019-12-06 15:16:28.812,11624,11625,11625,1,1
2019-12-06 15:16:31.262,11624,11625,11625,4,4
2019-12-06 15:16:43.909,11624,11625,11625,1,1
2019-12-06 15:17:04.430,11624,11625,11625,1,1
2019-12-06 15:17:06.535,11624,11625,11624,1,-1
2019-12-06 15:18:03.550,11624,11625,11624,1,-1
2019-12-06 15:18:09.891,11624,11625,11625,1,1
2019-12-06 15:18:22.899,11624,11625,11624,2,-2
2019-12-06 15:18:23.108,11624,11625,11624,11,-11
2019-12-06 15:18:23.109,11624,11625,11624,1,-1
2019-12-06 15:18:59.874,11623,11624,11623,1,-1
2019-12-06 15:19:00.614,11623,11624,11623,1,-1
2019-12-06 15:19:02.570,11623,11624,11623,1,-1
2019-12-06 15:19:02.742,11623,11624,11623,1,-1
2019-12-06 15:19:03.476,11623,11624,11623,1,-1
2019-12-06 15:19:06.527,11623,11624,11623,1,-1
2019-12-06 15:19:14.781,11623,11624,11624,1,1
2019-12-06 15:19:14.805,11623,11624,11624,8,8
2019-12-06 15:19:14.875,11623,11624,11624,1,1
2019-12-06 15:19:14.894,11623,11624,11624,1,1
2019-12-06 15:19:14.930,11623,11624,11624,3,3
2019-12-06 15:19:15.312,11624,11625,11625,2,2
2019-12-06 15:19:15.322,11624,11625,11625,1,1
2019-12-06 15:19:15.369,11624,11625,11624,1,-1
2019-12-06 15:19:24.751,11624,11625,11624,1,-1
2019-12-06 15:19:36.044,11624,11625,11624,1,-1
2019-12-06 15:19:39.403,11624,11625,11624,1,-1
2019-12-06 15:19:55.079,11624,11625,11624,1,-1
2019-12-06 15:19:57.485,11624,11625,11624,1,-1
2019-12-06 15:19:58.277,11624,11625,11624,1,-1
2019-12-06 15:20:03.918,11624,11625,11624,2,-2
2019-12-06 15:20:04.356,11624,11625,11624,1,-1
2019-12-06 15:20:04.363,11624,11625,11624,2,-2
2019-12-06 15:20:04.741,11624,11625,11624,1,-1
2019-12-06 15:20:12.268,11624,11625,11624,2,-2
2019-12-06 15:20:14.826,11624,11625,11624,1,-1
2019-12-06 15:20:27.723,11623,11624,11624,1,1
2019-12-06 15:20:28.241,11624,11625,11624,1,-1
2019-12-06 15:20:30.326,11623,11624,11624,1,1
2019-12-06 15:20:33.547,11623,11624,11624,2,2
2019-12-06 15:20:33.739,11624,11625,11625,1,1
2019-12-06 15:20:49.305,11624,11625,11624,2,-2
2019-12-06 15:20:54.580,11623,11625,11623,1,-1
2019-12-06 15:20:54.951,11623,11625,11623,1,-1
2019-12-06 15:21:03.105,11623,11624,11624,1,1
2019-12-06 15:21:05.893,11623,11624,11624,1,1
2019-12-06 15:21:11.625,11623,11624,11623,1,-1
2019-12-06 15:21:21.061,11623,11624,11623,1,-1
2019-12-06 15:21:21.414,11623,11624,11624,1,1
2019-12-06 15:21:24.480,11623,11624,11624,1,1
2019-12-06 15:21:26.924,11623,11624,11624,1,1
2019-12-06 15:21:37.668,11623,11624,11624,4,4
2019-12-06 15:21:45.537,11624,11625,11624,1,-1
2019-12-06 15:21:51.565,11624,11625,11624,1,-1
2019-12-06 15:22:03.427,11624,11625,11624,5,-5
2019-12-06 15:22:27.654,11623,11624,11624,1,1
2019-12-06 15:22:38.352,11623,11624,11624,1,1
2019-12-06 15:22:48.303,11623,11624,11624,1,1
2019-12-06 15:22:48.487,11624,11625,11624,1,-1
2019-12-06 15:22:49.589,11624,11625,11624,1,-1
2019-12-06 15:22:51.012,11624,11625,11624,1,-1
2019-12-06 15:23:00.600,11624,11625,11624,1,-1
2019-12-06 15:23:11.505,11623,11624,11623,1,-1
2019-12-06 15:23:25.033,11623,11624,11624,1,1
2019-12-06 15:23:27.018,11623,11624,11624,3,3
2019-12-06 15:23:28.064,11623,11624,11624,1,1
2019-12-06 15:23:28.278,11623,11625,11623,1,-1
2019-12-06 15:23:45.494,11623,11624,11623,1,-1
2019-12-06 15:23:48.512,11623,11624,11623,1,-1
2019-12-06 15:24:01.971,11623,11624,11624,3,3
2019-12-06 15:24:14.673,11624,11625,11624,1,-1
2019-12-06 15:24:23.134,11624,11625,11624,5,-5
2019-12-06 15:24:41.097,11623,11624,11623,1,-1
2019-12-06 15:24:41.159,11623,11624,11624,1,1
2019-12-06 15:24:42.575,11623,11624,11623,1,-1
2019-12-06 15:24:48.665,11623,11624,11623,10,-10
2019-12-06 15:24:51.614,11623,11624,11624,1,1
2019-12-06 15:25:09.821,11623,11624,11624,1,1
2019-12-06 15:25:17.959,11623,11624,11624,2,2
2019-12-06 15:25:20.704,11623,11624,11623,1,-1
2019-12-06 15:25:39.503,11623,11624,11623,1,-1
2019-12-06 15:25:44.746,11623,11624,11623,1,-1
2019-12-06 15:26:17.179,11623,11624,11623,1,-1
2019-12-06 15:26:23.716,11623,11624,11623,5,-5
2019-12-06 15:26:25.153,11623,11624,11623,5,-5
2019-12-06 15:26:30.782,11623,11624,11623,5,-5
2019-12-06 15:26:32.380,11623,11624,11623,1,-1
2019-12-06 15:26:32.381,11623,11624,11623,1,-1
2019-12-06 15:26:32.381,11623,11624,11623,1,-1
2019-12-06 15:26:32.381,11623,11624,11623,2,-2
2019-12-06 15:26:32.430,11623,11624,11623,1,-1
2019-12-06 15:26:36.185,11623,11624,11623,1,-1
2019-12-06 15:26:36.559,11623,11624,11623,1,-1
2019-12-06 15:26:44.350,11623,11624,11623,6,-6
2019-12-06 15:26:50.162,11622,11623,11622,19,-19
2019-12-06 15:26:50.294,11622,11623,11622,19,-19
2019-12-06 15:26:50.663,11622,11623,11622,4,-4
2019-12-06 15:26:52.504,11621,11622,11621,5,-5
2019-12-06 15:26:52.768,11621,11622,11622,1,1
2019-12-06 15:26:53.036,11621,11622,11621,40,-40
2019-12-06 15:26:53.037,11621,11622,11621,3,-3
2019-12-06 15:26:53.037,11621,11622,11621,3,-3
2019-12-06 15:26:53.038,11621,11622,11621,1,-1
2019-12-06 15:26:53.055,11621,11622,11621,1,-1
2019-12-06 15:26:53.123,11621,11622,11621,2,-2
2019-12-06 15:26:53.180,11620,11622,11621,1,-1
2019-12-06 15:27:02.455,11620,11621,11621,1,1
2019-12-06 15:27:06.625,11620,11621,11620,1,-1
2019-12-06 15:27:06.700,11620,11621,11620,1,-1
2019-12-06 15:27:06.748,11620,11621,11620,1,-1
2019-12-06 15:27:06.819,11620,11621,11620,1,-1
2019-12-06 15:27:06.876,11620,11621,11620,1,-1
2019-12-06 15:27:06.907,11620,11621,11620,1,-1
2019-12-06 15:27:06.941,11620,11621,11620,1,-1
2019-12-06 15:27:06.962,11620,11621,11620,1,-1
2019-12-06 15:27:07.084,11620,11621,11620,1,-1
2019-12-06 15:27:07.124,11620,11621,11620,1,-1
2019-12-06 15:27:07.144,11620,11621,11620,1,-1
2019-12-06 15:27:07.170,11620,11621,11620,1,-1
2019-12-06 15:27:07.264,11620,11621,11620,1,-1
2019-12-06 15:27:09.415,11620,11621,11621,10,10
2019-12-06 15:27:10.753,11620,11621,11620,21,-21
2019-12-06 15:27:14.495,11620,11621,11621,10,10
2019-12-06 15:27:15.061,11620,11622,11620,2,-2
2019-12-06 15:27:22.438,11620,11622,11620,1,-1
2019-12-06 15:27:24.189,11621,11622,11621,1,1
2019-12-06 15:27:30.865,11620,11621,11621,1,1
2019-12-06 15:27:32.751,11620,11622,11620,1,-1
2019-12-06 15:27:33.510,11620,11622,11620,1,-1
2019-12-06 15:27:57.524,11620,11621,11620,1,-1
2019-12-06 15:28:00.747,11620,11621,11620,2,-2
2019-12-06 15:28:09.155,11620,11621,11620,1,-1
2019-12-06 15:28:14.020,11620,11621,11620,35,-35
2019-12-06 15:28:14.020,11620,11621,11619,62,-62
2019-12-06 15:28:14.056,11618,11619,11618,5,-5
2019-12-06 15:28:14.056,11618,11619,11619,3,3
2019-12-06 15:28:14.057,11618,11619,11619,3,3
2019-12-06 15:28:14.094,11618,11619,11618,1,-1
2019-12-06 15:28:14.223,11618,11619,11618,1,-1
2019-12-06 15:28:14.341,11618,11619,11618,1,-1
2019-12-06 15:28:19.777,11618,11619,11619,1,1
2019-12-06 15:28:21.404,11618,11619,11618,4,-4
2019-12-06 15:28:24.489,11618,11619,11618,4,-4
2019-12-06 15:28:25.610,11618,11619,11618,4,-4
2019-12-06 15:28:26.209,11618,11619,11618,1,-1
2019-12-06 15:28:27.517,11618,11619,11618,2,-2
2019-12-06 15:28:28.686,11618,11619,11619,1,1
2019-12-06 15:28:29.947,11618,11619,11618,2,-2
2019-12-06 15:28:30.306,11618,11619,11618,2,-2
2019-12-06 15:28:30.536,11618,11619,11618,2,-2
2019-12-06 15:28:30.550,11618,11619,11619,1,1
2019-12-06 15:28:30.555,11618,11619,11618,1,-1
2019-12-06 15:28:30.994,11618,11619,11618,3,-3
2019-12-06 15:28:31.254,11618,11619,11618,1,-1
2019-12-06 15:28:32.335,11618,11619,11618,1,-1
2019-12-06 15:28:32.372,11618,11619,11618,1,-1
2019-12-06 15:28:32.492,11618,11619,11619,1,1
2019-12-06 15:28:32.812,11618,11619,11618,1,-1
2019-12-06 15:28:33.830,11618,11619,11619,2,2
2019-12-06 15:28:34.297,11618,11619,11618,1,-1
2019-12-06 15:28:39.165,11618,11619,11618,3,-3
2019-12-06 15:28:39.798,11618,11619,11618,1,-1
2019-12-06 15:28:39.943,11618,11619,11618,2,-2
2019-12-06 15:28:41.076,11618,11619,11618,10,-10
2019-12-06 15:28:49.610,11617,11618,11618,1,1
2019-12-06 15:28:53.293,11617,11618,11617,1,-1
2019-12-06 15:28:53.465,11617,11618,11617,1,-1
2019-12-06 15:28:55.660,11617,11618,11617,1,-1
2019-12-06 15:28:57.461,11617,11618,11617,3,-3
2019-12-06 15:28:58.805,11617,11618,11617,3,-3
2019-12-06 15:28:59.641,11617,11618,11617,1,-1
2019-12-06 15:29:00.189,11617,11618,11617,1,-1
2019-12-06 15:29:00.429,11617,11618,11618,2,2
2019-12-06 15:29:02.164,11617,11618,11617,1,-1
2019-12-06 15:29:02.166,11617,11618,11618,6,6
2019-12-06 15:29:10.913,11617,11618,11618,1,1
2019-12-06 15:29:13.333,11617,11618,11618,3,3
2019-12-06 15:29:13.355,11617,11618,11619,1,1
2019-12-06 15:29:13.672,11618,11619,11619,1,1
2019-12-06 15:29:13.695,11618,11619,11619,1,1
2019-12-06 15:29:21.311,11618,11619,11618,1,-1
2019-12-06 15:29:23.273,11618,11619,11618,7,-7
2019-12-06 15:29:27.504,11618,11619,11618,1,-1
2019-12-06 15:29:28.359,11618,11619,11619,1,1
2019-12-06 15:29:28.847,11618,11619,11619,2,2
2019-12-06 15:29:32.550,11618,11619,11619,1,1
2019-12-06 15:29:34.065,11618,11619,11619,2,2
2019-12-06 15:29:34.269,11618,11619,11619,2,2
2019-12-06 15:29:35.254,11618,11619,11619,1,1
2019-12-06 15:29:36.540,11618,11619,11619,1,1
2019-12-06 15:29:37.305,11618,11619,11619,1,1
2019-12-06 15:29:37.305,11618,11619,11619,5,5
2019-12-06 15:29:38.409,11619,11620,11620,4,4
2019-12-06 15:29:41.559,11620,11621,11620,20,-20
2019-12-06 15:29:44.733,11620,11621,11620,1,-1
2019-12-06 15:29:45.342,11620,11621,11621,1,1
2019-12-06 15:29:45.883,11620,11621,11621,1,1
2019-12-06 15:29:49.114,11620,11621,11621,1,1
2019-12-06 15:29:49.844,11620,11621,11621,1,1
2019-12-06 15:29:51.274,11620,11621,11621,1,1
2019-12-06 15:29:56.301,11620,11621,11620,10,-10
2019-12-06 15:30:01.841,11620,11621,11620,1,-1
2019-12-06 15:30:02.389,11620,11621,11621,3,3
2019-12-06 15:30:05.371,11620,11621,11621,2,2
2019-12-06 15:30:06.550,11621,11622,11621,2,-2
2019-12-06 15:30:11.844,11620,11621,11620,1,-1
2019-12-06 15:30:12.359,11620,11621,11620,1,-1
2019-12-06 15:30:12.741,11620,11621,11620,1,-1
2019-12-06 15:30:18.583,11620,11621,11620,10,-10
2019-12-06 15:30:19.580,11619,11620,11620,1,1
2019-12-06 15:30:19.660,11619,11620,11620,2,2
2019-12-06 15:30:23.915,11619,11620,11619,2,-2
2019-12-06 15:30:23.986,11618,11619,11618,1,-1
2019-12-06 15:30:24.587,11618,11619,11618,1,-1
2019-12-06 15:30:29.069,11618,11619,11618,1,-1
2019-12-06 15:30:29.254,11618,11619,11618,1,-1
2019-12-06 15:30:30.894,11618,11619,11618,1,-1
2019-12-06 15:30:33.669,11618,11619,11618,1,-1
2019-12-06 15:30:35.934,11618,11619,11619,1,1
2019-12-06 15:30:36.683,11618,11619,11618,1,-1
2019-12-06 15:30:37.247,11618,11619,11619,8,8
2019-12-06 15:30:37.551,11618,11620,11618,1,-1
2019-12-06 15:30:47.072,11618,11619,11619,1,1
2019-12-06 15:30:51.108,11618,11619,11618,4,-4
2019-12-06 15:31:03.158,11618,11619,11619,1,1
2019-12-06 15:31:04.720,11618,11619,11619,18,18
2019-12-06 15:31:04.720,11618,11619,11619,3,3
2019-12-06 15:31:04.721,11618,11619,11619,3,3
2019-12-06 15:31:04.721,11618,11619,11619,1,1
2019-12-06 15:31:05.157,11618,11619,11619,2,2
2019-12-06 15:31:07.275,11618,11619,11619,1,1
2019-12-06 15:31:07.607,11618,11619,11619,1,1
2019-12-06 15:31:13.306,11618,11619,11619,1,1
2019-12-06 15:31:14.837,11618,11619,11618,3,-3
2019-12-06 15:31:14.869,11618,11619,11619,1,1
2019-12-06 15:31:16.104,11618,11619,11619,1,1
2019-12-06 15:31:18.339,11618,11619,11618,4,-4
2019-12-06 15:31:19.542,11618,11619,11618,1,-1
2019-12-06 15:31:20.418,11618,11619,11618,1,-1
2019-12-06 15:31:21.504,11618,11619,11618,1,-1
2019-12-06 15:31:23.945,11618,11619,11619,1,1
2019-12-06 15:31:23.945,11618,11619,11619,3,3
2019-12-06 15:31:24.048,11618,11619,11619,1,1
2019-12-06 15:31:34.596,11619,11620,11619,3,-3
2019-12-06 15:31:35.708,11618,11620,11620,2,2
2019-12-06 15:31:51.770,11619,11620,11620,1,1
2019-12-06 15:31:53.092,11619,11620,11620,1,1
2019-12-06 15:32:12.098,11619,11620,11619,5,-5
2019-12-06 15:32:16.776,11619,11620,11619,3,-3
2019-12-06 15:32:18.531,11619,11620,11619,1,-1
2019-12-06 15:32:18.905,11619,11620,11619,1,-1
2019-12-06 15:32:27.023,11619,11620,11619,2,-2
2019-12-06 15:32:29.882,11619,11620,11619,2,-2
2019-12-06 15:32:30.397,11619,11620,11619,1,-1
2019-12-06 15:32:43.383,11619,11620,11619,1,-1
2019-12-06 15:32:43.430,11619,11620,11619,1,-1
2019-12-06 15:32:46.557,11618,11619,11619,1,1
2019-12-06 15:32:47.732,11618,11619,11619,1,1
2019-12-06 15:32:48.953,11618,11619,11619,2,2
2019-12-06 15:32:49.024,11618,11619,11619,1,1
2019-12-06 15:32:59.218,11619,11620,11619,1,-1
2019-12-06 15:33:07.335,11619,11620,11619,2,-2
2019-12-06 15:33:07.463,11619,11620,11619,1,-1
2019-12-06 15:33:14.033,11619,11620,11620,4,4
2019-12-06 15:33:15.550,11619,11620,11619,1,-1
2019-12-06 15:33:16.709,11619,11620,11619,1,-1
2019-12-06 15:33:20.786,11619,11620,11620,1,1
2019-12-06 15:33:23.865,11619,11620,11620,1,1
2019-12-06 15:33:24.719,11619,11620,11620,1,1
2019-12-06 15:33:24.719,11619,11620,11621,1,1
2019-12-06 15:33:50.759,11620,11621,11620,1,-1
2019-12-06 15:33:54.107,11620,11621,11620,1,-1
2019-12-06 15:33:54.374,11620,11621,11621,1,1
2019-12-06 15:33:58.340,11620,11621,11621,1,1
2019-12-06 15:34:04.001,11620,11621,11620,1,-1
2019-12-06 15:34:12.561,11620,11621,11620,1,-1
2019-12-06 15:34:30.218,11620,11621,11620,3,-3
2019-12-06 15:34:32.106,11619,11621,11621,1,1
2019-12-06 15:34:44.037,11620,11621,11621,2,2
2019-12-06 15:34:55.378,11620,11621,11620,3,-3
2019-12-06 15:34:55.378,11620,11621,11620,3,-3
2019-12-06 15:34:55.430,11620,11621,11620,1,-1
2019-12-06 15:35:09.523,11620,11621,11620,1,-1
2019-12-06 15:35:10.158,11620,11621,11620,7,-7
2019-12-06 15:35:10.544,11620,11621,11621,2,2
2019-12-06 15:35:11.304,11620,11621,11621,8,8
2019-12-06 15:35:11.513,11620,11621,11621,4,4
2019-12-06 15:35:11.517,11620,11621,11621,4,4
2019-12-06 15:35:29.933,11620,11621,11621,1,1
2019-12-06 15:35:30.348,11620,11621,11621,1,1
2019-12-06 15:35:31.580,11620,11621,11621,3,3
2019-12-06 15:36:01.770,11620,11621,11621,1,1
2019-12-06 15:36:02.764,11620,11621,11621,1,1
2019-12-06 15:36:03.253,11620,11621,11621,1,1
2019-12-06 15:36:06.466,11620,11621,11621,6,6
2019-12-06 15:36:06.562,11620,11621,11620,1,-1
2019-12-06 15:36:10.311,11620,11621,11620,1,-1
2019-12-06 15:36:11.573,11620,11621,11621,2,2
2019-12-06 15:36:30.679,11620,11621,11621,1,1
2019-12-06 15:36:43.230,11620,11621,11620,1,-1
2019-12-06 15:36:43.465,11620,11621,11621,1,1
2019-12-06 15:36:44.966,11620,11621,11621,1,1
2019-12-06 15:36:59.237,11620,11621,11621,1,1
2019-12-06 15:36:59.237,11620,11621,11621,8,8
2019-12-06 15:37:01.863,11621,11622,11622,1,1
2019-12-06 15:37:03.571,11621,11622,11621,1,-1
2019-12-06 15:37:06.940,11621,11622,11622,1,1
2019-12-06 15:37:08.429,11621,11622,11622,1,1
2019-12-06 15:37:09.887,11621,11622,11622,1,1
2019-12-06 15:37:14.626,11621,11622,11622,1,1
2019-12-06 15:37:14.626,11621,11622,11622,2,2
2019-12-06 15:37:14.626,11621,11622,11622,3,3
2019-12-06 15:37:14.626,11621,11622,11622,9,9
2019-12-06 15:37:14.626,11621,11622,11622,1,1
2019-12-06 15:37:18.163,11622,11623,11622,1,-1
2019-12-06 15:37:21.208,11622,11623,11623,4,4
2019-12-06 15:37:30.288,11623,11624,11624,4,4
2019-12-06 15:37:30.342,11623,11624,11623,1,-1
2019-12-06 15:37:30.553,11623,11624,11623,1,-1
2019-12-06 15:37:30.788,11622,11623,11623,1,1
2019-12-06 15:37:59.643,11622,11623,11623,2,2
2019-12-06 15:38:00.573,11622,11623,11622,1,-1
2019-12-06 15:38:10.664,11622,11623,11622,1,-1
2019-12-06 15:38:12.613,11622,11623,11623,1,1
2019-12-06 15:38:13.697,11622,11623,11622,1,-1
2019-12-06 15:38:17.180,11622,11623,11622,1,-1
2019-12-06 15:38:26.459,11621,11622,11622,1,1
2019-12-06 15:38:26.459,11621,11622,11623,1,1
2019-12-06 15:38:26.815,11621,11623,11623,1,1
2019-12-06 15:38:27.148,11622,11623,11623,2,2
2019-12-06 15:38:27.931,11622,11623,11623,1,1
2019-12-06 15:38:57.490,11622,11623,11622,1,-1
2019-12-06 15:39:10.674,11622,11623,11622,1,-1
2019-12-06 15:39:11.443,11622,11623,11622,1,-1
2019-12-06 15:39:15.762,11622,11623,11622,1,-1
2019-12-06 15:39:17.483,11622,11623,11622,13,-13
2019-12-06 15:39:34.882,11621,11622,11621,1,-1
2019-12-06 15:39:43.729,11621,11622,11621,1,-1
2019-12-06 15:39:54.494,11621,11622,11621,1,-1
2019-12-06 15:39:57.558,11621,11622,11621,4,-4
2019-12-06 15:40:02.769,11621,11622,11621,4,-4
2019-12-06 15:40:06.142,11621,11622,11622,1,1
2019-12-06 15:40:18.415,11621,11622,11622,2,2
2019-12-06 15:40:30.986,11621,11622,11622,1,1
2019-12-06 15:40:37.024,11621,11622,11622,1,1
2019-12-06 15:40:37.055,11621,11622,11622,2,2
2019-12-06 15:40:37.055,11621,11622,11622,1,1
2019-12-06 15:40:37.119,11621,11622,11622,1,1
2019-12-06 15:40:37.180,11621,11622,11622,1,1
2019-12-06 15:40:37.180,11621,11622,11622,2,2
2019-12-06 15:40:37.180,11621,11622,11622,1,1
2019-12-06 15:40:51.590,11622,11623,11622,1,-1
2019-12-06 15:40:56.556,11622,11623,11622,3,-3
2019-12-06 15:41:01.245,11621,11622,11622,1,1
2019-12-06 15:41:21.306,11621,11622,11622,1,1
2019-12-06 15:41:22.885,11621,11622,11622,1,1
2019-12-06 15:41:24.274,11621,11622,11622,1,1
2019-12-06 15:41:25.998,11621,11622,11622,1,1
2019-12-06 15:41:45.765,11621,11622,11622,1,1
2019-12-06 15:41:48.505,11621,11622,11621,1,-1
2019-12-06 15:41:51.748,11621,11622,11621,2,-2
2019-12-06 15:42:03.351,11621,11622,11621,8,-8
2019-12-06 15:42:09.921,11620,11621,11620,1,-1
2019-12-06 15:42:13.469,11620,11621,11621,2,2
2019-12-06 15:42:26.698,11621,11622,11621,1,-1
2019-12-06 15:42:34.932,11621,11622,11621,1,-1
2019-12-06 15:42:45.047,11620,11621,11621,1,1
2019-12-06 15:42:45.559,11620,11621,11620,1,-1
2019-12-06 15:42:48.115,11620,11621,11621,2,2
2019-12-06 15:42:49.003,11620,11621,11620,4,-4
2019-12-06 15:42:49.726,11620,11621,11621,1,1
2019-12-06 15:42:58.855,11620,11621,11621,1,1
2019-12-06 15:43:09.351,11620,11621,11621,1,1
2019-12-06 15:43:10.561,11620,11621,11621,1,1
2019-12-06 15:43:24.671,11620,11621,11620,3,-3
2019-12-06 15:43:25.292,11620,11621,11620,2,-2
2019-12-06 15:43:26.424,11620,11621,11620,1,-1
2019-12-06 15:43:42.510,11620,11621,11620,1,-1
2019-12-06 15:44:10.547,11620,11621,11620,1,-1
2019-12-06 15:44:39.557,11620,11621,11620,1,-1
2019-12-06 15:44:54.944,11620,11621,11620,3,-3
2019-12-06 15:45:08.469,11620,11621,11620,1,-1
2019-12-06 15:45:36.584,11620,11621,11620,1,-1
2019-12-06 15:46:21.724,11620,11621,11621,1,1
2019-12-06 15:46:24.306,11620,11621,11621,1,1
2019-12-06 15:46:33.589,11620,11621,11620,1,-1
2019-12-06 15:46:54.758,11620,11621,11621,3,3
2019-12-06 15:46:58.056,11620,11621,11621,1,1
2019-12-06 15:47:10.061,11620,11621,11621,1,1
2019-12-06 15:47:17.793,11620,11621,11621,1,1
2019-12-06 15:47:20.340,11620,11621,11621,1,1
2019-12-06 15:47:30.536,11620,11621,11620,1,-1
2019-12-06 15:47:59.438,11620,11621,11620,4,-4
2019-12-06 15:48:14.511,11620,11621,11620,8,-8
2019-12-06 15:48:14.555,11620,11621,11620,19,-19
2019-12-06 15:48:14.555,11620,11621,11620,4,-4
2019-12-06 15:48:14.555,11620,11621,11620,1,-1
2019-12-06 15:48:14.555,11620,11621,11620,8,-8
2019-12-06 15:48:15.447,11619,11620,11620,4,4
2019-12-06 15:48:15.567,11619,11620,11620,2,2
2019-12-06 15:48:15.734,11619,11620,11620,2,2
2019-12-06 15:48:26.748,11619,11620,11620,1,1
2019-12-06 15:48:27.505,11619,11620,11619,1,-1
2019-12-06 15:48:28.619,11619,11620,11620,1,1
2019-12-06 15:48:30.752,11619,11620,11620,1,1
2019-12-06 15:48:45.311,11619,11620,11620,5,5
2019-12-06 15:48:47.032,11619,11620,11620,1,1
2019-12-06 15:49:00.144,11619,11620,11619,5,-5
2019-12-06 15:49:02.895,11619,11620,11619,5,-5
2019-12-06 15:49:05.408,11619,11620,11619,5,-5
2019-12-06 15:49:07.945,11619,11620,11619,2,-2
2019-12-06 15:49:10.556,11619,11620,11619,1,-1
2019-12-06 15:49:11.362,11619,11620,11619,2,-2
2019-12-06 15:49:14.866,11619,11620,11619,1,-1
2019-12-06 15:49:14.952,11619,11620,11619,2,-2
2019-12-06 15:49:15.065,11619,11620,11619,4,-4
2019-12-06 15:49:17.413,11619,11620,11619,1,-1
2019-12-06 15:49:18.944,11619,11620,11619,1,-1
2019-12-06 15:49:24.226,11619,11620,11619,1,-1
2019-12-06 15:49:24.538,11619,11620,11619,1,-1
2019-12-06 15:49:24.839,11619,11620,11619,1,-1
2019-12-06 15:49:27.170,11619,11620,11619,1,-1
2019-12-06 15:49:30.395,11619,11620,11619,1,-1
2019-12-06 15:49:31.661,11619,11620,11619,4,-4
2019-12-06 15:49:33.576,11619,11620,11619,1,-1
2019-12-06 15:49:38.510,11619,11620,11619,1,-1
2019-12-06 15:49:41.722,11619,11620,11619,1,-1
2019-12-06 15:49:50.235,11619,11620,11619,4,-4
2019-12-06 15:50:02.823,11619,11620,11620,1,1
2019-12-06 15:50:03.723,11619,11620,11620,6,6
2019-12-06 15:50:13.737,11620,11621,11620,2,-2
2019-12-06 15:50:13.738,11620,11621,11620,3,-3
2019-12-06 15:50:21.499,11619,11621,11619,1,-1
2019-12-06 15:50:57.305,11619,11620,11620,6,6
2019-12-06 15:51:16.659,11620,11621,11620,1,-1
2019-12-06 15:51:18.504,11620,11621,11620,1,-1
2019-12-06 15:51:38.758,11620,11621,11620,4,-4
2019-12-06 15:51:51.246,11620,11621,11620,1,-1
2019-12-06 15:52:01.687,11620,11621,11620,3,-3
2019-12-06 15:52:01.805,11620,11621,11620,1,-1
2019-12-06 15:52:15.513,11620,11621,11620,1,-1
2019-12-06 15:52:32.326,11620,11621,11620,1,-1
2019-12-06 15:52:40.711,11620,11621,11620,1,-1
2019-12-06 15:52:48.098,11620,11621,11620,1,-1
2019-12-06 15:53:00.574,11619,11620,11620,1,1
2019-12-06 15:53:11.112,11619,11620,11620,2,2
2019-12-06 15:53:12.497,11619,11620,11619,1,-1
2019-12-06 15:53:17.918,11619,11620,11619,1,-1
2019-12-06 15:53:31.438,11620,11621,11620,1,1
2019-12-06 15:53:31.445,11620,11621,11620,2,-2
2019-12-06 15:53:36.707,11620,11621,11620,1,-1
2019-12-06 15:53:43.454,11620,11621,11620,1,-1
2019-12-06 15:53:47.323,11620,11621,11620,1,-1
2019-12-06 15:54:09.512,11620,11621,11620,1,-1
2019-12-06 15:54:52.410,11620,11621,11620,1,-1
2019-12-06 15:55:06.143,11620,11621,11621,5,5
2019-12-06 15:55:06.529,11620,11621,11620,1,-1
2019-12-06 15:55:13.481,11620,11621,11621,1,1
2019-12-06 15:55:19.037,11620,11621,11620,3,-3
2019-12-06 15:55:19.037,11620,11621,11620,3,-3
2019-12-06 15:55:19.055,11620,11621,11620,1,-1
2019-12-06 15:55:19.055,11620,11621,11620,3,-3
2019-12-06 15:55:44.414,11619,11620,11620,4,4
2019-12-06 15:55:55.288,11619,11620,11620,1,1
2019-12-06 15:56:03.521,11619,11620,11619,1,-1
2019-12-06 15:56:08.556,11619,11620,11620,7,7
2019-12-06 15:56:08.911,11620,11621,11620,1,-1
2019-12-06 15:56:21.328,11620,11621,11620,1,-1
2019-12-06 15:56:22.145,11620,11621,11621,1,1
2019-12-06 15:56:28.574,11620,11621,11620,1,-1
2019-12-06 15:56:42.273,11620,11621,11620,1,-1
2019-12-06 15:56:54.155,11620,11621,11620,1,-1
2019-12-06 15:57:00.581,11620,11621,11620,1,-1
2019-12-06 15:57:03.041,11620,11621,11620,2,-2
2019-12-06 15:57:07.735,11620,11621,11620,1,-1
2019-12-06 15:57:11.211,11620,11621,11620,5,-5
2019-12-06 15:57:12.034,11620,11621,11620,1,-1
2019-12-06 15:57:29.883,11620,11621,11620,1,-1
2019-12-06 15:57:30.807,11620,11621,11621,3,3
2019-12-06 15:57:54.736,11620,11621,11621,1,1
2019-12-06 15:57:57.517,11620,11621,11620,1,-1
2019-12-06 15:58:02.076,11620,11621,11621,2,2
2019-12-06 15:58:30.696,11620,11621,11621,1,1
2019-12-06 15:58:54.506,11620,11621,11620,1,-1
2019-12-06 15:59:04.126,11620,11621,11620,1,-1
2019-12-06 15:59:09.523,11620,11621,11620,3,-3
2019-12-06 15:59:20.217,11620,11621,11620,2,-2
2019-12-06 15:59:23.842,11620,11621,11621,1,1
2019-12-06 15:59:43.134,11620,11621,11621,4,4
2019-12-06 15:59:51.582,11620,11621,11620,1,-1
2019-12-06 15:59:58.856,11620,11621,11620,1,-1
2019-12-06 16:00:00.606,11620,11621,11620,4,-4
2019-12-06 16:00:00.606,11620,11621,11620,1,-1
2019-12-06 16:00:00.919,11619,11620,11619,1,-1
2019-12-06 16:00:01.213,11619,11620,11619,1,-1
2019-12-06 16:00:30.185,11619,11620,11620,1,1
2019-12-06 16:00:30.305,11619,11620,11620,2,2
2019-12-06 16:00:31.254,11620,11621,11620,3,-3
2019-12-06 16:00:35.178,11620,11621,11620,6,-6
2019-12-06 16:00:48.586,11620,11621,11620,1,-1
2019-12-06 16:00:54.834,11620,11621,11621,1,1
2019-12-06 16:01:02.327,11620,11621,11620,1,-1
2019-12-06 16:01:03.107,11620,11621,11620,4,-4
2019-12-06 16:01:03.107,11620,11621,11619,1,-1
2019-12-06 16:01:03.235,11619,11621,11621,6,6
2019-12-06 16:01:05.736,11619,11621,11621,21,21
2019-12-06 16:01:05.736,11619,11621,11622,4,4
2019-12-06 16:01:06.674,11620,11621,11620,1,-1
2019-12-06 16:01:07.585,11619,11620,11619,1,-1
2019-12-06 16:01:11.552,11619,11620,11619,22,-22
2019-12-06 16:01:12.910,11618,11619,11618,4,-4
2019-12-06 16:01:12.977,11618,11619,11618,5,-5
2019-12-06 16:01:13.124,11618,11619,11619,1,1
2019-12-06 16:01:14.239,11618,11619,11618,4,-4
2019-12-06 16:01:15.391,11618,11619,11618,4,-4
2019-12-06 16:01:17.217,11618,11619,11618,4,-4
2019-12-06 16:01:19.129,11618,11619,11618,5,-5
2019-12-06 16:01:20.973,11618,11619,11618,2,-2
2019-12-06 16:01:22.019,11618,11619,11618,1,-1
2019-12-06 16:01:27.125,11618,11619,11619,1,1
2019-12-06 16:01:34.053,11618,11619,11619,3,3
2019-12-06 16:01:45.572,11618,11619,11618,1,-1
2019-12-06 16:01:46.104,11618,11619,11618,1,-1
2019-12-06 16:01:47.820,11618,11619,11619,1,1
2019-12-06 16:02:10.946,11618,11619,11619,1,1
2019-12-06 16:02:34.017,11618,11619,11619,2,2
2019-12-06 16:02:36.488,11618,11619,11618,1,-1
2019-12-06 16:02:42.515,11618,11619,11618,1,-1
2019-12-06 16:02:44.288,11618,11619,11619,4,4
2019-12-06 16:02:44.447,11618,11619,11619,2,2
2019-12-06 16:02:44.447,11618,11619,11620,2,2
2019-12-06 16:02:47.653,11619,11620,11620,1,1
2019-12-06 16:02:55.905,11619,11620,11620,9,9
2019-12-06 16:02:55.905,11619,11620,11621,16,16
2019-12-06 16:02:56.276,11620,11621,11620,1,-1
2019-12-06 16:02:56.977,11620,11621,11620,15,-15
2019-12-06 16:02:58.210,11620,11621,11620,1,-1
2019-12-06 16:03:00.555,11619,11620,11620,1,1
2019-12-06 16:03:01.391,11620,11621,11621,1,1
2019-12-06 16:03:05.546,11620,11621,11620,1,-1
2019-12-06 16:03:06.380,11620,11621,11620,2,-2
2019-12-06 16:03:06.482,11620,11621,11620,2,-2
2019-12-06 16:03:08.173,11620,11621,11620,1,-1
2019-12-06 16:03:09.841,11620,11621,11620,8,-8
2019-12-06 16:03:09.930,11619,11620,11620,2,2
2019-12-06 16:03:27.596,11620,11621,11620,6,-6
2019-12-06 16:03:39.502,11619,11620,11619,1,-1
2019-12-06 16:03:53.678,11619,11620,11620,5,5
2019-12-06 16:03:54.489,11619,11620,11619,1,-1
2019-12-06 16:03:54.818,11619,11620,11620,1,1
2019-12-06 16:03:59.824,11619,11620,11619,18,-18
2019-12-06 16:03:59.930,11619,11620,11619,5,-5
2019-12-06 16:04:06.430,11619,11620,11619,2,-2
2019-12-06 16:04:15.500,11618,11620,11618,1,-1
2019-12-06 16:04:17.598,11618,11620,11618,1,-1
2019-12-06 16:04:24.547,11618,11619,11619,3,3
2019-12-06 16:04:36.555,11619,11621,11619,1,-1
2019-12-06 16:04:43.520,11619,11620,11619,1,-1
2019-12-06 16:05:00.132,11619,11620,11620,3,3
2019-12-06 16:05:00.132,11619,11620,11620,1,1
2019-12-06 16:05:00.447,11620,11621,11620,1,-1
2019-12-06 16:05:00.678,11620,11621,11620,2,-2
2019-12-06 16:05:07.108,11620,11621,11620,1,-1
2019-12-06 16:05:08.005,11619,11620,11620,1,1
2019-12-06 16:05:08.210,11619,11621,11619,1,-1
2019-12-06 16:05:32.578,11620,11621,11620,1,1
2019-12-06 16:05:33.486,11619,11621,11619,1,-1
2019-12-06 16:05:52.105,11620,11621,11620,2,2
2019-12-06 16:06:21.525,11620,11621,11620,1,-1
2019-12-06 16:06:30.534,11620,11621,11620,1,-1
2019-12-06 16:06:33.817,11620,11621,11621,1,1
2019-12-06 16:06:34.452,11620,11621,11621,6,6
2019-12-06 16:06:34.556,11621,11622,11622,3,3
2019-12-06 16:06:34.556,11621,11622,11622,1,1
2019-12-06 16:06:36.202,11621,11622,11622,1,1
2019-12-06 16:06:36.306,11621,11622,11622,1,1
2019-12-06 16:06:55.040,11621,11622,11622,1,1
2019-12-06 16:06:57.932,11621,11622,11621,1,-1
2019-12-06 16:07:02.422,11621,11622,11622,1,1
2019-12-06 16:07:06.299,11621,11622,11622,1,1
2019-12-06 16:07:10.522,11621,11622,11621,1,-1
2019-12-06 16:07:16.846,11621,11622,11622,17,17
2019-12-06 16:07:16.846,11621,11622,11622,9,9
2019-12-06 16:07:27.549,11622,11623,11622,1,-1
2019-12-06 16:07:29.936,11622,11623,11623,1,1
2019-12-06 16:07:29.936,11622,11623,11623,1,1
2019-12-06 16:07:29.936,11622,11623,11623,1,1
2019-12-06 16:07:30.370,11622,11623,11623,1,1
2019-12-06 16:07:33.051,11622,11623,11623,9,9
2019-12-06 16:07:33.539,11623,11624,11624,1,1
2019-12-06 16:07:34.443,11623,11624,11624,1,1
2019-12-06 16:07:37.657,11623,11624,11624,19,19
2019-12-06 16:07:38.478,11623,11624,11624,2,2
2019-12-06 16:07:38.550,11623,11624,11624,1,1
2019-12-06 16:07:39.731,11623,11624,11624,1,1
2019-12-06 16:07:40.076,11623,11624,11624,2,2
2019-12-06 16:07:41.001,11623,11624,11624,2,2
2019-12-06 16:07:44.829,11623,11624,11624,1,1
2019-12-06 16:07:45.271,11623,11624,11624,1,1
2019-12-06 16:07:47.778,11624,11625,11625,4,4
2019-12-06 16:07:48.111,11624,11625,11625,1,1
2019-12-06 16:07:50.486,11624,11625,11624,1,-1
2019-12-06 16:07:54.673,11624,11625,11624,1,-1
2019-12-06 16:07:59.495,11624,11625,11624,1,-1
2019-12-06 16:08:01.711,11624,11625,11625,1,1
2019-12-06 16:08:06.230,11624,11625,11625,1,1
2019-12-06 16:08:07.261,11624,11625,11625,1,1
2019-12-06 16:08:08.757,11624,11625,11625,1,1
2019-12-06 16:08:12.168,11624,11625,11625,5,5
2019-12-06 16:08:12.369,11624,11625,11625,6,6
2019-12-06 16:08:13.261,11624,11625,11625,5,5
2019-12-06 16:08:13.305,11624,11625,11625,1,1
2019-12-06 16:08:15.118,11624,11625,11625,1,1
2019-12-06 16:08:15.567,11624,11625,11625,1,1
2019-12-06 16:08:17.764,11624,11625,11625,1,1
2019-12-06 16:08:18.442,11624,11625,11625,2,2
2019-12-06 16:08:18.800,11624,11625,11625,1,1
2019-12-06 16:08:21.416,11624,11625,11625,1,1
2019-12-06 16:08:22.587,11624,11625,11625,5,5
2019-12-06 16:08:24.500,11624,11625,11624,1,-1
2019-12-06 16:08:25.699,11624,11625,11625,3,3
2019-12-06 16:08:26.194,11624,11625,11625,1,1
2019-12-06 16:08:26.757,11624,11625,11625,2,2
2019-12-06 16:08:32.637,11624,11625,11625,3,3
2019-12-06 16:08:33.494,11624,11625,11625,2,2
2019-12-06 16:08:35.352,11624,11625,11625,1,1
2019-12-06 16:08:35.852,11624,11625,11625,1,1
2019-12-06 16:08:36.941,11624,11625,11625,1,1
2019-12-06 16:08:39.612,11624,11625,11625,2,2
2019-12-06 16:08:40.314,11624,11625,11625,1,1
2019-12-06 16:08:40.806,11624,11626,11626,1,1
2019-12-06 16:08:41.194,11625,11626,11626,1,1
2019-12-06 16:08:41.244,11625,11626,11626,1,1
2019-12-06 16:08:41.261,11625,11626,11626,1,1
2019-12-06 16:08:41.321,11625,11626,11626,1,1
2019-12-06 16:08:41.847,11625,11626,11626,1,1
2019-12-06 16:08:43.179,11625,11626,11626,2,2
2019-12-06 16:08:43.585,11625,11626,11625,1,-1
2019-12-06 16:08:44.156,11625,11626,11625,2,-2
2019-12-06 16:08:44.557,11625,11626,11626,1,1
2019-12-06 16:08:48.515,11625,11626,11625,1,-1
2019-12-06 16:08:49.938,11625,11626,11626,5,5
2019-12-06 16:08:50.093,11625,11626,11626,1,1
2019-12-06 16:08:50.228,11625,11626,11626,1,1
2019-12-06 16:08:54.510,11625,11626,11626,1,1
2019-12-06 16:08:56.115,11625,11626,11626,1,1
2019-12-06 16:09:00.610,11625,11626,11626,1,1
2019-12-06 16:09:03.347,11625,11626,11626,5,5
2019-12-06 16:09:08.448,11625,11626,11626,5,5
2019-12-06 16:09:08.925,11625,11626,11626,2,2
2019-12-06 16:09:11.316,11625,11626,11626,1,1
2019-12-06 16:09:12.400,11625,11626,11626,1,1
2019-12-06 16:09:13.769,11625,11626,11626,1,1
2019-12-06 16:09:16.858,11625,11626,11626,10,10
2019-12-06 16:09:21.506,11625,11626,11625,1,-1
2019-12-06 16:09:22.927,11625,11626,11626,1,1
2019-12-06 16:09:23.682,11625,11626,11626,1,1
2019-12-06 16:09:25.153,11625,11626,11626,1,1
2019-12-06 16:09:29.160,11625,11626,11626,5,5
2019-12-06 16:09:29.319,11625,11626,11626,2,2
2019-12-06 16:09:29.572,11625,11626,11625,1,-1
2019-12-06 16:09:35.545,11625,11626,11625,1,-1
2019-12-06 16:09:35.555,11625,11626,11625,2,-2
2019-12-06 16:09:35.555,11625,11626,11625,9,-9
2019-12-06 16:09:35.555,11625,11626,11625,5,-5
2019-12-06 16:09:35.555,11625,11626,11625,2,-2
2019-12-06 16:09:35.556,11625,11626,11625,3,-3
2019-12-06 16:09:35.680,11625,11626,11625,2,-2
2019-12-06 16:09:35.680,11625,11626,11625,4,-4
2019-12-06 16:09:35.680,11625,11626,11625,2,-2
2019-12-06 16:09:35.680,11625,11626,11625,7,-7
2019-12-06 16:09:35.843,11624,11625,11624,3,-3
2019-12-06 16:09:37.412,11624,11625,11625,1,1
2019-12-06 16:09:37.559,11624,11625,11624,1,-1
2019-12-06 16:09:44.293,11624,11625,11625,1,1
2019-12-06 16:09:45.958,11624,11625,11624,1,-1
2019-12-06 16:09:55.069,11624,11625,11624,10,-10
2019-12-06 16:09:55.311,11624,11625,11624,1,-1
2019-12-06 16:09:55.320,11624,11625,11624,2,-2
2019-12-06 16:09:55.883,11624,11625,11624,1,-1
2019-12-06 16:09:55.962,11624,11625,11624,3,-3
2019-12-06 16:09:55.962,11624,11625,11624,3,-3
2019-12-06 16:09:59.881,11623,11624,11624,1,1
2019-12-06 16:10:03.032,11623,11624,11623,1,-1
2019-12-06 16:10:04.971,11623,11624,11624,1,1
2019-12-06 16:10:07.323,11623,11624,11624,1,1
2019-12-06 16:10:07.609,11623,11624,11624,6,6
2019-12-06 16:10:09.876,11623,11624,11624,1,1
2019-12-06 16:10:09.930,11623,11624,11624,2,2
2019-12-06 16:10:12.437,11624,11625,11624,1,-1
2019-12-06 16:10:12.927,11624,11625,11624,3,-3
2019-12-06 16:10:13.677,11623,11624,11624,1,1
2019-12-06 16:10:18.583,11623,11624,11623,1,-1
2019-12-06 16:10:26.592,11623,11624,11623,1,-1
2019-12-06 16:10:29.006,11623,11624,11623,2,-2
2019-12-06 16:10:34.941,11623,11624,11624,10,10
2019-12-06 16:10:44.337,11623,11624,11624,1,1
2019-12-06 16:11:01.926,11624,11625,11624,11,-11
2019-12-06 16:11:15.549,11623,11624,11623,1,-1
2019-12-06 16:11:15.647,11623,11624,11623,1,-1
2019-12-06 16:11:17.658,11623,11624,11624,1,1
2019-12-06 16:11:23.421,11623,11624,11624,5,5
2019-12-06 16:11:33.424,11623,11624,11624,5,5
2019-12-06 16:11:34.153,11623,11624,11623,1,-1
2019-12-06 16:11:39.148,11623,11624,11623,1,-1
2019-12-06 16:11:43.655,11623,11624,11624,3,3
2019-12-06 16:11:51.237,11623,11624,11623,9,-9
2019-12-06 16:11:51.603,11622,11623,11623,1,1
2019-12-06 16:11:52.870,11622,11623,11623,1,1
2019-12-06 16:11:59.994,11622,11623,11623,5,5
2019-12-06 16:12:02.089,11622,11623,11623,5,5
2019-12-06 16:12:02.824,11622,11624,11624,1,1
2019-12-06 16:12:03.021,11623,11624,11624,1,1
2019-12-06 16:12:04.573,11623,11624,11623,1,-1
2019-12-06 16:12:05.131,11623,11624,11623,3,-3
2019-12-06 16:12:06.272,11623,11624,11623,1,-1
2019-12-06 16:12:07.388,11623,11624,11624,1,1
2019-12-06 16:12:07.535,11623,11624,11624,1,1
2019-12-06 16:12:12.548,11623,11624,11623,1,-1
2019-12-06 16:12:15.574,11623,11624,11624,1,1
2019-12-06 16:12:15.838,11623,11624,11624,1,1
2019-12-06 16:12:15.863,11623,11624,11624,1,1
2019-12-06 16:12:15.874,11623,11624,11624,1,1
2019-12-06 16:12:15.876,11623,11624,11624,1,1
2019-12-06 16:12:20.970,11623,11624,11624,1,1
2019-12-06 16:12:20.971,11623,11624,11625,1,1
2019-12-06 16:12:20.996,11623,11624,11625,1,1
2019-12-06 16:12:21.069,11623,11624,11624,1,1
2019-12-06 16:12:21.120,11623,11624,11625,1,1
2019-12-06 16:12:22.359,11623,11625,11623,2,-2
2019-12-06 16:12:24.112,11623,11624,11623,2,-2
2019-12-06 16:12:27.284,11623,11624,11624,1,1
2019-12-06 16:12:27.356,11623,11624,11624,1,1
2019-12-06 16:12:32.992,11624,11625,11625,1,1
2019-12-06 16:12:35.859,11624,11625,11624,1,-1
2019-12-06 16:12:38.974,11624,11625,11625,1,1
2019-12-06 16:12:38.986,11624,11625,11625,1,1
2019-12-06 16:12:38.988,11624,11625,11625,1,1
2019-12-06 16:12:39.050,11624,11625,11625,1,1
2019-12-06 16:12:39.078,11624,11625,11625,1,1
2019-12-06 16:12:44.713,11624,11625,11625,1,1
2019-12-06 16:12:44.873,11624,11625,11625,1,1
2019-12-06 16:12:45.089,11624,11625,11625,1,1
2019-12-06 16:12:51.029,11624,11625,11625,1,1
2019-12-06 16:12:53.545,11624,11625,11624,1,-1
2019-12-06 16:12:56.721,11624,11625,11625,1,1
2019-12-06 16:12:56.968,11624,11625,11625,1,1
2019-12-06 16:12:57.027,11624,11625,11625,1,1
2019-12-06 16:12:57.081,11624,11625,11625,1,1
2019-12-06 16:12:57.119,11624,11625,11625,1,1
2019-12-06 16:12:59.442,11624,11625,11625,1,1
2019-12-06 16:13:00.914,11624,11625,11625,1,1
2019-12-06 16:13:01.069,11624,11625,11625,1,1
2019-12-06 16:13:03.308,11624,11625,11625,1,1
2019-12-06 16:13:05.306,11624,11625,11625,1,1
2019-12-06 16:13:05.307,11624,11625,11625,1,1
2019-12-06 16:13:05.473,11624,11625,11625,1,1
2019-12-06 16:13:05.681,11624,11625,11625,1,1
2019-12-06 16:13:05.743,11624,11625,11625,1,1
2019-12-06 16:13:05.768,11624,11625,11626,1,1
2019-12-06 16:13:07.843,11624,11625,11624,1,-1
2019-12-06 16:13:09.526,11624,11625,11624,1,-1
2019-12-06 16:13:10.549,11624,11625,11625,1,1
2019-12-06 16:13:11.011,11624,11625,11625,1,1
2019-12-06 16:13:14.820,11625,11626,11626,1,1
2019-12-06 16:13:15.327,11625,11626,11625,1,-1
2019-12-06 16:13:15.907,11625,11626,11626,1,1
2019-12-06 16:13:15.910,11625,11626,11626,1,1
2019-12-06 16:13:20.842,11625,11626,11626,1,1
2019-12-06 16:13:20.846,11625,11626,11626,1,1
2019-12-06 16:13:21.739,11625,11626,11625,6,-6
2019-12-06 16:13:22.341,11625,11626,11626,1,1
2019-12-06 16:13:25.680,11625,11626,11626,1,1
2019-12-06 16:13:25.716,11625,11626,11626,1,1
2019-12-06 16:13:25.810,11625,11626,11626,1,1
2019-12-06 16:13:25.831,11625,11626,11626,1,1
2019-12-06 16:13:28.637,11625,11626,11625,4,-4
2019-12-06 16:13:30.809,11624,11626,11626,1,1
2019-12-06 16:13:30.812,11624,11626,11626,1,1
2019-12-06 16:13:30.815,11624,11626,11626,1,1
2019-12-06 16:13:30.818,11624,11626,11626,1,1
2019-12-06 16:13:30.863,11624,11626,11626,1,1
2019-12-06 16:13:30.896,11624,11626,11626,1,1
2019-12-06 16:13:35.967,11624,11626,11626,1,1
2019-12-06 16:13:35.995,11624,11626,11626,1,1
2019-12-06 16:13:40.422,11625,11626,11626,1,1
2019-12-06 16:13:40.423,11625,11626,11626,1,1
2019-12-06 16:13:42.514,11625,11626,11625,1,-1
2019-12-06 16:13:43.228,11625,11626,11626,1,1
2019-12-06 16:13:45.503,11625,11626,11626,1,1
2019-12-06 16:13:45.702,11625,11626,11626,1,1
2019-12-06 16:13:50.635,11625,11626,11626,1,1
2019-12-06 16:13:50.856,11625,11626,11626,1,1
2019-12-06 16:13:51.021,11625,11626,11626,1,1
2019-12-06 16:13:56.847,11625,11626,11626,1,1
2019-12-06 16:13:57.121,11625,11626,11626,1,1
2019-12-06 16:13:57.188,11625,11626,11626,1,1
2019-12-06 16:13:57.495,11625,11626,11625,1,-1
2019-12-06 16:14:00.523,11625,11626,11625,1,-1
2019-12-06 16:14:01.039,11624,11625,11625,1,1
2019-12-06 16:14:01.422,11624,11626,11626,1,1
2019-12-06 16:14:01.425,11624,11626,11626,1,1
2019-12-06 16:14:01.471,11624,11626,11626,1,1
2019-12-06 16:14:01.526,11624,11626,11626,1,1
2019-12-06 16:14:02.660,11625,11626,11625,2,-2
2019-12-06 16:14:05.004,11624,11626,11624,1,-1
2019-12-06 16:14:05.889,11624,11626,11626,1,1
2019-12-06 16:14:05.900,11624,11626,11626,1,1
2019-12-06 16:14:05.903,11624,11626,11626,1,1
2019-12-06 16:14:06.606,11625,11626,11625,1,-1
2019-12-06 16:14:13.490,11625,11626,11625,2,-2
2019-12-06 16:14:15.461,11625,11626,11625,2,-2
2019-12-06 16:14:19.850,11625,11626,11625,2,-2
2019-12-06 16:14:31.550,11625,11626,11625,1,-1
2019-12-06 16:14:34.715,11625,11626,11626,15,15
2019-12-06 16:14:36.269,11625,11626,11625,1,-1
2019-12-06 16:14:45.775,11625,11626,11626,2,2
2019-12-06 16:14:59.721,11625,11626,11626,1,1
2019-12-06 16:15:00.006,11625,11626,11626,1,1
2019-12-06 16:15:03.565,11625,11626,11625,1,-1
2019-12-06 16:15:04.932,11625,11626,11625,1,-1
2019-12-06 16:15:07.459,11625,11626,11626,1,1
2019-12-06 16:15:20.570,11625,11626,11625,1,-1
2019-12-06 16:15:23.819,11625,11626,11625,9,-9
2019-12-06 16:15:23.930,11624,11625,11625,1,1
2019-12-06 16:15:46.015,11624,11625,11624,2,-2
2019-12-06 16:16:00.539,11624,11625,11624,1,-1
2019-12-06 16:16:02.310,11624,11625,11624,1,-1
2019-12-06 16:16:08.003,11624,11625,11624,2,-2
2019-12-06 16:16:09.549,11624,11625,11624,1,-1
2019-12-06 16:16:13.465,11624,11625,11624,1,-1
2019-12-06 16:16:22.169,11624,11625,11624,16,-16
2019-12-06 16:16:23.431,11623,11624,11623,19,-19
2019-12-06 16:16:23.555,11623,11624,11623,5,-5
2019-12-06 16:16:23.603,11623,11624,11623,3,-3
2019-12-06 16:16:23.635,11623,11624,11623,2,-2
2019-12-06 16:16:23.635,11623,11624,11623,1,-1
2019-12-06 16:16:23.681,11623,11624,11623,3,-3
2019-12-06 16:16:23.956,11623,11624,11623,1,-1
2019-12-06 16:16:24.024,11623,11624,11623,2,-2
2019-12-06 16:16:24.662,11623,11624,11623,2,-2
2019-12-06 16:16:24.728,11622,11624,11622,1,-1
2019-12-06 16:16:31.368,11622,11623,11623,1,1
2019-12-06 16:16:43.337,11622,11623,11623,1,1
2019-12-06 16:16:50.092,11622,11623,11622,7,-7
2019-12-06 16:16:57.510,11622,11623,11622,1,-1
2019-12-06 16:16:58.522,11622,11623,11622,1,-1
2019-12-06 16:17:02.839,11622,11623,11623,5,5
2019-12-06 16:17:08.871,11622,11623,11623,1,1
2019-12-06 16:17:25.485,11623,11624,11624,1,1
2019-12-06 16:17:32.987,11623,11624,11624,2,2
2019-12-06 16:17:36.358,11623,11625,11625,1,1
2019-12-06 16:17:47.551,11624,11625,11624,1,-1
2019-12-06 16:17:51.681,11624,11625,11624,1,-1
2019-12-06 16:17:54.513,11624,11625,11624,1,-1
2019-12-06 16:18:00.003,11623,11625,11623,1,-1
2019-12-06 16:18:09.726,11623,11624,11623,1,-1
2019-12-06 16:18:17.511,11623,11624,11623,1,-1
2019-12-06 16:18:31.866,11623,11624,11623,1,-1
2019-12-06 16:18:36.555,11623,11624,11623,1,-1
2019-12-06 16:18:40.885,11623,11624,11623,2,-2
2019-12-06 16:18:44.335,11622,11623,11622,4,-4
2019-12-06 16:18:51.567,11622,11623,11622,1,-1
2019-12-06 16:18:53.865,11622,11623,11622,1,-1
2019-12-06 16:18:54.265,11622,11623,11622,1,-1
2019-12-06 16:19:04.463,11622,11623,11622,1,-1
2019-12-06 16:19:06.615,11622,11623,11622,2,-2
2019-12-06 16:19:07.813,11621,11622,11621,1,-1
2019-12-06 16:19:20.868,11621,11622,11621,1,-1
2019-12-06 16:19:21.456,11621,11622,11621,1,-1
2019-12-06 16:19:21.555,11621,11622,11621,9,-9
2019-12-06 16:19:25.487,11620,11621,11620,1,-1
2019-12-06 16:19:44.212,11620,11621,11620,1,-1
2019-12-06 16:19:47.056,11620,11621,11620,9,-9
2019-12-06 16:19:48.527,11620,11621,11620,1,-1
2019-12-06 16:19:49.510,11620,11621,11620,2,-2
2019-12-06 16:19:50.639,11620,11621,11620,1,-1
2019-12-06 16:19:50.883,11620,11621,11620,1,-1
2019-12-06 16:19:51.585,11620,11621,11620,1,-1
2019-12-06 16:20:03.571,11620,11621,11621,5,5
2019-12-06 16:20:14.495,11621,11622,11621,1,-1
2019-12-06 16:20:17.052,11621,11622,11622,1,1
2019-12-06 16:20:17.456,11621,11622,11622,4,4
2019-12-06 16:20:22.381,11622,11623,11623,4,4
2019-12-06 16:20:38.779,11622,11624,11624,1,1
2019-12-06 16:20:38.831,11622,11624,11624,1,1
2019-12-06 16:20:45.590,11622,11623,11622,1,-1
2019-12-06 16:21:03.606,11622,11623,11622,1,-1
2019-12-06 16:21:07.651,11622,11623,11622,3,-3
2019-12-06 16:21:22.719,11622,11623,11623,8,8
2019-12-06 16:21:31.075,11623,11624,11623,1,-1
2019-12-06 16:21:31.573,11623,11624,11623,1,-1
2019-12-06 16:21:37.169,11623,11624,11623,1,-1
2019-12-06 16:21:42.497,11623,11624,11623,1,-1
2019-12-06 16:21:52.568,11623,11624,11623,1,-1
2019-12-06 16:22:07.485,11623,11624,11624,1,1
2019-12-06 16:22:09.409,11623,11624,11624,1,1
2019-12-06 16:22:25.057,11623,11624,11623,2,-2
2019-12-06 16:22:34.950,11623,11624,11623,1,-1
2019-12-06 16:22:39.515,11623,11624,11623,1,-1
2019-12-06 16:22:40.133,11623,11624,11623,1,-1
2019-12-06 16:22:41.529,11623,11624,11623,1,-1
2019-12-06 16:23:16.597,11623,11624,11624,1,1
2019-12-06 16:23:30.542,11623,11624,11623,1,-1
2019-12-06 16:23:34.703,11623,11624,11623,1,-1
2019-12-06 16:23:36.560,11623,11624,11623,1,-1
2019-12-06 16:24:19.533,11623,11624,11623,1,-1
2019-12-06 16:24:21.214,11623,11624,11623,1,-1
2019-12-06 16:24:33.587,11623,11624,11623,1,-1
2019-12-06 16:25:03.169,11622,11623,11623,1,1
2019-12-06 16:25:08.497,11622,11623,11622,1,-1
2019-12-06 16:25:14.652,11622,11623,11622,1,-1
2019-12-06 16:25:15.166,11622,11623,11622,1,-1
2019-12-06 16:25:18.013,11622,11623,11622,1,-1
2019-12-06 16:25:19.399,11622,11623,11622,4,-4
2019-12-06 16:25:30.588,11621,11622,11621,1,-1
2019-12-06 16:25:35.805,11621,11622,11622,2,2
2019-12-06 16:25:46.170,11622,11623,11622,1,-1
2019-12-06 16:25:57.535,11621,11622,11621,1,-1
2019-12-06 16:26:27.523,11621,11622,11621,1,-1
2019-12-06 16:26:34.555,11621,11622,11622,1,1
2019-12-06 16:26:45.329,11622,11623,11622,10,-10
2019-12-06 16:26:46.570,11622,11623,11622,1,-1
2019-12-06 16:26:53.420,11621,11622,11622,1,1
2019-12-06 16:27:04.136,11621,11622,11622,1,1
2019-12-06 16:27:14.630,11621,11622,11622,1,1
2019-12-06 16:27:15.461,11621,11622,11622,1,1
2019-12-06 16:27:17.213,11621,11622,11622,1,1
2019-12-06 16:27:24.574,11621,11622,11621,1,-1
2019-12-06 16:27:31.631,11621,11622,11621,4,-4
2019-12-06 16:27:35.590,11621,11622,11621,1,-1
2019-12-06 16:27:35.680,11621,11622,11621,1,-1
2019-12-06 16:27:36.519,11620,11621,11621,1,1
2019-12-06 16:27:37.208,11620,11621,11621,1,1
2019-12-06 16:27:47.487,11620,11621,11621,1,1
2019-12-06 16:28:20.626,11620,11621,11621,1,1
2019-12-06 16:28:21.014,11620,11621,11621,1,1
2019-12-06 16:28:21.512,11620,11621,11620,1,-1
2019-12-06 16:28:21.770,11620,11621,11621,1,1
2019-12-06 16:28:24.523,11620,11621,11620,1,-1
2019-12-06 16:28:33.113,11620,11621,11621,1,1
2019-12-06 16:28:41.970,11620,11621,11621,1,1
2019-12-06 16:28:47.339,11621,11622,11621,1,-1
2019-12-06 16:28:54.992,11621,11622,11621,2,-2
2019-12-06 16:29:13.519,11621,11622,11621,1,-1
2019-12-06 16:29:18.553,11621,11622,11621,1,-1
2019-12-06 16:29:47.225,11621,11622,11621,1,-1
2019-12-06 16:30:01.034,11620,11621,11620,2,-2
2019-12-06 16:30:01.680,11620,11621,11620,1,-1
2019-12-06 16:30:01.695,11620,11621,11620,1,-1
2019-12-06 16:30:02.457,11620,11621,11620,1,-1
2019-12-06 16:30:02.546,11620,11621,11620,1,-1
2019-12-06 16:30:02.666,11620,11621,11620,1,-1
2019-12-06 16:30:02.684,11620,11621,11620,1,-1
2019-12-06 16:30:05.105,11620,11621,11620,19,-19
2019-12-06 16:30:07.254,11619,11620,11620,1,1
2019-12-06 16:30:15.630,11619,11620,11619,1,-1
2019-12-06 16:30:17.622,11619,11620,11620,1,1
2019-12-06 16:30:42.767,11619,11620,11620,1,1
2019-12-06 16:30:47.535,11619,11620,11620,1,1
2019-12-06 16:30:51.594,11619,11620,11619,1,-1
2019-12-06 16:30:59.042,11619,11620,11619,12,-12
2019-12-06 16:31:01.628,11618,11619,11618,2,-2
2019-12-06 16:31:02.009,11618,11619,11618,1,-1
2019-12-06 16:31:02.209,11618,11619,11618,1,-1
2019-12-06 16:31:02.265,11618,11619,11618,1,-1
2019-12-06 16:31:02.376,11618,11619,11618,1,-1
2019-12-06 16:31:08.517,11618,11619,11618,1,-1
2019-12-06 16:31:12.615,11618,11619,11618,1,-1
2019-12-06 16:31:15.067,11618,11619,11618,1,-1
2019-12-06 16:31:21.343,11618,11619,11618,1,-1
2019-12-06 16:31:25.320,11618,11619,11619,5,5
2019-12-06 16:31:32.301,11618,11619,11619,1,1
2019-12-06 16:31:35.437,11618,11619,11619,1,1
2019-12-06 16:31:39.906,11618,11619,11619,1,1
2019-12-06 16:31:40.610,11619,11620,11619,1,-1
2019-12-06 16:31:45.076,11619,11620,11620,2,2
2019-12-06 16:31:45.273,11619,11620,11620,2,2
2019-12-06 16:31:45.480,11619,11620,11620,2,2
2019-12-06 16:31:47.204,11619,11620,11619,1,-1
2019-12-06 16:31:50.876,11619,11620,11619,2,-2
2019-12-06 16:31:51.449,11619,11620,11619,1,-1
2019-12-06 16:31:51.582,11619,11620,11619,1,-1
2019-12-06 16:31:52.547,11619,11620,11619,1,-1
2019-12-06 16:32:00.121,11619,11620,11619,1,-1
2019-12-06 16:32:08.063,11619,11620,11619,1,-1
2019-12-06 16:32:09.521,11619,11620,11619,1,-1
2019-12-06 16:32:29.537,11619,11620,11619,1,-1
2019-12-06 16:32:34.442,11619,11620,11619,2,-2
2019-12-06 16:32:36.655,11619,11620,11620,2,2
2019-12-06 16:32:53.915,11619,11620,11619,1,-1
2019-12-06 16:32:54.519,11619,11620,11619,3,-3
2019-12-06 16:33:06.568,11619,11620,11619,1,-1
2019-12-06 16:33:16.740,11619,11620,11619,1,-1
2019-12-06 16:33:18.597,11619,11620,11619,1,-1
2019-12-06 16:33:20.236,11619,11620,11619,1,-1
2019-12-06 16:33:30.769,11619,11620,11619,1,-1
2019-12-06 16:33:32.781,11619,11620,11620,9,9
2019-12-06 16:33:57.123,11620,11621,11620,1,-1
2019-12-06 16:34:03.580,11620,11621,11620,1,-1
2019-12-06 16:34:07.529,11620,11621,11620,1,-1
2019-12-06 16:34:14.978,11620,11621,11621,1,1
2019-12-06 16:34:16.561,11620,11621,11620,1,-1
2019-12-06 16:34:41.080,11620,11621,11620,4,-4
2019-12-06 16:34:44.056,11620,11621,11621,2,2
2019-12-06 16:34:46.126,11620,11621,11621,1,1
2019-12-06 16:34:46.683,11620,11621,11621,1,1
2019-12-06 16:34:47.251,11620,11621,11620,18,-18
2019-12-06 16:34:48.096,11619,11620,11620,1,1
2019-12-06 16:34:55.782,11619,11620,11620,1,1
2019-12-06 16:34:56.514,11619,11620,11619,1,-1
2019-12-06 16:34:57.218,11619,11620,11620,1,1
2019-12-06 16:35:00.571,11619,11621,11619,1,-1
2019-12-06 16:35:20.503,11619,11620,11619,1,-1
2019-12-06 16:35:29.953,11619,11620,11619,3,-3
2019-12-06 16:35:32.448,11619,11620,11619,1,-1
2019-12-06 16:35:45.352,11619,11620,11619,1,-1
2019-12-06 16:35:45.557,11619,11620,11619,1,-1
2019-12-06 16:36:02.234,11619,11620,11619,1,-1
2019-12-06 16:36:25.579,11619,11620,11620,4,4
2019-12-06 16:36:34.583,11620,11621,11620,1,-1
2019-12-06 16:36:44.334,11620,11621,11620,1,-1
2019-12-06 16:36:46.148,11620,11621,11621,1,1
2019-12-06 16:36:52.394,11620,11621,11621,1,1
2019-12-06 16:36:56.553,11620,11621,11621,4,4
2019-12-06 16:37:00.123,11621,11622,11622,1,1
2019-12-06 16:37:23.494,11621,11622,11621,1,-1
2019-12-06 16:37:26.413,11621,11622,11622,1,1
2019-12-06 16:37:27.166,11621,11622,11622,1,1
2019-12-06 16:37:37.492,11621,11622,11622,1,1
2019-12-06 16:37:47.754,11621,11622,11622,1,1
2019-12-06 16:38:05.558,11621,11622,11622,1,1
2019-12-06 16:38:12.599,11621,11622,11621,1,-1
2019-12-06 16:38:17.599,11621,11622,11622,1,1
2019-12-06 16:38:19.632,11621,11622,11621,1,-1
2019-12-06 16:38:54.335,11621,11622,11622,1,1
2019-12-06 16:39:01.509,11621,11622,11621,1,-1
2019-12-06 16:39:10.979,11621,11622,11622,2,2
2019-12-06 16:39:16.403,11621,11622,11622,1,1
2019-12-06 16:39:42.017,11621,11622,11621,2,-2
2019-12-06 16:39:42.835,11621,11622,11621,2,-2
2019-12-06 16:39:43.498,11621,11622,11621,1,-1
2019-12-06 16:39:44.535,11621,11622,11621,1,-1
2019-12-06 16:39:49.292,11621,11622,11621,1,-1
2019-12-06 16:39:50.590,11621,11622,11621,1,-1
2019-12-06 16:39:51.998,11621,11622,11621,1,-1
2019-12-06 16:40:19.115,11621,11622,11621,3,-3
2019-12-06 16:40:25.318,11621,11622,11621,1,-1
2019-12-06 16:40:35.029,11621,11622,11621,3,-3
2019-12-06 16:40:39.558,11621,11622,11621,1,-1
2019-12-06 16:40:45.614,11621,11622,11621,1,-1
2019-12-06 16:40:59.033,11621,11622,11621,5,-5
2019-12-06 16:41:11.511,11621,11622,11621,1,-1
2019-12-06 16:41:28.531,11621,11622,11621,1,-1
2019-12-06 16:41:40.267,11621,11622,11621,1,-1
2019-12-06 16:42:01.846,11621,11622,11621,1,-1
2019-12-06 16:42:08.771,11621,11622,11621,2,-2
2019-12-06 16:42:08.771,11621,11622,11620,1,-1
2019-12-06 16:42:14.579,11620,11621,11621,1,1
2019-12-06 16:42:17.584,11620,11622,11620,1,-1
2019-12-06 16:42:44.055,11620,11621,11621,2,2
2019-12-06 16:43:06.571,11620,11622,11620,1,-1
2019-12-06 16:43:32.335,11621,11622,11621,1,1
2019-12-06 16:43:54.119,11621,11622,11622,2,2
2019-12-06 16:43:55.596,11621,11622,11621,1,-1
2019-12-06 16:44:28.570,11621,11622,11621,1,-1
2019-12-06 16:44:34.171,11621,11622,11622,1,1
2019-12-06 16:44:44.552,11621,11622,11621,1,-1
2019-12-06 16:45:00.924,11621,11622,11621,1,-1
2019-12-06 16:45:04.516,11621,11622,11622,10,10
2019-12-06 16:45:11.920,11622,11623,11622,1,-1
2019-12-06 16:45:15.915,11622,11623,11622,1,-1
2019-12-06 16:45:16.293,11622,11623,11623,4,4
2019-12-06 16:45:16.925,11622,11623,11623,1,1
2019-12-06 16:45:16.971,11622,11623,11623,5,5
2019-12-06 16:45:17.398,11622,11624,11624,4,4
2019-12-06 16:45:21.713,11623,11624,11624,4,4
2019-12-06 16:45:24.459,11623,11624,11624,5,5
2019-12-06 16:45:31.321,11623,11624,11624,5,5
2019-12-06 16:45:33.533,11623,11624,11623,1,-1
2019-12-06 16:46:09.989,11623,11624,11624,1,1
2019-12-06 16:46:22.537,11623,11624,11623,1,-1
2019-12-06 16:46:43.763,11623,11624,11623,2,-2
2019-12-06 16:46:47.223,11623,11624,11623,1,-1
2019-12-06 16:47:11.569,11623,11624,11623,1,-1
2019-12-06 16:47:49.199,11623,11624,11623,1,-1
2019-12-06 16:47:49.442,11623,11624,11623,10,-10
2019-12-06 16:47:51.865,11622,11623,11623,2,2
2019-12-06 16:48:00.593,11622,11623,11622,1,-1
2019-12-06 16:48:01.458,11622,11623,11623,1,1
2019-12-06 16:48:12.511,11622,11623,11623,1,1
2019-12-06 16:48:49.537,11622,11623,11622,1,-1
2019-12-06 16:49:28.055,11622,11623,11623,3,3
2019-12-06 16:49:38.594,11622,11623,11622,1,-1
2019-12-06 16:50:02.627,11622,11623,11622,1,-1
2019-12-06 16:50:03.800,11622,11623,11623,2,2
2019-12-06 16:50:05.394,11622,11623,11623,1,1
2019-12-06 16:50:14.018,11622,11623,11623,3,3
2019-12-06 16:50:27.611,11623,11624,11623,1,-1
2019-12-06 16:51:06.454,11623,11624,11623,1,-1
2019-12-06 16:51:10.188,11623,11624,11624,2,2
2019-12-06 16:51:16.517,11623,11624,11623,1,-1
2019-12-06 16:52:00.585,11623,11624,11623,10,-10
2019-12-06 16:52:05.519,11622,11623,11622,1,-1
2019-12-06 16:52:09.939,11622,11623,11623,1,1
2019-12-06 16:52:10.180,11622,11623,11622,10,-10
2019-12-06 16:52:10.306,11622,11623,11622,4,-4
2019-12-06 16:52:54.577,11621,11622,11621,1,-1
2019-12-06 16:53:02.266,11621,11622,11621,1,-1
2019-12-06 16:53:02.395,11621,11622,11621,1,-1
2019-12-06 16:53:03.572,11621,11622,11621,1,-1
2019-12-06 16:53:03.713,11621,11622,11621,1,-1
2019-12-06 16:53:07.089,11621,11622,11621,1,-1
2019-12-06 16:53:07.202,11621,11622,11621,1,-1
2019-12-06 16:53:07.939,11621,11622,11621,1,-1
2019-12-06 16:53:19.815,11621,11622,11621,2,-2
2019-12-06 16:53:35.320,11621,11622,11621,1,-1
2019-12-06 16:53:39.087,11621,11622,11621,5,-5
2019-12-06 16:53:43.570,11621,11622,11621,1,-1
2019-12-06 16:53:47.419,11621,11622,11621,1,-1
2019-12-06 16:53:47.969,11621,11622,11621,5,-5
2019-12-06 16:53:59.875,11620,11622,11620,3,-3
2019-12-06 16:54:18.204,11621,11622,11621,1,1
2019-12-06 16:54:23.056,11621,11622,11621,5,-5
2019-12-06 16:54:25.948,11621,11622,11621,1,-1
2019-12-06 16:54:30.171,11620,11621,11620,2,-2
2019-12-06 16:54:30.988,11620,11621,11621,10,10
2019-12-06 16:54:32.142,11620,11621,11621,5,5
2019-12-06 16:54:32.564,11621,11622,11621,1,-1
2019-12-06 16:54:34.768,11621,11622,11621,1,-1
2019-12-06 16:54:59.746,11621,11622,11621,1,-1
2019-12-06 16:55:01.379,11621,11622,11621,1,-1
2019-12-06 16:55:03.072,11621,11622,11621,1,-1
2019-12-06 16:55:16.239,11621,11622,11621,5,-5
2019-12-06 16:55:21.587,11621,11622,11621,1,-1
2019-12-06 16:55:27.767,11621,11622,11621,3,-3
2019-12-06 16:55:49.102,11621,11622,11621,1,-1
2019-12-06 16:56:00.592,11621,11622,11622,1,1
2019-12-06 16:56:01.475,11621,11622,11622,1,1
2019-12-06 16:56:01.681,11621,11622,11622,4,4
2019-12-06 16:56:08.575,11622,11623,11623,4,4
2019-12-06 16:56:10.518,11623,11624,11623,1,-1
2019-12-06 16:56:13.435,11623,11624,11624,1,1
2019-12-06 16:56:15.138,11623,11624,11624,1,1
2019-12-06 16:56:33.124,11623,11624,11624,8,8
2019-12-06 16:56:39.005,11623,11624,11624,1,1
2019-12-06 16:56:42.305,11623,11624,11624,1,1
2019-12-06 16:56:55.570,11624,11625,11624,2,-2
2019-12-06 16:56:59.545,11623,11625,11623,1,-1
2019-12-06 16:57:11.311,11623,11624,11624,1,1
2019-12-06 16:57:11.693,11623,11624,11624,1,1
2019-12-06 16:57:11.717,11623,11624,11624,2,2
2019-12-06 16:57:11.717,11623,11624,11625,1,1
2019-12-06 16:57:11.810,11623,11625,11625,3,3
2019-12-06 16:57:11.880,11623,11625,11625,1,1
2019-12-06 16:57:11.909,11623,11625,11625,2,2
2019-12-06 16:57:11.964,11623,11625,11625,3,3
2019-12-06 16:57:12.060,11624,11625,11625,3,3
2019-12-06 16:57:12.063,11624,11625,11625,2,2
2019-12-06 16:57:12.087,11624,11625,11625,1,1
2019-12-06 16:57:12.187,11624,11625,11625,3,3
2019-12-06 16:57:12.209,11624,11625,11625,3,3
2019-12-06 16:57:12.409,11624,11625,11625,2,2
2019-12-06 16:57:12.409,11624,11625,11625,1,1
2019-12-06 16:57:12.420,11624,11625,11625,3,3
2019-12-06 16:57:12.565,11624,11625,11625,1,1
2019-12-06 16:57:13.664,11624,11625,11625,1,1
2019-12-06 16:57:34.561,11624,11625,11625,1,1
2019-12-06 16:57:45.185,11624,11625,11625,1,1
2019-12-06 16:57:46.766,11624,11625,11625,3,3
2019-12-06 16:57:47.725,11624,11625,11625,12,12
2019-12-06 16:57:47.725,11624,11625,11626,39,39
2019-12-06 16:57:47.805,11624,11626,11626,4,4
2019-12-06 16:57:47.805,11624,11626,11626,6,6
2019-12-06 16:57:47.932,11625,11626,11626,1,1
2019-12-06 16:57:48.567,11625,11627,11625,1,-1
2019-12-06 16:57:59.373,11625,11626,11625,1,-1
2019-12-06 16:58:02.445,11625,11626,11625,1,-1
2019-12-06 16:58:18.293,11625,11626,11625,1,-1
2019-12-06 16:58:37.611,11625,11626,11625,1,-1
2019-12-06 16:58:37.680,11625,11626,11625,4,-4
2019-12-06 16:58:37.805,11625,11626,11625,1,-1
2019-12-06 16:58:39.303,11624,11625,11625,1,1
2019-12-06 16:59:10.680,11624,11625,11625,2,2
2019-12-06 16:59:26.533,11625,11626,11625,1,-1
2019-12-06 16:59:32.313,11625,11626,11626,1,1
2019-12-06 16:59:34.536,11625,11626,11626,1,1
2019-12-06 16:59:38.557,11625,11626,11626,2,2
2019-12-06 16:59:44.680,11624,11625,11625,1,1
2019-12-06 17:00:10.526,11625,11626,11625,1,-1
2019-12-06 17:00:11.111,11625,11626,11626,26,26
2019-12-06 17:00:13.025,11625,11626,11626,2,2
2019-12-06 17:00:15.111,11625,11626,11626,1,1
2019-12-06 17:00:15.550,11625,11626,11625,1,-1
2019-12-06 17:00:20.565,11625,11626,11626,3,3
2019-12-06 17:00:45.597,11625,11626,11625,8,-8
2019-12-06 17:00:54.067,11624,11625,11624,1,-1
2019-12-06 17:01:04.525,11624,11625,11624,1,-1
2019-12-06 17:01:13.732,11624,11625,11624,1,-1
2019-12-06 17:01:36.850,11624,11625,11625,1,1
2019-12-06 17:01:36.853,11624,11625,11625,1,1
2019-12-06 17:01:37.125,11624,11625,11625,1,1
2019-12-06 17:01:37.307,11624,11625,11625,1,1
2019-12-06 17:01:48.270,11624,11625,11625,3,3
2019-12-06 17:01:50.343,11624,11625,11625,2,2
2019-12-06 17:01:53.525,11624,11625,11624,1,-1
2019-12-06 17:01:54.236,11624,11625,11625,1,1
2019-12-06 17:02:26.962,11624,11625,11625,2,2
2019-12-06 17:02:42.515,11624,11625,11624,1,-1
2019-12-06 17:02:55.053,11624,11625,11625,1,1
2019-12-06 17:03:07.446,11624,11625,11625,1,1
2019-12-06 17:03:11.136,11624,11625,11625,1,1
2019-12-06 17:03:12.114,11624,11625,11625,5,5
2019-12-06 17:03:27.098,11625,11626,11625,1,-1
2019-12-06 17:03:31.513,11625,11626,11625,1,-1
2019-12-06 17:04:20.511,11624,11625,11624,1,-1
2019-12-06 17:04:25.137,11624,11625,11625,1,1
2019-12-06 17:04:28.702,11624,11625,11624,2,-2
2019-12-06 17:04:36.242,11624,11625,11624,1,-1
2019-12-06 17:04:42.042,11624,11625,11624,1,-1
2019-12-06 17:04:51.555,11624,11625,11625,1,1
2019-12-06 17:05:09.560,11624,11625,11624,1,-1
2019-12-06 17:05:31.478,11624,11625,11624,1,-1
2019-12-06 17:05:53.530,11624,11625,11624,2,-2
2019-12-06 17:05:58.560,11624,11625,11624,1,-1
2019-12-06 17:06:47.531,11624,11625,11624,1,-1
2019-12-06 17:06:51.209,11624,11625,11624,1,-1
2019-12-06 17:07:36.552,11624,11625,11624,1,-1
2019-12-06 17:07:36.558,11624,11625,11625,1,1
2019-12-06 17:07:36.558,11624,11625,11625,1,1
2019-12-06 17:07:40.090,11624,11625,11625,1,1
2019-12-06 17:07:41.898,11624,11625,11625,4,4
2019-12-06 17:08:01.335,11624,11625,11625,13,13
2019-12-06 17:08:01.335,11624,11625,11625,2,2
2019-12-06 17:08:01.335,11624,11625,11625,4,4
2019-12-06 17:08:02.116,11625,11626,11626,1,1
2019-12-06 17:08:02.912,11625,11626,11625,1,-1
2019-12-06 17:08:10.099,11624,11625,11625,1,1
2019-12-06 17:08:13.452,11625,11626,11625,2,-2
2019-12-06 17:08:17.970,11625,11626,11625,1,-1
2019-12-06 17:08:25.593,11624,11626,11624,1,-1
2019-12-06 17:09:14.526,11624,11625,11624,1,-1
2019-12-06 17:09:26.427,11624,11625,11625,1,1
2019-12-06 17:09:34.035,11624,11625,11625,2,2
2019-12-06 17:09:42.626,11625,11626,11625,1,-1
2019-12-06 17:10:00.254,11625,11626,11625,1,-1
2019-12-06 17:10:03.587,11625,11626,11625,1,-1
2019-12-06 17:10:07.505,11625,11626,11626,1,1
2019-12-06 17:10:12.425,11625,11626,11626,1,1
2019-12-06 17:10:18.483,11625,11626,11625,1,-1
2019-12-06 17:10:28.917,11625,11626,11626,40,40
2019-12-06 17:10:28.930,11625,11626,11626,3,3
2019-12-06 17:10:28.930,11625,11626,11626,3,3
2019-12-06 17:10:29.055,11625,11626,11626,1,1
2019-12-06 17:10:37.409,11626,11627,11626,1,-1
2019-12-06 17:10:39.137,11626,11627,11626,2,-2
2019-12-06 17:10:52.550,11625,11626,11625,1,-1
2019-12-06 17:11:08.169,11625,11626,11626,1,1
2019-12-06 17:11:14.003,11625,11626,11626,1,1
2019-12-06 17:11:19.080,11625,11626,11626,1,1
2019-12-06 17:11:22.333,11625,11626,11626,1,1
2019-12-06 17:11:23.223,11625,11626,11625,1,-1
2019-12-06 17:11:23.938,11625,11626,11626,1,1
2019-12-06 17:11:35.541,11626,11627,11627,2,2
2019-12-06 17:11:36.015,11626,11627,11627,1,1
2019-12-06 17:11:41.566,11626,11627,11626,1,-1
2019-12-06 17:11:48.851,11626,11627,11626,1,-1
2019-12-06 17:11:58.687,11626,11627,11626,5,-5
2019-12-06 17:12:30.590,11626,11627,11626,1,-1
2019-12-06 17:12:35.615,11626,11627,11627,3,3
2019-12-06 17:12:43.767,11626,11627,11627,5,5
2019-12-06 17:12:48.120,11626,11627,11627,2,2
2019-12-06 17:12:50.584,11626,11627,11627,5,5
2019-12-06 17:12:57.549,11626,11627,11627,1,1
2019-12-06 17:12:58.259,11626,11627,11627,1,1
2019-12-06 17:12:58.507,11626,11627,11627,1,1
2019-12-06 17:13:01.106,11626,11627,11627,2,2
2019-12-06 17:13:01.468,11626,11627,11627,3,3
2019-12-06 17:13:01.566,11626,11627,11627,3,3
2019-12-06 17:13:01.702,11626,11627,11627,2,2
2019-12-06 17:13:01.806,11626,11627,11627,5,5
2019-12-06 17:13:05.498,11626,11627,11627,5,5
2019-12-06 17:13:05.556,11626,11627,11627,8,8
2019-12-06 17:13:15.443,11626,11627,11626,1,-1
2019-12-06 17:13:15.656,11626,11627,11627,2,2
2019-12-06 17:13:16.407,11626,11627,11627,3,3
2019-12-06 17:13:19.604,11626,11627,11626,1,-1
2019-12-06 17:13:24.565,11626,11627,11627,1,1
2019-12-06 17:13:25.899,11626,11627,11627,1,1
2019-12-06 17:13:28.271,11626,11627,11627,3,3
2019-12-06 17:13:28.361,11626,11627,11626,1,-1
2019-12-06 17:13:30.682,11626,11627,11627,1,1
2019-12-06 17:13:38.315,11626,11627,11627,1,1
2019-12-06 17:13:40.559,11626,11627,11626,1,-1
2019-12-06 17:13:41.138,11626,11627,11627,1,1
2019-12-06 17:13:45.140,11626,11627,11627,1,1
2019-12-06 17:13:46.307,11626,11627,11627,1,1
2019-12-06 17:13:52.385,11626,11627,11627,1,1
2019-12-06 17:13:53.083,11626,11627,11627,3,3
2019-12-06 17:13:53.298,11626,11627,11627,5,5
2019-12-06 17:13:54.135,11626,11628,11626,2,-2
2019-12-06 17:14:08.586,11627,11628,11627,1,1
2019-12-06 17:14:10.934,11626,11627,11627,1,1
2019-12-06 17:14:34.046,11626,11627,11627,1,1
2019-12-06 17:14:34.298,11626,11627,11627,1,1
2019-12-06 17:14:34.635,11626,11627,11627,1,1
2019-12-06 17:14:34.828,11626,11628,11628,1,1
2019-12-06 17:14:35.100,11626,11628,11628,3,3
2019-12-06 17:14:35.361,11626,11628,11628,2,2
2019-12-06 17:14:35.367,11626,11628,11628,1,1
2019-12-06 17:14:35.499,11626,11628,11628,3,3
2019-12-06 17:14:50.461,11626,11627,11627,1,1
2019-12-06 17:14:50.461,11626,11627,11628,1,1
2019-12-06 17:14:57.520,11627,11628,11627,1,-1
2019-12-06 17:14:59.055,11627,11628,11627,1,-1
2019-12-06 17:15:05.629,11626,11627,11627,2,2
2019-12-06 17:15:05.629,11626,11627,11628,2,2
2019-12-06 17:15:05.976,11626,11628,11628,2,2
2019-12-06 17:15:07.027,11626,11628,11628,1,1
2019-12-06 17:15:10.221,11626,11627,11627,4,4
2019-12-06 17:15:25.055,11626,11627,11626,1,-1
2019-12-06 17:15:26.507,11626,11627,11626,1,-1
2019-12-06 17:15:37.049,11626,11627,11626,1,-1
2019-12-06 17:15:38.953,11626,11627,11626,1,-1
2019-12-06 17:15:41.178,11626,11627,11626,1,-1
2019-12-06 17:15:43.301,11626,11627,11626,1,-1
2019-12-06 17:15:45.585,11626,11627,11626,1,-1
2019-12-06 17:15:46.514,11626,11627,11626,1,-1
2019-12-06 17:15:49.037,11626,11627,11626,1,-1
2019-12-06 17:15:51.145,11626,11627,11626,1,-1
2019-12-06 17:16:11.927,11626,11627,11626,11,-11
2019-12-06 17:16:24.167,11625,11626,11625,1,-1
2019-12-06 17:16:25.522,11625,11626,11625,3,-3
2019-12-06 17:16:35.571,11625,11626,11625,1,-1
2019-12-06 17:16:35.683,11625,11626,11626,1,1
2019-12-06 17:16:35.684,11625,11626,11626,1,1
2019-12-06 17:16:39.930,11625,11626,11626,1,1
2019-12-06 17:17:01.477,11625,11626,11626,1,1
2019-12-06 17:17:02.341,11625,11626,11626,1,1
2019-12-06 17:17:20.638,11625,11626,11626,1,1
2019-12-06 17:17:23.932,11625,11626,11626,17,17
2019-12-06 17:17:24.533,11625,11627,11625,1,-1
2019-12-06 17:17:44.134,11625,11626,11626,1,1
2019-12-06 17:18:13.572,11625,11626,11625,1,-1
2019-12-06 17:18:16.503,11625,11626,11625,1,-1
2019-12-06 17:18:19.714,11625,11626,11625,1,-1
2019-12-06 17:18:25.232,11625,11626,11626,1,1
2019-12-06 17:18:35.886,11625,11626,11625,1,-1
2019-12-06 17:18:35.930,11625,11626,11625,3,-3
2019-12-06 17:18:35.930,11625,11626,11625,1,-1
2019-12-06 17:18:35.930,11625,11626,11625,2,-2
2019-12-06 17:18:36.055,11625,11626,11625,1,-1
2019-12-06 17:18:36.055,11625,11626,11625,5,-5
2019-12-06 17:18:54.236,11624,11625,11625,1,1
2019-12-06 17:18:58.540,11624,11625,11625,1,1
2019-12-06 17:19:02.588,11624,11625,11624,1,-1
2019-12-06 17:19:04.984,11624,11625,11624,1,-1
2019-12-06 17:19:07.441,11624,11625,11625,1,1
2019-12-06 17:19:17.049,11624,11625,11625,1,1
2019-12-06 17:19:21.236,11624,11625,11625,1,1
2019-12-06 17:19:47.271,11625,11626,11625,1,-1
2019-12-06 17:19:47.934,11625,11626,11625,1,-1
2019-12-06 17:19:51.540,11625,11626,11625,1,-1
2019-12-06 17:20:00.307,11625,11626,11625,1,-1
2019-12-06 17:20:13.666,11625,11626,11625,1,-1
2019-12-06 17:20:17.580,11625,11626,11625,2,-2
2019-12-06 17:20:23.367,11624,11625,11625,1,1
2019-12-06 17:20:27.055,11625,11626,11625,3,-3
2019-12-06 17:20:27.180,11625,11626,11625,1,-1
2019-12-06 17:20:27.305,11625,11626,11625,5,-5
2019-12-06 17:20:27.430,11625,11626,11625,1,-1
2019-12-06 17:20:27.555,11625,11626,11625,1,-1
2019-12-06 17:20:27.805,11625,11626,11625,1,-1
2019-12-06 17:20:28.180,11625,11626,11625,1,-1
2019-12-06 17:20:32.680,11625,11626,11625,2,-2
2019-12-06 17:20:41.101,11624,11626,11624,1,-1
2019-12-06 17:20:57.300,11624,11625,11625,1,1
2019-12-06 17:20:58.180,11625,11626,11625,4,-4
2019-12-06 17:21:04.055,11625,11626,11625,1,-1
2019-12-06 17:21:04.180,11625,11626,11625,2,-2
2019-12-06 17:21:11.169,11624,11625,11625,2,2
2019-12-06 17:21:11.275,11624,11625,11625,3,3
2019-12-06 17:21:11.305,11625,11626,11625,3,-3
2019-12-06 17:21:11.430,11625,11626,11625,5,-5
2019-12-06 17:21:14.177,11624,11626,11625,1,-1
2019-12-06 17:21:15.103,11624,11625,11625,1,1
2019-12-06 17:21:23.930,11625,11626,11625,1,-1
2019-12-06 17:21:29.610,11624,11626,11624,1,-1
2019-12-06 17:22:15.088,11624,11625,11624,1,-1
2019-12-06 17:22:18.549,11624,11625,11624,1,-1
2019-12-06 17:22:22.622,11624,11625,11624,1,-1
2019-12-06 17:22:47.077,11624,11625,11625,1,1
2019-12-06 17:22:57.098,11624,11625,11625,8,8
2019-12-06 17:22:57.182,11625,11626,11626,1,1
2019-12-06 17:22:57.184,11625,11626,11626,1,1
2019-12-06 17:23:07.528,11625,11626,11625,1,-1
2019-12-06 17:23:40.928,11625,11626,11626,1,1
2019-12-06 17:23:55.847,11625,11626,11625,1,-1
2019-12-06 17:23:56.607,11625,11626,11625,1,-1
2019-12-06 17:24:08.622,11625,11626,11625,1,-1
2019-12-06 17:24:21.518,11625,11626,11626,1,1
2019-12-06 17:24:30.917,11625,11626,11626,1,1
2019-12-06 17:24:31.237,11625,11626,11625,1,-1
2019-12-06 17:24:35.892,11625,11626,11626,1,1
2019-12-06 17:24:43.456,11625,11626,11626,1,1
2019-12-06 17:25:32.661,11625,11626,11626,1,1
2019-12-06 17:25:35.932,11625,11626,11626,1,1
2019-12-06 17:26:12.932,11625,11626,11626,1,1
2019-12-06 17:26:26.930,11625,11626,11625,22,-22
2019-12-06 17:26:27.055,11625,11626,11625,2,-2
2019-12-06 17:26:32.350,11624,11625,11625,1,1
2019-12-06 17:26:49.380,11624,11625,11625,1,1
2019-12-06 17:26:53.712,11624,11625,11624,10,-10
2019-12-06 17:26:53.732,11624,11625,11624,2,-2
2019-12-06 17:26:53.732,11624,11625,11624,8,-8
2019-12-06 17:26:53.734,11624,11625,11624,2,-2
2019-12-06 17:26:53.734,11624,11625,11624,4,-4
2019-12-06 17:26:54.057,11623,11624,11623,2,-2
2019-12-06 17:26:54.335,11623,11624,11623,1,-1
2019-12-06 17:26:54.383,11623,11624,11623,1,-1
2019-12-06 17:26:54.555,11623,11624,11623,1,-1
2019-12-06 17:27:03.793,11622,11624,11622,1,-1
2019-12-06 17:27:04.832,11622,11624,11622,1,-1
2019-12-06 17:27:59.337,11623,11624,11623,1,1
2019-12-06 17:28:14.253,11623,11624,11624,2,2
2019-12-06 17:28:17.698,11624,11625,11624,2,-2
2019-12-06 17:29:02.286,11623,11624,11624,2,2
2019-12-06 17:29:39.777,11623,11624,11623,1,-1
2019-12-06 17:30:02.187,11623,11624,11624,1,1
2019-12-06 17:30:02.374,11623,11624,11623,1,-1
2019-12-06 17:30:03.155,11623,11624,11624,1,1
2019-12-06 17:30:09.948,11623,11624,11623,1,-1
2019-12-06 17:30:19.056,11623,11624,11624,5,5
2019-12-06 17:30:38.592,11624,11625,11624,1,-1
2019-12-06 17:30:38.592,11624,11625,11624,1,-1
2019-12-06 17:30:38.592,11624,11625,11624,1,-1
2019-12-06 17:30:53.740,11623,11624,11624,1,1
2019-12-06 17:31:48.132,11623,11624,11624,1,1
2019-12-06 17:31:48.307,11623,11624,11624,1,1
2019-12-06 17:32:04.683,11623,11624,11624,1,1
2019-12-06 17:32:05.231,11623,11624,11623,2,-2
2019-12-06 17:32:05.315,11623,11624,11624,1,1
2019-12-06 17:32:12.803,11623,11624,11624,2,2
2019-12-06 17:32:35.448,11623,11624,11624,1,1
2019-12-06 17:32:38.464,11623,11624,11624,1,1
2019-12-06 17:32:38.470,11623,11624,11624,1,1
2019-12-06 17:32:38.555,11623,11624,11624,1,1
2019-12-06 17:32:38.555,11623,11624,11624,1,1
2019-12-06 17:33:01.631,11623,11624,11624,1,1
2019-12-06 17:33:12.173,11624,11625,11624,1,-1
2019-12-06 17:33:25.734,11624,11625,11624,1,-1
2019-12-06 17:33:29.330,11624,11625,11625,1,1
2019-12-06 17:33:30.968,11624,11625,11625,25,25
2019-12-06 17:33:35.579,11624,11625,11625,1,1
2019-12-06 17:33:39.492,11624,11625,11625,1,1
2019-12-06 17:33:40.298,11624,11625,11625,1,1
2019-12-06 17:33:51.040,11625,11626,11625,1,-1
2019-12-06 17:33:52.037,11625,11626,11625,1,-1
2019-12-06 17:34:09.610,11625,11626,11625,1,-1
2019-12-06 17:34:10.782,11625,11626,11626,1,1
2019-12-06 17:34:21.743,11625,11626,11625,5,-5
2019-12-06 17:34:33.215,11624,11625,11625,1,1
2019-12-06 17:34:54.182,11624,11625,11625,1,1
2019-12-06 17:34:54.183,11624,11625,11625,1,1
2019-12-06 17:36:10.158,11624,11625,11625,1,1
2019-12-06 17:36:10.547,11624,11625,11625,2,2
2019-12-06 17:36:37.555,11624,11625,11624,1,-1
2019-12-06 17:36:37.680,11624,11625,11624,7,-7
2019-12-06 17:36:37.681,11624,11625,11624,5,-5
2019-12-06 17:37:09.080,11624,11625,11624,1,-1
2019-12-06 17:37:40.551,11623,11624,11624,1,1
2019-12-06 17:37:57.092,11623,11624,11624,1,1
2019-12-06 17:38:02.185,11623,11624,11624,2,2
2019-12-06 17:38:30.362,11623,11624,11624,1,1
2019-12-06 17:38:50.904,11623,11624,11624,1,1
2019-12-06 17:39:09.223,11623,11624,11624,2,2
2019-12-06 17:40:02.525,11623,11624,11624,2,2
2019-12-06 17:40:09.821,11623,11624,11624,3,3
2019-12-06 17:40:09.821,11623,11624,11624,5,5
2019-12-06 17:40:09.821,11623,11624,11624,2,2
2019-12-06 17:40:09.821,11623,11624,11624,1,1
2019-12-06 17:40:09.821,11623,11624,11624,1,1
2019-12-06 17:40:09.821,11623,11624,11624,2,2
2019-12-06 17:40:09.900,11623,11624,11624,5,5
2019-12-06 17:40:40.833,11624,11625,11624,1,-1
2019-12-06 17:41:03.557,11624,11625,11625,1,1
2019-12-06 17:41:03.559,11624,11625,11625,1,1
2019-12-06 17:41:09.930,11624,11625,11624,3,-3
2019-12-06 17:41:30.322,11623,11624,11624,1,1
2019-12-06 17:42:04.471,11623,11624,11624,1,1
2019-12-06 17:42:15.415,11623,11624,11623,1,-1
2019-12-06 17:43:12.278,11624,11625,11624,1,1
2019-12-06 17:43:56.371,11623,11624,11623,1,-1
2019-12-06 17:43:58.269,11623,11624,11624,1,1
2019-12-06 17:43:59.256,11623,11625,11625,1,1
2019-12-06 17:44:02.577,11623,11625,11625,1,1
2019-12-06 17:45:37.617,11624,11625,11625,1,1
