2021-12-29 15:00:00,18273,18273,18273,82,0
2021-12-29 15:00:00,18272,18272,18272,18,-18
2021-12-29 15:00:00,18273,18273,18273,2,2
2021-12-29 15:00:00,18272,18272,18272,2,-2
2021-12-29 15:00:00,18272,18272,18272,4,0
2021-12-29 15:00:00,18273,18273,18273,16,16
2021-12-29 15:00:00,18273,18273,18273,4,0
2021-12-29 15:00:00,18271,18271,18271,6,-6
2021-12-29 15:00:00,18270,18270,18270,2,-2
2021-12-29 15:00:00,18270,18270,18270,6,0
2021-12-29 15:00:00,18270,18270,18270,2,0
2021-12-29 15:00:00,18273,18273,18273,2,2
2021-12-29 15:00:00,18274,18274,18274,8,8
2021-12-29 15:00:00,18274,18274,18274,2,0
2021-12-29 15:00:00,18274,18274,18274,4,0
2021-12-29 15:00:00,18274,18274,18274,2,0
2021-12-29 15:00:00,18274,18274,18274,8,0
2021-12-29 15:00:00,18274,18274,18274,2,0
2021-12-29 15:00:00,18274,18274,18274,2,0
2021-12-29 15:00:00,18274,18274,18274,2,0
2021-12-29 15:00:00,18274,18274,18274,4,0
2021-12-29 15:00:00,18274,18274,18274,2,0
2021-12-29 15:00:00,18274,18274,18274,4,0
2021-12-29 15:00:00,18274,18274,18274,2,0
2021-12-29 15:00:00,18274,18274,18274,2,0
2021-12-29 15:00:00,18274,18274,18274,4,0
2021-12-29 15:00:00,18269,18269,18269,2,-2
2021-12-29 15:00:00,18273,18273,18273,2,2
2021-12-29 15:00:00,18269,18269,18269,2,-2
2021-12-29 15:00:00,18268,18268,18268,2,-2
2021-12-29 15:00:00,18268,18268,18268,2,0
2021-12-29 15:00:01,18273,18273,18273,2,2
2021-12-29 15:00:04,18271,18271,18271,4,-4
2021-12-29 15:00:04,18269,18269,18269,4,-4
2021-12-29 15:00:04,18269,18269,18269,2,0
2021-12-29 15:00:04,18269,18269,18269,2,0
2021-12-29 15:00:04,18268,18268,18268,2,-2
2021-12-29 15:00:05,18270,18270,18270,2,2
2021-12-29 15:00:05,18268,18268,18268,2,-2
2021-12-29 15:00:06,18269,18269,18269,2,2
2021-12-29 15:00:08,18268,18268,18268,6,-6
2021-12-29 15:00:08,18268,18268,18268,2,0
2021-12-29 15:00:08,18268,18268,18268,2,0
2021-12-29 15:00:08,18268,18268,18268,4,0
2021-12-29 15:00:08,18268,18268,18268,2,0
2021-12-29 15:00:08,18268,18268,18268,2,0
2021-12-29 15:00:08,18267,18267,18267,2,-2
2021-12-29 15:00:09,18268,18268,18268,2,2
2021-12-29 15:00:09,18267,18267,18267,2,-2
2021-12-29 15:00:10,18268,18268,18268,2,2
2021-12-29 15:00:10,18268,18268,18268,2,0
2021-12-29 15:00:10,18267,18267,18267,2,-2
2021-12-29 15:00:10,18267,18267,18267,6,0
2021-12-29 15:00:11,18268,18268,18268,2,2
2021-12-29 15:00:11,18269,18269,18269,2,2
2021-12-29 15:00:11,18270,18270,18270,2,2
2021-12-29 15:00:11,18268,18268,18268,4,-4
2021-12-29 15:00:11,18268,18268,18268,4,0
2021-12-29 15:00:12,18270,18270,18270,2,2
2021-12-29 15:00:14,18268,18268,18268,10,-10
2021-12-29 15:00:15,18268,18268,18268,2,0
2021-12-29 15:00:15,18270,18270,18270,6,6
2021-12-29 15:00:16,18268,18268,18268,2,-2
2021-12-29 15:00:16,18269,18269,18269,2,2
2021-12-29 15:00:18,18269,18269,18269,2,0
2021-12-29 15:00:18,18268,18268,18268,8,-8
2021-12-29 15:00:19,18268,18268,18268,4,0
2021-12-29 15:00:19,18268,18268,18268,2,0
2021-12-29 15:00:19,18267,18267,18267,2,-2
2021-12-29 15:00:19,18267,18267,18267,2,0
2021-12-29 15:00:21,18269,18269,18269,2,2
2021-12-29 15:00:21,18270,18270,18270,4,4
2021-12-29 15:00:21,18269,18269,18269,2,-2
2021-12-29 15:00:21,18268,18268,18268,2,-2
2021-12-29 15:00:21,18268,18268,18268,2,0
2021-12-29 15:00:21,18268,18268,18268,2,0
2021-12-29 15:00:21,18267,18267,18267,2,-2
2021-12-29 15:00:24,18270,18270,18270,8,8
2021-12-29 15:00:24,18268,18268,18268,2,-2
2021-12-29 15:00:24,18268,18268,18268,2,0
2021-12-29 15:00:24,18267,18267,18267,2,-2
2021-12-29 15:00:24,18267,18267,18267,2,0
2021-12-29 15:00:24,18267,18267,18267,2,0
2021-12-29 15:00:26,18267,18267,18267,2,0
2021-12-29 15:00:27,18268,18268,18268,2,2
2021-12-29 15:00:27,18267,18267,18267,2,-2
2021-12-29 15:00:27,18267,18267,18267,2,0
2021-12-29 15:00:27,18267,18267,18267,2,0
2021-12-29 15:00:27,18267,18267,18267,2,0
2021-12-29 15:00:29,18268,18268,18268,2,2
2021-12-29 15:00:29,18267,18267,18267,2,-2
2021-12-29 15:00:29,18267,18267,18267,2,0
2021-12-29 15:00:29,18267,18267,18267,2,0
2021-12-29 15:00:29,18267,18267,18267,6,0
2021-12-29 15:00:33,18268,18268,18268,2,2
2021-12-29 15:00:33,18267,18267,18267,2,-2
2021-12-29 15:00:39,18269,18269,18269,2,2
2021-12-29 15:00:51,18268,18268,18268,2,-2
2021-12-29 15:00:52,18269,18269,18269,2,2
2021-12-29 15:00:54,18268,18268,18268,2,-2
2021-12-29 15:00:55,18268,18268,18268,2,0
2021-12-29 15:00:58,18268,18268,18268,2,0
2021-12-29 15:00:59,18268,18268,18268,4,0
2021-12-29 15:00:59,18268,18268,18268,16,0
2021-12-29 15:00:59,18268,18268,18268,2,0
2021-12-29 15:00:59,18268,18268,18268,2,0
2021-12-29 15:00:59,18268,18268,18268,14,0
2021-12-29 15:00:59,18268,18268,18268,4,0
2021-12-29 15:01:00,18269,18269,18269,4,4
2021-12-29 15:01:00,18269,18269,18269,4,0
2021-12-29 15:01:00,18269,18269,18269,2,0
2021-12-29 15:01:00,18269,18269,18269,2,0
2021-12-29 15:01:00,18269,18269,18269,6,0
2021-12-29 15:01:00,18270,18270,18270,4,4
2021-12-29 15:01:00,18270,18270,18270,2,0
2021-12-29 15:01:00,18270,18270,18270,14,0
2021-12-29 15:01:00,18270,18270,18270,2,0
2021-12-29 15:01:00,18270,18270,18270,2,0
2021-12-29 15:01:00,18271,18271,18271,2,2
2021-12-29 15:01:00,18271,18271,18271,2,0
2021-12-29 15:01:00,18271,18271,18271,2,0
2021-12-29 15:01:00,18272,18272,18272,2,2
2021-12-29 15:01:00,18272,18272,18272,4,0
2021-12-29 15:01:00,18272,18272,18272,2,0
2021-12-29 15:01:00,18273,18273,18273,2,2
2021-12-29 15:01:00,18272,18272,18272,2,-2
2021-12-29 15:01:00,18272,18272,18272,4,0
2021-12-29 15:01:00,18272,18272,18272,2,0
2021-12-29 15:01:00,18272,18272,18272,4,0
2021-12-29 15:01:00,18272,18272,18272,2,0
2021-12-29 15:01:00,18272,18272,18272,2,0
2021-12-29 15:01:00,18272,18272,18272,2,0
2021-12-29 15:01:01,18272,18272,18272,2,0
2021-12-29 15:01:04,18271,18271,18271,2,-2
2021-12-29 15:01:09,18271,18271,18271,2,0
2021-12-29 15:01:14,18272,18272,18272,2,2
2021-12-29 15:01:14,18272,18272,18272,4,0
2021-12-29 15:01:14,18272,18272,18272,2,0
2021-12-29 15:01:14,18272,18272,18272,2,0
2021-12-29 15:01:14,18272,18272,18272,2,0
2021-12-29 15:01:17,18271,18271,18271,2,-2
2021-12-29 15:01:17,18271,18271,18271,2,0
2021-12-29 15:01:17,18271,18271,18271,2,0
2021-12-29 15:01:21,18271,18271,18271,2,0
2021-12-29 15:01:21,18271,18271,18271,2,0
2021-12-29 15:01:24,18272,18272,18272,2,2
2021-12-29 15:01:27,18271,18271,18271,2,-2
2021-12-29 15:01:27,18271,18271,18271,2,0
2021-12-29 15:01:29,18271,18271,18271,2,0
2021-12-29 15:01:40,18271,18271,18271,2,0
2021-12-29 15:01:42,18271,18271,18271,2,0
2021-12-29 15:01:42,18271,18271,18271,2,0
2021-12-29 15:01:42,18271,18271,18271,2,0
2021-12-29 15:01:43,18271,18271,18271,2,0
2021-12-29 15:01:50,18271,18271,18271,2,0
2021-12-29 15:01:50,18271,18271,18271,2,0
2021-12-29 15:01:50,18271,18271,18271,2,0
2021-12-29 15:01:50,18271,18271,18271,2,0
2021-12-29 15:01:50,18271,18271,18271,2,0
2021-12-29 15:01:50,18271,18271,18271,2,0
2021-12-29 15:01:54,18272,18272,18272,8,8
2021-12-29 15:01:59,18272,18272,18272,2,0
2021-12-29 15:02:00,18272,18272,18272,2,0
2021-12-29 15:02:01,18272,18272,18272,10,0
2021-12-29 15:02:02,18271,18271,18271,2,-2
2021-12-29 15:02:05,18271,18271,18271,4,0
2021-12-29 15:02:08,18272,18272,18272,2,2
2021-12-29 15:02:11,18272,18272,18272,2,0
2021-12-29 15:02:11,18272,18272,18272,2,0
2021-12-29 15:02:12,18272,18272,18272,2,0
2021-12-29 15:02:12,18272,18272,18272,2,0
2021-12-29 15:02:12,18272,18272,18272,2,0
2021-12-29 15:02:12,18272,18272,18272,2,0
2021-12-29 15:02:12,18272,18272,18272,8,0
2021-12-29 15:02:12,18272,18272,18272,8,0
2021-12-29 15:02:14,18272,18272,18272,2,0
2021-12-29 15:02:14,18272,18272,18272,2,0
2021-12-29 15:02:14,18272,18272,18272,2,0
2021-12-29 15:02:14,18273,18273,18273,2,2
2021-12-29 15:02:14,18273,18273,18273,6,0
2021-12-29 15:02:15,18273,18273,18273,2,0
2021-12-29 15:02:15,18273,18273,18273,2,0
2021-12-29 15:02:15,18273,18273,18273,2,0
2021-12-29 15:02:15,18273,18273,18273,2,0
2021-12-29 15:02:16,18273,18273,18273,4,0
2021-12-29 15:02:16,18273,18273,18273,2,0
2021-12-29 15:02:17,18273,18273,18273,2,0
2021-12-29 15:02:17,18273,18273,18273,2,0
2021-12-29 15:02:17,18273,18273,18273,2,0
2021-12-29 15:02:17,18273,18273,18273,4,0
2021-12-29 15:02:18,18273,18273,18273,2,0
2021-12-29 15:02:23,18273,18273,18273,6,0
2021-12-29 15:02:25,18273,18273,18273,2,0
2021-12-29 15:02:27,18273,18273,18273,2,0
2021-12-29 15:02:27,18273,18273,18273,4,0
2021-12-29 15:02:28,18273,18273,18273,2,0
2021-12-29 15:02:28,18274,18274,18274,2,2
2021-12-29 15:02:28,18273,18273,18273,4,-4
2021-12-29 15:02:28,18274,18274,18274,2,2
2021-12-29 15:02:33,18273,18273,18273,2,-2
2021-12-29 15:02:33,18273,18273,18273,2,0
2021-12-29 15:02:33,18273,18273,18273,2,0
2021-12-29 15:02:33,18273,18273,18273,2,0
2021-12-29 15:02:33,18273,18273,18273,2,0
2021-12-29 15:02:36,18273,18273,18273,2,0
2021-12-29 15:02:38,18273,18273,18273,2,0
2021-12-29 15:02:40,18273,18273,18273,2,0
2021-12-29 15:02:40,18272,18272,18272,2,-2
2021-12-29 15:02:40,18273,18273,18273,2,2
2021-12-29 15:02:48,18273,18273,18273,2,0
2021-12-29 15:02:52,18274,18274,18274,2,2
2021-12-29 15:03:00,18274,18274,18274,2,0
2021-12-29 15:03:04,18274,18274,18274,2,0
2021-12-29 15:03:06,18274,18274,18274,2,0
2021-12-29 15:03:07,18274,18274,18274,4,0
2021-12-29 15:03:10,18274,18274,18274,4,0
2021-12-29 15:03:14,18274,18274,18274,4,0
2021-12-29 15:03:18,18274,18274,18274,8,0
2021-12-29 15:03:22,18274,18274,18274,2,0
2021-12-29 15:03:23,18274,18274,18274,2,0
2021-12-29 15:03:24,18274,18274,18274,2,0
2021-12-29 15:03:27,18274,18274,18274,2,0
2021-12-29 15:03:29,18274,18274,18274,2,0
2021-12-29 15:03:29,18274,18274,18274,2,0
2021-12-29 15:03:31,18274,18274,18274,4,0
2021-12-29 15:03:31,18274,18274,18274,4,0
2021-12-29 15:03:34,18274,18274,18274,2,0
2021-12-29 15:03:34,18274,18274,18274,2,0
2021-12-29 15:03:34,18274,18274,18274,2,0
2021-12-29 15:03:34,18275,18275,18275,4,4
2021-12-29 15:03:36,18275,18275,18275,4,0
2021-12-29 15:03:42,18274,18274,18274,2,-2
2021-12-29 15:03:43,18275,18275,18275,2,2
2021-12-29 15:03:57,18275,18275,18275,2,0
2021-12-29 15:03:59,18274,18274,18274,2,-2
2021-12-29 15:03:59,18274,18274,18274,2,0
2021-12-29 15:03:59,18274,18274,18274,2,0
2021-12-29 15:03:59,18274,18274,18274,2,0
2021-12-29 15:03:59,18274,18274,18274,2,0
2021-12-29 15:03:59,18273,18273,18273,2,-2
2021-12-29 15:03:59,18273,18273,18273,2,0
2021-12-29 15:03:59,18273,18273,18273,2,0
2021-12-29 15:03:59,18273,18273,18273,2,0
2021-12-29 15:03:59,18273,18273,18273,2,0
2021-12-29 15:03:59,18273,18273,18273,2,0
2021-12-29 15:03:59,18273,18273,18273,2,0
2021-12-29 15:04:01,18274,18274,18274,2,2
2021-12-29 15:04:04,18274,18274,18274,2,0
2021-12-29 15:04:07,18274,18274,18274,2,0
2021-12-29 15:04:08,18273,18273,18273,2,-2
2021-12-29 15:04:08,18273,18273,18273,2,0
2021-12-29 15:04:23,18274,18274,18274,2,2
2021-12-29 15:04:23,18274,18274,18274,2,0
2021-12-29 15:04:23,18274,18274,18274,6,0
2021-12-29 15:04:28,18274,18274,18274,2,0
2021-12-29 15:04:29,18274,18274,18274,4,0
2021-12-29 15:04:33,18274,18274,18274,2,0
2021-12-29 15:04:48,18274,18274,18274,4,0
2021-12-29 15:04:55,18273,18273,18273,2,-2
2021-12-29 15:04:55,18273,18273,18273,4,0
2021-12-29 15:04:55,18273,18273,18273,2,0
2021-12-29 15:04:55,18273,18273,18273,2,0
2021-12-29 15:04:55,18273,18273,18273,2,0
2021-12-29 15:04:57,18273,18273,18273,4,0
2021-12-29 15:04:58,18274,18274,18274,8,8
2021-12-29 15:04:58,18274,18274,18274,4,0
2021-12-29 15:04:58,18274,18274,18274,2,0
2021-12-29 15:05:00,18274,18274,18274,2,0
2021-12-29 15:05:00,18274,18274,18274,8,0
2021-12-29 15:05:03,18274,18274,18274,2,0
2021-12-29 15:05:06,18274,18274,18274,2,0
2021-12-29 15:05:07,18274,18274,18274,2,0
2021-12-29 15:05:08,18274,18274,18274,2,0
2021-12-29 15:05:10,18273,18273,18273,2,-2
2021-12-29 15:05:10,18274,18274,18274,2,2
2021-12-29 15:05:11,18274,18274,18274,2,0
2021-12-29 15:05:11,18274,18274,18274,2,0
2021-12-29 15:05:12,18274,18274,18274,2,0
2021-12-29 15:05:13,18274,18274,18274,2,0
2021-12-29 15:05:14,18274,18274,18274,2,0
2021-12-29 15:05:14,18274,18274,18274,2,0
2021-12-29 15:05:19,18273,18273,18273,2,-2
2021-12-29 15:05:19,18273,18273,18273,2,0
2021-12-29 15:05:19,18273,18273,18273,2,0
2021-12-29 15:05:19,18273,18273,18273,4,0
2021-12-29 15:05:19,18273,18273,18273,2,0
2021-12-29 15:05:19,18273,18273,18273,2,0
2021-12-29 15:05:23,18273,18273,18273,2,0
2021-12-29 15:05:29,18272,18272,18272,2,-2
2021-12-29 15:05:29,18272,18272,18272,2,0
2021-12-29 15:05:29,18272,18272,18272,2,0
2021-12-29 15:05:29,18272,18272,18272,2,0
2021-12-29 15:05:29,18273,18273,18273,2,2
2021-12-29 15:05:29,18272,18272,18272,2,-2
2021-12-29 15:05:33,18272,18272,18272,2,0
2021-12-29 15:05:36,18271,18271,18271,2,-2
2021-12-29 15:05:36,18272,18272,18272,2,2
2021-12-29 15:05:37,18272,18272,18272,2,0
2021-12-29 15:05:37,18272,18272,18272,2,0
2021-12-29 15:05:37,18273,18273,18273,4,4
2021-12-29 15:05:38,18272,18272,18272,2,-2
2021-12-29 15:05:43,18271,18271,18271,2,-2
2021-12-29 15:05:43,18271,18271,18271,18,0
2021-12-29 15:05:43,18271,18271,18271,12,0
2021-12-29 15:05:46,18271,18271,18271,2,0
2021-12-29 15:05:46,18271,18271,18271,2,0
2021-12-29 15:05:48,18272,18272,18272,4,4
2021-12-29 15:05:53,18272,18272,18272,2,0
2021-12-29 15:05:57,18272,18272,18272,4,0
2021-12-29 15:05:58,18272,18272,18272,4,0
2021-12-29 15:05:59,18272,18272,18272,6,0
2021-12-29 15:06:32,18272,18272,18272,4,0
2021-12-29 15:06:32,18272,18272,18272,4,0
2021-12-29 15:06:48,18271,18271,18271,6,-6
2021-12-29 15:07:04,18271,18271,18271,4,0
2021-12-29 15:07:10,18272,18272,18272,4,4
2021-12-29 15:07:15,18271,18271,18271,4,-4
2021-12-29 15:07:15,18271,18271,18271,2,0
2021-12-29 15:07:15,18271,18271,18271,2,0
2021-12-29 15:07:15,18271,18271,18271,2,0
2021-12-29 15:07:23,18271,18271,18271,2,0
2021-12-29 15:07:37,18272,18272,18272,2,2
2021-12-29 15:07:50,18272,18272,18272,2,0
2021-12-29 15:07:50,18272,18272,18272,2,0
2021-12-29 15:07:58,18272,18272,18272,4,0
2021-12-29 15:08:00,18272,18272,18272,4,0
2021-12-29 15:08:03,18271,18271,18271,2,-2
2021-12-29 15:08:15,18271,18271,18271,2,0
2021-12-29 15:08:15,18271,18271,18271,2,0
2021-12-29 15:08:17,18271,18271,18271,4,0
2021-12-29 15:08:21,18272,18272,18272,2,2
2021-12-29 15:08:48,18272,18272,18272,4,0
2021-12-29 15:08:58,18271,18271,18271,2,-2
2021-12-29 15:08:59,18272,18272,18272,2,2
2021-12-29 15:09:11,18271,18271,18271,2,-2
2021-12-29 15:09:11,18271,18271,18271,2,0
2021-12-29 15:09:11,18271,18271,18271,2,0
2021-12-29 15:09:11,18270,18270,18270,2,-2
2021-12-29 15:09:11,18270,18270,18270,2,0
2021-12-29 15:09:11,18270,18270,18270,2,0
2021-12-29 15:09:11,18270,18270,18270,2,0
2021-12-29 15:09:11,18270,18270,18270,2,0
2021-12-29 15:09:11,18270,18270,18270,2,0
2021-12-29 15:09:11,18270,18270,18270,2,0
2021-12-29 15:09:11,18270,18270,18270,2,0
2021-12-29 15:09:11,18270,18270,18270,10,0
2021-12-29 15:09:11,18270,18270,18270,2,0
2021-12-29 15:09:11,18270,18270,18270,2,0
2021-12-29 15:09:11,18270,18270,18270,2,0
2021-12-29 15:09:11,18270,18270,18270,2,0
2021-12-29 15:09:11,18270,18270,18270,2,0
2021-12-29 15:09:11,18270,18270,18270,4,0
2021-12-29 15:09:11,18270,18270,18270,2,0
2021-12-29 15:09:20,18269,18269,18269,2,-2
2021-12-29 15:09:20,18269,18269,18269,2,0
2021-12-29 15:09:20,18269,18269,18269,2,0
2021-12-29 15:09:21,18269,18269,18269,2,0
2021-12-29 15:09:23,18269,18269,18269,2,0
2021-12-29 15:09:23,18269,18269,18269,2,0
2021-12-29 15:09:28,18268,18268,18268,2,-2
2021-12-29 15:09:28,18268,18268,18268,2,0
2021-12-29 15:09:28,18268,18268,18268,6,0
2021-12-29 15:09:28,18268,18268,18268,2,0
2021-12-29 15:09:28,18268,18268,18268,2,0
2021-12-29 15:09:28,18268,18268,18268,20,0
2021-12-29 15:09:28,18268,18268,18268,2,0
2021-12-29 15:09:28,18268,18268,18268,2,0
2021-12-29 15:09:28,18268,18268,18268,4,0
2021-12-29 15:09:28,18268,18268,18268,2,0
2021-12-29 15:09:28,18267,18267,18267,2,-2
2021-12-29 15:09:28,18267,18267,18267,2,0
2021-12-29 15:09:28,18267,18267,18267,2,0
2021-12-29 15:09:28,18267,18267,18267,2,0
2021-12-29 15:09:28,18267,18267,18267,2,0
2021-12-29 15:09:28,18267,18267,18267,2,0
2021-12-29 15:09:28,18267,18267,18267,2,0
2021-12-29 15:09:28,18267,18267,18267,2,0
2021-12-29 15:09:28,18267,18267,18267,2,0
2021-12-29 15:09:28,18267,18267,18267,2,0
2021-12-29 15:09:35,18268,18268,18268,2,2
2021-12-29 15:09:37,18267,18267,18267,2,-2
2021-12-29 15:09:37,18267,18267,18267,2,0
2021-12-29 15:09:47,18267,18267,18267,2,0
2021-12-29 15:09:49,18267,18267,18267,2,0
2021-12-29 15:09:51,18267,18267,18267,2,0
2021-12-29 15:09:52,18267,18267,18267,2,0
2021-12-29 15:09:53,18267,18267,18267,2,0
2021-12-29 15:09:57,18267,18267,18267,2,0
2021-12-29 15:10:01,18267,18267,18267,2,0
2021-12-29 15:10:02,18268,18268,18268,12,12
2021-12-29 15:10:14,18269,18269,18269,2,2
2021-12-29 15:10:14,18269,18269,18269,2,0
2021-12-29 15:10:47,18269,18269,18269,2,0
2021-12-29 15:11:08,18270,18270,18270,2,2
2021-12-29 15:11:20,18270,18270,18270,2,0
2021-12-29 15:11:21,18270,18270,18270,2,0
2021-12-29 15:11:33,18269,18269,18269,2,-2
2021-12-29 15:11:33,18269,18269,18269,2,0
2021-12-29 15:11:33,18269,18269,18269,2,0
2021-12-29 15:11:33,18269,18269,18269,2,0
2021-12-29 15:11:33,18269,18269,18269,2,0
2021-12-29 15:11:33,18269,18269,18269,2,0
2021-12-29 15:11:41,18268,18268,18268,2,-2
2021-12-29 15:11:42,18268,18268,18268,2,0
2021-12-29 15:11:43,18268,18268,18268,2,0
2021-12-29 15:11:47,18267,18267,18267,2,-2
2021-12-29 15:11:47,18267,18267,18267,2,0
2021-12-29 15:11:54,18268,18268,18268,4,4
2021-12-29 15:11:59,18267,18267,18267,2,-2
2021-12-29 15:12:00,18267,18267,18267,2,0
2021-12-29 15:12:00,18267,18267,18267,2,0
2021-12-29 15:12:00,18267,18267,18267,2,0
2021-12-29 15:12:00,18267,18267,18267,2,0
2021-12-29 15:12:00,18267,18267,18267,2,0
2021-12-29 15:12:00,18267,18267,18267,2,0
2021-12-29 15:12:00,18267,18267,18267,6,0
2021-12-29 15:12:00,18267,18267,18267,4,0
2021-12-29 15:12:04,18266,18266,18266,2,-2
2021-12-29 15:12:04,18266,18266,18266,2,0
2021-12-29 15:12:04,18266,18266,18266,2,0
2021-12-29 15:12:04,18266,18266,18266,2,0
2021-12-29 15:12:04,18266,18266,18266,2,0
2021-12-29 15:12:07,18266,18266,18266,2,0
2021-12-29 15:12:10,18266,18266,18266,2,0
2021-12-29 15:12:10,18266,18266,18266,2,0
2021-12-29 15:12:18,18266,18266,18266,2,0
2021-12-29 15:12:50,18267,18267,18267,2,2
2021-12-29 15:12:50,18267,18267,18267,2,0
2021-12-29 15:12:50,18267,18267,18267,2,0
2021-12-29 15:13:01,18268,18268,18268,2,2
2021-12-29 15:13:01,18268,18268,18268,2,0
2021-12-29 15:13:07,18268,18268,18268,2,0
2021-12-29 15:13:10,18267,18267,18267,2,-2
2021-12-29 15:13:10,18267,18267,18267,2,0
2021-12-29 15:13:10,18267,18267,18267,4,0
2021-12-29 15:13:29,18268,18268,18268,2,2
2021-12-29 15:13:33,18268,18268,18268,2,0
2021-12-29 15:13:37,18268,18268,18268,6,0
2021-12-29 15:13:45,18269,18269,18269,2,2
2021-12-29 15:13:47,18269,18269,18269,2,0
2021-12-29 15:13:51,18269,18269,18269,2,0
2021-12-29 15:13:54,18268,18268,18268,2,-2
2021-12-29 15:14:05,18268,18268,18268,2,0
2021-12-29 15:14:23,18269,18269,18269,4,4
2021-12-29 15:14:27,18269,18269,18269,2,0
2021-12-29 15:14:29,18269,18269,18269,2,0
2021-12-29 15:14:34,18269,18269,18269,2,0
2021-12-29 15:14:43,18270,18270,18270,2,2
2021-12-29 15:14:57,18270,18270,18270,2,0
2021-12-29 15:15:00,18269,18269,18269,2,-2
2021-12-29 15:15:00,18271,18271,18271,2,2
2021-12-29 15:15:00,18271,18271,18271,2,0
2021-12-29 15:15:03,18271,18271,18271,8,0
2021-12-29 15:15:03,18270,18270,18270,2,-2
2021-12-29 15:15:04,18271,18271,18271,2,2
2021-12-29 15:15:09,18271,18271,18271,22,0
2021-12-29 15:15:10,18272,18272,18272,2,2
2021-12-29 15:15:13,18272,18272,18272,6,0
2021-12-29 15:15:23,18272,18272,18272,6,0
2021-12-29 15:15:25,18272,18272,18272,2,0
2021-12-29 15:15:25,18273,18273,18273,2,2
2021-12-29 15:15:26,18273,18273,18273,2,0
2021-12-29 15:15:28,18272,18272,18272,2,-2
2021-12-29 15:15:36,18272,18272,18272,2,0
2021-12-29 15:15:47,18272,18272,18272,2,0
2021-12-29 15:15:50,18272,18272,18272,2,0
2021-12-29 15:15:50,18271,18271,18271,2,-2
2021-12-29 15:15:50,18271,18271,18271,2,0
2021-12-29 15:15:55,18272,18272,18272,2,2
2021-12-29 15:15:59,18272,18272,18272,2,0
2021-12-29 15:16:04,18272,18272,18272,2,0
2021-12-29 15:16:11,18272,18272,18272,2,0
2021-12-29 15:16:14,18271,18271,18271,2,-2
2021-12-29 15:16:24,18272,18272,18272,2,2
2021-12-29 15:16:26,18272,18272,18272,4,0
2021-12-29 15:16:29,18271,18271,18271,2,-2
2021-12-29 15:16:39,18271,18271,18271,2,0
2021-12-29 15:16:42,18271,18271,18271,4,0
2021-12-29 15:16:44,18271,18271,18271,2,0
2021-12-29 15:17:00,18271,18271,18271,2,0
2021-12-29 15:17:00,18271,18271,18271,4,0
2021-12-29 15:17:00,18271,18271,18271,4,0
2021-12-29 15:17:06,18270,18270,18270,2,-2
2021-12-29 15:17:07,18270,18270,18270,2,0
2021-12-29 15:17:07,18270,18270,18270,2,0
2021-12-29 15:17:07,18270,18270,18270,2,0
2021-12-29 15:17:08,18270,18270,18270,2,0
2021-12-29 15:17:08,18270,18270,18270,2,0
2021-12-29 15:17:08,18270,18270,18270,2,0
2021-12-29 15:17:11,18270,18270,18270,6,0
2021-12-29 15:17:15,18269,18269,18269,2,-2
2021-12-29 15:17:15,18269,18269,18269,2,0
2021-12-29 15:17:15,18269,18269,18269,2,0
2021-12-29 15:17:15,18269,18269,18269,2,0
2021-12-29 15:17:30,18268,18268,18268,2,-2
2021-12-29 15:17:54,18268,18268,18268,2,0
2021-12-29 15:17:54,18269,18269,18269,2,2
2021-12-29 15:17:55,18268,18268,18268,2,-2
2021-12-29 15:17:56,18268,18268,18268,2,0
2021-12-29 15:17:56,18268,18268,18268,2,0
2021-12-29 15:17:57,18268,18268,18268,2,0
2021-12-29 15:17:57,18268,18268,18268,2,0
2021-12-29 15:18:09,18267,18267,18267,6,-6
2021-12-29 15:18:11,18267,18267,18267,10,0
2021-12-29 15:18:11,18267,18267,18267,2,0
2021-12-29 15:18:11,18267,18267,18267,2,0
2021-12-29 15:18:11,18267,18267,18267,2,0
2021-12-29 15:18:11,18267,18267,18267,2,0
2021-12-29 15:18:11,18267,18267,18267,2,0
2021-12-29 15:18:11,18267,18267,18267,10,0
2021-12-29 15:18:11,18267,18267,18267,10,0
2021-12-29 15:18:11,18267,18267,18267,2,0
2021-12-29 15:18:11,18267,18267,18267,4,0
2021-12-29 15:18:11,18267,18267,18267,6,0
2021-12-29 15:18:11,18267,18267,18267,2,0
2021-12-29 15:18:11,18266,18266,18266,2,-2
2021-12-29 15:18:11,18266,18266,18266,4,0
2021-12-29 15:18:11,18266,18266,18266,10,0
2021-12-29 15:18:11,18266,18266,18266,2,0
2021-12-29 15:18:11,18266,18266,18266,2,0
2021-12-29 15:18:11,18266,18266,18266,2,0
2021-12-29 15:18:11,18266,18266,18266,2,0
2021-12-29 15:18:11,18266,18266,18266,2,0
2021-12-29 15:18:11,18266,18266,18266,2,0
2021-12-29 15:18:14,18265,18265,18265,2,-2
2021-12-29 15:18:14,18265,18265,18265,2,0
2021-12-29 15:18:20,18266,18266,18266,2,2
2021-12-29 15:18:21,18266,18266,18266,2,0
2021-12-29 15:18:27,18266,18266,18266,2,0
2021-12-29 15:18:28,18266,18266,18266,2,0
2021-12-29 15:18:31,18267,18267,18267,2,2
2021-12-29 15:18:40,18267,18267,18267,2,0
2021-12-29 15:18:42,18267,18267,18267,2,0
2021-12-29 15:18:50,18267,18267,18267,2,0
2021-12-29 15:18:50,18267,18267,18267,2,0
2021-12-29 15:18:51,18268,18268,18268,2,2
2021-12-29 15:19:00,18267,18267,18267,2,-2
2021-12-29 15:19:04,18268,18268,18268,2,2
2021-12-29 15:19:05,18267,18267,18267,2,-2
2021-12-29 15:19:08,18268,18268,18268,2,2
2021-12-29 15:19:23,18269,18269,18269,2,2
2021-12-29 15:19:24,18268,18268,18268,2,-2
2021-12-29 15:19:28,18268,18268,18268,2,0
2021-12-29 15:19:34,18269,18269,18269,2,2
2021-12-29 15:19:43,18269,18269,18269,2,0
2021-12-29 15:19:54,18269,18269,18269,2,0
2021-12-29 15:20:09,18269,18269,18269,2,0
2021-12-29 15:20:25,18269,18269,18269,2,0
2021-12-29 15:20:25,18269,18269,18269,2,0
2021-12-29 15:20:28,18269,18269,18269,4,0
2021-12-29 15:20:39,18270,18270,18270,2,2
2021-12-29 15:20:41,18270,18270,18270,2,0
2021-12-29 15:20:43,18270,18270,18270,2,0
2021-12-29 15:20:56,18270,18270,18270,2,0
2021-12-29 15:21:22,18271,18271,18271,2,2
2021-12-29 15:21:24,18271,18271,18271,2,0
2021-12-29 15:21:26,18271,18271,18271,2,0
2021-12-29 15:21:30,18271,18271,18271,2,0
2021-12-29 15:21:30,18271,18271,18271,2,0
2021-12-29 15:21:39,18271,18271,18271,2,0
2021-12-29 15:21:49,18272,18272,18272,4,4
2021-12-29 15:21:58,18272,18272,18272,2,0
2021-12-29 15:21:58,18272,18272,18272,8,0
2021-12-29 15:22:05,18272,18272,18272,2,0
2021-12-29 15:22:13,18272,18272,18272,2,0
2021-12-29 15:22:13,18272,18272,18272,2,0
2021-12-29 15:22:14,18272,18272,18272,2,0
2021-12-29 15:22:16,18272,18272,18272,2,0
2021-12-29 15:22:18,18272,18272,18272,4,0
2021-12-29 15:22:37,18272,18272,18272,2,0
2021-12-29 15:22:41,18272,18272,18272,2,0
2021-12-29 15:22:49,18272,18272,18272,4,0
2021-12-29 15:23:13,18272,18272,18272,2,0
2021-12-29 15:23:30,18271,18271,18271,2,-2
2021-12-29 15:23:47,18272,18272,18272,4,4
2021-12-29 15:23:52,18271,18271,18271,2,-2
2021-12-29 15:24:09,18272,18272,18272,18,18
2021-12-29 15:24:09,18273,18273,18273,2,2
2021-12-29 15:24:09,18271,18271,18271,2,-2
2021-12-29 15:24:09,18273,18273,18273,2,2
2021-12-29 15:24:09,18273,18273,18273,2,0
2021-12-29 15:24:10,18271,18271,18271,2,-2
2021-12-29 15:24:10,18271,18271,18271,2,0
2021-12-29 15:24:14,18271,18271,18271,2,0
2021-12-29 15:24:17,18273,18273,18273,2,2
2021-12-29 15:24:18,18272,18272,18272,2,-2
2021-12-29 15:24:20,18271,18271,18271,16,-16
2021-12-29 15:24:20,18271,18271,18271,4,0
2021-12-29 15:24:20,18271,18271,18271,2,0
2021-12-29 15:24:24,18271,18271,18271,2,0
2021-12-29 15:24:26,18271,18271,18271,2,0
2021-12-29 15:24:28,18270,18270,18270,2,-2
2021-12-29 15:24:28,18270,18270,18270,2,0
2021-12-29 15:24:28,18270,18270,18270,2,0
2021-12-29 15:24:28,18270,18270,18270,6,0
2021-12-29 15:24:28,18270,18270,18270,4,0
2021-12-29 15:24:28,18270,18270,18270,2,0
2021-12-29 15:24:28,18270,18270,18270,2,0
2021-12-29 15:24:28,18270,18270,18270,2,0
2021-12-29 15:24:28,18270,18270,18270,2,0
2021-12-29 15:24:28,18270,18270,18270,10,0
2021-12-29 15:24:28,18270,18270,18270,2,0
2021-12-29 15:24:28,18270,18270,18270,2,0
2021-12-29 15:24:28,18270,18270,18270,2,0
2021-12-29 15:24:28,18270,18270,18270,26,0
2021-12-29 15:24:28,18270,18270,18270,2,0
2021-12-29 15:24:28,18270,18270,18270,2,0
2021-12-29 15:24:28,18269,18269,18269,2,-2
2021-12-29 15:24:28,18269,18269,18269,2,0
2021-12-29 15:24:28,18269,18269,18269,4,0
2021-12-29 15:24:28,18269,18269,18269,2,0
2021-12-29 15:24:28,18269,18269,18269,2,0
2021-12-29 15:24:28,18269,18269,18269,2,0
2021-12-29 15:24:28,18269,18269,18269,2,0
2021-12-29 15:24:28,18269,18269,18269,2,0
2021-12-29 15:24:28,18270,18270,18270,2,2
2021-12-29 15:24:28,18268,18268,18268,2,-2
2021-12-29 15:24:47,18269,18269,18269,2,2
2021-12-29 15:25:16,18270,18270,18270,2,2
2021-12-29 15:25:21,18270,18270,18270,2,0
2021-12-29 15:25:33,18270,18270,18270,2,0
2021-12-29 15:26:07,18269,18269,18269,2,-2
2021-12-29 15:26:07,18270,18270,18270,2,2
2021-12-29 15:26:07,18270,18270,18270,4,0
2021-12-29 15:26:09,18271,18271,18271,8,8
2021-12-29 15:26:43,18271,18271,18271,2,0
2021-12-29 15:27:15,18271,18271,18271,2,0
2021-12-29 15:27:16,18271,18271,18271,2,0
2021-12-29 15:27:16,18270,18270,18270,2,-2
2021-12-29 15:27:16,18270,18270,18270,2,0
2021-12-29 15:27:16,18270,18270,18270,2,0
2021-12-29 15:27:16,18270,18270,18270,2,0
2021-12-29 15:28:02,18270,18270,18270,2,0
2021-12-29 15:28:07,18270,18270,18270,4,0
2021-12-29 15:28:48,18271,18271,18271,2,2
2021-12-29 15:28:53,18270,18270,18270,4,-4
2021-12-29 15:29:02,18271,18271,18271,2,2
2021-12-29 15:29:17,18271,18271,18271,2,0
2021-12-29 15:29:17,18271,18271,18271,26,0
2021-12-29 15:29:18,18271,18271,18271,2,0
2021-12-29 15:29:18,18271,18271,18271,2,0
2021-12-29 15:29:23,18271,18271,18271,2,0
2021-12-29 15:29:23,18271,18271,18271,2,0
2021-12-29 15:29:30,18272,18272,18272,2,2
2021-12-29 15:29:30,18272,18272,18272,4,0
2021-12-29 15:29:30,18272,18272,18272,2,0
2021-12-29 15:29:30,18272,18272,18272,6,0
2021-12-29 15:29:36,18272,18272,18272,2,0
2021-12-29 15:29:37,18273,18273,18273,2,2
2021-12-29 15:29:43,18273,18273,18273,2,0
2021-12-29 15:29:46,18272,18272,18272,4,-4
2021-12-29 15:29:46,18272,18272,18272,2,0
2021-12-29 15:29:46,18273,18273,18273,2,2
2021-12-29 15:29:48,18273,18273,18273,2,0
2021-12-29 15:29:52,18273,18273,18273,2,0
2021-12-29 15:29:54,18273,18273,18273,2,0
2021-12-29 15:30:09,18273,18273,18273,2,0
2021-12-29 15:30:11,18272,18272,18272,2,-2
2021-12-29 15:30:11,18272,18272,18272,2,0
2021-12-29 15:30:11,18272,18272,18272,2,0
2021-12-29 15:30:11,18272,18272,18272,2,0
2021-12-29 15:30:11,18272,18272,18272,2,0
2021-12-29 15:30:11,18272,18272,18272,2,0
2021-12-29 15:30:19,18272,18272,18272,2,0
2021-12-29 15:30:22,18272,18272,18272,2,0
2021-12-29 15:30:22,18272,18272,18272,2,0
2021-12-29 15:30:22,18272,18272,18272,2,0
2021-12-29 15:30:22,18272,18272,18272,2,0
2021-12-29 15:30:22,18271,18271,18271,2,-2
2021-12-29 15:30:22,18271,18271,18271,2,0
2021-12-29 15:30:22,18273,18273,18273,2,2
2021-12-29 15:30:32,18272,18272,18272,6,-6
2021-12-29 15:30:37,18272,18272,18272,4,0
2021-12-29 15:30:37,18271,18271,18271,2,-2
2021-12-29 15:30:54,18272,18272,18272,4,4
2021-12-29 15:31:11,18271,18271,18271,2,-2
2021-12-29 15:32:10,18271,18271,18271,2,0
2021-12-29 15:32:12,18271,18271,18271,2,0
2021-12-29 15:32:14,18272,18272,18272,2,2
2021-12-29 15:32:14,18271,18271,18271,2,-2
2021-12-29 15:32:30,18271,18271,18271,2,0
2021-12-29 15:33:02,18272,18272,18272,4,4
2021-12-29 15:33:02,18272,18272,18272,2,0
2021-12-29 15:33:02,18273,18273,18273,6,6
2021-12-29 15:33:02,18273,18273,18273,30,0
2021-12-29 15:33:03,18274,18274,18274,2,2
2021-12-29 15:33:03,18274,18274,18274,2,0
2021-12-29 15:33:03,18274,18274,18274,6,0
2021-12-29 15:33:18,18274,18274,18274,2,0
2021-12-29 15:33:26,18272,18272,18272,2,-2
2021-12-29 15:33:26,18272,18272,18272,2,0
2021-12-29 15:33:38,18273,18273,18273,2,2
2021-12-29 15:34:04,18274,18274,18274,4,4
2021-12-29 15:34:09,18273,18273,18273,2,-2
2021-12-29 15:34:10,18274,18274,18274,22,22
2021-12-29 15:34:13,18274,18274,18274,2,0
2021-12-29 15:34:13,18274,18274,18274,2,0
2021-12-29 15:34:18,18274,18274,18274,8,0
2021-12-29 15:34:24,18274,18274,18274,2,0
2021-12-29 15:34:34,18274,18274,18274,2,0
2021-12-29 15:34:49,18274,18274,18274,2,0
2021-12-29 15:34:58,18273,18273,18273,2,-2
2021-12-29 15:34:58,18274,18274,18274,2,2
2021-12-29 15:35:00,18274,18274,18274,2,0
2021-12-29 15:35:00,18273,18273,18273,2,-2
2021-12-29 15:35:00,18273,18273,18273,2,0
2021-12-29 15:35:00,18273,18273,18273,2,0
2021-12-29 15:35:00,18273,18273,18273,4,0
2021-12-29 15:35:05,18273,18273,18273,2,0
2021-12-29 15:35:46,18272,18272,18272,10,-10
2021-12-29 15:35:46,18272,18272,18272,2,0
2021-12-29 15:35:46,18272,18272,18272,2,0
2021-12-29 15:35:46,18272,18272,18272,4,0
2021-12-29 15:35:46,18272,18272,18272,2,0
2021-12-29 15:36:04,18273,18273,18273,2,2
2021-12-29 15:36:06,18272,18272,18272,2,-2
2021-12-29 15:36:12,18272,18272,18272,2,0
2021-12-29 15:36:12,18272,18272,18272,2,0
2021-12-29 15:36:12,18272,18272,18272,2,0
2021-12-29 15:36:16,18272,18272,18272,2,0
2021-12-29 15:36:18,18273,18273,18273,2,2
2021-12-29 15:36:31,18273,18273,18273,2,0
2021-12-29 15:36:31,18273,18273,18273,4,0
2021-12-29 15:36:51,18273,18273,18273,4,0
2021-12-29 15:37:44,18274,18274,18274,2,2
2021-12-29 15:37:44,18274,18274,18274,4,0
2021-12-29 15:37:45,18274,18274,18274,2,0
2021-12-29 15:37:45,18274,18274,18274,2,0
2021-12-29 15:37:45,18274,18274,18274,4,0
2021-12-29 15:37:45,18275,18275,18275,2,2
2021-12-29 15:37:45,18275,18275,18275,8,0
2021-12-29 15:37:45,18275,18275,18275,24,0
2021-12-29 15:37:45,18276,18276,18276,2,2
2021-12-29 15:37:45,18276,18276,18276,2,0
2021-12-29 15:37:45,18276,18276,18276,2,0
2021-12-29 15:37:45,18275,18275,18275,2,-2
2021-12-29 15:37:45,18275,18275,18275,2,0
2021-12-29 15:37:45,18274,18274,18274,2,-2
2021-12-29 15:37:45,18274,18274,18274,2,0
2021-12-29 15:37:45,18274,18274,18274,2,0
2021-12-29 15:37:46,18276,18276,18276,2,2
2021-12-29 15:37:58,18275,18275,18275,2,-2
2021-12-29 15:38:07,18276,18276,18276,4,4
2021-12-29 15:38:07,18275,18275,18275,2,-2
2021-12-29 15:38:15,18276,18276,18276,2,2
2021-12-29 15:38:24,18276,18276,18276,2,0
2021-12-29 15:38:25,18276,18276,18276,18,0
2021-12-29 15:38:32,18277,18277,18277,2,2
2021-12-29 15:38:32,18277,18277,18277,2,0
2021-12-29 15:38:36,18277,18277,18277,2,0
2021-12-29 15:38:36,18277,18277,18277,4,0
2021-12-29 15:38:40,18277,18277,18277,2,0
2021-12-29 15:38:43,18277,18277,18277,2,0
2021-12-29 15:38:43,18277,18277,18277,2,0
2021-12-29 15:38:43,18277,18277,18277,6,0
2021-12-29 15:38:43,18277,18277,18277,6,0
2021-12-29 15:38:43,18277,18277,18277,4,0
2021-12-29 15:38:43,18278,18278,18278,2,2
2021-12-29 15:38:43,18278,18278,18278,2,0
2021-12-29 15:38:43,18278,18278,18278,2,0
2021-12-29 15:38:43,18278,18278,18278,2,0
2021-12-29 15:38:43,18278,18278,18278,2,0
2021-12-29 15:38:43,18278,18278,18278,2,0
2021-12-29 15:38:46,18277,18277,18277,2,-2
2021-12-29 15:39:00,18277,18277,18277,2,0
2021-12-29 15:39:00,18277,18277,18277,2,0
2021-12-29 15:39:07,18278,18278,18278,10,10
2021-12-29 15:39:07,18278,18278,18278,2,0
2021-12-29 15:39:08,18278,18278,18278,4,0
2021-12-29 15:39:10,18278,18278,18278,2,0
2021-12-29 15:39:10,18277,18277,18277,2,-2
2021-12-29 15:39:10,18277,18277,18277,2,0
2021-12-29 15:39:18,18278,18278,18278,2,2
2021-12-29 15:39:21,18278,18278,18278,2,0
2021-12-29 15:39:21,18278,18278,18278,2,0
2021-12-29 15:39:22,18279,18279,18279,2,2
2021-12-29 15:39:22,18279,18279,18279,2,0
2021-12-29 15:39:31,18279,18279,18279,4,0
2021-12-29 15:39:38,18279,18279,18279,2,0
2021-12-29 15:39:38,18279,18279,18279,4,0
2021-12-29 15:39:39,18279,18279,18279,2,0
2021-12-29 15:39:39,18279,18279,18279,2,0
2021-12-29 15:39:39,18279,18279,18279,2,0
2021-12-29 15:39:39,18279,18279,18279,2,0
2021-12-29 15:39:39,18279,18279,18279,2,0
2021-12-29 15:39:39,18279,18279,18279,2,0
2021-12-29 15:39:39,18279,18279,18279,8,0
2021-12-29 15:39:39,18279,18279,18279,4,0
2021-12-29 15:39:39,18279,18279,18279,2,0
2021-12-29 15:39:41,18280,18280,18280,2,2
2021-12-29 15:39:44,18280,18280,18280,2,0
2021-12-29 15:39:46,18280,18280,18280,2,0
2021-12-29 15:39:47,18280,18280,18280,2,0
2021-12-29 15:39:48,18280,18280,18280,2,0
2021-12-29 15:39:48,18279,18279,18279,2,-2
2021-12-29 15:39:49,18280,18280,18280,2,2
2021-12-29 15:39:52,18280,18280,18280,4,0
2021-12-29 15:39:52,18279,18279,18279,2,-2
2021-12-29 15:39:53,18280,18280,18280,10,10
2021-12-29 15:39:53,18279,18279,18279,2,-2
2021-12-29 15:39:57,18280,18280,18280,2,2
2021-12-29 15:40:01,18280,18280,18280,2,0
2021-12-29 15:40:01,18280,18280,18280,2,0
2021-12-29 15:40:01,18280,18280,18280,2,0
2021-12-29 15:40:01,18280,18280,18280,2,0
2021-12-29 15:40:01,18280,18280,18280,2,0
2021-12-29 15:40:01,18280,18280,18280,2,0
2021-12-29 15:40:01,18280,18280,18280,2,0
2021-12-29 15:40:01,18281,18281,18281,2,2
2021-12-29 15:40:01,18281,18281,18281,2,0
2021-12-29 15:40:01,18281,18281,18281,2,0
2021-12-29 15:40:01,18281,18281,18281,2,0
2021-12-29 15:40:01,18281,18281,18281,8,0
2021-12-29 15:40:01,18282,18282,18282,12,12
2021-12-29 15:40:01,18282,18282,18282,2,0
2021-12-29 15:40:02,18282,18282,18282,2,0
2021-12-29 15:40:03,18282,18282,18282,2,0
2021-12-29 15:40:03,18282,18282,18282,2,0
2021-12-29 15:40:03,18282,18282,18282,2,0
2021-12-29 15:40:12,18281,18281,18281,2,-2
2021-12-29 15:40:12,18282,18282,18282,2,2
2021-12-29 15:40:13,18282,18282,18282,2,0
2021-12-29 15:40:13,18282,18282,18282,2,0
2021-12-29 15:40:14,18282,18282,18282,2,0
2021-12-29 15:40:15,18282,18282,18282,2,0
2021-12-29 15:40:18,18283,18283,18283,2,2
2021-12-29 15:40:18,18283,18283,18283,4,0
2021-12-29 15:40:18,18283,18283,18283,2,0
2021-12-29 15:40:18,18283,18283,18283,10,0
2021-12-29 15:40:18,18283,18283,18283,10,0
2021-12-29 15:40:18,18283,18283,18283,6,0
2021-12-29 15:40:18,18283,18283,18283,4,0
2021-12-29 15:40:19,18284,18284,18284,2,2
2021-12-29 15:40:19,18284,18284,18284,6,0
2021-12-29 15:40:20,18284,18284,18284,4,0
2021-12-29 15:40:24,18284,18284,18284,2,0
2021-12-29 15:40:28,18284,18284,18284,4,0
2021-12-29 15:40:28,18284,18284,18284,4,0
2021-12-29 15:40:33,18284,18284,18284,2,0
2021-12-29 15:40:36,18284,18284,18284,2,0
2021-12-29 15:40:37,18284,18284,18284,4,0
2021-12-29 15:40:41,18284,18284,18284,2,0
2021-12-29 15:40:43,18283,18283,18283,2,-2
2021-12-29 15:40:44,18284,18284,18284,4,4
2021-12-29 15:40:45,18284,18284,18284,2,0
2021-12-29 15:40:46,18284,18284,18284,4,0
2021-12-29 15:40:46,18283,18283,18283,2,-2
2021-12-29 15:40:46,18283,18283,18283,2,0
2021-12-29 15:40:47,18284,18284,18284,2,2
2021-12-29 15:40:49,18284,18284,18284,2,0
2021-12-29 15:40:50,18284,18284,18284,2,0
2021-12-29 15:40:58,18285,18285,18285,10,10
2021-12-29 15:40:58,18285,18285,18285,2,0
2021-12-29 15:40:58,18285,18285,18285,2,0
2021-12-29 15:40:58,18285,18285,18285,6,0
2021-12-29 15:40:59,18285,18285,18285,2,0
2021-12-29 15:41:00,18285,18285,18285,4,0
2021-12-29 15:41:02,18285,18285,18285,2,0
2021-12-29 15:41:04,18285,18285,18285,2,0
2021-12-29 15:41:05,18285,18285,18285,2,0
2021-12-29 15:41:10,18285,18285,18285,10,0
2021-12-29 15:41:17,18286,18286,18286,2,2
2021-12-29 15:41:17,18286,18286,18286,2,0
2021-12-29 15:41:18,18286,18286,18286,2,0
2021-12-29 15:41:18,18286,18286,18286,2,0
2021-12-29 15:41:19,18286,18286,18286,2,0
2021-12-29 15:41:33,18285,18285,18285,2,-2
2021-12-29 15:41:34,18286,18286,18286,2,2
2021-12-29 15:41:35,18285,18285,18285,6,-6
2021-12-29 15:41:35,18286,18286,18286,2,2
2021-12-29 15:41:35,18285,18285,18285,2,-2
2021-12-29 15:41:35,18285,18285,18285,2,0
2021-12-29 15:41:36,18286,18286,18286,6,6
2021-12-29 15:41:36,18286,18286,18286,2,0
2021-12-29 15:41:37,18285,18285,18285,2,-2
2021-12-29 15:41:39,18285,18285,18285,2,0
2021-12-29 15:41:41,18286,18286,18286,2,2
2021-12-29 15:41:43,18286,18286,18286,2,0
2021-12-29 15:41:45,18286,18286,18286,2,0
2021-12-29 15:41:53,18285,18285,18285,2,-2
2021-12-29 15:41:53,18285,18285,18285,2,0
2021-12-29 15:41:54,18286,18286,18286,18,18
2021-12-29 15:41:54,18287,18287,18287,6,6
2021-12-29 15:42:00,18286,18286,18286,2,-2
2021-12-29 15:42:00,18286,18286,18286,2,0
2021-12-29 15:42:00,18287,18287,18287,2,2
2021-12-29 15:42:00,18287,18287,18287,4,0
2021-12-29 15:42:00,18287,18287,18287,4,0
2021-12-29 15:42:00,18287,18287,18287,2,0
2021-12-29 15:42:00,18285,18285,18285,2,-2
2021-12-29 15:42:01,18286,18286,18286,12,12
2021-12-29 15:42:01,18287,18287,18287,2,2
2021-12-29 15:42:01,18285,18285,18285,2,-2
2021-12-29 15:42:01,18287,18287,18287,2,2
2021-12-29 15:42:02,18287,18287,18287,2,0
2021-12-29 15:42:07,18287,18287,18287,12,0
2021-12-29 15:42:10,18287,18287,18287,2,0
2021-12-29 15:42:11,18287,18287,18287,2,0
2021-12-29 15:42:11,18287,18287,18287,2,0
2021-12-29 15:42:11,18288,18288,18288,2,2
2021-12-29 15:42:11,18288,18288,18288,2,0
2021-12-29 15:42:11,18288,18288,18288,2,0
2021-12-29 15:42:11,18288,18288,18288,4,0
2021-12-29 15:42:11,18288,18288,18288,6,0
2021-12-29 15:42:11,18288,18288,18288,2,0
2021-12-29 15:42:11,18288,18288,18288,6,0
2021-12-29 15:42:16,18287,18287,18287,2,-2
2021-12-29 15:42:16,18288,18288,18288,8,8
2021-12-29 15:42:17,18288,18288,18288,2,0
2021-12-29 15:42:17,18288,18288,18288,2,0
2021-12-29 15:42:19,18288,18288,18288,4,0
2021-12-29 15:42:20,18288,18288,18288,2,0
2021-12-29 15:42:20,18288,18288,18288,8,0
2021-12-29 15:42:20,18289,18289,18289,4,4
2021-12-29 15:42:21,18289,18289,18289,4,0
2021-12-29 15:42:21,18289,18289,18289,2,0
2021-12-29 15:42:21,18289,18289,18289,2,0
2021-12-29 15:42:21,18289,18289,18289,2,0
2021-12-29 15:42:21,18289,18289,18289,2,0
2021-12-29 15:42:21,18289,18289,18289,2,0
2021-12-29 15:42:21,18289,18289,18289,2,0
2021-12-29 15:42:21,18289,18289,18289,2,0
2021-12-29 15:42:21,18289,18289,18289,2,0
2021-12-29 15:42:21,18289,18289,18289,4,0
2021-12-29 15:42:21,18289,18289,18289,2,0
2021-12-29 15:42:21,18289,18289,18289,2,0
2021-12-29 15:42:21,18289,18289,18289,2,0
2021-12-29 15:42:21,18289,18289,18289,2,0
2021-12-29 15:42:21,18289,18289,18289,2,0
2021-12-29 15:42:21,18289,18289,18289,2,0
2021-12-29 15:42:21,18289,18289,18289,2,0
2021-12-29 15:42:21,18290,18290,18290,2,2
2021-12-29 15:42:21,18290,18290,18290,2,0
2021-12-29 15:42:21,18290,18290,18290,2,0
2021-12-29 15:42:21,18290,18290,18290,2,0
2021-12-29 15:42:21,18290,18290,18290,2,0
2021-12-29 15:42:21,18290,18290,18290,2,0
2021-12-29 15:42:21,18290,18290,18290,4,0
2021-12-29 15:42:21,18290,18290,18290,2,0
2021-12-29 15:42:21,18290,18290,18290,2,0
2021-12-29 15:42:21,18290,18290,18290,2,0
2021-12-29 15:42:21,18290,18290,18290,2,0
2021-12-29 15:42:21,18290,18290,18290,2,0
2021-12-29 15:42:21,18290,18290,18290,2,0
2021-12-29 15:42:21,18290,18290,18290,2,0
2021-12-29 15:42:21,18289,18289,18289,2,-2
2021-12-29 15:42:21,18290,18290,18290,2,2
2021-12-29 15:42:21,18290,18290,18290,4,0
2021-12-29 15:42:22,18290,18290,18290,2,0
2021-12-29 15:42:22,18290,18290,18290,2,0
2021-12-29 15:42:22,18290,18290,18290,4,0
2021-12-29 15:42:22,18291,18291,18291,2,2
2021-12-29 15:42:22,18290,18290,18290,4,-4
2021-12-29 15:42:22,18290,18290,18290,2,0
2021-12-29 15:42:22,18291,18291,18291,2,2
2021-12-29 15:42:22,18290,18290,18290,2,-2
2021-12-29 15:42:23,18289,18289,18289,2,-2
2021-12-29 15:42:27,18291,18291,18291,2,2
2021-12-29 15:42:28,18289,18289,18289,2,-2
2021-12-29 15:42:30,18289,18289,18289,2,0
2021-12-29 15:42:33,18289,18289,18289,28,0
2021-12-29 15:42:33,18289,18289,18289,2,0
2021-12-29 15:42:33,18288,18288,18288,2,-2
2021-12-29 15:42:33,18288,18288,18288,2,0
2021-12-29 15:42:33,18288,18288,18288,2,0
2021-12-29 15:42:33,18288,18288,18288,2,0
2021-12-29 15:42:34,18289,18289,18289,2,2
2021-12-29 15:42:34,18289,18289,18289,2,0
2021-12-29 15:42:34,18289,18289,18289,2,0
2021-12-29 15:42:36,18289,18289,18289,6,0
2021-12-29 15:42:36,18290,18290,18290,4,4
2021-12-29 15:42:36,18289,18289,18289,2,-2
2021-12-29 15:42:38,18289,18289,18289,10,0
2021-12-29 15:42:38,18290,18290,18290,10,10
2021-12-29 15:42:41,18288,18288,18288,4,-4
2021-12-29 15:42:41,18288,18288,18288,8,0
2021-12-29 15:42:41,18288,18288,18288,2,0
2021-12-29 15:42:41,18288,18288,18288,2,0
2021-12-29 15:42:41,18288,18288,18288,2,0
2021-12-29 15:42:41,18288,18288,18288,2,0
2021-12-29 15:42:41,18288,18288,18288,2,0
2021-12-29 15:42:41,18288,18288,18288,2,0
2021-12-29 15:42:43,18288,18288,18288,2,0
2021-12-29 15:42:44,18288,18288,18288,2,0
2021-12-29 15:42:46,18287,18287,18287,2,-2
2021-12-29 15:42:46,18287,18287,18287,2,0
2021-12-29 15:42:46,18286,18286,18286,2,-2
2021-12-29 15:42:49,18288,18288,18288,2,2
2021-12-29 15:42:50,18288,18288,18288,12,0
2021-12-29 15:42:50,18289,18289,18289,14,14
2021-12-29 15:42:51,18287,18287,18287,2,-2
2021-12-29 15:42:51,18287,18287,18287,2,0
2021-12-29 15:42:52,18289,18289,18289,2,2
2021-12-29 15:42:54,18289,18289,18289,2,0
2021-12-29 15:42:57,18289,18289,18289,6,0
2021-12-29 15:43:02,18289,18289,18289,4,0
2021-12-29 15:43:09,18289,18289,18289,6,0
2021-12-29 15:43:09,18290,18290,18290,24,24
2021-12-29 15:43:09,18291,18291,18291,6,6
2021-12-29 15:43:10,18290,18290,18290,2,-2
2021-12-29 15:43:10,18288,18288,18288,2,-2
2021-12-29 15:43:10,18290,18290,18290,4,4
2021-12-29 15:43:15,18289,18289,18289,6,-6
2021-12-29 15:43:15,18288,18288,18288,2,-2
2021-12-29 15:43:17,18288,18288,18288,2,0
2021-12-29 15:43:19,18288,18288,18288,2,0
2021-12-29 15:43:19,18288,18288,18288,2,0
2021-12-29 15:43:21,18288,18288,18288,2,0
2021-12-29 15:43:22,18288,18288,18288,2,0
2021-12-29 15:43:26,18288,18288,18288,2,0
2021-12-29 15:43:26,18288,18288,18288,2,0
2021-12-29 15:43:26,18288,18288,18288,2,0
2021-12-29 15:43:30,18288,18288,18288,8,0
2021-12-29 15:43:34,18287,18287,18287,2,-2
2021-12-29 15:43:34,18287,18287,18287,2,0
2021-12-29 15:43:36,18287,18287,18287,2,0
2021-12-29 15:43:36,18287,18287,18287,2,0
2021-12-29 15:43:38,18287,18287,18287,2,0
2021-12-29 15:43:38,18287,18287,18287,2,0
2021-12-29 15:43:40,18288,18288,18288,2,2
2021-12-29 15:43:41,18287,18287,18287,2,-2
2021-12-29 15:43:43,18287,18287,18287,2,0
2021-12-29 15:43:44,18287,18287,18287,2,0
2021-12-29 15:43:44,18287,18287,18287,2,0
2021-12-29 15:43:49,18287,18287,18287,2,0
2021-12-29 15:43:53,18286,18286,18286,4,-4
2021-12-29 15:43:53,18286,18286,18286,2,0
2021-12-29 15:43:54,18287,18287,18287,2,2
2021-12-29 15:44:09,18287,18287,18287,2,0
2021-12-29 15:44:09,18287,18287,18287,2,0
2021-12-29 15:44:15,18286,18286,18286,2,-2
2021-12-29 15:44:15,18286,18286,18286,2,0
2021-12-29 15:44:15,18286,18286,18286,6,0
2021-12-29 15:44:15,18286,18286,18286,2,0
2021-12-29 15:44:15,18286,18286,18286,2,0
2021-12-29 15:44:15,18286,18286,18286,2,0
2021-12-29 15:44:15,18286,18286,18286,2,0
2021-12-29 15:44:15,18286,18286,18286,2,0
2021-12-29 15:44:15,18286,18286,18286,2,0
2021-12-29 15:44:15,18286,18286,18286,2,0
2021-12-29 15:44:15,18286,18286,18286,2,0
2021-12-29 15:44:15,18286,18286,18286,2,0
2021-12-29 15:44:15,18286,18286,18286,6,0
2021-12-29 15:44:15,18287,18287,18287,6,6
2021-12-29 15:44:16,18287,18287,18287,4,0
2021-12-29 15:44:16,18287,18287,18287,4,0
2021-12-29 15:44:20,18287,18287,18287,2,0
2021-12-29 15:44:24,18287,18287,18287,2,0
2021-12-29 15:44:25,18287,18287,18287,2,0
2021-12-29 15:44:26,18286,18286,18286,2,-2
2021-12-29 15:44:33,18286,18286,18286,4,0
2021-12-29 15:44:36,18287,18287,18287,2,2
2021-12-29 15:44:40,18286,18286,18286,2,-2
2021-12-29 15:44:40,18285,18285,18285,2,-2
2021-12-29 15:44:40,18285,18285,18285,2,0
2021-12-29 15:44:40,18285,18285,18285,10,0
2021-12-29 15:44:40,18285,18285,18285,2,0
2021-12-29 15:44:40,18285,18285,18285,2,0
2021-12-29 15:44:40,18285,18285,18285,2,0
2021-12-29 15:44:40,18285,18285,18285,2,0
2021-12-29 15:44:44,18284,18284,18284,2,-2
2021-12-29 15:44:45,18284,18284,18284,2,0
2021-12-29 15:44:45,18284,18284,18284,2,0
2021-12-29 15:44:49,18284,18284,18284,2,0
2021-12-29 15:44:50,18285,18285,18285,2,2
2021-12-29 15:44:57,18285,18285,18285,2,0
2021-12-29 15:44:58,18285,18285,18285,2,0
2021-12-29 15:44:59,18285,18285,18285,2,0
2021-12-29 15:45:05,18285,18285,18285,2,0
2021-12-29 15:45:05,18285,18285,18285,2,0
2021-12-29 15:45:05,18285,18285,18285,2,0
2021-12-29 15:45:05,18285,18285,18285,2,0
2021-12-29 15:45:05,18286,18286,18286,14,14
2021-12-29 15:45:06,18287,18287,18287,8,8
2021-12-29 15:45:36,18287,18287,18287,2,0
2021-12-29 15:45:44,18286,18286,18286,2,-2
2021-12-29 15:45:58,18285,18285,18285,2,-2
2021-12-29 15:45:58,18286,18286,18286,2,2
2021-12-29 15:46:07,18286,18286,18286,2,0
2021-12-29 15:46:08,18285,18285,18285,2,-2
2021-12-29 15:46:08,18285,18285,18285,2,0
2021-12-29 15:46:08,18285,18285,18285,2,0
2021-12-29 15:46:08,18285,18285,18285,2,0
2021-12-29 15:46:09,18286,18286,18286,2,2
2021-12-29 15:46:11,18286,18286,18286,2,0
2021-12-29 15:46:39,18285,18285,18285,2,-2
2021-12-29 15:46:39,18285,18285,18285,2,0
2021-12-29 15:46:45,18285,18285,18285,2,0
2021-12-29 15:46:45,18285,18285,18285,2,0
2021-12-29 15:46:45,18285,18285,18285,2,0
2021-12-29 15:46:45,18285,18285,18285,2,0
2021-12-29 15:46:45,18285,18285,18285,2,0
2021-12-29 15:46:45,18284,18284,18284,2,-2
2021-12-29 15:46:45,18284,18284,18284,2,0
2021-12-29 15:46:46,18286,18286,18286,2,2
2021-12-29 15:46:50,18284,18284,18284,2,-2
2021-12-29 15:46:50,18284,18284,18284,2,0
2021-12-29 15:46:52,18284,18284,18284,2,0
2021-12-29 15:46:55,18284,18284,18284,2,0
2021-12-29 15:46:55,18284,18284,18284,2,0
2021-12-29 15:46:58,18284,18284,18284,2,0
2021-12-29 15:46:59,18286,18286,18286,4,4
2021-12-29 15:46:59,18285,18285,18285,2,-2
2021-12-29 15:47:01,18285,18285,18285,2,0
2021-12-29 15:47:02,18284,18284,18284,2,-2
2021-12-29 15:47:02,18284,18284,18284,2,0
2021-12-29 15:47:07,18286,18286,18286,4,4
2021-12-29 15:47:07,18286,18286,18286,2,0
2021-12-29 15:47:07,18286,18286,18286,4,0
2021-12-29 15:47:22,18286,18286,18286,2,0
2021-12-29 15:47:24,18286,18286,18286,2,0
2021-12-29 15:47:38,18285,18285,18285,4,-4
2021-12-29 15:47:38,18285,18285,18285,2,0
2021-12-29 15:47:39,18284,18284,18284,2,-2
2021-12-29 15:47:43,18285,18285,18285,2,2
2021-12-29 15:47:43,18285,18285,18285,6,0
2021-12-29 15:47:44,18285,18285,18285,2,0
2021-12-29 15:47:57,18285,18285,18285,2,0
2021-12-29 15:48:42,18284,18284,18284,2,-2
2021-12-29 15:48:42,18285,18285,18285,2,2
2021-12-29 15:48:42,18285,18285,18285,8,0
2021-12-29 15:48:42,18286,18286,18286,6,6
2021-12-29 15:48:43,18285,18285,18285,2,-2
2021-12-29 15:48:48,18285,18285,18285,2,0
2021-12-29 15:48:50,18285,18285,18285,2,0
2021-12-29 15:49:06,18285,18285,18285,2,0
2021-12-29 15:49:22,18285,18285,18285,2,0
2021-12-29 15:49:34,18284,18284,18284,2,-2
2021-12-29 15:49:35,18284,18284,18284,2,0
2021-12-29 15:49:45,18284,18284,18284,2,0
2021-12-29 15:49:50,18285,18285,18285,2,2
2021-12-29 15:49:54,18284,18284,18284,2,-2
2021-12-29 15:49:54,18284,18284,18284,2,0
2021-12-29 15:49:54,18284,18284,18284,2,0
2021-12-29 15:50:03,18284,18284,18284,10,0
2021-12-29 15:50:03,18284,18284,18284,16,0
2021-12-29 15:50:03,18284,18284,18284,2,0
2021-12-29 15:50:04,18285,18285,18285,2,2
2021-12-29 15:50:07,18284,18284,18284,2,-2
2021-12-29 15:50:08,18284,18284,18284,2,0
2021-12-29 15:50:10,18284,18284,18284,2,0
2021-12-29 15:50:24,18284,18284,18284,2,0
2021-12-29 15:50:24,18284,18284,18284,2,0
2021-12-29 15:50:24,18284,18284,18284,2,0
2021-12-29 15:50:24,18284,18284,18284,2,0
2021-12-29 15:50:29,18283,18283,18283,2,-2
2021-12-29 15:50:30,18283,18283,18283,2,0
2021-12-29 15:50:34,18283,18283,18283,2,0
2021-12-29 15:50:34,18283,18283,18283,2,0
2021-12-29 15:50:34,18283,18283,18283,2,0
2021-12-29 15:50:34,18283,18283,18283,2,0
2021-12-29 15:50:34,18283,18283,18283,2,0
2021-12-29 15:50:34,18283,18283,18283,2,0
2021-12-29 15:50:57,18283,18283,18283,2,0
2021-12-29 15:50:57,18283,18283,18283,2,0
2021-12-29 15:50:57,18283,18283,18283,2,0
2021-12-29 15:50:58,18283,18283,18283,2,0
2021-12-29 15:50:58,18283,18283,18283,12,0
2021-12-29 15:50:58,18283,18283,18283,2,0
2021-12-29 15:50:58,18283,18283,18283,2,0
2021-12-29 15:50:58,18283,18283,18283,2,0
2021-12-29 15:51:12,18283,18283,18283,2,0
2021-12-29 15:51:12,18283,18283,18283,2,0
2021-12-29 15:51:12,18283,18283,18283,2,0
2021-12-29 15:51:21,18283,18283,18283,2,0
2021-12-29 15:51:42,18284,18284,18284,2,2
2021-12-29 15:51:53,18284,18284,18284,2,0
2021-12-29 15:52:04,18284,18284,18284,4,0
2021-12-29 15:52:04,18284,18284,18284,2,0
2021-12-29 15:52:04,18284,18284,18284,2,0
2021-12-29 15:52:04,18284,18284,18284,2,0
2021-12-29 15:52:04,18284,18284,18284,2,0
2021-12-29 15:52:04,18284,18284,18284,2,0
2021-12-29 15:52:15,18284,18284,18284,8,0
2021-12-29 15:52:30,18284,18284,18284,2,0
2021-12-29 15:52:30,18284,18284,18284,2,0
2021-12-29 15:52:30,18284,18284,18284,2,0
2021-12-29 15:52:30,18284,18284,18284,2,0
2021-12-29 15:52:30,18284,18284,18284,2,0
2021-12-29 15:52:51,18284,18284,18284,2,0
2021-12-29 15:52:51,18284,18284,18284,2,0
2021-12-29 15:52:51,18284,18284,18284,2,0
2021-12-29 15:52:51,18284,18284,18284,6,0
2021-12-29 15:52:51,18284,18284,18284,2,0
2021-12-29 15:52:53,18284,18284,18284,2,0
2021-12-29 15:52:53,18284,18284,18284,2,0
2021-12-29 15:52:53,18284,18284,18284,2,0
2021-12-29 15:52:59,18284,18284,18284,2,0
2021-12-29 15:52:59,18284,18284,18284,2,0
2021-12-29 15:53:03,18285,18285,18285,2,2
2021-12-29 15:53:08,18285,18285,18285,2,0
2021-12-29 15:53:08,18285,18285,18285,2,0
2021-12-29 15:53:08,18285,18285,18285,4,0
2021-12-29 15:53:08,18285,18285,18285,2,0
2021-12-29 15:53:10,18285,18285,18285,2,0
2021-12-29 15:53:10,18285,18285,18285,2,0
2021-12-29 15:53:25,18286,18286,18286,2,2
2021-12-29 15:53:51,18286,18286,18286,2,0
2021-12-29 15:53:51,18286,18286,18286,2,0
2021-12-29 15:53:51,18286,18286,18286,2,0
2021-12-29 15:53:54,18286,18286,18286,2,0
2021-12-29 15:54:01,18286,18286,18286,2,0
2021-12-29 15:54:02,18286,18286,18286,2,0
2021-12-29 15:54:07,18286,18286,18286,2,0
2021-12-29 15:54:07,18286,18286,18286,2,0
2021-12-29 15:54:07,18286,18286,18286,2,0
2021-12-29 15:54:07,18286,18286,18286,2,0
2021-12-29 15:54:20,18286,18286,18286,2,0
2021-12-29 15:54:39,18287,18287,18287,2,2
2021-12-29 15:54:47,18287,18287,18287,2,0
2021-12-29 15:54:57,18287,18287,18287,2,0
2021-12-29 15:55:08,18287,18287,18287,2,0
2021-12-29 15:55:09,18287,18287,18287,4,0
2021-12-29 15:55:09,18287,18287,18287,2,0
2021-12-29 15:55:09,18287,18287,18287,6,0
2021-12-29 15:55:09,18288,18288,18288,2,2
2021-12-29 15:55:09,18288,18288,18288,2,0
2021-12-29 15:55:10,18288,18288,18288,2,0
2021-12-29 15:55:17,18288,18288,18288,8,0
2021-12-29 15:55:21,18287,18287,18287,2,-2
2021-12-29 15:55:21,18287,18287,18287,2,0
2021-12-29 15:55:21,18287,18287,18287,4,0
2021-12-29 15:55:21,18287,18287,18287,4,0
2021-12-29 15:55:23,18287,18287,18287,4,0
2021-12-29 15:55:24,18287,18287,18287,2,0
2021-12-29 15:55:28,18287,18287,18287,2,0
2021-12-29 15:55:38,18287,18287,18287,2,0
2021-12-29 15:55:43,18287,18287,18287,2,0
2021-12-29 15:55:45,18287,18287,18287,2,0
2021-12-29 15:56:03,18287,18287,18287,2,0
2021-12-29 15:56:07,18287,18287,18287,2,0
2021-12-29 15:56:12,18286,18286,18286,2,-2
2021-12-29 15:56:12,18286,18286,18286,2,0
2021-12-29 15:56:12,18286,18286,18286,2,0
2021-12-29 15:56:12,18286,18286,18286,2,0
2021-12-29 15:56:14,18285,18285,18285,2,-2
2021-12-29 15:56:14,18285,18285,18285,2,0
2021-12-29 15:56:14,18285,18285,18285,2,0
2021-12-29 15:56:14,18285,18285,18285,2,0
2021-12-29 15:56:14,18285,18285,18285,2,0
2021-12-29 15:56:14,18285,18285,18285,2,0
2021-12-29 15:56:14,18285,18285,18285,2,0
2021-12-29 15:56:14,18285,18285,18285,2,0
2021-12-29 15:56:14,18285,18285,18285,6,0
2021-12-29 15:56:14,18285,18285,18285,2,0
2021-12-29 15:56:14,18285,18285,18285,2,0
2021-12-29 15:56:14,18285,18285,18285,2,0
2021-12-29 15:56:14,18285,18285,18285,2,0
2021-12-29 15:56:14,18285,18285,18285,2,0
2021-12-29 15:56:15,18284,18284,18284,2,-2
2021-12-29 15:56:15,18284,18284,18284,2,0
2021-12-29 15:56:15,18284,18284,18284,2,0
2021-12-29 15:56:15,18284,18284,18284,2,0
2021-12-29 15:56:15,18284,18284,18284,2,0
2021-12-29 15:56:15,18284,18284,18284,2,0
2021-12-29 15:56:30,18285,18285,18285,4,4
2021-12-29 15:56:38,18285,18285,18285,2,0
2021-12-29 15:56:43,18285,18285,18285,2,0
2021-12-29 15:56:49,18285,18285,18285,2,0
2021-12-29 15:57:00,18285,18285,18285,2,0
2021-12-29 15:57:21,18286,18286,18286,2,2
2021-12-29 15:57:21,18285,18285,18285,2,-2
2021-12-29 15:57:27,18285,18285,18285,2,0
2021-12-29 15:57:29,18284,18284,18284,2,-2
2021-12-29 15:57:29,18284,18284,18284,2,0
2021-12-29 15:57:44,18283,18283,18283,2,-2
2021-12-29 15:57:44,18283,18283,18283,2,0
2021-12-29 15:57:44,18283,18283,18283,2,0
2021-12-29 15:57:44,18283,18283,18283,2,0
2021-12-29 15:57:44,18283,18283,18283,2,0
2021-12-29 15:57:46,18284,18284,18284,2,2
2021-12-29 15:58:00,18285,18285,18285,2,2
2021-12-29 15:58:00,18286,18286,18286,2,2
2021-12-29 15:58:00,18286,18286,18286,2,0
2021-12-29 15:58:03,18285,18285,18285,2,-2
2021-12-29 15:58:11,18286,18286,18286,4,4
2021-12-29 15:58:14,18286,18286,18286,2,0
2021-12-29 15:58:21,18286,18286,18286,4,0
2021-12-29 15:58:21,18286,18286,18286,2,0
2021-12-29 15:58:34,18287,18287,18287,4,4
2021-12-29 15:58:34,18287,18287,18287,2,0
2021-12-29 15:58:40,18287,18287,18287,2,0
2021-12-29 15:58:44,18288,18288,18288,10,10
2021-12-29 15:58:45,18287,18287,18287,2,-2
2021-12-29 15:58:51,18286,18286,18286,2,-2
2021-12-29 15:58:54,18287,18287,18287,2,2
2021-12-29 15:59:01,18288,18288,18288,2,2
2021-12-29 15:59:01,18288,18288,18288,2,0
2021-12-29 15:59:02,18288,18288,18288,2,0
2021-12-29 15:59:06,18288,18288,18288,6,0
2021-12-29 15:59:07,18287,18287,18287,2,-2
2021-12-29 15:59:09,18288,18288,18288,4,4
2021-12-29 15:59:09,18288,18288,18288,2,0
2021-12-29 15:59:12,18288,18288,18288,2,0
2021-12-29 15:59:12,18288,18288,18288,2,0
2021-12-29 15:59:12,18287,18287,18287,2,-2
2021-12-29 15:59:12,18287,18287,18287,2,0
2021-12-29 15:59:12,18288,18288,18288,2,2
2021-12-29 15:59:13,18288,18288,18288,2,0
2021-12-29 15:59:17,18288,18288,18288,2,0
2021-12-29 15:59:22,18287,18287,18287,4,-4
2021-12-29 15:59:22,18287,18287,18287,2,0
2021-12-29 15:59:27,18286,18286,18286,2,-2
2021-12-29 15:59:27,18286,18286,18286,2,0
2021-12-29 15:59:27,18286,18286,18286,2,0
2021-12-29 15:59:30,18284,18284,18284,2,-2
2021-12-29 15:59:37,18284,18284,18284,2,0
2021-12-29 15:59:37,18284,18284,18284,2,0
2021-12-29 15:59:37,18284,18284,18284,2,0
2021-12-29 15:59:49,18285,18285,18285,2,2
2021-12-29 15:59:49,18285,18285,18285,2,0
2021-12-29 15:59:59,18285,18285,18285,2,0
2021-12-29 16:00:00,18284,18284,18284,2,-2
2021-12-29 16:00:00,18284,18284,18284,2,0
2021-12-29 16:00:00,18284,18284,18284,2,0
2021-12-29 16:00:00,18284,18284,18284,2,0
2021-12-29 16:00:00,18285,18285,18285,4,4
2021-12-29 16:00:00,18285,18285,18285,2,0
2021-12-29 16:00:00,18286,18286,18286,2,2
2021-12-29 16:00:00,18286,18286,18286,4,0
2021-12-29 16:00:00,18286,18286,18286,2,0
2021-12-29 16:00:00,18286,18286,18286,4,0
2021-12-29 16:00:00,18286,18286,18286,6,0
2021-12-29 16:00:00,18287,18287,18287,2,2
2021-12-29 16:00:00,18285,18285,18285,2,-2
2021-12-29 16:00:00,18286,18286,18286,8,8
2021-12-29 16:00:00,18287,18287,18287,4,4
2021-12-29 16:00:00,18285,18285,18285,2,-2
2021-12-29 16:00:00,18285,18285,18285,2,0
2021-12-29 16:00:02,18288,18288,18288,2,2
2021-12-29 16:00:11,18287,18287,18287,2,-2
2021-12-29 16:00:14,18285,18285,18285,2,-2
2021-12-29 16:00:19,18285,18285,18285,2,0
2021-12-29 16:00:22,18285,18285,18285,2,0
2021-12-29 16:00:23,18284,18284,18284,2,-2
2021-12-29 16:00:23,18284,18284,18284,2,0
2021-12-29 16:00:23,18284,18284,18284,4,0
2021-12-29 16:00:33,18285,18285,18285,2,2
2021-12-29 16:00:39,18286,18286,18286,2,2
2021-12-29 16:00:43,18285,18285,18285,2,-2
2021-12-29 16:00:47,18286,18286,18286,2,2
2021-12-29 16:00:48,18285,18285,18285,2,-2
2021-12-29 16:00:57,18285,18285,18285,4,0
2021-12-29 16:01:00,18284,18284,18284,2,-2
2021-12-29 16:01:00,18284,18284,18284,2,0
2021-12-29 16:01:01,18283,18283,18283,2,-2
2021-12-29 16:01:01,18283,18283,18283,2,0
2021-12-29 16:01:01,18283,18283,18283,4,0
2021-12-29 16:01:05,18284,18284,18284,2,2
2021-12-29 16:01:12,18285,18285,18285,2,2
2021-12-29 16:01:26,18284,18284,18284,2,-2
2021-12-29 16:01:41,18283,18283,18283,6,-6
2021-12-29 16:01:41,18283,18283,18283,2,0
2021-12-29 16:01:41,18283,18283,18283,4,0
2021-12-29 16:01:44,18282,18282,18282,2,-2
2021-12-29 16:01:45,18282,18282,18282,2,0
2021-12-29 16:01:45,18282,18282,18282,2,0
2021-12-29 16:01:45,18282,18282,18282,2,0
2021-12-29 16:01:45,18282,18282,18282,2,0
2021-12-29 16:01:45,18282,18282,18282,2,0
2021-12-29 16:01:45,18282,18282,18282,2,0
2021-12-29 16:01:45,18282,18282,18282,2,0
2021-12-29 16:01:45,18282,18282,18282,2,0
2021-12-29 16:01:45,18282,18282,18282,2,0
2021-12-29 16:01:45,18282,18282,18282,2,0
2021-12-29 16:01:45,18282,18282,18282,2,0
2021-12-29 16:01:45,18282,18282,18282,2,0
2021-12-29 16:01:45,18282,18282,18282,2,0
2021-12-29 16:01:45,18282,18282,18282,2,0
2021-12-29 16:01:46,18282,18282,18282,2,0
2021-12-29 16:01:47,18282,18282,18282,2,0
2021-12-29 16:01:47,18282,18282,18282,2,0
2021-12-29 16:01:49,18282,18282,18282,2,0
2021-12-29 16:01:51,18282,18282,18282,2,0
2021-12-29 16:01:53,18281,18281,18281,2,-2
2021-12-29 16:01:53,18281,18281,18281,2,0
2021-12-29 16:01:57,18282,18282,18282,2,2
2021-12-29 16:01:58,18281,18281,18281,2,-2
2021-12-29 16:02:01,18281,18281,18281,2,0
2021-12-29 16:02:01,18281,18281,18281,2,0
2021-12-29 16:02:01,18281,18281,18281,2,0
2021-12-29 16:02:01,18281,18281,18281,2,0
2021-12-29 16:02:01,18281,18281,18281,2,0
2021-12-29 16:02:11,18281,18281,18281,2,0
2021-12-29 16:02:11,18281,18281,18281,2,0
2021-12-29 16:02:11,18281,18281,18281,2,0
2021-12-29 16:02:21,18281,18281,18281,2,0
2021-12-29 16:02:28,18282,18282,18282,2,2
2021-12-29 16:02:41,18282,18282,18282,2,0
2021-12-29 16:02:41,18282,18282,18282,2,0
2021-12-29 16:02:45,18281,18281,18281,2,-2
2021-12-29 16:02:50,18282,18282,18282,6,6
2021-12-29 16:02:50,18282,18282,18282,2,0
2021-12-29 16:02:50,18282,18282,18282,2,0
2021-12-29 16:02:57,18283,18283,18283,4,4
2021-12-29 16:03:29,18283,18283,18283,2,0
2021-12-29 16:03:29,18283,18283,18283,2,0
2021-12-29 16:03:29,18283,18283,18283,2,0
2021-12-29 16:03:33,18283,18283,18283,2,0
2021-12-29 16:03:39,18283,18283,18283,2,0
2021-12-29 16:03:46,18282,18282,18282,10,-10
2021-12-29 16:03:47,18282,18282,18282,2,0
2021-12-29 16:04:01,18282,18282,18282,2,0
2021-12-29 16:04:24,18281,18281,18281,2,-2
2021-12-29 16:04:24,18281,18281,18281,2,0
2021-12-29 16:04:24,18281,18281,18281,2,0
2021-12-29 16:04:24,18281,18281,18281,2,0
2021-12-29 16:04:24,18281,18281,18281,2,0
2021-12-29 16:04:24,18281,18281,18281,4,0
2021-12-29 16:04:24,18281,18281,18281,2,0
2021-12-29 16:04:24,18281,18281,18281,4,0
2021-12-29 16:04:24,18281,18281,18281,2,0
2021-12-29 16:04:24,18281,18281,18281,2,0
2021-12-29 16:04:24,18281,18281,18281,4,0
2021-12-29 16:04:28,18281,18281,18281,2,0
2021-12-29 16:04:31,18280,18280,18280,2,-2
2021-12-29 16:04:56,18281,18281,18281,2,2
2021-12-29 16:05:09,18281,18281,18281,2,0
2021-12-29 16:05:23,18281,18281,18281,2,0
2021-12-29 16:05:23,18282,18282,18282,2,2
2021-12-29 16:05:38,18281,18281,18281,2,-2
2021-12-29 16:05:39,18282,18282,18282,10,10
2021-12-29 16:06:16,18282,18282,18282,4,0
2021-12-29 16:06:19,18282,18282,18282,2,0
2021-12-29 16:06:27,18282,18282,18282,2,0
2021-12-29 16:06:30,18282,18282,18282,2,0
2021-12-29 16:06:31,18283,18283,18283,16,16
2021-12-29 16:06:34,18283,18283,18283,2,0
2021-12-29 16:06:38,18283,18283,18283,2,0
2021-12-29 16:06:42,18284,18284,18284,2,2
2021-12-29 16:06:52,18283,18283,18283,2,-2
2021-12-29 16:07:11,18284,18284,18284,2,2
2021-12-29 16:07:11,18284,18284,18284,2,0
2021-12-29 16:07:11,18284,18284,18284,2,0
2021-12-29 16:07:29,18284,18284,18284,2,0
2021-12-29 16:07:34,18284,18284,18284,2,0
2021-12-29 16:07:34,18284,18284,18284,2,0
2021-12-29 16:07:34,18284,18284,18284,6,0
2021-12-29 16:07:34,18284,18284,18284,2,0
2021-12-29 16:07:55,18284,18284,18284,2,0
2021-12-29 16:08:06,18283,18283,18283,2,-2
2021-12-29 16:08:30,18282,18282,18282,2,-2
2021-12-29 16:08:40,18282,18282,18282,2,0
2021-12-29 16:08:45,18282,18282,18282,2,0
2021-12-29 16:08:45,18282,18282,18282,2,0
2021-12-29 16:08:45,18282,18282,18282,2,0
2021-12-29 16:08:45,18282,18282,18282,2,0
2021-12-29 16:08:45,18282,18282,18282,2,0
2021-12-29 16:08:54,18281,18281,18281,2,-2
2021-12-29 16:09:05,18281,18281,18281,2,0
2021-12-29 16:09:29,18282,18282,18282,2,2
2021-12-29 16:09:29,18283,18283,18283,6,6
2021-12-29 16:09:30,18283,18283,18283,2,0
2021-12-29 16:09:30,18284,18284,18284,6,6
2021-12-29 16:09:45,18282,18282,18282,2,-2
2021-12-29 16:09:46,18284,18284,18284,8,8
2021-12-29 16:09:47,18284,18284,18284,8,0
2021-12-29 16:10:31,18282,18282,18282,2,-2
2021-12-29 16:10:31,18282,18282,18282,2,0
2021-12-29 16:10:31,18283,18283,18283,2,2
2021-12-29 16:10:31,18283,18283,18283,2,0
2021-12-29 16:10:31,18283,18283,18283,2,0
2021-12-29 16:10:31,18283,18283,18283,4,0
2021-12-29 16:10:54,18281,18281,18281,2,-2
2021-12-29 16:10:54,18281,18281,18281,2,0
2021-12-29 16:10:54,18281,18281,18281,2,0
2021-12-29 16:10:54,18281,18281,18281,2,0
2021-12-29 16:10:54,18282,18282,18282,2,2
2021-12-29 16:10:54,18282,18282,18282,2,0
2021-12-29 16:10:54,18282,18282,18282,2,0
2021-12-29 16:10:54,18282,18282,18282,2,0
2021-12-29 16:10:54,18282,18282,18282,2,0
2021-12-29 16:10:54,18282,18282,18282,2,0
2021-12-29 16:11:19,18281,18281,18281,2,-2
2021-12-29 16:11:19,18281,18281,18281,2,0
2021-12-29 16:11:19,18281,18281,18281,2,0
2021-12-29 16:11:19,18281,18281,18281,2,0
2021-12-29 16:11:19,18282,18282,18282,2,2
2021-12-29 16:11:19,18282,18282,18282,2,0
2021-12-29 16:11:30,18281,18281,18281,2,-2
2021-12-29 16:11:41,18281,18281,18281,2,0
2021-12-29 16:11:50,18282,18282,18282,2,2
2021-12-29 16:12:09,18282,18282,18282,2,0
2021-12-29 16:12:13,18281,18281,18281,2,-2
2021-12-29 16:12:13,18281,18281,18281,2,0
2021-12-29 16:12:17,18280,18280,18280,2,-2
2021-12-29 16:12:17,18280,18280,18280,2,0
2021-12-29 16:12:17,18280,18280,18280,2,0
2021-12-29 16:12:22,18280,18280,18280,2,0
2021-12-29 16:12:37,18281,18281,18281,2,2
2021-12-29 16:12:37,18281,18281,18281,2,0
2021-12-29 16:12:39,18281,18281,18281,2,0
2021-12-29 16:12:39,18281,18281,18281,2,0
2021-12-29 16:12:39,18281,18281,18281,2,0
2021-12-29 16:12:39,18281,18281,18281,2,0
2021-12-29 16:12:39,18281,18281,18281,4,0
2021-12-29 16:12:39,18280,18280,18280,2,-2
2021-12-29 16:12:39,18280,18280,18280,2,0
2021-12-29 16:12:39,18280,18280,18280,2,0
2021-12-29 16:12:39,18280,18280,18280,2,0
2021-12-29 16:12:39,18280,18280,18280,6,0
2021-12-29 16:12:39,18280,18280,18280,2,0
2021-12-29 16:12:39,18280,18280,18280,2,0
2021-12-29 16:12:39,18280,18280,18280,2,0
2021-12-29 16:12:39,18280,18280,18280,8,0
2021-12-29 16:12:39,18280,18280,18280,2,0
2021-12-29 16:12:39,18280,18280,18280,2,0
2021-12-29 16:12:39,18280,18280,18280,10,0
2021-12-29 16:12:39,18280,18280,18280,2,0
2021-12-29 16:12:39,18280,18280,18280,2,0
2021-12-29 16:12:39,18280,18280,18280,2,0
2021-12-29 16:12:39,18280,18280,18280,2,0
2021-12-29 16:12:39,18280,18280,18280,2,0
2021-12-29 16:12:39,18280,18280,18280,2,0
2021-12-29 16:12:39,18280,18280,18280,4,0
2021-12-29 16:12:39,18280,18280,18280,2,0
2021-12-29 16:12:39,18280,18280,18280,2,0
2021-12-29 16:12:39,18280,18280,18280,2,0
2021-12-29 16:12:39,18280,18280,18280,2,0
2021-12-29 16:12:39,18280,18280,18280,2,0
2021-12-29 16:12:39,18280,18280,18280,2,0
2021-12-29 16:12:39,18280,18280,18280,2,0
2021-12-29 16:12:41,18280,18280,18280,2,0
2021-12-29 16:12:42,18280,18280,18280,2,0
2021-12-29 16:12:49,18279,18279,18279,2,-2
2021-12-29 16:12:55,18280,18280,18280,2,2
2021-12-29 16:12:57,18279,18279,18279,2,-2
2021-12-29 16:13:00,18280,18280,18280,12,12
2021-12-29 16:13:00,18280,18280,18280,4,0
2021-12-29 16:13:00,18280,18280,18280,2,0
2021-12-29 16:13:00,18280,18280,18280,16,0
2021-12-29 16:13:04,18280,18280,18280,2,0
2021-12-29 16:13:04,18280,18280,18280,2,0
2021-12-29 16:13:20,18280,18280,18280,2,0
2021-12-29 16:13:31,18280,18280,18280,2,0
2021-12-29 16:13:42,18280,18280,18280,2,0
2021-12-29 16:13:45,18280,18280,18280,2,0
2021-12-29 16:13:46,18280,18280,18280,2,0
2021-12-29 16:14:01,18281,18281,18281,2,2
2021-12-29 16:14:34,18281,18281,18281,2,0
2021-12-29 16:14:36,18280,18280,18280,2,-2
2021-12-29 16:14:53,18280,18280,18280,2,0
2021-12-29 16:14:53,18280,18280,18280,2,0
2021-12-29 16:14:53,18280,18280,18280,2,0
2021-12-29 16:15:01,18280,18280,18280,2,0
2021-12-29 16:15:04,18280,18280,18280,2,0
2021-12-29 16:15:15,18281,18281,18281,50,50
2021-12-29 16:15:15,18281,18281,18281,8,0
2021-12-29 16:15:15,18281,18281,18281,4,0
2021-12-29 16:15:52,18281,18281,18281,2,0
2021-12-29 16:15:57,18281,18281,18281,2,0
2021-12-29 16:15:59,18280,18280,18280,2,-2
2021-12-29 16:15:59,18280,18280,18280,2,0
2021-12-29 16:16:07,18280,18280,18280,2,0
2021-12-29 16:16:07,18280,18280,18280,2,0
2021-12-29 16:16:09,18280,18280,18280,4,0
2021-12-29 16:16:09,18280,18280,18280,2,0
2021-12-29 16:16:22,18281,18281,18281,80,80
2021-12-29 16:16:22,18282,18282,18282,2,2
2021-12-29 16:16:22,18282,18282,18282,2,0
2021-12-29 16:16:22,18282,18282,18282,2,0
2021-12-29 16:16:22,18282,18282,18282,6,0
2021-12-29 16:16:22,18282,18282,18282,2,0
2021-12-29 16:16:33,18282,18282,18282,2,0
2021-12-29 16:16:40,18282,18282,18282,2,0
2021-12-29 16:16:58,18283,18283,18283,4,4
2021-12-29 16:16:58,18283,18283,18283,4,0
2021-12-29 16:17:02,18283,18283,18283,2,0
2021-12-29 16:17:17,18284,18284,18284,18,18
2021-12-29 16:17:53,18284,18284,18284,2,0
2021-12-29 16:18:04,18284,18284,18284,2,0
2021-12-29 16:18:10,18285,18285,18285,2,2
2021-12-29 16:18:33,18285,18285,18285,2,0
2021-12-29 16:18:36,18285,18285,18285,2,0
2021-12-29 16:19:01,18285,18285,18285,2,0
2021-12-29 16:19:03,18284,18284,18284,20,-20
2021-12-29 16:19:03,18284,18284,18284,14,0
2021-12-29 16:19:03,18284,18284,18284,2,0
2021-12-29 16:19:03,18284,18284,18284,2,0
2021-12-29 16:19:13,18283,18283,18283,2,-2
2021-12-29 16:19:13,18283,18283,18283,2,0
2021-12-29 16:19:13,18283,18283,18283,2,0
2021-12-29 16:19:13,18282,18282,18282,2,-2
2021-12-29 16:19:14,18281,18281,18281,2,-2
2021-12-29 16:19:14,18281,18281,18281,2,0
2021-12-29 16:19:34,18281,18281,18281,2,0
2021-12-29 16:19:37,18281,18281,18281,2,0
2021-12-29 16:19:37,18281,18281,18281,2,0
2021-12-29 16:19:48,18281,18281,18281,2,0
2021-12-29 16:19:51,18281,18281,18281,18,0
2021-12-29 16:19:51,18281,18281,18281,2,0
2021-12-29 16:20:01,18281,18281,18281,2,0
2021-12-29 16:20:04,18281,18281,18281,2,0
2021-12-29 16:20:11,18281,18281,18281,2,0
2021-12-29 16:20:11,18281,18281,18281,2,0
2021-12-29 16:20:31,18282,18282,18282,2,2
2021-12-29 16:20:42,18283,18283,18283,2,2
2021-12-29 16:20:44,18283,18283,18283,6,0
2021-12-29 16:20:44,18284,18284,18284,4,4
2021-12-29 16:20:44,18284,18284,18284,10,0
2021-12-29 16:20:44,18284,18284,18284,6,0
2021-12-29 16:20:44,18285,18285,18285,4,4
2021-12-29 16:20:44,18284,18284,18284,10,-10
2021-12-29 16:20:44,18284,18284,18284,2,0
2021-12-29 16:20:44,18285,18285,18285,8,8
2021-12-29 16:20:44,18285,18285,18285,10,0
2021-12-29 16:20:44,18285,18285,18285,10,0
2021-12-29 16:20:44,18285,18285,18285,8,0
2021-12-29 16:20:44,18286,18286,18286,2,2
2021-12-29 16:20:44,18285,18285,18285,8,-8
2021-12-29 16:20:44,18286,18286,18286,2,2
2021-12-29 16:20:44,18285,18285,18285,10,-10
2021-12-29 16:20:47,18285,18285,18285,2,0
2021-12-29 16:20:50,18285,18285,18285,2,0
2021-12-29 16:20:54,18285,18285,18285,2,0
2021-12-29 16:21:02,18285,18285,18285,2,0
2021-12-29 16:21:03,18285,18285,18285,2,0
2021-12-29 16:21:28,18285,18285,18285,6,0
2021-12-29 16:21:28,18286,18286,18286,14,14
2021-12-29 16:21:30,18286,18286,18286,2,0
2021-12-29 16:21:31,18286,18286,18286,18,0
2021-12-29 16:21:31,18287,18287,18287,2,2
2021-12-29 16:21:37,18286,18286,18286,2,-2
2021-12-29 16:21:48,18286,18286,18286,2,0
2021-12-29 16:21:54,18286,18286,18286,2,0
2021-12-29 16:21:56,18285,18285,18285,2,-2
2021-12-29 16:22:12,18285,18285,18285,2,0
2021-12-29 16:22:24,18285,18285,18285,2,0
2021-12-29 16:22:24,18285,18285,18285,2,0
2021-12-29 16:22:24,18285,18285,18285,2,0
2021-12-29 16:22:27,18284,18284,18284,2,-2
2021-12-29 16:22:29,18284,18284,18284,2,0
2021-12-29 16:22:40,18284,18284,18284,4,0
2021-12-29 16:22:58,18285,18285,18285,4,4
2021-12-29 16:22:58,18285,18285,18285,2,0
2021-12-29 16:23:07,18284,18284,18284,4,-4
2021-12-29 16:23:11,18284,18284,18284,2,0
2021-12-29 16:23:11,18284,18284,18284,2,0
2021-12-29 16:23:14,18285,18285,18285,2,2
2021-12-29 16:23:14,18285,18285,18285,2,0
2021-12-29 16:23:30,18285,18285,18285,2,0
2021-12-29 16:23:39,18285,18285,18285,2,0
2021-12-29 16:23:39,18286,18286,18286,2,2
2021-12-29 16:23:39,18286,18286,18286,2,0
2021-12-29 16:23:59,18286,18286,18286,2,0
2021-12-29 16:23:59,18287,18287,18287,2,2
2021-12-29 16:23:59,18287,18287,18287,2,0
2021-12-29 16:24:01,18286,18286,18286,2,-2
2021-12-29 16:24:04,18286,18286,18286,2,0
2021-12-29 16:24:32,18285,18285,18285,2,-2
2021-12-29 16:24:38,18285,18285,18285,2,0
2021-12-29 16:24:44,18286,18286,18286,2,2
2021-12-29 16:25:11,18285,18285,18285,2,-2
2021-12-29 16:25:14,18285,18285,18285,2,0
2021-12-29 16:25:15,18286,18286,18286,4,4
2021-12-29 16:25:15,18286,18286,18286,4,0
2021-12-29 16:25:15,18286,18286,18286,6,0
2021-12-29 16:25:15,18286,18286,18286,4,0
2021-12-29 16:25:15,18286,18286,18286,4,0
2021-12-29 16:25:15,18286,18286,18286,4,0
2021-12-29 16:25:15,18287,18287,18287,4,4
2021-12-29 16:25:15,18287,18287,18287,4,0
2021-12-29 16:25:15,18287,18287,18287,4,0
2021-12-29 16:25:15,18287,18287,18287,4,0
2021-12-29 16:25:15,18287,18287,18287,4,0
2021-12-29 16:25:21,18287,18287,18287,4,0
2021-12-29 16:25:24,18288,18288,18288,42,42
2021-12-29 16:25:24,18289,18289,18289,6,6
2021-12-29 16:25:24,18289,18289,18289,6,0
2021-12-29 16:25:24,18289,18289,18289,2,0
2021-12-29 16:25:24,18289,18289,18289,2,0
2021-12-29 16:25:35,18289,18289,18289,2,0
2021-12-29 16:25:35,18289,18289,18289,2,0
2021-12-29 16:25:39,18290,18290,18290,2,2
2021-12-29 16:25:46,18289,18289,18289,4,-4
2021-12-29 16:25:46,18290,18290,18290,16,16
2021-12-29 16:25:47,18290,18290,18290,2,0
2021-12-29 16:26:05,18289,18289,18289,2,-2
2021-12-29 16:26:24,18289,18289,18289,2,0
2021-12-29 16:26:31,18289,18289,18289,2,0
2021-12-29 16:26:33,18289,18289,18289,4,0
2021-12-29 16:26:34,18289,18289,18289,2,0
2021-12-29 16:26:34,18289,18289,18289,2,0
2021-12-29 16:26:36,18288,18288,18288,2,-2
2021-12-29 16:26:36,18288,18288,18288,2,0
2021-12-29 16:26:38,18288,18288,18288,2,0
2021-12-29 16:26:38,18288,18288,18288,4,0
2021-12-29 16:26:52,18289,18289,18289,2,2
2021-12-29 16:27:01,18288,18288,18288,2,-2
2021-12-29 16:27:04,18288,18288,18288,2,0
2021-12-29 16:27:06,18288,18288,18288,2,0
2021-12-29 16:27:08,18287,18287,18287,2,-2
2021-12-29 16:27:10,18287,18287,18287,2,0
2021-12-29 16:27:49,18287,18287,18287,4,0
2021-12-29 16:28:17,18287,18287,18287,2,0
2021-12-29 16:28:31,18287,18287,18287,2,0
2021-12-29 16:28:37,18287,18287,18287,2,0
2021-12-29 16:28:40,18287,18287,18287,2,0
2021-12-29 16:28:48,18287,18287,18287,2,0
2021-12-29 16:28:59,18287,18287,18287,2,0
2021-12-29 16:29:16,18288,18288,18288,2,2
2021-12-29 16:29:20,18287,18287,18287,2,-2
2021-12-29 16:29:55,18286,18286,18286,4,-4
2021-12-29 16:29:55,18286,18286,18286,2,0
2021-12-29 16:29:55,18286,18286,18286,4,0
2021-12-29 16:30:24,18285,18285,18285,2,-2
2021-12-29 16:30:25,18285,18285,18285,2,0
2021-12-29 16:30:25,18286,18286,18286,2,2
2021-12-29 16:30:26,18285,18285,18285,2,-2
2021-12-29 16:30:30,18285,18285,18285,2,0
2021-12-29 16:30:30,18285,18285,18285,4,0
2021-12-29 16:30:39,18286,18286,18286,2,2
2021-12-29 16:31:00,18285,18285,18285,2,-2
2021-12-29 16:31:28,18285,18285,18285,4,0
2021-12-29 16:31:28,18285,18285,18285,2,0
2021-12-29 16:31:34,18285,18285,18285,2,0
2021-12-29 16:31:34,18285,18285,18285,2,0
2021-12-29 16:31:36,18285,18285,18285,2,0
2021-12-29 16:31:36,18285,18285,18285,2,0
2021-12-29 16:31:38,18285,18285,18285,2,0
2021-12-29 16:31:38,18285,18285,18285,2,0
2021-12-29 16:31:39,18285,18285,18285,2,0
2021-12-29 16:31:39,18285,18285,18285,2,0
2021-12-29 16:31:47,18285,18285,18285,2,0
2021-12-29 16:31:47,18285,18285,18285,2,0
2021-12-29 16:31:49,18285,18285,18285,2,0
2021-12-29 16:31:49,18285,18285,18285,2,0
2021-12-29 16:31:49,18286,18286,18286,4,4
2021-12-29 16:32:01,18287,18287,18287,2,2
2021-12-29 16:32:19,18286,18286,18286,2,-2
2021-12-29 16:32:19,18286,18286,18286,2,0
2021-12-29 16:32:20,18287,18287,18287,2,2
2021-12-29 16:32:23,18286,18286,18286,2,-2
2021-12-29 16:32:25,18286,18286,18286,2,0
2021-12-29 16:32:46,18286,18286,18286,2,0
2021-12-29 16:32:46,18286,18286,18286,2,0
2021-12-29 16:32:46,18286,18286,18286,2,0
2021-12-29 16:32:46,18286,18286,18286,2,0
2021-12-29 16:32:48,18286,18286,18286,4,0
2021-12-29 16:32:49,18286,18286,18286,2,0
2021-12-29 16:32:49,18286,18286,18286,2,0
2021-12-29 16:32:49,18286,18286,18286,4,0
2021-12-29 16:32:50,18286,18286,18286,2,0
2021-12-29 16:32:50,18286,18286,18286,2,0
2021-12-29 16:32:51,18286,18286,18286,4,0
2021-12-29 16:32:56,18287,18287,18287,4,4
2021-12-29 16:32:56,18287,18287,18287,2,0
2021-12-29 16:33:03,18287,18287,18287,2,0
2021-12-29 16:33:54,18286,18286,18286,2,-2
2021-12-29 16:34:01,18286,18286,18286,4,0
2021-12-29 16:34:43,18286,18286,18286,10,0
2021-12-29 16:34:58,18286,18286,18286,2,0
2021-12-29 16:35:12,18285,18285,18285,2,-2
2021-12-29 16:35:12,18285,18285,18285,2,0
2021-12-29 16:35:52,18285,18285,18285,2,0
2021-12-29 16:35:52,18285,18285,18285,2,0
2021-12-29 16:35:52,18285,18285,18285,2,0
2021-12-29 16:35:52,18285,18285,18285,2,0
2021-12-29 16:36:01,18285,18285,18285,2,0
2021-12-29 16:36:01,18285,18285,18285,2,0
2021-12-29 16:36:27,18285,18285,18285,2,0
2021-12-29 16:36:27,18285,18285,18285,2,0
2021-12-29 16:36:44,18285,18285,18285,2,0
2021-12-29 16:36:45,18285,18285,18285,2,0
2021-12-29 16:36:51,18285,18285,18285,2,0
2021-12-29 16:36:51,18285,18285,18285,2,0
2021-12-29 16:37:13,18285,18285,18285,2,0
2021-12-29 16:37:34,18284,18284,18284,2,-2
2021-12-29 16:37:34,18284,18284,18284,2,0
2021-12-29 16:37:34,18284,18284,18284,10,0
2021-12-29 16:37:41,18285,18285,18285,2,2
2021-12-29 16:37:41,18286,18286,18286,2,2
2021-12-29 16:37:41,18286,18286,18286,10,0
2021-12-29 16:37:41,18286,18286,18286,4,0
2021-12-29 16:39:00,18286,18286,18286,2,0
2021-12-29 16:39:24,18286,18286,18286,2,0
2021-12-29 16:39:24,18286,18286,18286,2,0
2021-12-29 16:39:24,18286,18286,18286,2,0
2021-12-29 16:39:24,18286,18286,18286,2,0
2021-12-29 16:39:30,18286,18286,18286,2,0
2021-12-29 16:39:59,18287,18287,18287,2,2
2021-12-29 16:39:59,18287,18287,18287,2,0
2021-12-29 16:39:59,18287,18287,18287,40,0
2021-12-29 16:39:59,18287,18287,18287,2,0
2021-12-29 16:39:59,18287,18287,18287,6,0
2021-12-29 16:39:59,18288,18288,18288,2,2
2021-12-29 16:40:00,18288,18288,18288,2,0
2021-12-29 16:40:00,18288,18288,18288,10,0
2021-12-29 16:40:00,18288,18288,18288,6,0
2021-12-29 16:40:00,18289,18289,18289,2,2
2021-12-29 16:40:00,18289,18289,18289,8,0
2021-12-29 16:40:01,18289,18289,18289,2,0
2021-12-29 16:40:23,18289,18289,18289,2,0
2021-12-29 16:40:23,18289,18289,18289,2,0
2021-12-29 16:40:26,18289,18289,18289,4,0
2021-12-29 16:40:26,18289,18289,18289,2,0
2021-12-29 16:40:26,18290,18290,18290,2,2
2021-12-29 16:40:31,18289,18289,18289,2,-2
2021-12-29 16:40:34,18289,18289,18289,2,0
2021-12-29 16:40:34,18289,18289,18289,2,0
2021-12-29 16:40:34,18289,18289,18289,2,0
2021-12-29 16:40:34,18289,18289,18289,2,0
2021-12-29 16:40:34,18288,18288,18288,2,-2
2021-12-29 16:40:34,18288,18288,18288,2,0
2021-12-29 16:40:34,18288,18288,18288,2,0
2021-12-29 16:40:34,18288,18288,18288,2,0
2021-12-29 16:40:34,18288,18288,18288,4,0
2021-12-29 16:40:34,18289,18289,18289,2,2
2021-12-29 16:40:50,18289,18289,18289,2,0
2021-12-29 16:41:06,18289,18289,18289,10,0
2021-12-29 16:41:16,18289,18289,18289,2,0
2021-12-29 16:41:24,18289,18289,18289,2,0
2021-12-29 16:41:26,18288,18288,18288,2,-2
2021-12-29 16:41:44,18288,18288,18288,2,0
2021-12-29 16:41:45,18288,18288,18288,2,0
2021-12-29 16:42:40,18288,18288,18288,2,0
2021-12-29 16:42:58,18289,18289,18289,2,2
2021-12-29 16:42:58,18288,18288,18288,2,-2
2021-12-29 16:43:01,18288,18288,18288,2,0
2021-12-29 16:43:53,18289,18289,18289,6,6
2021-12-29 16:44:01,18289,18289,18289,10,0
2021-12-29 16:44:04,18289,18289,18289,2,0
2021-12-29 16:44:06,18289,18289,18289,2,0
2021-12-29 16:44:14,18289,18289,18289,6,0
2021-12-29 16:44:36,18289,18289,18289,2,0
2021-12-29 16:44:49,18289,18289,18289,2,0
2021-12-29 16:45:01,18289,18289,18289,2,0
2021-12-29 16:45:03,18288,18288,18288,2,-2
2021-12-29 16:45:15,18288,18288,18288,2,0
2021-12-29 16:45:15,18288,18288,18288,2,0
2021-12-29 16:45:15,18288,18288,18288,2,0
2021-12-29 16:45:15,18288,18288,18288,6,0
2021-12-29 16:45:23,18288,18288,18288,4,0
2021-12-29 16:45:25,18288,18288,18288,4,0
2021-12-29 16:45:25,18288,18288,18288,2,0
2021-12-29 16:45:25,18288,18288,18288,2,0
2021-12-29 16:45:26,18287,18287,18287,2,-2
2021-12-29 16:45:26,18287,18287,18287,2,0
2021-12-29 16:45:29,18287,18287,18287,2,0
2021-12-29 16:45:36,18287,18287,18287,2,0
2021-12-29 16:45:39,18286,18286,18286,4,-4
2021-12-29 16:45:39,18286,18286,18286,2,0
2021-12-29 16:45:39,18286,18286,18286,2,0
2021-12-29 16:45:39,18286,18286,18286,8,0
2021-12-29 16:46:21,18285,18285,18285,2,-2
2021-12-29 16:46:21,18285,18285,18285,2,0
2021-12-29 16:46:21,18285,18285,18285,2,0
2021-12-29 16:46:21,18285,18285,18285,4,0
2021-12-29 16:46:28,18285,18285,18285,2,0
2021-12-29 16:46:32,18285,18285,18285,2,0
2021-12-29 16:46:34,18285,18285,18285,2,0
2021-12-29 16:46:42,18285,18285,18285,2,0
2021-12-29 16:46:42,18285,18285,18285,2,0
2021-12-29 16:46:42,18285,18285,18285,2,0
2021-12-29 16:46:42,18285,18285,18285,2,0
2021-12-29 16:46:42,18285,18285,18285,2,0
2021-12-29 16:46:42,18285,18285,18285,2,0
2021-12-29 16:46:42,18285,18285,18285,2,0
2021-12-29 16:46:42,18285,18285,18285,2,0
2021-12-29 16:46:45,18285,18285,18285,2,0
2021-12-29 16:47:20,18286,18286,18286,4,4
2021-12-29 16:47:43,18285,18285,18285,4,-4
2021-12-29 16:47:44,18286,18286,18286,2,2
2021-12-29 16:47:49,18286,18286,18286,2,0
2021-12-29 16:47:56,18285,18285,18285,2,-2
2021-12-29 16:48:32,18285,18285,18285,2,0
2021-12-29 16:48:33,18286,18286,18286,4,4
2021-12-29 16:48:33,18286,18286,18286,8,0
2021-12-29 16:48:33,18286,18286,18286,2,0
2021-12-29 16:48:33,18286,18286,18286,10,0
2021-12-29 16:48:33,18286,18286,18286,2,0
2021-12-29 16:48:56,18287,18287,18287,6,6
2021-12-29 16:49:10,18286,18286,18286,2,-2
2021-12-29 16:49:35,18286,18286,18286,4,0
2021-12-29 16:50:28,18286,18286,18286,4,0
2021-12-29 16:50:28,18286,18286,18286,2,0
2021-12-29 16:50:28,18286,18286,18286,2,0
2021-12-29 16:50:28,18286,18286,18286,2,0
2021-12-29 16:50:41,18286,18286,18286,2,0
2021-12-29 16:50:51,18286,18286,18286,2,0
2021-12-29 16:50:51,18286,18286,18286,2,0
2021-12-29 16:50:51,18286,18286,18286,2,0
2021-12-29 16:50:51,18286,18286,18286,2,0
2021-12-29 16:50:54,18287,18287,18287,2,2
2021-12-29 16:51:02,18286,18286,18286,2,-2
2021-12-29 16:51:02,18286,18286,18286,2,0
2021-12-29 16:51:02,18286,18286,18286,2,0
2021-12-29 16:51:02,18286,18286,18286,2,0
2021-12-29 16:51:12,18286,18286,18286,2,0
2021-12-29 16:51:17,18286,18286,18286,2,0
2021-12-29 16:51:17,18286,18286,18286,2,0
2021-12-29 16:51:17,18286,18286,18286,2,0
2021-12-29 16:51:22,18286,18286,18286,2,0
2021-12-29 16:51:32,18286,18286,18286,8,0
2021-12-29 16:51:40,18286,18286,18286,2,0
2021-12-29 16:52:14,18286,18286,18286,2,0
2021-12-29 16:52:16,18286,18286,18286,2,0
2021-12-29 16:52:19,18286,18286,18286,4,0
2021-12-29 16:52:30,18286,18286,18286,2,0
2021-12-29 16:52:38,18286,18286,18286,4,0
2021-12-29 16:52:46,18286,18286,18286,2,0
2021-12-29 16:53:03,18285,18285,18285,2,-2
2021-12-29 16:53:03,18285,18285,18285,4,0
2021-12-29 16:53:27,18285,18285,18285,44,0
2021-12-29 16:53:27,18285,18285,18285,2,0
2021-12-29 16:53:27,18285,18285,18285,2,0
2021-12-29 16:53:27,18285,18285,18285,2,0
2021-12-29 16:53:27,18285,18285,18285,2,0
2021-12-29 16:53:27,18285,18285,18285,2,0
2021-12-29 16:53:27,18285,18285,18285,2,0
2021-12-29 16:53:27,18285,18285,18285,2,0
2021-12-29 16:53:27,18285,18285,18285,6,0
2021-12-29 16:53:27,18284,18284,18284,2,-2
2021-12-29 16:53:27,18284,18284,18284,2,0
2021-12-29 16:53:27,18284,18284,18284,2,0
2021-12-29 16:53:27,18284,18284,18284,2,0
2021-12-29 16:53:27,18284,18284,18284,2,0
2021-12-29 16:53:27,18284,18284,18284,2,0
2021-12-29 16:53:27,18284,18284,18284,2,0
2021-12-29 16:53:27,18284,18284,18284,2,0
2021-12-29 16:53:27,18284,18284,18284,2,0
2021-12-29 16:53:27,18284,18284,18284,2,0
2021-12-29 16:53:27,18284,18284,18284,2,0
2021-12-29 16:53:27,18284,18284,18284,4,0
2021-12-29 16:53:27,18284,18284,18284,2,0
2021-12-29 16:53:28,18283,18283,18283,2,-2
2021-12-29 16:53:28,18283,18283,18283,2,0
2021-12-29 16:53:28,18283,18283,18283,2,0
2021-12-29 16:53:28,18283,18283,18283,2,0
2021-12-29 16:53:28,18283,18283,18283,2,0
2021-12-29 16:53:34,18283,18283,18283,2,0
2021-12-29 16:53:34,18283,18283,18283,2,0
2021-12-29 16:53:46,18283,18283,18283,2,0
2021-12-29 16:54:03,18282,18282,18282,2,-2
2021-12-29 16:54:16,18282,18282,18282,2,0
2021-12-29 16:54:37,18283,18283,18283,2,2
2021-12-29 16:54:41,18283,18283,18283,2,0
2021-12-29 16:54:41,18283,18283,18283,2,0
2021-12-29 16:55:11,18284,18284,18284,2,2
2021-12-29 16:55:13,18284,18284,18284,2,0
2021-12-29 16:55:15,18284,18284,18284,2,0
2021-12-29 16:55:31,18285,18285,18285,2,2
2021-12-29 16:55:31,18285,18285,18285,2,0
2021-12-29 16:55:31,18285,18285,18285,4,0
2021-12-29 16:55:32,18285,18285,18285,2,0
2021-12-29 16:55:32,18285,18285,18285,2,0
2021-12-29 16:56:08,18286,18286,18286,2,2
2021-12-29 16:56:08,18286,18286,18286,4,0
2021-12-29 16:56:08,18286,18286,18286,2,0
2021-12-29 16:56:08,18286,18286,18286,16,0
2021-12-29 16:56:15,18286,18286,18286,2,0
2021-12-29 16:56:15,18286,18286,18286,2,0
2021-12-29 16:57:04,18286,18286,18286,2,0
2021-12-29 16:57:31,18286,18286,18286,2,0
2021-12-29 16:58:01,18285,18285,18285,2,-2
2021-12-29 16:58:01,18285,18285,18285,4,0
2021-12-29 16:58:01,18285,18285,18285,2,0
2021-12-29 16:58:01,18285,18285,18285,2,0
2021-12-29 16:58:01,18285,18285,18285,2,0
2021-12-29 16:58:02,18285,18285,18285,2,0
2021-12-29 16:58:15,18285,18285,18285,2,0
2021-12-29 16:58:15,18285,18285,18285,2,0
2021-12-29 16:58:18,18285,18285,18285,2,0
2021-12-29 16:58:28,18285,18285,18285,2,0
2021-12-29 16:59:01,18285,18285,18285,2,0
2021-12-29 16:59:10,18283,18283,18283,2,-2
2021-12-29 16:59:20,18283,18283,18283,10,0
2021-12-29 16:59:20,18283,18283,18283,2,0
2021-12-29 16:59:25,18284,18284,18284,2,2
2021-12-29 16:59:26,18284,18284,18284,2,0
2021-12-29 16:59:37,18284,18284,18284,2,0
2021-12-29 16:59:40,18284,18284,18284,2,0
2021-12-29 16:59:55,18284,18284,18284,2,0
2021-12-29 17:00:18,18284,18284,18284,2,0
2021-12-29 17:00:28,18284,18284,18284,2,0
2021-12-29 17:00:28,18284,18284,18284,4,0
2021-12-29 17:00:28,18284,18284,18284,2,0
2021-12-29 17:00:56,18283,18283,18283,2,-2
2021-12-29 17:01:00,18283,18283,18283,6,0
2021-12-29 17:01:00,18283,18283,18283,2,0
2021-12-29 17:01:06,18284,18284,18284,2,2
2021-12-29 17:01:06,18284,18284,18284,2,0
2021-12-29 17:01:06,18284,18284,18284,2,0
2021-12-29 17:01:06,18284,18284,18284,4,0
2021-12-29 17:01:16,18284,18284,18284,2,0
2021-12-29 17:01:17,18285,18285,18285,2,2
2021-12-29 17:01:18,18285,18285,18285,2,0
2021-12-29 17:01:18,18285,18285,18285,6,0
2021-12-29 17:01:18,18285,18285,18285,10,0
2021-12-29 17:01:20,18285,18285,18285,2,0
2021-12-29 17:01:20,18285,18285,18285,2,0
2021-12-29 17:01:20,18285,18285,18285,2,0
2021-12-29 17:01:20,18285,18285,18285,2,0
2021-12-29 17:02:06,18286,18286,18286,2,2
2021-12-29 17:02:06,18286,18286,18286,2,0
2021-12-29 17:02:06,18286,18286,18286,2,0
2021-12-29 17:02:06,18286,18286,18286,2,0
2021-12-29 17:02:06,18286,18286,18286,6,0
2021-12-29 17:02:07,18286,18286,18286,2,0
2021-12-29 17:02:11,18285,18285,18285,2,-2
2021-12-29 17:02:38,18286,18286,18286,2,2
2021-12-29 17:03:01,18286,18286,18286,2,0
2021-12-29 17:03:11,18285,18285,18285,2,-2
2021-12-29 17:03:16,18285,18285,18285,2,0
2021-12-29 17:03:37,18285,18285,18285,2,0
2021-12-29 17:04:20,18285,18285,18285,2,0
2021-12-29 17:04:50,18285,18285,18285,2,0
2021-12-29 17:04:50,18285,18285,18285,2,0
2021-12-29 17:04:50,18285,18285,18285,2,0
2021-12-29 17:04:52,18285,18285,18285,2,0
2021-12-29 17:05:01,18286,18286,18286,2,2
2021-12-29 17:05:29,18286,18286,18286,2,0
2021-12-29 17:06:20,18285,18285,18285,2,-2
2021-12-29 17:06:20,18285,18285,18285,4,0
2021-12-29 17:06:20,18285,18285,18285,2,0
2021-12-29 17:06:38,18285,18285,18285,2,0
2021-12-29 17:07:26,18284,18284,18284,2,-2
2021-12-29 17:07:27,18284,18284,18284,2,0
2021-12-29 17:07:27,18284,18284,18284,2,0
2021-12-29 17:07:27,18284,18284,18284,2,0
2021-12-29 17:07:27,18284,18284,18284,2,0
2021-12-29 17:07:28,18284,18284,18284,2,0
2021-12-29 17:07:34,18284,18284,18284,8,0
2021-12-29 17:07:37,18284,18284,18284,2,0
2021-12-29 17:07:45,18283,18283,18283,2,-2
2021-12-29 17:07:45,18283,18283,18283,2,0
2021-12-29 17:07:47,18284,18284,18284,4,4
2021-12-29 17:07:48,18285,18285,18285,2,2
2021-12-29 17:07:48,18284,18284,18284,2,-2
2021-12-29 17:07:55,18284,18284,18284,2,0
2021-12-29 17:07:55,18284,18284,18284,2,0
2021-12-29 17:08:13,18284,18284,18284,2,0
2021-12-29 17:08:15,18283,18283,18283,2,-2
2021-12-29 17:08:15,18283,18283,18283,2,0
2021-12-29 17:08:40,18284,18284,18284,4,4
2021-12-29 17:08:48,18283,18283,18283,2,-2
2021-12-29 17:08:48,18283,18283,18283,2,0
2021-12-29 17:08:48,18283,18283,18283,2,0
2021-12-29 17:08:48,18283,18283,18283,2,0
2021-12-29 17:09:05,18282,18282,18282,2,-2
2021-12-29 17:09:06,18282,18282,18282,2,0
2021-12-29 17:09:13,18282,18282,18282,2,0
2021-12-29 17:09:23,18282,18282,18282,2,0
2021-12-29 17:09:37,18283,18283,18283,2,2
2021-12-29 17:09:37,18283,18283,18283,2,0
2021-12-29 17:10:11,18284,18284,18284,4,4
2021-12-29 17:10:11,18283,18283,18283,2,-2
2021-12-29 17:10:11,18282,18282,18282,2,-2
2021-12-29 17:10:17,18282,18282,18282,2,0
2021-12-29 17:10:21,18282,18282,18282,2,0
2021-12-29 17:10:21,18283,18283,18283,2,2
2021-12-29 17:10:27,18283,18283,18283,2,0
2021-12-29 17:10:28,18283,18283,18283,2,0
2021-12-29 17:10:39,18283,18283,18283,2,0
2021-12-29 17:10:41,18283,18283,18283,2,0
2021-12-29 17:10:49,18284,18284,18284,2,2
2021-12-29 17:11:18,18284,18284,18284,2,0
2021-12-29 17:11:34,18284,18284,18284,2,0
2021-12-29 17:11:35,18284,18284,18284,4,0
2021-12-29 17:11:42,18284,18284,18284,2,0
2021-12-29 17:11:42,18284,18284,18284,8,0
2021-12-29 17:11:42,18284,18284,18284,18,0
2021-12-29 17:11:44,18285,18285,18285,2,2
2021-12-29 17:11:45,18285,18285,18285,2,0
2021-12-29 17:11:46,18285,18285,18285,2,0
2021-12-29 17:11:48,18285,18285,18285,2,0
2021-12-29 17:11:49,18285,18285,18285,2,0
2021-12-29 17:11:51,18285,18285,18285,2,0
2021-12-29 17:11:59,18285,18285,18285,2,0
2021-12-29 17:12:01,18285,18285,18285,2,0
2021-12-29 17:12:04,18285,18285,18285,2,0
2021-12-29 17:12:05,18285,18285,18285,4,0
2021-12-29 17:12:15,18285,18285,18285,2,0
2021-12-29 17:12:19,18285,18285,18285,2,0
2021-12-29 17:12:30,18285,18285,18285,2,0
2021-12-29 17:12:30,18285,18285,18285,2,0
2021-12-29 17:12:32,18285,18285,18285,2,0
2021-12-29 17:12:54,18285,18285,18285,8,0
2021-12-29 17:12:55,18285,18285,18285,2,0
2021-12-29 17:13:09,18285,18285,18285,6,0
2021-12-29 17:13:45,18285,18285,18285,2,0
2021-12-29 17:13:59,18284,18284,18284,2,-2
2021-12-29 17:13:59,18284,18284,18284,2,0
2021-12-29 17:13:59,18284,18284,18284,2,0
2021-12-29 17:13:59,18284,18284,18284,2,0
2021-12-29 17:14:04,18284,18284,18284,2,0
2021-12-29 17:14:16,18284,18284,18284,2,0
2021-12-29 17:14:24,18283,18283,18283,2,-2
2021-12-29 17:14:24,18283,18283,18283,2,0
2021-12-29 17:14:31,18283,18283,18283,2,0
2021-12-29 17:14:32,18283,18283,18283,2,0
2021-12-29 17:14:36,18283,18283,18283,2,0
2021-12-29 17:14:39,18283,18283,18283,2,0
2021-12-29 17:14:39,18283,18283,18283,2,0
2021-12-29 17:14:56,18283,18283,18283,2,0
2021-12-29 17:14:58,18283,18283,18283,2,0
2021-12-29 17:15:00,18283,18283,18283,2,0
2021-12-29 17:15:00,18282,18282,18282,2,-2
2021-12-29 17:15:01,18282,18282,18282,2,0
2021-12-29 17:15:01,18282,18282,18282,2,0
2021-12-29 17:15:01,18282,18282,18282,2,0
2021-12-29 17:15:01,18282,18282,18282,2,0
2021-12-29 17:15:01,18282,18282,18282,10,0
2021-12-29 17:15:01,18282,18282,18282,2,0
2021-12-29 17:15:01,18282,18282,18282,2,0
2021-12-29 17:15:01,18282,18282,18282,2,0
2021-12-29 17:15:14,18282,18282,18282,2,0
2021-12-29 17:15:14,18282,18282,18282,2,0
2021-12-29 17:15:20,18282,18282,18282,2,0
2021-12-29 17:15:25,18282,18282,18282,4,0
2021-12-29 17:15:29,18282,18282,18282,2,0
2021-12-29 17:15:51,18282,18282,18282,2,0
2021-12-29 17:15:51,18281,18281,18281,2,-2
2021-12-29 17:15:51,18281,18281,18281,2,0
2021-12-29 17:15:51,18281,18281,18281,2,0
2021-12-29 17:16:01,18281,18281,18281,2,0
2021-12-29 17:16:01,18281,18281,18281,2,0
2021-12-29 17:16:17,18281,18281,18281,2,0
2021-12-29 17:16:17,18281,18281,18281,2,0
2021-12-29 17:16:27,18282,18282,18282,2,2
2021-12-29 17:17:20,18282,18282,18282,2,0
2021-12-29 17:17:20,18282,18282,18282,2,0
2021-12-29 17:17:21,18283,18283,18283,4,4
2021-12-29 17:17:31,18282,18282,18282,2,-2
2021-12-29 17:17:36,18282,18282,18282,2,0
2021-12-29 17:17:36,18282,18282,18282,2,0
2021-12-29 17:17:37,18282,18282,18282,2,0
2021-12-29 17:17:51,18282,18282,18282,2,0
2021-12-29 17:18:44,18282,18282,18282,2,0
2021-12-29 17:19:50,18282,18282,18282,2,0
2021-12-29 17:20:01,18282,18282,18282,2,0
2021-12-29 17:20:08,18281,18281,18281,4,-4
2021-12-29 17:20:08,18281,18281,18281,6,0
2021-12-29 17:20:08,18281,18281,18281,2,0
2021-12-29 17:20:08,18281,18281,18281,4,0
2021-12-29 17:20:08,18281,18281,18281,2,0
2021-12-29 17:20:08,18281,18281,18281,2,0
2021-12-29 17:20:08,18281,18281,18281,2,0
2021-12-29 17:20:08,18281,18281,18281,2,0
2021-12-29 17:20:08,18281,18281,18281,2,0
2021-12-29 17:20:08,18281,18281,18281,2,0
2021-12-29 17:20:08,18281,18281,18281,4,0
2021-12-29 17:20:08,18281,18281,18281,2,0
2021-12-29 17:20:08,18281,18281,18281,2,0
2021-12-29 17:20:08,18281,18281,18281,2,0
2021-12-29 17:20:08,18281,18281,18281,6,0
2021-12-29 17:20:08,18281,18281,18281,2,0
2021-12-29 17:20:08,18281,18281,18281,4,0
2021-12-29 17:20:17,18281,18281,18281,10,0
2021-12-29 17:20:25,18281,18281,18281,2,0
2021-12-29 17:20:34,18281,18281,18281,2,0
2021-12-29 17:20:37,18281,18281,18281,2,0
2021-12-29 17:20:38,18280,18280,18280,2,-2
2021-12-29 17:20:48,18280,18280,18280,4,0
2021-12-29 17:20:53,18280,18280,18280,4,0
2021-12-29 17:20:53,18280,18280,18280,2,0
2021-12-29 17:20:53,18280,18280,18280,2,0
2021-12-29 17:20:53,18280,18280,18280,10,0
2021-12-29 17:20:53,18280,18280,18280,2,0
2021-12-29 17:20:53,18280,18280,18280,10,0
2021-12-29 17:20:53,18280,18280,18280,2,0
2021-12-29 17:20:53,18280,18280,18280,12,0
2021-12-29 17:20:53,18280,18280,18280,10,0
2021-12-29 17:20:53,18280,18280,18280,10,0
2021-12-29 17:20:53,18280,18280,18280,2,0
2021-12-29 17:20:53,18280,18280,18280,2,0
2021-12-29 17:20:53,18280,18280,18280,2,0
2021-12-29 17:20:53,18280,18280,18280,2,0
2021-12-29 17:20:53,18280,18280,18280,2,0
2021-12-29 17:20:53,18280,18280,18280,2,0
2021-12-29 17:20:53,18280,18280,18280,2,0
2021-12-29 17:20:53,18279,18279,18279,2,-2
2021-12-29 17:20:53,18279,18279,18279,2,0
2021-12-29 17:20:54,18280,18280,18280,2,2
2021-12-29 17:20:59,18280,18280,18280,2,0
2021-12-29 17:20:59,18280,18280,18280,2,0
2021-12-29 17:21:00,18281,18281,18281,4,4
2021-12-29 17:21:05,18280,18280,18280,2,-2
2021-12-29 17:21:07,18279,18279,18279,2,-2
2021-12-29 17:21:23,18280,18280,18280,2,2
2021-12-29 17:21:23,18280,18280,18280,2,0
2021-12-29 17:21:32,18280,18280,18280,2,0
2021-12-29 17:21:33,18280,18280,18280,2,0
2021-12-29 17:21:42,18280,18280,18280,2,0
2021-12-29 17:22:10,18280,18280,18280,4,0
2021-12-29 17:22:14,18279,18279,18279,2,-2
2021-12-29 17:22:14,18279,18279,18279,2,0
2021-12-29 17:22:22,18279,18279,18279,2,0
2021-12-29 17:22:39,18279,18279,18279,2,0
2021-12-29 17:22:43,18279,18279,18279,2,0
2021-12-29 17:23:23,18279,18279,18279,2,0
2021-12-29 17:23:28,18280,18280,18280,10,10
2021-12-29 17:23:31,18280,18280,18280,4,0
2021-12-29 17:23:47,18281,18281,18281,4,4
2021-12-29 17:24:21,18281,18281,18281,2,0
2021-12-29 17:24:22,18280,18280,18280,2,-2
2021-12-29 17:24:26,18281,18281,18281,2,2
2021-12-29 17:24:59,18281,18281,18281,2,0
2021-12-29 17:25:06,18280,18280,18280,2,-2
2021-12-29 17:25:11,18280,18280,18280,4,0
2021-12-29 17:25:16,18281,18281,18281,2,2
2021-12-29 17:25:26,18281,18281,18281,2,0
2021-12-29 17:25:41,18282,18282,18282,2,2
2021-12-29 17:25:53,18282,18282,18282,14,0
2021-12-29 17:25:55,18283,18283,18283,2,2
2021-12-29 17:26:02,18283,18283,18283,4,0
2021-12-29 17:26:19,18283,18283,18283,4,0
2021-12-29 17:26:19,18283,18283,18283,2,0
2021-12-29 17:26:19,18283,18283,18283,2,0
2021-12-29 17:26:19,18283,18283,18283,2,0
2021-12-29 17:26:19,18283,18283,18283,2,0
2021-12-29 17:26:19,18283,18283,18283,2,0
2021-12-29 17:26:19,18283,18283,18283,2,0
2021-12-29 17:26:19,18283,18283,18283,2,0
2021-12-29 17:26:19,18283,18283,18283,6,0
2021-12-29 17:26:19,18283,18283,18283,2,0
2021-12-29 17:26:19,18283,18283,18283,2,0
2021-12-29 17:26:19,18283,18283,18283,30,0
2021-12-29 17:26:26,18283,18283,18283,2,0
2021-12-29 17:26:27,18283,18283,18283,4,0
2021-12-29 17:26:42,18282,18282,18282,2,-2
2021-12-29 17:26:47,18282,18282,18282,2,0
2021-12-29 17:26:59,18282,18282,18282,2,0
2021-12-29 17:27:05,18282,18282,18282,2,0
2021-12-29 17:28:12,18282,18282,18282,4,0
2021-12-29 17:28:12,18282,18282,18282,2,0
2021-12-29 17:28:35,18281,18281,18281,2,-2
2021-12-29 17:28:51,18281,18281,18281,2,0
2021-12-29 17:29:03,18282,18282,18282,2,2
2021-12-29 17:29:20,18282,18282,18282,2,0
2021-12-29 17:30:01,18283,18283,18283,2,2
2021-12-29 17:30:40,18282,18282,18282,2,-2
2021-12-29 17:30:40,18282,18282,18282,2,0
2021-12-29 17:30:40,18282,18282,18282,2,0
2021-12-29 17:30:40,18282,18282,18282,2,0
2021-12-29 17:30:40,18282,18282,18282,4,0
2021-12-29 17:30:40,18282,18282,18282,2,0
2021-12-29 17:31:06,18282,18282,18282,2,0
2021-12-29 17:31:12,18282,18282,18282,2,0
2021-12-29 17:32:09,18282,18282,18282,2,0
2021-12-29 17:32:18,18282,18282,18282,2,0
2021-12-29 17:32:21,18282,18282,18282,2,0
2021-12-29 17:32:39,18281,18281,18281,2,-2
2021-12-29 17:32:53,18281,18281,18281,2,0
2021-12-29 17:33:00,18282,18282,18282,2,2
2021-12-29 17:33:11,18282,18282,18282,2,0
2021-12-29 17:33:11,18282,18282,18282,4,0
2021-12-29 17:33:12,18282,18282,18282,2,0
2021-12-29 17:33:44,18282,18282,18282,2,0
2021-12-29 17:33:44,18282,18282,18282,2,0
2021-12-29 17:33:44,18282,18282,18282,2,0
2021-12-29 17:33:44,18282,18282,18282,2,0
2021-12-29 17:33:49,18282,18282,18282,2,0
2021-12-29 17:33:53,18281,18281,18281,2,-2
2021-12-29 17:33:53,18280,18280,18280,2,-2
2021-12-29 17:33:53,18280,18280,18280,2,0
2021-12-29 17:33:53,18280,18280,18280,2,0
2021-12-29 17:33:53,18280,18280,18280,2,0
2021-12-29 17:33:53,18280,18280,18280,2,0
2021-12-29 17:33:53,18280,18280,18280,2,0
2021-12-29 17:33:53,18280,18280,18280,2,0
2021-12-29 17:33:53,18280,18280,18280,2,0
2021-12-29 17:33:53,18280,18280,18280,2,0
2021-12-29 17:33:54,18281,18281,18281,2,2
2021-12-29 17:33:55,18280,18280,18280,2,-2
2021-12-29 17:33:55,18280,18280,18280,2,0
2021-12-29 17:33:55,18280,18280,18280,2,0
2021-12-29 17:33:55,18280,18280,18280,2,0
2021-12-29 17:33:55,18280,18280,18280,2,0
2021-12-29 17:34:05,18280,18280,18280,2,0
2021-12-29 17:34:05,18280,18280,18280,2,0
2021-12-29 17:34:05,18280,18280,18280,2,0
2021-12-29 17:34:05,18280,18280,18280,2,0
2021-12-29 17:34:05,18280,18280,18280,2,0
2021-12-29 17:34:06,18280,18280,18280,2,0
2021-12-29 17:34:10,18279,18279,18279,2,-2
2021-12-29 17:34:10,18279,18279,18279,2,0
2021-12-29 17:34:10,18279,18279,18279,4,0
2021-12-29 17:34:10,18279,18279,18279,2,0
2021-12-29 17:34:10,18279,18279,18279,2,0
2021-12-29 17:34:10,18279,18279,18279,2,0
2021-12-29 17:34:10,18279,18279,18279,2,0
2021-12-29 17:34:10,18279,18279,18279,2,0
2021-12-29 17:34:10,18279,18279,18279,2,0
2021-12-29 17:34:10,18279,18279,18279,2,0
2021-12-29 17:34:10,18278,18278,18278,2,-2
2021-12-29 17:34:10,18278,18278,18278,2,0
2021-12-29 17:34:10,18278,18278,18278,2,0
2021-12-29 17:34:10,18278,18278,18278,2,0
2021-12-29 17:34:10,18278,18278,18278,2,0
2021-12-29 17:34:10,18280,18280,18280,2,2
2021-12-29 17:34:10,18279,18279,18279,2,-2
2021-12-29 17:34:10,18279,18279,18279,2,0
2021-12-29 17:34:10,18279,18279,18279,2,0
2021-12-29 17:34:11,18278,18278,18278,2,-2
2021-12-29 17:34:11,18278,18278,18278,2,0
2021-12-29 17:34:11,18278,18278,18278,2,0
2021-12-29 17:34:11,18280,18280,18280,4,4
2021-12-29 17:34:23,18280,18280,18280,2,0
2021-12-29 17:34:23,18279,18279,18279,2,-2
2021-12-29 17:34:23,18279,18279,18279,2,0
2021-12-29 17:34:23,18279,18279,18279,2,0
2021-12-29 17:34:35,18280,18280,18280,2,2
2021-12-29 17:34:35,18280,18280,18280,2,0
2021-12-29 17:34:44,18281,18281,18281,2,2
2021-12-29 17:34:51,18281,18281,18281,2,0
2021-12-29 17:35:39,18281,18281,18281,2,0
2021-12-29 17:35:39,18281,18281,18281,2,0
2021-12-29 17:35:39,18281,18281,18281,2,0
2021-12-29 17:35:54,18282,18282,18282,2,2
2021-12-29 17:36:01,18282,18282,18282,2,0
2021-12-29 17:36:05,18281,18281,18281,2,-2
2021-12-29 17:36:05,18280,18280,18280,2,-2
2021-12-29 17:36:05,18280,18280,18280,2,0
2021-12-29 17:36:42,18282,18282,18282,2,2
2021-12-29 17:36:45,18281,18281,18281,2,-2
2021-12-29 17:37:09,18282,18282,18282,2,2
2021-12-29 17:37:21,18283,18283,18283,2,2
2021-12-29 17:38:07,18282,18282,18282,2,-2
2021-12-29 17:38:08,18283,18283,18283,4,4
2021-12-29 17:38:18,18283,18283,18283,4,0
2021-12-29 17:38:49,18283,18283,18283,4,0
2021-12-29 17:39:24,18283,18283,18283,2,0
2021-12-29 17:39:36,18283,18283,18283,2,0
2021-12-29 17:40:03,18283,18283,18283,2,0
2021-12-29 17:40:14,18283,18283,18283,14,0
2021-12-29 17:40:14,18284,18284,18284,6,6
2021-12-29 17:40:14,18284,18284,18284,2,0
2021-12-29 17:40:16,18284,18284,18284,20,0
2021-12-29 17:40:31,18284,18284,18284,8,0
2021-12-29 17:40:32,18284,18284,18284,2,0
2021-12-29 17:40:35,18284,18284,18284,2,0
2021-12-29 17:40:35,18284,18284,18284,2,0
2021-12-29 17:40:43,18285,18285,18285,2,2
2021-12-29 17:40:44,18285,18285,18285,2,0
2021-12-29 17:40:47,18285,18285,18285,2,0
2021-12-29 17:41:23,18284,18284,18284,2,-2
2021-12-29 17:41:37,18284,18284,18284,4,0
2021-12-29 17:41:50,18283,18283,18283,2,-2
2021-12-29 17:42:02,18283,18283,18283,8,0
2021-12-29 17:42:06,18283,18283,18283,2,0
2021-12-29 17:43:17,18284,18284,18284,2,2
2021-12-29 17:43:38,18283,18283,18283,2,-2
2021-12-29 17:43:38,18283,18283,18283,2,0
2021-12-29 17:43:38,18283,18283,18283,2,0
2021-12-29 17:43:43,18282,18282,18282,2,-2
2021-12-29 17:43:45,18284,18284,18284,2,2
2021-12-29 17:43:47,18282,18282,18282,2,-2
2021-12-29 17:43:56,18283,18283,18283,6,6
2021-12-29 17:44:24,18283,18283,18283,6,0
2021-12-29 17:44:48,18284,18284,18284,2,2
2021-12-29 17:44:56,18283,18283,18283,2,-2
2021-12-29 17:45:01,18283,18283,18283,2,0
2021-12-29 17:45:07,18283,18283,18283,4,0
2021-12-29 17:45:13,18283,18283,18283,2,0
2021-12-29 17:45:32,18283,18283,18283,2,0
2021-12-29 17:45:35,18283,18283,18283,2,0
2021-12-29 17:46:17,18283,18283,18283,2,0
2021-12-29 17:46:38,18283,18283,18283,8,0
2021-12-29 17:46:55,18283,18283,18283,2,0
2021-12-29 17:47:53,18284,18284,18284,2,2
2021-12-29 17:48:06,18284,18284,18284,2,0
2021-12-29 17:48:06,18284,18284,18284,4,0
2021-12-29 17:48:06,18284,18284,18284,4,0
2021-12-29 17:48:07,18284,18284,18284,2,0
2021-12-29 17:49:08,18284,18284,18284,2,0
2021-12-29 17:49:10,18283,18283,18283,2,-2
2021-12-29 17:49:45,18283,18283,18283,2,0
2021-12-29 17:50:00,18283,18283,18283,2,0
2021-12-29 17:50:00,18283,18283,18283,2,0
