2022-08-02 15:00:00.002,14647,14652,14651,54,54
2022-08-02 15:00:00.028,14650,14651,14651,4,4
2022-08-02 15:00:00.059,14650,14652,14650,1,-1
2022-08-02 15:00:00.316,14650,14652,14650,1,-1
2022-08-02 15:00:00.357,14650,14652,14650,1,-1
2022-08-02 15:00:00.392,14648,14651,14651,1,1
2022-08-02 15:00:00.392,14648,14651,14652,1,1
2022-08-02 15:00:00.417,14648,14651,14649,1,-1
2022-08-02 15:00:00.493,14648,14651,14648,1,-1
2022-08-02 15:00:00.579,14648,14651,14649,2,-2
2022-08-02 15:00:00.683,14648,14650,14652,2,2
2022-08-02 15:00:00.689,14648,14650,14652,2,2
2022-08-02 15:00:00.758,14650,14652,14652,1,1
2022-08-02 15:00:00.773,14650,14652,14650,1,-1
2022-08-02 15:00:00.774,14650,14652,14652,5,5
2022-08-02 15:00:00.775,14650,14652,14653,1,1
2022-08-02 15:00:00.775,14650,14652,14653,1,1
2022-08-02 15:00:00.879,14650,14652,14650,1,-1
2022-08-02 15:00:00.880,14650,14652,14650,1,-1
2022-08-02 15:00:00.978,14650,14652,14652,1,1
2022-08-02 15:00:01.086,14649,14652,14651,1,1
2022-08-02 15:00:01.162,14650,14651,14651,1,1
2022-08-02 15:00:01.280,14650,14653,14652,1,1
2022-08-02 15:00:01.404,14651,14653,14651,2,-2
2022-08-02 15:00:01.404,14651,14653,14650,4,-4
2022-08-02 15:00:01.404,14651,14653,14650,6,-6
2022-08-02 15:00:01.704,14650,14653,14650,1,-1
2022-08-02 15:00:01.729,14650,14653,14650,2,-2
2022-08-02 15:00:01.853,14650,14653,14650,1,-1
2022-08-02 15:00:01.871,14650,14653,14651,1,-1
2022-08-02 15:00:02.254,14650,14653,14650,5,-5
2022-08-02 15:00:02.645,14650,14652,14652,1,1
2022-08-02 15:00:03.061,14650,14652,14650,2,-2
2022-08-02 15:00:03.070,14650,14652,14651,1,-1
2022-08-02 15:00:03.944,14650,14652,14652,1,1
2022-08-02 15:00:04.690,14651,14653,14651,2,-2
2022-08-02 15:00:04.690,14651,14653,14650,3,-3
2022-08-02 15:00:05.167,14650,14653,14653,1,1
2022-08-02 15:00:06.043,14650,14652,14652,2,2
2022-08-02 15:00:06.699,14650,14652,14650,1,-1
2022-08-02 15:00:06.796,14650,14652,14652,2,2
2022-08-02 15:00:07.284,14650,14652,14651,1,1
2022-08-02 15:00:07.346,14650,14652,14651,1,1
2022-08-02 15:00:07.346,14650,14652,14652,2,2
2022-08-02 15:00:07.790,14650,14652,14652,2,2
2022-08-02 15:00:08.594,14650,14652,14652,1,1
2022-08-02 15:00:08.791,14651,14653,14653,3,3
2022-08-02 15:00:08.791,14651,14653,14653,3,3
2022-08-02 15:00:09.335,14652,14654,14652,1,-1
2022-08-02 15:00:10.346,14652,14654,14654,1,1
2022-08-02 15:00:11.443,14653,14655,14655,3,3
2022-08-02 15:00:11.622,14653,14655,14655,2,2
2022-08-02 15:00:11.622,14653,14655,14656,1,1
2022-08-02 15:00:11.623,14653,14655,14654,1,1
2022-08-02 15:00:12.463,14654,14656,14654,1,-1
2022-08-02 15:00:12.463,14654,14656,14654,3,-3
2022-08-02 15:00:13.071,14654,14655,14655,1,1
2022-08-02 15:00:13.071,14654,14655,14656,1,1
2022-08-02 15:00:13.319,14654,14656,14654,1,-1
2022-08-02 15:00:13.334,14654,14656,14656,1,1
2022-08-02 15:00:13.341,14654,14656,14654,1,-1
2022-08-02 15:00:13.345,14654,14656,14654,3,-3
2022-08-02 15:00:13.519,14653,14655,14655,1,1
2022-08-02 15:00:13.610,14653,14655,14655,2,2
2022-08-02 15:00:13.774,14653,14656,14656,1,1
2022-08-02 15:00:14.544,14654,14655,14655,1,1
2022-08-02 15:00:15.703,14654,14655,14655,1,1
2022-08-02 15:00:15.951,14654,14655,14655,1,1
2022-08-02 15:00:15.963,14654,14655,14655,1,1
2022-08-02 15:00:15.976,14654,14655,14656,1,1
2022-08-02 15:00:15.996,14655,14658,14658,1,1
2022-08-02 15:00:16.006,14655,14658,14658,1,1
2022-08-02 15:00:16.015,14655,14658,14658,1,1
2022-08-02 15:00:16.016,14655,14658,14656,1,-1
2022-08-02 15:00:16.895,14654,14657,14657,1,1
2022-08-02 15:00:17.050,14654,14657,14657,1,1
2022-08-02 15:00:17.535,14654,14657,14655,1,-1
2022-08-02 15:00:18.814,14655,14656,14655,8,-8
2022-08-02 15:00:18.814,14655,14656,14654,2,-2
2022-08-02 15:00:19.554,14653,14655,14653,4,-4
2022-08-02 15:00:22.085,14653,14655,14653,1,-1
2022-08-02 15:00:23.793,14653,14655,14654,1,-1
2022-08-02 15:00:24.605,14654,14655,14654,1,-1
2022-08-02 15:00:25.058,14654,14655,14654,1,-1
2022-08-02 15:00:27.604,14654,14655,14654,1,-1
2022-08-02 15:00:28.753,14653,14655,14653,1,-1
2022-08-02 15:00:29.023,14653,14654,14653,2,-2
2022-08-02 15:00:29.740,14652,14654,14654,1,1
2022-08-02 15:00:31.243,14652,14653,14652,1,-1
2022-08-02 15:00:31.445,14651,14653,14651,3,-3
2022-08-02 15:00:31.445,14651,14653,14650,6,-6
2022-08-02 15:00:31.445,14651,14653,14649,1,-1
2022-08-02 15:00:32.125,14650,14652,14652,1,1
2022-08-02 15:00:34.006,14650,14652,14650,1,-1
2022-08-02 15:00:34.105,14650,14652,14650,6,-6
2022-08-02 15:00:34.105,14650,14652,14649,1,-1
2022-08-02 15:00:34.947,14649,14651,14649,5,-5
2022-08-02 15:00:36.698,14649,14650,14649,1,-1
2022-08-02 15:00:36.698,14649,14650,14649,1,-1
2022-08-02 15:00:37.052,14649,14650,14649,1,-1
2022-08-02 15:00:38.151,14649,14650,14649,1,-1
2022-08-02 15:00:38.451,14648,14649,14649,1,1
2022-08-02 15:00:38.451,14648,14649,14650,1,1
2022-08-02 15:00:39.581,14648,14649,14648,3,-3
2022-08-02 15:00:44.007,14648,14649,14648,1,-1
2022-08-02 15:00:44.007,14648,14649,14647,2,-2
2022-08-02 15:00:44.603,14647,14649,14647,10,-10
2022-08-02 15:00:45.872,14647,14649,14647,5,-5
2022-08-02 15:00:46.625,14647,14648,14648,1,1
2022-08-02 15:00:46.824,14647,14649,14649,5,5
2022-08-02 15:00:46.875,14648,14650,14648,1,-1
2022-08-02 15:00:46.929,14648,14650,14648,1,-1
2022-08-02 15:00:47.027,14647,14649,14649,2,2
2022-08-02 15:00:47.027,14647,14649,14650,1,1
2022-08-02 15:00:47.151,14647,14650,14647,4,-4
2022-08-02 15:00:47.470,14647,14649,14647,3,-3
2022-08-02 15:00:47.470,14647,14649,14646,2,-2
2022-08-02 15:00:47.522,14646,14648,14646,1,-1
2022-08-02 15:00:47.663,14646,14648,14648,1,1
2022-08-02 15:00:50.624,14648,14649,14648,2,-2
2022-08-02 15:00:50.968,14647,14649,14648,1,-1
2022-08-02 15:00:51.016,14648,14649,14649,1,1
2022-08-02 15:00:51.168,14648,14650,14648,2,-2
2022-08-02 15:00:51.211,14648,14650,14648,2,-2
2022-08-02 15:00:51.211,14648,14650,14647,1,-1
2022-08-02 15:00:51.417,14647,14650,14648,1,-1
2022-08-02 15:00:51.858,14647,14650,14648,1,-1
2022-08-02 15:00:53.644,14648,14650,14648,1,-1
2022-08-02 15:00:54.129,14648,14649,14649,1,1
2022-08-02 15:00:54.789,14648,14649,14648,4,-4
2022-08-02 15:00:56.689,14647,14648,14648,1,1
2022-08-02 15:00:57.625,14647,14648,14648,2,2
2022-08-02 15:00:58.120,14647,14648,14647,1,-1
2022-08-02 15:00:58.166,14647,14648,14647,5,-5
2022-08-02 15:01:00.222,14646,14647,14647,2,2
2022-08-02 15:01:00.383,14645,14647,14647,1,1
2022-08-02 15:01:00.692,14645,14647,14645,3,-3
2022-08-02 15:01:00.693,14645,14647,14645,14,-14
2022-08-02 15:01:00.693,14645,14647,14645,3,-3
2022-08-02 15:01:01.595,14644,14646,14644,1,-1
2022-08-02 15:01:01.617,14644,14645,14644,1,-1
2022-08-02 15:01:02.269,14644,14645,14645,1,1
2022-08-02 15:01:02.952,14644,14645,14644,6,-6
2022-08-02 15:01:03.379,14643,14644,14644,1,1
2022-08-02 15:01:03.474,14643,14644,14643,1,-1
2022-08-02 15:01:04.543,14643,14644,14643,1,-1
2022-08-02 15:01:06.820,14643,14644,14644,3,3
2022-08-02 15:01:06.934,14643,14645,14645,1,1
2022-08-02 15:01:06.934,14643,14645,14645,3,3
2022-08-02 15:01:07.670,14644,14646,14644,1,-1
2022-08-02 15:01:08.579,14643,14645,14643,2,-2
2022-08-02 15:01:09.022,14643,14644,14643,1,-1
2022-08-02 15:01:09.277,14643,14645,14644,1,-1
2022-08-02 15:01:09.277,14643,14645,14644,4,-4
2022-08-02 15:01:11.280,14644,14645,14644,2,-2
2022-08-02 15:01:11.281,14644,14645,14643,4,-4
2022-08-02 15:01:11.911,14643,14644,14643,2,-2
2022-08-02 15:01:12.055,14642,14644,14642,1,-1
2022-08-02 15:01:12.362,14642,14643,14643,1,1
2022-08-02 15:01:12.632,14642,14643,14642,8,-8
2022-08-02 15:01:12.807,14641,14643,14643,1,1
2022-08-02 15:01:12.940,14641,14643,14641,1,-1
2022-08-02 15:01:15.150,14641,14642,14641,2,-2
2022-08-02 15:01:15.150,14641,14642,14640,1,-1
2022-08-02 15:01:16.788,14640,14641,14641,1,1
2022-08-02 15:01:17.460,14640,14641,14640,1,-1
2022-08-02 15:01:17.460,14640,14641,14640,1,-1
2022-08-02 15:01:17.460,14640,14641,14640,5,-5
2022-08-02 15:01:17.460,14640,14641,14640,16,-16
2022-08-02 15:01:20.183,14639,14640,14639,1,-1
2022-08-02 15:01:20.443,14639,14640,14639,2,-2
2022-08-02 15:01:20.443,14639,14640,14638,10,-10
2022-08-02 15:01:20.443,14639,14640,14637,9,-9
2022-08-02 15:01:21.271,14637,14639,14638,1,-1
2022-08-02 15:01:21.296,14637,14639,14638,1,-1
2022-08-02 15:01:21.318,14637,14639,14640,1,1
2022-08-02 15:01:22.015,14638,14640,14638,1,-1
2022-08-02 15:01:22.595,14638,14640,14638,1,-1
2022-08-02 15:01:23.158,14638,14640,14640,10,10
2022-08-02 15:01:23.166,14638,14640,14640,1,1
2022-08-02 15:01:23.284,14639,14641,14639,1,-1
2022-08-02 15:01:24.636,14639,14641,14640,1,-1
2022-08-02 15:01:24.888,14640,14641,14641,2,2
2022-08-02 15:01:25.396,14641,14643,14643,2,2
2022-08-02 15:01:25.910,14642,14644,14644,2,2
2022-08-02 15:01:25.911,14642,14644,14644,1,1
2022-08-02 15:01:26.013,14643,14645,14643,1,-1
2022-08-02 15:01:26.176,14643,14645,14645,1,1
2022-08-02 15:01:26.359,14643,14645,14645,4,4
2022-08-02 15:01:26.359,14643,14645,14646,1,1
2022-08-02 15:01:26.972,14644,14646,14644,1,-1
2022-08-02 15:01:26.973,14644,14646,14644,1,-1
2022-08-02 15:01:27.289,14643,14645,14642,1,-1
2022-08-02 15:01:27.569,14642,14644,14644,1,1
2022-08-02 15:01:28.045,14642,14644,14642,1,-1
2022-08-02 15:01:31.028,14640,14643,14642,1,1
2022-08-02 15:01:32.248,14641,14642,14641,1,-1
2022-08-02 15:01:32.648,14640,14642,14640,1,-1
2022-08-02 15:01:33.228,14640,14642,14640,1,-1
2022-08-02 15:01:33.968,14639,14641,14641,1,1
2022-08-02 15:01:37.015,14639,14640,14639,4,-4
2022-08-02 15:01:37.016,14639,14640,14638,2,-2
2022-08-02 15:01:37.017,14639,14640,14638,3,-3
2022-08-02 15:01:37.017,14639,14640,14638,1,-1
2022-08-02 15:01:37.017,14639,14640,14638,1,-1
2022-08-02 15:01:37.017,14639,14640,14638,2,-2
2022-08-02 15:01:37.017,14639,14640,14638,1,-1
2022-08-02 15:01:37.017,14639,14640,14638,1,-1
2022-08-02 15:01:37.832,14637,14638,14637,2,-2
2022-08-02 15:01:37.833,14637,14638,14636,2,-2
2022-08-02 15:01:37.833,14637,14638,14636,5,-5
2022-08-02 15:01:37.833,14637,14638,14636,1,-1
2022-08-02 15:01:38.247,14635,14636,14635,2,-2
2022-08-02 15:01:38.277,14635,14636,14635,2,-2
2022-08-02 15:01:38.279,14635,14636,14635,2,-2
2022-08-02 15:01:38.279,14635,14636,14635,3,-3
2022-08-02 15:01:38.280,14635,14636,14635,3,-3
2022-08-02 15:01:38.364,14634,14635,14634,1,-1
2022-08-02 15:01:38.522,14634,14635,14634,1,-1
2022-08-02 15:01:38.547,14634,14635,14635,1,1
2022-08-02 15:01:38.634,14634,14635,14634,1,-1
2022-08-02 15:01:38.968,14634,14635,14635,1,1
2022-08-02 15:01:39.802,14635,14636,14636,2,2
2022-08-02 15:01:39.802,14635,14636,14636,3,3
2022-08-02 15:01:39.976,14636,14637,14635,1,-1
2022-08-02 15:01:40.285,14634,14635,14634,1,-1
2022-08-02 15:01:40.434,14634,14635,14634,1,-1
2022-08-02 15:01:40.610,14634,14635,14635,2,2
2022-08-02 15:01:40.932,14635,14637,14636,1,1
2022-08-02 15:01:41.414,14635,14637,14635,1,-1
2022-08-02 15:01:42.710,14636,14637,14636,2,-2
2022-08-02 15:01:42.716,14636,14637,14637,1,1
2022-08-02 15:01:44.779,14636,14638,14638,1,1
2022-08-02 15:01:44.917,14637,14638,14637,1,-1
2022-08-02 15:01:44.917,14637,14638,14636,1,-1
2022-08-02 15:01:47.609,14636,14638,14636,3,-3
2022-08-02 15:01:47.609,14636,14638,14635,2,-2
2022-08-02 15:01:48.602,14636,14638,14636,1,-1
2022-08-02 15:01:49.381,14635,14637,14635,3,-3
2022-08-02 15:01:51.643,14634,14636,14636,1,1
2022-08-02 15:01:52.110,14634,14636,14634,1,-1
2022-08-02 15:01:54.942,14634,14635,14635,1,1
2022-08-02 15:01:56.657,14635,14637,14635,2,-2
2022-08-02 15:01:57.791,14634,14636,14634,1,-1
2022-08-02 15:02:00.083,14635,14636,14636,1,1
2022-08-02 15:02:00.115,14635,14637,14637,1,1
2022-08-02 15:02:00.268,14636,14638,14636,4,-4
2022-08-02 15:02:00.269,14636,14638,14636,1,-1
2022-08-02 15:02:00.269,14636,14638,14636,2,-2
2022-08-02 15:02:00.382,14636,14638,14638,1,1
2022-08-02 15:02:00.452,14636,14638,14638,2,2
2022-08-02 15:02:00.452,14636,14638,14639,2,2
2022-08-02 15:02:00.773,14636,14638,14636,1,-1
2022-08-02 15:02:01.309,14636,14638,14636,4,-4
2022-08-02 15:02:01.309,14636,14638,14635,1,-1
2022-08-02 15:02:01.483,14635,14637,14635,2,-2
2022-08-02 15:02:03.064,14635,14637,14635,2,-2
2022-08-02 15:02:03.616,14636,14638,14636,4,-4
2022-08-02 15:02:03.616,14636,14638,14635,3,-3
2022-08-02 15:02:03.616,14636,14638,14635,4,-4
2022-08-02 15:02:03.844,14635,14637,14635,1,-1
2022-08-02 15:02:05.099,14635,14638,14636,2,-2
2022-08-02 15:02:05.099,14635,14638,14635,1,-1
2022-08-02 15:02:06.213,14635,14637,14636,1,-1
2022-08-02 15:02:06.340,14635,14637,14635,1,-1
2022-08-02 15:02:06.968,14635,14637,14636,1,-1
2022-08-02 15:02:08.271,14635,14636,14635,1,-1
2022-08-02 15:02:08.364,14635,14636,14636,1,1
2022-08-02 15:02:08.829,14635,14637,14635,1,-1
2022-08-02 15:02:10.140,14635,14637,14637,1,1
2022-08-02 15:02:11.826,14636,14638,14638,1,1
2022-08-02 15:02:15.161,14639,14640,14640,2,2
2022-08-02 15:02:15.161,14639,14640,14641,3,3
2022-08-02 15:02:15.442,14639,14641,14641,4,4
2022-08-02 15:02:15.989,14639,14641,14641,1,1
2022-08-02 15:02:18.655,14639,14641,14641,1,1
2022-08-02 15:02:21.340,14639,14640,14640,1,1
2022-08-02 15:02:21.472,14639,14641,14641,1,1
2022-08-02 15:02:22.966,14640,14641,14640,1,-1
2022-08-02 15:02:23.060,14639,14641,14639,1,-1
2022-08-02 15:02:24.212,14639,14641,14640,1,-1
2022-08-02 15:02:27.266,14638,14640,14640,5,5
2022-08-02 15:02:29.129,14639,14640,14639,1,-1
2022-08-02 15:02:31.527,14639,14640,14639,1,-1
2022-08-02 15:02:31.637,14639,14640,14639,1,-1
2022-08-02 15:02:33.247,14638,14640,14640,1,1
2022-08-02 15:02:36.456,14639,14640,14639,1,-1
2022-08-02 15:02:36.790,14637,14640,14639,1,1
2022-08-02 15:02:37.083,14637,14639,14639,1,1
2022-08-02 15:02:37.128,14637,14639,14639,1,1
2022-08-02 15:02:37.215,14637,14639,14639,1,1
2022-08-02 15:02:40.383,14638,14640,14639,1,1
2022-08-02 15:02:43.507,14638,14640,14639,1,1
2022-08-02 15:02:45.854,14639,14640,14640,12,12
2022-08-02 15:02:45.855,14639,14640,14641,4,4
2022-08-02 15:02:46.331,14640,14642,14640,4,-4
2022-08-02 15:02:46.332,14640,14642,14640,7,-7
2022-08-02 15:02:49.988,14640,14642,14640,1,-1
2022-08-02 15:02:51.280,14639,14641,14639,1,-1
2022-08-02 15:02:53.421,14639,14640,14640,2,2
2022-08-02 15:02:54.792,14639,14641,14639,5,-5
2022-08-02 15:03:00.336,14640,14642,14641,1,-1
2022-08-02 15:03:00.337,14640,14642,14641,1,-1
2022-08-02 15:03:00.340,14640,14642,14642,1,1
2022-08-02 15:03:02.748,14640,14642,14642,1,1
2022-08-02 15:03:03.774,14640,14642,14641,1,1
2022-08-02 15:03:04.801,14640,14642,14642,7,7
2022-08-02 15:03:05.497,14641,14643,14643,3,3
2022-08-02 15:03:05.724,14642,14644,14644,4,4
2022-08-02 15:03:06.319,14642,14644,14644,9,9
2022-08-02 15:03:06.501,14643,14645,14643,1,-1
2022-08-02 15:03:07.750,14643,14645,14645,12,12
2022-08-02 15:03:07.818,14643,14645,14645,1,1
2022-08-02 15:03:07.926,14645,14646,14646,4,4
2022-08-02 15:03:09.287,14644,14646,14645,10,10
2022-08-02 15:03:09.384,14644,14646,14644,1,-1
2022-08-02 15:03:18.167,14645,14646,14645,2,-2
2022-08-02 15:03:24.345,14645,14646,14646,67,67
2022-08-02 15:03:24.345,14645,14646,14647,7,7
2022-08-02 15:03:24.348,14645,14646,14648,6,6
2022-08-02 15:03:24.482,14648,14649,14649,1,1
2022-08-02 15:03:24.482,14648,14649,14649,1,1
2022-08-02 15:03:24.553,14649,14650,14650,1,1
2022-08-02 15:03:24.620,14649,14650,14650,4,4
2022-08-02 15:03:24.859,14649,14650,14650,1,1
2022-08-02 15:03:24.862,14649,14650,14650,1,1
2022-08-02 15:03:24.862,14649,14650,14651,3,3
2022-08-02 15:03:26.724,14647,14649,14649,5,5
2022-08-02 15:03:28.005,14647,14649,14649,1,1
2022-08-02 15:03:30.620,14647,14649,14649,4,4
2022-08-02 15:03:30.680,14647,14649,14648,1,1
2022-08-02 15:03:32.221,14647,14648,14647,1,-1
2022-08-02 15:03:33.123,14647,14648,14647,2,-2
2022-08-02 15:03:33.123,14647,14648,14647,1,-1
2022-08-02 15:03:33.203,14647,14648,14648,1,1
2022-08-02 15:03:34.509,14646,14647,14646,7,-7
2022-08-02 15:03:34.509,14646,14647,14646,1,-1
2022-08-02 15:03:36.715,14645,14646,14645,5,-5
2022-08-02 15:03:36.715,14645,14646,14645,4,-4
2022-08-02 15:03:36.715,14645,14646,14645,1,-1
2022-08-02 15:03:36.716,14645,14646,14645,1,-1
2022-08-02 15:03:37.160,14644,14645,14644,3,-3
2022-08-02 15:03:37.160,14644,14645,14643,1,-1
2022-08-02 15:03:38.580,14643,14644,14643,2,-2
2022-08-02 15:03:38.583,14643,14644,14643,1,-1
2022-08-02 15:03:39.016,14641,14643,14643,1,1
2022-08-02 15:03:39.813,14641,14642,14642,1,1
2022-08-02 15:03:40.471,14642,14643,14642,1,-1
2022-08-02 15:03:41.512,14640,14641,14640,1,-1
2022-08-02 15:03:43.173,14639,14640,14640,1,1
2022-08-02 15:03:43.415,14639,14640,14639,2,-2
2022-08-02 15:03:43.691,14639,14640,14640,1,1
2022-08-02 15:03:46.855,14639,14640,14639,1,-1
2022-08-02 15:03:49.102,14639,14640,14640,1,1
2022-08-02 15:03:49.663,14639,14640,14639,10,-10
2022-08-02 15:03:49.864,14638,14639,14638,7,-7
2022-08-02 15:03:51.701,14637,14638,14638,1,1
2022-08-02 15:03:54.819,14637,14638,14638,1,1
2022-08-02 15:03:54.938,14638,14639,14639,3,3
2022-08-02 15:03:55.322,14638,14640,14638,1,-1
2022-08-02 15:04:00.222,14639,14641,14640,1,-1
2022-08-02 15:04:00.223,14639,14641,14641,2,2
2022-08-02 15:04:05.149,14640,14641,14640,1,-1
2022-08-02 15:04:05.249,14638,14639,14638,2,-2
2022-08-02 15:04:06.658,14637,14638,14637,1,-1
2022-08-02 15:04:07.312,14636,14638,14638,1,1
2022-08-02 15:04:08.035,14636,14638,14638,1,1
2022-08-02 15:04:08.223,14636,14637,14636,1,-1
2022-08-02 15:04:09.508,14636,14637,14636,3,-3
2022-08-02 15:04:11.436,14636,14637,14636,4,-4
2022-08-02 15:04:11.537,14635,14636,14635,6,-6
2022-08-02 15:04:12.990,14634,14635,14634,6,-6
2022-08-02 15:04:13.178,14633,14635,14633,17,-17
2022-08-02 15:04:13.287,14632,14634,14632,5,-5
2022-08-02 15:04:13.565,14631,14632,14631,4,-4
2022-08-02 15:04:13.687,14630,14632,14632,1,1
2022-08-02 15:04:14.772,14631,14632,14631,1,-1
2022-08-02 15:04:14.960,14631,14632,14632,3,3
2022-08-02 15:04:14.960,14631,14632,14633,2,2
2022-08-02 15:04:15.373,14632,14633,14633,1,1
2022-08-02 15:04:17.242,14633,14634,14633,1,-1
2022-08-02 15:04:18.605,14632,14633,14633,1,1
2022-08-02 15:04:18.623,14632,14633,14633,1,1
2022-08-02 15:04:19.332,14632,14634,14632,1,-1
2022-08-02 15:04:19.557,14632,14634,14634,4,4
2022-08-02 15:04:19.592,14632,14634,14635,1,1
2022-08-02 15:04:19.789,14634,14636,14634,1,-1
2022-08-02 15:04:20.610,14634,14635,14634,2,-2
2022-08-02 15:04:21.731,14633,14635,14635,1,1
2022-08-02 15:04:22.357,14633,14634,14634,1,1
2022-08-02 15:04:25.680,14632,14633,14633,1,1
2022-08-02 15:04:25.781,14632,14634,14632,1,-1
2022-08-02 15:04:25.833,14632,14634,14632,1,-1
2022-08-02 15:04:29.223,14633,14634,14633,1,-1
2022-08-02 15:04:29.988,14633,14634,14634,1,1
2022-08-02 15:04:29.989,14633,14634,14634,2,2
2022-08-02 15:04:30.705,14634,14635,14635,1,1
2022-08-02 15:04:30.867,14635,14636,14636,2,2
2022-08-02 15:04:32.569,14636,14637,14637,1,1
2022-08-02 15:04:32.570,14636,14637,14637,1,1
2022-08-02 15:04:34.819,14636,14638,14636,1,-1
2022-08-02 15:04:40.967,14634,14635,14635,1,1
2022-08-02 15:04:41.156,14635,14636,14635,1,-1
2022-08-02 15:04:42.138,14634,14636,14634,1,-1
2022-08-02 15:04:42.139,14634,14636,14634,1,-1
2022-08-02 15:04:42.139,14634,14636,14634,1,-1
2022-08-02 15:04:42.978,14633,14634,14633,1,-1
2022-08-02 15:04:43.618,14633,14634,14633,3,-3
2022-08-02 15:04:44.472,14632,14633,14632,1,-1
2022-08-02 15:04:45.021,14631,14632,14632,1,1
2022-08-02 15:04:45.271,14631,14632,14631,1,-1
2022-08-02 15:04:45.272,14631,14632,14631,1,-1
2022-08-02 15:04:45.673,14630,14631,14630,1,-1
2022-08-02 15:04:45.761,14630,14631,14631,1,1
2022-08-02 15:04:45.761,14630,14631,14632,1,1
2022-08-02 15:04:45.775,14630,14631,14630,1,-1
2022-08-02 15:04:46.386,14630,14632,14630,1,-1
2022-08-02 15:04:47.755,14631,14632,14631,1,-1
2022-08-02 15:04:49.352,14630,14632,14630,1,-1
2022-08-02 15:04:50.464,14630,14632,14630,1,-1
2022-08-02 15:04:52.384,14631,14632,14632,1,1
2022-08-02 15:04:52.384,14631,14632,14632,1,1
2022-08-02 15:04:52.537,14631,14633,14631,1,-1
2022-08-02 15:04:56.778,14631,14632,14631,1,-1
2022-08-02 15:04:59.048,14631,14632,14631,1,-1
2022-08-02 15:04:59.048,14631,14632,14631,1,-1
2022-08-02 15:04:59.254,14630,14632,14630,1,-1
2022-08-02 15:05:00.211,14630,14632,14632,1,1
2022-08-02 15:05:01.258,14631,14632,14631,1,-1
2022-08-02 15:05:03.945,14630,14631,14631,1,1
2022-08-02 15:05:04.424,14631,14632,14632,1,1
2022-08-02 15:05:04.651,14631,14632,14632,5,5
2022-08-02 15:05:05.120,14632,14634,14632,10,-10
2022-08-02 15:05:05.120,14632,14634,14631,15,-15
2022-08-02 15:05:10.967,14632,14633,14632,3,-3
2022-08-02 15:05:10.967,14632,14633,14631,1,-1
2022-08-02 15:05:14.401,14632,14633,14632,1,-1
2022-08-02 15:05:14.524,14632,14633,14632,1,-1
2022-08-02 15:05:18.489,14631,14633,14631,2,-2
2022-08-02 15:05:18.761,14631,14633,14631,1,-1
2022-08-02 15:05:20.348,14631,14633,14633,1,1
2022-08-02 15:05:20.400,14631,14633,14631,1,-1
2022-08-02 15:05:23.622,14631,14633,14633,2,2
2022-08-02 15:05:24.240,14632,14634,14632,1,-1
2022-08-02 15:05:24.793,14632,14634,14632,1,-1
2022-08-02 15:05:25.488,14632,14634,14632,7,-7
2022-08-02 15:05:25.489,14632,14634,14632,3,-3
2022-08-02 15:05:27.009,14632,14634,14632,1,-1
2022-08-02 15:05:27.186,14633,14634,14634,2,2
2022-08-02 15:05:28.063,14633,14634,14633,1,-1
2022-08-02 15:05:30.914,14633,14634,14633,2,-2
2022-08-02 15:05:32.222,14632,14633,14632,1,-1
2022-08-02 15:05:32.222,14632,14633,14632,1,-1
2022-08-02 15:05:32.222,14632,14633,14632,1,-1
2022-08-02 15:05:32.224,14632,14633,14631,7,-7
2022-08-02 15:05:32.350,14630,14631,14631,4,4
2022-08-02 15:05:32.738,14630,14631,14630,1,-1
2022-08-02 15:05:32.738,14630,14631,14630,4,-4
2022-08-02 15:05:32.738,14630,14631,14630,15,-15
2022-08-02 15:05:32.739,14630,14631,14630,4,-4
2022-08-02 15:05:32.790,14630,14631,14630,1,-1
2022-08-02 15:05:32.989,14629,14630,14630,1,1
2022-08-02 15:05:35.122,14629,14630,14629,5,-5
2022-08-02 15:05:36.139,14628,14629,14628,2,-2
2022-08-02 15:05:36.222,14628,14629,14628,1,-1
2022-08-02 15:05:36.914,14628,14629,14629,1,1
2022-08-02 15:05:37.841,14628,14629,14629,2,2
2022-08-02 15:05:38.562,14628,14629,14629,2,2
2022-08-02 15:05:38.562,14628,14629,14630,3,3
2022-08-02 15:05:38.581,14628,14629,14630,3,3
2022-08-02 15:05:39.404,14629,14631,14630,1,1
2022-08-02 15:05:40.181,14630,14631,14630,1,-1
2022-08-02 15:05:41.044,14629,14630,14629,3,-3
2022-08-02 15:05:42.700,14629,14630,14630,1,1
2022-08-02 15:05:46.651,14629,14630,14630,1,1
2022-08-02 15:05:47.983,14629,14630,14630,1,1
2022-08-02 15:05:49.486,14629,14630,14629,1,-1
2022-08-02 15:05:50.505,14629,14630,14630,2,2
2022-08-02 15:05:50.777,14630,14631,14631,2,2
2022-08-02 15:05:50.888,14630,14632,14631,1,1
2022-08-02 15:05:55.062,14630,14632,14630,2,-2
2022-08-02 15:05:56.865,14631,14632,14631,1,-1
2022-08-02 15:05:57.027,14630,14632,14630,2,-2
2022-08-02 15:05:58.712,14630,14631,14630,1,-1
2022-08-02 15:05:59.957,14630,14631,14630,1,-1
2022-08-02 15:06:01.680,14630,14631,14630,7,-7
2022-08-02 15:06:01.680,14630,14631,14629,12,-12
2022-08-02 15:06:01.680,14630,14631,14628,11,-11
2022-08-02 15:06:02.119,14628,14629,14629,2,2
2022-08-02 15:06:04.376,14630,14631,14630,1,-1
2022-08-02 15:06:05.484,14628,14630,14628,6,-6
2022-08-02 15:06:05.484,14628,14630,14628,1,-1
2022-08-02 15:06:05.484,14628,14630,14628,7,-7
2022-08-02 15:06:06.392,14627,14628,14628,1,1
2022-08-02 15:06:08.736,14627,14628,14628,1,1
2022-08-02 15:06:10.053,14627,14629,14629,1,1
2022-08-02 15:06:10.776,14627,14629,14627,1,-1
2022-08-02 15:06:10.915,14627,14629,14629,2,2
2022-08-02 15:06:10.947,14627,14629,14628,1,1
2022-08-02 15:06:11.545,14628,14630,14630,4,4
2022-08-02 15:06:13.716,14629,14631,14629,1,-1
2022-08-02 15:06:15.256,14629,14630,14629,1,-1
2022-08-02 15:06:16.415,14628,14630,14628,2,-2
2022-08-02 15:06:20.180,14629,14630,14629,2,-2
2022-08-02 15:06:23.419,14628,14630,14628,1,-1
2022-08-02 15:06:26.531,14628,14629,14628,2,-2
2022-08-02 15:06:26.532,14628,14629,14628,1,-1
2022-08-02 15:06:28.251,14627,14628,14627,1,-1
2022-08-02 15:06:28.255,14627,14628,14627,9,-9
2022-08-02 15:06:28.400,14626,14627,14626,1,-1
2022-08-02 15:06:28.400,14626,14627,14626,3,-3
2022-08-02 15:06:28.444,14626,14627,14625,1,-1
2022-08-02 15:06:28.444,14626,14627,14625,1,-1
2022-08-02 15:06:28.445,14626,14627,14625,1,-1
2022-08-02 15:06:28.445,14626,14627,14625,1,-1
2022-08-02 15:06:28.561,14625,14626,14625,1,-1
2022-08-02 15:06:28.561,14625,14626,14625,2,-2
2022-08-02 15:06:29.921,14625,14626,14625,1,-1
2022-08-02 15:06:30.210,14625,14626,14626,1,1
2022-08-02 15:06:33.079,14625,14627,14625,1,-1
2022-08-02 15:06:35.549,14626,14628,14626,1,-1
2022-08-02 15:06:37.041,14626,14627,14626,1,-1
2022-08-02 15:06:39.424,14625,14626,14626,1,1
2022-08-02 15:06:40.113,14626,14628,14626,1,-1
2022-08-02 15:06:40.535,14625,14627,14625,1,-1
2022-08-02 15:06:43.071,14626,14627,14626,1,-1
2022-08-02 15:06:43.072,14626,14627,14626,4,-4
2022-08-02 15:06:43.321,14625,14627,14625,1,-1
2022-08-02 15:06:43.336,14625,14627,14626,1,-1
2022-08-02 15:06:44.577,14625,14626,14626,4,4
2022-08-02 15:06:45.358,14625,14627,14627,4,4
2022-08-02 15:06:45.427,14626,14628,14626,1,-1
2022-08-02 15:06:47.384,14626,14628,14628,3,3
2022-08-02 15:06:48.076,14627,14629,14627,1,-1
2022-08-02 15:06:48.438,14627,14629,14628,2,-2
2022-08-02 15:06:55.867,14627,14628,14627,1,-1
2022-08-02 15:06:55.867,14627,14628,14627,2,-2
2022-08-02 15:06:58.590,14626,14627,14626,1,-1
2022-08-02 15:07:00.327,14626,14628,14627,2,-2
2022-08-02 15:07:00.327,14626,14628,14626,3,-3
2022-08-02 15:07:02.614,14626,14628,14627,3,-3
2022-08-02 15:07:02.614,14626,14628,14627,1,-1
2022-08-02 15:07:03.509,14626,14628,14626,2,-2
2022-08-02 15:07:04.157,14626,14627,14627,1,1
2022-08-02 15:07:06.287,14626,14628,14628,5,5
2022-08-02 15:07:06.532,14627,14629,14629,2,2
2022-08-02 15:07:07.226,14628,14630,14628,1,-1
2022-08-02 15:07:07.359,14628,14630,14628,2,-2
2022-08-02 15:07:07.428,14627,14629,14627,1,-1
2022-08-02 15:07:08.579,14626,14628,14628,1,1
2022-08-02 15:07:09.376,14626,14628,14628,2,2
2022-08-02 15:07:09.425,14626,14628,14627,1,1
2022-08-02 15:07:16.159,14626,14628,14626,3,-3
2022-08-02 15:07:16.284,14627,14628,14627,2,-2
2022-08-02 15:07:18.069,14627,14628,14628,1,1
2022-08-02 15:07:18.221,14627,14628,14627,3,-3
2022-08-02 15:07:20.178,14627,14628,14627,2,-2
2022-08-02 15:07:22.786,14627,14628,14627,2,-2
2022-08-02 15:07:24.689,14627,14628,14627,1,-1
2022-08-02 15:07:25.757,14626,14628,14626,1,-1
2022-08-02 15:07:31.022,14626,14627,14626,1,-1
2022-08-02 15:07:31.216,14626,14627,14626,1,-1
2022-08-02 15:07:32.388,14626,14627,14626,7,-7
2022-08-02 15:07:32.390,14626,14627,14625,6,-6
2022-08-02 15:07:33.006,14624,14626,14624,1,-1
2022-08-02 15:07:33.186,14624,14626,14624,1,-1
2022-08-02 15:07:33.249,14624,14626,14624,1,-1
2022-08-02 15:07:33.863,14624,14626,14624,1,-1
2022-08-02 15:07:35.026,14624,14626,14626,2,2
2022-08-02 15:07:35.089,14624,14626,14626,4,4
2022-08-02 15:07:35.089,14624,14626,14627,2,2
2022-08-02 15:07:36.968,14625,14627,14625,5,-5
2022-08-02 15:07:41.490,14625,14627,14627,2,2
2022-08-02 15:07:44.134,14627,14628,14628,3,3
2022-08-02 15:07:44.134,14627,14628,14629,2,2
2022-08-02 15:07:44.246,14627,14629,14629,3,3
2022-08-02 15:07:44.486,14628,14630,14630,3,3
2022-08-02 15:07:44.919,14628,14630,14628,1,-1
2022-08-02 15:07:46.336,14628,14630,14630,5,5
2022-08-02 15:07:51.121,14627,14629,14629,1,1
2022-08-02 15:07:52.523,14627,14628,14627,1,-1
2022-08-02 15:07:53.807,14627,14628,14627,1,-1
2022-08-02 15:07:55.145,14627,14628,14627,5,-5
2022-08-02 15:07:55.338,14626,14628,14626,1,-1
2022-08-02 15:07:57.554,14627,14628,14628,5,5
2022-08-02 15:07:57.554,14627,14628,14629,5,5
2022-08-02 15:07:59.000,14627,14629,14628,1,1
2022-08-02 15:08:00.913,14627,14628,14628,1,1
2022-08-02 15:08:01.102,14627,14629,14627,1,-1
2022-08-02 15:08:03.209,14627,14628,14628,2,2
2022-08-02 15:08:03.608,14627,14629,14629,1,1
2022-08-02 15:08:03.902,14628,14630,14628,1,-1
2022-08-02 15:08:05.731,14628,14630,14630,1,1
2022-08-02 15:08:07.327,14628,14630,14629,1,1
2022-08-02 15:08:07.387,14628,14630,14629,1,1
2022-08-02 15:08:12.343,14628,14630,14628,1,-1
2022-08-02 15:08:14.709,14628,14630,14628,1,-1
2022-08-02 15:08:17.987,14627,14628,14627,1,-1
2022-08-02 15:08:20.178,14627,14628,14627,6,-6
2022-08-02 15:08:24.227,14626,14627,14627,1,1
2022-08-02 15:08:24.333,14626,14627,14626,1,-1
2022-08-02 15:08:25.015,14626,14627,14626,2,-2
2022-08-02 15:08:25.355,14626,14627,14627,2,2
2022-08-02 15:08:29.201,14626,14627,14626,1,-1
2022-08-02 15:08:29.209,14626,14627,14627,2,2
2022-08-02 15:08:29.433,14626,14627,14626,1,-1
2022-08-02 15:08:30.255,14626,14627,14626,1,-1
2022-08-02 15:08:30.598,14626,14627,14627,1,1
2022-08-02 15:08:30.870,14626,14627,14626,2,-2
2022-08-02 15:08:31.750,14626,14627,14627,1,1
2022-08-02 15:08:31.750,14626,14627,14628,2,2
2022-08-02 15:08:33.414,14626,14628,14626,1,-1
2022-08-02 15:08:36.075,14626,14627,14626,1,-1
2022-08-02 15:08:37.438,14626,14627,14627,1,1
2022-08-02 15:08:38.489,14626,14627,14627,1,1
2022-08-02 15:08:38.637,14626,14627,14627,1,1
2022-08-02 15:08:39.617,14626,14627,14627,1,1
2022-08-02 15:08:40.175,14626,14627,14626,5,-5
2022-08-02 15:08:40.176,14626,14627,14626,6,-6
2022-08-02 15:08:40.176,14626,14627,14626,2,-2
2022-08-02 15:08:40.176,14626,14627,14626,5,-5
2022-08-02 15:08:40.368,14625,14626,14626,1,1
2022-08-02 15:08:40.570,14625,14626,14626,1,1
2022-08-02 15:08:40.890,14625,14627,14625,1,-1
2022-08-02 15:08:42.289,14625,14626,14626,3,3
2022-08-02 15:08:42.289,14625,14626,14626,3,3
2022-08-02 15:08:43.535,14625,14626,14626,2,2
2022-08-02 15:08:43.535,14625,14626,14627,1,1
2022-08-02 15:08:47.518,14625,14627,14627,1,1
2022-08-02 15:08:49.057,14626,14627,14626,1,-1
2022-08-02 15:08:50.144,14626,14627,14626,5,-5
2022-08-02 15:08:52.892,14626,14627,14626,6,-6
2022-08-02 15:08:53.350,14625,14627,14627,3,3
2022-08-02 15:08:53.683,14627,14628,14627,1,-1
2022-08-02 15:08:53.683,14627,14628,14627,1,-1
2022-08-02 15:08:53.683,14627,14628,14626,1,-1
2022-08-02 15:08:53.809,14626,14628,14628,4,4
2022-08-02 15:08:53.949,14627,14629,14627,1,-1
2022-08-02 15:08:53.974,14627,14629,14627,1,-1
2022-08-02 15:08:54.105,14627,14629,14627,1,-1
2022-08-02 15:08:54.603,14627,14629,14627,1,-1
2022-08-02 15:08:55.040,14627,14629,14629,1,1
2022-08-02 15:08:55.331,14628,14630,14629,1,1
2022-08-02 15:08:55.331,14628,14630,14629,1,1
2022-08-02 15:08:55.450,14629,14630,14629,1,-1
2022-08-02 15:08:55.920,14628,14630,14628,1,-1
2022-08-02 15:08:57.476,14629,14630,14629,1,-1
2022-08-02 15:08:59.689,14628,14630,14630,3,3
2022-08-02 15:09:00.596,14628,14630,14630,1,1
2022-08-02 15:09:01.129,14628,14630,14628,1,-1
2022-08-02 15:09:01.139,14628,14630,14628,2,-2
2022-08-02 15:09:05.721,14627,14629,14628,1,-1
2022-08-02 15:09:08.081,14627,14629,14629,1,1
2022-08-02 15:09:08.377,14628,14630,14628,3,-3
2022-08-02 15:09:08.626,14628,14630,14628,1,-1
2022-08-02 15:09:09.328,14628,14630,14630,15,15
2022-08-02 15:09:09.329,14628,14630,14631,2,2
2022-08-02 15:09:09.622,14630,14632,14630,1,-1
2022-08-02 15:09:09.892,14630,14632,14630,1,-1
2022-08-02 15:09:09.930,14630,14632,14630,1,-1
2022-08-02 15:09:12.715,14630,14631,14630,1,-1
2022-08-02 15:09:14.107,14629,14631,14631,3,3
2022-08-02 15:09:14.107,14629,14631,14632,2,2
2022-08-02 15:09:14.152,14630,14632,14632,1,1
2022-08-02 15:09:17.561,14630,14632,14630,1,-1
2022-08-02 15:09:18.200,14630,14632,14630,3,-3
2022-08-02 15:09:23.003,14630,14632,14630,1,-1
2022-08-02 15:09:26.622,14630,14631,14630,1,-1
2022-08-02 15:09:27.530,14630,14631,14631,3,3
2022-08-02 15:09:28.319,14630,14631,14630,2,-2
2022-08-02 15:09:33.032,14630,14631,14630,1,-1
2022-08-02 15:09:36.033,14630,14631,14630,1,-1
2022-08-02 15:09:36.207,14630,14631,14630,1,-1
2022-08-02 15:09:37.462,14630,14631,14631,4,4
2022-08-02 15:09:37.522,14630,14632,14632,5,5
2022-08-02 15:09:37.603,14630,14632,14632,1,1
2022-08-02 15:09:40.585,14632,14633,14632,1,-1
2022-08-02 15:09:41.168,14632,14633,14633,1,1
2022-08-02 15:09:41.168,14632,14633,14634,1,1
2022-08-02 15:09:42.200,14632,14633,14633,1,1
2022-08-02 15:09:42.305,14632,14634,14632,1,-1
2022-08-02 15:09:42.608,14632,14634,14632,1,-1
2022-08-02 15:09:43.095,14632,14633,14632,1,-1
2022-08-02 15:09:43.803,14632,14633,14633,1,1
2022-08-02 15:09:44.995,14632,14633,14632,1,-1
2022-08-02 15:09:45.576,14632,14633,14632,5,-5
2022-08-02 15:09:45.576,14632,14633,14631,5,-5
2022-08-02 15:09:49.288,14631,14633,14633,1,1
2022-08-02 15:09:53.481,14631,14632,14631,1,-1
2022-08-02 15:09:53.732,14631,14632,14631,1,-1
2022-08-02 15:09:55.161,14631,14632,14632,1,1
2022-08-02 15:09:55.713,14631,14632,14632,1,1
2022-08-02 15:09:57.287,14631,14633,14633,1,1
2022-08-02 15:09:59.035,14632,14633,14633,1,1
2022-08-02 15:10:00.966,14633,14634,14633,1,-1
2022-08-02 15:10:01.159,14633,14634,14633,1,-1
2022-08-02 15:10:04.407,14633,14634,14634,10,10
2022-08-02 15:10:04.408,14633,14634,14634,8,8
2022-08-02 15:10:05.141,14634,14635,14635,1,1
2022-08-02 15:10:05.141,14634,14635,14635,1,1
2022-08-02 15:10:05.141,14634,14635,14635,3,3
2022-08-02 15:10:05.141,14634,14635,14635,2,2
2022-08-02 15:10:05.142,14634,14635,14635,1,1
2022-08-02 15:10:05.142,14634,14635,14635,2,2
2022-08-02 15:10:07.665,14634,14636,14635,1,1
2022-08-02 15:10:07.681,14634,14636,14636,5,5
2022-08-02 15:10:09.109,14635,14637,14637,1,1
2022-08-02 15:10:10.245,14635,14636,14635,1,-1
2022-08-02 15:10:10.886,14635,14636,14636,1,1
2022-08-02 15:10:10.886,14635,14636,14637,1,1
2022-08-02 15:10:11.900,14636,14637,14637,1,1
2022-08-02 15:10:11.967,14636,14637,14637,1,1
2022-08-02 15:10:12.110,14636,14637,14636,2,-2
2022-08-02 15:10:12.896,14635,14636,14635,1,-1
2022-08-02 15:10:12.896,14635,14636,14635,1,-1
2022-08-02 15:10:13.139,14633,14635,14635,1,1
2022-08-02 15:10:13.478,14633,14635,14635,4,4
2022-08-02 15:10:13.809,14633,14635,14635,1,1
2022-08-02 15:10:16.202,14633,14635,14635,1,1
2022-08-02 15:10:20.236,14634,14635,14635,2,2
2022-08-02 15:10:21.041,14634,14635,14635,1,1
2022-08-02 15:10:23.105,14634,14635,14635,1,1
2022-08-02 15:10:24.564,14635,14636,14635,1,-1
2022-08-02 15:10:28.132,14634,14635,14635,1,1
2022-08-02 15:10:30.261,14634,14635,14635,1,1
2022-08-02 15:10:31.475,14634,14635,14634,3,-3
2022-08-02 15:10:34.307,14633,14635,14635,3,3
2022-08-02 15:10:44.460,14634,14635,14635,1,1
2022-08-02 15:10:50.163,14634,14635,14634,1,-1
2022-08-02 15:10:51.190,14633,14635,14635,1,1
2022-08-02 15:11:03.808,14633,14634,14633,5,-5
2022-08-02 15:11:04.151,14632,14633,14632,1,-1
2022-08-02 15:11:04.936,14631,14633,14631,1,-1
2022-08-02 15:11:07.383,14631,14632,14631,1,-1
2022-08-02 15:11:07.638,14631,14632,14631,1,-1
2022-08-02 15:11:08.209,14631,14632,14632,1,1
2022-08-02 15:11:10.313,14631,14632,14631,3,-3
2022-08-02 15:11:10.314,14631,14632,14631,1,-1
2022-08-02 15:11:10.911,14630,14631,14630,3,-3
2022-08-02 15:11:15.015,14630,14631,14631,2,2
2022-08-02 15:11:15.388,14630,14631,14631,2,2
2022-08-02 15:11:15.651,14630,14632,14630,1,-1
2022-08-02 15:11:16.094,14630,14632,14630,4,-4
2022-08-02 15:11:16.870,14631,14632,14631,1,-1
2022-08-02 15:11:17.210,14631,14632,14631,1,-1
2022-08-02 15:11:17.781,14632,14633,14633,2,2
2022-08-02 15:11:19.189,14632,14634,14632,1,-1
2022-08-02 15:11:21.021,14632,14634,14634,2,2
2022-08-02 15:11:26.171,14632,14633,14633,1,1
2022-08-02 15:11:28.132,14632,14634,14634,2,2
2022-08-02 15:11:28.492,14632,14634,14634,2,2
2022-08-02 15:11:28.493,14632,14634,14634,1,1
2022-08-02 15:11:29.936,14634,14635,14634,2,-2
2022-08-02 15:11:31.155,14634,14635,14634,2,-2
2022-08-02 15:11:32.260,14633,14635,14635,2,2
2022-08-02 15:11:32.937,14633,14635,14634,1,1
2022-08-02 15:11:35.167,14633,14635,14635,1,1
2022-08-02 15:11:36.574,14633,14634,14634,2,2
2022-08-02 15:11:40.036,14634,14635,14635,1,1
2022-08-02 15:11:40.036,14634,14635,14635,1,1
2022-08-02 15:11:40.037,14634,14635,14635,8,8
2022-08-02 15:11:40.341,14634,14636,14636,9,9
2022-08-02 15:11:41.547,14635,14637,14637,1,1
2022-08-02 15:11:44.581,14635,14637,14636,2,2
2022-08-02 15:11:46.815,14635,14637,14637,2,2
2022-08-02 15:11:47.223,14636,14637,14637,2,2
2022-08-02 15:11:47.223,14636,14637,14637,2,2
2022-08-02 15:11:48.702,14637,14638,14637,1,-1
2022-08-02 15:11:48.991,14637,14638,14638,2,2
2022-08-02 15:11:49.188,14637,14638,14638,1,1
2022-08-02 15:11:49.222,14637,14638,14638,1,1
2022-08-02 15:11:49.608,14637,14638,14638,2,2
2022-08-02 15:11:49.748,14637,14638,14638,2,2
2022-08-02 15:11:50.030,14637,14638,14638,2,2
2022-08-02 15:11:50.031,14637,14638,14638,6,6
2022-08-02 15:11:51.516,14638,14639,14638,1,-1
2022-08-02 15:11:51.683,14637,14639,14639,3,3
2022-08-02 15:11:52.644,14637,14639,14639,1,1
2022-08-02 15:11:53.852,14638,14640,14640,2,2
2022-08-02 15:11:53.885,14638,14640,14640,3,3
2022-08-02 15:11:54.740,14638,14640,14640,1,1
2022-08-02 15:11:54.936,14638,14640,14640,4,4
2022-08-02 15:11:55.428,14638,14640,14639,1,1
2022-08-02 15:11:56.614,14638,14639,14639,1,1
2022-08-02 15:11:57.382,14639,14640,14640,2,2
2022-08-02 15:11:57.612,14639,14640,14640,2,2
2022-08-02 15:11:58.314,14639,14640,14640,1,1
2022-08-02 15:11:59.799,14639,14640,14639,2,-2
2022-08-02 15:12:02.074,14639,14640,14640,1,1
2022-08-02 15:12:02.352,14639,14640,14640,2,2
2022-08-02 15:12:04.145,14639,14640,14640,3,3
2022-08-02 15:12:04.145,14639,14640,14640,1,1
2022-08-02 15:12:07.000,14639,14640,14640,1,1
2022-08-02 15:12:07.000,14639,14640,14641,1,1
2022-08-02 15:12:07.805,14639,14641,14640,2,2
2022-08-02 15:12:08.189,14639,14641,14641,2,2
2022-08-02 15:12:11.123,14640,14641,14640,2,-2
2022-08-02 15:12:13.756,14639,14640,14640,1,1
2022-08-02 15:12:14.507,14639,14640,14640,1,1
2022-08-02 15:12:14.508,14639,14640,14640,1,1
2022-08-02 15:12:14.779,14639,14640,14640,2,2
2022-08-02 15:12:15.110,14639,14640,14640,2,2
2022-08-02 15:12:15.882,14640,14641,14640,1,-1
2022-08-02 15:12:16.000,14639,14640,14639,1,-1
2022-08-02 15:12:22.152,14638,14639,14639,1,1
2022-08-02 15:12:23.405,14638,14639,14639,1,1
2022-08-02 15:12:24.188,14639,14640,14640,2,2
2022-08-02 15:12:25.214,14639,14640,14640,2,2
2022-08-02 15:12:25.573,14639,14640,14640,2,2
2022-08-02 15:12:28.951,14639,14640,14640,1,1
2022-08-02 15:12:29.465,14639,14640,14639,3,-3
2022-08-02 15:12:31.822,14638,14640,14640,2,2
2022-08-02 15:12:32.212,14638,14639,14639,1,1
2022-08-02 15:12:32.213,14638,14639,14639,1,1
2022-08-02 15:12:32.598,14638,14639,14639,2,2
2022-08-02 15:12:32.950,14638,14639,14639,1,1
2022-08-02 15:12:33.623,14639,14640,14639,1,-1
2022-08-02 15:12:33.934,14638,14639,14639,1,1
2022-08-02 15:12:33.934,14638,14639,14640,1,1
2022-08-02 15:12:34.404,14638,14639,14639,1,1
2022-08-02 15:12:35.565,14639,14640,14640,2,2
2022-08-02 15:12:36.424,14639,14640,14639,1,-1
2022-08-02 15:12:36.523,14638,14640,14640,2,2
2022-08-02 15:12:36.948,14638,14640,14640,2,2
2022-08-02 15:12:37.292,14638,14640,14640,2,2
2022-08-02 15:12:38.775,14639,14640,14640,2,2
2022-08-02 15:12:39.846,14639,14640,14640,2,2
2022-08-02 15:12:41.086,14639,14640,14640,1,1
2022-08-02 15:12:41.782,14640,14641,14640,1,-1
2022-08-02 15:12:42.343,14639,14641,14640,1,-1
2022-08-02 15:12:45.300,14640,14641,14641,6,6
2022-08-02 15:12:45.421,14641,14642,14641,3,-3
2022-08-02 15:12:45.421,14641,14642,14640,2,-2
2022-08-02 15:12:46.531,14641,14642,14641,1,-1
2022-08-02 15:12:46.596,14641,14642,14642,2,2
2022-08-02 15:12:47.825,14641,14642,14641,1,-1
2022-08-02 15:12:48.789,14641,14642,14641,2,-2
2022-08-02 15:12:51.420,14640,14641,14641,2,2
2022-08-02 15:12:51.732,14640,14641,14641,2,2
2022-08-02 15:12:52.431,14640,14642,14641,1,1
2022-08-02 15:12:54.124,14641,14642,14641,3,-3
2022-08-02 15:12:55.778,14640,14641,14640,1,-1
2022-08-02 15:12:56.546,14640,14641,14640,2,-2
2022-08-02 15:12:56.842,14639,14640,14640,1,1
2022-08-02 15:12:58.020,14639,14640,14640,2,2
2022-08-02 15:12:58.062,14639,14640,14639,3,-3
2022-08-02 15:12:58.298,14638,14639,14639,2,2
2022-08-02 15:12:58.779,14638,14640,14639,1,1
2022-08-02 15:12:58.779,14638,14640,14640,1,1
2022-08-02 15:12:59.420,14639,14640,14640,2,2
2022-08-02 15:12:59.674,14639,14640,14640,1,1
2022-08-02 15:13:02.000,14640,14641,14641,2,2
2022-08-02 15:13:02.277,14640,14641,14641,2,2
2022-08-02 15:13:02.438,14640,14641,14640,3,-3
2022-08-02 15:13:02.439,14640,14641,14640,2,-2
2022-08-02 15:13:02.683,14640,14641,14641,2,2
2022-08-02 15:13:03.495,14640,14641,14641,1,1
2022-08-02 15:13:04.220,14641,14642,14642,2,2
2022-08-02 15:13:04.220,14641,14642,14642,10,10
2022-08-02 15:13:05.428,14642,14643,14643,2,2
2022-08-02 15:13:05.509,14642,14643,14643,3,3
2022-08-02 15:13:05.509,14642,14643,14643,3,3
2022-08-02 15:13:06.108,14643,14644,14643,1,-1
2022-08-02 15:13:06.410,14643,14644,14643,1,-1
2022-08-02 15:13:06.526,14642,14644,14644,1,1
2022-08-02 15:13:06.672,14642,14644,14644,1,1
2022-08-02 15:13:06.694,14642,14644,14644,1,1
2022-08-02 15:13:06.912,14642,14644,14644,1,1
2022-08-02 15:13:09.958,14642,14643,14643,2,2
2022-08-02 15:13:10.194,14642,14643,14643,1,1
2022-08-02 15:13:10.750,14643,14644,14643,1,-1
2022-08-02 15:13:11.335,14643,14644,14643,1,-1
2022-08-02 15:13:12.189,14643,14644,14644,2,2
2022-08-02 15:13:12.891,14643,14644,14644,2,2
2022-08-02 15:13:13.538,14643,14644,14643,2,-2
2022-08-02 15:13:13.538,14643,14644,14643,1,-1
2022-08-02 15:13:13.538,14643,14644,14643,1,-1
2022-08-02 15:13:13.539,14643,14644,14643,1,-1
2022-08-02 15:13:13.618,14642,14643,14642,1,-1
2022-08-02 15:13:15.213,14642,14644,14643,1,-1
2022-08-02 15:13:15.213,14642,14644,14643,1,-1
2022-08-02 15:13:15.614,14642,14643,14643,1,1
2022-08-02 15:13:15.614,14642,14643,14644,1,1
2022-08-02 15:13:16.725,14642,14644,14644,2,2
2022-08-02 15:13:18.060,14642,14644,14644,2,2
2022-08-02 15:13:22.705,14642,14643,14642,5,-5
2022-08-02 15:13:23.942,14642,14643,14643,2,2
2022-08-02 15:13:24.277,14642,14643,14643,2,2
2022-08-02 15:13:24.659,14642,14643,14643,2,2
2022-08-02 15:13:25.044,14642,14643,14643,2,2
2022-08-02 15:13:25.820,14642,14643,14643,2,2
2022-08-02 15:13:25.853,14642,14643,14643,1,1
2022-08-02 15:13:26.293,14642,14643,14643,1,1
2022-08-02 15:13:27.398,14643,14644,14643,1,-1
2022-08-02 15:13:28.060,14643,14644,14643,2,-2
2022-08-02 15:13:28.741,14642,14643,14643,2,2
2022-08-02 15:13:29.188,14642,14643,14643,1,1
2022-08-02 15:13:29.189,14642,14643,14643,1,1
2022-08-02 15:13:29.629,14643,14644,14643,1,-1
2022-08-02 15:13:30.845,14643,14644,14644,2,2
2022-08-02 15:13:33.255,14643,14644,14644,1,1
2022-08-02 15:13:34.956,14643,14644,14644,2,2
2022-08-02 15:13:34.957,14643,14644,14644,7,7
2022-08-02 15:13:34.959,14643,14644,14644,1,1
2022-08-02 15:13:35.339,14644,14645,14644,1,-1
2022-08-02 15:13:35.680,14643,14645,14643,13,-13
2022-08-02 15:13:36.912,14642,14644,14642,1,-1
2022-08-02 15:13:38.650,14643,14644,14644,2,2
2022-08-02 15:13:40.332,14643,14644,14644,2,2
2022-08-02 15:13:40.693,14643,14644,14644,2,2
2022-08-02 15:13:40.874,14643,14644,14644,4,4
2022-08-02 15:13:40.875,14643,14644,14644,1,1
2022-08-02 15:13:41.162,14644,14645,14644,2,-2
2022-08-02 15:13:41.492,14642,14643,14643,1,1
2022-08-02 15:13:41.492,14642,14643,14644,2,2
2022-08-02 15:13:41.636,14642,14644,14644,2,2
2022-08-02 15:13:42.133,14642,14644,14643,2,2
2022-08-02 15:13:42.842,14643,14644,14644,3,3
2022-08-02 15:13:42.842,14643,14644,14643,2,-2
2022-08-02 15:13:43.593,14643,14644,14643,2,-2
2022-08-02 15:13:43.594,14643,14644,14642,8,-8
2022-08-02 15:13:43.860,14641,14642,14642,2,2
2022-08-02 15:13:44.259,14641,14642,14642,2,2
2022-08-02 15:13:45.301,14642,14643,14643,2,2
2022-08-02 15:13:45.791,14642,14643,14643,2,2
2022-08-02 15:13:46.869,14643,14644,14644,2,2
2022-08-02 15:13:46.948,14643,14644,14644,1,1
2022-08-02 15:13:47.071,14643,14644,14643,1,-1
2022-08-02 15:13:48.747,14643,14644,14644,2,2
2022-08-02 15:13:49.565,14643,14644,14644,2,2
2022-08-02 15:13:49.835,14643,14644,14644,2,2
2022-08-02 15:13:50.045,14643,14644,14644,1,1
2022-08-02 15:13:50.156,14643,14644,14643,5,-5
2022-08-02 15:13:51.845,14642,14643,14643,1,1
2022-08-02 15:13:52.134,14643,14644,14643,1,-1
2022-08-02 15:13:52.138,14643,14644,14643,1,-1
2022-08-02 15:13:52.423,14643,14644,14643,1,-1
2022-08-02 15:13:52.539,14642,14644,14644,2,2
2022-08-02 15:13:53.585,14643,14644,14643,1,-1
2022-08-02 15:13:53.642,14643,14644,14644,2,2
2022-08-02 15:13:54.163,14643,14644,14644,2,2
2022-08-02 15:13:55.187,14643,14644,14643,2,-2
2022-08-02 15:13:56.009,14643,14644,14643,2,-2
2022-08-02 15:13:56.293,14643,14644,14643,2,-2
2022-08-02 15:13:56.460,14642,14644,14644,2,2
2022-08-02 15:13:57.659,14643,14644,14644,2,2
2022-08-02 15:13:57.795,14643,14645,14643,1,-1
2022-08-02 15:13:58.720,14643,14645,14644,1,-1
2022-08-02 15:13:59.584,14644,14645,14644,1,-1
2022-08-02 15:14:00.174,14644,14645,14644,2,-2
2022-08-02 15:14:02.262,14644,14645,14645,2,2
2022-08-02 15:14:03.506,14644,14645,14645,2,2
2022-08-02 15:14:05.217,14644,14645,14645,1,1
2022-08-02 15:14:05.348,14644,14645,14645,2,2
2022-08-02 15:14:05.812,14644,14645,14645,1,1
2022-08-02 15:14:06.891,14644,14645,14645,1,1
2022-08-02 15:14:07.039,14644,14645,14645,1,1
2022-08-02 15:14:07.522,14644,14645,14645,4,4
2022-08-02 15:14:07.821,14645,14646,14645,1,-1
2022-08-02 15:14:08.713,14644,14645,14644,2,-2
2022-08-02 15:14:08.964,14644,14645,14645,1,1
2022-08-02 15:14:08.965,14644,14645,14645,1,1
2022-08-02 15:14:09.375,14644,14645,14645,2,2
2022-08-02 15:14:09.724,14644,14645,14645,1,1
2022-08-02 15:14:09.770,14644,14645,14645,2,2
2022-08-02 15:14:10.250,14644,14645,14645,2,2
2022-08-02 15:14:10.657,14644,14645,14645,2,2
2022-08-02 15:14:10.996,14644,14645,14645,2,2
2022-08-02 15:14:11.275,14644,14645,14645,1,1
2022-08-02 15:14:11.442,14644,14645,14645,2,2
2022-08-02 15:14:14.965,14644,14645,14644,4,-4
2022-08-02 15:14:17.958,14644,14645,14645,1,1
2022-08-02 15:14:21.939,14644,14645,14645,1,1
2022-08-02 15:14:29.173,14644,14645,14644,1,-1
2022-08-02 15:14:29.173,14644,14645,14644,1,-1
2022-08-02 15:14:31.682,14643,14645,14644,1,-1
2022-08-02 15:14:41.493,14643,14644,14643,1,-1
2022-08-02 15:14:42.696,14642,14643,14642,1,-1
2022-08-02 15:14:43.065,14641,14642,14641,1,-1
2022-08-02 15:14:45.118,14640,14641,14640,3,-3
2022-08-02 15:14:45.314,14639,14640,14639,1,-1
2022-08-02 15:14:47.036,14639,14640,14640,1,1
2022-08-02 15:14:47.037,14639,14640,14639,1,-1
2022-08-02 15:14:49.069,14638,14639,14638,4,-4
2022-08-02 15:14:49.488,14637,14638,14637,1,-1
2022-08-02 15:14:50.366,14636,14639,14639,1,1
2022-08-02 15:14:52.020,14637,14638,14637,1,-1
2022-08-02 15:14:54.010,14637,14638,14637,1,-1
2022-08-02 15:14:54.489,14637,14638,14637,1,-1
2022-08-02 15:14:55.171,14637,14638,14638,1,1
2022-08-02 15:14:55.172,14637,14638,14638,1,1
2022-08-02 15:14:55.628,14638,14639,14638,1,-1
2022-08-02 15:14:56.015,14638,14640,14638,4,-4
2022-08-02 15:15:12.922,14639,14640,14639,1,-1
2022-08-02 15:15:24.125,14639,14640,14639,3,-3
2022-08-02 15:15:30.299,14638,14639,14638,3,-3
2022-08-02 15:15:50.323,14637,14638,14638,1,1
2022-08-02 15:15:50.323,14637,14638,14638,4,4
2022-08-02 15:15:52.479,14638,14640,14638,3,-3
2022-08-02 15:15:52.497,14638,14639,14638,7,-7
2022-08-02 15:15:55.182,14638,14639,14638,1,-1
2022-08-02 15:16:01.514,14637,14638,14637,1,-1
2022-08-02 15:16:01.514,14637,14638,14637,1,-1
2022-08-02 15:16:01.515,14637,14638,14637,1,-1
2022-08-02 15:16:01.515,14637,14638,14637,3,-3
2022-08-02 15:16:01.540,14637,14638,14636,3,-3
2022-08-02 15:16:01.616,14635,14637,14637,1,1
2022-08-02 15:16:01.616,14635,14637,14637,1,1
2022-08-02 15:16:01.616,14635,14637,14637,1,1
2022-08-02 15:16:01.943,14635,14637,14637,1,1
2022-08-02 15:16:21.860,14635,14636,14635,2,-2
2022-08-02 15:16:21.860,14635,14636,14635,3,-3
2022-08-02 15:16:24.352,14634,14635,14635,1,1
2022-08-02 15:16:24.364,14634,14636,14636,1,1
2022-08-02 15:16:24.364,14634,14636,14636,1,1
2022-08-02 15:16:24.365,14634,14636,14636,1,1
2022-08-02 15:16:24.369,14634,14636,14637,1,1
2022-08-02 15:16:26.475,14635,14636,14635,4,-4
2022-08-02 15:16:35.779,14634,14635,14635,1,1
2022-08-02 15:16:35.865,14634,14636,14636,1,1
2022-08-02 15:16:39.317,14634,14635,14634,1,-1
2022-08-02 15:16:40.428,14634,14635,14634,1,-1
2022-08-02 15:16:40.428,14634,14635,14634,1,-1
2022-08-02 15:16:40.428,14634,14635,14634,3,-3
2022-08-02 15:16:40.447,14634,14635,14633,1,-1
2022-08-02 15:16:40.447,14634,14635,14633,1,-1
2022-08-02 15:16:40.506,14632,14633,14632,1,-1
2022-08-02 15:16:45.365,14632,14633,14632,2,-2
2022-08-02 15:16:45.775,14632,14633,14632,1,-1
2022-08-02 15:16:51.416,14631,14632,14631,1,-1
2022-08-02 15:16:51.845,14631,14632,14632,1,1
2022-08-02 15:16:53.648,14631,14632,14632,1,1
2022-08-02 15:16:54.344,14631,14632,14631,1,-1
2022-08-02 15:16:54.344,14631,14632,14631,1,-1
2022-08-02 15:16:54.344,14631,14632,14631,11,-11
2022-08-02 15:16:54.345,14631,14632,14631,7,-7
2022-08-02 15:16:54.345,14631,14632,14631,2,-2
2022-08-02 15:16:54.345,14631,14632,14631,2,-2
2022-08-02 15:16:55.652,14631,14632,14632,2,2
2022-08-02 15:16:56.495,14632,14633,14632,1,-1
2022-08-02 15:16:57.997,14632,14633,14632,1,-1
2022-08-02 15:17:01.099,14630,14632,14632,1,1
2022-08-02 15:17:02.195,14630,14632,14630,1,-1
2022-08-02 15:17:03.849,14630,14632,14631,1,-1
2022-08-02 15:17:05.454,14630,14631,14630,1,-1
2022-08-02 15:17:06.660,14630,14631,14630,2,-2
2022-08-02 15:17:09.325,14629,14630,14630,2,2
2022-08-02 15:17:09.706,14629,14631,14629,1,-1
2022-08-02 15:17:09.843,14629,14631,14629,1,-1
2022-08-02 15:17:10.186,14629,14631,14630,1,-1
2022-08-02 15:17:11.207,14629,14630,14630,1,1
2022-08-02 15:17:11.726,14629,14630,14630,1,1
2022-08-02 15:17:11.764,14629,14631,14629,1,-1
2022-08-02 15:17:13.470,14630,14631,14630,1,-1
2022-08-02 15:17:13.470,14630,14631,14630,3,-3
2022-08-02 15:17:17.423,14630,14631,14631,2,2
2022-08-02 15:17:20.183,14631,14632,14631,1,-1
2022-08-02 15:17:22.313,14630,14632,14632,4,4
2022-08-02 15:17:22.313,14630,14632,14633,1,1
2022-08-02 15:17:22.710,14631,14633,14631,1,-1
2022-08-02 15:17:26.441,14631,14632,14631,1,-1
2022-08-02 15:17:31.455,14630,14631,14630,2,-2
2022-08-02 15:17:33.366,14630,14631,14630,1,-1
2022-08-02 15:17:35.472,14630,14631,14630,1,-1
2022-08-02 15:17:35.752,14630,14631,14630,2,-2
2022-08-02 15:17:36.727,14630,14631,14630,2,-2
2022-08-02 15:17:40.196,14630,14631,14630,1,-1
2022-08-02 15:17:46.068,14630,14631,14630,1,-1
2022-08-02 15:17:48.462,14629,14630,14629,1,-1
2022-08-02 15:17:49.565,14629,14630,14630,2,2
2022-08-02 15:17:49.607,14629,14630,14630,1,1
2022-08-02 15:17:50.147,14630,14631,14630,3,-3
2022-08-02 15:17:50.437,14630,14631,14630,1,-1
2022-08-02 15:17:50.727,14630,14631,14630,2,-2
2022-08-02 15:17:57.409,14629,14630,14630,1,1
2022-08-02 15:17:57.702,14630,14631,14630,1,-1
2022-08-02 15:18:00.124,14629,14630,14630,2,2
2022-08-02 15:18:06.078,14629,14630,14630,1,1
2022-08-02 15:18:06.669,14629,14630,14629,1,-1
2022-08-02 15:18:06.822,14629,14630,14629,2,-2
2022-08-02 15:18:06.914,14629,14630,14629,1,-1
2022-08-02 15:18:06.914,14629,14630,14629,1,-1
2022-08-02 15:18:06.982,14629,14630,14629,2,-2
2022-08-02 15:18:07.459,14628,14630,14630,1,1
2022-08-02 15:18:07.744,14629,14631,14629,1,-1
2022-08-02 15:18:07.744,14629,14631,14629,2,-2
2022-08-02 15:18:09.381,14629,14630,14629,1,-1
2022-08-02 15:18:10.992,14629,14631,14629,1,-1
2022-08-02 15:18:10.992,14629,14631,14629,2,-2
2022-08-02 15:18:14.450,14630,14631,14630,2,-2
2022-08-02 15:18:17.305,14630,14631,14631,6,6
2022-08-02 15:18:19.087,14631,14632,14631,1,-1
2022-08-02 15:18:19.557,14631,14632,14631,2,-2
2022-08-02 15:18:23.558,14631,14632,14632,1,1
2022-08-02 15:18:27.295,14630,14631,14630,1,-1
2022-08-02 15:18:27.521,14630,14631,14630,1,-1
2022-08-02 15:18:29.329,14629,14630,14630,1,1
2022-08-02 15:18:32.528,14629,14630,14630,1,1
2022-08-02 15:18:32.528,14629,14630,14630,1,1
2022-08-02 15:18:32.687,14630,14632,14630,1,-1
2022-08-02 15:18:36.431,14630,14631,14630,1,-1
2022-08-02 15:18:43.023,14629,14630,14630,1,1
2022-08-02 15:18:43.242,14629,14630,14630,2,2
2022-08-02 15:18:45.306,14629,14631,14629,5,-5
2022-08-02 15:18:47.735,14629,14630,14630,1,1
2022-08-02 15:18:53.154,14630,14631,14631,7,7
2022-08-02 15:18:55.720,14631,14632,14630,1,-1
2022-08-02 15:18:59.649,14631,14632,14631,1,-1
2022-08-02 15:19:07.469,14631,14632,14632,1,1
2022-08-02 15:19:07.469,14631,14632,14633,2,2
2022-08-02 15:19:10.101,14631,14633,14631,1,-1
2022-08-02 15:19:13.949,14631,14633,14631,1,-1
2022-08-02 15:19:21.141,14631,14633,14633,3,3
2022-08-02 15:19:24.691,14631,14633,14633,1,1
2022-08-02 15:19:29.667,14633,14634,14634,1,1
2022-08-02 15:19:35.524,14633,14634,14634,1,1
2022-08-02 15:19:36.318,14633,14634,14634,1,1
2022-08-02 15:19:36.319,14633,14634,14634,3,3
2022-08-02 15:19:39.176,14633,14634,14634,4,4
2022-08-02 15:19:39.851,14633,14634,14634,1,1
2022-08-02 15:19:39.900,14633,14634,14634,1,1
2022-08-02 15:19:47.345,14633,14634,14634,1,1
2022-08-02 15:19:49.501,14634,14635,14635,3,3
2022-08-02 15:19:49.502,14634,14635,14635,4,4
2022-08-02 15:19:53.431,14635,14636,14636,5,5
2022-08-02 15:19:56.997,14635,14636,14636,1,1
2022-08-02 15:19:57.108,14635,14636,14636,1,1
2022-08-02 15:19:57.108,14635,14636,14637,2,2
2022-08-02 15:20:00.392,14635,14636,14635,1,-1
2022-08-02 15:20:00.700,14633,14635,14635,2,2
2022-08-02 15:20:01.547,14634,14636,14635,1,1
2022-08-02 15:20:05.892,14633,14634,14633,1,-1
2022-08-02 15:20:08.985,14632,14634,14632,1,-1
2022-08-02 15:20:13.035,14631,14632,14631,3,-3
2022-08-02 15:20:16.536,14631,14632,14632,1,1
2022-08-02 15:20:17.904,14631,14633,14631,5,-5
2022-08-02 15:20:18.956,14631,14632,14632,1,1
2022-08-02 15:20:19.817,14631,14632,14631,1,-1
2022-08-02 15:20:24.550,14630,14631,14630,1,-1
2022-08-02 15:20:26.341,14630,14632,14632,2,2
2022-08-02 15:20:36.400,14631,14632,14631,1,-1
2022-08-02 15:20:47.657,14631,14632,14631,1,-1
2022-08-02 15:20:48.500,14631,14632,14632,1,1
2022-08-02 15:20:48.500,14631,14632,14632,2,2
2022-08-02 15:20:52.827,14631,14633,14633,3,3
2022-08-02 15:21:03.874,14631,14633,14631,2,-2
2022-08-02 15:21:15.716,14631,14634,14631,1,-1
2022-08-02 15:21:18.900,14633,14634,14634,10,10
2022-08-02 15:21:19.484,14634,14635,14634,1,-1
2022-08-02 15:21:29.977,14632,14634,14634,1,1
2022-08-02 15:21:35.103,14632,14633,14632,1,-1
2022-08-02 15:21:42.883,14631,14632,14631,5,-5
2022-08-02 15:21:43.890,14630,14632,14632,2,2
2022-08-02 15:21:44.672,14630,14632,14631,1,1
2022-08-02 15:21:47.163,14631,14632,14631,1,-1
2022-08-02 15:21:47.163,14631,14632,14630,1,-1
2022-08-02 15:21:48.218,14631,14633,14631,1,-1
2022-08-02 15:21:51.351,14631,14633,14633,2,2
2022-08-02 15:22:01.843,14631,14633,14631,1,-1
2022-08-02 15:22:01.843,14631,14633,14631,3,-3
2022-08-02 15:22:02.535,14630,14631,14631,1,1
2022-08-02 15:22:06.836,14630,14632,14630,28,-28
2022-08-02 15:22:06.837,14630,14632,14629,1,-1
2022-08-02 15:22:11.716,14629,14630,14629,1,-1
2022-08-02 15:22:13.468,14629,14630,14629,1,-1
2022-08-02 15:22:15.240,14629,14631,14629,1,-1
2022-08-02 15:22:18.641,14629,14630,14629,1,-1
2022-08-02 15:22:19.586,14628,14629,14629,1,1
2022-08-02 15:22:29.406,14628,14630,14628,1,-1
2022-08-02 15:22:29.422,14628,14630,14628,1,-1
2022-08-02 15:22:29.446,14628,14630,14628,1,-1
2022-08-02 15:22:29.506,14628,14630,14628,1,-1
2022-08-02 15:22:43.165,14628,14630,14628,1,-1
2022-08-02 15:22:45.525,14628,14630,14628,1,-1
2022-08-02 15:22:48.382,14629,14630,14630,10,10
2022-08-02 15:22:51.110,14630,14632,14631,1,1
2022-08-02 15:22:51.110,14630,14632,14632,1,1
2022-08-02 15:22:53.899,14631,14632,14632,1,1
2022-08-02 15:22:53.899,14631,14632,14632,1,1
2022-08-02 15:22:53.900,14631,14632,14632,1,1
2022-08-02 15:22:55.077,14632,14633,14633,1,1
2022-08-02 15:22:55.077,14632,14633,14633,1,1
2022-08-02 15:22:58.024,14633,14635,14635,2,2
2022-08-02 15:23:00.241,14633,14635,14635,5,5
2022-08-02 15:23:02.014,14633,14634,14634,2,2
2022-08-02 15:23:04.007,14635,14636,14635,2,-2
2022-08-02 15:23:04.053,14635,14636,14636,3,3
2022-08-02 15:23:04.861,14635,14636,14636,1,1
2022-08-02 15:23:04.861,14635,14636,14636,1,1
2022-08-02 15:23:04.862,14635,14636,14636,4,4
2022-08-02 15:23:04.919,14635,14636,14637,2,2
2022-08-02 15:23:10.178,14635,14637,14635,1,-1
2022-08-02 15:23:13.158,14636,14637,14636,1,-1
2022-08-02 15:23:13.964,14636,14637,14636,1,-1
2022-08-02 15:23:16.699,14636,14637,14636,1,-1
2022-08-02 15:23:18.565,14636,14637,14637,5,5
2022-08-02 15:23:19.697,14636,14638,14637,2,2
2022-08-02 15:23:20.143,14636,14638,14636,1,-1
2022-08-02 15:23:24.830,14636,14637,14637,1,1
2022-08-02 15:23:24.830,14636,14637,14638,1,1
2022-08-02 15:23:27.542,14636,14637,14636,1,-1
2022-08-02 15:23:34.282,14636,14637,14637,1,1
2022-08-02 15:23:34.675,14636,14637,14637,1,1
2022-08-02 15:23:36.302,14636,14637,14637,1,1
2022-08-02 15:23:36.384,14636,14637,14637,1,1
2022-08-02 15:23:36.384,14636,14637,14637,1,1
2022-08-02 15:23:47.930,14636,14637,14636,1,-1
2022-08-02 15:23:48.092,14636,14637,14636,1,-1
2022-08-02 15:23:48.092,14636,14637,14636,1,-1
2022-08-02 15:23:48.657,14635,14636,14635,1,-1
2022-08-02 15:23:53.189,14635,14636,14636,1,1
2022-08-02 15:23:55.544,14636,14637,14637,1,1
2022-08-02 15:23:55.544,14636,14637,14637,2,2
2022-08-02 15:23:58.998,14637,14638,14637,1,-1
2022-08-02 15:23:58.998,14637,14638,14636,1,-1
2022-08-02 15:24:02.801,14637,14638,14637,1,-1
2022-08-02 15:24:03.081,14635,14637,14637,1,1
2022-08-02 15:24:07.739,14636,14637,14637,4,4
2022-08-02 15:24:19.993,14636,14637,14637,5,5
2022-08-02 15:24:22.129,14637,14638,14637,1,-1
2022-08-02 15:24:22.240,14637,14638,14637,1,-1
2022-08-02 15:24:22.251,14637,14638,14638,1,1
2022-08-02 15:24:22.251,14637,14638,14638,7,7
2022-08-02 15:24:33.499,14637,14638,14638,2,2
2022-08-02 15:24:33.499,14637,14638,14638,3,3
2022-08-02 15:24:37.368,14638,14639,14638,1,-1
2022-08-02 15:24:44.141,14638,14639,14638,2,-2
2022-08-02 15:24:45.765,14636,14638,14638,1,1
2022-08-02 15:24:46.042,14636,14638,14638,1,1
2022-08-02 15:24:47.235,14636,14638,14638,6,6
2022-08-02 15:24:47.236,14636,14638,14638,1,1
2022-08-02 15:24:51.913,14637,14638,14637,1,-1
2022-08-02 15:24:57.576,14637,14638,14638,1,1
2022-08-02 15:25:03.033,14638,14639,14639,3,3
2022-08-02 15:25:03.034,14638,14639,14639,1,1
2022-08-02 15:25:03.034,14638,14639,14639,7,7
2022-08-02 15:25:09.571,14639,14640,14639,1,-1
2022-08-02 15:25:11.162,14639,14640,14640,5,5
2022-08-02 15:25:16.232,14639,14640,14639,2,-2
2022-08-02 15:25:16.233,14639,14640,14639,1,-1
2022-08-02 15:25:18.089,14639,14640,14639,1,-1
2022-08-02 15:25:30.597,14639,14640,14639,4,-4
2022-08-02 15:25:30.597,14639,14640,14639,1,-1
2022-08-02 15:25:32.475,14638,14639,14639,1,1
2022-08-02 15:25:38.848,14638,14639,14638,1,-1
2022-08-02 15:25:38.949,14638,14639,14639,1,1
2022-08-02 15:26:03.523,14638,14639,14638,1,-1
2022-08-02 15:26:03.523,14638,14639,14638,1,-1
2022-08-02 15:26:03.523,14638,14639,14638,3,-3
2022-08-02 15:26:08.536,14637,14638,14638,1,1
2022-08-02 15:26:15.220,14638,14639,14639,1,1
2022-08-02 15:26:25.148,14639,14640,14640,1,1
2022-08-02 15:26:25.148,14639,14640,14640,1,1
2022-08-02 15:26:25.148,14639,14640,14640,1,1
2022-08-02 15:26:25.148,14639,14640,14640,1,1
2022-08-02 15:26:25.148,14639,14640,14640,4,4
2022-08-02 15:26:26.371,14640,14641,14640,1,-1
2022-08-02 15:26:26.876,14639,14641,14641,2,2
2022-08-02 15:26:31.240,14639,14640,14639,1,-1
2022-08-02 15:26:31.364,14638,14640,14640,1,1
2022-08-02 15:26:31.853,14638,14640,14640,1,1
2022-08-02 15:26:59.445,14638,14640,14640,1,1
2022-08-02 15:27:05.007,14638,14639,14638,2,-2
2022-08-02 15:27:16.618,14637,14638,14638,1,1
2022-08-02 15:27:25.970,14637,14638,14637,4,-4
2022-08-02 15:27:25.970,14637,14638,14636,12,-12
2022-08-02 15:27:25.970,14637,14638,14635,4,-4
2022-08-02 15:27:32.371,14635,14636,14635,1,-1
2022-08-02 15:27:32.372,14635,14636,14635,1,-1
2022-08-02 15:27:32.372,14635,14636,14635,1,-1
2022-08-02 15:27:32.372,14635,14636,14635,1,-1
2022-08-02 15:27:32.372,14635,14636,14635,1,-1
2022-08-02 15:27:34.232,14635,14636,14635,2,-2
2022-08-02 15:27:37.567,14635,14636,14635,1,-1
2022-08-02 15:27:39.365,14635,14636,14635,4,-4
2022-08-02 15:27:50.181,14634,14635,14635,1,1
2022-08-02 15:27:52.373,14634,14635,14635,3,3
2022-08-02 15:27:59.002,14635,14636,14635,5,-5
2022-08-02 15:27:59.926,14635,14636,14635,2,-2
2022-08-02 15:28:03.122,14634,14635,14635,1,1
2022-08-02 15:28:03.122,14634,14635,14635,2,2
2022-08-02 15:28:03.478,14635,14636,14636,1,1
2022-08-02 15:28:03.479,14635,14636,14636,1,1
2022-08-02 15:28:03.479,14635,14636,14636,9,9
2022-08-02 15:28:04.805,14636,14637,14637,1,1
2022-08-02 15:28:06.966,14636,14637,14636,5,-5
2022-08-02 15:28:10.565,14636,14637,14636,1,-1
2022-08-02 15:28:12.351,14635,14636,14636,1,1
2022-08-02 15:28:29.532,14635,14636,14636,3,3
2022-08-02 15:28:32.180,14635,14636,14636,1,1
2022-08-02 15:28:33.035,14636,14637,14637,1,1
2022-08-02 15:28:33.222,14636,14637,14636,3,-3
2022-08-02 15:28:33.222,14636,14637,14636,1,-1
2022-08-02 15:28:34.356,14636,14637,14637,10,10
2022-08-02 15:28:34.414,14637,14638,14638,1,1
2022-08-02 15:28:39.464,14637,14638,14638,1,1
2022-08-02 15:28:53.013,14637,14638,14637,1,-1
2022-08-02 15:29:20.185,14637,14638,14638,1,1
2022-08-02 15:29:27.963,14637,14638,14638,1,1
2022-08-02 15:29:28.430,14637,14638,14638,6,6
2022-08-02 15:29:32.149,14637,14638,14637,1,-1
2022-08-02 15:29:32.150,14637,14638,14637,1,-1
2022-08-02 15:29:37.550,14637,14638,14638,1,1
2022-08-02 15:29:40.927,14637,14638,14637,1,-1
2022-08-02 15:29:43.274,14636,14637,14637,1,1
2022-08-02 15:29:50.393,14636,14637,14637,1,1
2022-08-02 15:30:00.191,14636,14637,14637,1,1
2022-08-02 15:30:00.258,14636,14638,14636,1,-1
2022-08-02 15:30:00.258,14636,14638,14636,1,-1
2022-08-02 15:30:00.258,14636,14638,14636,1,-1
2022-08-02 15:30:00.678,14636,14637,14637,1,1
2022-08-02 15:30:01.025,14636,14638,14638,1,1
2022-08-02 15:30:01.089,14636,14638,14638,1,1
2022-08-02 15:30:01.100,14636,14638,14638,1,1
2022-08-02 15:30:01.114,14636,14638,14636,1,-1
2022-08-02 15:30:02.409,14637,14638,14637,1,-1
2022-08-02 15:30:22.205,14635,14636,14635,3,-3
2022-08-02 15:30:36.340,14635,14636,14635,1,-1
2022-08-02 15:30:52.452,14635,14637,14637,6,6
2022-08-02 15:31:06.635,14635,14636,14636,1,1
2022-08-02 15:31:06.740,14635,14636,14636,1,1
2022-08-02 15:31:06.740,14635,14636,14635,1,-1
2022-08-02 15:31:06.741,14635,14636,14637,1,1
2022-08-02 15:31:19.653,14636,14638,14638,1,1
2022-08-02 15:31:19.740,14636,14638,14638,1,1
2022-08-02 15:31:27.035,14637,14638,14638,1,1
2022-08-02 15:31:39.955,14635,14636,14635,7,-7
2022-08-02 15:31:46.365,14634,14636,14636,1,1
2022-08-02 15:31:50.803,14634,14635,14634,1,-1
2022-08-02 15:31:50.803,14634,14635,14634,3,-3
2022-08-02 15:31:58.479,14634,14635,14635,1,1
2022-08-02 15:31:58.926,14634,14635,14634,1,-1
2022-08-02 15:32:02.733,14633,14634,14633,3,-3
2022-08-02 15:32:04.253,14632,14633,14632,2,-2
2022-08-02 15:32:04.640,14631,14633,14631,2,-2
2022-08-02 15:32:04.742,14631,14633,14631,1,-1
2022-08-02 15:32:04.835,14631,14633,14632,1,-1
2022-08-02 15:32:04.843,14631,14633,14631,1,-1
2022-08-02 15:32:04.843,14631,14633,14631,4,-4
2022-08-02 15:32:04.953,14631,14632,14631,1,-1
2022-08-02 15:32:04.953,14631,14632,14631,1,-1
2022-08-02 15:32:09.460,14631,14633,14631,1,-1
2022-08-02 15:32:11.756,14630,14632,14630,1,-1
2022-08-02 15:32:14.265,14630,14631,14631,1,1
2022-08-02 15:32:16.840,14631,14632,14631,1,-1
2022-08-02 15:32:22.273,14630,14631,14631,1,1
2022-08-02 15:32:23.364,14631,14632,14632,5,5
2022-08-02 15:32:23.370,14631,14632,14632,3,3
2022-08-02 15:32:26.993,14632,14635,14632,2,-2
2022-08-02 15:32:35.723,14631,14632,14632,1,1
2022-08-02 15:32:38.190,14632,14633,14632,1,-1
2022-08-02 15:32:50.146,14631,14633,14631,2,-2
2022-08-02 15:32:51.884,14630,14631,14630,10,-10
2022-08-02 15:32:52.708,14629,14631,14629,5,-5
2022-08-02 15:32:54.032,14629,14631,14629,1,-1
2022-08-02 15:32:54.032,14629,14631,14629,2,-2
2022-08-02 15:32:54.322,14629,14631,14629,1,-1
2022-08-02 15:32:55.388,14629,14630,14629,1,-1
2022-08-02 15:32:55.388,14629,14630,14629,2,-2
2022-08-02 15:32:58.129,14629,14630,14629,1,-1
2022-08-02 15:32:58.424,14629,14630,14629,1,-1
2022-08-02 15:32:58.922,14628,14630,14630,1,1
2022-08-02 15:33:00.683,14629,14630,14629,1,-1
2022-08-02 15:33:07.865,14628,14630,14628,1,-1
2022-08-02 15:33:08.579,14628,14630,14630,1,1
2022-08-02 15:33:16.281,14629,14630,14629,1,-1
2022-08-02 15:33:16.674,14629,14630,14629,1,-1
2022-08-02 15:33:17.224,14629,14630,14629,1,-1
2022-08-02 15:33:18.465,14629,14630,14630,1,1
2022-08-02 15:33:20.055,14630,14632,14630,1,-1
2022-08-02 15:33:20.190,14630,14632,14630,1,-1
2022-08-02 15:33:20.190,14630,14632,14630,2,-2
2022-08-02 15:33:27.087,14630,14632,14630,1,-1
2022-08-02 15:33:27.377,14630,14632,14630,1,-1
2022-08-02 15:33:27.589,14630,14632,14630,2,-2
2022-08-02 15:33:30.377,14630,14631,14630,2,-2
2022-08-02 15:33:33.681,14630,14632,14630,3,-3
2022-08-02 15:33:33.681,14630,14632,14629,3,-3
2022-08-02 15:33:33.911,14629,14631,14630,2,-2
2022-08-02 15:33:36.697,14630,14632,14630,2,-2
2022-08-02 15:33:40.611,14630,14631,14631,1,1
2022-08-02 15:33:40.759,14631,14633,14631,1,-1
2022-08-02 15:33:40.759,14631,14633,14631,1,-1
2022-08-02 15:33:40.880,14630,14631,14630,1,-1
2022-08-02 15:33:43.906,14630,14631,14631,1,1
2022-08-02 15:33:43.906,14630,14631,14631,1,1
2022-08-02 15:33:45.417,14631,14632,14632,1,1
2022-08-02 15:33:50.958,14633,14634,14634,1,1
2022-08-02 15:33:50.958,14633,14634,14634,1,1
2022-08-02 15:33:51.510,14633,14635,14635,2,2
2022-08-02 15:34:07.088,14632,14633,14633,1,1
2022-08-02 15:34:07.736,14632,14634,14632,1,-1
2022-08-02 15:34:14.928,14633,14634,14634,1,1
2022-08-02 15:34:20.188,14633,14634,14634,1,1
2022-08-02 15:34:28.723,14633,14634,14633,1,-1
2022-08-02 15:34:31.473,14633,14634,14633,2,-2
2022-08-02 15:34:36.584,14632,14633,14633,1,1
2022-08-02 15:34:40.192,14632,14633,14633,1,1
2022-08-02 15:34:42.144,14633,14634,14634,1,1
2022-08-02 15:34:42.144,14633,14634,14634,1,1
2022-08-02 15:34:43.128,14633,14635,14635,4,4
2022-08-02 15:34:43.128,14633,14635,14635,8,8
2022-08-02 15:34:44.014,14634,14636,14634,1,-1
2022-08-02 15:34:55.531,14635,14636,14636,1,1
2022-08-02 15:34:57.373,14635,14636,14636,1,1
2022-08-02 15:35:06.111,14636,14637,14636,1,-1
2022-08-02 15:35:06.111,14636,14637,14636,1,-1
2022-08-02 15:35:06.665,14635,14637,14637,5,5
2022-08-02 15:35:12.960,14636,14637,14637,1,1
2022-08-02 15:35:19.501,14636,14637,14637,1,1
2022-08-02 15:35:19.502,14636,14637,14637,1,1
2022-08-02 15:35:27.433,14637,14638,14637,1,-1
2022-08-02 15:35:30.113,14637,14638,14638,1,1
2022-08-02 15:35:35.350,14637,14638,14638,5,5
2022-08-02 15:35:37.118,14637,14638,14638,1,1
2022-08-02 15:35:40.182,14637,14638,14637,1,-1
2022-08-02 15:35:40.182,14637,14638,14637,1,-1
2022-08-02 15:35:40.182,14637,14638,14637,1,-1
2022-08-02 15:35:44.820,14636,14637,14636,1,-1
2022-08-02 15:35:50.879,14635,14636,14636,1,1
2022-08-02 15:36:18.145,14635,14636,14635,5,-5
2022-08-02 15:36:22.389,14632,14634,14634,1,1
2022-08-02 15:36:24.332,14632,14634,14634,1,1
2022-08-02 15:36:36.095,14632,14634,14632,1,-1
2022-08-02 15:36:36.417,14632,14633,14633,1,1
2022-08-02 15:36:51.502,14632,14633,14633,1,1
2022-08-02 15:36:51.899,14633,14634,14633,1,-1
2022-08-02 15:36:58.767,14633,14634,14634,1,1
2022-08-02 15:37:00.872,14634,14635,14635,2,2
2022-08-02 15:37:00.872,14634,14635,14635,1,1
2022-08-02 15:37:09.571,14634,14637,14634,1,-1
2022-08-02 15:37:13.556,14636,14637,14637,2,2
2022-08-02 15:37:13.561,14636,14637,14638,3,3
2022-08-02 15:37:13.561,14636,14637,14638,2,2
2022-08-02 15:37:13.819,14638,14639,14639,4,4
2022-08-02 15:37:19.075,14639,14640,14640,1,1
2022-08-02 15:37:19.136,14639,14640,14640,1,1
2022-08-02 15:37:24.684,14639,14640,14639,1,-1
2022-08-02 15:37:25.150,14639,14640,14639,1,-1
2022-08-02 15:37:29.036,14639,14640,14640,4,4
2022-08-02 15:37:39.965,14640,14641,14640,1,-1
2022-08-02 15:37:43.832,14640,14641,14640,1,-1
2022-08-02 15:37:45.589,14640,14641,14641,1,1
2022-08-02 15:37:45.589,14640,14641,14641,1,1
2022-08-02 15:37:45.589,14640,14641,14641,1,1
2022-08-02 15:37:45.589,14640,14641,14641,1,1
2022-08-02 15:37:45.590,14640,14641,14641,13,13
2022-08-02 15:37:47.875,14641,14642,14642,1,1
2022-08-02 15:37:49.280,14641,14642,14641,1,-1
2022-08-02 15:37:53.095,14640,14641,14640,1,-1
2022-08-02 15:37:53.095,14640,14641,14640,1,-1
2022-08-02 15:37:53.095,14640,14641,14640,2,-2
2022-08-02 15:37:53.095,14640,14641,14640,2,-2
2022-08-02 15:37:53.881,14639,14640,14640,1,1
2022-08-02 15:38:12.997,14639,14640,14640,1,1
2022-08-02 15:38:21.818,14639,14640,14639,2,-2
2022-08-02 15:38:33.529,14639,14640,14639,1,-1
2022-08-02 15:38:47.720,14638,14639,14639,5,5
2022-08-02 15:38:48.695,14639,14640,14639,2,-2
2022-08-02 15:39:04.727,14638,14639,14639,1,1
2022-08-02 15:39:17.082,14638,14639,14639,1,1
2022-08-02 15:39:17.083,14638,14639,14639,1,1
2022-08-02 15:39:20.239,14638,14639,14639,1,1
2022-08-02 15:39:21.508,14638,14639,14638,2,-2
2022-08-02 15:39:33.891,14637,14638,14638,1,1
2022-08-02 15:39:33.891,14637,14638,14638,1,1
2022-08-02 15:39:43.506,14638,14639,14639,2,2
2022-08-02 15:39:44.404,14638,14640,14638,1,-1
2022-08-02 15:39:55.588,14638,14640,14638,1,-1
2022-08-02 15:40:15.467,14637,14638,14638,1,1
2022-08-02 15:40:15.467,14637,14638,14638,1,1
2022-08-02 15:40:15.467,14637,14638,14638,1,1
2022-08-02 15:40:17.984,14638,14640,14638,5,-5
2022-08-02 15:40:22.672,14638,14640,14638,1,-1
2022-08-02 15:40:31.342,14639,14640,14640,6,6
2022-08-02 15:40:39.150,14639,14640,14639,7,-7
2022-08-02 15:40:47.452,14639,14640,14639,1,-1
2022-08-02 15:40:47.808,14639,14640,14639,1,-1
2022-08-02 15:40:50.014,14639,14640,14639,1,-1
2022-08-02 15:41:00.184,14639,14640,14640,4,4
2022-08-02 15:41:00.185,14639,14640,14640,2,2
2022-08-02 15:41:01.669,14639,14641,14641,1,1
2022-08-02 15:41:19.200,14639,14640,14640,1,1
2022-08-02 15:41:19.200,14639,14640,14641,2,2
2022-08-02 15:41:22.238,14639,14641,14641,2,2
2022-08-02 15:41:22.238,14639,14641,14642,11,11
2022-08-02 15:41:22.455,14640,14642,14642,1,1
2022-08-02 15:41:31.908,14640,14641,14640,3,-3
2022-08-02 15:41:34.713,14639,14641,14641,1,1
2022-08-02 15:41:36.728,14640,14641,14640,1,-1
2022-08-02 15:41:36.836,14639,14640,14640,1,1
2022-08-02 15:41:37.065,14639,14640,14640,1,1
2022-08-02 15:41:43.835,14639,14640,14639,9,-9
2022-08-02 15:41:46.360,14638,14639,14639,1,1
2022-08-02 15:41:54.417,14638,14639,14638,1,-1
2022-08-02 15:41:54.417,14638,14639,14638,1,-1
2022-08-02 15:41:54.417,14638,14639,14638,3,-3
2022-08-02 15:41:54.418,14638,14639,14638,1,-1
2022-08-02 15:41:54.434,14638,14639,14638,1,-1
2022-08-02 15:41:55.039,14638,14639,14638,1,-1
2022-08-02 15:41:55.345,14637,14639,14637,1,-1
2022-08-02 15:42:00.587,14637,14638,14637,1,-1
2022-08-02 15:42:00.847,14637,14638,14638,1,1
2022-08-02 15:42:00.859,14637,14638,14638,1,1
2022-08-02 15:42:01.053,14637,14638,14638,1,1
2022-08-02 15:42:06.304,14637,14638,14638,1,1
2022-08-02 15:42:06.791,14638,14639,14638,1,-1
2022-08-02 15:42:16.196,14638,14639,14638,1,-1
2022-08-02 15:42:20.350,14637,14639,14638,1,-1
2022-08-02 15:42:20.966,14638,14640,14638,1,-1
2022-08-02 15:42:40.188,14638,14639,14639,2,2
2022-08-02 15:42:42.049,14639,14640,14640,1,1
2022-08-02 15:42:48.136,14639,14640,14640,1,1
2022-08-02 15:42:48.819,14639,14640,14640,1,1
2022-08-02 15:42:53.672,14639,14640,14639,3,-3
2022-08-02 15:43:07.874,14638,14639,14638,1,-1
2022-08-02 15:43:32.512,14638,14640,14638,4,-4
2022-08-02 15:43:32.579,14638,14640,14638,1,-1
2022-08-02 15:43:33.675,14637,14638,14638,2,2
2022-08-02 15:43:36.188,14637,14638,14638,5,5
2022-08-02 15:43:41.017,14638,14639,14638,9,-9
2022-08-02 15:44:03.150,14637,14638,14638,1,1
2022-08-02 15:44:06.037,14637,14638,14638,3,3
2022-08-02 15:44:40.650,14637,14638,14638,2,2
2022-08-02 15:44:57.499,14637,14638,14637,1,-1
2022-08-02 15:44:57.499,14637,14638,14637,4,-4
2022-08-02 15:44:57.499,14637,14638,14637,1,-1
2022-08-02 15:44:57.499,14637,14638,14637,1,-1
2022-08-02 15:44:57.614,14636,14638,14638,1,1
2022-08-02 15:45:02.199,14636,14637,14637,1,1
2022-08-02 15:45:13.258,14637,14638,14638,10,10
2022-08-02 15:45:16.100,14638,14639,14639,1,1
2022-08-02 15:45:38.380,14639,14640,14640,1,1
2022-08-02 15:45:38.380,14639,14640,14640,1,1
2022-08-02 15:45:38.380,14639,14640,14640,1,1
2022-08-02 15:45:38.380,14639,14640,14640,1,1
2022-08-02 15:45:39.006,14639,14641,14641,4,4
2022-08-02 15:45:51.627,14638,14640,14640,1,1
2022-08-02 15:45:51.978,14638,14640,14640,1,1
2022-08-02 15:45:55.025,14639,14640,14639,2,-2
2022-08-02 15:45:55.116,14638,14640,14640,1,1
2022-08-02 15:45:56.544,14639,14641,14641,1,1
2022-08-02 15:45:56.604,14639,14641,14641,1,1
2022-08-02 15:45:57.627,14639,14641,14641,1,1
2022-08-02 15:45:57.796,14639,14641,14641,1,1
2022-08-02 15:46:03.170,14640,14641,14641,2,2
2022-08-02 15:46:03.987,14640,14641,14641,3,3
2022-08-02 15:46:04.487,14640,14641,14641,1,1
2022-08-02 15:46:04.615,14640,14641,14641,1,1
2022-08-02 15:46:11.904,14640,14641,14641,2,2
2022-08-02 15:46:13.979,14640,14642,14642,2,2
2022-08-02 15:46:13.993,14640,14642,14642,1,1
2022-08-02 15:46:16.617,14640,14641,14641,1,1
2022-08-02 15:46:16.617,14640,14641,14641,2,2
2022-08-02 15:46:16.922,14640,14642,14642,1,1
2022-08-02 15:46:19.635,14640,14641,14641,1,1
2022-08-02 15:46:21.021,14640,14642,14642,1,1
2022-08-02 15:46:21.114,14640,14642,14642,1,1
2022-08-02 15:46:21.114,14640,14642,14642,1,1
2022-08-02 15:46:21.114,14640,14642,14642,1,1
2022-08-02 15:46:21.114,14640,14642,14642,1,1
2022-08-02 15:46:21.114,14640,14642,14642,1,1
2022-08-02 15:46:22.050,14640,14641,14641,2,2
2022-08-02 15:46:23.027,14640,14642,14642,1,1
2022-08-02 15:46:34.602,14640,14641,14641,1,1
2022-08-02 15:46:38.104,14640,14641,14640,6,-6
2022-08-02 15:46:38.114,14639,14640,14640,1,1
2022-08-02 15:46:38.114,14639,14640,14640,1,1
2022-08-02 15:46:39.322,14639,14640,14640,1,1
2022-08-02 15:46:46.895,14640,14641,14641,3,3
2022-08-02 15:46:46.895,14640,14641,14641,1,1
2022-08-02 15:46:53.108,14641,14642,14642,1,1
2022-08-02 15:47:00.332,14641,14642,14642,1,1
2022-08-02 15:47:01.995,14641,14642,14642,2,2
2022-08-02 15:47:02.737,14641,14642,14642,1,1
2022-08-02 15:47:02.737,14641,14642,14642,1,1
2022-08-02 15:47:02.738,14641,14642,14642,1,1
2022-08-02 15:47:02.738,14641,14642,14642,2,2
2022-08-02 15:47:10.968,14642,14643,14642,1,-1
2022-08-02 15:47:12.465,14641,14642,14642,1,1
2022-08-02 15:47:13.844,14642,14643,14642,1,-1
2022-08-02 15:47:14.134,14641,14642,14642,4,4
2022-08-02 15:47:14.817,14641,14642,14642,1,1
2022-08-02 15:47:14.827,14641,14642,14642,1,1
2022-08-02 15:47:22.171,14641,14642,14642,1,1
2022-08-02 15:47:24.884,14641,14642,14642,2,2
2022-08-02 15:47:29.679,14642,14643,14642,1,-1
2022-08-02 15:47:31.457,14642,14643,14642,1,-1
2022-08-02 15:47:38.630,14642,14643,14643,10,10
2022-08-02 15:47:45.280,14643,14644,14643,1,-1
2022-08-02 15:47:46.948,14643,14644,14644,1,1
2022-08-02 15:47:46.949,14643,14644,14644,4,4
2022-08-02 15:47:46.949,14643,14644,14644,14,14
2022-08-02 15:47:50.154,14644,14645,14645,20,20
2022-08-02 15:47:50.154,14644,14645,14645,1,1
2022-08-02 15:47:50.154,14644,14645,14645,1,1
2022-08-02 15:47:50.155,14644,14645,14645,4,4
2022-08-02 15:47:50.155,14644,14645,14645,1,1
2022-08-02 15:47:50.155,14644,14645,14645,3,3
2022-08-02 15:47:50.379,14644,14646,14646,1,1
2022-08-02 15:47:50.592,14644,14646,14646,1,1
2022-08-02 15:47:50.838,14645,14646,14646,4,4
2022-08-02 15:47:53.620,14645,14647,14647,1,1
2022-08-02 15:47:56.488,14645,14646,14646,1,1
2022-08-02 15:48:03.601,14645,14646,14646,1,1
2022-08-02 15:48:03.608,14645,14646,14646,1,1
2022-08-02 15:48:03.615,14645,14647,14647,1,1
2022-08-02 15:48:03.615,14645,14647,14647,1,1
2022-08-02 15:48:03.615,14645,14647,14647,1,1
2022-08-02 15:48:03.615,14645,14647,14647,1,1
2022-08-02 15:48:03.616,14645,14647,14647,1,1
2022-08-02 15:48:03.616,14645,14647,14647,1,1
2022-08-02 15:48:04.158,14646,14647,14647,1,1
2022-08-02 15:48:05.785,14646,14647,14647,3,3
2022-08-02 15:48:06.259,14646,14647,14647,1,1
2022-08-02 15:48:06.591,14646,14647,14646,1,-1
2022-08-02 15:48:09.190,14646,14647,14647,2,2
2022-08-02 15:48:09.239,14646,14647,14647,1,1
2022-08-02 15:48:09.240,14646,14647,14647,1,1
2022-08-02 15:48:09.244,14646,14647,14648,1,1
2022-08-02 15:48:15.351,14647,14648,14648,1,1
2022-08-02 15:48:17.557,14647,14648,14648,2,2
2022-08-02 15:48:17.816,14647,14648,14648,2,2
2022-08-02 15:48:18.161,14647,14648,14648,12,12
2022-08-02 15:48:18.239,14648,14649,14649,1,1
2022-08-02 15:48:18.240,14648,14649,14649,1,1
2022-08-02 15:48:18.292,14648,14649,14649,1,1
2022-08-02 15:48:18.988,14648,14649,14649,1,1
2022-08-02 15:48:19.024,14648,14649,14649,1,1
2022-08-02 15:48:20.186,14648,14649,14649,2,2
2022-08-02 15:48:20.979,14648,14649,14649,2,2
2022-08-02 15:48:21.187,14648,14649,14649,2,2
2022-08-02 15:48:22.634,14649,14650,14649,2,-2
2022-08-02 15:48:23.089,14649,14650,14649,1,-1
2022-08-02 15:48:25.317,14649,14650,14650,3,3
2022-08-02 15:48:25.545,14649,14650,14650,1,1
2022-08-02 15:48:25.894,14649,14650,14650,1,1
2022-08-02 15:48:27.050,14649,14650,14649,1,-1
2022-08-02 15:48:27.234,14649,14650,14650,2,2
2022-08-02 15:48:28.140,14649,14650,14650,1,1
2022-08-02 15:48:28.239,14649,14650,14650,1,1
2022-08-02 15:48:28.239,14649,14650,14650,19,19
2022-08-02 15:48:31.389,14650,14651,14650,1,-1
2022-08-02 15:48:31.462,14650,14651,14650,2,-2
2022-08-02 15:48:32.998,14650,14651,14651,1,1
2022-08-02 15:48:35.536,14650,14651,14651,1,1
2022-08-02 15:48:36.333,14650,14651,14651,1,1
2022-08-02 15:48:36.364,14650,14651,14651,1,1
2022-08-02 15:48:36.368,14650,14651,14651,1,1
2022-08-02 15:48:36.588,14650,14651,14651,1,1
2022-08-02 15:48:36.700,14650,14651,14651,1,1
2022-08-02 15:48:37.138,14650,14651,14651,1,1
2022-08-02 15:48:37.138,14650,14651,14651,2,2
2022-08-02 15:48:38.301,14650,14652,14650,5,-5
2022-08-02 15:48:39.874,14649,14651,14651,3,3
2022-08-02 15:48:39.877,14649,14651,14651,1,1
2022-08-02 15:48:39.892,14649,14651,14650,2,2
2022-08-02 15:48:41.580,14650,14651,14650,1,-1
2022-08-02 15:48:41.784,14650,14651,14651,2,2
2022-08-02 15:48:42.241,14650,14651,14651,1,1
2022-08-02 15:48:42.347,14650,14651,14650,1,-1
2022-08-02 15:48:44.232,14650,14651,14651,3,3
2022-08-02 15:48:44.233,14650,14651,14651,1,1
2022-08-02 15:48:44.249,14651,14652,14652,2,2
2022-08-02 15:48:44.249,14651,14652,14652,9,9
2022-08-02 15:48:44.249,14651,14652,14652,10,10
2022-08-02 15:48:45.707,14652,14653,14653,1,1
2022-08-02 15:48:45.840,14652,14653,14653,1,1
2022-08-02 15:48:45.841,14652,14653,14653,5,5
2022-08-02 15:48:46.233,14653,14654,14654,1,1
2022-08-02 15:48:46.272,14653,14654,14654,1,1
2022-08-02 15:48:46.335,14653,14654,14654,1,1
2022-08-02 15:48:46.336,14653,14654,14654,9,9
2022-08-02 15:48:47.240,14652,14654,14654,1,1
2022-08-02 15:48:51.699,14651,14652,14652,1,1
2022-08-02 15:48:51.830,14651,14653,14653,1,1
2022-08-02 15:48:52.696,14651,14653,14653,1,1
2022-08-02 15:48:53.151,14652,14653,14653,5,5
2022-08-02 15:48:53.151,14652,14653,14654,14,14
2022-08-02 15:48:53.151,14652,14653,14655,24,24
2022-08-02 15:48:53.151,14652,14653,14656,15,15
2022-08-02 15:48:53.151,14652,14653,14657,2,2
2022-08-02 15:48:53.155,14652,14653,14655,1,1
2022-08-02 15:48:53.155,14652,14653,14655,1,1
2022-08-02 15:48:53.156,14652,14653,14655,1,1
2022-08-02 15:48:53.156,14652,14653,14655,1,1
2022-08-02 15:48:53.157,14652,14653,14655,2,2
2022-08-02 15:48:53.280,14654,14655,14655,1,1
2022-08-02 15:48:53.372,14654,14655,14655,1,1
2022-08-02 15:48:53.382,14654,14655,14655,1,1
2022-08-02 15:48:53.414,14654,14655,14656,1,1
2022-08-02 15:48:53.415,14654,14655,14656,2,2
2022-08-02 15:48:53.434,14654,14655,14656,1,1
2022-08-02 15:48:53.435,14654,14655,14656,1,1
2022-08-02 15:48:53.517,14654,14656,14654,1,-1
2022-08-02 15:48:53.538,14654,14656,14655,1,-1
2022-08-02 15:48:53.551,14654,14656,14655,1,-1
2022-08-02 15:48:53.552,14654,14656,14655,1,-1
2022-08-02 15:48:53.553,14654,14656,14656,1,1
2022-08-02 15:48:53.553,14654,14656,14656,1,1
2022-08-02 15:48:53.559,14654,14656,14656,1,1
2022-08-02 15:48:53.710,14655,14656,14656,1,1
2022-08-02 15:48:53.731,14655,14656,14657,1,1
2022-08-02 15:48:54.133,14655,14656,14656,1,1
2022-08-02 15:48:54.165,14655,14656,14656,1,1
2022-08-02 15:48:54.216,14655,14656,14656,1,1
2022-08-02 15:48:54.249,14655,14656,14656,1,1
2022-08-02 15:48:54.315,14655,14656,14656,1,1
2022-08-02 15:48:54.315,14655,14656,14657,5,5
2022-08-02 15:48:54.315,14655,14656,14656,1,1
2022-08-02 15:48:54.691,14655,14656,14655,1,-1
2022-08-02 15:48:54.691,14655,14656,14655,4,-4
2022-08-02 15:48:55.702,14654,14655,14654,1,-1
2022-08-02 15:48:59.045,14654,14656,14655,1,-1
2022-08-02 15:49:01.080,14655,14656,14655,1,-1
2022-08-02 15:49:01.115,14654,14655,14655,1,1
2022-08-02 15:49:01.115,14654,14655,14656,3,3
2022-08-02 15:49:01.115,14654,14655,14656,2,2
2022-08-02 15:49:01.116,14654,14655,14656,2,2
2022-08-02 15:49:01.116,14654,14655,14656,1,1
2022-08-02 15:49:01.116,14654,14655,14656,2,2
2022-08-02 15:49:01.116,14654,14655,14657,2,2
2022-08-02 15:49:02.311,14656,14657,14657,2,2
2022-08-02 15:49:02.312,14656,14657,14657,1,1
2022-08-02 15:49:02.364,14657,14658,14658,1,1
2022-08-02 15:49:02.365,14657,14658,14658,1,1
2022-08-02 15:49:02.366,14657,14658,14658,9,9
2022-08-02 15:49:02.549,14658,14659,14659,5,5
2022-08-02 15:49:02.549,14658,14659,14659,3,3
2022-08-02 15:49:02.563,14658,14659,14660,5,5
2022-08-02 15:49:02.577,14658,14659,14660,5,5
2022-08-02 15:49:02.589,14658,14659,14660,5,5
2022-08-02 15:49:02.589,14658,14659,14660,11,11
2022-08-02 15:49:02.590,14658,14659,14660,4,4
2022-08-02 15:49:02.590,14658,14659,14660,2,2
2022-08-02 15:49:02.590,14658,14659,14660,3,3
2022-08-02 15:49:02.590,14658,14659,14660,1,1
2022-08-02 15:49:02.590,14658,14659,14660,2,2
2022-08-02 15:49:02.590,14658,14659,14660,11,11
2022-08-02 15:49:02.590,14658,14659,14660,1,1
2022-08-02 15:49:02.590,14658,14659,14660,1,1
2022-08-02 15:49:02.590,14658,14659,14660,1,1
2022-08-02 15:49:02.591,14658,14659,14660,1,1
2022-08-02 15:49:02.604,14658,14659,14661,5,5
2022-08-02 15:49:02.604,14658,14659,14661,2,2
2022-08-02 15:49:02.639,14660,14662,14662,1,1
2022-08-02 15:49:02.657,14660,14662,14662,1,1
2022-08-02 15:49:02.680,14660,14662,14662,1,1
2022-08-02 15:49:02.680,14660,14662,14662,1,1
2022-08-02 15:49:02.727,14660,14662,14662,1,1
2022-08-02 15:49:02.735,14660,14662,14662,1,1
2022-08-02 15:49:02.842,14661,14662,14660,2,-2
2022-08-02 15:49:02.919,14659,14660,14659,4,-4
2022-08-02 15:49:02.919,14659,14660,14660,1,1
2022-08-02 15:49:02.934,14659,14660,14660,5,5
2022-08-02 15:49:02.935,14659,14660,14659,1,-1
2022-08-02 15:49:02.940,14659,14660,14661,1,1
2022-08-02 15:49:02.963,14659,14660,14661,5,5
2022-08-02 15:49:02.964,14659,14660,14660,1,1
2022-08-02 15:49:02.977,14659,14660,14661,4,4
2022-08-02 15:49:02.977,14659,14660,14662,1,1
2022-08-02 15:49:02.978,14659,14660,14660,2,2
2022-08-02 15:49:03.003,14659,14661,14659,2,-2
2022-08-02 15:49:03.006,14659,14661,14659,1,-1
2022-08-02 15:49:03.032,14659,14661,14660,3,-3
2022-08-02 15:49:03.032,14659,14661,14661,2,2
2022-08-02 15:49:03.262,14659,14660,14660,2,2
2022-08-02 15:49:03.422,14658,14660,14659,1,1
2022-08-02 15:49:03.446,14658,14660,14658,4,-4
2022-08-02 15:49:03.592,14658,14660,14659,1,-1
2022-08-02 15:49:04.071,14658,14660,14658,1,-1
2022-08-02 15:49:04.529,14658,14660,14660,1,1
2022-08-02 15:49:04.957,14658,14660,14658,1,-1
2022-08-02 15:49:05.504,14658,14660,14658,4,-4
2022-08-02 15:49:05.593,14658,14660,14659,1,-1
2022-08-02 15:49:05.652,14658,14660,14660,1,1
2022-08-02 15:49:05.682,14658,14660,14659,6,6
2022-08-02 15:49:05.824,14658,14660,14659,1,1
2022-08-02 15:49:05.835,14658,14660,14659,1,1
2022-08-02 15:49:06.376,14659,14660,14660,1,1
2022-08-02 15:49:06.507,14659,14660,14660,1,1
2022-08-02 15:49:07.548,14659,14660,14660,1,1
2022-08-02 15:49:07.614,14659,14660,14660,1,1
2022-08-02 15:49:07.618,14659,14660,14660,1,1
2022-08-02 15:49:08.344,14659,14660,14660,1,1
2022-08-02 15:49:09.185,14659,14660,14660,1,1
2022-08-02 15:49:09.185,14659,14660,14661,2,2
2022-08-02 15:49:09.447,14659,14661,14659,1,-1
2022-08-02 15:49:09.823,14659,14661,14660,1,-1
2022-08-02 15:49:10.472,14659,14660,14660,1,1
2022-08-02 15:49:10.859,14659,14660,14660,1,1
2022-08-02 15:49:10.859,14659,14660,14661,3,3
2022-08-02 15:49:11.203,14659,14661,14661,1,1
2022-08-02 15:49:11.376,14659,14661,14661,1,1
2022-08-02 15:49:11.921,14659,14661,14661,1,1
2022-08-02 15:49:12.329,14659,14661,14659,2,-2
2022-08-02 15:49:13.522,14659,14660,14660,1,1
2022-08-02 15:49:13.939,14659,14660,14659,3,-3
2022-08-02 15:49:13.939,14659,14660,14658,2,-2
2022-08-02 15:49:14.973,14659,14660,14660,2,2
2022-08-02 15:49:15.085,14659,14660,14660,1,1
2022-08-02 15:49:15.248,14659,14660,14660,1,1
2022-08-02 15:49:15.417,14659,14660,14660,1,1
2022-08-02 15:49:16.587,14659,14660,14660,1,1
2022-08-02 15:49:17.470,14659,14660,14659,2,-2
2022-08-02 15:49:18.020,14658,14660,14660,2,2
2022-08-02 15:49:18.118,14659,14660,14660,1,1
2022-08-02 15:49:18.390,14659,14660,14659,1,-1
2022-08-02 15:49:18.679,14659,14660,14660,1,1
2022-08-02 15:49:20.189,14659,14660,14660,1,1
2022-08-02 15:49:21.301,14659,14660,14660,2,2
2022-08-02 15:49:22.085,14659,14661,14659,1,-1
2022-08-02 15:49:22.085,14659,14661,14658,1,-1
2022-08-02 15:49:22.754,14658,14660,14659,1,-1
2022-08-02 15:49:22.854,14658,14660,14660,1,1
2022-08-02 15:49:24.590,14658,14659,14659,1,1
2022-08-02 15:49:25.269,14658,14659,14659,3,3
2022-08-02 15:49:25.269,14658,14659,14660,5,5
2022-08-02 15:49:25.303,14658,14659,14659,1,1
2022-08-02 15:49:26.942,14658,14659,14658,1,-1
2022-08-02 15:49:29.280,14658,14659,14658,2,-2
2022-08-02 15:49:29.681,14657,14659,14659,1,1
2022-08-02 15:49:31.515,14658,14659,14658,1,-1
2022-08-02 15:49:33.528,14658,14659,14658,1,-1
2022-08-02 15:49:34.132,14657,14658,14658,1,1
2022-08-02 15:49:36.879,14657,14658,14657,3,-3
2022-08-02 15:49:39.529,14657,14658,14657,1,-1
2022-08-02 15:49:43.096,14656,14657,14656,1,-1
2022-08-02 15:49:43.685,14656,14657,14656,1,-1
2022-08-02 15:49:45.665,14656,14657,14657,1,1
2022-08-02 15:49:45.716,14656,14657,14656,1,-1
2022-08-02 15:49:46.481,14656,14657,14656,1,-1
2022-08-02 15:49:46.493,14656,14657,14657,1,1
2022-08-02 15:49:47.142,14656,14657,14657,2,2
2022-08-02 15:49:48.767,14657,14658,14657,1,-1
2022-08-02 15:49:48.946,14657,14658,14657,1,-1
2022-08-02 15:49:50.177,14657,14658,14657,5,-5
2022-08-02 15:49:50.469,14656,14657,14657,1,1
2022-08-02 15:49:50.473,14656,14657,14657,1,1
2022-08-02 15:49:51.190,14656,14657,14657,1,1
2022-08-02 15:49:51.793,14656,14657,14657,1,1
2022-08-02 15:49:53.480,14656,14657,14656,1,-1
2022-08-02 15:49:53.907,14655,14656,14656,1,1
2022-08-02 15:49:53.907,14655,14656,14656,1,1
2022-08-02 15:49:53.988,14655,14657,14655,2,-2
2022-08-02 15:49:54.364,14655,14657,14655,1,-1
2022-08-02 15:49:57.788,14655,14657,14657,1,1
2022-08-02 15:49:58.100,14655,14657,14655,1,-1
2022-08-02 15:49:59.012,14656,14657,14657,7,7
2022-08-02 15:50:00.103,14657,14658,14657,1,-1
2022-08-02 15:50:00.116,14656,14658,14658,1,1
2022-08-02 15:50:00.116,14656,14658,14658,1,1
2022-08-02 15:50:00.119,14656,14658,14658,1,1
2022-08-02 15:50:00.119,14656,14658,14658,1,1
2022-08-02 15:50:00.119,14656,14658,14658,1,1
2022-08-02 15:50:00.128,14656,14658,14658,1,1
2022-08-02 15:50:00.128,14656,14658,14659,1,1
2022-08-02 15:50:00.129,14656,14658,14659,1,1
2022-08-02 15:50:00.130,14656,14658,14659,1,1
2022-08-02 15:50:00.229,14656,14658,14660,1,1
2022-08-02 15:50:02.166,14659,14660,14660,10,10
2022-08-02 15:50:02.458,14659,14660,14660,4,4
2022-08-02 15:50:03.620,14659,14661,14659,1,-1
2022-08-02 15:50:04.382,14659,14660,14659,1,-1
2022-08-02 15:50:08.220,14657,14658,14658,2,2
2022-08-02 15:50:08.221,14657,14658,14658,2,2
2022-08-02 15:50:08.221,14657,14658,14658,1,1
2022-08-02 15:50:10.062,14657,14658,14657,2,-2
2022-08-02 15:50:12.554,14657,14658,14658,1,1
2022-08-02 15:50:12.554,14657,14658,14658,1,1
2022-08-02 15:50:14.369,14658,14659,14659,5,5
2022-08-02 15:50:17.324,14658,14659,14658,5,-5
2022-08-02 15:50:22.992,14656,14657,14657,1,1
2022-08-02 15:50:29.341,14656,14657,14656,1,-1
2022-08-02 15:50:30.741,14656,14657,14656,2,-2
2022-08-02 15:50:31.030,14655,14656,14656,2,2
2022-08-02 15:50:31.030,14655,14656,14657,2,2
2022-08-02 15:50:36.608,14656,14657,14657,1,1
2022-08-02 15:50:36.608,14656,14657,14657,1,1
2022-08-02 15:50:39.050,14657,14658,14657,1,-1
2022-08-02 15:50:39.692,14657,14658,14657,1,-1
2022-08-02 15:50:40.190,14657,14658,14658,1,1
2022-08-02 15:50:43.944,14656,14658,14658,2,2
2022-08-02 15:50:43.944,14656,14658,14659,4,4
2022-08-02 15:50:55.418,14658,14659,14659,1,1
2022-08-02 15:50:55.418,14658,14659,14659,3,3
2022-08-02 15:50:55.418,14658,14659,14659,1,1
2022-08-02 15:50:56.253,14659,14660,14659,1,-1
2022-08-02 15:50:56.939,14658,14660,14658,2,-2
2022-08-02 15:50:56.990,14659,14660,14659,3,-3
2022-08-02 15:50:56.990,14659,14660,14659,1,-1
2022-08-02 15:50:56.990,14659,14660,14659,1,-1
2022-08-02 15:50:56.991,14659,14660,14659,1,-1
2022-08-02 15:50:56.991,14659,14660,14659,1,-1
2022-08-02 15:50:56.991,14659,14660,14659,3,-3
2022-08-02 15:50:58.434,14659,14660,14659,1,-1
2022-08-02 15:50:58.570,14659,14660,14659,1,-1
2022-08-02 15:50:59.342,14659,14660,14660,1,1
2022-08-02 15:51:00.115,14659,14660,14660,2,2
2022-08-02 15:51:00.150,14659,14660,14660,7,7
2022-08-02 15:51:00.240,14660,14661,14661,1,1
2022-08-02 15:51:00.240,14660,14661,14661,1,1
2022-08-02 15:51:00.240,14660,14661,14661,3,3
2022-08-02 15:51:00.240,14660,14661,14662,1,1
2022-08-02 15:51:00.248,14660,14661,14661,1,1
2022-08-02 15:51:00.779,14661,14662,14661,1,-1
2022-08-02 15:51:00.823,14661,14662,14662,2,2
2022-08-02 15:51:00.849,14661,14662,14662,1,1
2022-08-02 15:51:01.047,14661,14663,14661,1,-1
2022-08-02 15:51:02.797,14660,14662,14660,2,-2
2022-08-02 15:51:03.493,14661,14662,14662,3,3
2022-08-02 15:51:04.757,14661,14662,14662,1,1
2022-08-02 15:51:07.815,14661,14662,14661,5,-5
2022-08-02 15:51:07.923,14661,14662,14662,4,4
2022-08-02 15:51:07.924,14661,14662,14662,1,1
2022-08-02 15:51:09.976,14661,14662,14662,1,1
2022-08-02 15:51:12.544,14661,14662,14662,1,1
2022-08-02 15:51:12.544,14661,14662,14662,1,1
2022-08-02 15:51:12.901,14661,14663,14663,1,1
2022-08-02 15:51:13.024,14661,14663,14663,1,1
2022-08-02 15:51:13.091,14661,14663,14663,3,3
2022-08-02 15:51:13.106,14661,14663,14662,1,1
2022-08-02 15:51:13.448,14661,14662,14662,1,1
2022-08-02 15:51:14.124,14661,14662,14661,5,-5
2022-08-02 15:51:14.773,14660,14661,14661,1,1
2022-08-02 15:51:15.271,14660,14661,14661,3,3
2022-08-02 15:51:17.761,14660,14661,14660,1,-1
2022-08-02 15:51:17.761,14660,14661,14660,1,-1
2022-08-02 15:51:21.114,14660,14661,14661,2,2
2022-08-02 15:51:22.894,14660,14661,14660,1,-1
2022-08-02 15:51:23.949,14660,14661,14660,1,-1
2022-08-02 15:51:26.388,14660,14661,14661,1,1
2022-08-02 15:51:31.910,14660,14661,14660,1,-1
2022-08-02 15:51:33.004,14660,14661,14661,1,1
2022-08-02 15:51:35.753,14660,14661,14660,2,-2
2022-08-02 15:51:39.651,14658,14659,14659,1,1
2022-08-02 15:51:41.239,14658,14660,14660,1,1
2022-08-02 15:51:44.526,14658,14660,14659,1,1
2022-08-02 15:51:56.032,14658,14659,14658,1,-1
2022-08-02 15:51:56.034,14658,14659,14658,4,-4
2022-08-02 15:51:56.095,14658,14659,14657,1,-1
2022-08-02 15:51:56.147,14657,14659,14657,2,-2
2022-08-02 15:51:56.186,14657,14659,14657,2,-2
2022-08-02 15:51:57.360,14657,14659,14659,1,1
2022-08-02 15:51:58.221,14657,14659,14658,1,1
2022-08-02 15:51:58.221,14657,14659,14659,2,2
2022-08-02 15:52:02.100,14658,14659,14658,1,-1
2022-08-02 15:52:02.376,14658,14659,14659,1,1
2022-08-02 15:52:02.376,14658,14659,14659,1,1
2022-08-02 15:52:02.376,14658,14659,14659,1,1
2022-08-02 15:52:02.378,14658,14659,14660,1,1
2022-08-02 15:52:02.441,14658,14659,14660,1,1
2022-08-02 15:52:02.461,14658,14659,14660,1,1
2022-08-02 15:52:02.485,14658,14659,14660,1,1
2022-08-02 15:52:02.734,14658,14660,14660,1,1
2022-08-02 15:52:03.169,14658,14660,14660,1,1
2022-08-02 15:52:03.170,14658,14660,14660,1,1
2022-08-02 15:52:04.404,14658,14659,14659,1,1
2022-08-02 15:52:05.470,14658,14660,14660,1,1
2022-08-02 15:52:08.296,14658,14659,14658,1,-1
2022-08-02 15:52:08.588,14658,14659,14658,1,-1
2022-08-02 15:52:08.588,14658,14659,14658,3,-3
2022-08-02 15:52:11.466,14657,14658,14658,2,2
2022-08-02 15:52:11.494,14657,14659,14659,1,1
2022-08-02 15:52:16.009,14658,14659,14659,1,1
2022-08-02 15:52:16.009,14658,14659,14660,4,4
2022-08-02 15:52:16.281,14658,14660,14658,1,-1
2022-08-02 15:52:19.952,14659,14660,14660,1,1
2022-08-02 15:52:20.021,14659,14660,14659,4,-4
2022-08-02 15:52:20.021,14659,14660,14658,1,-1
2022-08-02 15:52:23.217,14658,14659,14658,1,-1
2022-08-02 15:52:23.466,14657,14659,14657,5,-5
2022-08-02 15:52:30.344,14658,14660,14659,1,-1
2022-08-02 15:52:30.344,14658,14660,14660,4,4
2022-08-02 15:52:32.091,14658,14660,14660,1,1
2022-08-02 15:52:33.115,14658,14660,14658,5,-5
2022-08-02 15:52:33.740,14658,14660,14658,5,-5
2022-08-02 15:52:35.901,14658,14660,14658,1,-1
2022-08-02 15:52:36.703,14658,14659,14658,1,-1
2022-08-02 15:52:37.763,14657,14658,14657,1,-1
2022-08-02 15:52:37.763,14657,14658,14657,5,-5
2022-08-02 15:52:39.474,14656,14657,14656,1,-1
2022-08-02 15:52:42.499,14655,14656,14656,4,4
2022-08-02 15:52:42.499,14655,14656,14657,1,1
2022-08-02 15:52:49.005,14656,14658,14656,5,-5
2022-08-02 15:52:53.607,14655,14656,14655,1,-1
2022-08-02 15:52:55.722,14655,14656,14655,1,-1
2022-08-02 15:52:55.851,14655,14656,14655,1,-1
2022-08-02 15:53:01.789,14655,14656,14655,3,-3
2022-08-02 15:53:04.154,14655,14656,14655,1,-1
2022-08-02 15:53:04.273,14655,14656,14655,2,-2
2022-08-02 15:53:04.273,14655,14656,14655,16,-16
2022-08-02 15:53:05.979,14655,14656,14655,1,-1
2022-08-02 15:53:07.171,14655,14656,14655,1,-1
2022-08-02 15:53:08.642,14654,14655,14654,2,-2
2022-08-02 15:53:10.284,14654,14655,14654,1,-1
2022-08-02 15:53:10.701,14654,14655,14654,1,-1
2022-08-02 15:53:19.641,14654,14655,14654,2,-2
2022-08-02 15:53:21.382,14654,14655,14654,4,-4
2022-08-02 15:53:21.382,14654,14655,14653,1,-1
2022-08-02 15:53:21.513,14653,14655,14653,1,-1
2022-08-02 15:53:27.352,14654,14655,14654,1,-1
2022-08-02 15:53:27.675,14654,14655,14655,3,3
2022-08-02 15:53:30.621,14654,14655,14654,1,-1
2022-08-02 15:53:34.467,14655,14656,14655,1,-1
2022-08-02 15:53:37.190,14654,14655,14654,1,-1
2022-08-02 15:53:37.406,14653,14654,14654,1,1
2022-08-02 15:53:39.304,14653,14655,14653,1,-1
2022-08-02 15:53:48.410,14653,14654,14653,4,-4
2022-08-02 15:53:52.848,14652,14653,14652,1,-1
2022-08-02 15:53:53.144,14652,14653,14653,1,1
2022-08-02 15:53:53.345,14652,14654,14652,1,-1
2022-08-02 15:53:53.594,14652,14654,14652,1,-1
2022-08-02 15:53:59.462,14653,14655,14653,1,-1
2022-08-02 15:54:00.784,14654,14655,14654,1,-1
2022-08-02 15:54:00.866,14653,14654,14654,1,1
2022-08-02 15:54:00.866,14653,14654,14655,2,2
2022-08-02 15:54:00.866,14653,14654,14655,1,1
2022-08-02 15:54:00.866,14653,14654,14655,1,1
2022-08-02 15:54:00.867,14653,14654,14656,1,1
2022-08-02 15:54:07.079,14655,14656,14655,1,-1
2022-08-02 15:54:07.437,14654,14656,14656,1,1
2022-08-02 15:54:12.572,14655,14656,14656,3,3
2022-08-02 15:54:19.121,14656,14657,14656,1,-1
2022-08-02 15:54:19.451,14655,14657,14656,3,-3
2022-08-02 15:54:19.883,14655,14656,14656,1,1
2022-08-02 15:54:25.610,14655,14656,14656,1,1
2022-08-02 15:54:26.387,14655,14656,14655,3,-3
2022-08-02 15:54:26.387,14655,14656,14654,2,-2
2022-08-02 15:54:33.283,14654,14655,14654,1,-1
2022-08-02 15:54:42.745,14653,14655,14653,5,-5
2022-08-02 15:54:49.152,14654,14655,14654,1,-1
2022-08-02 15:54:49.244,14654,14655,14655,1,1
2022-08-02 15:55:03.128,14655,14656,14656,3,3
2022-08-02 15:55:05.043,14655,14657,14655,1,-1
2022-08-02 15:55:06.792,14655,14657,14656,1,-1
2022-08-02 15:55:08.544,14655,14657,14655,3,-3
2022-08-02 15:55:09.713,14655,14656,14656,1,1
2022-08-02 15:55:11.444,14654,14656,14656,1,1
2022-08-02 15:55:11.764,14655,14656,14656,1,1
2022-08-02 15:55:19.541,14656,14657,14657,4,4
2022-08-02 15:55:21.446,14656,14658,14658,3,3
2022-08-02 15:55:21.525,14657,14658,14657,1,-1
2022-08-02 15:55:21.525,14657,14658,14656,2,-2
2022-08-02 15:55:21.747,14656,14658,14658,1,1
2022-08-02 15:55:21.747,14656,14658,14658,1,1
2022-08-02 15:55:22.038,14656,14657,14657,1,1
2022-08-02 15:55:23.904,14656,14658,14656,3,-3
2022-08-02 15:55:24.584,14655,14657,14657,1,1
2022-08-02 15:55:24.805,14655,14658,14655,4,-4
2022-08-02 15:55:24.807,14655,14658,14655,4,-4
2022-08-02 15:55:24.879,14655,14657,14657,1,1
2022-08-02 15:55:25.094,14655,14657,14657,1,1
2022-08-02 15:55:31.763,14656,14657,14657,1,1
2022-08-02 15:55:38.840,14656,14657,14657,1,1
2022-08-02 15:55:40.220,14656,14657,14657,1,1
2022-08-02 15:55:45.303,14656,14657,14657,1,1
2022-08-02 15:55:49.433,14656,14657,14657,1,1
2022-08-02 15:55:50.153,14656,14657,14657,1,1
2022-08-02 15:55:52.449,14656,14657,14657,1,1
2022-08-02 15:55:54.403,14657,14658,14658,2,2
2022-08-02 15:55:55.043,14657,14659,14657,1,-1
2022-08-02 15:55:58.819,14656,14657,14656,1,-1
2022-08-02 15:56:04.304,14656,14657,14657,2,2
2022-08-02 15:56:06.279,14657,14659,14657,1,-1
2022-08-02 15:56:15.833,14657,14658,14657,1,-1
2022-08-02 15:56:28.513,14656,14657,14657,1,1
2022-08-02 15:56:30.604,14656,14657,14656,2,-2
2022-08-02 15:56:34.965,14656,14657,14656,2,-2
2022-08-02 15:56:34.965,14656,14657,14655,3,-3
2022-08-02 15:56:45.834,14655,14656,14656,1,1
2022-08-02 15:56:46.745,14655,14657,14657,1,1
2022-08-02 15:56:51.475,14655,14656,14656,1,1
2022-08-02 15:56:58.221,14657,14658,14657,1,-1
2022-08-02 15:57:08.582,14657,14658,14657,1,-1
2022-08-02 15:57:08.582,14657,14658,14657,1,-1
2022-08-02 15:57:15.335,14655,14657,14655,3,-3
2022-08-02 15:57:25.428,14655,14656,14656,1,1
2022-08-02 15:57:28.349,14655,14656,14655,3,-3
2022-08-02 15:57:28.452,14654,14656,14656,2,2
2022-08-02 15:57:36.587,14655,14656,14655,3,-3
2022-08-02 15:57:38.910,14655,14656,14655,1,-1
2022-08-02 15:57:41.647,14655,14656,14656,1,1
2022-08-02 15:57:51.740,14655,14656,14656,1,1
2022-08-02 15:57:53.191,14655,14656,14655,3,-3
2022-08-02 15:58:06.705,14654,14656,14656,2,2
2022-08-02 15:58:06.740,14654,14656,14656,1,1
2022-08-02 15:58:06.741,14654,14656,14656,1,1
2022-08-02 15:58:10.698,14654,14656,14656,1,1
2022-08-02 15:58:17.310,14654,14655,14654,1,-1
2022-08-02 15:58:19.851,14654,14655,14654,1,-1
2022-08-02 15:58:19.851,14654,14655,14654,1,-1
2022-08-02 15:58:25.995,14653,14654,14653,3,-3
2022-08-02 15:58:28.546,14653,14654,14653,2,-2
2022-08-02 15:58:28.546,14653,14654,14652,3,-3
2022-08-02 15:58:30.448,14652,14653,14652,1,-1
2022-08-02 15:58:31.728,14652,14653,14652,3,-3
2022-08-02 15:58:33.630,14652,14653,14652,1,-1
2022-08-02 15:58:35.658,14652,14653,14652,1,-1
2022-08-02 15:58:42.070,14652,14653,14653,2,2
2022-08-02 15:58:42.070,14652,14653,14653,1,1
2022-08-02 15:58:42.319,14653,14654,14654,1,1
2022-08-02 15:58:52.813,14653,14654,14654,1,1
2022-08-02 15:58:52.976,14653,14654,14654,1,1
2022-08-02 15:58:57.267,14653,14655,14653,1,-1
2022-08-02 15:59:00.954,14653,14654,14654,2,2
2022-08-02 15:59:02.153,14653,14655,14653,1,-1
2022-08-02 15:59:07.822,14653,14654,14654,1,1
2022-08-02 15:59:07.822,14653,14654,14655,7,7
2022-08-02 15:59:07.824,14653,14654,14654,1,1
2022-08-02 15:59:16.452,14653,14654,14653,3,-3
2022-08-02 15:59:16.452,14653,14654,14652,2,-2
2022-08-02 15:59:17.230,14652,14654,14652,1,-1
2022-08-02 15:59:32.714,14652,14653,14652,5,-5
2022-08-02 15:59:35.616,14651,14652,14652,1,1
2022-08-02 15:59:38.848,14651,14652,14652,1,1
2022-08-02 15:59:39.074,14651,14652,14652,1,1
2022-08-02 15:59:48.128,14652,14653,14653,1,1
2022-08-02 15:59:49.786,14652,14654,14652,1,-1
2022-08-02 15:59:51.649,14652,14653,14652,1,-1
2022-08-02 15:59:57.223,14652,14653,14652,1,-1
2022-08-02 16:00:00.272,14652,14653,14652,2,-2
2022-08-02 16:00:00.384,14651,14652,14652,1,1
2022-08-02 16:00:00.816,14651,14653,14651,5,-5
2022-08-02 16:00:12.885,14651,14652,14651,3,-3
2022-08-02 16:00:13.292,14650,14651,14650,7,-7
2022-08-02 16:00:13.292,14650,14651,14649,1,-1
2022-08-02 16:00:13.315,14650,14651,14651,8,8
2022-08-02 16:00:13.615,14650,14652,14652,1,1
2022-08-02 16:00:13.785,14650,14652,14652,1,1
2022-08-02 16:00:13.785,14650,14652,14652,1,1
2022-08-02 16:00:18.791,14651,14652,14652,1,1
2022-08-02 16:00:19.602,14652,14653,14652,6,-6
2022-08-02 16:00:19.602,14652,14653,14651,4,-4
2022-08-02 16:00:19.620,14651,14653,14653,1,1
2022-08-02 16:00:30.444,14652,14654,14652,1,-1
2022-08-02 16:00:34.956,14653,14654,14654,2,2
2022-08-02 16:00:34.989,14653,14655,14655,1,1
2022-08-02 16:00:35.035,14653,14655,14654,1,1
2022-08-02 16:00:35.509,14654,14656,14654,1,-1
2022-08-02 16:00:39.748,14655,14656,14656,1,1
2022-08-02 16:00:39.748,14655,14656,14656,1,1
2022-08-02 16:00:39.748,14655,14656,14656,1,1
2022-08-02 16:00:39.748,14655,14656,14656,2,2
2022-08-02 16:00:43.084,14656,14657,14657,1,1
2022-08-02 16:00:43.529,14656,14657,14657,1,1
2022-08-02 16:00:43.747,14656,14657,14657,9,9
2022-08-02 16:00:43.828,14656,14657,14658,1,1
2022-08-02 16:00:47.090,14656,14658,14656,2,-2
2022-08-02 16:01:03.617,14655,14656,14655,1,-1
