2023-06-19 15:00:00,17260,17260,17260,56,0
2023-06-19 15:00:00,17260,17260,17260,2,0
2023-06-19 15:00:00,17258,17258,17258,2,-2
2023-06-19 15:00:00,17260,17260,17260,2,2
2023-06-19 15:00:00,17260,17260,17260,8,0
2023-06-19 15:00:00,17261,17261,17261,4,4
2023-06-19 15:00:00,17261,17261,17261,6,0
2023-06-19 15:00:00,17261,17261,17261,14,0
2023-06-19 15:00:00,17260,17260,17260,2,-2
2023-06-19 15:00:00,17261,17261,17261,2,2
2023-06-19 15:00:01,17261,17261,17261,2,0
2023-06-19 15:00:01,17261,17261,17261,2,0
2023-06-19 15:00:01,17261,17261,17261,2,0
2023-06-19 15:00:01,17261,17261,17261,12,0
2023-06-19 15:00:01,17261,17261,17261,4,0
2023-06-19 15:00:01,17261,17261,17261,2,0
2023-06-19 15:00:01,17261,17261,17261,4,0
2023-06-19 15:00:02,17261,17261,17261,2,0
2023-06-19 15:00:02,17260,17260,17260,2,-2
2023-06-19 15:00:02,17260,17260,17260,4,0
2023-06-19 15:00:02,17260,17260,17260,2,0
2023-06-19 15:00:02,17260,17260,17260,2,0
2023-06-19 15:00:02,17260,17260,17260,2,0
2023-06-19 15:00:02,17259,17259,17259,2,-2
2023-06-19 15:00:02,17259,17259,17259,2,0
2023-06-19 15:00:02,17259,17259,17259,4,0
2023-06-19 15:00:02,17259,17259,17259,2,0
2023-06-19 15:00:02,17261,17261,17261,2,2
2023-06-19 15:00:02,17261,17261,17261,2,0
2023-06-19 15:00:02,17261,17261,17261,2,0
2023-06-19 15:00:03,17259,17259,17259,2,-2
2023-06-19 15:00:03,17259,17259,17259,2,0
2023-06-19 15:00:03,17259,17259,17259,2,0
2023-06-19 15:00:03,17258,17258,17258,2,-2
2023-06-19 15:00:04,17258,17258,17258,2,0
2023-06-19 15:00:07,17258,17258,17258,2,0
2023-06-19 15:00:09,17258,17258,17258,4,0
2023-06-19 15:00:10,17257,17257,17257,2,-2
2023-06-19 15:00:10,17258,17258,17258,2,2
2023-06-19 15:00:11,17258,17258,17258,2,0
2023-06-19 15:00:11,17258,17258,17258,2,0
2023-06-19 15:00:11,17258,17258,17258,2,0
2023-06-19 15:00:11,17258,17258,17258,2,0
2023-06-19 15:00:11,17258,17258,17258,8,0
2023-06-19 15:00:12,17258,17258,17258,4,0
2023-06-19 15:00:13,17258,17258,17258,2,0
2023-06-19 15:00:15,17258,17258,17258,2,0
2023-06-19 15:00:15,17258,17258,17258,2,0
2023-06-19 15:00:15,17258,17258,17258,6,0
2023-06-19 15:00:15,17257,17257,17257,2,-2
2023-06-19 15:00:16,17259,17259,17259,2,2
2023-06-19 15:00:17,17258,17258,17258,2,-2
2023-06-19 15:00:17,17258,17258,17258,6,0
2023-06-19 15:00:20,17258,17258,17258,2,0
2023-06-19 15:00:21,17257,17257,17257,2,-2
2023-06-19 15:00:21,17257,17257,17257,4,0
2023-06-19 15:00:21,17257,17257,17257,2,0
2023-06-19 15:00:21,17257,17257,17257,2,0
2023-06-19 15:00:21,17257,17257,17257,2,0
2023-06-19 15:00:21,17257,17257,17257,2,0
2023-06-19 15:00:21,17257,17257,17257,6,0
2023-06-19 15:00:21,17257,17257,17257,2,0
2023-06-19 15:00:21,17257,17257,17257,2,0
2023-06-19 15:00:21,17257,17257,17257,2,0
2023-06-19 15:00:22,17256,17256,17256,2,-2
2023-06-19 15:00:23,17256,17256,17256,2,0
2023-06-19 15:00:24,17257,17257,17257,2,2
2023-06-19 15:00:25,17257,17257,17257,2,0
2023-06-19 15:00:25,17257,17257,17257,2,0
2023-06-19 15:00:29,17257,17257,17257,2,0
2023-06-19 15:00:34,17257,17257,17257,10,0
2023-06-19 15:00:34,17257,17257,17257,4,0
2023-06-19 15:00:36,17258,17258,17258,2,2
2023-06-19 15:00:37,17258,17258,17258,6,0
2023-06-19 15:00:37,17258,17258,17258,6,0
2023-06-19 15:00:37,17258,17258,17258,2,0
2023-06-19 15:00:37,17258,17258,17258,8,0
2023-06-19 15:00:42,17258,17258,17258,6,0
2023-06-19 15:00:42,17259,17259,17259,2,2
2023-06-19 15:00:43,17256,17256,17256,2,-2
2023-06-19 15:00:46,17257,17257,17257,4,4
2023-06-19 15:00:46,17257,17257,17257,4,0
2023-06-19 15:00:46,17257,17257,17257,2,0
2023-06-19 15:00:46,17257,17257,17257,2,0
2023-06-19 15:00:47,17257,17257,17257,2,0
2023-06-19 15:00:50,17256,17256,17256,2,-2
2023-06-19 15:00:50,17256,17256,17256,2,0
2023-06-19 15:00:52,17256,17256,17256,2,0
2023-06-19 15:00:56,17256,17256,17256,2,0
2023-06-19 15:00:59,17256,17256,17256,6,0
2023-06-19 15:01:00,17256,17256,17256,2,0
2023-06-19 15:01:00,17255,17255,17255,2,-2
2023-06-19 15:01:00,17255,17255,17255,2,0
2023-06-19 15:01:00,17255,17255,17255,2,0
2023-06-19 15:01:00,17255,17255,17255,2,0
2023-06-19 15:01:00,17255,17255,17255,2,0
2023-06-19 15:01:00,17255,17255,17255,2,0
2023-06-19 15:01:00,17255,17255,17255,2,0
2023-06-19 15:01:00,17255,17255,17255,2,0
2023-06-19 15:01:00,17255,17255,17255,2,0
2023-06-19 15:01:00,17255,17255,17255,2,0
2023-06-19 15:01:01,17254,17254,17254,2,-2
2023-06-19 15:01:01,17254,17254,17254,4,0
2023-06-19 15:01:01,17254,17254,17254,2,0
2023-06-19 15:01:01,17255,17255,17255,2,2
2023-06-19 15:01:01,17254,17254,17254,2,-2
2023-06-19 15:01:01,17254,17254,17254,2,0
2023-06-19 15:01:01,17255,17255,17255,2,2
2023-06-19 15:01:01,17255,17255,17255,2,0
2023-06-19 15:01:02,17254,17254,17254,2,-2
2023-06-19 15:01:02,17255,17255,17255,2,2
2023-06-19 15:01:02,17256,17256,17256,2,2
2023-06-19 15:01:06,17255,17255,17255,2,-2
2023-06-19 15:01:06,17255,17255,17255,2,0
2023-06-19 15:01:06,17255,17255,17255,2,0
2023-06-19 15:01:08,17256,17256,17256,2,2
2023-06-19 15:01:08,17256,17256,17256,2,0
2023-06-19 15:01:09,17255,17255,17255,6,-6
2023-06-19 15:01:09,17255,17255,17255,2,0
2023-06-19 15:01:14,17254,17254,17254,2,-2
2023-06-19 15:01:16,17254,17254,17254,2,0
2023-06-19 15:01:19,17254,17254,17254,2,0
2023-06-19 15:01:20,17254,17254,17254,2,0
2023-06-19 15:01:20,17254,17254,17254,2,0
2023-06-19 15:01:20,17254,17254,17254,2,0
2023-06-19 15:01:20,17254,17254,17254,2,0
2023-06-19 15:01:20,17255,17255,17255,2,2
2023-06-19 15:01:24,17255,17255,17255,6,0
2023-06-19 15:01:24,17255,17255,17255,4,0
2023-06-19 15:01:26,17256,17256,17256,4,4
2023-06-19 15:01:34,17256,17256,17256,4,0
2023-06-19 15:01:34,17255,17255,17255,2,-2
2023-06-19 15:01:38,17255,17255,17255,2,0
2023-06-19 15:01:40,17255,17255,17255,4,0
2023-06-19 15:01:40,17255,17255,17255,2,0
2023-06-19 15:01:44,17254,17254,17254,2,-2
2023-06-19 15:01:44,17254,17254,17254,4,0
2023-06-19 15:01:44,17254,17254,17254,2,0
2023-06-19 15:01:51,17253,17253,17253,2,-2
2023-06-19 15:01:51,17253,17253,17253,8,0
2023-06-19 15:01:51,17253,17253,17253,2,0
2023-06-19 15:01:51,17253,17253,17253,2,0
2023-06-19 15:01:51,17253,17253,17253,2,0
2023-06-19 15:01:51,17253,17253,17253,4,0
2023-06-19 15:01:51,17253,17253,17253,2,0
2023-06-19 15:01:53,17253,17253,17253,2,0
2023-06-19 15:01:55,17252,17252,17252,2,-2
2023-06-19 15:01:55,17252,17252,17252,2,0
2023-06-19 15:01:55,17252,17252,17252,2,0
2023-06-19 15:01:55,17253,17253,17253,2,2
2023-06-19 15:01:55,17252,17252,17252,4,-4
2023-06-19 15:01:55,17252,17252,17252,2,0
2023-06-19 15:01:57,17252,17252,17252,2,0
2023-06-19 15:01:57,17252,17252,17252,4,0
2023-06-19 15:01:57,17252,17252,17252,8,0
2023-06-19 15:01:57,17252,17252,17252,2,0
2023-06-19 15:02:00,17251,17251,17251,2,-2
2023-06-19 15:02:00,17251,17251,17251,2,0
2023-06-19 15:02:00,17251,17251,17251,4,0
2023-06-19 15:02:02,17250,17250,17250,2,-2
2023-06-19 15:02:02,17250,17250,17250,8,0
2023-06-19 15:02:02,17250,17250,17250,2,0
2023-06-19 15:02:02,17250,17250,17250,16,0
2023-06-19 15:02:02,17250,17250,17250,2,0
2023-06-19 15:02:02,17250,17250,17250,2,0
2023-06-19 15:02:02,17250,17250,17250,2,0
2023-06-19 15:02:02,17250,17250,17250,2,0
2023-06-19 15:02:03,17249,17249,17249,2,-2
2023-06-19 15:02:03,17249,17249,17249,2,0
2023-06-19 15:02:03,17249,17249,17249,2,0
2023-06-19 15:02:04,17249,17249,17249,2,0
2023-06-19 15:02:05,17249,17249,17249,4,0
2023-06-19 15:02:05,17250,17250,17250,2,2
2023-06-19 15:02:06,17250,17250,17250,2,0
2023-06-19 15:02:07,17250,17250,17250,2,0
2023-06-19 15:02:07,17250,17250,17250,2,0
2023-06-19 15:02:08,17249,17249,17249,4,-4
2023-06-19 15:02:11,17249,17249,17249,12,0
2023-06-19 15:02:11,17249,17249,17249,2,0
2023-06-19 15:02:11,17249,17249,17249,2,0
2023-06-19 15:02:12,17248,17248,17248,2,-2
2023-06-19 15:02:15,17249,17249,17249,2,2
2023-06-19 15:02:15,17249,17249,17249,2,0
2023-06-19 15:02:19,17249,17249,17249,10,0
2023-06-19 15:02:19,17250,17250,17250,10,10
2023-06-19 15:02:21,17249,17249,17249,2,-2
2023-06-19 15:02:21,17249,17249,17249,2,0
2023-06-19 15:02:23,17250,17250,17250,2,2
2023-06-19 15:02:24,17250,17250,17250,6,0
2023-06-19 15:02:24,17250,17250,17250,2,0
2023-06-19 15:02:24,17250,17250,17250,4,0
2023-06-19 15:02:27,17251,17251,17251,2,2
2023-06-19 15:02:28,17250,17250,17250,2,-2
2023-06-19 15:02:28,17252,17252,17252,2,2
2023-06-19 15:02:29,17251,17251,17251,2,-2
2023-06-19 15:02:35,17252,17252,17252,2,2
2023-06-19 15:02:36,17251,17251,17251,2,-2
2023-06-19 15:02:37,17252,17252,17252,2,2
2023-06-19 15:02:40,17252,17252,17252,2,0
2023-06-19 15:02:41,17252,17252,17252,6,0
2023-06-19 15:02:54,17251,17251,17251,2,-2
2023-06-19 15:03:00,17252,17252,17252,2,2
2023-06-19 15:03:00,17251,17251,17251,2,-2
2023-06-19 15:03:00,17251,17251,17251,4,0
2023-06-19 15:03:00,17251,17251,17251,6,0
2023-06-19 15:03:00,17252,17252,17252,2,2
2023-06-19 15:03:03,17252,17252,17252,2,0
2023-06-19 15:03:10,17251,17251,17251,4,-4
2023-06-19 15:03:10,17251,17251,17251,2,0
2023-06-19 15:03:10,17251,17251,17251,2,0
2023-06-19 15:03:10,17250,17250,17250,4,-4
2023-06-19 15:03:18,17250,17250,17250,2,0
2023-06-19 15:03:22,17250,17250,17250,2,0
2023-06-19 15:03:22,17250,17250,17250,2,0
2023-06-19 15:03:24,17250,17250,17250,2,0
2023-06-19 15:03:25,17251,17251,17251,2,2
2023-06-19 15:03:37,17251,17251,17251,2,0
2023-06-19 15:03:41,17251,17251,17251,18,0
2023-06-19 15:03:41,17251,17251,17251,2,0
2023-06-19 15:03:41,17251,17251,17251,2,0
2023-06-19 15:03:41,17251,17251,17251,2,0
2023-06-19 15:03:41,17251,17251,17251,2,0
2023-06-19 15:03:41,17251,17251,17251,2,0
2023-06-19 15:03:41,17251,17251,17251,2,0
2023-06-19 15:03:41,17251,17251,17251,2,0
2023-06-19 15:03:41,17251,17251,17251,2,0
2023-06-19 15:03:50,17252,17252,17252,2,2
2023-06-19 15:03:53,17251,17251,17251,2,-2
2023-06-19 15:03:59,17252,17252,17252,10,10
2023-06-19 15:03:59,17252,17252,17252,4,0
2023-06-19 15:03:59,17252,17252,17252,2,0
2023-06-19 15:03:59,17253,17253,17253,10,10
2023-06-19 15:04:29,17253,17253,17253,2,0
2023-06-19 15:04:40,17252,17252,17252,2,-2
2023-06-19 15:04:43,17252,17252,17252,2,0
2023-06-19 15:04:46,17252,17252,17252,2,0
2023-06-19 15:04:53,17251,17251,17251,2,-2
2023-06-19 15:04:53,17251,17251,17251,2,0
2023-06-19 15:04:53,17251,17251,17251,2,0
2023-06-19 15:04:53,17251,17251,17251,2,0
2023-06-19 15:04:54,17250,17250,17250,2,-2
2023-06-19 15:05:01,17250,17250,17250,2,0
2023-06-19 15:05:02,17251,17251,17251,2,2
2023-06-19 15:05:07,17251,17251,17251,2,0
2023-06-19 15:05:07,17251,17251,17251,2,0
2023-06-19 15:05:07,17250,17250,17250,4,-4
2023-06-19 15:05:07,17250,17250,17250,6,0
2023-06-19 15:05:07,17250,17250,17250,2,0
2023-06-19 15:05:07,17250,17250,17250,2,0
2023-06-19 15:05:07,17250,17250,17250,2,0
2023-06-19 15:05:07,17250,17250,17250,8,0
2023-06-19 15:05:07,17250,17250,17250,2,0
2023-06-19 15:05:07,17250,17250,17250,2,0
2023-06-19 15:05:07,17250,17250,17250,2,0
2023-06-19 15:05:07,17249,17249,17249,2,-2
2023-06-19 15:05:07,17249,17249,17249,2,0
2023-06-19 15:05:07,17250,17250,17250,2,2
2023-06-19 15:05:07,17250,17250,17250,2,0
2023-06-19 15:05:07,17250,17250,17250,2,0
2023-06-19 15:05:08,17249,17249,17249,2,-2
2023-06-19 15:05:09,17249,17249,17249,6,0
2023-06-19 15:05:09,17249,17249,17249,2,0
2023-06-19 15:05:11,17249,17249,17249,2,0
2023-06-19 15:05:12,17248,17248,17248,2,-2
2023-06-19 15:05:12,17248,17248,17248,2,0
2023-06-19 15:05:12,17248,17248,17248,8,0
2023-06-19 15:05:13,17248,17248,17248,2,0
2023-06-19 15:05:14,17248,17248,17248,2,0
2023-06-19 15:05:14,17248,17248,17248,2,0
2023-06-19 15:05:14,17248,17248,17248,2,0
2023-06-19 15:05:15,17248,17248,17248,2,0
2023-06-19 15:05:15,17248,17248,17248,2,0
2023-06-19 15:05:20,17248,17248,17248,2,0
2023-06-19 15:05:20,17248,17248,17248,2,0
2023-06-19 15:05:21,17249,17249,17249,2,2
2023-06-19 15:05:21,17249,17249,17249,6,0
2023-06-19 15:05:21,17249,17249,17249,4,0
2023-06-19 15:05:33,17249,17249,17249,2,0
2023-06-19 15:05:33,17249,17249,17249,4,0
2023-06-19 15:05:55,17249,17249,17249,2,0
2023-06-19 15:05:55,17249,17249,17249,2,0
2023-06-19 15:06:00,17249,17249,17249,2,0
2023-06-19 15:06:00,17249,17249,17249,2,0
2023-06-19 15:06:00,17249,17249,17249,2,0
2023-06-19 15:06:00,17249,17249,17249,4,0
2023-06-19 15:06:13,17249,17249,17249,2,0
2023-06-19 15:06:17,17249,17249,17249,2,0
2023-06-19 15:06:20,17249,17249,17249,2,0
2023-06-19 15:06:22,17249,17249,17249,2,0
2023-06-19 15:06:45,17249,17249,17249,2,0
2023-06-19 15:06:53,17249,17249,17249,2,0
2023-06-19 15:06:54,17249,17249,17249,2,0
2023-06-19 15:06:54,17249,17249,17249,2,0
2023-06-19 15:06:56,17250,17250,17250,6,6
2023-06-19 15:06:56,17250,17250,17250,2,0
2023-06-19 15:06:56,17250,17250,17250,2,0
2023-06-19 15:06:56,17250,17250,17250,2,0
2023-06-19 15:06:56,17250,17250,17250,2,0
2023-06-19 15:06:56,17250,17250,17250,4,0
2023-06-19 15:06:56,17250,17250,17250,6,0
2023-06-19 15:06:56,17250,17250,17250,2,0
2023-06-19 15:06:56,17250,17250,17250,2,0
2023-06-19 15:06:56,17250,17250,17250,2,0
2023-06-19 15:06:56,17250,17250,17250,2,0
2023-06-19 15:07:00,17250,17250,17250,2,0
2023-06-19 15:07:00,17250,17250,17250,2,0
2023-06-19 15:07:02,17250,17250,17250,2,0
2023-06-19 15:07:03,17250,17250,17250,2,0
2023-06-19 15:07:07,17250,17250,17250,2,0
2023-06-19 15:07:10,17250,17250,17250,2,0
2023-06-19 15:07:11,17250,17250,17250,2,0
2023-06-19 15:07:20,17250,17250,17250,4,0
2023-06-19 15:08:03,17250,17250,17250,4,0
2023-06-19 15:08:04,17250,17250,17250,12,0
2023-06-19 15:08:04,17249,17249,17249,2,-2
2023-06-19 15:08:04,17249,17249,17249,10,0
2023-06-19 15:08:04,17249,17249,17249,2,0
2023-06-19 15:08:08,17248,17248,17248,2,-2
2023-06-19 15:08:08,17248,17248,17248,8,0
2023-06-19 15:08:08,17248,17248,17248,4,0
2023-06-19 15:08:15,17248,17248,17248,2,0
2023-06-19 15:08:19,17247,17247,17247,2,-2
2023-06-19 15:08:19,17247,17247,17247,2,0
2023-06-19 15:08:23,17247,17247,17247,10,0
2023-06-19 15:08:23,17247,17247,17247,8,0
2023-06-19 15:08:23,17247,17247,17247,2,0
2023-06-19 15:08:23,17247,17247,17247,2,0
2023-06-19 15:08:23,17247,17247,17247,2,0
2023-06-19 15:08:23,17247,17247,17247,2,0
2023-06-19 15:08:23,17247,17247,17247,2,0
2023-06-19 15:08:23,17247,17247,17247,2,0
2023-06-19 15:08:24,17246,17246,17246,2,-2
2023-06-19 15:08:24,17247,17247,17247,2,2
2023-06-19 15:08:25,17246,17246,17246,2,-2
2023-06-19 15:08:31,17246,17246,17246,4,0
2023-06-19 15:08:32,17246,17246,17246,2,0
2023-06-19 15:08:32,17246,17246,17246,2,0
2023-06-19 15:08:33,17246,17246,17246,2,0
2023-06-19 15:08:33,17246,17246,17246,2,0
2023-06-19 15:08:34,17246,17246,17246,2,0
2023-06-19 15:08:48,17247,17247,17247,14,14
2023-06-19 15:08:48,17247,17247,17247,4,0
2023-06-19 15:08:48,17247,17247,17247,2,0
2023-06-19 15:08:48,17248,17248,17248,2,2
2023-06-19 15:09:09,17249,17249,17249,2,2
2023-06-19 15:09:22,17250,17250,17250,2,2
2023-06-19 15:09:26,17249,17249,17249,2,-2
2023-06-19 15:09:32,17249,17249,17249,2,0
2023-06-19 15:09:32,17249,17249,17249,2,0
2023-06-19 15:09:40,17249,17249,17249,14,0
2023-06-19 15:09:42,17249,17249,17249,2,0
2023-06-19 15:09:42,17249,17249,17249,2,0
2023-06-19 15:09:42,17249,17249,17249,4,0
2023-06-19 15:09:42,17249,17249,17249,2,0
2023-06-19 15:09:42,17250,17250,17250,2,2
2023-06-19 15:09:55,17250,17250,17250,8,0
2023-06-19 15:10:02,17249,17249,17249,2,-2
2023-06-19 15:10:02,17250,17250,17250,2,2
2023-06-19 15:10:02,17250,17250,17250,2,0
2023-06-19 15:10:02,17250,17250,17250,2,0
2023-06-19 15:10:02,17249,17249,17249,2,-2
2023-06-19 15:10:02,17249,17249,17249,2,0
2023-06-19 15:10:03,17249,17249,17249,2,0
2023-06-19 15:10:03,17249,17249,17249,2,0
2023-06-19 15:10:07,17250,17250,17250,14,14
2023-06-19 15:10:07,17250,17250,17250,2,0
2023-06-19 15:10:19,17250,17250,17250,2,0
2023-06-19 15:10:19,17250,17250,17250,2,0
2023-06-19 15:10:19,17249,17249,17249,2,-2
2023-06-19 15:10:25,17250,17250,17250,14,14
2023-06-19 15:10:25,17250,17250,17250,2,0
2023-06-19 15:10:25,17250,17250,17250,2,0
2023-06-19 15:10:25,17250,17250,17250,4,0
2023-06-19 15:10:25,17250,17250,17250,2,0
2023-06-19 15:10:25,17250,17250,17250,2,0
2023-06-19 15:10:29,17250,17250,17250,2,0
2023-06-19 15:10:29,17250,17250,17250,6,0
2023-06-19 15:10:35,17249,17249,17249,2,-2
2023-06-19 15:10:36,17250,17250,17250,2,2
2023-06-19 15:10:37,17250,17250,17250,8,0
2023-06-19 15:10:37,17250,17250,17250,2,0
2023-06-19 15:10:50,17250,17250,17250,2,0
2023-06-19 15:10:59,17250,17250,17250,2,0
2023-06-19 15:10:59,17250,17250,17250,2,0
2023-06-19 15:10:59,17250,17250,17250,2,0
2023-06-19 15:10:59,17250,17250,17250,6,0
2023-06-19 15:10:59,17251,17251,17251,2,2
2023-06-19 15:11:00,17251,17251,17251,2,0
2023-06-19 15:11:14,17251,17251,17251,2,0
2023-06-19 15:11:14,17251,17251,17251,2,0
2023-06-19 15:11:16,17251,17251,17251,2,0
2023-06-19 15:11:16,17251,17251,17251,2,0
2023-06-19 15:11:22,17250,17250,17250,2,-2
2023-06-19 15:11:22,17250,17250,17250,2,0
2023-06-19 15:11:22,17250,17250,17250,4,0
2023-06-19 15:11:22,17250,17250,17250,4,0
2023-06-19 15:11:25,17250,17250,17250,4,0
2023-06-19 15:11:31,17249,17249,17249,2,-2
2023-06-19 15:11:31,17249,17249,17249,4,0
2023-06-19 15:11:31,17249,17249,17249,2,0
2023-06-19 15:11:31,17249,17249,17249,2,0
2023-06-19 15:11:31,17249,17249,17249,2,0
2023-06-19 15:11:31,17249,17249,17249,4,0
2023-06-19 15:11:33,17249,17249,17249,4,0
2023-06-19 15:11:45,17248,17248,17248,2,-2
2023-06-19 15:11:45,17248,17248,17248,4,0
2023-06-19 15:11:45,17248,17248,17248,2,0
2023-06-19 15:11:45,17248,17248,17248,2,0
2023-06-19 15:11:45,17248,17248,17248,6,0
2023-06-19 15:11:45,17248,17248,17248,2,0
2023-06-19 15:11:45,17248,17248,17248,2,0
2023-06-19 15:11:45,17248,17248,17248,10,0
2023-06-19 15:11:45,17248,17248,17248,2,0
2023-06-19 15:11:45,17248,17248,17248,2,0
2023-06-19 15:11:45,17248,17248,17248,10,0
2023-06-19 15:11:49,17248,17248,17248,2,0
2023-06-19 15:11:55,17249,17249,17249,4,4
2023-06-19 15:11:55,17249,17249,17249,6,0
2023-06-19 15:11:55,17249,17249,17249,2,0
2023-06-19 15:11:55,17249,17249,17249,4,0
2023-06-19 15:11:58,17249,17249,17249,2,0
2023-06-19 15:12:02,17248,17248,17248,2,-2
2023-06-19 15:12:02,17248,17248,17248,4,0
2023-06-19 15:12:02,17248,17248,17248,2,0
2023-06-19 15:12:02,17248,17248,17248,4,0
2023-06-19 15:12:03,17249,17249,17249,6,6
2023-06-19 15:12:03,17249,17249,17249,20,0
2023-06-19 15:12:03,17250,17250,17250,4,4
2023-06-19 15:12:04,17250,17250,17250,24,0
2023-06-19 15:12:12,17249,17249,17249,2,-2
2023-06-19 15:12:13,17248,17248,17248,2,-2
2023-06-19 15:12:13,17248,17248,17248,4,0
2023-06-19 15:12:17,17248,17248,17248,2,0
2023-06-19 15:12:19,17248,17248,17248,2,0
2023-06-19 15:12:23,17249,17249,17249,2,2
2023-06-19 15:12:26,17249,17249,17249,2,0
2023-06-19 15:12:26,17248,17248,17248,2,-2
2023-06-19 15:12:35,17249,17249,17249,2,2
2023-06-19 15:12:36,17247,17247,17247,2,-2
2023-06-19 15:12:36,17247,17247,17247,4,0
2023-06-19 15:12:36,17247,17247,17247,2,0
2023-06-19 15:12:36,17247,17247,17247,2,0
2023-06-19 15:12:36,17247,17247,17247,2,0
2023-06-19 15:12:37,17247,17247,17247,2,0
2023-06-19 15:12:37,17247,17247,17247,10,0
2023-06-19 15:12:40,17247,17247,17247,2,0
2023-06-19 15:12:40,17247,17247,17247,2,0
2023-06-19 15:12:40,17247,17247,17247,8,0
2023-06-19 15:12:40,17247,17247,17247,2,0
2023-06-19 15:12:40,17247,17247,17247,4,0
2023-06-19 15:12:40,17247,17247,17247,4,0
2023-06-19 15:12:40,17247,17247,17247,2,0
2023-06-19 15:12:41,17247,17247,17247,2,0
2023-06-19 15:12:45,17246,17246,17246,2,-2
2023-06-19 15:12:48,17246,17246,17246,4,0
2023-06-19 15:12:48,17246,17246,17246,6,0
2023-06-19 15:12:48,17246,17246,17246,4,0
2023-06-19 15:12:48,17246,17246,17246,2,0
2023-06-19 15:12:48,17246,17246,17246,2,0
2023-06-19 15:12:48,17246,17246,17246,2,0
2023-06-19 15:12:48,17246,17246,17246,2,0
2023-06-19 15:12:48,17246,17246,17246,4,0
2023-06-19 15:12:48,17246,17246,17246,2,0
2023-06-19 15:12:54,17246,17246,17246,6,0
2023-06-19 15:13:02,17246,17246,17246,12,0
2023-06-19 15:13:03,17245,17245,17245,2,-2
2023-06-19 15:13:08,17246,17246,17246,4,4
2023-06-19 15:13:08,17246,17246,17246,2,0
2023-06-19 15:13:08,17246,17246,17246,4,0
2023-06-19 15:13:08,17246,17246,17246,4,0
2023-06-19 15:13:10,17245,17245,17245,2,-2
2023-06-19 15:13:10,17245,17245,17245,2,0
2023-06-19 15:13:10,17245,17245,17245,2,0
2023-06-19 15:13:10,17245,17245,17245,2,0
2023-06-19 15:13:10,17245,17245,17245,2,0
2023-06-19 15:13:10,17245,17245,17245,2,0
2023-06-19 15:13:10,17245,17245,17245,2,0
2023-06-19 15:13:10,17246,17246,17246,4,4
2023-06-19 15:13:11,17246,17246,17246,16,0
2023-06-19 15:13:11,17245,17245,17245,2,-2
2023-06-19 15:13:14,17245,17245,17245,4,0
2023-06-19 15:13:14,17245,17245,17245,2,0
2023-06-19 15:13:14,17245,17245,17245,2,0
2023-06-19 15:13:14,17245,17245,17245,2,0
2023-06-19 15:13:38,17245,17245,17245,4,0
2023-06-19 15:13:38,17245,17245,17245,2,0
2023-06-19 15:13:38,17245,17245,17245,2,0
2023-06-19 15:13:38,17245,17245,17245,4,0
2023-06-19 15:13:40,17246,17246,17246,4,4
2023-06-19 15:13:40,17246,17246,17246,8,0
2023-06-19 15:13:40,17246,17246,17246,4,0
2023-06-19 15:13:40,17246,17246,17246,2,0
2023-06-19 15:13:42,17247,17247,17247,2,2
2023-06-19 15:13:44,17246,17246,17246,2,-2
2023-06-19 15:13:46,17247,17247,17247,2,2
2023-06-19 15:13:53,17246,17246,17246,2,-2
2023-06-19 15:13:53,17246,17246,17246,2,0
2023-06-19 15:13:57,17246,17246,17246,2,0
2023-06-19 15:14:00,17246,17246,17246,2,0
2023-06-19 15:14:01,17245,17245,17245,2,-2
2023-06-19 15:14:05,17245,17245,17245,2,0
2023-06-19 15:14:06,17245,17245,17245,2,0
2023-06-19 15:14:08,17245,17245,17245,2,0
2023-06-19 15:14:08,17246,17246,17246,2,2
2023-06-19 15:14:08,17246,17246,17246,2,0
2023-06-19 15:14:09,17247,17247,17247,2,2
2023-06-19 15:14:12,17247,17247,17247,2,0
2023-06-19 15:14:18,17248,17248,17248,4,4
2023-06-19 15:14:37,17248,17248,17248,2,0
2023-06-19 15:14:37,17249,17249,17249,2,2
2023-06-19 15:14:53,17248,17248,17248,2,-2
2023-06-19 15:14:55,17248,17248,17248,4,0
2023-06-19 15:15:00,17247,17247,17247,2,-2
2023-06-19 15:15:02,17246,17246,17246,2,-2
2023-06-19 15:15:02,17246,17246,17246,8,0
2023-06-19 15:15:02,17246,17246,17246,4,0
2023-06-19 15:15:02,17246,17246,17246,4,0
2023-06-19 15:15:02,17246,17246,17246,2,0
2023-06-19 15:15:02,17246,17246,17246,10,0
2023-06-19 15:15:05,17247,17247,17247,2,2
2023-06-19 15:15:16,17246,17246,17246,2,-2
2023-06-19 15:15:22,17245,17245,17245,2,-2
2023-06-19 15:15:22,17245,17245,17245,4,0
2023-06-19 15:15:22,17245,17245,17245,2,0
2023-06-19 15:15:22,17245,17245,17245,2,0
2023-06-19 15:15:22,17245,17245,17245,2,0
2023-06-19 15:15:22,17245,17245,17245,4,0
2023-06-19 15:15:22,17245,17245,17245,2,0
2023-06-19 15:15:22,17245,17245,17245,2,0
2023-06-19 15:15:22,17245,17245,17245,2,0
2023-06-19 15:15:22,17244,17244,17244,2,-2
2023-06-19 15:15:22,17244,17244,17244,2,0
2023-06-19 15:15:22,17244,17244,17244,2,0
2023-06-19 15:15:22,17244,17244,17244,2,0
2023-06-19 15:15:22,17244,17244,17244,2,0
2023-06-19 15:15:22,17245,17245,17245,4,4
2023-06-19 15:15:22,17245,17245,17245,4,0
2023-06-19 15:15:23,17245,17245,17245,4,0
2023-06-19 15:15:23,17245,17245,17245,2,0
2023-06-19 15:15:23,17245,17245,17245,2,0
2023-06-19 15:15:23,17245,17245,17245,2,0
2023-06-19 15:15:23,17245,17245,17245,2,0
2023-06-19 15:15:24,17245,17245,17245,2,0
2023-06-19 15:15:24,17245,17245,17245,2,0
2023-06-19 15:15:24,17244,17244,17244,2,-2
2023-06-19 15:15:24,17245,17245,17245,2,2
2023-06-19 15:15:24,17245,17245,17245,2,0
2023-06-19 15:15:29,17244,17244,17244,2,-2
2023-06-19 15:15:29,17244,17244,17244,2,0
2023-06-19 15:15:29,17244,17244,17244,2,0
2023-06-19 15:15:32,17244,17244,17244,2,0
2023-06-19 15:15:32,17245,17245,17245,2,2
2023-06-19 15:15:33,17244,17244,17244,4,-4
2023-06-19 15:15:47,17244,17244,17244,2,0
2023-06-19 15:15:49,17244,17244,17244,4,0
2023-06-19 15:15:50,17245,17245,17245,14,14
2023-06-19 15:15:55,17245,17245,17245,2,0
2023-06-19 15:15:55,17245,17245,17245,4,0
2023-06-19 15:16:00,17246,17246,17246,2,2
2023-06-19 15:16:00,17246,17246,17246,2,0
2023-06-19 15:16:00,17246,17246,17246,2,0
2023-06-19 15:16:00,17247,17247,17247,2,2
2023-06-19 15:16:01,17245,17245,17245,2,-2
2023-06-19 15:16:01,17247,17247,17247,2,2
2023-06-19 15:16:02,17247,17247,17247,12,0
2023-06-19 15:16:05,17246,17246,17246,2,-2
2023-06-19 15:16:14,17247,17247,17247,2,2
2023-06-19 15:16:21,17247,17247,17247,4,0
2023-06-19 15:16:25,17246,17246,17246,4,-4
2023-06-19 15:16:28,17246,17246,17246,2,0
2023-06-19 15:16:33,17246,17246,17246,4,0
2023-06-19 15:16:33,17246,17246,17246,2,0
2023-06-19 15:16:50,17245,17245,17245,2,-2
2023-06-19 15:16:50,17245,17245,17245,2,0
2023-06-19 15:16:50,17245,17245,17245,2,0
2023-06-19 15:16:52,17245,17245,17245,2,0
2023-06-19 15:16:52,17245,17245,17245,2,0
2023-06-19 15:16:52,17245,17245,17245,2,0
2023-06-19 15:16:53,17244,17244,17244,2,-2
2023-06-19 15:16:53,17244,17244,17244,2,0
2023-06-19 15:16:53,17244,17244,17244,2,0
2023-06-19 15:16:55,17244,17244,17244,2,0
2023-06-19 15:17:02,17244,17244,17244,2,0
2023-06-19 15:17:12,17244,17244,17244,2,0
2023-06-19 15:17:12,17244,17244,17244,2,0
2023-06-19 15:17:17,17245,17245,17245,2,2
2023-06-19 15:17:41,17245,17245,17245,2,0
2023-06-19 15:17:59,17245,17245,17245,10,0
2023-06-19 15:18:05,17245,17245,17245,4,0
2023-06-19 15:18:05,17245,17245,17245,2,0
2023-06-19 15:18:12,17245,17245,17245,2,0
2023-06-19 15:18:14,17245,17245,17245,2,0
2023-06-19 15:18:15,17245,17245,17245,4,0
2023-06-19 15:18:24,17247,17247,17247,2,2
2023-06-19 15:18:25,17246,17246,17246,2,-2
2023-06-19 15:18:27,17247,17247,17247,2,2
2023-06-19 15:18:31,17247,17247,17247,2,0
2023-06-19 15:18:37,17247,17247,17247,2,0
2023-06-19 15:18:47,17247,17247,17247,4,0
2023-06-19 15:18:50,17247,17247,17247,2,0
2023-06-19 15:18:53,17248,17248,17248,2,2
2023-06-19 15:18:53,17248,17248,17248,2,0
2023-06-19 15:18:54,17248,17248,17248,2,0
2023-06-19 15:18:54,17248,17248,17248,6,0
2023-06-19 15:18:59,17249,17249,17249,2,2
2023-06-19 15:19:00,17249,17249,17249,2,0
2023-06-19 15:19:00,17249,17249,17249,8,0
2023-06-19 15:19:09,17249,17249,17249,2,0
2023-06-19 15:19:11,17248,17248,17248,4,-4
2023-06-19 15:19:20,17249,17249,17249,2,2
2023-06-19 15:19:23,17249,17249,17249,4,0
2023-06-19 15:19:31,17248,17248,17248,2,-2
2023-06-19 15:19:31,17248,17248,17248,2,0
2023-06-19 15:19:32,17249,17249,17249,2,2
2023-06-19 15:19:32,17249,17249,17249,2,0
2023-06-19 15:19:36,17249,17249,17249,2,0
2023-06-19 15:19:36,17248,17248,17248,2,-2
2023-06-19 15:19:36,17248,17248,17248,2,0
2023-06-19 15:19:36,17248,17248,17248,2,0
2023-06-19 15:19:36,17248,17248,17248,2,0
2023-06-19 15:19:36,17248,17248,17248,2,0
2023-06-19 15:19:40,17250,17250,17250,2,2
2023-06-19 15:19:40,17249,17249,17249,2,-2
2023-06-19 15:19:44,17250,17250,17250,6,6
2023-06-19 15:19:45,17249,17249,17249,2,-2
2023-06-19 15:19:48,17249,17249,17249,2,0
2023-06-19 15:19:48,17249,17249,17249,4,0
2023-06-19 15:19:48,17250,17250,17250,2,2
2023-06-19 15:19:48,17250,17250,17250,2,0
2023-06-19 15:19:53,17249,17249,17249,2,-2
2023-06-19 15:20:00,17249,17249,17249,2,0
2023-06-19 15:20:00,17249,17249,17249,4,0
2023-06-19 15:20:00,17249,17249,17249,4,0
2023-06-19 15:20:06,17249,17249,17249,2,0
2023-06-19 15:20:09,17249,17249,17249,2,0
2023-06-19 15:20:18,17249,17249,17249,2,0
2023-06-19 15:20:19,17249,17249,17249,6,0
2023-06-19 15:20:21,17248,17248,17248,2,-2
2023-06-19 15:20:21,17248,17248,17248,2,0
2023-06-19 15:20:21,17248,17248,17248,2,0
2023-06-19 15:20:21,17248,17248,17248,2,0
2023-06-19 15:20:21,17248,17248,17248,2,0
2023-06-19 15:20:25,17248,17248,17248,2,0
2023-06-19 15:20:26,17249,17249,17249,4,4
2023-06-19 15:20:30,17248,17248,17248,2,-2
2023-06-19 15:20:30,17248,17248,17248,4,0
2023-06-19 15:20:44,17248,17248,17248,2,0
2023-06-19 15:20:54,17248,17248,17248,2,0
2023-06-19 15:20:54,17248,17248,17248,2,0
2023-06-19 15:20:54,17248,17248,17248,4,0
2023-06-19 15:20:57,17249,17249,17249,2,2
2023-06-19 15:21:04,17249,17249,17249,2,0
2023-06-19 15:21:06,17249,17249,17249,2,0
2023-06-19 15:21:06,17250,17250,17250,2,2
2023-06-19 15:21:17,17250,17250,17250,2,0
2023-06-19 15:21:17,17250,17250,17250,4,0
2023-06-19 15:21:20,17251,17251,17251,4,4
2023-06-19 15:21:26,17252,17252,17252,2,2
2023-06-19 15:21:30,17252,17252,17252,2,0
2023-06-19 15:21:40,17252,17252,17252,4,0
2023-06-19 15:21:43,17251,17251,17251,2,-2
2023-06-19 15:21:43,17251,17251,17251,2,0
2023-06-19 15:21:49,17252,17252,17252,2,2
2023-06-19 15:21:54,17252,17252,17252,2,0
2023-06-19 15:22:01,17251,17251,17251,2,-2
2023-06-19 15:22:02,17252,17252,17252,6,6
2023-06-19 15:22:06,17252,17252,17252,2,0
2023-06-19 15:22:16,17253,17253,17253,2,2
2023-06-19 15:22:18,17253,17253,17253,4,0
2023-06-19 15:22:18,17253,17253,17253,8,0
2023-06-19 15:22:26,17254,17254,17254,8,8
2023-06-19 15:22:27,17254,17254,17254,2,0
2023-06-19 15:22:35,17254,17254,17254,2,0
2023-06-19 15:22:41,17253,17253,17253,2,-2
2023-06-19 15:22:41,17253,17253,17253,4,0
2023-06-19 15:22:41,17253,17253,17253,2,0
2023-06-19 15:22:41,17253,17253,17253,2,0
2023-06-19 15:22:41,17253,17253,17253,2,0
2023-06-19 15:22:41,17252,17252,17252,2,-2
2023-06-19 15:22:43,17253,17253,17253,4,4
2023-06-19 15:22:46,17252,17252,17252,2,-2
2023-06-19 15:22:50,17252,17252,17252,2,0
2023-06-19 15:22:51,17252,17252,17252,2,0
2023-06-19 15:22:51,17252,17252,17252,4,0
2023-06-19 15:22:52,17252,17252,17252,2,0
2023-06-19 15:22:53,17252,17252,17252,4,0
2023-06-19 15:22:55,17252,17252,17252,10,0
2023-06-19 15:23:11,17252,17252,17252,2,0
2023-06-19 15:23:21,17252,17252,17252,2,0
2023-06-19 15:23:28,17252,17252,17252,2,0
2023-06-19 15:23:30,17252,17252,17252,2,0
2023-06-19 15:23:34,17252,17252,17252,2,0
2023-06-19 15:23:50,17252,17252,17252,2,0
2023-06-19 15:23:56,17253,17253,17253,4,4
2023-06-19 15:24:00,17252,17252,17252,2,-2
2023-06-19 15:24:03,17252,17252,17252,2,0
2023-06-19 15:24:03,17252,17252,17252,2,0
2023-06-19 15:24:05,17252,17252,17252,4,0
2023-06-19 15:24:13,17251,17251,17251,2,-2
2023-06-19 15:24:13,17251,17251,17251,8,0
2023-06-19 15:24:13,17251,17251,17251,4,0
2023-06-19 15:24:13,17251,17251,17251,2,0
2023-06-19 15:24:13,17251,17251,17251,2,0
2023-06-19 15:24:13,17251,17251,17251,4,0
2023-06-19 15:24:13,17251,17251,17251,4,0
2023-06-19 15:24:23,17251,17251,17251,4,0
2023-06-19 15:24:33,17250,17250,17250,2,-2
2023-06-19 15:24:40,17251,17251,17251,6,6
2023-06-19 15:24:42,17251,17251,17251,2,0
2023-06-19 15:24:43,17250,17250,17250,2,-2
2023-06-19 15:24:56,17251,17251,17251,4,4
2023-06-19 15:24:57,17252,17252,17252,2,2
2023-06-19 15:24:57,17251,17251,17251,2,-2
2023-06-19 15:24:57,17251,17251,17251,2,0
2023-06-19 15:24:57,17251,17251,17251,2,0
2023-06-19 15:24:57,17251,17251,17251,2,0
2023-06-19 15:25:04,17253,17253,17253,10,10
2023-06-19 15:25:07,17252,17252,17252,2,-2
2023-06-19 15:25:13,17253,17253,17253,6,6
2023-06-19 15:25:16,17254,17254,17254,2,2
2023-06-19 15:25:21,17253,17253,17253,2,-2
2023-06-19 15:25:25,17254,17254,17254,2,2
2023-06-19 15:25:25,17254,17254,17254,2,0
2023-06-19 15:25:25,17254,17254,17254,34,0
2023-06-19 15:25:25,17254,17254,17254,4,0
2023-06-19 15:25:25,17254,17254,17254,2,0
2023-06-19 15:25:29,17255,17255,17255,2,2
2023-06-19 15:25:33,17254,17254,17254,2,-2
2023-06-19 15:25:40,17255,17255,17255,2,2
2023-06-19 15:25:44,17254,17254,17254,2,-2
2023-06-19 15:25:48,17254,17254,17254,2,0
2023-06-19 15:25:55,17254,17254,17254,2,0
2023-06-19 15:25:55,17254,17254,17254,2,0
2023-06-19 15:25:55,17254,17254,17254,2,0
2023-06-19 15:25:55,17254,17254,17254,2,0
2023-06-19 15:26:00,17254,17254,17254,2,0
2023-06-19 15:26:00,17254,17254,17254,2,0
2023-06-19 15:26:00,17255,17255,17255,4,4
2023-06-19 15:26:07,17255,17255,17255,4,0
2023-06-19 15:26:09,17255,17255,17255,4,0
2023-06-19 15:26:12,17255,17255,17255,2,0
2023-06-19 15:26:12,17254,17254,17254,4,-4
2023-06-19 15:26:15,17255,17255,17255,2,2
2023-06-19 15:26:19,17255,17255,17255,2,0
2023-06-19 15:26:19,17255,17255,17255,2,0
2023-06-19 15:26:19,17255,17255,17255,2,0
2023-06-19 15:26:19,17255,17255,17255,2,0
2023-06-19 15:26:19,17255,17255,17255,2,0
2023-06-19 15:26:19,17255,17255,17255,2,0
2023-06-19 15:26:24,17256,17256,17256,2,2
2023-06-19 15:26:24,17256,17256,17256,2,0
2023-06-19 15:26:27,17256,17256,17256,2,0
2023-06-19 15:26:28,17256,17256,17256,2,0
2023-06-19 15:26:29,17256,17256,17256,2,0
2023-06-19 15:26:31,17256,17256,17256,4,0
2023-06-19 15:26:32,17256,17256,17256,2,0
2023-06-19 15:26:35,17257,17257,17257,2,2
2023-06-19 15:26:37,17257,17257,17257,4,0
2023-06-19 15:26:40,17257,17257,17257,2,0
2023-06-19 15:26:41,17256,17256,17256,2,-2
2023-06-19 15:26:41,17257,17257,17257,12,12
2023-06-19 15:26:48,17257,17257,17257,4,0
2023-06-19 15:26:50,17256,17256,17256,2,-2
2023-06-19 15:26:54,17257,17257,17257,4,4
2023-06-19 15:26:58,17257,17257,17257,2,0
2023-06-19 15:27:17,17256,17256,17256,4,-4
2023-06-19 15:27:18,17256,17256,17256,2,0
2023-06-19 15:27:20,17256,17256,17256,2,0
2023-06-19 15:27:32,17256,17256,17256,2,0
2023-06-19 15:27:35,17256,17256,17256,2,0
2023-06-19 15:27:37,17256,17256,17256,2,0
2023-06-19 15:27:51,17255,17255,17255,2,-2
2023-06-19 15:27:55,17255,17255,17255,2,0
2023-06-19 15:28:00,17255,17255,17255,2,0
2023-06-19 15:28:00,17256,17256,17256,2,2
2023-06-19 15:28:01,17255,17255,17255,2,-2
2023-06-19 15:28:03,17256,17256,17256,2,2
2023-06-19 15:28:06,17255,17255,17255,4,-4
2023-06-19 15:28:08,17256,17256,17256,10,10
2023-06-19 15:28:11,17256,17256,17256,2,0
2023-06-19 15:28:18,17255,17255,17255,2,-2
2023-06-19 15:28:19,17256,17256,17256,10,10
2023-06-19 15:28:19,17256,17256,17256,4,0
2023-06-19 15:28:28,17255,17255,17255,2,-2
2023-06-19 15:28:34,17255,17255,17255,6,0
2023-06-19 15:28:34,17255,17255,17255,2,0
2023-06-19 15:28:38,17256,17256,17256,2,2
2023-06-19 15:28:41,17256,17256,17256,2,0
2023-06-19 15:28:44,17255,17255,17255,4,-4
2023-06-19 15:29:03,17255,17255,17255,2,0
2023-06-19 15:29:04,17255,17255,17255,4,0
2023-06-19 15:29:11,17254,17254,17254,2,-2
2023-06-19 15:29:14,17254,17254,17254,2,0
2023-06-19 15:29:14,17254,17254,17254,6,0
2023-06-19 15:29:14,17254,17254,17254,4,0
2023-06-19 15:29:17,17255,17255,17255,2,2
2023-06-19 15:29:17,17255,17255,17255,2,0
2023-06-19 15:29:17,17255,17255,17255,4,0
2023-06-19 15:29:28,17255,17255,17255,2,0
2023-06-19 15:29:33,17254,17254,17254,2,-2
2023-06-19 15:29:33,17254,17254,17254,2,0
2023-06-19 15:29:33,17253,17253,17253,2,-2
2023-06-19 15:29:33,17253,17253,17253,2,0
2023-06-19 15:29:33,17253,17253,17253,2,0
2023-06-19 15:29:33,17253,17253,17253,2,0
2023-06-19 15:29:33,17253,17253,17253,2,0
2023-06-19 15:29:35,17254,17254,17254,2,2
2023-06-19 15:29:42,17253,17253,17253,2,-2
2023-06-19 15:30:01,17253,17253,17253,4,0
2023-06-19 15:30:01,17253,17253,17253,4,0
2023-06-19 15:30:01,17253,17253,17253,4,0
2023-06-19 15:30:01,17254,17254,17254,2,2
2023-06-19 15:30:01,17255,17255,17255,2,2
2023-06-19 15:30:07,17254,17254,17254,2,-2
2023-06-19 15:30:13,17254,17254,17254,2,0
2023-06-19 15:30:33,17254,17254,17254,2,0
2023-06-19 15:30:33,17254,17254,17254,2,0
2023-06-19 15:31:04,17255,17255,17255,8,8
2023-06-19 15:31:19,17255,17255,17255,2,0
2023-06-19 15:31:56,17255,17255,17255,2,0
2023-06-19 15:31:56,17255,17255,17255,2,0
2023-06-19 15:31:56,17256,17256,17256,2,2
2023-06-19 15:32:00,17256,17256,17256,2,0
2023-06-19 15:32:00,17256,17256,17256,2,0
2023-06-19 15:32:04,17256,17256,17256,2,0
2023-06-19 15:32:05,17256,17256,17256,12,0
2023-06-19 15:32:18,17256,17256,17256,2,0
2023-06-19 15:32:33,17257,17257,17257,4,4
2023-06-19 15:32:39,17257,17257,17257,18,0
2023-06-19 15:32:39,17258,17258,17258,50,50
2023-06-19 15:32:39,17259,17259,17259,32,32
2023-06-19 15:32:39,17259,17259,17259,4,0
2023-06-19 15:32:39,17259,17259,17259,2,0
2023-06-19 15:32:39,17259,17259,17259,2,0
2023-06-19 15:32:40,17260,17260,17260,4,4
2023-06-19 15:32:40,17260,17260,17260,4,0
2023-06-19 15:32:40,17260,17260,17260,10,0
2023-06-19 15:32:40,17260,17260,17260,26,0
2023-06-19 15:32:40,17260,17260,17260,4,0
2023-06-19 15:32:40,17260,17260,17260,2,0
2023-06-19 15:32:40,17260,17260,17260,2,0
2023-06-19 15:32:40,17260,17260,17260,2,0
2023-06-19 15:32:40,17260,17260,17260,2,0
2023-06-19 15:32:40,17260,17260,17260,2,0
2023-06-19 15:32:44,17260,17260,17260,2,0
2023-06-19 15:32:46,17260,17260,17260,2,0
2023-06-19 15:32:50,17260,17260,17260,2,0
2023-06-19 15:32:50,17259,17259,17259,4,-4
2023-06-19 15:32:50,17259,17259,17259,2,0
2023-06-19 15:32:50,17259,17259,17259,2,0
2023-06-19 15:32:50,17259,17259,17259,2,0
2023-06-19 15:32:50,17259,17259,17259,2,0
2023-06-19 15:32:50,17259,17259,17259,2,0
2023-06-19 15:33:00,17259,17259,17259,2,0
2023-06-19 15:33:00,17259,17259,17259,2,0
2023-06-19 15:33:00,17258,17258,17258,2,-2
2023-06-19 15:33:00,17259,17259,17259,2,2
2023-06-19 15:33:03,17259,17259,17259,2,0
2023-06-19 15:33:05,17259,17259,17259,4,0
2023-06-19 15:33:05,17259,17259,17259,2,0
2023-06-19 15:33:05,17259,17259,17259,2,0
2023-06-19 15:33:05,17259,17259,17259,4,0
2023-06-19 15:33:05,17258,17258,17258,2,-2
2023-06-19 15:33:05,17258,17258,17258,4,0
2023-06-19 15:33:05,17258,17258,17258,2,0
2023-06-19 15:33:05,17258,17258,17258,2,0
2023-06-19 15:33:05,17258,17258,17258,10,0
2023-06-19 15:33:05,17259,17259,17259,2,2
2023-06-19 15:33:05,17259,17259,17259,2,0
2023-06-19 15:33:05,17260,17260,17260,20,20
2023-06-19 15:33:05,17259,17259,17259,2,-2
2023-06-19 15:33:10,17259,17259,17259,2,0
2023-06-19 15:33:11,17260,17260,17260,2,2
2023-06-19 15:33:11,17259,17259,17259,2,-2
2023-06-19 15:33:20,17259,17259,17259,6,0
2023-06-19 15:33:20,17259,17259,17259,2,0
2023-06-19 15:33:20,17259,17259,17259,2,0
2023-06-19 15:33:21,17259,17259,17259,2,0
2023-06-19 15:33:36,17257,17257,17257,2,-2
2023-06-19 15:33:49,17259,17259,17259,2,2
2023-06-19 15:33:52,17259,17259,17259,2,0
2023-06-19 15:34:00,17259,17259,17259,4,0
2023-06-19 15:34:00,17259,17259,17259,4,0
2023-06-19 15:34:00,17259,17259,17259,2,0
2023-06-19 15:34:00,17259,17259,17259,2,0
2023-06-19 15:34:00,17258,17258,17258,4,-4
2023-06-19 15:34:04,17259,17259,17259,2,2
2023-06-19 15:34:08,17259,17259,17259,8,0
2023-06-19 15:34:16,17260,17260,17260,2,2
2023-06-19 15:34:20,17260,17260,17260,2,0
2023-06-19 15:34:22,17260,17260,17260,2,0
2023-06-19 15:34:22,17260,17260,17260,2,0
2023-06-19 15:34:22,17260,17260,17260,22,0
2023-06-19 15:34:28,17260,17260,17260,2,0
2023-06-19 15:34:28,17261,17261,17261,2,2
2023-06-19 15:34:28,17261,17261,17261,6,0
2023-06-19 15:34:29,17262,17262,17262,2,2
2023-06-19 15:34:29,17262,17262,17262,2,0
2023-06-19 15:34:29,17262,17262,17262,2,0
2023-06-19 15:34:29,17262,17262,17262,2,0
2023-06-19 15:34:29,17262,17262,17262,2,0
2023-06-19 15:34:29,17262,17262,17262,8,0
2023-06-19 15:34:29,17262,17262,17262,2,0
2023-06-19 15:34:29,17262,17262,17262,6,0
2023-06-19 15:34:29,17262,17262,17262,6,0
2023-06-19 15:34:29,17263,17263,17263,2,2
2023-06-19 15:34:29,17263,17263,17263,2,0
2023-06-19 15:34:29,17263,17263,17263,10,0
2023-06-19 15:34:29,17264,17264,17264,6,6
2023-06-19 15:34:29,17264,17264,17264,4,0
2023-06-19 15:34:29,17264,17264,17264,8,0
2023-06-19 15:34:29,17264,17264,17264,12,0
2023-06-19 15:34:29,17265,17265,17265,2,2
2023-06-19 15:34:29,17265,17265,17265,6,0
2023-06-19 15:34:29,17265,17265,17265,2,0
2023-06-19 15:34:29,17265,17265,17265,8,0
2023-06-19 15:34:29,17265,17265,17265,4,0
2023-06-19 15:34:29,17265,17265,17265,2,0
2023-06-19 15:34:29,17265,17265,17265,2,0
2023-06-19 15:34:29,17265,17265,17265,4,0
2023-06-19 15:34:30,17265,17265,17265,2,0
2023-06-19 15:34:31,17265,17265,17265,4,0
2023-06-19 15:34:33,17264,17264,17264,2,-2
2023-06-19 15:34:33,17264,17264,17264,4,0
2023-06-19 15:34:33,17265,17265,17265,8,8
2023-06-19 15:34:34,17265,17265,17265,2,0
2023-06-19 15:34:34,17265,17265,17265,2,0
2023-06-19 15:34:36,17264,17264,17264,2,-2
2023-06-19 15:34:37,17265,17265,17265,6,6
2023-06-19 15:34:40,17265,17265,17265,2,0
2023-06-19 15:34:41,17266,17266,17266,2,2
2023-06-19 15:34:41,17265,17265,17265,2,-2
2023-06-19 15:34:42,17265,17265,17265,2,0
2023-06-19 15:34:45,17265,17265,17265,2,0
2023-06-19 15:34:45,17265,17265,17265,2,0
2023-06-19 15:34:45,17265,17265,17265,2,0
2023-06-19 15:34:48,17265,17265,17265,2,0
2023-06-19 15:34:48,17264,17264,17264,2,-2
2023-06-19 15:34:48,17264,17264,17264,4,0
2023-06-19 15:34:48,17265,17265,17265,2,2
2023-06-19 15:34:49,17265,17265,17265,2,0
2023-06-19 15:34:49,17265,17265,17265,6,0
2023-06-19 15:34:50,17266,17266,17266,2,2
2023-06-19 15:34:50,17266,17266,17266,2,0
2023-06-19 15:34:50,17266,17266,17266,2,0
2023-06-19 15:34:51,17265,17265,17265,2,-2
2023-06-19 15:34:52,17266,17266,17266,2,2
2023-06-19 15:34:53,17266,17266,17266,2,0
2023-06-19 15:34:53,17265,17265,17265,2,-2
2023-06-19 15:34:53,17265,17265,17265,2,0
2023-06-19 15:34:55,17266,17266,17266,4,4
2023-06-19 15:34:55,17266,17266,17266,2,0
2023-06-19 15:34:56,17266,17266,17266,4,0
2023-06-19 15:34:56,17266,17266,17266,2,0
2023-06-19 15:34:57,17266,17266,17266,2,0
2023-06-19 15:34:58,17266,17266,17266,2,0
2023-06-19 15:34:58,17266,17266,17266,2,0
2023-06-19 15:34:58,17266,17266,17266,2,0
2023-06-19 15:34:58,17266,17266,17266,4,0
2023-06-19 15:34:58,17266,17266,17266,2,0
2023-06-19 15:34:58,17266,17266,17266,2,0
2023-06-19 15:35:00,17266,17266,17266,2,0
2023-06-19 15:35:00,17267,17267,17267,2,2
2023-06-19 15:35:00,17267,17267,17267,2,0
2023-06-19 15:35:00,17267,17267,17267,4,0
2023-06-19 15:35:00,17266,17266,17266,2,-2
2023-06-19 15:35:00,17267,17267,17267,2,2
2023-06-19 15:35:01,17267,17267,17267,2,0
2023-06-19 15:35:01,17266,17266,17266,2,-2
2023-06-19 15:35:01,17267,17267,17267,2,2
2023-06-19 15:35:04,17268,17268,17268,20,20
2023-06-19 15:35:04,17268,17268,17268,2,0
2023-06-19 15:35:04,17268,17268,17268,2,0
2023-06-19 15:35:04,17268,17268,17268,2,0
2023-06-19 15:35:04,17269,17269,17269,2,2
2023-06-19 15:35:04,17268,17268,17268,2,-2
2023-06-19 15:35:04,17268,17268,17268,4,0
2023-06-19 15:35:04,17268,17268,17268,4,0
2023-06-19 15:35:04,17268,17268,17268,2,0
2023-06-19 15:35:04,17268,17268,17268,2,0
2023-06-19 15:35:04,17268,17268,17268,2,0
2023-06-19 15:35:04,17268,17268,17268,6,0
2023-06-19 15:35:05,17268,17268,17268,2,0
2023-06-19 15:35:06,17268,17268,17268,2,0
2023-06-19 15:35:06,17269,17269,17269,2,2
2023-06-19 15:35:07,17268,17268,17268,2,-2
2023-06-19 15:35:08,17268,17268,17268,2,0
2023-06-19 15:35:09,17268,17268,17268,2,0
2023-06-19 15:35:10,17268,17268,17268,2,0
2023-06-19 15:35:11,17268,17268,17268,2,0
2023-06-19 15:35:12,17268,17268,17268,2,0
2023-06-19 15:35:12,17268,17268,17268,2,0
2023-06-19 15:35:14,17267,17267,17267,2,-2
2023-06-19 15:35:15,17268,17268,17268,6,6
2023-06-19 15:35:15,17268,17268,17268,4,0
2023-06-19 15:35:15,17268,17268,17268,2,0
2023-06-19 15:35:15,17268,17268,17268,2,0
2023-06-19 15:35:16,17268,17268,17268,2,0
2023-06-19 15:35:16,17269,17269,17269,4,4
2023-06-19 15:35:17,17268,17268,17268,2,-2
2023-06-19 15:35:20,17267,17267,17267,2,-2
2023-06-19 15:35:20,17267,17267,17267,2,0
2023-06-19 15:35:20,17267,17267,17267,6,0
2023-06-19 15:35:20,17268,17268,17268,6,6
2023-06-19 15:35:20,17266,17266,17266,2,-2
2023-06-19 15:35:21,17266,17266,17266,2,0
2023-06-19 15:35:28,17266,17266,17266,2,0
2023-06-19 15:35:32,17267,17267,17267,2,2
2023-06-19 15:35:33,17267,17267,17267,2,0
2023-06-19 15:35:36,17266,17266,17266,2,-2
2023-06-19 15:35:36,17266,17266,17266,8,0
2023-06-19 15:35:36,17266,17266,17266,2,0
2023-06-19 15:35:36,17265,17265,17265,2,-2
2023-06-19 15:35:36,17265,17265,17265,4,0
2023-06-19 15:35:36,17265,17265,17265,4,0
2023-06-19 15:35:36,17265,17265,17265,2,0
2023-06-19 15:35:36,17265,17265,17265,2,0
2023-06-19 15:35:36,17265,17265,17265,4,0
2023-06-19 15:35:36,17265,17265,17265,2,0
2023-06-19 15:35:36,17265,17265,17265,4,0
2023-06-19 15:35:36,17265,17265,17265,2,0
2023-06-19 15:35:36,17265,17265,17265,2,0
2023-06-19 15:35:36,17265,17265,17265,2,0
2023-06-19 15:35:36,17265,17265,17265,2,0
2023-06-19 15:35:36,17265,17265,17265,10,0
2023-06-19 15:35:36,17264,17264,17264,4,-4
2023-06-19 15:35:36,17264,17264,17264,2,0
2023-06-19 15:35:36,17264,17264,17264,4,0
2023-06-19 15:35:36,17264,17264,17264,4,0
2023-06-19 15:35:36,17264,17264,17264,2,0
2023-06-19 15:35:36,17264,17264,17264,2,0
2023-06-19 15:35:36,17264,17264,17264,2,0
2023-06-19 15:35:36,17264,17264,17264,6,0
2023-06-19 15:35:36,17264,17264,17264,2,0
2023-06-19 15:35:36,17264,17264,17264,2,0
2023-06-19 15:35:36,17264,17264,17264,2,0
2023-06-19 15:35:36,17264,17264,17264,2,0
2023-06-19 15:35:36,17264,17264,17264,2,0
2023-06-19 15:35:36,17264,17264,17264,4,0
2023-06-19 15:35:36,17264,17264,17264,2,0
2023-06-19 15:35:36,17264,17264,17264,4,0
2023-06-19 15:35:36,17264,17264,17264,4,0
2023-06-19 15:35:36,17264,17264,17264,2,0
2023-06-19 15:35:36,17264,17264,17264,4,0
2023-06-19 15:35:37,17264,17264,17264,2,0
2023-06-19 15:35:38,17264,17264,17264,2,0
2023-06-19 15:35:38,17264,17264,17264,4,0
2023-06-19 15:35:40,17264,17264,17264,4,0
2023-06-19 15:35:41,17264,17264,17264,2,0
2023-06-19 15:35:44,17264,17264,17264,2,0
2023-06-19 15:35:44,17263,17263,17263,2,-2
2023-06-19 15:35:49,17263,17263,17263,2,0
2023-06-19 15:35:49,17262,17262,17262,2,-2
2023-06-19 15:35:49,17264,17264,17264,6,6
2023-06-19 15:35:53,17264,17264,17264,8,0
2023-06-19 15:35:53,17264,17264,17264,2,0
2023-06-19 15:35:53,17264,17264,17264,2,0
2023-06-19 15:35:55,17265,17265,17265,4,4
2023-06-19 15:35:55,17266,17266,17266,2,2
2023-06-19 15:35:55,17265,17265,17265,2,-2
2023-06-19 15:36:00,17266,17266,17266,2,2
2023-06-19 15:36:00,17266,17266,17266,2,0
2023-06-19 15:36:07,17267,17267,17267,6,6
2023-06-19 15:36:07,17267,17267,17267,2,0
2023-06-19 15:36:07,17267,17267,17267,2,0
2023-06-19 15:36:12,17267,17267,17267,2,0
2023-06-19 15:36:12,17267,17267,17267,2,0
2023-06-19 15:36:12,17267,17267,17267,2,0
2023-06-19 15:36:12,17267,17267,17267,2,0
2023-06-19 15:36:12,17267,17267,17267,2,0
2023-06-19 15:36:12,17267,17267,17267,2,0
2023-06-19 15:36:12,17268,17268,17268,4,4
2023-06-19 15:36:12,17268,17268,17268,2,0
2023-06-19 15:36:12,17268,17268,17268,2,0
2023-06-19 15:36:13,17268,17268,17268,2,0
2023-06-19 15:36:17,17267,17267,17267,2,-2
2023-06-19 15:36:18,17267,17267,17267,4,0
2023-06-19 15:36:19,17268,17268,17268,6,6
2023-06-19 15:36:20,17268,17268,17268,2,0
2023-06-19 15:36:20,17268,17268,17268,2,0
2023-06-19 15:36:21,17268,17268,17268,4,0
2023-06-19 15:36:26,17267,17267,17267,2,-2
2023-06-19 15:36:28,17267,17267,17267,2,0
2023-06-19 15:36:28,17267,17267,17267,2,0
2023-06-19 15:36:30,17267,17267,17267,2,0
2023-06-19 15:36:32,17267,17267,17267,2,0
2023-06-19 15:36:39,17267,17267,17267,2,0
2023-06-19 15:36:42,17266,17266,17266,2,-2
2023-06-19 15:36:42,17267,17267,17267,2,2
2023-06-19 15:36:42,17267,17267,17267,2,0
2023-06-19 15:36:42,17266,17266,17266,2,-2
2023-06-19 15:37:00,17266,17266,17266,2,0
2023-06-19 15:37:04,17266,17266,17266,4,0
2023-06-19 15:37:09,17266,17266,17266,2,0
2023-06-19 15:37:10,17266,17266,17266,2,0
2023-06-19 15:37:10,17266,17266,17266,4,0
2023-06-19 15:37:11,17266,17266,17266,2,0
2023-06-19 15:37:11,17265,17265,17265,2,-2
2023-06-19 15:37:11,17265,17265,17265,2,0
2023-06-19 15:37:11,17265,17265,17265,2,0
2023-06-19 15:37:11,17265,17265,17265,2,0
2023-06-19 15:37:11,17265,17265,17265,2,0
2023-06-19 15:37:11,17265,17265,17265,8,0
2023-06-19 15:37:13,17265,17265,17265,10,0
2023-06-19 15:37:13,17265,17265,17265,2,0
2023-06-19 15:37:16,17264,17264,17264,2,-2
2023-06-19 15:37:20,17264,17264,17264,2,0
2023-06-19 15:37:20,17264,17264,17264,2,0
2023-06-19 15:37:20,17264,17264,17264,2,0
2023-06-19 15:37:31,17264,17264,17264,2,0
2023-06-19 15:37:33,17263,17263,17263,2,-2
2023-06-19 15:37:33,17263,17263,17263,4,0
2023-06-19 15:37:33,17263,17263,17263,2,0
2023-06-19 15:37:33,17263,17263,17263,2,0
2023-06-19 15:37:42,17263,17263,17263,2,0
2023-06-19 15:37:42,17263,17263,17263,2,0
2023-06-19 15:37:50,17263,17263,17263,2,0
2023-06-19 15:37:58,17263,17263,17263,2,0
2023-06-19 15:37:59,17263,17263,17263,2,0
2023-06-19 15:38:00,17263,17263,17263,2,0
2023-06-19 15:38:00,17264,17264,17264,4,4
2023-06-19 15:38:00,17264,17264,17264,4,0
2023-06-19 15:38:00,17264,17264,17264,4,0
2023-06-19 15:38:00,17264,17264,17264,2,0
2023-06-19 15:38:01,17265,17265,17265,2,2
2023-06-19 15:38:01,17265,17265,17265,6,0
2023-06-19 15:38:03,17266,17266,17266,4,4
2023-06-19 15:38:05,17266,17266,17266,2,0
2023-06-19 15:38:05,17266,17266,17266,2,0
2023-06-19 15:38:05,17266,17266,17266,2,0
2023-06-19 15:38:08,17266,17266,17266,2,0
2023-06-19 15:38:15,17267,17267,17267,6,6
2023-06-19 15:38:16,17267,17267,17267,2,0
2023-06-19 15:38:18,17267,17267,17267,8,0
2023-06-19 15:38:37,17267,17267,17267,2,0
2023-06-19 15:38:38,17267,17267,17267,2,0
2023-06-19 15:38:42,17266,17266,17266,2,-2
2023-06-19 15:38:46,17266,17266,17266,2,0
2023-06-19 15:38:48,17266,17266,17266,2,0
2023-06-19 15:39:02,17267,17267,17267,4,4
2023-06-19 15:39:05,17267,17267,17267,2,0
2023-06-19 15:39:08,17267,17267,17267,6,0
2023-06-19 15:39:12,17267,17267,17267,2,0
2023-06-19 15:39:12,17267,17267,17267,2,0
2023-06-19 15:39:12,17268,17268,17268,2,2
2023-06-19 15:39:12,17268,17268,17268,2,0
2023-06-19 15:39:15,17268,17268,17268,4,0
2023-06-19 15:39:21,17268,17268,17268,4,0
2023-06-19 15:39:21,17268,17268,17268,2,0
2023-06-19 15:39:22,17267,17267,17267,2,-2
2023-06-19 15:39:25,17267,17267,17267,2,0
2023-06-19 15:39:25,17267,17267,17267,2,0
2023-06-19 15:39:26,17266,17266,17266,2,-2
2023-06-19 15:39:26,17266,17266,17266,2,0
2023-06-19 15:39:26,17266,17266,17266,2,0
2023-06-19 15:39:26,17266,17266,17266,2,0
2023-06-19 15:39:26,17266,17266,17266,4,0
2023-06-19 15:39:26,17266,17266,17266,2,0
2023-06-19 15:39:26,17267,17267,17267,2,2
2023-06-19 15:39:27,17267,17267,17267,4,0
2023-06-19 15:39:28,17267,17267,17267,2,0
2023-06-19 15:39:34,17266,17266,17266,2,-2
2023-06-19 15:39:36,17265,17265,17265,2,-2
2023-06-19 15:39:45,17265,17265,17265,2,0
2023-06-19 15:39:45,17266,17266,17266,2,2
2023-06-19 15:39:46,17266,17266,17266,2,0
2023-06-19 15:39:46,17266,17266,17266,2,0
2023-06-19 15:39:48,17265,17265,17265,2,-2
2023-06-19 15:39:48,17266,17266,17266,2,2
2023-06-19 15:39:52,17266,17266,17266,2,0
2023-06-19 15:39:53,17266,17266,17266,2,0
2023-06-19 15:39:55,17266,17266,17266,2,0
2023-06-19 15:39:56,17265,17265,17265,2,-2
2023-06-19 15:40:02,17265,17265,17265,2,0
2023-06-19 15:40:03,17266,17266,17266,2,2
2023-06-19 15:40:11,17266,17266,17266,2,0
2023-06-19 15:40:15,17266,17266,17266,2,0
2023-06-19 15:40:16,17266,17266,17266,4,0
2023-06-19 15:40:17,17265,17265,17265,2,-2
2023-06-19 15:40:19,17265,17265,17265,2,0
2023-06-19 15:40:19,17265,17265,17265,2,0
2023-06-19 15:40:20,17265,17265,17265,4,0
2023-06-19 15:40:24,17265,17265,17265,10,0
2023-06-19 15:40:25,17265,17265,17265,2,0
2023-06-19 15:40:25,17265,17265,17265,2,0
2023-06-19 15:40:30,17264,17264,17264,2,-2
2023-06-19 15:40:32,17264,17264,17264,2,0
2023-06-19 15:40:32,17264,17264,17264,2,0
2023-06-19 15:40:33,17264,17264,17264,4,0
2023-06-19 15:40:38,17265,17265,17265,2,2
2023-06-19 15:40:40,17264,17264,17264,2,-2
2023-06-19 15:40:49,17264,17264,17264,2,0
2023-06-19 15:41:04,17264,17264,17264,2,0
2023-06-19 15:41:04,17264,17264,17264,2,0
2023-06-19 15:41:17,17264,17264,17264,2,0
2023-06-19 15:41:17,17264,17264,17264,2,0
2023-06-19 15:41:17,17264,17264,17264,2,0
2023-06-19 15:41:38,17264,17264,17264,2,0
2023-06-19 15:41:44,17263,17263,17263,2,-2
2023-06-19 15:41:44,17263,17263,17263,2,0
2023-06-19 15:41:44,17263,17263,17263,4,0
2023-06-19 15:41:44,17263,17263,17263,4,0
2023-06-19 15:41:44,17263,17263,17263,6,0
2023-06-19 15:41:44,17263,17263,17263,2,0
2023-06-19 15:41:48,17262,17262,17262,2,-2
2023-06-19 15:41:48,17262,17262,17262,2,0
2023-06-19 15:41:48,17262,17262,17262,2,0
2023-06-19 15:41:48,17262,17262,17262,2,0
2023-06-19 15:41:48,17262,17262,17262,2,0
2023-06-19 15:41:48,17262,17262,17262,2,0
2023-06-19 15:41:48,17262,17262,17262,2,0
2023-06-19 15:41:48,17262,17262,17262,2,0
2023-06-19 15:41:48,17261,17261,17261,4,-4
2023-06-19 15:41:48,17261,17261,17261,2,0
2023-06-19 15:41:48,17261,17261,17261,2,0
2023-06-19 15:42:06,17261,17261,17261,2,0
2023-06-19 15:42:11,17261,17261,17261,2,0
2023-06-19 15:42:16,17261,17261,17261,2,0
2023-06-19 15:42:20,17261,17261,17261,2,0
2023-06-19 15:42:25,17262,17262,17262,4,4
2023-06-19 15:42:29,17262,17262,17262,6,0
2023-06-19 15:42:30,17261,17261,17261,2,-2
2023-06-19 15:42:30,17261,17261,17261,2,0
2023-06-19 15:42:36,17262,17262,17262,2,2
2023-06-19 15:43:00,17262,17262,17262,2,0
2023-06-19 15:43:03,17262,17262,17262,4,0
2023-06-19 15:43:19,17262,17262,17262,2,0
2023-06-19 15:43:31,17262,17262,17262,6,0
2023-06-19 15:43:40,17262,17262,17262,8,0
2023-06-19 15:43:40,17262,17262,17262,2,0
2023-06-19 15:43:44,17263,17263,17263,2,2
2023-06-19 15:44:28,17262,17262,17262,2,-2
2023-06-19 15:44:42,17261,17261,17261,4,-4
2023-06-19 15:44:42,17261,17261,17261,4,0
2023-06-19 15:44:42,17261,17261,17261,2,0
2023-06-19 15:44:42,17261,17261,17261,2,0
2023-06-19 15:44:45,17260,17260,17260,2,-2
2023-06-19 15:44:45,17260,17260,17260,2,0
2023-06-19 15:44:45,17260,17260,17260,2,0
2023-06-19 15:44:45,17260,17260,17260,2,0
2023-06-19 15:44:45,17260,17260,17260,2,0
2023-06-19 15:44:45,17260,17260,17260,10,0
2023-06-19 15:44:45,17260,17260,17260,2,0
2023-06-19 15:44:45,17260,17260,17260,2,0
2023-06-19 15:44:45,17260,17260,17260,2,0
2023-06-19 15:44:49,17260,17260,17260,2,0
2023-06-19 15:44:51,17260,17260,17260,2,0
2023-06-19 15:44:53,17259,17259,17259,2,-2
2023-06-19 15:45:10,17259,17259,17259,2,0
2023-06-19 15:45:10,17260,17260,17260,4,4
2023-06-19 15:45:11,17260,17260,17260,2,0
2023-06-19 15:45:29,17260,17260,17260,4,0
2023-06-19 15:45:41,17259,17259,17259,2,-2
2023-06-19 15:45:41,17259,17259,17259,4,0
2023-06-19 15:45:41,17259,17259,17259,2,0
2023-06-19 15:45:41,17259,17259,17259,12,0
2023-06-19 15:45:41,17259,17259,17259,8,0
2023-06-19 15:45:41,17259,17259,17259,2,0
2023-06-19 15:45:41,17259,17259,17259,2,0
2023-06-19 15:45:41,17259,17259,17259,2,0
2023-06-19 15:45:44,17258,17258,17258,2,-2
2023-06-19 15:45:49,17258,17258,17258,8,0
2023-06-19 15:46:04,17258,17258,17258,2,0
2023-06-19 15:46:05,17258,17258,17258,2,0
2023-06-19 15:46:05,17259,17259,17259,2,2
2023-06-19 15:46:05,17259,17259,17259,2,0
2023-06-19 15:46:07,17259,17259,17259,2,0
2023-06-19 15:46:22,17259,17259,17259,2,0
2023-06-19 15:46:22,17259,17259,17259,4,0
2023-06-19 15:46:22,17259,17259,17259,4,0
2023-06-19 15:46:22,17259,17259,17259,4,0
2023-06-19 15:46:22,17259,17259,17259,4,0
2023-06-19 15:46:22,17259,17259,17259,2,0
2023-06-19 15:46:22,17259,17259,17259,4,0
2023-06-19 15:46:22,17259,17259,17259,2,0
2023-06-19 15:46:23,17259,17259,17259,2,0
2023-06-19 15:46:23,17259,17259,17259,2,0
2023-06-19 15:46:23,17259,17259,17259,2,0
2023-06-19 15:46:23,17260,17260,17260,2,2
2023-06-19 15:46:23,17260,17260,17260,2,0
2023-06-19 15:46:23,17260,17260,17260,2,0
2023-06-19 15:46:29,17259,17259,17259,2,-2
2023-06-19 15:46:31,17259,17259,17259,2,0
2023-06-19 15:46:31,17260,17260,17260,2,2
2023-06-19 15:46:44,17259,17259,17259,2,-2
2023-06-19 15:46:50,17258,17258,17258,2,-2
2023-06-19 15:46:54,17258,17258,17258,2,0
2023-06-19 15:46:55,17259,17259,17259,2,2
2023-06-19 15:46:57,17258,17258,17258,2,-2
2023-06-19 15:47:00,17258,17258,17258,2,0
2023-06-19 15:47:49,17259,17259,17259,2,2
2023-06-19 15:47:58,17258,17258,17258,10,-10
2023-06-19 15:47:58,17258,17258,17258,12,0
2023-06-19 15:47:58,17258,17258,17258,2,0
2023-06-19 15:47:58,17258,17258,17258,2,0
2023-06-19 15:47:58,17258,17258,17258,2,0
2023-06-19 15:47:58,17258,17258,17258,2,0
2023-06-19 15:48:00,17257,17257,17257,2,-2
2023-06-19 15:48:00,17257,17257,17257,2,0
2023-06-19 15:48:00,17257,17257,17257,2,0
2023-06-19 15:48:11,17258,17258,17258,2,2
2023-06-19 15:48:15,17258,17258,17258,2,0
2023-06-19 15:48:20,17257,17257,17257,2,-2
2023-06-19 15:48:44,17258,17258,17258,2,2
2023-06-19 15:48:54,17258,17258,17258,2,0
2023-06-19 15:49:10,17258,17258,17258,2,0
2023-06-19 15:49:12,17258,17258,17258,14,0
2023-06-19 15:49:12,17259,17259,17259,44,44
2023-06-19 15:49:12,17260,17260,17260,42,42
2023-06-19 15:49:12,17260,17260,17260,8,0
2023-06-19 15:49:12,17260,17260,17260,2,0
2023-06-19 15:49:12,17259,17259,17259,2,-2
2023-06-19 15:49:12,17259,17259,17259,2,0
2023-06-19 15:49:12,17259,17259,17259,2,0
2023-06-19 15:49:28,17260,17260,17260,2,2
2023-06-19 15:49:39,17259,17259,17259,6,-6
2023-06-19 15:49:39,17259,17259,17259,4,0
2023-06-19 15:49:40,17258,17258,17258,10,-10
2023-06-19 15:49:40,17258,17258,17258,2,0
2023-06-19 15:49:46,17258,17258,17258,2,0
2023-06-19 15:49:50,17258,17258,17258,2,0
2023-06-19 15:50:03,17257,17257,17257,2,-2
2023-06-19 15:50:11,17257,17257,17257,2,0
2023-06-19 15:50:12,17257,17257,17257,8,0
2023-06-19 15:50:12,17257,17257,17257,2,0
2023-06-19 15:50:12,17257,17257,17257,2,0
2023-06-19 15:50:12,17257,17257,17257,2,0
2023-06-19 15:50:12,17257,17257,17257,6,0
2023-06-19 15:50:12,17257,17257,17257,10,0
2023-06-19 15:50:12,17257,17257,17257,2,0
2023-06-19 15:50:12,17257,17257,17257,10,0
2023-06-19 15:50:12,17257,17257,17257,4,0
2023-06-19 15:50:12,17257,17257,17257,2,0
2023-06-19 15:50:12,17257,17257,17257,2,0
2023-06-19 15:50:13,17256,17256,17256,2,-2
2023-06-19 15:50:13,17256,17256,17256,14,0
2023-06-19 15:50:13,17256,17256,17256,4,0
2023-06-19 15:50:13,17256,17256,17256,2,0
2023-06-19 15:50:13,17256,17256,17256,2,0
2023-06-19 15:50:13,17256,17256,17256,2,0
2023-06-19 15:50:13,17256,17256,17256,2,0
2023-06-19 15:50:14,17256,17256,17256,2,0
2023-06-19 15:50:21,17256,17256,17256,2,0
2023-06-19 15:50:33,17256,17256,17256,2,0
2023-06-19 15:50:37,17256,17256,17256,4,0
2023-06-19 15:50:40,17256,17256,17256,2,0
2023-06-19 15:50:45,17256,17256,17256,2,0
2023-06-19 15:50:45,17256,17256,17256,6,0
2023-06-19 15:50:56,17255,17255,17255,2,-2
2023-06-19 15:50:56,17255,17255,17255,2,0
2023-06-19 15:51:06,17256,17256,17256,2,2
2023-06-19 15:51:12,17256,17256,17256,12,0
2023-06-19 15:51:18,17257,17257,17257,2,2
2023-06-19 15:51:18,17257,17257,17257,2,0
2023-06-19 15:51:30,17258,17258,17258,10,10
2023-06-19 15:51:34,17258,17258,17258,2,0
2023-06-19 15:51:41,17258,17258,17258,4,0
2023-06-19 15:51:46,17258,17258,17258,2,0
2023-06-19 15:51:54,17258,17258,17258,2,0
2023-06-19 15:51:54,17258,17258,17258,4,0
2023-06-19 15:51:54,17258,17258,17258,2,0
2023-06-19 15:51:54,17258,17258,17258,2,0
2023-06-19 15:51:54,17258,17258,17258,2,0
2023-06-19 15:51:54,17258,17258,17258,2,0
2023-06-19 15:51:55,17259,17259,17259,2,2
2023-06-19 15:51:57,17259,17259,17259,2,0
2023-06-19 15:52:11,17259,17259,17259,2,0
2023-06-19 15:52:12,17260,17260,17260,8,8
2023-06-19 15:53:00,17258,17258,17258,2,-2
2023-06-19 15:53:00,17259,17259,17259,2,2
2023-06-19 15:53:09,17258,17258,17258,2,-2
2023-06-19 15:53:10,17258,17258,17258,2,0
2023-06-19 15:53:10,17258,17258,17258,2,0
2023-06-19 15:53:18,17258,17258,17258,2,0
2023-06-19 15:53:57,17258,17258,17258,2,0
2023-06-19 15:53:57,17258,17258,17258,2,0
2023-06-19 15:54:05,17259,17259,17259,6,6
2023-06-19 15:54:05,17259,17259,17259,6,0
2023-06-19 15:54:05,17260,17260,17260,4,4
2023-06-19 15:54:05,17260,17260,17260,2,0
2023-06-19 15:55:06,17261,17261,17261,2,2
2023-06-19 15:55:35,17261,17261,17261,2,0
2023-06-19 15:55:38,17261,17261,17261,2,0
2023-06-19 15:55:38,17261,17261,17261,2,0
2023-06-19 15:55:38,17261,17261,17261,2,0
2023-06-19 15:56:00,17261,17261,17261,2,0
2023-06-19 15:56:05,17261,17261,17261,10,0
2023-06-19 15:56:05,17262,17262,17262,36,36
2023-06-19 15:56:05,17262,17262,17262,4,0
2023-06-19 15:56:05,17262,17262,17262,6,0
2023-06-19 15:56:05,17262,17262,17262,2,0
2023-06-19 15:56:22,17261,17261,17261,2,-2
2023-06-19 15:56:22,17261,17261,17261,2,0
2023-06-19 15:56:33,17260,17260,17260,2,-2
2023-06-19 15:56:45,17260,17260,17260,2,0
2023-06-19 15:56:50,17260,17260,17260,2,0
2023-06-19 15:56:50,17260,17260,17260,2,0
2023-06-19 15:56:50,17260,17260,17260,2,0
2023-06-19 15:56:50,17260,17260,17260,2,0
2023-06-19 15:56:53,17259,17259,17259,2,-2
2023-06-19 15:56:53,17259,17259,17259,2,0
2023-06-19 15:57:03,17258,17258,17258,6,-6
2023-06-19 15:57:03,17258,17258,17258,2,0
2023-06-19 15:57:03,17257,17257,17257,2,-2
2023-06-19 15:57:03,17257,17257,17257,2,0
2023-06-19 15:57:03,17257,17257,17257,2,0
2023-06-19 15:57:04,17256,17256,17256,2,-2
2023-06-19 15:57:04,17256,17256,17256,2,0
2023-06-19 15:57:04,17256,17256,17256,2,0
2023-06-19 15:57:04,17256,17256,17256,2,0
2023-06-19 15:57:10,17256,17256,17256,2,0
2023-06-19 15:57:11,17256,17256,17256,2,0
2023-06-19 15:57:16,17255,17255,17255,2,-2
2023-06-19 15:57:16,17255,17255,17255,2,0
2023-06-19 15:57:16,17255,17255,17255,2,0
2023-06-19 15:57:16,17255,17255,17255,6,0
2023-06-19 15:57:16,17255,17255,17255,2,0
2023-06-19 15:57:16,17255,17255,17255,4,0
2023-06-19 15:57:16,17255,17255,17255,2,0
2023-06-19 15:57:16,17255,17255,17255,2,0
2023-06-19 15:57:16,17255,17255,17255,2,0
2023-06-19 15:57:17,17255,17255,17255,2,0
2023-06-19 15:57:17,17255,17255,17255,2,0
2023-06-19 15:57:19,17254,17254,17254,2,-2
2023-06-19 15:57:19,17254,17254,17254,2,0
2023-06-19 15:57:19,17254,17254,17254,2,0
2023-06-19 15:57:19,17254,17254,17254,2,0
2023-06-19 15:57:20,17254,17254,17254,2,0
2023-06-19 15:57:21,17254,17254,17254,2,0
2023-06-19 15:57:21,17254,17254,17254,2,0
2023-06-19 15:57:21,17254,17254,17254,2,0
2023-06-19 15:57:25,17253,17253,17253,4,-4
2023-06-19 15:57:25,17253,17253,17253,2,0
2023-06-19 15:57:25,17253,17253,17253,2,0
2023-06-19 15:57:25,17253,17253,17253,2,0
2023-06-19 15:57:25,17253,17253,17253,4,0
2023-06-19 15:57:25,17253,17253,17253,2,0
2023-06-19 15:57:25,17253,17253,17253,2,0
2023-06-19 15:57:25,17253,17253,17253,2,0
2023-06-19 15:57:25,17253,17253,17253,2,0
2023-06-19 15:57:25,17253,17253,17253,2,0
2023-06-19 15:57:25,17252,17252,17252,2,-2
2023-06-19 15:57:25,17252,17252,17252,2,0
2023-06-19 15:57:26,17252,17252,17252,2,0
2023-06-19 15:57:27,17253,17253,17253,6,6
2023-06-19 15:57:27,17253,17253,17253,2,0
2023-06-19 15:57:27,17253,17253,17253,2,0
2023-06-19 15:57:27,17254,17254,17254,2,2
2023-06-19 15:57:28,17253,17253,17253,2,-2
2023-06-19 15:57:30,17254,17254,17254,2,2
2023-06-19 15:57:43,17253,17253,17253,2,-2
2023-06-19 15:57:49,17253,17253,17253,2,0
2023-06-19 15:57:51,17254,17254,17254,6,6
2023-06-19 15:57:52,17254,17254,17254,2,0
2023-06-19 15:57:59,17254,17254,17254,2,0
2023-06-19 15:57:59,17254,17254,17254,2,0
2023-06-19 15:57:59,17254,17254,17254,6,0
2023-06-19 15:57:59,17254,17254,17254,2,0
2023-06-19 15:58:00,17253,17253,17253,2,-2
2023-06-19 15:58:00,17255,17255,17255,2,2
2023-06-19 15:58:13,17255,17255,17255,2,0
2023-06-19 15:58:35,17255,17255,17255,2,0
2023-06-19 15:58:50,17255,17255,17255,4,0
2023-06-19 15:58:58,17255,17255,17255,2,0
2023-06-19 15:59:00,17254,17254,17254,4,-4
2023-06-19 15:59:00,17254,17254,17254,2,0
2023-06-19 15:59:00,17254,17254,17254,2,0
2023-06-19 15:59:02,17254,17254,17254,6,0
2023-06-19 15:59:03,17253,17253,17253,2,-2
2023-06-19 15:59:03,17253,17253,17253,4,0
2023-06-19 15:59:05,17253,17253,17253,4,0
2023-06-19 15:59:05,17253,17253,17253,2,0
2023-06-19 15:59:05,17253,17253,17253,2,0
2023-06-19 15:59:05,17253,17253,17253,2,0
2023-06-19 15:59:05,17253,17253,17253,2,0
2023-06-19 15:59:05,17253,17253,17253,4,0
2023-06-19 15:59:05,17253,17253,17253,8,0
2023-06-19 15:59:05,17253,17253,17253,2,0
2023-06-19 15:59:05,17253,17253,17253,2,0
2023-06-19 15:59:08,17253,17253,17253,2,0
2023-06-19 15:59:12,17252,17252,17252,2,-2
2023-06-19 15:59:13,17252,17252,17252,2,0
2023-06-19 15:59:13,17252,17252,17252,2,0
2023-06-19 15:59:14,17252,17252,17252,2,0
2023-06-19 15:59:15,17251,17251,17251,2,-2
2023-06-19 15:59:15,17251,17251,17251,2,0
2023-06-19 15:59:15,17251,17251,17251,2,0
2023-06-19 15:59:15,17251,17251,17251,2,0
2023-06-19 15:59:15,17251,17251,17251,2,0
2023-06-19 15:59:17,17251,17251,17251,2,0
2023-06-19 15:59:22,17251,17251,17251,2,0
2023-06-19 15:59:22,17251,17251,17251,2,0
2023-06-19 15:59:22,17251,17251,17251,4,0
2023-06-19 15:59:24,17252,17252,17252,4,4
2023-06-19 15:59:24,17252,17252,17252,2,0
2023-06-19 15:59:24,17252,17252,17252,8,0
2023-06-19 15:59:28,17252,17252,17252,10,0
2023-06-19 15:59:29,17253,17253,17253,2,2
2023-06-19 15:59:33,17252,17252,17252,10,-10
2023-06-19 15:59:35,17252,17252,17252,2,0
2023-06-19 15:59:43,17252,17252,17252,10,0
2023-06-19 15:59:45,17252,17252,17252,2,0
2023-06-19 15:59:45,17252,17252,17252,4,0
2023-06-19 15:59:45,17252,17252,17252,2,0
2023-06-19 15:59:45,17252,17252,17252,2,0
2023-06-19 15:59:48,17252,17252,17252,4,0
2023-06-19 15:59:48,17252,17252,17252,4,0
2023-06-19 15:59:48,17252,17252,17252,2,0
2023-06-19 15:59:57,17252,17252,17252,2,0
2023-06-19 16:00:05,17251,17251,17251,2,-2
2023-06-19 16:00:05,17251,17251,17251,2,0
2023-06-19 16:00:05,17251,17251,17251,2,0
2023-06-19 16:00:05,17251,17251,17251,2,0
2023-06-19 16:00:05,17252,17252,17252,2,2
2023-06-19 16:00:06,17252,17252,17252,2,0
2023-06-19 16:00:06,17253,17253,17253,2,2
2023-06-19 16:00:06,17253,17253,17253,2,0
2023-06-19 16:00:06,17253,17253,17253,2,0
2023-06-19 16:00:20,17253,17253,17253,4,0
2023-06-19 16:00:20,17254,17254,17254,2,2
2023-06-19 16:00:20,17253,17253,17253,2,-2
2023-06-19 16:00:25,17254,17254,17254,2,2
2023-06-19 16:00:25,17255,17255,17255,2,2
2023-06-19 16:00:25,17255,17255,17255,4,0
2023-06-19 16:00:27,17254,17254,17254,2,-2
2023-06-19 16:00:27,17255,17255,17255,2,2
2023-06-19 16:00:39,17253,17253,17253,2,-2
2023-06-19 16:00:39,17253,17253,17253,4,0
2023-06-19 16:00:51,17253,17253,17253,2,0
2023-06-19 16:01:05,17253,17253,17253,2,0
2023-06-19 16:01:26,17253,17253,17253,6,0
2023-06-19 16:01:35,17253,17253,17253,2,0
2023-06-19 16:01:35,17253,17253,17253,2,0
2023-06-19 16:01:35,17253,17253,17253,2,0
2023-06-19 16:01:35,17253,17253,17253,2,0
2023-06-19 16:01:35,17253,17253,17253,2,0
2023-06-19 16:01:35,17252,17252,17252,2,-2
2023-06-19 16:01:42,17252,17252,17252,2,0
2023-06-19 16:01:43,17252,17252,17252,2,0
2023-06-19 16:02:02,17253,17253,17253,8,8
2023-06-19 16:02:02,17253,17253,17253,2,0
2023-06-19 16:02:12,17253,17253,17253,2,0
2023-06-19 16:02:21,17253,17253,17253,2,0
2023-06-19 16:02:21,17253,17253,17253,2,0
2023-06-19 16:02:21,17253,17253,17253,2,0
2023-06-19 16:02:21,17253,17253,17253,4,0
2023-06-19 16:02:21,17252,17252,17252,2,-2
2023-06-19 16:02:34,17252,17252,17252,2,0
2023-06-19 16:02:41,17252,17252,17252,2,0
2023-06-19 16:02:41,17252,17252,17252,2,0
2023-06-19 16:02:42,17254,17254,17254,24,24
2023-06-19 16:02:42,17254,17254,17254,4,0
2023-06-19 16:02:42,17254,17254,17254,2,0
2023-06-19 16:02:42,17254,17254,17254,2,0
2023-06-19 16:02:48,17254,17254,17254,2,0
2023-06-19 16:02:52,17253,17253,17253,10,-10
2023-06-19 16:02:52,17254,17254,17254,4,4
2023-06-19 16:02:53,17254,17254,17254,10,0
2023-06-19 16:02:53,17254,17254,17254,4,0
2023-06-19 16:02:53,17254,17254,17254,4,0
2023-06-19 16:02:54,17254,17254,17254,2,0
2023-06-19 16:02:57,17252,17252,17252,2,-2
2023-06-19 16:02:57,17252,17252,17252,4,0
2023-06-19 16:02:57,17252,17252,17252,2,0
2023-06-19 16:03:00,17252,17252,17252,4,0
2023-06-19 16:03:00,17252,17252,17252,2,0
2023-06-19 16:03:01,17252,17252,17252,4,0
2023-06-19 16:03:01,17252,17252,17252,2,0
2023-06-19 16:03:01,17252,17252,17252,2,0
2023-06-19 16:03:01,17252,17252,17252,4,0
2023-06-19 16:03:01,17252,17252,17252,2,0
2023-06-19 16:03:01,17252,17252,17252,2,0
2023-06-19 16:03:03,17253,17253,17253,2,2
2023-06-19 16:03:03,17253,17253,17253,2,0
2023-06-19 16:03:27,17253,17253,17253,2,0
2023-06-19 16:03:34,17253,17253,17253,2,0
2023-06-19 16:03:44,17253,17253,17253,2,0
2023-06-19 16:03:44,17253,17253,17253,4,0
2023-06-19 16:03:44,17253,17253,17253,2,0
2023-06-19 16:03:44,17253,17253,17253,2,0
2023-06-19 16:03:44,17253,17253,17253,2,0
2023-06-19 16:03:45,17252,17252,17252,2,-2
2023-06-19 16:03:45,17252,17252,17252,6,0
2023-06-19 16:03:45,17252,17252,17252,4,0
2023-06-19 16:03:45,17252,17252,17252,2,0
2023-06-19 16:03:45,17252,17252,17252,2,0
2023-06-19 16:03:45,17252,17252,17252,2,0
2023-06-19 16:03:46,17251,17251,17251,2,-2
2023-06-19 16:03:46,17251,17251,17251,6,0
2023-06-19 16:03:46,17251,17251,17251,2,0
2023-06-19 16:03:46,17250,17250,17250,2,-2
2023-06-19 16:03:46,17250,17250,17250,2,0
2023-06-19 16:03:51,17252,17252,17252,2,2
2023-06-19 16:03:57,17252,17252,17252,2,0
2023-06-19 16:04:34,17252,17252,17252,2,0
2023-06-19 16:04:37,17252,17252,17252,2,0
2023-06-19 16:04:37,17252,17252,17252,2,0
2023-06-19 16:04:37,17252,17252,17252,2,0
2023-06-19 16:04:37,17252,17252,17252,6,0
2023-06-19 16:04:37,17251,17251,17251,2,-2
2023-06-19 16:04:37,17251,17251,17251,4,0
2023-06-19 16:04:47,17250,17250,17250,2,-2
2023-06-19 16:04:47,17251,17251,17251,2,2
2023-06-19 16:04:47,17251,17251,17251,2,0
2023-06-19 16:04:48,17251,17251,17251,2,0
2023-06-19 16:04:54,17251,17251,17251,4,0
2023-06-19 16:04:55,17251,17251,17251,2,0
2023-06-19 16:04:56,17251,17251,17251,4,0
2023-06-19 16:04:59,17252,17252,17252,2,2
2023-06-19 16:05:08,17252,17252,17252,2,0
2023-06-19 16:05:08,17253,17253,17253,2,2
2023-06-19 16:05:21,17252,17252,17252,4,-4
2023-06-19 16:05:22,17253,17253,17253,4,4
2023-06-19 16:06:19,17251,17251,17251,2,-2
2023-06-19 16:06:19,17251,17251,17251,2,0
2023-06-19 16:06:19,17251,17251,17251,2,0
2023-06-19 16:06:19,17251,17251,17251,2,0
2023-06-19 16:06:19,17251,17251,17251,2,0
2023-06-19 16:06:19,17251,17251,17251,6,0
2023-06-19 16:06:19,17251,17251,17251,2,0
2023-06-19 16:06:19,17250,17250,17250,2,-2
2023-06-19 16:06:19,17250,17250,17250,2,0
2023-06-19 16:06:19,17250,17250,17250,4,0
2023-06-19 16:06:19,17250,17250,17250,2,0
2023-06-19 16:06:19,17250,17250,17250,2,0
2023-06-19 16:06:19,17250,17250,17250,2,0
2023-06-19 16:06:19,17250,17250,17250,2,0
2023-06-19 16:06:19,17250,17250,17250,4,0
2023-06-19 16:06:19,17250,17250,17250,2,0
2023-06-19 16:06:30,17250,17250,17250,2,0
2023-06-19 16:06:34,17250,17250,17250,2,0
2023-06-19 16:06:35,17250,17250,17250,2,0
2023-06-19 16:06:38,17250,17250,17250,2,0
2023-06-19 16:06:38,17250,17250,17250,2,0
2023-06-19 16:06:38,17250,17250,17250,2,0
2023-06-19 16:06:38,17250,17250,17250,2,0
2023-06-19 16:06:40,17250,17250,17250,4,0
2023-06-19 16:06:40,17250,17250,17250,2,0
2023-06-19 16:06:40,17250,17250,17250,2,0
2023-06-19 16:06:51,17250,17250,17250,8,0
2023-06-19 16:06:51,17250,17250,17250,2,0
2023-06-19 16:06:58,17252,17252,17252,2,2
2023-06-19 16:06:59,17252,17252,17252,2,0
2023-06-19 16:07:04,17253,17253,17253,2,2
2023-06-19 16:07:08,17252,17252,17252,2,-2
2023-06-19 16:07:20,17251,17251,17251,2,-2
2023-06-19 16:07:20,17251,17251,17251,2,0
2023-06-19 16:07:20,17251,17251,17251,2,0
2023-06-19 16:07:23,17252,17252,17252,8,8
2023-06-19 16:07:34,17253,17253,17253,2,2
2023-06-19 16:07:39,17253,17253,17253,2,0
2023-06-19 16:07:42,17253,17253,17253,2,0
2023-06-19 16:07:44,17253,17253,17253,2,0
2023-06-19 16:07:59,17253,17253,17253,2,0
2023-06-19 16:07:59,17253,17253,17253,2,0
2023-06-19 16:07:59,17252,17252,17252,2,-2
2023-06-19 16:08:00,17251,17251,17251,2,-2
2023-06-19 16:08:08,17252,17252,17252,6,6
2023-06-19 16:08:08,17252,17252,17252,6,0
2023-06-19 16:08:27,17254,17254,17254,8,8
2023-06-19 16:08:27,17254,17254,17254,2,0
2023-06-19 16:08:27,17254,17254,17254,2,0
2023-06-19 16:08:27,17254,17254,17254,10,0
2023-06-19 16:08:35,17255,17255,17255,2,2
2023-06-19 16:08:35,17255,17255,17255,2,0
2023-06-19 16:08:40,17255,17255,17255,2,0
2023-06-19 16:08:48,17254,17254,17254,2,-2
2023-06-19 16:08:48,17254,17254,17254,2,0
2023-06-19 16:08:48,17254,17254,17254,2,0
2023-06-19 16:08:48,17254,17254,17254,4,0
2023-06-19 16:08:48,17254,17254,17254,4,0
2023-06-19 16:08:48,17254,17254,17254,6,0
2023-06-19 16:08:52,17254,17254,17254,2,0
2023-06-19 16:08:52,17254,17254,17254,2,0
2023-06-19 16:08:52,17254,17254,17254,4,0
2023-06-19 16:08:52,17254,17254,17254,2,0
2023-06-19 16:08:52,17254,17254,17254,6,0
2023-06-19 16:08:52,17254,17254,17254,2,0
2023-06-19 16:08:52,17254,17254,17254,2,0
2023-06-19 16:08:55,17254,17254,17254,2,0
2023-06-19 16:08:55,17254,17254,17254,2,0
2023-06-19 16:09:05,17254,17254,17254,2,0
2023-06-19 16:09:08,17253,17253,17253,4,-4
2023-06-19 16:09:08,17253,17253,17253,2,0
2023-06-19 16:09:08,17253,17253,17253,2,0
2023-06-19 16:09:08,17253,17253,17253,2,0
2023-06-19 16:09:08,17253,17253,17253,6,0
2023-06-19 16:09:08,17253,17253,17253,8,0
2023-06-19 16:09:08,17253,17253,17253,2,0
2023-06-19 16:09:08,17253,17253,17253,2,0
2023-06-19 16:09:08,17252,17252,17252,2,-2
2023-06-19 16:09:13,17253,17253,17253,10,10
2023-06-19 16:09:19,17253,17253,17253,2,0
2023-06-19 16:09:28,17253,17253,17253,2,0
2023-06-19 16:09:38,17253,17253,17253,4,0
2023-06-19 16:09:47,17253,17253,17253,2,0
2023-06-19 16:09:47,17252,17252,17252,2,-2
2023-06-19 16:09:49,17252,17252,17252,2,0
2023-06-19 16:10:03,17252,17252,17252,2,0
2023-06-19 16:10:07,17253,17253,17253,2,2
2023-06-19 16:10:16,17253,17253,17253,2,0
2023-06-19 16:10:16,17252,17252,17252,2,-2
2023-06-19 16:10:17,17253,17253,17253,2,2
2023-06-19 16:10:32,17254,17254,17254,54,54
2023-06-19 16:10:32,17255,17255,17255,4,4
2023-06-19 16:10:32,17255,17255,17255,2,0
2023-06-19 16:10:32,17255,17255,17255,2,0
2023-06-19 16:10:38,17256,17256,17256,2,2
2023-06-19 16:10:55,17255,17255,17255,2,-2
2023-06-19 16:10:55,17255,17255,17255,2,0
2023-06-19 16:10:55,17255,17255,17255,2,0
2023-06-19 16:10:56,17254,17254,17254,4,-4
2023-06-19 16:10:56,17254,17254,17254,4,0
2023-06-19 16:10:56,17254,17254,17254,2,0
2023-06-19 16:10:56,17254,17254,17254,2,0
2023-06-19 16:10:56,17254,17254,17254,2,0
2023-06-19 16:11:01,17254,17254,17254,4,0
2023-06-19 16:11:20,17253,17253,17253,2,-2
2023-06-19 16:11:29,17253,17253,17253,8,0
2023-06-19 16:11:29,17253,17253,17253,2,0
2023-06-19 16:11:57,17254,17254,17254,2,2
2023-06-19 16:11:57,17254,17254,17254,2,0
2023-06-19 16:12:23,17255,17255,17255,20,20
2023-06-19 16:12:30,17255,17255,17255,2,0
2023-06-19 16:12:34,17255,17255,17255,2,0
2023-06-19 16:12:37,17255,17255,17255,8,0
2023-06-19 16:12:51,17256,17256,17256,2,2
2023-06-19 16:12:56,17256,17256,17256,2,0
2023-06-19 16:12:56,17256,17256,17256,2,0
2023-06-19 16:12:56,17256,17256,17256,2,0
2023-06-19 16:12:56,17256,17256,17256,2,0
2023-06-19 16:12:56,17256,17256,17256,2,0
2023-06-19 16:13:06,17255,17255,17255,2,-2
2023-06-19 16:13:09,17255,17255,17255,2,0
2023-06-19 16:13:09,17255,17255,17255,2,0
2023-06-19 16:13:09,17255,17255,17255,2,0
2023-06-19 16:13:10,17255,17255,17255,2,0
2023-06-19 16:13:12,17254,17254,17254,2,-2
2023-06-19 16:13:36,17253,17253,17253,2,-2
2023-06-19 16:13:36,17253,17253,17253,2,0
2023-06-19 16:13:36,17253,17253,17253,2,0
2023-06-19 16:13:36,17253,17253,17253,2,0
2023-06-19 16:13:36,17253,17253,17253,2,0
2023-06-19 16:13:45,17252,17252,17252,2,-2
2023-06-19 16:14:00,17252,17252,17252,2,0
2023-06-19 16:14:03,17252,17252,17252,2,0
2023-06-19 16:14:07,17253,17253,17253,6,6
2023-06-19 16:14:07,17253,17253,17253,2,0
2023-06-19 16:14:36,17254,17254,17254,2,2
2023-06-19 16:14:36,17254,17254,17254,2,0
2023-06-19 16:14:36,17254,17254,17254,2,0
2023-06-19 16:15:20,17254,17254,17254,2,0
2023-06-19 16:15:20,17254,17254,17254,2,0
2023-06-19 16:15:20,17255,17255,17255,14,14
2023-06-19 16:15:32,17255,17255,17255,4,0
2023-06-19 16:15:35,17254,17254,17254,6,-6
2023-06-19 16:16:02,17252,17252,17252,2,-2
2023-06-19 16:16:10,17251,17251,17251,2,-2
2023-06-19 16:16:10,17253,17253,17253,2,2
2023-06-19 16:16:16,17253,17253,17253,4,0
2023-06-19 16:16:16,17253,17253,17253,2,0
2023-06-19 16:16:46,17253,17253,17253,2,0
2023-06-19 16:16:49,17253,17253,17253,2,0
2023-06-19 16:16:59,17253,17253,17253,12,0
2023-06-19 16:17:01,17253,17253,17253,6,0
2023-06-19 16:17:54,17253,17253,17253,2,0
2023-06-19 16:17:54,17253,17253,17253,2,0
2023-06-19 16:17:54,17253,17253,17253,4,0
2023-06-19 16:17:54,17253,17253,17253,2,0
2023-06-19 16:17:55,17253,17253,17253,4,0
2023-06-19 16:17:55,17253,17253,17253,2,0
2023-06-19 16:18:02,17252,17252,17252,2,-2
2023-06-19 16:18:02,17252,17252,17252,2,0
2023-06-19 16:18:02,17252,17252,17252,2,0
2023-06-19 16:18:22,17252,17252,17252,2,0
2023-06-19 16:18:26,17252,17252,17252,4,0
2023-06-19 16:18:26,17251,17251,17251,4,-4
2023-06-19 16:18:26,17251,17251,17251,2,0
2023-06-19 16:18:26,17251,17251,17251,2,0
2023-06-19 16:18:26,17251,17251,17251,2,0
2023-06-19 16:18:51,17252,17252,17252,2,2
2023-06-19 16:18:58,17251,17251,17251,4,-4
2023-06-19 16:18:58,17251,17251,17251,2,0
2023-06-19 16:18:58,17251,17251,17251,2,0
2023-06-19 16:18:58,17251,17251,17251,6,0
2023-06-19 16:19:43,17252,17252,17252,4,4
2023-06-19 16:20:00,17251,17251,17251,2,-2
2023-06-19 16:20:07,17251,17251,17251,2,0
2023-06-19 16:20:07,17251,17251,17251,20,0
2023-06-19 16:20:07,17251,17251,17251,2,0
2023-06-19 16:20:07,17251,17251,17251,2,0
2023-06-19 16:20:22,17250,17250,17250,2,-2
2023-06-19 16:20:25,17250,17250,17250,2,0
2023-06-19 16:20:25,17250,17250,17250,2,0
2023-06-19 16:20:25,17250,17250,17250,2,0
2023-06-19 16:20:25,17250,17250,17250,2,0
2023-06-19 16:20:25,17250,17250,17250,2,0
2023-06-19 16:20:25,17250,17250,17250,2,0
2023-06-19 16:20:25,17250,17250,17250,2,0
2023-06-19 16:20:25,17250,17250,17250,2,0
2023-06-19 16:20:25,17250,17250,17250,2,0
2023-06-19 16:20:25,17250,17250,17250,2,0
2023-06-19 16:20:25,17250,17250,17250,2,0
2023-06-19 16:20:25,17249,17249,17249,2,-2
2023-06-19 16:20:25,17249,17249,17249,2,0
2023-06-19 16:20:25,17249,17249,17249,2,0
2023-06-19 16:20:25,17249,17249,17249,2,0
2023-06-19 16:20:25,17248,17248,17248,2,-2
2023-06-19 16:20:26,17248,17248,17248,4,0
2023-06-19 16:20:26,17248,17248,17248,2,0
2023-06-19 16:20:27,17248,17248,17248,2,0
2023-06-19 16:20:29,17248,17248,17248,2,0
2023-06-19 16:20:30,17249,17249,17249,4,4
2023-06-19 16:20:40,17248,17248,17248,2,-2
2023-06-19 16:20:45,17248,17248,17248,2,0
2023-06-19 16:20:46,17248,17248,17248,2,0
2023-06-19 16:20:46,17248,17248,17248,2,0
2023-06-19 16:20:59,17249,17249,17249,2,2
2023-06-19 16:21:00,17248,17248,17248,2,-2
2023-06-19 16:21:08,17247,17247,17247,2,-2
2023-06-19 16:21:14,17248,17248,17248,2,2
2023-06-19 16:21:15,17247,17247,17247,2,-2
2023-06-19 16:21:20,17247,17247,17247,2,0
2023-06-19 16:21:23,17248,17248,17248,2,2
2023-06-19 16:21:23,17247,17247,17247,2,-2
2023-06-19 16:21:23,17247,17247,17247,2,0
2023-06-19 16:21:27,17248,17248,17248,10,10
2023-06-19 16:21:27,17248,17248,17248,2,0
2023-06-19 16:21:27,17249,17249,17249,2,2
2023-06-19 16:21:28,17249,17249,17249,2,0
2023-06-19 16:21:28,17249,17249,17249,2,0
2023-06-19 16:21:28,17249,17249,17249,2,0
2023-06-19 16:21:37,17249,17249,17249,6,0
2023-06-19 16:21:58,17247,17247,17247,2,-2
2023-06-19 16:22:00,17248,17248,17248,2,2
2023-06-19 16:22:05,17248,17248,17248,2,0
2023-06-19 16:22:07,17248,17248,17248,2,0
2023-06-19 16:22:08,17249,17249,17249,2,2
2023-06-19 16:22:15,17248,17248,17248,4,-4
2023-06-19 16:22:15,17248,17248,17248,2,0
2023-06-19 16:22:15,17248,17248,17248,2,0
2023-06-19 16:22:31,17249,17249,17249,2,2
2023-06-19 16:22:51,17248,17248,17248,2,-2
2023-06-19 16:22:56,17248,17248,17248,2,0
2023-06-19 16:23:01,17248,17248,17248,2,0
2023-06-19 16:23:05,17248,17248,17248,2,0
2023-06-19 16:23:05,17248,17248,17248,2,0
2023-06-19 16:23:05,17248,17248,17248,2,0
2023-06-19 16:23:11,17247,17247,17247,2,-2
2023-06-19 16:23:11,17247,17247,17247,4,0
2023-06-19 16:23:11,17247,17247,17247,4,0
2023-06-19 16:23:11,17247,17247,17247,4,0
2023-06-19 16:23:11,17247,17247,17247,2,0
2023-06-19 16:23:11,17247,17247,17247,2,0
2023-06-19 16:23:11,17247,17247,17247,2,0
2023-06-19 16:23:11,17247,17247,17247,2,0
2023-06-19 16:23:13,17247,17247,17247,2,0
2023-06-19 16:23:14,17246,17246,17246,2,-2
2023-06-19 16:23:15,17246,17246,17246,2,0
2023-06-19 16:23:16,17246,17246,17246,2,0
2023-06-19 16:23:16,17246,17246,17246,2,0
2023-06-19 16:23:16,17246,17246,17246,2,0
2023-06-19 16:23:16,17246,17246,17246,8,0
2023-06-19 16:23:16,17246,17246,17246,10,0
2023-06-19 16:23:16,17246,17246,17246,8,0
2023-06-19 16:23:16,17246,17246,17246,2,0
2023-06-19 16:23:16,17246,17246,17246,2,0
2023-06-19 16:23:16,17245,17245,17245,2,-2
2023-06-19 16:23:16,17245,17245,17245,2,0
2023-06-19 16:23:17,17245,17245,17245,2,0
2023-06-19 16:23:17,17245,17245,17245,2,0
2023-06-19 16:23:17,17245,17245,17245,8,0
2023-06-19 16:23:17,17245,17245,17245,4,0
2023-06-19 16:23:17,17245,17245,17245,2,0
2023-06-19 16:23:17,17245,17245,17245,2,0
2023-06-19 16:23:17,17245,17245,17245,2,0
2023-06-19 16:23:17,17245,17245,17245,2,0
2023-06-19 16:23:17,17245,17245,17245,2,0
2023-06-19 16:23:17,17245,17245,17245,2,0
2023-06-19 16:23:17,17245,17245,17245,2,0
2023-06-19 16:23:20,17245,17245,17245,2,0
2023-06-19 16:23:21,17244,17244,17244,2,-2
2023-06-19 16:23:21,17245,17245,17245,2,2
2023-06-19 16:23:21,17244,17244,17244,2,-2
2023-06-19 16:23:22,17244,17244,17244,4,0
2023-06-19 16:23:22,17244,17244,17244,6,0
2023-06-19 16:23:22,17244,17244,17244,2,0
2023-06-19 16:23:22,17244,17244,17244,2,0
2023-06-19 16:23:22,17244,17244,17244,2,0
2023-06-19 16:23:22,17244,17244,17244,2,0
2023-06-19 16:23:22,17244,17244,17244,2,0
2023-06-19 16:23:22,17244,17244,17244,4,0
2023-06-19 16:23:22,17244,17244,17244,6,0
2023-06-19 16:23:22,17243,17243,17243,2,-2
2023-06-19 16:23:22,17243,17243,17243,2,0
2023-06-19 16:23:25,17243,17243,17243,2,0
2023-06-19 16:23:27,17243,17243,17243,2,0
2023-06-19 16:23:27,17243,17243,17243,2,0
2023-06-19 16:23:27,17243,17243,17243,2,0
2023-06-19 16:23:27,17243,17243,17243,2,0
2023-06-19 16:23:27,17243,17243,17243,4,0
2023-06-19 16:23:27,17244,17244,17244,2,2
2023-06-19 16:23:31,17245,17245,17245,4,4
2023-06-19 16:23:34,17246,17246,17246,2,2
2023-06-19 16:23:36,17245,17245,17245,2,-2
2023-06-19 16:23:37,17245,17245,17245,2,0
2023-06-19 16:23:41,17245,17245,17245,2,0
2023-06-19 16:23:41,17245,17245,17245,2,0
2023-06-19 16:23:44,17245,17245,17245,2,0
2023-06-19 16:23:45,17245,17245,17245,2,0
2023-06-19 16:23:51,17245,17245,17245,2,0
2023-06-19 16:23:52,17245,17245,17245,2,0
2023-06-19 16:24:02,17246,17246,17246,2,2
2023-06-19 16:24:02,17246,17246,17246,4,0
2023-06-19 16:24:02,17246,17246,17246,2,0
2023-06-19 16:24:03,17245,17245,17245,2,-2
2023-06-19 16:24:04,17245,17245,17245,2,0
2023-06-19 16:24:06,17245,17245,17245,2,0
2023-06-19 16:24:31,17246,17246,17246,2,2
2023-06-19 16:24:34,17246,17246,17246,2,0
2023-06-19 16:24:34,17246,17246,17246,4,0
2023-06-19 16:24:34,17246,17246,17246,2,0
2023-06-19 16:24:34,17246,17246,17246,6,0
2023-06-19 16:24:34,17246,17246,17246,2,0
2023-06-19 16:24:34,17245,17245,17245,2,-2
2023-06-19 16:24:38,17247,17247,17247,2,2
2023-06-19 16:24:42,17247,17247,17247,8,0
2023-06-19 16:24:42,17247,17247,17247,2,0
2023-06-19 16:24:43,17248,17248,17248,2,2
2023-06-19 16:24:43,17248,17248,17248,4,0
2023-06-19 16:24:44,17249,17249,17249,2,2
2023-06-19 16:24:44,17248,17248,17248,2,-2
2023-06-19 16:24:44,17248,17248,17248,2,0
2023-06-19 16:24:44,17249,17249,17249,6,6
2023-06-19 16:24:45,17247,17247,17247,2,-2
2023-06-19 16:24:46,17249,17249,17249,4,4
2023-06-19 16:24:48,17248,17248,17248,2,-2
2023-06-19 16:24:56,17247,17247,17247,4,-4
2023-06-19 16:24:56,17248,17248,17248,2,2
2023-06-19 16:24:56,17248,17248,17248,2,0
2023-06-19 16:25:06,17248,17248,17248,2,0
2023-06-19 16:25:07,17248,17248,17248,2,0
2023-06-19 16:25:12,17247,17247,17247,4,-4
2023-06-19 16:25:12,17247,17247,17247,2,0
2023-06-19 16:25:12,17247,17247,17247,2,0
2023-06-19 16:25:13,17247,17247,17247,2,0
2023-06-19 16:25:17,17246,17246,17246,2,-2
2023-06-19 16:25:18,17247,17247,17247,2,2
2023-06-19 16:25:21,17247,17247,17247,2,0
2023-06-19 16:25:22,17248,17248,17248,2,2
2023-06-19 16:25:29,17248,17248,17248,2,0
2023-06-19 16:25:31,17248,17248,17248,2,0
2023-06-19 16:25:31,17248,17248,17248,2,0
2023-06-19 16:25:34,17248,17248,17248,2,0
2023-06-19 16:25:41,17248,17248,17248,2,0
2023-06-19 16:25:44,17248,17248,17248,2,0
2023-06-19 16:25:47,17248,17248,17248,4,0
2023-06-19 16:26:00,17247,17247,17247,2,-2
2023-06-19 16:26:15,17249,17249,17249,10,10
2023-06-19 16:26:15,17249,17249,17249,2,0
2023-06-19 16:26:25,17250,17250,17250,2,2
2023-06-19 16:26:36,17250,17250,17250,2,0
2023-06-19 16:27:30,17249,17249,17249,18,-18
2023-06-19 16:27:30,17249,17249,17249,4,0
2023-06-19 16:27:30,17248,17248,17248,2,-2
2023-06-19 16:27:34,17247,17247,17247,2,-2
2023-06-19 16:27:34,17247,17247,17247,2,0
2023-06-19 16:27:44,17247,17247,17247,2,0
2023-06-19 16:27:46,17248,17248,17248,6,6
2023-06-19 16:27:52,17248,17248,17248,2,0
2023-06-19 16:27:52,17248,17248,17248,2,0
2023-06-19 16:27:52,17248,17248,17248,2,0
2023-06-19 16:27:58,17247,17247,17247,2,-2
2023-06-19 16:27:58,17247,17247,17247,2,0
2023-06-19 16:27:58,17247,17247,17247,2,0
2023-06-19 16:28:15,17247,17247,17247,2,0
2023-06-19 16:28:44,17248,17248,17248,2,2
2023-06-19 16:28:54,17247,17247,17247,6,-6
2023-06-19 16:28:54,17247,17247,17247,2,0
2023-06-19 16:28:54,17247,17247,17247,2,0
2023-06-19 16:28:54,17246,17246,17246,2,-2
2023-06-19 16:28:54,17246,17246,17246,2,0
2023-06-19 16:28:54,17246,17246,17246,2,0
2023-06-19 16:29:00,17245,17245,17245,2,-2
2023-06-19 16:29:00,17245,17245,17245,2,0
2023-06-19 16:29:02,17246,17246,17246,2,2
2023-06-19 16:29:09,17245,17245,17245,2,-2
2023-06-19 16:29:15,17245,17245,17245,2,0
2023-06-19 16:29:25,17245,17245,17245,2,0
2023-06-19 16:29:28,17245,17245,17245,2,0
2023-06-19 16:29:28,17245,17245,17245,2,0
2023-06-19 16:29:29,17245,17245,17245,2,0
2023-06-19 16:29:30,17245,17245,17245,2,0
2023-06-19 16:29:32,17245,17245,17245,2,0
2023-06-19 16:29:50,17245,17245,17245,2,0
2023-06-19 16:29:58,17245,17245,17245,2,0
2023-06-19 16:30:04,17245,17245,17245,2,0
2023-06-19 16:30:05,17246,17246,17246,2,2
2023-06-19 16:30:09,17245,17245,17245,2,-2
2023-06-19 16:30:19,17245,17245,17245,2,0
2023-06-19 16:30:28,17245,17245,17245,2,0
2023-06-19 16:30:33,17245,17245,17245,2,0
2023-06-19 16:30:33,17245,17245,17245,2,0
2023-06-19 16:30:33,17245,17245,17245,2,0
2023-06-19 16:30:34,17245,17245,17245,2,0
2023-06-19 16:30:44,17245,17245,17245,14,0
2023-06-19 16:30:55,17245,17245,17245,10,0
2023-06-19 16:30:55,17245,17245,17245,2,0
2023-06-19 16:30:55,17245,17245,17245,2,0
2023-06-19 16:31:06,17245,17245,17245,2,0
2023-06-19 16:31:06,17245,17245,17245,2,0
2023-06-19 16:31:18,17245,17245,17245,2,0
2023-06-19 16:31:18,17245,17245,17245,4,0
2023-06-19 16:31:21,17245,17245,17245,2,0
2023-06-19 16:31:38,17245,17245,17245,2,0
2023-06-19 16:31:42,17245,17245,17245,2,0
2023-06-19 16:32:02,17245,17245,17245,2,0
2023-06-19 16:32:04,17245,17245,17245,2,0
2023-06-19 16:32:06,17245,17245,17245,8,0
2023-06-19 16:32:07,17246,17246,17246,4,4
2023-06-19 16:32:07,17246,17246,17246,2,0
2023-06-19 16:32:09,17246,17246,17246,2,0
2023-06-19 16:32:09,17246,17246,17246,4,0
2023-06-19 16:32:09,17246,17246,17246,2,0
2023-06-19 16:32:11,17246,17246,17246,2,0
2023-06-19 16:32:15,17247,17247,17247,2,2
2023-06-19 16:32:16,17247,17247,17247,4,0
2023-06-19 16:32:16,17247,17247,17247,4,0
2023-06-19 16:32:16,17247,17247,17247,2,0
2023-06-19 16:32:16,17247,17247,17247,2,0
2023-06-19 16:32:16,17247,17247,17247,4,0
2023-06-19 16:32:16,17247,17247,17247,2,0
2023-06-19 16:32:16,17247,17247,17247,2,0
2023-06-19 16:32:18,17247,17247,17247,2,0
2023-06-19 16:32:18,17247,17247,17247,4,0
2023-06-19 16:32:22,17248,17248,17248,2,2
2023-06-19 16:32:49,17248,17248,17248,2,0
2023-06-19 16:33:00,17247,17247,17247,2,-2
2023-06-19 16:33:00,17247,17247,17247,2,0
2023-06-19 16:33:15,17247,17247,17247,2,0
2023-06-19 16:33:15,17247,17247,17247,4,0
2023-06-19 16:33:16,17247,17247,17247,2,0
2023-06-19 16:33:26,17248,17248,17248,2,2
2023-06-19 16:33:35,17248,17248,17248,2,0
2023-06-19 16:33:43,17248,17248,17248,4,0
2023-06-19 16:33:49,17249,17249,17249,4,4
2023-06-19 16:34:05,17248,17248,17248,2,-2
2023-06-19 16:34:05,17248,17248,17248,2,0
2023-06-19 16:34:05,17248,17248,17248,2,0
2023-06-19 16:34:05,17248,17248,17248,4,0
2023-06-19 16:34:05,17248,17248,17248,2,0
2023-06-19 16:34:19,17247,17247,17247,6,-6
2023-06-19 16:34:31,17247,17247,17247,2,0
2023-06-19 16:34:36,17246,17246,17246,2,-2
2023-06-19 16:35:43,17245,17245,17245,2,-2
2023-06-19 16:35:49,17245,17245,17245,2,0
2023-06-19 16:35:54,17245,17245,17245,2,0
2023-06-19 16:35:54,17245,17245,17245,4,0
2023-06-19 16:35:54,17245,17245,17245,2,0
2023-06-19 16:35:54,17245,17245,17245,6,0
2023-06-19 16:36:06,17245,17245,17245,4,0
2023-06-19 16:36:21,17245,17245,17245,2,0
2023-06-19 16:36:21,17245,17245,17245,2,0
2023-06-19 16:36:21,17245,17245,17245,4,0
2023-06-19 16:36:22,17245,17245,17245,2,0
2023-06-19 16:36:46,17245,17245,17245,2,0
2023-06-19 16:37:12,17245,17245,17245,2,0
2023-06-19 16:37:21,17245,17245,17245,14,0
2023-06-19 16:37:21,17245,17245,17245,2,0
2023-06-19 16:37:21,17245,17245,17245,2,0
2023-06-19 16:37:21,17246,17246,17246,8,8
2023-06-19 16:37:21,17246,17246,17246,2,0
2023-06-19 16:37:21,17246,17246,17246,2,0
2023-06-19 16:37:21,17246,17246,17246,2,0
2023-06-19 16:37:38,17246,17246,17246,4,0
2023-06-19 16:37:38,17246,17246,17246,2,0
2023-06-19 16:37:45,17246,17246,17246,2,0
2023-06-19 16:37:52,17245,17245,17245,2,-2
2023-06-19 16:37:52,17245,17245,17245,2,0
2023-06-19 16:37:52,17245,17245,17245,4,0
2023-06-19 16:37:52,17245,17245,17245,4,0
2023-06-19 16:37:52,17245,17245,17245,2,0
2023-06-19 16:38:04,17246,17246,17246,2,2
2023-06-19 16:38:06,17245,17245,17245,2,-2
2023-06-19 16:38:13,17245,17245,17245,4,0
2023-06-19 16:38:15,17244,17244,17244,2,-2
2023-06-19 16:38:15,17244,17244,17244,2,0
2023-06-19 16:38:15,17244,17244,17244,2,0
2023-06-19 16:38:15,17244,17244,17244,2,0
2023-06-19 16:38:15,17244,17244,17244,2,0
2023-06-19 16:38:15,17244,17244,17244,6,0
2023-06-19 16:38:15,17244,17244,17244,8,0
2023-06-19 16:38:15,17244,17244,17244,2,0
2023-06-19 16:38:15,17244,17244,17244,4,0
2023-06-19 16:38:15,17244,17244,17244,2,0
2023-06-19 16:38:15,17244,17244,17244,2,0
2023-06-19 16:38:15,17244,17244,17244,2,0
2023-06-19 16:38:15,17244,17244,17244,2,0
2023-06-19 16:38:15,17244,17244,17244,2,0
2023-06-19 16:38:15,17244,17244,17244,6,0
2023-06-19 16:38:16,17243,17243,17243,4,-4
2023-06-19 16:38:16,17243,17243,17243,8,0
2023-06-19 16:38:16,17243,17243,17243,8,0
2023-06-19 16:38:16,17243,17243,17243,2,0
2023-06-19 16:38:16,17243,17243,17243,2,0
2023-06-19 16:38:18,17242,17242,17242,2,-2
2023-06-19 16:38:18,17242,17242,17242,2,0
2023-06-19 16:38:18,17242,17242,17242,2,0
2023-06-19 16:38:18,17242,17242,17242,2,0
2023-06-19 16:38:18,17242,17242,17242,2,0
2023-06-19 16:38:18,17242,17242,17242,2,0
2023-06-19 16:38:18,17242,17242,17242,2,0
2023-06-19 16:38:18,17242,17242,17242,6,0
2023-06-19 16:38:18,17242,17242,17242,2,0
2023-06-19 16:38:18,17242,17242,17242,2,0
2023-06-19 16:38:18,17242,17242,17242,2,0
2023-06-19 16:38:31,17242,17242,17242,2,0
2023-06-19 16:38:41,17243,17243,17243,4,4
2023-06-19 16:38:56,17242,17242,17242,2,-2
2023-06-19 16:38:56,17242,17242,17242,2,0
2023-06-19 16:39:00,17243,17243,17243,8,8
2023-06-19 16:39:02,17242,17242,17242,2,-2
2023-06-19 16:39:18,17242,17242,17242,2,0
2023-06-19 16:39:33,17242,17242,17242,2,0
2023-06-19 16:39:33,17242,17242,17242,2,0
2023-06-19 16:39:36,17243,17243,17243,4,4
2023-06-19 16:39:36,17243,17243,17243,2,0
2023-06-19 16:39:47,17244,17244,17244,6,6
2023-06-19 16:40:01,17246,17246,17246,2,2
2023-06-19 16:40:01,17246,17246,17246,2,0
2023-06-19 16:40:01,17247,17247,17247,2,2
2023-06-19 16:40:16,17247,17247,17247,4,0
2023-06-19 16:40:25,17246,17246,17246,2,-2
2023-06-19 16:40:26,17247,17247,17247,6,6
2023-06-19 16:40:29,17246,17246,17246,2,-2
2023-06-19 16:40:34,17247,17247,17247,2,2
2023-06-19 16:41:11,17247,17247,17247,4,0
2023-06-19 16:41:17,17247,17247,17247,2,0
2023-06-19 16:41:19,17247,17247,17247,2,0
2023-06-19 16:41:19,17247,17247,17247,2,0
2023-06-19 16:41:30,17247,17247,17247,4,0
2023-06-19 16:41:53,17248,17248,17248,20,20
2023-06-19 16:41:55,17248,17248,17248,2,0
2023-06-19 16:41:57,17250,17250,17250,4,4
2023-06-19 16:41:57,17250,17250,17250,2,0
2023-06-19 16:41:58,17248,17248,17248,2,-2
2023-06-19 16:42:01,17249,17249,17249,2,2
2023-06-19 16:42:06,17248,17248,17248,2,-2
2023-06-19 16:42:21,17249,17249,17249,6,6
2023-06-19 16:42:50,17250,17250,17250,2,2
2023-06-19 16:42:52,17250,17250,17250,6,0
2023-06-19 16:42:59,17251,17251,17251,2,2
2023-06-19 16:42:59,17251,17251,17251,4,0
2023-06-19 16:42:59,17251,17251,17251,2,0
2023-06-19 16:43:00,17250,17250,17250,4,-4
2023-06-19 16:43:00,17250,17250,17250,2,0
2023-06-19 16:43:10,17250,17250,17250,2,0
2023-06-19 16:43:13,17251,17251,17251,2,2
2023-06-19 16:43:15,17251,17251,17251,4,0
2023-06-19 16:43:16,17251,17251,17251,2,0
2023-06-19 16:43:36,17251,17251,17251,2,0
2023-06-19 16:43:50,17250,17250,17250,2,-2
2023-06-19 16:43:50,17250,17250,17250,2,0
2023-06-19 16:43:50,17250,17250,17250,2,0
2023-06-19 16:44:39,17251,17251,17251,14,14
2023-06-19 16:44:55,17251,17251,17251,2,0
2023-06-19 16:44:58,17251,17251,17251,2,0
2023-06-19 16:45:06,17251,17251,17251,2,0
2023-06-19 16:45:11,17252,17252,17252,2,2
2023-06-19 16:45:13,17251,17251,17251,4,-4
2023-06-19 16:45:31,17250,17250,17250,2,-2
2023-06-19 16:45:31,17250,17250,17250,2,0
2023-06-19 16:45:31,17250,17250,17250,2,0
2023-06-19 16:45:31,17250,17250,17250,2,0
2023-06-19 16:45:31,17250,17250,17250,2,0
2023-06-19 16:45:31,17250,17250,17250,6,0
2023-06-19 16:45:31,17250,17250,17250,2,0
2023-06-19 16:45:31,17250,17250,17250,2,0
2023-06-19 16:45:42,17249,17249,17249,2,-2
2023-06-19 16:46:13,17248,17248,17248,2,-2
2023-06-19 16:46:13,17248,17248,17248,2,0
2023-06-19 16:46:13,17248,17248,17248,2,0
2023-06-19 16:46:13,17248,17248,17248,2,0
2023-06-19 16:46:13,17248,17248,17248,2,0
2023-06-19 16:46:13,17247,17247,17247,4,-4
2023-06-19 16:46:13,17247,17247,17247,2,0
2023-06-19 16:46:17,17246,17246,17246,2,-2
2023-06-19 16:46:21,17247,17247,17247,2,2
2023-06-19 16:46:21,17248,17248,17248,2,2
2023-06-19 16:46:25,17246,17246,17246,2,-2
2023-06-19 16:46:25,17246,17246,17246,6,0
2023-06-19 16:46:29,17247,17247,17247,2,2
2023-06-19 16:46:44,17248,17248,17248,4,4
2023-06-19 16:46:53,17247,17247,17247,2,-2
2023-06-19 16:47:42,17248,17248,17248,2,2
2023-06-19 16:47:46,17247,17247,17247,2,-2
2023-06-19 16:47:47,17248,17248,17248,2,2
2023-06-19 16:47:48,17248,17248,17248,2,0
2023-06-19 16:48:00,17247,17247,17247,2,-2
2023-06-19 16:48:10,17247,17247,17247,2,0
2023-06-19 16:48:10,17247,17247,17247,2,0
2023-06-19 16:48:10,17247,17247,17247,2,0
2023-06-19 16:48:14,17247,17247,17247,2,0
2023-06-19 16:48:32,17247,17247,17247,4,0
2023-06-19 16:48:32,17247,17247,17247,2,0
2023-06-19 16:48:32,17247,17247,17247,2,0
2023-06-19 16:48:51,17247,17247,17247,10,0
2023-06-19 16:49:01,17247,17247,17247,2,0
2023-06-19 16:49:06,17247,17247,17247,2,0
2023-06-19 16:49:26,17247,17247,17247,2,0
2023-06-19 16:49:27,17247,17247,17247,2,0
2023-06-19 16:49:32,17247,17247,17247,6,0
2023-06-19 16:50:02,17248,17248,17248,2,2
2023-06-19 16:50:09,17248,17248,17248,2,0
2023-06-19 16:50:09,17248,17248,17248,6,0
2023-06-19 16:50:22,17249,17249,17249,2,2
2023-06-19 16:50:31,17250,17250,17250,2,2
2023-06-19 16:50:39,17249,17249,17249,2,-2
2023-06-19 16:50:39,17249,17249,17249,2,0
2023-06-19 16:50:39,17249,17249,17249,4,0
2023-06-19 16:50:39,17249,17249,17249,4,0
2023-06-19 16:51:33,17249,17249,17249,2,0
2023-06-19 16:51:48,17249,17249,17249,4,0
2023-06-19 16:51:48,17249,17249,17249,2,0
2023-06-19 16:51:48,17249,17249,17249,2,0
2023-06-19 16:51:48,17249,17249,17249,2,0
2023-06-19 16:51:49,17249,17249,17249,2,0
2023-06-19 16:51:49,17249,17249,17249,4,0
2023-06-19 16:51:49,17249,17249,17249,2,0
2023-06-19 16:51:49,17249,17249,17249,8,0
2023-06-19 16:51:57,17249,17249,17249,2,0
2023-06-19 16:52:30,17249,17249,17249,2,0
2023-06-19 16:52:34,17249,17249,17249,4,0
2023-06-19 16:52:40,17250,17250,17250,4,4
2023-06-19 16:52:54,17249,17249,17249,4,-4
2023-06-19 16:52:55,17249,17249,17249,2,0
2023-06-19 16:53:05,17249,17249,17249,2,0
2023-06-19 16:53:08,17249,17249,17249,2,0
2023-06-19 16:53:11,17249,17249,17249,2,0
2023-06-19 16:53:55,17250,17250,17250,2,2
2023-06-19 16:53:57,17250,17250,17250,2,0
2023-06-19 16:54:08,17249,17249,17249,2,-2
2023-06-19 16:54:08,17249,17249,17249,2,0
2023-06-19 16:54:08,17249,17249,17249,2,0
2023-06-19 16:54:08,17249,17249,17249,8,0
2023-06-19 16:54:08,17249,17249,17249,2,0
2023-06-19 16:54:12,17249,17249,17249,2,0
2023-06-19 16:54:13,17248,17248,17248,2,-2
2023-06-19 16:54:13,17248,17248,17248,2,0
2023-06-19 16:54:54,17249,17249,17249,6,6
2023-06-19 16:55:23,17249,17249,17249,4,0
2023-06-19 16:56:04,17248,17248,17248,2,-2
2023-06-19 16:56:21,17248,17248,17248,2,0
2023-06-19 16:56:37,17247,17247,17247,2,-2
2023-06-19 16:56:40,17248,17248,17248,2,2
2023-06-19 16:56:50,17248,17248,17248,2,0
2023-06-19 16:56:50,17248,17248,17248,2,0
2023-06-19 16:57:03,17249,17249,17249,12,12
2023-06-19 16:57:03,17249,17249,17249,8,0
2023-06-19 16:57:03,17249,17249,17249,2,0
2023-06-19 16:57:03,17249,17249,17249,2,0
2023-06-19 16:57:03,17249,17249,17249,4,0
2023-06-19 16:57:03,17249,17249,17249,4,0
2023-06-19 16:57:04,17249,17249,17249,2,0
2023-06-19 16:57:04,17249,17249,17249,2,0
2023-06-19 16:57:13,17250,17250,17250,14,14
2023-06-19 16:57:13,17250,17250,17250,14,0
2023-06-19 16:57:13,17250,17250,17250,2,0
2023-06-19 16:57:13,17250,17250,17250,4,0
2023-06-19 16:57:13,17250,17250,17250,4,0
2023-06-19 16:57:13,17250,17250,17250,2,0
2023-06-19 16:57:13,17250,17250,17250,2,0
2023-06-19 16:57:13,17250,17250,17250,4,0
2023-06-19 16:57:13,17250,17250,17250,2,0
2023-06-19 16:57:13,17250,17250,17250,18,0
2023-06-19 16:57:14,17251,17251,17251,14,14
2023-06-19 16:57:22,17252,17252,17252,2,2
2023-06-19 16:57:33,17251,17251,17251,2,-2
2023-06-19 16:57:33,17251,17251,17251,2,0
2023-06-19 16:57:48,17250,17250,17250,6,-6
2023-06-19 16:57:57,17250,17250,17250,2,0
2023-06-19 16:57:57,17250,17250,17250,2,0
2023-06-19 16:58:06,17249,17249,17249,2,-2
2023-06-19 16:58:06,17249,17249,17249,2,0
2023-06-19 16:58:06,17249,17249,17249,2,0
2023-06-19 16:58:20,17248,17248,17248,2,-2
2023-06-19 16:58:20,17248,17248,17248,2,0
2023-06-19 16:58:55,17249,17249,17249,2,2
2023-06-19 16:59:05,17248,17248,17248,2,-2
2023-06-19 16:59:36,17249,17249,17249,6,6
2023-06-19 16:59:55,17248,17248,17248,2,-2
2023-06-19 16:59:55,17248,17248,17248,2,0
2023-06-19 16:59:55,17248,17248,17248,4,0
2023-06-19 16:59:55,17248,17248,17248,4,0
2023-06-19 16:59:55,17248,17248,17248,2,0
2023-06-19 17:00:01,17248,17248,17248,4,0
2023-06-19 17:00:01,17248,17248,17248,4,0
2023-06-19 17:00:01,17249,17249,17249,2,2
2023-06-19 17:00:02,17247,17247,17247,2,-2
2023-06-19 17:00:02,17247,17247,17247,4,0
2023-06-19 17:00:02,17247,17247,17247,2,0
2023-06-19 17:00:02,17248,17248,17248,4,4
2023-06-19 17:00:22,17248,17248,17248,2,0
2023-06-19 17:00:22,17248,17248,17248,2,0
2023-06-19 17:00:22,17248,17248,17248,2,0
2023-06-19 17:00:38,17247,17247,17247,2,-2
2023-06-19 17:00:54,17247,17247,17247,4,0
2023-06-19 17:00:56,17248,17248,17248,2,2
2023-06-19 17:01:03,17249,17249,17249,4,4
2023-06-19 17:01:28,17248,17248,17248,2,-2
2023-06-19 17:01:28,17248,17248,17248,2,0
2023-06-19 17:01:37,17249,17249,17249,2,2
2023-06-19 17:01:37,17248,17248,17248,4,-4
2023-06-19 17:01:38,17248,17248,17248,2,0
2023-06-19 17:02:03,17248,17248,17248,4,0
2023-06-19 17:02:03,17248,17248,17248,4,0
2023-06-19 17:02:16,17248,17248,17248,2,0
2023-06-19 17:02:55,17249,17249,17249,2,2
2023-06-19 17:03:04,17248,17248,17248,2,-2
2023-06-19 17:03:04,17248,17248,17248,2,0
2023-06-19 17:03:07,17248,17248,17248,2,0
2023-06-19 17:03:11,17248,17248,17248,2,0
2023-06-19 17:03:21,17247,17247,17247,2,-2
2023-06-19 17:04:00,17246,17246,17246,2,-2
2023-06-19 17:04:04,17246,17246,17246,2,0
2023-06-19 17:04:04,17246,17246,17246,2,0
2023-06-19 17:04:04,17246,17246,17246,2,0
2023-06-19 17:04:06,17246,17246,17246,2,0
2023-06-19 17:04:06,17246,17246,17246,2,0
2023-06-19 17:04:10,17246,17246,17246,2,0
2023-06-19 17:04:19,17245,17245,17245,2,-2
2023-06-19 17:04:19,17245,17245,17245,4,0
2023-06-19 17:04:20,17245,17245,17245,2,0
2023-06-19 17:04:27,17246,17246,17246,2,2
2023-06-19 17:04:29,17245,17245,17245,2,-2
2023-06-19 17:04:29,17245,17245,17245,4,0
2023-06-19 17:04:34,17245,17245,17245,2,0
2023-06-19 17:04:34,17245,17245,17245,2,0
2023-06-19 17:04:34,17245,17245,17245,2,0
2023-06-19 17:04:34,17245,17245,17245,6,0
2023-06-19 17:04:34,17245,17245,17245,2,0
2023-06-19 17:04:45,17244,17244,17244,2,-2
2023-06-19 17:04:46,17244,17244,17244,2,0
2023-06-19 17:04:46,17244,17244,17244,2,0
2023-06-19 17:04:53,17245,17245,17245,2,2
2023-06-19 17:04:55,17244,17244,17244,2,-2
2023-06-19 17:04:55,17244,17244,17244,2,0
2023-06-19 17:04:57,17244,17244,17244,2,0
2023-06-19 17:04:58,17244,17244,17244,2,0
2023-06-19 17:05:03,17244,17244,17244,2,0
2023-06-19 17:05:03,17244,17244,17244,2,0
2023-06-19 17:05:03,17244,17244,17244,2,0
2023-06-19 17:05:04,17245,17245,17245,8,8
2023-06-19 17:05:04,17245,17245,17245,2,0
2023-06-19 17:05:18,17246,17246,17246,6,6
2023-06-19 17:05:23,17247,17247,17247,4,4
2023-06-19 17:05:23,17246,17246,17246,2,-2
2023-06-19 17:05:36,17247,17247,17247,2,2
2023-06-19 17:05:46,17248,17248,17248,2,2
2023-06-19 17:05:46,17247,17247,17247,2,-2
2023-06-19 17:05:53,17248,17248,17248,2,2
2023-06-19 17:05:57,17248,17248,17248,14,0
2023-06-19 17:06:28,17248,17248,17248,2,0
2023-06-19 17:06:28,17247,17247,17247,2,-2
2023-06-19 17:06:56,17248,17248,17248,4,4
2023-06-19 17:06:57,17247,17247,17247,2,-2
2023-06-19 17:06:57,17247,17247,17247,2,0
2023-06-19 17:07:08,17248,17248,17248,2,2
2023-06-19 17:07:08,17247,17247,17247,2,-2
