2022-08-01 15:00:00.050,14886,14887,14889,78,78
2022-08-01 15:00:00.052,14889,14890,14889,2,-2
2022-08-01 15:00:00.166,14888,14889,14888,1,-1
2022-08-01 15:00:00.169,14888,14889,14888,1,-1
2022-08-01 15:00:00.169,14888,14889,14887,1,-1
2022-08-01 15:00:00.179,14888,14889,14887,1,-1
2022-08-01 15:00:00.194,14888,14889,14888,1,-1
2022-08-01 15:00:00.219,14888,14889,14887,1,-1
2022-08-01 15:00:00.235,14888,14889,14888,1,-1
2022-08-01 15:00:00.334,14886,14888,14888,2,2
2022-08-01 15:00:00.345,14886,14888,14889,1,1
2022-08-01 15:00:00.371,14886,14888,14889,2,2
2022-08-01 15:00:00.371,14886,14888,14890,8,8
2022-08-01 15:00:00.372,14886,14888,14888,1,1
2022-08-01 15:00:00.386,14886,14888,14889,1,1
2022-08-01 15:00:00.386,14886,14888,14890,3,3
2022-08-01 15:00:00.387,14886,14888,14888,1,1
2022-08-01 15:00:00.549,14890,14891,14890,1,-1
2022-08-01 15:00:00.649,14890,14891,14890,2,-2
2022-08-01 15:00:00.695,14888,14891,14889,2,-2
2022-08-01 15:00:00.695,14888,14891,14888,2,-2
2022-08-01 15:00:00.695,14888,14891,14887,3,-3
2022-08-01 15:00:00.695,14888,14891,14886,1,-1
2022-08-01 15:00:00.725,14888,14891,14886,3,-3
2022-08-01 15:00:00.725,14888,14891,14885,1,-1
2022-08-01 15:00:00.785,14885,14888,14887,1,1
2022-08-01 15:00:00.785,14885,14888,14887,1,1
2022-08-01 15:00:00.867,14885,14888,14887,1,1
2022-08-01 15:00:00.867,14885,14888,14888,1,1
2022-08-01 15:00:00.934,14885,14888,14887,1,1
2022-08-01 15:00:00.951,14885,14888,14888,1,1
2022-08-01 15:00:01.230,14886,14888,14888,3,3
2022-08-01 15:00:01.357,14887,14888,14888,1,1
2022-08-01 15:00:01.427,14887,14888,14888,2,2
2022-08-01 15:00:01.495,14887,14888,14889,2,2
2022-08-01 15:00:01.495,14887,14888,14890,2,2
2022-08-01 15:00:01.667,14888,14890,14890,1,1
2022-08-01 15:00:01.695,14888,14890,14888,1,-1
2022-08-01 15:00:01.695,14888,14890,14887,1,-1
2022-08-01 15:00:01.764,14888,14890,14890,1,1
2022-08-01 15:00:01.838,14888,14891,14890,1,1
2022-08-01 15:00:01.950,14889,14891,14891,1,1
2022-08-01 15:00:02.016,14889,14891,14889,1,-1
2022-08-01 15:00:02.031,14889,14891,14891,1,1
2022-08-01 15:00:02.056,14889,14891,14891,2,2
2022-08-01 15:00:02.143,14889,14891,14889,1,-1
2022-08-01 15:00:02.521,14889,14891,14889,3,-3
2022-08-01 15:00:02.724,14888,14890,14888,1,-1
2022-08-01 15:00:02.771,14888,14890,14889,1,-1
2022-08-01 15:00:02.773,14888,14890,14889,1,-1
2022-08-01 15:00:02.773,14888,14890,14890,1,1
2022-08-01 15:00:02.952,14888,14890,14888,1,-1
2022-08-01 15:00:03.008,14888,14890,14889,2,-2
2022-08-01 15:00:03.008,14888,14890,14890,4,4
2022-08-01 15:00:03.519,14889,14891,14891,1,1
2022-08-01 15:00:03.743,14889,14891,14889,1,-1
2022-08-01 15:00:03.937,14889,14891,14890,1,-1
2022-08-01 15:00:04.059,14889,14891,14891,1,1
2022-08-01 15:00:04.137,14889,14891,14892,1,1
2022-08-01 15:00:04.242,14889,14892,14890,1,-1
2022-08-01 15:00:04.262,14889,14892,14889,1,-1
2022-08-01 15:00:04.262,14889,14892,14891,1,1
2022-08-01 15:00:04.262,14889,14892,14892,2,2
2022-08-01 15:00:04.471,14889,14892,14889,1,-1
2022-08-01 15:00:04.600,14889,14892,14892,4,4
2022-08-01 15:00:04.836,14889,14892,14892,4,4
2022-08-01 15:00:05.106,14889,14892,14892,1,1
2022-08-01 15:00:05.684,14890,14891,14891,1,1
2022-08-01 15:00:05.852,14890,14891,14891,1,1
2022-08-01 15:00:06.053,14890,14892,14890,1,-1
2022-08-01 15:00:06.053,14890,14892,14890,2,-2
2022-08-01 15:00:06.069,14890,14892,14890,1,-1
2022-08-01 15:00:06.267,14889,14891,14889,1,-1
2022-08-01 15:00:06.448,14889,14891,14891,2,2
2022-08-01 15:00:07.359,14888,14891,14890,1,1
2022-08-01 15:00:07.944,14889,14891,14891,1,1
2022-08-01 15:00:10.764,14889,14891,14889,3,-3
2022-08-01 15:00:10.943,14890,14891,14891,1,1
2022-08-01 15:00:11.639,14890,14891,14891,1,1
2022-08-01 15:00:11.648,14890,14891,14890,1,-1
2022-08-01 15:00:12.275,14890,14891,14890,3,-3
2022-08-01 15:00:12.275,14890,14891,14890,2,-2
2022-08-01 15:00:12.275,14890,14891,14890,1,-1
2022-08-01 15:00:12.275,14890,14891,14890,6,-6
2022-08-01 15:00:12.411,14889,14891,14891,1,1
2022-08-01 15:00:13.338,14889,14890,14889,2,-2
2022-08-01 15:00:13.879,14888,14890,14890,1,1
2022-08-01 15:00:15.117,14888,14889,14888,1,-1
2022-08-01 15:00:15.117,14888,14889,14888,1,-1
2022-08-01 15:00:15.118,14888,14889,14888,2,-2
2022-08-01 15:00:15.891,14887,14889,14889,1,1
2022-08-01 15:00:16.364,14887,14889,14887,1,-1
2022-08-01 15:00:16.753,14887,14888,14887,1,-1
2022-08-01 15:00:16.757,14887,14888,14887,2,-2
2022-08-01 15:00:16.760,14887,14888,14887,1,-1
2022-08-01 15:00:16.762,14887,14888,14887,1,-1
2022-08-01 15:00:16.779,14887,14888,14887,1,-1
2022-08-01 15:00:16.782,14887,14888,14887,1,-1
2022-08-01 15:00:19.670,14887,14888,14887,3,-3
2022-08-01 15:00:19.965,14887,14888,14888,1,1
2022-08-01 15:00:19.965,14887,14888,14888,1,1
2022-08-01 15:00:20.520,14888,14889,14888,2,-2
2022-08-01 15:00:22.133,14888,14889,14889,1,1
2022-08-01 15:00:22.134,14888,14889,14889,6,6
2022-08-01 15:00:22.239,14889,14890,14890,43,43
2022-08-01 15:00:22.239,14889,14890,14890,12,12
2022-08-01 15:00:22.240,14889,14890,14891,4,4
2022-08-01 15:00:22.316,14890,14891,14891,2,2
2022-08-01 15:00:22.762,14890,14891,14891,3,3
2022-08-01 15:00:23.063,14890,14891,14891,2,2
2022-08-01 15:00:23.063,14890,14891,14892,2,2
2022-08-01 15:00:23.190,14890,14892,14892,1,1
2022-08-01 15:00:24.901,14891,14892,14892,1,1
2022-08-01 15:00:25.272,14891,14892,14892,1,1
2022-08-01 15:00:25.272,14891,14892,14892,1,1
2022-08-01 15:00:25.273,14891,14892,14892,3,3
2022-08-01 15:00:25.273,14891,14892,14892,1,1
2022-08-01 15:00:25.314,14891,14892,14892,1,1
2022-08-01 15:00:25.314,14891,14892,14892,1,1
2022-08-01 15:00:25.314,14891,14892,14892,7,7
2022-08-01 15:00:25.549,14892,14893,14892,1,-1
2022-08-01 15:00:25.651,14892,14893,14892,2,-2
2022-08-01 15:00:26.263,14892,14893,14892,4,-4
2022-08-01 15:00:26.455,14892,14893,14892,6,-6
2022-08-01 15:00:26.828,14891,14892,14891,1,-1
2022-08-01 15:00:27.425,14890,14892,14892,1,1
2022-08-01 15:00:29.466,14891,14892,14892,1,1
2022-08-01 15:00:29.760,14890,14893,14893,1,1
2022-08-01 15:00:29.760,14890,14893,14893,1,1
2022-08-01 15:00:30.919,14890,14891,14891,1,1
2022-08-01 15:00:31.011,14890,14891,14890,3,-3
2022-08-01 15:00:31.628,14890,14892,14890,11,-11
2022-08-01 15:00:32.307,14889,14891,14890,1,-1
2022-08-01 15:00:32.367,14889,14891,14890,1,-1
2022-08-01 15:00:32.689,14890,14891,14891,4,4
2022-08-01 15:00:32.729,14890,14891,14890,1,-1
2022-08-01 15:00:33.382,14890,14891,14890,1,-1
2022-08-01 15:00:33.382,14890,14891,14890,1,-1
2022-08-01 15:00:33.382,14890,14891,14890,1,-1
2022-08-01 15:00:33.382,14890,14891,14890,3,-3
2022-08-01 15:00:33.382,14890,14891,14890,1,-1
2022-08-01 15:00:33.382,14890,14891,14890,3,-3
2022-08-01 15:00:33.382,14890,14891,14890,1,-1
2022-08-01 15:00:33.382,14890,14891,14890,6,-6
2022-08-01 15:00:33.383,14890,14891,14890,12,-12
2022-08-01 15:00:33.678,14889,14890,14890,1,1
2022-08-01 15:00:33.678,14889,14890,14890,1,1
2022-08-01 15:00:33.720,14889,14890,14889,1,-1
2022-08-01 15:00:33.981,14889,14891,14891,1,1
2022-08-01 15:00:34.265,14889,14891,14891,1,1
2022-08-01 15:00:35.496,14889,14890,14890,2,2
2022-08-01 15:00:37.193,14888,14890,14888,4,-4
2022-08-01 15:00:38.047,14888,14890,14888,2,-2
2022-08-01 15:00:38.192,14888,14890,14888,4,-4
2022-08-01 15:00:40.162,14889,14890,14890,3,3
2022-08-01 15:00:40.185,14889,14890,14890,1,1
2022-08-01 15:00:40.186,14889,14890,14890,1,1
2022-08-01 15:00:40.481,14889,14891,14891,1,1
2022-08-01 15:00:40.494,14889,14891,14891,1,1
2022-08-01 15:00:41.901,14889,14891,14889,16,-16
2022-08-01 15:00:41.907,14889,14891,14888,1,-1
2022-08-01 15:00:42.002,14889,14891,14889,1,-1
2022-08-01 15:00:44.100,14888,14889,14889,1,1
2022-08-01 15:00:44.918,14889,14890,14889,4,-4
2022-08-01 15:00:45.214,14888,14890,14890,1,1
2022-08-01 15:00:45.214,14888,14890,14890,1,1
2022-08-01 15:00:49.803,14889,14890,14889,3,-3
2022-08-01 15:00:51.931,14888,14889,14889,4,4
2022-08-01 15:00:52.033,14888,14889,14888,2,-2
2022-08-01 15:00:57.648,14887,14888,14888,1,1
2022-08-01 15:00:58.977,14887,14889,14889,2,2
2022-08-01 15:00:58.995,14887,14889,14889,2,2
2022-08-01 15:00:59.073,14888,14889,14888,1,-1
2022-08-01 15:00:59.207,14888,14889,14889,1,1
2022-08-01 15:00:59.207,14888,14889,14890,1,1
2022-08-01 15:01:00.274,14888,14890,14890,2,2
2022-08-01 15:01:00.384,14889,14890,14889,2,-2
2022-08-01 15:01:01.246,14889,14890,14889,1,-1
2022-08-01 15:01:01.777,14889,14890,14890,1,1
2022-08-01 15:01:01.923,14889,14890,14890,5,5
2022-08-01 15:01:01.924,14889,14890,14890,1,1
2022-08-01 15:01:02.262,14889,14891,14889,2,-2
2022-08-01 15:01:02.357,14889,14891,14891,1,1
2022-08-01 15:01:02.398,14889,14891,14891,1,1
2022-08-01 15:01:03.753,14889,14890,14890,1,1
2022-08-01 15:01:07.861,14889,14890,14890,1,1
2022-08-01 15:01:08.089,14889,14891,14889,7,-7
2022-08-01 15:01:08.152,14888,14890,14890,1,1
2022-08-01 15:01:08.152,14888,14890,14890,1,1
2022-08-01 15:01:08.152,14888,14890,14890,1,1
2022-08-01 15:01:08.723,14888,14890,14890,2,2
2022-08-01 15:01:12.200,14889,14890,14890,1,1
2022-08-01 15:01:12.492,14889,14890,14890,1,1
2022-08-01 15:01:12.493,14889,14890,14889,1,-1
2022-08-01 15:01:12.567,14888,14890,14890,1,1
2022-08-01 15:01:14.096,14888,14890,14888,7,-7
2022-08-01 15:01:14.099,14888,14890,14888,2,-2
2022-08-01 15:01:14.100,14888,14890,14888,1,-1
2022-08-01 15:01:14.100,14888,14890,14888,2,-2
2022-08-01 15:01:14.100,14888,14890,14888,4,-4
2022-08-01 15:01:14.101,14888,14890,14887,13,-13
2022-08-01 15:01:14.101,14888,14890,14887,1,-1
2022-08-01 15:01:14.404,14887,14888,14888,1,1
2022-08-01 15:01:14.404,14887,14888,14888,1,1
2022-08-01 15:01:14.921,14887,14888,14887,1,-1
2022-08-01 15:01:16.299,14886,14888,14888,5,5
2022-08-01 15:01:16.825,14887,14888,14887,1,-1
2022-08-01 15:01:16.825,14887,14888,14886,1,-1
2022-08-01 15:01:17.078,14886,14888,14888,5,5
2022-08-01 15:01:17.078,14886,14888,14889,2,2
2022-08-01 15:01:17.226,14887,14889,14887,3,-3
2022-08-01 15:01:17.435,14886,14888,14888,1,1
2022-08-01 15:01:17.439,14886,14888,14888,1,1
2022-08-01 15:01:17.723,14886,14889,14888,3,3
2022-08-01 15:01:20.100,14888,14889,14888,1,-1
2022-08-01 15:01:20.186,14887,14889,14889,4,4
2022-08-01 15:01:23.670,14888,14889,14889,1,1
2022-08-01 15:01:24.969,14889,14890,14889,1,-1
2022-08-01 15:01:25.925,14888,14889,14888,1,-1
2022-08-01 15:01:26.017,14888,14889,14887,3,-3
2022-08-01 15:01:28.183,14886,14887,14886,1,-1
2022-08-01 15:01:28.183,14886,14887,14886,3,-3
2022-08-01 15:01:28.183,14886,14887,14886,5,-5
2022-08-01 15:01:28.183,14886,14887,14886,1,-1
2022-08-01 15:01:28.184,14886,14887,14886,2,-2
2022-08-01 15:01:28.478,14885,14887,14887,1,1
2022-08-01 15:01:28.485,14885,14887,14887,1,1
2022-08-01 15:01:28.923,14885,14887,14887,2,2
2022-08-01 15:01:29.905,14885,14886,14886,1,1
2022-08-01 15:01:33.087,14885,14887,14885,2,-2
2022-08-01 15:01:33.103,14885,14887,14886,3,-3
2022-08-01 15:01:33.586,14885,14886,14885,2,-2
2022-08-01 15:01:33.671,14884,14886,14886,1,1
2022-08-01 15:01:34.759,14884,14886,14886,5,5
2022-08-01 15:01:34.798,14884,14886,14885,1,1
2022-08-01 15:01:35.094,14884,14886,14886,1,1
2022-08-01 15:01:35.094,14884,14886,14886,1,1
2022-08-01 15:01:35.329,14884,14886,14886,1,1
2022-08-01 15:01:35.330,14884,14886,14885,1,1
2022-08-01 15:01:37.999,14884,14886,14886,1,1
2022-08-01 15:01:38.021,14884,14886,14885,1,1
2022-08-01 15:01:39.390,14884,14886,14886,1,1
2022-08-01 15:01:41.418,14885,14886,14885,1,-1
2022-08-01 15:01:42.534,14885,14886,14886,2,2
2022-08-01 15:01:42.849,14885,14887,14885,1,-1
2022-08-01 15:01:42.907,14885,14887,14885,1,-1
2022-08-01 15:01:43.764,14885,14886,14886,2,2
2022-08-01 15:01:43.827,14885,14886,14886,3,3
2022-08-01 15:01:43.827,14885,14886,14887,2,2
2022-08-01 15:01:47.089,14885,14886,14886,7,7
2022-08-01 15:01:47.089,14885,14886,14887,8,8
2022-08-01 15:01:47.089,14885,14886,14888,8,8
2022-08-01 15:01:47.386,14886,14888,14887,1,1
2022-08-01 15:01:47.386,14886,14888,14888,1,1
2022-08-01 15:01:47.666,14886,14887,14887,1,1
2022-08-01 15:01:50.044,14886,14887,14887,1,1
2022-08-01 15:01:54.314,14886,14888,14888,3,3
2022-08-01 15:01:56.834,14888,14889,14888,2,-2
2022-08-01 15:01:57.992,14888,14889,14889,1,1
2022-08-01 15:01:58.329,14888,14889,14889,3,3
2022-08-01 15:02:00.191,14888,14889,14889,2,2
2022-08-01 15:02:00.569,14888,14890,14890,4,4
2022-08-01 15:02:00.623,14888,14890,14890,2,2
2022-08-01 15:02:00.634,14888,14890,14889,2,2
2022-08-01 15:02:00.634,14888,14890,14890,2,2
2022-08-01 15:02:00.655,14888,14890,14890,1,1
2022-08-01 15:02:03.004,14888,14889,14888,1,-1
2022-08-01 15:02:04.506,14888,14890,14890,1,1
2022-08-01 15:02:04.507,14888,14890,14890,1,1
2022-08-01 15:02:04.507,14888,14890,14890,2,2
2022-08-01 15:02:04.507,14888,14890,14890,3,3
2022-08-01 15:02:04.507,14888,14890,14890,4,4
2022-08-01 15:02:04.507,14888,14890,14890,4,4
2022-08-01 15:02:04.507,14888,14890,14890,5,5
2022-08-01 15:02:05.124,14890,14891,14891,2,2
2022-08-01 15:02:05.166,14890,14891,14891,2,2
2022-08-01 15:02:05.959,14890,14891,14891,1,1
2022-08-01 15:02:05.976,14890,14891,14890,3,-3
2022-08-01 15:02:07.489,14890,14891,14891,11,11
2022-08-01 15:02:08.610,14890,14892,14890,2,-2
2022-08-01 15:02:08.932,14890,14892,14890,1,-1
2022-08-01 15:02:08.944,14890,14892,14890,2,-2
2022-08-01 15:02:09.723,14890,14892,14891,1,-1
2022-08-01 15:02:12.326,14891,14892,14891,1,-1
2022-08-01 15:02:13.024,14890,14892,14892,1,1
2022-08-01 15:02:14.316,14890,14891,14891,1,1
2022-08-01 15:02:15.289,14891,14892,14892,1,1
2022-08-01 15:02:18.866,14891,14892,14892,1,1
2022-08-01 15:02:19.587,14891,14892,14892,1,1
2022-08-01 15:02:20.187,14891,14892,14892,7,7
2022-08-01 15:02:20.485,14891,14892,14892,1,1
2022-08-01 15:02:20.485,14891,14892,14892,1,1
2022-08-01 15:02:21.035,14891,14892,14891,1,-1
2022-08-01 15:02:21.903,14891,14892,14891,1,-1
2022-08-01 15:02:21.903,14891,14892,14891,1,-1
2022-08-01 15:02:21.903,14891,14892,14891,1,-1
2022-08-01 15:02:21.946,14891,14892,14891,1,-1
2022-08-01 15:02:24.619,14889,14891,14891,1,1
2022-08-01 15:02:26.491,14888,14890,14888,2,-2
2022-08-01 15:02:27.990,14887,14889,14889,1,1
2022-08-01 15:02:29.561,14887,14889,14887,3,-3
2022-08-01 15:02:29.561,14887,14889,14887,1,-1
2022-08-01 15:02:29.669,14886,14888,14888,1,1
2022-08-01 15:02:30.323,14886,14889,14889,1,1
2022-08-01 15:02:33.773,14887,14889,14888,1,1
2022-08-01 15:02:35.294,14887,14889,14889,5,5
2022-08-01 15:02:35.590,14887,14889,14889,1,1
2022-08-01 15:02:36.519,14887,14889,14889,1,1
2022-08-01 15:02:37.128,14888,14890,14888,1,-1
2022-08-01 15:02:37.866,14887,14889,14888,3,-3
2022-08-01 15:02:42.247,14888,14889,14889,2,2
2022-08-01 15:02:42.543,14888,14889,14889,1,1
2022-08-01 15:02:42.543,14888,14889,14889,1,1
2022-08-01 15:02:44.223,14888,14889,14889,1,1
2022-08-01 15:02:46.101,14889,14890,14889,1,-1
2022-08-01 15:02:46.101,14889,14890,14889,1,-1
2022-08-01 15:02:46.928,14888,14889,14889,2,2
2022-08-01 15:02:48.794,14888,14889,14888,3,-3
2022-08-01 15:02:50.165,14887,14889,14889,1,1
2022-08-01 15:02:50.835,14887,14888,14887,2,-2
2022-08-01 15:02:52.386,14886,14888,14886,2,-2
2022-08-01 15:02:52.951,14886,14888,14886,1,-1
2022-08-01 15:02:54.195,14886,14888,14886,8,-8
2022-08-01 15:03:00.128,14885,14886,14886,1,1
2022-08-01 15:03:00.134,14885,14886,14886,1,1
2022-08-01 15:03:00.171,14885,14886,14886,2,2
2022-08-01 15:03:00.196,14885,14886,14886,1,1
2022-08-01 15:03:00.207,14885,14886,14886,1,1
2022-08-01 15:03:00.334,14885,14887,14887,1,1
2022-08-01 15:03:00.350,14885,14887,14887,1,1
2022-08-01 15:03:00.364,14885,14887,14887,2,2
2022-08-01 15:03:00.436,14885,14887,14887,1,1
2022-08-01 15:03:00.726,14885,14887,14887,1,1
2022-08-01 15:03:00.767,14885,14887,14887,1,1
2022-08-01 15:03:04.001,14885,14887,14886,1,1
2022-08-01 15:03:04.842,14885,14887,14885,1,-1
2022-08-01 15:03:05.857,14885,14887,14885,1,-1
2022-08-01 15:03:05.857,14885,14887,14885,4,-4
2022-08-01 15:03:06.799,14885,14886,14886,1,1
2022-08-01 15:03:10.228,14885,14886,14886,1,1
2022-08-01 15:03:16.747,14885,14886,14886,1,1
2022-08-01 15:03:19.136,14885,14886,14886,1,1
2022-08-01 15:03:23.021,14885,14886,14886,1,1
2022-08-01 15:03:24.624,14885,14886,14886,1,1
2022-08-01 15:03:24.718,14885,14886,14885,1,-1
2022-08-01 15:03:24.925,14885,14886,14886,1,1
2022-08-01 15:03:25.011,14885,14886,14886,1,1
2022-08-01 15:03:26.472,14885,14886,14886,1,1
2022-08-01 15:03:26.567,14885,14886,14885,1,-1
2022-08-01 15:03:29.509,14885,14886,14885,1,-1
2022-08-01 15:03:35.626,14885,14886,14886,1,1
2022-08-01 15:03:37.394,14885,14886,14886,1,1
2022-08-01 15:03:37.620,14885,14886,14885,2,-2
2022-08-01 15:03:39.269,14885,14886,14885,4,-4
2022-08-01 15:03:39.464,14884,14886,14885,1,-1
2022-08-01 15:03:44.170,14884,14885,14884,1,-1
2022-08-01 15:03:44.192,14884,14885,14884,1,-1
2022-08-01 15:03:44.420,14884,14885,14884,1,-1
2022-08-01 15:03:44.533,14884,14885,14885,1,1
2022-08-01 15:03:46.574,14884,14885,14884,4,-4
2022-08-01 15:03:46.575,14884,14885,14884,1,-1
2022-08-01 15:03:46.994,14884,14886,14884,1,-1
2022-08-01 15:03:47.403,14883,14885,14885,1,1
2022-08-01 15:03:47.403,14883,14885,14885,1,1
2022-08-01 15:03:51.776,14884,14886,14884,1,-1
2022-08-01 15:03:57.341,14885,14886,14886,2,2
2022-08-01 15:03:57.808,14886,14887,14886,2,-2
2022-08-01 15:03:57.808,14886,14887,14886,1,-1
2022-08-01 15:03:58.610,14886,14887,14887,1,1
2022-08-01 15:03:58.611,14886,14887,14887,1,1
2022-08-01 15:03:58.611,14886,14887,14887,5,5
2022-08-01 15:03:58.613,14886,14887,14888,1,1
2022-08-01 15:04:00.302,14888,14889,14889,2,2
2022-08-01 15:04:00.302,14888,14889,14889,10,10
2022-08-01 15:04:01.316,14888,14890,14890,3,3
2022-08-01 15:04:02.688,14889,14890,14890,2,2
2022-08-01 15:04:02.688,14889,14890,14890,1,1
2022-08-01 15:04:02.688,14889,14890,14890,5,5
2022-08-01 15:04:02.688,14889,14890,14890,2,2
2022-08-01 15:04:02.688,14889,14890,14890,3,3
2022-08-01 15:04:02.688,14889,14890,14890,18,18
2022-08-01 15:04:03.022,14890,14891,14890,2,-2
2022-08-01 15:04:03.289,14890,14891,14891,3,3
2022-08-01 15:04:03.315,14890,14891,14891,3,3
2022-08-01 15:04:06.111,14890,14891,14891,2,2
2022-08-01 15:04:07.155,14889,14891,14891,1,1
2022-08-01 15:04:07.282,14889,14891,14891,1,1
2022-08-01 15:04:11.098,14890,14892,14892,1,1
2022-08-01 15:04:12.635,14890,14892,14892,1,1
2022-08-01 15:04:12.736,14890,14892,14891,2,2
2022-08-01 15:04:12.802,14890,14892,14892,2,2
2022-08-01 15:04:14.807,14890,14892,14892,1,1
2022-08-01 15:04:14.870,14890,14892,14892,4,4
2022-08-01 15:04:14.871,14890,14892,14892,6,6
2022-08-01 15:04:15.738,14892,14893,14892,1,-1
2022-08-01 15:04:17.128,14891,14893,14893,19,19
2022-08-01 15:04:17.130,14891,14893,14894,12,12
2022-08-01 15:04:17.301,14894,14895,14895,2,2
2022-08-01 15:04:17.370,14894,14895,14895,1,1
2022-08-01 15:04:17.414,14894,14895,14895,2,2
2022-08-01 15:04:17.446,14894,14895,14895,5,5
2022-08-01 15:04:17.446,14894,14895,14895,4,4
2022-08-01 15:04:17.447,14894,14895,14895,9,9
2022-08-01 15:04:17.710,14895,14896,14895,2,-2
2022-08-01 15:04:17.996,14893,14895,14895,2,2
2022-08-01 15:04:18.112,14893,14895,14895,1,1
2022-08-01 15:04:18.300,14893,14895,14894,1,1
2022-08-01 15:04:18.971,14894,14896,14894,1,-1
2022-08-01 15:04:19.122,14894,14896,14896,1,1
2022-08-01 15:04:19.133,14894,14896,14896,1,1
2022-08-01 15:04:19.319,14893,14895,14895,1,1
2022-08-01 15:04:19.329,14893,14895,14895,1,1
2022-08-01 15:04:19.504,14894,14895,14895,1,1
2022-08-01 15:04:19.505,14894,14895,14896,1,1
2022-08-01 15:04:19.641,14894,14896,14896,1,1
2022-08-01 15:04:19.664,14894,14896,14896,1,1
2022-08-01 15:04:19.799,14894,14896,14896,1,1
2022-08-01 15:04:19.799,14894,14896,14896,1,1
2022-08-01 15:04:19.813,14894,14896,14894,1,-1
2022-08-01 15:04:20.031,14894,14896,14894,3,-3
2022-08-01 15:04:22.130,14895,14896,14895,1,-1
2022-08-01 15:04:22.443,14894,14895,14895,1,1
2022-08-01 15:04:22.877,14894,14896,14896,4,4
2022-08-01 15:04:23.458,14895,14897,14897,5,5
2022-08-01 15:04:25.314,14896,14897,14896,1,-1
2022-08-01 15:04:25.611,14896,14897,14896,1,-1
2022-08-01 15:04:25.909,14896,14897,14896,1,-1
2022-08-01 15:04:25.910,14896,14897,14896,1,-1
2022-08-01 15:04:26.108,14896,14897,14897,3,3
2022-08-01 15:04:26.384,14896,14897,14896,1,-1
2022-08-01 15:04:26.399,14896,14897,14897,1,1
2022-08-01 15:04:26.403,14895,14897,14897,1,1
2022-08-01 15:04:26.689,14896,14897,14897,3,3
2022-08-01 15:04:27.383,14896,14897,14897,1,1
2022-08-01 15:04:27.385,14896,14897,14896,3,-3
2022-08-01 15:04:27.402,14895,14897,14897,1,1
2022-08-01 15:04:28.419,14895,14897,14897,1,1
2022-08-01 15:04:29.540,14895,14896,14896,2,2
2022-08-01 15:04:29.809,14895,14896,14896,1,1
2022-08-01 15:04:30.088,14895,14896,14896,1,1
2022-08-01 15:04:30.802,14895,14896,14896,2,2
2022-08-01 15:04:31.277,14895,14896,14895,5,-5
2022-08-01 15:04:31.571,14894,14895,14895,1,1
2022-08-01 15:04:31.571,14894,14895,14895,1,1
2022-08-01 15:04:32.708,14894,14896,14894,1,-1
2022-08-01 15:04:33.444,14893,14895,14893,1,-1
2022-08-01 15:04:36.544,14893,14895,14895,1,1
2022-08-01 15:04:36.553,14893,14895,14895,1,1
2022-08-01 15:04:39.704,14894,14896,14896,1,1
2022-08-01 15:04:41.120,14895,14896,14896,1,1
2022-08-01 15:04:41.806,14894,14895,14895,1,1
2022-08-01 15:04:45.168,14894,14895,14894,1,-1
2022-08-01 15:04:46.161,14894,14895,14894,4,-4
2022-08-01 15:04:47.504,14893,14894,14894,1,1
2022-08-01 15:04:48.319,14893,14894,14893,1,-1
2022-08-01 15:04:48.319,14893,14894,14893,2,-2
2022-08-01 15:04:48.642,14892,14893,14893,1,1
2022-08-01 15:04:53.084,14892,14894,14894,1,1
2022-08-01 15:04:53.178,14893,14894,14894,7,7
2022-08-01 15:04:53.475,14893,14895,14895,1,1
2022-08-01 15:04:53.475,14893,14895,14895,1,1
2022-08-01 15:04:54.733,14894,14895,14894,1,-1
2022-08-01 15:04:54.809,14894,14895,14895,1,1
2022-08-01 15:04:56.050,14894,14895,14894,1,-1
2022-08-01 15:05:00.186,14894,14895,14895,5,5
2022-08-01 15:05:00.279,14894,14895,14895,1,1
2022-08-01 15:05:00.279,14894,14895,14896,1,1
2022-08-01 15:05:00.279,14894,14895,14896,2,2
2022-08-01 15:05:00.280,14894,14895,14896,1,1
2022-08-01 15:05:00.376,14894,14895,14896,1,1
2022-08-01 15:05:00.476,14895,14896,14896,2,2
2022-08-01 15:05:01.112,14895,14896,14896,1,1
2022-08-01 15:05:01.152,14895,14896,14896,1,1
2022-08-01 15:05:05.735,14894,14895,14895,2,2
2022-08-01 15:05:06.373,14894,14895,14894,2,-2
2022-08-01 15:05:06.667,14894,14895,14895,1,1
2022-08-01 15:05:06.675,14894,14895,14895,1,1
2022-08-01 15:05:12.141,14894,14895,14895,1,1
2022-08-01 15:05:12.153,14894,14895,14895,1,1
2022-08-01 15:05:13.523,14894,14895,14895,4,4
2022-08-01 15:05:13.924,14894,14895,14895,1,1
2022-08-01 15:05:13.924,14894,14895,14895,1,1
2022-08-01 15:05:13.924,14894,14895,14895,1,1
2022-08-01 15:05:13.924,14894,14895,14895,1,1
2022-08-01 15:05:14.196,14895,14896,14894,10,-10
2022-08-01 15:05:14.663,14895,14896,14895,1,-1
2022-08-01 15:05:16.667,14895,14896,14896,11,11
2022-08-01 15:05:16.667,14895,14896,14896,1,1
2022-08-01 15:05:16.964,14895,14896,14896,1,1
2022-08-01 15:05:16.968,14895,14896,14896,1,1
2022-08-01 15:05:17.996,14895,14896,14895,1,-1
2022-08-01 15:05:17.996,14895,14896,14894,6,-6
2022-08-01 15:05:17.996,14895,14896,14893,3,-3
2022-08-01 15:05:18.176,14893,14895,14894,1,-1
2022-08-01 15:05:18.262,14893,14895,14894,3,-3
2022-08-01 15:05:18.278,14893,14894,14894,1,1
2022-08-01 15:05:18.561,14893,14894,14894,1,1
2022-08-01 15:05:18.561,14893,14894,14894,1,1
2022-08-01 15:05:19.046,14892,14894,14894,1,1
2022-08-01 15:05:20.364,14892,14893,14893,1,1
2022-08-01 15:05:20.571,14892,14893,14892,3,-3
2022-08-01 15:05:20.571,14892,14893,14891,3,-3
2022-08-01 15:05:21.846,14891,14892,14892,2,2
2022-08-01 15:05:23.776,14891,14892,14891,1,-1
2022-08-01 15:05:24.539,14891,14892,14891,1,-1
2022-08-01 15:05:25.713,14890,14892,14890,1,-1
2022-08-01 15:05:25.737,14890,14892,14890,1,-1
2022-08-01 15:05:27.346,14890,14892,14891,1,-1
2022-08-01 15:05:27.346,14890,14892,14891,1,-1
2022-08-01 15:05:27.819,14891,14892,14892,1,1
2022-08-01 15:05:36.929,14890,14891,14890,3,-3
2022-08-01 15:05:37.173,14889,14890,14890,1,1
2022-08-01 15:05:37.181,14889,14890,14890,1,1
2022-08-01 15:05:37.226,14889,14890,14890,1,1
2022-08-01 15:05:37.226,14889,14890,14890,1,1
2022-08-01 15:05:37.277,14889,14890,14890,1,1
2022-08-01 15:05:37.284,14889,14890,14890,1,1
2022-08-01 15:05:37.639,14889,14890,14890,1,1
2022-08-01 15:05:41.136,14889,14890,14889,1,-1
2022-08-01 15:05:41.740,14888,14889,14889,4,4
2022-08-01 15:05:42.071,14888,14890,14889,1,1
2022-08-01 15:05:42.234,14888,14890,14890,1,1
2022-08-01 15:05:42.891,14889,14890,14889,2,-2
2022-08-01 15:05:43.060,14889,14890,14890,1,1
2022-08-01 15:05:43.060,14889,14890,14890,5,5
2022-08-01 15:05:43.060,14889,14890,14890,1,1
2022-08-01 15:05:43.948,14890,14891,14891,1,1
2022-08-01 15:05:45.319,14890,14892,14892,1,1
2022-08-01 15:05:45.616,14891,14892,14892,1,1
2022-08-01 15:05:45.616,14891,14892,14892,1,1
2022-08-01 15:05:53.771,14891,14892,14892,7,7
2022-08-01 15:05:53.777,14892,14893,14893,1,1
2022-08-01 15:05:53.777,14892,14893,14893,2,2
2022-08-01 15:05:53.778,14892,14893,14894,1,1
2022-08-01 15:05:53.993,14893,14895,14895,1,1
2022-08-01 15:05:54.001,14893,14895,14895,1,1
2022-08-01 15:05:54.311,14893,14894,14894,1,1
2022-08-01 15:05:54.479,14893,14895,14893,2,-2
2022-08-01 15:06:01.006,14892,14893,14893,1,1
2022-08-01 15:06:12.876,14891,14892,14892,1,1
2022-08-01 15:06:24.742,14891,14892,14891,1,-1
2022-08-01 15:06:31.865,14891,14892,14891,1,-1
2022-08-01 15:06:41.790,14891,14892,14891,5,-5
2022-08-01 15:06:42.107,14891,14892,14891,6,-6
2022-08-01 15:06:42.402,14890,14891,14891,1,1
2022-08-01 15:06:42.406,14890,14891,14891,1,1
2022-08-01 15:06:47.024,14890,14891,14891,3,3
2022-08-01 15:06:47.872,14890,14891,14891,1,1
2022-08-01 15:06:51.597,14890,14891,14891,3,3
2022-08-01 15:06:52.767,14891,14892,14891,1,-1
2022-08-01 15:06:55.825,14891,14892,14891,1,-1
2022-08-01 15:07:26.988,14891,14892,14892,1,1
2022-08-01 15:07:28.981,14891,14892,14892,1,1
2022-08-01 15:07:29.607,14891,14892,14891,4,-4
2022-08-01 15:07:34.337,14891,14892,14891,2,-2
2022-08-01 15:07:34.338,14891,14892,14891,3,-3
2022-08-01 15:07:39.135,14891,14892,14892,3,3
2022-08-01 15:07:39.266,14892,14893,14892,1,-1
2022-08-01 15:07:39.435,14891,14893,14893,1,1
2022-08-01 15:07:39.435,14891,14893,14893,1,1
2022-08-01 15:07:39.555,14891,14893,14892,1,1
2022-08-01 15:07:43.721,14891,14893,14892,1,1
2022-08-01 15:07:45.386,14891,14892,14891,1,-1
2022-08-01 15:07:45.387,14891,14892,14892,1,1
2022-08-01 15:07:46.624,14892,14893,14892,1,-1
2022-08-01 15:07:52.547,14892,14893,14892,1,-1
2022-08-01 15:07:52.547,14892,14893,14892,1,-1
2022-08-01 15:07:52.548,14892,14893,14892,3,-3
2022-08-01 15:07:56.742,14890,14892,14890,1,-1
2022-08-01 15:08:00.841,14890,14891,14891,6,6
2022-08-01 15:08:00.842,14890,14891,14891,5,5
2022-08-01 15:08:07.802,14890,14891,14891,2,2
2022-08-01 15:08:18.623,14890,14891,14891,1,1
2022-08-01 15:08:36.040,14890,14891,14891,9,9
2022-08-01 15:08:36.336,14891,14892,14892,1,1
2022-08-01 15:08:36.336,14891,14892,14892,1,1
2022-08-01 15:08:39.298,14890,14892,14892,1,1
2022-08-01 15:08:50.539,14891,14892,14892,7,7
2022-08-01 15:09:00.106,14891,14893,14893,1,1
2022-08-01 15:09:15.980,14892,14893,14892,1,-1
2022-08-01 15:09:20.216,14892,14893,14893,1,1
2022-08-01 15:09:20.640,14892,14893,14893,2,2
2022-08-01 15:09:21.877,14892,14893,14893,2,2
2022-08-01 15:09:21.914,14892,14893,14893,1,1
2022-08-01 15:09:22.870,14892,14893,14892,2,-2
2022-08-01 15:09:26.541,14892,14893,14892,1,-1
2022-08-01 15:09:26.838,14892,14893,14893,1,1
2022-08-01 15:09:26.838,14892,14893,14893,1,1
2022-08-01 15:09:32.728,14892,14893,14892,1,-1
2022-08-01 15:09:33.151,14892,14893,14892,1,-1
2022-08-01 15:09:33.151,14892,14893,14892,1,-1
2022-08-01 15:09:33.151,14892,14893,14892,1,-1
2022-08-01 15:09:37.990,14891,14892,14892,1,1
2022-08-01 15:09:54.533,14891,14892,14892,1,1
2022-08-01 15:10:00.185,14891,14892,14892,1,1
2022-08-01 15:10:00.255,14891,14892,14892,1,1
2022-08-01 15:10:00.514,14892,14893,14893,1,1
2022-08-01 15:10:01.675,14892,14893,14892,1,-1
2022-08-01 15:10:02.643,14892,14893,14893,5,5
2022-08-01 15:10:02.643,14892,14893,14893,1,1
2022-08-01 15:10:02.643,14892,14893,14893,4,4
2022-08-01 15:10:02.645,14892,14893,14893,1,1
2022-08-01 15:10:06.194,14893,14894,14894,1,1
2022-08-01 15:10:06.314,14893,14894,14894,1,1
2022-08-01 15:10:12.353,14893,14894,14894,5,5
2022-08-01 15:10:12.353,14893,14894,14894,1,1
2022-08-01 15:10:12.353,14893,14894,14894,1,1
2022-08-01 15:10:12.353,14893,14894,14894,1,1
2022-08-01 15:10:12.353,14893,14894,14894,1,1
2022-08-01 15:10:12.354,14893,14894,14894,2,2
2022-08-01 15:10:12.943,14894,14895,14895,1,1
2022-08-01 15:10:12.943,14894,14895,14895,5,5
2022-08-01 15:10:12.996,14894,14895,14895,1,1
2022-08-01 15:10:14.390,14894,14895,14894,1,-1
2022-08-01 15:10:16.008,14894,14895,14895,1,1
2022-08-01 15:10:16.008,14894,14895,14895,4,4
2022-08-01 15:10:16.012,14894,14895,14895,18,18
2022-08-01 15:10:16.036,14895,14896,14896,1,1
2022-08-01 15:10:16.161,14895,14896,14896,1,1
2022-08-01 15:10:16.315,14895,14896,14896,1,1
2022-08-01 15:10:16.323,14895,14896,14896,1,1
2022-08-01 15:10:16.326,14895,14896,14896,1,1
2022-08-01 15:10:16.367,14895,14896,14896,1,1
2022-08-01 15:10:16.367,14895,14896,14896,1,1
2022-08-01 15:10:16.367,14895,14896,14896,1,1
2022-08-01 15:10:16.367,14895,14896,14896,2,2
2022-08-01 15:10:18.504,14896,14897,14897,1,1
2022-08-01 15:10:18.636,14896,14897,14897,1,1
2022-08-01 15:10:19.073,14896,14897,14897,1,1
2022-08-01 15:10:19.448,14896,14897,14896,1,-1
2022-08-01 15:10:20.441,14894,14896,14896,1,1
2022-08-01 15:10:27.435,14894,14896,14896,2,2
2022-08-01 15:10:27.737,14894,14896,14896,1,1
2022-08-01 15:10:27.737,14894,14896,14896,1,1
2022-08-01 15:10:27.934,14894,14896,14896,1,1
2022-08-01 15:10:32.823,14894,14895,14895,1,1
2022-08-01 15:10:34.438,14894,14895,14895,1,1
2022-08-01 15:10:36.438,14894,14895,14894,1,-1
2022-08-01 15:10:38.600,14893,14895,14895,1,1
2022-08-01 15:10:38.744,14893,14895,14895,1,1
2022-08-01 15:10:42.638,14894,14895,14895,1,1
2022-08-01 15:10:48.967,14894,14895,14894,2,-2
2022-08-01 15:10:50.614,14894,14895,14894,1,-1
2022-08-01 15:10:50.614,14894,14895,14894,1,-1
2022-08-01 15:10:50.614,14894,14895,14894,12,-12
2022-08-01 15:10:50.626,14894,14895,14893,3,-3
2022-08-01 15:10:50.914,14892,14894,14894,1,1
2022-08-01 15:10:50.914,14892,14894,14894,1,1
2022-08-01 15:10:54.170,14893,14894,14893,1,-1
2022-08-01 15:10:54.170,14893,14894,14892,2,-2
2022-08-01 15:10:57.123,14892,14893,14893,1,1
2022-08-01 15:10:58.862,14893,14894,14893,1,-1
2022-08-01 15:11:00.194,14893,14894,14894,2,2
2022-08-01 15:11:01.168,14893,14894,14894,2,2
2022-08-01 15:11:05.784,14893,14894,14894,1,1
2022-08-01 15:11:05.784,14893,14894,14894,2,2
2022-08-01 15:11:05.784,14893,14894,14894,1,1
2022-08-01 15:11:05.784,14893,14894,14894,1,1
2022-08-01 15:11:05.785,14893,14894,14894,1,1
2022-08-01 15:11:05.785,14893,14894,14894,1,1
2022-08-01 15:11:08.948,14894,14895,14894,1,-1
2022-08-01 15:11:20.187,14894,14895,14895,4,4
2022-08-01 15:11:20.484,14894,14895,14895,1,1
2022-08-01 15:11:20.484,14894,14895,14895,1,1
2022-08-01 15:11:21.762,14894,14895,14895,2,2
2022-08-01 15:11:21.941,14894,14895,14895,2,2
2022-08-01 15:11:22.152,14894,14895,14895,2,2
2022-08-01 15:11:22.349,14894,14895,14895,2,2
2022-08-01 15:11:22.372,14894,14895,14895,1,1
2022-08-01 15:11:22.541,14894,14895,14895,2,2
2022-08-01 15:11:22.583,14894,14895,14895,2,2
2022-08-01 15:11:22.742,14895,14896,14896,2,2
2022-08-01 15:11:23.194,14896,14897,14897,1,1
2022-08-01 15:11:23.806,14896,14897,14897,2,2
2022-08-01 15:11:24.144,14896,14897,14897,2,2
2022-08-01 15:11:24.469,14896,14897,14897,2,2
2022-08-01 15:11:24.734,14896,14897,14897,2,2
2022-08-01 15:11:24.764,14896,14897,14897,1,1
2022-08-01 15:11:24.764,14896,14897,14897,1,1
2022-08-01 15:11:24.941,14896,14897,14897,2,2
2022-08-01 15:11:25.894,14897,14898,14897,2,-2
2022-08-01 15:11:26.392,14897,14898,14898,2,2
2022-08-01 15:11:26.955,14897,14898,14898,1,1
2022-08-01 15:11:27.295,14897,14898,14897,2,-2
2022-08-01 15:11:30.760,14897,14898,14897,2,-2
2022-08-01 15:11:32.477,14897,14898,14898,1,1
2022-08-01 15:11:32.477,14897,14898,14898,1,1
2022-08-01 15:11:32.477,14897,14898,14898,1,1
2022-08-01 15:11:32.477,14897,14898,14898,1,1
2022-08-01 15:11:32.477,14897,14898,14898,1,1
2022-08-01 15:11:32.478,14897,14898,14898,1,1
2022-08-01 15:11:32.478,14897,14898,14898,1,1
2022-08-01 15:11:32.478,14897,14898,14898,1,1
2022-08-01 15:11:32.478,14897,14898,14898,5,5
2022-08-01 15:11:32.478,14897,14898,14898,1,1
2022-08-01 15:11:32.478,14897,14898,14898,1,1
2022-08-01 15:11:32.478,14897,14898,14898,1,1
2022-08-01 15:11:32.776,14897,14898,14898,1,1
2022-08-01 15:11:32.776,14897,14898,14898,1,1
2022-08-01 15:11:32.968,14897,14899,14897,1,-1
2022-08-01 15:11:33.467,14897,14899,14897,2,-2
2022-08-01 15:11:33.489,14897,14899,14897,1,-1
2022-08-01 15:11:33.645,14897,14899,14897,1,-1
2022-08-01 15:11:38.274,14897,14898,14898,1,1
2022-08-01 15:11:40.486,14897,14898,14898,2,2
2022-08-01 15:11:40.613,14897,14898,14898,4,4
2022-08-01 15:11:40.613,14897,14898,14898,1,1
2022-08-01 15:11:40.821,14897,14898,14898,2,2
2022-08-01 15:11:40.848,14897,14898,14897,3,-3
2022-08-01 15:11:40.848,14897,14898,14896,3,-3
2022-08-01 15:11:41.147,14896,14898,14898,1,1
2022-08-01 15:11:41.147,14896,14898,14898,1,1
2022-08-01 15:11:41.221,14896,14898,14898,2,2
2022-08-01 15:11:41.596,14896,14898,14898,1,1
2022-08-01 15:11:42.022,14896,14898,14898,2,2
2022-08-01 15:11:42.816,14897,14898,14898,2,2
2022-08-01 15:11:43.165,14897,14898,14898,2,2
2022-08-01 15:11:43.942,14897,14898,14898,2,2
2022-08-01 15:11:44.426,14897,14898,14898,2,2
2022-08-01 15:11:45.553,14897,14898,14898,2,2
2022-08-01 15:11:46.088,14897,14898,14898,2,2
2022-08-01 15:11:46.522,14897,14898,14897,1,-1
2022-08-01 15:11:46.522,14897,14898,14897,2,-2
2022-08-01 15:11:46.522,14897,14898,14897,1,-1
2022-08-01 15:11:46.817,14896,14898,14898,1,1
2022-08-01 15:11:46.817,14896,14898,14898,1,1
2022-08-01 15:11:48.627,14896,14898,14898,1,1
2022-08-01 15:11:50.006,14897,14899,14897,2,-2
2022-08-01 15:11:51.474,14898,14899,14898,1,-1
2022-08-01 15:11:51.531,14898,14899,14898,2,-2
2022-08-01 15:11:51.630,14898,14899,14899,2,2
2022-08-01 15:11:51.815,14898,14899,14899,2,2
2022-08-01 15:11:51.989,14898,14899,14899,2,2
2022-08-01 15:11:52.001,14898,14899,14899,3,3
2022-08-01 15:11:52.173,14898,14899,14899,2,2
2022-08-01 15:11:52.305,14898,14899,14899,1,1
2022-08-01 15:11:54.364,14898,14899,14898,1,-1
2022-08-01 15:11:55.518,14897,14898,14898,1,1
2022-08-01 15:11:55.812,14897,14898,14898,1,1
2022-08-01 15:11:55.812,14897,14898,14898,1,1
2022-08-01 15:11:56.951,14897,14898,14898,3,3
2022-08-01 15:11:57.834,14897,14899,14897,2,-2
2022-08-01 15:11:58.706,14897,14898,14897,1,-1
2022-08-01 15:11:58.706,14897,14898,14896,5,-5
2022-08-01 15:11:58.785,14896,14898,14896,2,-2
2022-08-01 15:11:58.787,14896,14898,14898,5,5
2022-08-01 15:11:59.183,14897,14898,14898,2,2
2022-08-01 15:11:59.184,14897,14898,14898,3,3
2022-08-01 15:11:59.652,14897,14898,14898,1,1
2022-08-01 15:11:59.653,14897,14898,14898,1,1
2022-08-01 15:11:59.998,14897,14898,14898,1,1
2022-08-01 15:11:59.998,14897,14898,14899,4,4
2022-08-01 15:12:01.297,14898,14899,14898,2,-2
2022-08-01 15:12:01.590,14898,14899,14899,5,5
2022-08-01 15:12:04.066,14898,14899,14898,3,-3
2022-08-01 15:12:04.515,14897,14899,14899,1,1
2022-08-01 15:12:05.069,14897,14899,14899,2,2
2022-08-01 15:12:06.496,14897,14899,14899,2,2
2022-08-01 15:12:12.036,14898,14899,14899,7,7
2022-08-01 15:12:13.031,14898,14899,14899,1,1
2022-08-01 15:12:13.032,14898,14899,14899,1,1
2022-08-01 15:12:14.170,14898,14900,14898,1,-1
2022-08-01 15:12:15.422,14898,14899,14898,1,-1
2022-08-01 15:12:15.689,14897,14899,14899,1,1
2022-08-01 15:12:15.721,14897,14899,14899,1,1
2022-08-01 15:12:15.721,14897,14899,14899,1,1
2022-08-01 15:12:21.674,14898,14899,14899,1,1
2022-08-01 15:12:23.072,14898,14899,14899,4,4
2022-08-01 15:12:23.338,14899,14900,14899,1,-1
2022-08-01 15:12:23.973,14898,14900,14900,5,5
2022-08-01 15:12:24.086,14898,14900,14900,1,1
2022-08-01 15:12:25.086,14898,14899,14899,2,2
2022-08-01 15:12:25.086,14898,14899,14900,3,3
2022-08-01 15:12:25.871,14898,14899,14899,2,2
2022-08-01 15:12:25.872,14898,14899,14899,3,3
2022-08-01 15:12:26.534,14898,14899,14899,1,1
2022-08-01 15:12:26.534,14898,14899,14899,1,1
2022-08-01 15:12:26.888,14898,14899,14899,1,1
2022-08-01 15:12:26.888,14898,14899,14899,1,1
2022-08-01 15:12:26.888,14898,14899,14899,3,3
2022-08-01 15:12:27.616,14898,14899,14899,1,1
2022-08-01 15:12:27.617,14898,14899,14899,1,1
2022-08-01 15:12:27.617,14898,14899,14899,3,3
2022-08-01 15:12:28.181,14898,14899,14898,1,-1
2022-08-01 15:12:28.181,14898,14899,14897,1,-1
2022-08-01 15:12:28.429,14896,14898,14898,4,4
2022-08-01 15:12:28.429,14896,14898,14899,1,1
2022-08-01 15:12:28.979,14896,14898,14898,1,1
2022-08-01 15:12:30.234,14897,14898,14899,2,2
2022-08-01 15:12:30.871,14897,14899,14899,1,1
2022-08-01 15:12:33.511,14897,14899,14899,1,1
2022-08-01 15:12:37.009,14897,14898,14898,1,1
2022-08-01 15:12:37.307,14897,14899,14899,1,1
2022-08-01 15:12:37.307,14897,14899,14899,1,1
2022-08-01 15:12:41.632,14897,14898,14898,1,1
2022-08-01 15:12:43.056,14897,14899,14898,1,1
2022-08-01 15:12:46.422,14898,14899,14898,1,-1
2022-08-01 15:12:46.965,14898,14899,14899,1,1
2022-08-01 15:12:48.025,14898,14899,14899,1,1
2022-08-01 15:12:54.309,14898,14899,14899,2,2
2022-08-01 15:12:54.549,14898,14899,14899,1,1
2022-08-01 15:12:56.017,14898,14899,14899,1,1
2022-08-01 15:12:57.493,14898,14899,14898,3,-3
2022-08-01 15:13:01.659,14898,14899,14899,6,6
2022-08-01 15:13:03.133,14899,14900,14900,11,11
2022-08-01 15:13:03.133,14899,14900,14900,8,8
2022-08-01 15:13:03.133,14899,14900,14900,1,1
2022-08-01 15:13:03.458,14899,14901,14899,1,-1
2022-08-01 15:13:03.723,14899,14901,14901,2,2
2022-08-01 15:13:03.742,14899,14901,14901,2,2
2022-08-01 15:13:03.791,14899,14901,14901,1,1
2022-08-01 15:13:03.797,14899,14901,14901,3,3
2022-08-01 15:13:03.797,14899,14901,14902,2,2
2022-08-01 15:13:03.940,14900,14902,14902,16,16
2022-08-01 15:13:04.691,14899,14902,14899,1,-1
2022-08-01 15:13:09.403,14899,14900,14900,1,1
2022-08-01 15:13:13.911,14899,14900,14900,2,2
2022-08-01 15:13:15.719,14899,14900,14899,3,-3
2022-08-01 15:13:20.186,14898,14899,14899,1,1
2022-08-01 15:13:21.064,14898,14899,14899,1,1
2022-08-01 15:13:21.064,14898,14899,14899,1,1
2022-08-01 15:13:21.079,14898,14899,14898,3,-3
2022-08-01 15:13:21.152,14897,14899,14899,1,1
2022-08-01 15:13:27.192,14897,14899,14897,1,-1
2022-08-01 15:13:44.027,14897,14898,14897,2,-2
2022-08-01 15:13:51.839,14896,14897,14896,1,-1
2022-08-01 15:13:53.841,14895,14896,14895,1,-1
2022-08-01 15:13:53.841,14895,14896,14895,3,-3
2022-08-01 15:13:56.929,14894,14896,14894,2,-2
2022-08-01 15:14:05.653,14894,14896,14896,2,2
2022-08-01 15:14:05.778,14894,14896,14896,1,1
2022-08-01 15:14:05.779,14894,14896,14897,1,1
2022-08-01 15:14:05.779,14894,14896,14897,1,1
2022-08-01 15:14:05.779,14894,14896,14897,1,1
2022-08-01 15:14:05.779,14894,14896,14897,1,1
2022-08-01 15:14:08.684,14895,14896,14896,1,1
2022-08-01 15:14:08.778,14895,14897,14897,1,1
2022-08-01 15:14:09.569,14895,14897,14897,1,1
2022-08-01 15:14:09.652,14895,14897,14897,1,1
2022-08-01 15:14:09.652,14895,14897,14897,1,1
2022-08-01 15:14:09.652,14895,14897,14897,1,1
2022-08-01 15:14:13.427,14895,14896,14896,3,3
2022-08-01 15:14:14.325,14895,14896,14896,1,1
2022-08-01 15:14:14.621,14895,14896,14896,1,1
2022-08-01 15:14:14.800,14895,14897,14895,6,-6
2022-08-01 15:14:14.800,14895,14897,14894,1,-1
2022-08-01 15:14:19.772,14895,14897,14895,1,-1
2022-08-01 15:14:27.289,14895,14896,14895,1,-1
2022-08-01 15:14:27.408,14895,14896,14896,1,1
2022-08-01 15:14:29.606,14895,14896,14895,1,-1
2022-08-01 15:14:29.652,14894,14896,14896,1,1
2022-08-01 15:14:29.652,14894,14896,14896,1,1
2022-08-01 15:14:29.952,14894,14896,14896,1,1
2022-08-01 15:14:29.952,14894,14896,14896,1,1
2022-08-01 15:14:33.049,14894,14895,14895,1,1
2022-08-01 15:14:33.127,14894,14895,14896,1,1
2022-08-01 15:14:42.645,14894,14896,14896,1,1
2022-08-01 15:14:43.051,14894,14895,14894,1,-1
2022-08-01 15:14:43.379,14894,14895,14895,1,1
2022-08-01 15:14:45.347,14894,14895,14895,1,1
2022-08-01 15:14:49.508,14895,14896,14895,1,-1
2022-08-01 15:14:50.647,14894,14895,14895,1,1
2022-08-01 15:14:54.806,14895,14896,14895,1,-1
2022-08-01 15:15:00.774,14895,14896,14895,1,-1
2022-08-01 15:15:00.907,14895,14896,14896,2,2
2022-08-01 15:15:00.907,14895,14896,14896,1,1
2022-08-01 15:15:00.908,14895,14896,14896,5,5
2022-08-01 15:15:00.909,14895,14896,14897,2,2
2022-08-01 15:15:01.086,14896,14897,14896,1,-1
2022-08-01 15:15:02.326,14896,14897,14897,9,9
2022-08-01 15:15:02.623,14897,14898,14898,1,1
2022-08-01 15:15:02.623,14897,14898,14898,1,1
2022-08-01 15:15:18.874,14895,14896,14895,1,-1
2022-08-01 15:15:18.874,14895,14896,14895,1,-1
2022-08-01 15:15:24.506,14894,14895,14894,19,-19
2022-08-01 15:15:24.717,14893,14894,14893,1,-1
2022-08-01 15:15:24.804,14893,14894,14894,1,1
2022-08-01 15:15:24.804,14893,14894,14894,1,1
2022-08-01 15:15:24.815,14893,14894,14893,2,-2
2022-08-01 15:15:25.021,14892,14894,14893,1,-1
2022-08-01 15:15:33.524,14892,14893,14892,1,-1
2022-08-01 15:15:36.315,14892,14893,14892,1,-1
2022-08-01 15:15:36.315,14892,14893,14892,2,-2
2022-08-01 15:15:37.200,14891,14893,14891,3,-3
2022-08-01 15:15:37.278,14891,14892,14892,1,1
2022-08-01 15:15:41.661,14891,14892,14892,2,2
2022-08-01 15:15:45.510,14891,14893,14892,1,1
2022-08-01 15:15:45.510,14891,14893,14891,4,-4
2022-08-01 15:15:45.805,14891,14893,14893,1,1
2022-08-01 15:15:45.805,14891,14893,14893,1,1
2022-08-01 15:15:48.100,14891,14892,14892,1,1
2022-08-01 15:15:52.140,14891,14893,14893,1,1
2022-08-01 15:15:52.928,14891,14893,14893,1,1
2022-08-01 15:15:56.346,14892,14893,14893,1,1
2022-08-01 15:16:05.292,14892,14894,14892,1,-1
2022-08-01 15:16:08.553,14893,14894,14893,1,-1
2022-08-01 15:16:08.656,14893,14894,14894,1,1
2022-08-01 15:16:11.441,14893,14894,14894,2,2
2022-08-01 15:16:22.406,14894,14895,14894,1,-1
2022-08-01 15:16:22.406,14894,14895,14894,1,-1
2022-08-01 15:16:22.406,14894,14895,14894,3,-3
2022-08-01 15:16:25.195,14893,14895,14895,3,3
2022-08-01 15:16:25.277,14893,14895,14895,1,1
2022-08-01 15:16:25.277,14893,14895,14895,1,1
2022-08-01 15:16:33.464,14893,14895,14893,8,-8
2022-08-01 15:16:38.845,14893,14894,14894,1,1
2022-08-01 15:16:38.902,14893,14895,14895,1,1
2022-08-01 15:16:38.902,14893,14895,14895,1,1
2022-08-01 15:16:39.349,14893,14895,14893,1,-1
2022-08-01 15:16:41.919,14893,14894,14894,1,1
2022-08-01 15:16:46.862,14893,14894,14894,1,1
2022-08-01 15:16:46.862,14893,14894,14895,4,4
2022-08-01 15:17:14.302,14893,14894,14894,1,1
2022-08-01 15:17:14.451,14893,14894,14894,1,1
2022-08-01 15:17:14.632,14893,14894,14894,1,1
2022-08-01 15:17:14.812,14893,14894,14894,1,1
2022-08-01 15:17:15.109,14893,14894,14894,1,1
2022-08-01 15:17:15.129,14893,14894,14894,1,1
2022-08-01 15:17:16.885,14893,14895,14895,1,1
2022-08-01 15:17:32.909,14894,14895,14894,1,-1
2022-08-01 15:17:35.985,14894,14895,14894,2,-2
2022-08-01 15:17:37.900,14894,14895,14894,1,-1
2022-08-01 15:17:38.534,14893,14894,14894,5,5
2022-08-01 15:17:48.960,14893,14894,14894,4,4
2022-08-01 15:17:49.620,14893,14894,14894,1,1
2022-08-01 15:17:56.986,14894,14895,14894,1,-1
2022-08-01 15:17:59.815,14894,14895,14895,4,4
2022-08-01 15:17:59.816,14894,14895,14895,5,5
2022-08-01 15:17:59.816,14894,14895,14895,1,1
2022-08-01 15:17:59.816,14894,14895,14895,1,1
2022-08-01 15:18:12.834,14894,14895,14895,1,1
2022-08-01 15:18:26.636,14893,14894,14894,1,1
2022-08-01 15:18:29.587,14893,14895,14895,1,1
2022-08-01 15:19:00.367,14893,14894,14894,6,6
2022-08-01 15:19:00.368,14893,14894,14895,1,1
2022-08-01 15:19:00.663,14894,14895,14895,1,1
2022-08-01 15:19:00.663,14894,14895,14895,1,1
2022-08-01 15:19:02.824,14894,14896,14896,2,2
2022-08-01 15:19:05.586,14894,14895,14894,1,-1
2022-08-01 15:19:13.361,14893,14895,14893,1,-1
2022-08-01 15:19:17.657,14893,14894,14893,1,-1
2022-08-01 15:19:43.412,14893,14894,14893,1,-1
2022-08-01 15:19:43.412,14893,14894,14893,1,-1
2022-08-01 15:19:46.045,14893,14894,14893,1,-1
2022-08-01 15:19:54.310,14892,14893,14892,4,-4
2022-08-01 15:19:54.322,14892,14893,14891,1,-1
2022-08-01 15:19:59.030,14891,14893,14891,1,-1
2022-08-01 15:20:06.923,14891,14892,14891,1,-1
2022-08-01 15:20:06.923,14891,14892,14891,3,-3
2022-08-01 15:20:11.309,14891,14892,14891,1,-1
2022-08-01 15:20:11.675,14891,14892,14892,1,1
2022-08-01 15:20:11.675,14891,14892,14892,2,2
2022-08-01 15:20:11.676,14891,14892,14892,1,1
2022-08-01 15:20:11.678,14891,14892,14892,2,2
2022-08-01 15:20:11.678,14891,14892,14892,2,2
2022-08-01 15:20:11.740,14891,14892,14893,2,2
2022-08-01 15:20:11.839,14891,14893,14893,1,1
2022-08-01 15:20:12.052,14891,14893,14891,1,-1
2022-08-01 15:20:15.736,14891,14893,14893,1,1
2022-08-01 15:20:15.736,14891,14893,14893,1,1
2022-08-01 15:20:16.510,14892,14893,14892,1,-1
2022-08-01 15:20:22.292,14892,14893,14893,1,1
2022-08-01 15:21:20.251,14892,14893,14893,1,1
2022-08-01 15:21:46.893,14893,14894,14894,1,1
2022-08-01 15:21:49.007,14893,14894,14893,1,-1
2022-08-01 15:21:49.069,14893,14894,14894,3,3
2022-08-01 15:21:51.468,14893,14894,14894,1,1
2022-08-01 15:21:59.801,14893,14894,14894,3,3
2022-08-01 15:21:59.801,14893,14894,14894,1,1
2022-08-01 15:22:01.371,14893,14895,14895,1,1
2022-08-01 15:22:10.642,14893,14894,14894,1,1
2022-08-01 15:22:15.009,14893,14895,14895,1,1
2022-08-01 15:23:18.912,14893,14895,14893,1,-1
2022-08-01 15:23:21.359,14893,14895,14893,1,-1
2022-08-01 15:23:30.043,14894,14895,14894,1,-1
2022-08-01 15:23:30.632,14894,14895,14894,1,-1
2022-08-01 15:23:36.690,14894,14895,14894,2,-2
2022-08-01 15:23:57.204,14894,14895,14895,1,1
2022-08-01 15:24:00.265,14894,14895,14894,1,-1
2022-08-01 15:24:00.676,14893,14894,14894,1,1
2022-08-01 15:24:09.704,14893,14894,14894,1,1
2022-08-01 15:24:15.207,14894,14895,14895,1,1
2022-08-01 15:24:17.480,14894,14895,14894,1,-1
2022-08-01 15:24:20.252,14894,14895,14895,8,8
2022-08-01 15:24:20.253,14894,14895,14895,1,1
2022-08-01 15:24:20.253,14894,14895,14895,1,1
2022-08-01 15:24:20.304,14895,14896,14896,4,4
2022-08-01 15:24:20.653,14896,14897,14897,1,1
2022-08-01 15:24:20.734,14896,14897,14897,5,5
2022-08-01 15:24:20.742,14896,14897,14898,3,3
2022-08-01 15:24:21.069,14897,14898,14898,1,1
2022-08-01 15:24:21.746,14897,14898,14898,2,2
2022-08-01 15:24:26.748,14897,14898,14897,1,-1
2022-08-01 15:24:26.755,14897,14898,14897,1,-1
2022-08-01 15:24:26.757,14897,14898,14897,3,-3
2022-08-01 15:24:27.056,14896,14897,14897,1,1
2022-08-01 15:24:27.817,14896,14897,14897,3,3
2022-08-01 15:24:27.970,14896,14898,14898,1,1
2022-08-01 15:24:37.255,14896,14898,14898,1,1
2022-08-01 15:24:40.189,14897,14898,14898,1,1
2022-08-01 15:24:41.000,14897,14898,14897,1,-1
2022-08-01 15:24:47.723,14897,14898,14898,1,1
2022-08-01 15:24:47.723,14897,14898,14898,1,1
2022-08-01 15:24:47.887,14897,14898,14898,1,1
2022-08-01 15:24:52.853,14897,14898,14897,1,-1
2022-08-01 15:24:56.115,14897,14898,14897,1,-1
2022-08-01 15:24:57.019,14897,14898,14897,1,-1
2022-08-01 15:25:02.425,14897,14898,14898,1,1
2022-08-01 15:25:02.753,14897,14898,14897,1,-1
2022-08-01 15:25:02.753,14897,14898,14897,2,-2
2022-08-01 15:25:02.753,14897,14898,14897,1,-1
2022-08-01 15:25:02.779,14896,14897,14896,7,-7
2022-08-01 15:25:03.060,14895,14897,14897,1,1
2022-08-01 15:25:03.060,14895,14897,14897,1,1
2022-08-01 15:25:03.068,14895,14897,14897,1,1
2022-08-01 15:25:03.354,14895,14897,14897,1,1
2022-08-01 15:25:05.400,14895,14897,14896,1,1
2022-08-01 15:25:15.291,14895,14897,14895,1,-1
2022-08-01 15:25:19.237,14895,14897,14896,1,-1
2022-08-01 15:25:19.939,14895,14896,14896,1,1
2022-08-01 15:25:19.939,14895,14896,14896,1,1
2022-08-01 15:25:27.481,14896,14897,14897,1,1
2022-08-01 15:25:35.275,14895,14897,14897,1,1
2022-08-01 15:25:35.596,14895,14897,14897,1,1
2022-08-01 15:25:43.596,14896,14897,14897,2,2
2022-08-01 15:26:00.185,14896,14897,14897,2,2
2022-08-01 15:26:00.190,14896,14897,14897,1,1
2022-08-01 15:26:05.240,14895,14896,14895,1,-1
2022-08-01 15:26:05.614,14895,14896,14895,7,-7
2022-08-01 15:26:09.431,14894,14895,14894,1,-1
2022-08-01 15:26:09.432,14894,14895,14894,1,-1
2022-08-01 15:26:12.734,14894,14895,14894,1,-1
2022-08-01 15:26:12.734,14894,14895,14894,1,-1
2022-08-01 15:26:12.734,14894,14895,14894,1,-1
2022-08-01 15:26:12.734,14894,14895,14894,2,-2
2022-08-01 15:26:13.464,14894,14895,14894,1,-1
2022-08-01 15:26:13.757,14893,14894,14894,1,1
2022-08-01 15:26:13.758,14893,14894,14894,1,1
2022-08-01 15:26:14.560,14893,14894,14894,1,1
2022-08-01 15:26:26.769,14894,14895,14895,1,1
2022-08-01 15:26:26.770,14894,14895,14895,1,1
2022-08-01 15:26:54.883,14895,14896,14895,1,-1
2022-08-01 15:26:57.754,14895,14896,14896,1,1
2022-08-01 15:27:04.899,14895,14896,14895,3,-3
2022-08-01 15:27:15.251,14895,14896,14896,2,2
2022-08-01 15:27:22.534,14895,14896,14896,1,1
2022-08-01 15:27:22.541,14895,14896,14897,1,1
2022-08-01 15:27:22.543,14895,14896,14897,1,1
2022-08-01 15:27:36.319,14897,14898,14898,1,1
2022-08-01 15:27:36.517,14897,14898,14898,1,1
2022-08-01 15:27:57.222,14897,14898,14897,2,-2
2022-08-01 15:27:57.231,14897,14898,14897,2,-2
2022-08-01 15:28:00.061,14896,14897,14897,1,1
2022-08-01 15:28:01.488,14896,14897,14896,7,-7
2022-08-01 15:28:08.427,14896,14897,14896,7,-7
2022-08-01 15:28:08.721,14896,14897,14897,1,1
2022-08-01 15:28:08.721,14896,14897,14897,1,1
2022-08-01 15:28:09.090,14896,14897,14896,2,-2
2022-08-01 15:28:14.749,14894,14896,14895,2,-2
2022-08-01 15:28:24.640,14894,14896,14894,2,-2
2022-08-01 15:28:49.545,14894,14896,14896,1,1
2022-08-01 15:28:50.999,14895,14896,14895,1,-1
2022-08-01 15:28:51.308,14894,14895,14895,3,3
2022-08-01 15:29:06.647,14894,14895,14895,1,1
2022-08-01 15:29:22.469,14894,14895,14894,1,-1
2022-08-01 15:29:22.771,14893,14894,14894,1,1
2022-08-01 15:29:27.405,14893,14894,14894,2,2
2022-08-01 15:29:52.309,14893,14895,14895,1,1
2022-08-01 15:30:00.156,14893,14894,14893,1,-1
2022-08-01 15:30:00.280,14893,14894,14894,1,1
2022-08-01 15:30:00.280,14893,14894,14894,2,2
2022-08-01 15:30:00.281,14893,14894,14895,1,1
2022-08-01 15:30:00.281,14893,14894,14895,1,1
2022-08-01 15:30:00.281,14893,14894,14895,1,1
2022-08-01 15:30:00.410,14893,14895,14893,1,-1
2022-08-01 15:30:00.411,14893,14895,14893,1,-1
2022-08-01 15:30:00.444,14893,14895,14893,1,-1
2022-08-01 15:30:00.447,14893,14895,14893,1,-1
2022-08-01 15:30:00.572,14893,14894,14894,1,1
2022-08-01 15:30:00.980,14893,14895,14895,1,1
2022-08-01 15:30:00.987,14893,14895,14895,1,1
2022-08-01 15:30:00.988,14893,14895,14895,1,1
2022-08-01 15:30:01.282,14893,14895,14895,1,1
2022-08-01 15:30:01.752,14894,14895,14895,1,1
2022-08-01 15:30:01.752,14894,14895,14895,1,1
2022-08-01 15:30:03.021,14894,14895,14896,1,1
2022-08-01 15:30:05.495,14895,14896,14896,1,1
2022-08-01 15:30:05.622,14895,14896,14896,12,12
2022-08-01 15:30:33.344,14896,14897,14896,1,-1
2022-08-01 15:30:40.180,14896,14897,14897,1,1
2022-08-01 15:30:40.277,14896,14897,14897,1,1
2022-08-01 15:30:40.277,14896,14897,14897,1,1
2022-08-01 15:30:40.278,14896,14897,14897,1,1
2022-08-01 15:30:40.283,14896,14897,14897,1,1
2022-08-01 15:30:40.640,14896,14897,14896,1,-1
2022-08-01 15:30:44.321,14895,14897,14895,10,-10
2022-08-01 15:30:44.403,14895,14897,14897,1,1
2022-08-01 15:30:54.246,14895,14897,14895,1,-1
2022-08-01 15:30:56.409,14896,14897,14897,2,2
2022-08-01 15:31:18.608,14897,14898,14898,1,1
2022-08-01 15:31:18.608,14897,14898,14898,1,1
2022-08-01 15:31:18.608,14897,14898,14898,6,6
2022-08-01 15:31:22.617,14897,14898,14898,1,1
2022-08-01 15:31:22.617,14897,14898,14898,1,1
2022-08-01 15:31:22.617,14897,14898,14898,4,4
2022-08-01 15:31:22.617,14897,14898,14898,3,3
2022-08-01 15:31:22.617,14897,14898,14898,7,7
2022-08-01 15:31:22.618,14897,14898,14898,1,1
2022-08-01 15:31:22.618,14897,14898,14898,6,6
2022-08-01 15:31:22.618,14897,14898,14898,4,4
2022-08-01 15:31:24.343,14898,14899,14898,1,-1
2022-08-01 15:31:27.146,14897,14898,14898,1,1
2022-08-01 15:31:27.146,14897,14898,14898,2,2
2022-08-01 15:31:27.635,14897,14899,14899,3,3
2022-08-01 15:31:31.591,14898,14899,14899,1,1
2022-08-01 15:31:35.658,14898,14899,14898,3,-3
2022-08-01 15:32:00.188,14898,14899,14899,1,1
2022-08-01 15:32:01.282,14898,14899,14899,1,1
2022-08-01 15:32:23.731,14898,14899,14899,5,5
2022-08-01 15:32:23.756,14898,14899,14900,3,3
2022-08-01 15:32:23.862,14899,14900,14900,3,3
2022-08-01 15:32:23.862,14899,14900,14900,4,4
2022-08-01 15:32:23.862,14899,14900,14900,1,1
2022-08-01 15:32:23.862,14899,14900,14900,5,5
2022-08-01 15:32:23.862,14899,14900,14900,1,1
2022-08-01 15:32:23.863,14899,14900,14900,2,2
2022-08-01 15:32:23.863,14899,14900,14900,1,1
2022-08-01 15:32:23.863,14899,14900,14900,2,2
2022-08-01 15:32:23.866,14899,14900,14901,3,3
2022-08-01 15:32:24.006,14900,14901,14901,3,3
2022-08-01 15:32:24.236,14900,14901,14901,2,2
2022-08-01 15:32:24.458,14900,14901,14901,1,1
2022-08-01 15:32:24.634,14900,14901,14901,2,2
2022-08-01 15:32:27.190,14900,14901,14901,1,1
2022-08-01 15:32:28.169,14900,14901,14901,18,18
2022-08-01 15:32:28.309,14900,14901,14901,1,1
2022-08-01 15:32:29.052,14900,14901,14900,1,-1
2022-08-01 15:32:29.320,14900,14901,14901,1,1
2022-08-01 15:32:32.204,14900,14902,14902,10,10
2022-08-01 15:32:32.356,14900,14902,14902,3,3
2022-08-01 15:32:32.398,14900,14902,14902,1,1
2022-08-01 15:32:33.474,14900,14901,14901,1,1
2022-08-01 15:32:33.870,14901,14902,14902,1,1
2022-08-01 15:32:36.064,14901,14902,14902,1,1
2022-08-01 15:32:36.234,14901,14903,14902,1,1
2022-08-01 15:32:36.840,14901,14903,14903,1,1
2022-08-01 15:32:36.918,14901,14903,14903,3,3
2022-08-01 15:32:36.925,14901,14903,14903,1,1
2022-08-01 15:32:36.927,14901,14903,14903,1,1
2022-08-01 15:32:36.960,14901,14903,14903,1,1
2022-08-01 15:32:37.082,14901,14903,14903,6,6
2022-08-01 15:32:37.625,14901,14903,14903,1,1
2022-08-01 15:32:38.317,14901,14902,14902,1,1
2022-08-01 15:32:42.339,14901,14903,14903,1,1
2022-08-01 15:32:44.994,14901,14902,14902,1,1
2022-08-01 15:32:45.032,14901,14902,14902,1,1
2022-08-01 15:32:45.134,14901,14902,14902,1,1
2022-08-01 15:32:45.260,14902,14903,14902,1,-1
2022-08-01 15:32:48.115,14901,14902,14902,1,1
2022-08-01 15:32:48.489,14901,14902,14902,1,1
2022-08-01 15:32:48.502,14901,14902,14902,2,2
2022-08-01 15:32:48.724,14902,14903,14902,1,-1
2022-08-01 15:32:49.454,14902,14903,14902,1,-1
2022-08-01 15:32:52.673,14902,14903,14903,1,1
2022-08-01 15:32:53.675,14902,14903,14903,1,1
2022-08-01 15:32:53.675,14902,14903,14903,14,14
2022-08-01 15:32:53.676,14902,14903,14903,5,5
2022-08-01 15:32:53.676,14902,14903,14903,1,1
2022-08-01 15:32:53.676,14902,14903,14903,1,1
2022-08-01 15:32:53.677,14902,14903,14903,1,1
2022-08-01 15:32:53.677,14902,14903,14903,5,5
2022-08-01 15:32:53.677,14902,14903,14903,1,1
2022-08-01 15:32:53.678,14902,14903,14903,4,4
2022-08-01 15:32:53.802,14903,14904,14904,2,2
2022-08-01 15:32:54.031,14903,14904,14904,1,1
2022-08-01 15:32:54.032,14903,14904,14904,1,1
2022-08-01 15:32:54.034,14903,14904,14904,2,2
2022-08-01 15:32:54.056,14903,14904,14903,2,-2
2022-08-01 15:32:54.780,14903,14904,14903,1,-1
2022-08-01 15:32:57.526,14903,14904,14903,2,-2
2022-08-01 15:32:59.217,14903,14904,14904,1,1
2022-08-01 15:32:59.720,14903,14904,14903,1,-1
2022-08-01 15:33:00.187,14903,14904,14904,3,3
2022-08-01 15:33:04.626,14903,14904,14903,1,-1
2022-08-01 15:33:04.627,14903,14904,14903,5,-5
2022-08-01 15:33:07.169,14902,14903,14903,1,1
2022-08-01 15:33:07.352,14902,14903,14903,2,2
2022-08-01 15:33:09.853,14902,14903,14902,3,-3
2022-08-01 15:33:14.106,14902,14903,14903,7,7
2022-08-01 15:33:19.168,14902,14903,14903,1,1
2022-08-01 15:33:19.168,14902,14903,14904,2,2
2022-08-01 15:33:31.277,14902,14903,14902,1,-1
2022-08-01 15:33:39.989,14902,14903,14903,1,1
2022-08-01 15:33:47.597,14902,14903,14903,1,1
2022-08-01 15:33:49.118,14902,14903,14903,1,1
2022-08-01 15:33:50.102,14902,14903,14902,1,-1
2022-08-01 15:33:50.103,14902,14903,14902,7,-7
2022-08-01 15:33:50.103,14902,14903,14902,1,-1
2022-08-01 15:33:50.103,14902,14903,14902,15,-15
2022-08-01 15:33:50.139,14902,14903,14901,1,-1
2022-08-01 15:33:50.177,14901,14902,14901,1,-1
2022-08-01 15:33:53.261,14901,14902,14901,1,-1
2022-08-01 15:33:55.028,14901,14902,14902,2,2
2022-08-01 15:33:55.028,14901,14902,14903,2,2
2022-08-01 15:33:55.981,14901,14903,14901,2,-2
2022-08-01 15:34:03.201,14900,14901,14900,1,-1
2022-08-01 15:34:05.875,14900,14901,14900,14,-14
2022-08-01 15:34:06.263,14899,14901,14900,4,-4
2022-08-01 15:34:08.952,14900,14901,14900,5,-5
2022-08-01 15:34:09.068,14900,14901,14900,1,-1
2022-08-01 15:34:09.069,14900,14901,14900,1,-1
2022-08-01 15:34:10.057,14899,14900,14899,5,-5
2022-08-01 15:34:10.215,14899,14900,14900,2,2
2022-08-01 15:34:10.229,14899,14900,14901,1,1
2022-08-01 15:34:10.240,14899,14900,14899,1,-1
2022-08-01 15:34:12.775,14899,14900,14900,1,1
2022-08-01 15:34:13.334,14900,14901,14901,1,1
2022-08-01 15:34:15.830,14901,14902,14901,1,-1
2022-08-01 15:34:18.833,14900,14902,14902,3,3
2022-08-01 15:34:19.250,14900,14902,14902,3,3
2022-08-01 15:34:20.870,14900,14901,14901,1,1
2022-08-01 15:34:20.873,14900,14901,14901,1,1
2022-08-01 15:34:20.933,14900,14901,14901,1,1
2022-08-01 15:34:20.946,14900,14901,14901,1,1
2022-08-01 15:34:21.579,14900,14901,14901,1,1
2022-08-01 15:34:22.502,14901,14902,14901,2,-2
2022-08-01 15:34:22.502,14901,14902,14901,3,-3
2022-08-01 15:34:22.655,14900,14902,14902,2,2
2022-08-01 15:34:22.951,14900,14902,14902,2,2
2022-08-01 15:34:23.285,14900,14902,14902,2,2
2022-08-01 15:34:29.170,14900,14901,14901,1,1
2022-08-01 15:34:29.170,14900,14901,14901,1,1
2022-08-01 15:34:29.922,14900,14901,14901,1,1
2022-08-01 15:34:29.925,14900,14901,14901,1,1
2022-08-01 15:34:30.046,14901,14902,14902,1,1
2022-08-01 15:34:30.050,14901,14902,14902,1,1
2022-08-01 15:34:30.058,14901,14902,14902,1,1
2022-08-01 15:34:35.385,14901,14902,14902,2,2
2022-08-01 15:34:35.413,14901,14902,14901,1,-1
2022-08-01 15:34:35.694,14901,14902,14902,2,2
2022-08-01 15:34:36.032,14901,14902,14902,2,2
2022-08-01 15:34:38.273,14901,14902,14902,2,2
2022-08-01 15:34:38.509,14901,14902,14902,1,1
2022-08-01 15:34:39.374,14902,14903,14903,2,2
2022-08-01 15:34:39.719,14902,14903,14903,2,2
2022-08-01 15:34:39.925,14902,14904,14904,2,2
2022-08-01 15:34:41.369,14902,14904,14904,2,2
2022-08-01 15:34:41.862,14902,14904,14902,1,-1
2022-08-01 15:34:41.883,14902,14904,14902,1,-1
2022-08-01 15:34:41.910,14902,14904,14904,2,2
2022-08-01 15:34:42.207,14902,14904,14904,2,2
2022-08-01 15:34:42.399,14902,14904,14902,1,-1
2022-08-01 15:34:42.495,14902,14904,14902,1,-1
2022-08-01 15:34:42.598,14902,14904,14904,2,2
2022-08-01 15:34:42.653,14902,14904,14902,5,-5
2022-08-01 15:34:43.014,14902,14904,14904,2,2
2022-08-01 15:34:44.044,14902,14904,14904,3,3
2022-08-01 15:34:44.314,14902,14904,14904,3,3
2022-08-01 15:34:44.695,14902,14904,14904,2,2
2022-08-01 15:34:45.181,14902,14904,14904,2,2
2022-08-01 15:34:46.054,14902,14904,14904,2,2
2022-08-01 15:34:49.643,14903,14904,14904,11,11
2022-08-01 15:34:50.848,14904,14905,14905,2,2
2022-08-01 15:34:50.919,14904,14905,14905,1,1
2022-08-01 15:34:51.023,14904,14905,14905,1,1
2022-08-01 15:34:52.098,14904,14905,14904,3,-3
2022-08-01 15:34:52.388,14904,14905,14904,1,-1
2022-08-01 15:34:52.486,14903,14905,14905,2,2
2022-08-01 15:34:54.213,14903,14905,14904,1,1
2022-08-01 15:34:54.917,14903,14905,14903,1,-1
2022-08-01 15:34:55.814,14904,14905,14904,1,-1
2022-08-01 15:34:56.769,14904,14905,14904,1,-1
2022-08-01 15:34:59.318,14903,14904,14904,1,1
2022-08-01 15:35:02.195,14903,14904,14904,1,1
2022-08-01 15:35:02.569,14903,14904,14904,2,2
2022-08-01 15:35:03.188,14903,14904,14904,1,1
2022-08-01 15:35:14.602,14903,14904,14903,1,-1
2022-08-01 15:35:20.192,14903,14904,14904,2,2
2022-08-01 15:35:20.288,14903,14904,14904,1,1
2022-08-01 15:35:33.421,14903,14904,14903,1,-1
2022-08-01 15:35:36.067,14903,14904,14904,1,1
2022-08-01 15:35:37.948,14903,14904,14904,12,12
2022-08-01 15:35:38.030,14904,14905,14905,3,3
2022-08-01 15:35:38.105,14904,14905,14905,3,3
2022-08-01 15:35:38.332,14904,14905,14905,2,2
2022-08-01 15:35:38.443,14904,14905,14905,4,4
2022-08-01 15:35:39.897,14904,14905,14905,1,1
2022-08-01 15:35:40.176,14904,14905,14905,2,2
2022-08-01 15:35:41.329,14904,14905,14904,3,-3
2022-08-01 15:35:41.329,14904,14905,14904,2,-2
2022-08-01 15:35:42.881,14904,14905,14904,2,-2
2022-08-01 15:35:45.430,14903,14905,14905,3,3
2022-08-01 15:35:48.401,14903,14905,14905,3,3
2022-08-01 15:35:57.314,14904,14905,14904,1,-1
2022-08-01 15:36:04.495,14904,14905,14905,1,1
2022-08-01 15:36:05.314,14904,14905,14905,1,1
2022-08-01 15:36:11.343,14904,14905,14904,17,-17
2022-08-01 15:36:11.349,14904,14905,14904,1,-1
2022-08-01 15:36:12.489,14903,14904,14903,3,-3
2022-08-01 15:36:12.489,14903,14904,14903,2,-2
2022-08-01 15:36:12.490,14903,14904,14903,1,-1
2022-08-01 15:36:12.532,14902,14904,14904,1,1
2022-08-01 15:36:13.977,14902,14904,14902,1,-1
2022-08-01 15:36:14.115,14902,14903,14902,1,-1
2022-08-01 15:36:15.176,14902,14903,14903,1,1
2022-08-01 15:36:16.492,14903,14904,14903,1,-1
2022-08-01 15:36:16.723,14903,14904,14903,1,-1
2022-08-01 15:36:18.091,14903,14904,14903,2,-2
2022-08-01 15:36:18.091,14903,14904,14903,1,-1
2022-08-01 15:36:18.952,14902,14904,14902,1,-1
2022-08-01 15:36:25.934,14902,14903,14902,5,-5
2022-08-01 15:36:26.027,14901,14903,14903,1,1
2022-08-01 15:36:27.646,14901,14903,14903,3,3
2022-08-01 15:36:27.762,14901,14903,14902,1,1
2022-08-01 15:36:28.820,14901,14903,14903,1,1
2022-08-01 15:36:31.231,14902,14903,14903,1,1
2022-08-01 15:36:33.127,14902,14904,14904,17,17
2022-08-01 15:36:33.129,14902,14904,14904,1,1
2022-08-01 15:36:33.129,14902,14904,14904,1,1
2022-08-01 15:36:33.129,14902,14904,14904,1,1
2022-08-01 15:36:33.129,14902,14904,14904,7,7
2022-08-01 15:36:33.129,14902,14904,14904,9,9
2022-08-01 15:36:33.701,14903,14904,14904,3,3
2022-08-01 15:36:34.039,14903,14905,14903,1,-1
2022-08-01 15:36:34.808,14902,14904,14904,10,10
2022-08-01 15:36:47.692,14904,14905,14905,1,1
2022-08-01 15:36:47.693,14904,14905,14905,3,3
2022-08-01 15:36:47.693,14904,14905,14905,2,2
2022-08-01 15:36:47.693,14904,14905,14905,4,4
2022-08-01 15:36:47.693,14904,14905,14905,1,1
2022-08-01 15:36:47.693,14904,14905,14905,1,1
2022-08-01 15:36:47.693,14904,14905,14905,3,3
2022-08-01 15:36:47.694,14904,14905,14905,1,1
2022-08-01 15:36:47.694,14904,14905,14905,1,1
2022-08-01 15:36:59.613,14905,14906,14906,28,28
2022-08-01 15:36:59.698,14906,14907,14907,3,3
2022-08-01 15:36:59.784,14906,14907,14907,3,3
2022-08-01 15:36:59.905,14906,14907,14907,2,2
2022-08-01 15:36:59.905,14906,14907,14907,3,3
2022-08-01 15:37:00.320,14906,14907,14907,2,2
2022-08-01 15:37:00.790,14906,14907,14906,4,-4
2022-08-01 15:37:03.334,14906,14907,14906,1,-1
2022-08-01 15:37:06.569,14906,14907,14906,1,-1
2022-08-01 15:37:06.784,14906,14907,14906,1,-1
2022-08-01 15:37:07.170,14906,14907,14906,1,-1
2022-08-01 15:37:09.090,14906,14907,14907,1,1
2022-08-01 15:37:09.394,14906,14907,14906,1,-1
2022-08-01 15:37:09.719,14906,14907,14907,1,1
2022-08-01 15:37:10.091,14906,14907,14907,1,1
2022-08-01 15:37:15.717,14906,14907,14906,1,-1
2022-08-01 15:37:15.717,14906,14907,14905,2,-2
2022-08-01 15:37:18.594,14906,14907,14906,1,-1
2022-08-01 15:37:20.833,14906,14907,14906,10,-10
2022-08-01 15:37:20.846,14906,14907,14905,5,-5
2022-08-01 15:37:22.425,14904,14906,14905,1,-1
2022-08-01 15:37:26.079,14904,14905,14905,1,1
2022-08-01 15:37:26.181,14904,14905,14905,2,2
2022-08-01 15:37:27.891,14904,14905,14904,1,-1
2022-08-01 15:37:27.891,14904,14905,14904,6,-6
2022-08-01 15:37:27.891,14904,14905,14904,2,-2
2022-08-01 15:37:27.892,14904,14905,14904,5,-5
2022-08-01 15:37:27.892,14904,14905,14904,3,-3
2022-08-01 15:37:27.893,14904,14905,14904,11,-11
2022-08-01 15:37:27.893,14904,14905,14904,4,-4
2022-08-01 15:37:27.893,14904,14905,14904,3,-3
2022-08-01 15:37:33.743,14903,14904,14904,1,1
2022-08-01 15:37:45.603,14903,14904,14903,1,-1
2022-08-01 15:37:56.680,14903,14904,14903,1,-1
2022-08-01 15:38:00.618,14903,14904,14903,2,-2
2022-08-01 15:38:00.618,14903,14904,14903,3,-3
2022-08-01 15:38:11.231,14902,14903,14903,1,1
2022-08-01 15:38:17.416,14902,14903,14903,1,1
2022-08-01 15:38:17.527,14902,14903,14903,1,1
2022-08-01 15:38:17.527,14902,14903,14904,1,1
2022-08-01 15:38:17.528,14902,14903,14904,1,1
2022-08-01 15:38:20.412,14902,14903,14902,1,-1
2022-08-01 15:38:20.527,14902,14903,14903,1,1
2022-08-01 15:38:20.527,14902,14903,14903,1,1
2022-08-01 15:38:21.117,14902,14903,14903,3,3
2022-08-01 15:38:22.018,14902,14904,14902,1,-1
2022-08-01 15:38:25.617,14903,14904,14903,1,-1
2022-08-01 15:38:39.959,14902,14903,14903,1,1
2022-08-01 15:39:02.792,14902,14903,14902,1,-1
2022-08-01 15:39:02.792,14902,14903,14902,1,-1
2022-08-01 15:39:02.792,14902,14903,14902,2,-2
2022-08-01 15:39:02.793,14902,14903,14902,2,-2
2022-08-01 15:39:02.793,14902,14903,14902,1,-1
2022-08-01 15:39:10.844,14902,14903,14902,1,-1
2022-08-01 15:39:12.139,14901,14902,14902,1,1
2022-08-01 15:39:12.152,14902,14903,14903,2,2
2022-08-01 15:39:12.164,14902,14903,14903,3,3
2022-08-01 15:39:13.144,14902,14903,14902,2,-2
2022-08-01 15:39:20.189,14902,14903,14903,1,1
2022-08-01 15:39:29.830,14902,14903,14903,1,1
2022-08-01 15:39:40.188,14902,14903,14903,1,1
2022-08-01 15:39:44.721,14903,14904,14903,1,-1
2022-08-01 15:39:51.837,14903,14904,14903,2,-2
2022-08-01 15:39:52.221,14902,14903,14903,1,1
2022-08-01 15:39:59.275,14903,14904,14903,1,-1
2022-08-01 15:40:00.182,14903,14904,14904,1,1
2022-08-01 15:40:00.264,14903,14904,14903,1,-1
2022-08-01 15:40:01.304,14902,14904,14904,1,1
2022-08-01 15:40:01.821,14902,14903,14903,1,1
2022-08-01 15:40:03.817,14903,14904,14903,1,-1
2022-08-01 15:40:04.779,14903,14904,14903,1,-1
2022-08-01 15:40:06.171,14903,14904,14903,1,-1
2022-08-01 15:40:07.466,14902,14903,14903,1,1
2022-08-01 15:40:17.813,14902,14903,14903,1,1
2022-08-01 15:40:30.718,14902,14903,14902,1,-1
2022-08-01 15:40:43.253,14902,14903,14902,1,-1
2022-08-01 15:40:48.498,14902,14903,14903,7,7
2022-08-01 15:41:00.668,14902,14903,14902,1,-1
2022-08-01 15:41:03.484,14902,14903,14902,5,-5
2022-08-01 15:41:03.484,14902,14903,14902,1,-1
2022-08-01 15:41:03.484,14902,14903,14902,5,-5
2022-08-01 15:41:05.450,14901,14902,14902,2,2
2022-08-01 15:41:05.450,14901,14902,14903,3,3
2022-08-01 15:41:12.157,14902,14903,14902,1,-1
2022-08-01 15:41:14.288,14901,14903,14903,5,5
2022-08-01 15:41:30.996,14902,14903,14902,1,-1
2022-08-01 15:41:33.166,14901,14903,14902,1,-1
2022-08-01 15:41:35.752,14902,14903,14903,1,1
2022-08-01 15:41:35.752,14902,14903,14903,1,1
2022-08-01 15:41:35.752,14902,14903,14903,1,1
2022-08-01 15:41:36.629,14902,14904,14904,1,1
2022-08-01 15:41:36.629,14902,14904,14904,7,7
2022-08-01 15:41:36.629,14902,14904,14904,4,4
2022-08-01 15:41:36.629,14902,14904,14904,2,2
2022-08-01 15:41:36.629,14902,14904,14904,19,19
2022-08-01 15:41:36.629,14902,14904,14904,2,2
2022-08-01 15:41:36.629,14902,14904,14904,1,1
2022-08-01 15:41:36.629,14902,14904,14904,7,7
2022-08-01 15:41:38.564,14904,14905,14905,3,3
2022-08-01 15:41:48.230,14905,14906,14906,3,3
2022-08-01 15:41:51.233,14906,14907,14907,1,1
2022-08-01 15:41:54.156,14906,14907,14906,1,-1
2022-08-01 15:41:54.230,14906,14907,14906,2,-2
2022-08-01 15:41:58.349,14905,14906,14906,3,3
2022-08-01 15:41:58.850,14905,14906,14906,2,2
2022-08-01 15:42:00.567,14905,14906,14906,3,3
2022-08-01 15:42:03.780,14905,14906,14905,1,-1
2022-08-01 15:42:09.770,14905,14906,14905,1,-1
2022-08-01 15:42:09.770,14905,14906,14905,1,-1
2022-08-01 15:42:09.770,14905,14906,14905,9,-9
2022-08-01 15:42:24.187,14904,14905,14905,3,3
2022-08-01 15:42:40.634,14904,14905,14904,1,-1
2022-08-01 15:42:40.634,14904,14905,14904,2,-2
2022-08-01 15:42:47.294,14903,14905,14903,5,-5
2022-08-01 15:42:49.483,14903,14905,14904,1,-1
2022-08-01 15:42:52.800,14903,14904,14903,1,-1
2022-08-01 15:42:52.801,14903,14904,14903,7,-7
2022-08-01 15:42:52.801,14903,14904,14903,2,-2
2022-08-01 15:42:52.801,14903,14904,14903,4,-4
2022-08-01 15:42:52.801,14903,14904,14903,5,-5
2022-08-01 15:42:53.391,14902,14903,14903,2,2
2022-08-01 15:43:04.787,14902,14903,14902,1,-1
2022-08-01 15:43:11.363,14902,14903,14902,1,-1
2022-08-01 15:43:12.855,14902,14903,14902,1,-1
2022-08-01 15:43:20.435,14901,14902,14901,2,-2
2022-08-01 15:43:21.354,14901,14902,14901,3,-3
2022-08-01 15:43:23.655,14900,14901,14901,1,1
2022-08-01 15:43:23.829,14900,14901,14901,1,1
2022-08-01 15:43:38.414,14900,14901,14900,1,-1
2022-08-01 15:43:38.555,14900,14901,14900,1,-1
2022-08-01 15:43:38.599,14900,14901,14900,1,-1
2022-08-01 15:43:39.287,14900,14901,14901,2,2
2022-08-01 15:43:40.068,14900,14902,14900,1,-1
2022-08-01 15:43:44.883,14901,14902,14901,1,-1
2022-08-01 15:43:45.311,14900,14901,14901,3,3
2022-08-01 15:43:45.328,14900,14901,14901,2,2
2022-08-01 15:43:45.328,14900,14901,14900,8,-8
2022-08-01 15:43:46.302,14900,14902,14902,2,2
2022-08-01 15:43:46.314,14900,14902,14901,2,2
2022-08-01 15:43:48.795,14901,14903,14903,3,3
2022-08-01 15:44:06.510,14901,14902,14901,4,-4
2022-08-01 15:44:06.510,14901,14902,14900,11,-11
2022-08-01 15:44:06.573,14901,14902,14902,6,6
2022-08-01 15:44:09.080,14902,14903,14902,1,-1
2022-08-01 15:44:10.717,14901,14902,14902,1,1
2022-08-01 15:44:10.717,14901,14902,14903,2,2
2022-08-01 15:44:55.017,14901,14902,14901,1,-1
2022-08-01 15:44:58.753,14901,14902,14902,1,1
2022-08-01 15:45:05.159,14901,14902,14901,1,-1
2022-08-01 15:45:07.125,14901,14902,14902,1,1
2022-08-01 15:45:07.235,14901,14903,14903,1,1
2022-08-01 15:45:07.235,14901,14903,14903,8,8
2022-08-01 15:45:14.008,14902,14904,14904,3,3
2022-08-01 15:45:17.858,14902,14904,14903,1,1
2022-08-01 15:45:25.607,14901,14903,14903,5,5
2022-08-01 15:45:42.755,14901,14902,14901,1,-1
2022-08-01 15:45:56.214,14901,14902,14901,1,-1
2022-08-01 15:45:58.905,14901,14902,14901,1,-1
2022-08-01 15:46:07.792,14900,14901,14901,1,1
2022-08-01 15:46:07.904,14900,14901,14901,1,1
2022-08-01 15:46:07.904,14900,14901,14901,1,1
2022-08-01 15:46:07.904,14900,14901,14901,1,1
2022-08-01 15:46:07.905,14900,14901,14901,1,1
2022-08-01 15:46:07.905,14900,14901,14901,1,1
2022-08-01 15:46:08.310,14900,14901,14901,1,1
2022-08-01 15:46:08.403,14900,14902,14902,1,1
2022-08-01 15:46:09.249,14900,14902,14902,3,3
2022-08-01 15:46:12.121,14901,14902,14900,1,-1
2022-08-01 15:46:22.111,14901,14902,14901,1,-1
2022-08-01 15:46:26.270,14901,14902,14901,1,-1
2022-08-01 15:46:26.281,14901,14902,14902,1,1
2022-08-01 15:46:47.973,14900,14901,14900,16,-16
2022-08-01 15:46:48.027,14899,14900,14900,1,1
2022-08-01 15:46:48.027,14899,14900,14900,1,1
2022-08-01 15:46:48.027,14899,14900,14900,1,1
2022-08-01 15:46:48.402,14899,14900,14900,1,1
2022-08-01 15:46:55.270,14899,14900,14900,1,1
2022-08-01 15:46:57.723,14899,14900,14900,1,1
2022-08-01 15:46:57.723,14899,14900,14900,2,2
2022-08-01 15:46:57.724,14899,14900,14900,1,1
2022-08-01 15:46:57.835,14899,14900,14900,1,1
2022-08-01 15:46:58.868,14900,14902,14900,4,-4
2022-08-01 15:47:09.918,14900,14901,14900,1,-1
2022-08-01 15:47:09.919,14900,14901,14900,1,-1
2022-08-01 15:47:26.235,14899,14900,14900,6,6
2022-08-01 15:47:38.792,14900,14901,14900,1,-1
2022-08-01 15:47:41.789,14900,14901,14901,2,2
2022-08-01 15:47:41.789,14900,14901,14902,1,1
2022-08-01 15:47:43.541,14901,14902,14901,1,-1
2022-08-01 15:47:48.047,14901,14902,14901,2,-2
2022-08-01 15:47:48.810,14900,14901,14901,1,1
2022-08-01 15:47:52.101,14900,14901,14901,1,1
2022-08-01 15:47:55.627,14900,14902,14900,2,-2
2022-08-01 15:47:56.059,14900,14901,14900,4,-4
2022-08-01 15:47:59.057,14899,14900,14900,1,1
2022-08-01 15:48:07.964,14900,14901,14900,1,-1
2022-08-01 15:48:09.197,14900,14901,14901,3,3
2022-08-01 15:48:27.064,14900,14901,14901,1,1
2022-08-01 15:48:27.065,14900,14901,14901,6,6
2022-08-01 15:48:36.997,14901,14902,14901,1,-1
2022-08-01 15:48:46.672,14901,14902,14902,5,5
2022-08-01 15:48:49.829,14902,14903,14903,1,1
2022-08-01 15:48:49.948,14902,14903,14903,1,1
2022-08-01 15:48:53.661,14902,14903,14902,1,-1
2022-08-01 15:48:53.661,14902,14903,14902,1,-1
2022-08-01 15:48:53.661,14902,14903,14902,1,-1
2022-08-01 15:48:55.147,14901,14903,14903,1,1
2022-08-01 15:49:01.497,14902,14903,14902,1,-1
2022-08-01 15:49:12.100,14901,14902,14901,3,-3
2022-08-01 15:49:15.162,14900,14901,14900,3,-3
2022-08-01 15:49:21.535,14899,14900,14900,3,3
2022-08-01 15:49:26.182,14899,14901,14901,1,1
2022-08-01 15:49:35.711,14899,14900,14900,1,1
2022-08-01 15:49:40.135,14899,14900,14899,1,-1
2022-08-01 15:49:40.260,14899,14900,14899,1,-1
2022-08-01 15:49:42.730,14899,14900,14899,2,-2
2022-08-01 15:49:42.731,14899,14900,14900,1,1
2022-08-01 15:49:55.008,14899,14900,14899,1,-1
2022-08-01 15:50:00.090,14899,14900,14899,1,-1
2022-08-01 15:50:01.454,14899,14900,14899,1,-1
2022-08-01 15:50:03.457,14899,14900,14900,1,1
2022-08-01 15:50:06.886,14899,14900,14899,2,-2
2022-08-01 15:50:08.797,14899,14900,14899,2,-2
2022-08-01 15:50:08.797,14899,14900,14899,2,-2
2022-08-01 15:50:08.798,14899,14900,14899,1,-1
2022-08-01 15:50:22.526,14898,14899,14898,6,-6
2022-08-01 15:50:22.526,14898,14899,14898,2,-2
2022-08-01 15:50:22.676,14897,14899,14897,1,-1
2022-08-01 15:50:23.602,14897,14898,14897,1,-1
2022-08-01 15:50:29.628,14897,14898,14897,1,-1
2022-08-01 15:50:33.852,14897,14898,14897,1,-1
2022-08-01 15:50:34.808,14897,14898,14897,1,-1
2022-08-01 15:50:34.980,14897,14898,14897,1,-1
2022-08-01 15:50:36.027,14897,14898,14898,3,3
2022-08-01 15:50:37.470,14897,14899,14897,11,-11
2022-08-01 15:50:37.471,14897,14899,14897,1,-1
2022-08-01 15:50:38.688,14897,14899,14897,1,-1
2022-08-01 15:50:50.017,14897,14898,14897,2,-2
2022-08-01 15:51:09.002,14897,14898,14898,1,1
2022-08-01 15:51:11.661,14897,14899,14897,1,-1
2022-08-01 15:51:28.820,14897,14898,14898,3,3
2022-08-01 15:51:29.867,14898,14899,14898,1,-1
2022-08-01 15:51:29.867,14898,14899,14897,4,-4
2022-08-01 15:51:39.860,14898,14899,14898,1,-1
2022-08-01 15:51:56.321,14897,14898,14898,1,1
2022-08-01 15:52:01.313,14897,14898,14898,1,1
2022-08-01 15:52:11.167,14897,14898,14897,3,-3
2022-08-01 15:52:31.860,14897,14898,14897,1,-1
2022-08-01 15:52:31.860,14897,14898,14897,1,-1
2022-08-01 15:52:31.860,14897,14898,14897,1,-1
2022-08-01 15:52:31.860,14897,14898,14897,1,-1
2022-08-01 15:52:31.860,14897,14898,14897,2,-2
2022-08-01 15:52:32.129,14896,14897,14896,12,-12
2022-08-01 15:52:36.750,14895,14896,14896,1,1
2022-08-01 15:52:40.767,14895,14896,14896,1,1
2022-08-01 15:52:42.782,14895,14896,14895,1,-1
2022-08-01 15:52:45.275,14895,14896,14895,1,-1
2022-08-01 15:52:45.860,14895,14896,14895,1,-1
2022-08-01 15:52:46.581,14895,14896,14895,1,-1
2022-08-01 15:52:47.180,14895,14896,14895,1,-1
2022-08-01 15:52:47.729,14895,14896,14895,1,-1
2022-08-01 15:52:48.238,14895,14896,14895,1,-1
2022-08-01 15:52:48.670,14895,14896,14895,1,-1
2022-08-01 15:52:48.882,14895,14896,14895,1,-1
2022-08-01 15:52:49.074,14895,14896,14895,1,-1
2022-08-01 15:52:49.232,14894,14896,14894,1,-1
2022-08-01 15:52:49.309,14894,14896,14894,5,-5
2022-08-01 15:52:52.137,14895,14896,14896,7,7
2022-08-01 15:52:52.733,14895,14897,14895,1,-1
2022-08-01 15:53:02.973,14895,14896,14895,1,-1
2022-08-01 15:53:11.916,14895,14896,14895,2,-2
2022-08-01 15:53:11.933,14895,14896,14895,2,-2
2022-08-01 15:53:18.108,14895,14896,14895,2,-2
2022-08-01 15:53:28.732,14895,14896,14895,2,-2
2022-08-01 15:53:31.246,14894,14896,14894,1,-1
2022-08-01 15:53:32.114,14894,14895,14895,1,1
2022-08-01 15:53:32.114,14894,14895,14896,2,2
2022-08-01 15:53:48.678,14895,14896,14896,1,1
2022-08-01 15:53:48.679,14895,14896,14896,1,1
2022-08-01 15:53:55.146,14895,14896,14896,1,1
2022-08-01 15:53:56.657,14896,14897,14896,3,-3
2022-08-01 15:53:56.658,14896,14897,14897,1,1
2022-08-01 15:54:15.441,14896,14897,14896,2,-2
2022-08-01 15:54:15.529,14896,14897,14897,2,2
2022-08-01 15:54:15.529,14896,14897,14897,3,3
2022-08-01 15:54:15.529,14896,14897,14897,1,1
2022-08-01 15:54:15.529,14896,14897,14897,1,1
2022-08-01 15:54:15.529,14896,14897,14898,1,1
2022-08-01 15:54:15.530,14896,14897,14897,1,1
2022-08-01 15:54:15.531,14896,14897,14897,1,1
2022-08-01 15:54:15.531,14896,14897,14897,1,1
2022-08-01 15:54:21.006,14897,14898,14898,1,1
2022-08-01 15:54:21.028,14897,14898,14898,1,1
2022-08-01 15:54:21.859,14897,14898,14897,1,-1
2022-08-01 15:54:27.421,14896,14897,14897,3,3
2022-08-01 15:54:27.533,14897,14898,14898,1,1
2022-08-01 15:54:29.822,14897,14898,14897,1,-1
2022-08-01 15:54:29.902,14896,14897,14897,1,1
2022-08-01 15:54:29.902,14896,14897,14898,1,1
2022-08-01 15:54:29.903,14896,14897,14898,1,1
2022-08-01 15:54:29.904,14896,14897,14898,1,1
2022-08-01 15:54:34.723,14896,14898,14896,2,-2
2022-08-01 15:54:37.593,14896,14898,14896,2,-2
2022-08-01 15:54:38.937,14896,14897,14896,1,-1
2022-08-01 15:54:39.028,14895,14897,14897,1,1
2022-08-01 15:54:47.828,14897,14898,14897,1,-1
2022-08-01 15:55:03.232,14896,14897,14897,1,1
2022-08-01 15:55:03.232,14896,14897,14897,2,2
2022-08-01 15:55:03.278,14897,14898,14898,3,3
2022-08-01 15:55:03.278,14897,14898,14899,3,3
2022-08-01 15:55:03.278,14897,14898,14899,4,4
2022-08-01 15:55:03.278,14897,14898,14899,2,2
2022-08-01 15:55:03.280,14897,14898,14899,1,1
2022-08-01 15:55:03.280,14897,14898,14899,3,3
2022-08-01 15:55:03.405,14898,14899,14898,1,-1
2022-08-01 15:55:04.407,14898,14899,14899,1,1
2022-08-01 15:55:04.972,14898,14900,14900,2,2
2022-08-01 15:55:05.112,14898,14900,14900,1,1
2022-08-01 15:55:06.414,14898,14899,14899,1,1
2022-08-01 15:55:12.182,14898,14900,14899,2,2
2022-08-01 15:55:12.277,14898,14900,14900,1,1
2022-08-01 15:55:12.277,14898,14900,14900,1,1
2022-08-01 15:55:12.277,14898,14900,14900,1,1
2022-08-01 15:55:12.277,14898,14900,14900,1,1
2022-08-01 15:55:12.278,14898,14900,14900,1,1
2022-08-01 15:55:12.278,14898,14900,14900,1,1
2022-08-01 15:55:12.282,14898,14900,14900,1,1
2022-08-01 15:55:12.905,14898,14900,14899,1,1
2022-08-01 15:55:29.688,14898,14899,14899,2,2
2022-08-01 15:55:29.689,14898,14899,14899,1,1
2022-08-01 15:55:30.910,14898,14899,14899,1,1
2022-08-01 15:55:31.034,14898,14900,14900,1,1
2022-08-01 15:55:33.993,14899,14900,14900,6,6
2022-08-01 15:55:34.594,14899,14900,14900,1,1
2022-08-01 15:55:34.594,14899,14900,14900,1,1
2022-08-01 15:55:40.799,14899,14901,14901,1,1
2022-08-01 15:55:40.921,14899,14901,14901,1,1
2022-08-01 15:55:41.614,14899,14901,14899,3,-3
2022-08-01 15:55:41.653,14898,14900,14900,1,1
2022-08-01 15:55:51.770,14898,14900,14898,1,-1
2022-08-01 15:55:54.857,14898,14900,14900,1,1
2022-08-01 15:55:54.902,14898,14900,14900,1,1
2022-08-01 15:55:56.830,14898,14900,14900,1,1
2022-08-01 15:56:28.960,14899,14900,14900,4,4
2022-08-01 15:56:45.551,14899,14900,14899,1,-1
2022-08-01 15:56:47.537,14898,14899,14899,3,3
2022-08-01 15:56:59.329,14899,14900,14899,1,-1
2022-08-01 15:56:59.425,14898,14900,14899,1,-1
2022-08-01 15:57:01.416,14899,14900,14899,3,-3
2022-08-01 15:57:14.838,14899,14900,14900,3,3
2022-08-01 15:57:18.443,14899,14900,14899,1,-1
2022-08-01 15:57:34.932,14898,14899,14898,4,-4
2022-08-01 15:57:41.258,14897,14898,14898,1,1
2022-08-01 15:57:42.072,14897,14898,14898,1,1
2022-08-01 15:57:44.027,14897,14898,14898,1,1
2022-08-01 15:57:45.967,14897,14898,14898,1,1
2022-08-01 15:58:10.902,14897,14898,14897,1,-1
2022-08-01 15:58:10.903,14897,14898,14897,1,-1
2022-08-01 15:58:12.855,14896,14897,14897,2,2
2022-08-01 15:58:12.855,14896,14897,14898,11,11
2022-08-01 15:58:12.855,14896,14897,14898,2,2
2022-08-01 15:58:12.856,14896,14897,14898,5,5
2022-08-01 15:59:04.027,14897,14898,14898,1,1
2022-08-01 15:59:17.885,14898,14899,14898,5,-5
2022-08-01 15:59:21.225,14898,14899,14898,2,-2
2022-08-01 15:59:21.226,14898,14899,14898,3,-3
2022-08-01 15:59:48.020,14898,14899,14899,1,1
2022-08-01 16:00:12.914,14898,14900,14899,1,1
2022-08-01 16:00:12.925,14898,14900,14898,1,-1
2022-08-01 16:00:13.165,14898,14900,14898,1,-1
2022-08-01 16:00:13.339,14898,14900,14900,8,8
2022-08-01 16:00:13.379,14898,14900,14900,1,1
2022-08-01 16:00:13.463,14899,14900,14900,1,1
2022-08-01 16:00:16.794,14899,14900,14900,5,5
2022-08-01 16:00:20.012,14900,14901,14900,1,-1
2022-08-01 16:00:30.874,14900,14901,14900,1,-1
2022-08-01 16:00:38.572,14900,14901,14900,1,-1
2022-08-01 16:00:50.194,14899,14901,14899,5,-5
2022-08-01 16:01:09.760,14899,14900,14900,1,1
2022-08-01 16:01:09.866,14900,14901,14901,1,1
2022-08-01 16:01:30.644,14899,14900,14900,2,2
2022-08-01 16:01:30.651,14900,14901,14901,1,1
2022-08-01 16:01:30.652,14900,14901,14901,1,1
2022-08-01 16:01:30.652,14900,14901,14901,1,1
2022-08-01 16:01:30.652,14900,14901,14901,1,1
2022-08-01 16:01:30.658,14900,14901,14902,1,1
2022-08-01 16:01:42.026,14901,14902,14902,1,1
2022-08-01 16:01:42.152,14901,14902,14902,1,1
2022-08-01 16:01:42.152,14901,14902,14902,1,1
2022-08-01 16:01:43.050,14901,14902,14901,1,-1
2022-08-01 16:01:43.626,14901,14902,14901,4,-4
2022-08-01 16:01:47.713,14900,14901,14901,1,1
2022-08-01 16:01:51.381,14900,14901,14901,1,1
2022-08-01 16:01:52.168,14900,14901,14901,1,1
2022-08-01 16:01:53.056,14900,14901,14901,1,1
2022-08-01 16:01:57.541,14900,14901,14901,1,1
2022-08-01 16:02:04.273,14901,14902,14901,1,-1
2022-08-01 16:02:04.673,14900,14901,14900,1,-1
2022-08-01 16:02:04.678,14900,14901,14900,1,-1
2022-08-01 16:02:12.602,14900,14901,14900,11,-11
2022-08-01 16:02:16.877,14898,14900,14898,3,-3
2022-08-01 16:02:17.480,14897,14899,14897,1,-1
2022-08-01 16:02:17.496,14897,14899,14897,2,-2
2022-08-01 16:02:21.604,14899,14900,14899,1,-1
2022-08-01 16:02:21.764,14898,14900,14900,1,1
2022-08-01 16:02:23.034,14898,14900,14900,1,1
2022-08-01 16:02:40.189,14899,14900,14899,1,-1
2022-08-01 16:02:53.808,14899,14900,14899,2,-2
2022-08-01 16:02:53.808,14899,14900,14898,1,-1
2022-08-01 16:02:58.853,14897,14899,14898,3,-3
2022-08-01 16:02:59.295,14898,14899,14899,1,1
2022-08-01 16:03:02.039,14897,14898,14898,1,1
2022-08-01 16:03:03.279,14897,14898,14898,1,1
2022-08-01 16:03:07.178,14898,14900,14898,2,-2
2022-08-01 16:03:17.363,14898,14899,14899,1,1
2022-08-01 16:03:31.140,14898,14899,14899,1,1
2022-08-01 16:03:31.140,14898,14899,14899,1,1
2022-08-01 16:03:34.281,14899,14900,14899,1,-1
2022-08-01 16:03:40.184,14899,14900,14899,1,-1
2022-08-01 16:03:43.201,14898,14900,14899,4,-4
2022-08-01 16:03:43.807,14898,14900,14898,1,-1
2022-08-01 16:03:44.721,14898,14900,14898,1,-1
2022-08-01 16:03:45.663,14897,14899,14899,3,3
2022-08-01 16:03:48.988,14898,14899,14899,1,1
2022-08-01 16:03:49.646,14899,14900,14900,3,3
2022-08-01 16:03:49.647,14899,14900,14900,1,1
2022-08-01 16:04:16.381,14899,14900,14900,1,1
2022-08-01 16:04:33.260,14899,14901,14900,1,1
2022-08-01 16:04:45.323,14899,14900,14900,1,1
2022-08-01 16:05:00.184,14900,14901,14900,1,-1
2022-08-01 16:05:01.535,14900,14901,14901,3,3
2022-08-01 16:05:01.535,14900,14901,14901,2,2
2022-08-01 16:05:03.163,14900,14902,14902,1,1
2022-08-01 16:05:03.163,14900,14902,14902,5,5
2022-08-01 16:05:03.163,14900,14902,14902,4,4
2022-08-01 16:05:03.163,14900,14902,14902,1,1
2022-08-01 16:05:03.344,14902,14903,14903,1,1
2022-08-01 16:05:04.574,14902,14903,14902,1,-1
2022-08-01 16:05:05.405,14902,14903,14903,6,6
2022-08-01 16:05:05.408,14902,14903,14903,1,1
2022-08-01 16:05:05.409,14902,14903,14903,1,1
2022-08-01 16:05:05.412,14902,14903,14903,1,1
2022-08-01 16:05:05.448,14902,14903,14904,4,4
2022-08-01 16:05:06.834,14903,14904,14904,1,1
2022-08-01 16:05:07.432,14903,14904,14903,1,-1
2022-08-01 16:05:14.960,14902,14903,14903,1,1
2022-08-01 16:05:25.931,14903,14904,14903,5,-5
2022-08-01 16:05:26.157,14903,14904,14903,1,-1
2022-08-01 16:05:26.637,14903,14904,14903,1,-1
2022-08-01 16:05:32.497,14903,14904,14904,1,1
2022-08-01 16:05:33.156,14903,14904,14904,6,6
2022-08-01 16:05:34.497,14903,14905,14905,3,3
2022-08-01 16:05:36.158,14903,14904,14904,1,1
2022-08-01 16:05:38.947,14903,14904,14903,1,-1
2022-08-01 16:05:40.872,14902,14903,14902,4,-4
2022-08-01 16:05:42.650,14901,14902,14902,1,1
2022-08-01 16:05:42.650,14901,14902,14902,1,1
2022-08-01 16:06:05.611,14901,14902,14902,1,1
2022-08-01 16:06:06.265,14902,14904,14902,1,-1
2022-08-01 16:06:14.676,14901,14902,14902,1,1
2022-08-01 16:06:18.310,14901,14902,14902,1,1
2022-08-01 16:06:20.637,14901,14902,14901,1,-1
2022-08-01 16:06:48.178,14901,14902,14901,1,-1
2022-08-01 16:06:48.179,14901,14902,14901,1,-1
2022-08-01 16:06:50.258,14900,14902,14900,1,-1
2022-08-01 16:06:50.258,14900,14902,14900,3,-3
2022-08-01 16:06:53.506,14899,14901,14901,1,1
2022-08-01 16:07:00.413,14900,14901,14900,1,-1
2022-08-01 16:07:00.669,14900,14901,14901,1,1
2022-08-01 16:07:00.670,14900,14901,14902,5,5
2022-08-01 16:07:00.670,14900,14901,14902,4,4
2022-08-01 16:07:00.671,14900,14901,14902,2,2
2022-08-01 16:07:13.711,14900,14902,14902,1,1
2022-08-01 16:07:21.489,14901,14902,14901,2,-2
2022-08-01 16:07:43.458,14901,14902,14901,1,-1
2022-08-01 16:07:43.458,14901,14902,14901,1,-1
2022-08-01 16:07:48.407,14900,14901,14901,1,1
2022-08-01 16:08:09.445,14900,14901,14901,1,1
2022-08-01 16:08:38.816,14901,14902,14901,1,-1
2022-08-01 16:08:39.318,14901,14902,14901,1,-1
2022-08-01 16:08:47.471,14900,14901,14901,1,1
2022-08-01 16:08:47.471,14900,14901,14901,2,2
2022-08-01 16:08:51.940,14901,14902,14902,2,2
2022-08-01 16:09:15.101,14902,14903,14902,1,-1
2022-08-01 16:09:15.101,14902,14903,14902,1,-1
2022-08-01 16:09:28.398,14902,14903,14903,1,1
2022-08-01 16:09:28.398,14902,14903,14903,5,5
2022-08-01 16:09:28.401,14903,14904,14904,8,8
2022-08-01 16:09:41.315,14904,14905,14904,3,-3
2022-08-01 16:09:41.315,14904,14905,14904,1,-1
2022-08-01 16:09:41.315,14904,14905,14904,2,-2
2022-08-01 16:09:42.644,14903,14905,14905,1,1
2022-08-01 16:09:50.268,14904,14905,14905,5,5
2022-08-01 16:09:53.307,14904,14905,14905,3,3
2022-08-01 16:10:02.632,14904,14905,14905,3,3
2022-08-01 16:10:02.633,14904,14905,14905,5,5
2022-08-01 16:10:02.633,14904,14905,14905,1,1
2022-08-01 16:10:02.633,14904,14905,14905,2,2
2022-08-01 16:10:02.633,14904,14905,14905,12,12
2022-08-01 16:10:02.657,14904,14906,14906,1,1
2022-08-01 16:10:02.657,14904,14906,14906,1,1
2022-08-01 16:10:02.657,14904,14906,14906,1,1
2022-08-01 16:10:03.026,14904,14906,14906,1,1
2022-08-01 16:10:03.517,14905,14906,14906,4,4
2022-08-01 16:10:09.943,14905,14906,14905,2,-2
2022-08-01 16:10:10.251,14904,14905,14905,3,3
2022-08-01 16:10:17.810,14905,14906,14906,5,5
2022-08-01 16:10:17.810,14905,14906,14906,7,7
2022-08-01 16:10:19.891,14905,14907,14906,1,1
2022-08-01 16:10:20.088,14905,14906,14906,1,1
2022-08-01 16:10:20.336,14905,14906,14906,1,1
2022-08-01 16:10:26.988,14905,14906,14906,3,3
2022-08-01 16:10:28.099,14905,14907,14907,2,2
2022-08-01 16:10:28.152,14905,14907,14907,1,1
2022-08-01 16:10:28.186,14905,14907,14907,1,1
2022-08-01 16:10:28.186,14905,14907,14907,1,1
2022-08-01 16:10:28.274,14905,14907,14907,1,1
2022-08-01 16:10:28.276,14905,14907,14907,8,8
2022-08-01 16:10:28.442,14905,14907,14907,5,5
2022-08-01 16:10:28.645,14906,14908,14908,1,1
2022-08-01 16:10:28.865,14906,14908,14908,6,6
2022-08-01 16:10:28.932,14906,14908,14908,1,1
2022-08-01 16:10:30.924,14906,14908,14908,5,5
2022-08-01 16:10:37.604,14906,14907,14906,1,-1
2022-08-01 16:10:37.604,14906,14907,14905,9,-9
2022-08-01 16:10:38.900,14905,14907,14907,1,1
2022-08-01 16:10:39.751,14905,14907,14907,1,1
2022-08-01 16:10:41.415,14905,14907,14907,1,1
2022-08-01 16:10:42.374,14905,14907,14906,1,1
2022-08-01 16:10:43.238,14905,14906,14906,1,1
2022-08-01 16:10:45.192,14905,14907,14906,1,1
2022-08-01 16:10:49.799,14906,14907,14907,1,1
2022-08-01 16:10:49.799,14906,14907,14907,1,1
2022-08-01 16:10:50.140,14907,14908,14908,5,5
2022-08-01 16:10:50.140,14907,14908,14908,1,1
2022-08-01 16:10:50.140,14907,14908,14908,1,1
2022-08-01 16:10:50.140,14907,14908,14908,1,1
2022-08-01 16:10:50.140,14907,14908,14908,6,6
2022-08-01 16:10:50.140,14907,14908,14908,2,2
2022-08-01 16:10:54.529,14908,14909,14908,1,-1
2022-08-01 16:10:58.072,14908,14909,14908,1,-1
2022-08-01 16:10:58.922,14907,14908,14908,1,1
2022-08-01 16:11:00.505,14907,14908,14908,3,3
2022-08-01 16:11:00.903,14908,14909,14909,1,1
2022-08-01 16:11:01.057,14907,14909,14909,2,2
2022-08-01 16:11:01.094,14907,14909,14909,3,3
2022-08-01 16:11:01.246,14908,14909,14909,10,10
2022-08-01 16:11:01.246,14908,14909,14909,1,1
2022-08-01 16:11:01.247,14908,14909,14909,19,19
2022-08-01 16:11:11.550,14908,14909,14909,1,1
2022-08-01 16:11:14.517,14909,14910,14909,1,-1
2022-08-01 16:11:14.969,14908,14910,14910,1,1
2022-08-01 16:11:15.075,14908,14910,14910,1,1
2022-08-01 16:11:15.089,14908,14910,14910,1,1
2022-08-01 16:11:15.097,14908,14910,14910,1,1
2022-08-01 16:11:15.097,14908,14910,14910,1,1
2022-08-01 16:11:15.104,14908,14910,14910,1,1
2022-08-01 16:11:15.141,14908,14910,14910,1,1
2022-08-01 16:11:15.214,14908,14910,14910,1,1
2022-08-01 16:11:15.418,14908,14910,14910,5,5
2022-08-01 16:11:15.447,14908,14910,14910,1,1
2022-08-01 16:11:15.478,14908,14910,14910,1,1
2022-08-01 16:11:15.484,14908,14910,14910,1,1
2022-08-01 16:11:15.523,14908,14910,14910,1,1
2022-08-01 16:11:15.524,14908,14910,14910,1,1
2022-08-01 16:11:16.536,14909,14910,14910,1,1
2022-08-01 16:11:16.923,14909,14910,14910,2,2
2022-08-01 16:11:17.281,14909,14910,14909,2,-2
2022-08-01 16:11:17.281,14909,14910,14908,1,-1
2022-08-01 16:11:21.928,14909,14910,14909,2,-2
2022-08-01 16:11:21.928,14909,14910,14909,1,-1
2022-08-01 16:11:24.801,14908,14909,14908,9,-9
2022-08-01 16:11:24.802,14908,14909,14908,2,-2
2022-08-01 16:11:24.850,14908,14909,14908,1,-1
2022-08-01 16:11:25.438,14907,14909,14909,1,1
2022-08-01 16:11:29.706,14908,14909,14909,1,1
2022-08-01 16:11:30.412,14908,14909,14909,1,1
2022-08-01 16:11:31.379,14908,14909,14908,1,-1
2022-08-01 16:11:32.061,14907,14908,14908,1,1
2022-08-01 16:11:32.061,14907,14908,14909,1,1
2022-08-01 16:11:34.267,14907,14909,14907,1,-1
2022-08-01 16:11:34.980,14908,14909,14908,1,-1
2022-08-01 16:11:37.615,14907,14909,14909,1,1
2022-08-01 16:11:44.467,14906,14907,14906,3,-3
2022-08-01 16:11:44.467,14906,14907,14906,1,-1
2022-08-01 16:11:46.495,14905,14907,14906,1,-1
2022-08-01 16:11:48.289,14905,14906,14906,2,2
2022-08-01 16:11:52.630,14905,14906,14906,1,1
2022-08-01 16:11:56.924,14905,14906,14906,1,1
2022-08-01 16:11:57.740,14905,14906,14906,1,1
2022-08-01 16:11:58.010,14905,14906,14905,1,-1
2022-08-01 16:11:59.406,14905,14906,14906,1,1
2022-08-01 16:11:59.406,14905,14906,14905,2,-2
2022-08-01 16:12:01.317,14904,14906,14906,1,1
2022-08-01 16:12:01.536,14904,14906,14906,1,1
2022-08-01 16:12:05.029,14905,14907,14907,3,3
2022-08-01 16:12:12.286,14905,14906,14906,1,1
2022-08-01 16:12:12.286,14905,14906,14907,2,2
2022-08-01 16:12:18.506,14905,14906,14905,5,-5
2022-08-01 16:13:01.522,14904,14905,14905,1,1
2022-08-01 16:13:02.325,14904,14905,14905,1,1
2022-08-01 16:13:05.021,14904,14905,14905,1,1
2022-08-01 16:13:07.340,14904,14905,14904,1,-1
2022-08-01 16:13:07.340,14904,14905,14904,1,-1
2022-08-01 16:13:07.340,14904,14905,14904,1,-1
2022-08-01 16:13:07.341,14904,14905,14904,1,-1
2022-08-01 16:13:07.341,14904,14905,14904,1,-1
2022-08-01 16:13:07.444,14903,14904,14903,1,-1
2022-08-01 16:13:08.352,14903,14904,14903,3,-3
2022-08-01 16:13:08.407,14902,14903,14903,1,1
2022-08-01 16:13:12.790,14902,14903,14902,1,-1
2022-08-01 16:13:14.100,14902,14903,14903,1,1
2022-08-01 16:13:16.897,14902,14903,14902,14,-14
2022-08-01 16:13:19.799,14901,14903,14901,1,-1
2022-08-01 16:13:25.320,14901,14902,14901,1,-1
2022-08-01 16:13:25.320,14901,14902,14901,1,-1
2022-08-01 16:13:25.320,14901,14902,14901,1,-1
2022-08-01 16:13:25.320,14901,14902,14901,1,-1
2022-08-01 16:13:25.402,14900,14901,14901,1,1
2022-08-01 16:13:25.402,14900,14901,14901,1,1
2022-08-01 16:13:25.402,14900,14901,14901,1,1
2022-08-01 16:13:25.402,14900,14901,14901,1,1
2022-08-01 16:13:25.402,14900,14901,14901,1,1
2022-08-01 16:13:27.542,14900,14901,14900,1,-1
2022-08-01 16:13:27.542,14900,14901,14900,1,-1
2022-08-01 16:13:27.542,14900,14901,14900,1,-1
2022-08-01 16:13:27.542,14900,14901,14900,1,-1
2022-08-01 16:13:27.542,14900,14901,14900,4,-4
2022-08-01 16:13:28.810,14900,14901,14900,3,-3
2022-08-01 16:13:28.890,14900,14901,14900,3,-3
2022-08-01 16:13:28.985,14899,14901,14900,3,-3
2022-08-01 16:13:35.149,14899,14900,14900,1,1
2022-08-01 16:13:36.354,14899,14900,14900,1,1
2022-08-01 16:13:38.605,14899,14901,14901,1,1
2022-08-01 16:13:40.183,14900,14901,14900,1,-1
2022-08-01 16:13:49.071,14900,14901,14900,1,-1
2022-08-01 16:13:52.113,14901,14902,14900,4,-4
2022-08-01 16:13:52.152,14900,14902,14902,1,1
2022-08-01 16:13:52.985,14900,14901,14901,1,1
2022-08-01 16:13:57.046,14900,14901,14900,1,-1
2022-08-01 16:14:00.185,14899,14900,14899,1,-1
2022-08-01 16:14:00.719,14898,14900,14898,3,-3
2022-08-01 16:14:00.721,14898,14900,14898,1,-1
2022-08-01 16:14:00.874,14898,14900,14900,1,1
2022-08-01 16:14:00.940,14898,14900,14900,9,9
2022-08-01 16:14:16.271,14900,14901,14901,2,2
2022-08-01 16:14:16.271,14900,14901,14901,1,1
2022-08-01 16:14:16.271,14900,14901,14901,1,1
2022-08-01 16:14:16.271,14900,14901,14901,1,1
2022-08-01 16:14:23.553,14900,14901,14900,1,-1
2022-08-01 16:14:44.635,14900,14901,14901,1,1
2022-08-01 16:14:54.401,14901,14902,14901,1,-1
2022-08-01 16:14:55.232,14901,14902,14902,3,3
2022-08-01 16:14:55.233,14901,14902,14902,1,1
2022-08-01 16:14:55.233,14901,14902,14902,1,1
2022-08-01 16:14:55.233,14901,14902,14902,1,1
2022-08-01 16:15:02.740,14902,14903,14902,1,-1
2022-08-01 16:15:07.093,14900,14902,14902,1,1
2022-08-01 16:15:21.927,14900,14901,14901,3,3
2022-08-01 16:15:22.943,14900,14901,14901,1,1
2022-08-01 16:15:31.099,14900,14901,14901,1,1
2022-08-01 16:15:31.654,14901,14902,14901,1,-1
2022-08-01 16:15:31.769,14901,14902,14901,1,-1
2022-08-01 16:15:33.111,14900,14901,14901,1,1
2022-08-01 16:15:34.079,14900,14901,14900,5,-5
2022-08-01 16:15:44.384,14899,14901,14899,5,-5
2022-08-01 16:15:45.557,14899,14900,14900,1,1
2022-08-01 16:15:45.965,14900,14901,14900,1,-1
2022-08-01 16:15:45.966,14900,14901,14900,1,-1
2022-08-01 16:15:45.966,14900,14901,14900,1,-1
2022-08-01 16:15:45.966,14900,14901,14900,1,-1
2022-08-01 16:15:50.549,14899,14900,14900,2,2
2022-08-01 16:16:08.778,14899,14900,14900,1,1
2022-08-01 16:16:09.039,14899,14900,14899,1,-1
2022-08-01 16:16:09.097,14899,14900,14899,1,-1
2022-08-01 16:16:30.393,14899,14900,14899,1,-1
2022-08-01 16:16:30.393,14899,14900,14899,1,-1
2022-08-01 16:16:30.393,14899,14900,14899,1,-1
2022-08-01 16:16:30.393,14899,14900,14899,1,-1
2022-08-01 16:16:39.723,14899,14900,14899,1,-1
2022-08-01 16:16:47.450,14899,14900,14899,1,-1
2022-08-01 16:16:49.111,14899,14900,14899,4,-4
2022-08-01 16:16:49.112,14899,14900,14899,1,-1
2022-08-01 16:16:53.188,14899,14900,14900,1,1
2022-08-01 16:16:53.188,14899,14900,14900,6,6
2022-08-01 16:17:05.961,14899,14900,14899,1,-1
2022-08-01 16:17:15.204,14898,14899,14899,1,1
2022-08-01 16:17:25.589,14898,14899,14898,5,-5
2022-08-01 16:17:26.393,14898,14899,14898,5,-5
2022-08-01 16:17:27.131,14898,14899,14898,5,-5
2022-08-01 16:17:27.746,14898,14899,14898,5,-5
2022-08-01 16:17:28.713,14898,14899,14898,4,-4
2022-08-01 16:17:28.714,14898,14899,14898,1,-1
2022-08-01 16:17:36.325,14898,14899,14898,5,-5
2022-08-01 16:17:53.715,14898,14899,14898,2,-2
2022-08-01 16:17:53.716,14898,14899,14898,3,-3
2022-08-01 16:18:01.907,14897,14898,14898,1,1
2022-08-01 16:18:02.426,14897,14898,14897,1,-1
2022-08-01 16:18:04.419,14897,14898,14898,8,8
2022-08-01 16:18:09.475,14898,14899,14899,1,1
2022-08-01 16:18:09.475,14898,14899,14899,4,4
2022-08-01 16:18:09.475,14898,14899,14899,15,15
2022-08-01 16:18:20.677,14899,14900,14899,1,-1
2022-08-01 16:18:21.695,14899,14900,14899,1,-1
2022-08-01 16:18:43.693,14899,14900,14900,2,2
2022-08-01 16:18:43.694,14899,14900,14900,4,4
2022-08-01 16:18:54.983,14898,14900,14900,1,1
2022-08-01 16:19:18.474,14899,14900,14899,1,-1
2022-08-01 16:19:28.209,14898,14899,14899,2,2
2022-08-01 16:19:28.277,14899,14900,14900,1,1
2022-08-01 16:19:28.278,14899,14900,14900,1,1
2022-08-01 16:19:28.283,14899,14900,14901,1,1
2022-08-01 16:19:28.472,14900,14901,14901,1,1
2022-08-01 16:19:28.472,14900,14901,14901,1,1
2022-08-01 16:19:43.668,14901,14902,14901,1,-1
2022-08-01 16:19:43.777,14900,14901,14901,1,1
2022-08-01 16:19:50.529,14899,14900,14900,1,1
2022-08-01 16:19:50.652,14899,14900,14900,1,1
2022-08-01 16:19:53.850,14899,14900,14899,1,-1
2022-08-01 16:20:01.615,14898,14899,14899,1,1
2022-08-01 16:20:02.179,14898,14899,14898,1,-1
2022-08-01 16:20:04.102,14898,14899,14898,1,-1
2022-08-01 16:20:04.102,14898,14899,14898,1,-1
2022-08-01 16:20:04.102,14898,14899,14898,1,-1
2022-08-01 16:20:04.102,14898,14899,14898,1,-1
2022-08-01 16:20:04.102,14898,14899,14898,1,-1
2022-08-01 16:20:04.102,14898,14899,14898,1,-1
2022-08-01 16:20:04.102,14898,14899,14898,6,-6
2022-08-01 16:20:05.549,14897,14898,14898,1,1
2022-08-01 16:20:07.466,14898,14899,14898,1,-1
2022-08-01 16:20:12.270,14897,14898,14898,1,1
2022-08-01 16:20:20.907,14897,14898,14897,1,-1
2022-08-01 16:20:26.764,14897,14898,14897,1,-1
2022-08-01 16:20:29.004,14897,14898,14898,2,2
2022-08-01 16:20:29.381,14897,14898,14898,2,2
2022-08-01 16:20:32.805,14897,14898,14897,1,-1
2022-08-01 16:20:33.806,14897,14898,14898,1,1
2022-08-01 16:20:36.732,14897,14898,14898,1,1
2022-08-01 16:20:38.822,14897,14898,14897,11,-11
2022-08-01 16:20:43.738,14896,14897,14897,1,1
2022-08-01 16:20:46.638,14896,14897,14896,4,-4
2022-08-01 16:21:00.005,14896,14897,14896,2,-2
2022-08-01 16:21:00.461,14896,14897,14897,5,5
2022-08-01 16:21:00.821,14896,14898,14898,3,3
2022-08-01 16:21:07.225,14897,14898,14897,1,-1
2022-08-01 16:21:10.970,14897,14898,14897,1,-1
2022-08-01 16:21:10.970,14897,14898,14897,1,-1
2022-08-01 16:21:22.142,14897,14898,14897,1,-1
2022-08-01 16:21:28.217,14896,14898,14896,3,-3
2022-08-01 16:21:39.476,14896,14897,14896,2,-2
2022-08-01 16:21:44.618,14896,14897,14896,1,-1
2022-08-01 16:21:57.227,14896,14897,14897,1,1
2022-08-01 16:21:57.522,14897,14898,14897,1,-1
2022-08-01 16:21:57.522,14897,14898,14897,1,-1
2022-08-01 16:22:02.087,14897,14898,14897,1,-1
2022-08-01 16:22:02.092,14897,14898,14897,2,-2
2022-08-01 16:22:03.784,14896,14897,14897,1,1
2022-08-01 16:22:04.379,14897,14898,14897,1,-1
2022-08-01 16:22:44.112,14897,14898,14897,1,-1
2022-08-01 16:23:05.157,14897,14898,14897,1,-1
2022-08-01 16:23:06.506,14896,14898,14896,1,-1
2022-08-01 16:23:29.736,14896,14897,14896,2,-2
2022-08-01 16:23:29.736,14896,14897,14896,1,-1
2022-08-01 16:23:29.736,14896,14897,14896,1,-1
2022-08-01 16:23:29.737,14896,14897,14896,1,-1
2022-08-01 16:23:29.737,14896,14897,14896,1,-1
2022-08-01 16:23:29.737,14896,14897,14896,1,-1
2022-08-01 16:23:29.737,14896,14897,14896,4,-4
2022-08-01 16:23:29.737,14896,14897,14896,1,-1
2022-08-01 16:23:29.737,14896,14897,14896,2,-2
2022-08-01 16:23:51.620,14895,14896,14895,1,-1
2022-08-01 16:23:52.144,14895,14896,14896,3,3
2022-08-01 16:23:57.865,14895,14896,14896,1,1
2022-08-01 16:23:58.166,14896,14897,14896,1,-1
2022-08-01 16:24:01.137,14896,14897,14896,1,-1
2022-08-01 16:24:01.142,14896,14897,14896,3,-3
2022-08-01 16:24:01.762,14896,14897,14896,1,-1
2022-08-01 16:24:01.762,14896,14897,14896,1,-1
2022-08-01 16:24:01.924,14895,14897,14895,1,-1
2022-08-01 16:24:05.881,14895,14897,14897,3,3
2022-08-01 16:24:05.881,14895,14897,14898,2,2
2022-08-01 16:24:07.773,14895,14897,14896,1,1
2022-08-01 16:24:19.904,14895,14896,14895,8,-8
2022-08-01 16:24:19.904,14895,14896,14895,1,-1
2022-08-01 16:24:19.904,14895,14896,14895,1,-1
2022-08-01 16:24:19.904,14895,14896,14895,1,-1
2022-08-01 16:24:19.904,14895,14896,14895,1,-1
2022-08-01 16:24:19.905,14895,14896,14895,12,-12
2022-08-01 16:24:20.958,14894,14895,14894,1,-1
2022-08-01 16:24:21.048,14894,14895,14894,1,-1
2022-08-01 16:24:32.457,14894,14895,14894,1,-1
2022-08-01 16:24:36.558,14894,14895,14894,2,-2
2022-08-01 16:24:36.852,14894,14895,14894,11,-11
2022-08-01 16:24:41.465,14893,14895,14893,1,-1
2022-08-01 16:24:41.577,14893,14895,14893,1,-1
2022-08-01 16:24:42.182,14894,14895,14894,1,-1
2022-08-01 16:24:44.732,14894,14895,14894,1,-1
2022-08-01 16:24:45.313,14894,14895,14894,2,-2
2022-08-01 16:24:50.150,14894,14895,14894,1,-1
2022-08-01 16:24:52.617,14894,14896,14894,2,-2
2022-08-01 16:24:52.617,14894,14896,14894,1,-1
2022-08-01 16:24:52.909,14894,14896,14894,3,-3
2022-08-01 16:24:55.723,14894,14896,14894,1,-1
2022-08-01 16:24:58.445,14894,14895,14894,2,-2
2022-08-01 16:25:03.769,14893,14895,14893,2,-2
2022-08-01 16:25:03.890,14893,14895,14893,1,-1
2022-08-01 16:25:03.896,14893,14895,14893,2,-2
2022-08-01 16:25:03.902,14893,14895,14893,1,-1
2022-08-01 16:25:04.142,14893,14895,14895,1,1
2022-08-01 16:25:04.142,14893,14895,14895,5,5
2022-08-01 16:25:08.587,14893,14895,14893,1,-1
2022-08-01 16:25:18.783,14894,14895,14894,1,-1
2022-08-01 16:25:19.594,14894,14895,14895,1,1
2022-08-01 16:25:19.699,14894,14896,14894,1,-1
2022-08-01 16:25:21.208,14894,14895,14895,1,1
2022-08-01 16:25:27.128,14895,14896,14895,1,-1
2022-08-01 16:25:29.240,14894,14895,14894,2,-2
2022-08-01 16:25:31.159,14894,14895,14894,1,-1
2022-08-01 16:25:32.172,14894,14895,14894,1,-1
