2023-03-09 15:00:00.060,15766,15767,15767,30,30
2023-03-09 15:00:00.422,15766,15767,15766,1,-1
2023-03-09 15:00:00.422,15766,15767,15765,1,-1
2023-03-09 15:00:00.530,15765,15767,15765,1,-1
2023-03-09 15:00:00.712,15765,15767,15765,1,-1
2023-03-09 15:00:00.810,15764,15767,15764,1,-1
2023-03-09 15:00:00.946,15763,15766,15763,2,-2
2023-03-09 15:00:01.098,15763,15766,15763,1,-1
2023-03-09 15:00:01.098,15763,15766,15763,1,-1
2023-03-09 15:00:01.739,15763,15765,15763,2,-2
2023-03-09 15:00:01.744,15763,15765,15762,2,-2
2023-03-09 15:00:01.852,15762,15764,15764,1,1
2023-03-09 15:00:01.966,15762,15764,15762,2,-2
2023-03-09 15:00:02.778,15761,15764,15764,1,1
2023-03-09 15:00:03.835,15762,15764,15764,1,1
2023-03-09 15:00:04.123,15762,15764,15762,1,-1
2023-03-09 15:00:04.466,15762,15764,15764,1,1
2023-03-09 15:00:05.044,15764,15765,15765,1,1
2023-03-09 15:00:05.093,15764,15765,15764,1,-1
2023-03-09 15:00:05.176,15764,15766,15766,1,1
2023-03-09 15:00:05.417,15764,15767,15765,1,-1
2023-03-09 15:00:05.585,15765,15767,15767,1,1
2023-03-09 15:00:05.624,15765,15767,15767,1,1
2023-03-09 15:00:05.704,15765,15767,15767,1,1
2023-03-09 15:00:05.992,15765,15767,15765,2,-2
2023-03-09 15:00:05.992,15765,15767,15764,3,-3
2023-03-09 15:00:06.240,15763,15764,15764,1,1
2023-03-09 15:00:06.342,15763,15765,15764,1,1
2023-03-09 15:00:06.547,15763,15764,15763,1,-1
2023-03-09 15:00:06.550,15763,15764,15763,1,-1
2023-03-09 15:00:06.562,15763,15764,15763,1,-1
2023-03-09 15:00:06.579,15763,15764,15763,2,-2
2023-03-09 15:00:06.824,15762,15763,15763,1,1
2023-03-09 15:00:07.191,15762,15764,15764,1,1
2023-03-09 15:00:07.191,15762,15764,15765,1,1
2023-03-09 15:00:08.024,15762,15763,15763,2,2
2023-03-09 15:00:08.934,15762,15763,15763,1,1
2023-03-09 15:00:09.418,15762,15763,15763,1,1
2023-03-09 15:00:09.927,15762,15763,15762,5,-5
2023-03-09 15:00:10.234,15761,15762,15762,1,1
2023-03-09 15:00:10.699,15762,15763,15763,1,1
2023-03-09 15:00:11.447,15762,15763,15763,1,1
2023-03-09 15:00:11.537,15762,15764,15762,5,-5
2023-03-09 15:00:13.020,15762,15763,15763,1,1
2023-03-09 15:00:13.316,15762,15763,15763,1,1
2023-03-09 15:00:13.941,15762,15763,15763,1,1
2023-03-09 15:00:14.470,15762,15763,15763,1,1
2023-03-09 15:00:15.710,15762,15763,15763,1,1
2023-03-09 15:00:15.742,15762,15763,15763,1,1
2023-03-09 15:00:16.361,15762,15763,15763,1,1
2023-03-09 15:00:16.554,15762,15763,15763,1,1
2023-03-09 15:00:17.475,15762,15763,15762,5,-5
2023-03-09 15:00:17.922,15762,15763,15763,1,1
2023-03-09 15:00:18.011,15762,15763,15763,1,1
2023-03-09 15:00:18.144,15762,15763,15763,5,5
2023-03-09 15:00:18.475,15762,15764,15762,1,-1
2023-03-09 15:00:19.320,15762,15763,15762,1,-1
2023-03-09 15:00:19.543,15762,15763,15762,1,-1
2023-03-09 15:00:20.258,15762,15763,15762,9,-9
2023-03-09 15:00:20.275,15762,15763,15762,1,-1
2023-03-09 15:00:20.399,15761,15762,15762,1,1
2023-03-09 15:00:20.524,15761,15762,15762,1,1
2023-03-09 15:00:20.649,15761,15763,15763,1,1
2023-03-09 15:00:21.917,15762,15763,15762,1,-1
2023-03-09 15:00:22.024,15761,15762,15762,1,1
2023-03-09 15:00:22.099,15761,15762,15762,1,1
2023-03-09 15:00:22.149,15761,15762,15762,1,1
2023-03-09 15:00:22.274,15761,15762,15762,1,1
2023-03-09 15:00:22.399,15761,15762,15762,1,1
2023-03-09 15:00:23.088,15761,15762,15762,1,1
2023-03-09 15:00:24.444,15761,15762,15762,2,2
2023-03-09 15:00:24.654,15761,15762,15762,1,1
2023-03-09 15:00:26.377,15761,15762,15762,1,1
2023-03-09 15:00:26.924,15761,15762,15762,1,1
2023-03-09 15:00:29.022,15761,15762,15762,1,1
2023-03-09 15:00:30.311,15761,15762,15761,1,-1
2023-03-09 15:00:30.398,15761,15762,15762,1,1
2023-03-09 15:00:30.524,15761,15762,15762,1,1
2023-03-09 15:00:30.649,15761,15762,15762,1,1
2023-03-09 15:00:30.773,15761,15762,15762,1,1
2023-03-09 15:00:30.898,15761,15762,15762,1,1
2023-03-09 15:00:33.911,15761,15762,15761,5,-5
2023-03-09 15:00:34.356,15761,15762,15761,1,-1
2023-03-09 15:00:36.269,15761,15762,15761,5,-5
2023-03-09 15:00:36.269,15761,15762,15761,2,-2
2023-03-09 15:00:36.601,15761,15762,15761,1,-1
2023-03-09 15:00:36.650,15760,15762,15761,1,-1
2023-03-09 15:00:36.837,15760,15762,15761,1,-1
2023-03-09 15:00:36.899,15760,15761,15761,1,1
2023-03-09 15:00:37.920,15761,15762,15761,1,-1
2023-03-09 15:00:37.921,15761,15762,15761,1,-1
2023-03-09 15:00:38.070,15760,15762,15760,4,-4
2023-03-09 15:00:38.070,15760,15762,15760,1,-1
2023-03-09 15:00:38.070,15760,15762,15760,2,-2
2023-03-09 15:00:38.070,15760,15762,15760,8,-8
2023-03-09 15:00:38.071,15760,15762,15759,5,-5
2023-03-09 15:00:38.451,15759,15760,15759,1,-1
2023-03-09 15:00:38.692,15759,15760,15760,1,1
2023-03-09 15:00:39.002,15759,15760,15760,1,1
2023-03-09 15:00:39.877,15759,15760,15759,1,-1
2023-03-09 15:00:40.075,15759,15760,15759,1,-1
2023-03-09 15:00:40.230,15759,15760,15759,1,-1
2023-03-09 15:00:42.709,15758,15759,15758,3,-3
2023-03-09 15:00:42.844,15758,15759,15759,1,1
2023-03-09 15:00:43.778,15758,15759,15758,5,-5
2023-03-09 15:00:46.141,15758,15759,15758,2,-2
2023-03-09 15:00:46.259,15758,15759,15758,2,-2
2023-03-09 15:00:46.259,15758,15759,15757,4,-4
2023-03-09 15:00:47.015,15758,15759,15758,2,-2
2023-03-09 15:00:47.775,15757,15758,15758,1,1
2023-03-09 15:00:49.526,15757,15758,15757,5,-5
2023-03-09 15:00:49.526,15757,15758,15758,4,4
2023-03-09 15:00:49.582,15757,15758,15757,5,-5
2023-03-09 15:00:50.145,15757,15759,15757,10,-10
2023-03-09 15:00:50.166,15757,15759,15757,2,-2
2023-03-09 15:00:50.512,15756,15758,15758,3,3
2023-03-09 15:00:50.786,15757,15758,15757,2,-2
2023-03-09 15:00:51.289,15756,15758,15757,1,-1
2023-03-09 15:00:52.292,15756,15758,15758,1,1
2023-03-09 15:00:52.293,15756,15758,15758,6,6
2023-03-09 15:00:52.569,15757,15759,15757,2,-2
2023-03-09 15:00:52.569,15757,15759,15757,2,-2
2023-03-09 15:00:54.057,15757,15758,15758,2,2
2023-03-09 15:00:55.352,15757,15758,15757,16,-16
2023-03-09 15:00:57.424,15756,15757,15756,5,-5
2023-03-09 15:00:57.648,15756,15757,15757,1,1
2023-03-09 15:00:57.684,15756,15757,15757,1,1
2023-03-09 15:00:57.775,15756,15757,15757,1,1
2023-03-09 15:00:57.900,15756,15757,15757,1,1
2023-03-09 15:00:57.925,15756,15757,15757,2,2
2023-03-09 15:00:58.472,15756,15757,15757,1,1
2023-03-09 15:00:58.472,15756,15757,15757,1,1
2023-03-09 15:00:58.473,15756,15757,15757,2,2
2023-03-09 15:00:58.473,15756,15757,15757,2,2
2023-03-09 15:00:58.714,15757,15758,15757,1,-1
2023-03-09 15:00:59.847,15757,15758,15757,1,-1
2023-03-09 15:01:00.419,15756,15757,15757,1,1
2023-03-09 15:01:00.745,15757,15758,15757,1,-1
2023-03-09 15:01:00.745,15757,15758,15756,2,-2
2023-03-09 15:01:00.775,15756,15758,15756,3,-3
2023-03-09 15:01:02.368,15757,15758,15757,1,-1
2023-03-09 15:01:04.964,15756,15758,15756,2,-2
2023-03-09 15:01:07.287,15757,15758,15757,1,-1
2023-03-09 15:01:07.604,15756,15758,15756,1,-1
2023-03-09 15:01:08.010,15756,15757,15757,1,1
2023-03-09 15:01:10.335,15756,15757,15757,1,1
2023-03-09 15:01:10.726,15756,15757,15757,1,1
2023-03-09 15:01:10.726,15756,15757,15757,5,5
2023-03-09 15:01:11.234,15757,15758,15758,2,2
2023-03-09 15:01:12.596,15757,15758,15758,1,1
2023-03-09 15:01:17.548,15757,15758,15758,1,1
2023-03-09 15:01:19.248,15757,15758,15758,1,1
2023-03-09 15:01:20.228,15757,15758,15757,2,-2
2023-03-09 15:01:20.369,15757,15758,15757,1,-1
2023-03-09 15:01:22.115,15757,15758,15758,2,2
2023-03-09 15:01:22.115,15757,15758,15758,3,3
2023-03-09 15:01:26.845,15757,15759,15757,1,-1
2023-03-09 15:01:29.647,15758,15759,15758,1,-1
2023-03-09 15:01:32.302,15758,15759,15758,1,-1
2023-03-09 15:01:40.013,15758,15759,15758,4,-4
2023-03-09 15:01:41.101,15758,15759,15758,2,-2
2023-03-09 15:01:41.101,15758,15759,15758,2,-2
2023-03-09 15:01:41.725,15757,15758,15757,2,-2
2023-03-09 15:01:41.838,15757,15758,15757,11,-11
2023-03-09 15:01:43.021,15756,15758,15756,6,-6
2023-03-09 15:01:43.180,15755,15757,15755,13,-13
2023-03-09 15:01:43.312,15754,15756,15754,2,-2
2023-03-09 15:01:43.333,15754,15756,15754,2,-2
2023-03-09 15:01:43.349,15754,15756,15754,2,-2
2023-03-09 15:01:43.409,15754,15756,15755,1,-1
2023-03-09 15:01:43.430,15754,15756,15754,1,-1
2023-03-09 15:01:43.436,15754,15756,15754,3,-3
2023-03-09 15:01:43.483,15754,15756,15754,2,-2
2023-03-09 15:01:43.493,15754,15756,15754,1,-1
2023-03-09 15:01:43.495,15754,15756,15754,9,-9
2023-03-09 15:01:43.606,15753,15755,15753,9,-9
2023-03-09 15:01:43.650,15753,15755,15753,1,-1
2023-03-09 15:01:43.757,15753,15755,15755,1,1
2023-03-09 15:01:43.804,15753,15755,15754,1,1
2023-03-09 15:01:43.906,15753,15754,15753,1,-1
2023-03-09 15:01:44.332,15752,15754,15752,2,-2
2023-03-09 15:01:44.365,15752,15754,15752,2,-2
2023-03-09 15:01:44.410,15752,15753,15752,6,-6
2023-03-09 15:01:44.410,15752,15753,15751,22,-22
2023-03-09 15:01:44.423,15752,15753,15751,2,-2
2023-03-09 15:01:44.435,15752,15753,15750,1,-1
2023-03-09 15:01:44.441,15752,15753,15750,1,-1
2023-03-09 15:01:44.452,15752,15753,15750,1,-1
2023-03-09 15:01:44.526,15750,15752,15750,4,-4
2023-03-09 15:01:44.532,15750,15752,15750,1,-1
2023-03-09 15:01:44.532,15750,15752,15749,4,-4
2023-03-09 15:01:44.540,15750,15752,15749,2,-2
2023-03-09 15:01:44.541,15750,15752,15749,2,-2
2023-03-09 15:01:44.548,15750,15752,15749,2,-2
2023-03-09 15:01:44.573,15750,15752,15749,1,-1
2023-03-09 15:01:44.591,15750,15752,15748,3,-3
2023-03-09 15:01:44.596,15750,15752,15748,4,-4
2023-03-09 15:01:44.606,15750,15752,15748,2,-2
2023-03-09 15:01:44.613,15750,15752,15748,4,-4
2023-03-09 15:01:44.653,15747,15749,15747,2,-2
2023-03-09 15:01:44.659,15747,15749,15747,2,-2
2023-03-09 15:01:44.667,15747,15749,15748,1,-1
2023-03-09 15:01:44.670,15747,15749,15747,1,-1
2023-03-09 15:01:44.671,15747,15749,15747,2,-2
2023-03-09 15:01:44.671,15747,15749,15747,2,-2
2023-03-09 15:01:44.680,15747,15749,15747,1,-1
2023-03-09 15:01:44.681,15747,15749,15747,1,-1
2023-03-09 15:01:44.713,15747,15749,15748,11,-11
2023-03-09 15:01:44.714,15747,15749,15749,2,2
2023-03-09 15:01:44.714,15747,15749,15749,1,1
2023-03-09 15:01:44.714,15747,15749,15749,1,1
2023-03-09 15:01:44.714,15747,15749,15749,1,1
2023-03-09 15:01:44.717,15747,15749,15748,4,4
2023-03-09 15:01:44.725,15747,15749,15748,1,1
2023-03-09 15:01:44.729,15747,15749,15748,1,1
2023-03-09 15:01:44.733,15747,15749,15748,1,1
2023-03-09 15:01:44.775,15748,15750,15747,1,-1
2023-03-09 15:01:44.785,15748,15750,15747,3,-3
2023-03-09 15:01:44.796,15748,15750,15746,4,-4
2023-03-09 15:01:44.798,15748,15750,15748,1,-1
2023-03-09 15:01:44.798,15748,15750,15748,1,-1
2023-03-09 15:01:44.798,15748,15750,15749,1,-1
2023-03-09 15:01:44.799,15748,15750,15747,1,-1
2023-03-09 15:01:44.815,15748,15750,15747,2,-2
2023-03-09 15:01:44.815,15748,15750,15746,10,-10
2023-03-09 15:01:44.835,15748,15750,15745,4,-4
2023-03-09 15:01:44.837,15748,15750,15745,4,-4
2023-03-09 15:01:44.838,15748,15750,15745,1,-1
2023-03-09 15:01:44.839,15748,15750,15745,1,-1
2023-03-09 15:01:44.852,15748,15750,15745,6,-6
2023-03-09 15:01:44.857,15748,15750,15744,4,-4
2023-03-09 15:01:44.860,15748,15750,15743,4,-4
2023-03-09 15:01:44.865,15748,15750,15743,1,-1
2023-03-09 15:01:44.865,15748,15750,15743,1,-1
2023-03-09 15:01:44.881,15743,15745,15743,1,-1
2023-03-09 15:01:44.885,15743,15745,15744,1,-1
2023-03-09 15:01:44.896,15743,15745,15744,1,-1
2023-03-09 15:01:44.896,15743,15745,15743,2,-2
2023-03-09 15:01:44.904,15743,15745,15742,2,-2
2023-03-09 15:01:44.907,15743,15745,15742,3,-3
2023-03-09 15:01:44.913,15743,15745,15742,1,-1
2023-03-09 15:01:44.914,15743,15745,15744,1,-1
2023-03-09 15:01:44.914,15743,15745,15743,2,-2
2023-03-09 15:01:44.914,15743,15745,15742,6,-6
2023-03-09 15:01:44.914,15743,15745,15741,4,-4
2023-03-09 15:01:44.916,15743,15745,15741,2,-2
2023-03-09 15:01:44.920,15743,15745,15741,2,-2
2023-03-09 15:01:44.921,15743,15745,15743,1,-1
2023-03-09 15:01:44.921,15743,15745,15742,1,-1
2023-03-09 15:01:44.921,15743,15745,15743,1,-1
2023-03-09 15:01:44.926,15743,15745,15742,1,-1
2023-03-09 15:01:44.930,15743,15745,15742,1,-1
2023-03-09 15:01:44.934,15743,15745,15741,1,-1
2023-03-09 15:01:44.953,15743,15745,15743,1,-1
2023-03-09 15:01:44.953,15743,15745,15744,1,-1
2023-03-09 15:01:44.981,15743,15745,15744,2,-2
2023-03-09 15:01:44.984,15743,15745,15743,1,-1
2023-03-09 15:01:45.010,15743,15745,15743,2,-2
2023-03-09 15:01:45.031,15743,15745,15745,2,2
2023-03-09 15:01:45.032,15743,15745,15744,1,1
2023-03-09 15:01:45.054,15743,15745,15743,4,-4
2023-03-09 15:01:45.058,15743,15745,15743,2,-2
2023-03-09 15:01:45.058,15743,15745,15742,2,-2
2023-03-09 15:01:45.059,15743,15745,15745,3,3
2023-03-09 15:01:45.068,15743,15745,15743,1,-1
2023-03-09 15:01:45.068,15743,15745,15742,3,-3
2023-03-09 15:01:45.076,15743,15745,15742,2,-2
2023-03-09 15:01:45.112,15743,15745,15742,1,-1
2023-03-09 15:01:45.129,15743,15745,15743,1,-1
2023-03-09 15:01:45.154,15743,15745,15743,1,-1
2023-03-09 15:01:45.154,15743,15745,15742,1,-1
2023-03-09 15:01:45.161,15743,15745,15742,1,-1
2023-03-09 15:01:45.163,15743,15745,15742,1,-1
2023-03-09 15:01:45.167,15743,15745,15745,5,5
2023-03-09 15:01:45.167,15743,15745,15746,2,2
2023-03-09 15:01:45.194,15743,15745,15746,1,1
2023-03-09 15:01:45.202,15743,15745,15742,1,-1
2023-03-09 15:01:45.202,15743,15745,15741,2,-2
2023-03-09 15:01:45.207,15743,15745,15741,2,-2
2023-03-09 15:01:45.208,15743,15745,15742,1,-1
2023-03-09 15:01:45.217,15743,15745,15741,1,-1
2023-03-09 15:01:45.261,15741,15746,15746,2,2
2023-03-09 15:01:45.261,15741,15746,15747,1,1
2023-03-09 15:01:45.287,15741,15746,15742,2,-2
2023-03-09 15:01:45.290,15741,15746,15741,1,-1
2023-03-09 15:01:45.291,15741,15746,15741,1,-1
2023-03-09 15:01:45.338,15741,15746,15745,3,3
2023-03-09 15:01:45.359,15741,15746,15745,1,1
2023-03-09 15:01:45.360,15741,15746,15745,1,1
2023-03-09 15:01:45.362,15741,15746,15741,2,-2
2023-03-09 15:01:45.376,15745,15746,15746,1,1
2023-03-09 15:01:45.382,15745,15746,15745,1,-1
2023-03-09 15:01:45.395,15745,15746,15746,1,1
2023-03-09 15:01:45.398,15745,15746,15745,1,-1
2023-03-09 15:01:45.404,15745,15746,15746,2,2
2023-03-09 15:01:45.441,15745,15746,15745,2,-2
2023-03-09 15:01:45.506,15745,15746,15745,1,-1
2023-03-09 15:01:45.510,15745,15746,15743,1,-1
2023-03-09 15:01:45.510,15745,15746,15743,1,-1
2023-03-09 15:01:45.522,15745,15746,15743,1,-1
2023-03-09 15:01:45.548,15745,15746,15743,1,-1
2023-03-09 15:01:45.837,15743,15746,15745,1,1
2023-03-09 15:01:45.837,15743,15746,15745,5,5
2023-03-09 15:01:45.883,15744,15746,15746,1,1
2023-03-09 15:01:45.884,15744,15746,15746,1,1
2023-03-09 15:01:45.884,15744,15746,15746,2,2
2023-03-09 15:01:45.954,15744,15746,15745,3,3
2023-03-09 15:01:46.233,15744,15746,15744,1,-1
2023-03-09 15:01:46.575,15743,15746,15743,2,-2
2023-03-09 15:01:46.605,15743,15746,15744,1,-1
2023-03-09 15:01:47.489,15745,15746,15746,1,1
2023-03-09 15:01:47.489,15745,15746,15746,1,1
2023-03-09 15:01:47.489,15745,15746,15746,2,2
2023-03-09 15:01:47.489,15745,15746,15746,3,3
2023-03-09 15:01:48.004,15745,15746,15745,1,-1
2023-03-09 15:01:48.028,15745,15746,15746,1,1
2023-03-09 15:01:48.035,15745,15746,15744,1,-1
2023-03-09 15:01:48.099,15745,15746,15744,1,-1
2023-03-09 15:01:48.410,15744,15746,15746,1,1
2023-03-09 15:01:48.512,15745,15747,15747,1,1
2023-03-09 15:01:49.623,15745,15747,15746,1,1
2023-03-09 15:01:50.428,15746,15747,15747,1,1
2023-03-09 15:01:51.657,15747,15748,15747,1,-1
2023-03-09 15:01:51.676,15747,15748,15747,1,-1
2023-03-09 15:01:51.678,15747,15748,15748,1,1
2023-03-09 15:01:51.813,15747,15749,15749,1,1
2023-03-09 15:01:52.617,15748,15750,15748,2,-2
2023-03-09 15:01:53.070,15748,15749,15749,1,1
2023-03-09 15:01:55.139,15748,15749,15749,1,1
2023-03-09 15:01:55.471,15748,15750,15750,1,1
2023-03-09 15:01:56.547,15749,15750,15750,1,1
2023-03-09 15:01:56.938,15749,15750,15750,1,1
2023-03-09 15:01:57.401,15749,15750,15749,1,-1
2023-03-09 15:01:58.452,15749,15750,15749,1,-1
2023-03-09 15:01:59.035,15748,15750,15750,2,2
2023-03-09 15:01:59.975,15749,15750,15749,1,-1
2023-03-09 15:01:59.980,15749,15750,15748,1,-1
2023-03-09 15:02:00.133,15748,15749,15748,1,-1
2023-03-09 15:02:00.518,15748,15749,15748,1,-1
2023-03-09 15:02:00.564,15748,15749,15748,1,-1
2023-03-09 15:02:01.723,15748,15749,15748,1,-1
2023-03-09 15:02:02.226,15748,15749,15748,2,-2
2023-03-09 15:02:02.395,15748,15749,15748,2,-2
2023-03-09 15:02:02.418,15748,15749,15747,1,-1
2023-03-09 15:02:03.598,15747,15748,15747,1,-1
2023-03-09 15:02:05.229,15746,15747,15746,2,-2
2023-03-09 15:02:05.587,15746,15747,15746,1,-1
2023-03-09 15:02:05.629,15746,15747,15747,1,1
2023-03-09 15:02:05.746,15746,15747,15747,1,1
2023-03-09 15:02:06.014,15746,15747,15746,1,-1
2023-03-09 15:02:06.800,15746,15747,15746,1,-1
2023-03-09 15:02:07.508,15746,15747,15747,1,1
2023-03-09 15:02:08.021,15746,15747,15746,3,-3
2023-03-09 15:02:08.021,15746,15747,15746,1,-1
2023-03-09 15:02:08.413,15745,15746,15745,1,-1
2023-03-09 15:02:08.849,15745,15746,15746,1,1
2023-03-09 15:02:08.925,15745,15747,15746,1,1
2023-03-09 15:02:09.575,15745,15746,15746,1,1
2023-03-09 15:02:09.936,15745,15746,15746,3,3
2023-03-09 15:02:10.297,15745,15746,15745,3,-3
2023-03-09 15:02:11.569,15745,15746,15745,2,-2
2023-03-09 15:02:11.886,15745,15746,15746,1,1
2023-03-09 15:02:15.124,15745,15747,15745,1,-1
2023-03-09 15:02:15.357,15745,15747,15745,1,-1
2023-03-09 15:02:15.581,15745,15747,15745,1,-1
2023-03-09 15:02:17.315,15745,15746,15746,1,1
2023-03-09 15:02:20.225,15745,15746,15745,4,-4
2023-03-09 15:02:22.346,15745,15746,15745,1,-1
2023-03-09 15:02:23.872,15745,15746,15745,2,-2
2023-03-09 15:02:23.878,15745,15746,15745,1,-1
2023-03-09 15:02:24.503,15744,15745,15745,1,1
2023-03-09 15:02:24.992,15744,15745,15744,2,-2
2023-03-09 15:02:26.066,15744,15745,15744,1,-1
2023-03-09 15:02:26.964,15744,15745,15745,3,3
2023-03-09 15:02:30.396,15744,15745,15745,1,1
2023-03-09 15:02:32.003,15744,15745,15745,2,2
2023-03-09 15:02:32.047,15744,15745,15744,1,-1
2023-03-09 15:02:33.707,15745,15746,15746,1,1
2023-03-09 15:02:33.750,15745,15746,15746,3,3
2023-03-09 15:02:34.041,15745,15746,15745,1,-1
2023-03-09 15:02:34.347,15745,15746,15745,1,-1
2023-03-09 15:02:34.918,15745,15746,15746,1,1
2023-03-09 15:02:35.488,15745,15746,15745,1,-1
2023-03-09 15:02:37.731,15745,15746,15745,1,-1
2023-03-09 15:02:37.755,15745,15746,15745,1,-1
2023-03-09 15:02:38.758,15745,15746,15746,2,2
2023-03-09 15:02:38.832,15745,15746,15746,1,1
2023-03-09 15:02:38.833,15745,15746,15746,1,1
2023-03-09 15:02:41.140,15745,15746,15745,5,-5
2023-03-09 15:02:42.954,15745,15746,15746,4,4
2023-03-09 15:02:42.955,15745,15746,15746,2,2
2023-03-09 15:02:46.082,15745,15746,15745,1,-1
2023-03-09 15:02:46.173,15745,15746,15745,5,-5
2023-03-09 15:02:46.448,15745,15746,15745,1,-1
2023-03-09 15:02:47.087,15745,15746,15746,1,1
2023-03-09 15:02:47.874,15745,15746,15746,1,1
2023-03-09 15:02:48.068,15745,15746,15745,1,-1
2023-03-09 15:02:48.160,15745,15746,15745,1,-1
2023-03-09 15:02:50.104,15745,15746,15746,1,1
2023-03-09 15:02:50.157,15745,15746,15745,4,-4
2023-03-09 15:02:50.896,15745,15746,15745,1,-1
2023-03-09 15:02:51.423,15744,15746,15746,1,1
2023-03-09 15:02:52.787,15745,15746,15745,1,-1
2023-03-09 15:02:52.788,15745,15746,15745,1,-1
2023-03-09 15:02:55.243,15745,15746,15745,2,-2
2023-03-09 15:02:58.202,15745,15746,15745,2,-2
2023-03-09 15:02:58.237,15745,15746,15745,15,-15
2023-03-09 15:02:59.128,15744,15745,15745,1,1
2023-03-09 15:02:59.368,15744,15745,15745,2,2
2023-03-09 15:03:00.060,15744,15745,15744,1,-1
2023-03-09 15:03:00.063,15744,15745,15744,1,-1
2023-03-09 15:03:00.076,15744,15745,15744,1,-1
2023-03-09 15:03:00.079,15744,15745,15744,1,-1
2023-03-09 15:03:00.084,15744,15745,15744,1,-1
2023-03-09 15:03:00.087,15744,15745,15744,2,-2
2023-03-09 15:03:00.089,15744,15745,15744,2,-2
2023-03-09 15:03:00.090,15744,15745,15744,1,-1
2023-03-09 15:03:00.091,15744,15745,15744,3,-3
2023-03-09 15:03:00.106,15744,15745,15744,1,-1
2023-03-09 15:03:00.129,15744,15745,15744,1,-1
2023-03-09 15:03:00.157,15744,15745,15743,1,-1
2023-03-09 15:03:00.175,15744,15745,15743,1,-1
2023-03-09 15:03:00.196,15744,15745,15743,2,-2
2023-03-09 15:03:00.291,15743,15745,15743,1,-1
2023-03-09 15:03:00.335,15743,15745,15745,1,1
2023-03-09 15:03:00.398,15743,15745,15745,4,4
2023-03-09 15:03:00.405,15743,15745,15745,1,1
2023-03-09 15:03:00.408,15743,15745,15745,1,1
2023-03-09 15:03:00.435,15743,15745,15745,1,1
2023-03-09 15:03:00.483,15743,15745,15745,1,1
2023-03-09 15:03:00.484,15743,15745,15745,1,1
2023-03-09 15:03:01.065,15744,15746,15745,1,1
2023-03-09 15:03:02.021,15744,15745,15745,1,1
2023-03-09 15:03:03.137,15744,15745,15744,1,-1
2023-03-09 15:03:04.839,15744,15745,15745,2,2
2023-03-09 15:03:06.111,15744,15745,15745,1,1
2023-03-09 15:03:06.792,15744,15746,15745,1,1
2023-03-09 15:03:07.427,15745,15746,15745,1,-1
2023-03-09 15:03:11.072,15745,15746,15746,13,13
2023-03-09 15:03:11.073,15745,15746,15746,5,5
2023-03-09 15:03:11.073,15745,15746,15746,3,3
2023-03-09 15:03:11.535,15745,15746,15745,1,-1
2023-03-09 15:03:11.588,15745,15746,15745,1,-1
2023-03-09 15:03:11.908,15745,15746,15746,2,2
2023-03-09 15:03:13.743,15745,15746,15746,2,2
2023-03-09 15:03:13.745,15745,15746,15746,1,1
2023-03-09 15:03:14.867,15746,15747,15747,1,1
2023-03-09 15:03:15.914,15746,15747,15747,2,2
2023-03-09 15:03:16.864,15746,15747,15746,1,-1
2023-03-09 15:03:19.767,15746,15747,15746,2,-2
2023-03-09 15:03:21.809,15746,15747,15746,5,-5
2023-03-09 15:03:22.294,15745,15746,15746,1,1
2023-03-09 15:03:22.295,15745,15746,15746,1,1
2023-03-09 15:03:22.460,15745,15746,15746,2,2
2023-03-09 15:03:24.046,15745,15746,15746,2,2
2023-03-09 15:03:25.829,15746,15747,15747,2,2
2023-03-09 15:03:26.483,15746,15747,15746,1,-1
2023-03-09 15:03:30.581,15746,15747,15747,1,1
2023-03-09 15:03:30.660,15746,15747,15747,1,1
2023-03-09 15:03:37.713,15746,15747,15746,5,-5
2023-03-09 15:03:38.353,15746,15747,15747,2,2
2023-03-09 15:03:40.138,15746,15747,15746,1,-1
2023-03-09 15:03:40.226,15746,15747,15746,1,-1
2023-03-09 15:03:41.429,15746,15747,15746,5,-5
2023-03-09 15:03:42.708,15745,15746,15745,1,-1
2023-03-09 15:03:44.061,15745,15746,15746,1,1
2023-03-09 15:03:44.738,15745,15746,15745,1,-1
2023-03-09 15:03:46.997,15745,15746,15745,1,-1
2023-03-09 15:03:47.390,15745,15746,15746,13,13
2023-03-09 15:03:47.545,15746,15747,15746,1,-1
2023-03-09 15:03:50.236,15746,15747,15746,15,-15
2023-03-09 15:03:50.236,15746,15747,15745,1,-1
2023-03-09 15:03:54.206,15746,15747,15746,1,-1
2023-03-09 15:03:55.042,15746,15747,15746,5,-5
2023-03-09 15:04:01.817,15746,15747,15747,5,5
2023-03-09 15:04:01.819,15746,15747,15747,1,1
2023-03-09 15:04:01.819,15746,15747,15747,1,1
2023-03-09 15:04:01.822,15746,15747,15747,1,1
2023-03-09 15:04:02.442,15747,15748,15747,3,-3
2023-03-09 15:04:03.158,15747,15748,15748,1,1
2023-03-09 15:04:03.171,15747,15748,15747,1,-1
2023-03-09 15:04:10.495,15747,15748,15747,1,-1
2023-03-09 15:04:11.542,15747,15748,15748,1,1
2023-03-09 15:04:13.091,15747,15748,15748,9,9
2023-03-09 15:04:13.091,15747,15748,15749,24,24
2023-03-09 15:04:13.091,15747,15748,15749,2,2
2023-03-09 15:04:13.093,15747,15748,15750,2,2
2023-03-09 15:04:13.093,15747,15748,15750,1,1
2023-03-09 15:04:13.269,15749,15750,15750,3,3
2023-03-09 15:04:13.270,15749,15750,15750,2,2
2023-03-09 15:04:13.414,15750,15751,15750,2,-2
2023-03-09 15:04:13.435,15750,15751,15750,2,-2
2023-03-09 15:04:13.658,15749,15751,15749,38,-38
2023-03-09 15:04:13.658,15749,15751,15748,19,-19
2023-03-09 15:04:13.658,15749,15751,15747,27,-27
2023-03-09 15:04:13.658,15749,15751,15746,16,-16
2023-03-09 15:04:19.279,15746,15747,15747,1,1
2023-03-09 15:04:21.434,15746,15747,15747,4,4
2023-03-09 15:04:21.435,15746,15747,15748,5,5
2023-03-09 15:04:21.435,15746,15747,15748,5,5
2023-03-09 15:04:24.987,15747,15749,15749,3,3
2023-03-09 15:04:25.183,15747,15748,15748,1,1
2023-03-09 15:04:43.749,15748,15749,15749,3,3
2023-03-09 15:04:44.601,15748,15749,15749,2,2
2023-03-09 15:04:46.638,15748,15749,15749,1,1
2023-03-09 15:04:47.777,15748,15749,15749,2,2
2023-03-09 15:04:47.871,15748,15749,15749,1,1
2023-03-09 15:04:47.931,15748,15749,15749,2,2
2023-03-09 15:04:49.324,15749,15750,15749,1,-1
2023-03-09 15:04:51.757,15749,15750,15750,1,1
2023-03-09 15:04:51.931,15749,15750,15750,2,2
2023-03-09 15:04:51.970,15749,15750,15751,2,2
2023-03-09 15:04:52.145,15749,15751,15751,2,2
2023-03-09 15:04:52.277,15749,15751,15749,2,-2
2023-03-09 15:04:53.056,15749,15750,15750,1,1
2023-03-09 15:04:53.476,15750,15751,15751,2,2
2023-03-09 15:04:55.340,15750,15751,15751,5,5
2023-03-09 15:04:59.630,15750,15751,15750,1,-1
2023-03-09 15:04:59.870,15750,15751,15750,2,-2
2023-03-09 15:05:00.772,15750,15751,15751,1,1
2023-03-09 15:05:01.114,15750,15751,15751,1,1
2023-03-09 15:05:04.404,15750,15751,15751,3,3
2023-03-09 15:05:04.812,15750,15751,15751,1,1
2023-03-09 15:05:05.056,15750,15751,15751,2,2
2023-03-09 15:05:05.461,15750,15751,15751,1,1
2023-03-09 15:05:05.461,15750,15751,15752,1,1
2023-03-09 15:05:06.235,15751,15752,15751,4,-4
2023-03-09 15:05:06.235,15751,15752,15750,20,-20
2023-03-09 15:05:07.433,15749,15750,15750,1,1
2023-03-09 15:05:07.639,15749,15750,15750,1,1
2023-03-09 15:05:07.800,15749,15750,15749,3,-3
2023-03-09 15:05:07.898,15748,15750,15750,1,1
2023-03-09 15:05:08.037,15748,15750,15748,1,-1
2023-03-09 15:05:09.673,15748,15749,15748,1,-1
2023-03-09 15:05:11.988,15748,15749,15749,1,1
2023-03-09 15:05:12.303,15749,15750,15750,4,4
2023-03-09 15:05:25.343,15749,15750,15750,1,1
2023-03-09 15:05:26.407,15749,15750,15749,1,-1
2023-03-09 15:05:28.104,15749,15750,15749,2,-2
2023-03-09 15:05:28.104,15749,15750,15748,1,-1
2023-03-09 15:05:36.278,15748,15749,15749,1,1
2023-03-09 15:05:37.430,15748,15749,15748,4,-4
2023-03-09 15:05:37.431,15748,15749,15748,1,-1
2023-03-09 15:05:37.431,15748,15749,15748,2,-2
2023-03-09 15:05:37.431,15748,15749,15748,2,-2
2023-03-09 15:05:38.659,15747,15748,15747,1,-1
2023-03-09 15:05:38.659,15747,15748,15747,1,-1
2023-03-09 15:05:38.659,15747,15748,15747,2,-2
2023-03-09 15:05:38.659,15747,15748,15747,1,-1
2023-03-09 15:05:38.680,15747,15748,15747,2,-2
2023-03-09 15:05:39.205,15746,15748,15746,2,-2
2023-03-09 15:05:39.642,15746,15748,15748,1,1
2023-03-09 15:05:39.708,15746,15748,15746,1,-1
2023-03-09 15:05:40.068,15746,15748,15746,3,-3
2023-03-09 15:05:41.158,15746,15748,15746,2,-2
2023-03-09 15:05:41.859,15746,15747,15746,2,-2
2023-03-09 15:05:44.628,15745,15747,15745,4,-4
2023-03-09 15:05:46.339,15746,15747,15746,1,-1
2023-03-09 15:05:46.588,15745,15747,15745,1,-1
2023-03-09 15:05:51.544,15745,15746,15745,3,-3
2023-03-09 15:05:51.847,15745,15746,15745,1,-1
2023-03-09 15:05:51.862,15745,15746,15745,6,-6
2023-03-09 15:05:55.716,15744,15745,15745,1,1
2023-03-09 15:06:00.379,15744,15745,15744,1,-1
2023-03-09 15:06:00.659,15744,15745,15744,1,-1
2023-03-09 15:06:01.550,15744,15745,15744,9,-9
2023-03-09 15:06:05.163,15743,15745,15744,2,-2
2023-03-09 15:06:05.164,15743,15745,15744,1,-1
2023-03-09 15:06:06.423,15743,15744,15743,1,-1
2023-03-09 15:06:06.423,15743,15744,15743,6,-6
2023-03-09 15:06:06.423,15743,15744,15743,12,-12
2023-03-09 15:06:06.423,15743,15744,15743,1,-1
2023-03-09 15:06:06.423,15743,15744,15743,2,-2
2023-03-09 15:06:06.423,15743,15744,15743,1,-1
2023-03-09 15:06:06.424,15743,15744,15743,16,-16
2023-03-09 15:06:06.717,15742,15743,15742,1,-1
2023-03-09 15:06:06.718,15742,15743,15742,13,-13
2023-03-09 15:06:08.115,15741,15743,15743,1,1
2023-03-09 15:06:08.245,15741,15743,15741,3,-3
2023-03-09 15:06:09.056,15742,15744,15742,2,-2
2023-03-09 15:06:09.181,15742,15744,15742,1,-1
2023-03-09 15:06:09.197,15742,15744,15742,1,-1
2023-03-09 15:06:09.641,15742,15744,15742,3,-3
2023-03-09 15:06:11.978,15742,15744,15742,1,-1
2023-03-09 15:06:16.109,15742,15743,15742,1,-1
2023-03-09 15:06:19.300,15742,15744,15742,5,-5
2023-03-09 15:06:20.629,15742,15744,15744,1,1
2023-03-09 15:06:21.018,15743,15745,15743,1,-1
2023-03-09 15:06:21.421,15743,15745,15743,5,-5
2023-03-09 15:06:21.736,15742,15744,15743,1,-1
2023-03-09 15:06:26.049,15743,15744,15743,3,-3
2023-03-09 15:06:26.049,15743,15744,15742,22,-22
2023-03-09 15:06:26.049,15743,15744,15741,57,-57
2023-03-09 15:06:26.050,15743,15744,15741,2,-2
2023-03-09 15:06:26.050,15743,15744,15741,2,-2
2023-03-09 15:06:26.050,15743,15744,15740,1,-1
2023-03-09 15:06:26.050,15743,15744,15740,1,-1
2023-03-09 15:06:26.050,15743,15744,15740,1,-1
2023-03-09 15:06:26.051,15743,15744,15741,14,-14
2023-03-09 15:06:26.051,15743,15744,15741,2,-2
2023-03-09 15:06:26.051,15743,15744,15741,2,-2
2023-03-09 15:06:26.182,15740,15741,15740,2,-2
2023-03-09 15:06:26.208,15740,15741,15740,7,-7
2023-03-09 15:06:26.209,15740,15741,15740,1,-1
2023-03-09 15:06:26.265,15739,15740,15739,1,-1
2023-03-09 15:06:26.416,15739,15740,15739,1,-1
2023-03-09 15:06:26.524,15739,15741,15739,1,-1
2023-03-09 15:06:26.696,15740,15741,15740,3,-3
2023-03-09 15:06:28.046,15740,15741,15741,1,1
2023-03-09 15:06:29.621,15741,15742,15741,2,-2
2023-03-09 15:06:29.881,15740,15742,15740,1,-1
2023-03-09 15:06:30.257,15740,15742,15742,1,1
2023-03-09 15:06:30.490,15740,15742,15740,1,-1
2023-03-09 15:06:34.127,15740,15741,15740,3,-3
2023-03-09 15:06:34.873,15739,15740,15740,1,1
2023-03-09 15:06:34.873,15739,15740,15741,14,14
2023-03-09 15:06:34.873,15739,15740,15742,5,5
2023-03-09 15:06:34.921,15739,15740,15740,8,8
2023-03-09 15:06:36.340,15739,15740,15740,1,1
2023-03-09 15:06:36.584,15739,15741,15739,1,-1
2023-03-09 15:06:37.352,15739,15741,15739,1,-1
2023-03-09 15:06:38.678,15739,15740,15740,1,1
2023-03-09 15:06:45.239,15739,15740,15740,5,5
2023-03-09 15:06:46.559,15740,15742,15740,1,-1
2023-03-09 15:06:50.440,15740,15742,15740,1,-1
2023-03-09 15:06:50.712,15740,15742,15740,15,-15
2023-03-09 15:06:50.713,15740,15742,15740,1,-1
2023-03-09 15:06:50.713,15740,15742,15740,4,-4
2023-03-09 15:06:51.575,15740,15742,15740,1,-1
2023-03-09 15:06:58.617,15740,15741,15741,1,1
2023-03-09 15:06:58.912,15740,15742,15742,1,1
2023-03-09 15:07:06.969,15741,15742,15742,1,1
2023-03-09 15:07:07.253,15741,15742,15742,1,1
2023-03-09 15:07:07.264,15741,15742,15742,1,1
2023-03-09 15:07:07.266,15741,15742,15742,1,1
2023-03-09 15:07:07.303,15741,15742,15741,1,-1
2023-03-09 15:07:07.355,15741,15742,15743,1,1
2023-03-09 15:07:07.427,15741,15743,15741,1,-1
2023-03-09 15:07:07.452,15741,15743,15741,1,-1
2023-03-09 15:07:07.540,15741,15743,15741,1,-1
2023-03-09 15:07:07.564,15741,15743,15741,1,-1
2023-03-09 15:07:07.576,15741,15743,15743,1,1
2023-03-09 15:07:07.586,15741,15743,15741,1,-1
2023-03-09 15:07:07.617,15741,15743,15741,1,-1
2023-03-09 15:07:07.629,15741,15743,15741,1,-1
2023-03-09 15:07:07.654,15741,15743,15741,1,-1
2023-03-09 15:07:07.680,15741,15743,15741,1,-1
2023-03-09 15:07:11.631,15742,15743,15743,2,2
2023-03-09 15:07:11.826,15743,15744,15744,1,1
2023-03-09 15:07:17.264,15742,15744,15744,1,1
2023-03-09 15:07:18.372,15743,15744,15744,2,2
2023-03-09 15:07:20.066,15743,15744,15744,1,1
2023-03-09 15:07:20.151,15743,15744,15744,1,1
2023-03-09 15:07:28.348,15744,15745,15745,1,1
2023-03-09 15:07:29.216,15744,15745,15744,1,-1
2023-03-09 15:07:38.797,15744,15745,15744,4,-4
2023-03-09 15:07:38.797,15744,15745,15744,1,-1
2023-03-09 15:07:38.797,15744,15745,15744,1,-1
2023-03-09 15:07:38.797,15744,15745,15744,1,-1
2023-03-09 15:07:40.581,15743,15744,15743,4,-4
2023-03-09 15:07:40.766,15743,15744,15743,4,-4
2023-03-09 15:07:40.768,15743,15744,15743,3,-3
2023-03-09 15:07:49.590,15742,15743,15743,1,1
2023-03-09 15:07:53.175,15743,15745,15743,1,-1
2023-03-09 15:07:53.641,15743,15745,15743,1,-1
2023-03-09 15:08:03.041,15744,15745,15744,1,-1
2023-03-09 15:08:06.581,15744,15745,15744,1,-1
2023-03-09 15:08:06.811,15744,15745,15745,1,1
2023-03-09 15:08:07.671,15744,15745,15744,1,-1
2023-03-09 15:08:20.230,15744,15745,15745,3,3
2023-03-09 15:08:21.449,15744,15745,15745,3,3
2023-03-09 15:08:27.486,15744,15745,15745,1,1
2023-03-09 15:08:29.466,15744,15745,15745,1,1
2023-03-09 15:08:29.766,15744,15745,15745,2,2
2023-03-09 15:08:30.284,15744,15745,15744,15,-15
2023-03-09 15:08:30.284,15744,15745,15743,52,-52
2023-03-09 15:08:30.284,15744,15745,15742,33,-33
2023-03-09 15:08:30.286,15744,15745,15742,1,-1
2023-03-09 15:08:30.287,15744,15745,15742,5,-5
2023-03-09 15:08:30.301,15744,15745,15741,1,-1
2023-03-09 15:08:30.305,15744,15745,15741,1,-1
2023-03-09 15:08:30.315,15744,15745,15741,2,-2
2023-03-09 15:08:30.315,15744,15745,15741,1,-1
2023-03-09 15:08:30.374,15740,15741,15741,1,1
2023-03-09 15:08:30.801,15741,15742,15742,5,5
2023-03-09 15:08:31.235,15741,15742,15742,1,1
2023-03-09 15:08:31.876,15741,15742,15741,1,-1
2023-03-09 15:08:31.878,15741,15742,15741,1,-1
2023-03-09 15:08:32.537,15740,15741,15741,1,1
2023-03-09 15:08:37.001,15740,15741,15740,1,-1
2023-03-09 15:08:41.919,15740,15741,15741,1,1
2023-03-09 15:08:42.211,15740,15741,15741,1,1
2023-03-09 15:08:42.687,15740,15741,15740,3,-3
2023-03-09 15:08:45.736,15740,15741,15741,1,1
2023-03-09 15:08:45.737,15740,15741,15741,2,2
2023-03-09 15:08:45.737,15740,15741,15741,2,2
2023-03-09 15:08:45.819,15741,15742,15741,1,-1
2023-03-09 15:08:45.963,15741,15743,15741,2,-2
2023-03-09 15:08:50.336,15741,15742,15741,1,-1
2023-03-09 15:08:50.336,15741,15742,15740,1,-1
2023-03-09 15:09:02.189,15740,15741,15740,1,-1
2023-03-09 15:09:02.190,15740,15741,15740,2,-2
2023-03-09 15:09:02.190,15740,15741,15740,2,-2
2023-03-09 15:09:02.190,15740,15741,15740,1,-1
2023-03-09 15:09:02.190,15740,15741,15740,2,-2
2023-03-09 15:09:02.190,15740,15741,15740,1,-1
2023-03-09 15:09:02.190,15740,15741,15740,5,-5
2023-03-09 15:09:02.190,15740,15741,15740,1,-1
2023-03-09 15:09:02.190,15740,15741,15740,3,-3
2023-03-09 15:09:02.190,15740,15741,15740,1,-1
2023-03-09 15:09:05.227,15739,15740,15740,1,1
2023-03-09 15:09:06.860,15739,15740,15740,2,2
2023-03-09 15:09:09.930,15739,15740,15740,2,2
2023-03-09 15:09:10.471,15739,15741,15739,1,-1
2023-03-09 15:09:10.578,15739,15741,15739,3,-3
2023-03-09 15:09:16.367,15739,15740,15739,1,-1
2023-03-09 15:09:20.434,15739,15740,15740,1,1
2023-03-09 15:09:22.515,15739,15740,15740,1,1
2023-03-09 15:09:31.786,15740,15741,15740,1,-1
2023-03-09 15:09:31.981,15740,15741,15740,1,-1
2023-03-09 15:09:36.733,15740,15741,15740,1,-1
2023-03-09 15:09:38.425,15740,15741,15740,2,-2
2023-03-09 15:09:39.181,15739,15740,15739,1,-1
2023-03-09 15:09:39.319,15739,15740,15739,1,-1
2023-03-09 15:09:39.330,15739,15740,15739,10,-10
2023-03-09 15:09:40.964,15738,15739,15739,1,1
2023-03-09 15:09:42.315,15738,15739,15739,1,1
2023-03-09 15:09:43.088,15738,15739,15738,5,-5
2023-03-09 15:09:43.154,15738,15739,15738,9,-9
2023-03-09 15:09:43.154,15738,15739,15737,3,-3
2023-03-09 15:09:43.174,15738,15739,15737,3,-3
2023-03-09 15:09:43.517,15737,15738,15738,1,1
2023-03-09 15:09:44.067,15737,15738,15737,1,-1
2023-03-09 15:09:44.398,15737,15738,15737,6,-6
2023-03-09 15:09:44.439,15737,15738,15737,2,-2
2023-03-09 15:09:44.621,15737,15738,15737,1,-1
2023-03-09 15:09:44.910,15737,15738,15737,1,-1
2023-03-09 15:09:45.438,15737,15738,15737,2,-2
2023-03-09 15:09:45.609,15736,15738,15738,1,1
2023-03-09 15:09:46.980,15737,15738,15737,2,-2
2023-03-09 15:09:47.840,15737,15738,15737,3,-3
2023-03-09 15:09:49.752,15737,15738,15737,1,-1
2023-03-09 15:09:50.626,15737,15738,15737,1,-1
2023-03-09 15:09:52.817,15737,15738,15737,1,-1
2023-03-09 15:09:53.758,15737,15738,15737,1,-1
2023-03-09 15:09:53.761,15737,15738,15737,1,-1
2023-03-09 15:09:55.535,15737,15738,15737,1,-1
2023-03-09 15:09:55.535,15737,15738,15737,3,-3
2023-03-09 15:09:57.668,15736,15737,15736,1,-1
2023-03-09 15:09:57.790,15736,15737,15736,2,-2
2023-03-09 15:09:57.909,15736,15737,15737,1,1
2023-03-09 15:09:57.910,15736,15737,15736,1,-1
2023-03-09 15:09:59.436,15736,15737,15736,3,-3
2023-03-09 15:10:00.623,15736,15737,15736,1,-1
2023-03-09 15:10:00.753,15736,15737,15736,1,-1
2023-03-09 15:10:01.062,15736,15737,15736,12,-12
2023-03-09 15:10:01.398,15735,15736,15735,1,-1
2023-03-09 15:10:01.967,15735,15736,15735,1,-1
2023-03-09 15:10:02.010,15735,15736,15735,1,-1
2023-03-09 15:10:03.231,15735,15736,15735,8,-8
2023-03-09 15:10:05.459,15735,15736,15735,2,-2
2023-03-09 15:10:05.459,15735,15736,15735,3,-3
2023-03-09 15:10:05.459,15735,15736,15735,1,-1
2023-03-09 15:10:05.459,15735,15736,15735,2,-2
2023-03-09 15:10:05.459,15735,15736,15735,1,-1
2023-03-09 15:10:08.253,15734,15735,15735,1,1
2023-03-09 15:10:08.277,15734,15735,15735,1,1
2023-03-09 15:10:08.436,15734,15735,15734,2,-2
2023-03-09 15:10:08.525,15734,15735,15735,1,1
2023-03-09 15:10:08.767,15734,15735,15734,1,-1
2023-03-09 15:10:08.773,15734,15735,15734,1,-1
2023-03-09 15:10:08.845,15734,15735,15733,1,-1
2023-03-09 15:10:08.847,15734,15735,15733,1,-1
2023-03-09 15:10:08.856,15734,15735,15733,1,-1
2023-03-09 15:10:08.976,15733,15734,15733,1,-1
2023-03-09 15:10:09.027,15733,15734,15734,2,2
2023-03-09 15:10:09.118,15733,15734,15734,1,1
2023-03-09 15:10:09.451,15733,15735,15733,2,-2
2023-03-09 15:10:09.721,15733,15735,15733,1,-1
2023-03-09 15:10:10.051,15734,15735,15735,7,7
2023-03-09 15:10:11.325,15735,15736,15735,1,-1
2023-03-09 15:10:12.239,15734,15735,15734,5,-5
2023-03-09 15:10:16.665,15734,15735,15735,2,2
2023-03-09 15:10:18.636,15734,15735,15735,2,2
2023-03-09 15:10:19.108,15734,15736,15734,1,-1
2023-03-09 15:10:20.676,15734,15736,15736,2,2
2023-03-09 15:10:22.115,15735,15736,15736,6,6
2023-03-09 15:10:22.203,15736,15737,15736,1,-1
2023-03-09 15:10:23.696,15735,15737,15737,3,3
2023-03-09 15:10:25.439,15735,15737,15736,2,2
2023-03-09 15:10:25.478,15735,15737,15737,1,1
2023-03-09 15:10:25.478,15735,15737,15737,1,1
2023-03-09 15:10:26.362,15737,15738,15738,2,2
2023-03-09 15:10:26.430,15737,15738,15738,1,1
2023-03-09 15:10:27.916,15737,15738,15738,4,4
2023-03-09 15:10:28.292,15738,15739,15738,1,-1
2023-03-09 15:10:31.600,15738,15739,15738,1,-1
2023-03-09 15:10:37.771,15737,15738,15738,1,1
2023-03-09 15:10:39.941,15737,15738,15738,3,3
2023-03-09 15:10:41.090,15737,15738,15738,4,4
2023-03-09 15:10:41.109,15737,15738,15738,2,2
2023-03-09 15:10:41.109,15737,15738,15739,1,1
2023-03-09 15:10:44.503,15738,15739,15739,1,1
2023-03-09 15:10:48.090,15738,15739,15739,1,1
2023-03-09 15:10:48.090,15738,15739,15739,3,3
2023-03-09 15:10:53.390,15739,15740,15740,1,1
2023-03-09 15:10:54.312,15739,15740,15740,1,1
2023-03-09 15:10:57.015,15739,15740,15740,2,2
2023-03-09 15:10:58.201,15739,15740,15740,1,1
2023-03-09 15:10:58.203,15739,15740,15740,5,5
2023-03-09 15:10:58.203,15739,15740,15740,1,1
2023-03-09 15:10:58.203,15739,15740,15740,6,6
2023-03-09 15:10:59.545,15739,15741,15739,1,-1
2023-03-09 15:11:00.094,15739,15740,15739,1,-1
2023-03-09 15:11:00.188,15739,15740,15739,1,-1
2023-03-09 15:11:00.193,15739,15740,15739,1,-1
2023-03-09 15:11:02.734,15739,15741,15741,1,1
2023-03-09 15:11:09.025,15739,15740,15740,1,1
2023-03-09 15:11:10.674,15739,15741,15741,1,1
2023-03-09 15:11:11.219,15739,15741,15741,1,1
2023-03-09 15:11:13.926,15739,15741,15741,1,1
2023-03-09 15:11:13.971,15739,15741,15741,1,1
2023-03-09 15:11:14.081,15739,15741,15741,3,3
2023-03-09 15:11:15.463,15740,15741,15740,2,-2
2023-03-09 15:11:15.476,15740,15741,15741,1,1
2023-03-09 15:11:17.477,15740,15741,15741,1,1
2023-03-09 15:11:20.088,15740,15741,15741,1,1
2023-03-09 15:11:20.681,15740,15741,15741,1,1
2023-03-09 15:11:21.939,15740,15741,15741,1,1
2023-03-09 15:11:21.939,15740,15741,15741,3,3
2023-03-09 15:11:23.313,15741,15742,15742,1,1
2023-03-09 15:11:23.314,15741,15742,15742,2,2
2023-03-09 15:11:24.710,15741,15743,15743,1,1
2023-03-09 15:11:24.971,15741,15743,15743,2,2
2023-03-09 15:11:25.598,15741,15743,15743,1,1
2023-03-09 15:11:26.133,15741,15743,15743,1,1
2023-03-09 15:11:28.103,15741,15743,15743,1,1
2023-03-09 15:11:30.079,15742,15743,15743,4,4
2023-03-09 15:11:30.304,15742,15744,15742,2,-2
2023-03-09 15:11:33.462,15742,15743,15743,4,4
2023-03-09 15:11:33.462,15742,15743,15744,15,15
2023-03-09 15:11:36.297,15743,15744,15743,1,-1
2023-03-09 15:11:39.923,15743,15744,15744,1,1
2023-03-09 15:11:40.190,15743,15744,15744,1,1
2023-03-09 15:11:40.191,15743,15744,15744,3,3
2023-03-09 15:11:40.529,15744,15745,15744,1,-1
2023-03-09 15:11:42.412,15743,15744,15744,1,1
2023-03-09 15:11:45.196,15743,15744,15743,2,-2
2023-03-09 15:11:45.431,15742,15744,15744,7,7
2023-03-09 15:11:48.394,15744,15745,15744,1,-1
2023-03-09 15:11:50.645,15744,15745,15745,2,2
2023-03-09 15:11:51.359,15744,15745,15744,4,-4
2023-03-09 15:11:51.418,15743,15744,15743,1,-1
2023-03-09 15:11:51.462,15743,15744,15743,2,-2
2023-03-09 15:11:53.214,15743,15744,15743,1,-1
2023-03-09 15:11:57.670,15743,15744,15743,1,-1
2023-03-09 15:12:00.104,15743,15744,15743,1,-1
2023-03-09 15:12:00.858,15743,15744,15743,2,-2
2023-03-09 15:12:01.731,15742,15744,15743,3,-3
2023-03-09 15:12:02.131,15742,15743,15742,1,-1
2023-03-09 15:12:02.153,15742,15743,15742,1,-1
2023-03-09 15:12:02.153,15742,15743,15741,1,-1
2023-03-09 15:12:04.215,15741,15743,15742,1,-1
2023-03-09 15:12:13.163,15741,15742,15741,1,-1
2023-03-09 15:12:13.287,15740,15741,15741,1,1
2023-03-09 15:12:28.308,15741,15742,15741,4,-4
2023-03-09 15:12:28.937,15741,15742,15742,1,1
2023-03-09 15:12:30.940,15741,15742,15741,1,-1
2023-03-09 15:12:38.293,15741,15742,15742,1,1
2023-03-09 15:12:43.131,15741,15742,15742,1,1
2023-03-09 15:12:47.361,15741,15742,15742,1,1
2023-03-09 15:12:55.995,15741,15742,15741,16,-16
2023-03-09 15:13:05.303,15740,15741,15740,1,-1
2023-03-09 15:13:07.313,15740,15741,15740,1,-1
2023-03-09 15:13:08.052,15740,15741,15740,1,-1
2023-03-09 15:13:08.553,15740,15741,15740,1,-1
2023-03-09 15:13:09.769,15740,15741,15741,1,1
2023-03-09 15:13:09.827,15740,15741,15740,1,-1
2023-03-09 15:13:20.226,15740,15741,15740,2,-2
2023-03-09 15:13:20.667,15740,15741,15740,5,-5
2023-03-09 15:13:25.848,15739,15741,15740,1,-1
2023-03-09 15:13:28.657,15739,15740,15739,1,-1
2023-03-09 15:13:36.040,15739,15740,15740,1,1
2023-03-09 15:13:37.700,15739,15740,15740,1,1
2023-03-09 15:13:42.817,15739,15740,15740,1,1
2023-03-09 15:13:54.017,15739,15740,15740,1,1
2023-03-09 15:13:55.615,15739,15740,15739,14,-14
2023-03-09 15:13:55.615,15739,15740,15739,1,-1
2023-03-09 15:13:55.615,15739,15740,15739,2,-2
2023-03-09 15:13:55.615,15739,15740,15739,1,-1
2023-03-09 15:13:59.071,15738,15739,15738,2,-2
2023-03-09 15:14:00.220,15738,15739,15738,1,-1
2023-03-09 15:14:00.650,15738,15739,15739,2,2
2023-03-09 15:14:01.549,15738,15739,15738,3,-3
2023-03-09 15:14:04.268,15737,15738,15738,5,5
2023-03-09 15:14:04.458,15737,15738,15737,1,-1
2023-03-09 15:14:04.492,15737,15738,15738,2,2
2023-03-09 15:14:05.905,15737,15738,15737,1,-1
2023-03-09 15:14:07.929,15737,15738,15737,4,-4
2023-03-09 15:14:08.241,15737,15738,15737,3,-3
2023-03-09 15:14:14.877,15737,15738,15737,4,-4
2023-03-09 15:14:17.272,15737,15738,15737,2,-2
2023-03-09 15:14:18.722,15737,15738,15737,1,-1
2023-03-09 15:14:20.226,15736,15737,15736,1,-1
2023-03-09 15:14:20.227,15736,15737,15737,3,3
2023-03-09 15:14:24.135,15736,15738,15736,2,-2
2023-03-09 15:14:24.459,15736,15738,15736,2,-2
2023-03-09 15:14:28.460,15736,15737,15737,1,1
2023-03-09 15:14:31.450,15737,15738,15737,4,-4
2023-03-09 15:14:32.481,15737,15738,15737,2,-2
2023-03-09 15:14:35.385,15737,15738,15738,2,2
2023-03-09 15:14:35.904,15737,15738,15738,4,4
2023-03-09 15:14:38.315,15738,15740,15738,2,-2
2023-03-09 15:14:39.507,15738,15740,15738,1,-1
2023-03-09 15:14:40.592,15738,15740,15740,1,1
2023-03-09 15:14:40.926,15739,15740,15740,1,1
2023-03-09 15:14:53.503,15739,15740,15739,1,-1
2023-03-09 15:15:00.753,15739,15740,15739,1,-1
2023-03-09 15:15:02.376,15739,15740,15739,2,-2
2023-03-09 15:15:03.050,15738,15739,15738,1,-1
2023-03-09 15:15:05.670,15738,15739,15738,2,-2
2023-03-09 15:15:05.930,15738,15739,15738,2,-2
2023-03-09 15:15:05.930,15738,15739,15737,2,-2
2023-03-09 15:15:06.207,15737,15739,15737,1,-1
2023-03-09 15:15:06.690,15737,15739,15737,1,-1
2023-03-09 15:15:09.679,15737,15738,15738,1,1
2023-03-09 15:15:10.609,15737,15739,15737,2,-2
2023-03-09 15:15:10.911,15737,15739,15737,3,-3
2023-03-09 15:15:10.911,15737,15739,15736,1,-1
2023-03-09 15:15:18.583,15736,15738,15736,1,-1
2023-03-09 15:15:20.286,15737,15738,15737,1,-1
2023-03-09 15:15:20.483,15737,15738,15737,1,-1
2023-03-09 15:15:21.448,15737,15738,15737,1,-1
2023-03-09 15:15:21.448,15737,15738,15738,2,2
2023-03-09 15:15:22.300,15738,15739,15738,1,-1
2023-03-09 15:15:30.055,15737,15738,15738,1,1
2023-03-09 15:15:30.056,15737,15738,15738,1,1
2023-03-09 15:15:34.909,15738,15739,15738,1,-1
2023-03-09 15:15:41.443,15736,15738,15738,1,1
2023-03-09 15:15:42.181,15736,15738,15736,1,-1
2023-03-09 15:15:43.136,15736,15738,15736,2,-2
2023-03-09 15:15:45.712,15736,15737,15736,3,-3
2023-03-09 15:15:48.708,15736,15737,15737,1,1
2023-03-09 15:15:48.856,15736,15738,15736,1,-1
2023-03-09 15:15:49.109,15736,15738,15736,1,-1
2023-03-09 15:15:49.431,15736,15738,15736,1,-1
2023-03-09 15:15:52.043,15736,15738,15736,2,-2
2023-03-09 15:16:06.526,15736,15738,15736,2,-2
2023-03-09 15:16:09.417,15736,15737,15736,3,-3
2023-03-09 15:16:09.417,15736,15737,15736,2,-2
2023-03-09 15:16:09.417,15736,15737,15736,1,-1
2023-03-09 15:16:09.516,15735,15736,15735,1,-1
2023-03-09 15:16:12.103,15735,15736,15735,1,-1
2023-03-09 15:16:12.120,15735,15736,15735,16,-16
2023-03-09 15:16:12.139,15735,15736,15734,1,-1
2023-03-09 15:16:12.349,15734,15735,15735,1,1
2023-03-09 15:16:12.647,15735,15736,15735,1,-1
2023-03-09 15:16:16.409,15734,15736,15735,1,-1
2023-03-09 15:16:17.941,15734,15735,15734,1,-1
2023-03-09 15:16:18.182,15734,15735,15734,1,-1
2023-03-09 15:16:19.939,15734,15735,15735,1,1
2023-03-09 15:16:21.412,15734,15735,15735,1,1
2023-03-09 15:16:27.370,15734,15735,15734,1,-1
2023-03-09 15:16:28.508,15734,15735,15734,1,-1
2023-03-09 15:16:29.358,15734,15735,15735,2,2
2023-03-09 15:16:30.047,15734,15735,15734,1,-1
2023-03-09 15:16:30.469,15734,15735,15734,11,-11
2023-03-09 15:16:30.469,15734,15735,15733,32,-32
2023-03-09 15:16:30.469,15734,15735,15732,57,-57
2023-03-09 15:16:30.472,15734,15735,15732,1,-1
2023-03-09 15:16:30.478,15734,15735,15731,5,-5
2023-03-09 15:16:30.479,15734,15735,15731,1,-1
2023-03-09 15:16:30.479,15734,15735,15731,1,-1
2023-03-09 15:16:30.517,15730,15731,15730,5,-5
2023-03-09 15:16:30.580,15730,15731,15730,3,-3
2023-03-09 15:16:30.596,15730,15731,15732,1,1
2023-03-09 15:16:30.683,15730,15732,15730,3,-3
2023-03-09 15:16:30.787,15730,15732,15732,2,2
2023-03-09 15:16:30.803,15730,15732,15733,2,2
2023-03-09 15:16:30.807,15730,15732,15733,1,1
2023-03-09 15:16:31.080,15731,15733,15731,1,-1
2023-03-09 15:16:31.104,15731,15733,15733,1,1
2023-03-09 15:16:31.367,15732,15733,15732,1,-1
2023-03-09 15:16:31.368,15732,15733,15732,1,-1
2023-03-09 15:16:31.875,15732,15733,15732,2,-2
2023-03-09 15:16:32.120,15732,15733,15732,1,-1
2023-03-09 15:16:33.324,15732,15733,15732,1,-1
2023-03-09 15:16:36.461,15732,15733,15732,2,-2
2023-03-09 15:16:36.657,15732,15733,15732,1,-1
2023-03-09 15:16:37.352,15732,15733,15732,1,-1
2023-03-09 15:16:37.380,15732,15733,15733,1,1
2023-03-09 15:16:37.476,15732,15733,15733,2,2
2023-03-09 15:16:37.491,15732,15733,15733,8,8
2023-03-09 15:16:37.522,15733,15734,15733,1,-1
2023-03-09 15:16:37.932,15733,15734,15733,1,-1
2023-03-09 15:16:38.298,15733,15734,15733,4,-4
2023-03-09 15:16:38.298,15733,15734,15732,1,-1
2023-03-09 15:16:39.756,15732,15734,15734,1,1
2023-03-09 15:16:45.628,15732,15733,15733,2,2
2023-03-09 15:16:45.628,15732,15733,15733,1,1
2023-03-09 15:16:46.050,15733,15734,15734,4,4
2023-03-09 15:16:46.050,15733,15734,15735,1,1
2023-03-09 15:16:46.450,15733,15735,15733,1,-1
2023-03-09 15:16:46.468,15733,15735,15733,2,-2
2023-03-09 15:16:47.725,15733,15735,15733,1,-1
2023-03-09 15:16:52.331,15733,15735,15735,1,1
2023-03-09 15:16:55.983,15733,15735,15733,2,-2
2023-03-09 15:16:57.729,15733,15734,15734,1,1
2023-03-09 15:16:59.730,15733,15734,15734,2,2
2023-03-09 15:16:59.730,15733,15734,15735,1,1
2023-03-09 15:17:01.522,15734,15735,15735,1,1
2023-03-09 15:17:01.713,15734,15735,15734,6,-6
2023-03-09 15:17:01.713,15734,15735,15733,2,-2
2023-03-09 15:17:07.898,15733,15735,15735,2,2
2023-03-09 15:17:14.296,15733,15735,15735,2,2
2023-03-09 15:17:15.721,15733,15734,15733,4,-4
2023-03-09 15:17:16.116,15733,15734,15733,2,-2
2023-03-09 15:17:17.264,15733,15734,15734,1,1
2023-03-09 15:17:21.174,15733,15734,15734,1,1
2023-03-09 15:17:21.174,15733,15734,15734,1,1
2023-03-09 15:17:23.215,15733,15735,15735,2,2
2023-03-09 15:17:24.397,15733,15735,15733,2,-2
2023-03-09 15:17:25.794,15733,15735,15735,1,1
2023-03-09 15:17:26.537,15734,15735,15735,9,9
2023-03-09 15:17:27.125,15735,15736,15736,6,6
2023-03-09 15:17:30.480,15735,15737,15737,3,3
2023-03-09 15:17:30.550,15736,15737,15736,1,-1
2023-03-09 15:17:30.700,15735,15737,15735,2,-2
2023-03-09 15:17:31.005,15735,15737,15735,20,-20
2023-03-09 15:17:34.494,15735,15736,15735,1,-1
2023-03-09 15:17:37.548,15735,15736,15735,1,-1
2023-03-09 15:17:37.548,15735,15736,15735,1,-1
2023-03-09 15:17:41.608,15733,15735,15735,12,12
2023-03-09 15:17:45.235,15735,15736,15735,1,-1
2023-03-09 15:17:45.882,15735,15736,15736,1,1
2023-03-09 15:17:46.408,15736,15738,15736,1,-1
2023-03-09 15:17:47.879,15736,15738,15736,2,-2
2023-03-09 15:17:50.466,15736,15737,15736,1,-1
2023-03-09 15:17:50.804,15736,15737,15736,4,-4
2023-03-09 15:17:52.228,15735,15736,15736,1,1
2023-03-09 15:17:52.639,15735,15736,15735,1,-1
2023-03-09 15:17:52.639,15735,15736,15735,1,-1
2023-03-09 15:17:52.639,15735,15736,15735,1,-1
2023-03-09 15:17:52.639,15735,15736,15735,3,-3
2023-03-09 15:17:52.639,15735,15736,15735,1,-1
2023-03-09 15:17:52.639,15735,15736,15735,2,-2
2023-03-09 15:17:52.640,15735,15736,15735,1,-1
2023-03-09 15:17:52.640,15735,15736,15735,1,-1
2023-03-09 15:17:52.640,15735,15736,15735,1,-1
2023-03-09 15:17:52.914,15735,15736,15735,1,-1
2023-03-09 15:17:54.841,15733,15735,15734,1,-1
2023-03-09 15:17:58.902,15734,15735,15734,1,-1
2023-03-09 15:17:58.902,15734,15735,15734,2,-2
2023-03-09 15:17:59.840,15734,15735,15735,1,1
2023-03-09 15:17:59.840,15734,15735,15735,2,2
2023-03-09 15:17:59.840,15734,15735,15735,2,2
2023-03-09 15:17:59.840,15734,15735,15735,1,1
2023-03-09 15:17:59.840,15734,15735,15735,14,14
2023-03-09 15:18:00.174,15735,15736,15736,1,1
2023-03-09 15:18:00.174,15735,15736,15736,2,2
2023-03-09 15:18:00.229,15735,15736,15736,3,3
2023-03-09 15:18:00.470,15736,15737,15736,1,-1
2023-03-09 15:18:00.477,15736,15737,15735,1,-1
2023-03-09 15:18:00.654,15735,15737,15735,1,-1
2023-03-09 15:18:00.774,15735,15737,15735,1,-1
2023-03-09 15:18:00.835,15735,15737,15735,1,-1
2023-03-09 15:18:01.048,15735,15736,15735,1,-1
2023-03-09 15:18:07.190,15733,15734,15733,1,-1
2023-03-09 15:18:09.901,15733,15734,15733,1,-1
2023-03-09 15:18:10.518,15733,15734,15733,1,-1
2023-03-09 15:18:11.217,15733,15734,15733,1,-1
2023-03-09 15:18:12.396,15733,15734,15733,1,-1
2023-03-09 15:18:12.397,15733,15734,15733,1,-1
2023-03-09 15:18:12.397,15733,15734,15733,1,-1
2023-03-09 15:18:12.397,15733,15734,15733,12,-12
2023-03-09 15:18:12.582,15732,15733,15732,1,-1
2023-03-09 15:18:12.795,15732,15733,15732,1,-1
2023-03-09 15:18:12.795,15732,15733,15732,1,-1
2023-03-09 15:18:13.069,15731,15732,15731,1,-1
2023-03-09 15:18:13.069,15731,15732,15731,1,-1
2023-03-09 15:18:13.069,15731,15732,15731,1,-1
2023-03-09 15:18:13.069,15731,15732,15731,1,-1
2023-03-09 15:18:13.222,15730,15731,15730,3,-3
2023-03-09 15:18:13.337,15730,15731,15730,1,-1
2023-03-09 15:18:13.417,15730,15731,15731,7,7
2023-03-09 15:18:13.692,15730,15731,15730,9,-9
2023-03-09 15:18:18.818,15731,15733,15731,1,-1
2023-03-09 15:18:18.877,15731,15732,15731,1,-1
2023-03-09 15:18:18.950,15731,15732,15731,1,-1
2023-03-09 15:18:19.170,15731,15732,15731,1,-1
2023-03-09 15:18:19.170,15731,15732,15730,2,-2
2023-03-09 15:18:19.316,15730,15732,15730,7,-7
2023-03-09 15:18:19.961,15730,15732,15730,2,-2
2023-03-09 15:18:19.994,15730,15732,15730,2,-2
2023-03-09 15:18:20.058,15730,15732,15730,1,-1
2023-03-09 15:18:21.893,15730,15732,15730,1,-1
2023-03-09 15:18:28.162,15732,15733,15733,1,1
2023-03-09 15:18:28.196,15732,15733,15733,6,6
2023-03-09 15:18:29.977,15733,15735,15733,19,-19
2023-03-09 15:18:29.978,15733,15735,15733,1,-1
2023-03-09 15:18:40.222,15732,15733,15732,1,-1
2023-03-09 15:18:41.894,15732,15733,15732,1,-1
2023-03-09 15:18:42.376,15731,15732,15731,1,-1
2023-03-09 15:18:44.499,15731,15732,15731,1,-1
2023-03-09 15:18:46.648,15731,15732,15731,1,-1
2023-03-09 15:18:48.382,15731,15732,15732,1,1
2023-03-09 15:18:50.732,15731,15732,15731,4,-4
2023-03-09 15:18:51.381,15731,15732,15732,1,1
2023-03-09 15:18:54.017,15731,15732,15732,3,3
2023-03-09 15:18:55.113,15731,15732,15731,1,-1
2023-03-09 15:18:55.595,15731,15732,15731,3,-3
2023-03-09 15:18:56.729,15731,15732,15731,1,-1
2023-03-09 15:18:59.199,15731,15732,15731,1,-1
2023-03-09 15:19:00.224,15731,15732,15731,1,-1
2023-03-09 15:19:00.429,15731,15732,15731,2,-2
2023-03-09 15:19:00.718,15731,15732,15731,1,-1
2023-03-09 15:19:03.844,15731,15732,15732,1,1
2023-03-09 15:19:03.851,15731,15732,15731,1,-1
2023-03-09 15:19:05.160,15731,15732,15731,1,-1
2023-03-09 15:19:05.269,15731,15732,15731,3,-3
2023-03-09 15:19:05.269,15731,15732,15730,5,-5
2023-03-09 15:19:05.460,15730,15732,15730,4,-4
2023-03-09 15:19:11.662,15730,15731,15730,3,-3
2023-03-09 15:19:11.846,15730,15731,15730,1,-1
2023-03-09 15:19:11.858,15730,15731,15730,1,-1
2023-03-09 15:19:11.894,15730,15731,15730,1,-1
2023-03-09 15:19:11.911,15730,15731,15730,1,-1
2023-03-09 15:19:11.927,15730,15731,15730,1,-1
2023-03-09 15:19:12.077,15730,15731,15730,1,-1
2023-03-09 15:19:12.129,15729,15731,15729,1,-1
2023-03-09 15:19:12.232,15729,15731,15729,1,-1
2023-03-09 15:19:12.262,15729,15731,15729,3,-3
2023-03-09 15:19:12.307,15729,15731,15731,1,1
2023-03-09 15:19:12.375,15729,15731,15731,1,1
2023-03-09 15:19:12.481,15729,15731,15729,1,-1
2023-03-09 15:19:12.552,15729,15731,15729,1,-1
2023-03-09 15:19:12.610,15729,15731,15729,1,-1
2023-03-09 15:19:12.964,15729,15731,15729,1,-1
2023-03-09 15:19:12.985,15729,15731,15729,1,-1
2023-03-09 15:19:12.994,15729,15731,15729,1,-1
2023-03-09 15:19:13.024,15729,15731,15729,1,-1
2023-03-09 15:19:15.435,15729,15730,15730,1,1
2023-03-09 15:19:15.435,15729,15730,15731,1,1
2023-03-09 15:19:15.869,15729,15731,15729,1,-1
2023-03-09 15:19:17.127,15730,15732,15730,1,-1
2023-03-09 15:19:18.715,15730,15732,15730,10,-10
2023-03-09 15:19:20.054,15730,15732,15730,2,-2
2023-03-09 15:19:20.923,15730,15732,15730,1,-1
2023-03-09 15:19:22.508,15730,15732,15730,1,-1
2023-03-09 15:19:23.756,15730,15731,15730,1,-1
2023-03-09 15:19:23.842,15730,15731,15731,1,1
2023-03-09 15:19:25.764,15730,15731,15731,2,2
2023-03-09 15:19:26.200,15730,15731,15730,1,-1
2023-03-09 15:19:30.164,15730,15731,15730,1,-1
2023-03-09 15:19:30.177,15730,15731,15730,1,-1
2023-03-09 15:19:30.177,15730,15731,15730,27,-27
2023-03-09 15:19:30.300,15729,15730,15730,3,3
2023-03-09 15:19:30.314,15729,15730,15730,1,1
2023-03-09 15:19:30.442,15729,15730,15729,1,-1
2023-03-09 15:19:31.898,15729,15730,15729,1,-1
2023-03-09 15:19:33.111,15729,15730,15729,1,-1
2023-03-09 15:19:33.111,15729,15730,15729,9,-9
2023-03-09 15:19:33.881,15728,15729,15729,1,1
2023-03-09 15:19:38.631,15728,15729,15728,1,-1
2023-03-09 15:19:38.769,15728,15729,15728,21,-21
2023-03-09 15:19:38.769,15728,15729,15727,9,-9
2023-03-09 15:19:39.614,15727,15729,15729,1,1
2023-03-09 15:19:41.412,15727,15729,15727,2,-2
2023-03-09 15:19:41.879,15727,15729,15727,1,-1
2023-03-09 15:19:41.913,15727,15729,15729,1,1
2023-03-09 15:19:43.574,15728,15729,15729,5,5
2023-03-09 15:19:43.696,15728,15729,15728,1,-1
2023-03-09 15:19:46.357,15728,15729,15728,1,-1
2023-03-09 15:19:51.744,15728,15729,15728,1,-1
2023-03-09 15:19:51.986,15728,15729,15728,1,-1
2023-03-09 15:19:52.018,15728,15729,15728,1,-1
2023-03-09 15:19:52.167,15728,15729,15728,1,-1
2023-03-09 15:19:54.623,15727,15728,15727,5,-5
2023-03-09 15:19:54.625,15727,15728,15727,6,-6
2023-03-09 15:19:54.626,15727,15728,15727,6,-6
2023-03-09 15:19:54.626,15727,15728,15727,2,-2
2023-03-09 15:19:54.626,15727,15728,15727,1,-1
2023-03-09 15:19:54.626,15727,15728,15727,3,-3
2023-03-09 15:19:54.626,15727,15728,15727,1,-1
2023-03-09 15:19:54.626,15727,15728,15727,3,-3
2023-03-09 15:19:54.626,15727,15728,15727,1,-1
2023-03-09 15:19:54.626,15727,15728,15727,1,-1
2023-03-09 15:19:56.268,15726,15727,15726,1,-1
2023-03-09 15:19:58.187,15726,15727,15726,3,-3
2023-03-09 15:19:58.436,15726,15727,15726,1,-1
2023-03-09 15:19:58.627,15726,15727,15726,1,-1
2023-03-09 15:19:58.686,15726,15727,15726,1,-1
2023-03-09 15:19:58.988,15726,15727,15726,1,-1
2023-03-09 15:19:58.988,15726,15727,15726,1,-1
2023-03-09 15:20:00.219,15726,15727,15726,3,-3
2023-03-09 15:20:00.434,15726,15727,15726,1,-1
2023-03-09 15:20:00.447,15726,15727,15725,1,-1
2023-03-09 15:20:00.521,15725,15727,15727,1,1
2023-03-09 15:20:00.538,15725,15727,15725,1,-1
2023-03-09 15:20:00.553,15725,15727,15725,1,-1
2023-03-09 15:20:00.568,15725,15727,15725,1,-1
2023-03-09 15:20:00.586,15725,15727,15725,1,-1
2023-03-09 15:20:00.593,15725,15727,15725,1,-1
2023-03-09 15:20:00.611,15725,15727,15725,4,-4
2023-03-09 15:20:00.624,15725,15726,15725,1,-1
2023-03-09 15:20:00.624,15725,15726,15725,1,-1
2023-03-09 15:20:00.635,15725,15726,15725,1,-1
2023-03-09 15:20:00.724,15725,15726,15725,2,-2
2023-03-09 15:20:00.843,15725,15726,15725,2,-2
2023-03-09 15:20:01.150,15725,15726,15725,2,-2
2023-03-09 15:20:01.218,15725,15726,15726,2,2
2023-03-09 15:20:01.261,15726,15727,15726,1,-1
2023-03-09 15:20:01.572,15726,15727,15726,1,-1
2023-03-09 15:20:01.705,15726,15727,15726,1,-1
2023-03-09 15:20:01.754,15726,15727,15726,1,-1
2023-03-09 15:20:02.192,15726,15727,15726,1,-1
2023-03-09 15:20:03.344,15726,15727,15726,1,-1
2023-03-09 15:20:04.055,15726,15727,15727,2,2
2023-03-09 15:20:04.055,15726,15727,15727,2,2
2023-03-09 15:20:04.163,15727,15728,15727,1,-1
2023-03-09 15:20:04.352,15727,15728,15728,1,1
2023-03-09 15:20:04.352,15727,15728,15728,1,1
2023-03-09 15:20:04.352,15727,15728,15728,3,3
2023-03-09 15:20:04.718,15727,15729,15727,1,-1
2023-03-09 15:20:05.587,15727,15729,15729,1,1
2023-03-09 15:20:05.658,15727,15729,15728,1,1
2023-03-09 15:20:05.938,15727,15728,15728,1,1
2023-03-09 15:20:08.807,15728,15729,15728,1,-1
2023-03-09 15:20:08.899,15728,15729,15728,2,-2
2023-03-09 15:20:09.764,15728,15729,15729,2,2
2023-03-09 15:20:09.902,15728,15730,15728,1,-1
2023-03-09 15:20:10.890,15729,15730,15729,1,-1
2023-03-09 15:20:15.958,15729,15730,15729,1,-1
2023-03-09 15:20:16.514,15728,15729,15728,1,-1
2023-03-09 15:20:18.459,15728,15729,15729,1,1
2023-03-09 15:20:19.937,15729,15730,15729,3,-3
2023-03-09 15:20:20.127,15729,15730,15729,1,-1
2023-03-09 15:20:20.305,15729,15730,15729,4,-4
2023-03-09 15:20:20.471,15729,15730,15730,1,1
2023-03-09 15:20:20.471,15729,15730,15730,1,1
2023-03-09 15:20:20.471,15729,15730,15730,1,1
2023-03-09 15:20:20.471,15729,15730,15730,1,1
2023-03-09 15:20:20.471,15729,15730,15730,1,1
2023-03-09 15:20:20.471,15729,15730,15730,1,1
2023-03-09 15:20:20.471,15729,15730,15730,4,4
2023-03-09 15:20:20.471,15729,15730,15730,1,1
2023-03-09 15:20:20.471,15729,15730,15730,1,1
2023-03-09 15:20:20.753,15730,15731,15730,2,-2
2023-03-09 15:20:22.203,15730,15731,15731,1,1
2023-03-09 15:20:22.204,15730,15731,15731,2,2
2023-03-09 15:20:23.079,15730,15732,15732,2,2
2023-03-09 15:20:24.689,15730,15732,15730,2,-2
2023-03-09 15:20:25.129,15730,15732,15732,1,1
2023-03-09 15:20:28.814,15731,15732,15732,1,1
2023-03-09 15:20:29.940,15731,15733,15731,11,-11
2023-03-09 15:20:31.702,15730,15732,15731,1,-1
2023-03-09 15:20:33.173,15730,15732,15732,2,2
2023-03-09 15:20:34.101,15731,15732,15731,1,-1
2023-03-09 15:20:34.684,15730,15732,15732,1,1
2023-03-09 15:20:35.807,15731,15732,15731,1,-1
2023-03-09 15:20:38.785,15731,15732,15731,2,-2
2023-03-09 15:20:40.458,15730,15731,15730,1,-1
2023-03-09 15:20:40.471,15730,15731,15730,10,-10
2023-03-09 15:20:41.457,15730,15731,15731,1,1
2023-03-09 15:20:43.209,15730,15731,15731,1,1
2023-03-09 15:20:44.895,15730,15731,15731,1,1
2023-03-09 15:20:46.742,15730,15732,15730,1,-1
2023-03-09 15:20:47.280,15730,15732,15732,1,1
2023-03-09 15:20:48.668,15730,15731,15730,1,-1
2023-03-09 15:20:52.300,15730,15731,15730,1,-1
2023-03-09 15:20:52.300,15730,15731,15730,1,-1
2023-03-09 15:20:52.300,15730,15731,15730,1,-1
2023-03-09 15:20:52.301,15730,15731,15730,2,-2
2023-03-09 15:20:53.552,15729,15730,15729,1,-1
2023-03-09 15:21:00.670,15729,15731,15729,1,-1
2023-03-09 15:21:00.902,15729,15731,15729,1,-1
2023-03-09 15:21:00.914,15729,15731,15729,1,-1
2023-03-09 15:21:00.945,15729,15731,15729,1,-1
2023-03-09 15:21:02.744,15730,15731,15730,2,-2
2023-03-09 15:21:03.130,15730,15731,15731,2,2
2023-03-09 15:21:04.252,15730,15731,15731,2,2
2023-03-09 15:21:05.261,15731,15732,15731,1,-1
2023-03-09 15:21:06.617,15730,15731,15731,1,1
2023-03-09 15:21:16.493,15731,15732,15732,1,1
2023-03-09 15:21:16.968,15731,15732,15732,1,1
2023-03-09 15:21:17.510,15731,15732,15732,1,1
2023-03-09 15:21:19.435,15732,15733,15733,9,9
2023-03-09 15:21:19.549,15733,15734,15733,1,-1
2023-03-09 15:21:19.805,15733,15734,15734,2,2
2023-03-09 15:21:19.957,15733,15734,15733,1,-1
2023-03-09 15:21:24.589,15732,15734,15733,1,-1
2023-03-09 15:21:24.840,15732,15734,15733,2,-2
2023-03-09 15:21:25.051,15732,15733,15733,1,1
2023-03-09 15:21:26.627,15732,15733,15732,1,-1
2023-03-09 15:21:27.661,15732,15733,15733,1,1
2023-03-09 15:21:27.661,15732,15733,15733,6,6
2023-03-09 15:21:28.463,15733,15734,15734,1,1
2023-03-09 15:21:28.464,15733,15734,15734,3,3
2023-03-09 15:21:28.465,15733,15734,15734,3,3
2023-03-09 15:21:30.770,15733,15734,15733,3,-3
2023-03-09 15:21:32.537,15733,15734,15734,1,1
2023-03-09 15:21:32.537,15733,15734,15734,9,9
2023-03-09 15:21:32.876,15734,15735,15734,1,-1
2023-03-09 15:21:34.979,15733,15734,15734,1,1
2023-03-09 15:21:35.418,15733,15734,15734,5,5
2023-03-09 15:21:36.590,15734,15735,15734,2,-2
2023-03-09 15:21:38.181,15733,15734,15734,2,2
2023-03-09 15:21:41.737,15733,15734,15733,4,-4
2023-03-09 15:21:43.315,15733,15734,15734,1,1
2023-03-09 15:21:45.435,15733,15734,15734,1,1
2023-03-09 15:21:47.503,15733,15734,15733,3,-3
2023-03-09 15:21:48.022,15732,15733,15733,1,1
2023-03-09 15:21:49.474,15732,15733,15733,1,1
2023-03-09 15:21:49.911,15732,15733,15733,1,1
2023-03-09 15:21:51.014,15732,15733,15732,4,-4
2023-03-09 15:21:51.068,15732,15733,15731,1,-1
2023-03-09 15:21:51.599,15731,15733,15733,2,2
2023-03-09 15:21:53.476,15731,15733,15733,2,2
2023-03-09 15:21:56.709,15731,15733,15731,1,-1
2023-03-09 15:21:59.290,15730,15732,15732,2,2
2023-03-09 15:22:00.283,15731,15733,15731,1,-1
2023-03-09 15:22:09.345,15731,15732,15731,2,-2
2023-03-09 15:22:12.679,15731,15732,15732,1,1
2023-03-09 15:22:15.841,15732,15733,15732,1,-1
2023-03-09 15:22:16.160,15732,15733,15733,1,1
2023-03-09 15:22:16.160,15732,15733,15733,2,2
2023-03-09 15:22:16.202,15732,15733,15733,1,1
2023-03-09 15:22:17.812,15732,15734,15733,1,1
2023-03-09 15:22:24.196,15733,15734,15733,1,-1
2023-03-09 15:22:25.317,15733,15734,15734,1,1
2023-03-09 15:22:26.701,15733,15734,15734,1,1
2023-03-09 15:22:26.702,15733,15734,15734,5,5
2023-03-09 15:22:26.702,15733,15734,15734,7,7
2023-03-09 15:22:30.837,15733,15734,15734,1,1
2023-03-09 15:22:31.388,15733,15734,15734,2,2
2023-03-09 15:22:32.509,15733,15734,15733,1,-1
2023-03-09 15:22:32.684,15733,15734,15734,2,2
2023-03-09 15:22:34.194,15733,15734,15734,2,2
2023-03-09 15:22:35.041,15733,15734,15733,1,-1
2023-03-09 15:22:39.086,15733,15734,15734,1,1
2023-03-09 15:22:41.136,15733,15734,15733,1,-1
2023-03-09 15:22:42.663,15733,15734,15734,1,1
2023-03-09 15:22:45.672,15733,15734,15734,1,1
2023-03-09 15:22:47.385,15733,15734,15733,1,-1
2023-03-09 15:22:47.627,15733,15734,15733,1,-1
2023-03-09 15:22:48.123,15733,15734,15733,5,-5
2023-03-09 15:22:48.123,15733,15734,15732,1,-1
2023-03-09 15:22:48.663,15732,15733,15733,1,1
2023-03-09 15:22:56.271,15732,15733,15733,2,2
2023-03-09 15:23:02.731,15733,15734,15734,6,6
2023-03-09 15:23:02.731,15733,15734,15734,1,1
2023-03-09 15:23:02.731,15733,15734,15734,1,1
2023-03-09 15:23:03.326,15734,15735,15734,1,-1
2023-03-09 15:23:03.326,15734,15735,15734,1,-1
2023-03-09 15:23:03.679,15734,15735,15734,1,-1
2023-03-09 15:23:07.033,15733,15734,15734,1,1
2023-03-09 15:23:09.715,15733,15734,15734,1,1
2023-03-09 15:23:11.924,15733,15734,15733,1,-1
2023-03-09 15:23:12.055,15733,15734,15734,3,3
2023-03-09 15:23:13.535,15733,15734,15734,1,1
2023-03-09 15:23:15.571,15733,15734,15734,2,2
2023-03-09 15:23:28.693,15733,15734,15733,1,-1
2023-03-09 15:23:33.887,15733,15734,15733,1,-1
2023-03-09 15:23:33.887,15733,15734,15733,4,-4
2023-03-09 15:23:34.412,15732,15733,15733,1,1
2023-03-09 15:23:37.253,15732,15733,15733,1,1
2023-03-09 15:23:43.316,15732,15733,15732,1,-1
2023-03-09 15:23:46.822,15732,15733,15732,2,-2
2023-03-09 15:23:47.327,15732,15733,15732,1,-1
2023-03-09 15:23:51.720,15732,15733,15733,1,1
2023-03-09 15:23:51.721,15732,15733,15733,1,1
2023-03-09 15:24:02.127,15733,15734,15734,1,1
2023-03-09 15:24:05.297,15733,15734,15734,3,3
2023-03-09 15:24:05.471,15734,15735,15733,2,-2
2023-03-09 15:24:09.169,15733,15735,15735,1,1
2023-03-09 15:24:13.734,15734,15735,15734,1,-1
2023-03-09 15:24:17.890,15734,15735,15735,9,9
2023-03-09 15:24:24.565,15735,15736,15736,1,1
2023-03-09 15:24:24.565,15735,15736,15736,3,3
2023-03-09 15:24:24.565,15735,15736,15736,3,3
2023-03-09 15:24:24.565,15735,15736,15736,2,2
2023-03-09 15:24:24.565,15735,15736,15736,1,1
2023-03-09 15:24:32.617,15735,15737,15736,1,1
2023-03-09 15:24:34.182,15735,15737,15737,1,1
2023-03-09 15:24:35.994,15735,15737,15735,2,-2
2023-03-09 15:24:36.592,15735,15736,15736,1,1
2023-03-09 15:24:37.492,15735,15737,15737,1,1
2023-03-09 15:24:43.813,15735,15736,15736,3,3
2023-03-09 15:24:44.525,15735,15737,15735,1,-1
2023-03-09 15:24:47.078,15735,15737,15737,1,1
2023-03-09 15:24:51.493,15736,15737,15736,1,-1
2023-03-09 15:24:51.606,15736,15737,15736,1,-1
2023-03-09 15:24:59.061,15736,15737,15736,1,-1
2023-03-09 15:25:00.414,15735,15737,15737,2,2
2023-03-09 15:25:02.580,15735,15737,15737,1,1
2023-03-09 15:25:03.262,15735,15737,15737,1,1
2023-03-09 15:25:05.268,15736,15737,15737,1,1
2023-03-09 15:25:06.392,15736,15737,15737,1,1
2023-03-09 15:25:12.057,15736,15737,15736,1,-1
2023-03-09 15:25:13.145,15736,15737,15736,2,-2
2023-03-09 15:25:14.451,15735,15736,15736,1,1
2023-03-09 15:25:14.821,15736,15737,15737,1,1
2023-03-09 15:25:19.161,15736,15737,15737,1,1
2023-03-09 15:25:22.448,15736,15737,15737,2,2
2023-03-09 15:25:23.893,15736,15737,15737,4,4
2023-03-09 15:25:26.924,15736,15737,15737,1,1
2023-03-09 15:25:37.404,15737,15738,15738,1,1
2023-03-09 15:25:40.580,15737,15738,15738,2,2
2023-03-09 15:25:44.660,15737,15738,15738,1,1
2023-03-09 15:25:44.663,15737,15738,15738,3,3
2023-03-09 15:25:53.578,15738,15739,15739,2,2
2023-03-09 15:25:53.704,15738,15739,15739,1,1
2023-03-09 15:25:53.748,15738,15739,15739,1,1
2023-03-09 15:25:54.554,15738,15739,15739,2,2
2023-03-09 15:25:54.554,15738,15739,15739,3,3
2023-03-09 15:25:56.932,15739,15740,15740,2,2
2023-03-09 15:25:57.009,15739,15740,15740,1,1
2023-03-09 15:25:57.056,15739,15740,15740,2,2
2023-03-09 15:25:57.107,15739,15740,15739,1,-1
2023-03-09 15:26:04.985,15740,15741,15740,1,-1
2023-03-09 15:26:11.659,15740,15741,15741,1,1
2023-03-09 15:26:12.806,15740,15741,15741,1,1
2023-03-09 15:26:12.806,15740,15741,15741,3,3
2023-03-09 15:26:19.602,15740,15741,15740,1,-1
2023-03-09 15:26:20.229,15740,15741,15741,1,1
2023-03-09 15:26:24.799,15740,15741,15741,1,1
2023-03-09 15:26:26.663,15740,15741,15741,1,1
2023-03-09 15:26:27.123,15740,15741,15741,1,1
2023-03-09 15:26:28.022,15740,15741,15740,1,-1
2023-03-09 15:26:28.925,15740,15741,15741,1,1
2023-03-09 15:26:33.974,15740,15741,15741,1,1
2023-03-09 15:26:34.603,15740,15741,15741,1,1
2023-03-09 15:26:38.933,15740,15741,15740,2,-2
2023-03-09 15:26:38.934,15740,15741,15740,11,-11
2023-03-09 15:26:39.667,15739,15740,15740,1,1
2023-03-09 15:26:40.227,15739,15740,15740,4,4
2023-03-09 15:26:49.215,15739,15740,15739,1,-1
2023-03-09 15:26:57.340,15739,15740,15739,1,-1
2023-03-09 15:26:58.717,15739,15740,15740,2,2
2023-03-09 15:26:59.301,15739,15740,15740,1,1
2023-03-09 15:27:04.195,15739,15740,15739,1,-1
2023-03-09 15:27:04.195,15739,15740,15739,1,-1
2023-03-09 15:27:10.691,15739,15740,15739,1,-1
2023-03-09 15:27:13.293,15738,15739,15739,1,1
2023-03-09 15:27:15.291,15738,15739,15739,3,3
2023-03-09 15:27:18.810,15738,15740,15738,1,-1
2023-03-09 15:27:27.934,15738,15740,15739,2,-2
2023-03-09 15:27:35.264,15739,15740,15739,1,-1
2023-03-09 15:27:43.975,15739,15740,15739,2,-2
2023-03-09 15:27:43.976,15739,15740,15739,1,-1
2023-03-09 15:27:51.720,15738,15740,15738,2,-2
2023-03-09 15:28:03.727,15738,15739,15739,2,2
2023-03-09 15:28:04.190,15738,15739,15738,1,-1
2023-03-09 15:28:07.615,15738,15739,15738,3,-3
2023-03-09 15:28:10.489,15738,15739,15738,1,-1
2023-03-09 15:28:10.672,15738,15739,15738,1,-1
2023-03-09 15:28:21.320,15738,15739,15738,1,-1
2023-03-09 15:28:25.071,15738,15739,15739,1,1
2023-03-09 15:28:28.362,15738,15739,15738,1,-1
2023-03-09 15:28:55.546,15738,15739,15738,1,-1
2023-03-09 15:28:55.546,15738,15739,15738,1,-1
2023-03-09 15:28:55.546,15738,15739,15738,4,-4
2023-03-09 15:29:08.240,15737,15738,15737,2,-2
2023-03-09 15:29:10.836,15737,15738,15737,1,-1
2023-03-09 15:29:12.563,15737,15738,15737,1,-1
2023-03-09 15:29:20.444,15736,15738,15737,6,-6
2023-03-09 15:29:21.026,15736,15738,15737,3,-3
2023-03-09 15:29:32.485,15737,15738,15737,1,-1
2023-03-09 15:29:37.404,15737,15738,15737,1,-1
2023-03-09 15:29:41.794,15737,15738,15737,1,-1
2023-03-09 15:29:41.886,15737,15738,15737,1,-1
2023-03-09 15:29:55.232,15736,15737,15737,1,1
2023-03-09 15:29:55.630,15736,15737,15736,1,-1
2023-03-09 15:29:57.722,15736,15737,15736,1,-1
2023-03-09 15:30:04.179,15736,15737,15736,1,-1
2023-03-09 15:30:04.488,15736,15737,15736,1,-1
2023-03-09 15:30:04.490,15736,15737,15736,1,-1
2023-03-09 15:30:04.532,15736,15737,15736,1,-1
2023-03-09 15:30:04.533,15736,15737,15736,1,-1
2023-03-09 15:30:04.533,15736,15737,15736,1,-1
2023-03-09 15:30:04.580,15736,15737,15735,1,-1
2023-03-09 15:30:04.594,15736,15737,15735,3,-3
2023-03-09 15:30:04.603,15736,15737,15735,7,-7
2023-03-09 15:30:09.273,15736,15737,15736,1,-1
2023-03-09 15:30:10.504,15736,15737,15737,3,3
2023-03-09 15:30:13.785,15737,15738,15737,1,-1
2023-03-09 15:30:16.384,15737,15738,15738,2,2
2023-03-09 15:30:17.709,15737,15739,15737,5,-5
2023-03-09 15:30:40.666,15737,15738,15738,1,1
2023-03-09 15:30:47.544,15738,15739,15738,2,-2
2023-03-09 15:30:51.064,15738,15739,15739,1,1
2023-03-09 15:30:54.803,15738,15739,15738,1,-1
2023-03-09 15:30:59.988,15737,15738,15738,1,1
2023-03-09 15:30:59.989,15737,15738,15738,1,1
2023-03-09 15:30:59.989,15737,15738,15738,1,1
2023-03-09 15:30:59.989,15737,15738,15738,1,1
2023-03-09 15:30:59.989,15737,15738,15738,1,1
2023-03-09 15:31:00.048,15738,15739,15738,3,-3
2023-03-09 15:31:04.080,15738,15739,15738,1,-1
2023-03-09 15:31:06.247,15738,15739,15739,1,1
2023-03-09 15:31:11.964,15738,15739,15738,5,-5
2023-03-09 15:31:17.709,15738,15739,15738,1,-1
2023-03-09 15:31:17.709,15738,15739,15738,1,-1
2023-03-09 15:31:18.549,15737,15738,15738,1,1
2023-03-09 15:31:23.199,15737,15738,15737,7,-7
2023-03-09 15:31:23.199,15737,15738,15736,28,-28
2023-03-09 15:31:23.199,15737,15738,15736,2,-2
2023-03-09 15:31:23.200,15737,15738,15736,2,-2
2023-03-09 15:31:23.200,15737,15738,15736,10,-10
2023-03-09 15:31:23.201,15737,15738,15736,2,-2
2023-03-09 15:31:23.201,15737,15738,15736,1,-1
2023-03-09 15:31:23.990,15735,15736,15736,3,3
2023-03-09 15:31:26.530,15735,15736,15735,1,-1
2023-03-09 15:31:28.719,15735,15736,15736,1,1
2023-03-09 15:31:30.831,15735,15736,15736,1,1
2023-03-09 15:31:31.011,15735,15736,15736,1,1
2023-03-09 15:31:41.924,15736,15738,15736,5,-5
2023-03-09 15:31:50.380,15736,15738,15738,1,1
2023-03-09 15:31:50.513,15736,15738,15736,2,-2
2023-03-09 15:31:52.721,15736,15737,15736,10,-10
2023-03-09 15:32:04.499,15735,15736,15735,20,-20
2023-03-09 15:32:10.030,15734,15736,15734,1,-1
2023-03-09 15:32:14.055,15735,15736,15735,1,-1
2023-03-09 15:32:14.714,15735,15736,15735,1,-1
2023-03-09 15:32:17.987,15735,15737,15737,1,1
2023-03-09 15:32:20.364,15735,15737,15735,1,-1
2023-03-09 15:32:36.526,15735,15736,15736,1,1
2023-03-09 15:32:36.782,15736,15738,15736,6,-6
2023-03-09 15:32:39.490,15736,15737,15736,4,-4
2023-03-09 15:32:40.697,15735,15736,15736,1,1
2023-03-09 15:32:46.564,15735,15736,15735,2,-2
2023-03-09 15:32:50.375,15735,15736,15736,1,1
2023-03-09 15:32:50.375,15735,15736,15736,14,14
2023-03-09 15:32:52.070,15735,15737,15735,10,-10
2023-03-09 15:32:56.563,15734,15735,15735,1,1
2023-03-09 15:33:04.569,15735,15736,15735,2,-2
2023-03-09 15:33:08.922,15734,15735,15735,1,1
2023-03-09 15:33:16.218,15734,15736,15734,20,-20
2023-03-09 15:33:16.218,15734,15736,15733,30,-30
2023-03-09 15:33:16.224,15734,15736,15733,1,-1
2023-03-09 15:33:25.595,15733,15735,15733,1,-1
2023-03-09 15:33:33.393,15732,15734,15732,1,-1
2023-03-09 15:33:40.679,15733,15734,15733,1,-1
2023-03-09 15:33:41.942,15733,15734,15734,1,1
2023-03-09 15:33:46.589,15733,15734,15734,1,1
2023-03-09 15:33:55.989,15733,15734,15734,1,1
2023-03-09 15:33:57.358,15734,15735,15734,1,-1
2023-03-09 15:34:14.389,15734,15735,15735,1,1
2023-03-09 15:34:23.323,15734,15735,15735,2,2
2023-03-09 15:34:44.742,15735,15736,15736,1,1
2023-03-09 15:34:44.743,15735,15736,15736,1,1
2023-03-09 15:34:47.993,15735,15737,15737,1,1
2023-03-09 15:34:58.688,15736,15737,15737,2,2
2023-03-09 15:35:00.729,15736,15737,15736,2,-2
2023-03-09 15:35:00.999,15735,15737,15735,1,-1
2023-03-09 15:35:01.274,15735,15737,15737,5,5
2023-03-09 15:35:15.017,15736,15737,15737,1,1
2023-03-09 15:35:25.785,15737,15738,15738,1,1
2023-03-09 15:35:32.195,15738,15739,15739,2,2
2023-03-09 15:35:33.640,15738,15739,15739,4,4
2023-03-09 15:35:35.696,15739,15740,15739,4,-4
2023-03-09 15:35:38.558,15739,15740,15740,1,1
2023-03-09 15:35:38.756,15739,15740,15740,1,1
2023-03-09 15:35:38.957,15739,15740,15740,1,1
2023-03-09 15:35:53.639,15739,15740,15739,1,-1
2023-03-09 15:35:53.823,15739,15740,15739,1,-1
2023-03-09 15:35:53.938,15739,15740,15739,1,-1
2023-03-09 15:35:54.293,15739,15740,15739,1,-1
2023-03-09 15:35:55.063,15739,15740,15740,2,2
2023-03-09 15:35:55.628,15739,15740,15740,1,1
2023-03-09 15:35:56.010,15739,15740,15740,1,1
2023-03-09 15:35:56.348,15739,15740,15740,1,1
2023-03-09 15:36:06.974,15739,15740,15739,1,-1
2023-03-09 15:36:09.147,15739,15740,15739,1,-1
2023-03-09 15:36:09.299,15739,15740,15740,2,2
2023-03-09 15:36:09.501,15739,15740,15739,1,-1
2023-03-09 15:36:12.409,15739,15740,15739,3,-3
2023-03-09 15:36:16.079,15739,15740,15739,1,-1
2023-03-09 15:36:16.079,15739,15740,15739,2,-2
2023-03-09 15:36:26.025,15738,15739,15738,1,-1
2023-03-09 15:36:28.856,15738,15739,15738,3,-3
2023-03-09 15:36:33.755,15737,15738,15738,2,2
2023-03-09 15:36:36.573,15737,15738,15737,1,-1
2023-03-09 15:36:36.574,15737,15738,15737,1,-1
2023-03-09 15:36:36.574,15737,15738,15737,1,-1
2023-03-09 15:36:48.323,15737,15738,15737,4,-4
2023-03-09 15:36:51.920,15736,15737,15736,3,-3
2023-03-09 15:37:16.369,15736,15737,15736,6,-6
2023-03-09 15:37:24.302,15735,15736,15736,1,1
2023-03-09 15:37:24.504,15735,15736,15736,1,1
2023-03-09 15:37:34.704,15736,15737,15736,5,-5
2023-03-09 15:37:54.404,15736,15737,15736,2,-2
2023-03-09 15:38:05.891,15736,15737,15737,1,1
2023-03-09 15:38:14.868,15736,15737,15737,1,1
2023-03-09 15:38:18.134,15736,15737,15737,1,1
2023-03-09 15:39:23.997,15737,15738,15737,1,-1
2023-03-09 15:39:24.000,15736,15738,15736,1,-1
2023-03-09 15:39:24.001,15736,15738,15736,1,-1
2023-03-09 15:39:39.883,15736,15737,15736,10,-10
2023-03-09 15:39:55.558,15736,15738,15736,10,-10
2023-03-09 15:39:56.928,15736,15738,15736,9,-9
2023-03-09 15:39:56.928,15736,15738,15736,1,-1
2023-03-09 15:39:59.885,15736,15738,15736,6,-6
2023-03-09 15:39:59.886,15736,15738,15736,1,-1
2023-03-09 15:39:59.886,15736,15738,15736,1,-1
2023-03-09 15:39:59.886,15736,15738,15736,2,-2
2023-03-09 15:40:15.112,15736,15738,15736,1,-1
2023-03-09 15:40:15.395,15736,15738,15736,1,-1
2023-03-09 15:40:40.236,15735,15736,15736,1,1
2023-03-09 15:40:43.565,15735,15736,15735,1,-1
2023-03-09 15:40:47.568,15735,15736,15736,2,2
2023-03-09 15:40:48.012,15735,15737,15735,2,-2
2023-03-09 15:40:57.895,15736,15737,15736,1,-1
2023-03-09 15:40:58.507,15736,15737,15736,2,-2
2023-03-09 15:41:07.724,15736,15737,15736,3,-3
2023-03-09 15:41:07.943,15736,15737,15736,1,-1
2023-03-09 15:41:07.943,15736,15737,15735,1,-1
2023-03-09 15:41:10.763,15735,15737,15737,2,2
2023-03-09 15:41:12.879,15736,15738,15736,1,-1
2023-03-09 15:41:45.311,15737,15738,15737,1,-1
2023-03-09 15:41:45.474,15736,15737,15736,1,-1
2023-03-09 15:42:04.558,15736,15737,15737,2,2
2023-03-09 15:42:16.353,15736,15737,15736,1,-1
2023-03-09 15:42:16.353,15736,15737,15736,1,-1
2023-03-09 15:42:16.353,15736,15737,15736,2,-2
2023-03-09 15:42:28.752,15736,15738,15736,2,-2
2023-03-09 15:42:34.996,15736,15737,15737,13,13
2023-03-09 15:42:34.996,15736,15737,15738,3,3
2023-03-09 15:42:43.902,15736,15738,15736,2,-2
2023-03-09 15:43:21.933,15737,15738,15737,6,-6
2023-03-09 15:43:36.425,15737,15738,15738,1,1
2023-03-09 15:43:42.117,15737,15738,15738,1,1
2023-03-09 15:43:42.282,15737,15738,15737,10,-10
2023-03-09 15:43:45.742,15737,15738,15738,1,1
2023-03-09 15:43:48.426,15737,15738,15737,4,-4
2023-03-09 15:43:48.426,15737,15738,15737,1,-1
2023-03-09 15:43:48.427,15737,15738,15737,10,-10
2023-03-09 15:43:48.427,15737,15738,15737,1,-1
2023-03-09 15:43:50.224,15736,15737,15736,6,-6
2023-03-09 15:44:27.313,15737,15738,15737,3,-3
2023-03-09 15:44:33.281,15737,15738,15737,10,-10
2023-03-09 15:44:40.765,15737,15738,15737,1,-1
2023-03-09 15:44:42.336,15736,15737,15737,1,1
2023-03-09 15:44:46.639,15737,15738,15737,3,-3
2023-03-09 15:45:02.650,15737,15738,15737,3,-3
2023-03-09 15:45:02.954,15737,15738,15737,4,-4
2023-03-09 15:45:02.958,15737,15738,15737,1,-1
2023-03-09 15:45:02.958,15737,15738,15737,4,-4
2023-03-09 15:45:02.959,15737,15738,15737,2,-2
2023-03-09 15:45:02.959,15737,15738,15737,2,-2
2023-03-09 15:45:02.963,15737,15738,15736,1,-1
2023-03-09 15:45:02.965,15737,15738,15736,1,-1
2023-03-09 15:45:02.991,15737,15738,15736,1,-1
2023-03-09 15:45:02.994,15737,15738,15736,1,-1
2023-03-09 15:45:03.018,15736,15737,15736,4,-4
2023-03-09 15:45:03.018,15736,15737,15736,1,-1
2023-03-09 15:45:03.018,15736,15737,15736,1,-1
2023-03-09 15:45:03.018,15736,15737,15736,1,-1
2023-03-09 15:45:03.018,15736,15737,15736,1,-1
2023-03-09 15:45:03.018,15736,15737,15736,1,-1
2023-03-09 15:45:03.019,15736,15737,15736,3,-3
2023-03-09 15:45:03.021,15736,15737,15735,1,-1
2023-03-09 15:45:03.053,15736,15737,15735,1,-1
2023-03-09 15:45:03.058,15736,15737,15735,4,-4
2023-03-09 15:45:03.059,15736,15737,15735,1,-1
2023-03-09 15:45:03.059,15736,15737,15735,1,-1
2023-03-09 15:45:03.059,15736,15737,15735,1,-1
2023-03-09 15:45:03.080,15736,15737,15735,1,-1
2023-03-09 15:45:03.178,15735,15736,15735,1,-1
2023-03-09 15:45:03.228,15735,15736,15735,3,-3
2023-03-09 15:45:03.267,15735,15736,15735,1,-1
2023-03-09 15:45:05.163,15735,15736,15735,2,-2
2023-03-09 15:45:05.422,15734,15736,15736,2,2
2023-03-09 15:45:29.404,15735,15736,15735,1,-1
2023-03-09 15:45:52.242,15734,15736,15734,1,-1
2023-03-09 15:45:53.491,15734,15735,15734,2,-2
2023-03-09 15:46:06.448,15733,15734,15734,2,2
2023-03-09 15:46:27.442,15733,15734,15733,3,-3
2023-03-09 15:46:27.845,15733,15734,15733,2,-2
2023-03-09 15:46:28.066,15733,15734,15733,1,-1
2023-03-09 15:46:28.281,15732,15734,15732,8,-8
2023-03-09 15:46:29.691,15731,15732,15731,2,-2
2023-03-09 15:46:30.225,15731,15732,15731,4,-4
2023-03-09 15:46:30.465,15731,15732,15731,1,-1
2023-03-09 15:46:35.416,15731,15732,15731,4,-4
2023-03-09 15:46:36.250,15731,15732,15731,4,-4
2023-03-09 15:46:36.495,15731,15732,15731,1,-1
2023-03-09 15:46:36.733,15731,15732,15731,5,-5
2023-03-09 15:46:36.734,15731,15732,15731,2,-2
2023-03-09 15:46:36.769,15730,15732,15730,1,-1
2023-03-09 15:46:36.972,15730,15732,15730,1,-1
2023-03-09 15:46:38.307,15730,15731,15730,1,-1
2023-03-09 15:46:40.279,15730,15731,15730,3,-3
2023-03-09 15:46:41.084,15730,15731,15730,1,-1
2023-03-09 15:46:42.131,15730,15731,15730,1,-1
2023-03-09 15:46:42.269,15730,15731,15730,1,-1
2023-03-09 15:46:42.529,15730,15731,15731,1,1
2023-03-09 15:46:43.020,15730,15731,15730,1,-1
2023-03-09 15:46:46.781,15730,15731,15730,1,-1
2023-03-09 15:46:57.288,15730,15731,15730,1,-1
2023-03-09 15:47:00.073,15730,15731,15730,1,-1
2023-03-09 15:47:01.807,15730,15731,15731,3,3
2023-03-09 15:47:02.094,15730,15731,15730,1,-1
2023-03-09 15:47:02.269,15730,15731,15730,1,-1
2023-03-09 15:47:19.282,15730,15731,15730,1,-1
2023-03-09 15:47:19.373,15730,15731,15730,1,-1
2023-03-09 15:47:20.893,15730,15731,15730,1,-1
2023-03-09 15:47:25.812,15730,15731,15730,1,-1
2023-03-09 15:47:31.702,15730,15731,15730,1,-1
2023-03-09 15:47:34.051,15730,15731,15730,1,-1
2023-03-09 15:47:34.109,15730,15731,15730,3,-3
2023-03-09 15:47:36.082,15729,15730,15729,2,-2
2023-03-09 15:47:36.210,15729,15730,15729,1,-1
2023-03-09 15:47:37.556,15729,15730,15730,3,3
2023-03-09 15:47:41.700,15730,15731,15731,1,1
2023-03-09 15:47:43.649,15731,15732,15732,1,1
2023-03-09 15:47:44.038,15731,15732,15731,2,-2
2023-03-09 15:47:44.431,15731,15732,15731,1,-1
2023-03-09 15:47:46.046,15731,15732,15732,1,1
2023-03-09 15:47:46.046,15731,15732,15733,1,1
2023-03-09 15:47:48.041,15732,15733,15732,1,-1
2023-03-09 15:47:54.236,15731,15732,15731,1,-1
2023-03-09 15:48:00.500,15731,15732,15732,1,1
2023-03-09 15:48:05.145,15731,15732,15731,1,-1
2023-03-09 15:48:05.285,15730,15731,15731,1,1
2023-03-09 15:48:10.612,15730,15731,15730,1,-1
2023-03-09 15:48:15.442,15730,15731,15730,1,-1
2023-03-09 15:48:18.183,15730,15731,15730,2,-2
2023-03-09 15:48:22.449,15730,15731,15731,1,1
2023-03-09 15:48:25.792,15731,15732,15731,1,-1
2023-03-09 15:48:27.523,15732,15733,15732,1,-1
2023-03-09 15:48:29.299,15731,15733,15731,3,-3
2023-03-09 15:48:46.987,15731,15732,15732,7,7
2023-03-09 15:48:47.539,15731,15732,15731,2,-2
2023-03-09 15:48:56.450,15731,15732,15731,2,-2
2023-03-09 15:48:56.456,15731,15732,15731,1,-1
2023-03-09 15:48:57.214,15730,15731,15730,1,-1
2023-03-09 15:48:57.806,15730,15731,15730,1,-1
2023-03-09 15:49:00.197,15730,15731,15731,1,1
2023-03-09 15:49:09.951,15730,15731,15730,2,-2
2023-03-09 15:49:15.786,15730,15731,15731,1,1
2023-03-09 15:49:15.786,15730,15731,15731,1,1
2023-03-09 15:49:24.862,15730,15731,15731,1,1
2023-03-09 15:49:25.168,15730,15732,15732,1,1
2023-03-09 15:49:32.298,15731,15732,15731,1,-1
2023-03-09 15:49:42.948,15731,15732,15732,1,1
2023-03-09 15:49:42.948,15731,15732,15732,2,2
2023-03-09 15:49:42.948,15731,15732,15732,1,1
2023-03-09 15:49:42.948,15731,15732,15732,1,1
2023-03-09 15:49:48.797,15732,15733,15733,1,1
2023-03-09 15:50:03.922,15733,15735,15733,1,-1
2023-03-09 15:50:04.142,15733,15735,15733,1,-1
2023-03-09 15:50:04.284,15733,15735,15733,1,-1
2023-03-09 15:50:08.209,15734,15735,15734,1,-1
2023-03-09 15:50:08.209,15734,15735,15733,1,-1
2023-03-09 15:50:17.846,15734,15735,15734,1,-1
2023-03-09 15:50:23.409,15734,15735,15734,1,-1
2023-03-09 15:50:24.852,15734,15735,15734,1,-1
2023-03-09 15:50:26.525,15732,15734,15734,1,1
2023-03-09 15:50:58.227,15733,15734,15733,1,-1
2023-03-09 15:51:00.296,15733,15734,15734,4,4
2023-03-09 15:51:02.572,15734,15735,15734,1,-1
2023-03-09 15:51:19.140,15733,15734,15733,1,-1
2023-03-09 15:51:19.350,15733,15734,15733,1,-1
2023-03-09 15:51:30.523,15733,15734,15733,1,-1
2023-03-09 15:51:31.517,15733,15734,15733,1,-1
2023-03-09 15:51:45.205,15732,15733,15732,1,-1
2023-03-09 15:51:45.736,15732,15733,15732,1,-1
2023-03-09 15:51:46.538,15732,15733,15732,1,-1
2023-03-09 15:51:46.538,15732,15733,15732,2,-2
2023-03-09 15:51:50.905,15731,15732,15731,2,-2
2023-03-09 15:51:56.349,15731,15732,15732,1,1
2023-03-09 15:51:59.911,15732,15734,15732,3,-3
2023-03-09 15:52:08.662,15732,15733,15732,1,-1
2023-03-09 15:52:17.604,15732,15733,15733,1,1
2023-03-09 15:52:35.549,15732,15733,15732,1,-1
2023-03-09 15:52:38.625,15732,15733,15732,1,-1
2023-03-09 15:52:40.399,15732,15733,15732,1,-1
2023-03-09 15:52:45.252,15732,15733,15732,1,-1
2023-03-09 15:53:00.309,15731,15732,15731,1,-1
2023-03-09 15:53:01.353,15731,15732,15731,1,-1
2023-03-09 15:53:07.882,15731,15733,15731,1,-1
2023-03-09 15:53:19.705,15731,15732,15731,1,-1
2023-03-09 15:53:23.296,15730,15732,15730,1,-1
2023-03-09 15:53:23.459,15730,15732,15730,1,-1
2023-03-09 15:53:36.321,15731,15732,15731,1,-1
2023-03-09 15:53:42.569,15731,15732,15731,1,-1
2023-03-09 15:53:46.483,15730,15731,15730,1,-1
2023-03-09 15:53:46.987,15730,15731,15730,1,-1
2023-03-09 15:53:49.893,15730,15731,15730,1,-1
2023-03-09 15:53:49.966,15730,15731,15730,1,-1
2023-03-09 15:53:50.366,15730,15731,15730,3,-3
2023-03-09 15:53:52.037,15730,15731,15730,1,-1
2023-03-09 15:53:52.094,15730,15731,15730,4,-4
2023-03-09 15:53:53.499,15729,15730,15730,6,6
2023-03-09 15:54:15.668,15730,15732,15730,1,-1
2023-03-09 15:54:18.809,15730,15732,15730,3,-3
2023-03-09 15:54:22.051,15730,15731,15730,1,-1
2023-03-09 15:54:22.258,15730,15731,15730,1,-1
2023-03-09 15:54:27.948,15730,15731,15730,1,-1
2023-03-09 15:54:29.915,15730,15731,15730,5,-5
2023-03-09 15:54:30.580,15730,15731,15730,1,-1
2023-03-09 15:54:30.810,15730,15731,15730,4,-4
2023-03-09 15:54:53.380,15729,15730,15730,2,2
2023-03-09 15:54:59.334,15729,15730,15729,1,-1
2023-03-09 15:54:59.433,15729,15730,15729,2,-2
2023-03-09 15:55:05.478,15729,15730,15729,3,-3
2023-03-09 15:55:05.479,15729,15730,15729,5,-5
2023-03-09 15:55:05.772,15728,15729,15728,1,-1
2023-03-09 15:55:05.804,15728,15729,15728,1,-1
2023-03-09 15:55:06.398,15728,15729,15728,3,-3
2023-03-09 15:55:06.729,15728,15729,15728,1,-1
2023-03-09 15:55:06.738,15728,15729,15728,1,-1
2023-03-09 15:55:07.869,15728,15729,15729,5,5
2023-03-09 15:55:17.104,15728,15729,15729,2,2
2023-03-09 15:55:23.710,15728,15729,15728,3,-3
2023-03-09 15:55:25.035,15728,15729,15728,1,-1
2023-03-09 15:55:25.311,15728,15729,15728,1,-1
2023-03-09 15:55:25.311,15728,15729,15728,1,-1
2023-03-09 15:55:33.562,15728,15729,15728,1,-1
2023-03-09 15:55:33.656,15728,15729,15728,1,-1
2023-03-09 15:55:36.298,15728,15729,15728,5,-5
2023-03-09 15:55:37.271,15728,15729,15728,3,-3
2023-03-09 15:55:39.506,15728,15729,15728,1,-1
2023-03-09 15:55:39.891,15728,15729,15728,1,-1
2023-03-09 15:55:45.373,15728,15729,15728,1,-1
2023-03-09 15:56:02.896,15728,15729,15728,1,-1
2023-03-09 15:56:04.954,15728,15729,15728,2,-2
2023-03-09 15:56:05.229,15728,15729,15728,1,-1
2023-03-09 15:56:10.846,15728,15729,15728,1,-1
2023-03-09 15:56:14.004,15728,15729,15729,4,4
2023-03-09 15:56:17.235,15729,15730,15729,1,-1
2023-03-09 15:56:23.432,15729,15730,15730,2,2
2023-03-09 15:56:23.725,15729,15730,15729,2,-2
2023-03-09 15:56:23.763,15728,15730,15728,1,-1
2023-03-09 15:56:23.771,15728,15730,15728,1,-1
2023-03-09 15:56:23.778,15728,15730,15728,1,-1
2023-03-09 15:56:23.881,15728,15729,15729,5,5
2023-03-09 15:56:23.881,15728,15729,15730,1,1
2023-03-09 15:56:26.708,15728,15729,15728,4,-4
2023-03-09 15:56:26.708,15728,15729,15727,1,-1
2023-03-09 15:56:26.920,15727,15729,15727,3,-3
2023-03-09 15:56:26.928,15727,15729,15727,1,-1
2023-03-09 15:56:26.934,15727,15729,15727,1,-1
2023-03-09 15:56:27.089,15727,15728,15727,1,-1
2023-03-09 15:56:27.354,15727,15728,15728,1,1
2023-03-09 15:56:29.616,15727,15728,15727,1,-1
2023-03-09 15:56:32.765,15727,15728,15727,6,-6
2023-03-09 15:56:33.994,15726,15727,15726,1,-1
2023-03-09 15:56:34.037,15726,15727,15726,1,-1
2023-03-09 15:56:34.162,15726,15727,15726,7,-7
2023-03-09 15:56:34.250,15726,15727,15726,2,-2
2023-03-09 15:56:35.745,15726,15727,15726,1,-1
2023-03-09 15:56:38.774,15726,15727,15726,4,-4
2023-03-09 15:56:39.153,15726,15727,15727,1,1
2023-03-09 15:56:43.289,15726,15727,15726,1,-1
2023-03-09 15:56:46.020,15726,15727,15726,3,-3
2023-03-09 15:56:47.951,15725,15727,15726,5,-5
2023-03-09 15:56:48.226,15725,15727,15725,1,-1
2023-03-09 15:56:48.270,15725,15727,15725,1,-1
2023-03-09 15:56:48.273,15725,15727,15725,1,-1
2023-03-09 15:56:48.275,15725,15727,15725,1,-1
2023-03-09 15:56:48.275,15725,15727,15725,1,-1
2023-03-09 15:56:48.279,15725,15727,15725,1,-1
2023-03-09 15:56:48.299,15725,15727,15725,1,-1
2023-03-09 15:56:48.305,15725,15727,15725,10,-10
2023-03-09 15:56:48.305,15725,15727,15725,1,-1
2023-03-09 15:56:48.320,15725,15727,15725,1,-1
2023-03-09 15:56:48.335,15725,15727,15725,1,-1
2023-03-09 15:56:48.357,15725,15727,15725,5,-5
2023-03-09 15:56:48.370,15725,15727,15725,1,-1
2023-03-09 15:56:48.393,15725,15726,15725,2,-2
2023-03-09 15:56:48.393,15725,15726,15725,2,-2
2023-03-09 15:56:48.417,15725,15726,15724,1,-1
2023-03-09 15:56:48.423,15725,15726,15724,4,-4
2023-03-09 15:56:48.426,15725,15726,15724,1,-1
2023-03-09 15:56:48.427,15725,15726,15724,1,-1
2023-03-09 15:56:48.427,15725,15726,15724,1,-1
2023-03-09 15:56:48.451,15725,15726,15724,7,-7
2023-03-09 15:56:48.451,15725,15726,15723,5,-5
2023-03-09 15:56:48.471,15725,15726,15723,1,-1
2023-03-09 15:56:48.491,15725,15726,15723,1,-1
2023-03-09 15:56:48.510,15723,15724,15723,1,-1
2023-03-09 15:56:48.523,15723,15724,15723,3,-3
2023-03-09 15:56:48.542,15723,15724,15723,1,-1
2023-03-09 15:56:48.549,15723,15724,15723,4,-4
2023-03-09 15:56:48.556,15723,15724,15723,1,-1
2023-03-09 15:56:48.557,15723,15724,15723,4,-4
2023-03-09 15:56:48.558,15723,15724,15723,1,-1
2023-03-09 15:56:48.567,15723,15724,15723,1,-1
2023-03-09 15:56:48.583,15723,15724,15723,1,-1
2023-03-09 15:56:48.585,15723,15724,15723,2,-2
2023-03-09 15:56:48.588,15723,15724,15724,1,1
2023-03-09 15:56:48.597,15723,15724,15723,1,-1
2023-03-09 15:56:48.604,15723,15724,15723,1,-1
2023-03-09 15:56:48.609,15723,15724,15724,1,1
2023-03-09 15:56:48.611,15723,15724,15724,1,1
2023-03-09 15:56:48.612,15723,15724,15723,1,-1
2023-03-09 15:56:48.635,15723,15724,15723,4,-4
2023-03-09 15:56:48.654,15723,15724,15723,1,-1
2023-03-09 15:56:48.682,15723,15724,15723,1,-1
2023-03-09 15:56:48.704,15723,15724,15724,1,1
2023-03-09 15:56:48.736,15723,15724,15723,1,-1
2023-03-09 15:56:48.811,15723,15725,15723,1,-1
2023-03-09 15:56:48.921,15723,15725,15723,1,-1
2023-03-09 15:56:48.921,15723,15725,15723,1,-1
2023-03-09 15:56:48.955,15723,15725,15723,1,-1
2023-03-09 15:56:48.979,15723,15725,15723,1,-1
2023-03-09 15:56:49.025,15723,15725,15723,1,-1
2023-03-09 15:56:49.044,15723,15725,15723,1,-1
2023-03-09 15:56:49.049,15723,15725,15724,1,-1
2023-03-09 15:56:49.072,15723,15725,15723,2,-2
2023-03-09 15:56:49.082,15723,15725,15723,4,-4
2023-03-09 15:56:49.093,15723,15725,15723,1,-1
2023-03-09 15:56:49.101,15723,15725,15723,1,-1
2023-03-09 15:56:49.151,15723,15724,15723,1,-1
2023-03-09 15:56:49.238,15723,15724,15723,1,-1
2023-03-09 15:56:49.286,15723,15724,15723,1,-1
2023-03-09 15:56:49.307,15723,15724,15723,1,-1
2023-03-09 15:56:49.368,15723,15724,15723,1,-1
2023-03-09 15:56:49.436,15723,15724,15723,1,-1
2023-03-09 15:56:49.505,15723,15724,15723,1,-1
2023-03-09 15:56:49.719,15723,15724,15724,1,1
2023-03-09 15:56:51.933,15724,15725,15724,1,-1
2023-03-09 15:56:52.254,15724,15725,15725,5,5
2023-03-09 15:56:54.661,15725,15726,15725,1,-1
2023-03-09 15:56:59.584,15725,15726,15725,2,-2
2023-03-09 15:57:01.551,15725,15726,15725,3,-3
2023-03-09 15:57:02.066,15724,15726,15724,3,-3
2023-03-09 15:57:04.053,15724,15725,15724,1,-1
2023-03-09 15:57:08.808,15724,15725,15725,6,6
2023-03-09 15:57:10.534,15725,15726,15725,2,-2
2023-03-09 15:57:15.194,15725,15726,15726,1,1
2023-03-09 15:57:15.195,15725,15726,15726,2,2
2023-03-09 15:57:17.437,15726,15727,15726,1,-1
2023-03-09 15:57:21.389,15726,15727,15726,1,-1
2023-03-09 15:57:24.180,15726,15727,15726,1,-1
2023-03-09 15:57:24.453,15726,15727,15726,1,-1
2023-03-09 15:57:25.848,15726,15727,15726,1,-1
2023-03-09 15:57:26.786,15726,15727,15727,1,1
2023-03-09 15:57:26.814,15726,15727,15726,1,-1
2023-03-09 15:57:27.087,15725,15726,15725,1,-1
2023-03-09 15:57:28.546,15725,15726,15726,1,1
2023-03-09 15:57:35.490,15726,15728,15726,1,-1
2023-03-09 15:57:35.675,15726,15728,15726,1,-1
2023-03-09 15:57:39.174,15726,15728,15726,2,-2
2023-03-09 15:57:43.285,15727,15728,15727,1,-1
2023-03-09 15:57:48.382,15727,15729,15727,1,-1
2023-03-09 15:57:49.054,15727,15729,15727,1,-1
2023-03-09 15:57:54.721,15728,15729,15728,1,-1
2023-03-09 15:57:54.762,15728,15729,15728,3,-3
2023-03-09 15:57:54.762,15728,15729,15727,1,-1
2023-03-09 15:57:55.419,15727,15729,15727,1,-1
2023-03-09 15:57:59.635,15727,15728,15727,1,-1
2023-03-09 15:58:00.603,15727,15728,15728,1,1
2023-03-09 15:58:01.311,15727,15728,15727,1,-1
2023-03-09 15:58:01.335,15727,15728,15727,1,-1
2023-03-09 15:58:01.585,15727,15728,15727,1,-1
2023-03-09 15:58:05.625,15727,15728,15727,1,-1
2023-03-09 15:58:10.158,15727,15728,15727,1,-1
2023-03-09 15:58:11.689,15727,15728,15727,6,-6
2023-03-09 15:58:15.213,15727,15728,15727,1,-1
2023-03-09 15:58:15.213,15727,15728,15726,4,-4
2023-03-09 15:58:16.475,15726,15728,15728,1,1
2023-03-09 15:58:31.080,15726,15728,15728,1,1
2023-03-09 15:58:40.921,15728,15729,15729,3,3
2023-03-09 15:58:48.631,15728,15729,15729,1,1
2023-03-09 15:58:59.475,15728,15729,15728,1,-1
2023-03-09 15:58:59.847,15728,15729,15729,3,3
2023-03-09 15:59:03.965,15729,15730,15730,1,1
2023-03-09 15:59:09.259,15729,15730,15730,7,7
2023-03-09 15:59:10.308,15730,15731,15730,1,-1
2023-03-09 15:59:15.799,15729,15730,15730,1,1
2023-03-09 15:59:17.390,15729,15730,15730,4,4
2023-03-09 15:59:20.404,15729,15730,15730,1,1
2023-03-09 15:59:24.832,15729,15730,15729,1,-1
2023-03-09 15:59:25.104,15729,15730,15729,1,-1
2023-03-09 15:59:25.115,15729,15730,15729,1,-1
2023-03-09 15:59:28.093,15729,15730,15729,1,-1
2023-03-09 15:59:29.190,15729,15730,15729,1,-1
2023-03-09 15:59:29.889,15729,15730,15729,1,-1
2023-03-09 15:59:31.435,15729,15730,15729,1,-1
2023-03-09 15:59:39.297,15729,15730,15730,2,2
2023-03-09 15:59:44.028,15730,15731,15730,1,-1
2023-03-09 15:59:49.280,15730,15731,15730,2,-2
2023-03-09 15:59:55.492,15729,15730,15730,5,5
2023-03-09 15:59:55.718,15730,15731,15731,4,4
2023-03-09 15:59:55.776,15730,15732,15730,1,-1
2023-03-09 15:59:55.776,15730,15732,15730,1,-1
2023-03-09 15:59:56.215,15730,15732,15732,3,3
2023-03-09 15:59:56.303,15730,15732,15732,1,1
2023-03-09 15:59:56.326,15730,15732,15730,1,-1
2023-03-09 15:59:56.541,15730,15732,15732,3,3
2023-03-09 16:00:00.396,15731,15732,15732,4,4
2023-03-09 16:00:00.550,15731,15733,15731,1,-1
2023-03-09 16:00:00.550,15731,15733,15731,1,-1
2023-03-09 16:00:00.642,15731,15733,15731,6,-6
2023-03-09 16:00:00.673,15731,15733,15730,2,-2
2023-03-09 16:00:00.723,15731,15733,15730,8,-8
2023-03-09 16:00:00.792,15730,15732,15730,2,-2
2023-03-09 16:00:00.855,15730,15732,15730,2,-2
2023-03-09 16:00:00.923,15730,15731,15730,7,-7
2023-03-09 16:00:00.923,15730,15731,15729,1,-1
2023-03-09 16:00:00.945,15730,15731,15729,1,-1
2023-03-09 16:00:01.027,15729,15730,15730,1,1
2023-03-09 16:00:01.245,15730,15732,15730,2,-2
2023-03-09 16:00:01.334,15729,15730,15729,1,-1
2023-03-09 16:00:01.436,15729,15730,15729,2,-2
2023-03-09 16:00:01.530,15729,15730,15730,3,3
2023-03-09 16:00:07.047,15729,15730,15730,1,1
2023-03-09 16:00:07.176,15729,15731,15731,1,1
2023-03-09 16:00:07.284,15729,15731,15731,1,1
2023-03-09 16:00:09.595,15731,15732,15732,1,1
2023-03-09 16:00:18.650,15732,15733,15732,1,-1
2023-03-09 16:00:19.604,15732,15733,15733,3,3
2023-03-09 16:00:19.657,15732,15734,15734,1,1
2023-03-09 16:00:19.707,15732,15734,15733,1,1
2023-03-09 16:00:20.090,15733,15734,15734,1,1
2023-03-09 16:00:21.125,15734,15735,15735,3,3
2023-03-09 16:00:21.870,15734,15735,15735,1,1
2023-03-09 16:00:22.029,15734,15735,15735,3,3
2023-03-09 16:00:22.029,15734,15735,15735,3,3
2023-03-09 16:00:27.270,15734,15735,15735,1,1
2023-03-09 16:00:32.082,15733,15735,15735,4,4
2023-03-09 16:00:36.728,15735,15736,15735,1,-1
2023-03-09 16:00:38.580,15735,15736,15735,1,-1
2023-03-09 16:00:39.214,15735,15736,15735,1,-1
2023-03-09 16:00:39.719,15735,15736,15735,1,-1
2023-03-09 16:00:39.719,15735,15736,15735,2,-2
2023-03-09 16:00:40.276,15734,15735,15734,1,-1
2023-03-09 16:00:45.938,15733,15734,15734,1,1
2023-03-09 16:00:52.111,15733,15734,15733,1,-1
2023-03-09 16:00:53.357,15730,15732,15732,1,1
2023-03-09 16:00:56.917,15730,15731,15731,1,1
2023-03-09 16:00:56.917,15730,15731,15732,2,2
2023-03-09 16:01:01.557,15731,15732,15731,3,-3
2023-03-09 16:01:01.627,15730,15732,15730,1,-1
2023-03-09 16:01:01.627,15730,15732,15730,1,-1
2023-03-09 16:01:01.780,15730,15732,15730,1,-1
2023-03-09 16:01:02.182,15731,15732,15732,1,1
2023-03-09 16:01:07.688,15731,15732,15731,1,-1
2023-03-09 16:01:09.074,15730,15731,15731,2,2
2023-03-09 16:01:12.198,15730,15731,15730,1,-1
2023-03-09 16:01:14.067,15730,15731,15730,1,-1
2023-03-09 16:01:14.067,15730,15731,15730,2,-2
2023-03-09 16:01:14.067,15730,15731,15730,1,-1
2023-03-09 16:01:15.632,15730,15731,15730,1,-1
2023-03-09 16:01:16.205,15729,15730,15729,2,-2
2023-03-09 16:01:16.215,15729,15730,15730,1,1
2023-03-09 16:01:16.966,15729,15730,15730,1,1
2023-03-09 16:01:21.842,15729,15730,15730,7,7
2023-03-09 16:01:25.493,15730,15731,15730,1,-1
2023-03-09 16:01:27.134,15731,15732,15731,1,-1
2023-03-09 16:01:27.134,15731,15732,15731,1,-1
2023-03-09 16:01:27.411,15731,15732,15731,1,-1
2023-03-09 16:01:27.915,15731,15732,15731,1,-1
2023-03-09 16:01:29.584,15730,15732,15730,1,-1
2023-03-09 16:01:29.765,15730,15732,15730,1,-1
2023-03-09 16:01:31.287,15730,15731,15730,3,-3
2023-03-09 16:01:31.884,15730,15731,15731,1,1
2023-03-09 16:01:33.586,15730,15731,15730,1,-1
2023-03-09 16:01:37.413,15730,15731,15730,1,-1
2023-03-09 16:01:37.451,15730,15731,15730,1,-1
2023-03-09 16:01:37.451,15730,15731,15730,1,-1
2023-03-09 16:01:37.451,15730,15731,15730,1,-1
2023-03-09 16:01:37.451,15730,15731,15730,3,-3
2023-03-09 16:01:37.451,15730,15731,15730,1,-1
2023-03-09 16:01:37.451,15730,15731,15730,2,-2
2023-03-09 16:01:37.452,15730,15731,15730,1,-1
2023-03-09 16:01:37.452,15730,15731,15730,4,-4
2023-03-09 16:01:37.452,15730,15731,15730,2,-2
2023-03-09 16:01:37.452,15730,15731,15730,1,-1
2023-03-09 16:01:39.075,15730,15731,15730,1,-1
2023-03-09 16:01:45.205,15730,15732,15730,3,-3
2023-03-09 16:01:48.730,15730,15731,15730,3,-3
2023-03-09 16:01:53.991,15730,15731,15730,1,-1
2023-03-09 16:01:53.991,15730,15731,15729,2,-2
2023-03-09 16:01:55.857,15729,15731,15729,3,-3
2023-03-09 16:02:00.056,15729,15730,15730,1,1
2023-03-09 16:02:01.937,15729,15730,15730,1,1
2023-03-09 16:02:02.376,15729,15730,15729,1,-1
2023-03-09 16:02:03.336,15728,15729,15728,1,-1
2023-03-09 16:02:03.347,15728,15729,15728,3,-3
2023-03-09 16:02:03.348,15728,15729,15728,11,-11
2023-03-09 16:02:03.842,15726,15727,15726,1,-1
2023-03-09 16:02:03.953,15726,15727,15726,1,-1
2023-03-09 16:02:04.541,15726,15727,15727,3,3
2023-03-09 16:02:04.541,15726,15727,15728,4,4
2023-03-09 16:02:04.719,15726,15728,15726,1,-1
2023-03-09 16:02:06.092,15726,15727,15726,1,-1
2023-03-09 16:02:07.857,15725,15726,15725,1,-1
2023-03-09 16:02:07.904,15725,15726,15725,9,-9
2023-03-09 16:02:07.905,15725,15726,15725,32,-32
2023-03-09 16:02:07.905,15725,15726,15725,1,-1
2023-03-09 16:02:08.800,15724,15725,15724,1,-1
2023-03-09 16:02:11.640,15725,15726,15725,3,-3
2023-03-09 16:02:15.595,15725,15726,15725,1,-1
2023-03-09 16:02:15.979,15725,15726,15725,2,-2
2023-03-09 16:02:16.078,15724,15725,15724,6,-6
2023-03-09 16:02:16.363,15724,15725,15725,4,4
2023-03-09 16:02:20.727,15724,15725,15724,3,-3
2023-03-09 16:02:22.043,15724,15725,15724,1,-1
2023-03-09 16:02:29.612,15724,15725,15724,1,-1
2023-03-09 16:02:33.812,15724,15725,15725,2,2
2023-03-09 16:02:34.531,15724,15725,15724,1,-1
2023-03-09 16:02:42.804,15724,15725,15725,1,1
2023-03-09 16:02:44.020,15724,15725,15724,2,-2
2023-03-09 16:02:44.805,15724,15725,15725,1,1
2023-03-09 16:02:48.021,15724,15725,15725,1,1
2023-03-09 16:02:49.016,15724,15725,15725,1,1
2023-03-09 16:02:49.812,15725,15726,15725,1,-1
2023-03-09 16:02:49.991,15724,15726,15724,1,-1
2023-03-09 16:02:51.398,15724,15725,15725,1,1
2023-03-09 16:02:51.732,15725,15726,15725,1,-1
2023-03-09 16:02:52.223,15725,15726,15725,1,-1
2023-03-09 16:02:54.631,15724,15725,15725,1,1
2023-03-09 16:02:58.262,15724,15725,15725,3,3
2023-03-09 16:02:59.203,15724,15725,15725,1,1
2023-03-09 16:03:00.416,15725,15726,15725,2,-2
2023-03-09 16:03:00.863,15724,15726,15726,1,1
2023-03-09 16:03:08.108,15725,15726,15725,1,-1
2023-03-09 16:03:08.108,15725,15726,15725,1,-1
2023-03-09 16:03:17.296,15726,15727,15726,1,-1
2023-03-09 16:03:17.297,15726,15727,15726,2,-2
2023-03-09 16:03:17.527,15725,15726,15726,2,2
2023-03-09 16:03:22.158,15725,15726,15726,1,1
2023-03-09 16:03:24.331,15726,15728,15727,2,2
2023-03-09 16:03:26.948,15727,15728,15728,1,1
2023-03-09 16:03:29.158,15729,15730,15729,1,-1
2023-03-09 16:03:29.159,15729,15730,15729,3,-3
2023-03-09 16:03:49.461,15727,15728,15727,1,-1
2023-03-09 16:03:51.158,15725,15727,15725,1,-1
2023-03-09 16:03:57.485,15725,15727,15725,5,-5
2023-03-09 16:04:00.292,15725,15727,15725,1,-1
2023-03-09 16:04:02.856,15725,15726,15725,2,-2
2023-03-09 16:04:03.088,15725,15726,15725,5,-5
2023-03-09 16:04:04.524,15725,15726,15725,1,-1
2023-03-09 16:04:05.943,15725,15726,15725,4,-4
2023-03-09 16:04:07.144,15725,15726,15725,1,-1
2023-03-09 16:04:10.037,15724,15726,15725,1,-1
