2021-10-14 15:00:00,16454,16454,16454,456,456
2021-10-14 15:00:00,16454,16454,16454,2,2
2021-10-14 15:00:00,16453,16453,16453,2,-2
2021-10-14 15:00:00,16453,16453,16453,2,2
2021-10-14 15:00:00,16450,16450,16450,2,-2
2021-10-14 15:00:00,16452,16452,16452,8,8
2021-10-14 15:00:00,16455,16455,16455,2,2
2021-10-14 15:00:00,16455,16455,16455,12,12
2021-10-14 15:00:00,16456,16456,16456,6,6
2021-10-14 15:00:00,16457,16457,16457,6,6
2021-10-14 15:00:00,16458,16458,16458,6,6
2021-10-14 15:00:00,16459,16459,16459,16,16
2021-10-14 15:00:00,16460,16460,16460,2,2
2021-10-14 15:00:00,16461,16461,16461,2,2
2021-10-14 15:00:00,16461,16461,16461,2,2
2021-10-14 15:00:00,16462,16462,16462,6,6
2021-10-14 15:00:00,16464,16464,16464,4,4
2021-10-14 15:00:00,16464,16464,16464,54,54
2021-10-14 15:00:00,16453,16453,16453,4,-4
2021-10-14 15:00:00,16450,16450,16450,4,-4
2021-10-14 15:00:00,16452,16452,16452,2,2
2021-10-14 15:00:00,16455,16455,16455,2,2
2021-10-14 15:00:00,16456,16456,16456,2,2
2021-10-14 15:00:00,16457,16457,16457,2,2
2021-10-14 15:00:00,16457,16457,16457,2,2
2021-10-14 15:00:00,16459,16459,16459,2,2
2021-10-14 15:00:00,16455,16455,16455,4,-4
2021-10-14 15:00:00,16459,16459,16459,2,2
2021-10-14 15:00:00,16465,16465,16465,2,2
2021-10-14 15:00:00,16456,16456,16456,4,-4
2021-10-14 15:00:00,16461,16461,16461,2,2
2021-10-14 15:00:00,16464,16464,16464,2,2
2021-10-14 15:00:00,16461,16461,16461,2,-2
2021-10-14 15:00:00,16463,16463,16463,2,2
2021-10-14 15:00:00,16463,16463,16463,2,2
2021-10-14 15:00:00,16464,16464,16464,2,2
2021-10-14 15:00:00,16464,16464,16464,4,4
2021-10-14 15:00:00,16465,16465,16465,4,4
2021-10-14 15:00:00,16463,16463,16463,2,-2
2021-10-14 15:00:00,16464,16464,16464,4,4
2021-10-14 15:00:00,16464,16464,16464,2,2
2021-10-14 15:00:00,16465,16465,16465,2,2
2021-10-14 15:00:00,16461,16461,16461,2,-2
2021-10-14 15:00:00,16460,16460,16460,2,-2
2021-10-14 15:00:00,16460,16460,16460,10,10
2021-10-14 15:00:00,16459,16459,16459,4,-4
2021-10-14 15:00:00,16457,16457,16457,2,-2
2021-10-14 15:00:00,16456,16456,16456,2,-2
2021-10-14 15:00:00,16455,16455,16455,2,-2
2021-10-14 15:00:00,16454,16454,16454,8,-8
2021-10-14 15:00:00,16452,16452,16452,6,-6
2021-10-14 15:00:00,16459,16459,16459,2,2
2021-10-14 15:00:00,16461,16461,16461,2,2
2021-10-14 15:00:00,16462,16462,16462,2,2
2021-10-14 15:00:00,16463,16463,16463,2,2
2021-10-14 15:00:00,16464,16464,16464,2,2
2021-10-14 15:00:00,16465,16465,16465,4,4
2021-10-14 15:00:00,16466,16466,16466,2,2
2021-10-14 15:00:00,16466,16466,16466,2,2
2021-10-14 15:00:00,16465,16465,16465,2,-2
2021-10-14 15:00:00,16462,16462,16462,4,-4
2021-10-14 15:00:00,16464,16464,16464,10,10
2021-10-14 15:00:00,16466,16466,16466,2,2
2021-10-14 15:00:01,16466,16466,16466,2,2
2021-10-14 15:00:01,16462,16462,16462,4,-4
2021-10-14 15:00:01,16461,16461,16461,2,-2
2021-10-14 15:00:01,16462,16462,16462,4,4
2021-10-14 15:00:01,16462,16462,16462,8,8
2021-10-14 15:00:01,16466,16466,16466,2,2
2021-10-14 15:00:01,16462,16462,16462,2,-2
2021-10-14 15:00:01,16466,16466,16466,4,4
2021-10-14 15:00:01,16462,16462,16462,4,-4
2021-10-14 15:00:01,16462,16462,16462,4,4
2021-10-14 15:00:01,16466,16466,16466,4,4
2021-10-14 15:00:02,16460,16460,16460,2,-2
2021-10-14 15:00:02,16459,16459,16459,2,-2
2021-10-14 15:00:02,16459,16459,16459,2,2
2021-10-14 15:00:02,16459,16459,16459,2,2
2021-10-14 15:00:02,16459,16459,16459,2,2
2021-10-14 15:00:02,16458,16458,16458,2,-2
2021-10-14 15:00:02,16457,16457,16457,2,-2
2021-10-14 15:00:02,16459,16459,16459,4,4
2021-10-14 15:00:02,16456,16456,16456,2,-2
2021-10-14 15:00:02,16459,16459,16459,4,4
2021-10-14 15:00:02,16457,16457,16457,2,-2
2021-10-14 15:00:02,16459,16459,16459,2,2
2021-10-14 15:00:02,16456,16456,16456,10,-10
2021-10-14 15:00:02,16456,16456,16456,2,2
2021-10-14 15:00:02,16456,16456,16456,2,2
2021-10-14 15:00:02,16459,16459,16459,2,2
2021-10-14 15:00:02,16455,16455,16455,2,-2
2021-10-14 15:00:02,16454,16454,16454,2,-2
2021-10-14 15:00:02,16452,16452,16452,2,-2
2021-10-14 15:00:02,16452,16452,16452,2,2
2021-10-14 15:00:03,16451,16451,16451,2,-2
2021-10-14 15:00:03,16451,16451,16451,2,2
2021-10-14 15:00:03,16453,16453,16453,2,2
2021-10-14 15:00:03,16454,16454,16454,4,4
2021-10-14 15:00:03,16453,16453,16453,2,-2
2021-10-14 15:00:03,16451,16451,16451,2,-2
2021-10-14 15:00:03,16454,16454,16454,2,2
2021-10-14 15:00:03,16450,16450,16450,4,-4
2021-10-14 15:00:03,16454,16454,16454,4,4
2021-10-14 15:00:03,16454,16454,16454,2,2
2021-10-14 15:00:03,16455,16455,16455,2,2
2021-10-14 15:00:03,16452,16452,16452,2,-2
2021-10-14 15:00:03,16452,16452,16452,2,2
2021-10-14 15:00:04,16451,16451,16451,2,-2
2021-10-14 15:00:04,16450,16450,16450,2,-2
2021-10-14 15:00:04,16450,16450,16450,2,2
2021-10-14 15:00:04,16450,16450,16450,2,2
2021-10-14 15:00:04,16450,16450,16450,2,2
2021-10-14 15:00:04,16450,16450,16450,2,2
2021-10-14 15:00:04,16450,16450,16450,2,2
2021-10-14 15:00:04,16449,16449,16449,2,-2
2021-10-14 15:00:04,16448,16448,16448,2,-2
2021-10-14 15:00:04,16448,16448,16448,2,2
2021-10-14 15:00:04,16449,16449,16449,2,2
2021-10-14 15:00:04,16450,16450,16450,2,2
2021-10-14 15:00:04,16450,16450,16450,4,4
2021-10-14 15:00:04,16451,16451,16451,4,4
2021-10-14 15:00:04,16448,16448,16448,2,-2
2021-10-14 15:00:04,16448,16448,16448,4,4
2021-10-14 15:00:04,16448,16448,16448,4,4
2021-10-14 15:00:04,16452,16452,16452,2,2
2021-10-14 15:00:05,16448,16448,16448,4,-4
2021-10-14 15:00:05,16451,16451,16451,2,2
2021-10-14 15:00:05,16450,16450,16450,2,-2
2021-10-14 15:00:05,16448,16448,16448,2,-2
2021-10-14 15:00:05,16452,16452,16452,2,2
2021-10-14 15:00:06,16448,16448,16448,2,-2
2021-10-14 15:00:06,16448,16448,16448,2,2
2021-10-14 15:00:06,16450,16450,16450,2,2
2021-10-14 15:00:06,16451,16451,16451,2,2
2021-10-14 15:00:06,16452,16452,16452,2,2
2021-10-14 15:00:06,16448,16448,16448,2,-2
2021-10-14 15:00:06,16452,16452,16452,2,2
2021-10-14 15:00:07,16452,16452,16452,2,2
2021-10-14 15:00:07,16452,16452,16452,2,2
2021-10-14 15:00:08,16452,16452,16452,2,2
2021-10-14 15:00:08,16452,16452,16452,4,4
2021-10-14 15:00:08,16452,16452,16452,2,2
2021-10-14 15:00:08,16452,16452,16452,2,2
2021-10-14 15:00:08,16452,16452,16452,2,2
2021-10-14 15:00:08,16450,16450,16450,2,-2
2021-10-14 15:00:08,16450,16450,16450,2,2
2021-10-14 15:00:09,16451,16451,16451,2,2
2021-10-14 15:00:09,16452,16452,16452,2,2
2021-10-14 15:00:09,16452,16452,16452,4,4
2021-10-14 15:00:09,16453,16453,16453,4,4
2021-10-14 15:00:09,16452,16452,16452,2,-2
2021-10-14 15:00:09,16455,16455,16455,2,2
2021-10-14 15:00:09,16453,16453,16453,2,-2
2021-10-14 15:00:10,16455,16455,16455,2,2
2021-10-14 15:00:10,16455,16455,16455,8,8
2021-10-14 15:00:10,16455,16455,16455,2,2
2021-10-14 15:00:10,16455,16455,16455,2,2
2021-10-14 15:00:12,16454,16454,16454,6,-6
2021-10-14 15:00:12,16453,16453,16453,2,-2
2021-10-14 15:00:12,16453,16453,16453,2,2
2021-10-14 15:00:12,16455,16455,16455,12,12
2021-10-14 15:00:12,16453,16453,16453,2,-2
2021-10-14 15:00:12,16453,16453,16453,2,2
2021-10-14 15:00:13,16455,16455,16455,2,2
2021-10-14 15:00:13,16454,16454,16454,2,-2
2021-10-14 15:00:13,16454,16454,16454,2,2
2021-10-14 15:00:13,16454,16454,16454,2,2
2021-10-14 15:00:13,16456,16456,16456,10,10
2021-10-14 15:00:15,16456,16456,16456,4,4
2021-10-14 15:00:15,16456,16456,16456,2,2
2021-10-14 15:00:15,16456,16456,16456,6,6
2021-10-14 15:00:15,16457,16457,16457,6,6
2021-10-14 15:00:15,16458,16458,16458,4,4
2021-10-14 15:00:16,16456,16456,16456,2,-2
2021-10-14 15:00:16,16456,16456,16456,2,2
2021-10-14 15:00:16,16456,16456,16456,2,2
2021-10-14 15:00:16,16456,16456,16456,4,4
2021-10-14 15:00:16,16456,16456,16456,4,4
2021-10-14 15:00:16,16456,16456,16456,6,6
2021-10-14 15:00:17,16455,16455,16455,2,-2
2021-10-14 15:00:17,16455,16455,16455,2,2
2021-10-14 15:00:17,16457,16457,16457,2,2
2021-10-14 15:00:17,16455,16455,16455,4,-4
2021-10-14 15:00:17,16455,16455,16455,2,2
2021-10-14 15:00:17,16454,16454,16454,2,-2
2021-10-14 15:00:17,16454,16454,16454,2,2
2021-10-14 15:00:17,16453,16453,16453,4,-4
2021-10-14 15:00:17,16453,16453,16453,2,2
2021-10-14 15:00:18,16453,16453,16453,2,2
2021-10-14 15:00:18,16454,16454,16454,2,2
2021-10-14 15:00:18,16454,16454,16454,2,2
2021-10-14 15:00:18,16455,16455,16455,2,2
2021-10-14 15:00:18,16455,16455,16455,2,2
2021-10-14 15:00:18,16455,16455,16455,2,2
2021-10-14 15:00:18,16454,16454,16454,2,-2
2021-10-14 15:00:19,16455,16455,16455,2,2
2021-10-14 15:00:19,16455,16455,16455,2,2
2021-10-14 15:00:19,16456,16456,16456,2,2
2021-10-14 15:00:19,16454,16454,16454,2,-2
2021-10-14 15:00:19,16454,16454,16454,2,2
2021-10-14 15:00:20,16456,16456,16456,10,10
2021-10-14 15:00:20,16456,16456,16456,8,8
2021-10-14 15:00:20,16457,16457,16457,2,2
2021-10-14 15:00:20,16455,16455,16455,2,-2
2021-10-14 15:00:20,16456,16456,16456,10,10
2021-10-14 15:00:21,16454,16454,16454,2,-2
2021-10-14 15:00:21,16454,16454,16454,4,4
2021-10-14 15:00:21,16454,16454,16454,10,10
2021-10-14 15:00:21,16455,16455,16455,10,10
2021-10-14 15:00:21,16453,16453,16453,2,-2
2021-10-14 15:00:22,16455,16455,16455,2,2
2021-10-14 15:00:22,16455,16455,16455,10,10
2021-10-14 15:00:22,16456,16456,16456,12,12
2021-10-14 15:00:22,16456,16456,16456,10,10
2021-10-14 15:00:22,16456,16456,16456,4,4
2021-10-14 15:00:23,16456,16456,16456,2,2
2021-10-14 15:00:23,16455,16455,16455,30,-30
2021-10-14 15:00:23,16455,16455,16455,10,10
2021-10-14 15:00:24,16455,16455,16455,8,8
2021-10-14 15:00:24,16456,16456,16456,2,2
2021-10-14 15:00:24,16456,16456,16456,20,20
2021-10-14 15:00:24,16456,16456,16456,2,2
2021-10-14 15:00:25,16454,16454,16454,2,-2
2021-10-14 15:00:25,16453,16453,16453,2,-2
2021-10-14 15:00:25,16455,16455,16455,2,2
2021-10-14 15:00:25,16455,16455,16455,2,2
2021-10-14 15:00:25,16456,16456,16456,4,4
2021-10-14 15:00:26,16456,16456,16456,2,2
2021-10-14 15:00:27,16455,16455,16455,4,-4
2021-10-14 15:00:27,16456,16456,16456,2,2
2021-10-14 15:00:27,16455,16455,16455,2,-2
2021-10-14 15:00:27,16456,16456,16456,4,4
2021-10-14 15:00:27,16455,16455,16455,2,-2
2021-10-14 15:00:28,16455,16455,16455,2,2
2021-10-14 15:00:28,16456,16456,16456,4,4
2021-10-14 15:00:28,16455,16455,16455,2,-2
2021-10-14 15:00:28,16457,16457,16457,2,2
2021-10-14 15:00:28,16455,16455,16455,2,-2
2021-10-14 15:00:29,16455,16455,16455,2,2
2021-10-14 15:00:29,16456,16456,16456,4,4
2021-10-14 15:00:30,16456,16456,16456,2,2
2021-10-14 15:00:30,16456,16456,16456,2,2
2021-10-14 15:00:30,16456,16456,16456,4,4
2021-10-14 15:00:30,16457,16457,16457,16,16
2021-10-14 15:00:30,16456,16456,16456,2,-2
2021-10-14 15:00:30,16456,16456,16456,2,2
2021-10-14 15:00:30,16458,16458,16458,6,6
2021-10-14 15:00:31,16458,16458,16458,8,8
2021-10-14 15:00:31,16459,16459,16459,6,6
2021-10-14 15:00:31,16460,16460,16460,2,2
2021-10-14 15:00:31,16458,16458,16458,2,-2
2021-10-14 15:00:31,16458,16458,16458,2,2
2021-10-14 15:00:31,16460,16460,16460,20,20
2021-10-14 15:00:32,16460,16460,16460,6,6
2021-10-14 15:00:32,16458,16458,16458,2,-2
2021-10-14 15:00:32,16458,16458,16458,2,2
2021-10-14 15:00:32,16457,16457,16457,2,-2
2021-10-14 15:00:32,16457,16457,16457,2,2
2021-10-14 15:00:32,16459,16459,16459,2,2
2021-10-14 15:00:33,16457,16457,16457,2,-2
2021-10-14 15:00:33,16458,16458,16458,6,6
2021-10-14 15:00:33,16459,16459,16459,2,2
2021-10-14 15:00:33,16460,16460,16460,12,12
2021-10-14 15:00:33,16458,16458,16458,2,-2
2021-10-14 15:00:33,16458,16458,16458,2,2
2021-10-14 15:00:33,16458,16458,16458,2,2
2021-10-14 15:00:33,16457,16457,16457,2,-2
2021-10-14 15:00:34,16459,16459,16459,2,2
2021-10-14 15:00:34,16459,16459,16459,2,2
2021-10-14 15:00:34,16458,16458,16458,4,-4
2021-10-14 15:00:34,16459,16459,16459,6,6
2021-10-14 15:00:34,16460,16460,16460,4,4
2021-10-14 15:00:36,16459,16459,16459,2,-2
2021-10-14 15:00:36,16459,16459,16459,2,2
2021-10-14 15:00:36,16459,16459,16459,2,2
2021-10-14 15:00:36,16459,16459,16459,2,2
2021-10-14 15:00:36,16459,16459,16459,2,2
2021-10-14 15:00:36,16459,16459,16459,8,8
2021-10-14 15:00:36,16460,16460,16460,2,2
2021-10-14 15:00:36,16460,16460,16460,4,4
2021-10-14 15:00:37,16458,16458,16458,2,-2
2021-10-14 15:00:38,16459,16459,16459,2,2
2021-10-14 15:00:38,16459,16459,16459,2,2
2021-10-14 15:00:38,16457,16457,16457,4,-4
2021-10-14 15:00:38,16457,16457,16457,2,2
2021-10-14 15:00:38,16457,16457,16457,2,2
2021-10-14 15:00:38,16457,16457,16457,2,2
2021-10-14 15:00:39,16458,16458,16458,2,2
2021-10-14 15:00:39,16460,16460,16460,2,2
2021-10-14 15:00:39,16459,16459,16459,2,-2
2021-10-14 15:00:39,16458,16458,16458,20,-20
2021-10-14 15:00:40,16458,16458,16458,2,2
2021-10-14 15:00:40,16457,16457,16457,2,-2
2021-10-14 15:00:40,16457,16457,16457,2,2
2021-10-14 15:00:41,16459,16459,16459,2,2
2021-10-14 15:00:41,16458,16458,16458,4,-4
2021-10-14 15:00:41,16459,16459,16459,10,10
2021-10-14 15:00:41,16458,16458,16458,2,-2
2021-10-14 15:00:42,16459,16459,16459,2,2
2021-10-14 15:00:42,16459,16459,16459,2,2
2021-10-14 15:00:42,16458,16458,16458,2,-2
2021-10-14 15:00:42,16459,16459,16459,2,2
2021-10-14 15:00:42,16459,16459,16459,2,2
2021-10-14 15:00:42,16460,16460,16460,2,2
2021-10-14 15:00:42,16460,16460,16460,2,2
2021-10-14 15:00:42,16460,16460,16460,10,10
2021-10-14 15:00:42,16460,16460,16460,10,10
2021-10-14 15:00:44,16459,16459,16459,2,-2
2021-10-14 15:00:44,16460,16460,16460,8,8
2021-10-14 15:00:44,16459,16459,16459,2,-2
2021-10-14 15:00:45,16460,16460,16460,2,2
2021-10-14 15:00:45,16460,16460,16460,4,4
2021-10-14 15:00:45,16460,16460,16460,4,4
2021-10-14 15:00:45,16461,16461,16461,6,6
2021-10-14 15:00:46,16461,16461,16461,2,2
2021-10-14 15:00:46,16462,16462,16462,2,2
2021-10-14 15:00:46,16462,16462,16462,2,2
2021-10-14 15:00:46,16462,16462,16462,2,2
2021-10-14 15:00:47,16461,16461,16461,2,-2
2021-10-14 15:00:47,16462,16462,16462,2,2
2021-10-14 15:00:47,16461,16461,16461,2,-2
2021-10-14 15:00:48,16463,16463,16463,4,4
2021-10-14 15:00:48,16463,16463,16463,2,2
2021-10-14 15:00:48,16464,16464,16464,6,6
2021-10-14 15:00:48,16465,16465,16465,2,2
2021-10-14 15:00:48,16462,16462,16462,2,-2
2021-10-14 15:00:48,16464,16464,16464,4,4
2021-10-14 15:00:48,16465,16465,16465,6,6
2021-10-14 15:00:49,16462,16462,16462,2,-2
2021-10-14 15:00:50,16462,16462,16462,2,2
2021-10-14 15:00:51,16463,16463,16463,2,2
2021-10-14 15:00:51,16462,16462,16462,2,-2
2021-10-14 15:00:51,16464,16464,16464,2,2
2021-10-14 15:00:51,16462,16462,16462,2,-2
2021-10-14 15:00:51,16462,16462,16462,2,2
2021-10-14 15:00:52,16462,16462,16462,2,2
2021-10-14 15:00:52,16462,16462,16462,2,2
2021-10-14 15:00:52,16464,16464,16464,2,2
2021-10-14 15:00:52,16463,16463,16463,2,-2
2021-10-14 15:00:52,16462,16462,16462,2,-2
2021-10-14 15:00:53,16463,16463,16463,2,2
2021-10-14 15:00:53,16463,16463,16463,2,2
2021-10-14 15:00:53,16463,16463,16463,2,2
2021-10-14 15:00:54,16463,16463,16463,2,2
2021-10-14 15:00:54,16464,16464,16464,2,2
2021-10-14 15:00:54,16464,16464,16464,2,2
2021-10-14 15:00:54,16464,16464,16464,2,2
2021-10-14 15:00:54,16464,16464,16464,2,2
2021-10-14 15:00:55,16463,16463,16463,2,-2
2021-10-14 15:00:56,16463,16463,16463,2,2
2021-10-14 15:00:56,16464,16464,16464,2,2
2021-10-14 15:00:56,16464,16464,16464,2,2
2021-10-14 15:00:56,16465,16465,16465,2,2
2021-10-14 15:00:56,16465,16465,16465,2,2
2021-10-14 15:00:56,16465,16465,16465,8,8
2021-10-14 15:00:56,16465,16465,16465,2,2
2021-10-14 15:00:56,16465,16465,16465,2,2
2021-10-14 15:00:56,16465,16465,16465,2,2
2021-10-14 15:00:56,16464,16464,16464,2,-2
2021-10-14 15:00:56,16462,16462,16462,2,-2
2021-10-14 15:00:57,16462,16462,16462,2,2
2021-10-14 15:00:57,16463,16463,16463,2,2
2021-10-14 15:00:58,16462,16462,16462,2,-2
2021-10-14 15:00:58,16462,16462,16462,4,4
2021-10-14 15:00:58,16462,16462,16462,2,2
2021-10-14 15:00:58,16461,16461,16461,6,-6
2021-10-14 15:00:58,16461,16461,16461,2,2
2021-10-14 15:00:58,16461,16461,16461,4,4
2021-10-14 15:00:58,16460,16460,16460,2,-2
2021-10-14 15:00:59,16460,16460,16460,2,2
2021-10-14 15:00:59,16460,16460,16460,2,2
2021-10-14 15:00:59,16462,16462,16462,10,10
2021-10-14 15:00:59,16460,16460,16460,2,-2
2021-10-14 15:01:00,16461,16461,16461,2,2
2021-10-14 15:01:00,16462,16462,16462,2,2
2021-10-14 15:01:00,16462,16462,16462,2,2
2021-10-14 15:01:00,16463,16463,16463,4,4
2021-10-14 15:01:00,16462,16462,16462,2,-2
2021-10-14 15:01:00,16462,16462,16462,2,2
2021-10-14 15:01:00,16463,16463,16463,2,2
2021-10-14 15:01:00,16462,16462,16462,38,-38
2021-10-14 15:01:00,16462,16462,16462,2,2
2021-10-14 15:01:01,16461,16461,16461,2,-2
2021-10-14 15:01:01,16462,16462,16462,2,2
2021-10-14 15:01:01,16462,16462,16462,2,2
2021-10-14 15:01:01,16462,16462,16462,2,2
2021-10-14 15:01:01,16460,16460,16460,2,-2
2021-10-14 15:01:01,16462,16462,16462,2,2
2021-10-14 15:01:02,16460,16460,16460,2,-2
2021-10-14 15:01:02,16460,16460,16460,2,2
2021-10-14 15:01:02,16460,16460,16460,2,2
2021-10-14 15:01:03,16460,16460,16460,2,2
2021-10-14 15:01:03,16460,16460,16460,2,2
2021-10-14 15:01:03,16460,16460,16460,4,4
2021-10-14 15:01:03,16461,16461,16461,2,2
2021-10-14 15:01:04,16460,16460,16460,2,-2
2021-10-14 15:01:04,16460,16460,16460,2,2
2021-10-14 15:01:04,16460,16460,16460,2,2
2021-10-14 15:01:04,16460,16460,16460,2,2
2021-10-14 15:01:04,16460,16460,16460,2,2
2021-10-14 15:01:05,16459,16459,16459,2,-2
2021-10-14 15:01:05,16459,16459,16459,8,8
2021-10-14 15:01:05,16459,16459,16459,10,10
2021-10-14 15:01:05,16459,16459,16459,2,2
2021-10-14 15:01:05,16458,16458,16458,2,-2
2021-10-14 15:01:06,16458,16458,16458,2,2
2021-10-14 15:01:06,16459,16459,16459,10,10
2021-10-14 15:01:06,16460,16460,16460,22,22
2021-10-14 15:01:06,16460,16460,16460,2,2
2021-10-14 15:01:06,16459,16459,16459,2,-2
2021-10-14 15:01:07,16460,16460,16460,2,2
2021-10-14 15:01:07,16460,16460,16460,2,2
2021-10-14 15:01:07,16460,16460,16460,2,2
2021-10-14 15:01:07,16460,16460,16460,2,2
2021-10-14 15:01:07,16459,16459,16459,2,-2
2021-10-14 15:01:07,16459,16459,16459,2,2
2021-10-14 15:01:07,16459,16459,16459,24,24
2021-10-14 15:01:07,16459,16459,16459,2,2
2021-10-14 15:01:07,16459,16459,16459,2,2
2021-10-14 15:01:07,16458,16458,16458,2,-2
2021-10-14 15:01:08,16459,16459,16459,4,4
2021-10-14 15:01:08,16458,16458,16458,2,-2
2021-10-14 15:01:09,16458,16458,16458,2,2
2021-10-14 15:01:09,16458,16458,16458,6,6
2021-10-14 15:01:09,16458,16458,16458,2,2
2021-10-14 15:01:09,16459,16459,16459,6,6
2021-10-14 15:01:09,16459,16459,16459,2,2
2021-10-14 15:01:10,16459,16459,16459,2,2
2021-10-14 15:01:10,16459,16459,16459,30,30
2021-10-14 15:01:10,16459,16459,16459,2,2
2021-10-14 15:01:10,16457,16457,16457,2,-2
2021-10-14 15:01:10,16457,16457,16457,2,2
2021-10-14 15:01:10,16458,16458,16458,2,2
2021-10-14 15:01:10,16458,16458,16458,2,2
2021-10-14 15:01:11,16456,16456,16456,2,-2
2021-10-14 15:01:11,16456,16456,16456,2,2
2021-10-14 15:01:11,16456,16456,16456,2,2
2021-10-14 15:01:11,16456,16456,16456,2,2
2021-10-14 15:01:11,16456,16456,16456,4,4
2021-10-14 15:01:11,16456,16456,16456,2,2
2021-10-14 15:01:11,16456,16456,16456,6,6
2021-10-14 15:01:11,16456,16456,16456,2,2
2021-10-14 15:01:11,16456,16456,16456,2,2
2021-10-14 15:01:11,16456,16456,16456,2,2
2021-10-14 15:01:11,16456,16456,16456,2,2
2021-10-14 15:01:11,16455,16455,16455,2,-2
2021-10-14 15:01:11,16455,16455,16455,2,2
2021-10-14 15:01:12,16455,16455,16455,2,2
2021-10-14 15:01:12,16455,16455,16455,2,2
2021-10-14 15:01:13,16455,16455,16455,2,2
2021-10-14 15:01:13,16455,16455,16455,2,2
2021-10-14 15:01:13,16455,16455,16455,2,2
2021-10-14 15:01:13,16455,16455,16455,2,2
2021-10-14 15:01:14,16454,16454,16454,2,-2
2021-10-14 15:01:14,16454,16454,16454,2,2
2021-10-14 15:01:15,16454,16454,16454,2,2
2021-10-14 15:01:16,16454,16454,16454,2,2
2021-10-14 15:01:16,16454,16454,16454,2,2
2021-10-14 15:01:16,16454,16454,16454,2,2
2021-10-14 15:01:16,16454,16454,16454,2,2
2021-10-14 15:01:17,16454,16454,16454,2,2
2021-10-14 15:01:17,16454,16454,16454,2,2
2021-10-14 15:01:17,16454,16454,16454,2,2
2021-10-14 15:01:17,16455,16455,16455,2,2
2021-10-14 15:01:17,16455,16455,16455,2,2
2021-10-14 15:01:17,16455,16455,16455,2,2
2021-10-14 15:01:17,16455,16455,16455,2,2
2021-10-14 15:01:17,16455,16455,16455,2,2
2021-10-14 15:01:17,16456,16456,16456,2,2
2021-10-14 15:01:17,16456,16456,16456,2,2
2021-10-14 15:01:17,16457,16457,16457,2,2
2021-10-14 15:01:17,16454,16454,16454,2,-2
2021-10-14 15:01:17,16455,16455,16455,2,2
2021-10-14 15:01:17,16456,16456,16456,4,4
2021-10-14 15:01:18,16457,16457,16457,4,4
2021-10-14 15:01:18,16454,16454,16454,2,-2
2021-10-14 15:01:18,16456,16456,16456,4,4
2021-10-14 15:01:18,16456,16456,16456,2,2
2021-10-14 15:01:18,16455,16455,16455,2,-2
2021-10-14 15:01:20,16456,16456,16456,2,2
2021-10-14 15:01:20,16456,16456,16456,2,2
2021-10-14 15:01:20,16455,16455,16455,2,-2
2021-10-14 15:01:21,16455,16455,16455,2,2
2021-10-14 15:01:21,16455,16455,16455,2,2
2021-10-14 15:01:22,16455,16455,16455,2,2
2021-10-14 15:01:22,16455,16455,16455,16,16
2021-10-14 15:01:22,16456,16456,16456,2,2
2021-10-14 15:01:22,16456,16456,16456,2,2
2021-10-14 15:01:23,16457,16457,16457,6,6
2021-10-14 15:01:23,16457,16457,16457,2,2
2021-10-14 15:01:23,16456,16456,16456,2,-2
2021-10-14 15:01:24,16458,16458,16458,4,4
2021-10-14 15:01:24,16458,16458,16458,6,6
2021-10-14 15:01:24,16457,16457,16457,2,-2
2021-10-14 15:01:25,16458,16458,16458,2,2
2021-10-14 15:01:26,16458,16458,16458,2,2
2021-10-14 15:01:26,16458,16458,16458,6,6
2021-10-14 15:01:26,16457,16457,16457,4,-4
2021-10-14 15:01:27,16457,16457,16457,2,2
2021-10-14 15:01:27,16457,16457,16457,2,2
2021-10-14 15:01:27,16457,16457,16457,2,2
2021-10-14 15:01:27,16456,16456,16456,2,-2
2021-10-14 15:01:28,16458,16458,16458,2,2
2021-10-14 15:01:28,16456,16456,16456,2,-2
2021-10-14 15:01:28,16456,16456,16456,2,2
2021-10-14 15:01:28,16456,16456,16456,2,2
2021-10-14 15:01:29,16456,16456,16456,2,2
2021-10-14 15:01:30,16457,16457,16457,2,2
2021-10-14 15:01:30,16457,16457,16457,2,2
2021-10-14 15:01:30,16457,16457,16457,2,2
2021-10-14 15:01:31,16458,16458,16458,20,20
2021-10-14 15:01:31,16458,16458,16458,10,10
2021-10-14 15:01:31,16457,16457,16457,2,-2
2021-10-14 15:01:32,16458,16458,16458,2,2
2021-10-14 15:01:32,16457,16457,16457,2,-2
2021-10-14 15:01:32,16457,16457,16457,2,2
2021-10-14 15:01:33,16457,16457,16457,8,8
2021-10-14 15:01:33,16457,16457,16457,2,2
2021-10-14 15:01:33,16457,16457,16457,6,6
2021-10-14 15:01:35,16457,16457,16457,2,2
2021-10-14 15:01:37,16457,16457,16457,2,2
2021-10-14 15:01:37,16457,16457,16457,2,2
2021-10-14 15:01:38,16456,16456,16456,2,-2
2021-10-14 15:01:38,16458,16458,16458,2,2
2021-10-14 15:01:38,16458,16458,16458,2,2
2021-10-14 15:01:38,16458,16458,16458,2,2
2021-10-14 15:01:38,16458,16458,16458,2,2
2021-10-14 15:01:38,16458,16458,16458,2,2
2021-10-14 15:01:42,16457,16457,16457,2,-2
2021-10-14 15:01:42,16458,16458,16458,2,2
2021-10-14 15:01:42,16457,16457,16457,6,-6
2021-10-14 15:01:43,16457,16457,16457,6,6
2021-10-14 15:01:43,16457,16457,16457,4,4
2021-10-14 15:01:43,16457,16457,16457,2,2
2021-10-14 15:01:44,16457,16457,16457,2,2
2021-10-14 15:01:45,16456,16456,16456,2,-2
2021-10-14 15:01:45,16456,16456,16456,2,2
2021-10-14 15:01:46,16455,16455,16455,2,-2
2021-10-14 15:01:46,16455,16455,16455,2,2
2021-10-14 15:01:47,16457,16457,16457,2,2
2021-10-14 15:01:47,16455,16455,16455,2,-2
2021-10-14 15:01:47,16455,16455,16455,6,6
2021-10-14 15:01:48,16457,16457,16457,2,2
2021-10-14 15:01:50,16456,16456,16456,2,-2
2021-10-14 15:01:51,16455,16455,16455,2,-2
2021-10-14 15:01:51,16455,16455,16455,2,2
2021-10-14 15:01:52,16455,16455,16455,2,2
2021-10-14 15:01:52,16456,16456,16456,4,4
2021-10-14 15:01:52,16457,16457,16457,16,16
2021-10-14 15:01:52,16455,16455,16455,2,-2
2021-10-14 15:01:52,16455,16455,16455,4,4
2021-10-14 15:01:52,16458,16458,16458,2,2
2021-10-14 15:01:52,16456,16456,16456,2,-2
2021-10-14 15:01:52,16456,16456,16456,2,2
2021-10-14 15:01:52,16456,16456,16456,2,2
2021-10-14 15:01:52,16458,16458,16458,34,34
2021-10-14 15:01:53,16457,16457,16457,2,-2
2021-10-14 15:01:53,16457,16457,16457,2,2
2021-10-14 15:01:53,16457,16457,16457,2,2
2021-10-14 15:01:55,16458,16458,16458,2,2
2021-10-14 15:01:55,16458,16458,16458,2,2
2021-10-14 15:01:55,16458,16458,16458,2,2
2021-10-14 15:01:55,16458,16458,16458,2,2
2021-10-14 15:01:55,16458,16458,16458,2,2
2021-10-14 15:01:56,16458,16458,16458,2,2
2021-10-14 15:01:56,16458,16458,16458,2,2
2021-10-14 15:01:57,16457,16457,16457,2,-2
2021-10-14 15:01:57,16458,16458,16458,2,2
2021-10-14 15:01:58,16458,16458,16458,2,2
2021-10-14 15:01:58,16457,16457,16457,4,-4
2021-10-14 15:01:59,16458,16458,16458,2,2
2021-10-14 15:01:59,16459,16459,16459,10,10
2021-10-14 15:01:59,16458,16458,16458,2,-2
2021-10-14 15:02:00,16457,16457,16457,2,-2
2021-10-14 15:02:00,16456,16456,16456,2,-2
2021-10-14 15:02:00,16456,16456,16456,2,2
2021-10-14 15:02:00,16456,16456,16456,2,2
2021-10-14 15:02:01,16455,16455,16455,2,-2
2021-10-14 15:02:01,16455,16455,16455,2,2
2021-10-14 15:02:01,16455,16455,16455,2,2
2021-10-14 15:02:02,16457,16457,16457,8,8
2021-10-14 15:02:02,16458,16458,16458,2,2
2021-10-14 15:02:02,16458,16458,16458,2,2
2021-10-14 15:02:02,16457,16457,16457,2,-2
2021-10-14 15:02:03,16457,16457,16457,2,2
2021-10-14 15:02:03,16457,16457,16457,2,2
2021-10-14 15:02:03,16458,16458,16458,6,6
2021-10-14 15:02:04,16458,16458,16458,10,10
2021-10-14 15:02:05,16456,16456,16456,2,-2
2021-10-14 15:02:07,16457,16457,16457,2,2
2021-10-14 15:02:07,16458,16458,16458,8,8
2021-10-14 15:02:07,16456,16456,16456,2,-2
2021-10-14 15:02:09,16456,16456,16456,2,2
2021-10-14 15:02:09,16457,16457,16457,2,2
2021-10-14 15:02:10,16458,16458,16458,2,2
2021-10-14 15:02:10,16458,16458,16458,16,16
2021-10-14 15:02:10,16458,16458,16458,2,2
2021-10-14 15:02:11,16458,16458,16458,2,2
2021-10-14 15:02:11,16458,16458,16458,2,2
2021-10-14 15:02:11,16458,16458,16458,2,2
2021-10-14 15:02:14,16457,16457,16457,2,-2
2021-10-14 15:02:14,16457,16457,16457,2,2
2021-10-14 15:02:15,16457,16457,16457,2,2
2021-10-14 15:02:16,16456,16456,16456,2,-2
2021-10-14 15:02:16,16456,16456,16456,8,8
2021-10-14 15:02:16,16456,16456,16456,16,16
2021-10-14 15:02:16,16456,16456,16456,2,2
2021-10-14 15:02:16,16456,16456,16456,2,2
2021-10-14 15:02:16,16456,16456,16456,2,2
2021-10-14 15:02:16,16456,16456,16456,4,4
2021-10-14 15:02:16,16456,16456,16456,6,6
2021-10-14 15:02:16,16456,16456,16456,2,2
2021-10-14 15:02:16,16456,16456,16456,2,2
2021-10-14 15:02:17,16457,16457,16457,2,2
2021-10-14 15:02:19,16457,16457,16457,2,2
2021-10-14 15:02:20,16456,16456,16456,4,-4
2021-10-14 15:02:20,16456,16456,16456,2,2
2021-10-14 15:02:20,16457,16457,16457,2,2
2021-10-14 15:02:20,16457,16457,16457,2,2
2021-10-14 15:02:23,16457,16457,16457,2,2
2021-10-14 15:02:24,16457,16457,16457,2,2
2021-10-14 15:02:24,16457,16457,16457,2,2
2021-10-14 15:02:24,16457,16457,16457,2,2
2021-10-14 15:02:24,16457,16457,16457,2,2
2021-10-14 15:02:25,16458,16458,16458,18,18
2021-10-14 15:02:25,16458,16458,16458,2,2
2021-10-14 15:02:26,16458,16458,16458,2,2
2021-10-14 15:02:26,16458,16458,16458,2,2
2021-10-14 15:02:27,16458,16458,16458,2,2
2021-10-14 15:02:29,16458,16458,16458,2,2
2021-10-14 15:02:30,16458,16458,16458,2,2
2021-10-14 15:02:31,16458,16458,16458,2,2
2021-10-14 15:02:31,16458,16458,16458,10,10
2021-10-14 15:02:32,16458,16458,16458,2,2
2021-10-14 15:02:34,16458,16458,16458,2,2
2021-10-14 15:02:36,16458,16458,16458,2,2
2021-10-14 15:02:39,16457,16457,16457,2,-2
2021-10-14 15:02:40,16458,16458,16458,2,2
2021-10-14 15:02:40,16457,16457,16457,2,-2
2021-10-14 15:02:40,16458,16458,16458,2,2
2021-10-14 15:02:41,16458,16458,16458,2,2
2021-10-14 15:02:41,16457,16457,16457,2,-2
2021-10-14 15:02:41,16457,16457,16457,2,2
2021-10-14 15:02:41,16458,16458,16458,2,2
2021-10-14 15:02:44,16458,16458,16458,2,2
2021-10-14 15:02:44,16458,16458,16458,2,2
2021-10-14 15:02:45,16457,16457,16457,2,-2
2021-10-14 15:02:46,16458,16458,16458,2,2
2021-10-14 15:02:47,16458,16458,16458,10,10
2021-10-14 15:02:49,16458,16458,16458,10,10
2021-10-14 15:02:50,16459,16459,16459,2,2
2021-10-14 15:02:50,16458,16458,16458,2,-2
2021-10-14 15:02:52,16458,16458,16458,2,2
2021-10-14 15:02:52,16458,16458,16458,2,2
2021-10-14 15:02:56,16458,16458,16458,2,2
2021-10-14 15:02:56,16458,16458,16458,2,2
2021-10-14 15:02:56,16458,16458,16458,2,2
2021-10-14 15:02:57,16457,16457,16457,2,-2
2021-10-14 15:03:00,16457,16457,16457,2,2
2021-10-14 15:03:00,16457,16457,16457,2,2
2021-10-14 15:03:00,16457,16457,16457,2,2
2021-10-14 15:03:00,16457,16457,16457,2,2
2021-10-14 15:03:00,16457,16457,16457,2,2
2021-10-14 15:03:00,16457,16457,16457,2,2
2021-10-14 15:03:00,16457,16457,16457,8,8
2021-10-14 15:03:00,16457,16457,16457,2,2
2021-10-14 15:03:00,16457,16457,16457,2,2
2021-10-14 15:03:00,16457,16457,16457,20,20
2021-10-14 15:03:00,16457,16457,16457,4,4
2021-10-14 15:03:00,16457,16457,16457,2,2
2021-10-14 15:03:00,16457,16457,16457,2,2
2021-10-14 15:03:00,16456,16456,16456,4,-4
2021-10-14 15:03:00,16456,16456,16456,2,2
2021-10-14 15:03:00,16456,16456,16456,2,2
2021-10-14 15:03:00,16456,16456,16456,2,2
2021-10-14 15:03:00,16457,16457,16457,4,4
2021-10-14 15:03:00,16457,16457,16457,2,2
2021-10-14 15:03:01,16456,16456,16456,2,-2
2021-10-14 15:03:01,16456,16456,16456,4,4
2021-10-14 15:03:01,16455,16455,16455,2,-2
2021-10-14 15:03:01,16455,16455,16455,2,2
2021-10-14 15:03:01,16455,16455,16455,2,2
2021-10-14 15:03:01,16455,16455,16455,2,2
2021-10-14 15:03:01,16455,16455,16455,2,2
2021-10-14 15:03:01,16455,16455,16455,2,2
2021-10-14 15:03:03,16454,16454,16454,4,-4
2021-10-14 15:03:03,16454,16454,16454,2,2
2021-10-14 15:03:04,16455,16455,16455,2,2
2021-10-14 15:03:05,16454,16454,16454,2,-2
2021-10-14 15:03:05,16454,16454,16454,2,2
2021-10-14 15:03:05,16455,16455,16455,2,2
2021-10-14 15:03:06,16454,16454,16454,2,-2
2021-10-14 15:03:06,16454,16454,16454,2,2
2021-10-14 15:03:06,16454,16454,16454,2,2
2021-10-14 15:03:06,16454,16454,16454,2,2
2021-10-14 15:03:08,16454,16454,16454,6,6
2021-10-14 15:03:08,16454,16454,16454,2,2
2021-10-14 15:03:09,16453,16453,16453,2,-2
2021-10-14 15:03:09,16453,16453,16453,2,2
2021-10-14 15:03:09,16454,16454,16454,6,6
2021-10-14 15:03:10,16454,16454,16454,10,10
2021-10-14 15:03:12,16454,16454,16454,6,6
2021-10-14 15:03:12,16453,16453,16453,6,-6
2021-10-14 15:03:12,16453,16453,16453,2,2
2021-10-14 15:03:12,16453,16453,16453,6,6
2021-10-14 15:03:12,16453,16453,16453,2,2
2021-10-14 15:03:12,16453,16453,16453,2,2
2021-10-14 15:03:12,16453,16453,16453,2,2
2021-10-14 15:03:12,16453,16453,16453,12,12
2021-10-14 15:03:12,16453,16453,16453,2,2
2021-10-14 15:03:12,16453,16453,16453,2,2
2021-10-14 15:03:14,16452,16452,16452,4,-4
2021-10-14 15:03:14,16452,16452,16452,2,2
2021-10-14 15:03:17,16452,16452,16452,2,2
2021-10-14 15:03:18,16452,16452,16452,2,2
2021-10-14 15:03:18,16453,16453,16453,2,2
2021-10-14 15:03:18,16453,16453,16453,2,2
2021-10-14 15:03:18,16453,16453,16453,2,2
2021-10-14 15:03:18,16453,16453,16453,2,2
2021-10-14 15:03:18,16453,16453,16453,2,2
2021-10-14 15:03:20,16452,16452,16452,2,-2
2021-10-14 15:03:21,16452,16452,16452,2,2
2021-10-14 15:03:21,16453,16453,16453,2,2
2021-10-14 15:03:22,16453,16453,16453,4,4
2021-10-14 15:03:22,16453,16453,16453,2,2
2021-10-14 15:03:22,16453,16453,16453,2,2
2021-10-14 15:03:22,16452,16452,16452,2,-2
2021-10-14 15:03:23,16452,16452,16452,2,2
2021-10-14 15:03:24,16453,16453,16453,2,2
2021-10-14 15:03:25,16453,16453,16453,2,2
2021-10-14 15:03:25,16454,16454,16454,2,2
2021-10-14 15:03:25,16454,16454,16454,2,2
2021-10-14 15:03:27,16454,16454,16454,4,4
2021-10-14 15:03:27,16454,16454,16454,2,2
2021-10-14 15:03:27,16454,16454,16454,2,2
2021-10-14 15:03:28,16454,16454,16454,4,4
2021-10-14 15:03:28,16453,16453,16453,2,-2
2021-10-14 15:03:32,16454,16454,16454,2,2
2021-10-14 15:03:32,16453,16453,16453,2,-2
2021-10-14 15:03:33,16454,16454,16454,2,2
2021-10-14 15:03:35,16454,16454,16454,2,2
2021-10-14 15:03:35,16454,16454,16454,2,2
2021-10-14 15:03:35,16455,16455,16455,28,28
2021-10-14 15:03:35,16455,16455,16455,2,2
2021-10-14 15:03:36,16455,16455,16455,4,4
2021-10-14 15:03:36,16455,16455,16455,2,2
2021-10-14 15:03:36,16455,16455,16455,2,2
2021-10-14 15:03:38,16456,16456,16456,2,2
2021-10-14 15:03:38,16456,16456,16456,10,10
2021-10-14 15:03:38,16456,16456,16456,2,2
2021-10-14 15:03:40,16456,16456,16456,2,2
2021-10-14 15:03:42,16456,16456,16456,2,2
2021-10-14 15:03:42,16457,16457,16457,4,4
2021-10-14 15:03:42,16457,16457,16457,6,6
2021-10-14 15:03:42,16457,16457,16457,10,10
2021-10-14 15:03:44,16456,16456,16456,6,-6
2021-10-14 15:03:44,16457,16457,16457,2,2
2021-10-14 15:03:46,16457,16457,16457,6,6
2021-10-14 15:03:46,16456,16456,16456,2,-2
2021-10-14 15:03:46,16456,16456,16456,2,2
2021-10-14 15:03:46,16455,16455,16455,2,-2
2021-10-14 15:03:47,16455,16455,16455,2,2
2021-10-14 15:03:51,16456,16456,16456,4,4
2021-10-14 15:03:52,16457,16457,16457,6,6
2021-10-14 15:03:55,16456,16456,16456,2,-2
2021-10-14 15:03:55,16456,16456,16456,6,6
2021-10-14 15:03:55,16456,16456,16456,2,2
2021-10-14 15:03:57,16456,16456,16456,2,2
2021-10-14 15:03:57,16456,16456,16456,2,2
2021-10-14 15:03:57,16456,16456,16456,2,2
2021-10-14 15:03:57,16456,16456,16456,2,2
2021-10-14 15:03:57,16456,16456,16456,2,2
2021-10-14 15:03:58,16457,16457,16457,6,6
2021-10-14 15:03:59,16456,16456,16456,2,-2
2021-10-14 15:03:59,16456,16456,16456,2,2
2021-10-14 15:03:59,16455,16455,16455,2,-2
2021-10-14 15:04:00,16456,16456,16456,2,2
2021-10-14 15:04:01,16456,16456,16456,4,4
2021-10-14 15:04:02,16456,16456,16456,8,8
2021-10-14 15:04:04,16456,16456,16456,12,12
2021-10-14 15:04:04,16456,16456,16456,8,8
2021-10-14 15:04:04,16456,16456,16456,2,2
2021-10-14 15:04:08,16456,16456,16456,10,10
2021-10-14 15:04:09,16456,16456,16456,2,2
2021-10-14 15:04:09,16456,16456,16456,2,2
2021-10-14 15:04:09,16456,16456,16456,6,6
2021-10-14 15:04:09,16456,16456,16456,2,2
2021-10-14 15:04:10,16457,16457,16457,4,4
2021-10-14 15:04:11,16456,16456,16456,2,-2
2021-10-14 15:04:11,16456,16456,16456,6,6
2021-10-14 15:04:11,16456,16456,16456,2,2
2021-10-14 15:04:14,16456,16456,16456,2,2
2021-10-14 15:04:14,16456,16456,16456,2,2
2021-10-14 15:04:15,16456,16456,16456,2,2
2021-10-14 15:04:17,16456,16456,16456,2,2
2021-10-14 15:04:19,16456,16456,16456,10,10
2021-10-14 15:04:19,16456,16456,16456,2,2
2021-10-14 15:04:19,16456,16456,16456,4,4
2021-10-14 15:04:19,16456,16456,16456,2,2
2021-10-14 15:04:19,16456,16456,16456,2,2
2021-10-14 15:04:19,16456,16456,16456,2,2
2021-10-14 15:04:21,16456,16456,16456,14,14
2021-10-14 15:04:22,16456,16456,16456,14,14
2021-10-14 15:04:27,16456,16456,16456,2,2
2021-10-14 15:04:27,16456,16456,16456,4,4
2021-10-14 15:04:27,16456,16456,16456,2,2
2021-10-14 15:04:27,16456,16456,16456,2,2
2021-10-14 15:04:28,16456,16456,16456,2,2
2021-10-14 15:04:28,16456,16456,16456,2,2
2021-10-14 15:04:29,16456,16456,16456,2,2
2021-10-14 15:04:30,16456,16456,16456,12,12
2021-10-14 15:04:30,16456,16456,16456,2,2
2021-10-14 15:04:31,16456,16456,16456,2,2
2021-10-14 15:04:32,16456,16456,16456,4,4
2021-10-14 15:04:34,16456,16456,16456,2,2
2021-10-14 15:04:34,16456,16456,16456,6,6
2021-10-14 15:04:34,16456,16456,16456,2,2
2021-10-14 15:04:34,16455,16455,16455,6,-6
2021-10-14 15:04:35,16456,16456,16456,2,2
2021-10-14 15:04:37,16456,16456,16456,2,2
2021-10-14 15:04:38,16457,16457,16457,2,2
2021-10-14 15:04:39,16457,16457,16457,2,2
2021-10-14 15:04:40,16456,16456,16456,2,-2
2021-10-14 15:04:44,16456,16456,16456,4,4
2021-10-14 15:04:47,16456,16456,16456,2,2
2021-10-14 15:04:52,16456,16456,16456,2,2
2021-10-14 15:04:52,16456,16456,16456,6,6
2021-10-14 15:04:52,16456,16456,16456,6,6
2021-10-14 15:04:52,16456,16456,16456,2,2
2021-10-14 15:04:52,16456,16456,16456,8,8
2021-10-14 15:04:52,16456,16456,16456,2,2
2021-10-14 15:04:52,16456,16456,16456,2,2
2021-10-14 15:04:52,16456,16456,16456,14,14
2021-10-14 15:04:52,16456,16456,16456,2,2
2021-10-14 15:04:55,16456,16456,16456,2,2
2021-10-14 15:04:55,16455,16455,16455,2,-2
2021-10-14 15:04:55,16456,16456,16456,8,8
2021-10-14 15:04:56,16456,16456,16456,2,2
2021-10-14 15:04:56,16456,16456,16456,2,2
2021-10-14 15:04:57,16456,16456,16456,2,2
2021-10-14 15:04:57,16456,16456,16456,4,4
2021-10-14 15:04:59,16456,16456,16456,2,2
2021-10-14 15:04:59,16456,16456,16456,2,2
2021-10-14 15:04:59,16456,16456,16456,4,4
2021-10-14 15:04:59,16456,16456,16456,2,2
2021-10-14 15:05:00,16457,16457,16457,2,2
2021-10-14 15:05:00,16457,16457,16457,4,4
2021-10-14 15:05:00,16457,16457,16457,2,2
2021-10-14 15:05:00,16457,16457,16457,2,2
2021-10-14 15:05:00,16457,16457,16457,2,2
2021-10-14 15:05:00,16457,16457,16457,2,2
2021-10-14 15:05:00,16457,16457,16457,2,2
2021-10-14 15:05:01,16457,16457,16457,12,12
2021-10-14 15:05:01,16457,16457,16457,2,2
2021-10-14 15:05:01,16457,16457,16457,16,16
2021-10-14 15:05:01,16457,16457,16457,2,2
2021-10-14 15:05:01,16457,16457,16457,4,4
2021-10-14 15:05:01,16457,16457,16457,2,2
2021-10-14 15:05:01,16457,16457,16457,2,2
2021-10-14 15:05:01,16458,16458,16458,2,2
2021-10-14 15:05:01,16458,16458,16458,4,4
2021-10-14 15:05:01,16456,16456,16456,6,-6
2021-10-14 15:05:01,16456,16456,16456,2,2
2021-10-14 15:05:01,16456,16456,16456,2,2
2021-10-14 15:05:01,16456,16456,16456,2,2
2021-10-14 15:05:01,16457,16457,16457,6,6
2021-10-14 15:05:01,16456,16456,16456,2,-2
2021-10-14 15:05:01,16456,16456,16456,4,4
2021-10-14 15:05:01,16456,16456,16456,2,2
2021-10-14 15:05:02,16457,16457,16457,2,2
2021-10-14 15:05:02,16457,16457,16457,2,2
2021-10-14 15:05:04,16456,16456,16456,2,-2
2021-10-14 15:05:04,16456,16456,16456,2,2
2021-10-14 15:05:06,16456,16456,16456,2,2
2021-10-14 15:05:08,16456,16456,16456,2,2
2021-10-14 15:05:08,16457,16457,16457,2,2
2021-10-14 15:05:09,16456,16456,16456,2,-2
2021-10-14 15:05:09,16456,16456,16456,2,2
2021-10-14 15:05:09,16456,16456,16456,2,2
2021-10-14 15:05:10,16457,16457,16457,10,10
2021-10-14 15:05:12,16456,16456,16456,2,-2
2021-10-14 15:05:12,16456,16456,16456,2,2
2021-10-14 15:05:12,16456,16456,16456,2,2
2021-10-14 15:05:13,16456,16456,16456,2,2
2021-10-14 15:05:15,16456,16456,16456,2,2
2021-10-14 15:05:16,16455,16455,16455,2,-2
2021-10-14 15:05:16,16455,16455,16455,10,10
2021-10-14 15:05:16,16455,16455,16455,2,2
2021-10-14 15:05:16,16455,16455,16455,2,2
2021-10-14 15:05:16,16455,16455,16455,2,2
2021-10-14 15:05:16,16455,16455,16455,10,10
2021-10-14 15:05:16,16455,16455,16455,6,6
2021-10-14 15:05:16,16455,16455,16455,6,6
2021-10-14 15:05:16,16455,16455,16455,4,4
2021-10-14 15:05:16,16455,16455,16455,10,10
2021-10-14 15:05:16,16455,16455,16455,2,2
2021-10-14 15:05:16,16455,16455,16455,2,2
2021-10-14 15:05:16,16455,16455,16455,90,90
2021-10-14 15:05:16,16455,16455,16455,2,2
2021-10-14 15:05:16,16455,16455,16455,2,2
2021-10-14 15:05:16,16455,16455,16455,2,2
2021-10-14 15:05:16,16455,16455,16455,2,2
2021-10-14 15:05:16,16454,16454,16454,2,-2
2021-10-14 15:05:17,16454,16454,16454,10,10
2021-10-14 15:05:18,16454,16454,16454,8,8
2021-10-14 15:05:18,16454,16454,16454,6,6
2021-10-14 15:05:18,16454,16454,16454,2,2
2021-10-14 15:05:18,16454,16454,16454,2,2
2021-10-14 15:05:18,16455,16455,16455,2,2
2021-10-14 15:05:18,16455,16455,16455,2,2
2021-10-14 15:05:18,16455,16455,16455,2,2
2021-10-14 15:05:19,16454,16454,16454,2,-2
2021-10-14 15:05:21,16455,16455,16455,2,2
2021-10-14 15:05:25,16454,16454,16454,2,-2
2021-10-14 15:05:27,16453,16453,16453,2,-2
2021-10-14 15:05:32,16454,16454,16454,2,2
2021-10-14 15:05:32,16455,16455,16455,2,2
2021-10-14 15:05:32,16455,16455,16455,2,2
2021-10-14 15:05:34,16453,16453,16453,2,-2
2021-10-14 15:05:34,16453,16453,16453,4,4
2021-10-14 15:05:36,16453,16453,16453,2,2
2021-10-14 15:05:36,16453,16453,16453,8,8
2021-10-14 15:05:36,16453,16453,16453,2,2
2021-10-14 15:05:36,16453,16453,16453,14,14
2021-10-14 15:05:36,16453,16453,16453,4,4
2021-10-14 15:05:36,16453,16453,16453,2,2
2021-10-14 15:05:36,16453,16453,16453,2,2
2021-10-14 15:05:38,16453,16453,16453,2,2
2021-10-14 15:05:39,16453,16453,16453,2,2
2021-10-14 15:05:39,16453,16453,16453,2,2
2021-10-14 15:05:39,16453,16453,16453,4,4
2021-10-14 15:05:39,16453,16453,16453,2,2
2021-10-14 15:05:40,16453,16453,16453,2,2
2021-10-14 15:05:41,16453,16453,16453,2,2
2021-10-14 15:05:42,16453,16453,16453,2,2
2021-10-14 15:05:42,16453,16453,16453,6,6
2021-10-14 15:05:42,16453,16453,16453,2,2
2021-10-14 15:05:44,16453,16453,16453,2,2
2021-10-14 15:05:44,16453,16453,16453,4,4
2021-10-14 15:05:44,16453,16453,16453,8,8
2021-10-14 15:05:47,16453,16453,16453,2,2
2021-10-14 15:05:47,16452,16452,16452,2,-2
2021-10-14 15:05:49,16452,16452,16452,6,6
2021-10-14 15:05:49,16452,16452,16452,2,2
2021-10-14 15:05:49,16453,16453,16453,4,4
2021-10-14 15:05:49,16454,16454,16454,18,18
2021-10-14 15:05:53,16454,16454,16454,2,2
2021-10-14 15:05:54,16454,16454,16454,10,10
2021-10-14 15:05:54,16454,16454,16454,8,8
2021-10-14 15:05:54,16454,16454,16454,2,2
2021-10-14 15:05:54,16454,16454,16454,2,2
2021-10-14 15:05:54,16454,16454,16454,2,2
2021-10-14 15:05:54,16454,16454,16454,2,2
2021-10-14 15:05:54,16454,16454,16454,10,10
2021-10-14 15:05:54,16453,16453,16453,10,-10
2021-10-14 15:05:57,16453,16453,16453,4,4
2021-10-14 15:05:57,16453,16453,16453,2,2
2021-10-14 15:05:57,16453,16453,16453,4,4
2021-10-14 15:05:58,16453,16453,16453,2,2
2021-10-14 15:05:59,16453,16453,16453,2,2
2021-10-14 15:06:01,16453,16453,16453,2,2
2021-10-14 15:06:01,16453,16453,16453,2,2
2021-10-14 15:06:01,16453,16453,16453,2,2
2021-10-14 15:06:01,16453,16453,16453,2,2
2021-10-14 15:06:01,16453,16453,16453,2,2
2021-10-14 15:06:01,16453,16453,16453,2,2
2021-10-14 15:06:01,16453,16453,16453,2,2
2021-10-14 15:06:01,16453,16453,16453,2,2
2021-10-14 15:06:01,16452,16452,16452,4,-4
2021-10-14 15:06:01,16452,16452,16452,2,2
2021-10-14 15:06:01,16452,16452,16452,2,2
2021-10-14 15:06:01,16452,16452,16452,6,6
2021-10-14 15:06:01,16452,16452,16452,2,2
2021-10-14 15:06:01,16452,16452,16452,2,2
2021-10-14 15:06:01,16452,16452,16452,2,2
2021-10-14 15:06:02,16452,16452,16452,2,2
2021-10-14 15:06:02,16452,16452,16452,2,2
2021-10-14 15:06:03,16452,16452,16452,2,2
2021-10-14 15:06:04,16451,16451,16451,2,-2
2021-10-14 15:06:04,16451,16451,16451,2,2
2021-10-14 15:06:04,16451,16451,16451,2,2
2021-10-14 15:06:05,16451,16451,16451,2,2
2021-10-14 15:06:05,16452,16452,16452,2,2
2021-10-14 15:06:06,16451,16451,16451,2,-2
2021-10-14 15:06:07,16451,16451,16451,2,2
2021-10-14 15:06:07,16451,16451,16451,2,2
2021-10-14 15:06:07,16452,16452,16452,2,2
2021-10-14 15:06:07,16452,16452,16452,4,4
2021-10-14 15:06:07,16453,16453,16453,4,4
2021-10-14 15:06:09,16453,16453,16453,4,4
2021-10-14 15:06:09,16454,16454,16454,4,4
2021-10-14 15:06:11,16453,16453,16453,2,-2
2021-10-14 15:06:13,16451,16451,16451,2,-2
2021-10-14 15:06:14,16454,16454,16454,8,8
2021-10-14 15:06:14,16451,16451,16451,2,-2
2021-10-14 15:06:15,16453,16453,16453,4,4
2021-10-14 15:06:15,16454,16454,16454,4,4
2021-10-14 15:06:16,16452,16452,16452,2,-2
2021-10-14 15:06:20,16454,16454,16454,10,10
2021-10-14 15:06:25,16453,16453,16453,2,-2
2021-10-14 15:06:26,16452,16452,16452,2,-2
2021-10-14 15:06:27,16452,16452,16452,2,2
2021-10-14 15:06:27,16452,16452,16452,2,2
2021-10-14 15:06:27,16452,16452,16452,2,2
2021-10-14 15:06:27,16452,16452,16452,2,2
2021-10-14 15:06:27,16452,16452,16452,2,2
2021-10-14 15:06:27,16452,16452,16452,10,10
2021-10-14 15:06:27,16452,16452,16452,4,4
2021-10-14 15:06:28,16453,16453,16453,2,2
2021-10-14 15:06:29,16453,16453,16453,2,2
2021-10-14 15:06:29,16452,16452,16452,2,-2
2021-10-14 15:06:29,16451,16451,16451,2,-2
2021-10-14 15:06:29,16451,16451,16451,2,2
2021-10-14 15:06:29,16451,16451,16451,2,2
2021-10-14 15:06:29,16451,16451,16451,2,2
2021-10-14 15:06:31,16453,16453,16453,10,10
2021-10-14 15:06:32,16453,16453,16453,2,2
2021-10-14 15:06:34,16454,16454,16454,2,2
2021-10-14 15:06:35,16453,16453,16453,6,-6
2021-10-14 15:06:38,16453,16453,16453,2,2
2021-10-14 15:06:39,16453,16453,16453,40,40
2021-10-14 15:06:39,16453,16453,16453,2,2
2021-10-14 15:06:39,16453,16453,16453,2,2
2021-10-14 15:06:40,16452,16452,16452,2,-2
2021-10-14 15:06:41,16452,16452,16452,2,2
2021-10-14 15:06:41,16452,16452,16452,2,2
2021-10-14 15:06:41,16452,16452,16452,14,14
2021-10-14 15:06:41,16452,16452,16452,4,4
2021-10-14 15:06:41,16452,16452,16452,2,2
2021-10-14 15:06:41,16453,16453,16453,2,2
2021-10-14 15:06:42,16452,16452,16452,2,-2
2021-10-14 15:06:42,16451,16451,16451,4,-4
2021-10-14 15:06:42,16451,16451,16451,6,6
2021-10-14 15:06:42,16452,16452,16452,2,2
2021-10-14 15:06:42,16451,16451,16451,4,-4
2021-10-14 15:06:42,16451,16451,16451,4,4
2021-10-14 15:06:42,16451,16451,16451,2,2
2021-10-14 15:06:43,16452,16452,16452,2,2
2021-10-14 15:06:43,16453,16453,16453,2,2
2021-10-14 15:06:44,16451,16451,16451,6,-6
2021-10-14 15:06:44,16451,16451,16451,4,4
2021-10-14 15:06:44,16451,16451,16451,2,2
2021-10-14 15:06:45,16451,16451,16451,2,2
2021-10-14 15:06:45,16451,16451,16451,2,2
2021-10-14 15:06:47,16451,16451,16451,2,2
2021-10-14 15:06:47,16451,16451,16451,2,2
2021-10-14 15:06:47,16451,16451,16451,2,2
2021-10-14 15:06:47,16451,16451,16451,2,2
2021-10-14 15:06:48,16452,16452,16452,2,2
2021-10-14 15:06:48,16453,16453,16453,6,6
2021-10-14 15:06:49,16451,16451,16451,2,-2
2021-10-14 15:06:53,16451,16451,16451,2,2
2021-10-14 15:06:54,16451,16451,16451,2,2
2021-10-14 15:06:55,16452,16452,16452,4,4
2021-10-14 15:06:55,16452,16452,16452,2,2
2021-10-14 15:06:55,16452,16452,16452,2,2
2021-10-14 15:06:55,16453,16453,16453,2,2
2021-10-14 15:06:57,16453,16453,16453,2,2
2021-10-14 15:06:57,16453,16453,16453,44,44
2021-10-14 15:06:57,16454,16454,16454,2,2
2021-10-14 15:06:57,16454,16454,16454,2,2
2021-10-14 15:06:57,16454,16454,16454,12,12
2021-10-14 15:06:57,16454,16454,16454,2,2
2021-10-14 15:06:59,16453,16453,16453,2,-2
2021-10-14 15:06:59,16454,16454,16454,10,10
2021-10-14 15:07:04,16453,16453,16453,2,-2
2021-10-14 15:07:04,16454,16454,16454,12,12
2021-10-14 15:07:04,16453,16453,16453,2,-2
2021-10-14 15:07:04,16454,16454,16454,2,2
2021-10-14 15:07:05,16454,16454,16454,2,2
2021-10-14 15:07:06,16454,16454,16454,4,4
2021-10-14 15:07:06,16453,16453,16453,2,-2
2021-10-14 15:07:11,16453,16453,16453,2,2
2021-10-14 15:07:12,16454,16454,16454,2,2
2021-10-14 15:07:12,16454,16454,16454,2,2
2021-10-14 15:07:14,16453,16453,16453,2,-2
2021-10-14 15:07:14,16453,16453,16453,2,2
2021-10-14 15:07:14,16453,16453,16453,2,2
2021-10-14 15:07:14,16453,16453,16453,2,2
2021-10-14 15:07:18,16453,16453,16453,2,2
2021-10-14 15:07:20,16453,16453,16453,2,2
2021-10-14 15:07:22,16453,16453,16453,2,2
2021-10-14 15:07:22,16453,16453,16453,2,2
2021-10-14 15:07:22,16453,16453,16453,4,4
2021-10-14 15:07:24,16453,16453,16453,2,2
2021-10-14 15:07:25,16453,16453,16453,2,2
2021-10-14 15:07:26,16454,16454,16454,4,4
2021-10-14 15:07:28,16453,16453,16453,2,-2
2021-10-14 15:07:29,16453,16453,16453,2,2
2021-10-14 15:07:29,16453,16453,16453,2,2
2021-10-14 15:07:29,16453,16453,16453,2,2
2021-10-14 15:07:30,16452,16452,16452,2,-2
2021-10-14 15:07:34,16452,16452,16452,2,2
2021-10-14 15:07:35,16453,16453,16453,4,4
2021-10-14 15:07:36,16453,16453,16453,2,2
2021-10-14 15:07:36,16452,16452,16452,2,-2
2021-10-14 15:07:38,16452,16452,16452,4,4
2021-10-14 15:07:41,16452,16452,16452,8,8
2021-10-14 15:07:41,16452,16452,16452,2,2
2021-10-14 15:07:41,16452,16452,16452,4,4
2021-10-14 15:07:41,16452,16452,16452,2,2
2021-10-14 15:07:41,16452,16452,16452,2,2
2021-10-14 15:07:41,16452,16452,16452,2,2
2021-10-14 15:07:41,16452,16452,16452,2,2
2021-10-14 15:07:41,16452,16452,16452,2,2
2021-10-14 15:07:41,16453,16453,16453,4,4
2021-10-14 15:07:42,16452,16452,16452,2,-2
2021-10-14 15:07:44,16452,16452,16452,4,4
2021-10-14 15:07:47,16452,16452,16452,2,2
2021-10-14 15:07:48,16452,16452,16452,2,2
2021-10-14 15:07:53,16452,16452,16452,2,2
2021-10-14 15:07:53,16452,16452,16452,6,6
2021-10-14 15:07:53,16452,16452,16452,2,2
2021-10-14 15:07:53,16452,16452,16452,2,2
2021-10-14 15:07:54,16452,16452,16452,2,2
2021-10-14 15:08:00,16453,16453,16453,2,2
2021-10-14 15:08:00,16453,16453,16453,10,10
2021-10-14 15:08:05,16452,16452,16452,8,-8
2021-10-14 15:08:05,16452,16452,16452,2,2
2021-10-14 15:08:05,16452,16452,16452,30,30
2021-10-14 15:08:05,16452,16452,16452,8,8
2021-10-14 15:08:05,16452,16452,16452,2,2
2021-10-14 15:08:05,16452,16452,16452,2,2
2021-10-14 15:08:05,16452,16452,16452,2,2
2021-10-14 15:08:05,16452,16452,16452,2,2
2021-10-14 15:08:12,16451,16451,16451,2,-2
2021-10-14 15:08:12,16451,16451,16451,2,2
2021-10-14 15:08:15,16451,16451,16451,2,2
2021-10-14 15:08:15,16451,16451,16451,2,2
2021-10-14 15:08:19,16452,16452,16452,2,2
2021-10-14 15:08:20,16452,16452,16452,2,2
2021-10-14 15:08:22,16451,16451,16451,2,-2
2021-10-14 15:08:22,16451,16451,16451,2,2
2021-10-14 15:08:22,16451,16451,16451,4,4
2021-10-14 15:08:22,16451,16451,16451,2,2
2021-10-14 15:08:22,16451,16451,16451,22,22
2021-10-14 15:08:22,16451,16451,16451,2,2
2021-10-14 15:08:22,16451,16451,16451,2,2
2021-10-14 15:08:22,16451,16451,16451,20,20
2021-10-14 15:08:22,16451,16451,16451,2,2
2021-10-14 15:08:22,16451,16451,16451,2,2
2021-10-14 15:08:22,16451,16451,16451,8,8
2021-10-14 15:08:23,16451,16451,16451,2,2
2021-10-14 15:08:27,16451,16451,16451,2,2
2021-10-14 15:08:28,16450,16450,16450,2,-2
2021-10-14 15:08:28,16450,16450,16450,2,2
2021-10-14 15:08:28,16450,16450,16450,2,2
2021-10-14 15:08:28,16451,16451,16451,2,2
2021-10-14 15:08:29,16450,16450,16450,6,-6
2021-10-14 15:08:30,16451,16451,16451,2,2
2021-10-14 15:08:32,16450,16450,16450,2,-2
2021-10-14 15:08:33,16451,16451,16451,6,6
2021-10-14 15:08:39,16450,16450,16450,2,-2
2021-10-14 15:08:40,16450,16450,16450,2,2
2021-10-14 15:08:40,16450,16450,16450,2,2
2021-10-14 15:08:40,16450,16450,16450,2,2
2021-10-14 15:08:40,16450,16450,16450,2,2
2021-10-14 15:08:40,16450,16450,16450,6,6
2021-10-14 15:08:40,16450,16450,16450,2,2
2021-10-14 15:08:40,16450,16450,16450,2,2
2021-10-14 15:08:40,16450,16450,16450,2,2
2021-10-14 15:08:40,16450,16450,16450,2,2
2021-10-14 15:08:40,16450,16450,16450,8,8
2021-10-14 15:08:40,16450,16450,16450,2,2
2021-10-14 15:08:47,16449,16449,16449,10,-10
2021-10-14 15:08:47,16449,16449,16449,2,2
2021-10-14 15:08:47,16449,16449,16449,2,2
2021-10-14 15:08:47,16449,16449,16449,4,4
2021-10-14 15:08:47,16449,16449,16449,2,2
2021-10-14 15:08:48,16449,16449,16449,2,2
2021-10-14 15:08:50,16448,16448,16448,2,-2
2021-10-14 15:08:50,16448,16448,16448,2,2
2021-10-14 15:08:50,16448,16448,16448,2,2
2021-10-14 15:08:50,16449,16449,16449,4,4
2021-10-14 15:08:53,16448,16448,16448,2,-2
2021-10-14 15:08:53,16448,16448,16448,2,2
2021-10-14 15:08:53,16448,16448,16448,2,2
2021-10-14 15:08:53,16448,16448,16448,4,4
2021-10-14 15:08:53,16448,16448,16448,2,2
2021-10-14 15:08:53,16448,16448,16448,6,6
2021-10-14 15:08:53,16448,16448,16448,14,14
2021-10-14 15:08:55,16447,16447,16447,2,-2
2021-10-14 15:08:55,16447,16447,16447,2,2
2021-10-14 15:08:56,16448,16448,16448,2,2
2021-10-14 15:08:56,16447,16447,16447,2,-2
2021-10-14 15:08:56,16446,16446,16446,2,-2
2021-10-14 15:08:56,16446,16446,16446,2,2
2021-10-14 15:08:56,16446,16446,16446,4,4
2021-10-14 15:08:56,16446,16446,16446,2,2
2021-10-14 15:08:57,16446,16446,16446,2,2
2021-10-14 15:08:57,16446,16446,16446,2,2
2021-10-14 15:08:57,16446,16446,16446,2,2
2021-10-14 15:08:57,16446,16446,16446,2,2
2021-10-14 15:08:57,16446,16446,16446,2,2
2021-10-14 15:08:57,16446,16446,16446,2,2
2021-10-14 15:08:57,16446,16446,16446,2,2
2021-10-14 15:08:57,16445,16445,16445,2,-2
2021-10-14 15:08:57,16447,16447,16447,4,4
2021-10-14 15:08:58,16447,16447,16447,4,4
2021-10-14 15:08:58,16446,16446,16446,2,-2
2021-10-14 15:08:58,16446,16446,16446,2,2
2021-10-14 15:08:59,16446,16446,16446,2,2
2021-10-14 15:08:59,16448,16448,16448,8,8
2021-10-14 15:09:00,16447,16447,16447,2,-2
2021-10-14 15:09:00,16448,16448,16448,4,4
2021-10-14 15:09:03,16448,16448,16448,2,2
2021-10-14 15:09:04,16447,16447,16447,2,-2
2021-10-14 15:09:06,16447,16447,16447,2,2
2021-10-14 15:09:09,16447,16447,16447,8,8
2021-10-14 15:09:09,16448,16448,16448,4,4
2021-10-14 15:09:09,16448,16448,16448,8,8
2021-10-14 15:09:10,16447,16447,16447,6,-6
2021-10-14 15:09:10,16447,16447,16447,2,2
2021-10-14 15:09:10,16448,16448,16448,2,2
2021-10-14 15:09:12,16448,16448,16448,2,2
2021-10-14 15:09:12,16448,16448,16448,2,2
2021-10-14 15:09:12,16448,16448,16448,2,2
2021-10-14 15:09:13,16448,16448,16448,2,2
2021-10-14 15:09:15,16448,16448,16448,2,2
2021-10-14 15:09:15,16449,16449,16449,4,4
2021-10-14 15:09:15,16449,16449,16449,14,14
2021-10-14 15:09:16,16448,16448,16448,2,-2
2021-10-14 15:09:18,16449,16449,16449,2,2
2021-10-14 15:09:19,16449,16449,16449,2,2
2021-10-14 15:09:20,16449,16449,16449,4,4
2021-10-14 15:09:20,16450,16450,16450,2,2
2021-10-14 15:09:21,16450,16450,16450,4,4
2021-10-14 15:09:23,16449,16449,16449,2,-2
2021-10-14 15:09:26,16448,16448,16448,2,-2
2021-10-14 15:09:27,16450,16450,16450,2,2
2021-10-14 15:09:28,16449,16449,16449,2,-2
2021-10-14 15:09:28,16449,16449,16449,2,2
2021-10-14 15:09:28,16449,16449,16449,2,2
2021-10-14 15:09:28,16450,16450,16450,4,4
2021-10-14 15:09:30,16449,16449,16449,2,-2
2021-10-14 15:09:30,16449,16449,16449,2,2
2021-10-14 15:09:31,16449,16449,16449,2,2
2021-10-14 15:09:31,16450,16450,16450,2,2
2021-10-14 15:09:32,16449,16449,16449,2,-2
2021-10-14 15:09:33,16449,16449,16449,2,2
2021-10-14 15:09:33,16448,16448,16448,2,-2
2021-10-14 15:09:35,16449,16449,16449,4,4
2021-10-14 15:09:35,16449,16449,16449,4,4
2021-10-14 15:09:39,16449,16449,16449,4,4
2021-10-14 15:09:41,16449,16449,16449,2,2
2021-10-14 15:09:45,16448,16448,16448,2,-2
2021-10-14 15:09:45,16448,16448,16448,2,2
2021-10-14 15:09:47,16448,16448,16448,2,2
2021-10-14 15:09:47,16448,16448,16448,2,2
2021-10-14 15:09:47,16448,16448,16448,2,2
2021-10-14 15:09:47,16447,16447,16447,2,-2
2021-10-14 15:09:47,16447,16447,16447,2,2
2021-10-14 15:09:47,16447,16447,16447,2,2
2021-10-14 15:09:48,16447,16447,16447,2,2
2021-10-14 15:09:48,16446,16446,16446,2,-2
2021-10-14 15:09:48,16446,16446,16446,2,2
2021-10-14 15:09:48,16446,16446,16446,2,2
2021-10-14 15:09:55,16447,16447,16447,6,6
2021-10-14 15:09:56,16447,16447,16447,2,2
2021-10-14 15:09:59,16448,16448,16448,6,6
2021-10-14 15:10:00,16449,16449,16449,8,8
2021-10-14 15:10:00,16449,16449,16449,4,4
2021-10-14 15:10:00,16449,16449,16449,4,4
2021-10-14 15:10:00,16449,16449,16449,2,2
2021-10-14 15:10:00,16449,16449,16449,2,2
2021-10-14 15:10:01,16448,16448,16448,2,-2
2021-10-14 15:10:02,16449,16449,16449,2,2
2021-10-14 15:10:02,16449,16449,16449,2,2
2021-10-14 15:10:05,16449,16449,16449,2,2
2021-10-14 15:10:06,16448,16448,16448,2,-2
2021-10-14 15:10:06,16448,16448,16448,4,4
2021-10-14 15:10:07,16449,16449,16449,2,2
2021-10-14 15:10:07,16449,16449,16449,2,2
2021-10-14 15:10:08,16449,16449,16449,2,2
2021-10-14 15:10:08,16449,16449,16449,2,2
2021-10-14 15:10:08,16450,16450,16450,8,8
2021-10-14 15:10:08,16450,16450,16450,2,2
2021-10-14 15:10:09,16450,16450,16450,2,2
2021-10-14 15:10:10,16450,16450,16450,2,2
2021-10-14 15:10:12,16450,16450,16450,200,200
2021-10-14 15:10:12,16450,16450,16450,2,2
2021-10-14 15:10:12,16450,16450,16450,38,38
2021-10-14 15:10:12,16451,16451,16451,2,2
2021-10-14 15:10:12,16451,16451,16451,2,2
2021-10-14 15:10:12,16451,16451,16451,10,10
2021-10-14 15:10:12,16451,16451,16451,14,14
2021-10-14 15:10:12,16451,16451,16451,2,2
2021-10-14 15:10:12,16452,16452,16452,2,2
2021-10-14 15:10:13,16450,16450,16450,2,-2
2021-10-14 15:10:13,16450,16450,16450,2,2
2021-10-14 15:10:13,16452,16452,16452,2,2
2021-10-14 15:10:15,16451,16451,16451,2,-2
2021-10-14 15:10:16,16452,16452,16452,14,14
2021-10-14 15:10:16,16452,16452,16452,4,4
2021-10-14 15:10:18,16451,16451,16451,2,-2
2021-10-14 15:10:19,16452,16452,16452,2,2
2021-10-14 15:10:21,16452,16452,16452,2,2
2021-10-14 15:10:21,16451,16451,16451,2,-2
2021-10-14 15:10:22,16451,16451,16451,2,2
2021-10-14 15:10:22,16451,16451,16451,2,2
2021-10-14 15:10:22,16451,16451,16451,2,2
2021-10-14 15:10:22,16451,16451,16451,2,2
2021-10-14 15:10:22,16451,16451,16451,2,2
2021-10-14 15:10:22,16451,16451,16451,2,2
2021-10-14 15:10:22,16451,16451,16451,2,2
2021-10-14 15:10:22,16450,16450,16450,2,-2
2021-10-14 15:10:23,16451,16451,16451,2,2
2021-10-14 15:10:24,16452,16452,16452,2,2
2021-10-14 15:10:36,16451,16451,16451,2,-2
2021-10-14 15:10:39,16451,16451,16451,2,2
2021-10-14 15:10:40,16452,16452,16452,2,2
2021-10-14 15:10:41,16452,16452,16452,14,14
2021-10-14 15:10:41,16453,16453,16453,2,2
2021-10-14 15:10:41,16452,16452,16452,2,-2
2021-10-14 15:10:42,16451,16451,16451,2,-2
2021-10-14 15:10:42,16451,16451,16451,2,2
2021-10-14 15:10:42,16451,16451,16451,2,2
2021-10-14 15:10:42,16451,16451,16451,2,2
2021-10-14 15:10:42,16451,16451,16451,2,2
2021-10-14 15:10:42,16451,16451,16451,2,2
2021-10-14 15:10:42,16451,16451,16451,2,2
2021-10-14 15:10:43,16453,16453,16453,14,14
2021-10-14 15:10:48,16452,16452,16452,2,-2
2021-10-14 15:10:48,16452,16452,16452,6,6
2021-10-14 15:10:48,16452,16452,16452,2,2
2021-10-14 15:10:48,16451,16451,16451,2,-2
2021-10-14 15:10:48,16451,16451,16451,2,2
2021-10-14 15:10:48,16451,16451,16451,2,2
2021-10-14 15:10:48,16451,16451,16451,2,2
2021-10-14 15:10:48,16451,16451,16451,2,2
2021-10-14 15:10:48,16451,16451,16451,2,2
2021-10-14 15:10:48,16451,16451,16451,2,2
2021-10-14 15:10:48,16454,16454,16454,2,2
2021-10-14 15:10:48,16454,16454,16454,2,2
2021-10-14 15:10:48,16454,16454,16454,2,2
2021-10-14 15:10:48,16454,16454,16454,2,2
2021-10-14 15:10:50,16453,16453,16453,2,-2
2021-10-14 15:10:51,16453,16453,16453,2,2
2021-10-14 15:10:53,16453,16453,16453,2,2
2021-10-14 15:10:54,16453,16453,16453,2,2
2021-10-14 15:10:55,16453,16453,16453,2,2
2021-10-14 15:10:58,16453,16453,16453,4,4
2021-10-14 15:10:58,16454,16454,16454,4,4
2021-10-14 15:11:03,16452,16452,16452,4,-4
2021-10-14 15:11:04,16453,16453,16453,2,2
2021-10-14 15:11:05,16453,16453,16453,2,2
2021-10-14 15:11:05,16453,16453,16453,4,4
2021-10-14 15:11:05,16454,16454,16454,2,2
2021-10-14 15:11:06,16453,16453,16453,2,-2
2021-10-14 15:11:06,16454,16454,16454,2,2
2021-10-14 15:11:06,16453,16453,16453,2,-2
2021-10-14 15:11:07,16454,16454,16454,32,32
2021-10-14 15:11:07,16455,16455,16455,20,20
2021-10-14 15:11:07,16455,16455,16455,2,2
2021-10-14 15:11:07,16455,16455,16455,2,2
2021-10-14 15:11:07,16455,16455,16455,8,8
2021-10-14 15:11:07,16455,16455,16455,14,14
2021-10-14 15:11:08,16456,16456,16456,20,20
2021-10-14 15:11:08,16456,16456,16456,4,4
2021-10-14 15:11:08,16457,16457,16457,2,2
2021-10-14 15:11:08,16455,16455,16455,2,-2
2021-10-14 15:11:08,16457,16457,16457,2,2
2021-10-14 15:11:08,16457,16457,16457,10,10
2021-10-14 15:11:08,16455,16455,16455,2,-2
2021-10-14 15:11:09,16457,16457,16457,20,20
2021-10-14 15:11:09,16457,16457,16457,2,2
2021-10-14 15:11:10,16457,16457,16457,2,2
2021-10-14 15:11:10,16457,16457,16457,2,2
2021-10-14 15:11:11,16458,16458,16458,2,2
2021-10-14 15:11:11,16458,16458,16458,2,2
2021-10-14 15:11:14,16457,16457,16457,2,-2
2021-10-14 15:11:15,16457,16457,16457,2,2
2021-10-14 15:11:15,16457,16457,16457,2,2
2021-10-14 15:11:17,16456,16456,16456,2,-2
2021-10-14 15:11:17,16456,16456,16456,2,2
2021-10-14 15:11:17,16456,16456,16456,6,6
2021-10-14 15:11:17,16457,16457,16457,2,2
2021-10-14 15:11:18,16455,16455,16455,2,-2
2021-10-14 15:11:18,16457,16457,16457,2,2
2021-10-14 15:11:19,16457,16457,16457,8,8
2021-10-14 15:11:21,16456,16456,16456,2,-2
2021-10-14 15:11:21,16456,16456,16456,18,18
2021-10-14 15:11:21,16457,16457,16457,2,2
2021-10-14 15:11:21,16457,16457,16457,4,4
2021-10-14 15:11:23,16457,16457,16457,4,4
2021-10-14 15:11:23,16456,16456,16456,2,-2
2021-10-14 15:11:24,16455,16455,16455,2,-2
2021-10-14 15:11:24,16455,16455,16455,2,2
2021-10-14 15:11:24,16455,16455,16455,2,2
2021-10-14 15:11:28,16456,16456,16456,2,2
2021-10-14 15:11:30,16456,16456,16456,2,2
2021-10-14 15:11:31,16455,16455,16455,2,-2
2021-10-14 15:11:31,16455,16455,16455,2,2
2021-10-14 15:11:31,16455,16455,16455,2,2
2021-10-14 15:11:31,16455,16455,16455,2,2
2021-10-14 15:11:32,16455,16455,16455,2,2
2021-10-14 15:11:35,16454,16454,16454,2,-2
2021-10-14 15:11:35,16454,16454,16454,2,2
2021-10-14 15:11:39,16454,16454,16454,2,2
2021-10-14 15:11:42,16453,16453,16453,2,-2
2021-10-14 15:11:42,16453,16453,16453,2,2
2021-10-14 15:11:42,16453,16453,16453,2,2
2021-10-14 15:11:48,16453,16453,16453,2,2
2021-10-14 15:11:48,16452,16452,16452,2,-2
2021-10-14 15:11:50,16452,16452,16452,2,2
2021-10-14 15:11:50,16452,16452,16452,4,4
2021-10-14 15:11:50,16452,16452,16452,2,2
2021-10-14 15:11:50,16452,16452,16452,2,2
2021-10-14 15:11:50,16452,16452,16452,2,2
2021-10-14 15:11:50,16452,16452,16452,2,2
2021-10-14 15:11:50,16452,16452,16452,2,2
2021-10-14 15:11:51,16451,16451,16451,4,-4
2021-10-14 15:11:51,16451,16451,16451,2,2
2021-10-14 15:11:51,16451,16451,16451,2,2
2021-10-14 15:11:51,16451,16451,16451,4,4
2021-10-14 15:11:51,16451,16451,16451,6,6
2021-10-14 15:11:51,16451,16451,16451,2,2
2021-10-14 15:11:51,16451,16451,16451,2,2
2021-10-14 15:11:51,16451,16451,16451,2,2
2021-10-14 15:11:52,16450,16450,16450,2,-2
2021-10-14 15:11:52,16450,16450,16450,6,6
2021-10-14 15:11:53,16450,16450,16450,2,2
2021-10-14 15:11:57,16452,16452,16452,2,2
2021-10-14 15:11:59,16451,16451,16451,2,-2
2021-10-14 15:12:03,16452,16452,16452,2,2
2021-10-14 15:12:03,16452,16452,16452,2,2
2021-10-14 15:12:07,16453,16453,16453,2,2
2021-10-14 15:12:07,16454,16454,16454,2,2
2021-10-14 15:12:07,16452,16452,16452,2,-2
2021-10-14 15:12:14,16452,16452,16452,2,2
2021-10-14 15:12:14,16452,16452,16452,2,2
2021-10-14 15:12:17,16454,16454,16454,18,18
2021-10-14 15:12:17,16455,16455,16455,2,2
2021-10-14 15:12:18,16452,16452,16452,2,-2
2021-10-14 15:12:18,16452,16452,16452,2,2
2021-10-14 15:12:18,16452,16452,16452,2,2
2021-10-14 15:12:18,16452,16452,16452,2,2
2021-10-14 15:12:22,16452,16452,16452,2,2
2021-10-14 15:12:23,16452,16452,16452,2,2
2021-10-14 15:12:23,16452,16452,16452,2,2
2021-10-14 15:12:25,16451,16451,16451,2,-2
2021-10-14 15:12:38,16451,16451,16451,2,2
2021-10-14 15:12:39,16452,16452,16452,2,2
2021-10-14 15:12:39,16451,16451,16451,2,-2
2021-10-14 15:12:41,16451,16451,16451,2,2
2021-10-14 15:12:42,16450,16450,16450,2,-2
2021-10-14 15:12:44,16451,16451,16451,2,2
2021-10-14 15:12:44,16451,16451,16451,2,2
2021-10-14 15:12:50,16451,16451,16451,2,2
2021-10-14 15:12:50,16451,16451,16451,2,2
2021-10-14 15:12:53,16451,16451,16451,2,2
2021-10-14 15:12:53,16451,16451,16451,2,2
2021-10-14 15:12:57,16452,16452,16452,10,10
2021-10-14 15:13:00,16453,16453,16453,2,2
2021-10-14 15:13:02,16452,16452,16452,2,-2
2021-10-14 15:13:03,16452,16452,16452,2,2
2021-10-14 15:13:03,16452,16452,16452,2,2
2021-10-14 15:13:05,16453,16453,16453,2,2
2021-10-14 15:13:07,16452,16452,16452,2,-2
2021-10-14 15:13:11,16451,16451,16451,2,-2
2021-10-14 15:13:11,16451,16451,16451,2,2
2021-10-14 15:13:11,16451,16451,16451,2,2
2021-10-14 15:13:13,16450,16450,16450,2,-2
2021-10-14 15:13:13,16450,16450,16450,8,8
2021-10-14 15:13:13,16450,16450,16450,2,2
2021-10-14 15:13:13,16450,16450,16450,2,2
2021-10-14 15:13:13,16450,16450,16450,2,2
2021-10-14 15:13:13,16450,16450,16450,2,2
2021-10-14 15:13:13,16450,16450,16450,2,2
2021-10-14 15:13:13,16450,16450,16450,2,2
2021-10-14 15:13:13,16450,16450,16450,2,2
2021-10-14 15:13:13,16450,16450,16450,2,2
2021-10-14 15:13:13,16450,16450,16450,2,2
2021-10-14 15:13:13,16450,16450,16450,2,2
2021-10-14 15:13:13,16450,16450,16450,2,2
2021-10-14 15:13:13,16450,16450,16450,2,2
2021-10-14 15:13:13,16450,16450,16450,2,2
2021-10-14 15:13:13,16450,16450,16450,2,2
2021-10-14 15:13:13,16450,16450,16450,2,2
2021-10-14 15:13:13,16450,16450,16450,2,2
2021-10-14 15:13:13,16450,16450,16450,2,2
2021-10-14 15:13:13,16450,16450,16450,2,2
2021-10-14 15:13:13,16450,16450,16450,2,2
2021-10-14 15:13:13,16450,16450,16450,2,2
2021-10-14 15:13:13,16450,16450,16450,2,2
2021-10-14 15:13:13,16450,16450,16450,2,2
2021-10-14 15:13:13,16450,16450,16450,2,2
2021-10-14 15:13:13,16450,16450,16450,2,2
2021-10-14 15:13:13,16450,16450,16450,2,2
2021-10-14 15:13:13,16450,16450,16450,2,2
2021-10-14 15:13:13,16450,16450,16450,2,2
2021-10-14 15:13:14,16450,16450,16450,2,2
2021-10-14 15:13:17,16449,16449,16449,2,-2
2021-10-14 15:13:17,16450,16450,16450,2,2
2021-10-14 15:13:20,16450,16450,16450,2,2
2021-10-14 15:13:20,16450,16450,16450,2,2
2021-10-14 15:13:21,16451,16451,16451,2,2
2021-10-14 15:13:23,16450,16450,16450,2,-2
2021-10-14 15:13:25,16450,16450,16450,2,2
2021-10-14 15:13:31,16450,16450,16450,2,2
2021-10-14 15:13:31,16451,16451,16451,2,2
2021-10-14 15:13:37,16450,16450,16450,2,-2
2021-10-14 15:13:37,16450,16450,16450,2,2
2021-10-14 15:13:42,16450,16450,16450,2,2
2021-10-14 15:13:47,16450,16450,16450,2,2
2021-10-14 15:13:47,16450,16450,16450,2,2
2021-10-14 15:13:51,16449,16449,16449,2,-2
2021-10-14 15:13:51,16449,16449,16449,2,2
2021-10-14 15:13:51,16449,16449,16449,2,2
2021-10-14 15:13:51,16449,16449,16449,2,2
2021-10-14 15:13:56,16449,16449,16449,2,2
2021-10-14 15:13:59,16449,16449,16449,2,2
2021-10-14 15:13:59,16450,16450,16450,2,2
2021-10-14 15:14:06,16450,16450,16450,2,2
2021-10-14 15:14:07,16450,16450,16450,2,2
2021-10-14 15:14:09,16450,16450,16450,2,2
2021-10-14 15:14:28,16450,16450,16450,8,8
2021-10-14 15:14:30,16449,16449,16449,2,-2
2021-10-14 15:14:31,16450,16450,16450,8,8
2021-10-14 15:14:31,16450,16450,16450,4,4
2021-10-14 15:14:31,16450,16450,16450,10,10
2021-10-14 15:14:32,16451,16451,16451,2,2
2021-10-14 15:14:33,16450,16450,16450,2,-2
2021-10-14 15:14:36,16450,16450,16450,2,2
2021-10-14 15:14:38,16450,16450,16450,2,2
2021-10-14 15:14:38,16450,16450,16450,4,4
2021-10-14 15:14:38,16450,16450,16450,2,2
2021-10-14 15:14:38,16450,16450,16450,2,2
2021-10-14 15:14:39,16450,16450,16450,2,2
2021-10-14 15:14:43,16450,16450,16450,2,2
2021-10-14 15:14:46,16450,16450,16450,10,10
2021-10-14 15:14:49,16450,16450,16450,2,2
2021-10-14 15:14:58,16450,16450,16450,2,2
2021-10-14 15:14:58,16450,16450,16450,2,2
2021-10-14 15:15:00,16450,16450,16450,2,2
2021-10-14 15:15:01,16451,16451,16451,4,4
2021-10-14 15:15:01,16451,16451,16451,2,2
2021-10-14 15:15:01,16451,16451,16451,2,2
2021-10-14 15:15:01,16452,16452,16452,4,4
2021-10-14 15:15:01,16452,16452,16452,10,10
2021-10-14 15:15:01,16453,16453,16453,10,10
2021-10-14 15:15:01,16451,16451,16451,2,-2
2021-10-14 15:15:01,16453,16453,16453,2,2
2021-10-14 15:15:02,16452,16452,16452,2,-2
2021-10-14 15:15:03,16453,16453,16453,2,2
2021-10-14 15:15:16,16452,16452,16452,2,-2
2021-10-14 15:15:16,16453,16453,16453,12,12
2021-10-14 15:15:17,16453,16453,16453,8,8
2021-10-14 15:15:17,16453,16453,16453,2,2
2021-10-14 15:15:17,16453,16453,16453,2,2
2021-10-14 15:15:17,16453,16453,16453,2,2
2021-10-14 15:15:17,16453,16453,16453,2,2
2021-10-14 15:15:17,16454,16454,16454,2,2
2021-10-14 15:15:19,16454,16454,16454,2,2
2021-10-14 15:15:25,16454,16454,16454,4,4
2021-10-14 15:15:28,16453,16453,16453,2,-2
2021-10-14 15:15:28,16452,16452,16452,18,-18
2021-10-14 15:15:28,16452,16452,16452,2,2
2021-10-14 15:15:34,16451,16451,16451,2,-2
2021-10-14 15:15:34,16451,16451,16451,2,2
2021-10-14 15:15:34,16452,16452,16452,2,2
2021-10-14 15:15:34,16452,16452,16452,2,2
2021-10-14 15:15:34,16452,16452,16452,2,2
2021-10-14 15:15:34,16452,16452,16452,2,2
2021-10-14 15:15:34,16453,16453,16453,2,2
2021-10-14 15:15:34,16453,16453,16453,2,2
2021-10-14 15:15:34,16452,16452,16452,2,-2
2021-10-14 15:15:34,16452,16452,16452,2,2
2021-10-14 15:15:34,16453,16453,16453,2,2
2021-10-14 15:15:34,16453,16453,16453,2,2
2021-10-14 15:15:34,16453,16453,16453,2,2
2021-10-14 15:15:34,16452,16452,16452,4,-4
2021-10-14 15:15:41,16452,16452,16452,2,2
2021-10-14 15:15:48,16451,16451,16451,2,-2
2021-10-14 15:15:51,16451,16451,16451,2,2
2021-10-14 15:15:51,16451,16451,16451,2,2
2021-10-14 15:15:51,16451,16451,16451,2,2
2021-10-14 15:15:51,16451,16451,16451,2,2
2021-10-14 15:15:53,16451,16451,16451,2,2
2021-10-14 15:15:53,16452,16452,16452,2,2
2021-10-14 15:15:54,16450,16450,16450,2,-2
2021-10-14 15:16:12,16451,16451,16451,10,10
2021-10-14 15:16:15,16452,16452,16452,2,2
2021-10-14 15:16:15,16452,16452,16452,2,2
2021-10-14 15:16:15,16452,16452,16452,4,4
2021-10-14 15:16:15,16452,16452,16452,2,2
2021-10-14 15:16:15,16452,16452,16452,2,2
2021-10-14 15:16:24,16452,16452,16452,2,2
2021-10-14 15:16:24,16453,16453,16453,6,6
2021-10-14 15:16:26,16453,16453,16453,8,8
2021-10-14 15:16:26,16454,16454,16454,12,12
2021-10-14 15:16:29,16453,16453,16453,2,-2
2021-10-14 15:16:30,16453,16453,16453,2,2
2021-10-14 15:16:30,16452,16452,16452,2,-2
2021-10-14 15:16:31,16453,16453,16453,2,2
2021-10-14 15:16:39,16452,16452,16452,2,-2
2021-10-14 15:16:39,16452,16452,16452,2,2
2021-10-14 15:16:43,16452,16452,16452,4,4
2021-10-14 15:16:43,16452,16452,16452,4,4
2021-10-14 15:16:44,16452,16452,16452,2,2
2021-10-14 15:16:44,16453,16453,16453,2,2
2021-10-14 15:16:45,16453,16453,16453,4,4
2021-10-14 15:16:46,16452,16452,16452,2,-2
2021-10-14 15:16:46,16453,16453,16453,2,2
2021-10-14 15:16:46,16453,16453,16453,4,4
2021-10-14 15:16:47,16453,16453,16453,4,4
2021-10-14 15:16:47,16453,16453,16453,4,4
2021-10-14 15:16:48,16453,16453,16453,2,2
2021-10-14 15:16:50,16453,16453,16453,2,2
2021-10-14 15:16:57,16453,16453,16453,6,6
2021-10-14 15:17:01,16451,16451,16451,4,-4
2021-10-14 15:17:07,16453,16453,16453,4,4
2021-10-14 15:17:07,16454,16454,16454,2,2
2021-10-14 15:17:19,16452,16452,16452,2,-2
2021-10-14 15:17:19,16453,16453,16453,2,2
2021-10-14 15:17:21,16453,16453,16453,2,2
2021-10-14 15:17:24,16452,16452,16452,2,-2
2021-10-14 15:17:25,16453,16453,16453,2,2
2021-10-14 15:17:26,16454,16454,16454,4,4
2021-10-14 15:17:36,16453,16453,16453,4,-4
2021-10-14 15:17:36,16454,16454,16454,6,6
2021-10-14 15:17:40,16453,16453,16453,2,-2
2021-10-14 15:17:43,16452,16452,16452,2,-2
2021-10-14 15:17:52,16452,16452,16452,2,2
2021-10-14 15:18:02,16453,16453,16453,4,4
2021-10-14 15:18:03,16453,16453,16453,6,6
2021-10-14 15:18:03,16454,16454,16454,2,2
2021-10-14 15:18:03,16454,16454,16454,6,6
2021-10-14 15:18:04,16452,16452,16452,2,-2
2021-10-14 15:18:04,16452,16452,16452,2,2
2021-10-14 15:18:04,16452,16452,16452,2,2
2021-10-14 15:18:04,16452,16452,16452,2,2
2021-10-14 15:18:12,16451,16451,16451,2,-2
2021-10-14 15:18:12,16451,16451,16451,2,2
2021-10-14 15:18:12,16451,16451,16451,2,2
2021-10-14 15:18:12,16451,16451,16451,2,2
2021-10-14 15:18:12,16451,16451,16451,2,2
2021-10-14 15:18:12,16451,16451,16451,14,14
2021-10-14 15:18:12,16451,16451,16451,2,2
2021-10-14 15:18:12,16451,16451,16451,2,2
2021-10-14 15:18:12,16451,16451,16451,2,2
2021-10-14 15:18:12,16451,16451,16451,2,2
2021-10-14 15:18:12,16451,16451,16451,2,2
2021-10-14 15:18:12,16451,16451,16451,6,6
2021-10-14 15:18:12,16451,16451,16451,2,2
2021-10-14 15:18:13,16450,16450,16450,2,-2
2021-10-14 15:18:13,16451,16451,16451,2,2
2021-10-14 15:18:13,16451,16451,16451,2,2
2021-10-14 15:18:13,16451,16451,16451,2,2
2021-10-14 15:18:13,16451,16451,16451,2,2
2021-10-14 15:18:22,16451,16451,16451,2,2
2021-10-14 15:18:31,16450,16450,16450,2,-2
2021-10-14 15:18:32,16450,16450,16450,2,2
2021-10-14 15:18:32,16450,16450,16450,2,2
2021-10-14 15:18:32,16451,16451,16451,2,2
2021-10-14 15:18:35,16450,16450,16450,2,-2
2021-10-14 15:18:37,16451,16451,16451,4,4
2021-10-14 15:18:42,16451,16451,16451,2,2
2021-10-14 15:18:42,16450,16450,16450,8,-8
2021-10-14 15:18:42,16450,16450,16450,2,2
2021-10-14 15:18:42,16450,16450,16450,2,2
2021-10-14 15:18:42,16450,16450,16450,2,2
2021-10-14 15:18:42,16450,16450,16450,2,2
2021-10-14 15:18:42,16450,16450,16450,2,2
2021-10-14 15:18:42,16450,16450,16450,2,2
2021-10-14 15:18:46,16451,16451,16451,2,2
2021-10-14 15:18:47,16451,16451,16451,2,2
2021-10-14 15:18:48,16450,16450,16450,2,-2
2021-10-14 15:18:51,16450,16450,16450,2,2
2021-10-14 15:18:53,16449,16449,16449,2,-2
2021-10-14 15:19:01,16449,16449,16449,2,2
2021-10-14 15:19:02,16449,16449,16449,2,2
2021-10-14 15:19:04,16449,16449,16449,2,2
2021-10-14 15:19:06,16451,16451,16451,4,4
2021-10-14 15:19:15,16450,16450,16450,2,-2
2021-10-14 15:19:15,16450,16450,16450,2,2
2021-10-14 15:19:19,16450,16450,16450,2,2
2021-10-14 15:19:19,16450,16450,16450,2,2
2021-10-14 15:19:28,16451,16451,16451,6,6
2021-10-14 15:19:29,16451,16451,16451,2,2
2021-10-14 15:19:29,16451,16451,16451,2,2
2021-10-14 15:19:30,16451,16451,16451,2,2
2021-10-14 15:19:32,16452,16452,16452,4,4
2021-10-14 15:19:59,16452,16452,16452,8,8
2021-10-14 15:20:01,16453,16453,16453,4,4
2021-10-14 15:20:02,16453,16453,16453,4,4
2021-10-14 15:20:05,16454,16454,16454,4,4
2021-10-14 15:20:07,16453,16453,16453,2,-2
2021-10-14 15:20:07,16453,16453,16453,2,2
2021-10-14 15:20:12,16453,16453,16453,2,2
2021-10-14 15:20:12,16452,16452,16452,2,-2
2021-10-14 15:20:12,16452,16452,16452,4,4
2021-10-14 15:20:12,16452,16452,16452,2,2
2021-10-14 15:20:13,16454,16454,16454,2,2
2021-10-14 15:20:22,16453,16453,16453,2,-2
2021-10-14 15:20:27,16452,16452,16452,2,-2
2021-10-14 15:20:28,16453,16453,16453,2,2
2021-10-14 15:20:30,16454,16454,16454,4,4
2021-10-14 15:20:34,16452,16452,16452,2,-2
2021-10-14 15:20:34,16453,16453,16453,2,2
2021-10-14 15:20:40,16454,16454,16454,14,14
2021-10-14 15:20:40,16454,16454,16454,12,12
2021-10-14 15:20:40,16454,16454,16454,18,18
2021-10-14 15:20:42,16455,16455,16455,2,2
2021-10-14 15:20:44,16455,16455,16455,2,2
2021-10-14 15:20:45,16455,16455,16455,2,2
2021-10-14 15:20:46,16455,16455,16455,10,10
2021-10-14 15:20:46,16455,16455,16455,2,2
2021-10-14 15:20:46,16454,16454,16454,2,-2
2021-10-14 15:20:46,16455,16455,16455,2,2
2021-10-14 15:20:46,16455,16455,16455,20,20
2021-10-14 15:20:46,16455,16455,16455,2,2
2021-10-14 15:20:46,16455,16455,16455,10,10
2021-10-14 15:20:49,16454,16454,16454,2,-2
2021-10-14 15:20:57,16456,16456,16456,2,2
2021-10-14 15:20:57,16456,16456,16456,4,4
2021-10-14 15:20:58,16456,16456,16456,2,2
2021-10-14 15:21:01,16455,16455,16455,2,-2
2021-10-14 15:21:01,16455,16455,16455,2,2
2021-10-14 15:21:01,16456,16456,16456,4,4
2021-10-14 15:21:01,16456,16456,16456,2,2
2021-10-14 15:21:01,16456,16456,16456,2,2
2021-10-14 15:21:01,16456,16456,16456,2,2
2021-10-14 15:21:01,16456,16456,16456,4,4
2021-10-14 15:21:01,16456,16456,16456,4,4
2021-10-14 15:21:05,16456,16456,16456,4,4
2021-10-14 15:21:05,16456,16456,16456,2,2
2021-10-14 15:21:05,16456,16456,16456,2,2
2021-10-14 15:21:05,16456,16456,16456,2,2
2021-10-14 15:21:05,16456,16456,16456,2,2
2021-10-14 15:21:05,16456,16456,16456,2,2
2021-10-14 15:21:05,16456,16456,16456,2,2
2021-10-14 15:21:07,16456,16456,16456,8,8
2021-10-14 15:21:08,16455,16455,16455,2,-2
2021-10-14 15:21:08,16457,16457,16457,2,2
2021-10-14 15:21:08,16457,16457,16457,2,2
2021-10-14 15:21:08,16457,16457,16457,2,2
2021-10-14 15:21:08,16457,16457,16457,2,2
2021-10-14 15:21:08,16457,16457,16457,2,2
2021-10-14 15:21:08,16457,16457,16457,2,2
2021-10-14 15:21:08,16457,16457,16457,2,2
2021-10-14 15:21:08,16458,16458,16458,2,2
2021-10-14 15:21:09,16458,16458,16458,2,2
2021-10-14 15:21:09,16458,16458,16458,2,2
2021-10-14 15:21:09,16458,16458,16458,2,2
2021-10-14 15:21:09,16458,16458,16458,2,2
2021-10-14 15:21:11,16458,16458,16458,2,2
2021-10-14 15:21:12,16458,16458,16458,2,2
2021-10-14 15:21:13,16458,16458,16458,4,4
2021-10-14 15:21:16,16458,16458,16458,2,2
2021-10-14 15:21:16,16458,16458,16458,2,2
2021-10-14 15:21:16,16458,16458,16458,2,2
2021-10-14 15:21:18,16458,16458,16458,4,4
2021-10-14 15:21:18,16458,16458,16458,2,2
2021-10-14 15:21:18,16458,16458,16458,20,20
2021-10-14 15:21:18,16459,16459,16459,2,2
2021-10-14 15:21:18,16459,16459,16459,8,8
2021-10-14 15:21:18,16459,16459,16459,10,10
2021-10-14 15:21:18,16459,16459,16459,2,2
2021-10-14 15:21:18,16459,16459,16459,8,8
2021-10-14 15:21:18,16460,16460,16460,2,2
2021-10-14 15:21:18,16460,16460,16460,2,2
2021-10-14 15:21:18,16460,16460,16460,2,2
2021-10-14 15:21:18,16460,16460,16460,2,2
2021-10-14 15:21:18,16460,16460,16460,2,2
2021-10-14 15:21:18,16460,16460,16460,2,2
2021-10-14 15:21:18,16460,16460,16460,2,2
2021-10-14 15:21:18,16460,16460,16460,2,2
2021-10-14 15:21:18,16460,16460,16460,16,16
2021-10-14 15:21:18,16460,16460,16460,12,12
2021-10-14 15:21:18,16460,16460,16460,4,4
2021-10-14 15:21:18,16460,16460,16460,6,6
2021-10-14 15:21:18,16460,16460,16460,6,6
2021-10-14 15:21:18,16460,16460,16460,2,2
2021-10-14 15:21:18,16460,16460,16460,10,10
2021-10-14 15:21:18,16460,16460,16460,2,2
2021-10-14 15:21:18,16460,16460,16460,2,2
2021-10-14 15:21:18,16460,16460,16460,2,2
2021-10-14 15:21:18,16460,16460,16460,10,10
2021-10-14 15:21:18,16460,16460,16460,2,2
2021-10-14 15:21:18,16460,16460,16460,2,2
2021-10-14 15:21:18,16460,16460,16460,2,2
2021-10-14 15:21:18,16460,16460,16460,2,2
2021-10-14 15:21:18,16460,16460,16460,6,6
2021-10-14 15:21:18,16460,16460,16460,2,2
2021-10-14 15:21:18,16461,16461,16461,4,4
2021-10-14 15:21:18,16459,16459,16459,2,-2
2021-10-14 15:21:19,16461,16461,16461,2,2
2021-10-14 15:21:19,16461,16461,16461,2,2
2021-10-14 15:21:19,16461,16461,16461,2,2
2021-10-14 15:21:19,16461,16461,16461,2,2
2021-10-14 15:21:20,16460,16460,16460,4,-4
2021-10-14 15:21:22,16462,16462,16462,2,2
2021-10-14 15:21:22,16462,16462,16462,4,4
2021-10-14 15:21:22,16462,16462,16462,6,6
2021-10-14 15:21:22,16462,16462,16462,4,4
2021-10-14 15:21:22,16461,16461,16461,2,-2
2021-10-14 15:21:22,16462,16462,16462,2,2
2021-10-14 15:21:22,16462,16462,16462,4,4
2021-10-14 15:21:23,16462,16462,16462,4,4
2021-10-14 15:21:23,16462,16462,16462,2,2
2021-10-14 15:21:23,16462,16462,16462,2,2
2021-10-14 15:21:24,16463,16463,16463,2,2
2021-10-14 15:21:24,16463,16463,16463,2,2
2021-10-14 15:21:24,16462,16462,16462,4,-4
2021-10-14 15:21:25,16463,16463,16463,2,2
2021-10-14 15:21:26,16463,16463,16463,14,14
2021-10-14 15:21:26,16463,16463,16463,2,2
2021-10-14 15:21:26,16463,16463,16463,6,6
2021-10-14 15:21:26,16463,16463,16463,2,2
2021-10-14 15:21:26,16463,16463,16463,18,18
2021-10-14 15:21:26,16464,16464,16464,2,2
2021-10-14 15:21:26,16463,16463,16463,2,-2
2021-10-14 15:21:26,16463,16463,16463,2,2
2021-10-14 15:21:26,16463,16463,16463,2,2
2021-10-14 15:21:26,16463,16463,16463,2,2
2021-10-14 15:21:27,16463,16463,16463,4,4
2021-10-14 15:21:27,16463,16463,16463,4,4
2021-10-14 15:21:27,16463,16463,16463,2,2
2021-10-14 15:21:27,16464,16464,16464,2,2
2021-10-14 15:21:27,16464,16464,16464,2,2
2021-10-14 15:21:27,16464,16464,16464,2,2
2021-10-14 15:21:27,16464,16464,16464,2,2
2021-10-14 15:21:27,16464,16464,16464,2,2
2021-10-14 15:21:27,16464,16464,16464,2,2
2021-10-14 15:21:27,16464,16464,16464,2,2
2021-10-14 15:21:28,16464,16464,16464,2,2
2021-10-14 15:21:28,16464,16464,16464,2,2
2021-10-14 15:21:28,16464,16464,16464,2,2
2021-10-14 15:21:28,16464,16464,16464,2,2
2021-10-14 15:21:28,16465,16465,16465,2,2
2021-10-14 15:21:29,16465,16465,16465,38,38
2021-10-14 15:21:29,16466,16466,16466,32,32
2021-10-14 15:21:29,16466,16466,16466,2,2
2021-10-14 15:21:29,16467,16467,16467,2,2
2021-10-14 15:21:29,16467,16467,16467,2,2
2021-10-14 15:21:29,16467,16467,16467,2,2
2021-10-14 15:21:29,16467,16467,16467,12,12
2021-10-14 15:21:29,16468,16468,16468,2,2
2021-10-14 15:21:29,16468,16468,16468,10,10
2021-10-14 15:21:29,16468,16468,16468,2,2
2021-10-14 15:21:29,16468,16468,16468,4,4
2021-10-14 15:21:29,16468,16468,16468,20,20
2021-10-14 15:21:29,16468,16468,16468,2,2
2021-10-14 15:21:29,16468,16468,16468,2,2
2021-10-14 15:21:29,16468,16468,16468,4,4
2021-10-14 15:21:29,16468,16468,16468,2,2
2021-10-14 15:21:29,16468,16468,16468,2,2
2021-10-14 15:21:29,16468,16468,16468,4,4
2021-10-14 15:21:29,16468,16468,16468,2,2
2021-10-14 15:21:29,16468,16468,16468,12,12
2021-10-14 15:21:29,16468,16468,16468,4,4
2021-10-14 15:21:29,16467,16467,16467,2,-2
2021-10-14 15:21:29,16467,16467,16467,2,2
2021-10-14 15:21:29,16467,16467,16467,2,2
2021-10-14 15:21:29,16467,16467,16467,2,2
2021-10-14 15:21:29,16468,16468,16468,4,4
2021-10-14 15:21:29,16468,16468,16468,2,2
2021-10-14 15:21:29,16468,16468,16468,2,2
2021-10-14 15:21:30,16466,16466,16466,2,-2
2021-10-14 15:21:30,16466,16466,16466,2,2
2021-10-14 15:21:30,16467,16467,16467,4,4
2021-10-14 15:21:30,16467,16467,16467,4,4
2021-10-14 15:21:30,16468,16468,16468,4,4
2021-10-14 15:21:30,16468,16468,16468,2,2
2021-10-14 15:21:31,16465,16465,16465,2,-2
2021-10-14 15:21:31,16465,16465,16465,2,2
2021-10-14 15:21:31,16465,16465,16465,2,2
2021-10-14 15:21:31,16465,16465,16465,2,2
2021-10-14 15:21:31,16465,16465,16465,4,4
2021-10-14 15:21:31,16465,16465,16465,2,2
2021-10-14 15:21:31,16465,16465,16465,6,6
2021-10-14 15:21:31,16466,16466,16466,2,2
2021-10-14 15:21:31,16465,16465,16465,2,-2
2021-10-14 15:21:31,16465,16465,16465,2,2
2021-10-14 15:21:31,16464,16464,16464,4,-4
2021-10-14 15:21:31,16466,16466,16466,4,4
2021-10-14 15:21:31,16467,16467,16467,8,8
2021-10-14 15:21:31,16466,16466,16466,2,-2
2021-10-14 15:21:31,16467,16467,16467,2,2
2021-10-14 15:21:32,16468,16468,16468,2,2
2021-10-14 15:21:32,16466,16466,16466,2,-2
2021-10-14 15:21:34,16468,16468,16468,2,2
2021-10-14 15:21:35,16467,16467,16467,2,-2
2021-10-14 15:21:35,16466,16466,16466,2,-2
2021-10-14 15:21:38,16468,16468,16468,2,2
2021-10-14 15:21:38,16468,16468,16468,4,4
2021-10-14 15:21:39,16467,16467,16467,2,-2
2021-10-14 15:21:39,16468,16468,16468,2,2
2021-10-14 15:21:39,16468,16468,16468,2,2
2021-10-14 15:21:40,16468,16468,16468,2,2
2021-10-14 15:21:40,16468,16468,16468,4,4
2021-10-14 15:21:41,16468,16468,16468,2,2
2021-10-14 15:21:42,16468,16468,16468,2,2
2021-10-14 15:21:44,16468,16468,16468,2,2
2021-10-14 15:21:44,16468,16468,16468,2,2
2021-10-14 15:21:45,16467,16467,16467,4,-4
2021-10-14 15:21:46,16467,16467,16467,2,2
2021-10-14 15:21:47,16467,16467,16467,2,2
2021-10-14 15:21:48,16467,16467,16467,2,2
2021-10-14 15:21:48,16467,16467,16467,2,2
2021-10-14 15:21:51,16466,16466,16466,2,-2
2021-10-14 15:21:52,16466,16466,16466,12,12
2021-10-14 15:21:52,16466,16466,16466,2,2
2021-10-14 15:21:52,16466,16466,16466,2,2
2021-10-14 15:21:52,16466,16466,16466,6,6
2021-10-14 15:21:52,16465,16465,16465,2,-2
2021-10-14 15:21:52,16465,16465,16465,2,2
2021-10-14 15:21:52,16465,16465,16465,2,2
2021-10-14 15:21:52,16464,16464,16464,2,-2
2021-10-14 15:21:52,16464,16464,16464,2,2
2021-10-14 15:21:52,16464,16464,16464,2,2
2021-10-14 15:21:52,16464,16464,16464,2,2
2021-10-14 15:21:52,16463,16463,16463,2,-2
2021-10-14 15:21:52,16463,16463,16463,2,2
2021-10-14 15:21:52,16463,16463,16463,2,2
2021-10-14 15:21:52,16463,16463,16463,4,4
2021-10-14 15:21:52,16463,16463,16463,10,10
2021-10-14 15:21:52,16463,16463,16463,4,4
2021-10-14 15:21:52,16464,16464,16464,2,2
2021-10-14 15:21:52,16465,16465,16465,2,2
2021-10-14 15:21:53,16466,16466,16466,16,16
2021-10-14 15:21:53,16466,16466,16466,4,4
2021-10-14 15:21:53,16466,16466,16466,2,2
2021-10-14 15:21:55,16466,16466,16466,4,4
2021-10-14 15:21:56,16466,16466,16466,2,2
2021-10-14 15:21:58,16466,16466,16466,2,2
2021-10-14 15:22:00,16466,16466,16466,2,2
2021-10-14 15:22:00,16467,16467,16467,2,2
2021-10-14 15:22:00,16467,16467,16467,2,2
2021-10-14 15:22:00,16467,16467,16467,2,2
2021-10-14 15:22:00,16468,16468,16468,4,4
2021-10-14 15:22:00,16468,16468,16468,2,2
2021-10-14 15:22:01,16467,16467,16467,2,-2
2021-10-14 15:22:01,16468,16468,16468,2,2
2021-10-14 15:22:01,16468,16468,16468,2,2
2021-10-14 15:22:02,16468,16468,16468,2,2
2021-10-14 15:22:03,16468,16468,16468,20,20
2021-10-14 15:22:03,16469,16469,16469,2,2
2021-10-14 15:22:03,16469,16469,16469,6,6
2021-10-14 15:22:03,16469,16469,16469,6,6
2021-10-14 15:22:03,16469,16469,16469,6,6
2021-10-14 15:22:03,16469,16469,16469,2,2
2021-10-14 15:22:03,16469,16469,16469,2,2
2021-10-14 15:22:03,16469,16469,16469,2,2
2021-10-14 15:22:03,16469,16469,16469,2,2
2021-10-14 15:22:03,16469,16469,16469,2,2
2021-10-14 15:22:03,16469,16469,16469,2,2
2021-10-14 15:22:03,16470,16470,16470,20,20
2021-10-14 15:22:03,16470,16470,16470,4,4
2021-10-14 15:22:03,16470,16470,16470,2,2
2021-10-14 15:22:03,16470,16470,16470,26,26
2021-10-14 15:22:03,16471,16471,16471,12,12
2021-10-14 15:22:03,16472,16472,16472,2,2
2021-10-14 15:22:03,16472,16472,16472,2,2
2021-10-14 15:22:03,16471,16471,16471,2,-2
2021-10-14 15:22:03,16471,16471,16471,2,2
2021-10-14 15:22:04,16471,16471,16471,2,2
2021-10-14 15:22:04,16472,16472,16472,2,2
2021-10-14 15:22:04,16472,16472,16472,8,8
2021-10-14 15:22:05,16470,16470,16470,2,-2
2021-10-14 15:22:05,16472,16472,16472,8,8
2021-10-14 15:22:05,16472,16472,16472,2,2
2021-10-14 15:22:06,16470,16470,16470,2,-2
2021-10-14 15:22:06,16472,16472,16472,6,6
2021-10-14 15:22:06,16473,16473,16473,2,2
2021-10-14 15:22:07,16471,16471,16471,2,-2
2021-10-14 15:22:07,16473,16473,16473,2,2
2021-10-14 15:22:07,16473,16473,16473,2,2
2021-10-14 15:22:07,16473,16473,16473,2,2
2021-10-14 15:22:07,16472,16472,16472,6,-6
2021-10-14 15:22:07,16472,16472,16472,2,2
2021-10-14 15:22:08,16472,16472,16472,2,2
2021-10-14 15:22:08,16472,16472,16472,4,4
2021-10-14 15:22:08,16472,16472,16472,2,2
2021-10-14 15:22:08,16473,16473,16473,8,8
2021-10-14 15:22:08,16472,16472,16472,2,-2
2021-10-14 15:22:08,16474,16474,16474,2,2
2021-10-14 15:22:08,16474,16474,16474,2,2
2021-10-14 15:22:08,16472,16472,16472,2,-2
2021-10-14 15:22:08,16473,16473,16473,8,8
2021-10-14 15:22:08,16473,16473,16473,2,2
2021-10-14 15:22:08,16474,16474,16474,2,2
2021-10-14 15:22:08,16471,16471,16471,2,-2
2021-10-14 15:22:08,16473,16473,16473,2,2
2021-10-14 15:22:09,16472,16472,16472,2,-2
2021-10-14 15:22:09,16471,16471,16471,2,-2
2021-10-14 15:22:10,16474,16474,16474,4,4
2021-10-14 15:22:10,16473,16473,16473,2,-2
2021-10-14 15:22:10,16473,16473,16473,2,2
2021-10-14 15:22:12,16474,16474,16474,2,2
2021-10-14 15:22:12,16474,16474,16474,2,2
2021-10-14 15:22:13,16473,16473,16473,2,-2
2021-10-14 15:22:15,16473,16473,16473,2,2
2021-10-14 15:22:16,16474,16474,16474,2,2
2021-10-14 15:22:17,16474,16474,16474,2,2
2021-10-14 15:22:17,16474,16474,16474,2,2
2021-10-14 15:22:17,16474,16474,16474,2,2
2021-10-14 15:22:17,16473,16473,16473,2,-2
2021-10-14 15:22:18,16474,16474,16474,8,8
2021-10-14 15:22:18,16474,16474,16474,2,2
2021-10-14 15:22:19,16474,16474,16474,2,2
2021-10-14 15:22:19,16473,16473,16473,2,-2
2021-10-14 15:22:20,16474,16474,16474,2,2
2021-10-14 15:22:21,16474,16474,16474,2,2
2021-10-14 15:22:21,16474,16474,16474,4,4
2021-10-14 15:22:21,16475,16475,16475,6,6
2021-10-14 15:22:21,16475,16475,16475,2,2
2021-10-14 15:22:22,16475,16475,16475,2,2
2021-10-14 15:22:22,16475,16475,16475,8,8
2021-10-14 15:22:22,16474,16474,16474,2,-2
2021-10-14 15:22:22,16474,16474,16474,2,2
2021-10-14 15:22:23,16475,16475,16475,10,10
2021-10-14 15:22:23,16476,16476,16476,4,4
2021-10-14 15:22:23,16474,16474,16474,2,-2
2021-10-14 15:22:23,16476,16476,16476,2,2
2021-10-14 15:22:24,16476,16476,16476,4,4
2021-10-14 15:22:24,16477,16477,16477,6,6
2021-10-14 15:22:24,16477,16477,16477,2,2
2021-10-14 15:22:25,16476,16476,16476,2,-2
2021-10-14 15:22:25,16477,16477,16477,2,2
2021-10-14 15:22:26,16475,16475,16475,2,-2
2021-10-14 15:22:26,16475,16475,16475,2,2
2021-10-14 15:22:26,16476,16476,16476,6,6
2021-10-14 15:22:26,16477,16477,16477,4,4
2021-10-14 15:22:26,16475,16475,16475,2,-2
2021-10-14 15:22:26,16475,16475,16475,2,2
2021-10-14 15:22:27,16477,16477,16477,2,2
2021-10-14 15:22:27,16475,16475,16475,2,-2
2021-10-14 15:22:27,16475,16475,16475,2,2
2021-10-14 15:22:27,16477,16477,16477,2,2
2021-10-14 15:22:27,16477,16477,16477,2,2
2021-10-14 15:22:27,16477,16477,16477,2,2
2021-10-14 15:22:27,16477,16477,16477,2,2
2021-10-14 15:22:27,16477,16477,16477,2,2
2021-10-14 15:22:27,16477,16477,16477,2,2
2021-10-14 15:22:27,16477,16477,16477,2,2
2021-10-14 15:22:27,16477,16477,16477,2,2
2021-10-14 15:22:27,16477,16477,16477,2,2
2021-10-14 15:22:27,16477,16477,16477,2,2
2021-10-14 15:22:27,16477,16477,16477,2,2
2021-10-14 15:22:27,16477,16477,16477,2,2
2021-10-14 15:22:27,16477,16477,16477,2,2
2021-10-14 15:22:27,16477,16477,16477,2,2
2021-10-14 15:22:27,16478,16478,16478,2,2
2021-10-14 15:22:27,16478,16478,16478,2,2
2021-10-14 15:22:27,16477,16477,16477,2,-2
2021-10-14 15:22:27,16478,16478,16478,2,2
2021-10-14 15:22:27,16478,16478,16478,8,8
2021-10-14 15:22:27,16478,16478,16478,2,2
2021-10-14 15:22:27,16478,16478,16478,2,2
2021-10-14 15:22:27,16476,16476,16476,2,-2
2021-10-14 15:22:27,16476,16476,16476,2,2
2021-10-14 15:22:27,16475,16475,16475,2,-2
2021-10-14 15:22:27,16475,16475,16475,2,2
2021-10-14 15:22:28,16475,16475,16475,2,2
2021-10-14 15:22:29,16477,16477,16477,6,6
2021-10-14 15:22:29,16476,16476,16476,4,-4
2021-10-14 15:22:29,16476,16476,16476,2,2
2021-10-14 15:22:29,16475,16475,16475,2,-2
2021-10-14 15:22:29,16475,16475,16475,2,2
2021-10-14 15:22:29,16475,16475,16475,4,4
2021-10-14 15:22:29,16474,16474,16474,2,-2
2021-10-14 15:22:29,16474,16474,16474,2,2
2021-10-14 15:22:29,16474,16474,16474,2,2
2021-10-14 15:22:30,16475,16475,16475,2,2
2021-10-14 15:22:30,16476,16476,16476,4,4
2021-10-14 15:22:30,16474,16474,16474,6,-6
2021-10-14 15:22:30,16474,16474,16474,2,2
2021-10-14 15:22:30,16474,16474,16474,2,2
2021-10-14 15:22:30,16474,16474,16474,2,2
2021-10-14 15:22:30,16474,16474,16474,2,2
2021-10-14 15:22:30,16474,16474,16474,2,2
2021-10-14 15:22:30,16474,16474,16474,2,2
2021-10-14 15:22:30,16474,16474,16474,2,2
2021-10-14 15:22:31,16473,16473,16473,2,-2
2021-10-14 15:22:31,16473,16473,16473,4,4
2021-10-14 15:22:31,16473,16473,16473,2,2
2021-10-14 15:22:31,16473,16473,16473,2,2
2021-10-14 15:22:31,16472,16472,16472,2,-2
2021-10-14 15:22:31,16472,16472,16472,2,2
2021-10-14 15:22:31,16472,16472,16472,2,2
2021-10-14 15:22:31,16472,16472,16472,2,2
2021-10-14 15:22:31,16472,16472,16472,2,2
2021-10-14 15:22:31,16475,16475,16475,2,2
2021-10-14 15:22:31,16473,16473,16473,2,-2
2021-10-14 15:22:31,16473,16473,16473,2,2
2021-10-14 15:22:31,16473,16473,16473,2,2
2021-10-14 15:22:31,16472,16472,16472,6,-6
2021-10-14 15:22:31,16472,16472,16472,6,6
2021-10-14 15:22:31,16472,16472,16472,2,2
2021-10-14 15:22:33,16472,16472,16472,2,2
2021-10-14 15:22:33,16475,16475,16475,2,2
2021-10-14 15:22:34,16472,16472,16472,2,-2
2021-10-14 15:22:34,16472,16472,16472,2,2
2021-10-14 15:22:39,16474,16474,16474,2,2
2021-10-14 15:22:40,16473,16473,16473,2,-2
2021-10-14 15:22:40,16473,16473,16473,2,2
2021-10-14 15:22:40,16473,16473,16473,2,2
2021-10-14 15:22:40,16473,16473,16473,2,2
2021-10-14 15:22:40,16474,16474,16474,2,2
2021-10-14 15:22:40,16474,16474,16474,2,2
2021-10-14 15:22:40,16475,16475,16475,20,20
2021-10-14 15:22:40,16476,16476,16476,18,18
2021-10-14 15:22:42,16474,16474,16474,2,-2
2021-10-14 15:22:42,16474,16474,16474,2,2
2021-10-14 15:22:42,16474,16474,16474,2,2
2021-10-14 15:22:42,16474,16474,16474,2,2
2021-10-14 15:22:42,16474,16474,16474,6,6
2021-10-14 15:22:42,16474,16474,16474,2,2
2021-10-14 15:22:42,16473,16473,16473,2,-2
2021-10-14 15:22:42,16473,16473,16473,2,2
2021-10-14 15:22:42,16474,16474,16474,2,2
2021-10-14 15:22:44,16473,16473,16473,2,-2
2021-10-14 15:22:45,16475,16475,16475,4,4
2021-10-14 15:22:46,16475,16475,16475,2,2
2021-10-14 15:22:46,16474,16474,16474,2,-2
2021-10-14 15:22:47,16474,16474,16474,2,2
2021-10-14 15:22:47,16476,16476,16476,8,8
2021-10-14 15:22:48,16474,16474,16474,4,-4
2021-10-14 15:22:48,16474,16474,16474,2,2
2021-10-14 15:22:49,16474,16474,16474,2,2
2021-10-14 15:22:51,16473,16473,16473,4,-4
2021-10-14 15:22:51,16473,16473,16473,4,4
2021-10-14 15:22:51,16473,16473,16473,2,2
2021-10-14 15:22:51,16473,16473,16473,10,10
2021-10-14 15:22:52,16473,16473,16473,2,2
2021-10-14 15:22:53,16473,16473,16473,2,2
2021-10-14 15:22:54,16473,16473,16473,2,2
2021-10-14 15:22:56,16473,16473,16473,2,2
2021-10-14 15:22:56,16474,16474,16474,2,2
2021-10-14 15:22:59,16473,16473,16473,2,-2
2021-10-14 15:23:00,16473,16473,16473,2,2
2021-10-14 15:23:02,16473,16473,16473,2,2
2021-10-14 15:23:02,16473,16473,16473,2,2
2021-10-14 15:23:03,16473,16473,16473,12,12
2021-10-14 15:23:03,16474,16474,16474,4,4
2021-10-14 15:23:03,16472,16472,16472,2,-2
2021-10-14 15:23:03,16474,16474,16474,2,2
2021-10-14 15:23:03,16474,16474,16474,2,2
2021-10-14 15:23:06,16474,16474,16474,2,2
2021-10-14 15:23:06,16474,16474,16474,8,8
2021-10-14 15:23:07,16474,16474,16474,6,6
2021-10-14 15:23:10,16474,16474,16474,2,2
2021-10-14 15:23:10,16474,16474,16474,10,10
2021-10-14 15:23:10,16474,16474,16474,8,8
2021-10-14 15:23:10,16475,16475,16475,12,12
2021-10-14 15:23:10,16476,16476,16476,2,2
2021-10-14 15:23:10,16474,16474,16474,4,-4
2021-10-14 15:23:10,16476,16476,16476,2,2
2021-10-14 15:23:11,16474,16474,16474,2,-2
2021-10-14 15:23:11,16476,16476,16476,2,2
2021-10-14 15:23:12,16476,16476,16476,2,2
2021-10-14 15:23:12,16476,16476,16476,2,2
2021-10-14 15:23:12,16476,16476,16476,2,2
2021-10-14 15:23:15,16476,16476,16476,2,2
2021-10-14 15:23:15,16474,16474,16474,2,-2
2021-10-14 15:23:15,16474,16474,16474,4,4
2021-10-14 15:23:15,16474,16474,16474,2,2
2021-10-14 15:23:15,16474,16474,16474,2,2
2021-10-14 15:23:15,16474,16474,16474,2,2
2021-10-14 15:23:15,16474,16474,16474,2,2
2021-10-14 15:23:15,16474,16474,16474,6,6
2021-10-14 15:23:16,16475,16475,16475,2,2
2021-10-14 15:23:17,16475,16475,16475,2,2
2021-10-14 15:23:17,16475,16475,16475,2,2
2021-10-14 15:23:17,16473,16473,16473,2,-2
2021-10-14 15:23:19,16475,16475,16475,2,2
2021-10-14 15:23:20,16474,16474,16474,2,-2
2021-10-14 15:23:20,16474,16474,16474,2,2
2021-10-14 15:23:21,16474,16474,16474,2,2
2021-10-14 15:23:21,16474,16474,16474,2,2
2021-10-14 15:23:21,16473,16473,16473,4,-4
2021-10-14 15:23:24,16473,16473,16473,2,2
2021-10-14 15:23:24,16473,16473,16473,2,2
2021-10-14 15:23:24,16473,16473,16473,2,2
2021-10-14 15:23:25,16473,16473,16473,14,14
2021-10-14 15:23:26,16474,16474,16474,2,2
2021-10-14 15:23:26,16474,16474,16474,4,4
2021-10-14 15:23:27,16474,16474,16474,4,4
2021-10-14 15:23:27,16474,16474,16474,4,4
2021-10-14 15:23:28,16473,16473,16473,4,-4
2021-10-14 15:23:28,16474,16474,16474,2,2
2021-10-14 15:23:28,16474,16474,16474,2,2
2021-10-14 15:23:28,16475,16475,16475,2,2
2021-10-14 15:23:28,16475,16475,16475,4,4
2021-10-14 15:23:28,16473,16473,16473,20,-20
2021-10-14 15:23:28,16474,16474,16474,2,2
2021-10-14 15:23:28,16474,16474,16474,2,2
2021-10-14 15:23:33,16473,16473,16473,4,-4
2021-10-14 15:23:33,16473,16473,16473,2,2
2021-10-14 15:23:34,16473,16473,16473,2,2
2021-10-14 15:23:36,16472,16472,16472,2,-2
2021-10-14 15:23:37,16473,16473,16473,2,2
2021-10-14 15:23:37,16473,16473,16473,2,2
2021-10-14 15:23:37,16473,16473,16473,2,2
2021-10-14 15:23:39,16472,16472,16472,2,-2
2021-10-14 15:23:40,16473,16473,16473,4,4
2021-10-14 15:23:44,16473,16473,16473,6,6
2021-10-14 15:23:48,16473,16473,16473,2,2
2021-10-14 15:23:50,16473,16473,16473,2,2
2021-10-14 15:23:50,16474,16474,16474,2,2
2021-10-14 15:23:53,16472,16472,16472,2,-2
2021-10-14 15:23:56,16473,16473,16473,8,8
2021-10-14 15:23:58,16473,16473,16473,2,2
2021-10-14 15:23:58,16473,16473,16473,2,2
2021-10-14 15:23:59,16474,16474,16474,2,2
2021-10-14 15:24:02,16473,16473,16473,4,-4
2021-10-14 15:24:07,16473,16473,16473,4,4
2021-10-14 15:24:07,16473,16473,16473,2,2
2021-10-14 15:24:07,16473,16473,16473,2,2
2021-10-14 15:24:07,16473,16473,16473,2,2
2021-10-14 15:24:07,16473,16473,16473,2,2
2021-10-14 15:24:07,16473,16473,16473,12,12
2021-10-14 15:24:09,16473,16473,16473,2,2
2021-10-14 15:24:09,16474,16474,16474,2,2
2021-10-14 15:24:09,16474,16474,16474,10,10
2021-10-14 15:24:09,16473,16473,16473,2,-2
2021-10-14 15:24:10,16473,16473,16473,4,4
2021-10-14 15:24:10,16473,16473,16473,2,2
2021-10-14 15:24:10,16473,16473,16473,2,2
2021-10-14 15:24:10,16473,16473,16473,2,2
2021-10-14 15:24:10,16473,16473,16473,2,2
2021-10-14 15:24:12,16473,16473,16473,2,2
2021-10-14 15:24:13,16473,16473,16473,4,4
2021-10-14 15:24:13,16473,16473,16473,2,2
2021-10-14 15:24:13,16473,16473,16473,2,2
2021-10-14 15:24:13,16473,16473,16473,2,2
2021-10-14 15:24:17,16473,16473,16473,2,2
2021-10-14 15:24:17,16473,16473,16473,2,2
2021-10-14 15:24:17,16473,16473,16473,2,2
2021-10-14 15:24:17,16473,16473,16473,2,2
2021-10-14 15:24:17,16473,16473,16473,2,2
2021-10-14 15:24:17,16473,16473,16473,20,20
2021-10-14 15:24:18,16473,16473,16473,2,2
2021-10-14 15:24:18,16473,16473,16473,2,2
2021-10-14 15:24:18,16474,16474,16474,10,10
2021-10-14 15:24:19,16473,16473,16473,2,-2
2021-10-14 15:24:19,16473,16473,16473,2,2
2021-10-14 15:24:20,16473,16473,16473,2,2
2021-10-14 15:24:23,16473,16473,16473,2,2
2021-10-14 15:24:23,16473,16473,16473,2,2
2021-10-14 15:24:25,16473,16473,16473,4,4
2021-10-14 15:24:25,16473,16473,16473,4,4
2021-10-14 15:24:29,16473,16473,16473,2,2
2021-10-14 15:24:32,16473,16473,16473,2,2
2021-10-14 15:24:32,16473,16473,16473,2,2
2021-10-14 15:24:32,16473,16473,16473,2,2
2021-10-14 15:24:32,16473,16473,16473,2,2
2021-10-14 15:24:32,16473,16473,16473,2,2
2021-10-14 15:24:32,16473,16473,16473,2,2
2021-10-14 15:24:32,16473,16473,16473,2,2
2021-10-14 15:24:32,16473,16473,16473,2,2
2021-10-14 15:24:32,16474,16474,16474,2,2
2021-10-14 15:24:32,16474,16474,16474,2,2
2021-10-14 15:24:32,16474,16474,16474,2,2
2021-10-14 15:24:35,16474,16474,16474,2,2
2021-10-14 15:24:36,16473,16473,16473,6,-6
2021-10-14 15:24:37,16473,16473,16473,8,8
2021-10-14 15:24:37,16473,16473,16473,2,2
2021-10-14 15:24:38,16472,16472,16472,2,-2
2021-10-14 15:24:41,16473,16473,16473,2,2
2021-10-14 15:24:42,16473,16473,16473,4,4
2021-10-14 15:24:44,16473,16473,16473,2,2
2021-10-14 15:24:44,16474,16474,16474,6,6
2021-10-14 15:24:47,16473,16473,16473,2,-2
2021-10-14 15:24:50,16473,16473,16473,2,2
2021-10-14 15:24:50,16473,16473,16473,2,2
2021-10-14 15:24:52,16473,16473,16473,20,20
2021-10-14 15:24:53,16473,16473,16473,2,2
2021-10-14 15:24:53,16473,16473,16473,2,2
2021-10-14 15:24:54,16473,16473,16473,2,2
2021-10-14 15:24:54,16474,16474,16474,2,2
2021-10-14 15:24:55,16473,16473,16473,2,-2
2021-10-14 15:24:55,16473,16473,16473,2,2
2021-10-14 15:24:55,16473,16473,16473,2,2
2021-10-14 15:24:55,16473,16473,16473,2,2
2021-10-14 15:24:56,16473,16473,16473,2,2
2021-10-14 15:24:58,16473,16473,16473,2,2
2021-10-14 15:25:00,16473,16473,16473,2,2
2021-10-14 15:25:01,16473,16473,16473,2,2
2021-10-14 15:25:01,16472,16472,16472,2,-2
2021-10-14 15:25:01,16473,16473,16473,6,6
2021-10-14 15:25:03,16472,16472,16472,2,-2
2021-10-14 15:25:04,16472,16472,16472,2,2
2021-10-14 15:25:05,16472,16472,16472,2,2
2021-10-14 15:25:05,16472,16472,16472,2,2
2021-10-14 15:25:05,16472,16472,16472,2,2
2021-10-14 15:25:05,16472,16472,16472,2,2
2021-10-14 15:25:05,16472,16472,16472,2,2
2021-10-14 15:25:05,16472,16472,16472,2,2
2021-10-14 15:25:05,16472,16472,16472,2,2
2021-10-14 15:25:05,16472,16472,16472,2,2
2021-10-14 15:25:05,16472,16472,16472,2,2
2021-10-14 15:25:05,16472,16472,16472,2,2
2021-10-14 15:25:05,16472,16472,16472,8,8
2021-10-14 15:25:05,16472,16472,16472,2,2
2021-10-14 15:25:05,16471,16471,16471,2,-2
2021-10-14 15:25:06,16471,16471,16471,2,2
2021-10-14 15:25:09,16471,16471,16471,2,2
2021-10-14 15:25:09,16471,16471,16471,2,2
2021-10-14 15:25:10,16471,16471,16471,2,2
2021-10-14 15:25:10,16471,16471,16471,2,2
2021-10-14 15:25:11,16471,16471,16471,2,2
2021-10-14 15:25:12,16472,16472,16472,4,4
2021-10-14 15:25:15,16471,16471,16471,2,-2
2021-10-14 15:25:16,16471,16471,16471,2,2
2021-10-14 15:25:16,16471,16471,16471,2,2
2021-10-14 15:25:16,16471,16471,16471,2,2
2021-10-14 15:25:16,16470,16470,16470,2,-2
2021-10-14 15:25:17,16470,16470,16470,2,2
2021-10-14 15:25:17,16470,16470,16470,2,2
2021-10-14 15:25:17,16470,16470,16470,4,4
2021-10-14 15:25:17,16472,16472,16472,2,2
2021-10-14 15:25:17,16472,16472,16472,2,2
2021-10-14 15:25:20,16470,16470,16470,2,-2
2021-10-14 15:25:20,16471,16471,16471,2,2
2021-10-14 15:25:21,16471,16471,16471,2,2
2021-10-14 15:25:21,16470,16470,16470,2,-2
2021-10-14 15:25:21,16470,16470,16470,14,14
2021-10-14 15:25:21,16470,16470,16470,2,2
2021-10-14 15:25:21,16470,16470,16470,4,4
2021-10-14 15:25:21,16470,16470,16470,2,2
2021-10-14 15:25:21,16470,16470,16470,4,4
2021-10-14 15:25:21,16470,16470,16470,2,2
2021-10-14 15:25:21,16470,16470,16470,2,2
2021-10-14 15:25:23,16470,16470,16470,2,2
2021-10-14 15:25:23,16471,16471,16471,2,2
2021-10-14 15:25:26,16469,16469,16469,2,-2
2021-10-14 15:25:27,16469,16469,16469,2,2
2021-10-14 15:25:27,16469,16469,16469,4,4
2021-10-14 15:25:27,16469,16469,16469,2,2
2021-10-14 15:25:27,16468,16468,16468,2,-2
2021-10-14 15:25:27,16468,16468,16468,2,2
2021-10-14 15:25:27,16468,16468,16468,2,2
2021-10-14 15:25:27,16469,16469,16469,2,2
2021-10-14 15:25:27,16469,16469,16469,4,4
2021-10-14 15:25:28,16469,16469,16469,2,2
2021-10-14 15:25:28,16468,16468,16468,2,-2
2021-10-14 15:25:28,16468,16468,16468,2,2
2021-10-14 15:25:28,16468,16468,16468,4,4
2021-10-14 15:25:31,16468,16468,16468,2,2
2021-10-14 15:25:31,16467,16467,16467,2,-2
2021-10-14 15:25:32,16469,16469,16469,2,2
2021-10-14 15:25:34,16468,16468,16468,2,-2
2021-10-14 15:25:35,16468,16468,16468,2,2
2021-10-14 15:25:35,16468,16468,16468,4,4
2021-10-14 15:25:37,16468,16468,16468,2,2
2021-10-14 15:25:42,16468,16468,16468,2,2
2021-10-14 15:25:44,16468,16468,16468,2,2
2021-10-14 15:25:45,16467,16467,16467,2,-2
2021-10-14 15:25:45,16467,16467,16467,2,2
2021-10-14 15:25:46,16468,16468,16468,2,2
2021-10-14 15:25:46,16468,16468,16468,2,2
2021-10-14 15:25:47,16467,16467,16467,2,-2
2021-10-14 15:25:47,16467,16467,16467,2,2
2021-10-14 15:25:47,16468,16468,16468,2,2
2021-10-14 15:25:48,16467,16467,16467,2,-2
2021-10-14 15:25:49,16467,16467,16467,2,2
2021-10-14 15:25:50,16467,16467,16467,2,2
2021-10-14 15:25:51,16467,16467,16467,2,2
2021-10-14 15:25:52,16468,16468,16468,4,4
2021-10-14 15:25:52,16468,16468,16468,2,2
