2019-04-18 15:00:00.082,10939,10940,10940,80,80
2019-04-18 15:00:00.084,10939,10940,10939,4,-4
2019-04-18 15:00:00.270,10938,10940,10940,5,5
2019-04-18 15:00:00.274,10938,10940,10940,1,1
2019-04-18 15:00:00.289,10938,10940,10940,1,1
2019-04-18 15:00:00.290,10938,10940,10940,2,2
2019-04-18 15:00:00.385,10938,10940,10940,1,1
2019-04-18 15:00:00.406,10938,10940,10940,1,1
2019-04-18 15:00:00.560,10938,10940,10938,2,-2
2019-04-18 15:00:00.563,10938,10940,10938,1,-1
2019-04-18 15:00:00.609,10938,10940,10938,1,-1
2019-04-18 15:00:00.692,10938,10940,10939,1,1
2019-04-18 15:00:00.760,10939,10940,10940,1,1
2019-04-18 15:00:00.908,10939,10940,10940,4,4
2019-04-18 15:00:01.048,10939,10941,10939,2,-2
2019-04-18 15:00:01.109,10939,10941,10939,1,-1
2019-04-18 15:00:01.576,10939,10940,10939,1,-1
2019-04-18 15:00:01.641,10939,10940,10939,2,-2
2019-04-18 15:00:01.876,10939,10940,10940,1,1
2019-04-18 15:00:03.314,10939,10940,10940,2,2
2019-04-18 15:00:05.220,10939,10940,10939,2,-2
2019-04-18 15:00:05.243,10938,10940,10940,12,12
2019-04-18 15:00:05.535,10939,10940,10939,2,-2
2019-04-18 15:00:05.627,10939,10940,10940,1,1
2019-04-18 15:00:05.868,10939,10941,10939,2,-2
2019-04-18 15:00:05.986,10939,10941,10941,1,1
2019-04-18 15:00:06.121,10939,10941,10939,2,-2
2019-04-18 15:00:06.330,10939,10940,10940,1,1
2019-04-18 15:00:06.607,10939,10941,10939,2,-2
2019-04-18 15:00:06.644,10939,10941,10939,2,-2
2019-04-18 15:00:06.900,10938,10939,10939,2,2
2019-04-18 15:00:07.239,10939,10940,10940,1,1
2019-04-18 15:00:07.593,10940,10941,10941,1,1
2019-04-18 15:00:08.977,10940,10941,10941,1,1
2019-04-18 15:00:09.056,10940,10941,10940,1,-1
2019-04-18 15:00:09.314,10940,10941,10941,9,9
2019-04-18 15:00:09.708,10941,10942,10942,2,2
2019-04-18 15:00:09.739,10941,10942,10942,3,3
2019-04-18 15:00:10.595,10942,10943,10942,1,-1
2019-04-18 15:00:11.055,10942,10943,10943,1,1
2019-04-18 15:00:11.731,10942,10943,10942,2,-2
2019-04-18 15:00:11.997,10942,10943,10942,1,-1
2019-04-18 15:00:12.026,10942,10943,10942,2,-2
2019-04-18 15:00:12.089,10942,10943,10942,2,-2
2019-04-18 15:00:12.114,10942,10943,10942,1,-1
2019-04-18 15:00:12.754,10941,10942,10941,2,-2
2019-04-18 15:00:13.541,10941,10942,10941,2,-2
2019-04-18 15:00:15.247,10941,10942,10941,1,-1
2019-04-18 15:00:17.543,10940,10941,10941,1,1
2019-04-18 15:00:18.228,10940,10941,10940,2,-2
2019-04-18 15:00:18.490,10940,10941,10940,2,-2
2019-04-18 15:00:19.287,10940,10941,10941,1,1
2019-04-18 15:00:19.300,10940,10941,10940,2,-2
2019-04-18 15:00:19.344,10940,10941,10940,2,-2
2019-04-18 15:00:19.585,10940,10941,10940,2,-2
2019-04-18 15:00:19.866,10940,10941,10941,8,8
2019-04-18 15:00:20.874,10941,10942,10941,1,-1
2019-04-18 15:00:23.835,10941,10942,10941,1,-1
2019-04-18 15:00:25.188,10941,10942,10941,1,-1
2019-04-18 15:00:25.760,10941,10942,10942,1,1
2019-04-18 15:00:26.132,10941,10942,10942,1,1
2019-04-18 15:00:26.244,10941,10942,10941,2,-2
2019-04-18 15:00:27.178,10941,10942,10941,1,-1
2019-04-18 15:00:31.720,10941,10942,10942,1,1
2019-04-18 15:00:31.721,10941,10942,10942,3,3
2019-04-18 15:00:31.721,10941,10942,10942,9,9
2019-04-18 15:00:31.895,10942,10943,10943,4,4
2019-04-18 15:00:32.039,10942,10944,10943,2,-2
2019-04-18 15:00:32.720,10943,10944,10943,2,-2
2019-04-18 15:00:35.458,10942,10944,10942,20,-20
2019-04-18 15:00:35.782,10942,10943,10943,5,5
2019-04-18 15:00:39.127,10942,10943,10943,2,2
2019-04-18 15:00:40.109,10942,10943,10943,2,2
2019-04-18 15:00:40.109,10942,10943,10943,1,1
2019-04-18 15:00:40.750,10942,10943,10943,2,2
2019-04-18 15:00:41.131,10942,10943,10943,1,1
2019-04-18 15:00:41.454,10942,10943,10943,1,1
2019-04-18 15:00:42.216,10942,10943,10943,2,2
2019-04-18 15:00:44.067,10942,10943,10943,1,1
2019-04-18 15:00:45.641,10942,10943,10943,1,1
2019-04-18 15:00:45.852,10942,10943,10943,2,2
2019-04-18 15:00:46.426,10942,10943,10943,1,1
2019-04-18 15:00:46.931,10942,10943,10943,1,1
2019-04-18 15:00:48.637,10942,10943,10943,5,5
2019-04-18 15:00:49.958,10942,10943,10943,1,1
2019-04-18 15:00:50.040,10942,10943,10943,1,1
2019-04-18 15:00:53.364,10942,10943,10943,3,3
2019-04-18 15:00:53.489,10942,10943,10943,1,1
2019-04-18 15:00:56.583,10943,10944,10943,5,-5
2019-04-18 15:00:57.046,10943,10944,10943,1,-1
2019-04-18 15:01:00.000,10943,10944,10944,16,16
2019-04-18 15:01:02.951,10944,10945,10944,1,-1
2019-04-18 15:01:04.269,10944,10945,10944,1,-1
2019-04-18 15:01:08.182,10944,10945,10944,5,-5
2019-04-18 15:01:10.384,10944,10945,10944,1,-1
2019-04-18 15:01:12.990,10944,10945,10945,1,1
2019-04-18 15:01:13.921,10944,10945,10945,2,2
2019-04-18 15:01:15.082,10944,10945,10945,11,11
2019-04-18 15:01:16.714,10945,10946,10946,1,1
2019-04-18 15:01:16.714,10945,10946,10946,1,1
2019-04-18 15:01:16.715,10945,10946,10946,1,1
2019-04-18 15:01:16.739,10945,10946,10946,1,1
2019-04-18 15:01:16.864,10945,10946,10946,1,1
2019-04-18 15:01:16.864,10945,10946,10946,1,1
2019-04-18 15:01:16.883,10945,10946,10946,1,1
2019-04-18 15:01:17.578,10946,10947,10947,1,1
2019-04-18 15:01:17.886,10946,10947,10946,1,-1
2019-04-18 15:01:17.918,10946,10947,10946,1,-1
2019-04-18 15:01:17.928,10946,10947,10946,2,-2
2019-04-18 15:01:18.839,10946,10947,10947,2,2
2019-04-18 15:01:20.150,10946,10947,10947,20,20
2019-04-18 15:01:20.304,10946,10947,10947,2,2
2019-04-18 15:01:20.338,10946,10947,10946,2,-2
2019-04-18 15:01:21.633,10946,10947,10947,1,1
2019-04-18 15:01:21.739,10946,10947,10947,1,1
2019-04-18 15:01:21.739,10946,10947,10947,1,1
2019-04-18 15:01:22.111,10947,10948,10947,1,-1
2019-04-18 15:01:22.239,10946,10947,10947,1,1
2019-04-18 15:01:22.664,10947,10948,10947,2,-2
2019-04-18 15:01:23.274,10947,10948,10947,1,-1
2019-04-18 15:01:23.419,10947,10948,10947,1,-1
2019-04-18 15:01:23.420,10947,10948,10947,1,-1
2019-04-18 15:01:23.559,10947,10948,10948,1,1
2019-04-18 15:01:23.559,10947,10948,10948,1,1
2019-04-18 15:01:23.842,10947,10948,10948,5,5
2019-04-18 15:01:23.864,10947,10948,10948,3,3
2019-04-18 15:01:23.864,10947,10948,10948,1,1
2019-04-18 15:01:23.989,10947,10948,10948,1,1
2019-04-18 15:01:24.968,10947,10949,10947,2,-2
2019-04-18 15:01:25.577,10947,10949,10947,1,-1
2019-04-18 15:01:26.062,10947,10948,10947,1,-1
2019-04-18 15:01:26.824,10947,10948,10948,1,1
2019-04-18 15:01:27.556,10947,10948,10947,1,-1
2019-04-18 15:01:31.009,10947,10948,10947,20,-20
2019-04-18 15:01:31.239,10947,10948,10947,10,-10
2019-04-18 15:01:31.239,10947,10948,10947,1,-1
2019-04-18 15:01:32.304,10946,10947,10947,1,1
2019-04-18 15:01:34.350,10946,10947,10947,1,1
2019-04-18 15:01:35.198,10946,10947,10947,2,2
2019-04-18 15:01:38.316,10946,10947,10947,1,1
2019-04-18 15:01:40.053,10946,10947,10947,3,3
2019-04-18 15:01:41.148,10946,10947,10946,1,-1
2019-04-18 15:01:46.795,10946,10947,10946,1,-1
2019-04-18 15:01:49.889,10946,10947,10946,1,-1
2019-04-18 15:01:50.103,10946,10947,10946,2,-2
2019-04-18 15:01:50.588,10946,10947,10947,3,3
2019-04-18 15:01:51.666,10946,10947,10946,1,-1
2019-04-18 15:01:51.955,10946,10947,10946,5,-5
2019-04-18 15:01:51.989,10946,10947,10946,9,-9
2019-04-18 15:01:54.484,10945,10946,10946,1,1
2019-04-18 15:01:57.201,10945,10946,10945,2,-2
2019-04-18 15:01:57.786,10945,10946,10946,1,1
2019-04-18 15:01:58.147,10945,10946,10945,5,-5
2019-04-18 15:01:58.340,10945,10946,10945,4,-4
2019-04-18 15:01:58.431,10944,10945,10945,1,1
2019-04-18 15:01:59.402,10944,10945,10945,1,1
2019-04-18 15:02:01.407,10944,10945,10945,1,1
2019-04-18 15:02:01.739,10944,10945,10945,5,5
2019-04-18 15:02:01.739,10944,10945,10946,9,9
2019-04-18 15:02:02.649,10945,10946,10945,1,-1
2019-04-18 15:02:05.852,10944,10945,10945,1,1
2019-04-18 15:02:08.865,10945,10946,10945,2,-2
2019-04-18 15:02:10.590,10945,10946,10945,1,-1
2019-04-18 15:02:11.209,10945,10946,10945,1,-1
2019-04-18 15:02:13.925,10945,10946,10945,2,-2
2019-04-18 15:02:14.270,10945,10946,10945,1,-1
2019-04-18 15:02:22.540,10945,10946,10945,1,-1
2019-04-18 15:02:22.614,10945,10946,10945,1,-1
2019-04-18 15:02:25.861,10945,10946,10945,2,-2
2019-04-18 15:02:26.479,10945,10946,10945,1,-1
2019-04-18 15:02:26.564,10945,10946,10945,2,-2
2019-04-18 15:02:27.227,10945,10946,10945,1,-1
2019-04-18 15:02:27.944,10945,10946,10945,1,-1
2019-04-18 15:02:28.090,10945,10946,10945,1,-1
2019-04-18 15:02:29.086,10945,10946,10945,1,-1
2019-04-18 15:02:36.746,10945,10946,10945,1,-1
2019-04-18 15:02:37.941,10945,10946,10945,1,-1
2019-04-18 15:02:38.750,10945,10946,10945,1,-1
2019-04-18 15:02:40.040,10945,10946,10945,1,-1
2019-04-18 15:02:42.134,10945,10946,10945,5,-5
2019-04-18 15:02:44.536,10945,10946,10945,1,-1
2019-04-18 15:02:45.876,10945,10946,10945,1,-1
2019-04-18 15:02:45.890,10945,10946,10945,1,-1
2019-04-18 15:03:00.467,10944,10945,10944,1,-1
2019-04-18 15:03:05.642,10944,10945,10945,5,5
2019-04-18 15:03:07.527,10944,10945,10945,2,2
2019-04-18 15:03:07.653,10944,10945,10945,1,1
2019-04-18 15:03:13.582,10945,10946,10945,5,-5
2019-04-18 15:03:13.883,10945,10946,10945,2,-2
2019-04-18 15:03:16.302,10944,10945,10945,1,1
2019-04-18 15:03:21.318,10944,10945,10945,1,1
2019-04-18 15:03:24.665,10944,10945,10945,5,5
2019-04-18 15:03:25.672,10944,10945,10945,1,1
2019-04-18 15:03:29.528,10944,10945,10945,2,2
2019-04-18 15:03:32.484,10944,10945,10945,1,1
2019-04-18 15:03:32.651,10944,10945,10944,2,-2
2019-04-18 15:03:33.357,10944,10945,10945,1,1
2019-04-18 15:03:38.537,10944,10945,10945,1,1
2019-04-18 15:03:43.701,10944,10945,10945,1,1
2019-04-18 15:03:49.239,10944,10945,10945,1,1
2019-04-18 15:03:50.954,10944,10945,10945,1,1
2019-04-18 15:03:53.958,10944,10945,10945,1,1
2019-04-18 15:03:56.403,10944,10945,10945,1,1
2019-04-18 15:03:59.518,10944,10945,10944,1,-1
2019-04-18 15:04:00.859,10944,10945,10945,1,1
2019-04-18 15:04:01.881,10944,10945,10944,1,-1
2019-04-18 15:04:01.882,10944,10945,10944,1,-1
2019-04-18 15:04:01.919,10944,10945,10944,2,-2
2019-04-18 15:04:02.640,10944,10945,10944,2,-2
2019-04-18 15:04:04.242,10944,10945,10944,2,-2
2019-04-18 15:04:05.759,10944,10945,10944,1,-1
2019-04-18 15:04:10.950,10944,10945,10944,8,-8
2019-04-18 15:04:10.951,10944,10945,10944,2,-2
2019-04-18 15:04:21.896,10943,10944,10944,1,1
2019-04-18 15:04:31.825,10943,10944,10943,1,-1
2019-04-18 15:04:32.182,10943,10944,10943,1,-1
2019-04-18 15:04:32.252,10943,10944,10943,1,-1
2019-04-18 15:04:32.432,10943,10944,10943,1,-1
2019-04-18 15:04:35.622,10943,10944,10943,1,-1
2019-04-18 15:04:36.848,10943,10944,10943,8,-8
2019-04-18 15:04:37.003,10942,10943,10942,1,-1
2019-04-18 15:04:37.019,10942,10943,10942,2,-2
2019-04-18 15:04:38.436,10942,10943,10943,1,1
2019-04-18 15:04:40.332,10942,10943,10942,1,-1
2019-04-18 15:04:42.177,10942,10943,10943,1,1
2019-04-18 15:04:44.565,10942,10943,10942,4,-4
2019-04-18 15:04:47.356,10942,10943,10942,1,-1
2019-04-18 15:04:48.767,10942,10943,10942,2,-2
2019-04-18 15:04:51.104,10942,10943,10942,1,-1
2019-04-18 15:04:52.359,10942,10943,10942,4,-4
2019-04-18 15:04:52.374,10942,10943,10942,4,-4
2019-04-18 15:04:54.800,10942,10943,10942,1,-1
2019-04-18 15:04:55.186,10942,10943,10943,1,1
2019-04-18 15:04:58.921,10942,10943,10942,1,-1
2019-04-18 15:05:00.396,10942,10943,10942,1,-1
2019-04-18 15:05:00.610,10942,10943,10942,1,-1
2019-04-18 15:05:00.804,10942,10943,10942,1,-1
2019-04-18 15:05:00.986,10942,10943,10942,1,-1
2019-04-18 15:05:01.462,10942,10943,10942,1,-1
2019-04-18 15:05:01.488,10942,10943,10942,1,-1
2019-04-18 15:05:01.930,10942,10943,10942,5,-5
2019-04-18 15:05:01.989,10942,10943,10942,3,-3
2019-04-18 15:05:02.062,10942,10943,10942,5,-5
2019-04-18 15:05:02.099,10942,10943,10942,2,-2
2019-04-18 15:05:04.265,10941,10942,10941,1,-1
2019-04-18 15:05:04.271,10941,10942,10941,1,-1
2019-04-18 15:05:04.552,10941,10942,10941,1,-1
2019-04-18 15:05:04.623,10941,10942,10941,1,-1
2019-04-18 15:05:10.936,10941,10942,10941,1,-1
2019-04-18 15:05:12.008,10941,10942,10941,1,-1
2019-04-18 15:05:14.336,10941,10942,10941,1,-1
2019-04-18 15:05:15.091,10941,10942,10941,25,-25
2019-04-18 15:05:15.138,10941,10942,10941,1,-1
2019-04-18 15:05:16.248,10941,10942,10941,1,-1
2019-04-18 15:05:16.934,10941,10942,10941,1,-1
2019-04-18 15:05:17.813,10941,10942,10941,1,-1
2019-04-18 15:05:19.715,10941,10942,10942,1,1
2019-04-18 15:05:20.794,10941,10942,10941,1,-1
2019-04-18 15:05:21.153,10941,10942,10941,2,-2
2019-04-18 15:05:25.648,10941,10942,10942,1,1
2019-04-18 15:05:26.400,10941,10942,10941,2,-2
2019-04-18 15:05:26.430,10941,10942,10941,1,-1
2019-04-18 15:05:28.961,10941,10942,10942,1,1
2019-04-18 15:05:46.245,10941,10942,10941,1,-1
2019-04-18 15:05:50.240,10941,10942,10941,1,-1
2019-04-18 15:05:50.834,10941,10942,10941,2,-2
2019-04-18 15:05:51.268,10941,10942,10942,1,1
2019-04-18 15:05:51.782,10941,10942,10941,1,-1
2019-04-18 15:05:52.406,10941,10942,10941,5,-5
2019-04-18 15:05:53.109,10940,10941,10940,2,-2
2019-04-18 15:05:53.683,10940,10941,10940,2,-2
2019-04-18 15:05:58.404,10940,10941,10940,1,-1
2019-04-18 15:05:59.349,10940,10941,10940,1,-1
2019-04-18 15:06:00.192,10940,10941,10940,2,-2
2019-04-18 15:06:04.926,10940,10941,10941,2,2
2019-04-18 15:06:05.564,10940,10941,10940,1,-1
2019-04-18 15:06:09.790,10940,10941,10941,25,25
2019-04-18 15:06:18.946,10941,10942,10942,1,1
2019-04-18 15:06:30.393,10941,10942,10942,1,1
2019-04-18 15:06:30.393,10941,10942,10942,1,1
2019-04-18 15:06:30.393,10941,10942,10942,1,1
2019-04-18 15:06:30.393,10941,10942,10942,1,1
2019-04-18 15:06:30.393,10941,10942,10942,7,7
2019-04-18 15:06:30.394,10941,10942,10942,5,5
2019-04-18 15:06:44.845,10942,10943,10943,5,5
2019-04-18 15:06:57.344,10943,10944,10944,1,1
2019-04-18 15:06:57.364,10943,10944,10944,1,1
2019-04-18 15:06:57.403,10943,10944,10944,4,4
2019-04-18 15:06:59.664,10944,10945,10944,1,-1
2019-04-18 15:06:59.890,10944,10945,10944,1,-1
2019-04-18 15:07:00.119,10944,10945,10944,1,-1
2019-04-18 15:07:04.708,10944,10945,10944,2,-2
2019-04-18 15:07:07.492,10944,10945,10945,13,13
2019-04-18 15:07:07.630,10944,10946,10946,1,1
2019-04-18 15:07:11.309,10945,10946,10946,5,5
2019-04-18 15:07:14.767,10945,10946,10946,5,5
2019-04-18 15:07:16.101,10945,10946,10946,5,5
2019-04-18 15:07:17.908,10945,10946,10946,1,1
2019-04-18 15:07:32.551,10945,10946,10946,2,2
2019-04-18 15:07:35.752,10945,10946,10945,1,-1
2019-04-18 15:07:46.117,10945,10946,10946,1,1
2019-04-18 15:07:47.571,10945,10946,10946,1,1
2019-04-18 15:07:50.614,10945,10946,10946,5,5
2019-04-18 15:07:54.789,10945,10946,10946,3,3
2019-04-18 15:07:58.528,10946,10947,10946,1,-1
2019-04-18 15:08:07.845,10946,10947,10946,1,-1
2019-04-18 15:08:18.383,10946,10947,10947,1,1
2019-04-18 15:08:25.051,10946,10947,10946,2,-2
2019-04-18 15:08:26.622,10946,10947,10947,1,1
2019-04-18 15:08:29.192,10946,10947,10946,1,-1
2019-04-18 15:08:29.778,10946,10947,10947,1,1
2019-04-18 15:08:35.485,10946,10947,10947,2,2
2019-04-18 15:08:36.514,10946,10947,10947,1,1
2019-04-18 15:08:40.083,10946,10947,10946,2,-2
2019-04-18 15:08:40.622,10946,10947,10947,1,1
2019-04-18 15:08:46.149,10946,10947,10947,4,4
2019-04-18 15:08:48.280,10946,10947,10947,1,1
2019-04-18 15:08:52.755,10946,10947,10947,1,1
2019-04-18 15:08:52.786,10946,10947,10947,1,1
2019-04-18 15:08:53.625,10946,10947,10947,2,2
2019-04-18 15:08:53.992,10946,10947,10947,1,1
2019-04-18 15:09:00.902,10946,10947,10947,29,29
2019-04-18 15:09:03.925,10947,10948,10947,4,-4
2019-04-18 15:09:04.567,10947,10948,10947,1,-1
2019-04-18 15:09:05.007,10947,10948,10947,1,-1
2019-04-18 15:09:05.357,10947,10948,10947,1,-1
2019-04-18 15:09:05.727,10947,10948,10947,1,-1
2019-04-18 15:09:05.773,10947,10948,10947,1,-1
2019-04-18 15:09:06.286,10947,10948,10947,1,-1
2019-04-18 15:09:06.622,10947,10948,10947,1,-1
2019-04-18 15:09:07.438,10946,10947,10946,1,-1
2019-04-18 15:09:13.693,10946,10947,10946,1,-1
2019-04-18 15:09:22.439,10946,10947,10946,1,-1
2019-04-18 15:09:33.106,10946,10947,10947,5,5
2019-04-18 15:09:38.693,10946,10947,10947,1,1
2019-04-18 15:09:40.096,10946,10947,10947,1,1
2019-04-18 15:09:40.133,10946,10947,10947,1,1
2019-04-18 15:09:56.487,10946,10947,10947,1,1
2019-04-18 15:09:57.244,10946,10947,10947,1,1
2019-04-18 15:09:57.284,10946,10947,10947,1,1
2019-04-18 15:09:58.316,10946,10947,10947,2,2
2019-04-18 15:09:58.364,10946,10947,10947,1,1
2019-04-18 15:09:58.489,10946,10947,10947,1,1
2019-04-18 15:10:06.706,10946,10947,10947,11,11
2019-04-18 15:10:11.928,10946,10947,10947,1,1
2019-04-18 15:10:17.223,10946,10947,10946,3,-3
2019-04-18 15:10:17.224,10946,10947,10946,1,-1
2019-04-18 15:10:20.859,10946,10947,10947,1,1
2019-04-18 15:10:26.363,10946,10947,10947,1,1
2019-04-18 15:10:26.364,10946,10947,10947,1,1
2019-04-18 15:10:34.295,10946,10947,10947,1,1
2019-04-18 15:10:36.560,10946,10947,10947,2,2
2019-04-18 15:10:36.569,10946,10947,10947,1,1
2019-04-18 15:10:36.888,10946,10947,10947,4,4
2019-04-18 15:10:38.373,10946,10947,10947,1,1
2019-04-18 15:10:49.119,10946,10947,10947,1,1
2019-04-18 15:10:55.568,10946,10947,10947,5,5
2019-04-18 15:11:01.585,10946,10947,10947,10,10
2019-04-18 15:11:02.833,10946,10947,10947,1,1
2019-04-18 15:11:04.760,10946,10947,10947,2,2
2019-04-18 15:11:06.601,10946,10947,10947,1,1
2019-04-18 15:11:20.005,10946,10947,10947,5,5
2019-04-18 15:11:20.855,10946,10947,10947,2,2
2019-04-18 15:11:22.032,10946,10947,10947,1,1
2019-04-18 15:11:25.250,10946,10947,10947,1,1
2019-04-18 15:11:29.629,10946,10947,10947,4,4
2019-04-18 15:11:33.645,10946,10947,10947,1,1
2019-04-18 15:11:34.223,10946,10947,10946,1,-1
2019-04-18 15:11:44.833,10946,10947,10947,2,2
2019-04-18 15:12:02.602,10946,10947,10947,4,4
2019-04-18 15:12:07.401,10946,10947,10947,1,1
2019-04-18 15:12:07.401,10946,10947,10947,1,1
2019-04-18 15:12:07.401,10946,10947,10947,1,1
2019-04-18 15:12:07.401,10946,10947,10947,1,1
2019-04-18 15:12:07.401,10946,10947,10947,1,1
2019-04-18 15:12:07.401,10946,10947,10947,1,1
2019-04-18 15:12:07.401,10946,10947,10947,1,1
2019-04-18 15:12:07.403,10946,10947,10947,3,3
2019-04-18 15:12:07.403,10946,10947,10947,1,1
2019-04-18 15:12:07.403,10946,10947,10947,1,1
2019-04-18 15:12:07.489,10946,10947,10947,1,1
2019-04-18 15:12:07.540,10946,10947,10948,1,1
2019-04-18 15:12:08.475,10947,10948,10947,1,-1
2019-04-18 15:12:08.506,10947,10948,10947,1,-1
2019-04-18 15:12:09.206,10947,10948,10948,1,1
2019-04-18 15:12:09.974,10947,10948,10947,2,-2
2019-04-18 15:12:11.033,10947,10948,10947,2,-2
2019-04-18 15:12:15.982,10947,10948,10948,3,3
2019-04-18 15:12:27.640,10947,10948,10948,1,1
2019-04-18 15:12:29.022,10947,10948,10947,3,-3
2019-04-18 15:12:29.621,10947,10948,10947,1,-1
2019-04-18 15:12:30.741,10947,10948,10948,1,1
2019-04-18 15:12:31.369,10947,10948,10947,1,-1
2019-04-18 15:12:32.306,10947,10948,10947,1,-1
2019-04-18 15:12:33.959,10947,10948,10947,5,-5
2019-04-18 15:12:37.488,10946,10947,10947,1,1
2019-04-18 15:13:01.787,10946,10947,10946,1,-1
2019-04-18 15:13:04.386,10946,10947,10946,1,-1
2019-04-18 15:13:08.637,10946,10947,10947,1,1
2019-04-18 15:13:13.163,10946,10947,10946,2,-2
2019-04-18 15:13:17.840,10946,10947,10947,2,2
2019-04-18 15:13:34.768,10946,10947,10946,1,-1
2019-04-18 15:13:40.572,10946,10947,10947,2,2
2019-04-18 15:13:52.299,10946,10947,10947,23,23
2019-04-18 15:13:52.299,10946,10947,10948,27,27
2019-04-18 15:13:54.294,10947,10948,10947,2,-2
2019-04-18 15:13:56.769,10947,10948,10948,4,4
2019-04-18 15:13:58.782,10948,10949,10948,1,-1
2019-04-18 15:14:02.607,10948,10949,10948,2,-2
2019-04-18 15:14:03.167,10948,10949,10949,2,2
2019-04-18 15:14:03.400,10948,10949,10949,2,2
2019-04-18 15:14:04.632,10948,10949,10948,1,-1
2019-04-18 15:14:05.982,10948,10949,10949,1,1
2019-04-18 15:14:07.291,10948,10949,10948,1,-1
2019-04-18 15:14:10.092,10948,10949,10948,1,-1
2019-04-18 15:14:10.645,10948,10949,10948,1,-1
2019-04-18 15:14:13.952,10947,10948,10948,1,1
2019-04-18 15:14:15.808,10947,10948,10948,1,1
2019-04-18 15:14:23.275,10948,10949,10948,1,-1
2019-04-18 15:14:35.501,10948,10949,10948,1,-1
2019-04-18 15:14:35.501,10948,10949,10948,2,-2
2019-04-18 15:14:36.501,10948,10949,10948,1,-1
2019-04-18 15:14:36.501,10948,10949,10948,1,-1
2019-04-18 15:14:43.730,10947,10948,10948,2,2
2019-04-18 15:14:52.579,10947,10948,10948,12,12
2019-04-18 15:14:52.579,10947,10948,10949,38,38
2019-04-18 15:14:52.583,10947,10948,10948,5,5
2019-04-18 15:14:52.586,10947,10948,10948,3,3
2019-04-18 15:14:55.911,10947,10948,10948,3,3
2019-04-18 15:15:10.710,10947,10948,10948,1,1
2019-04-18 15:15:11.514,10947,10948,10947,2,-2
2019-04-18 15:15:12.247,10947,10948,10947,3,-3
2019-04-18 15:15:17.893,10947,10948,10948,5,5
2019-04-18 15:15:19.107,10947,10948,10947,1,-1
2019-04-18 15:15:23.105,10947,10948,10947,1,-1
2019-04-18 15:15:24.831,10947,10948,10947,1,-1
2019-04-18 15:15:24.875,10947,10948,10947,1,-1
2019-04-18 15:15:24.911,10947,10948,10947,1,-1
2019-04-18 15:15:25.145,10947,10948,10947,1,-1
2019-04-18 15:15:25.210,10947,10948,10947,1,-1
2019-04-18 15:15:25.226,10947,10948,10947,1,-1
2019-04-18 15:15:30.937,10947,10948,10947,5,-5
2019-04-18 15:15:31.689,10947,10948,10947,2,-2
2019-04-18 15:15:34.618,10947,10948,10947,2,-2
2019-04-18 15:15:35.004,10947,10948,10947,1,-1
2019-04-18 15:15:35.155,10947,10948,10947,1,-1
2019-04-18 15:15:35.394,10946,10947,10947,1,1
2019-04-18 15:15:42.341,10946,10947,10947,1,1
2019-04-18 15:15:51.349,10946,10947,10946,1,-1
2019-04-18 15:15:55.488,10946,10947,10946,5,-5
2019-04-18 15:16:04.436,10946,10947,10946,3,-3
2019-04-18 15:16:06.226,10946,10947,10946,1,-1
2019-04-18 15:16:11.316,10946,10947,10946,1,-1
2019-04-18 15:16:20.909,10946,10947,10946,3,-3
2019-04-18 15:16:24.509,10946,10947,10947,1,1
2019-04-18 15:16:26.610,10946,10947,10946,5,-5
2019-04-18 15:16:26.836,10946,10947,10946,3,-3
2019-04-18 15:16:27.644,10946,10947,10946,3,-3
2019-04-18 15:16:29.645,10946,10947,10946,1,-1
2019-04-18 15:16:35.215,10946,10947,10947,2,2
2019-04-18 15:16:43.380,10946,10947,10947,5,5
2019-04-18 15:16:54.167,10946,10947,10947,1,1
2019-04-18 15:16:58.014,10946,10947,10947,2,2
2019-04-18 15:16:58.580,10947,10948,10947,1,-1
2019-04-18 15:17:02.471,10947,10948,10947,1,-1
2019-04-18 15:17:03.462,10947,10948,10948,16,16
2019-04-18 15:17:03.492,10947,10948,10948,6,6
2019-04-18 15:17:17.106,10948,10949,10948,1,-1
2019-04-18 15:17:21.966,10948,10949,10949,3,3
2019-04-18 15:17:22.067,10948,10949,10948,21,-21
2019-04-18 15:17:22.067,10948,10949,10947,9,-9
2019-04-18 15:17:22.310,10947,10949,10948,1,1
2019-04-18 15:17:24.615,10947,10948,10948,1,1
2019-04-18 15:17:27.075,10947,10948,10948,1,1
2019-04-18 15:17:27.471,10947,10948,10948,1,1
2019-04-18 15:17:30.416,10947,10948,10947,2,-2
2019-04-18 15:17:32.758,10947,10948,10947,4,-4
2019-04-18 15:17:41.882,10947,10948,10948,1,1
2019-04-18 15:17:47.403,10947,10948,10947,1,-1
2019-04-18 15:17:55.428,10947,10948,10948,1,1
2019-04-18 15:18:05.380,10947,10948,10948,1,1
2019-04-18 15:18:07.196,10947,10948,10947,4,-4
2019-04-18 15:18:07.239,10947,10948,10947,5,-5
2019-04-18 15:18:07.551,10946,10947,10946,1,-1
2019-04-18 15:18:07.578,10946,10947,10946,1,-1
2019-04-18 15:18:07.619,10946,10947,10946,1,-1
2019-04-18 15:18:27.260,10946,10947,10946,2,-2
2019-04-18 15:18:46.710,10946,10947,10947,1,1
2019-04-18 15:18:49.472,10946,10947,10947,1,1
2019-04-18 15:18:50.078,10946,10947,10946,1,-1
2019-04-18 15:19:02.841,10946,10947,10947,3,3
2019-04-18 15:19:02.878,10946,10947,10947,1,1
2019-04-18 15:19:02.878,10946,10947,10947,1,1
2019-04-18 15:19:02.879,10946,10947,10947,1,1
2019-04-18 15:19:12.090,10947,10948,10948,1,1
2019-04-18 15:19:15.693,10947,10948,10948,1,1
2019-04-18 15:19:24.991,10947,10948,10948,2,2
2019-04-18 15:19:25.114,10947,10948,10948,13,13
2019-04-18 15:19:45.933,10948,10949,10948,5,-5
2019-04-18 15:19:46.186,10948,10949,10949,1,1
2019-04-18 15:19:47.296,10948,10949,10949,1,1
2019-04-18 15:19:47.296,10948,10949,10949,1,1
2019-04-18 15:19:47.296,10948,10949,10949,3,3
2019-04-18 15:19:47.296,10948,10949,10949,1,1
2019-04-18 15:19:47.364,10948,10949,10949,3,3
2019-04-18 15:19:48.616,10948,10950,10949,1,-1
2019-04-18 15:19:49.280,10949,10950,10949,1,-1
2019-04-18 15:19:53.787,10949,10950,10949,5,-5
2019-04-18 15:19:54.151,10949,10950,10950,1,1
2019-04-18 15:19:54.982,10949,10950,10949,1,-1
2019-04-18 15:19:58.750,10949,10950,10949,1,-1
2019-04-18 15:20:03.354,10949,10950,10949,1,-1
2019-04-18 15:20:03.493,10949,10950,10949,1,-1
2019-04-18 15:20:03.972,10949,10950,10950,1,1
2019-04-18 15:20:04.346,10949,10950,10950,5,5
2019-04-18 15:20:04.753,10949,10950,10950,1,1
2019-04-18 15:20:06.469,10949,10950,10950,1,1
2019-04-18 15:20:07.800,10949,10950,10950,3,3
2019-04-18 15:20:13.511,10949,10950,10950,1,1
2019-04-18 15:20:14.200,10949,10950,10950,2,2
2019-04-18 15:20:17.348,10949,10950,10950,5,5
2019-04-18 15:20:17.364,10949,10950,10950,17,17
2019-04-18 15:20:17.489,10949,10950,10950,4,4
2019-04-18 15:20:17.490,10949,10950,10950,6,6
2019-04-18 15:20:17.614,10949,10950,10950,4,4
2019-04-18 15:20:17.615,10949,10950,10950,4,4
2019-04-18 15:20:17.616,10949,10950,10950,36,36
2019-04-18 15:20:17.872,10950,10951,10951,2,2
2019-04-18 15:20:18.019,10950,10951,10951,3,3
2019-04-18 15:20:18.019,10950,10951,10951,3,3
2019-04-18 15:20:18.019,10950,10951,10951,2,2
2019-04-18 15:20:18.020,10950,10951,10951,2,2
2019-04-18 15:20:18.020,10950,10951,10951,2,2
2019-04-18 15:20:18.020,10950,10951,10951,1,1
2019-04-18 15:20:18.020,10950,10951,10951,1,1
2019-04-18 15:20:18.020,10950,10951,10951,2,2
2019-04-18 15:20:18.034,10950,10951,10952,1,1
2019-04-18 15:20:18.161,10950,10952,10952,1,1
2019-04-18 15:20:18.848,10951,10952,10952,1,1
2019-04-18 15:20:19.071,10951,10952,10951,1,-1
2019-04-18 15:20:19.083,10951,10952,10952,1,1
2019-04-18 15:20:22.216,10951,10952,10952,1,1
2019-04-18 15:20:24.685,10951,10952,10952,1,1
2019-04-18 15:20:27.490,10951,10952,10952,1,1
2019-04-18 15:20:29.048,10951,10952,10952,1,1
2019-04-18 15:20:30.243,10951,10952,10951,1,-1
2019-04-18 15:20:30.626,10951,10952,10951,1,-1
2019-04-18 15:20:41.169,10950,10951,10951,1,1
2019-04-18 15:20:43.767,10950,10951,10951,1,1
2019-04-18 15:20:50.557,10950,10951,10951,1,1
2019-04-18 15:20:52.321,10950,10951,10951,1,1
2019-04-18 15:20:56.266,10950,10951,10951,1,1
2019-04-18 15:20:58.919,10950,10951,10951,1,1
2019-04-18 15:21:07.777,10950,10951,10951,1,1
2019-04-18 15:21:08.001,10950,10951,10951,1,1
2019-04-18 15:21:09.544,10950,10951,10951,1,1
2019-04-18 15:21:10.182,10950,10951,10951,1,1
2019-04-18 15:21:13.671,10950,10951,10951,1,1
2019-04-18 15:21:22.551,10950,10951,10951,1,1
2019-04-18 15:21:23.754,10950,10951,10951,4,4
2019-04-18 15:21:23.904,10950,10951,10951,10,10
2019-04-18 15:21:24.360,10950,10951,10951,1,1
2019-04-18 15:21:28.809,10950,10951,10951,1,1
2019-04-18 15:21:30.139,10950,10951,10951,1,1
2019-04-18 15:21:31.941,10950,10951,10951,1,1
2019-04-18 15:21:32.253,10950,10951,10951,1,1
2019-04-18 15:21:33.960,10950,10951,10951,1,1
2019-04-18 15:21:37.125,10950,10951,10951,1,1
2019-04-18 15:21:38.393,10950,10951,10951,1,1
2019-04-18 15:21:38.808,10950,10951,10951,1,1
2019-04-18 15:21:41.297,10950,10951,10951,1,1
2019-04-18 15:21:46.812,10950,10951,10951,5,5
2019-04-18 15:21:51.431,10950,10951,10951,20,20
2019-04-18 15:21:51.431,10950,10951,10951,1,1
2019-04-18 15:21:51.818,10951,10952,10951,2,-2
2019-04-18 15:21:56.801,10951,10952,10952,2,2
2019-04-18 15:22:00.985,10951,10952,10952,1,1
2019-04-18 15:22:01.004,10951,10952,10952,10,10
2019-04-18 15:22:01.552,10951,10952,10952,2,2
2019-04-18 15:22:09.681,10951,10952,10952,1,1
2019-04-18 15:22:09.696,10951,10952,10952,10,10
2019-04-18 15:22:09.739,10951,10952,10952,1,1
2019-04-18 15:22:09.741,10951,10952,10952,11,11
2019-04-18 15:22:12.680,10952,10953,10952,1,-1
2019-04-18 15:22:12.923,10952,10953,10952,1,-1
2019-04-18 15:22:12.977,10952,10953,10953,10,10
2019-04-18 15:22:13.037,10952,10953,10953,1,1
2019-04-18 15:22:14.592,10952,10953,10953,16,16
2019-04-18 15:22:14.604,10952,10953,10952,3,-3
2019-04-18 15:22:15.265,10952,10954,10952,1,-1
2019-04-18 15:22:18.694,10952,10953,10953,1,1
2019-04-18 15:22:20.497,10952,10954,10954,1,1
2019-04-18 15:22:22.095,10953,10954,10953,1,-1
2019-04-18 15:22:24.176,10953,10954,10953,1,-1
2019-04-18 15:22:24.781,10953,10954,10954,1,1
2019-04-18 15:22:25.559,10953,10954,10954,11,11
2019-04-18 15:22:27.902,10953,10954,10953,1,-1
2019-04-18 15:22:32.361,10953,10954,10954,10,10
2019-04-18 15:22:32.381,10953,10954,10954,2,2
2019-04-18 15:22:33.429,10953,10954,10954,6,6
2019-04-18 15:22:33.429,10953,10954,10955,10,10
2019-04-18 15:22:33.517,10953,10955,10955,2,2
2019-04-18 15:22:34.006,10954,10955,10955,14,14
2019-04-18 15:22:34.114,10955,10956,10955,2,-2
2019-04-18 15:22:34.365,10955,10956,10956,2,2
2019-04-18 15:22:34.420,10955,10956,10955,1,-1
2019-04-18 15:22:34.719,10955,10956,10956,12,12
2019-04-18 15:22:35.784,10955,10956,10956,19,19
2019-04-18 15:22:35.865,10956,10957,10956,1,-1
2019-04-18 15:22:35.989,10955,10957,10956,1,-1
2019-04-18 15:22:36.114,10956,10957,10956,6,-6
2019-04-18 15:22:36.731,10955,10956,10956,1,1
2019-04-18 15:22:37.390,10955,10956,10956,2,2
2019-04-18 15:22:38.394,10955,10956,10956,9,9
2019-04-18 15:22:38.462,10955,10956,10956,1,1
2019-04-18 15:22:38.469,10955,10956,10956,1,1
2019-04-18 15:22:38.472,10955,10956,10956,2,2
2019-04-18 15:22:38.480,10955,10956,10956,1,1
2019-04-18 15:22:38.489,10955,10956,10956,1,1
2019-04-18 15:22:38.489,10956,10957,10956,5,-5
2019-04-18 15:22:39.925,10955,10956,10956,2,2
2019-04-18 15:22:40.555,10955,10956,10956,1,1
2019-04-18 15:22:40.910,10955,10956,10956,1,1
2019-04-18 15:22:40.989,10956,10957,10956,3,-3
2019-04-18 15:22:41.955,10955,10957,10955,20,-20
2019-04-18 15:22:42.008,10955,10956,10956,31,31
2019-04-18 15:22:42.008,10955,10956,10956,1,1
2019-04-18 15:22:42.303,10955,10956,10956,6,6
2019-04-18 15:22:42.839,10955,10956,10956,6,6
2019-04-18 15:22:42.989,10956,10957,10956,2,-2
2019-04-18 15:22:43.009,10956,10957,10956,1,-1
2019-04-18 15:22:43.615,10956,10957,10956,2,-2
2019-04-18 15:22:43.893,10956,10957,10956,1,-1
2019-04-18 15:22:44.196,10956,10957,10957,1,1
2019-04-18 15:22:44.403,10956,10957,10957,1,1
2019-04-18 15:22:44.496,10956,10957,10957,1,1
2019-04-18 15:22:44.497,10956,10957,10957,1,1
2019-04-18 15:22:44.497,10956,10957,10957,1,1
2019-04-18 15:22:45.343,10956,10957,10957,1,1
2019-04-18 15:22:46.549,10956,10957,10956,1,-1
2019-04-18 15:22:46.674,10956,10957,10956,1,-1
2019-04-18 15:22:48.051,10956,10957,10956,1,-1
2019-04-18 15:22:50.656,10956,10957,10956,1,-1
2019-04-18 15:22:50.884,10956,10957,10956,3,-3
2019-04-18 15:22:51.842,10956,10957,10956,1,-1
2019-04-18 15:22:53.739,10956,10957,10956,1,-1
2019-04-18 15:22:54.620,10956,10957,10957,1,1
2019-04-18 15:22:54.636,10956,10957,10957,2,2
2019-04-18 15:22:55.155,10956,10957,10957,1,1
2019-04-18 15:22:57.760,10956,10957,10956,1,-1
2019-04-18 15:22:58.387,10956,10957,10956,1,-1
2019-04-18 15:22:58.671,10956,10957,10957,12,12
2019-04-18 15:22:58.748,10957,10958,10957,3,-3
2019-04-18 15:22:59.319,10957,10958,10957,1,-1
2019-04-18 15:22:59.341,10957,10958,10957,3,-3
2019-04-18 15:22:59.366,10957,10958,10957,1,-1
2019-04-18 15:22:59.418,10957,10958,10957,1,-1
2019-04-18 15:22:59.531,10956,10957,10957,1,1
2019-04-18 15:22:59.531,10956,10957,10958,1,1
2019-04-18 15:22:59.670,10956,10958,10958,67,67
2019-04-18 15:22:59.670,10956,10958,10959,8,8
2019-04-18 15:23:00.347,10958,10959,10959,1,1
2019-04-18 15:23:00.350,10958,10959,10959,1,1
2019-04-18 15:23:00.731,10958,10959,10958,1,-1
2019-04-18 15:23:01.008,10958,10959,10959,2,2
2019-04-18 15:23:01.092,10958,10959,10957,1,-1
2019-04-18 15:23:01.133,10957,10959,10959,3,3
2019-04-18 15:23:01.248,10958,10959,10959,1,1
2019-04-18 15:23:01.421,10958,10959,10957,1,-1
2019-04-18 15:23:03.266,10957,10958,10957,2,-2
2019-04-18 15:23:03.357,10957,10958,10958,1,1
2019-04-18 15:23:03.685,10957,10958,10958,1,1
2019-04-18 15:23:03.932,10957,10958,10958,1,1
2019-04-18 15:23:04.303,10957,10958,10958,1,1
2019-04-18 15:23:05.046,10957,10958,10958,1,1
2019-04-18 15:23:05.130,10957,10958,10958,1,1
2019-04-18 15:23:06.862,10957,10958,10958,1,1
2019-04-18 15:23:07.419,10957,10958,10957,1,-1
2019-04-18 15:23:07.500,10957,10958,10958,2,2
2019-04-18 15:23:07.500,10957,10958,10959,30,30
2019-04-18 15:23:07.882,10958,10959,10958,2,-2
2019-04-18 15:23:08.734,10958,10959,10959,3,3
2019-04-18 15:23:08.739,10959,10960,10959,1,-1
2019-04-18 15:23:09.045,10959,10960,10959,1,-1
2019-04-18 15:23:09.231,10958,10960,10958,1,-1
2019-04-18 15:23:10.273,10958,10959,10959,1,1
2019-04-18 15:23:10.624,10958,10959,10958,1,-1
2019-04-18 15:23:10.850,10958,10959,10958,1,-1
2019-04-18 15:23:12.255,10958,10959,10959,1,1
2019-04-18 15:23:16.545,10958,10959,10959,20,20
2019-04-18 15:23:16.739,10958,10959,10959,1,1
2019-04-18 15:23:16.973,10958,10960,10958,2,-2
2019-04-18 15:23:17.466,10958,10959,10959,2,2
2019-04-18 15:23:17.477,10958,10959,10960,6,6
2019-04-18 15:23:17.520,10958,10960,10960,1,1
2019-04-18 15:23:17.570,10958,10960,10960,3,3
2019-04-18 15:23:17.593,10958,10960,10960,3,3
2019-04-18 15:23:18.389,10958,10959,10959,1,1
2019-04-18 15:23:18.706,10958,10960,10959,1,-1
2019-04-18 15:23:20.468,10958,10959,10959,2,2
2019-04-18 15:23:20.489,10959,10960,10959,3,-3
2019-04-18 15:23:20.492,10959,10960,10959,3,-3
2019-04-18 15:23:20.493,10959,10960,10959,3,-3
2019-04-18 15:23:20.506,10959,10960,10959,1,-1
2019-04-18 15:23:21.551,10958,10959,10959,1,1
2019-04-18 15:23:21.862,10958,10959,10958,1,-1
2019-04-18 15:23:21.866,10958,10959,10958,27,-27
2019-04-18 15:23:22.105,10957,10959,10958,2,-2
2019-04-18 15:23:22.458,10957,10958,10957,3,-3
2019-04-18 15:23:22.458,10957,10958,10957,1,-1
2019-04-18 15:23:22.458,10957,10958,10957,1,-1
2019-04-18 15:23:22.458,10957,10958,10957,3,-3
2019-04-18 15:23:22.458,10957,10958,10957,1,-1
2019-04-18 15:23:22.459,10957,10958,10957,4,-4
2019-04-18 15:23:22.489,10957,10958,10957,16,-16
2019-04-18 15:23:23.319,10956,10957,10957,1,1
2019-04-18 15:23:23.700,10956,10957,10957,5,5
2019-04-18 15:23:23.707,10956,10957,10957,1,1
2019-04-18 15:23:26.925,10956,10957,10957,1,1
2019-04-18 15:23:27.483,10956,10957,10957,1,1
2019-04-18 15:23:30.193,10956,10957,10956,1,-1
2019-04-18 15:23:30.533,10956,10957,10957,1,1
2019-04-18 15:23:31.934,10956,10957,10957,1,1
2019-04-18 15:23:32.470,10956,10957,10957,1,1
2019-04-18 15:23:32.688,10956,10957,10957,1,1
2019-04-18 15:23:33.912,10956,10957,10956,2,-2
2019-04-18 15:23:35.082,10956,10957,10957,1,1
2019-04-18 15:23:36.511,10956,10957,10957,2,2
2019-04-18 15:23:36.893,10956,10957,10957,8,8
2019-04-18 15:23:38.730,10956,10957,10957,5,5
2019-04-18 15:23:39.661,10956,10957,10957,3,3
2019-04-18 15:23:40.603,10957,10958,10957,1,-1
2019-04-18 15:23:40.614,10957,10958,10957,1,-1
2019-04-18 15:23:40.614,10957,10958,10957,1,-1
2019-04-18 15:23:40.642,10957,10958,10957,1,-1
2019-04-18 15:23:42.376,10956,10957,10957,1,1
2019-04-18 15:23:42.582,10956,10957,10957,1,1
2019-04-18 15:23:44.609,10957,10958,10957,1,-1
2019-04-18 15:23:45.659,10957,10958,10957,1,-1
2019-04-18 15:23:48.494,10957,10958,10957,3,-3
2019-04-18 15:23:49.259,10956,10957,10957,1,1
2019-04-18 15:23:55.546,10956,10957,10957,2,2
2019-04-18 15:23:56.180,10956,10957,10957,1,1
2019-04-18 15:23:56.245,10956,10957,10957,10,10
2019-04-18 15:23:57.503,10956,10957,10957,1,1
2019-04-18 15:23:59.289,10957,10958,10957,3,-3
2019-04-18 15:23:59.483,10956,10958,10956,2,-2
2019-04-18 15:24:00.370,10956,10958,10958,5,5
2019-04-18 15:24:01.168,10957,10958,10957,1,-1
2019-04-18 15:24:01.989,10956,10958,10958,1,1
2019-04-18 15:24:02.364,10957,10958,10958,1,1
2019-04-18 15:24:02.500,10957,10958,10957,2,-2
2019-04-18 15:24:03.013,10956,10957,10957,1,1
2019-04-18 15:24:03.106,10956,10957,10957,1,1
2019-04-18 15:24:05.218,10956,10957,10957,8,8
2019-04-18 15:24:06.139,10956,10957,10957,3,3
2019-04-18 15:24:06.563,10957,10958,10957,1,-1
2019-04-18 15:24:16.391,10957,10958,10957,2,-2
2019-04-18 15:24:16.489,10957,10958,10957,8,-8
2019-04-18 15:24:22.375,10956,10957,10957,1,1
2019-04-18 15:24:23.349,10956,10957,10957,1,1
2019-04-18 15:24:24.818,10956,10957,10956,1,-1
2019-04-18 15:24:27.550,10956,10957,10957,4,4
2019-04-18 15:24:30.769,10956,10957,10956,1,-1
2019-04-18 15:24:30.827,10956,10957,10956,1,-1
2019-04-18 15:24:36.415,10956,10957,10956,1,-1
2019-04-18 15:24:39.021,10956,10957,10956,1,-1
2019-04-18 15:24:42.164,10956,10957,10956,1,-1
2019-04-18 15:24:42.895,10956,10957,10957,1,1
2019-04-18 15:24:48.989,10956,10957,10956,1,-1
2019-04-18 15:24:49.224,10956,10957,10956,1,-1
2019-04-18 15:24:57.506,10956,10957,10957,2,2
2019-04-18 15:25:05.284,10956,10957,10957,5,5
2019-04-18 15:25:05.364,10956,10957,10957,1,1
2019-04-18 15:25:09.599,10956,10957,10957,2,2
2019-04-18 15:25:09.621,10956,10957,10957,1,1
2019-04-18 15:25:11.971,10956,10957,10957,1,1
2019-04-18 15:25:12.740,10956,10957,10957,1,1
2019-04-18 15:25:12.740,10956,10957,10957,2,2
2019-04-18 15:25:12.741,10956,10957,10957,7,7
2019-04-18 15:25:18.681,10957,10958,10958,8,8
2019-04-18 15:25:19.673,10957,10958,10957,1,-1
2019-04-18 15:25:23.652,10957,10958,10958,2,2
2019-04-18 15:25:28.940,10957,10958,10957,1,-1
2019-04-18 15:25:32.571,10957,10958,10957,1,-1
2019-04-18 15:25:48.202,10957,10958,10958,1,1
2019-04-18 15:25:48.255,10957,10958,10958,1,1
2019-04-18 15:25:49.457,10957,10958,10958,1,1
2019-04-18 15:25:50.823,10957,10958,10958,1,1
2019-04-18 15:25:51.984,10957,10958,10958,1,1
2019-04-18 15:25:52.814,10957,10958,10958,1,1
2019-04-18 15:25:54.498,10957,10958,10958,1,1
2019-04-18 15:25:56.393,10957,10958,10958,1,1
2019-04-18 15:25:56.848,10957,10958,10958,1,1
2019-04-18 15:25:57.671,10957,10958,10958,1,1
2019-04-18 15:26:07.083,10957,10958,10958,1,1
2019-04-18 15:26:08.043,10957,10958,10958,2,2
2019-04-18 15:26:12.509,10957,10958,10958,1,1
2019-04-18 15:26:18.071,10957,10958,10958,11,11
2019-04-18 15:26:24.031,10957,10958,10958,2,2
2019-04-18 15:26:26.223,10957,10958,10958,12,12
2019-04-18 15:26:26.223,10957,10958,10959,38,38
2019-04-18 15:26:26.240,10958,10959,10959,1,1
2019-04-18 15:26:26.240,10958,10959,10959,1,1
2019-04-18 15:26:26.240,10958,10959,10959,3,3
2019-04-18 15:26:26.240,10958,10959,10959,4,4
2019-04-18 15:26:26.240,10958,10959,10959,2,2
2019-04-18 15:26:26.240,10958,10959,10959,3,3
2019-04-18 15:26:26.364,10958,10959,10959,2,2
2019-04-18 15:26:26.365,10958,10959,10959,18,18
2019-04-18 15:26:27.639,10959,10960,10959,1,-1
2019-04-18 15:26:28.180,10958,10960,10958,1,-1
2019-04-18 15:26:31.201,10958,10959,10958,1,-1
2019-04-18 15:26:38.238,10958,10959,10959,12,12
2019-04-18 15:26:40.106,10958,10959,10958,2,-2
2019-04-18 15:26:41.680,10958,10959,10958,1,-1
2019-04-18 15:26:43.064,10958,10959,10959,1,1
2019-04-18 15:26:43.827,10958,10959,10958,3,-3
2019-04-18 15:26:44.076,10958,10959,10958,1,-1
2019-04-18 15:26:49.912,10958,10959,10959,2,2
2019-04-18 15:26:54.328,10958,10959,10959,1,1
2019-04-18 15:26:58.918,10958,10959,10959,1,1
2019-04-18 15:27:10.205,10958,10959,10958,5,-5
2019-04-18 15:27:10.242,10958,10959,10958,26,-26
2019-04-18 15:27:12.938,10957,10958,10958,1,1
2019-04-18 15:27:14.813,10957,10958,10958,1,1
2019-04-18 15:27:18.927,10957,10958,10957,55,-55
2019-04-18 15:27:20.988,10956,10957,10957,1,1
2019-04-18 15:27:21.288,10956,10957,10957,2,2
2019-04-18 15:27:22.587,10956,10957,10956,1,-1
2019-04-18 15:27:24.141,10956,10957,10956,1,-1
2019-04-18 15:27:25.840,10956,10957,10956,1,-1
2019-04-18 15:27:34.709,10956,10957,10956,1,-1
2019-04-18 15:27:34.760,10956,10957,10956,40,-40
2019-04-18 15:27:34.864,10956,10957,10956,6,-6
2019-04-18 15:27:34.864,10956,10957,10956,8,-8
2019-04-18 15:27:34.865,10956,10957,10956,4,-4
2019-04-18 15:27:42.768,10955,10956,10956,27,27
2019-04-18 15:27:42.918,10955,10956,10956,2,2
2019-04-18 15:27:45.307,10955,10956,10955,1,-1
2019-04-18 15:27:45.568,10955,10956,10956,2,2
2019-04-18 15:27:52.455,10955,10956,10956,1,1
2019-04-18 15:27:52.489,10955,10956,10956,2,2
2019-04-18 15:27:52.614,10955,10956,10956,9,9
2019-04-18 15:27:52.739,10955,10956,10956,4,4
2019-04-18 15:27:58.613,10956,10957,10956,16,-16
2019-04-18 15:28:06.505,10956,10957,10957,1,1
2019-04-18 15:28:06.560,10956,10957,10956,1,-1
2019-04-18 15:28:10.591,10956,10957,10957,2,2
2019-04-18 15:28:10.893,10956,10957,10956,1,-1
2019-04-18 15:28:13.382,10956,10957,10956,6,-6
2019-04-18 15:28:13.712,10956,10957,10956,6,-6
2019-04-18 15:28:16.398,10956,10957,10956,1,-1
2019-04-18 15:28:22.199,10956,10957,10956,1,-1
2019-04-18 15:28:22.337,10956,10957,10956,6,-6
2019-04-18 15:28:23.664,10956,10957,10956,6,-6
2019-04-18 15:28:23.778,10955,10956,10955,2,-2
2019-04-18 15:28:23.800,10955,10956,10955,2,-2
2019-04-18 15:28:23.829,10955,10956,10955,2,-2
2019-04-18 15:28:24.174,10955,10956,10955,2,-2
2019-04-18 15:28:25.676,10955,10956,10955,2,-2
2019-04-18 15:28:29.459,10955,10956,10955,5,-5
2019-04-18 15:28:30.250,10955,10956,10956,10,10
2019-04-18 15:28:41.334,10955,10956,10956,2,2
2019-04-18 15:28:43.125,10955,10956,10956,2,2
2019-04-18 15:28:45.899,10955,10956,10956,3,3
2019-04-18 15:28:48.655,10955,10956,10956,3,3
2019-04-18 15:28:48.655,10955,10956,10956,1,1
2019-04-18 15:28:52.625,10956,10957,10957,1,1
2019-04-18 15:28:56.322,10956,10957,10957,1,1
2019-04-18 15:28:56.339,10956,10957,10957,2,2
2019-04-18 15:28:56.401,10956,10957,10957,2,2
2019-04-18 15:28:56.455,10956,10957,10957,2,2
2019-04-18 15:28:59.485,10956,10957,10957,1,1
2019-04-18 15:29:01.370,10956,10957,10957,1,1
2019-04-18 15:29:01.383,10956,10957,10957,2,2
2019-04-18 15:29:01.448,10956,10957,10957,2,2
2019-04-18 15:29:01.460,10956,10957,10957,2,2
2019-04-18 15:29:01.489,10956,10957,10957,1,1
2019-04-18 15:29:02.084,10956,10957,10956,1,-1
2019-04-18 15:29:05.692,10956,10957,10957,5,5
2019-04-18 15:29:07.456,10956,10957,10956,9,-9
2019-04-18 15:29:08.944,10956,10957,10957,1,1
2019-04-18 15:29:10.938,10956,10957,10957,1,1
2019-04-18 15:29:13.791,10956,10957,10957,1,1
2019-04-18 15:29:13.799,10956,10957,10957,2,2
2019-04-18 15:29:13.864,10956,10957,10957,1,1
2019-04-18 15:29:15.815,10957,10958,10957,3,-3
2019-04-18 15:29:19.544,10957,10958,10957,1,-1
2019-04-18 15:29:29.291,10957,10958,10957,2,-2
2019-04-18 15:29:35.767,10957,10958,10957,1,-1
2019-04-18 15:29:36.684,10957,10958,10957,1,-1
2019-04-18 15:29:43.790,10957,10958,10958,1,1
2019-04-18 15:29:45.271,10957,10958,10957,1,-1
2019-04-18 15:29:59.613,10957,10958,10957,1,-1
2019-04-18 15:30:02.366,10957,10958,10957,1,-1
2019-04-18 15:30:02.366,10957,10958,10957,2,-2
2019-04-18 15:30:02.367,10957,10958,10957,30,-30
2019-04-18 15:30:02.668,10956,10957,10956,1,-1
2019-04-18 15:30:03.030,10956,10957,10957,1,1
2019-04-18 15:30:03.295,10956,10957,10956,1,-1
2019-04-18 15:30:03.364,10956,10957,10956,23,-23
2019-04-18 15:30:03.406,10956,10957,10956,1,-1
2019-04-18 15:30:03.785,10955,10956,10955,1,-1
2019-04-18 15:30:03.822,10955,10956,10955,1,-1
2019-04-18 15:30:04.031,10955,10956,10955,1,-1
2019-04-18 15:30:04.213,10955,10956,10955,1,-1
2019-04-18 15:30:05.129,10955,10956,10955,12,-12
2019-04-18 15:30:05.251,10955,10956,10955,1,-1
2019-04-18 15:30:10.276,10955,10956,10955,11,-11
2019-04-18 15:30:10.276,10955,10956,10955,5,-5
2019-04-18 15:30:10.276,10955,10956,10955,4,-4
2019-04-18 15:30:10.277,10955,10956,10955,1,-1
2019-04-18 15:30:10.364,10955,10956,10955,8,-8
2019-04-18 15:30:10.364,10955,10956,10955,12,-12
2019-04-18 15:30:10.366,10955,10956,10955,13,-13
2019-04-18 15:30:10.489,10955,10956,10955,15,-15
2019-04-18 15:30:10.489,10955,10956,10955,1,-1
2019-04-18 15:30:10.489,10955,10956,10955,3,-3
2019-04-18 15:30:10.489,10955,10956,10955,4,-4
2019-04-18 15:30:10.489,10955,10956,10955,6,-6
2019-04-18 15:30:10.492,10955,10956,10955,17,-17
2019-04-18 15:30:11.969,10954,10955,10954,1,-1
2019-04-18 15:30:12.962,10954,10955,10954,1,-1
2019-04-18 15:30:14.452,10954,10955,10954,2,-2
2019-04-18 15:30:15.494,10954,10955,10954,5,-5
2019-04-18 15:30:15.892,10953,10954,10953,1,-1
2019-04-18 15:30:15.894,10953,10954,10953,1,-1
2019-04-18 15:30:15.896,10953,10954,10953,1,-1
2019-04-18 15:30:17.485,10953,10954,10953,4,-4
2019-04-18 15:30:17.804,10953,10954,10953,1,-1
2019-04-18 15:30:18.258,10953,10954,10953,1,-1
2019-04-18 15:30:18.312,10953,10954,10953,1,-1
2019-04-18 15:30:18.436,10953,10954,10953,2,-2
2019-04-18 15:30:22.160,10953,10954,10953,1,-1
2019-04-18 15:30:22.340,10953,10954,10954,1,1
2019-04-18 15:30:24.480,10953,10954,10953,10,-10
2019-04-18 15:30:25.491,10953,10954,10953,14,-14
2019-04-18 15:30:27.013,10952,10953,10952,3,-3
2019-04-18 15:30:27.654,10952,10953,10952,1,-1
2019-04-18 15:30:27.751,10952,10953,10952,3,-3
2019-04-18 15:30:27.801,10952,10953,10952,1,-1
2019-04-18 15:30:29.631,10951,10952,10951,4,-4
2019-04-18 15:30:29.948,10951,10952,10952,1,1
2019-04-18 15:30:30.549,10951,10952,10952,2,2
2019-04-18 15:30:33.126,10951,10952,10951,5,-5
2019-04-18 15:30:33.828,10951,10952,10951,1,-1
2019-04-18 15:30:35.543,10951,10952,10952,1,1
2019-04-18 15:30:35.840,10951,10952,10951,1,-1
2019-04-18 15:30:35.855,10951,10952,10951,1,-1
2019-04-18 15:30:40.374,10951,10952,10951,3,-3
2019-04-18 15:30:42.819,10951,10952,10951,1,-1
2019-04-18 15:30:45.501,10951,10952,10952,1,1
2019-04-18 15:30:45.553,10951,10952,10952,2,2
2019-04-18 15:30:45.585,10951,10952,10952,2,2
2019-04-18 15:30:45.631,10951,10952,10952,2,2
2019-04-18 15:30:46.711,10951,10952,10952,1,1
2019-04-18 15:30:46.739,10951,10952,10952,17,17
2019-04-18 15:30:49.730,10952,10953,10953,1,1
2019-04-18 15:30:49.730,10952,10953,10953,1,1
2019-04-18 15:30:49.730,10952,10953,10953,1,1
2019-04-18 15:30:49.730,10952,10953,10953,4,4
2019-04-18 15:30:49.730,10952,10953,10953,1,1
2019-04-18 15:30:49.739,10952,10953,10953,1,1
2019-04-18 15:30:49.907,10952,10953,10953,1,1
2019-04-18 15:30:49.914,10952,10953,10953,1,1
2019-04-18 15:30:50.630,10952,10954,10952,1,-1
2019-04-18 15:30:55.377,10953,10954,10953,5,5
2019-04-18 15:30:55.454,10953,10954,10953,2,-2
2019-04-18 15:30:55.455,10953,10954,10953,3,-3
2019-04-18 15:30:55.543,10952,10954,10953,1,-1
2019-04-18 15:30:55.844,10952,10953,10953,1,1
2019-04-18 15:30:56.289,10952,10953,10953,1,1
2019-04-18 15:31:05.398,10953,10954,10954,2,2
2019-04-18 15:31:05.398,10953,10954,10954,1,1
2019-04-18 15:31:05.398,10953,10954,10954,1,1
2019-04-18 15:31:05.398,10953,10954,10954,1,1
2019-04-18 15:31:05.398,10953,10954,10954,1,1
2019-04-18 15:31:05.716,10954,10955,10954,2,-2
2019-04-18 15:31:05.751,10954,10955,10954,5,-5
2019-04-18 15:31:05.921,10954,10955,10954,1,-1
2019-04-18 15:31:07.652,10954,10955,10954,1,-1
2019-04-18 15:31:08.668,10954,10955,10955,3,3
2019-04-18 15:31:08.728,10954,10955,10954,1,-1
2019-04-18 15:31:10.364,10954,10955,10955,1,1
2019-04-18 15:31:11.523,10954,10955,10954,1,-1
2019-04-18 15:31:11.878,10954,10955,10954,2,-2
2019-04-18 15:31:14.682,10954,10955,10954,6,-6
2019-04-18 15:31:15.449,10954,10955,10954,1,-1
2019-04-18 15:31:15.558,10953,10955,10955,2,2
2019-04-18 15:31:18.597,10953,10954,10954,3,3
2019-04-18 15:31:19.089,10953,10955,10955,1,1
2019-04-18 15:31:27.824,10954,10955,10954,2,-2
2019-04-18 15:31:27.850,10954,10955,10954,5,-5
2019-04-18 15:31:28.066,10953,10954,10954,1,1
2019-04-18 15:31:28.120,10953,10954,10953,1,-1
2019-04-18 15:31:30.483,10953,10954,10954,1,1
2019-04-18 15:31:30.612,10953,10954,10953,2,-2
2019-04-18 15:31:34.268,10953,10954,10953,2,-2
2019-04-18 15:31:34.840,10953,10954,10954,1,1
2019-04-18 15:31:39.008,10953,10954,10953,1,-1
2019-04-18 15:31:40.697,10953,10954,10953,1,-1
2019-04-18 15:31:40.738,10953,10954,10953,4,-4
2019-04-18 15:31:40.739,10953,10954,10953,3,-3
2019-04-18 15:31:41.948,10953,10954,10953,1,-1
2019-04-18 15:31:42.058,10953,10954,10954,1,1
2019-04-18 15:31:42.136,10953,10954,10953,3,-3
2019-04-18 15:31:45.988,10953,10954,10953,1,-1
2019-04-18 15:31:48.407,10953,10954,10953,1,-1
2019-04-18 15:31:48.739,10953,10954,10953,2,-2
2019-04-18 15:31:50.501,10953,10954,10953,1,-1
2019-04-18 15:31:52.683,10953,10954,10953,4,-4
2019-04-18 15:31:52.782,10953,10954,10953,1,-1
2019-04-18 15:31:53.834,10953,10954,10953,1,-1
2019-04-18 15:31:54.815,10953,10954,10953,6,-6
2019-04-18 15:31:54.815,10953,10954,10953,1,-1
2019-04-18 15:31:55.019,10953,10954,10953,1,-1
2019-04-18 15:31:55.588,10953,10954,10953,2,-2
2019-04-18 15:31:56.354,10953,10954,10953,3,-3
2019-04-18 15:31:57.489,10953,10954,10953,1,-1
2019-04-18 15:31:59.941,10953,10954,10953,1,-1
2019-04-18 15:32:00.270,10953,10954,10953,1,-1
2019-04-18 15:32:00.364,10953,10954,10953,1,-1
2019-04-18 15:32:01.380,10953,10954,10953,2,-2
2019-04-18 15:32:01.895,10953,10954,10954,1,1
2019-04-18 15:32:02.251,10953,10954,10953,5,-5
2019-04-18 15:32:02.283,10953,10954,10953,3,-3
2019-04-18 15:32:02.364,10953,10954,10953,14,-14
2019-04-18 15:32:02.364,10953,10954,10953,2,-2
2019-04-18 15:32:02.488,10953,10954,10953,8,-8
2019-04-18 15:32:02.489,10953,10954,10953,4,-4
2019-04-18 15:32:02.489,10953,10954,10953,8,-8
2019-04-18 15:32:02.490,10953,10954,10953,6,-6
2019-04-18 15:32:02.490,10953,10954,10953,9,-9
2019-04-18 15:32:02.490,10953,10954,10953,2,-2
2019-04-18 15:32:04.171,10952,10953,10952,5,-5
2019-04-18 15:32:04.600,10952,10953,10952,1,-1
2019-04-18 15:32:04.600,10952,10953,10951,4,-4
2019-04-18 15:32:07.581,10951,10952,10951,1,-1
2019-04-18 15:32:07.838,10951,10952,10951,5,-5
2019-04-18 15:32:08.390,10951,10952,10951,5,-5
2019-04-18 15:32:09.809,10951,10952,10951,5,-5
2019-04-18 15:32:11.277,10951,10952,10951,3,-3
2019-04-18 15:32:11.489,10951,10952,10951,1,-1
2019-04-18 15:32:11.799,10951,10952,10951,1,-1
2019-04-18 15:32:11.893,10951,10952,10951,1,-1
2019-04-18 15:32:11.931,10951,10952,10952,3,3
2019-04-18 15:32:12.209,10951,10952,10951,5,-5
2019-04-18 15:32:12.288,10951,10952,10951,1,-1
2019-04-18 15:32:12.391,10951,10952,10951,3,-3
2019-04-18 15:32:12.485,10951,10952,10951,3,-3
2019-04-18 15:32:12.497,10950,10952,10951,1,-1
2019-04-18 15:32:15.851,10950,10951,10951,1,1
2019-04-18 15:32:16.421,10950,10952,10950,1,-1
2019-04-18 15:32:16.600,10950,10952,10950,2,-2
2019-04-18 15:32:16.619,10950,10952,10950,1,-1
2019-04-18 15:32:16.917,10950,10952,10950,1,-1
2019-04-18 15:32:19.470,10950,10951,10951,10,10
2019-04-18 15:32:21.316,10950,10951,10950,1,-1
2019-04-18 15:32:22.434,10950,10951,10951,1,1
2019-04-18 15:32:23.114,10950,10951,10951,1,1
2019-04-18 15:32:24.938,10951,10952,10951,2,-2
2019-04-18 15:32:24.938,10951,10952,10950,3,-3
2019-04-18 15:32:27.357,10950,10951,10951,7,7
2019-04-18 15:32:28.374,10950,10951,10951,2,2
2019-04-18 15:32:28.489,10950,10951,10951,1,1
2019-04-18 15:32:30.239,10950,10951,10951,1,1
2019-04-18 15:32:30.976,10951,10952,10952,6,6
2019-04-18 15:32:31.013,10951,10952,10952,1,1
2019-04-18 15:32:32.088,10951,10952,10951,5,-5
2019-04-18 15:32:34.586,10951,10952,10951,3,-3
2019-04-18 15:32:36.023,10951,10952,10951,1,-1
2019-04-18 15:32:36.399,10951,10952,10951,1,-1
2019-04-18 15:32:39.947,10951,10952,10951,2,-2
2019-04-18 15:32:41.243,10951,10952,10951,2,-2
2019-04-18 15:32:41.527,10951,10952,10951,2,-2
2019-04-18 15:32:41.804,10951,10952,10951,1,-1
2019-04-18 15:32:42.979,10951,10952,10951,1,-1
2019-04-18 15:32:43.393,10951,10952,10951,1,-1
2019-04-18 15:32:44.166,10951,10952,10952,1,1
2019-04-18 15:32:44.804,10951,10952,10951,1,-1
2019-04-18 15:32:49.160,10951,10952,10952,2,2
2019-04-18 15:32:49.160,10951,10952,10952,6,6
2019-04-18 15:32:49.160,10951,10952,10952,7,7
2019-04-18 15:32:52.054,10952,10953,10952,1,-1
2019-04-18 15:32:54.551,10952,10953,10952,1,-1
2019-04-18 15:32:56.459,10952,10953,10953,1,1
2019-04-18 15:33:00.924,10951,10952,10952,2,2
2019-04-18 15:33:06.660,10951,10952,10952,1,1
2019-04-18 15:33:06.867,10951,10952,10952,1,1
2019-04-18 15:33:10.977,10951,10952,10951,1,-1
2019-04-18 15:33:14.420,10951,10952,10952,8,8
2019-04-18 15:33:14.696,10951,10953,10951,1,-1
2019-04-18 15:33:17.294,10951,10952,10952,2,2
2019-04-18 15:33:21.280,10951,10952,10952,3,3
2019-04-18 15:33:21.297,10951,10952,10952,1,1
2019-04-18 15:33:22.617,10951,10952,10952,1,1
2019-04-18 15:33:29.538,10952,10953,10952,3,-3
2019-04-18 15:33:30.000,10952,10953,10952,1,-1
2019-04-18 15:33:34.656,10951,10952,10951,16,-16
2019-04-18 15:33:41.835,10951,10952,10951,1,-1
2019-04-18 15:33:50.383,10951,10952,10951,1,-1
2019-04-18 15:33:50.626,10951,10952,10951,1,-1
2019-04-18 15:33:52.985,10951,10952,10951,1,-1
2019-04-18 15:33:55.010,10951,10952,10951,2,-2
2019-04-18 15:33:58.829,10951,10952,10951,1,-1
2019-04-18 15:34:00.867,10950,10951,10951,2,2
2019-04-18 15:34:03.962,10950,10951,10951,1,1
2019-04-18 15:34:05.467,10951,10952,10951,1,-1
2019-04-18 15:34:19.680,10951,10952,10951,2,-2
2019-04-18 15:34:21.330,10951,10952,10951,2,-2
2019-04-18 15:34:26.564,10951,10952,10951,1,-1
2019-04-18 15:34:26.639,10951,10952,10951,3,-3
2019-04-18 15:34:27.102,10950,10951,10950,3,-3
2019-04-18 15:34:46.783,10950,10951,10950,1,-1
2019-04-18 15:34:50.272,10950,10951,10950,2,-2
2019-04-18 15:34:50.575,10950,10951,10950,2,-2
2019-04-18 15:34:52.855,10950,10951,10950,2,-2
2019-04-18 15:34:59.188,10950,10951,10950,1,-1
2019-04-18 15:35:00.853,10950,10951,10950,5,-5
2019-04-18 15:35:00.859,10950,10951,10950,4,-4
2019-04-18 15:35:00.991,10949,10950,10949,2,-2
2019-04-18 15:35:02.725,10949,10950,10949,5,-5
2019-04-18 15:35:05.647,10949,10950,10949,1,-1
2019-04-18 15:35:07.011,10949,10950,10949,16,-16
2019-04-18 15:35:07.173,10949,10950,10950,1,1
2019-04-18 15:35:07.627,10949,10950,10949,1,-1
2019-04-18 15:35:14.379,10949,10950,10949,9,-9
2019-04-18 15:35:15.026,10949,10950,10949,2,-2
2019-04-18 15:35:17.269,10949,10950,10949,1,-1
2019-04-18 15:35:18.667,10949,10950,10950,14,14
2019-04-18 15:35:19.773,10949,10950,10949,1,-1
2019-04-18 15:35:22.153,10949,10950,10949,17,-17
2019-04-18 15:35:22.239,10949,10950,10949,1,-1
2019-04-18 15:35:23.939,10949,10950,10949,1,-1
2019-04-18 15:35:24.160,10949,10950,10949,1,-1
2019-04-18 15:35:24.910,10949,10950,10950,1,1
2019-04-18 15:35:28.261,10949,10950,10950,1,1
2019-04-18 15:35:31.006,10949,10950,10949,1,-1
2019-04-18 15:35:31.035,10949,10950,10950,1,1
2019-04-18 15:35:32.386,10949,10950,10949,1,-1
2019-04-18 15:35:35.057,10949,10950,10949,2,-2
2019-04-18 15:35:38.656,10948,10949,10949,1,1
2019-04-18 15:35:38.775,10948,10949,10949,1,1
2019-04-18 15:35:39.023,10948,10949,10949,2,2
2019-04-18 15:35:42.722,10949,10950,10949,1,-1
2019-04-18 15:35:43.122,10949,10950,10949,1,-1
2019-04-18 15:35:43.938,10949,10950,10949,2,-2
2019-04-18 15:35:45.239,10949,10950,10950,22,22
2019-04-18 15:35:45.364,10949,10950,10950,2,2
2019-04-18 15:35:45.364,10949,10950,10950,21,21
2019-04-18 15:35:45.364,10949,10950,10950,3,3
2019-04-18 15:35:45.598,10949,10951,10950,1,-1
2019-04-18 15:35:45.994,10950,10951,10950,5,-5
2019-04-18 15:35:46.091,10950,10951,10950,1,-1
2019-04-18 15:35:46.276,10950,10951,10950,2,-2
2019-04-18 15:35:46.299,10950,10951,10950,1,-1
2019-04-18 15:35:49.811,10950,10951,10950,2,-2
2019-04-18 15:35:50.182,10950,10951,10950,2,-2
2019-04-18 15:35:52.810,10950,10951,10950,1,-1
2019-04-18 15:35:54.149,10950,10951,10950,4,-4
2019-04-18 15:35:55.943,10950,10951,10950,1,-1
2019-04-18 15:35:56.809,10950,10951,10950,1,-1
2019-04-18 15:35:57.668,10950,10951,10950,2,-2
2019-04-18 15:35:57.753,10950,10951,10951,1,1
2019-04-18 15:35:58.023,10950,10951,10950,2,-2
2019-04-18 15:35:58.195,10950,10951,10951,1,1
2019-04-18 15:35:58.318,10950,10951,10950,1,-1
2019-04-18 15:36:02.737,10950,10951,10950,3,-3
2019-04-18 15:36:03.456,10950,10951,10950,1,-1
2019-04-18 15:36:08.794,10950,10951,10950,2,-2
2019-04-18 15:36:12.474,10950,10951,10950,2,-2
2019-04-18 15:36:12.706,10950,10951,10950,2,-2
2019-04-18 15:36:13.111,10950,10951,10950,2,-2
2019-04-18 15:36:13.472,10950,10951,10950,1,-1
2019-04-18 15:36:13.482,10950,10951,10950,2,-2
2019-04-18 15:36:17.724,10950,10951,10951,2,2
2019-04-18 15:36:18.192,10950,10951,10950,1,-1
2019-04-18 15:36:19.686,10950,10951,10950,1,-1
2019-04-18 15:36:20.771,10950,10951,10951,9,9
2019-04-18 15:36:24.638,10950,10951,10950,6,-6
2019-04-18 15:36:24.860,10950,10951,10950,3,-3
2019-04-18 15:36:45.855,10950,10951,10950,2,-2
2019-04-18 15:36:45.951,10950,10951,10950,2,-2
2019-04-18 15:36:46.117,10950,10951,10950,1,-1
2019-04-18 15:36:46.120,10950,10951,10950,2,-2
2019-04-18 15:36:48.305,10950,10951,10950,3,-3
2019-04-18 15:36:49.226,10950,10951,10950,1,-1
2019-04-18 15:36:49.375,10950,10951,10950,2,-2
2019-04-18 15:36:49.465,10950,10951,10950,2,-2
2019-04-18 15:36:49.489,10950,10951,10950,1,-1
2019-04-18 15:36:49.754,10950,10951,10950,2,-2
2019-04-18 15:36:59.327,10950,10951,10950,1,-1
2019-04-18 15:37:03.441,10950,10951,10950,1,-1
2019-04-18 15:37:08.274,10950,10951,10950,2,-2
2019-04-18 15:37:19.054,10950,10951,10950,3,-3
2019-04-18 15:37:23.951,10950,10951,10950,1,-1
2019-04-18 15:37:35.390,10950,10951,10951,1,1
2019-04-18 15:37:37.514,10950,10951,10950,1,-1
2019-04-18 15:37:41.242,10950,10951,10951,1,1
2019-04-18 15:37:42.650,10950,10951,10951,14,14
2019-04-18 15:37:43.318,10951,10952,10951,1,-1
2019-04-18 15:37:54.503,10951,10952,10951,1,-1
2019-04-18 15:38:18.771,10951,10952,10951,1,-1
2019-04-18 15:38:19.460,10951,10952,10951,2,-2
2019-04-18 15:38:21.606,10951,10952,10951,1,-1
2019-04-18 15:38:24.620,10951,10952,10951,1,-1
2019-04-18 15:38:30.745,10951,10952,10951,2,-2
2019-04-18 15:38:39.785,10951,10952,10951,2,-2
2019-04-18 15:38:39.864,10951,10952,10951,4,-4
2019-04-18 15:38:42.207,10950,10951,10951,1,1
2019-04-18 15:38:56.739,10950,10951,10950,21,-21
2019-04-18 15:38:56.893,10949,10951,10950,3,-3
2019-04-18 15:38:56.893,10949,10951,10951,27,27
2019-04-18 15:39:02.146,10950,10951,10950,5,-5
2019-04-18 15:39:02.146,10950,10951,10950,1,-1
2019-04-18 15:39:02.533,10949,10950,10950,1,1
2019-04-18 15:39:03.627,10949,10950,10950,1,1
2019-04-18 15:39:05.321,10949,10950,10950,4,4
2019-04-18 15:39:05.321,10949,10950,10951,3,3
2019-04-18 15:39:21.864,10949,10950,10949,1,-1
2019-04-18 15:39:22.387,10949,10950,10949,1,-1
2019-04-18 15:39:27.502,10949,10950,10949,1,-1
2019-04-18 15:39:28.306,10949,10950,10950,1,1
2019-04-18 15:39:29.796,10949,10950,10949,2,-2
2019-04-18 15:39:29.855,10949,10950,10950,2,2
2019-04-18 15:39:40.425,10949,10950,10950,2,2
2019-04-18 15:39:40.425,10949,10950,10950,2,2
2019-04-18 15:39:40.426,10949,10950,10950,9,9
2019-04-18 15:39:41.076,10950,10951,10950,1,-1
2019-04-18 15:39:41.739,10950,10951,10950,1,-1
2019-04-18 15:39:42.025,10950,10951,10950,1,-1
2019-04-18 15:39:47.741,10950,10951,10951,1,1
2019-04-18 15:39:54.108,10950,10951,10950,1,-1
2019-04-18 15:39:59.482,10950,10951,10950,1,-1
2019-04-18 15:40:01.582,10950,10951,10950,1,-1
2019-04-18 15:40:02.867,10950,10951,10950,1,-1
2019-04-18 15:40:03.071,10950,10951,10951,1,1
2019-04-18 15:40:09.251,10950,10951,10950,1,-1
2019-04-18 15:40:13.576,10950,10951,10950,1,-1
2019-04-18 15:40:20.223,10950,10951,10950,1,-1
2019-04-18 15:40:39.686,10950,10951,10951,2,2
2019-04-18 15:40:39.851,10950,10951,10951,1,1
2019-04-18 15:40:39.909,10950,10951,10951,1,1
2019-04-18 15:40:39.910,10950,10951,10951,1,1
2019-04-18 15:40:39.911,10950,10951,10951,9,9
2019-04-18 15:40:40.151,10951,10952,10951,1,-1
2019-04-18 15:40:41.147,10951,10952,10951,6,-6
2019-04-18 15:40:53.717,10951,10952,10951,1,-1
2019-04-18 15:41:02.250,10951,10952,10951,4,-4
2019-04-18 15:41:03.355,10951,10952,10951,1,-1
2019-04-18 15:41:08.092,10950,10951,10951,1,1
2019-04-18 15:41:22.991,10950,10951,10951,1,1
2019-04-18 15:41:25.246,10950,10951,10951,7,7
2019-04-18 15:42:01.052,10951,10952,10952,5,5
2019-04-18 15:42:12.410,10951,10952,10951,1,-1
2019-04-18 15:42:20.573,10951,10952,10952,1,1
2019-04-18 15:42:20.614,10951,10952,10952,9,9
2019-04-18 15:42:32.083,10952,10953,10952,1,-1
2019-04-18 15:42:33.028,10952,10953,10952,1,-1
2019-04-18 15:42:44.129,10952,10953,10952,15,-15
2019-04-18 15:42:44.214,10952,10953,10952,3,-3
2019-04-18 15:42:44.959,10952,10953,10952,3,-3
2019-04-18 15:42:46.139,10951,10952,10952,4,4
2019-04-18 15:42:46.242,10951,10952,10952,2,2
2019-04-18 15:42:50.048,10951,10952,10952,1,1
2019-04-18 15:42:53.054,10951,10952,10952,1,1
2019-04-18 15:42:53.823,10951,10952,10952,1,1
2019-04-18 15:42:54.712,10952,10953,10952,1,-1
2019-04-18 15:43:07.075,10951,10952,10952,1,1
2019-04-18 15:43:20.546,10951,10952,10951,1,-1
2019-04-18 15:43:38.032,10951,10952,10952,1,1
2019-04-18 15:43:45.947,10952,10953,10952,1,-1
2019-04-18 15:43:51.342,10952,10953,10953,1,1
2019-04-18 15:43:57.812,10952,10953,10953,1,1
2019-04-18 15:43:57.834,10952,10953,10953,2,2
2019-04-18 15:43:57.876,10952,10953,10953,2,2
2019-04-18 15:43:57.904,10952,10953,10953,2,2
2019-04-18 15:44:00.674,10952,10953,10953,1,1
2019-04-18 15:44:00.687,10952,10953,10953,2,2
2019-04-18 15:44:00.740,10952,10953,10953,2,2
2019-04-18 15:44:00.765,10952,10953,10953,2,2
2019-04-18 15:44:02.202,10952,10953,10953,1,1
2019-04-18 15:44:03.175,10952,10953,10953,1,1
2019-04-18 15:44:03.183,10952,10953,10953,2,2
2019-04-18 15:44:03.248,10952,10953,10953,2,2
2019-04-18 15:44:03.261,10952,10953,10953,2,2
2019-04-18 15:44:05.641,10952,10953,10953,1,1
2019-04-18 15:44:05.668,10952,10953,10953,2,2
2019-04-18 15:44:05.721,10952,10953,10953,2,2
2019-04-18 15:44:05.736,10952,10953,10953,2,2
2019-04-18 15:44:10.164,10952,10953,10953,1,1
2019-04-18 15:44:10.186,10952,10953,10953,2,2
2019-04-18 15:44:10.237,10952,10953,10953,2,2
2019-04-18 15:44:10.266,10952,10953,10953,2,2
2019-04-18 15:44:17.395,10952,10953,10953,7,7
2019-04-18 15:44:20.559,10952,10953,10952,3,-3
2019-04-18 15:44:24.917,10952,10953,10952,3,-3
2019-04-18 15:44:28.655,10952,10953,10952,3,-3
2019-04-18 15:44:48.240,10951,10952,10952,1,1
2019-04-18 15:45:06.247,10951,10952,10951,8,-8
2019-04-18 15:45:06.247,10951,10952,10951,1,-1
2019-04-18 15:45:06.247,10951,10952,10951,4,-4
2019-04-18 15:45:07.463,10950,10951,10951,1,1
2019-04-18 15:45:14.190,10950,10951,10951,5,5
2019-04-18 15:45:32.667,10950,10951,10950,3,-3
2019-04-18 15:45:35.088,10950,10951,10951,1,1
2019-04-18 15:45:35.287,10950,10951,10950,1,-1
2019-04-18 15:45:56.000,10950,10951,10950,1,-1
2019-04-18 15:45:56.317,10950,10951,10950,30,-30
2019-04-18 15:45:56.364,10950,10951,10950,1,-1
2019-04-18 15:45:56.364,10950,10951,10950,1,-1
2019-04-18 15:46:06.228,10950,10951,10950,11,-11
2019-04-18 15:46:06.229,10950,10951,10950,1,-1
2019-04-18 15:46:06.229,10950,10951,10950,1,-1
2019-04-18 15:46:06.229,10950,10951,10950,15,-15
2019-04-18 15:46:06.229,10950,10951,10950,3,-3
2019-04-18 15:46:06.229,10950,10951,10950,4,-4
2019-04-18 15:46:06.230,10950,10951,10950,4,-4
2019-04-18 15:46:06.230,10950,10951,10950,3,-3
2019-04-18 15:46:06.230,10950,10951,10950,1,-1
2019-04-18 15:46:06.230,10950,10951,10950,1,-1
2019-04-18 15:46:06.230,10950,10951,10950,2,-2
2019-04-18 15:46:09.114,10949,10950,10949,13,-13
2019-04-18 15:46:09.239,10949,10950,10949,8,-8
2019-04-18 15:46:10.961,10948,10950,10948,1,-1
2019-04-18 15:46:11.004,10948,10950,10948,1,-1
2019-04-18 15:46:12.642,10948,10949,10948,1,-1
2019-04-18 15:46:13.119,10948,10949,10948,1,-1
2019-04-18 15:46:19.704,10948,10949,10948,10,-10
2019-04-18 15:46:24.566,10948,10949,10948,10,-10
2019-04-18 15:46:24.867,10948,10949,10948,1,-1
2019-04-18 15:46:25.292,10948,10949,10948,1,-1
2019-04-18 15:46:27.138,10948,10949,10948,1,-1
2019-04-18 15:46:28.560,10948,10949,10948,1,-1
2019-04-18 15:46:28.945,10948,10949,10949,10,10
2019-04-18 15:46:29.049,10949,10950,10949,1,-1
2019-04-18 15:46:29.151,10949,10950,10949,4,-4
2019-04-18 15:46:29.394,10949,10950,10949,1,-1
2019-04-18 15:46:29.644,10949,10950,10949,1,-1
2019-04-18 15:46:30.337,10949,10950,10949,2,-2
2019-04-18 15:46:30.808,10949,10950,10949,1,-1
2019-04-18 15:46:39.167,10948,10950,10948,1,-1
2019-04-18 15:46:41.418,10949,10950,10949,1,1
2019-04-18 15:46:44.102,10949,10950,10949,1,-1
2019-04-18 15:46:46.401,10949,10950,10949,1,-1
2019-04-18 15:47:09.196,10949,10950,10949,1,-1
2019-04-18 15:47:20.963,10949,10950,10949,6,-6
2019-04-18 15:47:21.167,10948,10949,10948,10,-10
2019-04-18 15:47:23.522,10948,10949,10949,10,10
2019-04-18 15:47:30.501,10948,10949,10948,3,-3
2019-04-18 15:47:36.418,10948,10949,10948,1,-1
2019-04-18 15:47:48.739,10948,10949,10949,1,1
2019-04-18 15:47:48.739,10948,10949,10949,8,8
2019-04-18 15:47:48.865,10949,10950,10949,1,-1
2019-04-18 15:47:49.693,10949,10950,10949,1,-1
2019-04-18 15:47:57.903,10949,10950,10949,1,-1
2019-04-18 15:48:00.944,10948,10950,10949,1,-1
2019-04-18 15:48:22.060,10948,10949,10948,2,-2
2019-04-18 15:48:32.452,10948,10949,10948,5,-5
2019-04-18 15:48:37.461,10948,10949,10948,2,-2
2019-04-18 15:48:41.262,10948,10949,10948,1,-1
2019-04-18 15:48:45.106,10948,10949,10948,1,-1
2019-04-18 15:48:52.552,10948,10949,10948,3,-3
2019-04-18 15:49:00.326,10947,10948,10947,1,-1
2019-04-18 15:49:00.580,10947,10948,10947,1,-1
2019-04-18 15:49:05.957,10947,10948,10947,1,-1
2019-04-18 15:49:07.699,10947,10948,10947,2,-2
2019-04-18 15:49:07.918,10947,10948,10947,1,-1
2019-04-18 15:49:12.420,10947,10948,10947,5,-5
2019-04-18 15:49:12.598,10947,10948,10947,2,-2
2019-04-18 15:49:12.698,10947,10948,10947,4,-4
2019-04-18 15:49:15.904,10947,10948,10947,1,-1
2019-04-18 15:49:17.269,10947,10948,10947,1,-1
2019-04-18 15:49:20.145,10947,10948,10947,4,-4
2019-04-18 15:49:20.159,10947,10948,10947,1,-1
2019-04-18 15:49:22.361,10947,10948,10947,1,-1
2019-04-18 15:49:23.111,10947,10948,10947,1,-1
2019-04-18 15:49:23.156,10947,10948,10947,2,-2
2019-04-18 15:49:24.594,10946,10947,10947,1,1
2019-04-18 15:49:26.546,10946,10947,10946,15,-15
2019-04-18 15:49:26.761,10946,10947,10946,1,-1
2019-04-18 15:49:29.864,10946,10947,10946,1,-1
2019-04-18 15:49:31.368,10946,10947,10946,1,-1
2019-04-18 15:49:31.963,10946,10947,10946,1,-1
2019-04-18 15:49:32.118,10946,10947,10946,5,-5
2019-04-18 15:49:33.025,10945,10946,10945,1,-1
2019-04-18 15:49:33.204,10945,10946,10945,1,-1
2019-04-18 15:49:38.340,10945,10946,10945,1,-1
2019-04-18 15:49:39.993,10945,10946,10946,4,4
2019-04-18 15:49:42.649,10945,10947,10945,1,-1
2019-04-18 15:49:44.552,10945,10946,10946,1,1
2019-04-18 15:49:44.715,10945,10946,10946,2,2
2019-04-18 15:49:45.061,10946,10947,10946,2,-2
2019-04-18 15:49:45.382,10946,10947,10946,1,-1
2019-04-18 15:49:47.068,10946,10947,10946,3,-3
2019-04-18 15:49:47.741,10946,10947,10946,1,-1
2019-04-18 15:49:51.035,10946,10947,10946,1,-1
2019-04-18 15:49:53.398,10946,10947,10946,1,-1
2019-04-18 15:49:57.053,10945,10947,10945,1,-1
2019-04-18 15:49:58.104,10945,10946,10945,2,-2
2019-04-18 15:50:01.699,10945,10946,10945,1,-1
2019-04-18 15:50:01.901,10945,10946,10945,1,-1
2019-04-18 15:50:04.336,10945,10946,10945,2,-2
2019-04-18 15:50:05.030,10945,10946,10945,1,-1
2019-04-18 15:50:06.492,10945,10946,10945,1,-1
2019-04-18 15:50:09.486,10945,10946,10946,1,1
2019-04-18 15:50:13.993,10945,10946,10946,9,9
2019-04-18 15:50:25.142,10946,10947,10946,1,-1
2019-04-18 15:50:27.568,10946,10947,10946,1,-1
2019-04-18 15:50:27.989,10946,10947,10946,1,-1
2019-04-18 15:50:33.850,10946,10947,10946,1,-1
2019-04-18 15:50:37.025,10946,10947,10946,1,-1
2019-04-18 15:50:38.642,10946,10947,10946,1,-1
2019-04-18 15:50:48.057,10946,10947,10946,1,-1
2019-04-18 15:50:53.027,10946,10947,10946,1,-1
2019-04-18 15:50:56.068,10946,10947,10946,17,-17
2019-04-18 15:50:58.777,10945,10946,10945,1,-1
2019-04-18 15:51:00.497,10945,10946,10946,1,1
2019-04-18 15:51:05.320,10945,10946,10946,1,1
2019-04-18 15:51:06.315,10945,10946,10945,3,-3
2019-04-18 15:51:08.766,10945,10946,10945,3,-3
2019-04-18 15:51:09.024,10945,10946,10945,1,-1
2019-04-18 15:51:09.601,10945,10946,10945,1,-1
2019-04-18 15:51:12.411,10945,10946,10945,1,-1
2019-04-18 15:51:13.635,10945,10946,10945,1,-1
2019-04-18 15:51:17.712,10945,10946,10945,1,-1
2019-04-18 15:51:17.712,10945,10946,10945,3,-3
2019-04-18 15:51:17.712,10945,10946,10945,2,-2
2019-04-18 15:51:17.712,10945,10946,10945,2,-2
2019-04-18 15:51:17.739,10945,10946,10945,1,-1
2019-04-18 15:51:17.739,10945,10946,10945,2,-2
2019-04-18 15:51:17.740,10945,10946,10945,8,-8
2019-04-18 15:51:17.740,10945,10946,10945,6,-6
2019-04-18 15:51:17.740,10945,10946,10945,8,-8
2019-04-18 15:51:17.740,10945,10946,10945,4,-4
2019-04-18 15:51:17.740,10945,10946,10945,1,-1
2019-04-18 15:51:17.740,10945,10946,10945,1,-1
2019-04-18 15:51:19.718,10944,10945,10945,2,2
2019-04-18 15:51:25.031,10944,10945,10944,1,-1
2019-04-18 15:51:25.199,10944,10945,10944,4,-4
2019-04-18 15:51:27.703,10944,10945,10945,1,1
2019-04-18 15:51:27.703,10944,10945,10946,1,1
2019-04-18 15:51:27.761,10944,10946,10945,1,-1
2019-04-18 15:51:33.554,10944,10945,10944,1,-1
2019-04-18 15:51:34.260,10944,10945,10944,1,-1
2019-04-18 15:51:39.055,10944,10945,10944,3,-3
2019-04-18 15:51:39.634,10944,10945,10944,2,-2
2019-04-18 15:51:40.894,10944,10945,10944,1,-1
2019-04-18 15:51:41.025,10944,10945,10944,1,-1
2019-04-18 15:51:41.577,10944,10945,10944,1,-1
2019-04-18 15:51:49.737,10944,10945,10944,3,-3
2019-04-18 15:51:50.460,10944,10945,10944,1,-1
2019-04-18 15:51:52.165,10944,10945,10944,7,-7
2019-04-18 15:51:56.136,10944,10945,10945,2,2
2019-04-18 15:51:57.026,10944,10945,10944,1,-1
2019-04-18 15:51:57.424,10944,10945,10944,8,-8
2019-04-18 15:51:57.425,10944,10945,10944,8,-8
2019-04-18 15:51:57.489,10944,10945,10944,1,-1
2019-04-18 15:51:59.286,10943,10944,10944,1,1
2019-04-18 15:52:00.514,10943,10944,10944,5,5
2019-04-18 15:52:01.036,10943,10944,10943,10,-10
2019-04-18 15:52:01.141,10943,10944,10943,7,-7
2019-04-18 15:52:02.443,10943,10944,10943,6,-6
2019-04-18 15:52:06.570,10943,10944,10943,2,-2
2019-04-18 15:52:10.150,10943,10944,10944,4,4
2019-04-18 15:52:10.187,10943,10944,10944,4,4
2019-04-18 15:52:10.239,10943,10944,10944,2,2
2019-04-18 15:52:10.260,10943,10944,10944,1,1
2019-04-18 15:52:10.364,10944,10945,10944,1,-1
2019-04-18 15:52:10.432,10944,10945,10944,1,-1
2019-04-18 15:52:10.437,10944,10945,10944,1,-1
2019-04-18 15:52:10.749,10944,10945,10944,1,-1
2019-04-18 15:52:11.286,10944,10945,10944,10,-10
2019-04-18 15:52:11.796,10944,10945,10944,1,-1
2019-04-18 15:52:13.570,10944,10945,10944,1,-1
2019-04-18 15:52:14.281,10944,10945,10944,10,-10
2019-04-18 15:52:15.766,10944,10945,10944,1,-1
2019-04-18 15:52:16.223,10944,10945,10944,1,-1
2019-04-18 15:52:17.340,10944,10945,10944,1,-1
2019-04-18 15:52:17.962,10944,10945,10943,1,-1
2019-04-18 15:52:18.114,10944,10945,10944,1,1
2019-04-18 15:52:21.189,10943,10944,10943,1,-1
2019-04-18 15:52:21.579,10943,10944,10944,1,1
2019-04-18 15:52:22.617,10943,10944,10944,1,1
2019-04-18 15:52:23.544,10943,10944,10944,3,3
2019-04-18 15:52:25.037,10943,10944,10943,7,-7
2019-04-18 15:52:31.834,10943,10944,10944,4,4
2019-04-18 15:52:31.873,10943,10945,10945,1,1
2019-04-18 15:52:33.162,10944,10945,10945,1,1
2019-04-18 15:52:33.332,10944,10945,10944,1,-1
2019-04-18 15:52:33.337,10944,10945,10944,1,-1
2019-04-18 15:52:34.508,10944,10945,10944,1,-1
2019-04-18 15:52:36.956,10944,10945,10944,5,-5
2019-04-18 15:52:38.664,10944,10945,10944,1,-1
2019-04-18 15:52:40.564,10944,10945,10944,1,-1
2019-04-18 15:52:41.241,10944,10945,10944,1,-1
2019-04-18 15:52:44.873,10944,10945,10944,1,-1
2019-04-18 15:52:45.026,10944,10945,10944,1,-1
2019-04-18 15:52:46.083,10944,10945,10944,1,-1
2019-04-18 15:52:51.678,10944,10945,10944,1,-1
2019-04-18 15:52:56.960,10944,10945,10944,2,-2
2019-04-18 15:53:00.147,10944,10945,10944,2,-2
2019-04-18 15:53:00.911,10944,10945,10945,10,10
2019-04-18 15:53:01.029,10944,10945,10944,1,-1
2019-04-18 15:53:06.492,10944,10945,10945,38,38
2019-04-18 15:53:07.044,10945,10946,10946,3,3
2019-04-18 15:53:07.044,10945,10946,10946,12,12
2019-04-18 15:53:07.044,10945,10946,10946,9,9
2019-04-18 15:53:07.837,10946,10947,10946,1,-1
2019-04-18 15:53:09.684,10946,10947,10946,4,-4
2019-04-18 15:53:12.992,10946,10947,10947,1,1
2019-04-18 15:53:14.037,10946,10947,10947,3,3
2019-04-18 15:53:16.780,10946,10947,10947,1,1
2019-04-18 15:53:18.798,10946,10947,10947,1,1
2019-04-18 15:53:19.633,10946,10947,10947,1,1
2019-04-18 15:53:33.024,10946,10947,10946,1,-1
2019-04-18 15:53:34.963,10946,10947,10947,1,1
2019-04-18 15:53:49.024,10946,10947,10946,1,-1
2019-04-18 15:53:49.456,10946,10947,10947,2,2
2019-04-18 15:53:58.595,10946,10947,10946,4,-4
2019-04-18 15:54:05.026,10946,10947,10946,1,-1
2019-04-18 15:54:05.540,10946,10947,10947,1,1
2019-04-18 15:54:21.084,10946,10947,10946,1,-1
2019-04-18 15:54:26.461,10946,10947,10946,1,-1
2019-04-18 15:54:26.461,10946,10947,10946,3,-3
2019-04-18 15:54:31.819,10945,10946,10945,2,-2
2019-04-18 15:54:36.004,10945,10946,10945,1,-1
2019-04-18 15:54:37.025,10945,10946,10945,1,-1
2019-04-18 15:54:52.298,10945,10946,10946,1,1
2019-04-18 15:54:53.027,10945,10946,10945,1,-1
2019-04-18 15:54:55.882,10945,10946,10946,1,1
2019-04-18 15:55:01.741,10945,10946,10946,1,1
2019-04-18 15:55:02.139,10945,10946,10946,1,1
2019-04-18 15:55:05.774,10945,10946,10945,1,-1
2019-04-18 15:55:09.024,10945,10946,10945,1,-1
2019-04-18 15:55:09.779,10945,10946,10945,2,-2
2019-04-18 15:55:09.779,10945,10946,10945,2,-2
2019-04-18 15:55:09.780,10945,10946,10945,5,-5
2019-04-18 15:55:25.025,10944,10945,10944,1,-1
2019-04-18 15:55:28.083,10944,10945,10944,7,-7
2019-04-18 15:55:30.263,10943,10944,10944,1,1
2019-04-18 15:55:37.616,10943,10944,10944,3,3
2019-04-18 15:55:37.864,10944,10945,10944,1,-1
2019-04-18 15:55:38.220,10944,10945,10945,22,22
2019-04-18 15:55:38.220,10944,10945,10946,10,10
2019-04-18 15:55:39.741,10945,10946,10945,1,-1
2019-04-18 15:55:42.188,10945,10946,10946,1,1
2019-04-18 15:55:43.744,10945,10946,10945,2,-2
2019-04-18 15:55:45.277,10945,10946,10945,1,-1
2019-04-18 15:55:47.470,10944,10945,10945,2,2
2019-04-18 15:55:57.024,10944,10945,10944,1,-1
2019-04-18 15:56:05.352,10944,10945,10944,3,-3
2019-04-18 15:56:05.689,10944,10945,10945,1,1
2019-04-18 15:56:09.461,10944,10945,10944,3,-3
2019-04-18 15:56:11.349,10944,10945,10944,4,-4
2019-04-18 15:56:11.406,10943,10944,10944,1,1
2019-04-18 15:56:13.029,10943,10945,10943,1,-1
2019-04-18 15:56:14.149,10943,10945,10943,1,-1
2019-04-18 15:56:17.229,10943,10945,10943,1,-1
2019-04-18 15:56:23.635,10943,10944,10943,4,-4
2019-04-18 15:56:27.851,10943,10944,10943,1,-1
2019-04-18 15:56:29.027,10943,10944,10943,1,-1
2019-04-18 15:56:29.928,10943,10944,10943,4,-4
2019-04-18 15:56:35.659,10943,10944,10944,1,1
2019-04-18 15:56:35.671,10943,10944,10944,1,1
2019-04-18 15:56:35.671,10943,10944,10944,1,1
2019-04-18 15:56:35.739,10943,10944,10944,1,1
2019-04-18 15:56:42.328,10944,10945,10944,4,-4
2019-04-18 15:56:45.956,10944,10945,10944,2,-2
2019-04-18 15:56:48.925,10944,10945,10945,1,1
2019-04-18 15:56:49.533,10944,10945,10945,1,1
2019-04-18 15:57:01.026,10944,10945,10944,1,-1
2019-04-18 15:57:09.270,10944,10945,10945,2,2
2019-04-18 15:57:09.312,10944,10945,10945,1,1
2019-04-18 15:57:09.313,10944,10945,10945,1,1
2019-04-18 15:57:09.364,10944,10945,10945,11,11
2019-04-18 15:57:23.823,10945,10946,10945,2,-2
2019-04-18 15:57:30.793,10945,10946,10946,1,1
2019-04-18 15:57:33.024,10945,10946,10945,1,-1
2019-04-18 15:57:40.778,10945,10946,10945,3,-3
2019-04-18 15:57:46.823,10945,10946,10945,3,-3
2019-04-18 15:57:49.025,10945,10946,10945,1,-1
2019-04-18 15:58:01.568,10945,10946,10945,1,-1
2019-04-18 15:58:05.025,10945,10946,10945,1,-1
2019-04-18 15:58:05.295,10945,10946,10945,4,-4
2019-04-18 15:58:05.328,10945,10946,10945,2,-2
2019-04-18 15:58:06.240,10944,10945,10944,2,-2
2019-04-18 15:58:12.462,10944,10945,10944,1,-1
2019-04-18 15:58:14.098,10943,10944,10944,1,1
2019-04-18 15:58:16.575,10943,10944,10944,1,1
2019-04-18 15:58:23.751,10943,10945,10943,1,-1
2019-04-18 15:58:28.374,10943,10944,10943,1,-1
2019-04-18 15:58:28.571,10943,10944,10943,1,-1
2019-04-18 15:58:33.899,10943,10944,10944,1,1
2019-04-18 15:58:41.684,10944,10945,10944,1,-1
2019-04-18 15:58:43.334,10944,10945,10944,1,-1
2019-04-18 15:58:43.417,10944,10945,10944,1,-1
2019-04-18 15:58:44.548,10943,10944,10943,1,-1
2019-04-18 15:58:46.696,10943,10944,10943,3,-3
2019-04-18 15:58:53.025,10943,10944,10943,1,-1
2019-04-18 15:58:55.222,10944,10945,10944,1,1
2019-04-18 15:58:59.910,10944,10945,10944,1,-1
2019-04-18 15:59:01.203,10944,10945,10945,3,3
2019-04-18 15:59:01.448,10945,10946,10945,1,-1
2019-04-18 15:59:01.829,10945,10946,10945,1,-1
2019-04-18 15:59:16.883,10945,10946,10946,1,1
2019-04-18 15:59:16.957,10945,10946,10946,1,1
2019-04-18 15:59:18.477,10945,10946,10946,1,1
2019-04-18 15:59:19.135,10945,10946,10946,1,1
2019-04-18 15:59:23.843,10945,10946,10946,15,15
2019-04-18 15:59:24.166,10946,10947,10946,1,-1
2019-04-18 15:59:27.375,10946,10947,10946,1,-1
2019-04-18 15:59:39.334,10946,10947,10946,2,-2
2019-04-18 15:59:41.024,10946,10947,10946,1,-1
2019-04-18 15:59:43.374,10946,10947,10947,1,1
2019-04-18 15:59:49.113,10946,10947,10946,1,-1
2019-04-18 15:59:57.024,10946,10947,10946,1,-1
2019-04-18 15:59:58.923,10946,10947,10947,2,2
2019-04-18 16:00:02.945,10946,10947,10946,2,-2
2019-04-18 16:00:02.945,10946,10947,10946,3,-3
2019-04-18 16:00:03.964,10945,10946,10946,1,1
2019-04-18 16:00:04.221,10945,10946,10945,1,-1
2019-04-18 16:00:04.297,10945,10946,10946,1,1
2019-04-18 16:00:04.331,10945,10946,10946,1,1
2019-04-18 16:00:05.643,10945,10946,10946,1,1
2019-04-18 16:00:05.885,10945,10946,10945,1,-1
2019-04-18 16:00:07.244,10945,10946,10945,1,-1
2019-04-18 16:00:13.025,10944,10945,10944,1,-1
2019-04-18 16:00:14.794,10944,10945,10945,1,1
2019-04-18 16:00:15.392,10944,10945,10945,1,1
2019-04-18 16:00:17.106,10944,10945,10945,1,1
2019-04-18 16:00:18.683,10944,10945,10944,2,-2
2019-04-18 16:00:18.719,10944,10945,10944,2,-2
2019-04-18 16:00:18.720,10944,10945,10944,1,-1
2019-04-18 16:00:19.516,10943,10944,10943,45,-45
2019-04-18 16:00:19.517,10943,10944,10943,1,-1
2019-04-18 16:00:19.720,10942,10943,10943,1,1
2019-04-18 16:00:19.965,10942,10943,10943,1,1
2019-04-18 16:00:20.244,10942,10943,10943,6,6
2019-04-18 16:00:20.483,10942,10943,10943,2,2
2019-04-18 16:00:22.569,10942,10943,10943,2,2
2019-04-18 16:00:24.735,10942,10943,10942,9,-9
2019-04-18 16:00:24.748,10941,10943,10941,1,-1
2019-04-18 16:00:25.418,10941,10942,10941,1,-1
2019-04-18 16:00:25.611,10941,10942,10941,1,-1
2019-04-18 16:00:25.611,10941,10942,10941,1,-1
2019-04-18 16:00:25.611,10941,10942,10941,1,-1
2019-04-18 16:00:25.612,10941,10942,10941,2,-2
2019-04-18 16:00:25.612,10941,10942,10941,1,-1
2019-04-18 16:00:25.612,10941,10942,10941,1,-1
2019-04-18 16:00:26.009,10941,10942,10941,1,-1
2019-04-18 16:00:26.444,10941,10942,10941,1,-1
2019-04-18 16:00:29.024,10941,10942,10941,1,-1
2019-04-18 16:00:29.470,10941,10942,10941,7,-7
2019-04-18 16:00:29.489,10941,10942,10941,1,-1
2019-04-18 16:00:32.041,10940,10941,10940,10,-10
2019-04-18 16:00:32.224,10940,10941,10941,16,16
2019-04-18 16:00:32.224,10940,10941,10942,14,14
2019-04-18 16:00:32.542,10941,10942,10941,1,-1
2019-04-18 16:00:34.712,10941,10942,10941,1,-1
2019-04-18 16:00:35.864,10941,10942,10942,1,1
2019-04-18 16:00:37.494,10941,10942,10941,2,-2
2019-04-18 16:00:41.102,10941,10942,10942,1,1
2019-04-18 16:00:41.398,10941,10942,10941,3,-3
2019-04-18 16:00:43.746,10941,10942,10942,2,2
2019-04-18 16:00:44.628,10941,10942,10942,2,2
2019-04-18 16:00:52.491,10941,10942,10942,1,1
2019-04-18 16:00:52.884,10941,10942,10941,1,-1
2019-04-18 16:00:53.567,10941,10942,10941,1,-1
2019-04-18 16:00:57.647,10941,10942,10941,2,-2
2019-04-18 16:00:57.647,10941,10942,10940,1,-1
2019-04-18 16:00:57.756,10940,10942,10942,8,8
2019-04-18 16:00:59.888,10940,10941,10941,1,1
2019-04-18 16:01:00.340,10940,10941,10940,1,-1
2019-04-18 16:01:01.026,10940,10941,10940,1,-1
2019-04-18 16:01:02.295,10940,10941,10940,1,-1
2019-04-18 16:01:04.590,10940,10941,10940,1,-1
2019-04-18 16:01:04.899,10940,10941,10940,1,-1
2019-04-18 16:01:05.455,10940,10941,10940,1,-1
2019-04-18 16:01:05.604,10940,10941,10940,2,-2
2019-04-18 16:01:06.382,10940,10941,10940,3,-3
2019-04-18 16:01:08.966,10940,10941,10941,2,2
2019-04-18 16:01:08.989,10940,10941,10941,2,2
2019-04-18 16:01:09.464,10941,10942,10942,1,1
2019-04-18 16:01:09.982,10941,10942,10941,2,-2
2019-04-18 16:01:12.037,10941,10942,10941,1,-1
2019-04-18 16:01:12.123,10941,10942,10941,2,-2
2019-04-18 16:01:13.723,10941,10942,10941,2,-2
2019-04-18 16:01:15.206,10941,10942,10941,22,-22
2019-04-18 16:01:15.206,10941,10942,10941,1,-1
2019-04-18 16:01:15.239,10940,10941,10941,1,1
2019-04-18 16:01:15.239,10940,10941,10941,2,2
2019-04-18 16:01:15.777,10941,10942,10941,1,-1
2019-04-18 16:01:17.549,10941,10942,10941,1,-1
2019-04-18 16:01:20.638,10941,10942,10941,1,-1
2019-04-18 16:01:20.907,10941,10942,10941,1,-1
2019-04-18 16:01:21.397,10941,10942,10941,2,-2
2019-04-18 16:01:21.642,10940,10941,10941,1,1
2019-04-18 16:01:21.773,10940,10942,10940,2,-2
2019-04-18 16:01:22.518,10941,10942,10941,1,1
2019-04-18 16:01:24.551,10941,10942,10941,1,-1
2019-04-18 16:01:26.572,10940,10941,10941,1,1
2019-04-18 16:01:31.099,10940,10941,10941,1,1
2019-04-18 16:01:31.673,10940,10941,10940,1,-1
2019-04-18 16:01:33.025,10940,10941,10940,1,-1
2019-04-18 16:01:34.093,10940,10941,10940,5,-5
2019-04-18 16:01:34.702,10940,10941,10940,1,-1
2019-04-18 16:01:34.739,10940,10941,10941,10,10
2019-04-18 16:01:34.867,10940,10941,10941,1,1
2019-04-18 16:01:36.131,10941,10942,10941,3,-3
2019-04-18 16:01:36.513,10941,10942,10941,1,-1
2019-04-18 16:01:45.405,10941,10942,10942,8,8
2019-04-18 16:01:48.556,10941,10942,10942,3,3
2019-04-18 16:01:48.556,10941,10942,10942,1,1
2019-04-18 16:01:48.557,10941,10942,10942,1,1
2019-04-18 16:01:48.559,10941,10942,10942,2,2
2019-04-18 16:01:48.559,10941,10942,10942,1,1
2019-04-18 16:01:48.614,10941,10942,10942,2,2
2019-04-18 16:01:48.614,10941,10942,10942,6,6
2019-04-18 16:01:49.234,10942,10943,10942,1,-1
2019-04-18 16:01:50.598,10942,10943,10942,1,-1
2019-04-18 16:01:53.764,10942,10943,10942,4,-4
2019-04-18 16:01:56.528,10942,10943,10942,2,-2
2019-04-18 16:01:58.192,10942,10943,10942,1,-1
2019-04-18 16:02:05.026,10942,10943,10942,1,-1
2019-04-18 16:02:11.222,10942,10943,10942,1,-1
2019-04-18 16:02:17.991,10942,10943,10942,1,-1
2019-04-18 16:02:17.991,10942,10943,10942,6,-6
2019-04-18 16:02:17.991,10942,10943,10942,1,-1
2019-04-18 16:02:17.991,10942,10943,10942,3,-3
2019-04-18 16:02:17.991,10942,10943,10942,1,-1
2019-04-18 16:02:17.991,10942,10943,10942,2,-2
2019-04-18 16:02:17.991,10942,10943,10942,2,-2
2019-04-18 16:02:18.145,10941,10942,10941,1,-1
2019-04-18 16:02:18.484,10941,10942,10941,2,-2
2019-04-18 16:02:18.489,10941,10942,10941,7,-7
2019-04-18 16:02:18.493,10941,10942,10940,6,-6
2019-04-18 16:02:18.792,10940,10941,10940,1,-1
2019-04-18 16:02:21.027,10940,10941,10940,1,-1
2019-04-18 16:02:23.595,10940,10941,10940,4,-4
2019-04-18 16:02:25.351,10940,10941,10941,1,1
2019-04-18 16:02:25.612,10940,10941,10940,1,-1
2019-04-18 16:02:25.741,10940,10941,10940,2,-2
2019-04-18 16:02:29.784,10940,10941,10940,1,-1
2019-04-18 16:02:32.211,10940,10941,10940,7,-7
2019-04-18 16:02:32.617,10939,10940,10939,1,-1
2019-04-18 16:02:32.631,10939,10940,10939,1,-1
2019-04-18 16:02:32.632,10939,10940,10939,1,-1
2019-04-18 16:02:32.633,10939,10940,10939,1,-1
2019-04-18 16:02:32.634,10939,10940,10939,2,-2
2019-04-18 16:02:33.448,10939,10940,10940,1,1
2019-04-18 16:02:37.024,10939,10940,10939,1,-1
2019-04-18 16:02:39.541,10939,10940,10939,2,-2
2019-04-18 16:02:40.546,10939,10940,10939,1,-1
2019-04-18 16:02:40.864,10939,10940,10939,1,-1
2019-04-18 16:02:40.885,10939,10940,10940,1,1
2019-04-18 16:02:41.498,10939,10940,10939,1,-1
2019-04-18 16:02:47.437,10939,10940,10940,5,5
2019-04-18 16:02:47.489,10939,10940,10940,2,2
2019-04-18 16:02:47.489,10939,10940,10940,1,1
2019-04-18 16:02:55.076,10940,10941,10941,5,5
2019-04-18 16:02:58.076,10941,10942,10941,1,-1
2019-04-18 16:03:01.631,10941,10942,10942,9,9
2019-04-18 16:03:02.026,10942,10943,10942,1,-1
2019-04-18 16:03:02.987,10942,10943,10942,2,-2
2019-04-18 16:03:05.625,10942,10943,10942,1,-1
2019-04-18 16:03:05.705,10942,10943,10942,1,-1
2019-04-18 16:03:10.097,10942,10943,10942,1,-1
2019-04-18 16:03:14.990,10942,10943,10942,1,-1
2019-04-18 16:03:15.514,10942,10943,10942,1,-1
2019-04-18 16:03:15.691,10942,10943,10942,4,-4
2019-04-18 16:03:15.739,10941,10942,10942,1,1
2019-04-18 16:03:16.147,10941,10942,10942,9,9
2019-04-18 16:03:17.876,10941,10943,10941,1,-1
2019-04-18 16:03:19.580,10941,10942,10942,1,1
2019-04-18 16:03:20.562,10941,10942,10942,1,1
2019-04-18 16:03:27.639,10941,10942,10941,2,-2
2019-04-18 16:03:27.674,10941,10942,10941,2,-2
2019-04-18 16:03:27.739,10941,10942,10941,5,-5
2019-04-18 16:03:39.556,10940,10941,10940,9,-9
2019-04-18 16:03:41.026,10939,10940,10939,1,-1
2019-04-18 16:03:41.943,10939,10940,10940,3,3
2019-04-18 16:03:41.944,10939,10940,10940,3,3
2019-04-18 16:03:54.208,10940,10941,10940,9,-9
2019-04-18 16:03:54.595,10940,10941,10940,3,-3
2019-04-18 16:03:55.741,10940,10941,10940,1,-1
2019-04-18 16:03:57.024,10940,10941,10940,1,-1
2019-04-18 16:03:58.020,10940,10941,10940,1,-1
2019-04-18 16:03:58.432,10940,10941,10940,5,-5
2019-04-18 16:04:07.286,10940,10941,10940,2,-2
2019-04-18 16:04:08.069,10940,10941,10940,2,-2
2019-04-18 16:04:10.300,10940,10941,10940,1,-1
2019-04-18 16:04:11.064,10940,10941,10940,5,-5
2019-04-18 16:04:13.028,10940,10941,10940,1,-1
2019-04-18 16:04:23.612,10940,10941,10940,1,-1
2019-04-18 16:04:26.223,10940,10941,10941,2,2
2019-04-18 16:04:28.239,10940,10941,10941,7,7
2019-04-18 16:04:28.364,10940,10941,10941,8,8
2019-04-18 16:04:31.086,10941,10942,10941,1,-1
2019-04-18 16:04:37.257,10941,10942,10941,4,-4
2019-04-18 16:04:44.401,10941,10942,10942,2,2
2019-04-18 16:04:44.406,10941,10942,10942,15,15
2019-04-18 16:04:44.407,10941,10942,10942,8,8
2019-04-18 16:04:44.432,10941,10942,10942,1,1
2019-04-18 16:04:44.489,10941,10942,10942,2,2
2019-04-18 16:04:44.490,10941,10942,10942,5,5
2019-04-18 16:04:44.490,10941,10942,10942,3,3
2019-04-18 16:04:44.490,10941,10942,10942,9,9
2019-04-18 16:04:44.490,10941,10942,10942,4,4
2019-04-18 16:04:44.490,10941,10942,10942,2,2
2019-04-18 16:04:44.490,10941,10942,10942,3,3
2019-04-18 16:04:45.556,10942,10943,10942,1,-1
2019-04-18 16:04:46.131,10942,10943,10943,1,1
2019-04-18 16:04:50.479,10941,10943,10943,1,1
2019-04-18 16:04:55.688,10942,10943,10943,1,1
2019-04-18 16:04:55.840,10942,10943,10942,1,-1
2019-04-18 16:04:56.602,10942,10943,10943,1,1
2019-04-18 16:04:57.429,10942,10943,10942,1,-1
2019-04-18 16:04:57.450,10942,10943,10943,1,1
2019-04-18 16:05:00.023,10942,10943,10943,1,1
2019-04-18 16:05:01.030,10942,10943,10942,1,-1
2019-04-18 16:05:02.059,10942,10943,10942,2,-2
2019-04-18 16:05:04.560,10941,10942,10941,1,-1
2019-04-18 16:05:04.585,10941,10942,10941,1,-1
2019-04-18 16:05:07.389,10941,10942,10941,2,-2
2019-04-18 16:05:07.919,10941,10942,10942,1,1
2019-04-18 16:05:08.461,10941,10942,10941,4,-4
2019-04-18 16:05:08.492,10941,10942,10942,1,1
2019-04-18 16:05:09.642,10941,10942,10941,4,-4
2019-04-18 16:05:11.470,10941,10942,10941,1,-1
2019-04-18 16:05:13.817,10941,10942,10941,1,-1
2019-04-18 16:05:15.601,10941,10942,10941,1,-1
2019-04-18 16:05:16.687,10941,10942,10941,1,-1
2019-04-18 16:05:17.023,10941,10942,10941,1,-1
2019-04-18 16:05:18.939,10940,10941,10941,1,1
2019-04-18 16:05:19.638,10941,10942,10941,1,-1
2019-04-18 16:05:20.949,10941,10942,10941,1,-1
2019-04-18 16:05:24.173,10941,10942,10941,1,-1
2019-04-18 16:05:27.723,10941,10942,10942,1,1
2019-04-18 16:05:27.751,10941,10942,10941,1,-1
2019-04-18 16:05:33.029,10941,10942,10941,1,-1
2019-04-18 16:05:36.458,10941,10942,10942,1,1
2019-04-18 16:05:39.612,10941,10942,10941,1,-1
2019-04-18 16:05:49.028,10941,10942,10941,1,-1
2019-04-18 16:05:58.003,10941,10942,10941,5,-5
2019-04-18 16:05:58.231,10941,10942,10941,1,-1
2019-04-18 16:06:01.651,10941,10942,10942,1,1
2019-04-18 16:06:04.490,10941,10942,10942,1,1
2019-04-18 16:06:05.027,10941,10942,10941,1,-1
2019-04-18 16:06:09.221,10941,10942,10942,2,2
2019-04-18 16:06:18.920,10941,10942,10942,10,10
2019-04-18 16:06:21.434,10941,10942,10942,1,1
2019-04-18 16:06:27.160,10941,10942,10942,6,6
2019-04-18 16:06:27.392,10941,10942,10942,2,2
2019-04-18 16:06:30.722,10942,10943,10942,1,-1
2019-04-18 16:06:33.550,10942,10943,10943,1,1
2019-04-18 16:06:44.410,10943,10944,10943,3,-3
2019-04-18 16:06:45.701,10943,10944,10943,1,-1
2019-04-18 16:06:49.137,10943,10944,10943,1,-1
2019-04-18 16:06:53.028,10943,10944,10943,1,-1
2019-04-18 16:06:53.269,10943,10944,10943,1,-1
2019-04-18 16:06:53.275,10943,10944,10943,1,-1
2019-04-18 16:06:53.492,10943,10944,10943,1,-1
2019-04-18 16:06:53.492,10943,10944,10943,1,-1
2019-04-18 16:06:53.493,10943,10944,10943,1,-1
2019-04-18 16:06:53.493,10943,10944,10943,1,-1
2019-04-18 16:06:53.493,10943,10944,10943,1,-1
2019-04-18 16:06:54.774,10942,10943,10943,4,4
2019-04-18 16:06:59.985,10942,10943,10943,1,1
2019-04-18 16:07:00.448,10942,10943,10942,1,-1
2019-04-18 16:07:03.823,10942,10943,10942,2,-2
2019-04-18 16:07:05.885,10942,10943,10942,7,-7
2019-04-18 16:07:09.027,10941,10942,10941,1,-1
2019-04-18 16:07:12.672,10941,10942,10941,2,-2
2019-04-18 16:07:12.676,10941,10942,10941,1,-1
2019-04-18 16:07:12.676,10941,10942,10941,1,-1
2019-04-18 16:07:12.676,10941,10942,10941,17,-17
2019-04-18 16:07:16.175,10940,10941,10941,1,1
2019-04-18 16:07:18.137,10940,10941,10941,3,3
2019-04-18 16:07:18.239,10940,10941,10941,2,2
2019-04-18 16:07:18.568,10940,10942,10942,1,1
2019-04-18 16:07:21.493,10940,10942,10940,2,-2
2019-04-18 16:07:27.364,10940,10941,10941,2,2
2019-04-18 16:07:32.764,10940,10941,10941,5,5
2019-04-18 16:07:41.024,10941,10942,10941,1,-1
2019-04-18 16:07:55.310,10941,10942,10941,1,-1
2019-04-18 16:07:57.024,10941,10942,10941,1,-1
2019-04-18 16:08:01.054,10941,10942,10941,4,-4
2019-04-18 16:08:13.028,10940,10941,10940,1,-1
2019-04-18 16:08:14.365,10940,10941,10940,1,-1
2019-04-18 16:08:14.786,10940,10941,10941,1,1
2019-04-18 16:08:27.375,10940,10941,10941,14,14
2019-04-18 16:08:36.644,10941,10942,10941,1,-1
2019-04-18 16:08:40.141,10941,10942,10942,1,1
2019-04-18 16:08:45.028,10941,10942,10941,1,-1
2019-04-18 16:08:48.047,10941,10942,10942,2,2
2019-04-18 16:08:48.047,10941,10942,10942,3,3
2019-04-18 16:08:48.048,10941,10942,10942,6,6
2019-04-18 16:08:48.049,10941,10942,10942,4,4
2019-04-18 16:08:48.060,10941,10942,10942,2,2
2019-04-18 16:08:48.120,10942,10943,10943,1,1
2019-04-18 16:08:58.881,10942,10943,10942,2,-2
2019-04-18 16:09:02.430,10941,10942,10942,2,2
2019-04-18 16:09:02.489,10942,10943,10942,2,-2
2019-04-18 16:09:06.777,10941,10942,10942,2,2
2019-04-18 16:09:30.952,10942,10943,10942,2,-2
2019-04-18 16:09:30.959,10942,10943,10942,3,-3
2019-04-18 16:09:33.085,10941,10942,10941,1,-1
2019-04-18 16:09:36.619,10941,10942,10942,2,2
2019-04-18 16:09:41.015,10941,10942,10942,2,2
2019-04-18 16:09:41.114,10941,10942,10942,2,2
2019-04-18 16:09:45.170,10941,10942,10942,4,4
2019-04-18 16:09:46.698,10942,10943,10942,2,-2
2019-04-18 16:09:47.991,10942,10943,10942,2,-2
2019-04-18 16:09:49.864,10942,10943,10942,2,-2
2019-04-18 16:09:51.140,10941,10942,10942,2,2
2019-04-18 16:09:57.805,10941,10942,10942,1,1
2019-04-18 16:10:01.261,10941,10942,10942,1,1
2019-04-18 16:10:01.488,10941,10942,10942,2,2
2019-04-18 16:10:01.819,10942,10943,10943,1,1
2019-04-18 16:10:03.063,10942,10943,10942,1,-1
2019-04-18 16:10:03.896,10942,10943,10942,5,-5
2019-04-18 16:10:11.109,10942,10943,10942,1,-1
2019-04-18 16:10:12.675,10942,10943,10942,4,-4
2019-04-18 16:10:14.174,10941,10942,10942,1,1
2019-04-18 16:10:21.026,10941,10942,10941,1,-1
2019-04-18 16:10:22.887,10941,10942,10942,1,1
2019-04-18 16:10:37.024,10941,10942,10941,1,-1
2019-04-18 16:10:37.234,10941,10942,10942,4,4
2019-04-18 16:10:45.146,10942,10943,10942,2,-2
2019-04-18 16:10:47.102,10942,10943,10942,1,-1
2019-04-18 16:10:48.840,10942,10943,10943,1,1
2019-04-18 16:10:53.025,10942,10943,10942,1,-1
2019-04-18 16:11:00.917,10942,10943,10942,1,-1
2019-04-18 16:11:03.163,10942,10943,10942,1,-1
2019-04-18 16:11:09.025,10942,10943,10942,1,-1
2019-04-18 16:11:25.024,10942,10943,10942,1,-1
2019-04-18 16:11:38.058,10942,10943,10943,1,1
2019-04-18 16:11:41.025,10942,10943,10942,1,-1
2019-04-18 16:11:42.350,10942,10943,10943,13,13
2019-04-18 16:11:48.454,10943,10944,10944,4,4
2019-04-18 16:11:54.332,10943,10944,10944,3,3
2019-04-18 16:11:57.023,10943,10944,10943,1,-1
2019-04-18 16:11:58.019,10943,10944,10944,1,1
2019-04-18 16:12:02.407,10943,10944,10944,1,1
2019-04-18 16:12:02.660,10943,10944,10943,1,-1
2019-04-18 16:12:05.269,10943,10944,10944,2,2
2019-04-18 16:12:10.183,10943,10944,10943,7,-7
2019-04-18 16:12:10.239,10942,10943,10943,1,1
2019-04-18 16:12:11.233,10943,10944,10943,1,-1
2019-04-18 16:12:11.761,10943,10944,10944,1,1
2019-04-18 16:12:13.025,10943,10944,10943,1,-1
2019-04-18 16:12:17.558,10943,10944,10944,1,1
2019-04-18 16:12:17.913,10943,10944,10943,3,-3
2019-04-18 16:12:19.636,10943,10944,10944,14,14
2019-04-18 16:12:19.739,10943,10944,10944,6,6
2019-04-18 16:12:19.739,10943,10944,10944,5,5
2019-04-18 16:12:24.014,10944,10945,10944,1,-1
2019-04-18 16:12:25.664,10944,10945,10944,1,-1
2019-04-18 16:12:34.114,10944,10945,10945,7,7
2019-04-18 16:12:34.115,10944,10945,10945,5,5
2019-04-18 16:12:34.115,10944,10945,10945,1,1
2019-04-18 16:12:34.275,10944,10945,10945,2,2
2019-04-18 16:12:34.579,10944,10945,10945,2,2
2019-04-18 16:12:34.616,10944,10945,10945,4,4
2019-04-18 16:12:34.893,10944,10946,10946,1,1
2019-04-18 16:12:37.306,10945,10946,10945,1,-1
2019-04-18 16:12:38.502,10945,10946,10946,1,1
2019-04-18 16:12:38.943,10945,10946,10946,6,6
2019-04-18 16:12:46.078,10945,10946,10946,1,1
2019-04-18 16:12:47.588,10945,10946,10945,1,-1
2019-04-18 16:12:53.798,10945,10946,10946,1,1
2019-04-18 16:12:54.325,10945,10946,10946,1,1
2019-04-18 16:12:56.725,10945,10946,10946,1,1
2019-04-18 16:12:59.477,10945,10946,10946,1,1
2019-04-18 16:12:59.480,10945,10946,10946,1,1
2019-04-18 16:13:01.024,10945,10946,10945,1,-1
2019-04-18 16:13:01.862,10945,10946,10946,1,1
2019-04-18 16:13:03.424,10945,10946,10946,2,2
2019-04-18 16:13:05.286,10945,10946,10946,1,1
2019-04-18 16:13:06.499,10945,10946,10946,4,4
2019-04-18 16:13:10.355,10945,10946,10946,1,1
2019-04-18 16:13:17.025,10945,10946,10945,1,-1
2019-04-18 16:13:18.303,10945,10946,10945,1,-1
2019-04-18 16:13:18.303,10945,10946,10945,1,-1
2019-04-18 16:13:18.303,10945,10946,10945,2,-2
2019-04-18 16:13:18.303,10945,10946,10945,1,-1
2019-04-18 16:13:18.364,10945,10946,10945,8,-8
2019-04-18 16:13:18.364,10945,10946,10945,2,-2
2019-04-18 16:13:18.364,10945,10946,10945,2,-2
2019-04-18 16:13:19.822,10944,10945,10945,1,1
2019-04-18 16:13:20.119,10944,10945,10945,1,1
2019-04-18 16:13:21.423,10944,10945,10945,1,1
2019-04-18 16:13:24.868,10944,10945,10944,1,-1
2019-04-18 16:13:25.047,10944,10945,10945,1,1
2019-04-18 16:13:27.215,10944,10945,10945,5,5
2019-04-18 16:13:33.025,10944,10945,10944,1,-1
2019-04-18 16:13:38.693,10944,10945,10945,1,1
2019-04-18 16:13:44.422,10944,10945,10944,1,-1
2019-04-18 16:13:48.036,10944,10945,10944,1,-1
2019-04-18 16:13:48.377,10944,10945,10944,1,-1
2019-04-18 16:13:49.025,10944,10945,10944,1,-1
2019-04-18 16:13:55.594,10944,10945,10944,1,-1
2019-04-18 16:13:55.595,10944,10945,10944,1,-1
2019-04-18 16:13:55.596,10944,10945,10944,1,-1
2019-04-18 16:13:55.597,10944,10945,10944,1,-1
2019-04-18 16:13:55.614,10944,10945,10944,1,-1
2019-04-18 16:14:00.299,10943,10944,10944,1,1
2019-04-18 16:14:05.025,10943,10944,10943,1,-1
2019-04-18 16:14:17.076,10943,10944,10944,1,1
2019-04-18 16:14:21.026,10943,10944,10943,1,-1
2019-04-18 16:14:21.516,10943,10944,10944,1,1
2019-04-18 16:14:35.403,10943,10944,10943,1,-1
2019-04-18 16:14:37.024,10943,10944,10943,1,-1
2019-04-18 16:14:49.103,10943,10944,10943,2,-2
2019-04-18 16:14:53.027,10943,10944,10943,1,-1
2019-04-18 16:14:57.063,10943,10944,10944,7,7
2019-04-18 16:15:09.518,10944,10945,10944,1,-1
2019-04-18 16:15:25.025,10944,10945,10944,1,-1
2019-04-18 16:15:29.255,10944,10945,10944,3,-3
2019-04-18 16:15:29.437,10944,10945,10944,1,-1
2019-04-18 16:15:29.437,10944,10945,10944,1,-1
2019-04-18 16:15:29.438,10944,10945,10944,1,-1
2019-04-18 16:15:29.438,10944,10945,10944,1,-1
2019-04-18 16:15:29.438,10944,10945,10944,1,-1
2019-04-18 16:15:29.438,10944,10945,10944,2,-2
2019-04-18 16:15:35.539,10943,10944,10944,3,3
2019-04-18 16:15:41.026,10943,10944,10943,1,-1
2019-04-18 16:15:42.282,10943,10944,10944,1,1
2019-04-18 16:15:46.557,10944,10945,10944,1,-1
2019-04-18 16:15:50.137,10944,10945,10945,1,1
2019-04-18 16:15:57.025,10944,10945,10944,1,-1
2019-04-18 16:16:02.344,10944,10945,10945,1,1
2019-04-18 16:16:02.351,10944,10945,10945,6,6
2019-04-18 16:16:06.732,10945,10946,10945,1,-1
2019-04-18 16:16:07.263,10945,10946,10945,1,-1
2019-04-18 16:16:07.795,10945,10946,10945,1,-1
2019-04-18 16:16:27.128,10945,10946,10946,1,1
2019-04-18 16:16:28.634,10945,10946,10946,3,3
2019-04-18 16:16:31.340,10945,10946,10946,1,1
2019-04-18 16:16:31.827,10945,10946,10946,1,1
2019-04-18 16:16:33.583,10945,10946,10946,1,1
2019-04-18 16:16:44.413,10945,10946,10946,1,1
2019-04-18 16:16:45.590,10946,10947,10946,2,-2
2019-04-18 16:17:01.027,10946,10947,10946,1,-1
2019-04-18 16:17:06.201,10946,10947,10947,5,5
2019-04-18 16:17:07.310,10946,10947,10947,1,1
2019-04-18 16:17:12.329,10946,10947,10947,1,1
2019-04-18 16:17:17.024,10946,10947,10946,1,-1
2019-04-18 16:17:17.355,10946,10947,10947,1,1
2019-04-18 16:17:25.156,10946,10947,10947,1,1
2019-04-18 16:17:32.082,10946,10947,10947,6,6
2019-04-18 16:17:33.023,10946,10947,10946,1,-1
2019-04-18 16:17:36.955,10946,10947,10947,2,2
2019-04-18 16:17:40.489,10946,10947,10947,1,1
2019-04-18 16:17:48.026,10946,10947,10947,2,2
2019-04-18 16:17:49.026,10946,10947,10946,1,-1
2019-04-18 16:17:59.263,10946,10947,10946,14,-14
2019-04-18 16:18:02.279,10945,10946,10946,1,1
2019-04-18 16:18:02.281,10945,10946,10946,1,1
2019-04-18 16:18:05.026,10945,10946,10945,1,-1
2019-04-18 16:18:06.929,10945,10946,10946,1,1
2019-04-18 16:18:18.582,10945,10946,10945,2,-2
2019-04-18 16:18:21.026,10945,10946,10945,1,-1
2019-04-18 16:18:21.627,10945,10946,10945,8,-8
2019-04-18 16:18:29.024,10944,10945,10945,4,4
2019-04-18 16:18:29.025,10944,10945,10945,1,1
2019-04-18 16:18:47.728,10945,10946,10945,1,-1
2019-04-18 16:18:48.737,10945,10946,10946,5,5
2019-04-18 16:18:53.024,10945,10946,10945,1,-1
2019-04-18 16:19:06.803,10945,10946,10946,1,1
2019-04-18 16:19:09.024,10945,10946,10945,1,-1
2019-04-18 16:19:11.902,10945,10946,10946,1,1
2019-04-18 16:19:20.047,10945,10946,10946,1,1
2019-04-18 16:19:25.024,10945,10946,10945,1,-1
2019-04-18 16:19:26.360,10945,10946,10946,1,1
2019-04-18 16:19:26.361,10945,10946,10946,3,3
2019-04-18 16:19:26.361,10945,10946,10946,1,1
2019-04-18 16:19:26.361,10945,10946,10946,1,1
2019-04-18 16:19:26.709,10946,10947,10946,1,-1
2019-04-18 16:19:27.479,10946,10947,10947,1,1
2019-04-18 16:19:31.889,10946,10947,10947,1,1
2019-04-18 16:19:32.164,10946,10947,10947,1,1
2019-04-18 16:19:41.025,10946,10947,10946,1,-1
2019-04-18 16:19:45.587,10946,10947,10946,2,-2
2019-04-18 16:19:51.265,10946,10947,10946,10,-10
2019-04-18 16:19:54.401,10946,10947,10946,2,-2
2019-04-18 16:19:57.024,10946,10947,10946,1,-1
2019-04-18 16:20:01.520,10945,10946,10946,2,2
2019-04-18 16:20:13.022,10945,10946,10945,1,-1
2019-04-18 16:20:28.255,10945,10946,10946,1,1
2019-04-18 16:20:29.026,10945,10946,10945,1,-1
2019-04-18 16:20:43.364,10945,10946,10946,12,12
2019-04-18 16:20:55.858,10946,10947,10946,1,-1
2019-04-18 16:21:01.025,10946,10947,10946,1,-1
2019-04-18 16:21:17.024,10946,10947,10946,1,-1
2019-04-18 16:21:19.531,10946,10947,10946,1,-1
2019-04-18 16:21:33.024,10946,10947,10946,1,-1
2019-04-18 16:21:35.565,10946,10947,10946,2,-2
2019-04-18 16:21:42.006,10946,10947,10946,3,-3
2019-04-18 16:21:49.026,10946,10947,10946,1,-1
2019-04-18 16:21:50.672,10946,10947,10946,1,-1
2019-04-18 16:21:57.489,10946,10947,10946,1,-1
2019-04-18 16:21:58.350,10946,10947,10946,1,-1
2019-04-18 16:21:58.350,10946,10947,10946,1,-1
2019-04-18 16:22:01.999,10946,10947,10946,8,-8
2019-04-18 16:22:03.679,10946,10947,10946,1,-1
2019-04-18 16:22:04.591,10946,10947,10947,2,2
2019-04-18 16:22:05.026,10946,10947,10946,1,-1
2019-04-18 16:22:09.665,10946,10947,10946,1,-1
2019-04-18 16:22:21.025,10945,10946,10945,1,-1
2019-04-18 16:22:25.011,10945,10946,10946,1,1
2019-04-18 16:22:37.024,10945,10946,10945,1,-1
2019-04-18 16:22:43.693,10945,10946,10946,1,1
2019-04-18 16:22:53.025,10945,10946,10945,1,-1
2019-04-18 16:22:54.668,10945,10946,10946,1,1
2019-04-18 16:23:09.024,10945,10946,10945,1,-1
2019-04-18 16:23:10.232,10945,10946,10946,1,1
2019-04-18 16:23:10.927,10946,10947,10946,1,-1
2019-04-18 16:23:25.044,10946,10947,10946,1,-1
2019-04-18 16:23:30.363,10946,10947,10946,1,-1
2019-04-18 16:23:41.025,10946,10947,10946,1,-1
2019-04-18 16:23:56.596,10946,10947,10946,1,-1
2019-04-18 16:23:57.025,10946,10947,10946,1,-1
2019-04-18 16:23:57.641,10946,10947,10946,1,-1
2019-04-18 16:24:13.025,10945,10946,10945,1,-1
2019-04-18 16:24:29.023,10945,10946,10945,1,-1
2019-04-18 16:24:45.024,10945,10946,10945,1,-1
2019-04-18 16:24:47.002,10945,10946,10945,6,-6
2019-04-18 16:24:47.002,10945,10946,10945,2,-2
2019-04-18 16:24:47.002,10945,10946,10945,4,-4
2019-04-18 16:24:47.114,10945,10946,10945,7,-7
2019-04-18 16:25:00.049,10944,10945,10945,1,1
2019-04-18 16:25:06.496,10945,10946,10945,4,-4
2019-04-18 16:25:10.621,10945,10946,10945,2,-2
2019-04-18 16:25:17.024,10945,10946,10945,1,-1
2019-04-18 16:25:18.580,10945,10946,10945,1,-1
2019-04-18 16:25:23.864,10945,10946,10946,8,8
2019-04-18 16:25:24.191,10946,10947,10946,1,-1
2019-04-18 16:25:49.023,10946,10947,10946,1,-1
2019-04-18 16:26:00.629,10946,10947,10946,1,-1
