2021-11-01 15:00:00.071,17080,17083,17078,74,-74
2021-11-01 15:00:00.072,17078,17079,17078,1,-1
2021-11-01 15:00:00.285,17078,17079,17078,1,-1
2021-11-01 15:00:00.285,17078,17079,17077,1,-1
2021-11-01 15:00:00.318,17078,17079,17077,2,-2
2021-11-01 15:00:00.467,17076,17079,17079,1,1
2021-11-01 15:00:00.495,17076,17079,17079,1,1
2021-11-01 15:00:00.644,17076,17079,17078,1,1
2021-11-01 15:00:00.893,17076,17079,17076,1,-1
2021-11-01 15:00:00.915,17076,17079,17076,1,-1
2021-11-01 15:00:00.942,17076,17079,17077,1,-1
2021-11-01 15:00:01.185,17076,17078,17078,1,1
2021-11-01 15:00:01.186,17076,17078,17077,1,1
2021-11-01 15:00:01.213,17076,17078,17076,3,-3
2021-11-01 15:00:01.228,17076,17078,17076,1,-1
2021-11-01 15:00:01.376,17075,17077,17077,1,1
2021-11-01 15:00:01.659,17076,17078,17076,1,-1
2021-11-01 15:00:01.702,17076,17078,17078,1,1
2021-11-01 15:00:01.770,17076,17078,17076,1,-1
2021-11-01 15:00:01.858,17076,17078,17078,6,6
2021-11-01 15:00:03.110,17077,17078,17077,1,-1
2021-11-01 15:00:03.180,17076,17078,17078,1,1
2021-11-01 15:00:03.532,17076,17078,17076,1,-1
2021-11-01 15:00:04.163,17076,17078,17076,1,-1
2021-11-01 15:00:04.441,17076,17078,17078,1,1
2021-11-01 15:00:04.708,17076,17079,17076,1,-1
2021-11-01 15:00:05.343,17076,17077,17076,5,-5
2021-11-01 15:00:05.403,17075,17077,17076,1,1
2021-11-01 15:00:05.988,17075,17077,17077,1,1
2021-11-01 15:00:06.020,17075,17077,17077,1,1
2021-11-01 15:00:06.265,17076,17078,17078,1,1
2021-11-01 15:00:07.826,17077,17078,17077,1,-1
2021-11-01 15:00:07.864,17076,17077,17077,1,1
2021-11-01 15:00:07.864,17076,17077,17078,1,1
2021-11-01 15:00:08.132,17076,17079,17079,2,2
2021-11-01 15:00:08.708,17077,17079,17079,1,1
2021-11-01 15:00:11.524,17077,17078,17078,1,1
2021-11-01 15:00:11.844,17078,17079,17078,1,-1
2021-11-01 15:00:13.993,17078,17079,17078,2,-2
2021-11-01 15:00:14.334,17078,17079,17078,3,-3
2021-11-01 15:00:14.640,17077,17079,17079,1,1
2021-11-01 15:00:14.700,17077,17079,17079,1,1
2021-11-01 15:00:15.704,17077,17079,17077,2,-2
2021-11-01 15:00:15.704,17077,17079,17077,2,-2
2021-11-01 15:00:15.714,17077,17079,17077,1,-1
2021-11-01 15:00:15.714,17077,17079,17076,1,-1
2021-11-01 15:00:15.725,17077,17079,17076,2,-2
2021-11-01 15:00:15.929,17077,17078,17078,1,1
2021-11-01 15:00:15.929,17077,17078,17079,1,1
2021-11-01 15:00:16.285,17077,17079,17077,1,-1
2021-11-01 15:00:16.574,17076,17079,17079,1,1
2021-11-01 15:00:16.753,17076,17079,17079,2,2
2021-11-01 15:00:19.687,17077,17080,17077,1,-1
2021-11-01 15:00:20.044,17077,17079,17077,1,-1
2021-11-01 15:00:20.044,17077,17079,17076,13,-13
2021-11-01 15:00:20.044,17077,17079,17075,8,-8
2021-11-01 15:00:21.415,17074,17075,17075,1,1
2021-11-01 15:00:21.645,17074,17077,17077,1,1
2021-11-01 15:00:22.422,17076,17078,17078,1,1
2021-11-01 15:00:22.452,17076,17078,17076,1,-1
2021-11-01 15:00:22.452,17076,17078,17075,2,-2
2021-11-01 15:00:23.451,17076,17078,17076,1,-1
2021-11-01 15:00:23.777,17076,17077,17077,1,1
2021-11-01 15:00:23.846,17076,17077,17078,1,1
2021-11-01 15:00:25.248,17076,17078,17078,1,1
2021-11-01 15:00:26.217,17076,17078,17077,1,1
2021-11-01 15:00:28.647,17077,17078,17078,1,1
2021-11-01 15:00:30.772,17077,17078,17078,1,1
2021-11-01 15:00:32.816,17077,17078,17078,1,1
2021-11-01 15:00:33.215,17077,17079,17078,1,1
2021-11-01 15:00:33.215,17077,17079,17079,1,1
2021-11-01 15:00:33.969,17077,17079,17079,2,2
2021-11-01 15:00:34.861,17077,17079,17078,1,1
2021-11-01 15:00:35.074,17077,17079,17077,2,-2
2021-11-01 15:00:36.697,17078,17079,17079,1,1
2021-11-01 15:00:36.784,17078,17079,17078,1,-1
2021-11-01 15:00:37.562,17078,17079,17078,2,-2
2021-11-01 15:00:38.344,17078,17079,17079,4,4
2021-11-01 15:00:38.609,17079,17080,17080,4,4
2021-11-01 15:00:39.247,17079,17081,17079,1,-1
2021-11-01 15:00:39.666,17079,17081,17079,1,-1
2021-11-01 15:00:39.899,17079,17081,17079,1,-1
2021-11-01 15:00:40.219,17080,17081,17080,1,-1
2021-11-01 15:00:40.219,17080,17081,17079,1,-1
2021-11-01 15:00:41.914,17080,17081,17081,5,5
2021-11-01 15:00:41.914,17080,17081,17082,1,1
2021-11-01 15:00:41.939,17080,17081,17082,2,2
2021-11-01 15:00:41.939,17080,17081,17082,1,1
2021-11-01 15:00:41.939,17080,17081,17083,1,1
2021-11-01 15:00:41.964,17080,17081,17082,1,1
2021-11-01 15:00:41.964,17080,17081,17083,2,2
2021-11-01 15:00:41.964,17080,17081,17083,13,13
2021-11-01 15:00:41.989,17081,17083,17083,2,2
2021-11-01 15:00:42.014,17081,17083,17083,3,3
2021-11-01 15:00:42.015,17081,17083,17083,2,2
2021-11-01 15:00:42.016,17081,17083,17083,3,3
2021-11-01 15:00:42.040,17081,17083,17083,2,2
2021-11-01 15:00:42.040,17081,17083,17083,1,1
2021-11-01 15:00:42.065,17081,17083,17083,1,1
2021-11-01 15:00:42.067,17081,17083,17083,3,3
2021-11-01 15:00:42.090,17081,17083,17083,1,1
2021-11-01 15:00:42.115,17081,17084,17083,1,1
2021-11-01 15:00:42.140,17081,17084,17083,1,1
2021-11-01 15:00:42.165,17081,17084,17083,1,1
2021-11-01 15:00:42.165,17081,17084,17083,1,1
2021-11-01 15:00:42.191,17081,17084,17083,1,1
2021-11-01 15:00:42.392,17080,17083,17080,1,-1
2021-11-01 15:00:44.458,17079,17080,17080,3,3
2021-11-01 15:00:44.458,17079,17080,17080,1,1
2021-11-01 15:00:45.015,17080,17081,17081,1,1
2021-11-01 15:00:45.076,17080,17081,17080,1,-1
2021-11-01 15:00:45.797,17080,17081,17080,1,-1
2021-11-01 15:00:47.431,17080,17082,17080,1,-1
2021-11-01 15:00:47.821,17079,17082,17080,1,-1
2021-11-01 15:00:47.821,17079,17082,17080,1,-1
2021-11-01 15:00:48.623,17080,17081,17080,1,-1
2021-11-01 15:00:48.828,17079,17080,17080,1,1
2021-11-01 15:00:48.829,17079,17080,17080,1,1
2021-11-01 15:00:48.829,17079,17080,17080,2,2
2021-11-01 15:00:50.998,17080,17082,17080,1,-1
2021-11-01 15:00:52.537,17080,17081,17081,1,1
2021-11-01 15:00:52.646,17081,17083,17081,1,-1
2021-11-01 15:00:53.092,17080,17082,17080,1,-1
2021-11-01 15:00:54.464,17080,17083,17080,2,-2
2021-11-01 15:00:56.632,17080,17082,17082,1,1
2021-11-01 15:00:56.649,17080,17082,17083,1,1
2021-11-01 15:00:56.744,17081,17083,17083,1,1
2021-11-01 15:00:56.809,17081,17083,17083,1,1
2021-11-01 15:00:57.750,17081,17084,17082,1,-1
2021-11-01 15:00:59.874,17081,17083,17081,4,-4
2021-11-01 15:00:59.875,17081,17083,17081,9,-9
2021-11-01 15:01:00.936,17080,17082,17082,1,1
2021-11-01 15:01:00.954,17080,17082,17083,1,1
2021-11-01 15:01:01.565,17080,17082,17082,1,1
2021-11-01 15:01:06.280,17080,17081,17080,4,-4
2021-11-01 15:01:06.280,17080,17081,17079,1,-1
2021-11-01 15:01:07.516,17080,17081,17081,2,2
2021-11-01 15:01:11.751,17081,17082,17081,1,-1
2021-11-01 15:01:12.969,17081,17082,17082,1,1
2021-11-01 15:01:16.098,17081,17082,17081,1,-1
2021-11-01 15:01:17.160,17081,17082,17081,1,-1
2021-11-01 15:01:20.504,17080,17081,17080,2,-2
2021-11-01 15:01:25.473,17080,17081,17080,2,-2
2021-11-01 15:01:25.959,17080,17081,17080,18,-18
2021-11-01 15:01:26.417,17079,17080,17080,1,1
2021-11-01 15:01:31.393,17079,17080,17079,3,-3
2021-11-01 15:01:34.962,17079,17080,17080,1,1
2021-11-01 15:01:41.240,17079,17080,17080,1,1
2021-11-01 15:01:43.744,17079,17080,17080,1,1
2021-11-01 15:01:48.375,17080,17081,17080,4,-4
2021-11-01 15:01:48.375,17080,17081,17080,1,-1
2021-11-01 15:02:01.433,17080,17081,17080,1,-1
2021-11-01 15:02:03.917,17079,17081,17079,2,-2
2021-11-01 15:02:04.564,17079,17081,17080,1,1
2021-11-01 15:02:12.846,17080,17081,17080,5,-5
2021-11-01 15:02:12.846,17080,17081,17079,4,-4
2021-11-01 15:02:14.615,17079,17081,17079,5,-5
2021-11-01 15:02:14.615,17079,17081,17078,3,-3
2021-11-01 15:02:25.813,17079,17080,17080,1,1
2021-11-01 15:02:27.400,17079,17081,17079,1,-1
2021-11-01 15:02:28.008,17079,17081,17079,1,-1
2021-11-01 15:02:31.689,17079,17080,17079,1,-1
2021-11-01 15:02:33.440,17079,17080,17079,3,-3
2021-11-01 15:02:34.740,17079,17080,17079,1,-1
2021-11-01 15:02:49.819,17079,17080,17079,1,-1
2021-11-01 15:03:00.038,17079,17080,17079,1,-1
2021-11-01 15:03:00.097,17079,17080,17079,1,-1
2021-11-01 15:03:00.238,17079,17080,17079,1,-1
2021-11-01 15:03:00.808,17079,17080,17080,3,3
2021-11-01 15:03:00.833,17079,17080,17080,1,1
2021-11-01 15:03:00.868,17079,17081,17081,1,1
2021-11-01 15:03:00.934,17079,17081,17081,9,9
2021-11-01 15:03:00.934,17079,17081,17082,4,4
2021-11-01 15:03:00.959,17079,17081,17082,3,3
2021-11-01 15:03:00.984,17079,17081,17082,2,2
2021-11-01 15:03:01.034,17080,17082,17082,3,3
2021-11-01 15:03:01.034,17080,17082,17082,3,3
2021-11-01 15:03:01.110,17080,17082,17083,6,6
2021-11-01 15:03:01.110,17080,17082,17083,1,1
2021-11-01 15:03:01.186,17083,17084,17083,1,-1
2021-11-01 15:03:01.334,17083,17084,17084,1,1
2021-11-01 15:03:03.958,17082,17083,17082,15,-15
2021-11-01 15:03:03.959,17082,17083,17082,1,-1
2021-11-01 15:03:03.959,17082,17083,17082,1,-1
2021-11-01 15:03:08.181,17080,17082,17080,4,-4
2021-11-01 15:03:08.181,17080,17082,17079,3,-3
2021-11-01 15:03:11.362,17080,17081,17080,1,-1
2021-11-01 15:03:11.362,17080,17081,17079,9,-9
2021-11-01 15:03:14.282,17080,17081,17080,1,-1
2021-11-01 15:03:14.869,17079,17081,17081,1,1
2021-11-01 15:03:19.660,17079,17081,17081,1,1
2021-11-01 15:03:23.770,17079,17081,17081,1,1
2021-11-01 15:03:30.236,17080,17081,17080,1,-1
2021-11-01 15:03:34.148,17079,17081,17081,2,2
2021-11-01 15:03:35.538,17079,17081,17080,3,3
2021-11-01 15:03:38.456,17079,17081,17079,6,-6
2021-11-01 15:03:38.456,17079,17081,17078,5,-5
2021-11-01 15:03:38.849,17078,17080,17080,1,1
2021-11-01 15:03:39.947,17079,17080,17079,1,-1
2021-11-01 15:03:47.947,17079,17080,17079,1,-1
2021-11-01 15:03:49.755,17079,17080,17080,1,1
2021-11-01 15:03:54.951,17079,17080,17080,1,1
2021-11-01 15:03:55.515,17080,17081,17081,7,7
2021-11-01 15:03:57.480,17080,17081,17081,6,6
2021-11-01 15:04:06.919,17081,17082,17081,1,-1
2021-11-01 15:04:16.773,17081,17082,17081,3,-3
2021-11-01 15:04:20.329,17080,17081,17081,1,1
2021-11-01 15:04:23.947,17080,17081,17081,8,8
2021-11-01 15:04:32.730,17080,17081,17080,1,-1
2021-11-01 15:04:33.278,17080,17081,17081,2,2
2021-11-01 15:04:33.304,17080,17081,17081,2,2
2021-11-01 15:04:33.329,17080,17081,17081,1,1
2021-11-01 15:04:36.379,17081,17082,17082,1,1
2021-11-01 15:04:36.476,17081,17082,17082,1,1
2021-11-01 15:04:38.085,17081,17082,17081,2,-2
2021-11-01 15:04:38.608,17080,17081,17080,2,-2
2021-11-01 15:04:40.161,17080,17081,17081,1,1
2021-11-01 15:04:40.897,17080,17081,17080,1,-1
2021-11-01 15:04:41.957,17080,17081,17081,1,1
2021-11-01 15:04:55.082,17080,17081,17080,2,-2
2021-11-01 15:04:57.978,17080,17081,17080,2,-2
2021-11-01 15:04:58.424,17080,17081,17081,1,1
2021-11-01 15:05:00.978,17080,17081,17080,1,-1
2021-11-01 15:05:01.557,17080,17081,17081,4,4
2021-11-01 15:05:01.977,17080,17081,17080,1,-1
2021-11-01 15:05:02.288,17080,17081,17081,1,1
2021-11-01 15:05:02.289,17080,17081,17081,2,2
2021-11-01 15:05:03.349,17081,17082,17082,1,1
2021-11-01 15:05:03.404,17081,17082,17081,2,-2
2021-11-01 15:05:05.923,17081,17082,17082,2,2
2021-11-01 15:05:06.482,17081,17083,17083,2,2
2021-11-01 15:05:07.050,17081,17083,17083,2,2
2021-11-01 15:05:07.890,17081,17083,17083,2,2
2021-11-01 15:05:08.802,17081,17083,17081,4,-4
2021-11-01 15:05:09.675,17081,17082,17082,1,1
2021-11-01 15:05:15.082,17081,17082,17082,1,1
2021-11-01 15:05:19.414,17081,17083,17082,2,2
2021-11-01 15:05:22.040,17081,17083,17083,1,1
2021-11-01 15:05:23.995,17082,17084,17084,1,1
2021-11-01 15:05:26.414,17082,17084,17082,3,-3
2021-11-01 15:05:26.415,17082,17084,17082,5,-5
2021-11-01 15:05:26.415,17082,17084,17082,4,-4
2021-11-01 15:05:29.330,17082,17084,17082,1,-1
2021-11-01 15:05:30.317,17082,17084,17082,1,-1
2021-11-01 15:05:36.940,17083,17084,17084,1,1
2021-11-01 15:05:37.061,17083,17084,17083,2,-2
2021-11-01 15:05:41.173,17082,17083,17082,1,-1
2021-11-01 15:05:42.117,17082,17083,17083,1,1
2021-11-01 15:05:50.154,17082,17083,17083,2,2
2021-11-01 15:05:50.155,17082,17083,17083,1,1
2021-11-01 15:05:50.155,17082,17083,17083,1,1
2021-11-01 15:05:56.937,17083,17084,17084,2,2
2021-11-01 15:05:56.937,17083,17084,17085,1,1
2021-11-01 15:06:04.671,17083,17084,17083,5,-5
2021-11-01 15:06:04.672,17083,17084,17083,5,-5
2021-11-01 15:06:06.989,17083,17084,17084,1,1
2021-11-01 15:06:07.058,17083,17084,17084,1,1
2021-11-01 15:06:07.112,17083,17084,17084,1,1
2021-11-01 15:06:09.102,17083,17084,17084,1,1
2021-11-01 15:06:14.274,17083,17084,17083,1,-1
2021-11-01 15:06:14.956,17082,17083,17083,1,1
2021-11-01 15:06:25.906,17082,17083,17083,1,1
2021-11-01 15:06:27.162,17082,17083,17082,4,-4
2021-11-01 15:06:27.162,17082,17083,17081,1,-1
2021-11-01 15:06:28.503,17081,17083,17082,1,1
2021-11-01 15:06:28.973,17081,17082,17081,1,-1
2021-11-01 15:06:32.656,17081,17082,17082,1,1
2021-11-01 15:06:34.501,17081,17082,17082,1,1
2021-11-01 15:06:41.640,17081,17082,17082,1,1
2021-11-01 15:07:00.796,17081,17082,17082,3,3
2021-11-01 15:07:08.717,17082,17083,17082,2,-2
2021-11-01 15:07:08.717,17082,17083,17081,2,-2
2021-11-01 15:07:14.325,17082,17083,17082,2,-2
2021-11-01 15:07:18.111,17081,17082,17081,3,-3
2021-11-01 15:07:18.811,17080,17081,17081,2,2
2021-11-01 15:07:25.608,17080,17081,17081,1,1
2021-11-01 15:07:25.743,17080,17081,17080,8,-8
2021-11-01 15:07:38.349,17079,17080,17080,1,1
2021-11-01 15:07:42.609,17079,17080,17080,1,1
2021-11-01 15:07:45.175,17079,17080,17080,1,1
2021-11-01 15:07:50.061,17079,17080,17079,1,-1
2021-11-01 15:07:50.061,17079,17080,17079,3,-3
2021-11-01 15:07:52.211,17078,17079,17079,1,1
2021-11-01 15:07:54.198,17078,17079,17078,5,-5
2021-11-01 15:07:55.505,17078,17079,17079,1,1
2021-11-01 15:07:56.203,17079,17080,17079,2,-2
2021-11-01 15:08:02.288,17078,17079,17078,1,-1
2021-11-01 15:08:12.668,17078,17079,17078,1,-1
2021-11-01 15:08:21.117,17078,17079,17079,1,1
2021-11-01 15:08:21.448,17078,17079,17079,1,1
2021-11-01 15:08:21.773,17078,17079,17079,1,1
2021-11-01 15:08:26.624,17078,17079,17079,1,1
2021-11-01 15:08:27.601,17078,17079,17078,1,-1
2021-11-01 15:08:31.654,17078,17079,17079,1,1
2021-11-01 15:08:34.795,17078,17079,17079,1,1
2021-11-01 15:08:36.156,17078,17079,17079,1,1
2021-11-01 15:08:38.439,17078,17079,17079,1,1
2021-11-01 15:08:38.439,17078,17079,17079,2,2
2021-11-01 15:08:39.069,17079,17080,17079,1,-1
2021-11-01 15:08:42.998,17078,17080,17080,1,1
2021-11-01 15:08:48.877,17079,17080,17080,1,1
2021-11-01 15:08:55.726,17080,17081,17080,1,-1
2021-11-01 15:08:59.582,17080,17081,17081,1,1
2021-11-01 15:09:01.759,17080,17081,17081,1,1
2021-11-01 15:09:03.454,17080,17082,17080,1,-1
2021-11-01 15:09:06.892,17081,17082,17081,1,-1
2021-11-01 15:09:06.892,17081,17082,17080,5,-5
2021-11-01 15:09:06.892,17081,17082,17080,1,-1
2021-11-01 15:09:06.892,17081,17082,17080,5,-5
2021-11-01 15:09:14.524,17081,17082,17082,1,1
2021-11-01 15:09:14.710,17081,17082,17082,1,1
2021-11-01 15:09:14.726,17081,17082,17082,1,1
2021-11-01 15:09:21.933,17081,17082,17082,1,1
2021-11-01 15:09:27.465,17081,17082,17082,1,1
2021-11-01 15:09:52.954,17081,17082,17082,1,1
2021-11-01 15:09:53.707,17081,17082,17082,3,3
2021-11-01 15:09:53.759,17081,17082,17082,1,1
2021-11-01 15:10:00.515,17081,17082,17081,1,-1
2021-11-01 15:10:03.981,17081,17082,17081,5,-5
2021-11-01 15:10:06.411,17081,17082,17082,1,1
2021-11-01 15:10:06.462,17081,17082,17082,1,1
2021-11-01 15:10:07.640,17081,17082,17082,2,2
2021-11-01 15:10:10.744,17082,17083,17083,1,1
2021-11-01 15:10:17.055,17082,17083,17083,1,1
2021-11-01 15:10:24.747,17082,17083,17083,1,1
2021-11-01 15:10:27.085,17082,17083,17083,1,1
2021-11-01 15:10:27.671,17082,17083,17083,1,1
2021-11-01 15:10:59.531,17082,17083,17083,2,2
2021-11-01 15:11:00.600,17082,17083,17083,2,2
2021-11-01 15:11:10.102,17082,17083,17082,1,-1
2021-11-01 15:11:12.497,17082,17083,17082,9,-9
2021-11-01 15:11:12.498,17082,17083,17082,2,-2
2021-11-01 15:11:12.498,17082,17083,17082,1,-1
2021-11-01 15:11:12.798,17081,17083,17082,1,1
2021-11-01 15:11:17.565,17082,17083,17082,2,-2
2021-11-01 15:11:17.715,17082,17083,17082,2,-2
2021-11-01 15:11:22.830,17081,17082,17082,1,1
2021-11-01 15:11:23.909,17081,17082,17082,2,2
2021-11-01 15:11:28.411,17081,17082,17082,1,1
2021-11-01 15:11:28.767,17081,17082,17082,1,1
2021-11-01 15:11:29.156,17081,17082,17082,1,1
2021-11-01 15:11:30.155,17081,17082,17082,1,1
2021-11-01 15:11:45.233,17081,17082,17081,3,-3
2021-11-01 15:11:49.544,17081,17082,17082,1,1
2021-11-01 15:11:50.236,17081,17082,17081,2,-2
2021-11-01 15:11:50.377,17081,17082,17082,1,1
2021-11-01 15:11:50.377,17081,17082,17082,1,1
2021-11-01 15:11:50.377,17081,17082,17082,1,1
2021-11-01 15:11:50.377,17081,17082,17082,1,1
2021-11-01 15:11:50.377,17081,17082,17082,1,1
2021-11-01 15:11:50.378,17081,17082,17082,1,1
2021-11-01 15:11:50.379,17081,17082,17082,1,1
2021-11-01 15:11:50.379,17081,17082,17082,4,4
2021-11-01 15:11:50.466,17081,17082,17083,3,3
2021-11-01 15:11:57.659,17082,17083,17083,2,2
2021-11-01 15:12:00.249,17082,17083,17083,1,1
2021-11-01 15:12:22.230,17082,17083,17083,1,1
2021-11-01 15:12:26.028,17082,17083,17083,1,1
2021-11-01 15:12:29.651,17082,17083,17082,2,-2
2021-11-01 15:12:32.761,17082,17083,17083,2,2
2021-11-01 15:12:34.900,17082,17083,17083,1,1
2021-11-01 15:12:39.775,17082,17084,17084,6,6
2021-11-01 15:12:39.775,17082,17084,17085,4,4
2021-11-01 15:12:40.085,17083,17085,17085,1,1
2021-11-01 15:12:54.559,17083,17084,17084,1,1
2021-11-01 15:13:01.121,17083,17084,17084,1,1
2021-11-01 15:13:02.282,17083,17084,17084,1,1
2021-11-01 15:13:03.304,17083,17084,17084,1,1
2021-11-01 15:13:04.725,17083,17084,17084,1,1
2021-11-01 15:13:11.868,17083,17084,17084,1,1
2021-11-01 15:13:15.963,17083,17085,17085,1,1
2021-11-01 15:13:21.612,17084,17085,17085,1,1
2021-11-01 15:13:23.320,17084,17085,17085,1,1
2021-11-01 15:13:38.810,17083,17084,17084,3,3
2021-11-01 15:13:44.632,17083,17084,17084,2,2
2021-11-01 15:13:47.740,17083,17084,17084,1,1
2021-11-01 15:13:53.820,17083,17084,17084,1,1
2021-11-01 15:13:57.082,17083,17084,17084,1,1
2021-11-01 15:13:58.495,17083,17084,17084,1,1
2021-11-01 15:13:59.807,17083,17084,17084,1,1
2021-11-01 15:14:00.340,17083,17084,17084,1,1
2021-11-01 15:14:20.325,17084,17085,17084,1,-1
2021-11-01 15:14:23.991,17083,17084,17084,1,1
2021-11-01 15:14:26.164,17083,17084,17083,5,-5
2021-11-01 15:14:32.085,17082,17084,17084,1,1
2021-11-01 15:14:46.018,17083,17084,17084,1,1
2021-11-01 15:14:50.946,17083,17084,17084,1,1
2021-11-01 15:15:00.450,17083,17084,17084,2,2
2021-11-01 15:15:09.189,17083,17084,17084,1,1
2021-11-01 15:15:20.693,17083,17084,17083,1,-1
2021-11-01 15:15:35.091,17083,17084,17083,3,-3
2021-11-01 15:15:47.237,17083,17084,17083,1,-1
2021-11-01 15:15:50.853,17083,17084,17083,1,-1
2021-11-01 15:15:57.164,17082,17083,17083,1,1
2021-11-01 15:15:58.383,17082,17083,17083,1,1
2021-11-01 15:16:09.874,17082,17083,17082,1,-1
2021-11-01 15:16:16.904,17082,17083,17082,1,-1
2021-11-01 15:16:17.297,17082,17083,17082,1,-1
2021-11-01 15:16:17.666,17082,17083,17082,1,-1
2021-11-01 15:16:18.066,17082,17083,17082,1,-1
2021-11-01 15:16:18.475,17082,17083,17082,1,-1
2021-11-01 15:16:18.969,17082,17083,17082,1,-1
2021-11-01 15:16:20.204,17082,17083,17082,1,-1
2021-11-01 15:16:20.573,17082,17083,17082,1,-1
2021-11-01 15:16:20.922,17082,17083,17082,1,-1
2021-11-01 15:16:21.340,17082,17083,17082,1,-1
2021-11-01 15:16:21.341,17082,17083,17082,3,-3
2021-11-01 15:16:21.753,17081,17083,17082,1,1
2021-11-01 15:16:22.236,17082,17083,17082,1,-1
2021-11-01 15:16:29.087,17081,17082,17081,1,-1
2021-11-01 15:16:29.555,17081,17082,17081,1,-1
2021-11-01 15:16:30.084,17081,17082,17081,1,-1
2021-11-01 15:16:30.537,17081,17082,17081,1,-1
2021-11-01 15:16:30.537,17081,17082,17081,1,-1
2021-11-01 15:16:30.992,17080,17081,17081,2,2
2021-11-01 15:16:36.733,17080,17081,17080,48,-48
2021-11-01 15:16:36.734,17080,17081,17080,1,-1
2021-11-01 15:16:36.734,17080,17081,17080,1,-1
2021-11-01 15:16:36.734,17080,17081,17080,1,-1
2021-11-01 15:16:36.735,17080,17081,17080,6,-6
2021-11-01 15:16:36.735,17080,17081,17080,19,-19
2021-11-01 15:16:48.802,17079,17080,17079,1,-1
2021-11-01 15:16:49.539,17079,17080,17080,1,1
2021-11-01 15:16:53.101,17079,17080,17079,1,-1
2021-11-01 15:16:53.582,17079,17080,17079,1,-1
2021-11-01 15:16:54.658,17079,17080,17079,1,-1
2021-11-01 15:16:54.891,17079,17080,17079,1,-1
2021-11-01 15:16:59.727,17078,17079,17078,1,-1
2021-11-01 15:16:59.926,17078,17079,17078,1,-1
2021-11-01 15:17:00.074,17078,17079,17078,1,-1
2021-11-01 15:17:00.357,17078,17079,17078,1,-1
2021-11-01 15:17:00.674,17078,17079,17078,1,-1
2021-11-01 15:17:00.869,17078,17079,17078,1,-1
2021-11-01 15:17:01.115,17078,17079,17078,1,-1
2021-11-01 15:17:01.333,17078,17079,17078,1,-1
2021-11-01 15:17:01.557,17078,17079,17078,1,-1
2021-11-01 15:17:01.723,17078,17079,17078,1,-1
2021-11-01 15:17:01.906,17078,17079,17078,1,-1
2021-11-01 15:17:02.082,17078,17079,17078,1,-1
2021-11-01 15:17:02.268,17078,17079,17078,1,-1
2021-11-01 15:17:02.451,17078,17079,17078,1,-1
2021-11-01 15:17:02.640,17078,17079,17078,1,-1
2021-11-01 15:17:02.819,17078,17079,17078,1,-1
2021-11-01 15:17:03.011,17078,17079,17078,1,-1
2021-11-01 15:17:03.210,17078,17079,17078,1,-1
2021-11-01 15:17:03.402,17078,17079,17078,1,-1
2021-11-01 15:17:03.586,17078,17079,17078,1,-1
2021-11-01 15:17:03.750,17078,17079,17078,1,-1
2021-11-01 15:17:03.750,17078,17079,17079,1,1
2021-11-01 15:17:03.751,17078,17079,17079,1,1
2021-11-01 15:17:03.929,17079,17080,17079,1,-1
2021-11-01 15:17:04.107,17078,17080,17079,1,1
2021-11-01 15:17:05.351,17078,17079,17078,1,-1
2021-11-01 15:17:05.655,17078,17079,17078,1,-1
2021-11-01 15:17:05.851,17078,17079,17078,1,-1
2021-11-01 15:17:06.036,17078,17079,17078,1,-1
2021-11-01 15:17:06.235,17078,17079,17078,1,-1
2021-11-01 15:17:09.038,17078,17079,17078,1,-1
2021-11-01 15:17:09.420,17078,17079,17078,1,-1
2021-11-01 15:17:11.367,17078,17079,17078,1,-1
2021-11-01 15:17:11.992,17077,17078,17078,1,1
2021-11-01 15:17:14.309,17077,17078,17078,1,1
2021-11-01 15:17:16.286,17078,17079,17078,1,-1
2021-11-01 15:17:16.968,17077,17078,17078,1,1
2021-11-01 15:17:17.108,17077,17078,17077,1,-1
2021-11-01 15:17:18.319,17077,17078,17077,1,-1
2021-11-01 15:17:18.651,17077,17078,17077,1,-1
2021-11-01 15:17:18.672,17077,17078,17077,1,-1
2021-11-01 15:17:19.442,17077,17078,17077,1,-1
2021-11-01 15:17:19.472,17077,17078,17078,1,1
2021-11-01 15:17:20.780,17077,17078,17077,1,-1
2021-11-01 15:17:21.739,17077,17078,17077,1,-1
2021-11-01 15:17:22.598,17077,17078,17077,1,-1
2021-11-01 15:17:22.940,17077,17078,17077,1,-1
2021-11-01 15:17:23.235,17077,17078,17077,1,-1
2021-11-01 15:17:23.532,17077,17078,17077,1,-1
2021-11-01 15:17:23.748,17077,17078,17077,1,-1
2021-11-01 15:17:24.427,17077,17078,17077,1,-1
2021-11-01 15:17:24.643,17077,17078,17078,1,1
2021-11-01 15:17:24.675,17077,17078,17077,1,-1
2021-11-01 15:17:27.143,17077,17078,17077,1,-1
2021-11-01 15:17:27.378,17077,17078,17077,1,-1
2021-11-01 15:17:27.610,17077,17078,17077,1,-1
2021-11-01 15:17:28.085,17077,17078,17077,1,-1
2021-11-01 15:17:28.525,17077,17078,17077,1,-1
2021-11-01 15:17:31.381,17077,17078,17077,1,-1
2021-11-01 15:17:31.735,17077,17078,17077,1,-1
2021-11-01 15:17:32.069,17077,17078,17077,1,-1
2021-11-01 15:17:32.250,17077,17078,17077,1,-1
2021-11-01 15:17:32.443,17077,17078,17077,1,-1
2021-11-01 15:17:32.812,17077,17078,17077,1,-1
2021-11-01 15:17:32.812,17077,17078,17077,1,-1
2021-11-01 15:17:39.237,17076,17077,17076,7,-7
2021-11-01 15:17:39.239,17076,17077,17075,7,-7
2021-11-01 15:17:39.240,17076,17077,17075,1,-1
2021-11-01 15:17:39.240,17076,17077,17075,9,-9
2021-11-01 15:17:42.157,17074,17075,17075,1,1
2021-11-01 15:17:42.311,17074,17075,17075,1,1
2021-11-01 15:17:42.796,17074,17076,17074,1,-1
2021-11-01 15:17:45.384,17074,17075,17074,1,-1
2021-11-01 15:17:48.743,17074,17075,17074,1,-1
2021-11-01 15:17:51.918,17074,17075,17074,1,-1
2021-11-01 15:17:52.166,17074,17075,17074,3,-3
2021-11-01 15:17:53.133,17073,17074,17073,1,-1
2021-11-01 15:17:53.135,17073,17074,17073,6,-6
2021-11-01 15:17:53.358,17072,17074,17072,5,-5
2021-11-01 15:17:53.427,17071,17073,17071,5,-5
2021-11-01 15:17:53.596,17071,17073,17071,2,-2
2021-11-01 15:17:53.660,17071,17073,17071,1,-1
2021-11-01 15:17:53.898,17071,17073,17073,1,1
2021-11-01 15:17:55.076,17071,17072,17071,1,-1
2021-11-01 15:17:56.865,17070,17072,17072,1,1
2021-11-01 15:17:58.640,17070,17071,17071,1,1
2021-11-01 15:17:59.831,17071,17072,17071,1,-1
2021-11-01 15:18:00.138,17071,17072,17071,1,-1
2021-11-01 15:18:00.190,17071,17072,17071,1,-1
2021-11-01 15:18:00.241,17071,17072,17071,1,-1
2021-11-01 15:18:00.242,17071,17072,17071,1,-1
2021-11-01 15:18:00.242,17071,17072,17071,1,-1
2021-11-01 15:18:00.242,17071,17072,17071,1,-1
2021-11-01 15:18:00.243,17071,17072,17071,1,-1
2021-11-01 15:18:00.294,17071,17072,17071,1,-1
2021-11-01 15:18:00.402,17070,17072,17070,1,-1
2021-11-01 15:18:00.403,17070,17072,17070,1,-1
2021-11-01 15:18:00.536,17070,17071,17070,1,-1
2021-11-01 15:18:00.667,17070,17071,17070,1,-1
2021-11-01 15:18:00.899,17070,17071,17070,1,-1
2021-11-01 15:18:01.212,17070,17071,17070,1,-1
2021-11-01 15:18:01.240,17070,17071,17070,1,-1
2021-11-01 15:18:01.240,17070,17071,17070,1,-1
2021-11-01 15:18:01.240,17070,17071,17070,1,-1
2021-11-01 15:18:01.240,17070,17071,17070,1,-1
2021-11-01 15:18:01.240,17070,17071,17070,1,-1
2021-11-01 15:18:01.240,17070,17071,17070,1,-1
2021-11-01 15:18:01.240,17070,17071,17070,1,-1
2021-11-01 15:18:01.240,17070,17071,17070,1,-1
2021-11-01 15:18:01.240,17070,17071,17070,1,-1
2021-11-01 15:18:01.241,17070,17071,17070,1,-1
2021-11-01 15:18:01.241,17070,17071,17070,1,-1
2021-11-01 15:18:01.257,17070,17071,17070,4,-4
2021-11-01 15:18:01.498,17070,17071,17070,1,-1
2021-11-01 15:18:01.584,17070,17071,17070,1,-1
2021-11-01 15:18:01.739,17070,17071,17070,1,-1
2021-11-01 15:18:01.930,17070,17071,17070,1,-1
2021-11-01 15:18:01.930,17070,17071,17070,5,-5
2021-11-01 15:18:02.678,17069,17070,17070,1,1
2021-11-01 15:18:02.891,17069,17070,17070,1,1
2021-11-01 15:18:02.891,17069,17070,17070,1,1
2021-11-01 15:18:04.042,17069,17071,17069,1,-1
2021-11-01 15:18:06.899,17069,17070,17070,2,2
2021-11-01 15:18:07.288,17069,17070,17069,2,-2
2021-11-01 15:18:07.365,17069,17070,17069,1,-1
2021-11-01 15:18:08.159,17069,17070,17069,1,-1
2021-11-01 15:18:10.928,17069,17070,17070,2,2
2021-11-01 15:18:10.976,17069,17070,17071,1,1
2021-11-01 15:18:10.976,17069,17070,17071,3,3
2021-11-01 15:18:11.240,17071,17073,17071,1,-1
2021-11-01 15:18:12.323,17071,17073,17071,1,-1
2021-11-01 15:18:13.074,17071,17072,17072,1,1
2021-11-01 15:18:13.267,17071,17073,17071,1,-1
2021-11-01 15:18:13.544,17071,17073,17071,1,-1
2021-11-01 15:18:14.582,17071,17072,17072,1,1
2021-11-01 15:18:15.883,17070,17071,17071,1,1
2021-11-01 15:18:15.883,17070,17071,17072,1,1
2021-11-01 15:18:16.028,17071,17073,17071,1,-1
2021-11-01 15:18:17.038,17071,17073,17071,1,-1
2021-11-01 15:18:17.114,17070,17072,17070,1,-1
2021-11-01 15:18:17.115,17070,17072,17070,1,-1
2021-11-01 15:18:17.115,17070,17072,17070,1,-1
2021-11-01 15:18:17.115,17070,17072,17070,1,-1
2021-11-01 15:18:17.117,17070,17072,17070,1,-1
2021-11-01 15:18:17.395,17071,17072,17071,1,-1
2021-11-01 15:18:19.044,17071,17072,17071,1,-1
2021-11-01 15:18:19.374,17071,17072,17071,1,-1
2021-11-01 15:18:22.752,17070,17072,17072,1,1
2021-11-01 15:18:38.325,17070,17071,17070,1,-1
2021-11-01 15:18:38.747,17070,17071,17070,1,-1
2021-11-01 15:18:39.165,17070,17071,17070,1,-1
2021-11-01 15:18:39.240,17069,17071,17069,1,-1
2021-11-01 15:18:39.240,17069,17071,17069,1,-1
2021-11-01 15:18:40.278,17069,17070,17070,1,1
2021-11-01 15:18:40.848,17069,17070,17069,1,-1
2021-11-01 15:18:44.031,17068,17069,17069,1,1
2021-11-01 15:18:45.411,17068,17069,17068,2,-2
2021-11-01 15:18:45.939,17068,17069,17068,2,-2
2021-11-01 15:18:49.119,17068,17069,17068,1,-1
2021-11-01 15:18:49.575,17068,17069,17068,1,-1
2021-11-01 15:18:49.852,17068,17069,17068,1,-1
2021-11-01 15:18:50.148,17068,17069,17068,1,-1
2021-11-01 15:18:50.517,17068,17069,17068,1,-1
2021-11-01 15:18:51.265,17068,17069,17069,1,1
2021-11-01 15:18:51.265,17068,17069,17069,1,1
2021-11-01 15:18:51.265,17068,17069,17069,2,2
2021-11-01 15:18:51.265,17068,17069,17069,1,1
2021-11-01 15:18:52.059,17069,17070,17069,1,-1
2021-11-01 15:18:52.106,17069,17070,17069,1,-1
2021-11-01 15:18:55.530,17069,17070,17070,1,1
2021-11-01 15:18:56.299,17069,17071,17071,1,1
2021-11-01 15:18:58.069,17069,17071,17070,1,1
2021-11-01 15:19:04.832,17069,17071,17071,2,2
2021-11-01 15:19:11.085,17069,17071,17071,6,6
2021-11-01 15:19:19.294,17071,17072,17071,1,-1
2021-11-01 15:19:20.506,17071,17072,17071,1,-1
2021-11-01 15:19:26.689,17070,17071,17071,1,1
2021-11-01 15:19:27.589,17071,17072,17071,1,-1
2021-11-01 15:19:28.446,17071,17072,17071,1,-1
2021-11-01 15:19:39.882,17071,17072,17071,1,-1
2021-11-01 15:19:39.882,17071,17072,17072,1,1
2021-11-01 15:19:40.752,17071,17073,17073,3,3
2021-11-01 15:19:40.753,17071,17073,17073,3,3
2021-11-01 15:19:43.262,17072,17074,17074,1,1
2021-11-01 15:19:43.262,17072,17074,17075,2,2
2021-11-01 15:19:58.598,17074,17075,17074,1,-1
2021-11-01 15:20:00.643,17073,17075,17075,2,2
2021-11-01 15:20:10.623,17073,17074,17074,1,1
2021-11-01 15:20:10.746,17073,17074,17074,1,1
2021-11-01 15:20:11.406,17074,17075,17075,1,1
2021-11-01 15:20:13.123,17074,17075,17075,1,1
2021-11-01 15:20:24.382,17074,17075,17075,1,1
2021-11-01 15:20:26.548,17074,17075,17074,1,-1
2021-11-01 15:20:26.548,17074,17075,17074,1,-1
2021-11-01 15:20:26.548,17074,17075,17074,1,-1
2021-11-01 15:20:30.198,17073,17075,17075,2,2
2021-11-01 15:20:33.834,17073,17075,17073,2,-2
2021-11-01 15:20:41.062,17073,17074,17073,1,-1
2021-11-01 15:20:42.396,17073,17074,17073,1,-1
2021-11-01 15:20:48.185,17073,17074,17073,1,-1
2021-11-01 15:20:48.186,17073,17074,17073,1,-1
2021-11-01 15:20:48.623,17072,17074,17074,1,1
2021-11-01 15:20:51.461,17072,17074,17074,1,1
2021-11-01 15:21:15.212,17074,17075,17075,18,18
2021-11-01 15:21:15.213,17074,17075,17075,1,1
2021-11-01 15:21:15.241,17075,17076,17076,1,1
2021-11-01 15:21:15.242,17075,17076,17077,1,1
2021-11-01 15:21:15.256,17075,17076,17078,1,1
2021-11-01 15:21:16.320,17076,17078,17078,1,1
2021-11-01 15:21:21.894,17077,17078,17077,1,-1
2021-11-01 15:21:21.990,17077,17078,17078,1,1
2021-11-01 15:21:21.990,17077,17078,17078,1,1
2021-11-01 15:21:29.812,17077,17078,17078,1,1
2021-11-01 15:21:32.154,17077,17078,17077,1,-1
2021-11-01 15:21:34.562,17077,17078,17078,1,1
2021-11-01 15:21:36.248,17077,17078,17077,1,-1
2021-11-01 15:21:37.378,17077,17078,17078,1,1
2021-11-01 15:21:37.490,17077,17078,17078,1,1
2021-11-01 15:21:37.490,17077,17078,17078,1,1
2021-11-01 15:21:37.491,17077,17078,17078,1,1
2021-11-01 15:21:42.974,17078,17079,17078,1,-1
2021-11-01 15:21:48.416,17078,17079,17078,1,-1
2021-11-01 15:21:48.860,17078,17079,17079,2,2
2021-11-01 15:21:49.122,17078,17079,17079,2,2
2021-11-01 15:21:54.641,17078,17079,17079,1,1
2021-11-01 15:21:56.467,17078,17079,17078,1,-1
2021-11-01 15:22:00.472,17078,17079,17078,1,-1
2021-11-01 15:22:00.473,17078,17079,17078,13,-13
2021-11-01 15:22:12.865,17077,17078,17078,2,2
2021-11-01 15:22:13.444,17077,17078,17078,2,2
2021-11-01 15:22:14.163,17077,17078,17078,2,2
2021-11-01 15:22:15.666,17077,17078,17078,5,5
2021-11-01 15:22:16.111,17078,17079,17079,7,7
2021-11-01 15:22:21.233,17078,17079,17079,1,1
2021-11-01 15:22:31.684,17078,17079,17079,1,1
2021-11-01 15:22:32.443,17078,17080,17078,1,-1
2021-11-01 15:22:41.264,17078,17079,17078,1,-1
2021-11-01 15:22:41.265,17078,17079,17078,3,-3
2021-11-01 15:22:42.213,17077,17078,17078,1,1
2021-11-01 15:22:44.222,17077,17078,17078,4,4
2021-11-01 15:22:44.489,17078,17079,17078,6,-6
2021-11-01 15:23:03.646,17077,17078,17077,10,-10
2021-11-01 15:23:08.087,17075,17077,17077,5,5
2021-11-01 15:23:15.134,17076,17077,17077,1,1
2021-11-01 15:23:15.933,17077,17078,17077,1,-1
2021-11-01 15:23:27.457,17076,17078,17076,2,-2
2021-11-01 15:23:31.928,17075,17077,17077,4,4
2021-11-01 15:23:34.360,17076,17078,17078,1,1
2021-11-01 15:23:34.635,17077,17078,17077,2,-2
2021-11-01 15:23:34.835,17076,17077,17077,1,1
2021-11-01 15:23:35.257,17076,17077,17077,1,1
2021-11-01 15:23:40.812,17076,17077,17077,2,2
2021-11-01 15:24:11.216,17076,17077,17077,2,2
2021-11-01 15:24:11.776,17076,17077,17077,2,2
2021-11-01 15:24:11.777,17076,17077,17077,1,1
2021-11-01 15:24:17.048,17076,17078,17078,1,1
2021-11-01 15:24:18.227,17076,17078,17078,10,10
2021-11-01 15:24:18.227,17076,17078,17078,3,3
2021-11-01 15:25:04.256,17078,17080,17078,5,-5
2021-11-01 15:25:15.164,17078,17079,17078,1,-1
2021-11-01 15:25:20.850,17078,17079,17078,1,-1
2021-11-01 15:25:28.197,17077,17079,17079,1,1
2021-11-01 15:25:30.641,17078,17079,17078,1,-1
2021-11-01 15:25:30.740,17077,17079,17077,1,-1
2021-11-01 15:25:30.740,17077,17079,17077,1,-1
2021-11-01 15:25:30.740,17077,17079,17077,1,-1
2021-11-01 15:25:46.944,17077,17079,17077,1,-1
2021-11-01 15:26:19.816,17076,17077,17076,1,-1
2021-11-01 15:26:21.042,17076,17077,17076,3,-3
2021-11-01 15:26:40.581,17075,17076,17075,1,-1
2021-11-01 15:26:51.290,17074,17076,17074,1,-1
2021-11-01 15:27:12.197,17074,17076,17075,2,2
2021-11-01 15:27:17.354,17075,17076,17076,1,1
2021-11-01 15:27:17.354,17075,17076,17076,3,3
2021-11-01 15:27:17.354,17075,17076,17076,3,3
2021-11-01 15:27:47.060,17076,17077,17076,1,-1
2021-11-01 15:27:47.060,17076,17077,17075,1,-1
2021-11-01 15:28:02.060,17076,17077,17077,4,4
2021-11-01 15:28:02.060,17076,17077,17078,1,1
2021-11-01 15:28:02.611,17076,17078,17078,1,1
2021-11-01 15:28:02.747,17076,17078,17078,1,1
2021-11-01 15:28:02.759,17076,17078,17078,1,1
2021-11-01 15:28:10.888,17077,17079,17079,5,5
2021-11-01 15:28:18.738,17078,17079,17079,4,4
2021-11-01 15:28:18.738,17078,17079,17080,1,1
2021-11-01 15:28:25.551,17079,17080,17080,3,3
2021-11-01 15:28:26.033,17080,17081,17080,1,-1
2021-11-01 15:28:27.943,17080,17081,17080,1,-1
2021-11-01 15:28:29.702,17079,17080,17080,1,1
2021-11-01 15:28:40.990,17078,17080,17080,5,5
2021-11-01 15:28:45.257,17079,17080,17080,2,2
2021-11-01 15:28:45.257,17079,17080,17081,3,3
2021-11-01 15:28:49.301,17079,17081,17081,5,5
2021-11-01 15:28:53.355,17079,17081,17079,3,-3
2021-11-01 15:28:54.928,17078,17080,17080,2,2
2021-11-01 15:28:59.411,17079,17080,17080,1,1
2021-11-01 15:29:13.424,17080,17081,17080,1,-1
2021-11-01 15:29:15.493,17080,17081,17080,1,-1
2021-11-01 15:29:19.295,17080,17081,17080,1,-1
2021-11-01 15:29:20.303,17080,17081,17080,1,-1
2021-11-01 15:29:25.267,17080,17081,17080,1,-1
2021-11-01 15:29:41.192,17080,17081,17080,1,-1
2021-11-01 15:29:46.713,17080,17081,17080,1,-1
2021-11-01 15:29:46.714,17080,17081,17080,3,-3
2021-11-01 15:29:49.661,17078,17080,17078,1,-1
2021-11-01 15:30:01.590,17078,17079,17078,1,-1
2021-11-01 15:30:01.764,17077,17079,17077,1,-1
2021-11-01 15:30:02.087,17077,17079,17077,1,-1
2021-11-01 15:30:09.748,17077,17078,17078,1,1
2021-11-01 15:30:26.008,17078,17079,17079,2,2
2021-11-01 15:31:01.774,17078,17079,17079,1,1
2021-11-01 15:31:01.774,17078,17079,17080,1,1
2021-11-01 15:31:07.933,17079,17081,17080,1,1
2021-11-01 15:31:16.675,17078,17080,17078,1,-1
2021-11-01 15:31:29.385,17078,17079,17078,5,-5
2021-11-01 15:31:39.975,17077,17078,17078,1,1
2021-11-01 15:31:57.845,17077,17078,17078,1,1
2021-11-01 15:32:20.507,17077,17078,17077,1,-1
2021-11-01 15:32:36.893,17077,17079,17077,1,-1
2021-11-01 15:32:37.321,17077,17079,17077,2,-2
2021-11-01 15:33:10.493,17077,17078,17078,1,1
2021-11-01 15:33:10.493,17077,17078,17078,1,1
2021-11-01 15:33:15.621,17078,17079,17078,1,-1
2021-11-01 15:33:19.960,17078,17079,17079,3,3
2021-11-01 15:33:52.975,17078,17080,17080,1,1
2021-11-01 15:33:52.975,17078,17080,17080,6,6
2021-11-01 15:34:06.752,17080,17081,17080,1,-1
2021-11-01 15:34:36.649,17079,17080,17080,1,1
2021-11-01 15:34:37.240,17080,17081,17080,1,-1
2021-11-01 15:34:44.184,17080,17081,17081,1,1
2021-11-01 15:34:44.184,17080,17081,17081,2,2
2021-11-01 15:34:44.184,17080,17081,17081,1,1
2021-11-01 15:35:40.502,17081,17082,17081,1,-1
2021-11-01 15:36:07.332,17081,17082,17081,1,-1
2021-11-01 15:36:07.796,17081,17082,17082,7,7
2021-11-01 15:36:07.890,17081,17082,17082,1,1
2021-11-01 15:36:14.477,17081,17082,17082,1,1
2021-11-01 15:36:27.372,17082,17083,17083,1,1
2021-11-01 15:36:41.715,17082,17083,17083,1,1
2021-11-01 15:36:50.003,17082,17083,17083,1,1
2021-11-01 15:36:53.645,17082,17083,17083,1,1
2021-11-01 15:36:53.945,17082,17083,17083,6,6
2021-11-01 15:36:54.830,17083,17084,17083,1,-1
2021-11-01 15:36:54.831,17083,17084,17083,3,-3
2021-11-01 15:36:57.926,17082,17084,17083,1,1
2021-11-01 15:37:00.871,17083,17084,17083,1,-1
2021-11-01 15:37:11.244,17083,17084,17083,1,-1
2021-11-01 15:37:21.714,17083,17084,17083,1,-1
2021-11-01 15:37:27.747,17083,17084,17083,1,-1
2021-11-01 15:37:35.451,17082,17084,17082,1,-1
2021-11-01 15:37:40.445,17082,17083,17082,14,-14
2021-11-01 15:37:40.445,17082,17083,17082,3,-3
2021-11-01 15:37:48.552,17081,17082,17082,1,1
2021-11-01 15:38:16.094,17081,17082,17082,2,2
2021-11-01 15:38:34.714,17081,17082,17082,1,1
2021-11-01 15:38:37.042,17081,17082,17082,1,1
2021-11-01 15:38:41.526,17082,17083,17082,1,-1
2021-11-01 15:38:53.329,17082,17083,17082,1,-1
2021-11-01 15:39:11.099,17082,17083,17082,1,-1
2021-11-01 15:39:12.068,17082,17083,17082,1,-1
2021-11-01 15:39:22.330,17082,17083,17083,1,1
2021-11-01 15:39:37.040,17082,17083,17082,2,-2
2021-11-01 15:39:55.822,17082,17083,17082,2,-2
2021-11-01 15:40:10.267,17082,17083,17083,4,4
2021-11-01 15:40:10.268,17082,17083,17083,1,1
2021-11-01 15:40:10.730,17082,17084,17082,1,-1
2021-11-01 15:40:10.757,17082,17084,17084,1,1
2021-11-01 15:40:11.781,17082,17084,17082,1,-1
2021-11-01 15:40:17.237,17082,17083,17082,1,-1
2021-11-01 15:40:57.286,17082,17083,17082,7,-7
2021-11-01 15:40:57.887,17081,17082,17082,1,1
2021-11-01 15:41:15.949,17081,17082,17082,1,1
2021-11-01 15:41:27.244,17081,17082,17081,1,-1
2021-11-01 15:41:32.254,17081,17082,17081,12,-12
2021-11-01 15:41:32.625,17080,17081,17080,2,-2
2021-11-01 15:41:32.759,17079,17081,17079,1,-1
2021-11-01 15:41:42.438,17078,17080,17078,1,-1
2021-11-01 15:41:51.206,17079,17080,17079,1,-1
2021-11-01 15:41:56.232,17078,17079,17078,1,-1
2021-11-01 15:42:01.419,17078,17079,17078,1,-1
2021-11-01 15:42:06.375,17078,17079,17078,1,-1
2021-11-01 15:42:06.385,17078,17079,17078,3,-3
2021-11-01 15:42:31.674,17077,17078,17077,1,-1
2021-11-01 15:42:55.220,17077,17078,17077,5,-5
2021-11-01 15:43:40.365,17077,17078,17077,1,-1
2021-11-01 15:43:49.562,17077,17078,17077,4,-4
2021-11-01 15:44:01.048,17077,17078,17077,2,-2
2021-11-01 15:44:11.616,17076,17078,17078,1,1
2021-11-01 15:44:22.713,17077,17078,17078,8,8
2021-11-01 15:44:22.713,17077,17078,17078,1,1
2021-11-01 15:44:40.246,17078,17079,17078,2,-2
2021-11-01 15:44:42.674,17077,17078,17078,1,1
2021-11-01 15:44:44.319,17077,17078,17078,1,1
2021-11-01 15:45:00.811,17077,17078,17078,3,3
2021-11-01 15:45:15.033,17078,17079,17078,1,-1
2021-11-01 15:45:42.457,17078,17079,17079,1,1
2021-11-01 15:45:42.490,17078,17079,17078,1,-1
2021-11-01 15:45:42.491,17078,17079,17077,1,-1
2021-11-01 15:45:52.771,17077,17079,17077,1,-1
2021-11-01 15:45:52.864,17077,17079,17077,1,-1
2021-11-01 15:45:52.865,17077,17079,17077,1,-1
2021-11-01 15:45:52.865,17077,17079,17077,1,-1
2021-11-01 15:45:52.865,17077,17079,17077,1,-1
2021-11-01 15:45:52.865,17077,17079,17077,1,-1
2021-11-01 15:45:52.866,17077,17079,17077,1,-1
2021-11-01 15:45:52.866,17077,17079,17077,1,-1
2021-11-01 15:45:52.866,17077,17079,17076,1,-1
2021-11-01 15:45:55.559,17077,17079,17079,1,1
2021-11-01 15:45:55.615,17077,17079,17077,1,-1
2021-11-01 15:46:31.592,17077,17078,17077,1,-1
2021-11-01 15:46:31.711,17076,17077,17076,1,-1
2021-11-01 15:47:01.525,17076,17077,17076,1,-1
2021-11-01 15:47:02.410,17076,17077,17076,1,-1
2021-11-01 15:47:16.226,17076,17077,17076,1,-1
2021-11-01 15:47:26.452,17076,17077,17076,1,-1
2021-11-01 15:47:26.903,17076,17077,17076,1,-1
2021-11-01 15:47:27.629,17076,17077,17076,1,-1
2021-11-01 15:47:27.740,17076,17077,17076,1,-1
2021-11-01 15:47:27.740,17076,17077,17076,1,-1
2021-11-01 15:47:27.741,17076,17077,17076,1,-1
2021-11-01 15:47:27.741,17076,17077,17076,1,-1
2021-11-01 15:47:39.694,17076,17077,17077,1,1
2021-11-01 15:48:44.010,17077,17078,17078,1,1
2021-11-01 15:48:48.425,17077,17078,17078,1,1
2021-11-01 15:49:06.511,17077,17078,17078,2,2
2021-11-01 15:49:16.085,17078,17079,17079,1,1
2021-11-01 15:49:16.189,17078,17079,17078,3,-3
2021-11-01 15:49:17.461,17078,17079,17078,1,-1
2021-11-01 15:49:17.461,17078,17079,17078,2,-2
2021-11-01 15:49:17.461,17078,17079,17078,1,-1
2021-11-01 15:49:17.461,17078,17079,17078,1,-1
2021-11-01 15:49:29.495,17078,17079,17078,2,-2
2021-11-01 15:49:29.495,17078,17079,17077,1,-1
2021-11-01 15:50:05.439,17077,17079,17077,6,-6
2021-11-01 15:50:10.228,17077,17079,17077,2,-2
2021-11-01 15:50:23.834,17077,17079,17079,1,1
2021-11-01 15:50:38.293,17077,17079,17079,1,1
2021-11-01 15:51:09.743,17077,17079,17079,3,3
2021-11-01 15:51:15.903,17077,17078,17078,1,1
2021-11-01 15:51:23.408,17077,17078,17078,2,2
2021-11-01 15:51:23.753,17077,17078,17078,2,2
2021-11-01 15:51:24.940,17078,17079,17079,2,2
2021-11-01 15:51:25.562,17078,17079,17079,2,2
2021-11-01 15:51:38.709,17079,17080,17080,2,2
2021-11-01 15:51:39.098,17079,17080,17080,2,2
2021-11-01 15:51:44.300,17079,17080,17079,2,-2
2021-11-01 15:52:20.782,17078,17079,17079,1,1
2021-11-01 15:52:27.792,17079,17080,17080,1,1
2021-11-01 15:52:32.343,17079,17080,17079,1,-1
2021-11-01 15:52:43.466,17079,17080,17079,2,-2
2021-11-01 15:52:43.466,17079,17080,17078,1,-1
2021-11-01 15:53:11.119,17079,17080,17080,7,7
2021-11-01 15:53:11.119,17079,17080,17080,6,6
2021-11-01 15:53:11.119,17079,17080,17080,3,3
2021-11-01 15:53:11.120,17079,17080,17080,1,1
2021-11-01 15:53:11.125,17079,17080,17081,2,2
2021-11-01 15:53:42.255,17081,17082,17081,1,-1
2021-11-01 15:53:45.489,17081,17082,17081,2,-2
2021-11-01 15:54:07.954,17081,17082,17081,1,-1
2021-11-01 15:54:08.314,17080,17082,17082,7,7
2021-11-01 15:54:21.931,17080,17081,17081,1,1
2021-11-01 15:54:21.931,17080,17081,17082,1,1
2021-11-01 15:54:28.294,17081,17082,17081,5,-5
2021-11-01 15:54:34.248,17080,17081,17081,1,1
2021-11-01 15:54:36.388,17080,17081,17080,1,-1
2021-11-01 15:55:10.377,17079,17081,17081,1,1
2021-11-01 15:55:36.045,17080,17081,17080,1,-1
2021-11-01 15:55:37.925,17079,17080,17079,1,-1
2021-11-01 15:55:40.525,17078,17079,17078,1,-1
2021-11-01 15:55:59.267,17078,17079,17078,1,-1
2021-11-01 15:55:59.267,17078,17079,17078,6,-6
2021-11-01 15:56:00.062,17077,17078,17078,1,1
2021-11-01 15:56:54.254,17077,17078,17077,4,-4
2021-11-01 15:57:49.163,17076,17077,17077,1,1
2021-11-01 15:57:55.451,17076,17077,17077,1,1
2021-11-01 15:58:18.786,17076,17078,17077,1,1
2021-11-01 15:59:36.744,17076,17077,17076,1,-1
2021-11-01 15:59:36.745,17076,17077,17076,1,-1
2021-11-01 15:59:36.745,17076,17077,17076,1,-1
2021-11-01 15:59:36.745,17076,17077,17076,6,-6
2021-11-01 15:59:40.527,17075,17076,17075,1,-1
2021-11-01 15:59:40.612,17075,17076,17075,7,-7
2021-11-01 15:59:59.544,17075,17076,17076,1,1
2021-11-01 16:00:03.495,17077,17078,17077,1,-1
2021-11-01 16:00:04.404,17077,17078,17077,1,-1
2021-11-01 16:00:07.399,17077,17078,17078,1,1
2021-11-01 16:00:07.399,17077,17078,17078,1,1
2021-11-01 16:00:07.399,17077,17078,17078,3,3
2021-11-01 16:00:10.226,17079,17080,17080,1,1
2021-11-01 16:00:10.631,17080,17081,17080,1,-1
2021-11-01 16:00:33.468,17079,17080,17080,1,1
2021-11-01 16:00:33.468,17079,17080,17080,2,2
2021-11-01 16:00:34.886,17080,17081,17080,1,-1
2021-11-01 16:00:36.751,17080,17081,17080,1,-1
2021-11-01 16:00:44.564,17080,17081,17080,2,-2
2021-11-01 16:00:50.199,17080,17081,17080,2,-2
2021-11-01 16:01:00.982,17079,17080,17079,4,-4
2021-11-01 16:01:32.133,17078,17079,17079,1,1
2021-11-01 16:01:35.255,17079,17080,17080,2,2
2021-11-01 16:01:38.175,17080,17081,17081,1,1
2021-11-01 16:01:43.746,17079,17081,17081,2,2
2021-11-01 16:02:00.518,17080,17081,17081,1,1
2021-11-01 16:02:19.471,17080,17081,17081,2,2
2021-11-01 16:02:19.865,17080,17082,17080,1,-1
2021-11-01 16:02:30.715,17080,17081,17080,2,-2
2021-11-01 16:02:37.381,17079,17080,17079,1,-1
2021-11-01 16:02:50.366,17078,17079,17078,2,-2
2021-11-01 16:02:51.296,17077,17078,17077,5,-5
2021-11-01 16:03:01.566,17076,17078,17077,1,1
2021-11-01 16:03:02.100,17077,17078,17077,2,-2
2021-11-01 16:03:02.101,17077,17078,17077,1,-1
2021-11-01 16:03:08.354,17077,17078,17078,1,1
2021-11-01 16:03:38.388,17077,17078,17078,3,3
2021-11-01 16:03:38.389,17077,17078,17078,1,1
2021-11-01 16:03:38.389,17077,17078,17078,1,1
2021-11-01 16:03:39.098,17077,17078,17078,1,1
2021-11-01 16:03:39.098,17077,17078,17078,1,1
2021-11-01 16:03:39.098,17077,17078,17078,1,1
2021-11-01 16:03:56.527,17077,17078,17077,2,-2
2021-11-01 16:04:04.969,17076,17077,17076,1,-1
2021-11-01 16:04:12.527,17076,17077,17076,10,-10
2021-11-01 16:04:14.368,17075,17076,17075,1,-1
2021-11-01 16:04:20.517,17075,17076,17076,1,1
2021-11-01 16:04:28.746,17075,17076,17076,1,1
2021-11-01 16:04:28.746,17075,17076,17076,1,1
2021-11-01 16:04:28.746,17075,17076,17076,1,1
2021-11-01 16:04:28.746,17075,17076,17076,6,6
2021-11-01 16:04:31.368,17075,17077,17077,1,1
2021-11-01 16:04:38.570,17076,17077,17076,2,-2
2021-11-01 16:04:40.788,17075,17076,17076,5,5
2021-11-01 16:04:44.890,17075,17076,17076,5,5
2021-11-01 16:05:16.632,17076,17077,17076,1,-1
2021-11-01 16:05:20.545,17076,17077,17077,1,1
2021-11-01 16:05:25.815,17076,17077,17077,1,1
2021-11-01 16:05:30.802,17076,17077,17076,9,-9
2021-11-01 16:05:31.067,17075,17076,17075,6,-6
2021-11-01 16:05:31.387,17074,17075,17075,1,1
2021-11-01 16:05:34.765,17074,17075,17075,1,1
2021-11-01 16:05:42.400,17074,17075,17074,1,-1
2021-11-01 16:05:42.401,17074,17075,17074,5,-5
2021-11-01 16:05:42.401,17074,17075,17074,1,-1
2021-11-01 16:05:44.077,17073,17075,17073,1,-1
2021-11-01 16:05:44.140,17073,17075,17073,1,-1
2021-11-01 16:05:49.110,17073,17075,17073,4,-4
2021-11-01 16:06:36.084,17074,17075,17075,1,1
2021-11-01 16:06:36.085,17074,17075,17075,5,5
2021-11-01 16:06:36.677,17075,17076,17076,1,1
2021-11-01 16:06:37.682,17075,17076,17075,1,-1
2021-11-01 16:06:57.508,17075,17076,17075,1,-1
2021-11-01 16:06:59.589,17074,17076,17074,1,-1
2021-11-01 16:07:03.156,17074,17075,17074,7,-7
2021-11-01 16:07:23.323,17074,17075,17075,1,1
2021-11-01 16:07:28.933,17074,17075,17074,8,-8
2021-11-01 16:07:35.835,17073,17074,17073,38,-38
2021-11-01 16:07:35.837,17073,17074,17072,1,-1
2021-11-01 16:07:35.837,17073,17074,17072,12,-12
2021-11-01 16:07:35.838,17073,17074,17072,4,-4
2021-11-01 16:07:35.872,17071,17072,17072,1,1
2021-11-01 16:07:35.877,17071,17072,17071,2,-2
2021-11-01 16:07:40.680,17071,17073,17073,10,10
2021-11-01 16:08:01.328,17073,17074,17074,1,1
2021-11-01 16:08:18.578,17074,17075,17075,1,1
2021-11-01 16:08:19.156,17074,17075,17075,1,1
2021-11-01 16:08:19.156,17074,17075,17075,1,1
2021-11-01 16:08:19.157,17074,17075,17075,1,1
2021-11-01 16:08:19.157,17074,17075,17075,1,1
2021-11-01 16:08:19.157,17074,17075,17075,1,1
2021-11-01 16:08:19.157,17074,17075,17075,2,2
2021-11-01 16:08:19.553,17075,17076,17076,1,1
2021-11-01 16:08:21.950,17076,17077,17076,1,-1
2021-11-01 16:08:33.259,17075,17077,17076,1,1
2021-11-01 16:08:37.002,17075,17076,17076,1,1
2021-11-01 16:08:42.172,17075,17076,17076,1,1
2021-11-01 16:09:00.516,17076,17077,17077,1,1
2021-11-01 16:09:00.968,17076,17078,17076,7,-7
2021-11-01 16:09:01.512,17075,17077,17075,1,-1
2021-11-01 16:09:06.208,17075,17077,17077,3,3
2021-11-01 16:09:34.019,17075,17076,17075,1,-1
2021-11-01 16:09:34.019,17075,17076,17075,1,-1
2021-11-01 16:09:34.060,17075,17076,17075,2,-2
2021-11-01 16:09:40.217,17074,17075,17074,1,-1
2021-11-01 16:09:40.218,17074,17075,17074,1,-1
2021-11-01 16:09:42.763,17073,17074,17074,1,1
2021-11-01 16:09:50.086,17074,17075,17074,1,-1
2021-11-01 16:09:50.537,17073,17074,17074,1,1
2021-11-01 16:10:00.342,17073,17074,17074,1,1
2021-11-01 16:10:08.257,17074,17075,17075,1,1
2021-11-01 16:10:18.738,17075,17076,17075,3,-3
2021-11-01 16:10:33.496,17074,17076,17074,1,-1
2021-11-01 16:11:05.710,17073,17074,17074,2,2
2021-11-01 16:11:08.085,17074,17075,17074,2,-2
2021-11-01 16:12:07.966,17073,17074,17074,1,1
2021-11-01 16:12:07.966,17073,17074,17074,1,1
2021-11-01 16:12:12.631,17074,17075,17075,5,5
2021-11-01 16:12:35.739,17075,17076,17075,1,-1
2021-11-01 16:13:22.118,17074,17075,17075,1,1
2021-11-01 16:13:55.192,17075,17076,17075,1,-1
2021-11-01 16:13:55.192,17075,17076,17075,1,-1
2021-11-01 16:14:02.607,17074,17075,17075,1,1
2021-11-01 16:14:09.169,17074,17075,17075,1,1
2021-11-01 16:14:09.271,17075,17076,17075,1,-1
2021-11-01 16:14:30.272,17075,17076,17076,3,3
2021-11-01 16:14:47.596,17076,17077,17077,1,1
2021-11-01 16:15:09.450,17077,17078,17078,1,1
2021-11-01 16:15:34.231,17077,17078,17078,5,5
2021-11-01 16:15:42.606,17078,17079,17079,2,2
2021-11-01 16:15:46.228,17078,17079,17079,1,1
2021-11-01 16:15:46.228,17078,17079,17079,2,2
2021-11-01 16:15:46.228,17078,17079,17079,3,3
2021-11-01 16:15:46.228,17078,17079,17079,1,1
2021-11-01 16:15:51.732,17079,17080,17080,1,1
2021-11-01 16:15:52.218,17079,17080,17080,1,1
2021-11-01 16:16:00.549,17079,17080,17080,1,1
2021-11-01 16:16:03.728,17079,17080,17080,2,2
2021-11-01 16:16:05.133,17079,17080,17080,2,2
2021-11-01 16:16:07.233,17080,17081,17080,3,-3
2021-11-01 16:16:07.757,17079,17080,17080,1,1
2021-11-01 16:16:08.713,17079,17080,17080,1,1
2021-11-01 16:16:09.059,17079,17080,17080,5,5
2021-11-01 16:16:12.450,17079,17080,17080,5,5
2021-11-01 16:16:30.354,17079,17080,17080,1,1
2021-11-01 16:16:39.533,17079,17080,17080,2,2
2021-11-01 16:16:40.485,17079,17080,17080,1,1
2021-11-01 16:16:51.548,17078,17080,17080,2,2
2021-11-01 16:17:02.462,17079,17080,17080,1,1
2021-11-01 16:17:14.906,17080,17081,17080,1,-1
2021-11-01 16:17:16.379,17080,17081,17081,1,1
2021-11-01 16:17:16.596,17080,17081,17081,1,1
2021-11-01 16:17:16.596,17080,17081,17081,1,1
2021-11-01 16:17:16.597,17080,17081,17081,4,4
2021-11-01 16:17:20.498,17081,17082,17082,1,1
2021-11-01 16:17:21.209,17081,17082,17082,1,1
2021-11-01 16:17:23.866,17081,17082,17081,1,-1
2021-11-01 16:17:27.806,17080,17081,17081,2,2
2021-11-01 16:17:28.969,17080,17081,17081,1,1
2021-11-01 16:17:33.479,17080,17081,17080,1,-1
2021-11-01 16:17:35.834,17080,17081,17081,1,1
2021-11-01 16:17:42.784,17080,17081,17081,1,1
2021-11-01 16:17:42.784,17080,17081,17081,1,1
2021-11-01 16:17:42.784,17080,17081,17081,6,6
2021-11-01 16:17:42.784,17080,17081,17081,1,1
2021-11-01 16:17:42.785,17080,17081,17081,2,2
2021-11-01 16:17:53.782,17081,17082,17081,1,-1
2021-11-01 16:17:54.088,17080,17081,17081,1,1
2021-11-01 16:17:56.462,17080,17081,17081,3,3
2021-11-01 16:18:03.500,17080,17082,17082,1,1
2021-11-01 16:18:07.009,17080,17081,17081,1,1
2021-11-01 16:18:09.793,17081,17082,17081,2,-2
2021-11-01 16:18:21.873,17080,17082,17081,1,1
2021-11-01 16:18:45.712,17080,17081,17081,1,1
2021-11-01 16:18:46.137,17080,17081,17080,1,-1
2021-11-01 16:18:46.137,17080,17081,17080,32,-32
2021-11-01 16:18:46.137,17080,17081,17080,1,-1
2021-11-01 16:18:46.138,17080,17081,17079,1,-1
2021-11-01 16:19:51.668,17079,17081,17079,1,-1
2021-11-01 16:19:55.807,17080,17081,17080,1,-1
2021-11-01 16:20:03.933,17080,17081,17080,1,-1
2021-11-01 16:20:19.350,17080,17081,17081,5,5
2021-11-01 16:20:19.350,17080,17081,17082,3,3
2021-11-01 16:20:34.693,17081,17082,17082,15,15
2021-11-01 16:20:47.126,17082,17083,17082,3,-3
2021-11-01 16:20:50.429,17081,17082,17082,2,2
2021-11-01 16:20:58.329,17081,17082,17082,1,1
2021-11-01 16:21:24.658,17081,17082,17081,1,-1
2021-11-01 16:21:25.757,17081,17082,17082,1,1
2021-11-01 16:21:25.865,17081,17082,17081,1,-1
2021-11-01 16:21:30.434,17081,17082,17081,1,-1
2021-11-01 16:21:33.581,17080,17081,17080,5,-5
2021-11-01 16:22:02.148,17080,17081,17080,10,-10
2021-11-01 16:22:05.013,17080,17081,17080,3,-3
2021-11-01 16:22:08.125,17079,17080,17080,1,1
2021-11-01 16:22:08.125,17079,17080,17080,1,1
2021-11-01 16:22:08.125,17079,17080,17080,2,2
2021-11-01 16:22:08.126,17079,17080,17080,1,1
2021-11-01 16:22:08.126,17079,17080,17080,1,1
2021-11-01 16:22:08.126,17079,17080,17080,1,1
2021-11-01 16:22:41.725,17081,17082,17081,1,-1
2021-11-01 16:22:42.125,17081,17082,17081,1,-1
2021-11-01 16:23:31.483,17081,17082,17082,4,4
2021-11-01 16:23:49.121,17082,17083,17082,1,-1
2021-11-01 16:24:15.458,17082,17083,17083,2,2
2021-11-01 16:24:15.490,17082,17083,17082,1,-1
2021-11-01 16:24:15.491,17082,17083,17082,1,-1
2021-11-01 16:24:15.542,17082,17083,17083,1,1
2021-11-01 16:24:15.635,17082,17083,17083,2,2
2021-11-01 16:24:15.638,17082,17083,17083,2,2
2021-11-01 16:24:15.641,17082,17083,17083,1,1
2021-11-01 16:24:15.663,17082,17083,17083,2,2
2021-11-01 16:24:15.739,17082,17083,17083,4,4
2021-11-01 16:24:15.824,17082,17083,17084,1,1
2021-11-01 16:24:16.200,17083,17084,17084,1,1
2021-11-01 16:24:19.923,17083,17084,17084,3,3
2021-11-01 16:24:23.346,17082,17083,17083,1,1
2021-11-01 16:24:25.752,17082,17083,17083,1,1
2021-11-01 16:24:26.812,17083,17084,17083,3,-3
2021-11-01 16:24:33.430,17083,17084,17083,1,-1
2021-11-01 16:24:42.222,17083,17084,17083,1,-1
2021-11-01 16:24:46.035,17083,17084,17084,1,1
2021-11-01 16:24:54.859,17083,17084,17084,5,5
2021-11-01 16:25:03.605,17083,17084,17084,4,4
2021-11-01 16:25:04.283,17083,17084,17084,1,1
2021-11-01 16:25:06.200,17083,17084,17084,1,1
2021-11-01 16:25:06.500,17083,17084,17084,1,1
2021-11-01 16:25:07.979,17083,17084,17083,1,-1
2021-11-01 16:25:08.585,17083,17084,17084,1,1
2021-11-01 16:25:18.330,17083,17084,17084,1,1
2021-11-01 16:25:19.572,17083,17084,17084,1,1
2021-11-01 16:25:26.591,17083,17084,17083,1,-1
2021-11-01 16:25:26.591,17083,17084,17083,1,-1
2021-11-01 16:25:26.592,17083,17084,17083,6,-6
2021-11-01 16:25:26.592,17083,17084,17083,2,-2
2021-11-01 16:25:26.592,17083,17084,17083,4,-4
2021-11-01 16:25:26.592,17083,17084,17083,8,-8
2021-11-01 16:25:26.592,17083,17084,17083,4,-4
2021-11-01 16:25:26.592,17083,17084,17083,5,-5
2021-11-01 16:25:32.897,17082,17083,17083,1,1
2021-11-01 16:25:47.530,17082,17083,17082,1,-1
2021-11-01 16:25:52.737,17082,17083,17082,1,-1
2021-11-01 16:25:52.737,17082,17083,17082,1,-1
2021-11-01 16:25:52.738,17082,17083,17082,1,-1
2021-11-01 16:25:52.738,17082,17083,17082,3,-3
2021-11-01 16:25:52.738,17082,17083,17082,1,-1
2021-11-01 16:26:00.283,17081,17082,17082,1,1
2021-11-01 16:26:04.821,17081,17082,17082,1,1
2021-11-01 16:26:24.855,17081,17082,17082,1,1
2021-11-01 16:26:26.571,17082,17083,17082,2,-2
2021-11-01 16:26:30.980,17082,17083,17082,9,-9
2021-11-01 16:26:40.689,17081,17082,17081,28,-28
2021-11-01 16:26:58.646,17080,17081,17080,3,-3
2021-11-01 16:26:59.341,17080,17081,17081,1,1
2021-11-01 16:27:00.478,17080,17081,17080,3,-3
2021-11-01 16:27:03.093,17080,17081,17080,12,-12
2021-11-01 16:27:13.503,17079,17080,17079,1,-1
2021-11-01 16:27:13.630,17078,17080,17078,1,-1
2021-11-01 16:27:17.268,17079,17080,17080,1,1
2021-11-01 16:27:28.601,17080,17081,17081,1,1
2021-11-01 16:27:43.511,17082,17083,17083,1,1
2021-11-01 16:27:52.753,17082,17083,17083,7,7
2021-11-01 16:27:52.768,17082,17083,17084,1,1
2021-11-01 16:27:52.768,17082,17083,17084,1,1
2021-11-01 16:27:52.768,17082,17083,17084,1,1
2021-11-01 16:27:54.576,17083,17084,17084,1,1
2021-11-01 16:27:55.992,17083,17084,17084,2,2
2021-11-01 16:28:01.157,17083,17084,17084,1,1
2021-11-01 16:28:02.651,17082,17084,17084,1,1
2021-11-01 16:28:10.682,17083,17084,17083,1,-1
2021-11-01 16:28:11.819,17083,17084,17083,1,-1
2021-11-01 16:28:12.049,17083,17084,17083,1,-1
2021-11-01 16:28:44.890,17082,17083,17082,1,-1
2021-11-01 16:28:46.068,17082,17083,17083,2,2
2021-11-01 16:28:48.816,17082,17083,17082,5,-5
2021-11-01 16:28:50.478,17082,17083,17082,1,-1
2021-11-01 16:28:50.478,17082,17083,17082,1,-1
2021-11-01 16:28:50.478,17082,17083,17082,2,-2
2021-11-01 16:29:06.899,17081,17082,17081,2,-2
2021-11-01 16:29:16.947,17081,17082,17082,1,1
2021-11-01 16:29:41.423,17081,17082,17082,1,1
2021-11-01 16:30:01.155,17081,17083,17083,1,1
2021-11-01 16:30:01.252,17081,17083,17083,1,1
2021-11-01 16:30:01.252,17081,17083,17083,1,1
2021-11-01 16:30:01.253,17081,17083,17083,1,1
2021-11-01 16:30:01.439,17082,17083,17083,2,2
2021-11-01 16:30:01.456,17082,17083,17083,1,1
2021-11-01 16:30:03.484,17083,17084,17083,2,-2
2021-11-01 16:30:03.490,17082,17084,17084,1,1
2021-11-01 16:30:03.490,17082,17084,17084,1,1
2021-11-01 16:30:03.490,17082,17084,17084,1,1
2021-11-01 16:30:10.500,17082,17084,17082,1,-1
2021-11-01 16:30:28.833,17083,17084,17083,1,-1
2021-11-01 16:30:28.865,17083,17084,17084,1,1
2021-11-01 16:30:28.865,17083,17084,17084,1,1
2021-11-01 16:30:28.865,17083,17084,17084,1,1
2021-11-01 16:30:28.866,17083,17084,17084,1,1
2021-11-01 16:30:28.866,17083,17084,17084,1,1
2021-11-01 16:30:28.866,17083,17084,17084,1,1
2021-11-01 16:30:28.866,17083,17084,17084,1,1
2021-11-01 16:30:28.866,17083,17084,17084,12,12
2021-11-01 16:30:38.045,17084,17085,17084,4,-4
2021-11-01 16:30:38.115,17083,17084,17084,1,1
2021-11-01 16:30:38.115,17083,17084,17084,1,1
2021-11-01 16:30:38.115,17083,17084,17084,1,1
2021-11-01 16:30:38.116,17083,17084,17084,1,1
2021-11-01 16:30:38.116,17083,17084,17084,1,1
2021-11-01 16:30:38.116,17083,17084,17084,1,1
2021-11-01 16:30:45.807,17084,17085,17084,2,-2
2021-11-01 16:30:45.865,17084,17085,17085,1,1
2021-11-01 16:30:45.865,17084,17085,17085,1,1
2021-11-01 16:30:45.865,17084,17085,17085,1,1
2021-11-01 16:30:45.865,17084,17085,17085,1,1
2021-11-01 16:30:45.866,17084,17085,17085,1,1
2021-11-01 16:30:46.007,17084,17085,17085,1,1
2021-11-01 16:30:46.011,17084,17085,17085,1,1
2021-11-01 16:30:46.020,17084,17085,17085,1,1
2021-11-01 16:30:46.022,17084,17085,17085,1,1
2021-11-01 16:30:46.031,17084,17085,17085,1,1
2021-11-01 16:30:46.079,17084,17085,17085,2,2
2021-11-01 16:30:46.080,17084,17085,17085,3,3
2021-11-01 16:30:46.080,17084,17085,17085,3,3
2021-11-01 16:30:46.107,17084,17085,17086,1,1
2021-11-01 16:30:46.112,17085,17086,17086,1,1
2021-11-01 16:30:46.114,17085,17086,17086,1,1
2021-11-01 16:30:46.118,17085,17086,17086,1,1
2021-11-01 16:30:46.123,17085,17086,17086,1,1
2021-11-01 16:30:46.132,17085,17086,17087,1,1
2021-11-01 16:30:46.152,17085,17086,17087,1,1
2021-11-01 16:30:46.159,17085,17086,17087,1,1
2021-11-01 16:30:46.173,17085,17086,17087,1,1
2021-11-01 16:30:46.186,17085,17086,17087,1,1
2021-11-01 16:30:46.189,17085,17086,17087,1,1
2021-11-01 16:30:46.199,17085,17086,17087,2,2
2021-11-01 16:30:46.223,17085,17086,17087,1,1
2021-11-01 16:30:46.236,17085,17086,17087,1,1
2021-11-01 16:30:46.284,17085,17087,17087,1,1
2021-11-01 16:30:46.293,17085,17087,17087,5,5
2021-11-01 16:30:46.315,17085,17087,17087,1,1
2021-11-01 16:30:46.326,17085,17087,17087,1,1
2021-11-01 16:30:46.420,17086,17087,17087,1,1
2021-11-01 16:30:46.430,17086,17087,17088,1,1
2021-11-01 16:30:46.436,17086,17087,17088,1,1
2021-11-01 16:30:46.473,17086,17087,17086,1,-1
2021-11-01 16:30:46.515,17086,17088,17088,1,1
2021-11-01 16:30:46.650,17086,17088,17088,1,1
2021-11-01 16:30:46.718,17086,17088,17088,1,1
2021-11-01 16:30:51.576,17085,17087,17086,2,2
2021-11-01 16:30:51.615,17085,17086,17086,1,1
2021-11-01 16:30:51.615,17085,17086,17086,1,1
2021-11-01 16:30:57.563,17085,17087,17087,1,1
2021-11-01 16:30:58.385,17085,17086,17086,3,3
2021-11-01 16:31:02.564,17085,17086,17085,1,-1
2021-11-01 16:31:13.974,17085,17086,17086,1,1
2021-11-01 16:31:16.809,17085,17086,17086,5,5
2021-11-01 16:31:16.925,17085,17087,17085,2,-2
2021-11-01 16:31:18.165,17085,17087,17086,1,1
2021-11-01 16:31:19.009,17085,17086,17085,1,-1
2021-11-01 16:31:20.060,17085,17086,17085,1,-1
2021-11-01 16:31:20.927,17085,17086,17085,1,-1
2021-11-01 16:31:21.567,17085,17086,17085,2,-2
2021-11-01 16:31:21.567,17085,17086,17085,4,-4
2021-11-01 16:31:23.390,17084,17085,17084,1,-1
2021-11-01 16:31:27.948,17084,17086,17086,1,1
2021-11-01 16:31:41.000,17084,17085,17085,2,2
2021-11-01 16:31:41.000,17084,17085,17085,1,1
2021-11-01 16:32:18.067,17085,17086,17085,1,-1
2021-11-01 16:32:22.087,17085,17086,17085,11,-11
2021-11-01 16:32:24.856,17084,17085,17084,1,-1
2021-11-01 16:32:26.341,17084,17085,17084,1,-1
2021-11-01 16:32:29.503,17084,17085,17084,1,-1
2021-11-01 16:32:41.745,17084,17085,17085,1,1
2021-11-01 16:32:45.054,17084,17085,17085,1,1
2021-11-01 16:32:45.060,17084,17085,17085,2,2
2021-11-01 16:32:45.060,17084,17085,17085,1,1
2021-11-01 16:32:45.060,17084,17085,17085,1,1
2021-11-01 16:32:45.061,17084,17085,17085,1,1
2021-11-01 16:32:45.061,17084,17085,17085,3,3
2021-11-01 16:32:45.061,17084,17085,17085,1,1
2021-11-01 16:32:45.061,17084,17085,17085,1,1
2021-11-01 16:32:47.674,17085,17086,17085,2,-2
2021-11-01 16:32:53.654,17085,17086,17085,1,-1
2021-11-01 16:33:22.638,17084,17085,17085,2,2
2021-11-01 16:33:26.149,17084,17085,17084,2,-2
2021-11-01 16:33:37.736,17084,17085,17085,1,1
2021-11-01 16:33:44.873,17084,17085,17084,1,-1
2021-11-01 16:33:45.469,17084,17085,17084,7,-7
2021-11-01 16:33:45.469,17084,17085,17084,2,-2
2021-11-01 16:33:45.469,17084,17085,17084,5,-5
2021-11-01 16:33:55.281,17083,17084,17083,6,-6
2021-11-01 16:34:30.139,17083,17084,17084,1,1
2021-11-01 16:35:03.425,17083,17084,17083,9,-9
2021-11-01 16:35:05.000,17082,17083,17083,1,1
2021-11-01 16:35:05.180,17083,17084,17083,1,-1
2021-11-01 16:35:16.455,17083,17084,17083,1,-1
2021-11-01 16:35:20.516,17083,17084,17084,1,1
2021-11-01 16:35:25.432,17083,17084,17084,1,1
2021-11-01 16:35:25.433,17083,17084,17084,3,3
2021-11-01 16:35:52.794,17083,17084,17084,1,1
2021-11-01 16:35:55.092,17083,17084,17084,8,8
2021-11-01 16:36:15.802,17084,17085,17084,1,-1
2021-11-01 16:36:16.172,17084,17085,17084,15,-15
2021-11-01 16:36:17.589,17083,17084,17084,1,1
2021-11-01 16:36:23.480,17083,17084,17084,3,3
2021-11-01 16:36:35.270,17083,17084,17083,1,-1
2021-11-01 16:36:39.448,17083,17084,17084,1,1
2021-11-01 16:36:39.448,17083,17084,17084,2,2
2021-11-01 16:37:00.853,17084,17085,17084,1,-1
2021-11-01 16:37:25.447,17084,17085,17085,13,13
2021-11-01 16:37:40.500,17085,17086,17086,1,1
2021-11-01 16:37:46.195,17085,17086,17086,1,1
2021-11-01 16:38:03.814,17085,17086,17086,1,1
2021-11-01 16:38:03.814,17085,17086,17086,1,1
2021-11-01 16:38:03.867,17085,17086,17086,1,1
2021-11-01 16:38:03.880,17085,17086,17086,1,1
2021-11-01 16:38:03.880,17085,17086,17086,3,3
2021-11-01 16:38:11.721,17085,17087,17085,1,-1
2021-11-01 16:38:35.955,17085,17086,17086,2,2
2021-11-01 16:38:56.102,17086,17087,17086,1,-1
2021-11-01 16:38:56.102,17086,17087,17086,3,-3
2021-11-01 16:38:56.102,17086,17087,17086,1,-1
2021-11-01 16:38:58.100,17085,17087,17086,1,1
2021-11-01 16:39:02.127,17085,17086,17085,1,-1
2021-11-01 16:39:02.127,17085,17086,17085,4,-4
2021-11-01 16:39:02.128,17085,17086,17085,6,-6
2021-11-01 16:39:02.128,17085,17086,17085,3,-3
2021-11-01 16:39:03.857,17085,17086,17086,1,1
2021-11-01 16:39:04.762,17085,17086,17086,1,1
2021-11-01 16:39:10.931,17085,17086,17086,1,1
2021-11-01 16:39:12.825,17085,17086,17085,1,-1
2021-11-01 16:39:14.209,17085,17086,17086,1,1
2021-11-01 16:39:21.424,17085,17086,17086,1,1
2021-11-01 16:39:29.240,17085,17086,17086,1,1
2021-11-01 16:39:29.304,17085,17086,17086,1,1
2021-11-01 16:39:36.680,17085,17086,17086,1,1
2021-11-01 16:39:47.215,17085,17086,17086,1,1
2021-11-01 16:39:52.709,17085,17086,17086,1,1
2021-11-01 16:40:03.432,17086,17087,17086,9,-9
2021-11-01 16:40:24.925,17085,17086,17085,11,-11
2021-11-01 16:40:41.660,17085,17086,17086,2,2
2021-11-01 16:41:13.915,17085,17086,17086,5,5
2021-11-01 16:41:17.568,17085,17086,17086,1,1
2021-11-01 16:41:30.696,17085,17086,17085,3,-3
2021-11-01 16:42:00.206,17084,17085,17085,1,1
2021-11-01 16:42:00.478,17084,17086,17085,1,1
2021-11-01 16:42:24.129,17085,17086,17086,1,1
2021-11-01 16:42:24.129,17085,17086,17086,3,3
2021-11-01 16:42:46.768,17085,17086,17086,5,5
2021-11-01 16:42:46.803,17085,17086,17085,1,-1
2021-11-01 16:42:49.030,17084,17086,17084,1,-1
2021-11-01 16:42:58.198,17085,17086,17085,2,-2
2021-11-01 16:43:54.036,17085,17086,17085,1,-1
2021-11-01 16:43:54.226,17085,17086,17085,1,-1
2021-11-01 16:44:09.111,17085,17086,17085,1,-1
2021-11-01 16:44:17.256,17085,17086,17085,1,-1
2021-11-01 16:44:27.188,17085,17086,17085,1,-1
2021-11-01 16:44:28.508,17085,17086,17086,2,2
2021-11-01 16:44:29.697,17085,17086,17086,1,1
2021-11-01 16:44:50.301,17085,17086,17086,1,1
2021-11-01 16:44:50.745,17085,17086,17086,1,1
2021-11-01 16:45:01.257,17085,17086,17085,4,-4
2021-11-01 16:45:01.257,17085,17086,17084,1,-1
2021-11-01 16:45:03.435,17084,17086,17084,10,-10
2021-11-01 16:45:30.969,17083,17084,17083,1,-1
2021-11-01 16:45:30.970,17083,17084,17083,1,-1
2021-11-01 16:45:30.973,17083,17084,17083,1,-1
2021-11-01 16:45:31.014,17082,17084,17082,1,-1
2021-11-01 16:45:45.348,17083,17084,17084,1,1
2021-11-01 16:45:45.348,17083,17084,17085,2,2
2021-11-01 16:45:45.620,17083,17085,17083,3,-3
2021-11-01 16:45:53.639,17083,17084,17083,1,-1
2021-11-01 16:46:05.812,17083,17084,17083,2,-2
2021-11-01 16:46:31.112,17083,17084,17083,1,-1
2021-11-01 16:47:16.705,17083,17084,17083,1,-1
2021-11-01 16:47:19.751,17082,17083,17083,1,1
2021-11-01 16:48:33.174,17082,17083,17083,1,1
2021-11-01 16:48:35.962,17082,17084,17084,2,2
2021-11-01 16:48:58.668,17082,17084,17084,1,1
2021-11-01 16:49:21.583,17082,17084,17084,1,1
2021-11-01 16:49:40.628,17082,17084,17084,1,1
2021-11-01 16:50:03.470,17083,17084,17083,2,-2
2021-11-01 16:50:04.115,17083,17084,17084,2,2
2021-11-01 16:50:10.268,17083,17085,17085,1,1
2021-11-01 16:50:36.027,17083,17084,17084,1,1
2021-11-01 16:50:41.282,17084,17085,17085,1,1
2021-11-01 16:50:55.699,17084,17086,17086,1,1
2021-11-01 16:51:11.016,17084,17086,17084,1,-1
2021-11-01 16:51:11.597,17084,17086,17084,1,-1
2021-11-01 16:51:33.017,17083,17084,17084,1,1
2021-11-01 16:51:58.799,17083,17084,17083,2,-2
2021-11-01 16:52:05.460,17083,17084,17083,1,-1
2021-11-01 16:52:18.167,17083,17084,17084,1,1
2021-11-01 16:52:18.167,17083,17084,17085,1,1
2021-11-01 16:52:27.380,17083,17084,17083,5,-5
2021-11-01 16:52:30.333,17082,17084,17084,1,1
2021-11-01 16:53:54.212,17084,17085,17085,6,6
2021-11-01 16:54:23.559,17084,17085,17085,1,1
2021-11-01 16:54:27.111,17084,17085,17085,1,1
2021-11-01 16:54:40.038,17085,17086,17085,1,-1
2021-11-01 16:54:40.038,17085,17086,17085,2,-2
2021-11-01 16:54:59.904,17085,17086,17085,1,-1
2021-11-01 16:55:03.416,17085,17086,17085,1,-1
2021-11-01 16:55:31.153,17084,17085,17085,1,1
2021-11-01 16:55:37.961,17084,17085,17085,1,1
2021-11-01 16:55:53.793,17085,17086,17085,2,-2
2021-11-01 16:55:54.524,17085,17086,17085,1,-1
2021-11-01 16:56:28.236,17084,17085,17085,1,1
2021-11-01 16:56:37.295,17085,17086,17085,1,-1
2021-11-01 16:58:06.029,17085,17086,17086,12,12
2021-11-01 16:58:06.030,17085,17086,17086,2,2
2021-11-01 16:58:06.177,17085,17087,17085,1,-1
2021-11-01 16:58:32.405,17086,17087,17087,1,1
2021-11-01 16:58:45.262,17086,17087,17087,9,9
2021-11-01 16:58:47.079,17087,17088,17088,5,5
2021-11-01 16:58:47.242,17087,17088,17088,5,5
2021-11-01 16:58:47.243,17087,17088,17088,5,5
2021-11-01 16:58:47.243,17087,17088,17088,3,3
2021-11-01 16:58:47.243,17087,17088,17088,3,3
2021-11-01 16:58:47.243,17087,17088,17088,6,6
2021-11-01 16:58:47.243,17087,17088,17088,1,1
2021-11-01 16:58:47.345,17087,17088,17089,6,6
2021-11-01 16:58:47.565,17088,17089,17089,1,1
2021-11-01 16:58:47.830,17088,17089,17088,1,-1
2021-11-01 16:58:48.472,17088,17089,17089,2,2
2021-11-01 16:58:49.808,17088,17089,17089,2,2
2021-11-01 16:58:56.428,17088,17089,17088,1,-1
2021-11-01 16:58:56.428,17088,17089,17088,1,-1
2021-11-01 16:59:01.299,17088,17089,17088,1,-1
2021-11-01 16:59:07.534,17088,17089,17088,1,-1
2021-11-01 16:59:10.925,17088,17089,17089,4,4
2021-11-01 16:59:19.179,17088,17089,17089,1,1
2021-11-01 16:59:21.230,17088,17089,17089,1,1
2021-11-01 16:59:21.230,17088,17089,17090,1,1
2021-11-01 16:59:21.291,17088,17090,17090,1,1
2021-11-01 16:59:21.303,17088,17090,17090,5,5
2021-11-01 16:59:21.305,17088,17090,17090,1,1
2021-11-01 16:59:21.341,17088,17090,17090,1,1
2021-11-01 16:59:21.390,17088,17090,17090,1,1
2021-11-01 16:59:21.566,17089,17090,17090,1,1
2021-11-01 16:59:32.756,17089,17090,17090,1,1
2021-11-01 16:59:42.528,17089,17090,17090,2,2
2021-11-01 16:59:44.364,17089,17090,17090,1,1
2021-11-01 17:00:03.397,17089,17090,17089,3,-3
2021-11-01 17:00:03.716,17088,17090,17090,2,2
2021-11-01 17:00:03.756,17088,17090,17090,2,2
2021-11-01 17:00:03.944,17088,17090,17090,1,1
2021-11-01 17:00:04.017,17088,17090,17090,1,1
2021-11-01 17:00:04.028,17088,17090,17090,1,1
2021-11-01 17:00:04.037,17088,17090,17090,2,2
2021-11-01 17:00:04.040,17088,17090,17090,1,1
2021-11-01 17:00:04.040,17088,17090,17090,2,2
2021-11-01 17:00:04.041,17088,17090,17090,4,4
2021-11-01 17:00:04.042,17088,17090,17090,2,2
2021-11-01 17:00:04.062,17088,17090,17091,2,2
2021-11-01 17:00:04.073,17088,17090,17091,1,1
2021-11-01 17:00:04.134,17090,17091,17091,1,1
2021-11-01 17:00:04.155,17090,17091,17090,1,-1
2021-11-01 17:00:04.167,17090,17091,17090,1,-1
2021-11-01 17:00:04.438,17089,17091,17091,1,1
2021-11-01 17:00:04.450,17089,17091,17091,1,1
2021-11-01 17:00:05.889,17089,17091,17091,5,5
2021-11-01 17:00:05.927,17089,17091,17091,1,1
2021-11-01 17:00:07.404,17090,17091,17091,8,8
2021-11-01 17:00:07.404,17090,17091,17092,12,12
2021-11-01 17:00:07.660,17091,17092,17092,1,1
2021-11-01 17:00:11.668,17091,17092,17092,1,1
2021-11-01 17:00:11.711,17091,17092,17092,1,1
2021-11-01 17:00:13.866,17091,17092,17092,3,3
2021-11-01 17:00:14.083,17091,17093,17093,1,1
2021-11-01 17:00:14.999,17092,17093,17092,1,-1
2021-11-01 17:00:23.461,17091,17092,17091,1,-1
2021-11-01 17:00:26.232,17091,17092,17091,2,-2
2021-11-01 17:00:30.623,17091,17092,17092,1,1
2021-11-01 17:00:44.628,17091,17092,17091,2,-2
2021-11-01 17:00:48.662,17090,17091,17090,1,-1
2021-11-01 17:00:49.649,17090,17091,17090,1,-1
2021-11-01 17:00:57.319,17089,17091,17090,1,1
2021-11-01 17:00:59.908,17089,17090,17090,1,1
2021-11-01 17:01:15.106,17089,17090,17090,1,1
2021-11-01 17:01:26.130,17089,17090,17090,1,1
2021-11-01 17:01:27.342,17089,17090,17090,4,4
2021-11-01 17:01:27.343,17089,17090,17090,1,1
2021-11-01 17:01:31.222,17089,17090,17090,1,1
2021-11-01 17:01:35.125,17089,17090,17090,2,2
2021-11-01 17:01:37.559,17089,17090,17090,1,1
2021-11-01 17:02:01.875,17089,17090,17090,4,4
2021-11-01 17:02:01.875,17089,17090,17090,2,2
2021-11-01 17:02:03.039,17089,17091,17089,1,-1
2021-11-01 17:02:05.262,17090,17091,17091,1,1
2021-11-01 17:02:06.482,17090,17091,17091,1,1
2021-11-01 17:02:14.789,17091,17092,17091,2,-2
2021-11-01 17:02:25.865,17091,17092,17091,2,-2
2021-11-01 17:02:43.708,17091,17092,17092,2,2
2021-11-01 17:02:44.075,17091,17092,17091,1,-1
2021-11-01 17:02:52.752,17091,17092,17092,2,2
2021-11-01 17:02:59.221,17091,17092,17092,1,1
2021-11-01 17:03:04.270,17092,17093,17092,3,-3
2021-11-01 17:03:10.225,17091,17092,17092,2,2
2021-11-01 17:03:28.843,17092,17093,17092,1,-1
2021-11-01 17:03:33.857,17092,17093,17092,1,-1
2021-11-01 17:04:01.177,17091,17092,17091,1,-1
2021-11-01 17:04:06.725,17091,17092,17092,2,2
2021-11-01 17:04:22.155,17091,17092,17092,1,1
2021-11-01 17:04:22.155,17091,17092,17092,1,1
2021-11-01 17:04:24.655,17092,17093,17093,2,2
2021-11-01 17:04:24.655,17092,17093,17093,6,6
2021-11-01 17:04:24.655,17092,17093,17093,3,3
2021-11-01 17:04:24.655,17092,17093,17093,1,1
2021-11-01 17:04:24.655,17092,17093,17093,5,5
2021-11-01 17:04:24.655,17092,17093,17093,1,1
2021-11-01 17:04:24.655,17092,17093,17093,1,1
2021-11-01 17:04:24.655,17092,17093,17093,1,1
2021-11-01 17:04:24.655,17092,17093,17093,1,1
2021-11-01 17:04:24.655,17092,17093,17093,1,1
2021-11-01 17:04:24.655,17092,17093,17093,6,6
2021-11-01 17:04:27.979,17092,17094,17094,1,1
2021-11-01 17:04:28.020,17092,17094,17094,1,1
2021-11-01 17:04:39.229,17093,17094,17093,6,-6
2021-11-01 17:04:42.030,17093,17094,17093,1,-1
2021-11-01 17:04:42.520,17093,17094,17093,1,-1
2021-11-01 17:04:47.802,17093,17094,17094,3,3
2021-11-01 17:04:49.458,17093,17094,17094,1,1
2021-11-01 17:04:58.650,17093,17094,17093,1,-1
2021-11-01 17:04:59.544,17093,17094,17094,3,3
2021-11-01 17:05:03.474,17093,17094,17093,9,-9
2021-11-01 17:05:03.568,17093,17094,17093,3,-3
2021-11-01 17:05:03.724,17092,17093,17093,1,1
2021-11-01 17:05:03.778,17092,17094,17094,1,1
2021-11-01 17:05:08.658,17093,17094,17094,1,1
2021-11-01 17:05:14.837,17094,17095,17095,1,1
2021-11-01 17:05:14.944,17094,17095,17095,1,1
2021-11-01 17:05:14.970,17094,17095,17095,1,1
2021-11-01 17:05:16.484,17094,17095,17095,1,1
2021-11-01 17:05:22.702,17094,17095,17095,1,1
2021-11-01 17:05:26.690,17094,17095,17095,1,1
2021-11-01 17:05:27.335,17094,17095,17095,5,5
2021-11-01 17:05:28.680,17094,17095,17095,1,1
2021-11-01 17:05:29.082,17094,17095,17095,7,7
2021-11-01 17:05:29.083,17094,17095,17095,1,1
2021-11-01 17:05:29.085,17094,17095,17095,2,2
2021-11-01 17:05:29.151,17095,17096,17095,2,-2
2021-11-01 17:05:29.640,17095,17096,17095,1,-1
2021-11-01 17:05:29.640,17095,17096,17094,3,-3
2021-11-01 17:05:30.222,17094,17096,17096,1,1
2021-11-01 17:05:30.302,17094,17096,17096,5,5
2021-11-01 17:05:30.302,17094,17096,17096,1,1
2021-11-01 17:05:30.315,17094,17096,17096,5,5
2021-11-01 17:05:30.331,17094,17096,17096,5,5
2021-11-01 17:05:30.332,17094,17096,17096,1,1
2021-11-01 17:05:30.344,17094,17096,17097,5,5
2021-11-01 17:05:30.438,17096,17097,17096,4,-4
2021-11-01 17:05:30.438,17096,17097,17095,1,-1
2021-11-01 17:05:30.439,17096,17097,17097,1,1
2021-11-01 17:05:30.483,17096,17097,17097,1,1
2021-11-01 17:05:30.649,17095,17097,17096,1,1
2021-11-01 17:05:31.026,17095,17097,17095,1,-1
2021-11-01 17:05:31.121,17095,17097,17095,3,-3
2021-11-01 17:05:31.633,17095,17097,17095,1,-1
2021-11-01 17:05:32.697,17095,17097,17097,1,1
2021-11-01 17:05:38.916,17096,17097,17097,10,10
2021-11-01 17:05:38.916,17096,17097,17097,1,1
2021-11-01 17:05:38.998,17096,17097,17096,2,-2
2021-11-01 17:05:43.062,17096,17097,17097,1,1
2021-11-01 17:05:43.516,17096,17097,17097,1,1
2021-11-01 17:05:47.740,17096,17097,17097,1,1
2021-11-01 17:05:48.256,17096,17097,17097,1,1
2021-11-01 17:05:50.354,17096,17097,17096,1,-1
2021-11-01 17:05:54.749,17096,17097,17096,11,-11
2021-11-01 17:05:54.750,17096,17097,17096,1,-1
2021-11-01 17:05:57.630,17095,17096,17095,2,-2
2021-11-01 17:06:04.707,17095,17096,17096,1,1
2021-11-01 17:06:04.744,17095,17096,17095,1,-1
2021-11-01 17:06:06.788,17095,17096,17096,1,1
2021-11-01 17:06:11.283,17095,17096,17096,1,1
2021-11-01 17:06:23.273,17095,17096,17096,1,1
2021-11-01 17:06:29.975,17095,17096,17095,1,-1
2021-11-01 17:06:30.433,17095,17096,17096,1,1
2021-11-01 17:06:35.619,17095,17096,17096,1,1
2021-11-01 17:06:35.711,17095,17096,17096,2,2
2021-11-01 17:06:42.654,17095,17096,17096,1,1
2021-11-01 17:06:52.615,17095,17096,17096,1,1
2021-11-01 17:06:52.615,17095,17096,17096,1,1
2021-11-01 17:06:52.616,17095,17096,17096,1,1
2021-11-01 17:06:56.306,17095,17096,17096,4,4
2021-11-01 17:07:04.812,17095,17096,17096,1,1
2021-11-01 17:07:05.744,17096,17097,17096,1,-1
2021-11-01 17:07:09.927,17096,17097,17096,1,-1
2021-11-01 17:07:12.969,17095,17096,17096,2,2
2021-11-01 17:07:14.971,17096,17097,17096,1,-1
2021-11-01 17:07:20.079,17096,17097,17096,1,-1
2021-11-01 17:07:20.730,17095,17097,17097,1,1
2021-11-01 17:07:21.464,17095,17097,17097,1,1
2021-11-01 17:07:24.029,17095,17097,17095,1,-1
2021-11-01 17:07:24.248,17095,17097,17096,1,1
2021-11-01 17:07:28.975,17095,17097,17095,1,-1
2021-11-01 17:07:29.296,17095,17097,17096,2,2
2021-11-01 17:07:34.945,17095,17096,17096,1,1
2021-11-01 17:07:35.890,17095,17096,17095,3,-3
2021-11-01 17:07:35.891,17095,17096,17095,13,-13
2021-11-01 17:07:36.173,17094,17095,17095,2,2
2021-11-01 17:07:37.011,17094,17096,17096,2,2
2021-11-01 17:07:37.623,17094,17096,17096,1,1
2021-11-01 17:08:02.477,17094,17095,17095,1,1
2021-11-01 17:08:12.706,17095,17096,17096,4,4
2021-11-01 17:08:18.406,17095,17096,17096,1,1
2021-11-01 17:08:38.896,17095,17096,17096,1,1
2021-11-01 17:08:39.343,17095,17096,17096,1,1
2021-11-01 17:08:40.300,17095,17096,17095,1,-1
2021-11-01 17:08:47.811,17095,17096,17095,1,-1
2021-11-01 17:08:49.313,17095,17096,17096,1,1
2021-11-01 17:08:55.246,17095,17096,17095,1,-1
2021-11-01 17:08:57.944,17095,17096,17095,1,-1
2021-11-01 17:09:01.517,17095,17096,17095,1,-1
2021-11-01 17:09:02.968,17095,17096,17095,1,-1
2021-11-01 17:09:04.364,17095,17096,17095,1,-1
2021-11-01 17:09:05.111,17095,17096,17095,3,-3
2021-11-01 17:09:05.331,17094,17095,17095,1,1
2021-11-01 17:09:09.737,17095,17096,17095,1,-1
2021-11-01 17:09:26.341,17095,17096,17096,3,3
2021-11-01 17:09:49.703,17095,17096,17096,1,1
2021-11-01 17:09:55.614,17095,17096,17096,1,1
2021-11-01 17:10:03.490,17095,17096,17095,5,-5
2021-11-01 17:10:12.469,17095,17096,17096,1,1
2021-11-01 17:10:17.761,17095,17096,17096,1,1
2021-11-01 17:10:20.024,17095,17096,17096,9,9
2021-11-01 17:10:20.025,17095,17096,17096,1,1
2021-11-01 17:10:21.335,17095,17097,17095,1,-1
2021-11-01 17:10:33.295,17094,17096,17096,1,1
2021-11-01 17:10:38.690,17094,17095,17095,2,2
2021-11-01 17:10:43.381,17094,17096,17095,2,2
2021-11-01 17:10:53.369,17095,17096,17095,1,-1
2021-11-01 17:10:55.676,17095,17096,17096,1,1
2021-11-01 17:10:55.994,17095,17096,17095,3,-3
2021-11-01 17:11:06.828,17094,17096,17096,5,5
2021-11-01 17:11:17.432,17094,17096,17096,1,1
2021-11-01 17:11:28.279,17095,17096,17095,1,-1
2021-11-01 17:11:36.839,17095,17096,17096,4,4
2021-11-01 17:11:39.657,17095,17096,17096,1,1
2021-11-01 17:11:40.080,17095,17096,17096,1,1
2021-11-01 17:11:41.838,17095,17096,17095,3,-3
2021-11-01 17:11:45.071,17094,17095,17095,1,1
2021-11-01 17:11:49.485,17094,17095,17094,2,-2
2021-11-01 17:11:49.486,17094,17095,17094,1,-1
2021-11-01 17:11:49.486,17094,17095,17094,3,-3
2021-11-01 17:11:49.486,17094,17095,17094,2,-2
2021-11-01 17:11:49.486,17094,17095,17094,2,-2
2021-11-01 17:11:55.389,17093,17094,17093,1,-1
2021-11-01 17:11:58.168,17093,17094,17094,2,2
2021-11-01 17:12:02.487,17093,17094,17093,4,-4
2021-11-01 17:12:22.160,17092,17093,17093,3,3
2021-11-01 17:12:22.267,17093,17094,17093,1,-1
2021-11-01 17:12:26.195,17093,17094,17093,1,-1
2021-11-01 17:12:27.437,17091,17093,17093,1,1
2021-11-01 17:12:32.038,17092,17094,17092,1,-1
2021-11-01 17:12:32.127,17092,17094,17092,1,-1
2021-11-01 17:12:38.028,17092,17093,17093,1,1
2021-11-01 17:13:02.389,17093,17094,17093,1,-1
2021-11-01 17:13:12.838,17093,17094,17094,1,1
2021-11-01 17:13:15.272,17093,17094,17094,3,3
2021-11-01 17:13:24.611,17093,17095,17094,1,1
2021-11-01 17:13:30.559,17093,17094,17094,1,1
2021-11-01 17:13:48.777,17094,17095,17094,1,-1
2021-11-01 17:13:53.197,17094,17095,17094,1,-1
2021-11-01 17:14:01.371,17094,17095,17094,1,-1
2021-11-01 17:14:02.722,17094,17095,17094,1,-1
2021-11-01 17:14:04.359,17094,17095,17094,1,-1
2021-11-01 17:14:10.632,17094,17095,17094,1,-1
2021-11-01 17:14:20.650,17094,17095,17094,2,-2
2021-11-01 17:14:28.237,17094,17095,17094,1,-1
2021-11-01 17:14:33.204,17093,17094,17094,1,1
2021-11-01 17:14:33.346,17094,17095,17094,1,-1
2021-11-01 17:14:46.866,17094,17095,17094,1,-1
2021-11-01 17:14:49.004,17094,17095,17094,1,-1
2021-11-01 17:15:03.437,17093,17095,17093,8,-8
2021-11-01 17:15:03.437,17093,17095,17092,2,-2
2021-11-01 17:15:22.253,17094,17095,17094,1,-1
2021-11-01 17:15:38.823,17093,17094,17093,1,-1
2021-11-01 17:15:44.342,17093,17094,17093,1,-1
2021-11-01 17:16:13.633,17093,17094,17093,1,-1
2021-11-01 17:16:18.892,17093,17094,17094,1,1
2021-11-01 17:16:29.293,17093,17094,17094,1,1
2021-11-01 17:16:31.281,17093,17094,17094,1,1
2021-11-01 17:17:10.946,17093,17094,17093,1,-1
2021-11-01 17:17:40.334,17093,17094,17094,1,1
2021-11-01 17:17:52.702,17093,17094,17093,5,-5
2021-11-01 17:17:53.802,17092,17093,17092,1,-1
2021-11-01 17:18:04.369,17093,17094,17093,1,-1
2021-11-01 17:18:10.963,17092,17093,17093,1,1
2021-11-01 17:18:33.913,17093,17094,17093,1,-1
2021-11-01 17:18:37.791,17093,17094,17093,1,-1
2021-11-01 17:18:51.737,17093,17094,17093,1,-1
2021-11-01 17:19:08.269,17092,17093,17093,1,1
2021-11-01 17:20:03.488,17092,17093,17092,7,-7
2021-11-01 17:20:11.118,17091,17093,17091,1,-1
2021-11-01 17:20:27.623,17091,17093,17091,1,-1
2021-11-01 17:20:41.187,17091,17093,17091,1,-1
2021-11-01 17:20:45.196,17091,17093,17091,1,-1
2021-11-01 17:20:50.263,17091,17092,17091,2,-2
2021-11-01 17:20:50.362,17091,17092,17091,1,-1
2021-11-01 17:21:06.741,17090,17091,17091,1,1
2021-11-01 17:21:09.435,17090,17091,17091,4,4
2021-11-01 17:21:14.137,17090,17092,17090,5,-5
2021-11-01 17:21:14.280,17090,17092,17090,1,-1
2021-11-01 17:21:14.314,17090,17092,17090,1,-1
2021-11-01 17:21:14.336,17090,17092,17090,1,-1
2021-11-01 17:21:14.369,17090,17092,17090,2,-2
2021-11-01 17:21:16.892,17091,17092,17091,1,-1
2021-11-01 17:21:33.076,17090,17091,17090,2,-2
2021-11-01 17:21:33.076,17090,17091,17089,3,-3
2021-11-01 17:21:33.346,17089,17091,17091,1,1
2021-11-01 17:21:38.445,17090,17091,17091,1,1
2021-11-01 17:21:43.353,17091,17092,17091,1,-1
2021-11-01 17:21:57.100,17090,17091,17091,2,2
2021-11-01 17:22:00.876,17090,17091,17091,1,1
2021-11-01 17:22:02.339,17090,17091,17091,1,1
2021-11-01 17:22:07.505,17090,17091,17090,1,-1
2021-11-01 17:22:29.589,17090,17091,17090,2,-2
2021-11-01 17:22:33.630,17090,17091,17090,1,-1
2021-11-01 17:22:34.079,17090,17091,17090,2,-2
2021-11-01 17:22:38.932,17090,17091,17090,1,-1
2021-11-01 17:22:49.060,17090,17091,17090,2,-2
2021-11-01 17:23:02.992,17090,17091,17090,5,-5
2021-11-01 17:23:02.993,17090,17091,17090,2,-2
2021-11-01 17:23:04.273,17090,17091,17090,1,-1
2021-11-01 17:23:07.695,17089,17090,17090,1,1
2021-11-01 17:23:07.696,17089,17090,17090,1,1
2021-11-01 17:23:23.399,17090,17091,17090,1,-1
2021-11-01 17:24:01.050,17089,17090,17089,2,-2
2021-11-01 17:24:02.056,17089,17090,17090,1,1
2021-11-01 17:24:36.670,17090,17091,17090,1,-1
2021-11-01 17:24:40.814,17089,17091,17090,1,1
2021-11-01 17:25:03.443,17090,17091,17090,1,-1
2021-11-01 17:25:24.604,17090,17091,17090,3,-3
2021-11-01 17:25:24.605,17090,17091,17090,7,-7
2021-11-01 17:26:09.720,17089,17090,17090,1,1
2021-11-01 17:26:29.688,17089,17090,17090,1,1
2021-11-01 17:26:33.737,17089,17090,17089,7,-7
2021-11-01 17:26:39.430,17089,17090,17089,1,-1
2021-11-01 17:26:44.225,17088,17089,17089,1,1
2021-11-01 17:26:48.902,17088,17089,17088,1,-1
2021-11-01 17:27:03.857,17088,17089,17088,2,-2
2021-11-01 17:27:05.250,17088,17089,17088,1,-1
2021-11-01 17:27:07.757,17088,17089,17088,2,-2
2021-11-01 17:27:10.740,17088,17089,17088,1,-1
2021-11-01 17:27:11.253,17088,17089,17089,2,2
2021-11-01 17:27:13.063,17088,17090,17089,1,1
2021-11-01 17:27:13.273,17088,17089,17089,1,1
2021-11-01 17:27:17.747,17088,17089,17089,1,1
2021-11-01 17:27:23.575,17088,17089,17088,1,-1
2021-11-01 17:27:31.771,17088,17089,17089,1,1
2021-11-01 17:27:58.350,17088,17089,17089,1,1
2021-11-01 17:28:02.843,17088,17089,17089,1,1
2021-11-01 17:28:03.700,17088,17089,17089,1,1
2021-11-01 17:28:08.045,17088,17089,17089,2,2
2021-11-01 17:28:09.158,17088,17089,17089,1,1
2021-11-01 17:28:12.523,17089,17090,17089,1,-1
2021-11-01 17:28:18.074,17089,17090,17089,2,-2
2021-11-01 17:28:37.524,17089,17090,17090,1,1
2021-11-01 17:28:43.207,17089,17090,17090,1,1
2021-11-01 17:28:50.771,17088,17090,17090,1,1
2021-11-01 17:28:52.143,17089,17090,17090,1,1
2021-11-01 17:29:01.208,17089,17090,17089,1,-1
2021-11-01 17:29:21.492,17089,17090,17090,3,3
2021-11-01 17:29:29.091,17090,17091,17091,1,1
2021-11-01 17:30:03.447,17090,17091,17090,5,-5
2021-11-01 17:30:03.903,17090,17091,17091,1,1
2021-11-01 17:30:04.821,17090,17091,17091,1,1
2021-11-01 17:30:17.262,17090,17091,17091,1,1
2021-11-01 17:30:17.610,17090,17091,17091,1,1
2021-11-01 17:30:18.333,17090,17091,17091,1,1
2021-11-01 17:30:18.877,17090,17091,17091,1,1
2021-11-01 17:30:39.889,17090,17091,17090,1,-1
2021-11-01 17:31:20.424,17090,17091,17091,1,1
2021-11-01 17:32:05.274,17090,17091,17091,1,1
2021-11-01 17:32:27.152,17090,17091,17090,1,-1
2021-11-01 17:32:27.365,17090,17091,17090,1,-1
2021-11-01 17:32:48.443,17090,17091,17090,1,-1
2021-11-01 17:34:00.517,17090,17091,17090,1,-1
2021-11-01 17:34:01.044,17090,17091,17090,1,-1
2021-11-01 17:34:42.339,17090,17091,17091,1,1
2021-11-01 17:34:44.358,17090,17091,17090,9,-9
2021-11-01 17:35:08.771,17090,17091,17090,1,-1
2021-11-01 17:35:08.771,17090,17091,17090,1,-1
2021-11-01 17:35:34.659,17089,17090,17089,2,-2
2021-11-01 17:35:50.746,17089,17090,17090,1,1
2021-11-01 17:36:09.173,17089,17090,17089,1,-1
2021-11-01 17:36:20.847,17089,17090,17090,1,1
2021-11-01 17:36:33.243,17089,17090,17090,1,1
2021-11-01 17:36:33.244,17089,17090,17090,5,5
2021-11-01 17:36:35.286,17090,17091,17090,1,-1
2021-11-01 17:37:05.230,17090,17091,17090,1,-1
2021-11-01 17:37:05.746,17090,17091,17090,3,-3
2021-11-01 17:37:20.016,17090,17091,17091,1,1
2021-11-01 17:37:50.166,17091,17092,17092,2,2
2021-11-01 17:37:50.215,17091,17092,17092,1,1
2021-11-01 17:37:50.215,17091,17092,17093,1,1
2021-11-01 17:37:50.266,17091,17093,17093,2,2
2021-11-01 17:37:50.312,17091,17093,17093,2,2
2021-11-01 17:37:50.350,17091,17093,17093,2,2
2021-11-01 17:37:50.389,17091,17093,17093,2,2
2021-11-01 17:37:50.429,17091,17093,17093,2,2
2021-11-01 17:38:11.518,17092,17093,17092,1,-1
2021-11-01 17:38:46.060,17091,17092,17092,1,1
2021-11-01 17:38:51.381,17091,17092,17092,1,1
2021-11-01 17:38:53.313,17092,17094,17092,1,-1
2021-11-01 17:38:55.506,17092,17093,17093,1,1
2021-11-01 17:39:05.797,17092,17093,17092,1,-1
2021-11-01 17:39:19.487,17092,17093,17092,2,-2
2021-11-01 17:39:20.862,17091,17092,17091,2,-2
2021-11-01 17:39:22.124,17091,17092,17091,3,-3
2021-11-01 17:39:22.487,17090,17092,17090,2,-2
2021-11-01 17:39:22.612,17090,17092,17090,1,-1
2021-11-01 17:41:35.485,17090,17091,17090,1,-1
2021-11-01 17:41:45.572,17090,17091,17090,7,-7
2021-11-01 17:41:45.572,17090,17091,17090,1,-1
2021-11-01 17:42:29.402,17089,17090,17090,1,1
2021-11-01 17:42:37.814,17089,17090,17090,1,1
2021-11-01 17:43:08.645,17090,17091,17090,1,-1
2021-11-01 17:43:11.711,17089,17091,17090,1,1
2021-11-01 17:45:01.753,17089,17090,17089,7,-7
2021-11-01 17:45:01.753,17089,17090,17089,7,-7
2021-11-01 17:45:11.427,17088,17089,17089,1,1
2021-11-01 17:45:21.868,17088,17089,17088,2,-2
2021-11-01 17:45:22.052,17088,17089,17088,2,-2
2021-11-01 17:45:27.023,17088,17089,17088,1,-1
2021-11-01 17:45:31.170,17088,17089,17088,8,-8
2021-11-01 17:45:31.394,17087,17088,17087,2,-2
2021-11-01 17:45:31.394,17087,17088,17087,3,-3
2021-11-01 17:45:31.394,17087,17088,17087,6,-6
2021-11-01 17:45:41.402,17086,17088,17086,1,-1
2021-11-01 17:45:56.275,17086,17087,17087,2,2
2021-11-01 17:46:06.438,17086,17087,17087,1,1
2021-11-01 17:46:22.217,17086,17087,17086,1,-1
2021-11-01 17:46:29.730,17086,17087,17086,1,-1
2021-11-01 17:46:29.875,17086,17087,17086,1,-1
2021-11-01 17:46:34.650,17086,17087,17087,1,1
2021-11-01 17:46:46.899,17087,17088,17087,1,-1
2021-11-01 17:46:46.900,17087,17088,17087,1,-1
2021-11-01 17:46:46.900,17087,17088,17087,1,-1
2021-11-01 17:46:46.929,17087,17088,17086,10,-10
2021-11-01 17:46:54.464,17086,17087,17086,2,-2
2021-11-01 17:47:02.715,17086,17087,17086,1,-1
2021-11-01 17:47:25.147,17085,17086,17086,1,1
2021-11-01 17:47:37.006,17086,17087,17086,1,-1
2021-11-01 17:47:39.593,17086,17087,17086,1,-1
2021-11-01 17:47:43.949,17086,17087,17086,1,-1
2021-11-01 17:48:08.765,17086,17087,17086,1,-1
2021-11-01 17:48:18.165,17086,17087,17086,2,-2
2021-11-01 17:48:19.560,17086,17087,17086,2,-2
2021-11-01 17:48:21.304,17085,17087,17086,1,1
2021-11-01 17:48:26.824,17085,17086,17086,1,1
2021-11-01 17:48:26.824,17085,17086,17086,1,1
2021-11-01 17:48:44.212,17086,17087,17086,1,-1
2021-11-01 17:48:52.900,17086,17087,17087,1,1
2021-11-01 17:49:00.592,17086,17087,17086,1,-1
2021-11-01 17:49:03.153,17086,17087,17086,1,-1
2021-11-01 17:49:36.003,17086,17087,17087,7,7
2021-11-01 17:49:36.269,17087,17088,17087,5,-5
2021-11-01 17:50:31.719,17087,17088,17088,1,1
2021-11-01 17:50:32.236,17087,17088,17088,1,1
2021-11-01 17:50:47.219,17087,17088,17087,1,-1
2021-11-01 17:51:01.430,17087,17088,17087,1,-1
2021-11-01 17:51:44.475,17086,17087,17087,1,1
2021-11-01 17:52:14.632,17086,17087,17087,1,1
2021-11-01 17:53:31.301,17087,17088,17087,3,-3
2021-11-01 17:53:32.364,17086,17087,17086,1,-1
2021-11-01 17:53:43.140,17086,17088,17086,3,-3
2021-11-01 17:54:18.108,17087,17088,17087,1,-1
2021-11-01 17:54:24.475,17086,17088,17086,1,-1
2021-11-01 17:54:47.511,17086,17087,17086,1,-1
2021-11-01 17:55:02.083,17086,17087,17086,5,-5
2021-11-01 17:55:02.083,17086,17087,17086,1,-1
2021-11-01 17:55:40.568,17086,17087,17086,1,-1
2021-11-01 17:55:57.536,17086,17087,17086,1,-1
2021-11-01 17:56:00.171,17085,17086,17086,1,1
2021-11-01 17:56:00.524,17085,17086,17085,1,-1
2021-11-01 17:56:14.603,17085,17086,17085,3,-3
2021-11-01 17:56:22.392,17085,17086,17085,1,-1
2021-11-01 17:57:38.850,17085,17086,17086,1,1
2021-11-01 17:57:53.180,17085,17086,17086,2,2
2021-11-01 17:58:27.143,17085,17086,17086,1,1
2021-11-01 17:58:38.313,17085,17086,17086,1,1
2021-11-01 17:58:39.919,17085,17086,17086,1,1
2021-11-01 17:58:41.119,17085,17086,17086,1,1
2021-11-01 17:58:43.152,17085,17086,17086,1,1
2021-11-01 17:58:52.933,17085,17086,17086,6,6
2021-11-01 17:59:25.410,17086,17088,17088,5,5
2021-11-01 17:59:25.802,17086,17088,17088,1,1
2021-11-01 17:59:51.871,17086,17087,17086,1,-1
2021-11-01 18:00:41.567,17086,17087,17087,2,2
2021-11-01 18:00:41.567,17086,17087,17088,2,2
2021-11-01 18:00:42.078,17086,17088,17088,4,4
2021-11-01 18:00:43.943,17086,17088,17088,1,1
2021-11-01 18:00:44.015,17086,17088,17088,3,3
2021-11-01 18:01:00.542,17086,17087,17086,1,-1
2021-11-01 18:01:26.088,17086,17088,17086,1,-1
2021-11-01 18:01:36.247,17086,17088,17086,5,-5
2021-11-01 18:01:52.138,17086,17087,17086,2,-2
2021-11-01 18:01:58.190,17086,17087,17086,1,-1
2021-11-01 18:02:23.250,17086,17087,17087,1,1
2021-11-01 18:03:41.381,17085,17086,17086,1,1
2021-11-01 18:04:04.158,17085,17086,17086,1,1
2021-11-01 18:04:04.159,17085,17086,17086,3,3
2021-11-01 18:04:04.159,17085,17086,17086,2,2
2021-11-01 18:04:13.701,17085,17086,17086,2,2
2021-11-01 18:04:13.701,17085,17086,17086,1,1
2021-11-01 18:04:19.271,17085,17087,17085,1,-1
2021-11-01 18:04:19.878,17085,17086,17085,2,-2
2021-11-01 18:04:19.879,17085,17086,17085,5,-5
2021-11-01 18:04:19.879,17085,17086,17085,6,-6
2021-11-01 18:04:19.879,17085,17086,17085,1,-1
2021-11-01 18:04:19.879,17085,17086,17085,9,-9
2021-11-01 18:04:23.206,17084,17085,17085,5,5
2021-11-01 18:04:48.378,17085,17086,17085,1,-1
2021-11-01 18:04:52.126,17084,17085,17084,10,-10
2021-11-01 18:04:52.577,17084,17085,17084,2,-2
2021-11-01 18:04:52.644,17084,17085,17084,2,-2
2021-11-01 18:04:52.645,17084,17085,17084,5,-5
2021-11-01 18:04:52.651,17084,17085,17083,2,-2
2021-11-01 18:04:53.384,17083,17084,17084,1,1
2021-11-01 18:05:31.190,17084,17085,17085,1,1
2021-11-01 18:05:31.190,17084,17085,17085,1,1
2021-11-01 18:05:55.015,17084,17085,17084,1,-1
2021-11-01 18:05:55.661,17083,17085,17085,1,1
2021-11-01 18:06:03.668,17084,17085,17084,1,-1
2021-11-01 18:06:51.191,17084,17085,17084,3,-3
2021-11-01 18:06:58.432,17083,17084,17084,1,1
2021-11-01 18:07:41.835,17084,17085,17084,1,-1
2021-11-01 18:08:06.670,17084,17085,17084,1,-1
2021-11-01 18:08:45.440,17084,17085,17085,1,1
2021-11-01 18:09:48.272,17084,17085,17085,1,1
2021-11-01 18:09:50.219,17084,17085,17085,1,1
2021-11-01 18:10:31.553,17084,17085,17085,4,4
2021-11-01 18:10:32.159,17084,17085,17084,2,-2
2021-11-01 18:10:32.230,17084,17085,17084,3,-3
2021-11-01 18:10:32.363,17084,17085,17084,1,-1
2021-11-01 18:10:44.360,17083,17084,17084,1,1
2021-11-01 18:10:50.236,17083,17084,17083,1,-1
2021-11-01 18:10:50.318,17083,17084,17083,1,-1
2021-11-01 18:10:59.238,17083,17084,17083,2,-2
2021-11-01 18:11:02.054,17083,17084,17083,2,-2
2021-11-01 18:11:09.648,17083,17084,17084,1,1
2021-11-01 18:11:15.100,17083,17084,17084,1,1
2021-11-01 18:11:20.675,17084,17085,17084,1,-1
2021-11-01 18:11:33.545,17084,17085,17085,1,1
2021-11-01 18:12:39.157,17084,17085,17084,3,-3
2021-11-01 18:14:18.105,17084,17085,17084,3,-3
2021-11-01 18:15:12.120,17084,17085,17084,4,-4
2021-11-01 18:15:12.120,17084,17085,17083,1,-1
2021-11-01 18:15:12.465,17083,17084,17083,2,-2
2021-11-01 18:15:12.484,17083,17084,17083,2,-2
2021-11-01 18:15:12.623,17083,17084,17083,1,-1
2021-11-01 18:15:14.149,17083,17084,17083,2,-2
2021-11-01 18:15:43.144,17083,17084,17083,1,-1
2021-11-01 18:15:45.360,17083,17084,17083,1,-1
2021-11-01 18:16:07.143,17083,17084,17084,1,1
2021-11-01 18:16:32.192,17083,17084,17084,1,1
2021-11-01 18:17:12.831,17083,17084,17083,4,-4
2021-11-01 18:17:29.128,17083,17084,17083,1,-1
2021-11-01 18:17:48.846,17083,17084,17084,1,1
2021-11-01 18:17:59.738,17083,17084,17083,1,-1
2021-11-01 18:18:03.781,17083,17084,17084,1,1
2021-11-01 18:18:31.136,17083,17084,17084,1,1
2021-11-01 18:18:32.521,17083,17084,17084,1,1
2021-11-01 18:18:32.527,17083,17084,17084,2,2
2021-11-01 18:18:45.734,17083,17084,17084,1,1
2021-11-01 18:18:50.302,17083,17084,17084,1,1
2021-11-01 18:18:50.302,17083,17084,17085,4,4
2021-11-01 18:19:05.179,17083,17085,17085,5,5
2021-11-01 18:19:18.958,17084,17085,17085,1,1
2021-11-01 18:19:22.063,17084,17085,17085,1,1
2021-11-01 18:19:25.667,17084,17085,17085,3,3
2021-11-01 18:19:25.668,17084,17085,17085,3,3
2021-11-01 18:19:33.414,17084,17085,17085,1,1
2021-11-01 18:19:34.161,17085,17086,17086,1,1
2021-11-01 18:19:50.096,17085,17086,17086,1,1
2021-11-01 18:19:50.096,17085,17086,17087,2,2
2021-11-01 18:20:16.560,17085,17086,17086,1,1
2021-11-01 18:21:04.996,17086,17087,17087,1,1
2021-11-01 18:21:50.609,17086,17087,17087,1,1
2021-11-01 18:22:03.237,17086,17087,17087,1,1
2021-11-01 18:22:14.304,17086,17087,17087,1,1
2021-11-01 18:22:35.092,17086,17087,17087,3,3
2021-11-01 18:22:35.329,17086,17087,17087,1,1
2021-11-01 18:22:55.283,17086,17087,17087,1,1
2021-11-01 18:23:00.873,17086,17087,17087,4,4
2021-11-01 18:23:00.873,17086,17087,17087,1,1
2021-11-01 18:23:05.489,17086,17087,17087,1,1
2021-11-01 18:23:15.144,17086,17087,17087,1,1
2021-11-01 18:23:19.074,17087,17088,17087,1,-1
2021-11-01 18:23:32.395,17087,17088,17088,1,1
2021-11-01 18:23:54.089,17087,17088,17088,1,1
2021-11-01 18:24:08.977,17087,17088,17088,1,1
2021-11-01 18:24:10.034,17087,17088,17088,4,4
2021-11-01 18:24:26.083,17087,17088,17088,1,1
2021-11-01 18:24:46.953,17087,17088,17088,1,1
2021-11-01 18:24:52.527,17087,17088,17088,1,1
2021-11-01 18:24:55.047,17087,17088,17087,5,-5
2021-11-01 18:25:09.192,17086,17087,17086,1,-1
2021-11-01 18:25:09.192,17086,17087,17086,4,-4
2021-11-01 18:25:09.192,17086,17087,17086,1,-1
2021-11-01 18:25:47.047,17086,17087,17086,1,-1
2021-11-01 18:26:04.950,17085,17087,17087,1,1
2021-11-01 18:28:01.398,17086,17087,17087,1,1
2021-11-01 18:28:02.007,17086,17087,17087,1,1
2021-11-01 18:28:08.145,17086,17087,17086,2,-2
2021-11-01 18:28:23.873,17086,17087,17087,3,3
2021-11-01 18:28:31.723,17086,17087,17087,1,1
2021-11-01 18:28:31.944,17087,17088,17087,1,-1
2021-11-01 18:29:15.342,17086,17087,17087,1,1
2021-11-01 18:30:22.514,17087,17088,17087,1,-1
2021-11-01 18:30:22.874,17086,17088,17088,1,1
2021-11-01 18:30:23.226,17086,17088,17088,1,1
2021-11-01 18:30:23.231,17086,17088,17088,1,1
2021-11-01 18:30:23.245,17086,17088,17088,1,1
2021-11-01 18:30:23.255,17086,17088,17088,1,1
2021-11-01 18:30:23.256,17086,17088,17089,1,1
2021-11-01 18:30:23.263,17086,17088,17089,1,1
2021-11-01 18:30:23.267,17086,17088,17089,1,1
2021-11-01 18:30:36.716,17087,17089,17089,1,1
2021-11-01 18:31:42.747,17088,17089,17089,1,1
2021-11-01 18:32:07.862,17088,17089,17089,2,2
2021-11-01 18:32:07.865,17088,17089,17089,1,1
2021-11-01 18:32:07.865,17088,17089,17090,1,1
2021-11-01 18:32:07.865,17088,17089,17090,1,1
2021-11-01 18:32:07.865,17088,17089,17090,1,1
2021-11-01 18:32:07.865,17088,17089,17090,1,1
2021-11-01 18:32:07.866,17088,17089,17090,1,1
2021-11-01 18:32:07.866,17088,17089,17090,1,1
2021-11-01 18:32:07.866,17088,17089,17090,1,1
2021-11-01 18:32:07.866,17088,17089,17090,1,1
2021-11-01 18:32:07.866,17088,17089,17090,1,1
2021-11-01 18:32:07.866,17088,17089,17091,1,1
2021-11-01 18:32:07.866,17088,17089,17091,1,1
2021-11-01 18:32:19.313,17089,17091,17089,2,-2
2021-11-01 18:32:22.448,17090,17091,17090,3,-3
2021-11-01 18:32:26.455,17089,17091,17089,1,-1
2021-11-01 18:33:01.615,17089,17090,17090,1,1
2021-11-01 18:33:01.616,17089,17090,17090,1,1
2021-11-01 18:33:23.503,17089,17090,17089,1,-1
2021-11-01 18:33:52.933,17089,17090,17090,1,1
2021-11-01 18:33:54.371,17089,17090,17089,1,-1
2021-11-01 18:34:05.000,17089,17090,17090,2,2
2021-11-01 18:34:08.883,17089,17090,17090,2,2
2021-11-01 18:34:10.097,17089,17090,17090,2,2
2021-11-01 18:34:23.579,17089,17090,17090,1,1
2021-11-01 18:34:24.077,17089,17090,17090,4,4
2021-11-01 18:34:24.077,17089,17090,17090,6,6
2021-11-01 18:34:33.413,17090,17091,17090,1,-1
2021-11-01 18:34:33.786,17090,17091,17090,1,-1
2021-11-01 18:34:51.052,17090,17091,17090,1,-1
2021-11-01 18:35:03.431,17090,17091,17091,3,3
2021-11-01 18:35:12.594,17090,17091,17091,1,1
2021-11-01 18:35:37.443,17090,17091,17091,1,1
2021-11-01 18:36:04.174,17090,17091,17091,1,1
2021-11-01 18:36:49.689,17090,17091,17090,1,-1
2021-11-01 18:36:49.690,17090,17091,17090,1,-1
2021-11-01 18:36:49.690,17090,17091,17090,1,-1
2021-11-01 18:36:51.854,17089,17090,17090,1,1
2021-11-01 18:37:06.157,17089,17090,17090,1,1
2021-11-01 18:37:07.036,17089,17090,17089,1,-1
2021-11-01 18:38:03.119,17089,17090,17090,2,2
2021-11-01 18:38:25.538,17089,17090,17090,1,1
2021-11-01 18:39:28.620,17089,17090,17090,4,4
2021-11-01 18:39:29.347,17089,17090,17090,1,1
2021-11-01 18:40:03.484,17089,17090,17090,2,2
2021-11-01 18:40:42.488,17089,17090,17090,1,1
2021-11-01 18:41:10.996,17090,17091,17091,2,2
2021-11-01 18:41:26.239,17090,17091,17091,2,2
2021-11-01 18:41:27.941,17090,17091,17090,1,-1
2021-11-01 18:41:27.941,17090,17091,17090,1,-1
2021-11-01 18:41:48.865,17089,17091,17091,1,1
2021-11-01 18:42:23.416,17089,17090,17090,2,2
2021-11-01 18:43:33.125,17090,17091,17090,1,-1
2021-11-01 18:44:26.805,17089,17090,17089,4,-4
2021-11-01 18:44:49.567,17089,17090,17089,1,-1
2021-11-01 18:44:50.846,17089,17090,17089,1,-1
2021-11-01 18:44:57.863,17089,17090,17089,1,-1
2021-11-01 18:45:03.409,17089,17090,17090,1,1
2021-11-01 18:45:34.513,17089,17090,17089,1,-1
2021-11-01 18:45:34.886,17089,17090,17089,1,-1
2021-11-01 18:45:34.886,17089,17090,17088,1,-1
2021-11-01 18:46:40.345,17088,17089,17088,2,-2
2021-11-01 18:46:41.701,17088,17089,17088,1,-1
2021-11-01 18:46:57.835,17088,17089,17088,2,-2
2021-11-01 18:47:46.290,17088,17089,17089,1,1
2021-11-01 18:47:49.889,17088,17089,17088,2,-2
2021-11-01 18:47:50.752,17088,17089,17089,1,1
2021-11-01 18:47:50.752,17088,17089,17089,1,1
2021-11-01 18:47:50.753,17088,17089,17089,1,1
2021-11-01 18:48:16.507,17089,17090,17089,1,-1
2021-11-01 18:48:59.651,17088,17090,17090,1,1
2021-11-01 18:49:04.790,17088,17090,17090,1,1
2021-11-01 18:52:19.714,17089,17090,17089,1,-1
2021-11-01 18:52:22.157,17089,17090,17089,2,-2
2021-11-01 18:52:28.846,17088,17089,17088,1,-1
2021-11-01 18:52:35.416,17088,17089,17089,1,1
2021-11-01 18:52:35.416,17088,17089,17089,1,1
2021-11-01 18:52:35.416,17088,17089,17089,1,1
2021-11-01 18:53:29.622,17089,17090,17090,1,1
2021-11-01 18:54:29.034,17089,17090,17090,1,1
2021-11-01 18:56:14.903,17089,17090,17090,1,1
2021-11-01 18:56:27.971,17089,17090,17090,2,2
2021-11-01 18:56:58.925,17089,17090,17089,1,-1
2021-11-01 18:57:07.333,17089,17090,17089,1,-1
2021-11-01 18:58:41.854,17088,17089,17089,1,1
2021-11-01 18:59:11.538,17089,17090,17090,1,1
2021-11-01 18:59:12.359,17089,17091,17091,1,1
2021-11-01 18:59:13.207,17089,17091,17091,1,1
2021-11-01 18:59:18.679,17089,17091,17089,1,-1
2021-11-01 18:59:45.077,17090,17091,17091,2,2
2021-11-01 18:59:45.446,17090,17091,17091,1,1
2021-11-01 18:59:52.411,17090,17091,17091,2,2
2021-11-01 18:59:57.500,17090,17091,17091,1,1
2021-11-01 19:00:40.672,17091,17092,17092,1,1
2021-11-01 19:00:40.958,17091,17092,17092,1,1
2021-11-01 19:00:59.746,17091,17092,17092,1,1
2021-11-01 19:01:02.246,17091,17092,17091,1,-1
2021-11-01 19:01:05.304,17091,17092,17092,3,3
2021-11-01 19:01:13.350,17091,17092,17091,1,-1
2021-11-01 19:01:21.481,17091,17092,17091,1,-1
2021-11-01 19:01:26.126,17091,17092,17092,1,1
2021-11-01 19:01:58.868,17091,17092,17092,1,1
2021-11-01 19:02:05.311,17091,17092,17092,1,1
2021-11-01 19:02:15.650,17091,17092,17092,1,1
2021-11-01 19:02:16.286,17091,17092,17092,2,2
2021-11-01 19:02:17.647,17091,17092,17092,1,1
2021-11-01 19:02:39.427,17091,17092,17091,2,-2
2021-11-01 19:02:57.373,17090,17091,17091,2,2
2021-11-01 19:03:48.484,17090,17091,17091,1,1
2021-11-01 19:04:20.353,17091,17092,17092,1,1
2021-11-01 19:04:55.724,17091,17092,17092,1,1
2021-11-01 19:05:10.735,17091,17092,17092,3,3
2021-11-01 19:05:12.406,17092,17093,17092,1,-1
2021-11-01 19:05:32.743,17092,17093,17092,1,-1
2021-11-01 19:05:46.582,17092,17093,17093,1,1
2021-11-01 19:05:52.229,17092,17093,17093,1,1
2021-11-01 19:06:13.998,17092,17093,17092,1,-1
2021-11-01 19:06:14.219,17092,17093,17093,1,1
2021-11-01 19:06:21.371,17092,17093,17093,1,1
2021-11-01 19:06:26.454,17092,17093,17093,1,1
2021-11-01 19:06:30.045,17092,17093,17093,1,1
2021-11-01 19:06:31.703,17092,17093,17093,1,1
2021-11-01 19:06:32.483,17092,17093,17093,1,1
2021-11-01 19:06:44.923,17092,17093,17093,1,1
2021-11-01 19:07:27.913,17092,17093,17092,2,-2
2021-11-01 19:08:08.615,17091,17092,17092,1,1
