2020-08-24 15:00:00.066,12632,12633,12631,71,-71
2020-08-24 15:00:00.122,12630,12631,12631,1,1
2020-08-24 15:00:00.188,12630,12631,12631,1,1
2020-08-24 15:00:00.207,12630,12631,12631,2,2
2020-08-24 15:00:00.258,12630,12631,12631,1,1
2020-08-24 15:00:00.312,12630,12631,12631,2,2
2020-08-24 15:00:00.312,12630,12631,12631,1,1
2020-08-24 15:00:00.317,12630,12631,12631,1,1
2020-08-24 15:00:00.332,12630,12631,12631,1,1
2020-08-24 15:00:00.332,12630,12631,12631,1,1
2020-08-24 15:00:00.332,12630,12631,12632,4,4
2020-08-24 15:00:00.355,12630,12631,12632,1,1
2020-08-24 15:00:00.367,12630,12631,12632,1,1
2020-08-24 15:00:00.373,12630,12631,12632,1,1
2020-08-24 15:00:00.393,12631,12632,12632,1,1
2020-08-24 15:00:00.398,12631,12632,12633,1,1
2020-08-24 15:00:00.460,12631,12632,12633,1,1
2020-08-24 15:00:00.503,12631,12632,12633,1,1
2020-08-24 15:00:00.515,12632,12633,12633,1,1
2020-08-24 15:00:00.544,12632,12633,12633,1,1
2020-08-24 15:00:00.545,12632,12633,12633,1,1
2020-08-24 15:00:00.584,12632,12633,12634,1,1
2020-08-24 15:00:00.642,12633,12634,12634,2,2
2020-08-24 15:00:00.677,12633,12634,12634,1,1
2020-08-24 15:00:00.678,12633,12634,12633,2,-2
2020-08-24 15:00:00.690,12633,12634,12634,1,1
2020-08-24 15:00:00.716,12633,12634,12633,2,-2
2020-08-24 15:00:00.734,12633,12634,12634,1,1
2020-08-24 15:00:00.755,12633,12634,12633,1,-1
2020-08-24 15:00:00.784,12633,12634,12633,1,-1
2020-08-24 15:00:00.793,12633,12634,12634,1,1
2020-08-24 15:00:00.856,12633,12634,12634,2,2
2020-08-24 15:00:01.082,12632,12634,12632,5,-5
2020-08-24 15:00:01.083,12632,12634,12631,1,-1
2020-08-24 15:00:01.085,12632,12634,12630,7,-7
2020-08-24 15:00:01.145,12629,12631,12631,1,1
2020-08-24 15:00:01.631,12630,12632,12632,1,1
2020-08-24 15:00:01.915,12630,12632,12632,1,1
2020-08-24 15:00:02.524,12631,12633,12631,1,-1
2020-08-24 15:00:02.615,12631,12633,12630,1,-1
2020-08-24 15:00:02.643,12631,12632,12631,2,2
2020-08-24 15:00:02.713,12631,12632,12630,3,-3
2020-08-24 15:00:02.910,12629,12632,12632,1,1
2020-08-24 15:00:02.952,12629,12632,12630,1,-1
2020-08-24 15:00:03.012,12629,12632,12632,1,1
2020-08-24 15:00:03.012,12629,12632,12632,1,1
2020-08-24 15:00:03.112,12630,12632,12632,1,1
2020-08-24 15:00:03.112,12630,12632,12632,1,1
2020-08-24 15:00:03.113,12630,12632,12632,1,1
2020-08-24 15:00:03.266,12632,12633,12632,1,-1
2020-08-24 15:00:03.266,12632,12633,12631,1,-1
2020-08-24 15:00:03.329,12632,12633,12630,1,-1
2020-08-24 15:00:04.387,12630,12633,12633,2,2
2020-08-24 15:00:04.435,12630,12633,12630,1,-1
2020-08-24 15:00:05.015,12631,12632,12631,1,1
2020-08-24 15:00:05.015,12631,12632,12630,1,-1
2020-08-24 15:00:05.227,12630,12632,12632,1,1
2020-08-24 15:00:05.451,12630,12632,12630,1,-1
2020-08-24 15:00:05.980,12632,12633,12632,1,1
2020-08-24 15:00:06.199,12632,12633,12633,1,1
2020-08-24 15:00:06.207,12632,12633,12633,1,1
2020-08-24 15:00:06.214,12632,12633,12633,1,1
2020-08-24 15:00:06.221,12632,12633,12632,1,-1
2020-08-24 15:00:06.228,12632,12633,12632,1,-1
2020-08-24 15:00:06.455,12631,12632,12631,2,-2
2020-08-24 15:00:07.514,12630,12631,12630,2,-2
2020-08-24 15:00:07.639,12630,12631,12630,1,-1
2020-08-24 15:00:07.643,12630,12631,12630,1,-1
2020-08-24 15:00:07.654,12630,12631,12629,1,-1
2020-08-24 15:00:08.014,12628,12630,12630,1,1
2020-08-24 15:00:08.436,12628,12630,12630,1,1
2020-08-24 15:00:08.960,12627,12628,12627,1,-1
2020-08-24 15:00:09.052,12627,12628,12627,2,-2
2020-08-24 15:00:09.052,12627,12628,12627,1,-1
2020-08-24 15:00:10.065,12627,12628,12627,2,-2
2020-08-24 15:00:10.617,12627,12628,12628,5,5
2020-08-24 15:00:10.679,12628,12630,12628,1,-1
2020-08-24 15:00:10.885,12628,12629,12629,2,2
2020-08-24 15:00:11.786,12629,12630,12629,2,-2
2020-08-24 15:00:12.956,12629,12630,12629,2,-2
2020-08-24 15:00:13.032,12628,12630,12628,1,-1
2020-08-24 15:00:13.209,12628,12629,12629,1,1
2020-08-24 15:00:13.581,12628,12630,12629,2,-2
2020-08-24 15:00:14.078,12628,12630,12630,1,1
2020-08-24 15:00:15.158,12628,12630,12628,2,-2
2020-08-24 15:00:15.483,12627,12628,12628,1,1
2020-08-24 15:00:15.512,12627,12628,12628,1,1
2020-08-24 15:00:15.715,12627,12628,12627,1,-1
2020-08-24 15:00:16.053,12627,12628,12628,1,1
2020-08-24 15:00:16.065,12627,12628,12628,1,1
2020-08-24 15:00:16.287,12628,12630,12628,1,-1
2020-08-24 15:00:16.790,12628,12629,12629,1,1
2020-08-24 15:00:16.998,12628,12630,12629,1,-1
2020-08-24 15:00:17.569,12628,12629,12628,1,-1
2020-08-24 15:00:17.642,12628,12629,12629,1,1
2020-08-24 15:00:17.643,12628,12629,12629,1,1
2020-08-24 15:00:17.643,12628,12629,12629,1,1
2020-08-24 15:00:17.643,12628,12629,12629,1,1
2020-08-24 15:00:17.643,12628,12629,12629,1,1
2020-08-24 15:00:17.643,12628,12629,12629,1,1
2020-08-24 15:00:17.643,12628,12629,12629,1,1
2020-08-24 15:00:17.643,12628,12629,12629,1,1
2020-08-24 15:00:17.644,12628,12629,12630,1,1
2020-08-24 15:00:17.645,12628,12629,12630,1,1
2020-08-24 15:00:17.645,12628,12629,12630,1,1
2020-08-24 15:00:17.645,12628,12629,12630,1,1
2020-08-24 15:00:18.137,12628,12630,12628,2,-2
2020-08-24 15:00:18.919,12629,12630,12629,1,1
2020-08-24 15:00:18.980,12629,12630,12628,1,-1
2020-08-24 15:00:19.719,12628,12630,12630,1,1
2020-08-24 15:00:19.849,12628,12630,12630,1,1
2020-08-24 15:00:20.051,12628,12630,12630,1,1
2020-08-24 15:00:20.051,12628,12630,12630,1,1
2020-08-24 15:00:20.138,12628,12630,12628,1,-1
2020-08-24 15:00:20.152,12628,12630,12630,1,1
2020-08-24 15:00:20.152,12628,12630,12630,1,1
2020-08-24 15:00:20.391,12629,12630,12629,1,-1
2020-08-24 15:00:20.795,12629,12630,12629,1,-1
2020-08-24 15:00:21.177,12629,12630,12630,1,1
2020-08-24 15:00:21.715,12629,12630,12629,1,-1
2020-08-24 15:00:22.346,12629,12630,12629,1,-1
2020-08-24 15:00:22.578,12629,12630,12630,1,1
2020-08-24 15:00:22.732,12630,12631,12630,1,-1
2020-08-24 15:00:23.791,12630,12632,12630,2,-2
2020-08-24 15:00:24.810,12630,12631,12631,4,4
2020-08-24 15:00:26.172,12631,12632,12632,3,3
2020-08-24 15:00:26.198,12631,12632,12632,4,4
2020-08-24 15:00:26.198,12631,12632,12632,1,1
2020-08-24 15:00:26.343,12631,12633,12631,1,-1
2020-08-24 15:00:26.837,12631,12632,12632,1,1
2020-08-24 15:00:28.103,12631,12632,12631,2,-2
2020-08-24 15:00:28.142,12631,12632,12632,1,1
2020-08-24 15:00:28.144,12631,12632,12633,1,1
2020-08-24 15:00:28.146,12631,12632,12633,1,1
2020-08-24 15:00:30.333,12631,12633,12631,3,-3
2020-08-24 15:00:30.530,12631,12633,12633,1,1
2020-08-24 15:00:31.598,12631,12633,12631,1,-1
2020-08-24 15:00:31.866,12631,12633,12631,2,-2
2020-08-24 15:00:33.134,12631,12632,12632,1,1
2020-08-24 15:00:33.373,12632,12633,12633,1,1
2020-08-24 15:00:33.399,12632,12633,12633,1,1
2020-08-24 15:00:33.399,12632,12633,12633,1,1
2020-08-24 15:00:33.402,12632,12633,12633,1,1
2020-08-24 15:00:33.402,12632,12633,12633,1,1
2020-08-24 15:00:35.448,12632,12633,12632,2,-2
2020-08-24 15:00:35.913,12631,12633,12633,1,1
2020-08-24 15:00:37.876,12631,12632,12632,1,1
2020-08-24 15:00:38.344,12631,12632,12632,4,4
2020-08-24 15:00:38.344,12631,12632,12633,14,14
2020-08-24 15:00:38.394,12631,12633,12633,1,1
2020-08-24 15:00:39.579,12631,12632,12632,4,4
2020-08-24 15:00:39.579,12631,12632,12633,5,5
2020-08-24 15:00:39.641,12631,12633,12633,2,2
2020-08-24 15:00:40.094,12631,12632,12631,2,-2
2020-08-24 15:00:40.095,12631,12632,12631,2,-2
2020-08-24 15:00:40.095,12631,12632,12631,3,-3
2020-08-24 15:00:40.228,12630,12632,12630,1,-1
2020-08-24 15:00:42.101,12631,12632,12631,1,1
2020-08-24 15:00:42.727,12631,12632,12632,1,1
2020-08-24 15:00:43.026,12631,12632,12631,1,-1
2020-08-24 15:00:43.289,12631,12632,12632,1,1
2020-08-24 15:00:43.757,12631,12632,12632,2,2
2020-08-24 15:00:43.941,12631,12632,12632,2,2
2020-08-24 15:00:44.211,12632,12633,12632,1,-1
2020-08-24 15:00:44.313,12631,12632,12632,1,1
2020-08-24 15:00:44.705,12631,12632,12632,1,1
2020-08-24 15:00:44.911,12631,12632,12632,1,1
2020-08-24 15:00:46.953,12631,12632,12632,1,1
2020-08-24 15:00:47.654,12631,12632,12632,1,1
2020-08-24 15:00:47.768,12631,12632,12632,1,1
2020-08-24 15:00:47.768,12631,12632,12632,1,1
2020-08-24 15:00:47.768,12631,12632,12632,1,1
2020-08-24 15:00:48.733,12631,12632,12632,1,1
2020-08-24 15:00:49.015,12631,12632,12632,1,1
2020-08-24 15:00:49.776,12631,12632,12632,1,1
2020-08-24 15:00:49.935,12631,12632,12632,1,1
2020-08-24 15:00:50.610,12631,12632,12631,1,-1
2020-08-24 15:00:51.032,12631,12632,12632,3,3
2020-08-24 15:00:52.036,12631,12632,12632,1,1
2020-08-24 15:00:52.993,12631,12632,12631,1,-1
2020-08-24 15:00:52.993,12631,12632,12631,10,-10
2020-08-24 15:00:52.993,12631,12632,12631,2,-2
2020-08-24 15:00:53.748,12630,12631,12631,1,1
2020-08-24 15:00:54.349,12630,12631,12630,1,-1
2020-08-24 15:00:54.389,12630,12631,12630,20,-20
2020-08-24 15:00:54.514,12629,12630,12629,17,-17
2020-08-24 15:00:54.639,12628,12629,12628,3,-3
2020-08-24 15:00:55.198,12628,12629,12628,4,-4
2020-08-24 15:00:56.400,12628,12629,12629,1,1
2020-08-24 15:00:56.483,12628,12629,12629,5,5
2020-08-24 15:00:56.516,12629,12631,12631,1,1
2020-08-24 15:00:57.275,12629,12631,12631,1,1
2020-08-24 15:00:57.866,12629,12631,12630,2,-2
2020-08-24 15:00:57.971,12628,12630,12630,1,1
2020-08-24 15:00:57.981,12628,12630,12630,1,1
2020-08-24 15:00:58.002,12628,12630,12631,1,1
2020-08-24 15:00:59.937,12629,12631,12631,1,1
2020-08-24 15:01:00.005,12629,12631,12629,1,-1
2020-08-24 15:01:00.033,12629,12631,12631,1,1
2020-08-24 15:01:00.034,12629,12631,12629,1,-1
2020-08-24 15:01:00.055,12629,12631,12631,1,1
2020-08-24 15:01:00.077,12629,12631,12631,1,1
2020-08-24 15:01:00.083,12629,12631,12631,4,4
2020-08-24 15:01:00.084,12629,12631,12631,1,1
2020-08-24 15:01:00.088,12629,12631,12629,1,-1
2020-08-24 15:01:00.090,12629,12631,12631,1,1
2020-08-24 15:01:00.361,12629,12631,12631,1,1
2020-08-24 15:01:01.934,12630,12631,12631,2,2
2020-08-24 15:01:02.026,12630,12632,12632,1,1
2020-08-24 15:01:02.382,12631,12632,12632,1,1
2020-08-24 15:01:02.382,12631,12632,12632,6,6
2020-08-24 15:01:02.395,12631,12633,12632,2,-2
2020-08-24 15:01:05.315,12631,12633,12631,1,-1
2020-08-24 15:01:05.771,12631,12633,12633,1,1
2020-08-24 15:01:05.903,12631,12633,12632,1,-1
2020-08-24 15:01:07.216,12631,12632,12631,2,-2
2020-08-24 15:01:07.802,12631,12632,12632,1,1
2020-08-24 15:01:09.150,12631,12632,12631,1,-1
2020-08-24 15:01:09.267,12631,12632,12632,1,1
2020-08-24 15:01:09.268,12631,12632,12632,1,1
2020-08-24 15:01:09.268,12631,12632,12633,1,1
2020-08-24 15:01:09.269,12631,12632,12633,1,1
2020-08-24 15:01:09.805,12631,12633,12631,1,-1
2020-08-24 15:01:09.883,12631,12633,12631,1,-1
2020-08-24 15:01:10.556,12631,12633,12631,1,-1
2020-08-24 15:01:12.730,12631,12632,12631,1,-1
2020-08-24 15:01:15.204,12631,12632,12631,1,-1
2020-08-24 15:01:15.729,12631,12632,12631,2,-2
2020-08-24 15:01:15.729,12631,12632,12631,1,-1
2020-08-24 15:01:16.502,12630,12632,12632,1,1
2020-08-24 15:01:16.689,12631,12632,12631,1,-1
2020-08-24 15:01:16.731,12631,12632,12631,1,-1
2020-08-24 15:01:17.562,12631,12632,12631,1,-1
2020-08-24 15:01:17.642,12631,12632,12632,1,1
2020-08-24 15:01:17.642,12631,12632,12632,1,1
2020-08-24 15:01:17.642,12631,12632,12632,1,1
2020-08-24 15:01:17.642,12631,12632,12632,1,1
2020-08-24 15:01:17.644,12631,12632,12632,1,1
2020-08-24 15:01:17.644,12631,12632,12632,1,1
2020-08-24 15:01:17.644,12631,12632,12632,1,1
2020-08-24 15:01:17.644,12631,12632,12632,1,1
2020-08-24 15:01:17.644,12631,12632,12632,1,1
2020-08-24 15:01:17.644,12631,12632,12633,1,1
2020-08-24 15:01:17.645,12631,12632,12633,1,1
2020-08-24 15:01:17.675,12631,12632,12632,2,2
2020-08-24 15:01:19.077,12631,12632,12632,1,1
2020-08-24 15:01:19.077,12631,12632,12632,2,2
2020-08-24 15:01:19.127,12631,12632,12632,2,2
2020-08-24 15:01:21.867,12631,12632,12632,1,1
2020-08-24 15:01:23.195,12631,12632,12632,1,1
2020-08-24 15:01:23.768,12631,12632,12631,1,-1
2020-08-24 15:01:23.820,12631,12632,12632,1,1
2020-08-24 15:01:25.318,12631,12632,12632,1,1
2020-08-24 15:01:26.250,12631,12632,12632,1,1
2020-08-24 15:01:26.926,12631,12632,12632,1,1
2020-08-24 15:01:27.298,12631,12632,12631,1,-1
2020-08-24 15:01:30.014,12631,12632,12631,7,-7
2020-08-24 15:01:30.015,12631,12632,12631,19,-19
2020-08-24 15:01:30.015,12631,12632,12631,4,-4
2020-08-24 15:01:30.015,12631,12632,12631,9,-9
2020-08-24 15:01:30.015,12631,12632,12631,4,-4
2020-08-24 15:01:30.015,12631,12632,12631,2,-2
2020-08-24 15:01:30.015,12631,12632,12631,6,-6
2020-08-24 15:01:30.044,12631,12632,12631,1,-1
2020-08-24 15:01:31.451,12630,12632,12632,1,1
2020-08-24 15:01:33.027,12631,12632,12631,1,-1
2020-08-24 15:01:33.985,12631,12632,12632,1,1
2020-08-24 15:01:34.685,12631,12632,12631,1,-1
2020-08-24 15:01:35.533,12631,12632,12631,1,-1
2020-08-24 15:01:36.238,12631,12632,12631,1,-1
2020-08-24 15:01:36.998,12631,12632,12632,1,1
2020-08-24 15:01:43.651,12631,12632,12631,1,-1
2020-08-24 15:01:43.767,12631,12632,12632,1,1
2020-08-24 15:01:43.767,12631,12632,12632,1,1
2020-08-24 15:01:43.768,12631,12632,12632,1,1
2020-08-24 15:01:43.769,12631,12632,12632,1,1
2020-08-24 15:01:44.004,12631,12632,12632,2,2
2020-08-24 15:01:46.201,12631,12632,12631,1,-1
2020-08-24 15:01:46.929,12631,12632,12631,1,-1
2020-08-24 15:01:48.154,12631,12632,12632,2,2
2020-08-24 15:01:48.240,12631,12632,12631,1,-1
2020-08-24 15:01:48.269,12631,12632,12632,1,1
2020-08-24 15:01:50.780,12631,12632,12631,2,-2
2020-08-24 15:01:51.977,12631,12632,12632,1,1
2020-08-24 15:01:52.017,12631,12632,12631,1,-1
2020-08-24 15:01:52.614,12631,12632,12632,1,1
2020-08-24 15:01:53.414,12631,12632,12631,1,-1
2020-08-24 15:01:55.357,12631,12632,12631,7,-7
2020-08-24 15:01:55.369,12631,12632,12632,1,1
2020-08-24 15:01:56.649,12631,12632,12631,1,-1
2020-08-24 15:01:58.309,12630,12632,12632,2,2
2020-08-24 15:02:00.106,12630,12632,12632,1,1
2020-08-24 15:02:01.782,12631,12632,12631,1,-1
2020-08-24 15:02:01.972,12631,12632,12632,4,4
2020-08-24 15:02:02.297,12631,12632,12632,10,10
2020-08-24 15:02:02.298,12631,12632,12632,1,1
2020-08-24 15:02:02.348,12631,12632,12632,2,2
2020-08-24 15:02:02.514,12631,12632,12631,1,-1
2020-08-24 15:02:02.610,12631,12632,12632,5,5
2020-08-24 15:02:04.006,12631,12632,12631,1,-1
2020-08-24 15:02:08.669,12630,12632,12630,1,-1
2020-08-24 15:02:09.465,12630,12632,12632,1,1
2020-08-24 15:02:10.683,12630,12632,12630,1,-1
2020-08-24 15:02:11.305,12630,12632,12632,1,1
2020-08-24 15:02:11.627,12630,12632,12630,1,-1
2020-08-24 15:02:14.260,12631,12632,12631,1,1
2020-08-24 15:02:18.107,12631,12632,12631,1,-1
2020-08-24 15:02:18.989,12630,12632,12632,3,3
2020-08-24 15:02:19.741,12631,12632,12631,2,-2
2020-08-24 15:02:21.823,12631,12632,12631,1,-1
2020-08-24 15:02:23.402,12631,12632,12631,1,-1
2020-08-24 15:02:23.909,12631,12632,12631,1,-1
2020-08-24 15:02:24.527,12631,12632,12631,1,-1
2020-08-24 15:02:28.626,12631,12632,12632,1,1
2020-08-24 15:02:29.792,12631,12632,12631,2,-2
2020-08-24 15:02:30.729,12630,12631,12631,1,1
2020-08-24 15:02:31.196,12630,12631,12631,2,2
2020-08-24 15:02:31.197,12630,12631,12631,2,2
2020-08-24 15:02:37.924,12631,12632,12631,1,-1
2020-08-24 15:02:39.553,12630,12631,12631,1,1
2020-08-24 15:02:39.841,12631,12632,12631,1,-1
2020-08-24 15:02:40.087,12631,12632,12632,1,1
2020-08-24 15:02:43.339,12631,12632,12631,1,-1
2020-08-24 15:02:49.279,12631,12632,12632,1,1
2020-08-24 15:02:50.085,12631,12632,12632,1,1
2020-08-24 15:02:50.973,12631,12632,12632,1,1
2020-08-24 15:02:51.778,12631,12632,12632,1,1
2020-08-24 15:02:53.125,12631,12632,12632,1,1
2020-08-24 15:02:54.140,12631,12632,12632,2,2
2020-08-24 15:02:54.440,12631,12632,12631,1,-1
2020-08-24 15:02:54.696,12631,12632,12632,1,1
2020-08-24 15:02:58.302,12631,12632,12631,3,-3
2020-08-24 15:02:59.708,12631,12632,12631,1,-1
2020-08-24 15:03:00.218,12631,12632,12632,1,1
2020-08-24 15:03:00.444,12631,12632,12632,1,1
2020-08-24 15:03:00.531,12631,12632,12631,1,-1
2020-08-24 15:03:01.979,12631,12632,12632,1,1
2020-08-24 15:03:02.147,12631,12632,12632,2,2
2020-08-24 15:03:02.148,12631,12632,12632,19,19
2020-08-24 15:03:02.198,12631,12632,12632,2,2
2020-08-24 15:03:02.202,12631,12632,12632,4,4
2020-08-24 15:03:02.991,12631,12632,12632,1,1
2020-08-24 15:03:06.667,12631,12632,12631,1,-1
2020-08-24 15:03:06.667,12631,12632,12631,5,-5
2020-08-24 15:03:06.667,12631,12632,12631,1,-1
2020-08-24 15:03:06.667,12631,12632,12631,1,-1
2020-08-24 15:03:06.974,12630,12632,12632,1,1
2020-08-24 15:03:12.775,12630,12631,12630,10,-10
2020-08-24 15:03:12.776,12630,12631,12630,15,-15
2020-08-24 15:03:17.291,12629,12630,12629,1,-1
2020-08-24 15:03:18.726,12629,12630,12630,8,8
2020-08-24 15:03:18.727,12629,12630,12630,2,2
2020-08-24 15:03:19.135,12629,12630,12630,1,1
2020-08-24 15:03:19.497,12629,12630,12629,1,-1
2020-08-24 15:03:19.796,12629,12630,12629,3,-3
2020-08-24 15:03:20.914,12629,12630,12629,1,-1
2020-08-24 15:03:22.144,12629,12630,12629,2,-2
2020-08-24 15:03:22.144,12629,12630,12629,6,-6
2020-08-24 15:03:24.000,12628,12630,12629,1,-1
2020-08-24 15:03:25.338,12628,12629,12628,4,-4
2020-08-24 15:03:25.338,12628,12629,12628,4,-4
2020-08-24 15:03:25.440,12627,12628,12627,1,-1
2020-08-24 15:03:26.717,12627,12628,12628,5,5
2020-08-24 15:03:27.240,12627,12628,12628,1,1
2020-08-24 15:03:29.147,12627,12628,12628,1,1
2020-08-24 15:03:29.917,12627,12629,12629,1,1
2020-08-24 15:03:31.734,12628,12629,12628,1,-1
2020-08-24 15:03:38.392,12627,12628,12628,1,1
2020-08-24 15:03:38.582,12627,12628,12627,1,-1
2020-08-24 15:03:39.542,12627,12628,12627,1,-1
2020-08-24 15:03:39.543,12627,12628,12627,2,-2
2020-08-24 15:03:47.057,12626,12627,12626,1,-1
2020-08-24 15:03:48.370,12626,12627,12626,1,-1
2020-08-24 15:03:49.793,12626,12627,12626,1,-1
2020-08-24 15:03:52.472,12626,12627,12627,5,5
2020-08-24 15:03:52.532,12627,12628,12627,1,-1
2020-08-24 15:03:52.901,12627,12628,12627,2,-2
2020-08-24 15:03:53.537,12626,12628,12626,1,-1
2020-08-24 15:04:01.219,12626,12627,12626,1,-1
2020-08-24 15:04:02.732,12626,12627,12627,2,2
2020-08-24 15:04:11.152,12626,12627,12626,1,-1
2020-08-24 15:04:11.248,12626,12627,12626,1,-1
2020-08-24 15:04:11.964,12626,12627,12626,1,-1
2020-08-24 15:04:13.161,12626,12627,12626,1,-1
2020-08-24 15:04:14.318,12626,12627,12626,1,-1
2020-08-24 15:04:15.357,12626,12627,12626,1,-1
2020-08-24 15:04:22.678,12626,12627,12626,1,-1
2020-08-24 15:04:26.289,12626,12627,12626,2,-2
2020-08-24 15:04:29.322,12625,12626,12625,5,-5
2020-08-24 15:04:29.323,12625,12626,12625,1,-1
2020-08-24 15:04:29.547,12625,12626,12625,2,-2
2020-08-24 15:04:29.576,12625,12626,12624,2,-2
2020-08-24 15:04:29.720,12624,12626,12624,1,-1
2020-08-24 15:04:32.099,12624,12626,12624,1,-1
2020-08-24 15:04:32.609,12624,12625,12625,6,6
2020-08-24 15:04:32.691,12625,12626,12625,2,-2
2020-08-24 15:04:32.741,12625,12626,12625,2,-2
2020-08-24 15:04:34.425,12624,12625,12625,2,2
2020-08-24 15:04:36.260,12624,12626,12624,1,-1
2020-08-24 15:04:37.579,12624,12625,12624,5,-5
2020-08-24 15:04:38.270,12624,12625,12625,1,1
2020-08-24 15:04:40.195,12624,12625,12624,1,-1
2020-08-24 15:04:42.472,12623,12625,12623,2,-2
2020-08-24 15:04:45.143,12623,12624,12623,1,-1
2020-08-24 15:04:48.344,12623,12624,12624,1,1
2020-08-24 15:04:48.536,12623,12624,12623,1,-1
2020-08-24 15:04:50.185,12623,12624,12623,1,-1
2020-08-24 15:04:50.291,12623,12624,12623,3,-3
2020-08-24 15:04:50.291,12623,12624,12623,4,-4
2020-08-24 15:04:50.292,12623,12624,12623,5,-5
2020-08-24 15:04:53.373,12622,12624,12622,1,-1
2020-08-24 15:04:54.811,12622,12623,12623,1,1
2020-08-24 15:04:54.911,12622,12624,12622,1,-1
2020-08-24 15:04:55.615,12622,12624,12624,2,2
2020-08-24 15:04:55.898,12623,12624,12623,2,-2
2020-08-24 15:04:56.642,12622,12624,12624,1,1
2020-08-24 15:04:57.687,12623,12624,12624,6,6
2020-08-24 15:05:00.921,12623,12624,12624,2,2
2020-08-24 15:05:01.642,12624,12625,12624,2,-2
2020-08-24 15:05:02.139,12624,12625,12624,1,-1
2020-08-24 15:05:02.150,12624,12625,12624,1,-1
2020-08-24 15:05:02.253,12624,12625,12625,1,1
2020-08-24 15:05:02.862,12624,12625,12624,1,-1
2020-08-24 15:05:03.392,12624,12625,12625,1,1
2020-08-24 15:05:03.982,12624,12625,12624,2,-2
2020-08-24 15:05:09.345,12624,12625,12625,18,18
2020-08-24 15:05:09.345,12624,12625,12625,5,5
2020-08-24 15:05:09.396,12625,12626,12626,8,8
2020-08-24 15:05:10.488,12625,12627,12625,3,-3
2020-08-24 15:05:14.162,12626,12627,12626,3,3
2020-08-24 15:05:14.162,12626,12627,12625,1,-1
2020-08-24 15:05:14.638,12625,12627,12625,1,-1
2020-08-24 15:05:15.649,12625,12627,12625,1,-1
2020-08-24 15:05:17.759,12625,12627,12627,1,1
2020-08-24 15:05:17.785,12625,12627,12627,5,5
2020-08-24 15:05:20.180,12626,12627,12627,1,1
2020-08-24 15:05:21.442,12626,12627,12626,1,-1
2020-08-24 15:05:25.417,12625,12627,12627,1,1
2020-08-24 15:05:25.979,12625,12627,12627,1,1
2020-08-24 15:05:29.019,12626,12627,12627,1,1
2020-08-24 15:05:29.120,12626,12627,12627,2,2
2020-08-24 15:05:33.926,12627,12628,12627,1,-1
2020-08-24 15:05:35.410,12627,12628,12627,3,-3
2020-08-24 15:05:35.455,12627,12628,12626,5,-5
2020-08-24 15:05:44.377,12626,12627,12626,2,-2
2020-08-24 15:05:44.378,12626,12627,12626,2,-2
2020-08-24 15:05:44.643,12625,12626,12626,4,4
2020-08-24 15:05:44.988,12626,12627,12626,1,-1
2020-08-24 15:05:45.412,12626,12627,12626,1,-1
2020-08-24 15:05:49.816,12626,12627,12626,1,-1
2020-08-24 15:05:49.818,12626,12627,12626,1,-1
2020-08-24 15:05:58.009,12626,12627,12626,2,-2
2020-08-24 15:05:58.648,12626,12627,12627,2,2
2020-08-24 15:05:59.805,12626,12627,12626,1,-1
2020-08-24 15:06:00.141,12626,12627,12626,1,-1
2020-08-24 15:06:00.180,12626,12627,12626,1,-1
2020-08-24 15:06:00.184,12626,12627,12626,1,-1
2020-08-24 15:06:00.211,12626,12627,12626,1,-1
2020-08-24 15:06:00.228,12626,12627,12626,1,-1
2020-08-24 15:06:00.257,12626,12627,12626,1,-1
2020-08-24 15:06:00.271,12626,12627,12626,1,-1
2020-08-24 15:06:00.272,12626,12627,12625,1,-1
2020-08-24 15:06:00.307,12626,12627,12625,1,-1
2020-08-24 15:06:00.329,12626,12627,12625,1,-1
2020-08-24 15:06:00.353,12626,12627,12625,1,-1
2020-08-24 15:06:00.356,12626,12627,12625,1,-1
2020-08-24 15:06:02.150,12625,12626,12626,5,5
2020-08-24 15:06:03.662,12625,12626,12625,5,-5
2020-08-24 15:06:04.266,12624,12625,12625,2,2
2020-08-24 15:06:04.919,12624,12625,12624,1,-1
2020-08-24 15:06:05.246,12624,12625,12625,1,1
2020-08-24 15:06:06.576,12624,12625,12625,5,5
2020-08-24 15:06:07.146,12624,12625,12624,1,-1
2020-08-24 15:06:08.865,12624,12625,12624,1,-1
2020-08-24 15:06:09.496,12624,12625,12624,1,-1
2020-08-24 15:06:10.927,12624,12625,12624,1,-1
2020-08-24 15:06:12.057,12624,12626,12624,1,-1
2020-08-24 15:06:20.170,12624,12625,12625,4,4
2020-08-24 15:06:20.170,12624,12625,12626,1,1
2020-08-24 15:06:26.598,12625,12626,12625,1,-1
2020-08-24 15:06:28.696,12625,12626,12626,2,2
2020-08-24 15:06:28.696,12625,12626,12627,3,3
2020-08-24 15:06:29.023,12625,12627,12627,5,5
2020-08-24 15:06:30.901,12626,12627,12627,2,2
2020-08-24 15:06:35.422,12626,12627,12627,1,1
2020-08-24 15:06:42.231,12626,12627,12626,1,-1
2020-08-24 15:06:45.526,12626,12627,12626,1,-1
2020-08-24 15:06:49.084,12626,12627,12626,1,-1
2020-08-24 15:07:00.488,12625,12626,12626,1,1
2020-08-24 15:07:00.488,12625,12626,12627,1,1
2020-08-24 15:07:08.830,12625,12626,12626,1,1
2020-08-24 15:07:12.536,12625,12626,12625,1,-1
2020-08-24 15:07:18.160,12625,12626,12626,1,1
2020-08-24 15:07:19.484,12625,12626,12626,1,1
2020-08-24 15:07:34.383,12625,12626,12625,1,-1
2020-08-24 15:07:34.964,12625,12626,12625,1,-1
2020-08-24 15:07:39.283,12625,12626,12625,1,-1
2020-08-24 15:07:39.284,12625,12626,12625,2,-2
2020-08-24 15:07:39.509,12624,12625,12625,3,3
2020-08-24 15:07:40.492,12624,12625,12625,1,1
2020-08-24 15:07:46.656,12624,12625,12624,3,-3
2020-08-24 15:07:46.656,12624,12625,12624,10,-10
2020-08-24 15:07:47.695,12623,12624,12623,1,-1
2020-08-24 15:07:49.073,12623,12624,12624,1,1
2020-08-24 15:07:51.451,12623,12624,12623,4,-4
2020-08-24 15:07:52.913,12623,12624,12623,1,-1
2020-08-24 15:07:53.742,12623,12624,12623,3,-3
2020-08-24 15:07:53.742,12623,12624,12622,1,-1
2020-08-24 15:07:54.046,12622,12623,12622,1,-1
2020-08-24 15:07:54.858,12622,12624,12622,2,-2
2020-08-24 15:07:56.411,12622,12624,12622,1,-1
2020-08-24 15:07:56.509,12622,12624,12622,1,-1
2020-08-24 15:07:56.644,12622,12624,12622,3,-3
2020-08-24 15:07:59.254,12622,12623,12622,1,-1
2020-08-24 15:08:02.251,12622,12623,12622,2,-2
2020-08-24 15:08:10.190,12622,12623,12622,6,-6
2020-08-24 15:08:12.710,12621,12622,12622,1,1
2020-08-24 15:08:13.238,12622,12623,12623,1,1
2020-08-24 15:08:21.486,12622,12623,12622,5,-5
2020-08-24 15:08:22.447,12621,12622,12622,1,1
2020-08-24 15:08:25.688,12621,12622,12621,1,-1
2020-08-24 15:08:25.740,12621,12622,12622,1,1
2020-08-24 15:08:25.857,12621,12622,12621,1,-1
2020-08-24 15:08:26.154,12621,12622,12622,1,1
2020-08-24 15:08:27.039,12621,12622,12622,1,1
2020-08-24 15:08:28.785,12621,12622,12621,1,-1
2020-08-24 15:08:29.552,12621,12622,12622,2,2
2020-08-24 15:08:35.655,12621,12622,12622,1,1
2020-08-24 15:08:37.422,12621,12622,12621,1,-1
2020-08-24 15:08:39.724,12621,12622,12622,1,1
2020-08-24 15:08:40.859,12621,12622,12622,31,31
2020-08-24 15:08:48.903,12622,12623,12622,1,-1
2020-08-24 15:08:53.439,12622,12623,12622,2,-2
2020-08-24 15:08:53.896,12621,12622,12622,1,1
2020-08-24 15:08:57.077,12621,12622,12622,1,1
2020-08-24 15:09:14.274,12621,12622,12622,1,1
2020-08-24 15:09:17.622,12622,12623,12622,1,-1
2020-08-24 15:09:18.123,12622,12623,12622,1,-1
2020-08-24 15:09:29.679,12622,12623,12622,3,-3
2020-08-24 15:09:31.441,12622,12623,12622,1,-1
2020-08-24 15:09:42.039,12622,12623,12622,1,-1
2020-08-24 15:09:42.039,12622,12623,12622,3,-3
2020-08-24 15:09:49.645,12622,12623,12622,3,-3
2020-08-24 15:09:56.827,12622,12623,12622,1,-1
2020-08-24 15:10:02.346,12622,12623,12622,1,-1
2020-08-24 15:10:03.774,12622,12623,12623,3,3
2020-08-24 15:10:03.774,12622,12623,12623,8,8
2020-08-24 15:10:04.071,12623,12624,12623,4,-4
2020-08-24 15:10:08.250,12623,12624,12624,4,4
2020-08-24 15:10:09.573,12624,12625,12625,16,16
2020-08-24 15:10:09.573,12624,12625,12625,4,4
2020-08-24 15:10:09.728,12625,12626,12626,1,1
2020-08-24 15:10:12.666,12625,12626,12626,2,2
2020-08-24 15:10:14.180,12625,12627,12627,2,2
2020-08-24 15:10:14.691,12625,12627,12627,1,1
2020-08-24 15:10:16.038,12626,12627,12627,2,2
2020-08-24 15:10:16.879,12626,12627,12627,6,6
2020-08-24 15:10:16.920,12626,12627,12627,1,1
2020-08-24 15:10:17.014,12626,12627,12627,1,1
2020-08-24 15:10:18.968,12627,12628,12627,1,-1
2020-08-24 15:10:19.067,12627,12628,12627,1,-1
2020-08-24 15:10:19.477,12626,12628,12628,1,1
2020-08-24 15:10:19.726,12626,12628,12626,1,-1
2020-08-24 15:10:20.478,12626,12628,12626,1,-1
2020-08-24 15:10:23.122,12626,12627,12627,2,2
2020-08-24 15:10:24.163,12627,12628,12628,2,2
2020-08-24 15:10:27.355,12627,12628,12628,3,3
2020-08-24 15:10:28.649,12627,12628,12627,1,-1
2020-08-24 15:10:29.329,12627,12628,12628,1,1
2020-08-24 15:10:35.838,12627,12628,12628,4,4
2020-08-24 15:10:35.943,12627,12628,12628,1,1
2020-08-24 15:10:37.190,12627,12628,12627,2,-2
2020-08-24 15:10:42.409,12627,12628,12627,1,-1
2020-08-24 15:10:50.945,12627,12628,12627,1,-1
2020-08-24 15:10:55.384,12627,12628,12627,2,-2
2020-08-24 15:10:55.384,12627,12628,12627,1,-1
2020-08-24 15:10:57.541,12626,12627,12627,1,1
2020-08-24 15:10:57.541,12626,12627,12628,8,8
2020-08-24 15:11:04.239,12627,12628,12627,1,-1
2020-08-24 15:11:04.512,12627,12628,12628,1,1
2020-08-24 15:11:09.286,12627,12628,12628,7,7
2020-08-24 15:11:10.291,12627,12628,12628,1,1
2020-08-24 15:11:16.303,12627,12628,12628,1,1
2020-08-24 15:11:16.390,12628,12629,12628,1,-1
2020-08-24 15:11:16.454,12628,12629,12628,2,-2
2020-08-24 15:11:17.768,12627,12629,12629,3,3
2020-08-24 15:11:19.987,12628,12629,12629,3,3
2020-08-24 15:11:23.789,12628,12629,12628,1,-1
2020-08-24 15:11:23.907,12628,12629,12628,4,-4
2020-08-24 15:11:27.634,12627,12628,12628,2,2
2020-08-24 15:11:31.375,12627,12628,12628,2,2
2020-08-24 15:11:31.798,12628,12629,12629,1,1
2020-08-24 15:11:34.729,12628,12629,12629,3,3
2020-08-24 15:11:37.458,12628,12629,12628,2,-2
2020-08-24 15:11:43.616,12627,12628,12627,7,-7
2020-08-24 15:11:43.777,12626,12627,12627,1,1
2020-08-24 15:11:55.499,12626,12627,12626,1,-1
2020-08-24 15:11:56.159,12626,12627,12627,1,1
2020-08-24 15:11:57.953,12626,12627,12627,1,1
2020-08-24 15:12:03.738,12626,12627,12626,2,-2
2020-08-24 15:12:03.932,12626,12627,12627,1,1
2020-08-24 15:12:03.932,12626,12627,12627,9,9
2020-08-24 15:12:03.932,12626,12627,12628,16,16
2020-08-24 15:12:03.941,12626,12627,12628,8,8
2020-08-24 15:12:03.941,12626,12627,12629,4,4
2020-08-24 15:12:03.959,12626,12627,12629,1,1
2020-08-24 15:12:04.030,12627,12629,12629,2,2
2020-08-24 15:12:04.061,12627,12629,12629,2,2
2020-08-24 15:12:06.179,12627,12629,12627,2,-2
2020-08-24 15:12:14.566,12627,12628,12627,2,-2
2020-08-24 15:12:14.676,12627,12628,12628,1,1
2020-08-24 15:12:15.331,12627,12628,12627,1,-1
2020-08-24 15:12:20.037,12627,12628,12627,1,-1
2020-08-24 15:12:21.322,12626,12627,12627,1,1
2020-08-24 15:12:21.556,12626,12627,12626,1,-1
2020-08-24 15:12:22.277,12626,12627,12626,1,-1
2020-08-24 15:12:23.144,12625,12626,12626,1,1
2020-08-24 15:12:25.835,12625,12626,12625,1,-1
2020-08-24 15:12:27.524,12625,12626,12626,1,1
2020-08-24 15:12:33.149,12625,12626,12625,1,-1
2020-08-24 15:12:34.027,12625,12626,12625,1,-1
2020-08-24 15:12:34.755,12625,12626,12625,1,-1
2020-08-24 15:12:42.396,12625,12626,12625,1,-1
2020-08-24 15:12:42.396,12625,12626,12624,1,-1
2020-08-24 15:12:54.849,12624,12626,12625,1,1
2020-08-24 15:13:01.766,12625,12626,12625,1,-1
2020-08-24 15:13:07.364,12625,12626,12625,2,-2
2020-08-24 15:13:07.692,12625,12626,12625,1,-1
2020-08-24 15:13:16.175,12625,12626,12625,1,-1
2020-08-24 15:13:16.175,12625,12626,12625,3,-3
2020-08-24 15:13:16.688,12624,12625,12625,1,1
2020-08-24 15:13:19.365,12624,12625,12624,1,-1
2020-08-24 15:13:30.664,12624,12625,12624,1,-1
2020-08-24 15:13:31.037,12624,12625,12625,1,1
2020-08-24 15:13:31.746,12624,12625,12624,1,-1
2020-08-24 15:13:33.769,12624,12625,12624,1,-1
2020-08-24 15:13:52.702,12624,12625,12624,1,-1
2020-08-24 15:13:52.948,12624,12625,12624,1,-1
2020-08-24 15:13:59.230,12624,12625,12624,1,-1
2020-08-24 15:14:02.702,12624,12625,12624,2,-2
2020-08-24 15:14:09.595,12624,12625,12624,1,-1
2020-08-24 15:14:10.025,12624,12625,12624,1,-1
2020-08-24 15:14:10.421,12624,12625,12625,8,8
2020-08-24 15:14:10.612,12624,12626,12624,1,-1
2020-08-24 15:14:10.613,12624,12626,12624,1,-1
2020-08-24 15:14:10.768,12624,12626,12626,1,1
2020-08-24 15:14:11.433,12624,12626,12624,1,-1
2020-08-24 15:14:11.664,12624,12626,12624,1,-1
2020-08-24 15:14:19.727,12624,12625,12624,1,-1
2020-08-24 15:14:21.344,12624,12625,12624,1,-1
2020-08-24 15:14:28.242,12624,12625,12624,1,-1
2020-08-24 15:14:33.185,12624,12625,12624,1,-1
2020-08-24 15:14:36.777,12624,12625,12625,2,2
2020-08-24 15:14:36.835,12624,12625,12625,2,2
2020-08-24 15:14:48.082,12624,12625,12625,1,1
2020-08-24 15:14:53.665,12625,12626,12626,1,1
2020-08-24 15:15:01.968,12625,12626,12626,1,1
2020-08-24 15:15:01.969,12625,12626,12626,5,5
2020-08-24 15:15:01.969,12625,12626,12626,1,1
2020-08-24 15:15:01.969,12625,12626,12626,3,3
2020-08-24 15:15:02.574,12626,12627,12627,5,5
2020-08-24 15:15:02.574,12626,12627,12627,5,5
2020-08-24 15:15:02.793,12626,12628,12628,3,3
2020-08-24 15:15:03.241,12626,12628,12626,3,-3
2020-08-24 15:15:07.881,12625,12627,12627,1,1
2020-08-24 15:15:18.136,12627,12628,12628,6,6
2020-08-24 15:15:21.522,12627,12628,12628,1,1
2020-08-24 15:15:21.642,12627,12628,12628,1,1
2020-08-24 15:15:21.643,12627,12628,12628,1,1
2020-08-24 15:15:21.643,12627,12628,12628,1,1
2020-08-24 15:15:21.643,12627,12628,12629,1,1
2020-08-24 15:15:21.643,12627,12628,12629,1,1
2020-08-24 15:15:21.644,12627,12628,12629,1,1
2020-08-24 15:15:21.644,12627,12628,12629,1,1
2020-08-24 15:15:21.646,12627,12628,12629,1,1
2020-08-24 15:15:27.326,12628,12629,12629,1,1
2020-08-24 15:15:27.583,12628,12629,12629,2,2
2020-08-24 15:15:27.736,12628,12629,12628,1,-1
2020-08-24 15:15:31.590,12628,12629,12628,1,-1
2020-08-24 15:15:31.638,12628,12629,12628,1,-1
2020-08-24 15:15:33.767,12628,12629,12628,4,-4
2020-08-24 15:15:41.709,12627,12628,12628,1,1
2020-08-24 15:15:46.127,12626,12627,12627,1,1
2020-08-24 15:15:47.098,12626,12627,12627,1,1
2020-08-24 15:15:47.827,12626,12627,12626,1,-1
2020-08-24 15:15:52.761,12625,12626,12626,2,2
2020-08-24 15:15:57.873,12625,12626,12625,1,-1
2020-08-24 15:16:03.269,12625,12626,12625,6,-6
2020-08-24 15:16:05.595,12624,12626,12624,2,-2
2020-08-24 15:16:21.341,12624,12626,12626,4,4
2020-08-24 15:16:21.504,12624,12626,12626,1,1
2020-08-24 15:16:22.272,12625,12626,12625,1,-1
2020-08-24 15:16:22.393,12625,12626,12626,1,1
2020-08-24 15:16:22.459,12625,12626,12626,1,1
2020-08-24 15:16:25.324,12625,12627,12625,1,-1
2020-08-24 15:16:43.467,12625,12627,12625,5,-5
2020-08-24 15:16:44.373,12625,12627,12625,5,-5
2020-08-24 15:16:44.392,12625,12627,12627,1,1
2020-08-24 15:16:44.394,12625,12627,12627,1,1
2020-08-24 15:16:54.368,12624,12625,12624,4,-4
2020-08-24 15:16:55.128,12624,12625,12624,4,-4
2020-08-24 15:16:56.542,12624,12625,12624,2,-2
2020-08-24 15:16:57.624,12624,12625,12625,1,1
2020-08-24 15:17:00.489,12624,12626,12624,1,-1
2020-08-24 15:17:00.489,12624,12626,12624,1,-1
2020-08-24 15:17:10.905,12624,12625,12625,1,1
2020-08-24 15:17:16.401,12624,12626,12626,1,1
2020-08-24 15:17:17.811,12625,12626,12625,1,-1
2020-08-24 15:17:20.499,12624,12625,12625,2,2
2020-08-24 15:17:42.014,12624,12625,12624,1,-1
2020-08-24 15:17:44.094,12624,12625,12624,2,-2
2020-08-24 15:17:50.912,12624,12625,12624,3,-3
2020-08-24 15:17:50.913,12624,12625,12624,5,-5
2020-08-24 15:17:50.913,12624,12625,12624,2,-2
2020-08-24 15:17:56.987,12623,12624,12623,1,-1
2020-08-24 15:17:57.206,12623,12624,12624,3,3
2020-08-24 15:18:00.588,12623,12624,12624,1,1
2020-08-24 15:18:05.217,12623,12624,12623,1,-1
2020-08-24 15:18:08.632,12623,12624,12624,1,1
2020-08-24 15:18:10.519,12623,12624,12623,1,-1
2020-08-24 15:18:20.215,12623,12624,12623,1,-1
2020-08-24 15:18:20.617,12623,12624,12624,1,1
2020-08-24 15:18:23.676,12623,12624,12623,1,-1
2020-08-24 15:18:28.941,12623,12624,12624,5,5
2020-08-24 15:18:28.942,12623,12624,12624,1,1
2020-08-24 15:18:41.829,12623,12624,12623,1,-1
2020-08-24 15:19:01.738,12623,12624,12624,2,2
2020-08-24 15:19:08.166,12623,12624,12624,1,1
2020-08-24 15:19:09.680,12623,12624,12624,1,1
2020-08-24 15:19:10.718,12624,12625,12624,1,-1
2020-08-24 15:19:16.131,12624,12625,12624,1,-1
2020-08-24 15:19:27.309,12624,12625,12624,1,-1
2020-08-24 15:19:27.309,12624,12625,12624,2,-2
2020-08-24 15:19:29.232,12623,12624,12623,1,-1
2020-08-24 15:19:31.075,12623,12624,12623,1,-1
2020-08-24 15:19:31.075,12623,12624,12623,11,-11
2020-08-24 15:19:31.177,12622,12623,12622,1,-1
2020-08-24 15:19:33.933,12622,12623,12623,3,3
2020-08-24 15:19:33.984,12622,12623,12622,1,-1
2020-08-24 15:19:35.256,12622,12623,12622,1,-1
2020-08-24 15:19:36.403,12622,12623,12622,1,-1
2020-08-24 15:19:36.716,12622,12623,12622,1,-1
2020-08-24 15:19:37.070,12622,12623,12622,2,-2
2020-08-24 15:19:40.618,12622,12623,12623,1,1
2020-08-24 15:19:57.642,12622,12623,12622,2,-2
2020-08-24 15:19:59.413,12622,12623,12622,1,-1
2020-08-24 15:19:59.428,12622,12623,12622,2,-2
2020-08-24 15:20:02.378,12622,12623,12622,3,-3
2020-08-24 15:20:02.423,12622,12623,12622,1,-1
2020-08-24 15:20:04.423,12621,12622,12622,2,2
2020-08-24 15:20:04.423,12621,12622,12622,1,1
2020-08-24 15:20:13.166,12622,12623,12623,5,5
2020-08-24 15:20:15.353,12623,12624,12624,1,1
2020-08-24 15:20:18.155,12623,12624,12624,2,2
2020-08-24 15:20:19.157,12624,12625,12625,2,2
2020-08-24 15:20:19.283,12624,12625,12625,1,1
2020-08-24 15:20:19.378,12624,12625,12624,1,-1
2020-08-24 15:20:56.176,12623,12624,12624,2,2
2020-08-24 15:21:02.276,12624,12625,12624,2,-2
2020-08-24 15:21:03.040,12624,12625,12625,2,2
2020-08-24 15:21:10.357,12624,12626,12626,1,1
2020-08-24 15:21:14.114,12625,12626,12625,1,-1
2020-08-24 15:21:23.816,12625,12626,12625,1,-1
2020-08-24 15:21:23.816,12625,12626,12624,2,-2
2020-08-24 15:21:24.123,12624,12626,12625,1,1
2020-08-24 15:21:30.941,12624,12625,12625,1,1
2020-08-24 15:21:30.941,12624,12625,12625,1,1
2020-08-24 15:21:37.295,12625,12626,12625,1,-1
2020-08-24 15:21:47.941,12625,12626,12625,2,-2
2020-08-24 15:21:47.941,12625,12626,12625,1,-1
2020-08-24 15:22:05.459,12624,12625,12624,3,-3
2020-08-24 15:22:12.372,12623,12625,12625,1,1
2020-08-24 15:22:32.617,12624,12625,12624,1,-1
2020-08-24 15:22:33.387,12623,12624,12624,1,1
2020-08-24 15:22:33.387,12623,12624,12625,7,7
2020-08-24 15:22:33.821,12624,12625,12625,3,3
2020-08-24 15:22:38.181,12624,12625,12625,3,3
2020-08-24 15:22:38.182,12624,12625,12625,1,1
2020-08-24 15:22:39.627,12624,12625,12625,2,2
2020-08-24 15:22:47.240,12625,12626,12625,1,-1
2020-08-24 15:22:48.654,12623,12625,12625,1,1
2020-08-24 15:23:02.631,12624,12625,12625,1,1
2020-08-24 15:23:04.397,12624,12625,12624,1,-1
2020-08-24 15:23:04.969,12624,12625,12625,2,2
2020-08-24 15:23:11.094,12623,12625,12625,1,1
2020-08-24 15:23:42.161,12624,12625,12624,1,-1
2020-08-24 15:23:57.271,12624,12625,12625,1,1
2020-08-24 15:24:01.341,12624,12625,12624,1,-1
2020-08-24 15:24:02.905,12624,12625,12624,1,-1
2020-08-24 15:24:02.905,12624,12625,12624,1,-1
2020-08-24 15:24:02.906,12624,12625,12624,4,-4
2020-08-24 15:24:08.256,12623,12624,12623,1,-1
2020-08-24 15:24:08.336,12623,12624,12623,1,-1
2020-08-24 15:24:09.104,12622,12624,12622,1,-1
2020-08-24 15:24:14.741,12622,12623,12622,1,-1
2020-08-24 15:24:19.510,12622,12623,12622,1,-1
2020-08-24 15:24:25.297,12622,12623,12622,1,-1
2020-08-24 15:24:30.348,12623,12624,12623,1,1
2020-08-24 15:24:30.348,12623,12624,12622,1,-1
2020-08-24 15:24:42.398,12623,12624,12623,1,1
2020-08-24 15:25:09.923,12622,12623,12623,1,1
2020-08-24 15:25:10.123,12622,12623,12623,3,3
2020-08-24 15:25:11.754,12623,12624,12623,1,-1
2020-08-24 15:25:14.575,12623,12624,12624,1,1
2020-08-24 15:25:22.497,12624,12625,12625,1,1
2020-08-24 15:25:45.506,12624,12625,12625,1,1
2020-08-24 15:25:54.639,12624,12625,12625,1,1
2020-08-24 15:25:55.452,12624,12625,12624,1,-1
2020-08-24 15:26:11.514,12622,12624,12624,1,1
2020-08-24 15:26:44.946,12623,12624,12624,1,1
2020-08-24 15:26:45.609,12623,12624,12624,1,1
2020-08-24 15:26:47.646,12623,12624,12623,1,-1
2020-08-24 15:26:48.862,12623,12624,12623,1,-1
2020-08-24 15:26:53.345,12623,12624,12624,1,1
2020-08-24 15:26:56.458,12623,12624,12624,1,1
2020-08-24 15:27:00.863,12622,12624,12624,1,1
2020-08-24 15:27:07.878,12623,12624,12624,1,1
2020-08-24 15:27:24.238,12623,12624,12623,1,-1
2020-08-24 15:27:26.144,12623,12624,12623,1,-1
2020-08-24 15:27:35.327,12623,12624,12623,10,-10
2020-08-24 15:27:48.248,12622,12624,12624,1,1
2020-08-24 15:28:07.855,12622,12623,12623,1,1
2020-08-24 15:28:12.234,12622,12623,12623,3,3
2020-08-24 15:28:12.234,12622,12623,12623,2,2
2020-08-24 15:28:47.550,12623,12624,12623,1,-1
2020-08-24 15:28:47.551,12623,12624,12623,2,-2
2020-08-24 15:28:47.551,12623,12624,12623,2,-2
2020-08-24 15:28:49.916,12622,12623,12622,2,-2
2020-08-24 15:28:49.916,12622,12623,12622,2,-2
2020-08-24 15:28:49.916,12622,12623,12622,7,-7
2020-08-24 15:28:49.916,12622,12623,12622,4,-4
2020-08-24 15:28:55.210,12621,12622,12622,1,1
2020-08-24 15:29:03.852,12621,12622,12622,1,1
2020-08-24 15:29:33.785,12621,12622,12622,2,2
2020-08-24 15:29:42.709,12621,12622,12621,2,-2
2020-08-24 15:29:42.901,12621,12622,12621,1,-1
2020-08-24 15:29:43.079,12621,12622,12621,1,-1
2020-08-24 15:29:44.709,12621,12622,12621,1,-1
2020-08-24 15:29:44.760,12621,12622,12621,2,-2
2020-08-24 15:29:53.493,12621,12622,12621,1,-1
2020-08-24 15:29:58.231,12621,12622,12622,11,11
2020-08-24 15:29:58.231,12621,12622,12622,4,4
2020-08-24 15:29:58.232,12621,12622,12622,6,6
2020-08-24 15:29:58.232,12621,12622,12622,3,3
2020-08-24 15:30:04.317,12622,12624,12624,2,2
2020-08-24 15:30:04.964,12622,12624,12624,6,6
2020-08-24 15:30:06.411,12622,12624,12624,1,1
2020-08-24 15:30:12.219,12622,12623,12622,2,-2
2020-08-24 15:30:12.220,12622,12623,12622,1,-1
2020-08-24 15:30:17.442,12622,12623,12623,1,1
2020-08-24 15:30:22.313,12623,12624,12624,1,1
2020-08-24 15:30:22.313,12623,12624,12624,9,9
2020-08-24 15:30:22.313,12623,12624,12624,1,1
2020-08-24 15:30:22.314,12623,12624,12624,5,5
2020-08-24 15:30:22.314,12623,12624,12624,1,1
2020-08-24 15:30:22.314,12623,12624,12624,2,2
2020-08-24 15:30:25.397,12624,12625,12624,1,-1
2020-08-24 15:30:39.196,12624,12625,12624,1,-1
2020-08-24 15:30:47.015,12624,12625,12624,1,-1
2020-08-24 15:30:48.273,12623,12624,12624,4,4
2020-08-24 15:31:07.971,12624,12625,12624,1,-1
2020-08-24 15:31:12.062,12624,12625,12625,1,1
2020-08-24 15:31:12.347,12624,12625,12625,1,1
2020-08-24 15:31:16.666,12624,12625,12625,1,1
2020-08-24 15:31:17.551,12624,12625,12624,1,-1
2020-08-24 15:31:18.540,12624,12625,12624,1,-1
2020-08-24 15:31:24.569,12624,12625,12625,1,1
2020-08-24 15:31:29.375,12624,12625,12625,1,1
2020-08-24 15:31:33.034,12624,12625,12625,2,2
2020-08-24 15:31:33.034,12624,12625,12625,4,4
2020-08-24 15:31:40.306,12625,12626,12625,1,-1
2020-08-24 15:31:40.306,12625,12626,12625,1,-1
2020-08-24 15:32:10.681,12625,12626,12626,1,1
2020-08-24 15:32:11.302,12625,12626,12626,1,1
2020-08-24 15:32:14.513,12625,12626,12626,1,1
2020-08-24 15:32:24.197,12625,12626,12625,10,-10
2020-08-24 15:32:31.530,12624,12625,12625,1,1
2020-08-24 15:33:06.168,12624,12625,12625,1,1
2020-08-24 15:33:06.733,12625,12626,12625,1,-1
2020-08-24 15:33:13.503,12624,12625,12624,2,-2
2020-08-24 15:33:13.503,12624,12625,12624,2,-2
2020-08-24 15:33:15.305,12623,12624,12623,6,-6
2020-08-24 15:33:16.368,12622,12623,12622,1,-1
2020-08-24 15:33:23.644,12622,12623,12623,1,1
2020-08-24 15:33:32.737,12623,12624,12623,1,-1
2020-08-24 15:33:46.649,12623,12624,12624,1,1
2020-08-24 15:33:55.399,12624,12626,12624,1,-1
2020-08-24 15:34:27.555,12623,12625,12624,1,-1
2020-08-24 15:34:31.423,12624,12625,12625,1,1
2020-08-24 15:34:39.263,12624,12625,12625,1,1
2020-08-24 15:34:46.419,12624,12625,12624,1,-1
2020-08-24 15:34:47.791,12624,12625,12625,1,1
2020-08-24 15:34:51.596,12624,12625,12624,10,-10
2020-08-24 15:34:51.596,12624,12625,12624,3,-3
2020-08-24 15:34:51.596,12624,12625,12624,5,-5
2020-08-24 15:34:51.596,12624,12625,12624,1,-1
2020-08-24 15:34:52.793,12623,12624,12624,2,2
2020-08-24 15:34:56.025,12624,12625,12624,2,-2
2020-08-24 15:35:02.184,12623,12624,12623,6,-6
2020-08-24 15:35:03.503,12624,12625,12625,2,2
2020-08-24 15:35:03.504,12624,12625,12625,3,3
2020-08-24 15:35:03.599,12624,12626,12624,5,-5
2020-08-24 15:35:09.962,12624,12625,12625,1,1
2020-08-24 15:35:12.566,12625,12626,12626,1,1
2020-08-24 15:35:12.566,12625,12626,12626,2,2
2020-08-24 15:35:12.566,12625,12626,12626,2,2
2020-08-24 15:35:12.566,12625,12626,12626,10,10
2020-08-24 15:35:13.670,12626,12627,12627,1,1
2020-08-24 15:35:14.029,12626,12627,12627,1,1
2020-08-24 15:35:14.419,12626,12627,12627,1,1
2020-08-24 15:35:18.724,12626,12627,12626,2,-2
2020-08-24 15:35:25.125,12625,12627,12626,2,-2
2020-08-24 15:35:31.272,12626,12627,12626,1,-1
2020-08-24 15:35:31.864,12626,12627,12627,2,2
2020-08-24 15:35:31.864,12626,12627,12627,4,4
2020-08-24 15:35:31.864,12626,12627,12627,3,3
2020-08-24 15:35:31.864,12626,12627,12627,2,2
2020-08-24 15:35:33.638,12626,12628,12626,1,-1
2020-08-24 15:35:35.965,12626,12627,12627,1,1
2020-08-24 15:35:42.397,12627,12628,12627,1,-1
2020-08-24 15:35:47.005,12627,12628,12627,2,-2
2020-08-24 15:35:47.286,12626,12627,12627,1,1
2020-08-24 15:36:01.337,12626,12627,12627,1,1
2020-08-24 15:36:04.462,12626,12627,12627,1,1
2020-08-24 15:36:06.863,12626,12627,12626,1,-1
2020-08-24 15:36:07.732,12626,12627,12627,12,12
2020-08-24 15:36:07.732,12626,12627,12628,5,5
2020-08-24 15:36:12.381,12626,12627,12627,2,2
2020-08-24 15:36:12.982,12626,12627,12627,1,1
2020-08-24 15:36:17.160,12626,12627,12626,1,-1
2020-08-24 15:36:31.820,12625,12626,12625,5,-5
2020-08-24 15:37:00.285,12624,12625,12625,1,1
2020-08-24 15:37:01.962,12624,12625,12625,1,1
2020-08-24 15:37:01.963,12624,12625,12625,1,1
2020-08-24 15:37:01.991,12624,12625,12625,3,3
2020-08-24 15:37:07.794,12624,12626,12626,1,1
2020-08-24 15:37:15.031,12624,12626,12625,1,-1
2020-08-24 15:37:26.656,12624,12625,12625,1,1
2020-08-24 15:37:27.440,12624,12625,12624,4,-4
2020-08-24 15:37:27.839,12624,12625,12625,2,2
2020-08-24 15:37:30.984,12624,12625,12624,2,-2
2020-08-24 15:37:30.984,12624,12625,12624,3,-3
2020-08-24 15:37:34.497,12623,12625,12625,1,1
2020-08-24 15:37:34.698,12623,12624,12624,1,1
2020-08-24 15:37:50.289,12624,12625,12624,1,-1
2020-08-24 15:38:09.962,12624,12625,12624,1,-1
2020-08-24 15:38:25.071,12624,12625,12624,1,-1
2020-08-24 15:38:26.238,12624,12625,12625,1,1
2020-08-24 15:38:42.830,12624,12625,12625,2,2
2020-08-24 15:38:42.830,12624,12625,12625,1,1
2020-08-24 15:38:53.961,12625,12626,12625,1,-1
2020-08-24 15:39:02.423,12625,12626,12626,1,1
2020-08-24 15:39:02.876,12625,12626,12626,1,1
2020-08-24 15:39:10.846,12625,12626,12626,1,1
2020-08-24 15:39:11.299,12625,12626,12626,1,1
2020-08-24 15:39:15.503,12625,12626,12625,1,-1
2020-08-24 15:39:41.073,12625,12626,12626,7,7
2020-08-24 15:39:41.074,12625,12626,12626,3,3
2020-08-24 15:39:55.484,12626,12627,12626,1,-1
2020-08-24 15:39:57.000,12625,12626,12626,1,1
2020-08-24 15:39:58.559,12625,12626,12625,7,-7
2020-08-24 15:39:59.024,12624,12625,12625,1,1
2020-08-24 15:40:00.198,12624,12625,12624,3,-3
2020-08-24 15:40:00.902,12624,12625,12625,1,1
2020-08-24 15:40:07.089,12624,12625,12625,1,1
2020-08-24 15:40:09.280,12624,12626,12625,1,-1
2020-08-24 15:40:33.519,12625,12626,12626,1,1
2020-08-24 15:40:36.729,12625,12626,12625,1,-1
2020-08-24 15:40:55.408,12625,12626,12626,2,2
2020-08-24 15:40:58.968,12625,12626,12626,2,2
2020-08-24 15:41:31.748,12625,12626,12625,13,-13
2020-08-24 15:41:32.238,12624,12625,12625,6,6
2020-08-24 15:41:32.238,12624,12625,12626,4,4
2020-08-24 15:41:39.870,12624,12625,12625,5,5
2020-08-24 15:41:40.450,12624,12626,12625,3,-3
2020-08-24 15:41:40.450,12624,12626,12625,3,-3
2020-08-24 15:42:00.042,12625,12626,12625,1,-1
2020-08-24 15:42:01.514,12625,12626,12625,7,-7
2020-08-24 15:42:01.514,12625,12626,12625,3,-3
2020-08-24 15:42:20.778,12624,12625,12625,1,1
2020-08-24 15:42:21.243,12624,12626,12626,2,2
2020-08-24 15:42:27.606,12624,12626,12625,1,-1
2020-08-24 15:42:39.825,12625,12626,12626,7,7
2020-08-24 15:42:53.669,12625,12626,12626,1,1
2020-08-24 15:43:14.841,12626,12627,12627,3,3
2020-08-24 15:43:15.474,12626,12628,12627,1,-1
2020-08-24 15:43:15.972,12626,12627,12627,1,1
2020-08-24 15:43:17.389,12626,12627,12627,1,1
2020-08-24 15:43:28.901,12626,12627,12626,2,-2
2020-08-24 15:43:30.650,12626,12627,12626,2,-2
2020-08-24 15:43:32.064,12625,12627,12627,2,2
2020-08-24 15:43:32.844,12625,12627,12625,1,-1
2020-08-24 15:43:44.571,12625,12626,12625,2,-2
2020-08-24 15:44:18.368,12625,12626,12625,1,-1
2020-08-24 15:44:45.939,12624,12625,12624,2,-2
2020-08-24 15:45:02.204,12624,12625,12624,3,-3
2020-08-24 15:45:05.662,12624,12625,12625,1,1
2020-08-24 15:45:05.662,12624,12625,12625,12,12
2020-08-24 15:45:05.663,12624,12625,12625,2,2
2020-08-24 15:45:05.663,12624,12625,12625,2,2
2020-08-24 15:45:05.663,12624,12625,12625,2,2
2020-08-24 15:45:08.274,12625,12626,12625,1,-1
2020-08-24 15:45:26.614,12624,12625,12625,1,1
2020-08-24 15:45:32.693,12625,12626,12625,1,-1
2020-08-24 15:46:29.358,12625,12626,12625,1,-1
2020-08-24 15:46:45.629,12624,12625,12624,1,-1
2020-08-24 15:46:45.629,12624,12625,12624,13,-13
2020-08-24 15:46:45.630,12624,12625,12624,3,-3
2020-08-24 15:46:45.630,12624,12625,12624,2,-2
2020-08-24 15:47:00.139,12624,12625,12624,1,-1
2020-08-24 15:47:06.182,12623,12624,12624,1,1
2020-08-24 15:47:10.274,12623,12624,12624,1,1
2020-08-24 15:47:16.278,12624,12625,12624,1,-1
2020-08-24 15:47:18.419,12623,12624,12624,1,1
2020-08-24 15:47:40.933,12624,12625,12624,9,-9
2020-08-24 15:47:46.973,12624,12625,12624,1,-1
2020-08-24 15:48:01.658,12624,12625,12625,1,1
2020-08-24 15:48:02.158,12624,12625,12625,1,1
2020-08-24 15:48:21.827,12624,12625,12625,2,2
2020-08-24 15:48:56.316,12624,12625,12624,1,-1
2020-08-24 15:49:00.552,12624,12625,12624,2,-2
2020-08-24 15:49:00.553,12624,12625,12624,1,-1
2020-08-24 15:49:43.702,12624,12625,12625,1,1
2020-08-24 15:50:05.943,12624,12625,12624,3,-3
2020-08-24 15:50:08.979,12623,12624,12624,2,2
2020-08-24 15:50:20.865,12623,12624,12624,1,1
2020-08-24 15:50:20.865,12623,12624,12624,1,1
2020-08-24 15:50:23.494,12624,12625,12624,1,-1
2020-08-24 15:50:29.803,12624,12625,12625,1,1
2020-08-24 15:50:31.073,12624,12625,12625,10,10
2020-08-24 15:50:42.276,12625,12626,12626,1,1
2020-08-24 15:51:00.692,12625,12626,12625,2,-2
2020-08-24 15:51:00.692,12625,12626,12625,4,-4
2020-08-24 15:51:00.710,12625,12626,12625,1,-1
2020-08-24 15:51:02.437,12625,12626,12625,2,-2
2020-08-24 15:51:02.482,12625,12626,12626,1,1
2020-08-24 15:51:14.121,12625,12626,12625,1,-1
2020-08-24 15:51:21.161,12624,12625,12625,1,1
2020-08-24 15:52:33.559,12625,12626,12626,1,1
2020-08-24 15:52:42.917,12625,12626,12626,1,1
2020-08-24 15:52:43.727,12625,12626,12626,2,2
2020-08-24 15:52:43.728,12625,12626,12626,1,1
2020-08-24 15:52:43.730,12625,12626,12626,18,18
2020-08-24 15:52:44.415,12626,12627,12627,2,2
2020-08-24 15:52:46.888,12626,12627,12627,1,1
2020-08-24 15:52:51.843,12626,12627,12627,3,3
2020-08-24 15:52:52.662,12627,12628,12627,1,-1
2020-08-24 15:53:00.893,12626,12627,12626,1,-1
2020-08-24 15:53:02.290,12626,12627,12627,4,4
2020-08-24 15:53:05.744,12626,12627,12627,1,1
2020-08-24 15:53:34.835,12626,12628,12628,1,1
2020-08-24 15:53:44.271,12626,12628,12628,1,1
2020-08-24 15:53:50.099,12627,12628,12627,4,-4
2020-08-24 15:53:53.912,12627,12628,12627,1,-1
2020-08-24 15:53:59.621,12626,12627,12626,1,-1
2020-08-24 15:53:59.622,12626,12627,12626,4,-4
2020-08-24 15:53:59.657,12625,12627,12627,1,1
2020-08-24 15:54:03.059,12626,12627,12627,1,1
2020-08-24 15:54:21.068,12626,12627,12627,1,1
2020-08-24 15:54:23.830,12626,12627,12627,1,1
2020-08-24 15:54:26.710,12626,12627,12627,1,1
2020-08-24 15:54:27.403,12626,12627,12627,1,1
2020-08-24 15:54:29.360,12626,12627,12627,1,1
2020-08-24 15:54:32.812,12627,12628,12627,1,-1
2020-08-24 15:54:35.418,12626,12627,12627,1,1
2020-08-24 15:54:36.873,12626,12627,12627,1,1
2020-08-24 15:54:55.121,12627,12628,12628,15,15
2020-08-24 15:54:55.121,12627,12628,12628,8,8
2020-08-24 15:54:57.976,12627,12629,12627,1,-1
2020-08-24 15:55:00.182,12628,12629,12628,1,1
2020-08-24 15:55:13.798,12628,12629,12629,1,1
2020-08-24 15:55:13.798,12628,12629,12629,2,2
2020-08-24 15:55:14.010,12628,12629,12629,1,1
2020-08-24 15:55:15.894,12628,12629,12629,1,1
2020-08-24 15:55:16.681,12628,12629,12629,1,1
2020-08-24 15:55:18.847,12628,12629,12629,1,1
2020-08-24 15:55:21.505,12628,12629,12629,1,1
2020-08-24 15:55:24.202,12628,12629,12629,1,1
2020-08-24 15:55:25.135,12628,12629,12628,1,-1
2020-08-24 15:55:27.306,12628,12629,12629,1,1
2020-08-24 15:55:27.956,12628,12629,12629,15,15
2020-08-24 15:55:29.682,12628,12629,12629,4,4
2020-08-24 15:55:29.682,12628,12629,12629,5,5
2020-08-24 15:55:29.682,12628,12629,12629,3,3
2020-08-24 15:55:29.682,12628,12629,12629,9,9
2020-08-24 15:55:29.897,12629,12630,12630,1,1
2020-08-24 15:55:30.052,12629,12630,12630,2,2
2020-08-24 15:55:33.146,12629,12630,12630,1,1
2020-08-24 15:55:37.342,12629,12630,12630,1,1
2020-08-24 15:55:37.384,12629,12630,12630,1,1
2020-08-24 15:55:37.503,12629,12630,12630,1,1
2020-08-24 15:55:44.564,12629,12630,12630,1,1
2020-08-24 15:55:48.688,12629,12630,12630,3,3
2020-08-24 15:55:52.661,12629,12630,12630,1,1
2020-08-24 15:55:55.189,12629,12630,12629,3,-3
2020-08-24 15:55:55.190,12629,12630,12629,2,-2
2020-08-24 15:55:58.474,12628,12629,12629,1,1
2020-08-24 15:56:00.009,12628,12629,12629,1,1
2020-08-24 15:56:02.174,12628,12629,12629,2,2
2020-08-24 15:56:05.388,12628,12629,12629,1,1
2020-08-24 15:56:20.714,12628,12629,12628,3,-3
2020-08-24 15:56:20.714,12628,12629,12628,2,-2
2020-08-24 15:56:20.714,12628,12629,12628,2,-2
2020-08-24 15:56:20.714,12628,12629,12628,12,-12
2020-08-24 15:56:34.057,12627,12628,12627,6,-6
2020-08-24 15:56:41.665,12626,12627,12627,1,1
2020-08-24 15:57:06.489,12626,12627,12627,1,1
2020-08-24 15:57:14.180,12627,12628,12627,1,-1
2020-08-24 15:57:17.855,12627,12628,12627,1,-1
2020-08-24 15:57:31.265,12627,12628,12627,1,-1
2020-08-24 15:57:34.389,12627,12628,12627,2,-2
2020-08-24 15:58:07.022,12627,12628,12627,3,-3
2020-08-24 15:58:07.182,12626,12628,12626,1,-1
2020-08-24 15:58:07.882,12626,12627,12626,1,-1
2020-08-24 15:58:18.337,12626,12627,12626,1,-1
2020-08-24 15:58:27.062,12626,12627,12626,16,-16
2020-08-24 15:58:29.533,12625,12626,12625,1,-1
2020-08-24 15:58:35.248,12625,12626,12625,1,-1
2020-08-24 15:58:39.739,12625,12626,12625,4,-4
2020-08-24 15:58:44.077,12625,12626,12625,1,-1
2020-08-24 15:58:46.159,12625,12626,12625,1,-1
2020-08-24 15:58:47.943,12625,12626,12625,1,-1
2020-08-24 15:59:15.105,12625,12626,12625,1,-1
2020-08-24 15:59:27.997,12625,12626,12625,4,-4
2020-08-24 15:59:37.059,12624,12625,12624,1,-1
2020-08-24 15:59:39.332,12624,12625,12624,2,-2
2020-08-24 15:59:50.998,12624,12625,12625,5,5
2020-08-24 15:59:51.874,12624,12625,12625,1,1
2020-08-24 15:59:56.768,12624,12625,12625,10,10
2020-08-24 16:00:05.835,12625,12626,12626,3,3
2020-08-24 16:00:06.186,12626,12627,12627,2,2
2020-08-24 16:00:06.455,12626,12628,12628,2,2
2020-08-24 16:00:06.527,12626,12628,12628,2,2
2020-08-24 16:00:06.528,12626,12628,12627,3,-3
2020-08-24 16:00:06.529,12626,12628,12627,1,-1
2020-08-24 16:00:20.485,12627,12628,12628,1,1
2020-08-24 16:00:22.159,12627,12628,12628,1,1
2020-08-24 16:00:22.229,12627,12628,12628,1,1
2020-08-24 16:00:25.478,12628,12629,12628,1,-1
2020-08-24 16:00:26.110,12628,12629,12628,1,-1
2020-08-24 16:00:28.330,12628,12629,12629,8,8
2020-08-24 16:00:28.345,12628,12629,12630,1,1
2020-08-24 16:00:28.595,12629,12630,12630,1,1
2020-08-24 16:00:28.607,12629,12630,12630,1,1
2020-08-24 16:00:28.636,12629,12630,12630,1,1
2020-08-24 16:00:28.636,12629,12630,12630,3,3
2020-08-24 16:00:28.793,12629,12630,12630,2,2
2020-08-24 16:00:28.793,12629,12630,12630,2,2
2020-08-24 16:00:28.800,12629,12630,12630,6,6
2020-08-24 16:00:28.800,12629,12630,12630,4,4
2020-08-24 16:00:28.800,12629,12630,12630,5,5
2020-08-24 16:00:28.801,12629,12630,12630,18,18
2020-08-24 16:00:29.798,12630,12631,12631,1,1
2020-08-24 16:00:31.254,12630,12631,12631,1,1
2020-08-24 16:00:33.242,12630,12631,12630,1,-1
2020-08-24 16:00:40.362,12630,12631,12631,1,1
2020-08-24 16:00:45.142,12630,12631,12630,1,-1
2020-08-24 16:00:45.295,12630,12631,12631,1,1
2020-08-24 16:00:48.402,12630,12631,12630,1,-1
2020-08-24 16:00:49.518,12630,12631,12631,2,2
2020-08-24 16:00:54.503,12630,12631,12631,1,1
2020-08-24 16:00:56.029,12630,12631,12631,5,5
2020-08-24 16:00:56.114,12630,12631,12631,1,1
2020-08-24 16:01:01.619,12630,12631,12631,1,1
2020-08-24 16:01:01.783,12630,12631,12630,5,-5
2020-08-24 16:01:02.192,12629,12631,12631,1,1
2020-08-24 16:01:02.920,12629,12631,12631,1,1
2020-08-24 16:01:08.632,12629,12631,12629,1,-1
2020-08-24 16:01:08.706,12629,12631,12631,1,1
2020-08-24 16:01:10.031,12629,12631,12631,1,1
2020-08-24 16:01:13.342,12629,12631,12631,1,1
2020-08-24 16:01:15.623,12629,12631,12629,1,-1
2020-08-24 16:01:17.489,12629,12631,12631,1,1
2020-08-24 16:01:20.436,12629,12631,12631,1,1
2020-08-24 16:01:21.729,12629,12631,12631,1,1
2020-08-24 16:01:24.264,12629,12631,12631,1,1
2020-08-24 16:01:24.720,12629,12631,12631,1,1
2020-08-24 16:01:26.702,12630,12631,12631,1,1
2020-08-24 16:01:32.641,12630,12631,12630,5,-5
2020-08-24 16:01:33.073,12630,12631,12631,6,6
2020-08-24 16:01:35.195,12630,12631,12630,1,-1
2020-08-24 16:01:39.613,12630,12631,12630,2,-2
2020-08-24 16:01:40.046,12630,12631,12631,1,1
2020-08-24 16:01:42.654,12630,12631,12630,4,-4
2020-08-24 16:01:47.288,12629,12630,12629,2,-2
2020-08-24 16:01:47.288,12629,12630,12629,4,-4
2020-08-24 16:01:47.288,12629,12630,12629,2,-2
2020-08-24 16:01:47.289,12629,12630,12629,3,-3
2020-08-24 16:01:47.453,12628,12630,12628,1,-1
2020-08-24 16:01:49.646,12628,12629,12628,1,-1
2020-08-24 16:01:49.646,12628,12629,12628,1,-1
2020-08-24 16:01:50.121,12627,12629,12629,1,1
2020-08-24 16:02:02.688,12628,12629,12629,1,1
2020-08-24 16:02:05.198,12628,12629,12628,6,-6
2020-08-24 16:02:05.198,12628,12629,12627,18,-18
2020-08-24 16:02:05.199,12628,12629,12627,1,-1
2020-08-24 16:02:05.199,12628,12629,12627,1,-1
2020-08-24 16:02:06.005,12626,12627,12627,2,2
2020-08-24 16:02:15.625,12626,12627,12627,2,2
2020-08-24 16:02:15.626,12626,12627,12627,1,1
2020-08-24 16:02:15.626,12626,12627,12627,2,2
2020-08-24 16:02:15.626,12626,12627,12627,2,2
2020-08-24 16:02:15.640,12627,12628,12627,1,-1
2020-08-24 16:02:25.946,12627,12628,12627,1,-1
2020-08-24 16:02:34.329,12627,12628,12627,1,-1
2020-08-24 16:02:54.393,12627,12628,12628,1,1
2020-08-24 16:02:58.614,12627,12628,12627,3,-3
2020-08-24 16:03:05.549,12626,12627,12627,3,3
2020-08-24 16:03:08.069,12627,12628,12628,3,3
2020-08-24 16:03:15.751,12627,12628,12627,2,-2
2020-08-24 16:03:16.900,12626,12628,12628,1,1
2020-08-24 16:03:28.042,12627,12628,12628,1,1
2020-08-24 16:03:31.997,12627,12628,12628,1,1
2020-08-24 16:03:33.865,12627,12628,12628,1,1
2020-08-24 16:03:44.008,12627,12628,12627,4,-4
2020-08-24 16:03:44.020,12626,12627,12627,5,5
2020-08-24 16:03:45.674,12626,12627,12627,2,2
2020-08-24 16:03:55.424,12627,12628,12627,2,-2
2020-08-24 16:03:55.424,12627,12628,12627,3,-3
2020-08-24 16:03:57.702,12626,12627,12627,1,1
2020-08-24 16:03:59.718,12626,12627,12627,1,1
2020-08-24 16:04:00.662,12626,12627,12627,1,1
2020-08-24 16:04:02.139,12626,12627,12627,1,1
2020-08-24 16:04:13.342,12626,12627,12626,2,-2
2020-08-24 16:04:13.343,12626,12627,12626,3,-3
2020-08-24 16:04:18.063,12625,12626,12626,3,3
2020-08-24 16:04:25.274,12625,12626,12625,5,-5
2020-08-24 16:04:33.107,12625,12626,12625,1,-1
2020-08-24 16:04:35.717,12625,12626,12625,1,-1
2020-08-24 16:04:42.488,12625,12626,12625,4,-4
2020-08-24 16:04:43.264,12625,12626,12625,1,-1
2020-08-24 16:04:48.750,12625,12626,12625,1,-1
2020-08-24 16:04:48.750,12625,12626,12625,2,-2
2020-08-24 16:04:48.751,12625,12626,12625,4,-4
2020-08-24 16:04:48.790,12624,12625,12624,2,-2
2020-08-24 16:04:49.316,12624,12625,12624,1,-1
2020-08-24 16:04:54.001,12624,12625,12624,1,-1
2020-08-24 16:04:54.726,12624,12625,12624,1,-1
2020-08-24 16:04:54.726,12624,12625,12624,5,-5
2020-08-24 16:04:54.726,12624,12625,12624,5,-5
2020-08-24 16:04:54.726,12624,12625,12624,5,-5
2020-08-24 16:04:54.727,12624,12625,12624,5,-5
2020-08-24 16:04:54.727,12624,12625,12624,2,-2
2020-08-24 16:04:54.728,12624,12625,12624,7,-7
2020-08-24 16:04:55.336,12623,12625,12625,1,1
2020-08-24 16:04:58.859,12623,12625,12624,1,-1
2020-08-24 16:05:01.978,12623,12624,12624,1,1
2020-08-24 16:05:02.552,12623,12624,12623,4,-4
2020-08-24 16:05:04.318,12623,12624,12624,1,1
2020-08-24 16:05:05.898,12623,12624,12623,1,-1
2020-08-24 16:05:08.056,12623,12624,12623,5,-5
2020-08-24 16:05:08.531,12623,12624,12623,1,-1
2020-08-24 16:05:15.014,12623,12624,12624,1,1
2020-08-24 16:05:21.718,12623,12624,12624,1,1
2020-08-24 16:05:27.421,12623,12624,12624,1,1
2020-08-24 16:05:32.098,12623,12624,12624,1,1
2020-08-24 16:05:33.921,12623,12624,12624,1,1
2020-08-24 16:05:34.380,12623,12624,12624,1,1
2020-08-24 16:05:38.066,12623,12624,12624,2,2
2020-08-24 16:05:38.316,12623,12624,12624,1,1
2020-08-24 16:05:41.998,12623,12624,12624,1,1
2020-08-24 16:05:46.022,12623,12624,12624,2,2
2020-08-24 16:05:54.268,12623,12624,12623,1,-1
2020-08-24 16:05:58.737,12623,12624,12624,9,9
2020-08-24 16:05:58.738,12623,12624,12624,5,5
2020-08-24 16:05:58.738,12623,12624,12624,1,1
2020-08-24 16:06:02.039,12623,12624,12624,1,1
2020-08-24 16:06:02.619,12624,12625,12624,1,-1
2020-08-24 16:06:05.510,12623,12624,12623,8,-8
2020-08-24 16:06:08.950,12622,12623,12623,1,1
2020-08-24 16:06:15.009,12622,12623,12623,1,1
2020-08-24 16:06:32.469,12622,12623,12623,1,1
2020-08-24 16:06:32.469,12622,12623,12623,1,1
2020-08-24 16:06:32.470,12622,12623,12623,2,2
2020-08-24 16:06:34.042,12623,12624,12624,2,2
2020-08-24 16:06:34.042,12623,12624,12624,2,2
2020-08-24 16:06:34.042,12623,12624,12624,1,1
2020-08-24 16:06:34.349,12624,12625,12625,1,1
2020-08-24 16:06:51.265,12624,12625,12624,2,-2
2020-08-24 16:06:51.266,12624,12625,12624,2,-2
2020-08-24 16:06:51.267,12624,12625,12624,1,-1
2020-08-24 16:07:02.370,12623,12624,12624,1,1
2020-08-24 16:07:02.489,12623,12624,12624,1,1
2020-08-24 16:07:06.023,12623,12624,12624,3,3
2020-08-24 16:07:15.547,12624,12625,12624,5,-5
2020-08-24 16:07:19.136,12623,12625,12624,1,-1
2020-08-24 16:07:22.012,12624,12625,12625,2,2
2020-08-24 16:07:22.012,12624,12625,12625,2,2
2020-08-24 16:07:22.645,12624,12626,12624,5,-5
2020-08-24 16:07:24.166,12624,12626,12625,5,5
2020-08-24 16:07:47.139,12624,12625,12625,1,1
2020-08-24 16:07:52.506,12624,12625,12625,1,1
2020-08-24 16:07:57.363,12624,12625,12625,4,4
2020-08-24 16:07:57.947,12625,12626,12625,1,-1
2020-08-24 16:08:02.656,12624,12626,12626,1,1
2020-08-24 16:08:23.736,12625,12627,12627,1,1
2020-08-24 16:08:34.290,12625,12626,12626,1,1
2020-08-24 16:08:50.775,12625,12626,12625,1,-1
2020-08-24 16:09:02.523,12625,12626,12625,4,-4
2020-08-24 16:09:48.598,12624,12625,12625,1,1
2020-08-24 16:09:55.286,12624,12625,12624,1,-1
2020-08-24 16:10:02.325,12624,12625,12625,1,1
2020-08-24 16:10:02.359,12624,12625,12624,4,-4
2020-08-24 16:10:02.756,12624,12625,12624,2,-2
2020-08-24 16:10:02.756,12624,12625,12624,2,-2
2020-08-24 16:10:02.756,12624,12625,12624,2,-2
2020-08-24 16:10:02.756,12624,12625,12624,1,-1
2020-08-24 16:10:15.836,12623,12624,12624,1,1
2020-08-24 16:10:23.037,12624,12625,12624,1,-1
2020-08-24 16:10:28.295,12624,12625,12624,1,-1
2020-08-24 16:10:45.587,12623,12625,12625,5,5
2020-08-24 16:10:57.719,12623,12624,12624,1,1
2020-08-24 16:11:02.309,12623,12625,12623,3,-3
2020-08-24 16:11:02.432,12623,12625,12623,5,-5
2020-08-24 16:11:22.562,12623,12625,12623,1,-1
2020-08-24 16:11:22.825,12623,12624,12624,3,3
2020-08-24 16:11:29.579,12623,12624,12624,1,1
2020-08-24 16:11:47.279,12624,12625,12625,1,1
2020-08-24 16:11:50.639,12624,12625,12625,4,4
2020-08-24 16:11:56.932,12625,12626,12626,1,1
2020-08-24 16:11:59.139,12625,12626,12626,3,3
2020-08-24 16:12:00.305,12624,12626,12624,14,-14
2020-08-24 16:12:00.306,12624,12626,12624,1,-1
2020-08-24 16:12:00.307,12624,12626,12624,1,-1
2020-08-24 16:12:00.627,12624,12625,12624,3,-3
2020-08-24 16:12:01.141,12623,12625,12623,1,-1
2020-08-24 16:12:02.466,12623,12625,12623,3,-3
2020-08-24 16:12:16.959,12623,12624,12623,1,-1
2020-08-24 16:12:36.696,12622,12623,12622,1,-1
2020-08-24 16:12:42.173,12622,12623,12622,2,-2
2020-08-24 16:12:48.449,12622,12623,12622,1,-1
2020-08-24 16:12:53.759,12622,12623,12623,2,2
2020-08-24 16:13:11.091,12622,12623,12623,2,2
2020-08-24 16:13:36.139,12623,12624,12624,2,2
2020-08-24 16:14:24.921,12624,12625,12624,1,-1
2020-08-24 16:14:24.922,12624,12625,12624,1,-1
2020-08-24 16:14:50.085,12623,12625,12625,2,2
2020-08-24 16:15:12.653,12623,12624,12624,1,1
2020-08-24 16:15:33.791,12623,12624,12623,5,-5
2020-08-24 16:15:33.791,12623,12624,12623,1,-1
2020-08-24 16:15:34.014,12622,12623,12622,2,-2
2020-08-24 16:15:35.629,12622,12623,12622,2,-2
2020-08-24 16:15:43.834,12622,12623,12623,2,2
2020-08-24 16:15:45.967,12622,12623,12623,7,7
2020-08-24 16:15:45.971,12622,12623,12623,1,1
2020-08-24 16:15:47.315,12623,12624,12624,2,2
2020-08-24 16:15:47.316,12623,12624,12624,3,3
2020-08-24 16:16:01.138,12624,12625,12625,2,2
2020-08-24 16:16:04.049,12624,12625,12625,1,1
2020-08-24 16:16:18.114,12624,12625,12625,2,2
2020-08-24 16:16:30.021,12625,12626,12625,2,-2
2020-08-24 16:16:30.323,12625,12626,12624,1,-1
2020-08-24 16:16:37.288,12624,12626,12624,4,-4
2020-08-24 16:17:14.985,12624,12625,12624,1,-1
2020-08-24 16:17:15.018,12624,12625,12625,1,1
2020-08-24 16:17:15.018,12624,12625,12625,1,1
2020-08-24 16:17:15.018,12624,12625,12625,1,1
2020-08-24 16:17:15.018,12624,12625,12625,1,1
2020-08-24 16:17:15.019,12624,12625,12625,1,1
2020-08-24 16:17:15.019,12624,12625,12625,1,1
2020-08-24 16:17:15.019,12624,12625,12625,1,1
2020-08-24 16:17:15.020,12624,12625,12625,1,1
2020-08-24 16:17:15.020,12624,12625,12626,1,1
2020-08-24 16:17:15.020,12624,12625,12626,1,1
2020-08-24 16:17:15.020,12624,12625,12626,1,1
2020-08-24 16:17:15.022,12624,12625,12625,1,1
2020-08-24 16:17:15.690,12624,12625,12624,1,-1
2020-08-24 16:17:17.409,12624,12625,12624,2,-2
2020-08-24 16:17:54.100,12623,12624,12624,2,2
2020-08-24 16:18:03.995,12623,12624,12624,1,1
2020-08-24 16:18:17.631,12623,12624,12624,1,1
2020-08-24 16:18:32.241,12623,12624,12624,2,2
2020-08-24 16:18:32.241,12623,12624,12624,2,2
2020-08-24 16:18:53.533,12624,12625,12625,2,2
2020-08-24 16:18:59.773,12624,12625,12625,1,1
2020-08-24 16:19:15.838,12624,12625,12625,2,2
2020-08-24 16:19:15.839,12624,12625,12625,2,2
2020-08-24 16:19:21.490,12625,12626,12625,1,-1
2020-08-24 16:19:24.186,12624,12625,12625,1,1
2020-08-24 16:19:53.369,12624,12625,12625,1,1
2020-08-24 16:19:53.369,12624,12625,12625,9,9
2020-08-24 16:19:56.897,12625,12626,12626,2,2
2020-08-24 16:19:57.148,12625,12626,12626,2,2
2020-08-24 16:20:07.254,12626,12627,12626,1,-1
2020-08-24 16:20:12.338,12625,12626,12626,1,1
2020-08-24 16:20:18.880,12626,12627,12627,2,2
2020-08-24 16:20:18.880,12626,12627,12627,4,4
2020-08-24 16:20:18.956,12627,12628,12628,1,1
2020-08-24 16:20:19.092,12627,12628,12628,1,1
2020-08-24 16:20:19.986,12627,12628,12628,1,1
2020-08-24 16:20:19.986,12627,12628,12628,4,4
2020-08-24 16:20:19.987,12627,12628,12628,4,4
2020-08-24 16:20:19.987,12627,12628,12628,1,1
2020-08-24 16:20:27.696,12628,12629,12628,1,-1
2020-08-24 16:20:34.047,12627,12628,12628,1,1
2020-08-24 16:20:34.712,12627,12628,12628,1,1
2020-08-24 16:20:35.767,12627,12629,12629,1,1
2020-08-24 16:20:38.777,12627,12629,12628,1,-1
2020-08-24 16:20:43.429,12627,12628,12627,1,-1
2020-08-24 16:20:48.669,12627,12628,12627,1,-1
2020-08-24 16:20:51.032,12626,12627,12626,4,-4
2020-08-24 16:20:51.385,12625,12626,12626,1,1
2020-08-24 16:21:56.545,12626,12627,12626,2,-2
2020-08-24 16:22:05.938,12625,12626,12626,1,1
2020-08-24 16:22:36.376,12626,12627,12627,1,1
2020-08-24 16:22:43.005,12627,12628,12627,2,-2
2020-08-24 16:22:43.793,12626,12627,12627,1,1
2020-08-24 16:22:47.444,12626,12627,12627,2,2
2020-08-24 16:22:47.445,12626,12627,12627,3,3
2020-08-24 16:22:47.445,12626,12627,12627,2,2
2020-08-24 16:22:56.082,12626,12627,12627,1,1
2020-08-24 16:22:56.083,12626,12627,12627,1,1
2020-08-24 16:23:02.274,12626,12627,12627,1,1
2020-08-24 16:23:10.388,12626,12627,12627,1,1
2020-08-24 16:23:11.508,12626,12627,12627,3,3
2020-08-24 16:23:32.761,12626,12628,12626,5,-5
2020-08-24 16:23:51.073,12627,12628,12627,1,1
2020-08-24 16:24:05.645,12627,12628,12627,1,-1
2020-08-24 16:24:05.664,12627,12628,12627,2,-2
2020-08-24 16:24:18.030,12627,12628,12627,2,-2
2020-08-24 16:24:21.471,12626,12628,12628,1,1
2020-08-24 16:24:32.401,12626,12628,12627,10,-10
2020-08-24 16:24:44.070,12627,12628,12627,3,-3
2020-08-24 16:24:44.071,12627,12628,12627,2,-2
2020-08-24 16:24:58.881,12627,12628,12627,1,-1
2020-08-24 16:25:03.574,12627,12628,12627,1,-1
2020-08-24 16:25:08.889,12627,12628,12627,1,-1
2020-08-24 16:25:09.373,12627,12628,12627,1,-1
2020-08-24 16:25:09.373,12627,12628,12627,2,-2
2020-08-24 16:25:09.373,12627,12628,12627,1,-1
2020-08-24 16:25:10.793,12627,12628,12627,1,-1
2020-08-24 16:25:14.972,12626,12627,12627,5,5
2020-08-24 16:25:26.439,12626,12627,12626,5,-5
2020-08-24 16:25:30.790,12625,12626,12626,1,1
2020-08-24 16:25:38.433,12626,12627,12626,1,-1
2020-08-24 16:25:58.960,12627,12628,12627,5,5
2020-08-24 16:26:00.220,12626,12627,12626,2,-2
2020-08-24 16:26:00.220,12626,12627,12626,1,-1
2020-08-24 16:26:00.220,12626,12627,12626,2,-2
2020-08-24 16:26:00.220,12626,12627,12626,2,-2
2020-08-24 16:26:02.222,12625,12626,12626,3,3
2020-08-24 16:26:16.597,12626,12627,12627,1,1
2020-08-24 16:26:18.866,12626,12628,12626,2,-2
2020-08-24 16:26:22.591,12627,12628,12627,4,4
2020-08-24 16:26:23.096,12626,12628,12626,1,-1
2020-08-24 16:26:33.792,12626,12627,12626,2,-2
2020-08-24 16:26:38.787,12626,12627,12626,1,-1
2020-08-24 16:26:42.714,12625,12626,12625,1,-1
2020-08-24 16:26:42.790,12625,12626,12626,2,2
2020-08-24 16:26:46.316,12625,12626,12625,1,-1
2020-08-24 16:27:06.494,12625,12626,12625,1,-1
2020-08-24 16:27:09.450,12625,12626,12625,1,-1
2020-08-24 16:27:30.864,12625,12626,12626,1,1
2020-08-24 16:28:00.653,12626,12627,12626,2,-2
2020-08-24 16:28:53.317,12625,12626,12625,2,-2
2020-08-24 16:28:53.666,12624,12626,12624,1,-1
2020-08-24 16:28:54.128,12624,12625,12624,1,-1
2020-08-24 16:28:54.133,12624,12625,12624,1,-1
2020-08-24 16:29:32.928,12623,12624,12624,5,5
2020-08-24 16:29:32.929,12623,12624,12624,1,1
2020-08-24 16:29:43.992,12624,12625,12625,2,2
2020-08-24 16:30:00.140,12625,12626,12625,1,-1
2020-08-24 16:30:00.140,12625,12626,12624,1,-1
2020-08-24 16:30:00.356,12624,12626,12626,1,1
2020-08-24 16:30:00.445,12624,12626,12626,1,1
2020-08-24 16:30:00.450,12624,12626,12626,5,5
2020-08-24 16:30:00.450,12624,12626,12627,20,20
2020-08-24 16:30:00.464,12624,12626,12627,9,9
2020-08-24 16:30:00.464,12624,12626,12628,3,3
2020-08-24 16:30:00.505,12624,12626,12628,2,2
2020-08-24 16:30:00.521,12626,12628,12628,2,2
2020-08-24 16:30:07.044,12627,12628,12628,3,3
2020-08-24 16:30:07.849,12628,12629,12629,1,1
2020-08-24 16:30:07.910,12628,12629,12629,1,1
2020-08-24 16:30:08.001,12628,12629,12628,1,-1
2020-08-24 16:30:08.139,12627,12628,12628,1,1
2020-08-24 16:30:09.514,12627,12628,12628,1,1
2020-08-24 16:30:09.639,12627,12628,12628,2,2
2020-08-24 16:30:15.469,12627,12628,12628,2,2
2020-08-24 16:30:15.469,12627,12628,12629,3,3
2020-08-24 16:30:17.056,12627,12628,12628,2,2
2020-08-24 16:30:18.352,12627,12628,12628,3,3
2020-08-24 16:30:31.940,12627,12629,12629,1,1
2020-08-24 16:30:55.375,12628,12629,12629,4,4
2020-08-24 16:31:07.168,12628,12629,12629,1,1
2020-08-24 16:31:08.986,12628,12629,12629,1,1
2020-08-24 16:31:10.238,12628,12629,12629,8,8
2020-08-24 16:31:10.239,12628,12629,12629,5,5
2020-08-24 16:31:10.239,12628,12629,12629,2,2
2020-08-24 16:31:10.239,12628,12629,12629,4,4
2020-08-24 16:31:10.239,12628,12629,12629,1,1
2020-08-24 16:31:23.441,12629,12630,12629,1,-1
2020-08-24 16:31:25.485,12629,12630,12630,1,1
2020-08-24 16:31:25.486,12629,12630,12630,2,2
2020-08-24 16:31:25.486,12629,12630,12630,9,9
2020-08-24 16:31:25.486,12629,12630,12630,4,4
2020-08-24 16:31:25.486,12629,12630,12630,2,2
2020-08-24 16:31:25.567,12630,12631,12631,1,1
2020-08-24 16:31:25.647,12630,12631,12631,2,2
2020-08-24 16:31:26.258,12630,12631,12631,8,8
2020-08-24 16:31:26.669,12631,12632,12632,24,24
2020-08-24 16:31:26.764,12632,12633,12633,6,6
2020-08-24 16:31:26.769,12632,12633,12634,2,2
2020-08-24 16:31:26.893,12633,12634,12634,1,1
2020-08-24 16:31:26.921,12633,12634,12634,1,1
2020-08-24 16:31:26.932,12633,12634,12634,1,1
2020-08-24 16:31:26.996,12633,12634,12634,1,1
2020-08-24 16:31:27.043,12633,12634,12634,1,1
2020-08-24 16:31:27.054,12633,12634,12634,2,2
2020-08-24 16:31:27.054,12633,12634,12634,6,6
2020-08-24 16:31:27.055,12633,12634,12634,1,1
2020-08-24 16:31:27.055,12633,12634,12635,1,1
2020-08-24 16:31:27.055,12633,12634,12635,1,1
2020-08-24 16:31:27.058,12633,12634,12635,1,1
2020-08-24 16:31:27.072,12633,12634,12635,2,2
2020-08-24 16:31:27.169,12634,12635,12635,1,1
2020-08-24 16:31:27.171,12634,12635,12635,1,1
2020-08-24 16:31:27.214,12634,12635,12635,1,1
2020-08-24 16:31:27.233,12634,12635,12635,3,3
2020-08-24 16:31:27.237,12634,12635,12635,1,1
2020-08-24 16:31:27.240,12634,12635,12635,4,4
2020-08-24 16:31:27.240,12634,12635,12635,1,1
2020-08-24 16:31:27.241,12634,12635,12635,3,3
2020-08-24 16:31:27.242,12634,12635,12635,4,4
2020-08-24 16:31:27.249,12634,12635,12636,2,2
2020-08-24 16:31:27.250,12634,12635,12636,1,1
2020-08-24 16:31:27.259,12634,12635,12636,1,1
2020-08-24 16:31:27.260,12634,12635,12636,1,1
2020-08-24 16:31:27.261,12634,12635,12636,1,1
2020-08-24 16:31:27.271,12635,12636,12636,2,2
2020-08-24 16:31:27.287,12635,12636,12636,2,2
2020-08-24 16:31:27.299,12635,12636,12636,1,1
2020-08-24 16:31:27.300,12635,12636,12636,1,1
2020-08-24 16:31:27.308,12635,12636,12637,1,1
2020-08-24 16:31:27.309,12635,12636,12637,5,5
2020-08-24 16:31:27.311,12635,12636,12637,1,1
2020-08-24 16:31:27.316,12635,12636,12637,1,1
2020-08-24 16:31:27.377,12635,12636,12637,1,1
2020-08-24 16:31:27.382,12635,12636,12637,1,1
2020-08-24 16:31:27.395,12636,12637,12637,1,1
2020-08-24 16:31:27.404,12636,12637,12637,2,2
2020-08-24 16:31:27.405,12636,12637,12637,4,4
2020-08-24 16:31:27.413,12636,12637,12638,5,5
2020-08-24 16:31:27.424,12636,12637,12638,1,1
2020-08-24 16:31:27.448,12636,12637,12638,5,5
2020-08-24 16:31:27.448,12636,12637,12638,4,4
2020-08-24 16:31:27.452,12636,12637,12639,1,1
2020-08-24 16:31:27.526,12637,12639,12639,1,1
2020-08-24 16:31:27.560,12637,12639,12639,1,1
2020-08-24 16:31:27.599,12637,12639,12639,1,1
2020-08-24 16:31:27.609,12637,12639,12639,1,1
2020-08-24 16:31:27.665,12638,12639,12639,1,1
2020-08-24 16:31:27.691,12638,12639,12639,1,1
2020-08-24 16:31:27.726,12638,12639,12639,1,1
2020-08-24 16:31:27.749,12638,12639,12639,1,1
2020-08-24 16:31:27.757,12638,12639,12639,1,1
2020-08-24 16:31:28.028,12638,12639,12639,1,1
2020-08-24 16:31:28.059,12638,12639,12639,1,1
2020-08-24 16:31:28.128,12638,12639,12639,1,1
2020-08-24 16:31:28.200,12638,12639,12639,1,1
2020-08-24 16:31:28.388,12638,12639,12638,1,-1
2020-08-24 16:31:28.389,12638,12639,12638,2,-2
2020-08-24 16:31:28.390,12638,12639,12637,1,-1
2020-08-24 16:31:28.501,12638,12639,12637,1,-1
2020-08-24 16:31:28.875,12636,12637,12636,5,-5
2020-08-24 16:31:28.875,12636,12637,12636,1,-1
2020-08-24 16:31:28.989,12635,12636,12635,1,-1
2020-08-24 16:31:28.992,12635,12636,12636,1,1
2020-08-24 16:31:29.074,12635,12636,12635,5,-5
2020-08-24 16:31:29.074,12635,12636,12635,10,-10
2020-08-24 16:31:29.076,12635,12636,12635,1,-1
2020-08-24 16:31:29.444,12634,12635,12635,1,1
2020-08-24 16:31:29.514,12634,12635,12635,6,6
2020-08-24 16:31:31.276,12634,12636,12636,1,1
2020-08-24 16:31:32.240,12635,12636,12636,2,2
2020-08-24 16:31:32.302,12635,12636,12636,2,2
2020-08-24 16:31:32.303,12635,12636,12636,1,1
2020-08-24 16:31:32.343,12635,12636,12636,1,1
2020-08-24 16:31:33.905,12635,12637,12635,1,-1
2020-08-24 16:31:35.882,12635,12636,12636,1,1
2020-08-24 16:31:35.885,12635,12636,12636,1,1
2020-08-24 16:31:36.601,12635,12636,12635,2,-2
2020-08-24 16:31:36.601,12635,12636,12635,1,-1
2020-08-24 16:31:36.603,12635,12636,12635,1,-1
2020-08-24 16:31:37.360,12635,12636,12635,1,-1
2020-08-24 16:31:39.815,12634,12635,12635,6,6
2020-08-24 16:31:40.004,12634,12635,12635,1,1
2020-08-24 16:31:42.428,12634,12635,12635,2,2
2020-08-24 16:31:43.720,12635,12636,12635,1,-1
2020-08-24 16:31:44.234,12634,12636,12636,1,1
2020-08-24 16:31:45.474,12635,12636,12636,1,1
2020-08-24 16:31:45.580,12635,12636,12635,5,-5
2020-08-24 16:31:47.429,12634,12635,12635,1,1
2020-08-24 16:31:48.967,12634,12635,12635,1,1
2020-08-24 16:31:51.865,12635,12636,12636,10,10
2020-08-24 16:31:53.893,12635,12636,12636,1,1
2020-08-24 16:31:55.783,12635,12636,12636,2,2
2020-08-24 16:31:55.783,12635,12636,12637,1,1
2020-08-24 16:31:57.051,12635,12636,12636,2,2
2020-08-24 16:31:58.038,12635,12636,12635,1,-1
2020-08-24 16:31:58.262,12635,12636,12636,7,7
2020-08-24 16:31:58.361,12635,12637,12636,2,-2
2020-08-24 16:31:59.209,12636,12638,12638,1,1
2020-08-24 16:31:59.287,12636,12638,12636,1,-1
2020-08-24 16:32:00.701,12637,12638,12638,1,1
2020-08-24 16:32:00.967,12638,12640,12638,10,-10
2020-08-24 16:32:01.745,12637,12639,12637,1,-1
2020-08-24 16:32:01.842,12637,12639,12637,1,-1
2020-08-24 16:32:01.995,12637,12639,12639,2,2
2020-08-24 16:32:02.046,12637,12639,12639,1,1
2020-08-24 16:32:02.387,12638,12639,12639,1,1
2020-08-24 16:32:02.646,12638,12639,12639,1,1
2020-08-24 16:32:02.980,12637,12639,12639,3,3
2020-08-24 16:32:04.267,12636,12638,12638,1,1
2020-08-24 16:32:04.679,12637,12638,12638,1,1
2020-08-24 16:32:06.971,12637,12638,12638,1,1
2020-08-24 16:32:07.032,12638,12639,12638,1,-1
2020-08-24 16:32:07.437,12638,12639,12639,2,2
2020-08-24 16:32:07.437,12638,12639,12639,2,2
2020-08-24 16:32:07.437,12638,12639,12639,4,4
2020-08-24 16:32:07.437,12638,12639,12639,2,2
2020-08-24 16:32:08.272,12639,12640,12640,1,1
2020-08-24 16:32:08.451,12639,12640,12640,30,30
2020-08-24 16:32:08.559,12640,12641,12641,1,1
2020-08-24 16:32:08.589,12640,12641,12641,1,1
2020-08-24 16:32:08.783,12640,12641,12641,1,1
2020-08-24 16:32:09.033,12640,12641,12641,3,3
2020-08-24 16:32:09.034,12640,12641,12641,3,3
2020-08-24 16:32:09.034,12640,12641,12641,12,12
2020-08-24 16:32:09.296,12641,12642,12641,4,-4
2020-08-24 16:32:09.337,12641,12642,12641,4,-4
2020-08-24 16:32:09.338,12641,12642,12641,2,-2
2020-08-24 16:32:09.490,12640,12642,12640,10,-10
2020-08-24 16:32:09.492,12640,12642,12640,1,-1
2020-08-24 16:32:11.365,12639,12641,12639,1,-1
2020-08-24 16:32:12.801,12639,12640,12639,1,-1
2020-08-24 16:32:13.130,12638,12640,12638,3,-3
2020-08-24 16:32:13.301,12638,12640,12639,1,1
2020-08-24 16:32:13.395,12638,12639,12639,2,2
2020-08-24 16:32:14.105,12638,12640,12638,2,-2
2020-08-24 16:32:14.189,12637,12639,12638,1,-1
2020-08-24 16:32:15.447,12637,12638,12638,2,2
2020-08-24 16:32:16.230,12637,12639,12638,1,-1
2020-08-24 16:32:18.710,12637,12638,12637,1,-1
2020-08-24 16:32:19.111,12637,12638,12637,1,-1
2020-08-24 16:32:19.372,12637,12638,12638,1,1
2020-08-24 16:32:19.777,12637,12639,12638,1,-1
2020-08-24 16:32:20.364,12637,12639,12638,2,-2
2020-08-24 16:32:20.364,12637,12639,12638,3,-3
2020-08-24 16:32:27.927,12637,12638,12637,3,-3
2020-08-24 16:32:31.404,12636,12637,12636,2,-2
2020-08-24 16:32:31.404,12636,12637,12636,2,-2
2020-08-24 16:32:31.404,12636,12637,12636,4,-4
2020-08-24 16:32:32.420,12635,12636,12635,1,-1
2020-08-24 16:32:42.382,12635,12636,12635,10,-10
2020-08-24 16:32:42.596,12634,12635,12634,1,-1
2020-08-24 16:32:44.128,12634,12635,12635,1,1
2020-08-24 16:32:48.483,12634,12635,12634,1,-1
2020-08-24 16:32:53.606,12634,12635,12634,1,-1
2020-08-24 16:33:00.141,12634,12635,12634,2,-2
2020-08-24 16:33:00.660,12634,12635,12635,1,1
2020-08-24 16:33:06.134,12634,12635,12635,1,1
2020-08-24 16:33:06.262,12634,12635,12635,4,4
2020-08-24 16:33:06.263,12634,12635,12635,4,4
2020-08-24 16:33:13.861,12634,12635,12635,1,1
2020-08-24 16:33:20.732,12635,12636,12636,1,1
2020-08-24 16:33:21.705,12635,12636,12636,1,1
2020-08-24 16:33:24.424,12635,12636,12636,1,1
2020-08-24 16:33:25.314,12635,12636,12635,1,-1
2020-08-24 16:33:27.640,12635,12636,12636,1,1
2020-08-24 16:33:31.077,12635,12636,12636,1,1
2020-08-24 16:33:33.916,12635,12636,12636,5,5
2020-08-24 16:33:36.873,12636,12637,12637,1,1
2020-08-24 16:33:38.256,12636,12637,12637,3,3
2020-08-24 16:33:40.543,12636,12637,12637,2,2
2020-08-24 16:33:43.251,12637,12638,12638,10,10
2020-08-24 16:33:47.165,12637,12638,12638,1,1
2020-08-24 16:33:48.663,12637,12638,12638,1,1
2020-08-24 16:33:56.886,12637,12638,12638,1,1
2020-08-24 16:33:57.096,12637,12638,12638,3,3
2020-08-24 16:33:58.660,12637,12639,12639,2,2
2020-08-24 16:34:00.435,12638,12639,12639,1,1
2020-08-24 16:34:03.570,12638,12639,12639,1,1
2020-08-24 16:34:03.916,12638,12639,12638,2,-2
2020-08-24 16:34:05.333,12638,12639,12639,2,2
2020-08-24 16:34:05.414,12638,12639,12638,1,-1
2020-08-24 16:34:05.962,12638,12639,12639,1,1
2020-08-24 16:34:09.059,12638,12639,12639,1,1
2020-08-24 16:34:12.499,12638,12639,12639,1,1
2020-08-24 16:34:14.324,12638,12639,12639,1,1
2020-08-24 16:34:14.652,12638,12639,12639,1,1
2020-08-24 16:34:20.287,12638,12639,12639,1,1
2020-08-24 16:34:22.092,12638,12639,12638,1,-1
2020-08-24 16:34:22.092,12638,12639,12638,1,-1
2020-08-24 16:34:25.139,12637,12638,12637,1,-1
2020-08-24 16:34:26.957,12637,12638,12638,3,3
2020-08-24 16:34:27.263,12637,12638,12637,1,-1
2020-08-24 16:34:33.684,12637,12639,12638,3,3
2020-08-24 16:34:33.684,12637,12639,12638,2,-2
2020-08-24 16:34:34.162,12637,12638,12638,1,1
2020-08-24 16:34:43.547,12638,12639,12638,1,-1
2020-08-24 16:34:46.931,12638,12639,12639,1,1
2020-08-24 16:34:47.869,12638,12639,12638,1,-1
2020-08-24 16:34:55.498,12638,12639,12638,1,-1
2020-08-24 16:34:59.657,12638,12639,12639,2,2
2020-08-24 16:35:00.168,12638,12639,12639,1,1
2020-08-24 16:35:01.069,12638,12639,12638,3,-3
2020-08-24 16:35:01.586,12638,12639,12639,1,1
2020-08-24 16:35:02.172,12638,12639,12639,1,1
2020-08-24 16:35:02.327,12638,12639,12639,2,2
2020-08-24 16:35:02.327,12638,12639,12639,2,2
2020-08-24 16:35:02.328,12638,12639,12639,2,2
2020-08-24 16:35:05.855,12638,12639,12639,1,1
2020-08-24 16:35:09.120,12638,12639,12639,1,1
2020-08-24 16:35:12.111,12638,12639,12639,3,3
2020-08-24 16:35:17.436,12638,12639,12638,1,-1
2020-08-24 16:35:26.115,12638,12639,12638,1,-1
2020-08-24 16:35:27.396,12638,12639,12638,1,-1
2020-08-24 16:35:32.931,12638,12639,12639,1,1
2020-08-24 16:35:36.373,12638,12639,12639,1,1
2020-08-24 16:35:43.655,12638,12639,12639,1,1
2020-08-24 16:35:49.578,12638,12639,12638,1,-1
2020-08-24 16:35:51.416,12638,12639,12639,1,1
2020-08-24 16:35:54.288,12638,12639,12639,1,1
2020-08-24 16:35:54.765,12638,12639,12639,4,4
2020-08-24 16:35:54.765,12638,12639,12639,2,2
2020-08-24 16:35:54.765,12638,12639,12639,3,3
2020-08-24 16:35:55.027,12639,12640,12639,9,-9
2020-08-24 16:36:03.950,12638,12639,12639,1,1
2020-08-24 16:36:05.541,12638,12639,12639,1,1
2020-08-24 16:36:11.057,12638,12639,12639,1,1
2020-08-24 16:36:13.418,12638,12639,12639,1,1
2020-08-24 16:36:15.959,12638,12639,12639,1,1
2020-08-24 16:36:18.620,12638,12639,12639,1,1
2020-08-24 16:36:19.168,12638,12639,12638,2,-2
2020-08-24 16:36:19.168,12638,12639,12638,3,-3
2020-08-24 16:36:20.904,12637,12638,12638,1,1
2020-08-24 16:36:21.014,12637,12638,12637,2,-2
2020-08-24 16:36:21.015,12637,12638,12637,2,-2
2020-08-24 16:36:21.271,12636,12637,12636,1,-1
2020-08-24 16:36:23.806,12636,12637,12636,1,-1
2020-08-24 16:36:26.130,12636,12637,12636,1,-1
2020-08-24 16:36:32.855,12636,12637,12636,1,-1
2020-08-24 16:36:34.826,12636,12637,12637,1,1
2020-08-24 16:36:35.069,12636,12637,12636,1,-1
2020-08-24 16:36:37.777,12636,12637,12637,2,2
2020-08-24 16:36:38.891,12636,12638,12636,2,-2
2020-08-24 16:36:39.447,12636,12638,12637,1,1
2020-08-24 16:36:40.886,12636,12637,12636,1,-1
2020-08-24 16:36:40.958,12635,12637,12637,1,1
2020-08-24 16:36:43.533,12635,12637,12636,1,-1
2020-08-24 16:36:44.663,12635,12636,12636,1,1
2020-08-24 16:36:47.604,12635,12637,12636,1,-1
2020-08-24 16:36:48.157,12635,12636,12636,1,1
2020-08-24 16:36:56.751,12636,12637,12636,1,-1
2020-08-24 16:37:01.152,12636,12637,12637,2,2
2020-08-24 16:37:02.357,12636,12637,12637,10,10
2020-08-24 16:37:02.676,12636,12637,12637,2,2
2020-08-24 16:37:02.676,12636,12637,12637,2,2
2020-08-24 16:37:02.677,12636,12637,12637,10,10
2020-08-24 16:37:12.428,12637,12638,12638,2,2
2020-08-24 16:37:21.406,12638,12639,12638,1,-1
2020-08-24 16:37:21.642,12638,12639,12639,5,5
2020-08-24 16:37:23.741,12638,12639,12639,1,1
2020-08-24 16:37:24.842,12638,12639,12639,1,1
2020-08-24 16:37:27.723,12638,12639,12639,2,2
2020-08-24 16:37:30.506,12638,12639,12639,3,3
2020-08-24 16:37:30.598,12638,12639,12639,3,3
2020-08-24 16:37:30.764,12638,12639,12639,4,4
2020-08-24 16:37:31.429,12639,12640,12640,7,7
2020-08-24 16:37:43.051,12639,12640,12640,1,1
2020-08-24 16:37:47.721,12639,12640,12639,1,-1
2020-08-24 16:37:50.729,12639,12640,12640,1,1
2020-08-24 16:37:54.693,12639,12640,12639,3,-3
2020-08-24 16:37:56.174,12639,12640,12639,10,-10
2020-08-24 16:37:56.174,12639,12640,12639,2,-2
2020-08-24 16:37:56.184,12639,12640,12639,8,-8
2020-08-24 16:37:56.190,12639,12640,12638,1,-1
2020-08-24 16:37:56.231,12639,12640,12639,12,12
2020-08-24 16:37:56.239,12639,12640,12639,5,-5
2020-08-24 16:37:56.507,12638,12639,12638,3,-3
2020-08-24 16:38:10.343,12638,12639,12638,4,-4
2020-08-24 16:38:10.343,12638,12639,12638,1,-1
2020-08-24 16:38:10.343,12638,12639,12638,7,-7
2020-08-24 16:38:10.674,12637,12638,12638,1,1
2020-08-24 16:38:15.925,12637,12638,12638,3,3
2020-08-24 16:38:16.706,12637,12638,12638,1,1
2020-08-24 16:38:39.939,12637,12638,12637,1,-1
2020-08-24 16:38:42.653,12637,12638,12637,1,-1
2020-08-24 16:38:48.176,12637,12638,12637,2,-2
2020-08-24 16:38:55.794,12637,12638,12638,13,13
2020-08-24 16:39:02.337,12638,12639,12638,4,-4
2020-08-24 16:39:07.277,12638,12639,12639,8,8
2020-08-24 16:39:07.278,12638,12639,12639,2,2
2020-08-24 16:39:07.328,12638,12639,12639,2,2
2020-08-24 16:39:07.379,12638,12639,12639,2,2
2020-08-24 16:39:07.390,12639,12640,12639,1,-1
2020-08-24 16:39:07.769,12639,12640,12639,3,-3
2020-08-24 16:39:12.141,12638,12639,12639,2,2
2020-08-24 16:39:13.550,12639,12640,12639,6,-6
2020-08-24 16:39:13.818,12638,12639,12638,15,-15
2020-08-24 16:39:17.361,12638,12639,12638,1,-1
2020-08-24 16:39:24.364,12638,12639,12639,10,10
2020-08-24 16:39:24.609,12638,12639,12638,1,-1
2020-08-24 16:39:29.170,12637,12638,12637,2,-2
2020-08-24 16:39:29.171,12637,12638,12637,2,-2
2020-08-24 16:39:29.467,12636,12637,12636,1,-1
2020-08-24 16:39:39.865,12636,12637,12637,1,1
2020-08-24 16:39:45.290,12636,12637,12637,5,5
2020-08-24 16:39:45.291,12636,12637,12637,4,4
2020-08-24 16:39:45.291,12636,12637,12637,1,1
2020-08-24 16:39:46.222,12636,12637,12637,2,2
2020-08-24 16:39:58.293,12637,12638,12637,1,-1
2020-08-24 16:40:11.447,12637,12638,12638,5,5
2020-08-24 16:40:11.844,12637,12638,12638,3,3
2020-08-24 16:40:12.283,12637,12639,12639,9,9
2020-08-24 16:40:12.531,12638,12639,12639,1,1
2020-08-24 16:40:12.893,12639,12640,12639,1,-1
2020-08-24 16:40:16.635,12638,12640,12638,1,-1
2020-08-24 16:40:17.438,12638,12640,12638,1,-1
2020-08-24 16:40:23.177,12637,12639,12639,5,5
2020-08-24 16:40:25.653,12637,12639,12637,4,-4
2020-08-24 16:40:30.185,12638,12639,12638,1,1
2020-08-24 16:40:30.447,12637,12639,12639,1,1
2020-08-24 16:40:35.026,12637,12638,12637,3,-3
2020-08-24 16:40:47.766,12637,12638,12638,1,1
2020-08-24 16:40:49.340,12637,12638,12638,1,1
2020-08-24 16:40:49.421,12637,12638,12637,1,-1
2020-08-24 16:40:52.660,12637,12638,12638,1,1
2020-08-24 16:42:00.296,12637,12638,12638,2,2
2020-08-24 16:42:00.296,12637,12638,12638,10,10
2020-08-24 16:42:00.713,12638,12639,12639,2,2
2020-08-24 16:42:00.713,12638,12639,12639,3,3
2020-08-24 16:42:00.713,12638,12639,12639,4,4
2020-08-24 16:42:00.713,12638,12639,12639,1,1
2020-08-24 16:42:00.713,12638,12639,12639,5,5
2020-08-24 16:42:00.974,12639,12640,12640,1,1
2020-08-24 16:42:01.011,12639,12640,12640,1,1
2020-08-24 16:42:01.057,12639,12640,12640,10,10
2020-08-24 16:42:03.684,12640,12641,12640,1,-1
2020-08-24 16:42:07.887,12640,12641,12641,1,1
2020-08-24 16:42:07.946,12640,12641,12641,4,4
2020-08-24 16:42:07.947,12640,12641,12642,4,4
2020-08-24 16:42:07.981,12640,12641,12642,2,2
2020-08-24 16:42:07.983,12640,12641,12642,2,2
2020-08-24 16:42:07.989,12640,12641,12642,1,1
2020-08-24 16:42:08.004,12640,12641,12642,1,1
2020-08-24 16:42:08.020,12641,12642,12642,2,2
2020-08-24 16:42:08.026,12641,12642,12642,2,2
2020-08-24 16:42:08.033,12641,12642,12642,2,2
2020-08-24 16:42:08.054,12641,12642,12642,4,4
2020-08-24 16:42:08.057,12641,12642,12642,1,1
2020-08-24 16:42:08.108,12641,12642,12642,3,3
2020-08-24 16:42:08.108,12641,12642,12642,1,1
2020-08-24 16:42:08.109,12641,12642,12642,2,2
2020-08-24 16:42:08.109,12641,12642,12642,1,1
2020-08-24 16:42:08.109,12641,12642,12642,1,1
2020-08-24 16:42:08.109,12641,12642,12642,1,1
2020-08-24 16:42:08.109,12641,12642,12642,14,14
2020-08-24 16:42:08.125,12641,12642,12643,3,3
2020-08-24 16:42:08.132,12641,12642,12643,1,1
2020-08-24 16:42:08.155,12642,12643,12643,1,1
2020-08-24 16:42:08.165,12642,12643,12643,1,1
2020-08-24 16:42:08.202,12642,12643,12643,1,1
2020-08-24 16:42:08.229,12642,12643,12643,1,1
2020-08-24 16:42:08.238,12642,12643,12644,1,1
2020-08-24 16:42:08.286,12642,12644,12644,2,2
2020-08-24 16:42:08.318,12642,12644,12643,1,-1
2020-08-24 16:42:08.389,12641,12643,12643,1,1
2020-08-24 16:42:08.451,12641,12643,12643,1,1
2020-08-24 16:42:08.459,12641,12643,12643,1,1
2020-08-24 16:42:08.511,12641,12643,12643,1,1
2020-08-24 16:42:08.519,12641,12643,12643,1,1
2020-08-24 16:42:08.692,12641,12643,12643,1,1
2020-08-24 16:42:08.721,12641,12643,12643,1,1
2020-08-24 16:42:08.723,12641,12643,12643,1,1
2020-08-24 16:42:08.749,12641,12643,12643,1,1
2020-08-24 16:42:08.862,12641,12643,12643,1,1
2020-08-24 16:42:09.037,12642,12644,12644,1,1
2020-08-24 16:42:10.666,12643,12644,12644,1,1
2020-08-24 16:42:12.375,12643,12644,12644,1,1
2020-08-24 16:42:12.375,12643,12644,12644,1,1
2020-08-24 16:42:12.800,12643,12644,12644,1,1
2020-08-24 16:42:13.256,12643,12644,12644,3,3
2020-08-24 16:42:13.256,12643,12644,12644,3,3
2020-08-24 16:42:13.256,12643,12644,12644,1,1
2020-08-24 16:42:13.488,12644,12645,12644,3,-3
2020-08-24 16:42:13.948,12642,12644,12644,1,1
2020-08-24 16:42:16.019,12643,12644,12644,1,1
2020-08-24 16:42:16.086,12643,12644,12644,1,1
2020-08-24 16:42:16.811,12643,12644,12643,1,-1
2020-08-24 16:42:17.805,12643,12644,12643,1,-1
2020-08-24 16:42:18.301,12642,12644,12644,2,2
2020-08-24 16:42:20.861,12642,12644,12644,1,1
2020-08-24 16:42:21.342,12643,12644,12643,1,-1
2020-08-24 16:42:22.559,12642,12644,12644,3,3
2020-08-24 16:42:23.850,12643,12644,12644,1,1
2020-08-24 16:42:26.552,12643,12644,12644,1,1
2020-08-24 16:42:28.475,12643,12645,12645,1,1
2020-08-24 16:42:28.567,12643,12645,12645,1,1
2020-08-24 16:42:28.649,12643,12645,12645,2,2
2020-08-24 16:42:28.717,12643,12645,12645,2,2
2020-08-24 16:42:28.723,12643,12645,12645,8,8
2020-08-24 16:42:28.747,12643,12645,12645,2,2
2020-08-24 16:42:28.756,12643,12645,12645,3,3
2020-08-24 16:42:28.765,12643,12645,12645,1,1
2020-08-24 16:42:28.806,12643,12645,12645,2,2
2020-08-24 16:42:28.816,12643,12645,12645,2,2
2020-08-24 16:42:28.822,12643,12645,12645,4,4
2020-08-24 16:42:28.829,12643,12645,12645,4,4
2020-08-24 16:42:28.830,12643,12645,12645,4,4
2020-08-24 16:42:28.830,12643,12645,12645,1,1
2020-08-24 16:42:28.873,12643,12645,12646,2,2
2020-08-24 16:42:28.976,12645,12646,12646,2,2
2020-08-24 16:42:28.979,12645,12646,12646,2,2
2020-08-24 16:42:29.052,12645,12646,12646,6,6
2020-08-24 16:42:29.053,12645,12646,12646,1,1
2020-08-24 16:42:29.053,12645,12646,12646,2,2
2020-08-24 16:42:29.053,12645,12646,12646,9,9
2020-08-24 16:42:29.054,12645,12646,12646,2,2
2020-08-24 16:42:29.072,12645,12646,12647,2,2
2020-08-24 16:42:29.080,12645,12646,12647,1,1
2020-08-24 16:42:29.092,12645,12646,12645,10,-10
2020-08-24 16:42:29.104,12645,12646,12646,1,1
2020-08-24 16:42:29.120,12645,12646,12646,2,2
2020-08-24 16:42:29.123,12645,12646,12647,1,1
2020-08-24 16:42:29.146,12645,12647,12647,4,4
2020-08-24 16:42:29.152,12645,12647,12647,1,1
2020-08-24 16:42:29.175,12645,12647,12647,2,2
2020-08-24 16:42:29.177,12645,12647,12647,4,4
2020-08-24 16:42:29.192,12645,12647,12647,1,1
2020-08-24 16:42:29.221,12645,12647,12647,1,1
2020-08-24 16:42:29.225,12645,12647,12647,1,1
2020-08-24 16:42:29.325,12645,12647,12647,2,2
2020-08-24 16:42:29.330,12645,12647,12647,2,2
2020-08-24 16:42:29.351,12645,12647,12647,6,6
2020-08-24 16:42:29.403,12645,12647,12647,2,2
2020-08-24 16:42:29.412,12645,12647,12647,2,2
2020-08-24 16:42:29.531,12646,12647,12647,1,1
2020-08-24 16:42:29.531,12646,12647,12648,1,1
2020-08-24 16:42:29.584,12646,12647,12648,1,1
2020-08-24 16:42:29.827,12646,12648,12648,1,1
2020-08-24 16:42:30.254,12646,12648,12648,1,1
2020-08-24 16:42:30.481,12646,12648,12648,1,1
2020-08-24 16:42:30.612,12646,12648,12648,1,1
2020-08-24 16:42:31.597,12644,12646,12644,5,-5
2020-08-24 16:42:31.599,12644,12646,12645,4,4
2020-08-24 16:42:32.111,12645,12646,12646,1,1
2020-08-24 16:42:32.956,12645,12646,12645,1,-1
2020-08-24 16:42:34.089,12645,12646,12645,2,-2
2020-08-24 16:42:34.397,12645,12646,12645,1,-1
2020-08-24 16:42:35.417,12645,12646,12646,2,2
2020-08-24 16:42:38.982,12645,12646,12646,1,1
2020-08-24 16:42:44.806,12646,12647,12646,1,-1
2020-08-24 16:42:44.871,12646,12647,12647,1,1
2020-08-24 16:42:49.925,12646,12647,12647,1,1
2020-08-24 16:42:50.548,12646,12647,12647,1,1
2020-08-24 16:42:51.086,12646,12647,12647,1,1
2020-08-24 16:42:55.213,12646,12647,12647,2,2
2020-08-24 16:42:56.647,12646,12647,12647,4,4
2020-08-24 16:43:01.010,12646,12647,12647,1,1
2020-08-24 16:43:01.020,12646,12647,12647,1,1
2020-08-24 16:43:02.198,12647,12648,12648,4,4
2020-08-24 16:43:03.078,12647,12648,12647,1,-1
2020-08-24 16:43:06.844,12646,12648,12646,2,-2
2020-08-24 16:43:15.354,12646,12647,12646,4,-4
2020-08-24 16:43:15.354,12646,12647,12646,1,-1
2020-08-24 16:43:18.394,12645,12646,12645,1,-1
2020-08-24 16:43:19.990,12645,12646,12645,2,-2
2020-08-24 16:43:23.238,12644,12646,12646,1,1
2020-08-24 16:43:24.133,12644,12646,12644,1,-1
2020-08-24 16:43:25.549,12644,12645,12644,2,-2
2020-08-24 16:43:30.539,12644,12645,12645,1,1
2020-08-24 16:43:32.195,12644,12645,12645,1,1
2020-08-24 16:43:32.275,12644,12645,12645,1,1
2020-08-24 16:43:32.613,12645,12646,12645,1,-1
2020-08-24 16:43:34.779,12645,12646,12645,3,-3
2020-08-24 16:43:34.904,12644,12646,12644,1,-1
2020-08-24 16:43:35.210,12644,12646,12644,1,-1
2020-08-24 16:43:38.465,12644,12646,12644,1,-1
2020-08-24 16:43:42.821,12644,12645,12644,1,-1
2020-08-24 16:43:42.951,12644,12645,12644,1,-1
2020-08-24 16:43:47.309,12644,12645,12644,8,-8
2020-08-24 16:43:47.310,12644,12645,12644,2,-2
2020-08-24 16:43:47.804,12643,12644,12644,1,1
2020-08-24 16:43:51.977,12643,12644,12643,2,-2
2020-08-24 16:43:51.977,12643,12644,12643,1,-1
2020-08-24 16:43:52.459,12642,12643,12643,1,1
2020-08-24 16:43:52.459,12642,12643,12644,1,1
2020-08-24 16:44:00.959,12642,12644,12644,1,1
2020-08-24 16:44:02.435,12643,12644,12644,2,2
2020-08-24 16:44:02.887,12643,12645,12645,1,1
2020-08-24 16:44:12.550,12643,12645,12645,1,1
2020-08-24 16:44:13.865,12643,12645,12644,6,-6
2020-08-24 16:44:13.865,12643,12645,12643,9,-9
2020-08-24 16:44:15.793,12643,12645,12645,1,1
2020-08-24 16:44:19.665,12643,12644,12644,1,1
2020-08-24 16:44:25.565,12643,12644,12644,1,1
2020-08-24 16:44:28.816,12643,12644,12644,1,1
2020-08-24 16:44:30.875,12643,12644,12644,1,1
2020-08-24 16:44:33.245,12643,12645,12645,1,1
2020-08-24 16:44:40.790,12643,12644,12644,3,3
2020-08-24 16:44:50.563,12644,12645,12645,4,4
2020-08-24 16:44:50.696,12645,12646,12646,6,6
2020-08-24 16:44:50.697,12645,12646,12646,3,3
2020-08-24 16:44:53.775,12646,12647,12646,1,-1
2020-08-24 16:44:53.830,12646,12647,12646,1,-1
2020-08-24 16:44:58.475,12645,12646,12645,1,-1
2020-08-24 16:45:03.765,12645,12647,12647,1,1
2020-08-24 16:45:03.837,12645,12647,12647,1,1
2020-08-24 16:45:04.331,12645,12647,12647,1,1
2020-08-24 16:45:04.336,12645,12647,12647,1,1
2020-08-24 16:45:04.339,12645,12647,12647,1,1
2020-08-24 16:45:04.401,12646,12647,12647,1,1
2020-08-24 16:45:04.487,12646,12647,12647,1,1
2020-08-24 16:45:04.489,12646,12647,12647,1,1
2020-08-24 16:45:05.020,12646,12647,12647,1,1
2020-08-24 16:45:05.096,12646,12647,12648,1,1
2020-08-24 16:45:05.480,12646,12648,12648,1,1
2020-08-24 16:45:05.492,12646,12648,12648,1,1
2020-08-24 16:45:05.683,12646,12648,12648,3,3
2020-08-24 16:45:05.692,12646,12648,12648,3,3
2020-08-24 16:45:05.703,12646,12648,12648,2,2
2020-08-24 16:45:05.712,12646,12648,12648,2,2
2020-08-24 16:45:05.712,12646,12648,12648,1,1
2020-08-24 16:45:05.713,12646,12648,12648,1,1
2020-08-24 16:45:05.728,12646,12648,12649,2,2
2020-08-24 16:45:05.863,12647,12649,12647,1,-1
2020-08-24 16:45:05.992,12647,12649,12648,1,1
2020-08-24 16:45:06.258,12648,12649,12649,1,1
2020-08-24 16:45:07.439,12647,12649,12647,4,-4
2020-08-24 16:45:07.517,12647,12648,12648,1,1
2020-08-24 16:45:07.519,12647,12648,12648,1,1
2020-08-24 16:45:08.895,12647,12648,12648,1,1
2020-08-24 16:45:08.895,12647,12648,12649,2,2
2020-08-24 16:45:09.212,12647,12648,12648,1,1
2020-08-24 16:45:16.754,12647,12648,12648,1,1
2020-08-24 16:45:18.555,12647,12648,12648,1,1
2020-08-24 16:45:18.642,12648,12649,12649,1,1
2020-08-24 16:45:18.643,12648,12649,12649,1,1
2020-08-24 16:45:18.643,12648,12649,12649,1,1
2020-08-24 16:45:18.643,12648,12649,12649,1,1
2020-08-24 16:45:22.092,12648,12649,12649,2,2
2020-08-24 16:45:23.878,12648,12649,12649,6,6
2020-08-24 16:45:24.633,12648,12649,12649,1,1
2020-08-24 16:45:24.839,12648,12649,12648,1,-1
2020-08-24 16:45:26.003,12648,12649,12649,1,1
2020-08-24 16:45:26.997,12648,12649,12649,6,6
2020-08-24 16:45:30.329,12648,12649,12649,1,1
2020-08-24 16:45:30.392,12648,12649,12649,1,1
2020-08-24 16:45:30.394,12648,12649,12649,1,1
2020-08-24 16:45:30.395,12648,12649,12649,1,1
2020-08-24 16:45:30.395,12648,12649,12649,3,3
2020-08-24 16:45:30.750,12648,12650,12650,1,1
2020-08-24 16:45:30.804,12648,12650,12648,1,-1
2020-08-24 16:45:30.808,12648,12650,12650,2,2
2020-08-24 16:45:30.852,12648,12650,12648,1,-1
2020-08-24 16:45:30.934,12648,12650,12649,1,1
2020-08-24 16:45:36.690,12649,12650,12649,1,-1
2020-08-24 16:45:39.530,12648,12649,12649,1,1
2020-08-24 16:45:42.960,12648,12649,12648,1,-1
2020-08-24 16:45:44.990,12648,12649,12648,14,-14
2020-08-24 16:45:45.901,12647,12648,12648,2,2
2020-08-24 16:45:47.112,12647,12648,12648,1,1
2020-08-24 16:45:50.141,12647,12648,12648,1,1
2020-08-24 16:45:54.102,12647,12648,12647,1,-1
2020-08-24 16:45:54.102,12647,12648,12647,5,-5
2020-08-24 16:45:54.102,12647,12648,12647,6,-6
2020-08-24 16:45:55.631,12645,12647,12647,2,2
2020-08-24 16:46:03.340,12645,12647,12646,1,-1
2020-08-24 16:46:12.474,12646,12647,12646,9,-9
2020-08-24 16:46:12.474,12646,12647,12645,4,-4
2020-08-24 16:46:13.031,12645,12647,12646,1,1
2020-08-24 16:46:13.142,12645,12646,12645,1,-1
2020-08-24 16:46:13.143,12645,12646,12645,1,-1
2020-08-24 16:46:13.144,12645,12646,12645,1,-1
2020-08-24 16:46:17.045,12645,12646,12645,1,-1
2020-08-24 16:46:17.810,12645,12646,12645,2,-2
2020-08-24 16:46:21.278,12645,12646,12645,1,-1
2020-08-24 16:46:21.393,12644,12646,12644,1,-1
2020-08-24 16:46:21.393,12644,12646,12644,1,-1
2020-08-24 16:46:21.393,12644,12646,12644,1,-1
2020-08-24 16:46:21.394,12644,12646,12644,1,-1
2020-08-24 16:46:32.769,12645,12646,12645,1,1
2020-08-24 16:46:38.782,12644,12645,12645,1,1
2020-08-24 16:46:38.895,12644,12645,12644,1,-1
2020-08-24 16:46:44.282,12644,12645,12644,1,-1
2020-08-24 16:46:44.393,12643,12645,12643,1,-1
2020-08-24 16:46:44.539,12643,12645,12643,1,-1
2020-08-24 16:46:48.615,12643,12644,12644,1,1
2020-08-24 16:46:53.238,12643,12645,12643,1,-1
2020-08-24 16:46:53.843,12644,12645,12644,1,1
2020-08-24 16:46:54.748,12644,12645,12644,1,-1
2020-08-24 16:46:55.448,12643,12645,12644,1,-1
2020-08-24 16:46:55.808,12644,12645,12644,1,-1
2020-08-24 16:46:58.027,12644,12645,12644,1,-1
2020-08-24 16:47:00.320,12644,12645,12645,4,4
2020-08-24 16:47:12.763,12645,12646,12646,1,1
2020-08-24 16:47:15.450,12645,12647,12645,1,-1
2020-08-24 16:47:21.357,12645,12646,12645,1,-1
2020-08-24 16:47:35.304,12645,12646,12646,6,6
2020-08-24 16:47:46.789,12647,12648,12647,1,1
2020-08-24 16:47:54.498,12646,12647,12647,1,1
2020-08-24 16:48:01.024,12647,12648,12647,1,-1
2020-08-24 16:48:01.545,12647,12648,12648,1,1
2020-08-24 16:48:01.597,12647,12648,12648,1,1
2020-08-24 16:48:01.598,12647,12648,12648,1,1
2020-08-24 16:48:01.598,12647,12648,12648,4,4
2020-08-24 16:48:01.792,12647,12648,12648,1,1
2020-08-24 16:48:01.792,12647,12648,12648,1,1
2020-08-24 16:48:01.792,12647,12648,12648,1,1
2020-08-24 16:48:01.957,12647,12649,12649,1,1
2020-08-24 16:48:02.242,12647,12649,12649,2,2
2020-08-24 16:48:02.449,12647,12649,12649,1,1
2020-08-24 16:48:02.454,12647,12649,12649,1,1
2020-08-24 16:48:02.535,12648,12649,12649,1,1
2020-08-24 16:48:03.393,12648,12649,12648,1,-1
2020-08-24 16:48:09.275,12648,12649,12648,2,-2
2020-08-24 16:48:11.000,12648,12649,12649,1,1
2020-08-24 16:48:11.972,12648,12649,12649,1,1
2020-08-24 16:48:12.498,12648,12649,12649,1,1
2020-08-24 16:48:14.998,12648,12649,12649,1,1
2020-08-24 16:48:18.372,12648,12649,12649,3,3
2020-08-24 16:48:18.372,12648,12649,12649,1,1
2020-08-24 16:48:22.711,12648,12649,12649,4,4
2020-08-24 16:48:23.891,12648,12649,12649,1,1
2020-08-24 16:48:24.014,12648,12649,12649,1,1
2020-08-24 16:48:24.025,12648,12649,12648,2,-2
2020-08-24 16:48:28.219,12648,12649,12648,1,-1
2020-08-24 16:48:32.892,12648,12649,12648,1,-1
2020-08-24 16:48:36.164,12648,12649,12649,2,2
2020-08-24 16:48:37.898,12648,12649,12649,2,2
2020-08-24 16:48:39.747,12648,12649,12649,2,2
2020-08-24 16:48:41.052,12649,12650,12649,2,-2
2020-08-24 16:48:41.053,12649,12650,12649,7,-7
2020-08-24 16:48:46.589,12648,12649,12649,1,1
2020-08-24 16:48:48.435,12648,12649,12648,1,-1
2020-08-24 16:48:49.559,12648,12649,12648,1,-1
2020-08-24 16:48:55.533,12648,12649,12648,1,-1
2020-08-24 16:48:55.977,12648,12649,12649,1,1
2020-08-24 16:48:56.755,12648,12649,12648,5,-5
2020-08-24 16:48:58.461,12647,12648,12648,1,1
2020-08-24 16:49:02.360,12647,12648,12648,4,4
2020-08-24 16:49:02.892,12648,12649,12649,1,1
2020-08-24 16:49:05.555,12648,12649,12649,1,1
2020-08-24 16:49:05.556,12648,12649,12649,1,1
2020-08-24 16:49:06.097,12649,12650,12650,2,2
2020-08-24 16:49:07.646,12649,12650,12650,1,1
2020-08-24 16:49:07.648,12649,12650,12650,1,1
2020-08-24 16:49:08.422,12649,12650,12649,1,-1
2020-08-24 16:49:08.738,12649,12650,12650,2,2
2020-08-24 16:49:08.940,12649,12650,12650,5,5
