2022-12-01 15:00:00,14940,14940,14940,356,0
2022-12-01 15:00:00,14941,14941,14941,2,2
2022-12-01 15:00:00,14942,14942,14942,8,8
2022-12-01 15:00:00,14942,14942,14942,2,0
2022-12-01 15:00:00,14943,14943,14943,6,6
2022-12-01 15:00:00,14943,14943,14943,2,0
2022-12-01 15:00:00,14941,14941,14941,2,-2
2022-12-01 15:00:00,14941,14941,14941,2,0
2022-12-01 15:00:00,14941,14941,14941,2,0
2022-12-01 15:00:00,14940,14940,14940,2,-2
2022-12-01 15:00:00,14940,14940,14940,2,0
2022-12-01 15:00:00,14940,14940,14940,2,0
2022-12-01 15:00:00,14940,14940,14940,2,0
2022-12-01 15:00:00,14940,14940,14940,18,0
2022-12-01 15:00:00,14940,14940,14940,2,0
2022-12-01 15:00:00,14940,14940,14940,2,0
2022-12-01 15:00:00,14940,14940,14940,2,0
2022-12-01 15:00:00,14941,14941,14941,2,2
2022-12-01 15:00:00,14944,14944,14944,2,2
2022-12-01 15:00:00,14944,14944,14944,2,0
2022-12-01 15:00:00,14944,14944,14944,4,0
2022-12-01 15:00:00,14945,14945,14945,2,2
2022-12-01 15:00:00,14942,14942,14942,2,-2
2022-12-01 15:00:00,14942,14942,14942,2,0
2022-12-01 15:00:00,14941,14941,14941,2,-2
2022-12-01 15:00:00,14941,14941,14941,2,0
2022-12-01 15:00:00,14940,14940,14940,2,-2
2022-12-01 15:00:00,14942,14942,14942,2,2
2022-12-01 15:00:00,14940,14940,14940,2,-2
2022-12-01 15:00:00,14942,14942,14942,2,2
2022-12-01 15:00:00,14940,14940,14940,2,-2
2022-12-01 15:00:00,14940,14940,14940,2,0
2022-12-01 15:00:00,14940,14940,14940,2,0
2022-12-01 15:00:00,14942,14942,14942,6,6
2022-12-01 15:00:00,14940,14940,14940,2,-2
2022-12-01 15:00:00,14942,14942,14942,6,6
2022-12-01 15:00:00,14942,14942,14942,2,0
2022-12-01 15:00:00,14944,14944,14944,8,8
2022-12-01 15:00:00,14942,14942,14942,2,-2
2022-12-01 15:00:01,14944,14944,14944,2,2
2022-12-01 15:00:01,14943,14943,14943,2,-2
2022-12-01 15:00:01,14943,14943,14943,2,0
2022-12-01 15:00:01,14943,14943,14943,2,0
2022-12-01 15:00:01,14943,14943,14943,2,0
2022-12-01 15:00:01,14944,14944,14944,2,2
2022-12-01 15:00:01,14944,14944,14944,2,0
2022-12-01 15:00:02,14943,14943,14943,2,-2
2022-12-01 15:00:02,14943,14943,14943,2,0
2022-12-01 15:00:02,14943,14943,14943,2,0
2022-12-01 15:00:02,14943,14943,14943,2,0
2022-12-01 15:00:02,14943,14943,14943,2,0
2022-12-01 15:00:02,14944,14944,14944,2,2
2022-12-01 15:00:02,14944,14944,14944,2,0
2022-12-01 15:00:02,14943,14943,14943,2,-2
2022-12-01 15:00:02,14943,14943,14943,4,0
2022-12-01 15:00:03,14943,14943,14943,2,0
2022-12-01 15:00:03,14944,14944,14944,2,2
2022-12-01 15:00:03,14944,14944,14944,2,0
2022-12-01 15:00:03,14942,14942,14942,2,-2
2022-12-01 15:00:03,14944,14944,14944,2,2
2022-12-01 15:00:03,14942,14942,14942,4,-4
2022-12-01 15:00:03,14942,14942,14942,2,0
2022-12-01 15:00:04,14944,14944,14944,2,2
2022-12-01 15:00:04,14944,14944,14944,2,0
2022-12-01 15:00:04,14944,14944,14944,2,0
2022-12-01 15:00:05,14944,14944,14944,2,0
2022-12-01 15:00:05,14942,14942,14942,2,-2
2022-12-01 15:00:05,14942,14942,14942,2,0
2022-12-01 15:00:05,14942,14942,14942,2,0
2022-12-01 15:00:05,14942,14942,14942,2,0
2022-12-01 15:00:05,14942,14942,14942,2,0
2022-12-01 15:00:05,14944,14944,14944,2,2
2022-12-01 15:00:05,14942,14942,14942,2,-2
2022-12-01 15:00:05,14944,14944,14944,2,2
2022-12-01 15:00:05,14944,14944,14944,10,0
2022-12-01 15:00:06,14943,14943,14943,4,-4
2022-12-01 15:00:06,14944,14944,14944,2,2
2022-12-01 15:00:06,14944,14944,14944,2,0
2022-12-01 15:00:07,14944,14944,14944,2,0
2022-12-01 15:00:07,14944,14944,14944,2,0
2022-12-01 15:00:08,14944,14944,14944,4,0
2022-12-01 15:00:08,14945,14945,14945,4,4
2022-12-01 15:00:08,14945,14945,14945,4,0
2022-12-01 15:00:08,14945,14945,14945,2,0
2022-12-01 15:00:08,14945,14945,14945,2,0
2022-12-01 15:00:09,14945,14945,14945,2,0
2022-12-01 15:00:09,14946,14946,14946,2,2
2022-12-01 15:00:09,14944,14944,14944,2,-2
2022-12-01 15:00:09,14944,14944,14944,2,0
2022-12-01 15:00:10,14944,14944,14944,2,0
2022-12-01 15:00:10,14944,14944,14944,2,0
2022-12-01 15:00:10,14944,14944,14944,2,0
2022-12-01 15:00:10,14944,14944,14944,2,0
2022-12-01 15:00:10,14945,14945,14945,4,4
2022-12-01 15:00:11,14944,14944,14944,2,-2
2022-12-01 15:00:11,14945,14945,14945,2,2
2022-12-01 15:00:12,14945,14945,14945,2,0
2022-12-01 15:00:13,14944,14944,14944,6,-6
2022-12-01 15:00:13,14944,14944,14944,2,0
2022-12-01 15:00:13,14945,14945,14945,2,2
2022-12-01 15:00:14,14944,14944,14944,4,-4
2022-12-01 15:00:14,14943,14943,14943,2,-2
2022-12-01 15:00:14,14943,14943,14943,2,0
2022-12-01 15:00:14,14943,14943,14943,2,0
2022-12-01 15:00:14,14943,14943,14943,2,0
2022-12-01 15:00:14,14943,14943,14943,2,0
2022-12-01 15:00:14,14943,14943,14943,2,0
2022-12-01 15:00:14,14943,14943,14943,2,0
2022-12-01 15:00:14,14943,14943,14943,4,0
2022-12-01 15:00:14,14943,14943,14943,2,0
2022-12-01 15:00:14,14943,14943,14943,2,0
2022-12-01 15:00:15,14943,14943,14943,2,0
2022-12-01 15:00:15,14943,14943,14943,2,0
2022-12-01 15:00:15,14944,14944,14944,2,2
2022-12-01 15:00:15,14944,14944,14944,2,0
2022-12-01 15:00:15,14944,14944,14944,2,0
2022-12-01 15:00:15,14944,14944,14944,2,0
2022-12-01 15:00:16,14942,14942,14942,2,-2
2022-12-01 15:00:16,14944,14944,14944,6,6
2022-12-01 15:00:16,14942,14942,14942,2,-2
2022-12-01 15:00:17,14944,14944,14944,4,4
2022-12-01 15:00:17,14944,14944,14944,2,0
2022-12-01 15:00:18,14944,14944,14944,2,0
2022-12-01 15:00:18,14944,14944,14944,2,0
2022-12-01 15:00:18,14943,14943,14943,6,-6
2022-12-01 15:00:18,14943,14943,14943,2,0
2022-12-01 15:00:18,14942,14942,14942,2,-2
2022-12-01 15:00:18,14942,14942,14942,2,0
2022-12-01 15:00:18,14942,14942,14942,2,0
2022-12-01 15:00:18,14942,14942,14942,6,0
2022-12-01 15:00:18,14942,14942,14942,2,0
2022-12-01 15:00:18,14942,14942,14942,2,0
2022-12-01 15:00:18,14942,14942,14942,2,0
2022-12-01 15:00:18,14941,14941,14941,2,-2
2022-12-01 15:00:18,14941,14941,14941,2,0
2022-12-01 15:00:18,14941,14941,14941,2,0
2022-12-01 15:00:18,14941,14941,14941,2,0
2022-12-01 15:00:18,14941,14941,14941,2,0
2022-12-01 15:00:18,14941,14941,14941,2,0
2022-12-01 15:00:18,14941,14941,14941,2,0
2022-12-01 15:00:18,14941,14941,14941,2,0
2022-12-01 15:00:18,14941,14941,14941,2,0
2022-12-01 15:00:18,14941,14941,14941,2,0
2022-12-01 15:00:18,14941,14941,14941,4,0
2022-12-01 15:00:18,14941,14941,14941,6,0
2022-12-01 15:00:18,14941,14941,14941,2,0
2022-12-01 15:00:18,14941,14941,14941,2,0
2022-12-01 15:00:18,14942,14942,14942,2,2
2022-12-01 15:00:18,14942,14942,14942,2,0
2022-12-01 15:00:18,14942,14942,14942,4,0
2022-12-01 15:00:19,14941,14941,14941,2,-2
2022-12-01 15:00:19,14942,14942,14942,2,2
2022-12-01 15:00:19,14940,14940,14940,2,-2
2022-12-01 15:00:19,14940,14940,14940,2,0
2022-12-01 15:00:19,14940,14940,14940,2,0
2022-12-01 15:00:20,14941,14941,14941,2,2
2022-12-01 15:00:20,14941,14941,14941,2,0
2022-12-01 15:00:20,14942,14942,14942,2,2
2022-12-01 15:00:20,14941,14941,14941,2,-2
2022-12-01 15:00:20,14942,14942,14942,2,2
2022-12-01 15:00:20,14942,14942,14942,4,0
2022-12-01 15:00:21,14942,14942,14942,2,0
2022-12-01 15:00:21,14941,14941,14941,2,-2
2022-12-01 15:00:21,14941,14941,14941,2,0
2022-12-01 15:00:22,14941,14941,14941,2,0
2022-12-01 15:00:23,14941,14941,14941,2,0
2022-12-01 15:00:23,14940,14940,14940,2,-2
2022-12-01 15:00:23,14942,14942,14942,2,2
2022-12-01 15:00:23,14940,14940,14940,2,-2
2022-12-01 15:00:24,14941,14941,14941,4,4
2022-12-01 15:00:24,14940,14940,14940,2,-2
2022-12-01 15:00:24,14940,14940,14940,10,0
2022-12-01 15:00:24,14940,14940,14940,2,0
2022-12-01 15:00:24,14940,14940,14940,4,0
2022-12-01 15:00:24,14940,14940,14940,10,0
2022-12-01 15:00:24,14940,14940,14940,2,0
2022-12-01 15:00:24,14940,14940,14940,4,0
2022-12-01 15:00:24,14940,14940,14940,2,0
2022-12-01 15:00:24,14940,14940,14940,2,0
2022-12-01 15:00:24,14940,14940,14940,2,0
2022-12-01 15:00:24,14940,14940,14940,6,0
2022-12-01 15:00:25,14940,14940,14940,2,0
2022-12-01 15:00:25,14941,14941,14941,2,2
2022-12-01 15:00:25,14941,14941,14941,4,0
2022-12-01 15:00:25,14941,14941,14941,2,0
2022-12-01 15:00:26,14940,14940,14940,2,-2
2022-12-01 15:00:26,14941,14941,14941,2,2
2022-12-01 15:00:27,14940,14940,14940,2,-2
2022-12-01 15:00:27,14941,14941,14941,2,2
2022-12-01 15:00:27,14940,14940,14940,2,-2
2022-12-01 15:00:27,14942,14942,14942,12,12
2022-12-01 15:00:27,14943,14943,14943,8,8
2022-12-01 15:00:28,14941,14941,14941,2,-2
2022-12-01 15:00:29,14941,14941,14941,2,0
2022-12-01 15:00:29,14943,14943,14943,10,10
2022-12-01 15:00:31,14944,14944,14944,2,2
2022-12-01 15:00:31,14943,14943,14943,2,-2
2022-12-01 15:00:31,14943,14943,14943,2,0
2022-12-01 15:00:31,14943,14943,14943,2,0
2022-12-01 15:00:31,14943,14943,14943,2,0
2022-12-01 15:00:31,14942,14942,14942,2,-2
2022-12-01 15:00:31,14944,14944,14944,2,2
2022-12-01 15:00:32,14944,14944,14944,2,0
2022-12-01 15:00:32,14944,14944,14944,2,0
2022-12-01 15:00:34,14943,14943,14943,2,-2
2022-12-01 15:00:34,14943,14943,14943,2,0
2022-12-01 15:00:34,14945,14945,14945,2,2
2022-12-01 15:00:35,14943,14943,14943,2,-2
2022-12-01 15:00:36,14943,14943,14943,2,0
2022-12-01 15:00:36,14943,14943,14943,4,0
2022-12-01 15:00:36,14944,14944,14944,2,2
2022-12-01 15:00:36,14944,14944,14944,2,0
2022-12-01 15:00:38,14944,14944,14944,2,0
2022-12-01 15:00:39,14943,14943,14943,2,-2
2022-12-01 15:00:39,14943,14943,14943,2,0
2022-12-01 15:00:39,14943,14943,14943,2,0
2022-12-01 15:00:39,14943,14943,14943,2,0
2022-12-01 15:00:39,14943,14943,14943,2,0
2022-12-01 15:00:39,14943,14943,14943,2,0
2022-12-01 15:00:39,14943,14943,14943,2,0
2022-12-01 15:00:40,14942,14942,14942,2,-2
2022-12-01 15:00:40,14942,14942,14942,2,0
2022-12-01 15:00:40,14942,14942,14942,2,0
2022-12-01 15:00:40,14943,14943,14943,2,2
2022-12-01 15:00:44,14942,14942,14942,2,-2
2022-12-01 15:00:46,14941,14941,14941,2,-2
2022-12-01 15:00:47,14941,14941,14941,6,0
2022-12-01 15:00:47,14941,14941,14941,2,0
2022-12-01 15:00:47,14941,14941,14941,4,0
2022-12-01 15:00:47,14941,14941,14941,2,0
2022-12-01 15:00:47,14941,14941,14941,2,0
2022-12-01 15:00:47,14941,14941,14941,2,0
2022-12-01 15:00:47,14941,14941,14941,2,0
2022-12-01 15:00:47,14940,14940,14940,2,-2
2022-12-01 15:00:47,14940,14940,14940,4,0
2022-12-01 15:00:47,14940,14940,14940,2,0
2022-12-01 15:00:47,14940,14940,14940,2,0
2022-12-01 15:00:47,14940,14940,14940,2,0
2022-12-01 15:00:47,14940,14940,14940,2,0
2022-12-01 15:00:47,14940,14940,14940,6,0
2022-12-01 15:00:47,14940,14940,14940,2,0
2022-12-01 15:00:47,14940,14940,14940,6,0
2022-12-01 15:00:47,14940,14940,14940,8,0
2022-12-01 15:00:47,14940,14940,14940,2,0
2022-12-01 15:00:47,14940,14940,14940,2,0
2022-12-01 15:00:47,14941,14941,14941,2,2
2022-12-01 15:00:47,14941,14941,14941,2,0
2022-12-01 15:00:47,14939,14939,14939,2,-2
2022-12-01 15:00:48,14939,14939,14939,2,0
2022-12-01 15:00:48,14939,14939,14939,2,0
2022-12-01 15:00:48,14939,14939,14939,2,0
2022-12-01 15:00:48,14939,14939,14939,2,0
2022-12-01 15:00:48,14939,14939,14939,4,0
2022-12-01 15:00:49,14939,14939,14939,2,0
2022-12-01 15:00:49,14939,14939,14939,2,0
2022-12-01 15:00:49,14939,14939,14939,2,0
2022-12-01 15:00:49,14940,14940,14940,2,2
2022-12-01 15:00:50,14939,14939,14939,2,-2
2022-12-01 15:00:50,14939,14939,14939,6,0
2022-12-01 15:00:50,14939,14939,14939,2,0
2022-12-01 15:00:52,14940,14940,14940,2,2
2022-12-01 15:00:52,14939,14939,14939,4,-4
2022-12-01 15:00:52,14939,14939,14939,2,0
2022-12-01 15:00:52,14939,14939,14939,2,0
2022-12-01 15:00:53,14940,14940,14940,2,2
2022-12-01 15:00:53,14940,14940,14940,2,0
2022-12-01 15:00:53,14940,14940,14940,2,0
2022-12-01 15:00:53,14940,14940,14940,2,0
2022-12-01 15:00:54,14941,14941,14941,6,6
2022-12-01 15:00:56,14940,14940,14940,2,-2
2022-12-01 15:00:56,14940,14940,14940,2,0
2022-12-01 15:00:56,14941,14941,14941,2,2
2022-12-01 15:00:57,14941,14941,14941,2,0
2022-12-01 15:00:57,14942,14942,14942,2,2
2022-12-01 15:00:57,14940,14940,14940,2,-2
2022-12-01 15:00:57,14940,14940,14940,2,0
2022-12-01 15:00:58,14940,14940,14940,2,0
2022-12-01 15:00:58,14940,14940,14940,2,0
2022-12-01 15:00:59,14941,14941,14941,12,12
2022-12-01 15:00:59,14942,14942,14942,8,8
2022-12-01 15:00:59,14941,14941,14941,2,-2
2022-12-01 15:01:00,14942,14942,14942,2,2
2022-12-01 15:01:00,14942,14942,14942,2,0
2022-12-01 15:01:00,14943,14943,14943,2,2
2022-12-01 15:01:00,14941,14941,14941,2,-2
2022-12-01 15:01:00,14941,14941,14941,2,0
2022-12-01 15:01:00,14943,14943,14943,4,4
2022-12-01 15:01:00,14943,14943,14943,10,0
2022-12-01 15:01:00,14944,14944,14944,2,2
2022-12-01 15:01:00,14944,14944,14944,8,0
2022-12-01 15:01:03,14943,14943,14943,2,-2
2022-12-01 15:01:03,14943,14943,14943,2,0
2022-12-01 15:01:03,14942,14942,14942,2,-2
2022-12-01 15:01:03,14942,14942,14942,2,0
2022-12-01 15:01:07,14941,14941,14941,2,-2
2022-12-01 15:01:07,14941,14941,14941,2,0
2022-12-01 15:01:08,14942,14942,14942,2,2
2022-12-01 15:01:08,14942,14942,14942,2,0
2022-12-01 15:01:08,14942,14942,14942,8,0
2022-12-01 15:01:09,14941,14941,14941,2,-2
2022-12-01 15:01:12,14941,14941,14941,2,0
2022-12-01 15:01:12,14942,14942,14942,2,2
2022-12-01 15:01:15,14942,14942,14942,2,0
2022-12-01 15:01:15,14941,14941,14941,4,-4
2022-12-01 15:01:17,14943,14943,14943,2,2
2022-12-01 15:01:17,14942,14942,14942,2,-2
2022-12-01 15:01:17,14942,14942,14942,2,0
2022-12-01 15:01:17,14942,14942,14942,6,0
2022-12-01 15:01:18,14943,14943,14943,2,2
2022-12-01 15:01:18,14943,14943,14943,2,0
2022-12-01 15:01:20,14942,14942,14942,2,-2
2022-12-01 15:01:20,14942,14942,14942,2,0
2022-12-01 15:01:20,14942,14942,14942,2,0
2022-12-01 15:01:20,14943,14943,14943,4,4
2022-12-01 15:01:21,14944,14944,14944,2,2
2022-12-01 15:01:21,14942,14942,14942,2,-2
2022-12-01 15:01:23,14943,14943,14943,2,2
2022-12-01 15:01:23,14943,14943,14943,2,0
2022-12-01 15:01:23,14944,14944,14944,10,10
2022-12-01 15:01:23,14944,14944,14944,2,0
2022-12-01 15:01:24,14944,14944,14944,4,0
2022-12-01 15:01:25,14943,14943,14943,2,-2
2022-12-01 15:01:25,14945,14945,14945,12,12
2022-12-01 15:01:26,14944,14944,14944,4,-4
2022-12-01 15:01:26,14945,14945,14945,26,26
2022-12-01 15:01:26,14944,14944,14944,4,-4
2022-12-01 15:01:26,14944,14944,14944,2,0
2022-12-01 15:01:26,14944,14944,14944,2,0
2022-12-01 15:01:26,14944,14944,14944,2,0
2022-12-01 15:01:26,14946,14946,14946,2,2
2022-12-01 15:01:28,14945,14945,14945,2,-2
2022-12-01 15:01:28,14946,14946,14946,2,2
2022-12-01 15:01:28,14945,14945,14945,2,-2
2022-12-01 15:01:28,14946,14946,14946,2,2
2022-12-01 15:01:30,14946,14946,14946,2,0
2022-12-01 15:01:33,14946,14946,14946,2,0
2022-12-01 15:01:34,14947,14947,14947,2,2
2022-12-01 15:01:34,14947,14947,14947,4,0
2022-12-01 15:01:35,14946,14946,14946,4,-4
2022-12-01 15:01:36,14947,14947,14947,4,4
2022-12-01 15:01:37,14947,14947,14947,8,0
2022-12-01 15:01:37,14947,14947,14947,2,0
2022-12-01 15:01:37,14947,14947,14947,2,0
2022-12-01 15:01:40,14947,14947,14947,2,0
2022-12-01 15:01:41,14947,14947,14947,2,0
2022-12-01 15:01:41,14948,14948,14948,8,8
2022-12-01 15:01:44,14948,14948,14948,4,0
2022-12-01 15:01:44,14948,14948,14948,2,0
2022-12-01 15:01:44,14948,14948,14948,4,0
2022-12-01 15:01:45,14949,14949,14949,2,2
2022-12-01 15:01:47,14947,14947,14947,2,-2
2022-12-01 15:01:47,14947,14947,14947,2,0
2022-12-01 15:01:47,14947,14947,14947,2,0
2022-12-01 15:01:47,14947,14947,14947,2,0
2022-12-01 15:01:47,14947,14947,14947,2,0
2022-12-01 15:01:47,14948,14948,14948,4,4
2022-12-01 15:01:48,14947,14947,14947,4,-4
2022-12-01 15:01:48,14947,14947,14947,2,0
2022-12-01 15:01:48,14947,14947,14947,2,0
2022-12-01 15:01:49,14947,14947,14947,4,0
2022-12-01 15:01:49,14946,14946,14946,2,-2
2022-12-01 15:01:49,14946,14946,14946,2,0
2022-12-01 15:01:49,14946,14946,14946,2,0
2022-12-01 15:01:49,14946,14946,14946,2,0
2022-12-01 15:01:49,14946,14946,14946,2,0
2022-12-01 15:01:49,14946,14946,14946,2,0
2022-12-01 15:01:49,14946,14946,14946,2,0
2022-12-01 15:01:49,14945,14945,14945,2,-2
2022-12-01 15:01:49,14945,14945,14945,12,0
2022-12-01 15:01:49,14945,14945,14945,2,0
2022-12-01 15:01:49,14946,14946,14946,2,2
2022-12-01 15:01:50,14945,14945,14945,2,-2
2022-12-01 15:01:50,14946,14946,14946,4,4
2022-12-01 15:01:50,14946,14946,14946,4,0
2022-12-01 15:01:51,14946,14946,14946,4,0
2022-12-01 15:01:51,14945,14945,14945,2,-2
2022-12-01 15:01:51,14946,14946,14946,2,2
2022-12-01 15:01:51,14946,14946,14946,2,0
2022-12-01 15:01:52,14945,14945,14945,2,-2
2022-12-01 15:01:52,14946,14946,14946,4,4
2022-12-01 15:01:52,14945,14945,14945,2,-2
2022-12-01 15:01:54,14945,14945,14945,2,0
2022-12-01 15:01:54,14945,14945,14945,2,0
2022-12-01 15:01:55,14946,14946,14946,2,2
2022-12-01 15:01:56,14946,14946,14946,10,0
2022-12-01 15:01:56,14945,14945,14945,2,-2
2022-12-01 15:01:57,14946,14946,14946,2,2
2022-12-01 15:01:58,14945,14945,14945,2,-2
2022-12-01 15:01:58,14945,14945,14945,2,0
2022-12-01 15:02:00,14945,14945,14945,2,0
2022-12-01 15:02:00,14946,14946,14946,10,10
2022-12-01 15:02:00,14947,14947,14947,4,4
2022-12-01 15:02:00,14946,14946,14946,10,-10
2022-12-01 15:02:00,14946,14946,14946,4,0
2022-12-01 15:02:00,14947,14947,14947,6,6
2022-12-01 15:02:00,14945,14945,14945,2,-2
2022-12-01 15:02:01,14947,14947,14947,2,2
2022-12-01 15:02:01,14946,14946,14946,2,-2
2022-12-01 15:02:01,14946,14946,14946,2,0
2022-12-01 15:02:01,14946,14946,14946,2,0
2022-12-01 15:02:01,14946,14946,14946,2,0
2022-12-01 15:02:02,14947,14947,14947,2,2
2022-12-01 15:02:03,14948,14948,14948,2,2
2022-12-01 15:02:03,14948,14948,14948,8,0
2022-12-01 15:02:03,14947,14947,14947,2,-2
2022-12-01 15:02:03,14949,14949,14949,2,2
2022-12-01 15:02:03,14949,14949,14949,2,0
2022-12-01 15:02:05,14948,14948,14948,2,-2
2022-12-01 15:02:06,14948,14948,14948,8,0
2022-12-01 15:02:06,14949,14949,14949,2,2
2022-12-01 15:02:07,14948,14948,14948,2,-2
2022-12-01 15:02:07,14946,14946,14946,2,-2
2022-12-01 15:02:08,14948,14948,14948,2,2
2022-12-01 15:02:08,14948,14948,14948,2,0
2022-12-01 15:02:12,14947,14947,14947,2,-2
2022-12-01 15:02:13,14948,14948,14948,2,2
2022-12-01 15:02:15,14948,14948,14948,2,0
2022-12-01 15:02:15,14948,14948,14948,2,0
2022-12-01 15:02:15,14946,14946,14946,4,-4
2022-12-01 15:02:15,14946,14946,14946,2,0
2022-12-01 15:02:16,14948,14948,14948,4,4
2022-12-01 15:02:20,14948,14948,14948,2,0
2022-12-01 15:02:20,14947,14947,14947,6,-6
2022-12-01 15:02:21,14947,14947,14947,2,0
2022-12-01 15:02:22,14947,14947,14947,2,0
2022-12-01 15:02:23,14947,14947,14947,2,0
2022-12-01 15:02:23,14946,14946,14946,2,-2
2022-12-01 15:02:23,14948,14948,14948,6,6
2022-12-01 15:02:24,14947,14947,14947,2,-2
2022-12-01 15:02:25,14946,14946,14946,2,-2
2022-12-01 15:02:25,14946,14946,14946,2,0
2022-12-01 15:02:25,14946,14946,14946,2,0
2022-12-01 15:02:28,14945,14945,14945,2,-2
2022-12-01 15:02:28,14945,14945,14945,4,0
2022-12-01 15:02:28,14945,14945,14945,2,0
2022-12-01 15:02:28,14945,14945,14945,2,0
2022-12-01 15:02:28,14945,14945,14945,2,0
2022-12-01 15:02:28,14945,14945,14945,2,0
2022-12-01 15:02:28,14945,14945,14945,2,0
2022-12-01 15:02:28,14945,14945,14945,4,0
2022-12-01 15:02:28,14945,14945,14945,2,0
2022-12-01 15:02:28,14945,14945,14945,2,0
2022-12-01 15:02:28,14945,14945,14945,4,0
2022-12-01 15:02:28,14945,14945,14945,2,0
2022-12-01 15:02:28,14945,14945,14945,2,0
2022-12-01 15:02:28,14945,14945,14945,2,0
2022-12-01 15:02:28,14946,14946,14946,2,2
2022-12-01 15:02:34,14946,14946,14946,2,0
2022-12-01 15:02:37,14946,14946,14946,2,0
2022-12-01 15:02:40,14945,14945,14945,2,-2
2022-12-01 15:02:40,14945,14945,14945,2,0
2022-12-01 15:02:40,14945,14945,14945,2,0
2022-12-01 15:02:40,14945,14945,14945,2,0
2022-12-01 15:02:41,14945,14945,14945,2,0
2022-12-01 15:02:41,14945,14945,14945,2,0
2022-12-01 15:02:43,14946,14946,14946,2,2
2022-12-01 15:02:44,14946,14946,14946,2,0
2022-12-01 15:02:46,14946,14946,14946,2,0
2022-12-01 15:02:55,14945,14945,14945,8,-8
2022-12-01 15:02:55,14945,14945,14945,2,0
2022-12-01 15:02:55,14945,14945,14945,2,0
2022-12-01 15:02:55,14945,14945,14945,2,0
2022-12-01 15:02:55,14945,14945,14945,2,0
2022-12-01 15:02:55,14945,14945,14945,4,0
2022-12-01 15:02:55,14945,14945,14945,2,0
2022-12-01 15:02:57,14944,14944,14944,2,-2
2022-12-01 15:02:57,14944,14944,14944,4,0
2022-12-01 15:02:57,14945,14945,14945,2,2
2022-12-01 15:02:57,14945,14945,14945,4,0
2022-12-01 15:03:00,14944,14944,14944,2,-2
2022-12-01 15:03:00,14944,14944,14944,2,0
2022-12-01 15:03:02,14944,14944,14944,2,0
2022-12-01 15:03:02,14944,14944,14944,2,0
2022-12-01 15:03:02,14945,14945,14945,2,2
2022-12-01 15:03:03,14945,14945,14945,2,0
2022-12-01 15:03:03,14945,14945,14945,2,0
2022-12-01 15:03:03,14945,14945,14945,2,0
2022-12-01 15:03:03,14945,14945,14945,2,0
2022-12-01 15:03:03,14946,14946,14946,4,4
2022-12-01 15:03:05,14945,14945,14945,2,-2
2022-12-01 15:03:06,14944,14944,14944,2,-2
2022-12-01 15:03:06,14944,14944,14944,2,0
2022-12-01 15:03:06,14944,14944,14944,2,0
2022-12-01 15:03:06,14944,14944,14944,2,0
2022-12-01 15:03:07,14943,14943,14943,2,-2
2022-12-01 15:03:07,14943,14943,14943,2,0
2022-12-01 15:03:07,14944,14944,14944,4,4
2022-12-01 15:03:08,14943,14943,14943,2,-2
2022-12-01 15:03:09,14943,14943,14943,2,0
2022-12-01 15:03:09,14944,14944,14944,4,4
2022-12-01 15:03:09,14943,14943,14943,2,-2
2022-12-01 15:03:09,14943,14943,14943,2,0
2022-12-01 15:03:09,14942,14942,14942,2,-2
2022-12-01 15:03:09,14942,14942,14942,2,0
2022-12-01 15:03:09,14942,14942,14942,2,0
2022-12-01 15:03:09,14942,14942,14942,2,0
2022-12-01 15:03:09,14942,14942,14942,2,0
2022-12-01 15:03:09,14942,14942,14942,2,0
2022-12-01 15:03:09,14942,14942,14942,22,0
2022-12-01 15:03:09,14942,14942,14942,2,0
2022-12-01 15:03:09,14942,14942,14942,2,0
2022-12-01 15:03:09,14941,14941,14941,2,-2
2022-12-01 15:03:09,14941,14941,14941,2,0
2022-12-01 15:03:09,14941,14941,14941,2,0
2022-12-01 15:03:09,14941,14941,14941,4,0
2022-12-01 15:03:09,14941,14941,14941,2,0
2022-12-01 15:03:09,14941,14941,14941,2,0
2022-12-01 15:03:09,14941,14941,14941,2,0
2022-12-01 15:03:09,14941,14941,14941,2,0
2022-12-01 15:03:09,14941,14941,14941,2,0
2022-12-01 15:03:09,14941,14941,14941,2,0
2022-12-01 15:03:09,14941,14941,14941,2,0
2022-12-01 15:03:09,14941,14941,14941,2,0
2022-12-01 15:03:10,14941,14941,14941,2,0
2022-12-01 15:03:10,14941,14941,14941,4,0
2022-12-01 15:03:10,14940,14940,14940,2,-2
2022-12-01 15:03:11,14942,14942,14942,2,2
2022-12-01 15:03:12,14942,14942,14942,2,0
2022-12-01 15:03:14,14942,14942,14942,2,0
2022-12-01 15:03:14,14941,14941,14941,2,-2
2022-12-01 15:03:15,14942,14942,14942,2,2
2022-12-01 15:03:18,14941,14941,14941,2,-2
2022-12-01 15:03:18,14941,14941,14941,2,0
2022-12-01 15:03:18,14941,14941,14941,2,0
2022-12-01 15:03:19,14941,14941,14941,2,0
2022-12-01 15:03:20,14942,14942,14942,2,2
2022-12-01 15:03:20,14941,14941,14941,2,-2
2022-12-01 15:03:20,14941,14941,14941,2,0
2022-12-01 15:03:20,14940,14940,14940,2,-2
2022-12-01 15:03:20,14942,14942,14942,2,2
2022-12-01 15:03:21,14941,14941,14941,2,-2
2022-12-01 15:03:26,14941,14941,14941,2,0
2022-12-01 15:03:26,14941,14941,14941,2,0
2022-12-01 15:03:26,14941,14941,14941,2,0
2022-12-01 15:03:26,14941,14941,14941,2,0
2022-12-01 15:03:26,14941,14941,14941,2,0
2022-12-01 15:03:26,14941,14941,14941,10,0
2022-12-01 15:03:26,14940,14940,14940,2,-2
2022-12-01 15:03:26,14940,14940,14940,2,0
2022-12-01 15:03:26,14940,14940,14940,2,0
2022-12-01 15:03:26,14940,14940,14940,2,0
2022-12-01 15:03:26,14940,14940,14940,2,0
2022-12-01 15:03:26,14940,14940,14940,10,0
2022-12-01 15:03:26,14940,14940,14940,8,0
2022-12-01 15:03:26,14940,14940,14940,2,0
2022-12-01 15:03:26,14940,14940,14940,2,0
2022-12-01 15:03:26,14940,14940,14940,2,0
2022-12-01 15:03:26,14940,14940,14940,4,0
2022-12-01 15:03:26,14940,14940,14940,2,0
2022-12-01 15:03:26,14940,14940,14940,2,0
2022-12-01 15:03:26,14940,14940,14940,2,0
2022-12-01 15:03:26,14940,14940,14940,2,0
2022-12-01 15:03:26,14939,14939,14939,2,-2
2022-12-01 15:03:26,14939,14939,14939,2,0
2022-12-01 15:03:26,14939,14939,14939,2,0
2022-12-01 15:03:26,14939,14939,14939,4,0
2022-12-01 15:03:26,14939,14939,14939,2,0
2022-12-01 15:03:26,14939,14939,14939,2,0
2022-12-01 15:03:26,14939,14939,14939,2,0
2022-12-01 15:03:26,14939,14939,14939,4,0
2022-12-01 15:03:26,14939,14939,14939,4,0
2022-12-01 15:03:26,14939,14939,14939,2,0
2022-12-01 15:03:26,14939,14939,14939,2,0
2022-12-01 15:03:26,14939,14939,14939,2,0
2022-12-01 15:03:26,14938,14938,14938,2,-2
2022-12-01 15:03:26,14938,14938,14938,2,0
2022-12-01 15:03:27,14938,14938,14938,2,0
2022-12-01 15:03:27,14939,14939,14939,2,2
2022-12-01 15:03:27,14939,14939,14939,2,0
2022-12-01 15:03:28,14938,14938,14938,2,-2
2022-12-01 15:03:30,14939,14939,14939,2,2
2022-12-01 15:03:31,14938,14938,14938,4,-4
2022-12-01 15:03:31,14939,14939,14939,2,2
2022-12-01 15:03:31,14938,14938,14938,2,-2
2022-12-01 15:03:35,14939,14939,14939,8,8
2022-12-01 15:03:36,14939,14939,14939,2,0
2022-12-01 15:03:38,14939,14939,14939,2,0
2022-12-01 15:03:38,14939,14939,14939,2,0
2022-12-01 15:03:40,14939,14939,14939,10,0
2022-12-01 15:03:40,14939,14939,14939,10,0
2022-12-01 15:03:40,14939,14939,14939,2,0
2022-12-01 15:03:40,14939,14939,14939,2,0
2022-12-01 15:03:40,14939,14939,14939,2,0
2022-12-01 15:03:41,14939,14939,14939,2,0
2022-12-01 15:03:41,14938,14938,14938,6,-6
2022-12-01 15:03:41,14939,14939,14939,2,2
2022-12-01 15:03:42,14939,14939,14939,2,0
2022-12-01 15:03:42,14939,14939,14939,2,0
2022-12-01 15:03:43,14939,14939,14939,2,0
2022-12-01 15:03:46,14939,14939,14939,2,0
2022-12-01 15:03:47,14939,14939,14939,2,0
2022-12-01 15:03:47,14939,14939,14939,2,0
2022-12-01 15:03:48,14939,14939,14939,2,0
2022-12-01 15:03:50,14939,14939,14939,2,0
2022-12-01 15:03:50,14939,14939,14939,2,0
2022-12-01 15:03:52,14940,14940,14940,2,2
2022-12-01 15:03:52,14940,14940,14940,8,0
2022-12-01 15:03:52,14940,14940,14940,2,0
2022-12-01 15:03:52,14940,14940,14940,18,0
2022-12-01 15:03:52,14940,14940,14940,2,0
2022-12-01 15:03:52,14940,14940,14940,2,0
2022-12-01 15:03:52,14940,14940,14940,2,0
2022-12-01 15:03:52,14941,14941,14941,2,2
2022-12-01 15:03:53,14941,14941,14941,2,0
2022-12-01 15:03:57,14941,14941,14941,2,0
2022-12-01 15:03:57,14942,14942,14942,2,2
2022-12-01 15:03:59,14942,14942,14942,2,0
2022-12-01 15:03:59,14941,14941,14941,4,-4
2022-12-01 15:03:59,14941,14941,14941,2,0
2022-12-01 15:03:59,14941,14941,14941,4,0
2022-12-01 15:04:01,14941,14941,14941,2,0
2022-12-01 15:04:01,14941,14941,14941,2,0
2022-12-01 15:04:04,14942,14942,14942,2,2
2022-12-01 15:04:04,14942,14942,14942,6,0
2022-12-01 15:04:05,14943,14943,14943,4,4
2022-12-01 15:04:08,14944,14944,14944,2,2
2022-12-01 15:04:09,14944,14944,14944,2,0
2022-12-01 15:04:10,14944,14944,14944,2,0
2022-12-01 15:04:10,14943,14943,14943,2,-2
2022-12-01 15:04:10,14943,14943,14943,2,0
2022-12-01 15:04:10,14943,14943,14943,4,0
2022-12-01 15:04:10,14945,14945,14945,52,52
2022-12-01 15:04:10,14945,14945,14945,2,0
2022-12-01 15:04:10,14945,14945,14945,2,0
2022-12-01 15:04:10,14945,14945,14945,4,0
2022-12-01 15:04:11,14946,14946,14946,2,2
2022-12-01 15:04:13,14947,14947,14947,2,2
2022-12-01 15:04:15,14946,14946,14946,2,-2
2022-12-01 15:04:16,14947,14947,14947,2,2
2022-12-01 15:04:16,14947,14947,14947,2,0
2022-12-01 15:04:17,14947,14947,14947,2,0
2022-12-01 15:04:20,14947,14947,14947,2,0
2022-12-01 15:04:20,14948,14948,14948,10,10
2022-12-01 15:04:20,14948,14948,14948,2,0
2022-12-01 15:04:21,14947,14947,14947,2,-2
2022-12-01 15:04:22,14948,14948,14948,2,2
2022-12-01 15:04:22,14948,14948,14948,4,0
2022-12-01 15:04:23,14948,14948,14948,4,0
2022-12-01 15:04:23,14948,14948,14948,2,0
2022-12-01 15:04:23,14948,14948,14948,2,0
2022-12-01 15:04:23,14948,14948,14948,2,0
2022-12-01 15:04:23,14948,14948,14948,2,0
2022-12-01 15:04:25,14948,14948,14948,2,0
2022-12-01 15:04:25,14948,14948,14948,2,0
2022-12-01 15:04:27,14948,14948,14948,2,0
2022-12-01 15:04:28,14949,14949,14949,10,10
2022-12-01 15:04:29,14948,14948,14948,2,-2
2022-12-01 15:04:32,14949,14949,14949,2,2
2022-12-01 15:04:32,14949,14949,14949,2,0
2022-12-01 15:04:32,14949,14949,14949,2,0
2022-12-01 15:04:38,14949,14949,14949,2,0
2022-12-01 15:04:39,14948,14948,14948,2,-2
2022-12-01 15:04:40,14949,14949,14949,2,2
2022-12-01 15:04:41,14949,14949,14949,2,0
2022-12-01 15:04:41,14949,14949,14949,2,0
2022-12-01 15:04:42,14950,14950,14950,4,4
2022-12-01 15:04:43,14949,14949,14949,2,-2
2022-12-01 15:04:44,14950,14950,14950,2,2
2022-12-01 15:04:44,14949,14949,14949,4,-4
2022-12-01 15:04:44,14949,14949,14949,2,0
2022-12-01 15:04:50,14949,14949,14949,4,0
2022-12-01 15:04:50,14948,14948,14948,2,-2
2022-12-01 15:04:51,14948,14948,14948,2,0
2022-12-01 15:04:51,14948,14948,14948,4,0
2022-12-01 15:04:51,14948,14948,14948,4,0
2022-12-01 15:04:51,14948,14948,14948,2,0
2022-12-01 15:04:51,14948,14948,14948,2,0
2022-12-01 15:04:51,14948,14948,14948,2,0
2022-12-01 15:04:51,14948,14948,14948,2,0
2022-12-01 15:04:52,14947,14947,14947,2,-2
2022-12-01 15:04:52,14947,14947,14947,2,0
2022-12-01 15:04:52,14947,14947,14947,6,0
2022-12-01 15:04:52,14947,14947,14947,10,0
2022-12-01 15:04:52,14947,14947,14947,2,0
2022-12-01 15:04:52,14947,14947,14947,10,0
2022-12-01 15:04:52,14947,14947,14947,2,0
2022-12-01 15:04:54,14946,14946,14946,2,-2
2022-12-01 15:04:54,14946,14946,14946,4,0
2022-12-01 15:04:54,14947,14947,14947,2,2
2022-12-01 15:04:55,14946,14946,14946,2,-2
2022-12-01 15:04:55,14947,14947,14947,2,2
2022-12-01 15:04:57,14946,14946,14946,2,-2
2022-12-01 15:04:58,14945,14945,14945,2,-2
2022-12-01 15:04:58,14947,14947,14947,2,2
2022-12-01 15:04:58,14947,14947,14947,6,0
2022-12-01 15:05:01,14946,14946,14946,2,-2
2022-12-01 15:05:04,14945,14945,14945,2,-2
2022-12-01 15:05:04,14945,14945,14945,2,0
2022-12-01 15:05:07,14945,14945,14945,2,0
2022-12-01 15:05:07,14946,14946,14946,8,8
2022-12-01 15:05:10,14945,14945,14945,2,-2
2022-12-01 15:05:10,14945,14945,14945,8,0
2022-12-01 15:05:12,14945,14945,14945,2,0
2022-12-01 15:05:13,14945,14945,14945,2,0
2022-12-01 15:05:15,14946,14946,14946,2,2
2022-12-01 15:05:15,14945,14945,14945,2,-2
2022-12-01 15:05:15,14945,14945,14945,2,0
2022-12-01 15:05:17,14946,14946,14946,6,6
2022-12-01 15:05:18,14946,14946,14946,2,0
2022-12-01 15:05:20,14946,14946,14946,2,0
2022-12-01 15:05:23,14947,14947,14947,14,14
2022-12-01 15:05:23,14947,14947,14947,4,0
2022-12-01 15:05:24,14948,14948,14948,14,14
2022-12-01 15:05:24,14948,14948,14948,4,0
2022-12-01 15:05:29,14949,14949,14949,4,4
2022-12-01 15:05:31,14948,14948,14948,2,-2
2022-12-01 15:05:33,14948,14948,14948,2,0
2022-12-01 15:05:34,14948,14948,14948,14,0
2022-12-01 15:05:34,14948,14948,14948,2,0
2022-12-01 15:05:34,14947,14947,14947,2,-2
2022-12-01 15:05:34,14947,14947,14947,2,0
2022-12-01 15:05:34,14947,14947,14947,2,0
2022-12-01 15:05:34,14947,14947,14947,4,0
2022-12-01 15:05:34,14947,14947,14947,2,0
2022-12-01 15:05:34,14947,14947,14947,2,0
2022-12-01 15:05:34,14947,14947,14947,6,0
2022-12-01 15:05:34,14947,14947,14947,2,0
2022-12-01 15:05:34,14947,14947,14947,2,0
2022-12-01 15:05:34,14947,14947,14947,2,0
2022-12-01 15:05:34,14946,14946,14946,8,-8
2022-12-01 15:05:36,14946,14946,14946,14,0
2022-12-01 15:05:36,14946,14946,14946,2,0
2022-12-01 15:05:36,14946,14946,14946,6,0
2022-12-01 15:05:36,14946,14946,14946,10,0
2022-12-01 15:05:36,14946,14946,14946,2,0
2022-12-01 15:05:36,14945,14945,14945,8,-8
2022-12-01 15:05:36,14945,14945,14945,2,0
2022-12-01 15:05:36,14945,14945,14945,4,0
2022-12-01 15:05:40,14945,14945,14945,2,0
2022-12-01 15:05:46,14946,14946,14946,2,2
2022-12-01 15:05:47,14945,14945,14945,2,-2
2022-12-01 15:05:47,14945,14945,14945,8,0
2022-12-01 15:05:47,14945,14945,14945,4,0
2022-12-01 15:05:47,14945,14945,14945,6,0
2022-12-01 15:05:47,14945,14945,14945,2,0
2022-12-01 15:05:47,14945,14945,14945,2,0
2022-12-01 15:05:58,14945,14945,14945,2,0
2022-12-01 15:05:58,14945,14945,14945,2,0
2022-12-01 15:06:00,14945,14945,14945,2,0
2022-12-01 15:06:00,14945,14945,14945,4,0
2022-12-01 15:06:06,14945,14945,14945,6,0
2022-12-01 15:06:07,14945,14945,14945,2,0
2022-12-01 15:06:08,14945,14945,14945,2,0
2022-12-01 15:06:13,14946,14946,14946,2,2
2022-12-01 15:06:15,14945,14945,14945,2,-2
2022-12-01 15:06:15,14945,14945,14945,2,0
2022-12-01 15:06:15,14945,14945,14945,2,0
2022-12-01 15:06:15,14945,14945,14945,10,0
2022-12-01 15:06:15,14945,14945,14945,2,0
2022-12-01 15:06:15,14945,14945,14945,6,0
2022-12-01 15:06:15,14945,14945,14945,4,0
2022-12-01 15:06:15,14945,14945,14945,2,0
2022-12-01 15:06:17,14945,14945,14945,2,0
2022-12-01 15:06:19,14945,14945,14945,4,0
2022-12-01 15:06:20,14944,14944,14944,2,-2
2022-12-01 15:06:24,14944,14944,14944,2,0
2022-12-01 15:06:26,14944,14944,14944,2,0
2022-12-01 15:06:33,14945,14945,14945,2,2
2022-12-01 15:06:33,14945,14945,14945,2,0
2022-12-01 15:06:33,14945,14945,14945,2,0
2022-12-01 15:06:33,14946,14946,14946,10,10
2022-12-01 15:06:36,14947,14947,14947,2,2
2022-12-01 15:06:36,14947,14947,14947,4,0
2022-12-01 15:06:38,14948,14948,14948,6,6
2022-12-01 15:06:42,14948,14948,14948,2,0
2022-12-01 15:06:43,14949,14949,14949,2,2
2022-12-01 15:06:48,14948,14948,14948,2,-2
2022-12-01 15:06:48,14948,14948,14948,2,0
2022-12-01 15:06:56,14948,14948,14948,2,0
2022-12-01 15:07:00,14948,14948,14948,2,0
2022-12-01 15:07:00,14949,14949,14949,2,2
2022-12-01 15:07:13,14947,14947,14947,2,-2
2022-12-01 15:07:18,14948,14948,14948,2,2
2022-12-01 15:07:19,14947,14947,14947,2,-2
2022-12-01 15:07:19,14947,14947,14947,2,0
2022-12-01 15:07:19,14947,14947,14947,2,0
2022-12-01 15:07:19,14947,14947,14947,2,0
2022-12-01 15:07:19,14948,14948,14948,8,8
2022-12-01 15:07:19,14947,14947,14947,2,-2
2022-12-01 15:07:19,14947,14947,14947,2,0
2022-12-01 15:07:19,14947,14947,14947,2,0
2022-12-01 15:07:20,14949,14949,14949,2,2
2022-12-01 15:07:26,14949,14949,14949,30,0
2022-12-01 15:07:27,14950,14950,14950,80,80
2022-12-01 15:07:27,14950,14950,14950,2,0
2022-12-01 15:07:27,14950,14950,14950,2,0
2022-12-01 15:07:27,14950,14950,14950,4,0
2022-12-01 15:07:27,14950,14950,14950,2,0
2022-12-01 15:07:27,14951,14951,14951,2,2
2022-12-01 15:07:27,14951,14951,14951,2,0
2022-12-01 15:07:27,14951,14951,14951,2,0
2022-12-01 15:07:27,14951,14951,14951,6,0
2022-12-01 15:07:29,14951,14951,14951,2,0
2022-12-01 15:07:29,14951,14951,14951,2,0
2022-12-01 15:07:29,14951,14951,14951,2,0
2022-12-01 15:07:29,14951,14951,14951,2,0
2022-12-01 15:07:29,14950,14950,14950,4,-4
2022-12-01 15:07:29,14950,14950,14950,6,0
2022-12-01 15:07:29,14950,14950,14950,2,0
2022-12-01 15:07:29,14950,14950,14950,4,0
2022-12-01 15:07:29,14950,14950,14950,2,0
2022-12-01 15:07:29,14950,14950,14950,2,0
2022-12-01 15:07:29,14950,14950,14950,2,0
2022-12-01 15:07:29,14950,14950,14950,2,0
2022-12-01 15:07:29,14950,14950,14950,2,0
2022-12-01 15:07:30,14951,14951,14951,2,2
2022-12-01 15:07:31,14951,14951,14951,2,0
2022-12-01 15:07:34,14952,14952,14952,2,2
2022-12-01 15:07:35,14952,14952,14952,4,0
2022-12-01 15:07:36,14952,14952,14952,4,0
2022-12-01 15:07:40,14951,14951,14951,2,-2
2022-12-01 15:07:40,14952,14952,14952,2,2
2022-12-01 15:07:43,14952,14952,14952,4,0
2022-12-01 15:07:44,14952,14952,14952,2,0
2022-12-01 15:07:47,14951,14951,14951,2,-2
2022-12-01 15:07:53,14951,14951,14951,2,0
2022-12-01 15:07:53,14951,14951,14951,2,0
2022-12-01 15:07:54,14951,14951,14951,4,0
2022-12-01 15:07:56,14950,14950,14950,2,-2
2022-12-01 15:08:03,14951,14951,14951,2,2
2022-12-01 15:08:04,14952,14952,14952,2,2
2022-12-01 15:08:06,14951,14951,14951,2,-2
2022-12-01 15:08:07,14952,14952,14952,2,2
2022-12-01 15:08:08,14952,14952,14952,2,0
2022-12-01 15:08:14,14952,14952,14952,2,0
2022-12-01 15:08:16,14952,14952,14952,4,0
2022-12-01 15:08:17,14952,14952,14952,2,0
2022-12-01 15:08:18,14953,14953,14953,2,2
2022-12-01 15:08:20,14952,14952,14952,2,-2
2022-12-01 15:08:20,14952,14952,14952,2,0
2022-12-01 15:08:20,14952,14952,14952,2,0
2022-12-01 15:08:20,14952,14952,14952,2,0
2022-12-01 15:08:20,14952,14952,14952,2,0
2022-12-01 15:08:22,14953,14953,14953,4,4
2022-12-01 15:08:23,14953,14953,14953,2,0
2022-12-01 15:08:23,14953,14953,14953,2,0
2022-12-01 15:08:28,14953,14953,14953,14,0
2022-12-01 15:08:29,14954,14954,14954,2,2
2022-12-01 15:08:29,14953,14953,14953,2,-2
2022-12-01 15:08:32,14953,14953,14953,2,0
2022-12-01 15:08:32,14953,14953,14953,4,0
2022-12-01 15:08:34,14954,14954,14954,2,2
2022-12-01 15:08:36,14954,14954,14954,2,0
2022-12-01 15:08:40,14953,14953,14953,2,-2
2022-12-01 15:08:47,14953,14953,14953,2,0
2022-12-01 15:08:47,14953,14953,14953,2,0
2022-12-01 15:08:51,14953,14953,14953,2,0
2022-12-01 15:08:51,14952,14952,14952,2,-2
2022-12-01 15:08:51,14952,14952,14952,2,0
2022-12-01 15:08:51,14952,14952,14952,2,0
2022-12-01 15:08:51,14952,14952,14952,2,0
2022-12-01 15:08:51,14951,14951,14951,2,-2
2022-12-01 15:08:51,14951,14951,14951,8,0
2022-12-01 15:08:51,14951,14951,14951,2,0
2022-12-01 15:08:57,14951,14951,14951,2,0
2022-12-01 15:08:59,14950,14950,14950,2,-2
2022-12-01 15:08:59,14950,14950,14950,2,0
2022-12-01 15:08:59,14950,14950,14950,2,0
2022-12-01 15:09:00,14951,14951,14951,2,2
2022-12-01 15:09:00,14952,14952,14952,10,10
2022-12-01 15:09:04,14951,14951,14951,4,-4
2022-12-01 15:09:04,14951,14951,14951,2,0
2022-12-01 15:09:07,14952,14952,14952,2,2
2022-12-01 15:09:17,14951,14951,14951,2,-2
2022-12-01 15:09:17,14951,14951,14951,2,0
2022-12-01 15:09:18,14951,14951,14951,2,0
2022-12-01 15:09:18,14952,14952,14952,10,10
2022-12-01 15:09:21,14951,14951,14951,2,-2
2022-12-01 15:09:21,14951,14951,14951,2,0
2022-12-01 15:09:23,14953,14953,14953,2,2
2022-12-01 15:09:38,14953,14953,14953,2,0
2022-12-01 15:09:39,14953,14953,14953,2,0
2022-12-01 15:09:40,14952,14952,14952,2,-2
2022-12-01 15:09:40,14952,14952,14952,2,0
2022-12-01 15:09:40,14952,14952,14952,4,0
2022-12-01 15:09:40,14952,14952,14952,2,0
2022-12-01 15:09:40,14952,14952,14952,2,0
2022-12-01 15:09:40,14952,14952,14952,2,0
2022-12-01 15:09:40,14952,14952,14952,2,0
2022-12-01 15:09:41,14953,14953,14953,2,2
2022-12-01 15:09:41,14952,14952,14952,2,-2
2022-12-01 15:09:45,14952,14952,14952,2,0
2022-12-01 15:09:45,14952,14952,14952,2,0
2022-12-01 15:09:45,14952,14952,14952,2,0
2022-12-01 15:09:46,14952,14952,14952,2,0
2022-12-01 15:09:47,14951,14951,14951,2,-2
2022-12-01 15:09:47,14950,14950,14950,2,-2
2022-12-01 15:09:52,14952,14952,14952,10,10
2022-12-01 15:10:00,14951,14951,14951,2,-2
2022-12-01 15:10:04,14951,14951,14951,2,0
2022-12-01 15:10:04,14951,14951,14951,2,0
2022-12-01 15:10:11,14951,14951,14951,2,0
2022-12-01 15:10:14,14951,14951,14951,2,0
2022-12-01 15:10:14,14951,14951,14951,2,0
2022-12-01 15:10:18,14951,14951,14951,2,0
2022-12-01 15:10:27,14951,14951,14951,2,0
2022-12-01 15:10:27,14951,14951,14951,2,0
2022-12-01 15:10:33,14950,14950,14950,2,-2
2022-12-01 15:10:35,14950,14950,14950,2,0
2022-12-01 15:10:35,14950,14950,14950,2,0
2022-12-01 15:10:35,14950,14950,14950,2,0
2022-12-01 15:10:37,14950,14950,14950,2,0
2022-12-01 15:10:37,14950,14950,14950,2,0
2022-12-01 15:10:37,14950,14950,14950,2,0
2022-12-01 15:10:40,14950,14950,14950,2,0
2022-12-01 15:10:40,14951,14951,14951,2,2
2022-12-01 15:10:43,14949,14949,14949,2,-2
2022-12-01 15:10:44,14949,14949,14949,2,0
2022-12-01 15:10:46,14949,14949,14949,2,0
2022-12-01 15:10:47,14950,14950,14950,4,4
2022-12-01 15:10:49,14949,14949,14949,2,-2
2022-12-01 15:10:51,14949,14949,14949,2,0
2022-12-01 15:10:51,14949,14949,14949,4,0
2022-12-01 15:10:53,14948,14948,14948,2,-2
2022-12-01 15:10:53,14948,14948,14948,2,0
2022-12-01 15:10:53,14948,14948,14948,2,0
2022-12-01 15:10:53,14948,14948,14948,2,0
2022-12-01 15:10:53,14948,14948,14948,2,0
2022-12-01 15:10:55,14947,14947,14947,2,-2
2022-12-01 15:10:55,14947,14947,14947,2,0
2022-12-01 15:10:58,14947,14947,14947,2,0
2022-12-01 15:10:58,14947,14947,14947,2,0
2022-12-01 15:10:58,14947,14947,14947,2,0
2022-12-01 15:10:58,14947,14947,14947,2,0
2022-12-01 15:10:58,14947,14947,14947,2,0
2022-12-01 15:11:00,14946,14946,14946,10,-10
2022-12-01 15:11:00,14946,14946,14946,2,0
2022-12-01 15:11:00,14946,14946,14946,2,0
2022-12-01 15:11:00,14946,14946,14946,2,0
2022-12-01 15:11:00,14947,14947,14947,2,2
2022-12-01 15:11:01,14946,14946,14946,2,-2
2022-12-01 15:11:01,14946,14946,14946,2,0
2022-12-01 15:11:04,14946,14946,14946,2,0
2022-12-01 15:11:05,14947,14947,14947,2,2
2022-12-01 15:11:07,14947,14947,14947,2,0
2022-12-01 15:11:09,14947,14947,14947,2,0
2022-12-01 15:11:14,14946,14946,14946,2,-2
2022-12-01 15:11:14,14945,14945,14945,2,-2
2022-12-01 15:11:21,14945,14945,14945,2,0
2022-12-01 15:11:21,14945,14945,14945,4,0
2022-12-01 15:11:21,14945,14945,14945,2,0
2022-12-01 15:11:21,14945,14945,14945,2,0
2022-12-01 15:11:21,14945,14945,14945,2,0
2022-12-01 15:11:27,14946,14946,14946,2,2
2022-12-01 15:11:30,14945,14945,14945,2,-2
2022-12-01 15:11:30,14945,14945,14945,2,0
2022-12-01 15:11:30,14944,14944,14944,6,-6
2022-12-01 15:11:36,14945,14945,14945,2,2
2022-12-01 15:11:39,14946,14946,14946,4,4
2022-12-01 15:11:39,14946,14946,14946,2,0
2022-12-01 15:11:39,14946,14946,14946,2,0
2022-12-01 15:11:39,14946,14946,14946,2,0
2022-12-01 15:11:39,14945,14945,14945,2,-2
2022-12-01 15:11:39,14945,14945,14945,2,0
2022-12-01 15:11:39,14945,14945,14945,2,0
2022-12-01 15:11:39,14945,14945,14945,2,0
2022-12-01 15:11:39,14945,14945,14945,2,0
2022-12-01 15:11:39,14945,14945,14945,2,0
2022-12-01 15:11:39,14945,14945,14945,2,0
2022-12-01 15:11:43,14944,14944,14944,2,-2
2022-12-01 15:11:47,14945,14945,14945,2,2
2022-12-01 15:11:47,14944,14944,14944,6,-6
2022-12-01 15:11:47,14944,14944,14944,2,0
2022-12-01 15:11:47,14944,14944,14944,2,0
2022-12-01 15:11:47,14944,14944,14944,2,0
2022-12-01 15:11:48,14944,14944,14944,2,0
2022-12-01 15:11:49,14944,14944,14944,2,0
2022-12-01 15:11:49,14944,14944,14944,2,0
2022-12-01 15:11:49,14944,14944,14944,2,0
2022-12-01 15:11:54,14944,14944,14944,2,0
2022-12-01 15:11:55,14943,14943,14943,2,-2
2022-12-01 15:11:55,14944,14944,14944,2,2
2022-12-01 15:11:55,14944,14944,14944,2,0
2022-12-01 15:11:58,14943,14943,14943,2,-2
2022-12-01 15:11:58,14943,14943,14943,2,0
2022-12-01 15:11:58,14943,14943,14943,2,0
2022-12-01 15:11:58,14943,14943,14943,2,0
2022-12-01 15:11:58,14945,14945,14945,2,2
2022-12-01 15:12:00,14943,14943,14943,2,-2
2022-12-01 15:12:00,14943,14943,14943,2,0
2022-12-01 15:12:00,14943,14943,14943,2,0
2022-12-01 15:12:00,14943,14943,14943,4,0
2022-12-01 15:12:00,14943,14943,14943,2,0
2022-12-01 15:12:00,14943,14943,14943,2,0
2022-12-01 15:12:00,14944,14944,14944,2,2
2022-12-01 15:12:00,14943,14943,14943,2,-2
2022-12-01 15:12:00,14942,14942,14942,6,-6
2022-12-01 15:12:01,14944,14944,14944,2,2
2022-12-01 15:12:02,14944,14944,14944,2,0
2022-12-01 15:12:04,14944,14944,14944,2,0
2022-12-01 15:12:07,14945,14945,14945,4,4
2022-12-01 15:12:09,14945,14945,14945,2,0
2022-12-01 15:12:09,14945,14945,14945,2,0
2022-12-01 15:12:09,14944,14944,14944,2,-2
2022-12-01 15:12:10,14946,14946,14946,2,2
2022-12-01 15:12:11,14945,14945,14945,2,-2
2022-12-01 15:12:11,14945,14945,14945,2,0
2022-12-01 15:12:11,14945,14945,14945,2,0
2022-12-01 15:12:11,14945,14945,14945,2,0
2022-12-01 15:12:11,14945,14945,14945,2,0
2022-12-01 15:12:11,14945,14945,14945,2,0
2022-12-01 15:12:11,14945,14945,14945,2,0
2022-12-01 15:12:11,14945,14945,14945,14,0
2022-12-01 15:12:12,14946,14946,14946,2,2
2022-12-01 15:12:15,14946,14946,14946,2,0
2022-12-01 15:12:20,14946,14946,14946,2,0
2022-12-01 15:12:24,14946,14946,14946,2,0
2022-12-01 15:12:32,14945,14945,14945,2,-2
2022-12-01 15:12:32,14945,14945,14945,2,0
2022-12-01 15:12:33,14946,14946,14946,2,2
2022-12-01 15:12:33,14946,14946,14946,4,0
2022-12-01 15:12:40,14946,14946,14946,2,0
2022-12-01 15:12:45,14944,14944,14944,2,-2
2022-12-01 15:12:50,14946,14946,14946,6,6
2022-12-01 15:12:53,14946,14946,14946,2,0
2022-12-01 15:12:54,14945,14945,14945,2,-2
2022-12-01 15:12:54,14945,14945,14945,8,0
2022-12-01 15:12:54,14945,14945,14945,2,0
2022-12-01 15:12:55,14945,14945,14945,12,0
2022-12-01 15:12:55,14945,14945,14945,6,0
2022-12-01 15:12:59,14945,14945,14945,2,0
2022-12-01 15:12:59,14945,14945,14945,2,0
2022-12-01 15:12:59,14945,14945,14945,4,0
2022-12-01 15:12:59,14945,14945,14945,2,0
2022-12-01 15:12:59,14945,14945,14945,2,0
2022-12-01 15:12:59,14945,14945,14945,2,0
2022-12-01 15:13:00,14944,14944,14944,2,-2
2022-12-01 15:13:01,14945,14945,14945,2,2
2022-12-01 15:13:02,14944,14944,14944,2,-2
2022-12-01 15:13:02,14944,14944,14944,2,0
2022-12-01 15:13:02,14944,14944,14944,2,0
2022-12-01 15:13:02,14945,14945,14945,2,2
2022-12-01 15:13:04,14944,14944,14944,2,-2
2022-12-01 15:13:05,14943,14943,14943,2,-2
2022-12-01 15:13:05,14943,14943,14943,2,0
2022-12-01 15:13:05,14944,14944,14944,2,2
2022-12-01 15:13:08,14943,14943,14943,4,-4
2022-12-01 15:13:10,14944,14944,14944,2,2
2022-12-01 15:13:14,14943,14943,14943,2,-2
2022-12-01 15:13:15,14943,14943,14943,2,0
2022-12-01 15:13:15,14945,14945,14945,2,2
2022-12-01 15:13:18,14945,14945,14945,2,0
2022-12-01 15:13:18,14944,14944,14944,2,-2
2022-12-01 15:13:18,14944,14944,14944,2,0
2022-12-01 15:13:18,14944,14944,14944,2,0
2022-12-01 15:13:18,14944,14944,14944,2,0
2022-12-01 15:13:18,14944,14944,14944,2,0
2022-12-01 15:13:19,14945,14945,14945,2,2
2022-12-01 15:13:24,14944,14944,14944,2,-2
2022-12-01 15:13:24,14944,14944,14944,2,0
2022-12-01 15:13:24,14944,14944,14944,2,0
2022-12-01 15:13:30,14945,14945,14945,2,2
2022-12-01 15:13:30,14945,14945,14945,2,0
2022-12-01 15:13:30,14945,14945,14945,2,0
2022-12-01 15:13:30,14945,14945,14945,2,0
2022-12-01 15:13:30,14945,14945,14945,2,0
2022-12-01 15:13:30,14945,14945,14945,2,0
2022-12-01 15:13:34,14945,14945,14945,2,0
2022-12-01 15:13:36,14944,14944,14944,2,-2
2022-12-01 15:13:36,14944,14944,14944,2,0
2022-12-01 15:13:36,14944,14944,14944,2,0
2022-12-01 15:13:40,14945,14945,14945,2,2
2022-12-01 15:13:43,14945,14945,14945,2,0
2022-12-01 15:13:44,14945,14945,14945,8,0
2022-12-01 15:13:50,14944,14944,14944,2,-2
2022-12-01 15:13:51,14945,14945,14945,2,2
2022-12-01 15:14:00,14944,14944,14944,2,-2
2022-12-01 15:14:00,14944,14944,14944,8,0
2022-12-01 15:14:01,14944,14944,14944,2,0
2022-12-01 15:14:08,14944,14944,14944,2,0
2022-12-01 15:14:08,14944,14944,14944,2,0
2022-12-01 15:14:08,14944,14944,14944,2,0
2022-12-01 15:14:08,14944,14944,14944,4,0
2022-12-01 15:14:13,14945,14945,14945,2,2
2022-12-01 15:14:16,14944,14944,14944,6,-6
2022-12-01 15:14:16,14944,14944,14944,2,0
2022-12-01 15:14:16,14944,14944,14944,2,0
2022-12-01 15:14:23,14944,14944,14944,2,0
2022-12-01 15:14:23,14944,14944,14944,4,0
2022-12-01 15:14:23,14943,14943,14943,2,-2
2022-12-01 15:14:23,14943,14943,14943,2,0
2022-12-01 15:14:24,14943,14943,14943,2,0
2022-12-01 15:14:24,14943,14943,14943,2,0
2022-12-01 15:14:24,14943,14943,14943,2,0
2022-12-01 15:14:24,14943,14943,14943,2,0
2022-12-01 15:14:24,14943,14943,14943,2,0
2022-12-01 15:14:24,14943,14943,14943,2,0
2022-12-01 15:14:24,14943,14943,14943,2,0
2022-12-01 15:14:24,14943,14943,14943,2,0
2022-12-01 15:14:31,14943,14943,14943,2,0
2022-12-01 15:14:32,14942,14942,14942,2,-2
2022-12-01 15:14:32,14943,14943,14943,2,2
2022-12-01 15:14:33,14942,14942,14942,20,-20
2022-12-01 15:14:33,14942,14942,14942,2,0
2022-12-01 15:14:33,14942,14942,14942,2,0
2022-12-01 15:14:33,14942,14942,14942,2,0
2022-12-01 15:14:33,14942,14942,14942,2,0
2022-12-01 15:14:34,14943,14943,14943,2,2
2022-12-01 15:14:37,14942,14942,14942,2,-2
2022-12-01 15:14:37,14942,14942,14942,2,0
2022-12-01 15:14:37,14942,14942,14942,2,0
2022-12-01 15:14:37,14942,14942,14942,4,0
2022-12-01 15:14:37,14942,14942,14942,2,0
2022-12-01 15:14:39,14942,14942,14942,2,0
2022-12-01 15:14:39,14942,14942,14942,4,0
2022-12-01 15:14:39,14942,14942,14942,2,0
2022-12-01 15:14:39,14942,14942,14942,2,0
2022-12-01 15:14:39,14941,14941,14941,2,-2
2022-12-01 15:14:39,14941,14941,14941,2,0
2022-12-01 15:14:39,14941,14941,14941,2,0
2022-12-01 15:14:39,14941,14941,14941,4,0
2022-12-01 15:14:45,14943,14943,14943,2,2
2022-12-01 15:14:45,14942,14942,14942,2,-2
2022-12-01 15:14:46,14942,14942,14942,2,0
2022-12-01 15:14:48,14943,14943,14943,6,6
2022-12-01 15:14:51,14943,14943,14943,2,0
2022-12-01 15:14:51,14943,14943,14943,4,0
2022-12-01 15:14:52,14943,14943,14943,2,0
2022-12-01 15:14:52,14943,14943,14943,2,0
2022-12-01 15:14:53,14944,14944,14944,4,4
2022-12-01 15:14:54,14943,14943,14943,2,-2
2022-12-01 15:14:54,14943,14943,14943,2,0
2022-12-01 15:14:54,14943,14943,14943,2,0
2022-12-01 15:14:54,14943,14943,14943,2,0
2022-12-01 15:14:54,14943,14943,14943,2,0
2022-12-01 15:14:54,14943,14943,14943,2,0
2022-12-01 15:14:54,14943,14943,14943,4,0
2022-12-01 15:14:54,14943,14943,14943,2,0
2022-12-01 15:14:54,14943,14943,14943,2,0
2022-12-01 15:15:00,14944,14944,14944,2,2
2022-12-01 15:15:00,14945,14945,14945,16,16
2022-12-01 15:15:06,14945,14945,14945,6,0
2022-12-01 15:15:07,14944,14944,14944,2,-2
2022-12-01 15:15:08,14944,14944,14944,4,0
2022-12-01 15:15:09,14944,14944,14944,2,0
2022-12-01 15:15:10,14944,14944,14944,2,0
2022-12-01 15:15:21,14944,14944,14944,2,0
2022-12-01 15:15:23,14945,14945,14945,2,2
2022-12-01 15:15:23,14945,14945,14945,2,0
2022-12-01 15:15:27,14945,14945,14945,2,0
2022-12-01 15:15:27,14944,14944,14944,2,-2
2022-12-01 15:15:27,14944,14944,14944,2,0
2022-12-01 15:15:27,14944,14944,14944,2,0
2022-12-01 15:15:27,14944,14944,14944,2,0
2022-12-01 15:15:27,14944,14944,14944,2,0
2022-12-01 15:15:27,14944,14944,14944,2,0
2022-12-01 15:15:27,14944,14944,14944,2,0
2022-12-01 15:15:27,14944,14944,14944,2,0
2022-12-01 15:15:27,14944,14944,14944,2,0
2022-12-01 15:15:27,14944,14944,14944,2,0
2022-12-01 15:15:27,14944,14944,14944,2,0
2022-12-01 15:15:29,14943,14943,14943,2,-2
2022-12-01 15:15:50,14944,14944,14944,6,6
2022-12-01 15:15:50,14945,14945,14945,2,2
2022-12-01 15:16:00,14945,14945,14945,2,0
2022-12-01 15:16:04,14946,14946,14946,18,18
2022-12-01 15:16:06,14946,14946,14946,2,0
2022-12-01 15:16:06,14946,14946,14946,2,0
2022-12-01 15:16:06,14946,14946,14946,2,0
2022-12-01 15:16:12,14946,14946,14946,2,0
2022-12-01 15:16:22,14947,14947,14947,2,2
2022-12-01 15:16:22,14948,14948,14948,8,8
2022-12-01 15:16:23,14947,14947,14947,2,-2
2022-12-01 15:16:23,14948,14948,14948,2,2
2022-12-01 15:16:26,14947,14947,14947,2,-2
2022-12-01 15:16:26,14947,14947,14947,2,0
2022-12-01 15:16:28,14947,14947,14947,6,0
2022-12-01 15:16:28,14948,14948,14948,2,2
2022-12-01 15:16:33,14948,14948,14948,2,0
2022-12-01 15:16:38,14949,14949,14949,2,2
2022-12-01 15:16:40,14949,14949,14949,2,0
2022-12-01 15:16:42,14949,14949,14949,2,0
2022-12-01 15:16:53,14949,14949,14949,2,0
2022-12-01 15:16:55,14949,14949,14949,2,0
2022-12-01 15:16:56,14950,14950,14950,4,4
2022-12-01 15:16:56,14950,14950,14950,8,0
2022-12-01 15:16:56,14950,14950,14950,2,0
2022-12-01 15:16:56,14950,14950,14950,2,0
2022-12-01 15:16:56,14950,14950,14950,2,0
2022-12-01 15:16:56,14950,14950,14950,2,0
2022-12-01 15:16:56,14950,14950,14950,2,0
2022-12-01 15:16:56,14950,14950,14950,2,0
2022-12-01 15:17:00,14950,14950,14950,2,0
2022-12-01 15:17:00,14950,14950,14950,2,0
2022-12-01 15:17:01,14950,14950,14950,2,0
2022-12-01 15:17:03,14949,14949,14949,2,-2
2022-12-01 15:17:03,14949,14949,14949,2,0
2022-12-01 15:17:03,14949,14949,14949,2,0
2022-12-01 15:17:04,14950,14950,14950,2,2
2022-12-01 15:17:04,14949,14949,14949,2,-2
2022-12-01 15:17:04,14949,14949,14949,4,0
2022-12-01 15:17:04,14949,14949,14949,2,0
2022-12-01 15:17:04,14949,14949,14949,2,0
2022-12-01 15:17:04,14949,14949,14949,2,0
2022-12-01 15:17:04,14949,14949,14949,2,0
2022-12-01 15:17:04,14949,14949,14949,2,0
2022-12-01 15:17:05,14949,14949,14949,2,0
2022-12-01 15:17:06,14949,14949,14949,2,0
2022-12-01 15:17:11,14948,14948,14948,2,-2
2022-12-01 15:17:23,14948,14948,14948,2,0
2022-12-01 15:17:28,14948,14948,14948,2,0
2022-12-01 15:17:28,14948,14948,14948,2,0
2022-12-01 15:17:28,14948,14948,14948,2,0
2022-12-01 15:17:28,14948,14948,14948,2,0
2022-12-01 15:17:36,14948,14948,14948,6,0
2022-12-01 15:17:37,14949,14949,14949,12,12
2022-12-01 15:17:40,14950,14950,14950,32,32
2022-12-01 15:17:40,14950,14950,14950,10,0
2022-12-01 15:17:40,14950,14950,14950,2,0
2022-12-01 15:17:40,14950,14950,14950,18,0
2022-12-01 15:17:40,14950,14950,14950,2,0
2022-12-01 15:17:40,14951,14951,14951,18,18
2022-12-01 15:17:40,14951,14951,14951,6,0
2022-12-01 15:17:46,14950,14950,14950,2,-2
2022-12-01 15:17:50,14950,14950,14950,2,0
2022-12-01 15:17:52,14950,14950,14950,2,0
2022-12-01 15:17:52,14950,14950,14950,2,0
2022-12-01 15:17:52,14950,14950,14950,2,0
2022-12-01 15:17:59,14950,14950,14950,2,0
2022-12-01 15:17:59,14950,14950,14950,2,0
2022-12-01 15:18:00,14951,14951,14951,2,2
2022-12-01 15:18:02,14951,14951,14951,2,0
2022-12-01 15:18:08,14950,14950,14950,2,-2
2022-12-01 15:18:08,14950,14950,14950,2,0
2022-12-01 15:18:08,14950,14950,14950,2,0
2022-12-01 15:18:08,14950,14950,14950,2,0
2022-12-01 15:18:08,14950,14950,14950,2,0
2022-12-01 15:18:08,14950,14950,14950,4,0
2022-12-01 15:18:08,14950,14950,14950,2,0
2022-12-01 15:18:08,14950,14950,14950,2,0
2022-12-01 15:18:08,14950,14950,14950,2,0
2022-12-01 15:18:08,14950,14950,14950,2,0
2022-12-01 15:18:08,14950,14950,14950,2,0
2022-12-01 15:18:08,14949,14949,14949,2,-2
2022-12-01 15:18:09,14950,14950,14950,2,2
2022-12-01 15:18:10,14948,14948,14948,14,-14
2022-12-01 15:18:10,14948,14948,14948,4,0
2022-12-01 15:18:10,14948,14948,14948,2,0
2022-12-01 15:18:10,14948,14948,14948,2,0
2022-12-01 15:18:11,14949,14949,14949,10,10
2022-12-01 15:18:16,14948,14948,14948,2,-2
2022-12-01 15:18:16,14947,14947,14947,2,-2
2022-12-01 15:18:16,14947,14947,14947,2,0
2022-12-01 15:18:19,14949,14949,14949,2,2
2022-12-01 15:18:19,14949,14949,14949,2,0
2022-12-01 15:18:29,14949,14949,14949,2,0
2022-12-01 15:18:29,14948,14948,14948,2,-2
2022-12-01 15:18:29,14949,14949,14949,2,2
2022-12-01 15:18:39,14947,14947,14947,2,-2
2022-12-01 15:18:39,14947,14947,14947,2,0
2022-12-01 15:18:39,14947,14947,14947,2,0
2022-12-01 15:18:39,14947,14947,14947,2,0
2022-12-01 15:18:39,14947,14947,14947,2,0
2022-12-01 15:18:41,14948,14948,14948,2,2
2022-12-01 15:18:44,14947,14947,14947,2,-2
2022-12-01 15:18:45,14947,14947,14947,4,0
2022-12-01 15:18:46,14947,14947,14947,2,0
2022-12-01 15:18:49,14948,14948,14948,2,2
2022-12-01 15:18:55,14949,14949,14949,2,2
2022-12-01 15:18:58,14950,14950,14950,2,2
2022-12-01 15:19:00,14949,14949,14949,2,-2
2022-12-01 15:19:06,14949,14949,14949,2,0
2022-12-01 15:19:08,14949,14949,14949,2,0
2022-12-01 15:19:08,14949,14949,14949,2,0
2022-12-01 15:19:26,14950,14950,14950,20,20
2022-12-01 15:19:26,14950,14950,14950,12,0
2022-12-01 15:19:26,14950,14950,14950,4,0
2022-12-01 15:19:26,14950,14950,14950,2,0
2022-12-01 15:19:26,14950,14950,14950,2,0
2022-12-01 15:19:26,14950,14950,14950,34,0
2022-12-01 15:19:27,14951,14951,14951,2,2
2022-12-01 15:19:28,14950,14950,14950,2,-2
2022-12-01 15:19:28,14950,14950,14950,2,0
2022-12-01 15:19:28,14950,14950,14950,2,0
2022-12-01 15:19:48,14951,14951,14951,2,2
2022-12-01 15:19:54,14951,14951,14951,2,0
2022-12-01 15:19:55,14951,14951,14951,2,0
2022-12-01 15:19:56,14950,14950,14950,6,-6
2022-12-01 15:20:03,14950,14950,14950,2,0
2022-12-01 15:20:03,14950,14950,14950,2,0
2022-12-01 15:20:03,14950,14950,14950,2,0
2022-12-01 15:20:03,14950,14950,14950,2,0
2022-12-01 15:20:03,14950,14950,14950,2,0
2022-12-01 15:20:03,14950,14950,14950,4,0
2022-12-01 15:20:03,14950,14950,14950,8,0
2022-12-01 15:20:03,14950,14950,14950,2,0
2022-12-01 15:20:03,14949,14949,14949,2,-2
2022-12-01 15:20:03,14949,14949,14949,2,0
2022-12-01 15:20:06,14948,14948,14948,2,-2
2022-12-01 15:20:19,14948,14948,14948,2,0
2022-12-01 15:20:19,14948,14948,14948,2,0
2022-12-01 15:20:19,14948,14948,14948,2,0
2022-12-01 15:20:21,14947,14947,14947,2,-2
2022-12-01 15:20:24,14946,14946,14946,2,-2
2022-12-01 15:20:24,14946,14946,14946,2,0
2022-12-01 15:20:24,14946,14946,14946,2,0
2022-12-01 15:20:24,14945,14945,14945,2,-2
2022-12-01 15:20:25,14945,14945,14945,2,0
2022-12-01 15:20:25,14945,14945,14945,2,0
2022-12-01 15:20:27,14945,14945,14945,2,0
2022-12-01 15:20:27,14945,14945,14945,2,0
2022-12-01 15:20:27,14945,14945,14945,4,0
2022-12-01 15:20:27,14945,14945,14945,2,0
2022-12-01 15:20:27,14945,14945,14945,2,0
2022-12-01 15:20:27,14945,14945,14945,2,0
2022-12-01 15:20:29,14944,14944,14944,2,-2
2022-12-01 15:20:29,14945,14945,14945,2,2
2022-12-01 15:20:34,14944,14944,14944,2,-2
2022-12-01 15:20:34,14944,14944,14944,2,0
2022-12-01 15:20:34,14944,14944,14944,2,0
2022-12-01 15:20:34,14944,14944,14944,2,0
2022-12-01 15:20:34,14944,14944,14944,2,0
2022-12-01 15:20:38,14945,14945,14945,2,2
2022-12-01 15:20:41,14945,14945,14945,2,0
2022-12-01 15:20:41,14945,14945,14945,2,0
2022-12-01 15:20:41,14945,14945,14945,2,0
2022-12-01 15:21:11,14946,14946,14946,2,2
2022-12-01 15:21:17,14946,14946,14946,2,0
2022-12-01 15:21:17,14946,14946,14946,2,0
2022-12-01 15:21:21,14946,14946,14946,4,0
2022-12-01 15:21:26,14948,14948,14948,2,2
2022-12-01 15:21:27,14949,14949,14949,4,4
2022-12-01 15:21:32,14949,14949,14949,2,0
2022-12-01 15:21:33,14949,14949,14949,2,0
2022-12-01 15:21:36,14950,14950,14950,10,10
2022-12-01 15:21:36,14950,14950,14950,2,0
2022-12-01 15:21:40,14950,14950,14950,2,0
2022-12-01 15:21:42,14950,14950,14950,4,0
2022-12-01 15:21:51,14950,14950,14950,2,0
2022-12-01 15:21:51,14950,14950,14950,2,0
2022-12-01 15:21:52,14950,14950,14950,2,0
2022-12-01 15:21:52,14950,14950,14950,4,0
2022-12-01 15:21:52,14950,14950,14950,2,0
2022-12-01 15:21:54,14950,14950,14950,2,0
2022-12-01 15:21:54,14949,14949,14949,2,-2
2022-12-01 15:21:54,14949,14949,14949,2,0
2022-12-01 15:21:54,14948,14948,14948,2,-2
2022-12-01 15:22:08,14948,14948,14948,4,0
2022-12-01 15:22:08,14948,14948,14948,2,0
2022-12-01 15:22:08,14948,14948,14948,2,0
2022-12-01 15:22:08,14948,14948,14948,2,0
2022-12-01 15:22:08,14948,14948,14948,2,0
2022-12-01 15:22:08,14947,14947,14947,2,-2
2022-12-01 15:22:08,14947,14947,14947,2,0
2022-12-01 15:22:09,14948,14948,14948,4,4
2022-12-01 15:22:11,14947,14947,14947,2,-2
2022-12-01 15:22:14,14947,14947,14947,2,0
2022-12-01 15:22:23,14946,14946,14946,2,-2
2022-12-01 15:22:28,14948,14948,14948,4,4
2022-12-01 15:22:32,14949,14949,14949,4,4
2022-12-01 15:22:32,14950,14950,14950,2,2
2022-12-01 15:22:33,14949,14949,14949,2,-2
2022-12-01 15:22:33,14949,14949,14949,2,0
2022-12-01 15:22:37,14949,14949,14949,2,0
2022-12-01 15:22:42,14950,14950,14950,2,2
2022-12-01 15:22:48,14949,14949,14949,2,-2
2022-12-01 15:22:52,14950,14950,14950,2,2
2022-12-01 15:22:52,14950,14950,14950,10,0
2022-12-01 15:22:54,14951,14951,14951,10,10
2022-12-01 15:23:00,14952,14952,14952,2,2
2022-12-01 15:23:00,14951,14951,14951,2,-2
2022-12-01 15:23:03,14951,14951,14951,2,0
2022-12-01 15:23:03,14951,14951,14951,2,0
2022-12-01 15:23:03,14951,14951,14951,2,0
2022-12-01 15:23:03,14950,14950,14950,2,-2
2022-12-01 15:23:03,14950,14950,14950,4,0
2022-12-01 15:23:07,14950,14950,14950,2,0
2022-12-01 15:23:07,14949,14949,14949,2,-2
2022-12-01 15:23:07,14949,14949,14949,2,0
2022-12-01 15:23:10,14951,14951,14951,2,2
2022-12-01 15:23:11,14951,14951,14951,12,0
2022-12-01 15:23:21,14951,14951,14951,2,0
2022-12-01 15:23:27,14950,14950,14950,2,-2
2022-12-01 15:23:27,14950,14950,14950,2,0
2022-12-01 15:23:27,14950,14950,14950,2,0
2022-12-01 15:23:27,14950,14950,14950,2,0
2022-12-01 15:23:34,14951,14951,14951,10,10
2022-12-01 15:23:44,14949,14949,14949,2,-2
2022-12-01 15:23:44,14949,14949,14949,2,0
2022-12-01 15:23:44,14949,14949,14949,2,0
2022-12-01 15:23:44,14949,14949,14949,2,0
2022-12-01 15:23:44,14949,14949,14949,2,0
2022-12-01 15:23:45,14948,14948,14948,2,-2
2022-12-01 15:23:45,14948,14948,14948,2,0
2022-12-01 15:23:45,14948,14948,14948,2,0
2022-12-01 15:23:46,14948,14948,14948,2,0
2022-12-01 15:23:56,14947,14947,14947,2,-2
2022-12-01 15:23:56,14947,14947,14947,6,0
2022-12-01 15:23:56,14947,14947,14947,2,0
2022-12-01 15:23:56,14947,14947,14947,2,0
2022-12-01 15:23:56,14947,14947,14947,2,0
2022-12-01 15:23:56,14947,14947,14947,2,0
2022-12-01 15:23:58,14946,14946,14946,2,-2
2022-12-01 15:23:58,14946,14946,14946,2,0
2022-12-01 15:23:59,14945,14945,14945,2,-2
2022-12-01 15:24:01,14945,14945,14945,2,0
2022-12-01 15:24:01,14945,14945,14945,2,0
2022-12-01 15:24:01,14945,14945,14945,2,0
2022-12-01 15:24:01,14945,14945,14945,2,0
2022-12-01 15:24:01,14945,14945,14945,2,0
2022-12-01 15:24:01,14945,14945,14945,2,0
2022-12-01 15:24:01,14945,14945,14945,4,0
2022-12-01 15:24:04,14944,14944,14944,2,-2
2022-12-01 15:24:04,14944,14944,14944,2,0
2022-12-01 15:24:08,14945,14945,14945,2,2
2022-12-01 15:24:09,14944,14944,14944,2,-2
2022-12-01 15:24:09,14944,14944,14944,2,0
2022-12-01 15:24:09,14944,14944,14944,2,0
2022-12-01 15:24:09,14944,14944,14944,2,0
2022-12-01 15:24:11,14943,14943,14943,2,-2
2022-12-01 15:24:12,14943,14943,14943,2,0
2022-12-01 15:24:12,14943,14943,14943,2,0
2022-12-01 15:24:15,14944,14944,14944,2,2
2022-12-01 15:24:15,14944,14944,14944,2,0
2022-12-01 15:24:15,14944,14944,14944,2,0
2022-12-01 15:24:15,14944,14944,14944,2,0
2022-12-01 15:24:20,14944,14944,14944,2,0
2022-12-01 15:24:20,14944,14944,14944,2,0
2022-12-01 15:24:20,14944,14944,14944,2,0
2022-12-01 15:24:28,14944,14944,14944,2,0
2022-12-01 15:24:30,14944,14944,14944,2,0
2022-12-01 15:24:30,14944,14944,14944,2,0
2022-12-01 15:24:31,14944,14944,14944,2,0
2022-12-01 15:24:32,14943,14943,14943,2,-2
2022-12-01 15:24:37,14943,14943,14943,2,0
2022-12-01 15:24:37,14943,14943,14943,4,0
2022-12-01 15:24:37,14943,14943,14943,2,0
2022-12-01 15:24:37,14943,14943,14943,2,0
2022-12-01 15:24:37,14943,14943,14943,4,0
2022-12-01 15:24:37,14943,14943,14943,2,0
2022-12-01 15:24:37,14943,14943,14943,4,0
2022-12-01 15:24:38,14943,14943,14943,2,0
2022-12-01 15:24:40,14943,14943,14943,2,0
2022-12-01 15:24:42,14943,14943,14943,2,0
2022-12-01 15:24:53,14942,14942,14942,2,-2
2022-12-01 15:24:57,14943,14943,14943,2,2
2022-12-01 15:24:58,14943,14943,14943,2,0
2022-12-01 15:25:07,14944,14944,14944,2,2
2022-12-01 15:25:14,14944,14944,14944,2,0
2022-12-01 15:25:15,14944,14944,14944,2,0
2022-12-01 15:25:18,14945,14945,14945,2,2
2022-12-01 15:25:18,14945,14945,14945,2,0
2022-12-01 15:25:32,14946,14946,14946,2,2
2022-12-01 15:25:33,14945,14945,14945,2,-2
2022-12-01 15:25:33,14945,14945,14945,2,0
2022-12-01 15:25:33,14945,14945,14945,2,0
2022-12-01 15:25:37,14946,14946,14946,2,2
2022-12-01 15:25:37,14946,14946,14946,4,0
2022-12-01 15:25:38,14946,14946,14946,2,0
2022-12-01 15:25:43,14945,14945,14945,2,-2
2022-12-01 15:25:43,14945,14945,14945,2,0
2022-12-01 15:25:46,14945,14945,14945,2,0
2022-12-01 15:25:48,14945,14945,14945,2,0
2022-12-01 15:25:48,14945,14945,14945,2,0
2022-12-01 15:25:48,14945,14945,14945,2,0
2022-12-01 15:25:48,14944,14944,14944,2,-2
2022-12-01 15:25:49,14944,14944,14944,2,0
2022-12-01 15:25:51,14945,14945,14945,2,2
2022-12-01 15:25:51,14945,14945,14945,2,0
2022-12-01 15:25:51,14945,14945,14945,2,0
2022-12-01 15:25:54,14946,14946,14946,4,4
2022-12-01 15:26:06,14945,14945,14945,2,-2
2022-12-01 15:26:06,14945,14945,14945,2,0
2022-12-01 15:26:06,14945,14945,14945,4,0
2022-12-01 15:26:06,14945,14945,14945,2,0
2022-12-01 15:26:06,14944,14944,14944,2,-2
2022-12-01 15:26:06,14942,14942,14942,4,-4
2022-12-01 15:26:06,14942,14942,14942,2,0
2022-12-01 15:26:06,14942,14942,14942,2,0
2022-12-01 15:26:11,14943,14943,14943,2,2
2022-12-01 15:26:18,14943,14943,14943,2,0
2022-12-01 15:26:18,14943,14943,14943,2,0
2022-12-01 15:26:18,14942,14942,14942,18,-18
2022-12-01 15:26:20,14943,14943,14943,2,2
2022-12-01 15:26:22,14943,14943,14943,2,0
2022-12-01 15:26:22,14943,14943,14943,2,0
2022-12-01 15:26:22,14944,14944,14944,4,4
2022-12-01 15:26:25,14944,14944,14944,2,0
2022-12-01 15:26:34,14944,14944,14944,2,0
2022-12-01 15:26:42,14944,14944,14944,10,0
2022-12-01 15:26:44,14943,14943,14943,4,-4
2022-12-01 15:26:44,14944,14944,14944,2,2
2022-12-01 15:26:46,14943,14943,14943,2,-2
2022-12-01 15:26:46,14942,14942,14942,4,-4
2022-12-01 15:26:50,14943,14943,14943,2,2
2022-12-01 15:26:52,14944,14944,14944,2,2
2022-12-01 15:26:53,14943,14943,14943,2,-2
2022-12-01 15:26:55,14943,14943,14943,2,0
2022-12-01 15:27:00,14943,14943,14943,2,0
2022-12-01 15:27:00,14943,14943,14943,2,0
2022-12-01 15:27:00,14942,14942,14942,2,-2
2022-12-01 15:27:01,14943,14943,14943,2,2
2022-12-01 15:27:02,14942,14942,14942,2,-2
2022-12-01 15:27:02,14942,14942,14942,2,0
2022-12-01 15:27:02,14942,14942,14942,2,0
2022-12-01 15:27:02,14942,14942,14942,2,0
2022-12-01 15:27:02,14942,14942,14942,2,0
2022-12-01 15:27:02,14942,14942,14942,2,0
2022-12-01 15:27:02,14942,14942,14942,8,0
2022-12-01 15:27:02,14942,14942,14942,2,0
2022-12-01 15:27:02,14942,14942,14942,2,0
2022-12-01 15:27:02,14942,14942,14942,2,0
2022-12-01 15:27:02,14942,14942,14942,2,0
2022-12-01 15:27:02,14942,14942,14942,2,0
2022-12-01 15:27:02,14942,14942,14942,2,0
2022-12-01 15:27:02,14942,14942,14942,2,0
2022-12-01 15:27:03,14942,14942,14942,2,0
2022-12-01 15:27:04,14942,14942,14942,2,0
2022-12-01 15:27:04,14942,14942,14942,4,0
2022-12-01 15:27:04,14941,14941,14941,2,-2
2022-12-01 15:27:06,14941,14941,14941,2,0
2022-12-01 15:27:07,14941,14941,14941,2,0
2022-12-01 15:27:07,14941,14941,14941,2,0
2022-12-01 15:27:09,14941,14941,14941,2,0
2022-12-01 15:27:09,14942,14942,14942,2,2
2022-12-01 15:27:16,14941,14941,14941,2,-2
2022-12-01 15:27:19,14941,14941,14941,2,0
2022-12-01 15:27:20,14941,14941,14941,8,0
2022-12-01 15:27:24,14941,14941,14941,2,0
2022-12-01 15:27:24,14941,14941,14941,8,0
2022-12-01 15:27:24,14941,14941,14941,2,0
2022-12-01 15:27:25,14941,14941,14941,2,0
2022-12-01 15:27:25,14941,14941,14941,2,0
2022-12-01 15:27:25,14941,14941,14941,2,0
2022-12-01 15:27:25,14941,14941,14941,2,0
2022-12-01 15:27:25,14941,14941,14941,2,0
2022-12-01 15:27:25,14941,14941,14941,4,0
2022-12-01 15:27:25,14941,14941,14941,2,0
2022-12-01 15:27:25,14941,14941,14941,2,0
2022-12-01 15:27:25,14941,14941,14941,6,0
2022-12-01 15:27:25,14941,14941,14941,2,0
2022-12-01 15:27:25,14941,14941,14941,4,0
2022-12-01 15:27:26,14940,14940,14940,2,-2
2022-12-01 15:27:26,14940,14940,14940,2,0
2022-12-01 15:27:26,14940,14940,14940,2,0
2022-12-01 15:27:31,14940,14940,14940,2,0
2022-12-01 15:27:36,14940,14940,14940,2,0
2022-12-01 15:27:37,14940,14940,14940,2,0
2022-12-01 15:27:38,14940,14940,14940,2,0
2022-12-01 15:27:41,14941,14941,14941,2,2
2022-12-01 15:27:41,14941,14941,14941,2,0
2022-12-01 15:27:43,14941,14941,14941,2,0
2022-12-01 15:27:44,14940,14940,14940,2,-2
2022-12-01 15:27:44,14940,14940,14940,2,0
2022-12-01 15:27:44,14940,14940,14940,2,0
2022-12-01 15:27:44,14940,14940,14940,2,0
2022-12-01 15:27:44,14940,14940,14940,2,0
2022-12-01 15:27:44,14940,14940,14940,2,0
2022-12-01 15:27:44,14940,14940,14940,2,0
2022-12-01 15:27:44,14940,14940,14940,2,0
2022-12-01 15:27:44,14940,14940,14940,2,0
2022-12-01 15:27:44,14940,14940,14940,2,0
2022-12-01 15:27:44,14940,14940,14940,2,0
2022-12-01 15:27:44,14940,14940,14940,2,0
2022-12-01 15:27:44,14940,14940,14940,2,0
2022-12-01 15:27:44,14940,14940,14940,2,0
2022-12-01 15:27:44,14940,14940,14940,2,0
2022-12-01 15:27:44,14940,14940,14940,2,0
2022-12-01 15:27:44,14940,14940,14940,2,0
2022-12-01 15:27:44,14940,14940,14940,2,0
2022-12-01 15:27:44,14940,14940,14940,2,0
2022-12-01 15:27:44,14940,14940,14940,2,0
2022-12-01 15:27:44,14940,14940,14940,2,0
2022-12-01 15:27:44,14940,14940,14940,2,0
2022-12-01 15:27:44,14939,14939,14939,2,-2
2022-12-01 15:27:44,14939,14939,14939,2,0
2022-12-01 15:27:44,14939,14939,14939,2,0
2022-12-01 15:27:45,14939,14939,14939,4,0
2022-12-01 15:27:45,14939,14939,14939,4,0
2022-12-01 15:27:45,14939,14939,14939,4,0
2022-12-01 15:27:45,14939,14939,14939,2,0
2022-12-01 15:27:45,14939,14939,14939,2,0
2022-12-01 15:27:45,14939,14939,14939,2,0
2022-12-01 15:27:45,14939,14939,14939,2,0
2022-12-01 15:27:45,14939,14939,14939,2,0
2022-12-01 15:27:45,14939,14939,14939,2,0
2022-12-01 15:27:45,14939,14939,14939,2,0
2022-12-01 15:27:45,14939,14939,14939,2,0
2022-12-01 15:27:45,14939,14939,14939,2,0
2022-12-01 15:27:45,14939,14939,14939,2,0
2022-12-01 15:27:45,14939,14939,14939,6,0
2022-12-01 15:27:47,14939,14939,14939,2,0
2022-12-01 15:27:47,14940,14940,14940,32,32
2022-12-01 15:27:48,14939,14939,14939,4,-4
2022-12-01 15:27:52,14939,14939,14939,4,0
2022-12-01 15:27:52,14939,14939,14939,16,0
2022-12-01 15:27:53,14939,14939,14939,2,0
2022-12-01 15:27:53,14939,14939,14939,2,0
2022-12-01 15:27:53,14939,14939,14939,2,0
2022-12-01 15:27:53,14939,14939,14939,2,0
2022-12-01 15:27:54,14939,14939,14939,6,0
2022-12-01 15:27:54,14939,14939,14939,2,0
2022-12-01 15:27:54,14939,14939,14939,4,0
2022-12-01 15:27:54,14939,14939,14939,2,0
2022-12-01 15:27:54,14939,14939,14939,2,0
2022-12-01 15:27:54,14939,14939,14939,4,0
2022-12-01 15:27:57,14939,14939,14939,2,0
2022-12-01 15:27:57,14939,14939,14939,2,0
2022-12-01 15:27:59,14938,14938,14938,6,-6
2022-12-01 15:27:59,14938,14938,14938,2,0
2022-12-01 15:27:59,14938,14938,14938,2,0
2022-12-01 15:27:59,14938,14938,14938,2,0
2022-12-01 15:27:59,14938,14938,14938,2,0
2022-12-01 15:27:59,14938,14938,14938,2,0
2022-12-01 15:27:59,14938,14938,14938,2,0
2022-12-01 15:27:59,14938,14938,14938,2,0
2022-12-01 15:27:59,14938,14938,14938,10,0
2022-12-01 15:27:59,14938,14938,14938,4,0
2022-12-01 15:27:59,14938,14938,14938,2,0
2022-12-01 15:27:59,14938,14938,14938,2,0
2022-12-01 15:27:59,14938,14938,14938,2,0
2022-12-01 15:27:59,14938,14938,14938,2,0
2022-12-01 15:27:59,14938,14938,14938,6,0
2022-12-01 15:27:59,14938,14938,14938,2,0
2022-12-01 15:27:59,14938,14938,14938,2,0
2022-12-01 15:27:59,14938,14938,14938,2,0
2022-12-01 15:27:59,14938,14938,14938,2,0
2022-12-01 15:27:59,14938,14938,14938,2,0
2022-12-01 15:27:59,14938,14938,14938,2,0
2022-12-01 15:27:59,14938,14938,14938,2,0
2022-12-01 15:27:59,14938,14938,14938,2,0
2022-12-01 15:27:59,14938,14938,14938,2,0
2022-12-01 15:28:00,14938,14938,14938,2,0
2022-12-01 15:28:00,14938,14938,14938,2,0
2022-12-01 15:28:00,14938,14938,14938,4,0
2022-12-01 15:28:00,14938,14938,14938,2,0
2022-12-01 15:28:00,14938,14938,14938,2,0
2022-12-01 15:28:00,14938,14938,14938,2,0
2022-12-01 15:28:00,14938,14938,14938,2,0
2022-12-01 15:28:00,14939,14939,14939,2,2
2022-12-01 15:28:00,14939,14939,14939,2,0
2022-12-01 15:28:01,14939,14939,14939,2,0
2022-12-01 15:28:01,14939,14939,14939,2,0
2022-12-01 15:28:04,14937,14937,14937,6,-6
2022-12-01 15:28:04,14937,14937,14937,2,0
2022-12-01 15:28:04,14937,14937,14937,4,0
2022-12-01 15:28:04,14937,14937,14937,2,0
2022-12-01 15:28:04,14937,14937,14937,2,0
2022-12-01 15:28:04,14937,14937,14937,2,0
2022-12-01 15:28:04,14937,14937,14937,2,0
2022-12-01 15:28:04,14937,14937,14937,2,0
2022-12-01 15:28:04,14937,14937,14937,2,0
2022-12-01 15:28:04,14937,14937,14937,2,0
2022-12-01 15:28:04,14937,14937,14937,2,0
2022-12-01 15:28:04,14937,14937,14937,2,0
2022-12-01 15:28:04,14937,14937,14937,2,0
2022-12-01 15:28:04,14937,14937,14937,2,0
2022-12-01 15:28:04,14936,14936,14936,2,-2
2022-12-01 15:28:04,14936,14936,14936,2,0
2022-12-01 15:28:04,14936,14936,14936,2,0
2022-12-01 15:28:04,14936,14936,14936,2,0
2022-12-01 15:28:04,14936,14936,14936,2,0
2022-12-01 15:28:04,14936,14936,14936,2,0
2022-12-01 15:28:04,14936,14936,14936,2,0
2022-12-01 15:28:04,14936,14936,14936,2,0
2022-12-01 15:28:04,14936,14936,14936,2,0
2022-12-01 15:28:04,14936,14936,14936,2,0
2022-12-01 15:28:04,14936,14936,14936,2,0
2022-12-01 15:28:04,14936,14936,14936,2,0
2022-12-01 15:28:04,14936,14936,14936,2,0
2022-12-01 15:28:04,14936,14936,14936,2,0
2022-12-01 15:28:04,14936,14936,14936,2,0
2022-12-01 15:28:04,14936,14936,14936,2,0
2022-12-01 15:28:04,14936,14936,14936,2,0
2022-12-01 15:28:05,14938,14938,14938,6,6
2022-12-01 15:28:05,14939,14939,14939,2,2
2022-12-01 15:28:05,14939,14939,14939,2,0
2022-12-01 15:28:05,14939,14939,14939,2,0
2022-12-01 15:28:05,14939,14939,14939,2,0
2022-12-01 15:28:05,14938,14938,14938,6,-6
2022-12-01 15:28:05,14938,14938,14938,4,0
2022-12-01 15:28:05,14939,14939,14939,2,2
2022-12-01 15:28:05,14937,14937,14937,2,-2
2022-12-01 15:28:06,14939,14939,14939,2,2
2022-12-01 15:28:06,14939,14939,14939,2,0
2022-12-01 15:28:06,14940,14940,14940,2,2
2022-12-01 15:28:06,14940,14940,14940,4,0
2022-12-01 15:28:06,14940,14940,14940,2,0
2022-12-01 15:28:06,14938,14938,14938,2,-2
2022-12-01 15:28:06,14938,14938,14938,2,0
2022-12-01 15:28:10,14940,14940,14940,2,2
2022-12-01 15:28:11,14940,14940,14940,4,0
2022-12-01 15:28:15,14940,14940,14940,2,0
2022-12-01 15:28:15,14940,14940,14940,2,0
2022-12-01 15:28:22,14941,14941,14941,2,2
2022-12-01 15:28:22,14941,14941,14941,2,0
2022-12-01 15:28:22,14941,14941,14941,2,0
2022-12-01 15:28:23,14942,14942,14942,4,4
2022-12-01 15:28:24,14944,14944,14944,4,4
2022-12-01 15:28:34,14943,14943,14943,2,-2
2022-12-01 15:28:36,14942,14942,14942,2,-2
2022-12-01 15:28:39,14943,14943,14943,2,2
2022-12-01 15:28:39,14942,14942,14942,2,-2
2022-12-01 15:28:39,14942,14942,14942,2,0
2022-12-01 15:28:39,14942,14942,14942,2,0
2022-12-01 15:28:42,14942,14942,14942,2,0
2022-12-01 15:28:51,14941,14941,14941,2,-2
2022-12-01 15:28:54,14941,14941,14941,4,0
2022-12-01 15:28:55,14941,14941,14941,4,0
2022-12-01 15:29:04,14942,14942,14942,2,2
2022-12-01 15:29:12,14941,14941,14941,2,-2
2022-12-01 15:29:12,14941,14941,14941,2,0
2022-12-01 15:29:12,14941,14941,14941,2,0
2022-12-01 15:29:15,14942,14942,14942,2,2
2022-12-01 15:29:15,14942,14942,14942,8,0
2022-12-01 15:29:17,14941,14941,14941,2,-2
2022-12-01 15:29:17,14941,14941,14941,2,0
2022-12-01 15:29:20,14940,14940,14940,2,-2
2022-12-01 15:29:23,14940,14940,14940,2,0
2022-12-01 15:29:23,14940,14940,14940,2,0
2022-12-01 15:29:23,14940,14940,14940,2,0
2022-12-01 15:29:23,14940,14940,14940,2,0
2022-12-01 15:29:26,14940,14940,14940,2,0
2022-12-01 15:29:27,14940,14940,14940,2,0
2022-12-01 15:29:38,14940,14940,14940,2,0
2022-12-01 15:29:38,14940,14940,14940,2,0
2022-12-01 15:29:38,14940,14940,14940,2,0
2022-12-01 15:29:38,14940,14940,14940,2,0
2022-12-01 15:29:38,14940,14940,14940,2,0
2022-12-01 15:29:38,14940,14940,14940,2,0
2022-12-01 15:29:38,14941,14941,14941,2,2
2022-12-01 15:29:42,14940,14940,14940,2,-2
2022-12-01 15:29:44,14940,14940,14940,2,0
2022-12-01 15:29:45,14941,14941,14941,2,2
2022-12-01 15:29:51,14941,14941,14941,2,0
2022-12-01 15:29:52,14940,14940,14940,2,-2
2022-12-01 15:29:56,14940,14940,14940,2,0
2022-12-01 15:30:02,14941,14941,14941,8,8
2022-12-01 15:30:04,14942,14942,14942,2,2
2022-12-01 15:30:05,14943,14943,14943,4,4
2022-12-01 15:30:06,14941,14941,14941,2,-2
2022-12-01 15:30:06,14941,14941,14941,2,0
2022-12-01 15:30:06,14940,14940,14940,2,-2
2022-12-01 15:30:08,14941,14941,14941,2,2
2022-12-01 15:30:15,14941,14941,14941,2,0
2022-12-01 15:30:15,14941,14941,14941,2,0
2022-12-01 15:30:15,14941,14941,14941,4,0
2022-12-01 15:30:21,14941,14941,14941,2,0
2022-12-01 15:30:24,14940,14940,14940,6,-6
2022-12-01 15:30:26,14942,14942,14942,2,2
2022-12-01 15:30:27,14940,14940,14940,2,-2
2022-12-01 15:30:47,14943,14943,14943,2,2
2022-12-01 15:30:56,14943,14943,14943,2,0
2022-12-01 15:31:02,14943,14943,14943,6,0
2022-12-01 15:31:02,14943,14943,14943,2,0
2022-12-01 15:31:03,14943,14943,14943,2,0
2022-12-01 15:31:06,14943,14943,14943,2,0
2022-12-01 15:31:08,14943,14943,14943,4,0
2022-12-01 15:31:09,14944,14944,14944,16,16
2022-12-01 15:31:09,14944,14944,14944,2,0
2022-12-01 15:31:09,14944,14944,14944,2,0
2022-12-01 15:31:10,14945,14945,14945,4,4
2022-12-01 15:31:12,14945,14945,14945,2,0
2022-12-01 15:31:13,14946,14946,14946,2,2
2022-12-01 15:31:22,14944,14944,14944,6,-6
2022-12-01 15:31:22,14944,14944,14944,6,0
2022-12-01 15:31:22,14945,14945,14945,4,4
2022-12-01 15:31:31,14945,14945,14945,2,0
2022-12-01 15:31:31,14946,14946,14946,2,2
2022-12-01 15:31:32,14945,14945,14945,2,-2
2022-12-01 15:31:32,14946,14946,14946,2,2
2022-12-01 15:31:37,14945,14945,14945,2,-2
2022-12-01 15:31:37,14945,14945,14945,2,0
2022-12-01 15:31:37,14945,14945,14945,2,0
2022-12-01 15:31:40,14945,14945,14945,10,0
2022-12-01 15:31:46,14945,14945,14945,2,0
2022-12-01 15:31:47,14945,14945,14945,2,0
2022-12-01 15:31:53,14945,14945,14945,2,0
2022-12-01 15:31:53,14945,14945,14945,2,0
2022-12-01 15:31:54,14944,14944,14944,2,-2
2022-12-01 15:31:56,14943,14943,14943,2,-2
2022-12-01 15:31:56,14942,14942,14942,2,-2
2022-12-01 15:32:12,14943,14943,14943,2,2
2022-12-01 15:32:20,14943,14943,14943,2,0
2022-12-01 15:32:20,14943,14943,14943,2,0
2022-12-01 15:32:20,14943,14943,14943,2,0
2022-12-01 15:32:20,14943,14943,14943,2,0
2022-12-01 15:32:20,14943,14943,14943,2,0
2022-12-01 15:32:27,14944,14944,14944,2,2
2022-12-01 15:32:32,14944,14944,14944,2,0
2022-12-01 15:32:44,14943,14943,14943,2,-2
2022-12-01 15:32:45,14942,14942,14942,2,-2
2022-12-01 15:32:45,14942,14942,14942,2,0
2022-12-01 15:32:50,14941,14941,14941,2,-2
2022-12-01 15:32:50,14941,14941,14941,2,0
2022-12-01 15:32:50,14941,14941,14941,2,0
2022-12-01 15:33:09,14942,14942,14942,2,2
2022-12-01 15:33:09,14942,14942,14942,2,0
2022-12-01 15:33:09,14942,14942,14942,6,0
2022-12-01 15:33:10,14941,14941,14941,2,-2
2022-12-01 15:33:10,14941,14941,14941,2,0
2022-12-01 15:33:17,14942,14942,14942,2,2
2022-12-01 15:33:23,14942,14942,14942,2,0
2022-12-01 15:33:39,14941,14941,14941,2,-2
2022-12-01 15:33:39,14941,14941,14941,8,0
2022-12-01 15:33:39,14941,14941,14941,2,0
2022-12-01 15:33:39,14941,14941,14941,2,0
2022-12-01 15:33:44,14940,14940,14940,4,-4
2022-12-01 15:33:44,14940,14940,14940,2,0
2022-12-01 15:33:44,14940,14940,14940,2,0
2022-12-01 15:33:44,14940,14940,14940,4,0
2022-12-01 15:33:44,14940,14940,14940,2,0
2022-12-01 15:33:44,14940,14940,14940,2,0
2022-12-01 15:33:44,14940,14940,14940,4,0
2022-12-01 15:33:44,14940,14940,14940,2,0
2022-12-01 15:33:44,14940,14940,14940,2,0
2022-12-01 15:33:44,14940,14940,14940,2,0
2022-12-01 15:33:45,14940,14940,14940,2,0
2022-12-01 15:33:48,14939,14939,14939,2,-2
2022-12-01 15:33:48,14939,14939,14939,2,0
2022-12-01 15:33:48,14939,14939,14939,2,0
2022-12-01 15:33:48,14939,14939,14939,2,0
2022-12-01 15:33:48,14939,14939,14939,2,0
2022-12-01 15:33:48,14939,14939,14939,2,0
2022-12-01 15:33:48,14939,14939,14939,2,0
2022-12-01 15:33:48,14939,14939,14939,4,0
2022-12-01 15:33:48,14939,14939,14939,2,0
2022-12-01 15:33:48,14939,14939,14939,2,0
2022-12-01 15:33:48,14940,14940,14940,2,2
2022-12-01 15:33:50,14938,14938,14938,2,-2
2022-12-01 15:33:50,14938,14938,14938,2,0
2022-12-01 15:33:55,14938,14938,14938,2,0
2022-12-01 15:33:57,14938,14938,14938,2,0
2022-12-01 15:33:58,14938,14938,14938,2,0
2022-12-01 15:34:00,14938,14938,14938,2,0
2022-12-01 15:34:01,14938,14938,14938,2,0
2022-12-01 15:34:03,14938,14938,14938,2,0
2022-12-01 15:34:03,14938,14938,14938,2,0
2022-12-01 15:34:03,14938,14938,14938,2,0
2022-12-01 15:34:03,14938,14938,14938,2,0
2022-12-01 15:34:06,14938,14938,14938,2,0
2022-12-01 15:34:06,14938,14938,14938,2,0
2022-12-01 15:34:06,14938,14938,14938,2,0
2022-12-01 15:34:07,14939,14939,14939,4,4
2022-12-01 15:34:16,14938,14938,14938,2,-2
2022-12-01 15:34:16,14938,14938,14938,2,0
2022-12-01 15:34:16,14938,14938,14938,2,0
2022-12-01 15:34:16,14938,14938,14938,2,0
2022-12-01 15:34:16,14938,14938,14938,2,0
2022-12-01 15:34:16,14938,14938,14938,2,0
2022-12-01 15:34:16,14938,14938,14938,2,0
2022-12-01 15:34:16,14938,14938,14938,2,0
2022-12-01 15:34:16,14938,14938,14938,2,0
2022-12-01 15:34:18,14938,14938,14938,2,0
2022-12-01 15:34:25,14937,14937,14937,2,-2
2022-12-01 15:34:25,14937,14937,14937,2,0
2022-12-01 15:34:26,14938,14938,14938,2,2
2022-12-01 15:34:28,14937,14937,14937,2,-2
2022-12-01 15:34:29,14937,14937,14937,20,0
2022-12-01 15:34:29,14937,14937,14937,4,0
2022-12-01 15:34:29,14937,14937,14937,2,0
2022-12-01 15:34:29,14937,14937,14937,4,0
2022-12-01 15:34:29,14937,14937,14937,6,0
2022-12-01 15:34:29,14937,14937,14937,2,0
2022-12-01 15:34:29,14936,14936,14936,2,-2
2022-12-01 15:34:29,14936,14936,14936,2,0
2022-12-01 15:34:29,14936,14936,14936,2,0
2022-12-01 15:34:29,14936,14936,14936,6,0
2022-12-01 15:34:29,14936,14936,14936,2,0
2022-12-01 15:34:29,14936,14936,14936,2,0
2022-12-01 15:34:29,14935,14935,14935,2,-2
2022-12-01 15:34:29,14935,14935,14935,2,0
2022-12-01 15:34:29,14935,14935,14935,2,0
2022-12-01 15:34:29,14935,14935,14935,2,0
2022-12-01 15:34:29,14935,14935,14935,2,0
2022-12-01 15:34:29,14935,14935,14935,2,0
2022-12-01 15:34:29,14935,14935,14935,2,0
2022-12-01 15:34:29,14935,14935,14935,2,0
2022-12-01 15:34:29,14935,14935,14935,2,0
2022-12-01 15:34:29,14935,14935,14935,2,0
2022-12-01 15:34:29,14935,14935,14935,4,0
2022-12-01 15:34:29,14935,14935,14935,2,0
2022-12-01 15:34:30,14935,14935,14935,2,0
2022-12-01 15:34:30,14935,14935,14935,2,0
2022-12-01 15:34:30,14935,14935,14935,2,0
2022-12-01 15:34:30,14935,14935,14935,2,0
2022-12-01 15:34:30,14935,14935,14935,2,0
2022-12-01 15:34:30,14935,14935,14935,2,0
2022-12-01 15:34:30,14935,14935,14935,2,0
2022-12-01 15:34:30,14934,14934,14934,2,-2
2022-12-01 15:34:30,14934,14934,14934,2,0
2022-12-01 15:34:30,14934,14934,14934,2,0
2022-12-01 15:34:30,14934,14934,14934,2,0
2022-12-01 15:34:30,14934,14934,14934,2,0
2022-12-01 15:34:30,14934,14934,14934,2,0
2022-12-01 15:34:30,14934,14934,14934,2,0
2022-12-01 15:34:30,14934,14934,14934,2,0
2022-12-01 15:34:30,14934,14934,14934,2,0
2022-12-01 15:34:30,14934,14934,14934,6,0
2022-12-01 15:34:30,14934,14934,14934,2,0
2022-12-01 15:34:30,14934,14934,14934,2,0
2022-12-01 15:34:32,14935,14935,14935,2,2
2022-12-01 15:34:33,14934,14934,14934,2,-2
2022-12-01 15:34:33,14934,14934,14934,2,0
2022-12-01 15:34:33,14933,14933,14933,4,-4
2022-12-01 15:34:33,14933,14933,14933,2,0
2022-12-01 15:34:33,14933,14933,14933,2,0
2022-12-01 15:34:34,14934,14934,14934,2,2
2022-12-01 15:34:35,14935,14935,14935,2,2
2022-12-01 15:34:36,14935,14935,14935,2,0
2022-12-01 15:34:36,14935,14935,14935,2,0
2022-12-01 15:34:36,14935,14935,14935,2,0
2022-12-01 15:34:37,14935,14935,14935,2,0
2022-12-01 15:34:41,14935,14935,14935,2,0
2022-12-01 15:34:42,14935,14935,14935,2,0
2022-12-01 15:34:42,14935,14935,14935,2,0
2022-12-01 15:34:42,14935,14935,14935,2,0
2022-12-01 15:34:42,14935,14935,14935,4,0
2022-12-01 15:34:42,14935,14935,14935,2,0
2022-12-01 15:34:42,14935,14935,14935,4,0
2022-12-01 15:34:42,14935,14935,14935,2,0
2022-12-01 15:34:42,14935,14935,14935,2,0
2022-12-01 15:34:42,14935,14935,14935,2,0
2022-12-01 15:34:42,14935,14935,14935,2,0
2022-12-01 15:34:43,14934,14934,14934,2,-2
2022-12-01 15:34:44,14935,14935,14935,2,2
2022-12-01 15:34:45,14935,14935,14935,2,0
2022-12-01 15:34:45,14935,14935,14935,2,0
2022-12-01 15:34:46,14935,14935,14935,2,0
2022-12-01 15:34:47,14935,14935,14935,6,0
2022-12-01 15:34:47,14935,14935,14935,2,0
2022-12-01 15:34:49,14935,14935,14935,4,0
2022-12-01 15:34:49,14935,14935,14935,2,0
2022-12-01 15:34:49,14935,14935,14935,2,0
2022-12-01 15:34:49,14934,14934,14934,2,-2
2022-12-01 15:34:49,14934,14934,14934,2,0
2022-12-01 15:34:49,14934,14934,14934,2,0
2022-12-01 15:34:52,14935,14935,14935,2,2
2022-12-01 15:34:53,14934,14934,14934,2,-2
2022-12-01 15:34:54,14935,14935,14935,2,2
2022-12-01 15:34:54,14934,14934,14934,2,-2
2022-12-01 15:34:56,14934,14934,14934,2,0
2022-12-01 15:34:59,14934,14934,14934,2,0
2022-12-01 15:35:00,14934,14934,14934,4,0
2022-12-01 15:35:01,14934,14934,14934,2,0
2022-12-01 15:35:01,14934,14934,14934,2,0
2022-12-01 15:35:01,14934,14934,14934,2,0
2022-12-01 15:35:01,14934,14934,14934,2,0
2022-12-01 15:35:03,14935,14935,14935,2,2
2022-12-01 15:35:06,14934,14934,14934,2,-2
2022-12-01 15:35:08,14934,14934,14934,2,0
2022-12-01 15:35:08,14934,14934,14934,2,0
2022-12-01 15:35:09,14934,14934,14934,4,0
2022-12-01 15:35:13,14934,14934,14934,2,0
2022-12-01 15:35:13,14934,14934,14934,2,0
2022-12-01 15:35:13,14934,14934,14934,2,0
2022-12-01 15:35:16,14933,14933,14933,4,-4
2022-12-01 15:35:16,14935,14935,14935,2,2
2022-12-01 15:35:16,14933,14933,14933,2,-2
2022-12-01 15:35:16,14933,14933,14933,2,0
2022-12-01 15:35:16,14933,14933,14933,2,0
2022-12-01 15:35:18,14933,14933,14933,2,0
2022-12-01 15:35:20,14934,14934,14934,2,2
2022-12-01 15:35:20,14934,14934,14934,2,0
2022-12-01 15:35:21,14933,14933,14933,2,-2
2022-12-01 15:35:23,14935,14935,14935,2,2
2022-12-01 15:35:24,14934,14934,14934,4,-4
2022-12-01 15:35:24,14933,14933,14933,2,-2
2022-12-01 15:35:24,14933,14933,14933,2,0
2022-12-01 15:35:24,14933,14933,14933,2,0
2022-12-01 15:35:24,14933,14933,14933,2,0
2022-12-01 15:35:24,14933,14933,14933,2,0
2022-12-01 15:35:24,14933,14933,14933,4,0
2022-12-01 15:35:24,14933,14933,14933,2,0
2022-12-01 15:35:24,14933,14933,14933,2,0
2022-12-01 15:35:24,14933,14933,14933,2,0
2022-12-01 15:35:24,14933,14933,14933,2,0
2022-12-01 15:35:24,14933,14933,14933,2,0
2022-12-01 15:35:24,14933,14933,14933,2,0
2022-12-01 15:35:24,14933,14933,14933,2,0
2022-12-01 15:35:29,14933,14933,14933,2,0
2022-12-01 15:35:29,14934,14934,14934,6,6
2022-12-01 15:35:33,14935,14935,14935,28,28
2022-12-01 15:35:34,14935,14935,14935,2,0
2022-12-01 15:35:34,14935,14935,14935,2,0
2022-12-01 15:35:35,14935,14935,14935,2,0
2022-12-01 15:35:40,14935,14935,14935,2,0
2022-12-01 15:35:40,14936,14936,14936,2,2
2022-12-01 15:35:41,14937,14937,14937,2,2
2022-12-01 15:35:43,14936,14936,14936,2,-2
2022-12-01 15:35:46,14935,14935,14935,2,-2
2022-12-01 15:35:46,14935,14935,14935,2,0
2022-12-01 15:35:47,14935,14935,14935,2,0
2022-12-01 15:35:51,14935,14935,14935,2,0
2022-12-01 15:35:51,14935,14935,14935,2,0
2022-12-01 15:35:51,14935,14935,14935,2,0
2022-12-01 15:35:58,14935,14935,14935,2,0
2022-12-01 15:36:00,14934,14934,14934,2,-2
2022-12-01 15:36:01,14936,14936,14936,2,2
2022-12-01 15:36:05,14936,14936,14936,6,0
2022-12-01 15:36:05,14937,14937,14937,14,14
2022-12-01 15:36:12,14937,14937,14937,2,0
2022-12-01 15:36:12,14937,14937,14937,2,0
2022-12-01 15:36:15,14938,14938,14938,6,6
2022-12-01 15:36:17,14939,14939,14939,2,2
2022-12-01 15:36:21,14940,14940,14940,10,10
2022-12-01 15:36:21,14940,14940,14940,2,0
2022-12-01 15:36:22,14939,14939,14939,2,-2
2022-12-01 15:36:25,14940,14940,14940,2,2
2022-12-01 15:36:29,14939,14939,14939,2,-2
2022-12-01 15:36:29,14938,14938,14938,2,-2
2022-12-01 15:36:29,14938,14938,14938,2,0
2022-12-01 15:36:30,14938,14938,14938,2,0
2022-12-01 15:36:30,14940,14940,14940,2,2
2022-12-01 15:36:40,14940,14940,14940,2,0
2022-12-01 15:36:43,14940,14940,14940,2,0
2022-12-01 15:36:43,14940,14940,14940,4,0
2022-12-01 15:36:43,14940,14940,14940,4,0
2022-12-01 15:36:43,14940,14940,14940,2,0
2022-12-01 15:36:44,14940,14940,14940,2,0
2022-12-01 15:36:45,14939,14939,14939,2,-2
2022-12-01 15:36:49,14940,14940,14940,2,2
2022-12-01 15:36:50,14940,14940,14940,2,0
2022-12-01 15:36:52,14939,14939,14939,2,-2
2022-12-01 15:36:56,14939,14939,14939,2,0
2022-12-01 15:36:56,14939,14939,14939,2,0
2022-12-01 15:37:03,14939,14939,14939,2,0
2022-12-01 15:37:14,14940,14940,14940,2,2
2022-12-01 15:37:15,14939,14939,14939,2,-2
2022-12-01 15:37:15,14939,14939,14939,2,0
2022-12-01 15:37:19,14940,14940,14940,2,2
2022-12-01 15:37:20,14941,14941,14941,6,6
2022-12-01 15:37:27,14941,14941,14941,4,0
2022-12-01 15:37:29,14942,14942,14942,2,2
2022-12-01 15:37:29,14941,14941,14941,2,-2
2022-12-01 15:37:33,14941,14941,14941,2,0
2022-12-01 15:37:39,14940,14940,14940,2,-2
2022-12-01 15:37:41,14939,14939,14939,2,-2
2022-12-01 15:37:41,14939,14939,14939,2,0
2022-12-01 15:37:41,14939,14939,14939,2,0
2022-12-01 15:37:49,14940,14940,14940,2,2
2022-12-01 15:37:50,14940,14940,14940,2,0
2022-12-01 15:37:50,14940,14940,14940,2,0
2022-12-01 15:37:56,14941,14941,14941,2,2
2022-12-01 15:38:05,14940,14940,14940,2,-2
2022-12-01 15:38:15,14940,14940,14940,2,0
2022-12-01 15:38:16,14940,14940,14940,2,0
2022-12-01 15:38:25,14941,14941,14941,4,4
2022-12-01 15:38:30,14940,14940,14940,2,-2
2022-12-01 15:38:30,14940,14940,14940,10,0
2022-12-01 15:38:30,14940,14940,14940,2,0
2022-12-01 15:38:30,14940,14940,14940,2,0
2022-12-01 15:38:30,14940,14940,14940,4,0
2022-12-01 15:38:30,14940,14940,14940,2,0
2022-12-01 15:38:30,14940,14940,14940,2,0
2022-12-01 15:38:30,14940,14940,14940,2,0
2022-12-01 15:38:31,14939,14939,14939,2,-2
2022-12-01 15:38:31,14939,14939,14939,2,0
2022-12-01 15:38:31,14939,14939,14939,2,0
2022-12-01 15:38:31,14939,14939,14939,2,0
2022-12-01 15:38:33,14940,14940,14940,4,4
2022-12-01 15:38:38,14939,14939,14939,2,-2
2022-12-01 15:38:40,14939,14939,14939,2,0
2022-12-01 15:38:42,14940,14940,14940,2,2
2022-12-01 15:38:42,14940,14940,14940,2,0
2022-12-01 15:38:42,14940,14940,14940,6,0
2022-12-01 15:38:54,14939,14939,14939,6,-6
2022-12-01 15:39:01,14939,14939,14939,2,0
2022-12-01 15:39:01,14939,14939,14939,2,0
2022-12-01 15:39:01,14939,14939,14939,2,0
2022-12-01 15:39:01,14939,14939,14939,2,0
2022-12-01 15:39:05,14940,14940,14940,4,4
2022-12-01 15:39:14,14940,14940,14940,2,0
2022-12-01 15:39:20,14938,14938,14938,2,-2
2022-12-01 15:39:20,14938,14938,14938,4,0
2022-12-01 15:39:42,14938,14938,14938,2,0
2022-12-01 15:40:02,14938,14938,14938,2,0
2022-12-01 15:40:04,14939,14939,14939,2,2
2022-12-01 15:40:07,14938,14938,14938,2,-2
2022-12-01 15:40:07,14938,14938,14938,2,0
2022-12-01 15:40:07,14938,14938,14938,2,0
2022-12-01 15:40:16,14938,14938,14938,2,0
2022-12-01 15:40:26,14938,14938,14938,2,0
2022-12-01 15:40:26,14938,14938,14938,2,0
2022-12-01 15:40:26,14938,14938,14938,2,0
2022-12-01 15:40:26,14938,14938,14938,2,0
2022-12-01 15:40:26,14937,14937,14937,2,-2
2022-12-01 15:40:26,14937,14937,14937,2,0
2022-12-01 15:40:26,14937,14937,14937,2,0
2022-12-01 15:40:26,14935,14935,14935,2,-2
2022-12-01 15:40:26,14935,14935,14935,2,0
2022-12-01 15:40:29,14936,14936,14936,2,2
2022-12-01 15:40:43,14938,14938,14938,2,2
2022-12-01 15:40:43,14937,14937,14937,2,-2
2022-12-01 15:41:02,14938,14938,14938,2,2
2022-12-01 15:41:04,14938,14938,14938,2,0
2022-12-01 15:41:20,14938,14938,14938,2,0
2022-12-01 15:41:20,14938,14938,14938,2,0
2022-12-01 15:41:20,14938,14938,14938,2,0
2022-12-01 15:41:20,14939,14939,14939,2,2
2022-12-01 15:41:21,14938,14938,14938,2,-2
2022-12-01 15:41:30,14939,14939,14939,2,2
2022-12-01 15:41:30,14939,14939,14939,4,0
2022-12-01 15:41:33,14938,14938,14938,2,-2
2022-12-01 15:41:33,14937,14937,14937,2,-2
2022-12-01 15:41:33,14937,14937,14937,2,0
2022-12-01 15:41:57,14939,14939,14939,2,2
2022-12-01 15:42:00,14937,14937,14937,2,-2
2022-12-01 15:42:15,14938,14938,14938,2,2
2022-12-01 15:42:21,14938,14938,14938,2,0
2022-12-01 15:42:21,14938,14938,14938,2,0
2022-12-01 15:42:24,14938,14938,14938,8,0
2022-12-01 15:42:33,14937,14937,14937,2,-2
2022-12-01 15:42:33,14936,14936,14936,2,-2
2022-12-01 15:42:33,14936,14936,14936,2,0
2022-12-01 15:42:33,14936,14936,14936,2,0
2022-12-01 15:42:33,14936,14936,14936,2,0
2022-12-01 15:42:39,14936,14936,14936,2,0
2022-12-01 15:42:44,14936,14936,14936,2,0
2022-12-01 15:42:45,14937,14937,14937,2,2
2022-12-01 15:42:45,14937,14937,14937,4,0
2022-12-01 15:42:51,14937,14937,14937,2,0
2022-12-01 15:42:51,14937,14937,14937,2,0
2022-12-01 15:42:51,14937,14937,14937,2,0
2022-12-01 15:42:52,14937,14937,14937,2,0
2022-12-01 15:42:53,14937,14937,14937,2,0
2022-12-01 15:42:55,14938,14938,14938,2,2
2022-12-01 15:43:01,14938,14938,14938,2,0
2022-12-01 15:43:01,14939,14939,14939,6,6
2022-12-01 15:43:01,14938,14938,14938,2,-2
2022-12-01 15:43:01,14937,14937,14937,2,-2
2022-12-01 15:43:01,14937,14937,14937,2,0
2022-12-01 15:43:01,14937,14937,14937,4,0
2022-12-01 15:43:01,14937,14937,14937,4,0
2022-12-01 15:43:01,14936,14936,14936,2,-2
2022-12-01 15:43:02,14935,14935,14935,2,-2
2022-12-01 15:43:02,14935,14935,14935,2,0
2022-12-01 15:43:02,14935,14935,14935,2,0
2022-12-01 15:43:03,14935,14935,14935,2,0
2022-12-01 15:43:03,14935,14935,14935,2,0
2022-12-01 15:43:03,14935,14935,14935,2,0
2022-12-01 15:43:03,14935,14935,14935,2,0
2022-12-01 15:43:03,14934,14934,14934,2,-2
2022-12-01 15:43:03,14934,14934,14934,2,0
2022-12-01 15:43:03,14934,14934,14934,2,0
2022-12-01 15:43:03,14934,14934,14934,2,0
2022-12-01 15:43:03,14934,14934,14934,2,0
2022-12-01 15:43:03,14934,14934,14934,2,0
2022-12-01 15:43:03,14934,14934,14934,2,0
2022-12-01 15:43:03,14934,14934,14934,2,0
2022-12-01 15:43:08,14935,14935,14935,2,2
2022-12-01 15:43:10,14935,14935,14935,2,0
2022-12-01 15:43:10,14935,14935,14935,4,0
2022-12-01 15:43:12,14935,14935,14935,2,0
2022-12-01 15:43:13,14936,14936,14936,4,4
2022-12-01 15:43:13,14936,14936,14936,4,0
2022-12-01 15:43:13,14935,14935,14935,4,-4
2022-12-01 15:43:13,14935,14935,14935,4,0
2022-12-01 15:43:13,14935,14935,14935,2,0
2022-12-01 15:43:18,14935,14935,14935,2,0
2022-12-01 15:43:20,14935,14935,14935,2,0
2022-12-01 15:43:22,14936,14936,14936,12,12
2022-12-01 15:43:32,14938,14938,14938,2,2
2022-12-01 15:43:35,14936,14936,14936,2,-2
2022-12-01 15:43:35,14936,14936,14936,2,0
2022-12-01 15:43:46,14936,14936,14936,2,0
2022-12-01 15:43:46,14936,14936,14936,2,0
2022-12-01 15:43:46,14936,14936,14936,2,0
2022-12-01 15:43:54,14936,14936,14936,2,0
2022-12-01 15:44:00,14937,14937,14937,2,2
2022-12-01 15:44:01,14937,14937,14937,2,0
2022-12-01 15:44:02,14937,14937,14937,2,0
2022-12-01 15:44:04,14937,14937,14937,2,0
2022-12-01 15:44:05,14937,14937,14937,2,0
2022-12-01 15:44:18,14937,14937,14937,2,0
2022-12-01 15:44:20,14937,14937,14937,2,0
2022-12-01 15:44:21,14937,14937,14937,2,0
2022-12-01 15:44:21,14937,14937,14937,2,0
2022-12-01 15:44:22,14937,14937,14937,2,0
2022-12-01 15:44:22,14937,14937,14937,2,0
2022-12-01 15:44:23,14937,14937,14937,2,0
2022-12-01 15:44:23,14937,14937,14937,2,0
2022-12-01 15:44:24,14937,14937,14937,2,0
2022-12-01 15:44:25,14937,14937,14937,2,0
2022-12-01 15:44:25,14937,14937,14937,2,0
2022-12-01 15:44:26,14937,14937,14937,2,0
2022-12-01 15:44:32,14937,14937,14937,2,0
2022-12-01 15:44:35,14937,14937,14937,2,0
2022-12-01 15:44:35,14936,14936,14936,2,-2
2022-12-01 15:44:35,14936,14936,14936,2,0
2022-12-01 15:44:36,14936,14936,14936,2,0
2022-12-01 15:44:36,14936,14936,14936,14,0
2022-12-01 15:44:36,14936,14936,14936,2,0
2022-12-01 15:44:36,14936,14936,14936,2,0
2022-12-01 15:44:37,14935,14935,14935,2,-2
2022-12-01 15:44:42,14936,14936,14936,2,2
2022-12-01 15:44:42,14936,14936,14936,2,0
2022-12-01 15:44:42,14936,14936,14936,6,0
2022-12-01 15:44:47,14936,14936,14936,2,0
2022-12-01 15:44:47,14936,14936,14936,6,0
2022-12-01 15:44:47,14935,14935,14935,6,-6
2022-12-01 15:44:47,14935,14935,14935,2,0
2022-12-01 15:44:49,14936,14936,14936,2,2
2022-12-01 15:44:58,14936,14936,14936,2,0
2022-12-01 15:44:58,14936,14936,14936,2,0
2022-12-01 15:44:59,14935,14935,14935,2,-2
2022-12-01 15:44:59,14935,14935,14935,2,0
2022-12-01 15:44:59,14935,14935,14935,2,0
2022-12-01 15:45:00,14936,14936,14936,2,2
2022-12-01 15:45:00,14934,14934,14934,2,-2
2022-12-01 15:45:01,14936,14936,14936,2,2
2022-12-01 15:45:01,14934,14934,14934,2,-2
2022-12-01 15:45:01,14934,14934,14934,2,0
2022-12-01 15:45:03,14935,14935,14935,4,4
2022-12-01 15:45:09,14935,14935,14935,2,0
2022-12-01 15:45:09,14935,14935,14935,2,0
2022-12-01 15:45:09,14935,14935,14935,2,0
2022-12-01 15:45:09,14935,14935,14935,2,0
2022-12-01 15:45:09,14935,14935,14935,4,0
2022-12-01 15:45:23,14935,14935,14935,2,0
2022-12-01 15:45:24,14935,14935,14935,2,0
2022-12-01 15:45:27,14935,14935,14935,2,0
2022-12-01 15:45:27,14936,14936,14936,2,2
2022-12-01 15:45:27,14935,14935,14935,2,-2
2022-12-01 15:45:35,14935,14935,14935,2,0
2022-12-01 15:45:38,14936,14936,14936,2,2
2022-12-01 15:45:38,14935,14935,14935,2,-2
2022-12-01 15:45:38,14934,14934,14934,8,-8
2022-12-01 15:45:38,14934,14934,14934,2,0
2022-12-01 15:45:38,14934,14934,14934,2,0
2022-12-01 15:45:38,14934,14934,14934,2,0
2022-12-01 15:45:38,14934,14934,14934,2,0
2022-12-01 15:45:38,14933,14933,14933,2,-2
2022-12-01 15:45:38,14933,14933,14933,2,0
2022-12-01 15:45:38,14933,14933,14933,2,0
2022-12-01 15:45:38,14933,14933,14933,2,0
2022-12-01 15:45:38,14933,14933,14933,2,0
2022-12-01 15:45:38,14933,14933,14933,4,0
2022-12-01 15:45:39,14932,14932,14932,2,-2
2022-12-01 15:45:39,14932,14932,14932,2,0
2022-12-01 15:45:39,14932,14932,14932,2,0
2022-12-01 15:45:39,14932,14932,14932,2,0
2022-12-01 15:45:39,14932,14932,14932,4,0
2022-12-01 15:45:39,14932,14932,14932,4,0
2022-12-01 15:45:39,14932,14932,14932,4,0
2022-12-01 15:45:39,14932,14932,14932,4,0
2022-12-01 15:45:39,14932,14932,14932,2,0
2022-12-01 15:45:39,14932,14932,14932,4,0
2022-12-01 15:45:39,14932,14932,14932,2,0
2022-12-01 15:45:39,14932,14932,14932,2,0
2022-12-01 15:45:39,14932,14932,14932,2,0
2022-12-01 15:45:39,14932,14932,14932,2,0
2022-12-01 15:45:43,14932,14932,14932,2,0
2022-12-01 15:45:45,14931,14931,14931,2,-2
2022-12-01 15:45:45,14931,14931,14931,2,0
2022-12-01 15:45:45,14932,14932,14932,2,2
2022-12-01 15:45:45,14931,14931,14931,2,-2
2022-12-01 15:45:45,14931,14931,14931,2,0
2022-12-01 15:45:47,14931,14931,14931,2,0
2022-12-01 15:45:48,14933,14933,14933,8,8
2022-12-01 15:45:48,14932,14932,14932,2,-2
2022-12-01 15:45:48,14932,14932,14932,2,0
2022-12-01 15:45:50,14932,14932,14932,2,0
2022-12-01 15:45:50,14932,14932,14932,2,0
2022-12-01 15:45:50,14932,14932,14932,2,0
2022-12-01 15:45:52,14932,14932,14932,2,0
2022-12-01 15:45:55,14932,14932,14932,2,0
2022-12-01 15:45:58,14931,14931,14931,2,-2
2022-12-01 15:45:58,14932,14932,14932,2,2
2022-12-01 15:46:04,14932,14932,14932,2,0
2022-12-01 15:46:08,14932,14932,14932,2,0
2022-12-01 15:46:12,14931,14931,14931,6,-6
2022-12-01 15:46:13,14932,14932,14932,2,2
2022-12-01 15:46:19,14932,14932,14932,2,0
2022-12-01 15:46:25,14931,14931,14931,2,-2
2022-12-01 15:46:25,14931,14931,14931,2,0
2022-12-01 15:46:25,14931,14931,14931,6,0
2022-12-01 15:46:26,14932,14932,14932,2,2
2022-12-01 15:46:27,14932,14932,14932,2,0
2022-12-01 15:46:29,14932,14932,14932,2,0
2022-12-01 15:46:31,14932,14932,14932,2,0
2022-12-01 15:46:31,14932,14932,14932,2,0
2022-12-01 15:46:38,14932,14932,14932,2,0
2022-12-01 15:46:46,14932,14932,14932,2,0
2022-12-01 15:46:48,14932,14932,14932,2,0
2022-12-01 15:46:48,14932,14932,14932,2,0
2022-12-01 15:46:48,14932,14932,14932,2,0
2022-12-01 15:46:50,14932,14932,14932,2,0
2022-12-01 15:46:53,14932,14932,14932,2,0
2022-12-01 15:47:10,14932,14932,14932,2,0
2022-12-01 15:47:10,14932,14932,14932,2,0
2022-12-01 15:47:10,14932,14932,14932,2,0
2022-12-01 15:47:12,14932,14932,14932,2,0
2022-12-01 15:47:12,14932,14932,14932,2,0
2022-12-01 15:47:16,14932,14932,14932,2,0
2022-12-01 15:47:21,14932,14932,14932,2,0
2022-12-01 15:47:21,14931,14931,14931,10,-10
2022-12-01 15:47:21,14931,14931,14931,2,0
2022-12-01 15:47:21,14931,14931,14931,6,0
2022-12-01 15:47:21,14931,14931,14931,2,0
2022-12-01 15:47:21,14931,14931,14931,2,0
2022-12-01 15:47:21,14931,14931,14931,2,0
2022-12-01 15:47:21,14931,14931,14931,2,0
2022-12-01 15:47:21,14931,14931,14931,2,0
2022-12-01 15:47:21,14931,14931,14931,2,0
2022-12-01 15:47:21,14931,14931,14931,4,0
2022-12-01 15:47:21,14931,14931,14931,2,0
2022-12-01 15:47:21,14931,14931,14931,2,0
2022-12-01 15:47:21,14931,14931,14931,2,0
2022-12-01 15:47:24,14931,14931,14931,2,0
2022-12-01 15:47:24,14931,14931,14931,2,0
2022-12-01 15:47:24,14931,14931,14931,2,0
2022-12-01 15:47:24,14930,14930,14930,2,-2
2022-12-01 15:47:24,14930,14930,14930,2,0
2022-12-01 15:47:24,14930,14930,14930,4,0
2022-12-01 15:47:24,14930,14930,14930,2,0
2022-12-01 15:47:24,14930,14930,14930,2,0
2022-12-01 15:47:24,14930,14930,14930,2,0
2022-12-01 15:47:25,14930,14930,14930,2,0
2022-12-01 15:47:25,14930,14930,14930,2,0
2022-12-01 15:47:25,14930,14930,14930,2,0
2022-12-01 15:47:25,14930,14930,14930,2,0
2022-12-01 15:47:25,14930,14930,14930,2,0
2022-12-01 15:47:25,14930,14930,14930,4,0
2022-12-01 15:47:25,14930,14930,14930,4,0
2022-12-01 15:47:25,14930,14930,14930,12,0
2022-12-01 15:47:25,14930,14930,14930,2,0
2022-12-01 15:47:25,14930,14930,14930,2,0
2022-12-01 15:47:25,14930,14930,14930,2,0
2022-12-01 15:47:25,14930,14930,14930,2,0
2022-12-01 15:47:25,14930,14930,14930,2,0
2022-12-01 15:47:25,14930,14930,14930,2,0
2022-12-01 15:47:25,14930,14930,14930,2,0
2022-12-01 15:47:25,14930,14930,14930,2,0
2022-12-01 15:47:25,14930,14930,14930,2,0
2022-12-01 15:47:25,14930,14930,14930,10,0
2022-12-01 15:47:25,14930,14930,14930,2,0
2022-12-01 15:47:25,14930,14930,14930,2,0
2022-12-01 15:47:25,14930,14930,14930,2,0
2022-12-01 15:47:25,14930,14930,14930,2,0
2022-12-01 15:47:25,14930,14930,14930,2,0
2022-12-01 15:47:25,14930,14930,14930,2,0
2022-12-01 15:47:25,14930,14930,14930,2,0
2022-12-01 15:47:25,14930,14930,14930,2,0
2022-12-01 15:47:25,14930,14930,14930,2,0
2022-12-01 15:47:25,14930,14930,14930,2,0
2022-12-01 15:47:25,14930,14930,14930,2,0
2022-12-01 15:47:25,14930,14930,14930,2,0
2022-12-01 15:47:25,14930,14930,14930,2,0
2022-12-01 15:47:25,14930,14930,14930,2,0
2022-12-01 15:47:25,14930,14930,14930,2,0
2022-12-01 15:47:25,14930,14930,14930,2,0
2022-12-01 15:47:25,14930,14930,14930,4,0
2022-12-01 15:47:25,14929,14929,14929,2,-2
2022-12-01 15:47:25,14929,14929,14929,2,0
2022-12-01 15:47:25,14929,14929,14929,2,0
2022-12-01 15:47:25,14928,14928,14928,2,-2
2022-12-01 15:47:25,14928,14928,14928,6,0
2022-12-01 15:47:25,14928,14928,14928,6,0
2022-12-01 15:47:25,14928,14928,14928,2,0
2022-12-01 15:47:25,14928,14928,14928,2,0
2022-12-01 15:47:25,14928,14928,14928,2,0
2022-12-01 15:47:25,14928,14928,14928,2,0
2022-12-01 15:47:25,14928,14928,14928,2,0
2022-12-01 15:47:25,14928,14928,14928,2,0
2022-12-01 15:47:25,14928,14928,14928,2,0
2022-12-01 15:47:25,14928,14928,14928,4,0
2022-12-01 15:47:25,14928,14928,14928,6,0
2022-12-01 15:47:25,14928,14928,14928,2,0
2022-12-01 15:47:25,14928,14928,14928,4,0
2022-12-01 15:47:25,14928,14928,14928,4,0
2022-12-01 15:47:25,14928,14928,14928,2,0
2022-12-01 15:47:25,14928,14928,14928,2,0
2022-12-01 15:47:25,14928,14928,14928,2,0
2022-12-01 15:47:25,14928,14928,14928,4,0
2022-12-01 15:47:25,14927,14927,14927,6,-6
2022-12-01 15:47:25,14927,14927,14927,2,0
2022-12-01 15:47:25,14927,14927,14927,2,0
2022-12-01 15:47:25,14927,14927,14927,2,0
