2021-12-30 15:00:00,18212,18212,18212,136,0
2021-12-30 15:00:00,18211,18211,18211,2,-2
2021-12-30 15:00:00,18212,18212,18212,10,10
2021-12-30 15:00:00,18212,18212,18212,2,0
2021-12-30 15:00:00,18212,18212,18212,10,0
2021-12-30 15:00:00,18211,18211,18211,2,-2
2021-12-30 15:00:00,18212,18212,18212,2,2
2021-12-30 15:00:00,18211,18211,18211,2,-2
2021-12-30 15:00:00,18212,18212,18212,2,2
2021-12-30 15:00:00,18212,18212,18212,2,0
2021-12-30 15:00:00,18213,18213,18213,10,10
2021-12-30 15:00:01,18214,18214,18214,16,16
2021-12-30 15:00:01,18213,18213,18213,2,-2
2021-12-30 15:00:01,18212,18212,18212,2,-2
2021-12-30 15:00:01,18213,18213,18213,2,2
2021-12-30 15:00:01,18213,18213,18213,2,0
2021-12-30 15:00:02,18212,18212,18212,2,-2
2021-12-30 15:00:03,18214,18214,18214,2,2
2021-12-30 15:00:03,18214,18214,18214,2,0
2021-12-30 15:00:05,18213,18213,18213,2,-2
2021-12-30 15:00:05,18213,18213,18213,2,0
2021-12-30 15:00:05,18213,18213,18213,2,0
2021-12-30 15:00:06,18213,18213,18213,20,0
2021-12-30 15:00:06,18212,18212,18212,2,-2
2021-12-30 15:00:06,18214,18214,18214,2,2
2021-12-30 15:00:09,18212,18212,18212,4,-4
2021-12-30 15:00:09,18212,18212,18212,2,0
2021-12-30 15:00:09,18212,18212,18212,2,0
2021-12-30 15:00:09,18212,18212,18212,6,0
2021-12-30 15:00:09,18212,18212,18212,2,0
2021-12-30 15:00:09,18212,18212,18212,4,0
2021-12-30 15:00:12,18211,18211,18211,2,-2
2021-12-30 15:00:12,18212,18212,18212,2,2
2021-12-30 15:00:12,18213,18213,18213,4,4
2021-12-30 15:00:12,18213,18213,18213,2,0
2021-12-30 15:00:12,18211,18211,18211,2,-2
2021-12-30 15:00:13,18212,18212,18212,2,2
2021-12-30 15:00:13,18213,18213,18213,2,2
2021-12-30 15:00:13,18212,18212,18212,2,-2
2021-12-30 15:00:13,18214,18214,18214,4,4
2021-12-30 15:00:18,18211,18211,18211,2,-2
2021-12-30 15:00:21,18211,18211,18211,2,0
2021-12-30 15:00:21,18211,18211,18211,2,0
2021-12-30 15:00:21,18211,18211,18211,2,0
2021-12-30 15:00:22,18212,18212,18212,2,2
2021-12-30 15:00:22,18212,18212,18212,4,0
2021-12-30 15:00:25,18213,18213,18213,4,4
2021-12-30 15:00:25,18213,18213,18213,2,0
2021-12-30 15:00:31,18213,18213,18213,2,0
2021-12-30 15:00:31,18212,18212,18212,2,-2
2021-12-30 15:00:32,18213,18213,18213,2,2
2021-12-30 15:00:32,18213,18213,18213,2,0
2021-12-30 15:00:34,18213,18213,18213,6,0
2021-12-30 15:00:34,18212,18212,18212,2,-2
2021-12-30 15:00:36,18212,18212,18212,12,0
2021-12-30 15:00:38,18212,18212,18212,6,0
2021-12-30 15:00:48,18212,18212,18212,2,0
2021-12-30 15:00:50,18211,18211,18211,2,-2
2021-12-30 15:00:51,18211,18211,18211,2,0
2021-12-30 15:00:51,18211,18211,18211,2,0
2021-12-30 15:00:51,18211,18211,18211,2,0
2021-12-30 15:00:53,18211,18211,18211,2,0
2021-12-30 15:00:54,18210,18210,18210,2,-2
2021-12-30 15:00:54,18210,18210,18210,2,0
2021-12-30 15:00:54,18210,18210,18210,2,0
2021-12-30 15:00:54,18210,18210,18210,2,0
2021-12-30 15:00:54,18210,18210,18210,2,0
2021-12-30 15:00:54,18210,18210,18210,2,0
2021-12-30 15:00:54,18210,18210,18210,2,0
2021-12-30 15:00:54,18210,18210,18210,2,0
2021-12-30 15:00:54,18210,18210,18210,4,0
2021-12-30 15:00:54,18211,18211,18211,2,2
2021-12-30 15:00:54,18211,18211,18211,6,0
2021-12-30 15:00:54,18211,18211,18211,6,0
2021-12-30 15:00:58,18210,18210,18210,2,-2
2021-12-30 15:00:58,18210,18210,18210,2,0
2021-12-30 15:00:58,18210,18210,18210,2,0
2021-12-30 15:00:58,18210,18210,18210,4,0
2021-12-30 15:00:58,18210,18210,18210,14,0
2021-12-30 15:00:58,18211,18211,18211,2,2
2021-12-30 15:01:00,18209,18209,18209,2,-2
2021-12-30 15:01:00,18210,18210,18210,2,2
2021-12-30 15:01:00,18209,18209,18209,2,-2
2021-12-30 15:01:00,18209,18209,18209,2,0
2021-12-30 15:01:00,18209,18209,18209,2,0
2021-12-30 15:01:00,18209,18209,18209,2,0
2021-12-30 15:01:01,18209,18209,18209,4,0
2021-12-30 15:01:01,18209,18209,18209,2,0
2021-12-30 15:01:04,18209,18209,18209,4,0
2021-12-30 15:01:06,18209,18209,18209,10,0
2021-12-30 15:01:11,18209,18209,18209,2,0
2021-12-30 15:01:11,18210,18210,18210,8,8
2021-12-30 15:01:12,18210,18210,18210,2,0
2021-12-30 15:01:12,18210,18210,18210,2,0
2021-12-30 15:01:14,18211,18211,18211,2,2
2021-12-30 15:01:16,18210,18210,18210,2,-2
2021-12-30 15:01:18,18210,18210,18210,2,0
2021-12-30 15:01:22,18211,18211,18211,4,4
2021-12-30 15:01:30,18210,18210,18210,2,-2
2021-12-30 15:01:34,18211,18211,18211,2,2
2021-12-30 15:01:34,18210,18210,18210,2,-2
2021-12-30 15:01:34,18210,18210,18210,2,0
2021-12-30 15:01:34,18210,18210,18210,2,0
2021-12-30 15:01:34,18210,18210,18210,4,0
2021-12-30 15:01:35,18210,18210,18210,2,0
2021-12-30 15:01:36,18210,18210,18210,2,0
2021-12-30 15:01:45,18211,18211,18211,8,8
2021-12-30 15:01:47,18211,18211,18211,10,0
2021-12-30 15:01:48,18212,18212,18212,8,8
2021-12-30 15:01:48,18211,18211,18211,2,-2
2021-12-30 15:01:51,18211,18211,18211,2,0
2021-12-30 15:01:51,18211,18211,18211,2,0
2021-12-30 15:01:51,18211,18211,18211,2,0
2021-12-30 15:01:56,18210,18210,18210,2,-2
2021-12-30 15:02:04,18211,18211,18211,2,2
2021-12-30 15:02:04,18211,18211,18211,2,0
2021-12-30 15:02:04,18211,18211,18211,2,0
2021-12-30 15:02:04,18211,18211,18211,2,0
2021-12-30 15:02:06,18211,18211,18211,2,0
2021-12-30 15:02:09,18212,18212,18212,20,20
2021-12-30 15:02:09,18213,18213,18213,28,28
2021-12-30 15:02:09,18214,18214,18214,2,2
2021-12-30 15:02:09,18214,18214,18214,2,0
2021-12-30 15:02:20,18213,18213,18213,2,-2
2021-12-30 15:02:23,18212,18212,18212,2,-2
2021-12-30 15:02:31,18212,18212,18212,2,0
2021-12-30 15:02:32,18212,18212,18212,2,0
2021-12-30 15:02:33,18213,18213,18213,2,2
2021-12-30 15:02:48,18211,18211,18211,2,-2
2021-12-30 15:03:05,18212,18212,18212,2,2
2021-12-30 15:03:14,18213,18213,18213,10,10
2021-12-30 15:03:24,18213,18213,18213,6,0
2021-12-30 15:03:24,18213,18213,18213,2,0
2021-12-30 15:03:28,18212,18212,18212,2,-2
2021-12-30 15:03:42,18212,18212,18212,2,0
2021-12-30 15:03:48,18212,18212,18212,4,0
2021-12-30 15:03:53,18213,18213,18213,4,4
2021-12-30 15:03:54,18213,18213,18213,14,0
2021-12-30 15:03:57,18212,18212,18212,2,-2
2021-12-30 15:04:03,18212,18212,18212,2,0
2021-12-30 15:04:07,18212,18212,18212,2,0
2021-12-30 15:04:16,18212,18212,18212,2,0
2021-12-30 15:04:16,18212,18212,18212,2,0
2021-12-30 15:04:16,18212,18212,18212,2,0
2021-12-30 15:04:16,18212,18212,18212,2,0
2021-12-30 15:04:16,18212,18212,18212,4,0
2021-12-30 15:04:17,18212,18212,18212,2,0
2021-12-30 15:04:17,18213,18213,18213,2,2
2021-12-30 15:04:22,18212,18212,18212,2,-2
2021-12-30 15:04:22,18212,18212,18212,2,0
2021-12-30 15:04:25,18212,18212,18212,6,0
2021-12-30 15:04:34,18212,18212,18212,6,0
2021-12-30 15:04:34,18212,18212,18212,4,0
2021-12-30 15:05:28,18212,18212,18212,8,0
2021-12-30 15:05:30,18212,18212,18212,2,0
2021-12-30 15:05:45,18212,18212,18212,2,0
2021-12-30 15:05:49,18213,18213,18213,28,28
2021-12-30 15:05:49,18214,18214,18214,20,20
2021-12-30 15:05:49,18212,18212,18212,2,-2
2021-12-30 15:05:49,18214,18214,18214,2,2
2021-12-30 15:05:59,18214,18214,18214,10,0
2021-12-30 15:06:01,18213,18213,18213,2,-2
2021-12-30 15:06:02,18212,18212,18212,2,-2
2021-12-30 15:06:08,18214,18214,18214,12,12
2021-12-30 15:06:14,18214,18214,18214,2,0
2021-12-30 15:06:14,18215,18215,18215,46,46
2021-12-30 15:06:14,18214,18214,18214,2,-2
2021-12-30 15:06:24,18215,18215,18215,4,4
2021-12-30 15:06:25,18214,18214,18214,2,-2
2021-12-30 15:06:25,18214,18214,18214,2,0
2021-12-30 15:06:25,18214,18214,18214,2,0
2021-12-30 15:06:29,18214,18214,18214,2,0
2021-12-30 15:06:32,18214,18214,18214,28,0
2021-12-30 15:06:32,18214,18214,18214,2,0
2021-12-30 15:06:37,18214,18214,18214,2,0
2021-12-30 15:06:43,18213,18213,18213,2,-2
2021-12-30 15:06:45,18213,18213,18213,2,0
2021-12-30 15:06:47,18213,18213,18213,2,0
2021-12-30 15:06:48,18213,18213,18213,2,0
2021-12-30 15:06:48,18214,18214,18214,2,2
2021-12-30 15:06:48,18214,18214,18214,4,0
2021-12-30 15:06:53,18214,18214,18214,2,0
2021-12-30 15:07:18,18213,18213,18213,2,-2
2021-12-30 15:07:18,18213,18213,18213,2,0
2021-12-30 15:07:24,18213,18213,18213,6,0
2021-12-30 15:07:24,18213,18213,18213,4,0
2021-12-30 15:07:26,18212,18212,18212,2,-2
2021-12-30 15:07:26,18212,18212,18212,2,0
2021-12-30 15:07:26,18212,18212,18212,2,0
2021-12-30 15:07:26,18212,18212,18212,2,0
2021-12-30 15:07:26,18212,18212,18212,2,0
2021-12-30 15:07:26,18212,18212,18212,2,0
2021-12-30 15:07:26,18213,18213,18213,2,2
2021-12-30 15:07:26,18212,18212,18212,2,-2
2021-12-30 15:07:31,18211,18211,18211,2,-2
2021-12-30 15:07:31,18211,18211,18211,2,0
2021-12-30 15:07:31,18211,18211,18211,2,0
2021-12-30 15:07:31,18211,18211,18211,2,0
2021-12-30 15:07:34,18211,18211,18211,2,0
2021-12-30 15:07:37,18211,18211,18211,2,0
2021-12-30 15:07:44,18211,18211,18211,2,0
2021-12-30 15:07:47,18211,18211,18211,2,0
2021-12-30 15:07:47,18211,18211,18211,2,0
2021-12-30 15:07:47,18211,18211,18211,2,0
2021-12-30 15:07:55,18212,18212,18212,2,2
2021-12-30 15:07:57,18211,18211,18211,4,-4
2021-12-30 15:08:05,18211,18211,18211,6,0
2021-12-30 15:08:05,18212,18212,18212,2,2
2021-12-30 15:08:17,18212,18212,18212,2,0
2021-12-30 15:08:18,18212,18212,18212,8,0
2021-12-30 15:08:30,18211,18211,18211,2,-2
2021-12-30 15:08:45,18210,18210,18210,2,-2
2021-12-30 15:08:48,18210,18210,18210,2,0
2021-12-30 15:08:54,18210,18210,18210,4,0
2021-12-30 15:08:54,18210,18210,18210,2,0
2021-12-30 15:08:54,18210,18210,18210,2,0
2021-12-30 15:09:00,18211,18211,18211,2,2
2021-12-30 15:09:21,18210,18210,18210,2,-2
2021-12-30 15:09:21,18210,18210,18210,2,0
2021-12-30 15:09:21,18211,18211,18211,2,2
2021-12-30 15:09:27,18210,18210,18210,2,-2
2021-12-30 15:09:27,18210,18210,18210,2,0
2021-12-30 15:09:27,18211,18211,18211,2,2
2021-12-30 15:09:27,18209,18209,18209,2,-2
2021-12-30 15:09:27,18209,18209,18209,2,0
2021-12-30 15:09:27,18211,18211,18211,2,2
2021-12-30 15:09:27,18211,18211,18211,2,0
2021-12-30 15:09:27,18209,18209,18209,2,-2
2021-12-30 15:09:27,18209,18209,18209,2,0
2021-12-30 15:09:27,18211,18211,18211,2,2
2021-12-30 15:09:27,18211,18211,18211,2,0
2021-12-30 15:09:29,18209,18209,18209,2,-2
2021-12-30 15:09:29,18209,18209,18209,2,0
2021-12-30 15:09:29,18209,18209,18209,2,0
2021-12-30 15:09:29,18210,18210,18210,2,2
2021-12-30 15:09:29,18210,18210,18210,2,0
2021-12-30 15:09:30,18209,18209,18209,2,-2
2021-12-30 15:09:30,18209,18209,18209,2,0
2021-12-30 15:09:38,18209,18209,18209,2,0
2021-12-30 15:09:39,18209,18209,18209,4,0
2021-12-30 15:09:39,18209,18209,18209,2,0
2021-12-30 15:09:39,18209,18209,18209,2,0
2021-12-30 15:09:39,18209,18209,18209,2,0
2021-12-30 15:09:39,18210,18210,18210,2,2
2021-12-30 15:09:40,18208,18208,18208,2,-2
2021-12-30 15:09:41,18208,18208,18208,2,0
2021-12-30 15:09:46,18208,18208,18208,2,0
2021-12-30 15:09:48,18208,18208,18208,2,0
2021-12-30 15:09:52,18208,18208,18208,2,0
2021-12-30 15:09:52,18208,18208,18208,2,0
2021-12-30 15:09:53,18208,18208,18208,2,0
2021-12-30 15:09:53,18208,18208,18208,2,0
2021-12-30 15:09:54,18208,18208,18208,2,0
2021-12-30 15:09:54,18208,18208,18208,2,0
2021-12-30 15:09:55,18208,18208,18208,2,0
2021-12-30 15:09:58,18209,18209,18209,4,4
2021-12-30 15:10:00,18210,18210,18210,2,2
2021-12-30 15:10:01,18208,18208,18208,2,-2
2021-12-30 15:10:01,18210,18210,18210,2,2
2021-12-30 15:10:01,18210,18210,18210,2,0
2021-12-30 15:10:01,18208,18208,18208,2,-2
2021-12-30 15:10:01,18208,18208,18208,2,0
2021-12-30 15:10:15,18208,18208,18208,2,0
2021-12-30 15:10:15,18208,18208,18208,2,0
2021-12-30 15:10:15,18208,18208,18208,2,0
2021-12-30 15:10:25,18208,18208,18208,2,0
2021-12-30 15:10:28,18208,18208,18208,2,0
2021-12-30 15:10:28,18208,18208,18208,2,0
2021-12-30 15:10:28,18208,18208,18208,2,0
2021-12-30 15:10:31,18207,18207,18207,2,-2
2021-12-30 15:10:33,18208,18208,18208,20,20
2021-12-30 15:10:33,18209,18209,18209,4,4
2021-12-30 15:10:35,18208,18208,18208,2,-2
2021-12-30 15:10:35,18208,18208,18208,2,0
2021-12-30 15:10:43,18209,18209,18209,2,2
2021-12-30 15:10:58,18208,18208,18208,2,-2
2021-12-30 15:11:15,18209,18209,18209,2,2
2021-12-30 15:11:21,18208,18208,18208,2,-2
2021-12-30 15:11:21,18208,18208,18208,2,0
2021-12-30 15:11:21,18208,18208,18208,2,0
2021-12-30 15:11:21,18208,18208,18208,8,0
2021-12-30 15:11:30,18207,18207,18207,2,-2
2021-12-30 15:11:33,18207,18207,18207,2,0
2021-12-30 15:11:36,18207,18207,18207,2,0
2021-12-30 15:11:36,18207,18207,18207,2,0
2021-12-30 15:11:41,18207,18207,18207,2,0
2021-12-30 15:11:41,18207,18207,18207,2,0
2021-12-30 15:11:41,18207,18207,18207,2,0
2021-12-30 15:11:41,18207,18207,18207,2,0
2021-12-30 15:11:41,18207,18207,18207,2,0
2021-12-30 15:11:50,18206,18206,18206,2,-2
2021-12-30 15:11:50,18206,18206,18206,2,0
2021-12-30 15:11:50,18206,18206,18206,2,0
2021-12-30 15:11:50,18206,18206,18206,2,0
2021-12-30 15:11:56,18206,18206,18206,2,0
2021-12-30 15:12:01,18207,18207,18207,6,6
2021-12-30 15:12:03,18207,18207,18207,2,0
2021-12-30 15:12:03,18207,18207,18207,2,0
2021-12-30 15:12:27,18207,18207,18207,2,0
2021-12-30 15:12:30,18208,18208,18208,2,2
2021-12-30 15:12:39,18207,18207,18207,2,-2
2021-12-30 15:12:40,18207,18207,18207,2,0
2021-12-30 15:12:40,18207,18207,18207,2,0
2021-12-30 15:13:00,18207,18207,18207,4,0
2021-12-30 15:13:11,18207,18207,18207,2,0
2021-12-30 15:13:11,18207,18207,18207,4,0
2021-12-30 15:13:26,18207,18207,18207,2,0
2021-12-30 15:13:35,18206,18206,18206,6,-6
2021-12-30 15:13:35,18206,18206,18206,2,0
2021-12-30 15:13:35,18206,18206,18206,2,0
2021-12-30 15:13:35,18206,18206,18206,2,0
2021-12-30 15:13:35,18206,18206,18206,2,0
2021-12-30 15:13:35,18206,18206,18206,2,0
2021-12-30 15:13:35,18206,18206,18206,4,0
2021-12-30 15:13:35,18206,18206,18206,2,0
2021-12-30 15:13:35,18206,18206,18206,2,0
2021-12-30 15:13:53,18206,18206,18206,2,0
2021-12-30 15:14:00,18206,18206,18206,2,0
2021-12-30 15:14:16,18205,18205,18205,2,-2
2021-12-30 15:14:22,18206,18206,18206,2,2
2021-12-30 15:14:22,18205,18205,18205,2,-2
2021-12-30 15:14:31,18205,18205,18205,2,0
2021-12-30 15:14:45,18206,18206,18206,2,2
2021-12-30 15:14:51,18206,18206,18206,4,0
2021-12-30 15:14:58,18205,18205,18205,2,-2
2021-12-30 15:14:58,18205,18205,18205,4,0
2021-12-30 15:15:00,18205,18205,18205,2,0
2021-12-30 15:15:00,18205,18205,18205,2,0
2021-12-30 15:15:00,18205,18205,18205,2,0
2021-12-30 15:15:00,18205,18205,18205,2,0
2021-12-30 15:15:00,18205,18205,18205,2,0
2021-12-30 15:15:00,18205,18205,18205,2,0
2021-12-30 15:15:00,18205,18205,18205,2,0
2021-12-30 15:15:00,18205,18205,18205,2,0
2021-12-30 15:15:00,18204,18204,18204,2,-2
2021-12-30 15:15:00,18204,18204,18204,2,0
2021-12-30 15:15:00,18204,18204,18204,2,0
2021-12-30 15:15:00,18204,18204,18204,2,0
2021-12-30 15:15:00,18204,18204,18204,2,0
2021-12-30 15:15:00,18204,18204,18204,2,0
2021-12-30 15:15:00,18203,18203,18203,2,-2
2021-12-30 15:15:00,18203,18203,18203,8,0
2021-12-30 15:15:15,18204,18204,18204,2,2
2021-12-30 15:15:15,18206,18206,18206,2,2
2021-12-30 15:15:15,18204,18204,18204,2,-2
2021-12-30 15:15:16,18205,18205,18205,2,2
2021-12-30 15:15:16,18206,18206,18206,2,2
2021-12-30 15:15:21,18205,18205,18205,2,-2
2021-12-30 15:15:21,18206,18206,18206,2,2
2021-12-30 15:15:21,18206,18206,18206,2,0
2021-12-30 15:15:21,18206,18206,18206,2,0
2021-12-30 15:15:23,18206,18206,18206,2,0
2021-12-30 15:15:27,18206,18206,18206,2,0
2021-12-30 15:15:31,18206,18206,18206,2,0
2021-12-30 15:15:31,18207,18207,18207,2,2
2021-12-30 15:15:31,18207,18207,18207,2,0
2021-12-30 15:15:31,18207,18207,18207,2,0
2021-12-30 15:15:36,18207,18207,18207,4,0
2021-12-30 15:15:37,18207,18207,18207,2,0
2021-12-30 15:15:38,18206,18206,18206,2,-2
2021-12-30 15:15:39,18208,18208,18208,2,2
2021-12-30 15:15:47,18207,18207,18207,2,-2
2021-12-30 15:15:49,18206,18206,18206,2,-2
2021-12-30 15:15:57,18206,18206,18206,2,0
2021-12-30 15:16:10,18205,18205,18205,2,-2
2021-12-30 15:16:11,18205,18205,18205,4,0
2021-12-30 15:16:11,18206,18206,18206,2,2
2021-12-30 15:16:12,18206,18206,18206,4,0
2021-12-30 15:16:13,18207,18207,18207,4,4
2021-12-30 15:16:20,18207,18207,18207,4,0
2021-12-30 15:16:21,18207,18207,18207,4,0
2021-12-30 15:16:21,18207,18207,18207,2,0
2021-12-30 15:16:21,18207,18207,18207,2,0
2021-12-30 15:16:21,18208,18208,18208,2,2
2021-12-30 15:16:21,18208,18208,18208,2,0
2021-12-30 15:16:27,18208,18208,18208,2,0
2021-12-30 15:16:37,18208,18208,18208,2,0
2021-12-30 15:16:37,18208,18208,18208,2,0
2021-12-30 15:16:37,18208,18208,18208,2,0
2021-12-30 15:16:37,18208,18208,18208,2,0
2021-12-30 15:16:37,18208,18208,18208,2,0
2021-12-30 15:16:39,18209,18209,18209,2,2
2021-12-30 15:16:39,18209,18209,18209,2,0
2021-12-30 15:16:40,18208,18208,18208,2,-2
2021-12-30 15:16:43,18209,18209,18209,2,2
2021-12-30 15:16:46,18209,18209,18209,2,0
2021-12-30 15:16:46,18209,18209,18209,2,0
2021-12-30 15:16:47,18209,18209,18209,2,0
2021-12-30 15:17:10,18209,18209,18209,2,0
2021-12-30 15:17:10,18209,18209,18209,2,0
2021-12-30 15:17:10,18209,18209,18209,2,0
2021-12-30 15:17:31,18210,18210,18210,4,4
2021-12-30 15:17:32,18210,18210,18210,4,0
2021-12-30 15:17:32,18210,18210,18210,4,0
2021-12-30 15:17:37,18210,18210,18210,2,0
2021-12-30 15:17:37,18210,18210,18210,2,0
2021-12-30 15:17:40,18210,18210,18210,2,0
2021-12-30 15:17:44,18211,18211,18211,4,4
2021-12-30 15:17:46,18211,18211,18211,4,0
2021-12-30 15:17:46,18211,18211,18211,2,0
2021-12-30 15:17:48,18211,18211,18211,4,0
2021-12-30 15:17:49,18211,18211,18211,4,0
2021-12-30 15:17:49,18211,18211,18211,4,0
2021-12-30 15:17:49,18211,18211,18211,4,0
2021-12-30 15:17:50,18210,18210,18210,2,-2
2021-12-30 15:17:51,18211,18211,18211,2,2
2021-12-30 15:17:58,18211,18211,18211,4,0
2021-12-30 15:18:05,18211,18211,18211,4,0
2021-12-30 15:18:06,18212,18212,18212,4,4
2021-12-30 15:18:07,18211,18211,18211,2,-2
2021-12-30 15:18:15,18212,18212,18212,10,10
2021-12-30 15:18:22,18213,18213,18213,2,2
2021-12-30 15:18:24,18213,18213,18213,2,0
2021-12-30 15:18:25,18213,18213,18213,2,0
2021-12-30 15:18:25,18213,18213,18213,2,0
2021-12-30 15:18:26,18213,18213,18213,2,0
2021-12-30 15:18:27,18212,18212,18212,4,-4
2021-12-30 15:18:31,18213,18213,18213,4,4
2021-12-30 15:18:32,18213,18213,18213,2,0
2021-12-30 15:18:33,18213,18213,18213,2,0
2021-12-30 15:18:33,18214,18214,18214,4,4
2021-12-30 15:18:35,18213,18213,18213,2,-2
2021-12-30 15:18:42,18214,18214,18214,2,2
2021-12-30 15:18:43,18214,18214,18214,4,0
2021-12-30 15:18:44,18214,18214,18214,2,0
2021-12-30 15:18:44,18214,18214,18214,4,0
2021-12-30 15:18:44,18214,18214,18214,4,0
2021-12-30 15:18:45,18214,18214,18214,4,0
2021-12-30 15:18:45,18214,18214,18214,4,0
2021-12-30 15:18:46,18214,18214,18214,4,0
2021-12-30 15:18:48,18214,18214,18214,4,0
2021-12-30 15:18:48,18214,18214,18214,14,0
2021-12-30 15:18:48,18215,18215,18215,2,2
2021-12-30 15:18:48,18215,18215,18215,4,0
2021-12-30 15:18:48,18215,18215,18215,6,0
2021-12-30 15:18:48,18216,18216,18216,4,4
2021-12-30 15:18:48,18216,18216,18216,2,0
2021-12-30 15:18:49,18216,18216,18216,12,0
2021-12-30 15:18:57,18216,18216,18216,2,0
2021-12-30 15:19:05,18216,18216,18216,2,0
2021-12-30 15:19:05,18216,18216,18216,2,0
2021-12-30 15:19:11,18216,18216,18216,6,0
2021-12-30 15:19:11,18215,18215,18215,2,-2
2021-12-30 15:19:16,18216,18216,18216,4,4
2021-12-30 15:19:17,18216,18216,18216,4,0
2021-12-30 15:19:17,18216,18216,18216,4,0
2021-12-30 15:19:17,18215,18215,18215,8,-8
2021-12-30 15:19:17,18215,18215,18215,4,0
2021-12-30 15:19:20,18215,18215,18215,6,0
2021-12-30 15:19:21,18215,18215,18215,2,0
2021-12-30 15:19:35,18215,18215,18215,2,0
2021-12-30 15:19:37,18216,18216,18216,2,2
2021-12-30 15:19:37,18216,18216,18216,2,0
2021-12-30 15:19:38,18216,18216,18216,2,0
2021-12-30 15:19:40,18216,18216,18216,2,0
2021-12-30 15:19:51,18215,18215,18215,2,-2
2021-12-30 15:19:52,18215,18215,18215,2,0
2021-12-30 15:19:53,18216,18216,18216,4,4
2021-12-30 15:19:53,18215,18215,18215,2,-2
2021-12-30 15:19:56,18215,18215,18215,2,0
2021-12-30 15:20:04,18215,18215,18215,4,0
2021-12-30 15:20:04,18214,18214,18214,2,-2
2021-12-30 15:20:04,18214,18214,18214,2,0
2021-12-30 15:20:12,18215,18215,18215,4,4
2021-12-30 15:20:13,18214,18214,18214,2,-2
2021-12-30 15:20:15,18215,18215,18215,2,2
2021-12-30 15:20:24,18215,18215,18215,4,0
2021-12-30 15:20:25,18214,18214,18214,4,-4
2021-12-30 15:20:28,18214,18214,18214,4,0
2021-12-30 15:20:29,18214,18214,18214,4,0
2021-12-30 15:20:30,18214,18214,18214,2,0
2021-12-30 15:20:43,18214,18214,18214,2,0
2021-12-30 15:20:43,18214,18214,18214,2,0
2021-12-30 15:20:51,18214,18214,18214,2,0
2021-12-30 15:20:54,18215,18215,18215,4,4
2021-12-30 15:20:55,18215,18215,18215,4,0
2021-12-30 15:21:08,18214,18214,18214,2,-2
2021-12-30 15:21:29,18214,18214,18214,2,0
2021-12-30 15:21:29,18214,18214,18214,6,0
2021-12-30 15:21:42,18214,18214,18214,2,0
2021-12-30 15:21:46,18215,18215,18215,4,4
2021-12-30 15:22:01,18215,18215,18215,2,0
2021-12-30 15:22:19,18214,18214,18214,2,-2
2021-12-30 15:22:48,18214,18214,18214,2,0
2021-12-30 15:23:02,18214,18214,18214,2,0
2021-12-30 15:23:02,18214,18214,18214,2,0
2021-12-30 15:23:21,18215,18215,18215,8,8
2021-12-30 15:23:26,18214,18214,18214,2,-2
2021-12-30 15:23:48,18214,18214,18214,4,0
2021-12-30 15:23:54,18215,18215,18215,4,4
2021-12-30 15:23:55,18215,18215,18215,4,0
2021-12-30 15:23:59,18215,18215,18215,4,0
2021-12-30 15:23:59,18215,18215,18215,4,0
2021-12-30 15:24:00,18215,18215,18215,4,0
2021-12-30 15:24:00,18215,18215,18215,2,0
2021-12-30 15:24:03,18215,18215,18215,2,0
2021-12-30 15:24:03,18216,18216,18216,34,34
2021-12-30 15:24:03,18217,18217,18217,26,26
2021-12-30 15:24:03,18218,18218,18218,2,2
2021-12-30 15:24:03,18218,18218,18218,2,0
2021-12-30 15:24:03,18218,18218,18218,2,0
2021-12-30 15:24:03,18218,18218,18218,12,0
2021-12-30 15:24:03,18218,18218,18218,2,0
2021-12-30 15:24:03,18218,18218,18218,2,0
2021-12-30 15:24:03,18218,18218,18218,2,0
2021-12-30 15:24:03,18218,18218,18218,2,0
2021-12-30 15:24:03,18218,18218,18218,2,0
2021-12-30 15:24:03,18218,18218,18218,24,0
2021-12-30 15:24:03,18219,18219,18219,6,6
2021-12-30 15:24:19,18219,18219,18219,8,0
2021-12-30 15:24:23,18219,18219,18219,4,0
2021-12-30 15:24:24,18219,18219,18219,4,0
2021-12-30 15:24:24,18219,18219,18219,4,0
2021-12-30 15:24:25,18219,18219,18219,4,0
2021-12-30 15:24:25,18219,18219,18219,4,0
2021-12-30 15:24:25,18219,18219,18219,2,0
2021-12-30 15:24:25,18219,18219,18219,4,0
2021-12-30 15:24:25,18220,18220,18220,6,6
2021-12-30 15:24:25,18220,18220,18220,16,0
2021-12-30 15:24:25,18220,18220,18220,2,0
2021-12-30 15:24:25,18220,18220,18220,2,0
2021-12-30 15:24:25,18220,18220,18220,2,0
2021-12-30 15:24:25,18220,18220,18220,2,0
2021-12-30 15:24:25,18220,18220,18220,10,0
2021-12-30 15:24:25,18221,18221,18221,4,4
2021-12-30 15:24:25,18221,18221,18221,2,0
2021-12-30 15:24:25,18221,18221,18221,2,0
2021-12-30 15:24:26,18221,18221,18221,2,0
2021-12-30 15:24:27,18221,18221,18221,2,0
2021-12-30 15:24:27,18221,18221,18221,2,0
2021-12-30 15:24:27,18222,18222,18222,2,2
2021-12-30 15:24:32,18221,18221,18221,2,-2
2021-12-30 15:24:35,18221,18221,18221,2,0
2021-12-30 15:24:35,18221,18221,18221,4,0
2021-12-30 15:24:35,18221,18221,18221,2,0
2021-12-30 15:24:36,18222,18222,18222,12,12
2021-12-30 15:24:36,18222,18222,18222,4,0
2021-12-30 15:24:36,18222,18222,18222,2,0
2021-12-30 15:24:36,18222,18222,18222,2,0
2021-12-30 15:24:36,18222,18222,18222,2,0
2021-12-30 15:24:36,18222,18222,18222,4,0
2021-12-30 15:24:43,18222,18222,18222,2,0
2021-12-30 15:24:43,18223,18223,18223,8,8
2021-12-30 15:24:43,18223,18223,18223,4,0
2021-12-30 15:24:43,18223,18223,18223,4,0
2021-12-30 15:24:44,18223,18223,18223,8,0
2021-12-30 15:24:44,18223,18223,18223,2,0
2021-12-30 15:24:44,18224,18224,18224,4,4
2021-12-30 15:24:45,18224,18224,18224,2,0
2021-12-30 15:24:46,18224,18224,18224,2,0
2021-12-30 15:24:46,18224,18224,18224,2,0
2021-12-30 15:24:47,18223,18223,18223,2,-2
2021-12-30 15:24:47,18223,18223,18223,2,0
2021-12-30 15:24:47,18222,18222,18222,2,-2
2021-12-30 15:24:47,18222,18222,18222,4,0
2021-12-30 15:24:48,18223,18223,18223,4,4
2021-12-30 15:24:48,18223,18223,18223,2,0
2021-12-30 15:24:48,18224,18224,18224,2,2
2021-12-30 15:24:49,18223,18223,18223,2,-2
2021-12-30 15:24:49,18224,18224,18224,2,2
2021-12-30 15:24:49,18224,18224,18224,6,0
2021-12-30 15:24:51,18224,18224,18224,2,0
2021-12-30 15:24:51,18224,18224,18224,2,0
2021-12-30 15:24:52,18224,18224,18224,2,0
2021-12-30 15:24:53,18224,18224,18224,2,0
2021-12-30 15:24:54,18223,18223,18223,2,-2
2021-12-30 15:24:56,18222,18222,18222,2,-2
2021-12-30 15:24:56,18222,18222,18222,2,0
2021-12-30 15:24:56,18221,18221,18221,2,-2
2021-12-30 15:24:56,18221,18221,18221,2,0
2021-12-30 15:25:02,18221,18221,18221,2,0
2021-12-30 15:25:03,18222,18222,18222,2,2
2021-12-30 15:25:03,18222,18222,18222,2,0
2021-12-30 15:25:03,18222,18222,18222,2,0
2021-12-30 15:25:03,18222,18222,18222,2,0
2021-12-30 15:25:03,18222,18222,18222,2,0
2021-12-30 15:25:03,18222,18222,18222,2,0
2021-12-30 15:25:03,18223,18223,18223,2,2
2021-12-30 15:25:03,18223,18223,18223,12,0
2021-12-30 15:25:03,18224,18224,18224,8,8
2021-12-30 15:25:04,18222,18222,18222,2,-2
2021-12-30 15:25:07,18224,18224,18224,2,2
2021-12-30 15:25:08,18224,18224,18224,2,0
2021-12-30 15:25:11,18222,18222,18222,2,-2
2021-12-30 15:25:12,18224,18224,18224,4,4
2021-12-30 15:25:14,18223,18223,18223,2,-2
2021-12-30 15:25:14,18222,18222,18222,2,-2
2021-12-30 15:25:14,18222,18222,18222,2,0
2021-12-30 15:25:14,18222,18222,18222,2,0
2021-12-30 15:25:23,18222,18222,18222,2,0
2021-12-30 15:25:23,18223,18223,18223,2,2
2021-12-30 15:25:30,18221,18221,18221,2,-2
2021-12-30 15:25:30,18221,18221,18221,2,0
2021-12-30 15:25:30,18221,18221,18221,2,0
2021-12-30 15:25:30,18221,18221,18221,2,0
2021-12-30 15:25:30,18221,18221,18221,2,0
2021-12-30 15:25:30,18221,18221,18221,2,0
2021-12-30 15:25:30,18221,18221,18221,2,0
2021-12-30 15:25:30,18221,18221,18221,2,0
2021-12-30 15:25:30,18221,18221,18221,4,0
2021-12-30 15:25:31,18223,18223,18223,2,2
2021-12-30 15:25:32,18223,18223,18223,4,0
2021-12-30 15:25:45,18223,18223,18223,8,0
2021-12-30 15:25:45,18223,18223,18223,2,0
2021-12-30 15:25:46,18223,18223,18223,2,0
2021-12-30 15:25:49,18222,18222,18222,2,-2
2021-12-30 15:25:49,18222,18222,18222,2,0
2021-12-30 15:25:54,18223,18223,18223,2,2
2021-12-30 15:25:55,18223,18223,18223,2,0
2021-12-30 15:25:55,18223,18223,18223,2,0
2021-12-30 15:25:55,18223,18223,18223,6,0
2021-12-30 15:25:57,18222,18222,18222,2,-2
2021-12-30 15:26:16,18222,18222,18222,2,0
2021-12-30 15:26:21,18222,18222,18222,2,0
2021-12-30 15:26:21,18222,18222,18222,2,0
2021-12-30 15:26:21,18222,18222,18222,2,0
2021-12-30 15:26:21,18222,18222,18222,4,0
2021-12-30 15:26:21,18222,18222,18222,2,0
2021-12-30 15:26:32,18222,18222,18222,4,0
2021-12-30 15:26:32,18222,18222,18222,2,0
2021-12-30 15:26:48,18221,18221,18221,2,-2
2021-12-30 15:26:48,18221,18221,18221,2,0
2021-12-30 15:26:48,18221,18221,18221,2,0
2021-12-30 15:26:52,18221,18221,18221,2,0
2021-12-30 15:26:58,18220,18220,18220,2,-2
2021-12-30 15:26:58,18220,18220,18220,2,0
2021-12-30 15:26:58,18220,18220,18220,2,0
2021-12-30 15:26:58,18220,18220,18220,2,0
2021-12-30 15:27:04,18220,18220,18220,2,0
2021-12-30 15:27:06,18220,18220,18220,2,0
2021-12-30 15:27:16,18221,18221,18221,2,2
2021-12-30 15:27:21,18220,18220,18220,6,-6
2021-12-30 15:27:22,18221,18221,18221,6,6
2021-12-30 15:27:26,18221,18221,18221,2,0
2021-12-30 15:27:26,18222,18222,18222,6,6
2021-12-30 15:27:26,18222,18222,18222,2,0
2021-12-30 15:27:26,18222,18222,18222,2,0
2021-12-30 15:27:26,18222,18222,18222,22,0
2021-12-30 15:27:26,18222,18222,18222,6,0
2021-12-30 15:27:26,18222,18222,18222,4,0
2021-12-30 15:27:26,18222,18222,18222,2,0
2021-12-30 15:27:49,18221,18221,18221,2,-2
2021-12-30 15:28:12,18221,18221,18221,2,0
2021-12-30 15:28:17,18221,18221,18221,2,0
2021-12-30 15:28:17,18222,18222,18222,2,2
2021-12-30 15:28:18,18221,18221,18221,2,-2
2021-12-30 15:28:18,18221,18221,18221,2,0
2021-12-30 15:28:18,18222,18222,18222,2,2
2021-12-30 15:28:18,18222,18222,18222,2,0
2021-12-30 15:28:24,18222,18222,18222,2,0
2021-12-30 15:28:31,18222,18222,18222,2,0
2021-12-30 15:28:31,18222,18222,18222,2,0
2021-12-30 15:28:46,18222,18222,18222,2,0
2021-12-30 15:28:47,18222,18222,18222,2,0
2021-12-30 15:28:47,18222,18222,18222,2,0
2021-12-30 15:28:48,18222,18222,18222,2,0
2021-12-30 15:28:51,18221,18221,18221,2,-2
2021-12-30 15:29:01,18222,18222,18222,4,4
2021-12-30 15:29:05,18222,18222,18222,4,0
2021-12-30 15:29:36,18221,18221,18221,2,-2
2021-12-30 15:29:36,18221,18221,18221,2,0
2021-12-30 15:29:36,18221,18221,18221,2,0
2021-12-30 15:29:36,18220,18220,18220,2,-2
2021-12-30 15:29:45,18221,18221,18221,2,2
2021-12-30 15:29:53,18221,18221,18221,2,0
2021-12-30 15:29:59,18220,18220,18220,2,-2
2021-12-30 15:29:59,18220,18220,18220,2,0
2021-12-30 15:29:59,18220,18220,18220,2,0
2021-12-30 15:29:59,18220,18220,18220,2,0
2021-12-30 15:29:59,18220,18220,18220,2,0
2021-12-30 15:29:59,18220,18220,18220,2,0
2021-12-30 15:30:02,18221,18221,18221,2,2
2021-12-30 15:30:02,18221,18221,18221,2,0
2021-12-30 15:30:02,18222,18222,18222,16,16
2021-12-30 15:30:03,18223,18223,18223,4,4
2021-12-30 15:30:03,18223,18223,18223,2,0
2021-12-30 15:30:03,18223,18223,18223,2,0
2021-12-30 15:30:03,18223,18223,18223,2,0
2021-12-30 15:30:04,18223,18223,18223,4,0
2021-12-30 15:30:04,18222,18222,18222,2,-2
2021-12-30 15:30:09,18223,18223,18223,22,22
2021-12-30 15:30:09,18223,18223,18223,10,0
2021-12-30 15:30:09,18223,18223,18223,2,0
2021-12-30 15:30:09,18223,18223,18223,2,0
2021-12-30 15:30:13,18224,18224,18224,18,18
2021-12-30 15:30:13,18225,18225,18225,20,20
2021-12-30 15:30:13,18225,18225,18225,4,0
2021-12-30 15:30:13,18225,18225,18225,4,0
2021-12-30 15:30:15,18226,18226,18226,2,2
2021-12-30 15:30:17,18224,18224,18224,2,-2
2021-12-30 15:30:17,18224,18224,18224,2,0
2021-12-30 15:30:17,18224,18224,18224,2,0
2021-12-30 15:30:17,18224,18224,18224,2,0
2021-12-30 15:30:17,18224,18224,18224,2,0
2021-12-30 15:30:17,18225,18225,18225,2,2
2021-12-30 15:30:17,18226,18226,18226,4,4
2021-12-30 15:30:17,18225,18225,18225,2,-2
2021-12-30 15:30:22,18225,18225,18225,2,0
2021-12-30 15:30:23,18226,18226,18226,2,2
2021-12-30 15:30:24,18224,18224,18224,2,-2
2021-12-30 15:30:24,18224,18224,18224,2,0
2021-12-30 15:30:24,18223,18223,18223,2,-2
2021-12-30 15:30:24,18223,18223,18223,2,0
2021-12-30 15:30:24,18223,18223,18223,10,0
2021-12-30 15:30:24,18224,18224,18224,2,2
2021-12-30 15:30:29,18223,18223,18223,2,-2
2021-12-30 15:30:32,18224,18224,18224,2,2
2021-12-30 15:30:32,18224,18224,18224,2,0
2021-12-30 15:30:47,18224,18224,18224,2,0
2021-12-30 15:30:51,18224,18224,18224,8,0
2021-12-30 15:30:51,18224,18224,18224,2,0
2021-12-30 15:30:53,18225,18225,18225,2,2
2021-12-30 15:30:53,18225,18225,18225,2,0
2021-12-30 15:30:53,18225,18225,18225,4,0
2021-12-30 15:31:02,18225,18225,18225,2,0
2021-12-30 15:31:02,18226,18226,18226,2,2
2021-12-30 15:31:02,18226,18226,18226,2,0
2021-12-30 15:31:03,18225,18225,18225,2,-2
2021-12-30 15:31:03,18225,18225,18225,2,0
2021-12-30 15:31:03,18226,18226,18226,2,2
2021-12-30 15:31:03,18226,18226,18226,2,0
2021-12-30 15:31:03,18226,18226,18226,2,0
2021-12-30 15:31:03,18226,18226,18226,2,0
2021-12-30 15:31:03,18226,18226,18226,2,0
2021-12-30 15:31:03,18226,18226,18226,2,0
2021-12-30 15:31:03,18226,18226,18226,2,0
2021-12-30 15:31:03,18226,18226,18226,2,0
2021-12-30 15:31:03,18226,18226,18226,2,0
2021-12-30 15:31:03,18226,18226,18226,2,0
2021-12-30 15:31:12,18227,18227,18227,12,12
2021-12-30 15:31:12,18227,18227,18227,2,0
2021-12-30 15:31:13,18226,18226,18226,2,-2
2021-12-30 15:31:13,18228,18228,18228,2,2
2021-12-30 15:31:13,18228,18228,18228,2,0
2021-12-30 15:31:13,18228,18228,18228,2,0
2021-12-30 15:31:13,18228,18228,18228,2,0
2021-12-30 15:31:14,18228,18228,18228,2,0
2021-12-30 15:31:15,18228,18228,18228,2,0
2021-12-30 15:31:16,18227,18227,18227,2,-2
2021-12-30 15:31:18,18227,18227,18227,2,0
2021-12-30 15:31:18,18228,18228,18228,2,2
2021-12-30 15:31:18,18228,18228,18228,2,0
2021-12-30 15:31:18,18228,18228,18228,2,0
2021-12-30 15:31:18,18228,18228,18228,2,0
2021-12-30 15:31:18,18228,18228,18228,2,0
2021-12-30 15:31:18,18228,18228,18228,2,0
2021-12-30 15:31:19,18228,18228,18228,4,0
2021-12-30 15:31:20,18228,18228,18228,2,0
2021-12-30 15:31:23,18228,18228,18228,4,0
2021-12-30 15:31:23,18228,18228,18228,4,0
2021-12-30 15:31:23,18229,18229,18229,4,4
2021-12-30 15:31:23,18229,18229,18229,2,0
2021-12-30 15:31:23,18229,18229,18229,4,0
2021-12-30 15:31:32,18229,18229,18229,2,0
2021-12-30 15:31:33,18228,18228,18228,4,-4
2021-12-30 15:31:33,18228,18228,18228,2,0
2021-12-30 15:31:33,18227,18227,18227,2,-2
2021-12-30 15:31:33,18228,18228,18228,2,2
2021-12-30 15:31:33,18228,18228,18228,2,0
2021-12-30 15:31:33,18228,18228,18228,2,0
2021-12-30 15:31:33,18228,18228,18228,2,0
2021-12-30 15:31:33,18229,18229,18229,4,4
2021-12-30 15:31:35,18228,18228,18228,2,-2
2021-12-30 15:31:35,18227,18227,18227,2,-2
2021-12-30 15:31:35,18227,18227,18227,2,0
2021-12-30 15:31:35,18227,18227,18227,2,0
2021-12-30 15:31:35,18228,18228,18228,2,2
2021-12-30 15:31:47,18227,18227,18227,2,-2
2021-12-30 15:31:47,18227,18227,18227,2,0
2021-12-30 15:31:50,18226,18226,18226,4,-4
2021-12-30 15:31:50,18226,18226,18226,2,0
2021-12-30 15:32:08,18226,18226,18226,2,0
2021-12-30 15:32:12,18226,18226,18226,2,0
2021-12-30 15:32:27,18226,18226,18226,6,0
2021-12-30 15:32:28,18227,18227,18227,2,2
2021-12-30 15:32:30,18227,18227,18227,4,0
2021-12-30 15:33:00,18227,18227,18227,2,0
2021-12-30 15:33:00,18227,18227,18227,2,0
2021-12-30 15:33:00,18227,18227,18227,2,0
2021-12-30 15:33:00,18227,18227,18227,2,0
2021-12-30 15:33:00,18227,18227,18227,2,0
2021-12-30 15:33:00,18227,18227,18227,2,0
2021-12-30 15:33:00,18227,18227,18227,4,0
2021-12-30 15:33:00,18227,18227,18227,2,0
2021-12-30 15:33:00,18227,18227,18227,6,0
2021-12-30 15:33:13,18227,18227,18227,2,0
2021-12-30 15:33:13,18227,18227,18227,2,0
2021-12-30 15:33:13,18227,18227,18227,2,0
2021-12-30 15:33:13,18227,18227,18227,4,0
2021-12-30 15:33:16,18226,18226,18226,2,-2
2021-12-30 15:33:25,18227,18227,18227,2,2
2021-12-30 15:33:25,18228,18228,18228,18,18
2021-12-30 15:33:25,18229,18229,18229,6,6
2021-12-30 15:33:26,18227,18227,18227,2,-2
2021-12-30 15:33:39,18227,18227,18227,2,0
2021-12-30 15:33:44,18227,18227,18227,2,0
2021-12-30 15:33:44,18227,18227,18227,2,0
2021-12-30 15:33:44,18227,18227,18227,2,0
2021-12-30 15:34:00,18226,18226,18226,2,-2
2021-12-30 15:34:03,18227,18227,18227,2,2
2021-12-30 15:34:05,18226,18226,18226,2,-2
2021-12-30 15:34:05,18226,18226,18226,2,0
2021-12-30 15:34:05,18226,18226,18226,2,0
2021-12-30 15:34:05,18226,18226,18226,2,0
2021-12-30 15:34:05,18226,18226,18226,2,0
2021-12-30 15:34:05,18226,18226,18226,2,0
2021-12-30 15:34:05,18226,18226,18226,4,0
2021-12-30 15:34:16,18225,18225,18225,2,-2
2021-12-30 15:34:16,18225,18225,18225,2,0
2021-12-30 15:34:17,18225,18225,18225,2,0
2021-12-30 15:34:18,18225,18225,18225,2,0
2021-12-30 15:34:26,18225,18225,18225,2,0
2021-12-30 15:34:35,18225,18225,18225,6,0
2021-12-30 15:34:42,18225,18225,18225,2,0
2021-12-30 15:34:46,18226,18226,18226,2,2
2021-12-30 15:34:46,18226,18226,18226,2,0
2021-12-30 15:34:46,18226,18226,18226,2,0
2021-12-30 15:34:52,18226,18226,18226,2,0
2021-12-30 15:34:57,18226,18226,18226,6,0
2021-12-30 15:34:57,18227,18227,18227,2,2
2021-12-30 15:35:05,18226,18226,18226,2,-2
2021-12-30 15:35:28,18226,18226,18226,2,0
2021-12-30 15:35:32,18226,18226,18226,2,0
2021-12-30 15:35:32,18226,18226,18226,2,0
2021-12-30 15:35:45,18226,18226,18226,2,0
2021-12-30 15:35:46,18226,18226,18226,2,0
2021-12-30 15:35:46,18226,18226,18226,2,0
2021-12-30 15:35:57,18226,18226,18226,2,0
2021-12-30 15:36:02,18225,18225,18225,2,-2
2021-12-30 15:36:08,18226,18226,18226,2,2
2021-12-30 15:36:46,18226,18226,18226,2,0
2021-12-30 15:36:49,18226,18226,18226,2,0
2021-12-30 15:37:06,18225,18225,18225,4,-4
2021-12-30 15:37:06,18225,18225,18225,2,0
2021-12-30 15:37:06,18225,18225,18225,2,0
2021-12-30 15:37:06,18225,18225,18225,2,0
2021-12-30 15:37:06,18225,18225,18225,2,0
2021-12-30 15:37:06,18225,18225,18225,2,0
2021-12-30 15:37:06,18225,18225,18225,2,0
2021-12-30 15:37:11,18224,18224,18224,2,-2
2021-12-30 15:37:20,18224,18224,18224,4,0
2021-12-30 15:37:29,18224,18224,18224,4,0
2021-12-30 15:37:32,18225,18225,18225,2,2
2021-12-30 15:37:37,18224,18224,18224,2,-2
2021-12-30 15:37:43,18224,18224,18224,2,0
2021-12-30 15:37:44,18224,18224,18224,2,0
2021-12-30 15:37:58,18224,18224,18224,2,0
2021-12-30 15:38:00,18224,18224,18224,2,0
2021-12-30 15:38:00,18224,18224,18224,2,0
2021-12-30 15:38:01,18224,18224,18224,2,0
2021-12-30 15:38:05,18224,18224,18224,2,0
2021-12-30 15:38:27,18224,18224,18224,2,0
2021-12-30 15:38:33,18224,18224,18224,2,0
2021-12-30 15:38:35,18225,18225,18225,2,2
2021-12-30 15:38:40,18224,18224,18224,2,-2
2021-12-30 15:39:01,18224,18224,18224,2,0
2021-12-30 15:39:09,18224,18224,18224,2,0
2021-12-30 15:39:24,18224,18224,18224,2,0
2021-12-30 15:39:25,18224,18224,18224,2,0
2021-12-30 15:39:25,18224,18224,18224,2,0
2021-12-30 15:39:29,18224,18224,18224,2,0
2021-12-30 15:39:35,18224,18224,18224,2,0
2021-12-30 15:39:38,18224,18224,18224,2,0
2021-12-30 15:39:38,18224,18224,18224,2,0
2021-12-30 15:39:38,18224,18224,18224,2,0
2021-12-30 15:39:40,18224,18224,18224,2,0
2021-12-30 15:39:44,18224,18224,18224,2,0
2021-12-30 15:39:56,18224,18224,18224,4,0
2021-12-30 15:40:00,18224,18224,18224,2,0
2021-12-30 15:40:00,18225,18225,18225,2,2
2021-12-30 15:40:00,18224,18224,18224,2,-2
2021-12-30 15:40:14,18225,18225,18225,2,2
2021-12-30 15:40:14,18225,18225,18225,2,0
2021-12-30 15:40:14,18225,18225,18225,2,0
2021-12-30 15:40:14,18225,18225,18225,34,0
2021-12-30 15:40:19,18226,18226,18226,2,2
2021-12-30 15:40:51,18225,18225,18225,2,-2
2021-12-30 15:40:51,18225,18225,18225,2,0
2021-12-30 15:40:51,18225,18225,18225,2,0
2021-12-30 15:40:54,18225,18225,18225,2,0
2021-12-30 15:41:05,18224,18224,18224,2,-2
2021-12-30 15:41:05,18224,18224,18224,2,0
2021-12-30 15:41:06,18223,18223,18223,2,-2
2021-12-30 15:41:09,18223,18223,18223,2,0
2021-12-30 15:41:17,18223,18223,18223,2,0
2021-12-30 15:41:20,18223,18223,18223,2,0
2021-12-30 15:41:24,18225,18225,18225,2,2
2021-12-30 15:41:41,18225,18225,18225,10,0
2021-12-30 15:41:55,18224,18224,18224,2,-2
2021-12-30 15:41:56,18225,18225,18225,2,2
2021-12-30 15:41:58,18225,18225,18225,2,0
2021-12-30 15:42:00,18225,18225,18225,2,0
2021-12-30 15:42:03,18225,18225,18225,8,0
2021-12-30 15:42:03,18225,18225,18225,2,0
2021-12-30 15:42:08,18225,18225,18225,2,0
2021-12-30 15:42:08,18225,18225,18225,2,0
2021-12-30 15:42:08,18225,18225,18225,2,0
2021-12-30 15:42:22,18225,18225,18225,2,0
2021-12-30 15:43:21,18225,18225,18225,2,0
2021-12-30 15:43:33,18225,18225,18225,2,0
2021-12-30 15:43:33,18225,18225,18225,2,0
2021-12-30 15:44:40,18225,18225,18225,2,0
2021-12-30 15:44:40,18225,18225,18225,2,0
2021-12-30 15:45:16,18224,18224,18224,16,-16
2021-12-30 15:45:16,18224,18224,18224,6,0
2021-12-30 15:45:16,18224,18224,18224,2,0
2021-12-30 15:45:16,18224,18224,18224,2,0
2021-12-30 15:45:16,18224,18224,18224,2,0
2021-12-30 15:45:16,18224,18224,18224,2,0
2021-12-30 15:45:16,18224,18224,18224,2,0
2021-12-30 15:45:29,18223,18223,18223,2,-2
2021-12-30 15:45:30,18223,18223,18223,2,0
2021-12-30 15:45:42,18223,18223,18223,8,0
2021-12-30 15:45:42,18223,18223,18223,2,0
2021-12-30 15:45:43,18223,18223,18223,2,0
2021-12-30 15:45:46,18223,18223,18223,2,0
2021-12-30 15:45:46,18223,18223,18223,2,0
2021-12-30 15:45:46,18223,18223,18223,2,0
2021-12-30 15:45:46,18223,18223,18223,2,0
2021-12-30 15:45:46,18222,18222,18222,2,-2
2021-12-30 15:45:46,18222,18222,18222,2,0
2021-12-30 15:45:46,18222,18222,18222,4,0
2021-12-30 15:45:46,18222,18222,18222,8,0
2021-12-30 15:45:52,18222,18222,18222,2,0
2021-12-30 15:45:54,18222,18222,18222,2,0
2021-12-30 15:46:17,18222,18222,18222,2,0
2021-12-30 15:46:17,18222,18222,18222,2,0
2021-12-30 15:46:17,18222,18222,18222,2,0
2021-12-30 15:46:17,18222,18222,18222,2,0
2021-12-30 15:46:17,18222,18222,18222,2,0
2021-12-30 15:46:21,18222,18222,18222,2,0
2021-12-30 15:46:22,18222,18222,18222,2,0
2021-12-30 15:46:33,18221,18221,18221,2,-2
2021-12-30 15:46:33,18221,18221,18221,2,0
2021-12-30 15:46:33,18221,18221,18221,2,0
2021-12-30 15:46:33,18221,18221,18221,14,0
2021-12-30 15:46:36,18221,18221,18221,2,0
2021-12-30 15:46:36,18222,18222,18222,2,2
2021-12-30 15:47:17,18221,18221,18221,2,-2
2021-12-30 15:47:17,18221,18221,18221,2,0
2021-12-30 15:47:17,18221,18221,18221,2,0
2021-12-30 15:47:22,18221,18221,18221,2,0
2021-12-30 15:47:34,18221,18221,18221,2,0
2021-12-30 15:47:46,18222,18222,18222,2,2
2021-12-30 15:47:46,18222,18222,18222,8,0
2021-12-30 15:48:05,18222,18222,18222,2,0
2021-12-30 15:48:05,18222,18222,18222,2,0
2021-12-30 15:48:05,18222,18222,18222,2,0
2021-12-30 15:48:05,18222,18222,18222,2,0
2021-12-30 15:48:05,18222,18222,18222,2,0
2021-12-30 15:48:05,18222,18222,18222,2,0
2021-12-30 15:48:10,18222,18222,18222,2,0
2021-12-30 15:48:57,18222,18222,18222,4,0
2021-12-30 15:49:07,18223,18223,18223,8,8
2021-12-30 15:49:27,18223,18223,18223,10,0
2021-12-30 15:49:27,18223,18223,18223,22,0
2021-12-30 15:49:35,18223,18223,18223,2,0
2021-12-30 15:49:44,18223,18223,18223,2,0
2021-12-30 15:50:00,18222,18222,18222,4,-4
2021-12-30 15:50:00,18222,18222,18222,6,0
2021-12-30 15:50:00,18222,18222,18222,10,0
2021-12-30 15:50:00,18222,18222,18222,2,0
2021-12-30 15:50:00,18222,18222,18222,2,0
2021-12-30 15:50:00,18222,18222,18222,2,0
2021-12-30 15:50:00,18222,18222,18222,2,0
2021-12-30 15:50:00,18222,18222,18222,2,0
2021-12-30 15:50:00,18223,18223,18223,2,2
2021-12-30 15:50:00,18223,18223,18223,2,0
2021-12-30 15:50:29,18221,18221,18221,2,-2
2021-12-30 15:50:29,18222,18222,18222,2,2
2021-12-30 15:50:30,18222,18222,18222,4,0
2021-12-30 15:50:30,18222,18222,18222,2,0
2021-12-30 15:50:30,18223,18223,18223,2,2
2021-12-30 15:50:30,18223,18223,18223,2,0
2021-12-30 15:50:30,18223,18223,18223,2,0
2021-12-30 15:50:38,18223,18223,18223,2,0
2021-12-30 15:50:41,18222,18222,18222,2,-2
2021-12-30 15:50:41,18223,18223,18223,2,2
2021-12-30 15:50:41,18223,18223,18223,2,0
2021-12-30 15:50:41,18223,18223,18223,2,0
2021-12-30 15:50:41,18223,18223,18223,2,0
2021-12-30 15:50:41,18224,18224,18224,2,2
2021-12-30 15:50:41,18224,18224,18224,2,0
2021-12-30 15:50:41,18224,18224,18224,2,0
2021-12-30 15:50:41,18224,18224,18224,2,0
2021-12-30 15:50:41,18224,18224,18224,2,0
2021-12-30 15:50:49,18224,18224,18224,4,0
2021-12-30 15:50:49,18225,18225,18225,20,20
2021-12-30 15:50:49,18225,18225,18225,10,0
2021-12-30 15:50:49,18225,18225,18225,4,0
2021-12-30 15:50:49,18226,18226,18226,6,6
2021-12-30 15:50:50,18225,18225,18225,2,-2
2021-12-30 15:50:50,18224,18224,18224,2,-2
2021-12-30 15:50:50,18224,18224,18224,2,0
2021-12-30 15:50:56,18224,18224,18224,2,0
2021-12-30 15:51:01,18225,18225,18225,10,10
2021-12-30 15:51:20,18224,18224,18224,2,-2
2021-12-30 15:51:21,18224,18224,18224,2,0
2021-12-30 15:51:29,18224,18224,18224,2,0
2021-12-30 15:51:29,18224,18224,18224,2,0
2021-12-30 15:51:29,18224,18224,18224,2,0
2021-12-30 15:51:55,18223,18223,18223,2,-2
2021-12-30 15:51:55,18223,18223,18223,2,0
2021-12-30 15:51:55,18223,18223,18223,2,0
2021-12-30 15:51:57,18223,18223,18223,2,0
2021-12-30 15:51:57,18224,18224,18224,2,2
2021-12-30 15:51:58,18223,18223,18223,2,-2
2021-12-30 15:52:04,18223,18223,18223,2,0
2021-12-30 15:52:25,18222,18222,18222,2,-2
2021-12-30 15:53:24,18223,18223,18223,2,2
2021-12-30 15:53:37,18223,18223,18223,2,0
2021-12-30 15:53:49,18222,18222,18222,2,-2
2021-12-30 15:53:49,18222,18222,18222,6,0
2021-12-30 15:53:49,18222,18222,18222,2,0
2021-12-30 15:54:35,18222,18222,18222,2,0
2021-12-30 15:54:53,18222,18222,18222,2,0
2021-12-30 15:55:27,18222,18222,18222,2,0
2021-12-30 15:55:33,18222,18222,18222,4,0
2021-12-30 15:55:33,18222,18222,18222,2,0
2021-12-30 15:55:35,18222,18222,18222,2,0
2021-12-30 15:55:38,18222,18222,18222,2,0
2021-12-30 15:55:38,18222,18222,18222,2,0
2021-12-30 15:55:38,18222,18222,18222,2,0
2021-12-30 15:55:38,18222,18222,18222,2,0
2021-12-30 15:55:38,18222,18222,18222,4,0
2021-12-30 15:55:41,18223,18223,18223,12,12
2021-12-30 15:55:58,18222,18222,18222,8,-8
2021-12-30 15:55:58,18222,18222,18222,2,0
2021-12-30 15:56:16,18222,18222,18222,2,0
2021-12-30 15:56:16,18222,18222,18222,2,0
2021-12-30 15:56:16,18223,18223,18223,2,2
2021-12-30 15:56:25,18222,18222,18222,2,-2
2021-12-30 15:57:00,18222,18222,18222,2,0
2021-12-30 15:57:08,18222,18222,18222,2,0
2021-12-30 15:57:17,18223,18223,18223,12,12
2021-12-30 15:57:28,18223,18223,18223,2,0
2021-12-30 15:57:53,18223,18223,18223,2,0
2021-12-30 15:58:31,18222,18222,18222,2,-2
2021-12-30 15:58:31,18222,18222,18222,4,0
2021-12-30 15:58:31,18222,18222,18222,2,0
2021-12-30 15:58:34,18223,18223,18223,2,2
2021-12-30 15:58:56,18223,18223,18223,4,0
2021-12-30 15:59:28,18223,18223,18223,2,0
2021-12-30 15:59:29,18224,18224,18224,4,4
2021-12-30 15:59:31,18224,18224,18224,2,0
2021-12-30 15:59:39,18224,18224,18224,10,0
2021-12-30 15:59:51,18224,18224,18224,6,0
2021-12-30 15:59:51,18224,18224,18224,2,0
2021-12-30 15:59:59,18224,18224,18224,2,0
2021-12-30 16:00:00,18225,18225,18225,10,10
2021-12-30 16:00:00,18225,18225,18225,8,0
2021-12-30 16:00:01,18226,18226,18226,2,2
2021-12-30 16:00:01,18226,18226,18226,2,0
2021-12-30 16:00:01,18226,18226,18226,4,0
2021-12-30 16:00:04,18226,18226,18226,2,0
2021-12-30 16:00:11,18226,18226,18226,4,0
2021-12-30 16:00:16,18226,18226,18226,2,0
2021-12-30 16:00:26,18226,18226,18226,2,0
2021-12-30 16:00:26,18226,18226,18226,4,0
2021-12-30 16:00:30,18225,18225,18225,10,-10
2021-12-30 16:00:30,18225,18225,18225,4,0
2021-12-30 16:00:30,18225,18225,18225,2,0
2021-12-30 16:00:30,18225,18225,18225,2,0
2021-12-30 16:00:37,18225,18225,18225,4,0
2021-12-30 16:00:39,18226,18226,18226,2,2
2021-12-30 16:00:47,18227,18227,18227,28,28
2021-12-30 16:00:47,18228,18228,18228,2,2
2021-12-30 16:00:47,18228,18228,18228,2,0
2021-12-30 16:00:47,18228,18228,18228,16,0
2021-12-30 16:00:47,18229,18229,18229,2,2
2021-12-30 16:00:47,18229,18229,18229,16,0
2021-12-30 16:00:47,18230,18230,18230,38,38
2021-12-30 16:00:47,18230,18230,18230,2,0
2021-12-30 16:00:47,18230,18230,18230,4,0
2021-12-30 16:00:47,18230,18230,18230,4,0
2021-12-30 16:00:47,18230,18230,18230,2,0
2021-12-30 16:00:47,18230,18230,18230,4,0
2021-12-30 16:00:47,18230,18230,18230,4,0
2021-12-30 16:00:47,18230,18230,18230,4,0
2021-12-30 16:00:47,18230,18230,18230,16,0
2021-12-30 16:00:47,18230,18230,18230,2,0
2021-12-30 16:00:47,18231,18231,18231,4,4
2021-12-30 16:00:47,18231,18231,18231,4,0
2021-12-30 16:00:47,18231,18231,18231,2,0
2021-12-30 16:00:47,18231,18231,18231,4,0
2021-12-30 16:00:47,18231,18231,18231,2,0
2021-12-30 16:00:47,18231,18231,18231,4,0
2021-12-30 16:00:47,18232,18232,18232,4,4
2021-12-30 16:00:47,18232,18232,18232,4,0
2021-12-30 16:00:47,18232,18232,18232,4,0
2021-12-30 16:00:47,18232,18232,18232,4,0
2021-12-30 16:00:47,18232,18232,18232,4,0
2021-12-30 16:00:47,18232,18232,18232,2,0
2021-12-30 16:00:48,18232,18232,18232,2,0
2021-12-30 16:00:48,18232,18232,18232,8,0
2021-12-30 16:00:57,18231,18231,18231,2,-2
2021-12-30 16:00:57,18232,18232,18232,2,2
2021-12-30 16:00:57,18232,18232,18232,8,0
2021-12-30 16:00:58,18231,18231,18231,2,-2
2021-12-30 16:00:58,18232,18232,18232,30,30
2021-12-30 16:01:02,18233,18233,18233,4,4
2021-12-30 16:01:03,18233,18233,18233,2,0
2021-12-30 16:01:03,18233,18233,18233,2,0
2021-12-30 16:01:08,18233,18233,18233,6,0
2021-12-30 16:01:17,18232,18232,18232,2,-2
2021-12-30 16:01:17,18232,18232,18232,2,0
2021-12-30 16:01:17,18232,18232,18232,2,0
2021-12-30 16:01:29,18231,18231,18231,2,-2
2021-12-30 16:01:29,18232,18232,18232,16,16
2021-12-30 16:01:29,18232,18232,18232,6,0
2021-12-30 16:01:29,18233,18233,18233,2,2
2021-12-30 16:01:29,18231,18231,18231,2,-2
2021-12-30 16:01:29,18231,18231,18231,2,0
2021-12-30 16:01:34,18230,18230,18230,2,-2
2021-12-30 16:01:34,18231,18231,18231,2,2
2021-12-30 16:01:34,18231,18231,18231,2,0
2021-12-30 16:01:34,18231,18231,18231,2,0
2021-12-30 16:01:37,18230,18230,18230,2,-2
2021-12-30 16:01:38,18230,18230,18230,2,0
2021-12-30 16:01:39,18230,18230,18230,2,0
2021-12-30 16:01:39,18230,18230,18230,2,0
2021-12-30 16:01:39,18229,18229,18229,2,-2
2021-12-30 16:01:40,18230,18230,18230,2,2
2021-12-30 16:01:41,18229,18229,18229,2,-2
2021-12-30 16:01:41,18229,18229,18229,2,0
2021-12-30 16:01:42,18229,18229,18229,2,0
2021-12-30 16:01:42,18229,18229,18229,2,0
2021-12-30 16:01:46,18229,18229,18229,2,0
2021-12-30 16:01:50,18230,18230,18230,2,2
2021-12-30 16:01:50,18230,18230,18230,2,0
2021-12-30 16:01:51,18229,18229,18229,2,-2
2021-12-30 16:01:51,18229,18229,18229,2,0
2021-12-30 16:01:54,18230,18230,18230,2,2
2021-12-30 16:01:57,18230,18230,18230,2,0
2021-12-30 16:01:57,18229,18229,18229,2,-2
2021-12-30 16:02:06,18230,18230,18230,2,2
2021-12-30 16:02:10,18229,18229,18229,2,-2
2021-12-30 16:02:13,18229,18229,18229,2,0
2021-12-30 16:02:18,18229,18229,18229,2,0
2021-12-30 16:02:27,18229,18229,18229,2,0
2021-12-30 16:02:27,18229,18229,18229,2,0
2021-12-30 16:02:38,18229,18229,18229,2,0
2021-12-30 16:02:52,18229,18229,18229,2,0
2021-12-30 16:02:52,18229,18229,18229,2,0
2021-12-30 16:02:52,18230,18230,18230,2,2
2021-12-30 16:02:52,18230,18230,18230,8,0
2021-12-30 16:03:10,18229,18229,18229,2,-2
2021-12-30 16:03:10,18230,18230,18230,2,2
2021-12-30 16:03:10,18231,18231,18231,2,2
2021-12-30 16:03:14,18230,18230,18230,2,-2
2021-12-30 16:03:22,18230,18230,18230,2,0
2021-12-30 16:03:22,18230,18230,18230,2,0
2021-12-30 16:03:39,18230,18230,18230,2,0
2021-12-30 16:03:39,18230,18230,18230,2,0
2021-12-30 16:03:45,18230,18230,18230,6,0
2021-12-30 16:03:49,18230,18230,18230,2,0
2021-12-30 16:03:50,18231,18231,18231,20,20
2021-12-30 16:03:52,18230,18230,18230,2,-2
2021-12-30 16:03:52,18230,18230,18230,2,0
2021-12-30 16:03:59,18231,18231,18231,10,10
2021-12-30 16:04:02,18230,18230,18230,2,-2
2021-12-30 16:04:17,18231,18231,18231,2,2
2021-12-30 16:04:21,18231,18231,18231,2,0
2021-12-30 16:04:21,18231,18231,18231,2,0
2021-12-30 16:04:27,18232,18232,18232,4,4
2021-12-30 16:04:32,18231,18231,18231,2,-2
2021-12-30 16:04:45,18231,18231,18231,2,0
2021-12-30 16:04:46,18230,18230,18230,2,-2
2021-12-30 16:05:00,18230,18230,18230,4,0
2021-12-30 16:05:00,18230,18230,18230,2,0
2021-12-30 16:05:00,18230,18230,18230,2,0
2021-12-30 16:05:01,18229,18229,18229,2,-2
2021-12-30 16:05:01,18229,18229,18229,2,0
2021-12-30 16:05:01,18228,18228,18228,2,-2
2021-12-30 16:05:01,18228,18228,18228,2,0
2021-12-30 16:05:01,18228,18228,18228,2,0
2021-12-30 16:05:01,18228,18228,18228,4,0
2021-12-30 16:05:10,18229,18229,18229,2,2
2021-12-30 16:05:11,18228,18228,18228,32,-32
2021-12-30 16:05:11,18228,18228,18228,2,0
2021-12-30 16:05:11,18228,18228,18228,2,0
2021-12-30 16:05:15,18228,18228,18228,2,0
2021-12-30 16:05:38,18228,18228,18228,2,0
2021-12-30 16:05:46,18228,18228,18228,2,0
2021-12-30 16:06:37,18228,18228,18228,2,0
2021-12-30 16:06:44,18228,18228,18228,6,0
2021-12-30 16:06:51,18230,18230,18230,2,2
2021-12-30 16:07:01,18229,18229,18229,2,-2
2021-12-30 16:07:03,18230,18230,18230,14,14
2021-12-30 16:07:04,18231,18231,18231,2,2
2021-12-30 16:07:10,18231,18231,18231,2,0
2021-12-30 16:07:11,18231,18231,18231,2,0
2021-12-30 16:07:11,18231,18231,18231,2,0
2021-12-30 16:07:12,18231,18231,18231,2,0
2021-12-30 16:07:12,18231,18231,18231,2,0
2021-12-30 16:07:12,18230,18230,18230,2,-2
2021-12-30 16:07:12,18230,18230,18230,2,0
2021-12-30 16:07:13,18230,18230,18230,2,0
2021-12-30 16:07:34,18231,18231,18231,2,2
2021-12-30 16:07:34,18232,18232,18232,2,2
2021-12-30 16:07:46,18231,18231,18231,2,-2
2021-12-30 16:07:49,18231,18231,18231,2,0
2021-12-30 16:07:49,18230,18230,18230,2,-2
2021-12-30 16:08:03,18232,18232,18232,6,6
2021-12-30 16:08:05,18231,18231,18231,2,-2
2021-12-30 16:08:20,18231,18231,18231,2,0
2021-12-30 16:08:23,18232,18232,18232,2,2
2021-12-30 16:08:28,18233,18233,18233,2,2
2021-12-30 16:08:33,18232,18232,18232,2,-2
2021-12-30 16:08:46,18232,18232,18232,2,0
2021-12-30 16:08:52,18231,18231,18231,4,-4
2021-12-30 16:08:52,18231,18231,18231,2,0
2021-12-30 16:08:53,18231,18231,18231,2,0
2021-12-30 16:09:26,18232,18232,18232,10,10
2021-12-30 16:09:26,18232,18232,18232,2,0
2021-12-30 16:09:26,18232,18232,18232,2,0
2021-12-30 16:09:28,18232,18232,18232,4,0
2021-12-30 16:09:32,18232,18232,18232,2,0
2021-12-30 16:09:32,18233,18233,18233,2,2
2021-12-30 16:09:34,18231,18231,18231,2,-2
2021-12-30 16:09:47,18231,18231,18231,2,0
2021-12-30 16:09:49,18232,18232,18232,4,4
2021-12-30 16:10:11,18232,18232,18232,2,0
2021-12-30 16:10:45,18232,18232,18232,8,0
2021-12-30 16:10:55,18231,18231,18231,2,-2
2021-12-30 16:10:55,18231,18231,18231,2,0
2021-12-30 16:11:14,18231,18231,18231,2,0
2021-12-30 16:11:29,18230,18230,18230,2,-2
2021-12-30 16:11:29,18230,18230,18230,2,0
2021-12-30 16:11:34,18230,18230,18230,6,0
2021-12-30 16:11:34,18230,18230,18230,4,0
2021-12-30 16:11:34,18230,18230,18230,2,0
2021-12-30 16:11:34,18230,18230,18230,12,0
2021-12-30 16:11:39,18229,18229,18229,2,-2
2021-12-30 16:11:39,18229,18229,18229,8,0
2021-12-30 16:11:39,18229,18229,18229,2,0
2021-12-30 16:11:46,18229,18229,18229,6,0
2021-12-30 16:11:49,18229,18229,18229,6,0
2021-12-30 16:11:51,18229,18229,18229,6,0
2021-12-30 16:12:17,18231,18231,18231,6,6
2021-12-30 16:12:21,18230,18230,18230,6,-6
2021-12-30 16:12:21,18230,18230,18230,2,0
2021-12-30 16:12:24,18231,18231,18231,4,4
2021-12-30 16:12:28,18231,18231,18231,2,0
2021-12-30 16:12:33,18231,18231,18231,6,0
2021-12-30 16:12:37,18231,18231,18231,4,0
2021-12-30 16:12:37,18231,18231,18231,2,0
2021-12-30 16:12:38,18230,18230,18230,2,-2
2021-12-30 16:12:38,18231,18231,18231,6,6
2021-12-30 16:12:40,18231,18231,18231,6,0
2021-12-30 16:12:42,18231,18231,18231,4,0
2021-12-30 16:12:42,18231,18231,18231,2,0
2021-12-30 16:12:44,18231,18231,18231,6,0
2021-12-30 16:12:57,18231,18231,18231,2,0
2021-12-30 16:13:01,18231,18231,18231,2,0
2021-12-30 16:13:01,18231,18231,18231,2,0
2021-12-30 16:13:17,18231,18231,18231,4,0
2021-12-30 16:13:18,18231,18231,18231,2,0
2021-12-30 16:14:04,18231,18231,18231,2,0
2021-12-30 16:14:10,18231,18231,18231,2,0
2021-12-30 16:14:21,18232,18232,18232,2,2
2021-12-30 16:14:40,18231,18231,18231,2,-2
2021-12-30 16:14:41,18231,18231,18231,4,0
2021-12-30 16:14:51,18231,18231,18231,6,0
2021-12-30 16:15:14,18230,18230,18230,4,-4
2021-12-30 16:15:14,18231,18231,18231,2,2
2021-12-30 16:15:14,18231,18231,18231,2,0
2021-12-30 16:15:49,18232,18232,18232,28,28
2021-12-30 16:15:58,18232,18232,18232,2,0
2021-12-30 16:15:58,18233,18233,18233,2,2
2021-12-30 16:15:58,18233,18233,18233,2,0
2021-12-30 16:15:58,18233,18233,18233,2,0
2021-12-30 16:15:58,18233,18233,18233,2,0
2021-12-30 16:15:58,18233,18233,18233,2,0
2021-12-30 16:15:58,18234,18234,18234,2,2
2021-12-30 16:15:59,18234,18234,18234,2,0
2021-12-30 16:15:59,18234,18234,18234,2,0
2021-12-30 16:15:59,18234,18234,18234,2,0
2021-12-30 16:15:59,18234,18234,18234,2,0
2021-12-30 16:15:59,18234,18234,18234,2,0
2021-12-30 16:16:05,18232,18232,18232,2,-2
2021-12-30 16:16:10,18234,18234,18234,20,20
2021-12-30 16:16:23,18233,18233,18233,2,-2
2021-12-30 16:16:26,18234,18234,18234,4,4
2021-12-30 16:16:33,18234,18234,18234,2,0
2021-12-30 16:16:33,18234,18234,18234,2,0
2021-12-30 16:16:34,18234,18234,18234,2,0
2021-12-30 16:16:46,18235,18235,18235,68,68
2021-12-30 16:16:46,18236,18236,18236,2,2
2021-12-30 16:16:46,18236,18236,18236,2,0
2021-12-30 16:16:46,18236,18236,18236,2,0
2021-12-30 16:16:46,18236,18236,18236,2,0
2021-12-30 16:16:46,18236,18236,18236,2,0
2021-12-30 16:16:46,18236,18236,18236,4,0
2021-12-30 16:16:46,18236,18236,18236,4,0
2021-12-30 16:16:46,18236,18236,18236,4,0
2021-12-30 16:16:46,18236,18236,18236,8,0
2021-12-30 16:16:46,18236,18236,18236,2,0
2021-12-30 16:16:47,18236,18236,18236,2,0
2021-12-30 16:16:47,18236,18236,18236,4,0
2021-12-30 16:16:47,18236,18236,18236,2,0
2021-12-30 16:16:47,18236,18236,18236,2,0
2021-12-30 16:16:47,18236,18236,18236,6,0
2021-12-30 16:16:47,18236,18236,18236,2,0
2021-12-30 16:16:47,18236,18236,18236,4,0
2021-12-30 16:16:47,18236,18236,18236,22,0
2021-12-30 16:16:47,18237,18237,18237,2,2
2021-12-30 16:16:47,18237,18237,18237,4,0
2021-12-30 16:16:47,18237,18237,18237,4,0
2021-12-30 16:16:47,18237,18237,18237,12,0
2021-12-30 16:16:47,18237,18237,18237,4,0
2021-12-30 16:16:47,18238,18238,18238,2,2
2021-12-30 16:16:47,18238,18238,18238,16,0
2021-12-30 16:16:47,18238,18238,18238,2,0
2021-12-30 16:16:47,18238,18238,18238,6,0
2021-12-30 16:16:47,18239,18239,18239,2,2
2021-12-30 16:16:47,18239,18239,18239,2,0
2021-12-30 16:16:47,18239,18239,18239,2,0
2021-12-30 16:16:47,18239,18239,18239,2,0
2021-12-30 16:16:47,18239,18239,18239,2,0
2021-12-30 16:16:47,18239,18239,18239,2,0
2021-12-30 16:16:47,18239,18239,18239,2,0
2021-12-30 16:16:47,18239,18239,18239,16,0
2021-12-30 16:16:47,18239,18239,18239,2,0
2021-12-30 16:16:47,18239,18239,18239,42,0
2021-12-30 16:16:47,18240,18240,18240,4,4
2021-12-30 16:16:47,18240,18240,18240,2,0
2021-12-30 16:16:47,18240,18240,18240,2,0
2021-12-30 16:16:47,18240,18240,18240,2,0
2021-12-30 16:16:47,18240,18240,18240,2,0
2021-12-30 16:16:47,18240,18240,18240,2,0
2021-12-30 16:16:47,18240,18240,18240,2,0
2021-12-30 16:16:47,18240,18240,18240,2,0
2021-12-30 16:16:47,18239,18239,18239,2,-2
2021-12-30 16:16:47,18239,18239,18239,2,0
2021-12-30 16:16:47,18240,18240,18240,2,2
2021-12-30 16:16:47,18240,18240,18240,2,0
2021-12-30 16:16:47,18239,18239,18239,2,-2
2021-12-30 16:16:47,18239,18239,18239,2,0
2021-12-30 16:16:47,18239,18239,18239,2,0
2021-12-30 16:16:47,18239,18239,18239,2,0
2021-12-30 16:16:47,18239,18239,18239,2,0
2021-12-30 16:16:47,18240,18240,18240,2,2
2021-12-30 16:16:47,18240,18240,18240,2,0
2021-12-30 16:16:48,18240,18240,18240,2,0
2021-12-30 16:16:48,18240,18240,18240,2,0
2021-12-30 16:16:48,18240,18240,18240,2,0
2021-12-30 16:16:48,18240,18240,18240,2,0
2021-12-30 16:16:48,18239,18239,18239,2,-2
2021-12-30 16:16:48,18239,18239,18239,2,0
2021-12-30 16:16:48,18240,18240,18240,2,2
2021-12-30 16:16:48,18240,18240,18240,2,0
2021-12-30 16:16:48,18240,18240,18240,2,0
2021-12-30 16:16:48,18240,18240,18240,2,0
2021-12-30 16:16:48,18240,18240,18240,2,0
2021-12-30 16:16:48,18239,18239,18239,2,-2
2021-12-30 16:16:49,18239,18239,18239,2,0
2021-12-30 16:16:49,18239,18239,18239,2,0
2021-12-30 16:16:49,18239,18239,18239,2,0
2021-12-30 16:16:49,18239,18239,18239,2,0
2021-12-30 16:16:54,18238,18238,18238,2,-2
2021-12-30 16:16:54,18238,18238,18238,2,0
2021-12-30 16:17:05,18235,18235,18235,2,-2
2021-12-30 16:17:09,18235,18235,18235,2,0
2021-12-30 16:17:09,18236,18236,18236,6,6
2021-12-30 16:17:09,18235,18235,18235,2,-2
2021-12-30 16:17:09,18235,18235,18235,4,0
2021-12-30 16:17:10,18234,18234,18234,2,-2
2021-12-30 16:17:24,18234,18234,18234,2,0
2021-12-30 16:17:26,18234,18234,18234,16,0
2021-12-30 16:17:31,18234,18234,18234,2,0
2021-12-30 16:17:31,18233,18233,18233,2,-2
2021-12-30 16:17:56,18235,18235,18235,2,2
2021-12-30 16:18:08,18235,18235,18235,4,0
2021-12-30 16:18:09,18235,18235,18235,8,0
2021-12-30 16:18:09,18236,18236,18236,4,4
2021-12-30 16:18:09,18237,18237,18237,2,2
2021-12-30 16:18:09,18237,18237,18237,8,0
2021-12-30 16:18:09,18237,18237,18237,8,0
2021-12-30 16:18:09,18235,18235,18235,2,-2
2021-12-30 16:18:19,18235,18235,18235,2,0
2021-12-30 16:18:20,18234,18234,18234,2,-2
2021-12-30 16:18:20,18235,18235,18235,2,2
2021-12-30 16:18:22,18235,18235,18235,4,0
2021-12-30 16:18:25,18235,18235,18235,2,0
2021-12-30 16:18:25,18235,18235,18235,2,0
2021-12-30 16:18:26,18235,18235,18235,2,0
2021-12-30 16:18:35,18235,18235,18235,4,0
2021-12-30 16:18:47,18235,18235,18235,4,0
2021-12-30 16:18:57,18235,18235,18235,2,0
2021-12-30 16:18:57,18235,18235,18235,2,0
2021-12-30 16:18:57,18235,18235,18235,2,0
2021-12-30 16:19:06,18235,18235,18235,2,0
2021-12-30 16:19:30,18235,18235,18235,2,0
2021-12-30 16:19:30,18235,18235,18235,2,0
2021-12-30 16:19:43,18234,18234,18234,2,-2
2021-12-30 16:19:55,18234,18234,18234,2,0
2021-12-30 16:19:55,18234,18234,18234,2,0
2021-12-30 16:19:55,18234,18234,18234,2,0
2021-12-30 16:19:55,18234,18234,18234,8,0
2021-12-30 16:19:55,18234,18234,18234,10,0
2021-12-30 16:19:55,18233,18233,18233,2,-2
2021-12-30 16:20:00,18233,18233,18233,8,0
2021-12-30 16:20:00,18234,18234,18234,2,2
2021-12-30 16:20:01,18233,18233,18233,2,-2
2021-12-30 16:20:21,18233,18233,18233,4,0
2021-12-30 16:20:59,18233,18233,18233,2,0
2021-12-30 16:20:59,18233,18233,18233,2,0
2021-12-30 16:21:00,18233,18233,18233,2,0
2021-12-30 16:21:00,18233,18233,18233,2,0
2021-12-30 16:21:26,18234,18234,18234,2,2
2021-12-30 16:21:47,18234,18234,18234,2,0
2021-12-30 16:21:50,18233,18233,18233,2,-2
2021-12-30 16:21:50,18233,18233,18233,2,0
2021-12-30 16:21:50,18233,18233,18233,2,0
2021-12-30 16:21:50,18233,18233,18233,2,0
2021-12-30 16:21:50,18233,18233,18233,2,0
2021-12-30 16:21:50,18233,18233,18233,2,0
2021-12-30 16:21:57,18232,18232,18232,2,-2
2021-12-30 16:22:00,18232,18232,18232,2,0
2021-12-30 16:22:14,18232,18232,18232,2,0
2021-12-30 16:22:16,18232,18232,18232,2,0
2021-12-30 16:22:32,18232,18232,18232,2,0
2021-12-30 16:22:36,18232,18232,18232,2,0
2021-12-30 16:22:55,18233,18233,18233,2,2
2021-12-30 16:22:55,18234,18234,18234,4,4
2021-12-30 16:22:55,18233,18233,18233,2,-2
2021-12-30 16:22:56,18234,18234,18234,2,2
2021-12-30 16:22:59,18234,18234,18234,2,0
2021-12-30 16:22:59,18234,18234,18234,8,0
2021-12-30 16:22:59,18234,18234,18234,2,0
2021-12-30 16:23:00,18234,18234,18234,2,0
2021-12-30 16:23:01,18234,18234,18234,2,0
2021-12-30 16:23:01,18234,18234,18234,2,0
2021-12-30 16:23:01,18234,18234,18234,2,0
2021-12-30 16:23:01,18233,18233,18233,2,-2
2021-12-30 16:23:01,18233,18233,18233,2,0
2021-12-30 16:23:17,18234,18234,18234,2,2
2021-12-30 16:23:29,18234,18234,18234,2,0
2021-12-30 16:23:29,18234,18234,18234,2,0
2021-12-30 16:23:29,18234,18234,18234,2,0
2021-12-30 16:23:30,18235,18235,18235,2,2
2021-12-30 16:23:31,18235,18235,18235,4,0
2021-12-30 16:23:38,18236,18236,18236,2,2
2021-12-30 16:23:44,18236,18236,18236,2,0
2021-12-30 16:23:48,18236,18236,18236,4,0
2021-12-30 16:23:48,18237,18237,18237,2,2
2021-12-30 16:23:50,18237,18237,18237,2,0
2021-12-30 16:23:50,18237,18237,18237,4,0
2021-12-30 16:23:55,18237,18237,18237,4,0
2021-12-30 16:23:57,18236,18236,18236,2,-2
2021-12-30 16:23:59,18236,18236,18236,2,0
2021-12-30 16:24:01,18236,18236,18236,2,0
2021-12-30 16:24:01,18236,18236,18236,2,0
2021-12-30 16:24:01,18235,18235,18235,2,-2
2021-12-30 16:24:01,18236,18236,18236,4,4
2021-12-30 16:24:01,18236,18236,18236,2,0
2021-12-30 16:24:01,18236,18236,18236,4,0
2021-12-30 16:24:15,18235,18235,18235,2,-2
2021-12-30 16:24:16,18235,18235,18235,4,0
2021-12-30 16:24:51,18235,18235,18235,2,0
2021-12-30 16:24:52,18235,18235,18235,2,0
2021-12-30 16:24:55,18235,18235,18235,2,0
2021-12-30 16:25:41,18235,18235,18235,4,0
2021-12-30 16:25:41,18235,18235,18235,2,0
2021-12-30 16:25:46,18235,18235,18235,2,0
2021-12-30 16:25:47,18236,18236,18236,6,6
2021-12-30 16:25:48,18235,18235,18235,2,-2
2021-12-30 16:25:55,18237,18237,18237,8,8
2021-12-30 16:26:19,18237,18237,18237,2,0
2021-12-30 16:26:27,18236,18236,18236,2,-2
2021-12-30 16:26:30,18236,18236,18236,2,0
2021-12-30 16:26:57,18236,18236,18236,2,0
2021-12-30 16:27:01,18236,18236,18236,2,0
2021-12-30 16:27:03,18235,18235,18235,2,-2
2021-12-30 16:27:03,18235,18235,18235,4,0
2021-12-30 16:27:03,18235,18235,18235,2,0
2021-12-30 16:27:06,18234,18234,18234,2,-2
2021-12-30 16:27:06,18234,18234,18234,4,0
2021-12-30 16:27:06,18234,18234,18234,2,0
2021-12-30 16:27:06,18234,18234,18234,2,0
2021-12-30 16:27:06,18234,18234,18234,2,0
2021-12-30 16:27:17,18234,18234,18234,2,0
2021-12-30 16:27:43,18234,18234,18234,2,0
2021-12-30 16:27:43,18234,18234,18234,2,0
2021-12-30 16:27:51,18234,18234,18234,2,0
2021-12-30 16:28:00,18234,18234,18234,2,0
2021-12-30 16:28:00,18234,18234,18234,2,0
2021-12-30 16:28:00,18234,18234,18234,4,0
2021-12-30 16:28:00,18234,18234,18234,2,0
2021-12-30 16:28:06,18234,18234,18234,2,0
2021-12-30 16:28:06,18234,18234,18234,2,0
2021-12-30 16:28:06,18234,18234,18234,2,0
2021-12-30 16:28:06,18234,18234,18234,6,0
2021-12-30 16:28:29,18234,18234,18234,2,0
2021-12-30 16:28:29,18234,18234,18234,4,0
2021-12-30 16:28:38,18234,18234,18234,2,0
2021-12-30 16:28:38,18234,18234,18234,2,0
2021-12-30 16:28:56,18233,18233,18233,2,-2
2021-12-30 16:29:33,18234,18234,18234,6,6
2021-12-30 16:29:36,18234,18234,18234,6,0
2021-12-30 16:29:37,18233,18233,18233,2,-2
2021-12-30 16:29:41,18233,18233,18233,2,0
2021-12-30 16:29:43,18234,18234,18234,6,6
2021-12-30 16:29:47,18234,18234,18234,6,0
2021-12-30 16:29:57,18234,18234,18234,2,0
2021-12-30 16:29:57,18234,18234,18234,4,0
2021-12-30 16:29:59,18234,18234,18234,2,0
2021-12-30 16:30:01,18234,18234,18234,2,0
2021-12-30 16:30:01,18234,18234,18234,2,0
2021-12-30 16:30:01,18235,18235,18235,2,2
2021-12-30 16:30:01,18235,18235,18235,2,0
2021-12-30 16:30:02,18235,18235,18235,2,0
2021-12-30 16:30:02,18235,18235,18235,2,0
2021-12-30 16:30:02,18235,18235,18235,2,0
2021-12-30 16:30:02,18235,18235,18235,2,0
2021-12-30 16:30:02,18235,18235,18235,4,0
2021-12-30 16:30:02,18235,18235,18235,4,0
2021-12-30 16:30:02,18235,18235,18235,2,0
2021-12-30 16:30:23,18235,18235,18235,10,0
2021-12-30 16:30:58,18234,18234,18234,2,-2
2021-12-30 16:30:58,18235,18235,18235,2,2
2021-12-30 16:30:58,18235,18235,18235,2,0
2021-12-30 16:30:58,18235,18235,18235,2,0
2021-12-30 16:30:59,18235,18235,18235,2,0
2021-12-30 16:30:59,18235,18235,18235,2,0
2021-12-30 16:30:59,18236,18236,18236,2,2
2021-12-30 16:30:59,18236,18236,18236,2,0
2021-12-30 16:31:00,18235,18235,18235,2,-2
2021-12-30 16:31:55,18235,18235,18235,2,0
2021-12-30 16:31:55,18235,18235,18235,2,0
2021-12-30 16:31:55,18235,18235,18235,4,0
2021-12-30 16:31:55,18235,18235,18235,4,0
2021-12-30 16:31:57,18235,18235,18235,2,0
2021-12-30 16:32:04,18235,18235,18235,2,0
2021-12-30 16:32:34,18234,18234,18234,2,-2
2021-12-30 16:32:36,18234,18234,18234,2,0
2021-12-30 16:32:36,18234,18234,18234,2,0
2021-12-30 16:32:36,18234,18234,18234,2,0
2021-12-30 16:32:41,18234,18234,18234,2,0
2021-12-30 16:32:41,18234,18234,18234,2,0
2021-12-30 16:32:47,18235,18235,18235,2,2
2021-12-30 16:32:48,18235,18235,18235,4,0
2021-12-30 16:33:01,18233,18233,18233,2,-2
2021-12-30 16:33:01,18233,18233,18233,2,0
2021-12-30 16:33:02,18233,18233,18233,2,0
2021-12-30 16:33:04,18233,18233,18233,2,0
2021-12-30 16:33:04,18233,18233,18233,2,0
2021-12-30 16:33:05,18233,18233,18233,2,0
2021-12-30 16:33:05,18233,18233,18233,2,0
2021-12-30 16:33:05,18233,18233,18233,2,0
2021-12-30 16:33:07,18233,18233,18233,2,0
2021-12-30 16:33:07,18233,18233,18233,2,0
2021-12-30 16:33:07,18233,18233,18233,2,0
2021-12-30 16:33:07,18233,18233,18233,2,0
2021-12-30 16:33:07,18233,18233,18233,2,0
2021-12-30 16:33:08,18233,18233,18233,2,0
2021-12-30 16:33:08,18233,18233,18233,2,0
2021-12-30 16:33:08,18233,18233,18233,2,0
2021-12-30 16:33:08,18233,18233,18233,2,0
2021-12-30 16:33:09,18233,18233,18233,2,0
2021-12-30 16:33:15,18232,18232,18232,2,-2
2021-12-30 16:33:23,18232,18232,18232,4,0
2021-12-30 16:33:24,18232,18232,18232,2,0
2021-12-30 16:33:29,18232,18232,18232,2,0
2021-12-30 16:33:42,18232,18232,18232,2,0
2021-12-30 16:33:47,18233,18233,18233,8,8
2021-12-30 16:33:53,18232,18232,18232,2,-2
2021-12-30 16:33:53,18232,18232,18232,2,0
2021-12-30 16:33:53,18232,18232,18232,2,0
2021-12-30 16:33:53,18232,18232,18232,2,0
2021-12-30 16:33:58,18232,18232,18232,2,0
2021-12-30 16:34:10,18232,18232,18232,2,0
2021-12-30 16:35:06,18231,18231,18231,2,-2
2021-12-30 16:35:14,18232,18232,18232,2,2
2021-12-30 16:35:21,18231,18231,18231,2,-2
2021-12-30 16:35:23,18231,18231,18231,2,0
2021-12-30 16:35:23,18231,18231,18231,4,0
2021-12-30 16:35:23,18231,18231,18231,2,0
2021-12-30 16:35:23,18231,18231,18231,2,0
2021-12-30 16:35:23,18231,18231,18231,2,0
2021-12-30 16:35:33,18231,18231,18231,2,0
2021-12-30 16:35:34,18231,18231,18231,2,0
2021-12-30 16:35:45,18231,18231,18231,2,0
2021-12-30 16:35:50,18231,18231,18231,2,0
2021-12-30 16:36:03,18230,18230,18230,2,-2
2021-12-30 16:36:03,18230,18230,18230,2,0
2021-12-30 16:36:03,18230,18230,18230,2,0
2021-12-30 16:36:03,18230,18230,18230,2,0
2021-12-30 16:36:03,18230,18230,18230,2,0
2021-12-30 16:36:04,18230,18230,18230,2,0
2021-12-30 16:36:04,18230,18230,18230,2,0
2021-12-30 16:36:04,18230,18230,18230,8,0
2021-12-30 16:36:06,18230,18230,18230,2,0
2021-12-30 16:37:19,18230,18230,18230,8,0
2021-12-30 16:37:31,18229,18229,18229,2,-2
2021-12-30 16:37:44,18230,18230,18230,18,18
2021-12-30 16:37:57,18230,18230,18230,2,0
2021-12-30 16:37:57,18230,18230,18230,2,0
2021-12-30 16:37:58,18230,18230,18230,2,0
2021-12-30 16:37:58,18230,18230,18230,2,0
2021-12-30 16:38:00,18230,18230,18230,2,0
2021-12-30 16:38:04,18230,18230,18230,2,0
2021-12-30 16:38:05,18230,18230,18230,2,0
2021-12-30 16:38:09,18230,18230,18230,2,0
2021-12-30 16:38:10,18230,18230,18230,2,0
2021-12-30 16:38:11,18230,18230,18230,2,0
2021-12-30 16:38:24,18230,18230,18230,2,0
2021-12-30 16:38:37,18230,18230,18230,2,0
2021-12-30 16:39:00,18230,18230,18230,2,0
2021-12-30 16:39:01,18230,18230,18230,2,0
2021-12-30 16:39:21,18230,18230,18230,2,0
2021-12-30 16:39:32,18229,18229,18229,2,-2
2021-12-30 16:39:54,18229,18229,18229,2,0
2021-12-30 16:39:56,18229,18229,18229,2,0
2021-12-30 16:40:50,18229,18229,18229,2,0
2021-12-30 16:40:50,18230,18230,18230,2,2
2021-12-30 16:40:50,18230,18230,18230,2,0
2021-12-30 16:40:55,18229,18229,18229,4,-4
2021-12-30 16:40:55,18230,18230,18230,8,8
2021-12-30 16:40:55,18230,18230,18230,2,0
2021-12-30 16:40:55,18231,18231,18231,2,2
2021-12-30 16:40:55,18231,18231,18231,2,0
2021-12-30 16:40:57,18229,18229,18229,2,-2
2021-12-30 16:40:57,18229,18229,18229,2,0
2021-12-30 16:41:40,18229,18229,18229,2,0
2021-12-30 16:41:43,18229,18229,18229,10,0
2021-12-30 16:41:43,18229,18229,18229,2,0
2021-12-30 16:41:43,18229,18229,18229,4,0
2021-12-30 16:41:43,18229,18229,18229,2,0
2021-12-30 16:41:43,18229,18229,18229,2,0
2021-12-30 16:41:43,18229,18229,18229,2,0
2021-12-30 16:41:43,18229,18229,18229,2,0
2021-12-30 16:41:52,18229,18229,18229,2,0
2021-12-30 16:42:09,18228,18228,18228,2,-2
2021-12-30 16:42:10,18228,18228,18228,2,0
2021-12-30 16:42:10,18228,18228,18228,2,0
2021-12-30 16:42:11,18228,18228,18228,2,0
2021-12-30 16:42:13,18228,18228,18228,2,0
2021-12-30 16:42:17,18228,18228,18228,2,0
2021-12-30 16:42:23,18229,18229,18229,28,28
2021-12-30 16:42:35,18229,18229,18229,2,0
2021-12-30 16:42:43,18229,18229,18229,2,0
2021-12-30 16:42:52,18230,18230,18230,4,4
2021-12-30 16:42:53,18230,18230,18230,2,0
2021-12-30 16:42:53,18230,18230,18230,2,0
2021-12-30 16:42:53,18230,18230,18230,2,0
2021-12-30 16:42:53,18230,18230,18230,2,0
2021-12-30 16:42:55,18231,18231,18231,2,2
2021-12-30 16:42:59,18231,18231,18231,2,0
2021-12-30 16:43:02,18231,18231,18231,12,0
2021-12-30 16:43:02,18232,18232,18232,8,8
2021-12-30 16:43:02,18232,18232,18232,14,0
2021-12-30 16:43:25,18232,18232,18232,2,0
2021-12-30 16:43:26,18233,18233,18233,2,2
2021-12-30 16:43:32,18233,18233,18233,2,0
2021-12-30 16:44:03,18233,18233,18233,2,0
2021-12-30 16:44:22,18233,18233,18233,4,0
2021-12-30 16:44:27,18233,18233,18233,2,0
2021-12-30 16:44:28,18233,18233,18233,4,0
2021-12-30 16:44:31,18233,18233,18233,2,0
2021-12-30 16:44:46,18233,18233,18233,2,0
2021-12-30 16:44:49,18233,18233,18233,2,0
2021-12-30 16:45:02,18233,18233,18233,2,0
2021-12-30 16:45:03,18234,18234,18234,8,8
2021-12-30 16:45:03,18235,18235,18235,2,2
2021-12-30 16:45:11,18233,18233,18233,4,-4
2021-12-30 16:45:14,18232,18232,18232,8,-8
2021-12-30 16:45:14,18232,18232,18232,10,0
2021-12-30 16:45:14,18232,18232,18232,2,0
2021-12-30 16:45:14,18232,18232,18232,2,0
2021-12-30 16:45:14,18232,18232,18232,2,0
2021-12-30 16:45:23,18231,18231,18231,2,-2
2021-12-30 16:45:25,18231,18231,18231,2,0
2021-12-30 16:45:29,18231,18231,18231,4,0
2021-12-30 16:45:32,18231,18231,18231,2,0
2021-12-30 16:45:32,18231,18231,18231,2,0
2021-12-30 16:45:37,18230,18230,18230,2,-2
2021-12-30 16:46:00,18231,18231,18231,2,2
2021-12-30 16:46:00,18231,18231,18231,2,0
2021-12-30 16:46:00,18231,18231,18231,2,0
2021-12-30 16:46:00,18231,18231,18231,2,0
2021-12-30 16:46:00,18231,18231,18231,2,0
2021-12-30 16:46:03,18231,18231,18231,2,0
2021-12-30 16:46:03,18231,18231,18231,2,0
2021-12-30 16:46:03,18230,18230,18230,6,-6
2021-12-30 16:46:19,18231,18231,18231,4,4
2021-12-30 16:46:26,18232,18232,18232,2,2
2021-12-30 16:47:27,18232,18232,18232,2,0
2021-12-30 16:47:32,18232,18232,18232,2,0
2021-12-30 16:47:56,18233,18233,18233,2,2
2021-12-30 16:47:56,18233,18233,18233,2,0
2021-12-30 16:47:56,18233,18233,18233,2,0
2021-12-30 16:47:56,18233,18233,18233,2,0
2021-12-30 16:47:56,18233,18233,18233,2,0
2021-12-30 16:48:07,18233,18233,18233,2,0
2021-12-30 16:48:07,18233,18233,18233,4,0
2021-12-30 16:48:07,18233,18233,18233,2,0
2021-12-30 16:48:07,18233,18233,18233,2,0
2021-12-30 16:48:07,18233,18233,18233,2,0
2021-12-30 16:48:07,18232,18232,18232,6,-6
2021-12-30 16:48:07,18232,18232,18232,2,0
2021-12-30 16:48:07,18232,18232,18232,2,0
2021-12-30 16:48:07,18232,18232,18232,2,0
2021-12-30 16:48:07,18232,18232,18232,2,0
2021-12-30 16:48:07,18232,18232,18232,2,0
2021-12-30 16:48:07,18232,18232,18232,2,0
2021-12-30 16:48:07,18232,18232,18232,2,0
2021-12-30 16:48:07,18232,18232,18232,2,0
2021-12-30 16:48:07,18232,18232,18232,2,0
2021-12-30 16:48:07,18232,18232,18232,2,0
2021-12-30 16:48:07,18232,18232,18232,2,0
2021-12-30 16:48:07,18232,18232,18232,2,0
2021-12-30 16:48:07,18232,18232,18232,2,0
2021-12-30 16:48:07,18231,18231,18231,2,-2
2021-12-30 16:48:07,18231,18231,18231,2,0
2021-12-30 16:48:07,18231,18231,18231,2,0
2021-12-30 16:48:07,18233,18233,18233,8,8
2021-12-30 16:48:47,18233,18233,18233,2,0
2021-12-30 16:48:52,18233,18233,18233,4,0
2021-12-30 16:49:00,18233,18233,18233,2,0
2021-12-30 16:49:27,18233,18233,18233,10,0
2021-12-30 16:49:27,18233,18233,18233,2,0
2021-12-30 16:50:20,18234,18234,18234,2,2
2021-12-30 16:50:21,18234,18234,18234,4,0
2021-12-30 16:50:21,18234,18234,18234,4,0
2021-12-30 16:50:21,18233,18233,18233,2,-2
2021-12-30 16:50:21,18232,18232,18232,2,-2
2021-12-30 16:50:39,18233,18233,18233,2,2
2021-12-30 16:50:51,18233,18233,18233,4,0
2021-12-30 16:50:51,18233,18233,18233,2,0
2021-12-30 16:50:51,18233,18233,18233,2,0
2021-12-30 16:51:06,18232,18232,18232,2,-2
2021-12-30 16:51:06,18232,18232,18232,2,0
2021-12-30 16:52:21,18233,18233,18233,4,4
2021-12-30 16:52:22,18232,18232,18232,2,-2
2021-12-30 16:52:34,18232,18232,18232,2,0
2021-12-30 16:53:09,18232,18232,18232,4,0
2021-12-30 16:53:09,18232,18232,18232,2,0
2021-12-30 16:53:09,18232,18232,18232,10,0
2021-12-30 16:53:09,18232,18232,18232,2,0
2021-12-30 16:53:09,18232,18232,18232,2,0
2021-12-30 16:53:11,18232,18232,18232,4,0
2021-12-30 16:53:13,18233,18233,18233,22,22
2021-12-30 16:53:29,18234,18234,18234,2,2
2021-12-30 16:54:01,18234,18234,18234,14,0
2021-12-30 16:54:01,18234,18234,18234,4,0
2021-12-30 16:54:01,18234,18234,18234,2,0
2021-12-30 16:54:13,18234,18234,18234,2,0
2021-12-30 16:54:14,18234,18234,18234,2,0
2021-12-30 16:54:28,18234,18234,18234,8,0
2021-12-30 16:54:28,18234,18234,18234,6,0
2021-12-30 16:54:38,18234,18234,18234,2,0
2021-12-30 16:55:15,18233,18233,18233,2,-2
2021-12-30 16:55:28,18234,18234,18234,14,14
2021-12-30 16:55:28,18235,18235,18235,2,2
2021-12-30 16:55:39,18235,18235,18235,2,0
2021-12-30 16:55:41,18235,18235,18235,2,0
2021-12-30 16:55:56,18235,18235,18235,2,0
2021-12-30 16:57:24,18234,18234,18234,2,-2
2021-12-30 16:58:20,18234,18234,18234,2,0
2021-12-30 16:58:25,18234,18234,18234,2,0
2021-12-30 16:58:29,18234,18234,18234,2,0
2021-12-30 16:59:32,18234,18234,18234,2,0
2021-12-30 16:59:32,18234,18234,18234,2,0
2021-12-30 17:00:06,18234,18234,18234,2,0
2021-12-30 17:00:07,18235,18235,18235,4,4
2021-12-30 17:00:07,18235,18235,18235,2,0
2021-12-30 17:00:07,18235,18235,18235,2,0
2021-12-30 17:00:12,18233,18233,18233,2,-2
2021-12-30 17:00:18,18233,18233,18233,2,0
2021-12-30 17:00:24,18233,18233,18233,2,0
2021-12-30 17:00:24,18234,18234,18234,2,2
2021-12-30 17:00:24,18234,18234,18234,2,0
2021-12-30 17:00:24,18233,18233,18233,2,-2
2021-12-30 17:00:41,18233,18233,18233,2,0
2021-12-30 17:00:49,18232,18232,18232,10,-10
2021-12-30 17:00:49,18232,18232,18232,8,0
2021-12-30 17:00:49,18232,18232,18232,2,0
2021-12-30 17:00:49,18232,18232,18232,2,0
2021-12-30 17:00:49,18232,18232,18232,2,0
2021-12-30 17:00:56,18233,18233,18233,2,2
2021-12-30 17:01:25,18232,18232,18232,2,-2
2021-12-30 17:01:41,18232,18232,18232,2,0
2021-12-30 17:01:45,18233,18233,18233,2,2
2021-12-30 17:02:11,18232,18232,18232,2,-2
2021-12-30 17:02:12,18232,18232,18232,2,0
2021-12-30 17:02:28,18231,18231,18231,2,-2
2021-12-30 17:02:40,18231,18231,18231,2,0
2021-12-30 17:03:02,18232,18232,18232,2,2
2021-12-30 17:03:10,18232,18232,18232,2,0
2021-12-30 17:03:12,18233,18233,18233,10,10
2021-12-30 17:03:12,18233,18233,18233,2,0
2021-12-30 17:03:13,18234,18234,18234,2,2
2021-12-30 17:03:13,18235,18235,18235,2,2
2021-12-30 17:03:13,18235,18235,18235,2,0
2021-12-30 17:03:13,18235,18235,18235,2,0
2021-12-30 17:03:13,18234,18234,18234,2,-2
2021-12-30 17:03:15,18233,18233,18233,2,-2
2021-12-30 17:03:15,18233,18233,18233,2,0
2021-12-30 17:03:15,18233,18233,18233,2,0
2021-12-30 17:03:34,18233,18233,18233,2,0
2021-12-30 17:04:00,18234,18234,18234,6,6
2021-12-30 17:04:00,18234,18234,18234,2,0
2021-12-30 17:04:00,18234,18234,18234,30,0
2021-12-30 17:04:00,18234,18234,18234,2,0
2021-12-30 17:04:00,18233,18233,18233,2,-2
2021-12-30 17:04:06,18234,18234,18234,4,4
2021-12-30 17:04:07,18234,18234,18234,4,0
2021-12-30 17:04:37,18234,18234,18234,34,0
2021-12-30 17:04:37,18235,18235,18235,12,12
2021-12-30 17:05:04,18235,18235,18235,6,0
2021-12-30 17:05:15,18235,18235,18235,2,0
2021-12-30 17:05:23,18235,18235,18235,2,0
2021-12-30 17:05:24,18234,18234,18234,2,-2
2021-12-30 17:05:25,18235,18235,18235,2,2
2021-12-30 17:05:28,18235,18235,18235,2,0
2021-12-30 17:05:35,18235,18235,18235,2,0
2021-12-30 17:05:36,18234,18234,18234,2,-2
2021-12-30 17:05:36,18234,18234,18234,4,0
2021-12-30 17:05:46,18234,18234,18234,2,0
2021-12-30 17:06:02,18234,18234,18234,6,0
2021-12-30 17:06:02,18235,18235,18235,24,24
2021-12-30 17:07:05,18235,18235,18235,2,0
2021-12-30 17:07:05,18235,18235,18235,2,0
2021-12-30 17:07:05,18235,18235,18235,2,0
2021-12-30 17:07:08,18234,18234,18234,2,-2
2021-12-30 17:07:09,18235,18235,18235,2,2
2021-12-30 17:07:09,18235,18235,18235,2,0
2021-12-30 17:07:09,18235,18235,18235,10,0
2021-12-30 17:07:09,18235,18235,18235,2,0
2021-12-30 17:07:09,18235,18235,18235,2,0
2021-12-30 17:07:15,18235,18235,18235,2,0
2021-12-30 17:07:28,18235,18235,18235,2,0
2021-12-30 17:07:57,18235,18235,18235,2,0
2021-12-30 17:07:57,18235,18235,18235,2,0
2021-12-30 17:08:04,18235,18235,18235,2,0
2021-12-30 17:08:04,18235,18235,18235,2,0
2021-12-30 17:08:05,18235,18235,18235,4,0
2021-12-30 17:08:05,18235,18235,18235,2,0
2021-12-30 17:08:12,18235,18235,18235,26,0
2021-12-30 17:08:20,18236,18236,18236,8,8
2021-12-30 17:08:20,18236,18236,18236,4,0
2021-12-30 17:08:20,18237,18237,18237,2,2
2021-12-30 17:08:20,18237,18237,18237,2,0
2021-12-30 17:08:20,18237,18237,18237,2,0
2021-12-30 17:08:20,18237,18237,18237,2,0
2021-12-30 17:08:20,18237,18237,18237,4,0
2021-12-30 17:08:20,18237,18237,18237,2,0
2021-12-30 17:08:20,18237,18237,18237,2,0
2021-12-30 17:08:21,18237,18237,18237,2,0
2021-12-30 17:08:21,18237,18237,18237,2,0
2021-12-30 17:08:29,18237,18237,18237,2,0
2021-12-30 17:08:36,18237,18237,18237,14,0
2021-12-30 17:08:36,18238,18238,18238,2,2
2021-12-30 17:08:47,18238,18238,18238,20,0
2021-12-30 17:08:48,18238,18238,18238,4,0
2021-12-30 17:08:59,18238,18238,18238,4,0
2021-12-30 17:09:06,18237,18237,18237,6,-6
2021-12-30 17:09:07,18237,18237,18237,2,0
2021-12-30 17:09:20,18237,18237,18237,2,0
2021-12-30 17:09:26,18236,18236,18236,2,-2
2021-12-30 17:09:50,18236,18236,18236,2,0
2021-12-30 17:10:18,18236,18236,18236,6,0
2021-12-30 17:10:39,18236,18236,18236,2,0
2021-12-30 17:10:45,18236,18236,18236,2,0
2021-12-30 17:11:02,18236,18236,18236,2,0
2021-12-30 17:11:06,18236,18236,18236,4,0
2021-12-30 17:11:29,18236,18236,18236,2,0
2021-12-30 17:11:29,18237,18237,18237,2,2
2021-12-30 17:11:31,18236,18236,18236,2,-2
2021-12-30 17:11:31,18237,18237,18237,2,2
2021-12-30 17:11:54,18237,18237,18237,14,0
2021-12-30 17:11:57,18237,18237,18237,2,0
2021-12-30 17:12:09,18237,18237,18237,10,0
2021-12-30 17:12:11,18237,18237,18237,10,0
2021-12-30 17:12:13,18237,18237,18237,6,0
2021-12-30 17:12:13,18237,18237,18237,4,0
2021-12-30 17:12:25,18237,18237,18237,6,0
2021-12-30 17:12:25,18237,18237,18237,2,0
2021-12-30 17:12:32,18237,18237,18237,2,0
2021-12-30 17:12:32,18237,18237,18237,2,0
2021-12-30 17:12:40,18237,18237,18237,8,0
2021-12-30 17:12:40,18237,18237,18237,2,0
2021-12-30 17:12:54,18236,18236,18236,2,-2
2021-12-30 17:12:55,18237,18237,18237,10,10
2021-12-30 17:13:11,18236,18236,18236,2,-2
2021-12-30 17:13:11,18236,18236,18236,2,0
2021-12-30 17:13:35,18236,18236,18236,2,0
2021-12-30 17:13:35,18236,18236,18236,2,0
2021-12-30 17:13:46,18236,18236,18236,6,0
2021-12-30 17:13:47,18237,18237,18237,6,6
2021-12-30 17:13:51,18236,18236,18236,4,-4
2021-12-30 17:14:15,18235,18235,18235,2,-2
2021-12-30 17:14:15,18235,18235,18235,8,0
2021-12-30 17:14:15,18235,18235,18235,6,0
2021-12-30 17:14:15,18235,18235,18235,2,0
2021-12-30 17:14:15,18235,18235,18235,2,0
2021-12-30 17:14:17,18235,18235,18235,2,0
2021-12-30 17:14:50,18236,18236,18236,2,2
2021-12-30 17:14:54,18235,18235,18235,2,-2
2021-12-30 17:14:55,18235,18235,18235,2,0
2021-12-30 17:15:01,18235,18235,18235,2,0
2021-12-30 17:15:04,18235,18235,18235,2,0
2021-12-30 17:15:05,18235,18235,18235,2,0
2021-12-30 17:15:07,18235,18235,18235,8,0
2021-12-30 17:15:07,18235,18235,18235,4,0
2021-12-30 17:15:45,18235,18235,18235,6,0
2021-12-30 17:15:45,18236,18236,18236,6,6
2021-12-30 17:15:45,18236,18236,18236,2,0
2021-12-30 17:15:45,18236,18236,18236,2,0
2021-12-30 17:15:45,18237,18237,18237,8,8
2021-12-30 17:15:45,18236,18236,18236,4,-4
2021-12-30 17:15:45,18237,18237,18237,4,4
2021-12-30 17:15:46,18237,18237,18237,4,0
2021-12-30 17:15:46,18237,18237,18237,2,0
2021-12-30 17:15:46,18237,18237,18237,4,0
2021-12-30 17:15:46,18237,18237,18237,4,0
2021-12-30 17:15:46,18237,18237,18237,2,0
2021-12-30 17:15:46,18237,18237,18237,2,0
2021-12-30 17:15:46,18237,18237,18237,2,0
2021-12-30 17:15:46,18237,18237,18237,4,0
2021-12-30 17:15:46,18237,18237,18237,2,0
2021-12-30 17:15:46,18237,18237,18237,2,0
2021-12-30 17:15:46,18237,18237,18237,4,0
2021-12-30 17:15:46,18237,18237,18237,2,0
2021-12-30 17:15:46,18237,18237,18237,4,0
2021-12-30 17:16:22,18237,18237,18237,2,0
2021-12-30 17:16:23,18237,18237,18237,2,0
2021-12-30 17:16:30,18237,18237,18237,2,0
2021-12-30 17:16:30,18237,18237,18237,2,0
2021-12-30 17:16:30,18237,18237,18237,2,0
2021-12-30 17:16:30,18237,18237,18237,2,0
2021-12-30 17:17:11,18237,18237,18237,6,0
2021-12-30 17:17:16,18237,18237,18237,22,0
2021-12-30 17:17:16,18237,18237,18237,2,0
2021-12-30 17:17:16,18237,18237,18237,10,0
2021-12-30 17:17:18,18238,18238,18238,2,2
2021-12-30 17:17:18,18238,18238,18238,16,0
2021-12-30 17:17:19,18237,18237,18237,2,-2
2021-12-30 17:17:31,18238,18238,18238,10,10
2021-12-30 17:17:39,18238,18238,18238,2,0
2021-12-30 17:17:48,18237,18237,18237,4,-4
2021-12-30 17:17:48,18237,18237,18237,2,0
2021-12-30 17:17:49,18237,18237,18237,2,0
2021-12-30 17:18:05,18237,18237,18237,2,0
2021-12-30 17:18:05,18236,18236,18236,2,-2
2021-12-30 17:18:05,18236,18236,18236,2,0
2021-12-30 17:18:05,18236,18236,18236,4,0
2021-12-30 17:18:05,18236,18236,18236,2,0
2021-12-30 17:18:06,18235,18235,18235,2,-2
2021-12-30 17:18:21,18235,18235,18235,2,0
2021-12-30 17:18:29,18236,18236,18236,2,2
2021-12-30 17:18:29,18236,18236,18236,2,0
2021-12-30 17:18:51,18237,18237,18237,2,2
2021-12-30 17:18:54,18236,18236,18236,4,-4
2021-12-30 17:18:59,18236,18236,18236,2,0
2021-12-30 17:19:10,18237,18237,18237,2,2
2021-12-30 17:19:20,18237,18237,18237,2,0
2021-12-30 17:19:25,18237,18237,18237,2,0
2021-12-30 17:19:28,18237,18237,18237,10,0
2021-12-30 17:19:28,18237,18237,18237,2,0
2021-12-30 17:19:29,18236,18236,18236,4,-4
2021-12-30 17:19:29,18236,18236,18236,2,0
2021-12-30 17:19:29,18236,18236,18236,2,0
2021-12-30 17:19:29,18236,18236,18236,2,0
2021-12-30 17:19:30,18237,18237,18237,2,2
2021-12-30 17:19:32,18237,18237,18237,2,0
2021-12-30 17:19:36,18237,18237,18237,10,0
2021-12-30 17:19:39,18237,18237,18237,2,0
2021-12-30 17:19:41,18237,18237,18237,10,0
2021-12-30 17:19:49,18237,18237,18237,2,0
2021-12-30 17:19:55,18237,18237,18237,4,0
2021-12-30 17:19:58,18238,18238,18238,2,2
2021-12-30 17:20:01,18237,18237,18237,6,-6
2021-12-30 17:20:01,18237,18237,18237,4,0
2021-12-30 17:20:01,18236,18236,18236,2,-2
2021-12-30 17:20:04,18237,18237,18237,2,2
2021-12-30 17:20:04,18237,18237,18237,2,0
2021-12-30 17:20:26,18237,18237,18237,10,0
2021-12-30 17:20:29,18237,18237,18237,4,0
2021-12-30 17:20:33,18237,18237,18237,2,0
2021-12-30 17:20:35,18237,18237,18237,2,0
2021-12-30 17:20:35,18236,18236,18236,10,-10
2021-12-30 17:20:35,18236,18236,18236,2,0
2021-12-30 17:21:25,18237,18237,18237,4,4
2021-12-30 17:21:49,18237,18237,18237,10,0
2021-12-30 17:23:12,18237,18237,18237,4,0
2021-12-30 17:23:12,18237,18237,18237,2,0
2021-12-30 17:23:12,18237,18237,18237,4,0
2021-12-30 17:23:12,18237,18237,18237,20,0
2021-12-30 17:23:12,18238,18238,18238,2,2
2021-12-30 17:23:12,18238,18238,18238,2,0
2021-12-30 17:23:12,18238,18238,18238,2,0
2021-12-30 17:23:12,18238,18238,18238,2,0
2021-12-30 17:23:12,18238,18238,18238,2,0
2021-12-30 17:23:12,18238,18238,18238,6,0
2021-12-30 17:23:12,18238,18238,18238,2,0
2021-12-30 17:23:12,18238,18238,18238,2,0
2021-12-30 17:23:12,18238,18238,18238,2,0
2021-12-30 17:23:14,18239,18239,18239,2,2
2021-12-30 17:23:14,18239,18239,18239,4,0
2021-12-30 17:23:14,18239,18239,18239,2,0
2021-12-30 17:23:15,18239,18239,18239,2,0
2021-12-30 17:23:16,18239,18239,18239,2,0
2021-12-30 17:23:17,18239,18239,18239,2,0
2021-12-30 17:23:20,18238,18238,18238,2,-2
2021-12-30 17:23:20,18238,18238,18238,2,0
2021-12-30 17:23:20,18237,18237,18237,2,-2
2021-12-30 17:23:20,18237,18237,18237,2,0
2021-12-30 17:23:22,18238,18238,18238,2,2
2021-12-30 17:23:23,18238,18238,18238,2,0
2021-12-30 17:23:25,18238,18238,18238,2,0
2021-12-30 17:23:25,18238,18238,18238,2,0
2021-12-30 17:23:25,18238,18238,18238,2,0
2021-12-30 17:23:28,18238,18238,18238,2,0
2021-12-30 17:23:30,18239,18239,18239,4,4
2021-12-30 17:23:34,18238,18238,18238,2,-2
2021-12-30 17:23:50,18238,18238,18238,4,0
2021-12-30 17:23:50,18238,18238,18238,2,0
2021-12-30 17:23:50,18238,18238,18238,2,0
2021-12-30 17:23:50,18238,18238,18238,20,0
2021-12-30 17:23:50,18238,18238,18238,4,0
2021-12-30 17:24:07,18238,18238,18238,2,0
2021-12-30 17:24:08,18238,18238,18238,2,0
2021-12-30 17:24:19,18237,18237,18237,2,-2
2021-12-30 17:24:47,18237,18237,18237,2,0
2021-12-30 17:24:55,18238,18238,18238,2,2
2021-12-30 17:25:30,18237,18237,18237,4,-4
2021-12-30 17:25:30,18237,18237,18237,4,0
2021-12-30 17:25:30,18237,18237,18237,2,0
2021-12-30 17:25:35,18237,18237,18237,2,0
2021-12-30 17:25:41,18238,18238,18238,2,2
2021-12-30 17:26:03,18237,18237,18237,2,-2
2021-12-30 17:26:29,18237,18237,18237,2,0
2021-12-30 17:26:49,18238,18238,18238,2,2
2021-12-30 17:26:56,18237,18237,18237,2,-2
2021-12-30 17:26:56,18237,18237,18237,6,0
2021-12-30 17:26:56,18237,18237,18237,10,0
2021-12-30 17:27:04,18238,18238,18238,2,2
2021-12-30 17:27:21,18237,18237,18237,2,-2
2021-12-30 17:27:24,18237,18237,18237,2,0
2021-12-30 17:28:12,18238,18238,18238,10,10
2021-12-30 17:28:12,18238,18238,18238,10,0
2021-12-30 17:28:59,18238,18238,18238,2,0
2021-12-30 17:29:13,18238,18238,18238,10,0
2021-12-30 17:29:23,18239,18239,18239,2,2
2021-12-30 17:29:23,18239,18239,18239,2,0
2021-12-30 17:29:46,18238,18238,18238,2,-2
2021-12-30 17:30:20,18238,18238,18238,2,0
2021-12-30 17:30:20,18238,18238,18238,4,0
2021-12-30 17:30:20,18239,18239,18239,2,2
2021-12-30 17:30:21,18239,18239,18239,4,0
2021-12-30 17:30:21,18239,18239,18239,2,0
2021-12-30 17:30:29,18238,18238,18238,2,-2
2021-12-30 17:30:52,18238,18238,18238,2,0
2021-12-30 17:30:52,18237,18237,18237,2,-2
2021-12-30 17:31:05,18239,18239,18239,10,10
2021-12-30 17:31:23,18239,18239,18239,4,0
2021-12-30 17:31:26,18239,18239,18239,2,0
2021-12-30 17:31:27,18239,18239,18239,10,0
2021-12-30 17:31:29,18239,18239,18239,6,0
2021-12-30 17:31:33,18239,18239,18239,6,0
2021-12-30 17:31:46,18239,18239,18239,2,0
2021-12-30 17:31:52,18239,18239,18239,2,0
2021-12-30 17:31:52,18238,18238,18238,2,-2
2021-12-30 17:31:58,18239,18239,18239,2,2
2021-12-30 17:32:23,18239,18239,18239,2,0
2021-12-30 17:33:00,18240,18240,18240,2,2
2021-12-30 17:33:00,18240,18240,18240,2,0
2021-12-30 17:33:00,18240,18240,18240,2,0
2021-12-30 17:33:00,18240,18240,18240,10,0
2021-12-30 17:33:00,18240,18240,18240,10,0
2021-12-30 17:33:00,18240,18240,18240,2,0
2021-12-30 17:33:00,18240,18240,18240,2,0
2021-12-30 17:33:00,18240,18240,18240,6,0
2021-12-30 17:33:00,18240,18240,18240,2,0
2021-12-30 17:33:00,18240,18240,18240,2,0
2021-12-30 17:33:00,18240,18240,18240,2,0
2021-12-30 17:33:00,18240,18240,18240,2,0
2021-12-30 17:33:00,18240,18240,18240,2,0
2021-12-30 17:33:00,18240,18240,18240,4,0
2021-12-30 17:33:00,18240,18240,18240,2,0
2021-12-30 17:33:01,18240,18240,18240,2,0
2021-12-30 17:33:01,18240,18240,18240,2,0
2021-12-30 17:33:01,18240,18240,18240,2,0
2021-12-30 17:33:01,18240,18240,18240,2,0
2021-12-30 17:33:02,18240,18240,18240,2,0
2021-12-30 17:33:02,18240,18240,18240,2,0
2021-12-30 17:33:04,18239,18239,18239,2,-2
2021-12-30 17:33:07,18239,18239,18239,2,0
2021-12-30 17:33:07,18239,18239,18239,2,0
2021-12-30 17:33:07,18239,18239,18239,2,0
2021-12-30 17:33:11,18240,18240,18240,2,2
2021-12-30 17:33:11,18240,18240,18240,2,0
2021-12-30 17:33:11,18240,18240,18240,4,0
2021-12-30 17:33:11,18240,18240,18240,2,0
2021-12-30 17:33:11,18240,18240,18240,2,0
2021-12-30 17:33:11,18240,18240,18240,6,0
2021-12-30 17:33:21,18240,18240,18240,2,0
2021-12-30 17:33:23,18240,18240,18240,10,0
2021-12-30 17:33:23,18240,18240,18240,2,0
2021-12-30 17:33:24,18240,18240,18240,2,0
2021-12-30 17:33:26,18240,18240,18240,4,0
2021-12-30 17:33:28,18241,18241,18241,4,4
2021-12-30 17:33:28,18241,18241,18241,2,0
2021-12-30 17:33:28,18241,18241,18241,6,0
2021-12-30 17:33:29,18241,18241,18241,2,0
2021-12-30 17:33:29,18241,18241,18241,4,0
2021-12-30 17:33:30,18241,18241,18241,4,0
2021-12-30 17:33:30,18241,18241,18241,4,0
2021-12-30 17:33:30,18241,18241,18241,2,0
2021-12-30 17:33:31,18241,18241,18241,2,0
2021-12-30 17:33:33,18241,18241,18241,2,0
2021-12-30 17:33:33,18241,18241,18241,2,0
2021-12-30 17:33:35,18241,18241,18241,4,0
2021-12-30 17:33:37,18241,18241,18241,2,0
2021-12-30 17:33:37,18242,18242,18242,14,14
2021-12-30 17:33:37,18242,18242,18242,50,0
2021-12-30 17:33:37,18241,18241,18241,2,-2
2021-12-30 17:33:38,18242,18242,18242,2,2
2021-12-30 17:33:38,18242,18242,18242,8,0
2021-12-30 17:33:40,18241,18241,18241,2,-2
2021-12-30 17:33:41,18241,18241,18241,2,0
2021-12-30 17:33:41,18240,18240,18240,2,-2
2021-12-30 17:33:42,18241,18241,18241,2,2
2021-12-30 17:33:42,18242,18242,18242,2,2
2021-12-30 17:33:48,18242,18242,18242,2,0
2021-12-30 17:33:51,18242,18242,18242,2,0
2021-12-30 17:33:53,18242,18242,18242,2,0
2021-12-30 17:33:55,18241,18241,18241,2,-2
2021-12-30 17:33:55,18241,18241,18241,2,0
2021-12-30 17:33:55,18242,18242,18242,38,38
2021-12-30 17:33:56,18242,18242,18242,10,0
2021-12-30 17:33:58,18242,18242,18242,2,0
2021-12-30 17:34:05,18242,18242,18242,2,0
2021-12-30 17:34:05,18242,18242,18242,2,0
2021-12-30 17:34:05,18242,18242,18242,2,0
2021-12-30 17:34:05,18242,18242,18242,4,0
2021-12-30 17:34:05,18243,18243,18243,4,4
2021-12-30 17:34:05,18243,18243,18243,8,0
2021-12-30 17:34:05,18243,18243,18243,8,0
2021-12-30 17:34:05,18243,18243,18243,2,0
2021-12-30 17:34:05,18243,18243,18243,8,0
2021-12-30 17:34:05,18243,18243,18243,2,0
2021-12-30 17:34:05,18243,18243,18243,2,0
2021-12-30 17:34:06,18243,18243,18243,2,0
2021-12-30 17:34:06,18243,18243,18243,2,0
2021-12-30 17:34:06,18243,18243,18243,2,0
2021-12-30 17:34:06,18243,18243,18243,2,0
2021-12-30 17:34:06,18243,18243,18243,2,0
2021-12-30 17:34:06,18243,18243,18243,2,0
2021-12-30 17:34:28,18242,18242,18242,2,-2
2021-12-30 17:34:28,18243,18243,18243,2,2
2021-12-30 17:34:37,18241,18241,18241,4,-4
2021-12-30 17:34:37,18241,18241,18241,2,0
2021-12-30 17:34:37,18242,18242,18242,2,2
2021-12-30 17:34:37,18242,18242,18242,2,0
2021-12-30 17:34:37,18243,18243,18243,2,2
2021-12-30 17:34:37,18242,18242,18242,2,-2
2021-12-30 17:34:53,18242,18242,18242,2,0
2021-12-30 17:34:53,18242,18242,18242,2,0
2021-12-30 17:34:53,18242,18242,18242,2,0
2021-12-30 17:34:55,18242,18242,18242,4,0
2021-12-30 17:35:00,18242,18242,18242,2,0
2021-12-30 17:35:00,18243,18243,18243,2,2
2021-12-30 17:35:01,18243,18243,18243,8,0
2021-12-30 17:35:04,18242,18242,18242,2,-2
2021-12-30 17:35:04,18242,18242,18242,2,0
2021-12-30 17:35:09,18242,18242,18242,2,0
2021-12-30 17:35:11,18243,18243,18243,6,6
2021-12-30 17:35:11,18243,18243,18243,6,0
2021-12-30 17:35:13,18241,18241,18241,18,-18
2021-12-30 17:35:13,18241,18241,18241,2,0
2021-12-30 17:35:25,18242,18242,18242,6,6
2021-12-30 17:35:25,18241,18241,18241,4,-4
2021-12-30 17:35:25,18241,18241,18241,4,0
2021-12-30 17:35:25,18241,18241,18241,4,0
2021-12-30 17:35:25,18241,18241,18241,2,0
2021-12-30 17:35:28,18242,18242,18242,2,2
2021-12-30 17:35:36,18242,18242,18242,2,0
2021-12-30 17:35:36,18242,18242,18242,2,0
2021-12-30 17:35:36,18243,18243,18243,8,8
2021-12-30 17:35:36,18243,18243,18243,2,0
2021-12-30 17:35:37,18241,18241,18241,2,-2
2021-12-30 17:35:37,18241,18241,18241,2,0
2021-12-30 17:35:37,18241,18241,18241,2,0
2021-12-30 17:35:37,18241,18241,18241,2,0
2021-12-30 17:35:37,18241,18241,18241,4,0
2021-12-30 17:35:37,18241,18241,18241,2,0
2021-12-30 17:35:37,18241,18241,18241,2,0
2021-12-30 17:35:37,18241,18241,18241,2,0
2021-12-30 17:35:37,18241,18241,18241,2,0
2021-12-30 17:35:39,18242,18242,18242,2,2
2021-12-30 17:36:04,18241,18241,18241,2,-2
2021-12-30 17:36:12,18240,18240,18240,2,-2
2021-12-30 17:36:12,18240,18240,18240,2,0
2021-12-30 17:36:12,18240,18240,18240,2,0
2021-12-30 17:36:12,18240,18240,18240,6,0
2021-12-30 17:36:12,18240,18240,18240,2,0
2021-12-30 17:36:12,18240,18240,18240,2,0
2021-12-30 17:36:12,18240,18240,18240,2,0
2021-12-30 17:36:12,18240,18240,18240,4,0
2021-12-30 17:36:12,18240,18240,18240,2,0
2021-12-30 17:36:12,18240,18240,18240,6,0
2021-12-30 17:36:14,18241,18241,18241,2,2
2021-12-30 17:36:14,18240,18240,18240,4,-4
2021-12-30 17:36:14,18242,18242,18242,2,2
2021-12-30 17:36:14,18242,18242,18242,2,0
2021-12-30 17:36:23,18242,18242,18242,4,0
2021-12-30 17:36:36,18241,18241,18241,4,-4
2021-12-30 17:36:36,18241,18241,18241,4,0
2021-12-30 17:36:36,18241,18241,18241,2,0
2021-12-30 17:36:36,18242,18242,18242,2,2
2021-12-30 17:36:39,18241,18241,18241,2,-2
2021-12-30 17:36:44,18241,18241,18241,2,0
2021-12-30 17:36:47,18241,18241,18241,2,0
2021-12-30 17:36:54,18241,18241,18241,4,0
2021-12-30 17:36:54,18241,18241,18241,4,0
2021-12-30 17:36:54,18241,18241,18241,4,0
2021-12-30 17:36:54,18241,18241,18241,4,0
2021-12-30 17:36:54,18241,18241,18241,2,0
2021-12-30 17:36:56,18241,18241,18241,4,0
2021-12-30 17:36:58,18241,18241,18241,4,0
2021-12-30 17:37:04,18240,18240,18240,4,-4
2021-12-30 17:37:04,18240,18240,18240,2,0
2021-12-30 17:37:05,18240,18240,18240,4,0
2021-12-30 17:37:29,18240,18240,18240,2,0
2021-12-30 17:37:29,18240,18240,18240,2,0
2021-12-30 17:37:41,18240,18240,18240,8,0
2021-12-30 17:37:42,18240,18240,18240,2,0
2021-12-30 17:37:43,18240,18240,18240,2,0
2021-12-30 17:37:49,18240,18240,18240,2,0
2021-12-30 17:37:54,18240,18240,18240,6,0
2021-12-30 17:37:58,18241,18241,18241,4,4
2021-12-30 17:38:00,18241,18241,18241,4,0
2021-12-30 17:38:07,18241,18241,18241,4,0
2021-12-30 17:38:10,18241,18241,18241,4,0
2021-12-30 17:38:47,18241,18241,18241,2,0
2021-12-30 17:38:53,18241,18241,18241,2,0
2021-12-30 17:38:56,18241,18241,18241,2,0
2021-12-30 17:38:56,18242,18242,18242,2,2
2021-12-30 17:39:09,18242,18242,18242,14,0
2021-12-30 17:39:19,18243,18243,18243,4,4
2021-12-30 17:39:22,18243,18243,18243,2,0
2021-12-30 17:39:23,18243,18243,18243,4,0
2021-12-30 17:39:23,18243,18243,18243,2,0
2021-12-30 17:39:23,18243,18243,18243,22,0
2021-12-30 17:39:33,18243,18243,18243,4,0
2021-12-30 17:39:41,18243,18243,18243,4,0
2021-12-30 17:39:53,18243,18243,18243,2,0
2021-12-30 17:39:53,18243,18243,18243,2,0
2021-12-30 17:39:53,18243,18243,18243,2,0
2021-12-30 17:39:56,18243,18243,18243,4,0
2021-12-30 17:39:58,18243,18243,18243,10,0
2021-12-30 17:40:10,18243,18243,18243,10,0
2021-12-30 17:40:11,18243,18243,18243,2,0
2021-12-30 17:40:11,18243,18243,18243,2,0
2021-12-30 17:40:11,18243,18243,18243,4,0
2021-12-30 17:40:11,18244,18244,18244,2,2
2021-12-30 17:40:11,18244,18244,18244,2,0
2021-12-30 17:40:11,18244,18244,18244,2,0
2021-12-30 17:40:11,18244,18244,18244,2,0
2021-12-30 17:40:16,18243,18243,18243,4,-4
2021-12-30 17:40:18,18243,18243,18243,2,0
2021-12-30 17:40:33,18243,18243,18243,2,0
2021-12-30 17:40:41,18243,18243,18243,2,0
2021-12-30 17:40:44,18243,18243,18243,2,0
2021-12-30 17:40:51,18243,18243,18243,2,0
2021-12-30 17:40:51,18243,18243,18243,2,0
2021-12-30 17:41:07,18243,18243,18243,2,0
2021-12-30 17:41:13,18243,18243,18243,2,0
2021-12-30 17:41:13,18244,18244,18244,2,2
2021-12-30 17:41:14,18244,18244,18244,2,0
2021-12-30 17:41:25,18244,18244,18244,2,0
2021-12-30 17:41:35,18244,18244,18244,2,0
2021-12-30 17:41:46,18244,18244,18244,2,0
2021-12-30 17:41:54,18244,18244,18244,14,0
2021-12-30 17:41:55,18244,18244,18244,4,0
2021-12-30 17:42:00,18244,18244,18244,4,0
2021-12-30 17:42:00,18244,18244,18244,2,0
2021-12-30 17:42:02,18244,18244,18244,2,0
2021-12-30 17:42:02,18244,18244,18244,2,0
2021-12-30 17:42:02,18244,18244,18244,2,0
2021-12-30 17:42:08,18244,18244,18244,2,0
2021-12-30 17:42:08,18244,18244,18244,2,0
2021-12-30 17:42:08,18244,18244,18244,6,0
2021-12-30 17:42:13,18244,18244,18244,2,0
2021-12-30 17:42:14,18244,18244,18244,2,0
2021-12-30 17:42:16,18244,18244,18244,2,0
2021-12-30 17:42:18,18244,18244,18244,2,0
2021-12-30 17:42:23,18244,18244,18244,2,0
2021-12-30 17:42:28,18244,18244,18244,4,0
2021-12-30 17:42:29,18244,18244,18244,2,0
2021-12-30 17:42:37,18244,18244,18244,2,0
2021-12-30 17:42:40,18244,18244,18244,2,0
2021-12-30 17:42:41,18244,18244,18244,2,0
2021-12-30 17:43:17,18244,18244,18244,2,0
2021-12-30 17:43:17,18245,18245,18245,2,2
2021-12-30 17:43:17,18245,18245,18245,2,0
2021-12-30 17:43:17,18245,18245,18245,2,0
2021-12-30 17:43:17,18245,18245,18245,2,0
2021-12-30 17:43:17,18245,18245,18245,2,0
2021-12-30 17:43:18,18245,18245,18245,12,0
2021-12-30 17:43:18,18245,18245,18245,2,0
2021-12-30 17:43:18,18245,18245,18245,2,0
2021-12-30 17:43:18,18245,18245,18245,2,0
2021-12-30 17:43:18,18245,18245,18245,2,0
2021-12-30 17:43:18,18245,18245,18245,2,0
2021-12-30 17:43:18,18245,18245,18245,2,0
2021-12-30 17:43:18,18245,18245,18245,2,0
2021-12-30 17:43:26,18245,18245,18245,2,0
2021-12-30 17:43:27,18245,18245,18245,2,0
2021-12-30 17:43:27,18245,18245,18245,2,0
2021-12-30 17:43:27,18245,18245,18245,2,0
2021-12-30 17:43:27,18245,18245,18245,2,0
2021-12-30 17:43:31,18245,18245,18245,2,0
2021-12-30 17:43:36,18244,18244,18244,2,-2
2021-12-30 17:43:36,18244,18244,18244,2,0
2021-12-30 17:43:36,18244,18244,18244,2,0
2021-12-30 17:43:36,18244,18244,18244,2,0
2021-12-30 17:43:36,18244,18244,18244,2,0
2021-12-30 17:43:36,18244,18244,18244,2,0
2021-12-30 17:43:37,18244,18244,18244,2,0
2021-12-30 17:43:38,18244,18244,18244,2,0
2021-12-30 17:43:38,18244,18244,18244,2,0
2021-12-30 17:43:40,18244,18244,18244,4,0
2021-12-30 17:43:42,18244,18244,18244,2,0
2021-12-30 17:43:44,18244,18244,18244,2,0
2021-12-30 17:43:44,18244,18244,18244,2,0
2021-12-30 17:43:51,18244,18244,18244,2,0
2021-12-30 17:43:51,18243,18243,18243,2,-2
2021-12-30 17:43:51,18243,18243,18243,2,0
2021-12-30 17:43:51,18243,18243,18243,10,0
2021-12-30 17:43:51,18243,18243,18243,4,0
2021-12-30 17:43:51,18243,18243,18243,2,0
2021-12-30 17:43:51,18243,18243,18243,2,0
2021-12-30 17:43:53,18243,18243,18243,2,0
2021-12-30 17:43:53,18242,18242,18242,4,-4
2021-12-30 17:43:53,18243,18243,18243,2,2
2021-12-30 17:43:53,18244,18244,18244,2,2
2021-12-30 17:43:53,18244,18244,18244,2,0
2021-12-30 17:43:58,18244,18244,18244,4,0
2021-12-30 17:44:37,18243,18243,18243,2,-2
2021-12-30 17:44:43,18244,18244,18244,4,4
2021-12-30 17:44:43,18244,18244,18244,4,0
2021-12-30 17:44:51,18244,18244,18244,14,0
2021-12-30 17:45:00,18244,18244,18244,14,0
2021-12-30 17:45:58,18242,18242,18242,8,-8
2021-12-30 17:45:58,18242,18242,18242,2,0
2021-12-30 17:45:58,18242,18242,18242,2,0
2021-12-30 17:45:58,18242,18242,18242,2,0
2021-12-30 17:45:58,18242,18242,18242,2,0
2021-12-30 17:45:58,18242,18242,18242,2,0
2021-12-30 17:46:05,18241,18241,18241,2,-2
2021-12-30 17:46:05,18240,18240,18240,2,-2
2021-12-30 17:46:05,18240,18240,18240,2,0
2021-12-30 17:46:09,18240,18240,18240,6,0
2021-12-30 17:46:28,18240,18240,18240,2,0
2021-12-30 17:46:48,18241,18241,18241,2,2
2021-12-30 17:46:48,18240,18240,18240,2,-2
2021-12-30 17:46:48,18240,18240,18240,2,0
2021-12-30 17:46:53,18241,18241,18241,2,2
2021-12-30 17:46:55,18241,18241,18241,2,0
2021-12-30 17:47:03,18240,18240,18240,4,-4
2021-12-30 17:47:03,18240,18240,18240,2,0
2021-12-30 17:47:07,18241,18241,18241,2,2
2021-12-30 17:47:14,18240,18240,18240,4,-4
