2023-02-14 15:00:00,15665,15665,15665,98,0
2023-02-14 15:00:00,15664,15664,15664,2,-2
2023-02-14 15:00:00,15665,15665,15665,2,2
2023-02-14 15:00:00,15663,15663,15663,2,-2
2023-02-14 15:00:00,15662,15662,15662,2,-2
2023-02-14 15:00:00,15666,15666,15666,10,10
2023-02-14 15:00:00,15666,15666,15666,4,0
2023-02-14 15:00:00,15666,15666,15666,2,0
2023-02-14 15:00:00,15667,15667,15667,2,2
2023-02-14 15:00:00,15667,15667,15667,2,0
2023-02-14 15:00:00,15667,15667,15667,2,0
2023-02-14 15:00:00,15665,15665,15665,4,-4
2023-02-14 15:00:00,15666,15666,15666,4,4
2023-02-14 15:00:01,15662,15662,15662,2,-2
2023-02-14 15:00:01,15662,15662,15662,2,0
2023-02-14 15:00:01,15664,15664,15664,2,2
2023-02-14 15:00:01,15664,15664,15664,4,0
2023-02-14 15:00:01,15664,15664,15664,2,0
2023-02-14 15:00:01,15665,15665,15665,6,6
2023-02-14 15:00:03,15663,15663,15663,2,-2
2023-02-14 15:00:03,15665,15665,15665,6,6
2023-02-14 15:00:03,15666,15666,15666,8,8
2023-02-14 15:00:04,15663,15663,15663,2,-2
2023-02-14 15:00:05,15665,15665,15665,2,2
2023-02-14 15:00:05,15663,15663,15663,2,-2
2023-02-14 15:00:05,15663,15663,15663,2,0
2023-02-14 15:00:05,15662,15662,15662,2,-2
2023-02-14 15:00:05,15662,15662,15662,2,0
2023-02-14 15:00:05,15662,15662,15662,2,0
2023-02-14 15:00:05,15662,15662,15662,2,0
2023-02-14 15:00:05,15662,15662,15662,2,0
2023-02-14 15:00:05,15662,15662,15662,6,0
2023-02-14 15:00:05,15662,15662,15662,2,0
2023-02-14 15:00:05,15662,15662,15662,2,0
2023-02-14 15:00:05,15661,15661,15661,2,-2
2023-02-14 15:00:05,15661,15661,15661,2,0
2023-02-14 15:00:05,15661,15661,15661,2,0
2023-02-14 15:00:05,15661,15661,15661,6,0
2023-02-14 15:00:05,15661,15661,15661,2,0
2023-02-14 15:00:05,15661,15661,15661,2,0
2023-02-14 15:00:05,15661,15661,15661,2,0
2023-02-14 15:00:05,15661,15661,15661,6,0
2023-02-14 15:00:05,15661,15661,15661,2,0
2023-02-14 15:00:06,15663,15663,15663,2,2
2023-02-14 15:00:09,15665,15665,15665,2,2
2023-02-14 15:00:09,15665,15665,15665,2,0
2023-02-14 15:00:10,15665,15665,15665,2,0
2023-02-14 15:00:13,15665,15665,15665,2,0
2023-02-14 15:00:13,15665,15665,15665,2,0
2023-02-14 15:00:13,15665,15665,15665,2,0
2023-02-14 15:00:14,15665,15665,15665,2,0
2023-02-14 15:00:16,15665,15665,15665,2,0
2023-02-14 15:00:16,15665,15665,15665,4,0
2023-02-14 15:00:16,15665,15665,15665,2,0
2023-02-14 15:00:16,15664,15664,15664,4,-4
2023-02-14 15:00:16,15664,15664,15664,2,0
2023-02-14 15:00:16,15664,15664,15664,2,0
2023-02-14 15:00:16,15664,15664,15664,2,0
2023-02-14 15:00:16,15664,15664,15664,2,0
2023-02-14 15:00:16,15666,15666,15666,2,2
2023-02-14 15:00:16,15666,15666,15666,4,0
2023-02-14 15:00:16,15666,15666,15666,10,0
2023-02-14 15:00:17,15665,15665,15665,2,-2
2023-02-14 15:00:18,15666,15666,15666,2,2
2023-02-14 15:00:18,15666,15666,15666,4,0
2023-02-14 15:00:18,15666,15666,15666,2,0
2023-02-14 15:00:18,15666,15666,15666,4,0
2023-02-14 15:00:18,15667,15667,15667,8,8
2023-02-14 15:00:19,15667,15667,15667,6,0
2023-02-14 15:00:19,15667,15667,15667,4,0
2023-02-14 15:00:21,15666,15666,15666,2,-2
2023-02-14 15:00:22,15665,15665,15665,4,-4
2023-02-14 15:00:23,15665,15665,15665,2,0
2023-02-14 15:00:23,15665,15665,15665,2,0
2023-02-14 15:00:23,15665,15665,15665,2,0
2023-02-14 15:00:24,15666,15666,15666,2,2
2023-02-14 15:00:26,15665,15665,15665,6,-6
2023-02-14 15:00:26,15665,15665,15665,2,0
2023-02-14 15:00:27,15665,15665,15665,2,0
2023-02-14 15:00:28,15665,15665,15665,2,0
2023-02-14 15:00:29,15665,15665,15665,4,0
2023-02-14 15:00:31,15665,15665,15665,2,0
2023-02-14 15:00:31,15664,15664,15664,4,-4
2023-02-14 15:00:31,15664,15664,15664,10,0
2023-02-14 15:00:31,15664,15664,15664,2,0
2023-02-14 15:00:31,15664,15664,15664,2,0
2023-02-14 15:00:31,15665,15665,15665,4,4
2023-02-14 15:00:31,15665,15665,15665,2,0
2023-02-14 15:00:32,15665,15665,15665,4,0
2023-02-14 15:00:43,15665,15665,15665,2,0
2023-02-14 15:00:49,15665,15665,15665,2,0
2023-02-14 15:00:49,15665,15665,15665,2,0
2023-02-14 15:00:49,15665,15665,15665,2,0
2023-02-14 15:00:51,15665,15665,15665,2,0
2023-02-14 15:00:52,15665,15665,15665,2,0
2023-02-14 15:00:52,15665,15665,15665,2,0
2023-02-14 15:00:54,15665,15665,15665,2,0
2023-02-14 15:00:59,15664,15664,15664,4,-4
2023-02-14 15:00:59,15663,15663,15663,4,-4
2023-02-14 15:00:59,15665,15665,15665,2,2
2023-02-14 15:00:59,15665,15665,15665,2,0
2023-02-14 15:01:00,15665,15665,15665,2,0
2023-02-14 15:01:00,15665,15665,15665,2,0
2023-02-14 15:01:00,15665,15665,15665,2,0
2023-02-14 15:01:00,15665,15665,15665,6,0
2023-02-14 15:01:00,15666,15666,15666,2,2
2023-02-14 15:01:00,15666,15666,15666,2,0
2023-02-14 15:01:00,15666,15666,15666,6,0
2023-02-14 15:01:00,15666,15666,15666,4,0
2023-02-14 15:01:00,15666,15666,15666,4,0
2023-02-14 15:01:00,15666,15666,15666,2,0
2023-02-14 15:01:00,15666,15666,15666,8,0
2023-02-14 15:01:00,15666,15666,15666,2,0
2023-02-14 15:01:00,15666,15666,15666,10,0
2023-02-14 15:01:00,15666,15666,15666,4,0
2023-02-14 15:01:00,15667,15667,15667,6,6
2023-02-14 15:01:00,15667,15667,15667,6,0
2023-02-14 15:01:00,15667,15667,15667,2,0
2023-02-14 15:01:00,15667,15667,15667,4,0
2023-02-14 15:01:00,15668,15668,15668,4,4
2023-02-14 15:01:00,15668,15668,15668,4,0
2023-02-14 15:01:00,15668,15668,15668,6,0
2023-02-14 15:01:00,15668,15668,15668,2,0
2023-02-14 15:01:02,15668,15668,15668,2,0
2023-02-14 15:01:02,15667,15667,15667,2,-2
2023-02-14 15:01:02,15667,15667,15667,2,0
2023-02-14 15:01:02,15667,15667,15667,4,0
2023-02-14 15:01:03,15667,15667,15667,2,0
2023-02-14 15:01:04,15666,15666,15666,2,-2
2023-02-14 15:01:08,15667,15667,15667,2,2
2023-02-14 15:01:09,15666,15666,15666,2,-2
2023-02-14 15:01:12,15667,15667,15667,2,2
2023-02-14 15:01:17,15668,15668,15668,4,4
2023-02-14 15:01:19,15667,15667,15667,2,-2
2023-02-14 15:01:20,15668,15668,15668,4,4
2023-02-14 15:01:22,15669,15669,15669,2,2
2023-02-14 15:01:23,15668,15668,15668,2,-2
2023-02-14 15:01:25,15668,15668,15668,2,0
2023-02-14 15:01:25,15668,15668,15668,2,0
2023-02-14 15:01:25,15668,15668,15668,2,0
2023-02-14 15:01:26,15669,15669,15669,2,2
2023-02-14 15:01:26,15669,15669,15669,8,0
2023-02-14 15:01:28,15668,15668,15668,2,-2
2023-02-14 15:01:28,15668,15668,15668,2,0
2023-02-14 15:01:28,15668,15668,15668,4,0
2023-02-14 15:01:35,15668,15668,15668,2,0
2023-02-14 15:01:35,15668,15668,15668,2,0
2023-02-14 15:01:38,15668,15668,15668,2,0
2023-02-14 15:01:38,15669,15669,15669,2,2
2023-02-14 15:01:39,15669,15669,15669,10,0
2023-02-14 15:01:42,15669,15669,15669,2,0
2023-02-14 15:01:43,15668,15668,15668,2,-2
2023-02-14 15:01:44,15669,15669,15669,4,4
2023-02-14 15:01:47,15668,15668,15668,2,-2
2023-02-14 15:01:47,15669,15669,15669,2,2
2023-02-14 15:01:52,15668,15668,15668,2,-2
2023-02-14 15:01:52,15668,15668,15668,2,0
2023-02-14 15:01:52,15668,15668,15668,2,0
2023-02-14 15:01:52,15669,15669,15669,2,2
2023-02-14 15:01:53,15669,15669,15669,2,0
2023-02-14 15:01:53,15669,15669,15669,4,0
2023-02-14 15:01:53,15669,15669,15669,4,0
2023-02-14 15:01:53,15669,15669,15669,2,0
2023-02-14 15:01:58,15668,15668,15668,2,-2
2023-02-14 15:02:03,15670,15670,15670,2,2
2023-02-14 15:02:04,15669,15669,15669,2,-2
2023-02-14 15:02:04,15669,15669,15669,2,0
2023-02-14 15:02:08,15669,15669,15669,2,0
2023-02-14 15:02:10,15668,15668,15668,2,-2
2023-02-14 15:02:10,15668,15668,15668,2,0
2023-02-14 15:02:11,15669,15669,15669,10,10
2023-02-14 15:02:12,15668,15668,15668,2,-2
2023-02-14 15:02:16,15668,15668,15668,2,0
2023-02-14 15:02:19,15668,15668,15668,2,0
2023-02-14 15:02:22,15669,15669,15669,2,2
2023-02-14 15:02:26,15669,15669,15669,2,0
2023-02-14 15:02:26,15669,15669,15669,2,0
2023-02-14 15:02:26,15669,15669,15669,2,0
2023-02-14 15:02:26,15669,15669,15669,4,0
2023-02-14 15:02:31,15669,15669,15669,2,0
2023-02-14 15:02:32,15669,15669,15669,2,0
2023-02-14 15:02:43,15668,15668,15668,2,-2
2023-02-14 15:02:43,15668,15668,15668,2,0
2023-02-14 15:02:43,15668,15668,15668,2,0
2023-02-14 15:02:43,15668,15668,15668,2,0
2023-02-14 15:02:43,15668,15668,15668,2,0
2023-02-14 15:02:45,15669,15669,15669,4,4
2023-02-14 15:02:52,15669,15669,15669,2,0
2023-02-14 15:02:53,15669,15669,15669,4,0
2023-02-14 15:02:54,15669,15669,15669,4,0
2023-02-14 15:02:54,15669,15669,15669,6,0
2023-02-14 15:02:54,15670,15670,15670,40,40
2023-02-14 15:02:54,15671,15671,15671,2,2
2023-02-14 15:02:54,15671,15671,15671,4,0
2023-02-14 15:02:55,15671,15671,15671,2,0
2023-02-14 15:02:55,15671,15671,15671,2,0
2023-02-14 15:02:55,15672,15672,15672,6,6
2023-02-14 15:02:55,15670,15670,15670,2,-2
2023-02-14 15:02:55,15672,15672,15672,4,4
2023-02-14 15:02:55,15672,15672,15672,2,0
2023-02-14 15:02:55,15672,15672,15672,8,0
2023-02-14 15:02:56,15671,15671,15671,2,-2
2023-02-14 15:02:56,15671,15671,15671,2,0
2023-02-14 15:02:56,15671,15671,15671,2,0
2023-02-14 15:02:59,15671,15671,15671,2,0
2023-02-14 15:02:59,15672,15672,15672,2,2
2023-02-14 15:02:59,15671,15671,15671,2,-2
2023-02-14 15:03:02,15670,15670,15670,2,-2
2023-02-14 15:03:02,15671,15671,15671,2,2
2023-02-14 15:03:04,15672,15672,15672,2,2
2023-02-14 15:03:05,15672,15672,15672,2,0
2023-02-14 15:03:07,15671,15671,15671,2,-2
2023-02-14 15:03:07,15671,15671,15671,2,0
2023-02-14 15:03:07,15671,15671,15671,4,0
2023-02-14 15:03:08,15672,15672,15672,10,10
2023-02-14 15:03:12,15672,15672,15672,2,0
2023-02-14 15:03:13,15671,15671,15671,2,-2
2023-02-14 15:03:13,15671,15671,15671,2,0
2023-02-14 15:03:28,15671,15671,15671,2,0
2023-02-14 15:03:34,15671,15671,15671,2,0
2023-02-14 15:03:36,15672,15672,15672,2,2
2023-02-14 15:03:37,15671,15671,15671,2,-2
2023-02-14 15:03:37,15672,15672,15672,2,2
2023-02-14 15:03:37,15672,15672,15672,2,0
2023-02-14 15:03:37,15672,15672,15672,10,0
2023-02-14 15:03:37,15672,15672,15672,2,0
2023-02-14 15:03:37,15672,15672,15672,2,0
2023-02-14 15:03:37,15672,15672,15672,2,0
2023-02-14 15:03:37,15672,15672,15672,10,0
2023-02-14 15:03:39,15672,15672,15672,2,0
2023-02-14 15:03:41,15673,15673,15673,2,2
2023-02-14 15:03:41,15673,15673,15673,2,0
2023-02-14 15:03:41,15673,15673,15673,58,0
2023-02-14 15:03:41,15673,15673,15673,10,0
2023-02-14 15:03:41,15674,15674,15674,2,2
2023-02-14 15:03:41,15674,15674,15674,2,0
2023-02-14 15:03:41,15674,15674,15674,2,0
2023-02-14 15:03:43,15673,15673,15673,2,-2
2023-02-14 15:03:45,15673,15673,15673,2,0
2023-02-14 15:03:46,15672,15672,15672,2,-2
2023-02-14 15:03:47,15673,15673,15673,4,4
2023-02-14 15:03:48,15674,15674,15674,2,2
2023-02-14 15:03:50,15673,15673,15673,2,-2
2023-02-14 15:03:53,15674,15674,15674,2,2
2023-02-14 15:03:55,15674,15674,15674,2,0
2023-02-14 15:03:55,15675,15675,15675,10,10
2023-02-14 15:03:57,15674,15674,15674,2,-2
2023-02-14 15:03:58,15675,15675,15675,22,22
2023-02-14 15:03:58,15676,15676,15676,2,2
2023-02-14 15:03:58,15676,15676,15676,2,0
2023-02-14 15:03:58,15676,15676,15676,6,0
2023-02-14 15:04:00,15676,15676,15676,2,0
2023-02-14 15:04:00,15676,15676,15676,2,0
2023-02-14 15:04:03,15676,15676,15676,2,0
2023-02-14 15:04:04,15676,15676,15676,2,0
2023-02-14 15:04:04,15676,15676,15676,2,0
2023-02-14 15:04:08,15676,15676,15676,6,0
2023-02-14 15:04:13,15676,15676,15676,4,0
2023-02-14 15:04:13,15675,15675,15675,2,-2
2023-02-14 15:04:13,15675,15675,15675,4,0
2023-02-14 15:04:13,15675,15675,15675,2,0
2023-02-14 15:04:13,15674,15674,15674,2,-2
2023-02-14 15:04:14,15675,15675,15675,2,2
2023-02-14 15:04:14,15675,15675,15675,4,0
2023-02-14 15:04:17,15674,15674,15674,2,-2
2023-02-14 15:04:18,15675,15675,15675,2,2
2023-02-14 15:04:20,15674,15674,15674,2,-2
2023-02-14 15:04:20,15675,15675,15675,24,24
2023-02-14 15:04:20,15676,15676,15676,62,62
2023-02-14 15:04:20,15677,15677,15677,14,14
2023-02-14 15:04:20,15677,15677,15677,2,0
2023-02-14 15:04:20,15677,15677,15677,2,0
2023-02-14 15:04:20,15678,15678,15678,4,4
2023-02-14 15:04:20,15677,15677,15677,2,-2
2023-02-14 15:04:22,15677,15677,15677,2,0
2023-02-14 15:04:22,15675,15675,15675,2,-2
2023-02-14 15:04:23,15675,15675,15675,2,0
2023-02-14 15:04:23,15675,15675,15675,2,0
2023-02-14 15:04:23,15675,15675,15675,2,0
2023-02-14 15:04:25,15675,15675,15675,2,0
2023-02-14 15:04:25,15676,15676,15676,2,2
2023-02-14 15:04:25,15676,15676,15676,2,0
2023-02-14 15:04:25,15676,15676,15676,2,0
2023-02-14 15:04:32,15676,15676,15676,2,0
2023-02-14 15:04:33,15677,15677,15677,2,2
2023-02-14 15:04:35,15676,15676,15676,2,-2
2023-02-14 15:04:35,15676,15676,15676,2,0
2023-02-14 15:04:35,15676,15676,15676,2,0
2023-02-14 15:04:36,15675,15675,15675,2,-2
2023-02-14 15:04:38,15676,15676,15676,4,4
2023-02-14 15:04:38,15676,15676,15676,2,0
2023-02-14 15:04:38,15677,15677,15677,2,2
2023-02-14 15:04:40,15677,15677,15677,2,0
2023-02-14 15:04:40,15675,15675,15675,2,-2
2023-02-14 15:04:42,15676,15676,15676,2,2
2023-02-14 15:04:43,15676,15676,15676,2,0
2023-02-14 15:04:44,15676,15676,15676,2,0
2023-02-14 15:04:49,15677,15677,15677,26,26
2023-02-14 15:04:54,15677,15677,15677,2,0
2023-02-14 15:04:55,15677,15677,15677,2,0
2023-02-14 15:04:59,15677,15677,15677,2,0
2023-02-14 15:05:00,15676,15676,15676,2,-2
2023-02-14 15:05:00,15676,15676,15676,2,0
2023-02-14 15:05:00,15676,15676,15676,2,0
2023-02-14 15:05:00,15676,15676,15676,2,0
2023-02-14 15:05:00,15675,15675,15675,2,-2
2023-02-14 15:05:00,15675,15675,15675,2,0
2023-02-14 15:05:00,15675,15675,15675,2,0
2023-02-14 15:05:00,15675,15675,15675,2,0
2023-02-14 15:05:01,15675,15675,15675,2,0
2023-02-14 15:05:02,15675,15675,15675,2,0
2023-02-14 15:05:04,15675,15675,15675,2,0
2023-02-14 15:05:04,15675,15675,15675,2,0
2023-02-14 15:05:06,15675,15675,15675,2,0
2023-02-14 15:05:06,15675,15675,15675,2,0
2023-02-14 15:05:10,15675,15675,15675,2,0
2023-02-14 15:05:11,15675,15675,15675,2,0
2023-02-14 15:05:11,15675,15675,15675,2,0
2023-02-14 15:05:12,15675,15675,15675,2,0
2023-02-14 15:05:14,15675,15675,15675,6,0
2023-02-14 15:05:14,15675,15675,15675,2,0
2023-02-14 15:05:19,15674,15674,15674,2,-2
2023-02-14 15:05:19,15674,15674,15674,2,0
2023-02-14 15:05:19,15674,15674,15674,2,0
2023-02-14 15:05:19,15674,15674,15674,10,0
2023-02-14 15:05:19,15674,15674,15674,2,0
2023-02-14 15:05:19,15674,15674,15674,4,0
2023-02-14 15:05:19,15674,15674,15674,2,0
2023-02-14 15:05:19,15674,15674,15674,2,0
2023-02-14 15:05:19,15674,15674,15674,2,0
2023-02-14 15:05:19,15673,15673,15673,2,-2
2023-02-14 15:05:19,15673,15673,15673,4,0
2023-02-14 15:05:19,15673,15673,15673,2,0
2023-02-14 15:05:19,15673,15673,15673,2,0
2023-02-14 15:05:20,15672,15672,15672,2,-2
2023-02-14 15:05:20,15672,15672,15672,2,0
2023-02-14 15:05:20,15672,15672,15672,2,0
2023-02-14 15:05:20,15672,15672,15672,2,0
2023-02-14 15:05:21,15671,15671,15671,2,-2
2023-02-14 15:05:21,15671,15671,15671,2,0
2023-02-14 15:05:23,15672,15672,15672,2,2
2023-02-14 15:05:25,15671,15671,15671,2,-2
2023-02-14 15:05:28,15672,15672,15672,4,4
2023-02-14 15:05:30,15672,15672,15672,2,0
2023-02-14 15:05:31,15672,15672,15672,2,0
2023-02-14 15:05:31,15672,15672,15672,2,0
2023-02-14 15:05:34,15671,15671,15671,2,-2
2023-02-14 15:05:41,15671,15671,15671,2,0
2023-02-14 15:05:42,15672,15672,15672,2,2
2023-02-14 15:05:45,15672,15672,15672,2,0
2023-02-14 15:05:45,15672,15672,15672,2,0
2023-02-14 15:05:46,15671,15671,15671,2,-2
2023-02-14 15:05:49,15671,15671,15671,2,0
2023-02-14 15:05:49,15671,15671,15671,2,0
2023-02-14 15:05:49,15671,15671,15671,2,0
2023-02-14 15:05:49,15671,15671,15671,2,0
2023-02-14 15:05:59,15671,15671,15671,2,0
2023-02-14 15:06:00,15672,15672,15672,8,8
2023-02-14 15:06:03,15672,15672,15672,2,0
2023-02-14 15:06:08,15671,15671,15671,4,-4
2023-02-14 15:06:08,15671,15671,15671,16,0
2023-02-14 15:06:09,15670,15670,15670,2,-2
2023-02-14 15:06:09,15670,15670,15670,2,0
2023-02-14 15:06:09,15670,15670,15670,2,0
2023-02-14 15:06:09,15670,15670,15670,2,0
2023-02-14 15:06:09,15670,15670,15670,2,0
2023-02-14 15:06:09,15670,15670,15670,2,0
2023-02-14 15:06:10,15671,15671,15671,4,4
2023-02-14 15:06:11,15669,15669,15669,2,-2
2023-02-14 15:06:23,15670,15670,15670,2,2
2023-02-14 15:06:23,15670,15670,15670,2,0
2023-02-14 15:06:25,15670,15670,15670,2,0
2023-02-14 15:06:27,15670,15670,15670,2,0
2023-02-14 15:06:30,15669,15669,15669,2,-2
2023-02-14 15:06:30,15669,15669,15669,2,0
2023-02-14 15:06:33,15670,15670,15670,14,14
2023-02-14 15:06:33,15671,15671,15671,4,4
2023-02-14 15:06:33,15669,15669,15669,2,-2
2023-02-14 15:06:33,15669,15669,15669,2,0
2023-02-14 15:06:40,15670,15670,15670,2,2
2023-02-14 15:06:46,15670,15670,15670,2,0
2023-02-14 15:06:46,15670,15670,15670,2,0
2023-02-14 15:06:48,15670,15670,15670,2,0
2023-02-14 15:06:50,15669,15669,15669,2,-2
2023-02-14 15:06:50,15669,15669,15669,16,0
2023-02-14 15:06:51,15669,15669,15669,2,0
2023-02-14 15:07:00,15669,15669,15669,2,0
2023-02-14 15:07:05,15668,15668,15668,2,-2
2023-02-14 15:07:05,15668,15668,15668,2,0
2023-02-14 15:07:15,15669,15669,15669,4,4
2023-02-14 15:07:27,15668,15668,15668,4,-4
2023-02-14 15:07:29,15669,15669,15669,2,2
2023-02-14 15:07:30,15669,15669,15669,6,0
2023-02-14 15:07:30,15669,15669,15669,6,0
2023-02-14 15:07:48,15668,15668,15668,4,-4
2023-02-14 15:07:48,15668,15668,15668,2,0
2023-02-14 15:07:48,15668,15668,15668,2,0
2023-02-14 15:07:48,15668,15668,15668,2,0
2023-02-14 15:07:48,15668,15668,15668,2,0
2023-02-14 15:07:48,15668,15668,15668,2,0
2023-02-14 15:07:48,15668,15668,15668,2,0
2023-02-14 15:07:48,15668,15668,15668,2,0
2023-02-14 15:07:48,15668,15668,15668,2,0
2023-02-14 15:07:48,15668,15668,15668,2,0
2023-02-14 15:07:48,15668,15668,15668,2,0
2023-02-14 15:07:48,15667,15667,15667,2,-2
2023-02-14 15:07:48,15667,15667,15667,2,0
2023-02-14 15:07:49,15668,15668,15668,2,2
2023-02-14 15:07:53,15668,15668,15668,2,0
2023-02-14 15:08:00,15667,15667,15667,2,-2
2023-02-14 15:08:01,15667,15667,15667,2,0
2023-02-14 15:08:01,15667,15667,15667,2,0
2023-02-14 15:08:02,15667,15667,15667,2,0
2023-02-14 15:08:03,15667,15667,15667,2,0
2023-02-14 15:08:03,15666,15666,15666,2,-2
2023-02-14 15:08:05,15666,15666,15666,2,0
2023-02-14 15:08:07,15666,15666,15666,2,0
2023-02-14 15:08:10,15666,15666,15666,2,0
2023-02-14 15:08:10,15666,15666,15666,2,0
2023-02-14 15:08:10,15666,15666,15666,2,0
2023-02-14 15:08:10,15666,15666,15666,2,0
2023-02-14 15:08:13,15666,15666,15666,6,0
2023-02-14 15:08:13,15666,15666,15666,2,0
2023-02-14 15:08:13,15666,15666,15666,2,0
2023-02-14 15:08:13,15666,15666,15666,2,0
2023-02-14 15:08:14,15666,15666,15666,2,0
2023-02-14 15:08:15,15667,15667,15667,2,2
2023-02-14 15:08:16,15668,15668,15668,4,4
2023-02-14 15:08:37,15667,15667,15667,2,-2
2023-02-14 15:08:46,15667,15667,15667,2,0
2023-02-14 15:09:01,15666,15666,15666,2,-2
2023-02-14 15:09:01,15666,15666,15666,6,0
2023-02-14 15:09:01,15666,15666,15666,4,0
2023-02-14 15:09:01,15666,15666,15666,2,0
2023-02-14 15:09:01,15666,15666,15666,2,0
2023-02-14 15:09:01,15666,15666,15666,6,0
2023-02-14 15:09:01,15666,15666,15666,2,0
2023-02-14 15:09:01,15666,15666,15666,2,0
2023-02-14 15:09:01,15666,15666,15666,2,0
2023-02-14 15:09:01,15666,15666,15666,2,0
2023-02-14 15:09:03,15665,15665,15665,2,-2
2023-02-14 15:09:03,15665,15665,15665,2,0
2023-02-14 15:09:03,15665,15665,15665,2,0
2023-02-14 15:09:05,15665,15665,15665,2,0
2023-02-14 15:09:05,15665,15665,15665,2,0
2023-02-14 15:09:05,15665,15665,15665,2,0
2023-02-14 15:09:05,15665,15665,15665,2,0
2023-02-14 15:09:05,15665,15665,15665,2,0
2023-02-14 15:09:05,15665,15665,15665,2,0
2023-02-14 15:09:05,15665,15665,15665,2,0
2023-02-14 15:09:05,15665,15665,15665,2,0
2023-02-14 15:09:05,15665,15665,15665,2,0
2023-02-14 15:09:06,15664,15664,15664,2,-2
2023-02-14 15:09:08,15664,15664,15664,2,0
2023-02-14 15:09:12,15664,15664,15664,2,0
2023-02-14 15:09:23,15664,15664,15664,4,0
2023-02-14 15:09:23,15664,15664,15664,4,0
2023-02-14 15:09:25,15664,15664,15664,2,0
2023-02-14 15:09:33,15666,15666,15666,2,2
2023-02-14 15:09:46,15666,15666,15666,2,0
2023-02-14 15:09:47,15665,15665,15665,2,-2
2023-02-14 15:09:47,15666,15666,15666,2,2
2023-02-14 15:09:54,15666,15666,15666,10,0
2023-02-14 15:10:03,15666,15666,15666,2,0
2023-02-14 15:10:03,15666,15666,15666,2,0
2023-02-14 15:10:03,15666,15666,15666,4,0
2023-02-14 15:10:05,15666,15666,15666,2,0
2023-02-14 15:10:05,15666,15666,15666,2,0
2023-02-14 15:10:07,15666,15666,15666,2,0
2023-02-14 15:10:07,15666,15666,15666,2,0
2023-02-14 15:10:12,15666,15666,15666,2,0
2023-02-14 15:10:14,15668,15668,15668,2,2
2023-02-14 15:10:14,15667,15667,15667,2,-2
2023-02-14 15:10:22,15667,15667,15667,2,0
2023-02-14 15:10:27,15667,15667,15667,4,0
2023-02-14 15:10:29,15667,15667,15667,4,0
2023-02-14 15:10:30,15667,15667,15667,2,0
2023-02-14 15:10:45,15666,15666,15666,2,-2
2023-02-14 15:10:52,15667,15667,15667,2,2
2023-02-14 15:11:10,15667,15667,15667,2,0
2023-02-14 15:11:12,15667,15667,15667,2,0
2023-02-14 15:11:36,15668,15668,15668,32,32
2023-02-14 15:11:36,15670,15670,15670,4,4
2023-02-14 15:11:40,15669,15669,15669,2,-2
2023-02-14 15:11:46,15669,15669,15669,2,0
2023-02-14 15:11:48,15670,15670,15670,4,4
2023-02-14 15:11:54,15669,15669,15669,2,-2
2023-02-14 15:11:54,15669,15669,15669,2,0
2023-02-14 15:11:54,15669,15669,15669,2,0
2023-02-14 15:11:57,15669,15669,15669,2,0
2023-02-14 15:11:57,15668,15668,15668,18,-18
2023-02-14 15:11:57,15667,15667,15667,2,-2
2023-02-14 15:11:57,15667,15667,15667,4,0
2023-02-14 15:11:57,15667,15667,15667,2,0
2023-02-14 15:11:57,15667,15667,15667,2,0
2023-02-14 15:11:57,15667,15667,15667,2,0
2023-02-14 15:11:57,15667,15667,15667,2,0
2023-02-14 15:12:02,15668,15668,15668,4,4
2023-02-14 15:12:07,15667,15667,15667,2,-2
2023-02-14 15:12:09,15667,15667,15667,2,0
2023-02-14 15:12:12,15666,15666,15666,2,-2
2023-02-14 15:12:12,15666,15666,15666,4,0
2023-02-14 15:12:12,15666,15666,15666,2,0
2023-02-14 15:12:12,15666,15666,15666,2,0
2023-02-14 15:12:12,15666,15666,15666,2,0
2023-02-14 15:12:12,15666,15666,15666,2,0
2023-02-14 15:12:12,15666,15666,15666,2,0
2023-02-14 15:12:12,15666,15666,15666,2,0
2023-02-14 15:12:12,15666,15666,15666,2,0
2023-02-14 15:12:12,15666,15666,15666,2,0
2023-02-14 15:12:12,15666,15666,15666,4,0
2023-02-14 15:12:13,15667,15667,15667,2,2
2023-02-14 15:12:26,15665,15665,15665,14,-14
2023-02-14 15:12:26,15665,15665,15665,2,0
2023-02-14 15:12:26,15665,15665,15665,4,0
2023-02-14 15:12:26,15665,15665,15665,2,0
2023-02-14 15:12:26,15665,15665,15665,2,0
2023-02-14 15:12:26,15665,15665,15665,2,0
2023-02-14 15:12:26,15665,15665,15665,2,0
2023-02-14 15:12:26,15665,15665,15665,2,0
2023-02-14 15:12:26,15665,15665,15665,2,0
2023-02-14 15:12:26,15665,15665,15665,2,0
2023-02-14 15:12:26,15665,15665,15665,6,0
2023-02-14 15:12:26,15665,15665,15665,2,0
2023-02-14 15:12:33,15665,15665,15665,4,0
2023-02-14 15:12:48,15665,15665,15665,2,0
2023-02-14 15:12:49,15665,15665,15665,2,0
2023-02-14 15:12:50,15666,15666,15666,2,2
2023-02-14 15:12:54,15666,15666,15666,2,0
2023-02-14 15:12:54,15666,15666,15666,2,0
2023-02-14 15:12:54,15666,15666,15666,2,0
2023-02-14 15:13:35,15665,15665,15665,2,-2
2023-02-14 15:13:38,15664,15664,15664,4,-4
2023-02-14 15:13:39,15664,15664,15664,2,0
2023-02-14 15:13:39,15664,15664,15664,2,0
2023-02-14 15:13:43,15664,15664,15664,2,0
2023-02-14 15:13:52,15664,15664,15664,2,0
2023-02-14 15:13:52,15664,15664,15664,2,0
2023-02-14 15:13:52,15664,15664,15664,2,0
2023-02-14 15:14:00,15664,15664,15664,2,0
2023-02-14 15:14:04,15664,15664,15664,2,0
2023-02-14 15:14:17,15664,15664,15664,2,0
2023-02-14 15:14:17,15664,15664,15664,2,0
2023-02-14 15:14:17,15664,15664,15664,2,0
2023-02-14 15:14:22,15664,15664,15664,2,0
2023-02-14 15:14:22,15664,15664,15664,2,0
2023-02-14 15:14:22,15664,15664,15664,2,0
2023-02-14 15:14:28,15663,15663,15663,2,-2
2023-02-14 15:14:28,15663,15663,15663,2,0
2023-02-14 15:14:28,15663,15663,15663,2,0
2023-02-14 15:14:28,15663,15663,15663,2,0
2023-02-14 15:14:28,15663,15663,15663,2,0
2023-02-14 15:14:28,15663,15663,15663,2,0
2023-02-14 15:14:28,15663,15663,15663,4,0
2023-02-14 15:14:28,15663,15663,15663,2,0
2023-02-14 15:14:28,15663,15663,15663,2,0
2023-02-14 15:14:28,15663,15663,15663,2,0
2023-02-14 15:14:28,15663,15663,15663,2,0
2023-02-14 15:14:28,15663,15663,15663,4,0
2023-02-14 15:14:32,15662,15662,15662,2,-2
2023-02-14 15:14:32,15662,15662,15662,2,0
2023-02-14 15:14:32,15662,15662,15662,2,0
2023-02-14 15:14:32,15662,15662,15662,2,0
2023-02-14 15:14:32,15662,15662,15662,6,0
2023-02-14 15:14:32,15662,15662,15662,2,0
2023-02-14 15:14:32,15662,15662,15662,2,0
2023-02-14 15:14:32,15662,15662,15662,2,0
2023-02-14 15:14:32,15662,15662,15662,2,0
2023-02-14 15:14:32,15661,15661,15661,2,-2
2023-02-14 15:14:32,15661,15661,15661,2,0
2023-02-14 15:14:32,15661,15661,15661,2,0
2023-02-14 15:14:35,15661,15661,15661,2,0
2023-02-14 15:14:36,15662,15662,15662,4,4
2023-02-14 15:14:37,15661,15661,15661,2,-2
2023-02-14 15:14:39,15661,15661,15661,2,0
2023-02-14 15:14:39,15662,15662,15662,2,2
2023-02-14 15:14:40,15661,15661,15661,2,-2
2023-02-14 15:14:41,15661,15661,15661,2,0
2023-02-14 15:14:41,15661,15661,15661,4,0
2023-02-14 15:14:47,15663,15663,15663,2,2
2023-02-14 15:14:50,15661,15661,15661,2,-2
2023-02-14 15:14:54,15661,15661,15661,2,0
2023-02-14 15:14:57,15662,15662,15662,2,2
2023-02-14 15:14:57,15662,15662,15662,2,0
2023-02-14 15:15:01,15662,15662,15662,2,0
2023-02-14 15:15:02,15662,15662,15662,2,0
2023-02-14 15:15:02,15663,15663,15663,2,2
2023-02-14 15:15:07,15662,15662,15662,2,-2
2023-02-14 15:15:12,15661,15661,15661,2,-2
2023-02-14 15:15:12,15661,15661,15661,2,0
2023-02-14 15:15:12,15661,15661,15661,2,0
2023-02-14 15:15:12,15661,15661,15661,2,0
2023-02-14 15:15:16,15661,15661,15661,2,0
2023-02-14 15:15:20,15660,15660,15660,2,-2
2023-02-14 15:15:20,15660,15660,15660,2,0
2023-02-14 15:15:20,15661,15661,15661,2,2
2023-02-14 15:15:20,15660,15660,15660,2,-2
2023-02-14 15:15:21,15660,15660,15660,2,0
2023-02-14 15:15:22,15660,15660,15660,2,0
2023-02-14 15:15:25,15661,15661,15661,2,2
2023-02-14 15:15:27,15660,15660,15660,6,-6
2023-02-14 15:15:27,15660,15660,15660,2,0
2023-02-14 15:15:27,15660,15660,15660,2,0
2023-02-14 15:15:27,15660,15660,15660,2,0
2023-02-14 15:15:27,15660,15660,15660,2,0
2023-02-14 15:15:29,15659,15659,15659,2,-2
2023-02-14 15:15:29,15659,15659,15659,2,0
2023-02-14 15:15:30,15659,15659,15659,2,0
2023-02-14 15:15:30,15659,15659,15659,2,0
2023-02-14 15:15:30,15659,15659,15659,2,0
2023-02-14 15:15:30,15658,15658,15658,4,-4
2023-02-14 15:15:31,15659,15659,15659,2,2
2023-02-14 15:15:35,15659,15659,15659,2,0
2023-02-14 15:15:36,15659,15659,15659,2,0
2023-02-14 15:15:36,15659,15659,15659,2,0
2023-02-14 15:15:37,15659,15659,15659,2,0
2023-02-14 15:15:46,15659,15659,15659,2,0
2023-02-14 15:15:52,15659,15659,15659,2,0
2023-02-14 15:15:52,15658,15658,15658,2,-2
2023-02-14 15:15:52,15658,15658,15658,2,0
2023-02-14 15:15:52,15658,15658,15658,2,0
2023-02-14 15:15:52,15658,15658,15658,2,0
2023-02-14 15:15:52,15658,15658,15658,2,0
2023-02-14 15:15:52,15658,15658,15658,2,0
2023-02-14 15:15:52,15658,15658,15658,2,0
2023-02-14 15:15:52,15658,15658,15658,2,0
2023-02-14 15:15:52,15658,15658,15658,2,0
2023-02-14 15:15:52,15658,15658,15658,2,0
2023-02-14 15:15:52,15658,15658,15658,2,0
2023-02-14 15:15:52,15658,15658,15658,2,0
2023-02-14 15:15:52,15658,15658,15658,2,0
2023-02-14 15:15:52,15658,15658,15658,2,0
2023-02-14 15:15:52,15658,15658,15658,2,0
2023-02-14 15:15:52,15658,15658,15658,4,0
2023-02-14 15:15:52,15658,15658,15658,2,0
2023-02-14 15:15:52,15658,15658,15658,6,0
2023-02-14 15:15:52,15658,15658,15658,2,0
2023-02-14 15:15:55,15657,15657,15657,2,-2
2023-02-14 15:15:55,15659,15659,15659,2,2
2023-02-14 15:15:57,15658,15658,15658,2,-2
2023-02-14 15:15:58,15658,15658,15658,2,0
2023-02-14 15:16:00,15658,15658,15658,2,0
2023-02-14 15:16:01,15657,15657,15657,2,-2
2023-02-14 15:16:01,15657,15657,15657,2,0
2023-02-14 15:16:01,15657,15657,15657,4,0
2023-02-14 15:16:01,15657,15657,15657,2,0
2023-02-14 15:16:01,15657,15657,15657,2,0
2023-02-14 15:16:01,15657,15657,15657,2,0
2023-02-14 15:16:01,15657,15657,15657,2,0
2023-02-14 15:16:01,15657,15657,15657,2,0
2023-02-14 15:16:01,15657,15657,15657,2,0
2023-02-14 15:16:02,15657,15657,15657,2,0
2023-02-14 15:16:03,15657,15657,15657,2,0
2023-02-14 15:16:03,15656,15656,15656,2,-2
2023-02-14 15:16:04,15658,15658,15658,2,2
2023-02-14 15:16:04,15658,15658,15658,2,0
2023-02-14 15:16:04,15657,15657,15657,2,-2
2023-02-14 15:16:05,15657,15657,15657,2,0
2023-02-14 15:16:05,15657,15657,15657,2,0
2023-02-14 15:16:06,15657,15657,15657,2,0
2023-02-14 15:16:11,15657,15657,15657,6,0
2023-02-14 15:16:17,15657,15657,15657,2,0
2023-02-14 15:16:17,15657,15657,15657,4,0
2023-02-14 15:16:17,15657,15657,15657,2,0
2023-02-14 15:16:19,15657,15657,15657,2,0
2023-02-14 15:16:20,15656,15656,15656,2,-2
2023-02-14 15:16:22,15656,15656,15656,2,0
2023-02-14 15:16:22,15656,15656,15656,6,0
2023-02-14 15:16:22,15656,15656,15656,2,0
2023-02-14 15:16:27,15656,15656,15656,4,0
2023-02-14 15:16:33,15656,15656,15656,2,0
2023-02-14 15:16:34,15657,15657,15657,2,2
2023-02-14 15:16:37,15656,15656,15656,2,-2
2023-02-14 15:16:37,15656,15656,15656,2,0
2023-02-14 15:16:41,15656,15656,15656,8,0
2023-02-14 15:16:41,15656,15656,15656,2,0
2023-02-14 15:16:41,15656,15656,15656,2,0
2023-02-14 15:16:48,15657,15657,15657,4,4
2023-02-14 15:17:01,15657,15657,15657,6,0
2023-02-14 15:17:02,15658,15658,15658,2,2
2023-02-14 15:17:02,15658,15658,15658,2,0
2023-02-14 15:17:02,15658,15658,15658,2,0
2023-02-14 15:17:02,15658,15658,15658,2,0
2023-02-14 15:17:02,15658,15658,15658,4,0
2023-02-14 15:17:10,15658,15658,15658,8,0
2023-02-14 15:17:10,15658,15658,15658,2,0
2023-02-14 15:17:11,15658,15658,15658,14,0
2023-02-14 15:17:14,15659,15659,15659,2,2
2023-02-14 15:17:14,15659,15659,15659,2,0
2023-02-14 15:17:16,15659,15659,15659,2,0
2023-02-14 15:17:16,15659,15659,15659,2,0
2023-02-14 15:17:18,15659,15659,15659,2,0
2023-02-14 15:17:22,15659,15659,15659,2,0
2023-02-14 15:17:22,15659,15659,15659,2,0
2023-02-14 15:17:22,15659,15659,15659,2,0
2023-02-14 15:17:25,15660,15660,15660,2,2
2023-02-14 15:17:27,15659,15659,15659,2,-2
2023-02-14 15:17:31,15659,15659,15659,2,0
2023-02-14 15:17:31,15659,15659,15659,2,0
2023-02-14 15:17:44,15659,15659,15659,2,0
2023-02-14 15:17:44,15660,15660,15660,2,2
2023-02-14 15:18:00,15660,15660,15660,2,0
2023-02-14 15:18:05,15660,15660,15660,2,0
2023-02-14 15:18:07,15661,15661,15661,2,2
2023-02-14 15:18:07,15660,15660,15660,2,-2
2023-02-14 15:18:11,15661,15661,15661,2,2
2023-02-14 15:18:14,15661,15661,15661,2,0
2023-02-14 15:18:14,15661,15661,15661,2,0
2023-02-14 15:18:16,15662,15662,15662,4,4
2023-02-14 15:18:16,15661,15661,15661,2,-2
2023-02-14 15:18:16,15660,15660,15660,2,-2
2023-02-14 15:18:31,15663,15663,15663,2,2
2023-02-14 15:18:34,15662,15662,15662,2,-2
2023-02-14 15:18:34,15661,15661,15661,2,-2
2023-02-14 15:18:34,15661,15661,15661,2,0
2023-02-14 15:18:34,15661,15661,15661,4,0
2023-02-14 15:18:34,15661,15661,15661,2,0
2023-02-14 15:18:34,15661,15661,15661,2,0
2023-02-14 15:18:34,15661,15661,15661,2,0
2023-02-14 15:18:34,15661,15661,15661,2,0
2023-02-14 15:18:34,15661,15661,15661,6,0
2023-02-14 15:18:34,15661,15661,15661,2,0
2023-02-14 15:18:34,15661,15661,15661,2,0
2023-02-14 15:18:34,15661,15661,15661,2,0
2023-02-14 15:18:34,15661,15661,15661,2,0
2023-02-14 15:18:34,15661,15661,15661,2,0
2023-02-14 15:18:34,15660,15660,15660,2,-2
2023-02-14 15:18:34,15660,15660,15660,2,0
2023-02-14 15:18:34,15660,15660,15660,2,0
2023-02-14 15:18:34,15662,15662,15662,2,2
2023-02-14 15:18:44,15661,15661,15661,2,-2
2023-02-14 15:18:49,15661,15661,15661,2,0
2023-02-14 15:18:51,15661,15661,15661,2,0
2023-02-14 15:18:51,15660,15660,15660,2,-2
2023-02-14 15:18:54,15660,15660,15660,2,0
2023-02-14 15:18:54,15660,15660,15660,2,0
2023-02-14 15:18:54,15660,15660,15660,2,0
2023-02-14 15:18:54,15660,15660,15660,4,0
2023-02-14 15:18:56,15660,15660,15660,2,0
2023-02-14 15:18:57,15662,15662,15662,2,2
2023-02-14 15:19:02,15661,15661,15661,2,-2
2023-02-14 15:19:02,15661,15661,15661,2,0
2023-02-14 15:19:02,15661,15661,15661,2,0
2023-02-14 15:19:02,15661,15661,15661,2,0
2023-02-14 15:19:02,15661,15661,15661,2,0
2023-02-14 15:19:02,15661,15661,15661,2,0
2023-02-14 15:19:02,15661,15661,15661,4,0
2023-02-14 15:19:06,15662,15662,15662,2,2
2023-02-14 15:19:06,15663,15663,15663,4,4
2023-02-14 15:19:06,15662,15662,15662,2,-2
2023-02-14 15:19:06,15662,15662,15662,2,0
2023-02-14 15:19:07,15662,15662,15662,2,0
2023-02-14 15:19:07,15662,15662,15662,4,0
2023-02-14 15:19:07,15662,15662,15662,2,0
2023-02-14 15:19:07,15661,15661,15661,2,-2
2023-02-14 15:19:07,15661,15661,15661,2,0
2023-02-14 15:19:09,15662,15662,15662,2,2
2023-02-14 15:19:11,15662,15662,15662,2,0
2023-02-14 15:19:11,15662,15662,15662,2,0
2023-02-14 15:19:11,15661,15661,15661,2,-2
2023-02-14 15:19:12,15661,15661,15661,4,0
2023-02-14 15:19:12,15661,15661,15661,2,0
2023-02-14 15:19:12,15661,15661,15661,2,0
2023-02-14 15:19:12,15661,15661,15661,2,0
2023-02-14 15:19:13,15661,15661,15661,2,0
2023-02-14 15:19:13,15661,15661,15661,4,0
2023-02-14 15:19:15,15660,15660,15660,4,-4
2023-02-14 15:19:15,15660,15660,15660,2,0
2023-02-14 15:19:15,15660,15660,15660,2,0
2023-02-14 15:19:15,15660,15660,15660,2,0
2023-02-14 15:19:15,15661,15661,15661,10,10
2023-02-14 15:19:18,15660,15660,15660,2,-2
2023-02-14 15:19:18,15659,15659,15659,2,-2
2023-02-14 15:19:20,15659,15659,15659,2,0
2023-02-14 15:19:20,15659,15659,15659,2,0
2023-02-14 15:19:20,15659,15659,15659,2,0
2023-02-14 15:19:20,15659,15659,15659,2,0
2023-02-14 15:19:35,15660,15660,15660,2,2
2023-02-14 15:19:47,15660,15660,15660,2,0
2023-02-14 15:19:47,15659,15659,15659,2,-2
2023-02-14 15:19:53,15660,15660,15660,2,2
2023-02-14 15:19:53,15660,15660,15660,8,0
2023-02-14 15:19:54,15661,15661,15661,2,2
2023-02-14 15:19:54,15661,15661,15661,2,0
2023-02-14 15:19:54,15662,15662,15662,6,6
2023-02-14 15:19:54,15663,15663,15663,12,12
2023-02-14 15:20:14,15662,15662,15662,2,-2
2023-02-14 15:20:30,15661,15661,15661,2,-2
2023-02-14 15:20:30,15661,15661,15661,4,0
2023-02-14 15:20:30,15661,15661,15661,2,0
2023-02-14 15:20:30,15661,15661,15661,2,0
2023-02-14 15:21:17,15661,15661,15661,2,0
2023-02-14 15:21:30,15660,15660,15660,2,-2
2023-02-14 15:21:30,15660,15660,15660,2,0
2023-02-14 15:21:30,15660,15660,15660,2,0
2023-02-14 15:21:30,15660,15660,15660,2,0
2023-02-14 15:21:47,15660,15660,15660,2,0
2023-02-14 15:22:04,15659,15659,15659,2,-2
2023-02-14 15:22:21,15659,15659,15659,2,0
2023-02-14 15:22:24,15659,15659,15659,2,0
2023-02-14 15:22:36,15659,15659,15659,2,0
2023-02-14 15:22:40,15660,15660,15660,2,2
2023-02-14 15:22:41,15659,15659,15659,2,-2
2023-02-14 15:22:41,15659,15659,15659,2,0
2023-02-14 15:22:41,15659,15659,15659,2,0
2023-02-14 15:22:41,15659,15659,15659,2,0
2023-02-14 15:22:41,15659,15659,15659,2,0
2023-02-14 15:22:46,15659,15659,15659,2,0
2023-02-14 15:22:46,15659,15659,15659,2,0
2023-02-14 15:22:47,15660,15660,15660,2,2
2023-02-14 15:22:47,15660,15660,15660,12,0
2023-02-14 15:22:47,15660,15660,15660,2,0
2023-02-14 15:22:47,15660,15660,15660,2,0
2023-02-14 15:22:51,15660,15660,15660,2,0
2023-02-14 15:23:01,15659,15659,15659,4,-4
2023-02-14 15:23:01,15659,15659,15659,2,0
2023-02-14 15:23:06,15659,15659,15659,2,0
2023-02-14 15:23:13,15659,15659,15659,2,0
2023-02-14 15:23:19,15660,15660,15660,2,2
2023-02-14 15:23:37,15660,15660,15660,2,0
2023-02-14 15:23:46,15660,15660,15660,2,0
2023-02-14 15:24:00,15660,15660,15660,6,0
2023-02-14 15:24:00,15660,15660,15660,2,0
2023-02-14 15:24:00,15660,15660,15660,4,0
2023-02-14 15:24:00,15660,15660,15660,2,0
2023-02-14 15:24:00,15660,15660,15660,2,0
2023-02-14 15:24:00,15660,15660,15660,2,0
2023-02-14 15:24:00,15660,15660,15660,4,0
2023-02-14 15:24:29,15659,15659,15659,2,-2
2023-02-14 15:24:37,15659,15659,15659,2,0
2023-02-14 15:24:46,15659,15659,15659,2,0
2023-02-14 15:24:53,15660,15660,15660,2,2
2023-02-14 15:24:56,15660,15660,15660,2,0
2023-02-14 15:24:59,15660,15660,15660,2,0
2023-02-14 15:25:01,15661,15661,15661,8,8
2023-02-14 15:25:02,15661,15661,15661,2,0
2023-02-14 15:25:02,15661,15661,15661,2,0
2023-02-14 15:25:17,15661,15661,15661,6,0
2023-02-14 15:25:17,15661,15661,15661,2,0
2023-02-14 15:25:26,15662,15662,15662,4,4
2023-02-14 15:25:26,15663,15663,15663,2,2
2023-02-14 15:25:26,15663,15663,15663,2,0
2023-02-14 15:25:30,15663,15663,15663,2,0
2023-02-14 15:25:32,15662,15662,15662,2,-2
2023-02-14 15:25:33,15663,15663,15663,4,4
2023-02-14 15:25:42,15662,15662,15662,2,-2
2023-02-14 15:25:44,15662,15662,15662,2,0
2023-02-14 15:25:44,15664,15664,15664,4,4
2023-02-14 15:25:49,15664,15664,15664,2,0
2023-02-14 15:25:53,15663,15663,15663,2,-2
2023-02-14 15:25:58,15663,15663,15663,2,0
2023-02-14 15:25:58,15664,15664,15664,32,32
2023-02-14 15:25:58,15664,15664,15664,22,0
2023-02-14 15:26:06,15663,15663,15663,2,-2
2023-02-14 15:26:12,15664,15664,15664,2,2
2023-02-14 15:26:12,15664,15664,15664,2,0
2023-02-14 15:26:17,15664,15664,15664,2,0
2023-02-14 15:26:20,15663,15663,15663,2,-2
2023-02-14 15:26:30,15664,15664,15664,4,4
2023-02-14 15:26:35,15664,15664,15664,4,0
2023-02-14 15:26:44,15664,15664,15664,2,0
2023-02-14 15:26:48,15664,15664,15664,2,0
2023-02-14 15:26:48,15664,15664,15664,2,0
2023-02-14 15:26:48,15664,15664,15664,2,0
2023-02-14 15:26:49,15664,15664,15664,2,0
2023-02-14 15:26:49,15665,15665,15665,6,6
2023-02-14 15:26:50,15665,15665,15665,2,0
2023-02-14 15:26:50,15665,15665,15665,4,0
2023-02-14 15:26:59,15666,15666,15666,2,2
2023-02-14 15:26:59,15666,15666,15666,2,0
2023-02-14 15:27:00,15666,15666,15666,4,0
2023-02-14 15:27:01,15666,15666,15666,2,0
2023-02-14 15:27:11,15666,15666,15666,10,0
2023-02-14 15:27:16,15666,15666,15666,2,0
2023-02-14 15:27:20,15666,15666,15666,6,0
2023-02-14 15:27:34,15665,15665,15665,2,-2
2023-02-14 15:27:34,15665,15665,15665,2,0
2023-02-14 15:27:34,15665,15665,15665,2,0
2023-02-14 15:27:34,15665,15665,15665,2,0
2023-02-14 15:27:34,15665,15665,15665,2,0
2023-02-14 15:27:34,15665,15665,15665,2,0
2023-02-14 15:27:34,15665,15665,15665,2,0
2023-02-14 15:27:34,15665,15665,15665,4,0
2023-02-14 15:27:34,15665,15665,15665,2,0
2023-02-14 15:27:38,15665,15665,15665,4,0
2023-02-14 15:27:38,15665,15665,15665,2,0
2023-02-14 15:27:41,15665,15665,15665,4,0
2023-02-14 15:28:03,15665,15665,15665,2,0
2023-02-14 15:28:04,15665,15665,15665,2,0
2023-02-14 15:28:05,15665,15665,15665,2,0
2023-02-14 15:28:23,15666,15666,15666,2,2
2023-02-14 15:28:24,15667,15667,15667,2,2
2023-02-14 15:28:32,15666,15666,15666,2,-2
2023-02-14 15:28:35,15665,15665,15665,4,-4
2023-02-14 15:28:37,15667,15667,15667,8,8
2023-02-14 15:28:39,15667,15667,15667,2,0
2023-02-14 15:28:39,15667,15667,15667,2,0
2023-02-14 15:28:39,15668,15668,15668,6,6
2023-02-14 15:28:39,15668,15668,15668,2,0
2023-02-14 15:28:40,15668,15668,15668,2,0
2023-02-14 15:28:40,15668,15668,15668,2,0
2023-02-14 15:28:43,15668,15668,15668,2,0
2023-02-14 15:28:47,15667,15667,15667,2,-2
2023-02-14 15:28:49,15668,15668,15668,4,4
2023-02-14 15:28:49,15668,15668,15668,2,0
2023-02-14 15:28:49,15668,15668,15668,2,0
2023-02-14 15:28:49,15668,15668,15668,10,0
2023-02-14 15:28:49,15668,15668,15668,4,0
2023-02-14 15:29:02,15668,15668,15668,2,0
2023-02-14 15:29:03,15669,15669,15669,4,4
2023-02-14 15:29:05,15669,15669,15669,4,0
2023-02-14 15:29:08,15669,15669,15669,4,0
2023-02-14 15:29:09,15669,15669,15669,2,0
2023-02-14 15:29:12,15669,15669,15669,2,0
2023-02-14 15:29:12,15670,15670,15670,48,48
2023-02-14 15:29:16,15669,15669,15669,2,-2
2023-02-14 15:29:19,15670,15670,15670,6,6
2023-02-14 15:29:24,15670,15670,15670,2,0
2023-02-14 15:29:29,15670,15670,15670,4,0
2023-02-14 15:29:32,15670,15670,15670,2,0
2023-02-14 15:29:40,15670,15670,15670,2,0
2023-02-14 15:29:46,15670,15670,15670,2,0
2023-02-14 15:29:49,15669,15669,15669,2,-2
2023-02-14 15:29:52,15670,15670,15670,2,2
2023-02-14 15:29:55,15670,15670,15670,2,0
2023-02-14 15:29:57,15669,15669,15669,2,-2
2023-02-14 15:30:00,15669,15669,15669,2,0
2023-02-14 15:30:00,15669,15669,15669,2,0
2023-02-14 15:30:00,15669,15669,15669,6,0
2023-02-14 15:30:00,15669,15669,15669,10,0
2023-02-14 15:30:00,15669,15669,15669,2,0
2023-02-14 15:30:00,15669,15669,15669,2,0
2023-02-14 15:30:00,15669,15669,15669,2,0
2023-02-14 15:30:00,15670,15670,15670,4,4
2023-02-14 15:30:06,15669,15669,15669,2,-2
2023-02-14 15:30:07,15668,15668,15668,2,-2
2023-02-14 15:30:08,15669,15669,15669,2,2
2023-02-14 15:30:08,15668,15668,15668,2,-2
2023-02-14 15:30:08,15668,15668,15668,2,0
2023-02-14 15:30:08,15668,15668,15668,2,0
2023-02-14 15:30:08,15668,15668,15668,2,0
2023-02-14 15:30:08,15668,15668,15668,2,0
2023-02-14 15:30:08,15668,15668,15668,2,0
2023-02-14 15:30:08,15668,15668,15668,4,0
2023-02-14 15:30:16,15668,15668,15668,2,0
2023-02-14 15:30:16,15669,15669,15669,2,2
2023-02-14 15:30:17,15668,15668,15668,2,-2
2023-02-14 15:30:22,15668,15668,15668,2,0
2023-02-14 15:30:24,15667,15667,15667,2,-2
2023-02-14 15:30:28,15669,15669,15669,2,2
2023-02-14 15:30:34,15668,15668,15668,2,-2
2023-02-14 15:30:34,15669,15669,15669,2,2
2023-02-14 15:30:34,15669,15669,15669,2,0
2023-02-14 15:30:34,15669,15669,15669,2,0
2023-02-14 15:30:44,15669,15669,15669,2,0
2023-02-14 15:30:48,15669,15669,15669,2,0
2023-02-14 15:30:48,15670,15670,15670,2,2
2023-02-14 15:30:49,15669,15669,15669,2,-2
2023-02-14 15:30:49,15669,15669,15669,2,0
2023-02-14 15:30:53,15669,15669,15669,2,0
2023-02-14 15:30:53,15670,15670,15670,2,2
2023-02-14 15:30:56,15669,15669,15669,2,-2
2023-02-14 15:31:01,15669,15669,15669,2,0
2023-02-14 15:31:11,15669,15669,15669,2,0
2023-02-14 15:31:14,15669,15669,15669,2,0
2023-02-14 15:31:15,15669,15669,15669,2,0
2023-02-14 15:31:21,15668,15668,15668,2,-2
2023-02-14 15:31:32,15667,15667,15667,2,-2
2023-02-14 15:31:33,15668,15668,15668,2,2
2023-02-14 15:31:48,15667,15667,15667,2,-2
2023-02-14 15:32:06,15667,15667,15667,2,0
2023-02-14 15:32:10,15668,15668,15668,6,6
2023-02-14 15:32:14,15667,15667,15667,4,-4
2023-02-14 15:32:14,15667,15667,15667,2,0
2023-02-14 15:32:14,15667,15667,15667,2,0
2023-02-14 15:32:14,15667,15667,15667,6,0
2023-02-14 15:32:14,15667,15667,15667,2,0
2023-02-14 15:32:14,15667,15667,15667,2,0
2023-02-14 15:32:14,15667,15667,15667,2,0
2023-02-14 15:32:14,15667,15667,15667,2,0
2023-02-14 15:32:14,15667,15667,15667,2,0
2023-02-14 15:32:14,15667,15667,15667,2,0
2023-02-14 15:32:14,15667,15667,15667,4,0
2023-02-14 15:32:15,15666,15666,15666,2,-2
2023-02-14 15:32:15,15666,15666,15666,2,0
2023-02-14 15:32:16,15666,15666,15666,2,0
2023-02-14 15:32:16,15666,15666,15666,2,0
2023-02-14 15:32:16,15666,15666,15666,2,0
2023-02-14 15:32:23,15666,15666,15666,2,0
2023-02-14 15:32:26,15666,15666,15666,2,0
2023-02-14 15:32:27,15666,15666,15666,2,0
2023-02-14 15:32:27,15666,15666,15666,2,0
2023-02-14 15:32:31,15665,15665,15665,2,-2
2023-02-14 15:32:35,15666,15666,15666,2,2
2023-02-14 15:32:39,15665,15665,15665,2,-2
2023-02-14 15:32:43,15667,15667,15667,2,2
2023-02-14 15:32:46,15667,15667,15667,2,0
2023-02-14 15:32:49,15667,15667,15667,2,0
2023-02-14 15:32:51,15667,15667,15667,2,0
2023-02-14 15:32:59,15667,15667,15667,4,0
2023-02-14 15:33:06,15667,15667,15667,2,0
2023-02-14 15:33:12,15667,15667,15667,2,0
2023-02-14 15:33:19,15667,15667,15667,2,0
2023-02-14 15:33:22,15667,15667,15667,2,0
2023-02-14 15:33:32,15667,15667,15667,2,0
2023-02-14 15:33:37,15668,15668,15668,2,2
2023-02-14 15:33:37,15667,15667,15667,2,-2
2023-02-14 15:33:37,15668,15668,15668,2,2
2023-02-14 15:33:48,15668,15668,15668,2,0
2023-02-14 15:33:48,15668,15668,15668,2,0
2023-02-14 15:34:11,15669,15669,15669,6,6
2023-02-14 15:34:15,15669,15669,15669,6,0
2023-02-14 15:34:15,15669,15669,15669,2,0
2023-02-14 15:34:15,15669,15669,15669,2,0
2023-02-14 15:34:15,15670,15670,15670,18,18
2023-02-14 15:34:15,15670,15670,15670,2,0
2023-02-14 15:34:15,15670,15670,15670,2,0
2023-02-14 15:34:15,15670,15670,15670,6,0
2023-02-14 15:34:15,15670,15670,15670,2,0
2023-02-14 15:34:15,15670,15670,15670,2,0
2023-02-14 15:34:20,15670,15670,15670,6,0
2023-02-14 15:34:23,15670,15670,15670,2,0
2023-02-14 15:34:26,15670,15670,15670,2,0
2023-02-14 15:34:28,15670,15670,15670,4,0
2023-02-14 15:34:28,15671,15671,15671,2,2
2023-02-14 15:34:28,15671,15671,15671,2,0
2023-02-14 15:34:28,15671,15671,15671,2,0
2023-02-14 15:34:29,15672,15672,15672,6,6
2023-02-14 15:34:32,15672,15672,15672,2,0
2023-02-14 15:34:36,15672,15672,15672,4,0
2023-02-14 15:34:37,15672,15672,15672,2,0
2023-02-14 15:34:42,15672,15672,15672,2,0
2023-02-14 15:34:43,15673,15673,15673,4,4
2023-02-14 15:34:43,15673,15673,15673,2,0
2023-02-14 15:34:45,15672,15672,15672,4,-4
2023-02-14 15:34:45,15673,15673,15673,2,2
2023-02-14 15:34:54,15673,15673,15673,2,0
2023-02-14 15:34:56,15673,15673,15673,2,0
2023-02-14 15:34:59,15673,15673,15673,2,0
2023-02-14 15:35:00,15673,15673,15673,2,0
2023-02-14 15:35:01,15673,15673,15673,2,0
2023-02-14 15:35:07,15673,15673,15673,2,0
2023-02-14 15:35:13,15673,15673,15673,8,0
2023-02-14 15:35:13,15674,15674,15674,10,10
2023-02-14 15:35:13,15674,15674,15674,2,0
2023-02-14 15:35:15,15674,15674,15674,2,0
2023-02-14 15:35:21,15674,15674,15674,2,0
2023-02-14 15:35:29,15673,15673,15673,2,-2
2023-02-14 15:35:29,15673,15673,15673,2,0
2023-02-14 15:35:38,15674,15674,15674,6,6
2023-02-14 15:35:46,15674,15674,15674,2,0
2023-02-14 15:35:51,15674,15674,15674,4,0
2023-02-14 15:35:52,15674,15674,15674,2,0
2023-02-14 15:35:52,15674,15674,15674,4,0
2023-02-14 15:35:52,15674,15674,15674,2,0
2023-02-14 15:35:52,15675,15675,15675,2,2
2023-02-14 15:35:52,15675,15675,15675,6,0
2023-02-14 15:35:52,15675,15675,15675,2,0
2023-02-14 15:35:52,15675,15675,15675,2,0
2023-02-14 15:35:52,15675,15675,15675,4,0
2023-02-14 15:35:52,15675,15675,15675,2,0
2023-02-14 15:35:52,15675,15675,15675,2,0
2023-02-14 15:35:52,15675,15675,15675,14,0
2023-02-14 15:35:52,15675,15675,15675,4,0
2023-02-14 15:35:52,15676,15676,15676,10,10
2023-02-14 15:35:52,15676,15676,15676,2,0
2023-02-14 15:35:52,15676,15676,15676,2,0
2023-02-14 15:35:52,15676,15676,15676,2,0
2023-02-14 15:35:52,15677,15677,15677,4,4
2023-02-14 15:35:52,15677,15677,15677,6,0
2023-02-14 15:35:52,15677,15677,15677,2,0
2023-02-14 15:35:52,15677,15677,15677,2,0
2023-02-14 15:35:52,15677,15677,15677,6,0
2023-02-14 15:35:52,15677,15677,15677,2,0
2023-02-14 15:35:52,15677,15677,15677,2,0
2023-02-14 15:35:52,15677,15677,15677,4,0
2023-02-14 15:35:52,15676,15676,15676,2,-2
2023-02-14 15:35:55,15676,15676,15676,2,0
2023-02-14 15:35:55,15676,15676,15676,2,0
2023-02-14 15:35:56,15675,15675,15675,2,-2
2023-02-14 15:35:56,15674,15674,15674,2,-2
2023-02-14 15:36:00,15676,15676,15676,2,2
2023-02-14 15:36:00,15677,15677,15677,6,6
2023-02-14 15:36:03,15676,15676,15676,2,-2
2023-02-14 15:36:04,15675,15675,15675,2,-2
2023-02-14 15:36:04,15675,15675,15675,2,0
2023-02-14 15:36:05,15675,15675,15675,2,0
2023-02-14 15:36:05,15676,15676,15676,8,8
2023-02-14 15:36:07,15676,15676,15676,2,0
2023-02-14 15:36:09,15676,15676,15676,2,0
2023-02-14 15:36:11,15676,15676,15676,2,0
2023-02-14 15:36:11,15677,15677,15677,2,2
2023-02-14 15:36:13,15675,15675,15675,2,-2
2023-02-14 15:36:17,15675,15675,15675,2,0
2023-02-14 15:36:17,15675,15675,15675,2,0
2023-02-14 15:36:17,15675,15675,15675,4,0
2023-02-14 15:36:17,15675,15675,15675,2,0
2023-02-14 15:36:17,15675,15675,15675,2,0
2023-02-14 15:36:18,15675,15675,15675,4,0
2023-02-14 15:36:19,15676,15676,15676,4,4
2023-02-14 15:36:20,15675,15675,15675,2,-2
2023-02-14 15:36:22,15675,15675,15675,2,0
2023-02-14 15:36:24,15676,15676,15676,2,2
2023-02-14 15:36:28,15676,15676,15676,2,0
2023-02-14 15:36:30,15675,15675,15675,2,-2
2023-02-14 15:36:31,15675,15675,15675,2,0
2023-02-14 15:36:31,15675,15675,15675,2,0
2023-02-14 15:36:31,15675,15675,15675,2,0
2023-02-14 15:36:34,15675,15675,15675,2,0
2023-02-14 15:36:39,15676,15676,15676,2,2
2023-02-14 15:36:39,15676,15676,15676,2,0
2023-02-14 15:36:39,15676,15676,15676,2,0
2023-02-14 15:36:43,15676,15676,15676,2,0
2023-02-14 15:36:44,15676,15676,15676,2,0
2023-02-14 15:36:44,15677,15677,15677,4,4
2023-02-14 15:36:45,15676,15676,15676,2,-2
2023-02-14 15:36:49,15677,15677,15677,10,10
2023-02-14 15:36:51,15677,15677,15677,8,0
2023-02-14 15:36:53,15677,15677,15677,2,0
2023-02-14 15:36:53,15677,15677,15677,2,0
2023-02-14 15:36:56,15677,15677,15677,2,0
2023-02-14 15:36:58,15677,15677,15677,2,0
2023-02-14 15:37:05,15676,15676,15676,2,-2
2023-02-14 15:37:09,15677,15677,15677,30,30
2023-02-14 15:37:09,15677,15677,15677,4,0
2023-02-14 15:37:10,15678,15678,15678,20,20
2023-02-14 15:37:11,15678,15678,15678,2,0
2023-02-14 15:37:11,15678,15678,15678,2,0
2023-02-14 15:37:17,15676,15676,15676,2,-2
2023-02-14 15:37:20,15677,15677,15677,2,2
2023-02-14 15:37:37,15677,15677,15677,4,0
2023-02-14 15:37:37,15678,15678,15678,2,2
2023-02-14 15:37:39,15677,15677,15677,4,-4
2023-02-14 15:37:39,15677,15677,15677,4,0
2023-02-14 15:37:41,15676,15676,15676,2,-2
2023-02-14 15:37:41,15676,15676,15676,2,0
2023-02-14 15:37:46,15676,15676,15676,2,0
2023-02-14 15:37:50,15676,15676,15676,2,0
2023-02-14 15:37:55,15675,15675,15675,2,-2
2023-02-14 15:37:55,15675,15675,15675,16,0
2023-02-14 15:37:55,15675,15675,15675,2,0
2023-02-14 15:37:55,15675,15675,15675,4,0
2023-02-14 15:37:55,15675,15675,15675,8,0
2023-02-14 15:37:55,15675,15675,15675,2,0
2023-02-14 15:37:55,15675,15675,15675,6,0
2023-02-14 15:38:01,15675,15675,15675,2,0
2023-02-14 15:38:06,15674,15674,15674,4,-4
2023-02-14 15:38:14,15674,15674,15674,2,0
2023-02-14 15:38:15,15674,15674,15674,2,0
2023-02-14 15:38:15,15674,15674,15674,2,0
2023-02-14 15:38:15,15674,15674,15674,2,0
2023-02-14 15:38:18,15674,15674,15674,2,0
2023-02-14 15:38:28,15674,15674,15674,2,0
2023-02-14 15:38:36,15674,15674,15674,2,0
2023-02-14 15:38:38,15674,15674,15674,2,0
2023-02-14 15:38:40,15674,15674,15674,2,0
2023-02-14 15:38:41,15674,15674,15674,2,0
2023-02-14 15:38:43,15674,15674,15674,2,0
2023-02-14 15:38:49,15673,15673,15673,2,-2
2023-02-14 15:38:49,15674,15674,15674,2,2
2023-02-14 15:38:49,15674,15674,15674,2,0
2023-02-14 15:38:58,15674,15674,15674,2,0
2023-02-14 15:39:19,15673,15673,15673,2,-2
2023-02-14 15:39:27,15673,15673,15673,2,0
2023-02-14 15:39:37,15673,15673,15673,2,0
2023-02-14 15:39:38,15673,15673,15673,4,0
2023-02-14 15:39:39,15673,15673,15673,2,0
2023-02-14 15:39:50,15673,15673,15673,4,0
2023-02-14 15:39:53,15674,15674,15674,2,2
2023-02-14 15:39:53,15674,15674,15674,2,0
2023-02-14 15:40:02,15673,15673,15673,2,-2
2023-02-14 15:40:03,15674,15674,15674,4,4
2023-02-14 15:40:03,15673,15673,15673,2,-2
2023-02-14 15:40:03,15673,15673,15673,6,0
2023-02-14 15:40:03,15673,15673,15673,2,0
2023-02-14 15:40:03,15673,15673,15673,2,0
2023-02-14 15:40:03,15673,15673,15673,32,0
2023-02-14 15:40:03,15673,15673,15673,2,0
2023-02-14 15:40:03,15673,15673,15673,2,0
2023-02-14 15:40:03,15673,15673,15673,2,0
2023-02-14 15:40:05,15673,15673,15673,6,0
2023-02-14 15:40:06,15672,15672,15672,4,-4
2023-02-14 15:40:06,15672,15672,15672,22,0
2023-02-14 15:40:06,15672,15672,15672,2,0
2023-02-14 15:40:06,15672,15672,15672,2,0
2023-02-14 15:40:07,15671,15671,15671,2,-2
2023-02-14 15:40:07,15670,15670,15670,2,-2
2023-02-14 15:40:10,15670,15670,15670,2,0
2023-02-14 15:40:10,15671,15671,15671,2,2
2023-02-14 15:40:16,15671,15671,15671,2,0
2023-02-14 15:40:16,15671,15671,15671,2,0
2023-02-14 15:40:17,15671,15671,15671,2,0
2023-02-14 15:40:35,15671,15671,15671,4,0
2023-02-14 15:40:36,15671,15671,15671,2,0
2023-02-14 15:40:36,15670,15670,15670,2,-2
2023-02-14 15:40:39,15670,15670,15670,2,0
2023-02-14 15:40:39,15670,15670,15670,14,0
2023-02-14 15:40:39,15670,15670,15670,2,0
2023-02-14 15:40:39,15670,15670,15670,4,0
2023-02-14 15:40:39,15670,15670,15670,2,0
2023-02-14 15:40:39,15670,15670,15670,2,0
2023-02-14 15:40:39,15670,15670,15670,2,0
2023-02-14 15:40:39,15670,15670,15670,2,0
2023-02-14 15:40:39,15670,15670,15670,2,0
2023-02-14 15:40:39,15670,15670,15670,2,0
2023-02-14 15:40:39,15670,15670,15670,2,0
2023-02-14 15:40:39,15670,15670,15670,2,0
2023-02-14 15:40:39,15670,15670,15670,2,0
2023-02-14 15:40:45,15670,15670,15670,2,0
2023-02-14 15:40:47,15669,15669,15669,2,-2
2023-02-14 15:40:47,15669,15669,15669,2,0
2023-02-14 15:40:48,15668,15668,15668,2,-2
2023-02-14 15:40:48,15668,15668,15668,2,0
2023-02-14 15:40:48,15668,15668,15668,2,0
2023-02-14 15:40:48,15668,15668,15668,2,0
2023-02-14 15:40:50,15668,15668,15668,2,0
2023-02-14 15:40:53,15668,15668,15668,2,0
2023-02-14 15:40:54,15667,15667,15667,2,-2
2023-02-14 15:40:54,15667,15667,15667,2,0
2023-02-14 15:40:54,15667,15667,15667,2,0
2023-02-14 15:40:57,15667,15667,15667,2,0
2023-02-14 15:40:57,15667,15667,15667,2,0
2023-02-14 15:41:02,15667,15667,15667,2,0
2023-02-14 15:41:02,15667,15667,15667,2,0
2023-02-14 15:41:02,15668,15668,15668,2,2
2023-02-14 15:41:02,15668,15668,15668,2,0
2023-02-14 15:41:04,15667,15667,15667,2,-2
2023-02-14 15:41:12,15667,15667,15667,2,0
2023-02-14 15:41:14,15667,15667,15667,2,0
2023-02-14 15:41:15,15668,15668,15668,2,2
2023-02-14 15:41:18,15667,15667,15667,2,-2
2023-02-14 15:41:19,15668,15668,15668,2,2
2023-02-14 15:41:19,15668,15668,15668,2,0
2023-02-14 15:41:20,15667,15667,15667,2,-2
2023-02-14 15:41:20,15667,15667,15667,2,0
2023-02-14 15:41:20,15667,15667,15667,2,0
2023-02-14 15:41:20,15667,15667,15667,2,0
2023-02-14 15:41:25,15667,15667,15667,18,0
2023-02-14 15:41:25,15667,15667,15667,2,0
2023-02-14 15:41:25,15667,15667,15667,2,0
2023-02-14 15:41:25,15667,15667,15667,2,0
2023-02-14 15:41:47,15666,15666,15666,2,-2
2023-02-14 15:41:55,15666,15666,15666,6,0
2023-02-14 15:41:55,15666,15666,15666,2,0
2023-02-14 15:41:55,15666,15666,15666,2,0
2023-02-14 15:41:58,15666,15666,15666,2,0
2023-02-14 15:42:02,15666,15666,15666,2,0
2023-02-14 15:42:05,15666,15666,15666,2,0
2023-02-14 15:42:05,15667,15667,15667,2,2
2023-02-14 15:42:09,15666,15666,15666,2,-2
2023-02-14 15:42:12,15666,15666,15666,2,0
2023-02-14 15:42:13,15667,15667,15667,2,2
2023-02-14 15:42:13,15666,15666,15666,2,-2
2023-02-14 15:42:15,15666,15666,15666,2,0
2023-02-14 15:42:18,15667,15667,15667,2,2
2023-02-14 15:42:18,15666,15666,15666,2,-2
2023-02-14 15:42:18,15666,15666,15666,2,0
2023-02-14 15:42:19,15666,15666,15666,2,0
2023-02-14 15:42:31,15666,15666,15666,2,0
2023-02-14 15:42:31,15666,15666,15666,2,0
2023-02-14 15:42:31,15666,15666,15666,2,0
2023-02-14 15:42:34,15666,15666,15666,4,0
2023-02-14 15:42:41,15666,15666,15666,2,0
2023-02-14 15:42:42,15666,15666,15666,2,0
2023-02-14 15:42:44,15665,15665,15665,2,-2
2023-02-14 15:42:44,15665,15665,15665,2,0
2023-02-14 15:42:44,15665,15665,15665,2,0
2023-02-14 15:42:44,15665,15665,15665,2,0
2023-02-14 15:42:48,15665,15665,15665,2,0
2023-02-14 15:42:48,15665,15665,15665,2,0
2023-02-14 15:42:48,15665,15665,15665,4,0
2023-02-14 15:42:48,15665,15665,15665,2,0
2023-02-14 15:42:48,15665,15665,15665,2,0
2023-02-14 15:42:48,15665,15665,15665,4,0
2023-02-14 15:42:58,15665,15665,15665,2,0
2023-02-14 15:43:00,15665,15665,15665,2,0
2023-02-14 15:43:02,15664,15664,15664,2,-2
2023-02-14 15:43:05,15664,15664,15664,2,0
2023-02-14 15:43:08,15664,15664,15664,2,0
2023-02-14 15:43:13,15664,15664,15664,2,0
2023-02-14 15:43:21,15664,15664,15664,2,0
2023-02-14 15:43:24,15665,15665,15665,2,2
2023-02-14 15:43:39,15665,15665,15665,10,0
2023-02-14 15:43:40,15666,15666,15666,2,2
2023-02-14 15:43:40,15666,15666,15666,8,0
2023-02-14 15:43:40,15666,15666,15666,4,0
2023-02-14 15:43:40,15666,15666,15666,2,0
2023-02-14 15:43:42,15666,15666,15666,2,0
2023-02-14 15:43:42,15666,15666,15666,2,0
2023-02-14 15:43:42,15667,15667,15667,2,2
2023-02-14 15:43:52,15667,15667,15667,2,0
2023-02-14 15:43:54,15665,15665,15665,2,-2
2023-02-14 15:43:55,15665,15665,15665,2,0
2023-02-14 15:44:02,15664,15664,15664,2,-2
2023-02-14 15:44:03,15664,15664,15664,2,0
2023-02-14 15:44:04,15664,15664,15664,2,0
2023-02-14 15:44:05,15664,15664,15664,2,0
2023-02-14 15:44:06,15664,15664,15664,2,0
2023-02-14 15:44:09,15664,15664,15664,2,0
2023-02-14 15:44:19,15665,15665,15665,2,2
2023-02-14 15:44:19,15665,15665,15665,2,0
2023-02-14 15:44:19,15665,15665,15665,2,0
2023-02-14 15:44:46,15666,15666,15666,2,2
2023-02-14 15:44:50,15667,15667,15667,2,2
2023-02-14 15:44:51,15667,15667,15667,2,0
2023-02-14 15:45:03,15666,15666,15666,2,-2
2023-02-14 15:45:03,15665,15665,15665,4,-4
2023-02-14 15:45:03,15665,15665,15665,2,0
2023-02-14 15:45:03,15665,15665,15665,2,0
2023-02-14 15:45:03,15665,15665,15665,2,0
2023-02-14 15:45:03,15665,15665,15665,2,0
2023-02-14 15:45:03,15665,15665,15665,2,0
2023-02-14 15:45:03,15667,15667,15667,4,4
2023-02-14 15:45:12,15667,15667,15667,2,0
2023-02-14 15:45:12,15667,15667,15667,4,0
2023-02-14 15:45:15,15667,15667,15667,2,0
2023-02-14 15:45:19,15667,15667,15667,2,0
2023-02-14 15:45:29,15666,15666,15666,4,-4
2023-02-14 15:45:29,15666,15666,15666,2,0
2023-02-14 15:45:29,15666,15666,15666,2,0
2023-02-14 15:45:29,15666,15666,15666,2,0
2023-02-14 15:45:29,15666,15666,15666,2,0
2023-02-14 15:45:29,15666,15666,15666,2,0
2023-02-14 15:45:29,15666,15666,15666,2,0
2023-02-14 15:45:33,15666,15666,15666,2,0
2023-02-14 15:45:39,15666,15666,15666,2,0
2023-02-14 15:45:49,15665,15665,15665,2,-2
2023-02-14 15:45:51,15666,15666,15666,2,2
2023-02-14 15:45:54,15666,15666,15666,2,0
2023-02-14 15:45:54,15666,15666,15666,2,0
2023-02-14 15:46:05,15667,15667,15667,4,4
2023-02-14 15:46:10,15668,15668,15668,2,2
2023-02-14 15:46:15,15668,15668,15668,2,0
2023-02-14 15:46:18,15667,15667,15667,2,-2
2023-02-14 15:46:26,15667,15667,15667,2,0
2023-02-14 15:46:26,15666,15666,15666,4,-4
2023-02-14 15:46:30,15667,15667,15667,2,2
2023-02-14 15:46:38,15667,15667,15667,4,0
2023-02-14 15:46:38,15667,15667,15667,2,0
2023-02-14 15:46:38,15667,15667,15667,2,0
2023-02-14 15:46:38,15667,15667,15667,4,0
2023-02-14 15:46:38,15667,15667,15667,2,0
2023-02-14 15:46:54,15666,15666,15666,2,-2
2023-02-14 15:47:07,15667,15667,15667,2,2
2023-02-14 15:47:08,15667,15667,15667,2,0
2023-02-14 15:47:30,15667,15667,15667,2,0
2023-02-14 15:47:30,15667,15667,15667,2,0
2023-02-14 15:47:30,15667,15667,15667,2,0
2023-02-14 15:47:40,15668,15668,15668,2,2
2023-02-14 15:47:41,15668,15668,15668,2,0
2023-02-14 15:47:59,15667,15667,15667,2,-2
2023-02-14 15:47:59,15667,15667,15667,2,0
2023-02-14 15:48:12,15667,15667,15667,2,0
2023-02-14 15:48:13,15667,15667,15667,2,0
2023-02-14 15:48:16,15667,15667,15667,6,0
2023-02-14 15:48:23,15667,15667,15667,4,0
2023-02-14 15:48:31,15668,15668,15668,2,2
2023-02-14 15:48:46,15668,15668,15668,2,0
2023-02-14 15:48:59,15668,15668,15668,4,0
2023-02-14 15:49:06,15669,15669,15669,2,2
2023-02-14 15:49:06,15669,15669,15669,6,0
2023-02-14 15:49:06,15669,15669,15669,4,0
2023-02-14 15:49:06,15669,15669,15669,2,0
2023-02-14 15:49:06,15669,15669,15669,2,0
2023-02-14 15:49:06,15669,15669,15669,6,0
2023-02-14 15:49:06,15669,15669,15669,2,0
2023-02-14 15:49:13,15670,15670,15670,2,2
2023-02-14 15:49:53,15670,15670,15670,16,0
2023-02-14 15:50:02,15669,15669,15669,2,-2
2023-02-14 15:50:03,15670,15670,15670,2,2
2023-02-14 15:50:03,15670,15670,15670,2,0
2023-02-14 15:50:03,15670,15670,15670,8,0
2023-02-14 15:50:04,15671,15671,15671,2,2
2023-02-14 15:50:04,15671,15671,15671,2,0
2023-02-14 15:50:04,15672,15672,15672,8,8
2023-02-14 15:50:11,15671,15671,15671,2,-2
2023-02-14 15:50:20,15670,15670,15670,2,-2
2023-02-14 15:50:33,15670,15670,15670,2,0
2023-02-14 15:50:37,15670,15670,15670,2,0
2023-02-14 15:50:37,15670,15670,15670,6,0
2023-02-14 15:50:37,15670,15670,15670,2,0
2023-02-14 15:50:48,15670,15670,15670,4,0
2023-02-14 15:50:56,15669,15669,15669,2,-2
2023-02-14 15:50:56,15669,15669,15669,2,0
2023-02-14 15:50:57,15670,15670,15670,2,2
2023-02-14 15:50:58,15670,15670,15670,2,0
2023-02-14 15:51:03,15669,15669,15669,2,-2
2023-02-14 15:51:03,15669,15669,15669,2,0
2023-02-14 15:51:03,15669,15669,15669,2,0
2023-02-14 15:51:03,15669,15669,15669,2,0
2023-02-14 15:51:03,15669,15669,15669,4,0
2023-02-14 15:51:29,15668,15668,15668,2,-2
2023-02-14 15:51:56,15668,15668,15668,2,0
2023-02-14 15:52:14,15668,15668,15668,2,0
2023-02-14 15:52:14,15668,15668,15668,2,0
2023-02-14 15:52:25,15669,15669,15669,2,2
2023-02-14 15:52:30,15669,15669,15669,2,0
2023-02-14 15:52:53,15670,15670,15670,4,4
2023-02-14 15:52:57,15669,15669,15669,2,-2
2023-02-14 15:53:04,15669,15669,15669,14,0
2023-02-14 15:53:06,15670,15670,15670,2,2
2023-02-14 15:53:08,15670,15670,15670,2,0
2023-02-14 15:53:55,15670,15670,15670,2,0
2023-02-14 15:53:55,15670,15670,15670,2,0
2023-02-14 15:53:55,15670,15670,15670,2,0
2023-02-14 15:53:55,15670,15670,15670,2,0
2023-02-14 15:53:55,15671,15671,15671,8,8
2023-02-14 15:54:02,15671,15671,15671,2,0
2023-02-14 15:54:13,15670,15670,15670,2,-2
2023-02-14 15:54:17,15670,15670,15670,2,0
2023-02-14 15:54:17,15670,15670,15670,2,0
2023-02-14 15:54:17,15669,15669,15669,6,-6
2023-02-14 15:54:17,15669,15669,15669,4,0
2023-02-14 15:54:17,15670,15670,15670,2,2
2023-02-14 15:54:38,15669,15669,15669,2,-2
2023-02-14 15:54:42,15669,15669,15669,2,0
2023-02-14 15:55:00,15669,15669,15669,2,0
2023-02-14 15:55:00,15669,15669,15669,2,0
2023-02-14 15:55:01,15669,15669,15669,4,0
2023-02-14 15:55:04,15669,15669,15669,4,0
2023-02-14 15:55:11,15669,15669,15669,2,0
2023-02-14 15:55:26,15669,15669,15669,2,0
2023-02-14 15:55:44,15668,15668,15668,2,-2
2023-02-14 15:55:45,15667,15667,15667,2,-2
2023-02-14 15:55:45,15667,15667,15667,2,0
2023-02-14 15:55:45,15667,15667,15667,2,0
2023-02-14 15:56:15,15667,15667,15667,2,0
2023-02-14 15:56:15,15667,15667,15667,4,0
2023-02-14 15:56:15,15667,15667,15667,4,0
2023-02-14 15:56:15,15667,15667,15667,2,0
2023-02-14 15:56:27,15666,15666,15666,2,-2
2023-02-14 15:56:33,15666,15666,15666,4,0
2023-02-14 15:56:33,15666,15666,15666,2,0
2023-02-14 15:56:33,15666,15666,15666,2,0
2023-02-14 15:56:33,15666,15666,15666,2,0
2023-02-14 15:56:33,15666,15666,15666,6,0
2023-02-14 15:56:38,15666,15666,15666,2,0
2023-02-14 15:56:46,15667,15667,15667,2,2
2023-02-14 15:56:46,15667,15667,15667,2,0
2023-02-14 15:56:51,15667,15667,15667,2,0
2023-02-14 15:57:03,15666,15666,15666,2,-2
2023-02-14 15:57:15,15666,15666,15666,2,0
2023-02-14 15:57:22,15666,15666,15666,2,0
2023-02-14 15:57:22,15666,15666,15666,2,0
2023-02-14 15:57:22,15666,15666,15666,2,0
2023-02-14 15:57:22,15666,15666,15666,2,0
2023-02-14 15:57:32,15666,15666,15666,2,0
2023-02-14 15:58:00,15667,15667,15667,2,2
2023-02-14 15:58:13,15666,15666,15666,2,-2
2023-02-14 15:58:20,15667,15667,15667,2,2
2023-02-14 15:58:20,15667,15667,15667,2,0
2023-02-14 15:59:20,15668,15668,15668,6,6
2023-02-14 15:59:26,15668,15668,15668,8,0
2023-02-14 15:59:52,15669,15669,15669,4,4
2023-02-14 15:59:53,15669,15669,15669,2,0
2023-02-14 15:59:58,15669,15669,15669,2,0
2023-02-14 16:00:00,15670,15670,15670,2,2
2023-02-14 16:00:00,15670,15670,15670,2,0
2023-02-14 16:00:00,15670,15670,15670,2,0
2023-02-14 16:00:00,15671,15671,15671,4,4
2023-02-14 16:00:00,15672,15672,15672,2,2
2023-02-14 16:00:00,15672,15672,15672,8,0
2023-02-14 16:00:01,15672,15672,15672,2,0
2023-02-14 16:00:01,15673,15673,15673,2,2
2023-02-14 16:00:01,15673,15673,15673,2,0
2023-02-14 16:00:01,15673,15673,15673,2,0
2023-02-14 16:00:01,15673,15673,15673,2,0
2023-02-14 16:00:01,15674,15674,15674,12,12
2023-02-14 16:00:01,15674,15674,15674,2,0
2023-02-14 16:00:01,15674,15674,15674,2,0
2023-02-14 16:00:02,15674,15674,15674,10,0
2023-02-14 16:00:02,15673,15673,15673,4,-4
2023-02-14 16:00:04,15673,15673,15673,4,0
2023-02-14 16:00:06,15671,15671,15671,2,-2
2023-02-14 16:00:06,15672,15672,15672,2,2
2023-02-14 16:00:13,15674,15674,15674,2,2
2023-02-14 16:00:15,15673,15673,15673,2,-2
2023-02-14 16:00:21,15673,15673,15673,2,0
2023-02-14 16:00:21,15673,15673,15673,2,0
2023-02-14 16:00:21,15673,15673,15673,2,0
2023-02-14 16:00:29,15674,15674,15674,2,2
2023-02-14 16:00:30,15674,15674,15674,2,0
2023-02-14 16:00:31,15675,15675,15675,2,2
2023-02-14 16:00:36,15674,15674,15674,2,-2
2023-02-14 16:00:38,15675,15675,15675,2,2
2023-02-14 16:00:43,15674,15674,15674,2,-2
2023-02-14 16:00:44,15674,15674,15674,2,0
2023-02-14 16:00:44,15674,15674,15674,6,0
2023-02-14 16:00:50,15673,15673,15673,2,-2
2023-02-14 16:00:51,15673,15673,15673,2,0
2023-02-14 16:00:53,15673,15673,15673,2,0
2023-02-14 16:00:54,15672,15672,15672,2,-2
2023-02-14 16:00:55,15671,15671,15671,2,-2
2023-02-14 16:00:56,15670,15670,15670,2,-2
2023-02-14 16:01:04,15674,15674,15674,2,2
2023-02-14 16:01:04,15674,15674,15674,2,0
2023-02-14 16:01:04,15674,15674,15674,2,0
2023-02-14 16:01:04,15673,15673,15673,2,-2
2023-02-14 16:01:05,15673,15673,15673,2,0
2023-02-14 16:01:09,15674,15674,15674,4,4
2023-02-14 16:01:09,15673,15673,15673,2,-2
2023-02-14 16:01:11,15673,15673,15673,2,0
2023-02-14 16:01:17,15674,15674,15674,2,2
2023-02-14 16:01:18,15674,15674,15674,2,0
2023-02-14 16:01:23,15673,15673,15673,2,-2
2023-02-14 16:01:29,15674,15674,15674,2,2
2023-02-14 16:01:36,15673,15673,15673,2,-2
2023-02-14 16:01:40,15673,15673,15673,2,0
2023-02-14 16:01:50,15670,15670,15670,2,-2
2023-02-14 16:01:52,15670,15670,15670,2,0
2023-02-14 16:01:56,15670,15670,15670,2,0
2023-02-14 16:01:59,15670,15670,15670,2,0
2023-02-14 16:02:00,15671,15671,15671,2,2
2023-02-14 16:02:00,15671,15671,15671,2,0
2023-02-14 16:02:04,15670,15670,15670,2,-2
2023-02-14 16:02:04,15670,15670,15670,4,0
2023-02-14 16:02:04,15670,15670,15670,2,0
2023-02-14 16:02:04,15670,15670,15670,2,0
2023-02-14 16:02:04,15670,15670,15670,2,0
2023-02-14 16:02:04,15670,15670,15670,2,0
2023-02-14 16:02:04,15670,15670,15670,2,0
2023-02-14 16:02:04,15670,15670,15670,2,0
2023-02-14 16:02:04,15670,15670,15670,2,0
2023-02-14 16:02:04,15670,15670,15670,2,0
2023-02-14 16:02:07,15668,15668,15668,2,-2
2023-02-14 16:02:07,15668,15668,15668,2,0
2023-02-14 16:02:08,15670,15670,15670,2,2
2023-02-14 16:02:09,15670,15670,15670,2,0
2023-02-14 16:02:09,15670,15670,15670,10,0
2023-02-14 16:02:09,15670,15670,15670,4,0
2023-02-14 16:02:09,15670,15670,15670,4,0
2023-02-14 16:02:09,15670,15670,15670,6,0
2023-02-14 16:02:10,15670,15670,15670,2,0
2023-02-14 16:02:10,15670,15670,15670,2,0
2023-02-14 16:02:10,15670,15670,15670,2,0
2023-02-14 16:02:16,15670,15670,15670,2,0
2023-02-14 16:02:21,15669,15669,15669,12,-12
2023-02-14 16:02:21,15669,15669,15669,4,0
2023-02-14 16:02:22,15668,15668,15668,2,-2
2023-02-14 16:02:22,15669,15669,15669,2,2
2023-02-14 16:02:27,15668,15668,15668,2,-2
2023-02-14 16:02:28,15668,15668,15668,2,0
2023-02-14 16:02:28,15668,15668,15668,2,0
2023-02-14 16:02:28,15668,15668,15668,2,0
2023-02-14 16:02:32,15667,15667,15667,2,-2
2023-02-14 16:02:32,15667,15667,15667,6,0
2023-02-14 16:02:32,15667,15667,15667,8,0
2023-02-14 16:02:32,15667,15667,15667,2,0
2023-02-14 16:02:32,15667,15667,15667,2,0
2023-02-14 16:02:32,15667,15667,15667,2,0
2023-02-14 16:02:32,15667,15667,15667,2,0
2023-02-14 16:02:33,15666,15666,15666,2,-2
2023-02-14 16:02:33,15666,15666,15666,4,0
2023-02-14 16:02:44,15666,15666,15666,2,0
2023-02-14 16:02:44,15666,15666,15666,6,0
2023-02-14 16:02:44,15666,15666,15666,4,0
2023-02-14 16:02:44,15666,15666,15666,2,0
2023-02-14 16:02:44,15666,15666,15666,2,0
2023-02-14 16:02:49,15667,15667,15667,2,2
2023-02-14 16:02:51,15668,15668,15668,4,4
2023-02-14 16:02:56,15667,15667,15667,2,-2
2023-02-14 16:02:57,15667,15667,15667,2,0
2023-02-14 16:03:01,15667,15667,15667,2,0
2023-02-14 16:03:01,15667,15667,15667,4,0
2023-02-14 16:03:03,15667,15667,15667,2,0
2023-02-14 16:03:03,15667,15667,15667,2,0
2023-02-14 16:03:08,15666,15666,15666,2,-2
2023-02-14 16:03:11,15666,15666,15666,2,0
2023-02-14 16:03:17,15667,15667,15667,2,2
2023-02-14 16:03:18,15668,15668,15668,2,2
2023-02-14 16:03:22,15668,15668,15668,2,0
2023-02-14 16:03:32,15668,15668,15668,4,0
2023-02-14 16:03:34,15669,15669,15669,2,2
2023-02-14 16:03:37,15668,15668,15668,2,-2
2023-02-14 16:03:37,15669,15669,15669,4,4
2023-02-14 16:03:37,15669,15669,15669,2,0
2023-02-14 16:03:45,15668,15668,15668,2,-2
2023-02-14 16:03:45,15668,15668,15668,2,0
2023-02-14 16:03:45,15668,15668,15668,2,0
2023-02-14 16:03:45,15668,15668,15668,6,0
2023-02-14 16:03:45,15668,15668,15668,2,0
2023-02-14 16:03:54,15667,15667,15667,2,-2
2023-02-14 16:03:56,15667,15667,15667,2,0
2023-02-14 16:03:56,15667,15667,15667,2,0
2023-02-14 16:04:00,15667,15667,15667,2,0
2023-02-14 16:04:01,15667,15667,15667,2,0
2023-02-14 16:04:01,15667,15667,15667,2,0
2023-02-14 16:04:04,15666,15666,15666,2,-2
2023-02-14 16:04:04,15666,15666,15666,2,0
2023-02-14 16:04:04,15666,15666,15666,2,0
2023-02-14 16:04:04,15666,15666,15666,2,0
2023-02-14 16:04:04,15666,15666,15666,2,0
2023-02-14 16:04:06,15665,15665,15665,2,-2
2023-02-14 16:04:17,15665,15665,15665,2,0
2023-02-14 16:04:22,15665,15665,15665,2,0
2023-02-14 16:04:22,15665,15665,15665,2,0
2023-02-14 16:04:22,15665,15665,15665,2,0
2023-02-14 16:04:22,15665,15665,15665,2,0
2023-02-14 16:04:22,15665,15665,15665,4,0
2023-02-14 16:04:22,15665,15665,15665,4,0
2023-02-14 16:04:22,15665,15665,15665,2,0
2023-02-14 16:04:22,15665,15665,15665,2,0
2023-02-14 16:04:22,15665,15665,15665,6,0
2023-02-14 16:04:22,15665,15665,15665,2,0
2023-02-14 16:04:22,15665,15665,15665,2,0
2023-02-14 16:04:22,15665,15665,15665,4,0
2023-02-14 16:04:26,15665,15665,15665,2,0
2023-02-14 16:04:26,15664,15664,15664,2,-2
2023-02-14 16:04:26,15664,15664,15664,2,0
2023-02-14 16:04:27,15663,15663,15663,2,-2
2023-02-14 16:04:27,15663,15663,15663,2,0
2023-02-14 16:04:28,15663,15663,15663,2,0
2023-02-14 16:04:34,15663,15663,15663,2,0
2023-02-14 16:04:34,15663,15663,15663,2,0
2023-02-14 16:04:34,15663,15663,15663,2,0
2023-02-14 16:04:34,15663,15663,15663,2,0
2023-02-14 16:04:34,15663,15663,15663,2,0
2023-02-14 16:04:34,15663,15663,15663,6,0
2023-02-14 16:04:34,15663,15663,15663,2,0
2023-02-14 16:04:34,15663,15663,15663,2,0
2023-02-14 16:04:34,15663,15663,15663,2,0
2023-02-14 16:04:34,15663,15663,15663,2,0
2023-02-14 16:04:34,15663,15663,15663,2,0
2023-02-14 16:04:34,15663,15663,15663,2,0
2023-02-14 16:04:34,15663,15663,15663,2,0
2023-02-14 16:04:34,15663,15663,15663,8,0
2023-02-14 16:04:34,15663,15663,15663,2,0
2023-02-14 16:04:34,15663,15663,15663,10,0
2023-02-14 16:04:38,15662,15662,15662,2,-2
2023-02-14 16:04:39,15662,15662,15662,2,0
2023-02-14 16:04:40,15662,15662,15662,2,0
2023-02-14 16:04:40,15662,15662,15662,2,0
2023-02-14 16:04:40,15662,15662,15662,2,0
2023-02-14 16:04:40,15662,15662,15662,2,0
2023-02-14 16:04:40,15662,15662,15662,2,0
2023-02-14 16:04:40,15662,15662,15662,2,0
2023-02-14 16:04:40,15662,15662,15662,2,0
2023-02-14 16:04:41,15661,15661,15661,2,-2
2023-02-14 16:04:41,15661,15661,15661,2,0
2023-02-14 16:04:41,15661,15661,15661,10,0
2023-02-14 16:04:41,15661,15661,15661,6,0
2023-02-14 16:04:41,15661,15661,15661,4,0
2023-02-14 16:04:41,15661,15661,15661,2,0
2023-02-14 16:04:41,15661,15661,15661,2,0
2023-02-14 16:04:41,15661,15661,15661,2,0
2023-02-14 16:04:41,15661,15661,15661,2,0
2023-02-14 16:04:41,15661,15661,15661,2,0
2023-02-14 16:04:43,15660,15660,15660,2,-2
2023-02-14 16:04:44,15660,15660,15660,2,0
2023-02-14 16:04:44,15660,15660,15660,2,0
2023-02-14 16:04:44,15660,15660,15660,2,0
2023-02-14 16:04:44,15660,15660,15660,2,0
2023-02-14 16:04:44,15660,15660,15660,2,0
2023-02-14 16:04:44,15660,15660,15660,2,0
2023-02-14 16:04:44,15660,15660,15660,2,0
2023-02-14 16:04:44,15660,15660,15660,2,0
2023-02-14 16:04:44,15660,15660,15660,2,0
2023-02-14 16:04:44,15660,15660,15660,16,0
2023-02-14 16:04:44,15660,15660,15660,2,0
2023-02-14 16:04:44,15660,15660,15660,2,0
2023-02-14 16:04:44,15660,15660,15660,2,0
2023-02-14 16:04:46,15660,15660,15660,2,0
2023-02-14 16:04:50,15660,15660,15660,2,0
2023-02-14 16:04:51,15659,15659,15659,2,-2
2023-02-14 16:04:51,15659,15659,15659,2,0
2023-02-14 16:04:51,15659,15659,15659,2,0
2023-02-14 16:04:51,15659,15659,15659,2,0
2023-02-14 16:04:51,15659,15659,15659,2,0
2023-02-14 16:04:51,15660,15660,15660,2,2
2023-02-14 16:04:52,15660,15660,15660,2,0
2023-02-14 16:04:54,15661,15661,15661,8,8
2023-02-14 16:04:57,15660,15660,15660,2,-2
2023-02-14 16:04:57,15660,15660,15660,2,0
2023-02-14 16:04:59,15660,15660,15660,2,0
2023-02-14 16:05:01,15660,15660,15660,2,0
2023-02-14 16:05:02,15660,15660,15660,2,0
2023-02-14 16:05:02,15660,15660,15660,2,0
2023-02-14 16:05:03,15659,15659,15659,2,-2
2023-02-14 16:05:06,15660,15660,15660,2,2
2023-02-14 16:05:06,15659,15659,15659,2,-2
2023-02-14 16:05:07,15660,15660,15660,2,2
2023-02-14 16:05:09,15661,15661,15661,2,2
2023-02-14 16:05:09,15661,15661,15661,2,0
2023-02-14 16:05:09,15661,15661,15661,6,0
2023-02-14 16:05:09,15661,15661,15661,8,0
2023-02-14 16:05:09,15661,15661,15661,2,0
2023-02-14 16:05:09,15661,15661,15661,2,0
2023-02-14 16:05:09,15661,15661,15661,4,0
2023-02-14 16:05:09,15661,15661,15661,6,0
2023-02-14 16:05:11,15662,15662,15662,2,2
2023-02-14 16:05:15,15662,15662,15662,2,0
2023-02-14 16:05:17,15661,15661,15661,2,-2
2023-02-14 16:05:17,15661,15661,15661,2,0
2023-02-14 16:05:24,15660,15660,15660,2,-2
2023-02-14 16:05:26,15660,15660,15660,2,0
2023-02-14 16:05:27,15660,15660,15660,2,0
2023-02-14 16:05:29,15660,15660,15660,2,0
2023-02-14 16:05:29,15660,15660,15660,2,0
2023-02-14 16:05:29,15660,15660,15660,2,0
2023-02-14 16:05:29,15660,15660,15660,8,0
2023-02-14 16:05:29,15660,15660,15660,2,0
2023-02-14 16:05:29,15660,15660,15660,4,0
2023-02-14 16:05:29,15660,15660,15660,2,0
2023-02-14 16:05:32,15660,15660,15660,2,0
2023-02-14 16:05:34,15660,15660,15660,2,0
2023-02-14 16:05:41,15660,15660,15660,2,0
2023-02-14 16:05:44,15660,15660,15660,2,0
2023-02-14 16:05:45,15660,15660,15660,2,0
2023-02-14 16:05:46,15660,15660,15660,2,0
2023-02-14 16:05:46,15660,15660,15660,2,0
2023-02-14 16:05:48,15661,15661,15661,2,2
2023-02-14 16:05:51,15662,15662,15662,2,2
2023-02-14 16:05:52,15661,15661,15661,2,-2
2023-02-14 16:05:53,15662,15662,15662,2,2
2023-02-14 16:05:58,15662,15662,15662,2,0
2023-02-14 16:05:59,15662,15662,15662,2,0
2023-02-14 16:06:07,15663,15663,15663,2,2
2023-02-14 16:06:09,15663,15663,15663,2,0
2023-02-14 16:06:21,15663,15663,15663,2,0
2023-02-14 16:06:21,15663,15663,15663,2,0
2023-02-14 16:06:23,15663,15663,15663,2,0
2023-02-14 16:06:28,15662,15662,15662,2,-2
2023-02-14 16:06:40,15662,15662,15662,2,0
2023-02-14 16:06:41,15663,15663,15663,2,2
2023-02-14 16:06:41,15662,15662,15662,2,-2
2023-02-14 16:06:41,15662,15662,15662,12,0
2023-02-14 16:06:41,15662,15662,15662,2,0
2023-02-14 16:06:50,15660,15660,15660,2,-2
2023-02-14 16:06:50,15660,15660,15660,2,0
2023-02-14 16:06:50,15660,15660,15660,6,0
2023-02-14 16:06:50,15660,15660,15660,2,0
2023-02-14 16:06:50,15660,15660,15660,2,0
2023-02-14 16:06:59,15661,15661,15661,2,2
2023-02-14 16:06:59,15660,15660,15660,2,-2
2023-02-14 16:07:02,15660,15660,15660,2,0
2023-02-14 16:07:04,15660,15660,15660,2,0
2023-02-14 16:07:04,15659,15659,15659,2,-2
2023-02-14 16:07:04,15659,15659,15659,2,0
2023-02-14 16:07:04,15659,15659,15659,2,0
2023-02-14 16:07:04,15659,15659,15659,2,0
2023-02-14 16:07:04,15659,15659,15659,2,0
2023-02-14 16:07:04,15659,15659,15659,2,0
2023-02-14 16:07:08,15659,15659,15659,2,0
2023-02-14 16:07:08,15660,15660,15660,4,4
2023-02-14 16:07:18,15659,15659,15659,8,-8
2023-02-14 16:07:18,15659,15659,15659,2,0
2023-02-14 16:07:21,15660,15660,15660,2,2
2023-02-14 16:07:28,15660,15660,15660,6,0
2023-02-14 16:07:33,15660,15660,15660,2,0
2023-02-14 16:07:33,15661,15661,15661,8,8
2023-02-14 16:07:38,15660,15660,15660,2,-2
2023-02-14 16:07:38,15659,15659,15659,4,-4
2023-02-14 16:07:38,15659,15659,15659,2,0
2023-02-14 16:07:38,15659,15659,15659,2,0
2023-02-14 16:07:38,15659,15659,15659,2,0
2023-02-14 16:07:38,15658,15658,15658,4,-4
2023-02-14 16:07:38,15658,15658,15658,2,0
2023-02-14 16:07:38,15658,15658,15658,2,0
2023-02-14 16:07:38,15658,15658,15658,2,0
2023-02-14 16:07:38,15658,15658,15658,2,0
2023-02-14 16:07:38,15658,15658,15658,2,0
2023-02-14 16:07:38,15658,15658,15658,2,0
2023-02-14 16:07:38,15658,15658,15658,2,0
2023-02-14 16:07:38,15658,15658,15658,2,0
2023-02-14 16:07:38,15658,15658,15658,2,0
2023-02-14 16:07:38,15658,15658,15658,2,0
2023-02-14 16:07:38,15658,15658,15658,30,0
2023-02-14 16:07:38,15658,15658,15658,2,0
2023-02-14 16:07:38,15658,15658,15658,2,0
2023-02-14 16:07:38,15658,15658,15658,4,0
2023-02-14 16:07:38,15658,15658,15658,2,0
2023-02-14 16:07:38,15658,15658,15658,2,0
2023-02-14 16:07:38,15658,15658,15658,2,0
2023-02-14 16:07:38,15658,15658,15658,2,0
2023-02-14 16:07:38,15657,15657,15657,2,-2
2023-02-14 16:07:38,15657,15657,15657,2,0
2023-02-14 16:07:38,15657,15657,15657,2,0
2023-02-14 16:07:38,15657,15657,15657,2,0
2023-02-14 16:07:38,15657,15657,15657,2,0
2023-02-14 16:07:38,15657,15657,15657,2,0
2023-02-14 16:07:38,15657,15657,15657,2,0
2023-02-14 16:07:38,15657,15657,15657,24,0
2023-02-14 16:07:38,15657,15657,15657,2,0
2023-02-14 16:07:38,15657,15657,15657,4,0
2023-02-14 16:07:38,15657,15657,15657,2,0
2023-02-14 16:07:38,15657,15657,15657,2,0
2023-02-14 16:07:38,15657,15657,15657,20,0
2023-02-14 16:07:38,15657,15657,15657,2,0
2023-02-14 16:07:39,15657,15657,15657,2,0
2023-02-14 16:07:39,15656,15656,15656,6,-6
2023-02-14 16:07:39,15656,15656,15656,20,0
2023-02-14 16:07:39,15656,15656,15656,10,0
2023-02-14 16:07:39,15656,15656,15656,4,0
2023-02-14 16:07:39,15656,15656,15656,2,0
2023-02-14 16:07:41,15658,15658,15658,2,2
2023-02-14 16:07:45,15657,15657,15657,2,-2
2023-02-14 16:07:45,15657,15657,15657,2,0
2023-02-14 16:07:46,15657,15657,15657,2,0
2023-02-14 16:07:46,15657,15657,15657,2,0
2023-02-14 16:07:46,15657,15657,15657,2,0
2023-02-14 16:07:46,15657,15657,15657,2,0
2023-02-14 16:07:46,15657,15657,15657,2,0
2023-02-14 16:07:50,15657,15657,15657,2,0
2023-02-14 16:07:50,15657,15657,15657,2,0
2023-02-14 16:07:50,15657,15657,15657,2,0
2023-02-14 16:07:51,15657,15657,15657,2,0
2023-02-14 16:07:52,15656,15656,15656,6,-6
2023-02-14 16:07:53,15657,15657,15657,2,2
2023-02-14 16:07:58,15657,15657,15657,2,0
2023-02-14 16:07:58,15657,15657,15657,2,0
2023-02-14 16:07:58,15658,15658,15658,10,10
2023-02-14 16:08:01,15657,15657,15657,2,-2
2023-02-14 16:08:02,15657,15657,15657,2,0
2023-02-14 16:08:06,15657,15657,15657,2,0
2023-02-14 16:08:06,15657,15657,15657,2,0
2023-02-14 16:08:08,15657,15657,15657,2,0
2023-02-14 16:08:08,15656,15656,15656,6,-6
2023-02-14 16:08:09,15656,15656,15656,6,0
2023-02-14 16:08:09,15656,15656,15656,2,0
2023-02-14 16:08:09,15656,15656,15656,2,0
2023-02-14 16:08:09,15656,15656,15656,2,0
2023-02-14 16:08:09,15656,15656,15656,2,0
2023-02-14 16:08:09,15656,15656,15656,14,0
2023-02-14 16:08:09,15656,15656,15656,2,0
2023-02-14 16:08:09,15656,15656,15656,4,0
2023-02-14 16:08:09,15656,15656,15656,2,0
2023-02-14 16:08:09,15656,15656,15656,2,0
2023-02-14 16:08:09,15656,15656,15656,2,0
2023-02-14 16:08:09,15656,15656,15656,2,0
2023-02-14 16:08:09,15656,15656,15656,8,0
2023-02-14 16:08:13,15656,15656,15656,2,0
2023-02-14 16:08:13,15656,15656,15656,2,0
2023-02-14 16:08:13,15656,15656,15656,2,0
2023-02-14 16:08:13,15656,15656,15656,2,0
2023-02-14 16:08:13,15656,15656,15656,2,0
2023-02-14 16:08:13,15656,15656,15656,2,0
2023-02-14 16:08:13,15656,15656,15656,2,0
2023-02-14 16:08:13,15656,15656,15656,4,0
2023-02-14 16:08:13,15656,15656,15656,2,0
2023-02-14 16:08:13,15656,15656,15656,2,0
2023-02-14 16:08:14,15656,15656,15656,2,0
2023-02-14 16:08:14,15656,15656,15656,2,0
2023-02-14 16:08:15,15657,15657,15657,4,4
2023-02-14 16:08:15,15658,15658,15658,16,16
2023-02-14 16:08:18,15657,15657,15657,2,-2
2023-02-14 16:08:18,15657,15657,15657,2,0
2023-02-14 16:08:18,15657,15657,15657,4,0
2023-02-14 16:08:18,15657,15657,15657,6,0
2023-02-14 16:08:18,15657,15657,15657,2,0
2023-02-14 16:08:35,15656,15656,15656,2,-2
2023-02-14 16:08:36,15656,15656,15656,2,0
2023-02-14 16:08:37,15656,15656,15656,2,0
2023-02-14 16:08:40,15656,15656,15656,2,0
2023-02-14 16:08:43,15656,15656,15656,2,0
2023-02-14 16:08:47,15656,15656,15656,4,0
2023-02-14 16:08:47,15656,15656,15656,2,0
2023-02-14 16:08:47,15655,15655,15655,2,-2
2023-02-14 16:08:47,15655,15655,15655,2,0
2023-02-14 16:08:47,15655,15655,15655,4,0
2023-02-14 16:08:47,15655,15655,15655,2,0
2023-02-14 16:08:48,15656,15656,15656,2,2
2023-02-14 16:08:49,15657,15657,15657,10,10
2023-02-14 16:08:49,15657,15657,15657,2,0
2023-02-14 16:08:49,15657,15657,15657,2,0
2023-02-14 16:08:49,15657,15657,15657,4,0
2023-02-14 16:08:49,15658,15658,15658,2,2
2023-02-14 16:08:50,15656,15656,15656,2,-2
2023-02-14 16:08:52,15657,15657,15657,2,2
2023-02-14 16:09:04,15656,15656,15656,2,-2
2023-02-14 16:09:04,15656,15656,15656,2,0
2023-02-14 16:09:04,15656,15656,15656,2,0
2023-02-14 16:09:05,15656,15656,15656,2,0
2023-02-14 16:09:11,15656,15656,15656,2,0
2023-02-14 16:09:11,15656,15656,15656,8,0
2023-02-14 16:09:21,15656,15656,15656,4,0
2023-02-14 16:09:23,15656,15656,15656,2,0
2023-02-14 16:09:38,15657,15657,15657,4,4
2023-02-14 16:09:44,15658,15658,15658,8,8
2023-02-14 16:09:44,15658,15658,15658,6,0
2023-02-14 16:09:44,15657,15657,15657,2,-2
2023-02-14 16:09:49,15658,15658,15658,2,2
2023-02-14 16:09:50,15658,15658,15658,2,0
2023-02-14 16:09:51,15659,15659,15659,6,6
2023-02-14 16:09:55,15660,15660,15660,2,2
2023-02-14 16:09:57,15660,15660,15660,6,0
2023-02-14 16:10:00,15661,15661,15661,2,2
2023-02-14 16:10:00,15662,15662,15662,2,2
2023-02-14 16:10:01,15660,15660,15660,2,-2
2023-02-14 16:10:01,15659,15659,15659,2,-2
2023-02-14 16:10:08,15659,15659,15659,2,0
2023-02-14 16:10:09,15661,15661,15661,20,20
2023-02-14 16:10:16,15661,15661,15661,2,0
2023-02-14 16:10:23,15663,15663,15663,4,4
2023-02-14 16:10:29,15663,15663,15663,2,0
2023-02-14 16:10:34,15662,15662,15662,6,-6
2023-02-14 16:10:34,15662,15662,15662,4,0
2023-02-14 16:10:38,15661,15661,15661,2,-2
2023-02-14 16:10:41,15661,15661,15661,2,0
2023-02-14 16:10:41,15662,15662,15662,2,2
2023-02-14 16:10:46,15662,15662,15662,2,0
2023-02-14 16:11:03,15663,15663,15663,2,2
2023-02-14 16:11:04,15663,15663,15663,4,0
2023-02-14 16:11:04,15662,15662,15662,2,-2
2023-02-14 16:11:04,15662,15662,15662,2,0
2023-02-14 16:11:04,15662,15662,15662,2,0
2023-02-14 16:11:06,15662,15662,15662,2,0
2023-02-14 16:11:06,15662,15662,15662,4,0
2023-02-14 16:11:19,15661,15661,15661,2,-2
2023-02-14 16:11:24,15660,15660,15660,2,-2
2023-02-14 16:11:24,15660,15660,15660,2,0
2023-02-14 16:11:24,15660,15660,15660,2,0
2023-02-14 16:11:24,15660,15660,15660,4,0
2023-02-14 16:11:24,15660,15660,15660,2,0
2023-02-14 16:11:31,15659,15659,15659,2,-2
2023-02-14 16:11:31,15659,15659,15659,4,0
2023-02-14 16:11:31,15659,15659,15659,2,0
2023-02-14 16:11:31,15659,15659,15659,2,0
2023-02-14 16:11:31,15659,15659,15659,2,0
2023-02-14 16:11:31,15659,15659,15659,2,0
2023-02-14 16:11:34,15658,15658,15658,2,-2
2023-02-14 16:11:45,15659,15659,15659,2,2
2023-02-14 16:11:45,15659,15659,15659,2,0
2023-02-14 16:11:46,15658,15658,15658,2,-2
2023-02-14 16:11:49,15660,15660,15660,2,2
2023-02-14 16:11:54,15659,15659,15659,2,-2
2023-02-14 16:12:15,15659,15659,15659,2,0
2023-02-14 16:12:16,15659,15659,15659,2,0
2023-02-14 16:12:23,15659,15659,15659,2,0
2023-02-14 16:12:30,15660,15660,15660,2,2
2023-02-14 16:12:30,15660,15660,15660,6,0
2023-02-14 16:12:31,15661,15661,15661,2,2
2023-02-14 16:12:36,15660,15660,15660,2,-2
2023-02-14 16:12:36,15660,15660,15660,2,0
2023-02-14 16:12:36,15660,15660,15660,2,0
2023-02-14 16:12:36,15660,15660,15660,2,0
2023-02-14 16:12:36,15659,15659,15659,2,-2
2023-02-14 16:12:36,15659,15659,15659,2,0
2023-02-14 16:12:36,15659,15659,15659,4,0
2023-02-14 16:12:36,15659,15659,15659,4,0
2023-02-14 16:12:36,15659,15659,15659,2,0
2023-02-14 16:12:42,15661,15661,15661,12,12
2023-02-14 16:12:42,15661,15661,15661,4,0
2023-02-14 16:12:49,15660,15660,15660,2,-2
2023-02-14 16:12:57,15661,15661,15661,2,2
2023-02-14 16:13:15,15660,15660,15660,2,-2
2023-02-14 16:13:16,15659,15659,15659,2,-2
2023-02-14 16:13:18,15659,15659,15659,2,0
2023-02-14 16:13:18,15659,15659,15659,2,0
2023-02-14 16:13:18,15659,15659,15659,2,0
2023-02-14 16:13:18,15659,15659,15659,2,0
2023-02-14 16:13:18,15659,15659,15659,2,0
2023-02-14 16:13:18,15659,15659,15659,2,0
2023-02-14 16:13:18,15659,15659,15659,4,0
2023-02-14 16:13:18,15659,15659,15659,2,0
2023-02-14 16:13:18,15659,15659,15659,2,0
2023-02-14 16:13:18,15659,15659,15659,2,0
2023-02-14 16:13:30,15660,15660,15660,4,4
2023-02-14 16:13:34,15659,15659,15659,2,-2
2023-02-14 16:14:05,15660,15660,15660,2,2
2023-02-14 16:14:08,15660,15660,15660,2,0
2023-02-14 16:14:08,15659,15659,15659,2,-2
2023-02-14 16:14:10,15660,15660,15660,2,2
2023-02-14 16:14:11,15661,15661,15661,2,2
2023-02-14 16:14:11,15661,15661,15661,8,0
2023-02-14 16:14:11,15661,15661,15661,2,0
2023-02-14 16:14:11,15661,15661,15661,2,0
2023-02-14 16:14:13,15662,15662,15662,2,2
2023-02-14 16:14:18,15662,15662,15662,2,0
2023-02-14 16:14:21,15661,15661,15661,2,-2
2023-02-14 16:14:33,15661,15661,15661,2,0
2023-02-14 16:14:39,15660,15660,15660,2,-2
2023-02-14 16:14:49,15659,15659,15659,2,-2
2023-02-14 16:14:49,15659,15659,15659,2,0
2023-02-14 16:14:50,15658,15658,15658,4,-4
2023-02-14 16:14:50,15658,15658,15658,2,0
2023-02-14 16:14:50,15658,15658,15658,2,0
2023-02-14 16:14:50,15658,15658,15658,2,0
2023-02-14 16:14:50,15658,15658,15658,2,0
2023-02-14 16:14:50,15658,15658,15658,2,0
2023-02-14 16:14:50,15658,15658,15658,2,0
2023-02-14 16:14:50,15658,15658,15658,2,0
2023-02-14 16:14:50,15658,15658,15658,2,0
2023-02-14 16:14:50,15658,15658,15658,2,0
2023-02-14 16:14:50,15658,15658,15658,2,0
2023-02-14 16:14:50,15658,15658,15658,2,0
2023-02-14 16:14:52,15658,15658,15658,2,0
2023-02-14 16:14:59,15658,15658,15658,10,0
2023-02-14 16:15:13,15659,15659,15659,2,2
2023-02-14 16:15:26,15659,15659,15659,2,0
2023-02-14 16:15:31,15659,15659,15659,6,0
2023-02-14 16:15:31,15659,15659,15659,2,0
2023-02-14 16:15:31,15659,15659,15659,2,0
2023-02-14 16:15:31,15659,15659,15659,2,0
2023-02-14 16:15:32,15658,15658,15658,2,-2
2023-02-14 16:15:32,15658,15658,15658,2,0
2023-02-14 16:15:32,15658,15658,15658,2,0
2023-02-14 16:15:45,15658,15658,15658,4,0
2023-02-14 16:16:03,15658,15658,15658,2,0
2023-02-14 16:16:03,15658,15658,15658,2,0
2023-02-14 16:16:03,15658,15658,15658,2,0
2023-02-14 16:16:03,15658,15658,15658,2,0
2023-02-14 16:16:03,15658,15658,15658,2,0
2023-02-14 16:16:03,15658,15658,15658,2,0
2023-02-14 16:16:05,15657,15657,15657,4,-4
2023-02-14 16:16:05,15657,15657,15657,4,0
2023-02-14 16:16:05,15657,15657,15657,2,0
2023-02-14 16:16:21,15657,15657,15657,6,0
2023-02-14 16:16:21,15657,15657,15657,2,0
2023-02-14 16:16:25,15658,15658,15658,4,4
2023-02-14 16:16:25,15659,15659,15659,26,26
2023-02-14 16:16:27,15658,15658,15658,2,-2
2023-02-14 16:16:41,15658,15658,15658,2,0
2023-02-14 16:16:41,15658,15658,15658,2,0
2023-02-14 16:16:47,15657,15657,15657,2,-2
2023-02-14 16:16:52,15657,15657,15657,2,0
2023-02-14 16:16:52,15657,15657,15657,2,0
2023-02-14 16:16:59,15656,15656,15656,2,-2
2023-02-14 16:16:59,15656,15656,15656,2,0
2023-02-14 16:16:59,15656,15656,15656,4,0
2023-02-14 16:17:00,15657,15657,15657,2,2
2023-02-14 16:17:02,15656,15656,15656,4,-4
2023-02-14 16:17:03,15656,15656,15656,2,0
2023-02-14 16:17:03,15656,15656,15656,2,0
2023-02-14 16:17:03,15656,15656,15656,2,0
2023-02-14 16:17:03,15656,15656,15656,2,0
2023-02-14 16:17:03,15656,15656,15656,2,0
2023-02-14 16:17:05,15655,15655,15655,2,-2
2023-02-14 16:17:05,15655,15655,15655,2,0
2023-02-14 16:17:05,15655,15655,15655,4,0
2023-02-14 16:17:05,15655,15655,15655,2,0
2023-02-14 16:17:06,15654,15654,15654,2,-2
2023-02-14 16:17:06,15654,15654,15654,2,0
2023-02-14 16:17:06,15654,15654,15654,6,0
2023-02-14 16:17:08,15654,15654,15654,2,0
2023-02-14 16:17:10,15654,15654,15654,2,0
2023-02-14 16:17:10,15654,15654,15654,2,0
2023-02-14 16:17:10,15654,15654,15654,2,0
2023-02-14 16:17:10,15654,15654,15654,2,0
2023-02-14 16:17:13,15654,15654,15654,4,0
2023-02-14 16:17:17,15654,15654,15654,2,0
2023-02-14 16:17:19,15655,15655,15655,2,2
2023-02-14 16:17:20,15656,15656,15656,2,2
2023-02-14 16:17:22,15656,15656,15656,2,0
2023-02-14 16:17:23,15655,15655,15655,2,-2
2023-02-14 16:17:24,15655,15655,15655,2,0
2023-02-14 16:17:29,15656,15656,15656,2,2
2023-02-14 16:17:30,15656,15656,15656,4,0
2023-02-14 16:17:34,15655,15655,15655,2,-2
2023-02-14 16:17:36,15656,15656,15656,2,2
2023-02-14 16:17:43,15656,15656,15656,2,0
2023-02-14 16:17:44,15656,15656,15656,2,0
2023-02-14 16:17:49,15655,15655,15655,2,-2
2023-02-14 16:18:05,15655,15655,15655,2,0
2023-02-14 16:18:05,15655,15655,15655,2,0
2023-02-14 16:18:27,15657,15657,15657,10,10
2023-02-14 16:18:28,15658,15658,15658,2,2
2023-02-14 16:18:29,15657,15657,15657,2,-2
2023-02-14 16:18:32,15657,15657,15657,2,0
2023-02-14 16:18:35,15656,15656,15656,2,-2
2023-02-14 16:18:35,15656,15656,15656,2,0
2023-02-14 16:18:35,15656,15656,15656,2,0
2023-02-14 16:18:39,15656,15656,15656,2,0
2023-02-14 16:18:41,15656,15656,15656,2,0
2023-02-14 16:18:43,15656,15656,15656,2,0
2023-02-14 16:18:45,15656,15656,15656,2,0
2023-02-14 16:18:57,15655,15655,15655,2,-2
2023-02-14 16:18:57,15655,15655,15655,2,0
2023-02-14 16:18:57,15655,15655,15655,2,0
2023-02-14 16:18:57,15655,15655,15655,8,0
2023-02-14 16:18:57,15655,15655,15655,2,0
2023-02-14 16:18:57,15655,15655,15655,2,0
2023-02-14 16:18:57,15655,15655,15655,2,0
2023-02-14 16:18:57,15655,15655,15655,2,0
2023-02-14 16:18:57,15654,15654,15654,2,-2
2023-02-14 16:18:58,15656,15656,15656,2,2
2023-02-14 16:19:01,15654,15654,15654,22,-22
2023-02-14 16:19:03,15655,15655,15655,2,2
2023-02-14 16:19:28,15655,15655,15655,2,0
2023-02-14 16:19:35,15656,15656,15656,6,6
2023-02-14 16:19:35,15655,15655,15655,2,-2
2023-02-14 16:19:35,15655,15655,15655,2,0
2023-02-14 16:19:35,15655,15655,15655,2,0
2023-02-14 16:19:45,15654,15654,15654,2,-2
2023-02-14 16:19:45,15654,15654,15654,8,0
2023-02-14 16:19:49,15654,15654,15654,2,0
2023-02-14 16:19:53,15655,15655,15655,2,2
2023-02-14 16:19:55,15655,15655,15655,4,0
2023-02-14 16:20:04,15654,15654,15654,2,-2
2023-02-14 16:20:04,15654,15654,15654,2,0
2023-02-14 16:20:04,15654,15654,15654,2,0
2023-02-14 16:20:04,15654,15654,15654,2,0
2023-02-14 16:20:04,15654,15654,15654,2,0
2023-02-14 16:20:04,15654,15654,15654,2,0
2023-02-14 16:20:04,15653,15653,15653,2,-2
2023-02-14 16:20:04,15653,15653,15653,2,0
2023-02-14 16:20:04,15653,15653,15653,2,0
2023-02-14 16:20:04,15653,15653,15653,2,0
2023-02-14 16:20:04,15653,15653,15653,2,0
2023-02-14 16:20:07,15654,15654,15654,2,2
2023-02-14 16:20:10,15654,15654,15654,2,0
2023-02-14 16:20:10,15654,15654,15654,2,0
2023-02-14 16:20:13,15654,15654,15654,2,0
2023-02-14 16:20:24,15654,15654,15654,2,0
2023-02-14 16:20:24,15654,15654,15654,2,0
2023-02-14 16:20:33,15655,15655,15655,4,4
2023-02-14 16:20:36,15655,15655,15655,2,0
2023-02-14 16:20:38,15654,15654,15654,2,-2
2023-02-14 16:20:38,15654,15654,15654,2,0
2023-02-14 16:20:46,15654,15654,15654,2,0
2023-02-14 16:20:56,15654,15654,15654,2,0
2023-02-14 16:21:02,15654,15654,15654,2,0
2023-02-14 16:21:08,15653,15653,15653,4,-4
2023-02-14 16:21:08,15654,15654,15654,2,2
2023-02-14 16:21:20,15654,15654,15654,8,0
2023-02-14 16:21:23,15654,15654,15654,2,0
2023-02-14 16:21:27,15654,15654,15654,2,0
2023-02-14 16:21:27,15654,15654,15654,14,0
2023-02-14 16:21:28,15654,15654,15654,2,0
2023-02-14 16:21:28,15654,15654,15654,4,0
2023-02-14 16:21:30,15655,15655,15655,2,2
2023-02-14 16:21:30,15655,15655,15655,2,0
2023-02-14 16:21:37,15654,15654,15654,2,-2
2023-02-14 16:21:40,15655,15655,15655,4,4
2023-02-14 16:21:41,15655,15655,15655,2,0
2023-02-14 16:21:41,15655,15655,15655,2,0
2023-02-14 16:22:16,15656,15656,15656,2,2
2023-02-14 16:22:44,15656,15656,15656,2,0
2023-02-14 16:22:47,15656,15656,15656,10,0
2023-02-14 16:22:47,15656,15656,15656,10,0
2023-02-14 16:22:56,15656,15656,15656,10,0
2023-02-14 16:22:56,15657,15657,15657,2,2
2023-02-14 16:23:02,15656,15656,15656,2,-2
2023-02-14 16:23:02,15656,15656,15656,2,0
2023-02-14 16:23:02,15656,15656,15656,2,0
2023-02-14 16:23:07,15658,15658,15658,2,2
2023-02-14 16:23:14,15658,15658,15658,12,0
2023-02-14 16:23:14,15658,15658,15658,2,0
2023-02-14 16:23:14,15658,15658,15658,2,0
2023-02-14 16:23:15,15658,15658,15658,2,0
2023-02-14 16:23:20,15658,15658,15658,2,0
2023-02-14 16:23:21,15659,15659,15659,2,2
2023-02-14 16:23:21,15659,15659,15659,6,0
2023-02-14 16:23:21,15659,15659,15659,2,0
2023-02-14 16:23:21,15659,15659,15659,2,0
2023-02-14 16:23:23,15659,15659,15659,2,0
2023-02-14 16:23:32,15660,15660,15660,2,2
2023-02-14 16:23:34,15660,15660,15660,16,0
2023-02-14 16:23:43,15659,15659,15659,2,-2
2023-02-14 16:23:51,15660,15660,15660,2,2
2023-02-14 16:23:55,15659,15659,15659,2,-2
2023-02-14 16:23:57,15660,15660,15660,2,2
2023-02-14 16:23:57,15660,15660,15660,2,0
2023-02-14 16:24:04,15660,15660,15660,2,0
2023-02-14 16:24:07,15660,15660,15660,14,0
2023-02-14 16:24:08,15661,15661,15661,6,6
2023-02-14 16:24:16,15660,15660,15660,2,-2
2023-02-14 16:24:16,15660,15660,15660,2,0
2023-02-14 16:24:19,15660,15660,15660,2,0
2023-02-14 16:24:20,15660,15660,15660,2,0
2023-02-14 16:24:27,15660,15660,15660,6,0
2023-02-14 16:24:56,15661,15661,15661,2,2
2023-02-14 16:24:59,15661,15661,15661,10,0
2023-02-14 16:25:11,15660,15660,15660,2,-2
2023-02-14 16:25:13,15661,15661,15661,4,4
2023-02-14 16:25:16,15661,15661,15661,2,0
2023-02-14 16:25:20,15661,15661,15661,2,0
2023-02-14 16:25:31,15661,15661,15661,2,0
2023-02-14 16:25:42,15662,15662,15662,2,2
2023-02-14 16:25:51,15661,15661,15661,2,-2
2023-02-14 16:26:08,15661,15661,15661,10,0
2023-02-14 16:26:08,15661,15661,15661,2,0
2023-02-14 16:26:08,15661,15661,15661,2,0
2023-02-14 16:26:32,15660,15660,15660,2,-2
2023-02-14 16:26:32,15660,15660,15660,2,0
2023-02-14 16:26:32,15660,15660,15660,2,0
2023-02-14 16:26:37,15660,15660,15660,4,0
2023-02-14 16:26:37,15660,15660,15660,2,0
2023-02-14 16:26:39,15660,15660,15660,6,0
2023-02-14 16:26:40,15660,15660,15660,4,0
2023-02-14 16:26:52,15660,15660,15660,2,0
2023-02-14 16:26:52,15660,15660,15660,8,0
2023-02-14 16:26:52,15660,15660,15660,2,0
2023-02-14 16:26:52,15660,15660,15660,2,0
2023-02-14 16:26:52,15660,15660,15660,2,0
2023-02-14 16:26:52,15660,15660,15660,4,0
2023-02-14 16:26:52,15660,15660,15660,2,0
2023-02-14 16:27:06,15659,15659,15659,2,-2
2023-02-14 16:27:06,15659,15659,15659,2,0
2023-02-14 16:27:06,15659,15659,15659,2,0
2023-02-14 16:27:06,15659,15659,15659,2,0
2023-02-14 16:27:06,15659,15659,15659,2,0
2023-02-14 16:27:17,15659,15659,15659,2,0
2023-02-14 16:27:23,15660,15660,15660,2,2
2023-02-14 16:27:26,15660,15660,15660,2,0
2023-02-14 16:27:27,15659,15659,15659,2,-2
2023-02-14 16:28:10,15661,15661,15661,2,2
2023-02-14 16:28:11,15661,15661,15661,2,0
2023-02-14 16:28:19,15660,15660,15660,2,-2
2023-02-14 16:28:43,15660,15660,15660,2,0
2023-02-14 16:28:43,15660,15660,15660,2,0
2023-02-14 16:28:43,15660,15660,15660,2,0
2023-02-14 16:28:47,15661,15661,15661,8,8
2023-02-14 16:28:47,15661,15661,15661,2,0
2023-02-14 16:28:50,15662,15662,15662,4,4
2023-02-14 16:29:01,15661,15661,15661,2,-2
2023-02-14 16:29:02,15661,15661,15661,2,0
2023-02-14 16:29:16,15661,15661,15661,2,0
2023-02-14 16:29:44,15661,15661,15661,2,0
2023-02-14 16:29:51,15660,15660,15660,2,-2
2023-02-14 16:29:51,15661,15661,15661,2,2
2023-02-14 16:30:00,15661,15661,15661,2,0
2023-02-14 16:30:02,15661,15661,15661,8,0
2023-02-14 16:30:02,15661,15661,15661,2,0
2023-02-14 16:30:11,15661,15661,15661,2,0
2023-02-14 16:30:14,15661,15661,15661,2,0
2023-02-14 16:30:14,15661,15661,15661,2,0
2023-02-14 16:30:14,15661,15661,15661,4,0
2023-02-14 16:30:14,15661,15661,15661,2,0
2023-02-14 16:30:15,15661,15661,15661,2,0
2023-02-14 16:30:15,15660,15660,15660,4,-4
2023-02-14 16:30:20,15662,15662,15662,30,30
2023-02-14 16:30:26,15662,15662,15662,2,0
2023-02-14 16:30:43,15662,15662,15662,2,0
2023-02-14 16:30:58,15663,15663,15663,4,4
2023-02-14 16:31:00,15662,15662,15662,2,-2
2023-02-14 16:31:00,15662,15662,15662,2,0
2023-02-14 16:31:00,15662,15662,15662,2,0
2023-02-14 16:31:00,15662,15662,15662,2,0
2023-02-14 16:31:06,15662,15662,15662,2,0
2023-02-14 16:31:09,15662,15662,15662,6,0
2023-02-14 16:31:10,15663,15663,15663,2,2
2023-02-14 16:31:10,15663,15663,15663,2,0
2023-02-14 16:31:10,15663,15663,15663,2,0
2023-02-14 16:31:10,15663,15663,15663,4,0
2023-02-14 16:31:10,15663,15663,15663,6,0
2023-02-14 16:31:10,15663,15663,15663,2,0
2023-02-14 16:31:10,15663,15663,15663,10,0
2023-02-14 16:31:10,15664,15664,15664,10,10
2023-02-14 16:31:10,15664,15664,15664,2,0
2023-02-14 16:31:12,15665,15665,15665,2,2
2023-02-14 16:31:14,15665,15665,15665,2,0
2023-02-14 16:31:15,15665,15665,15665,2,0
2023-02-14 16:31:17,15665,15665,15665,2,0
2023-02-14 16:31:17,15665,15665,15665,2,0
2023-02-14 16:31:19,15665,15665,15665,2,0
2023-02-14 16:31:23,15665,15665,15665,4,0
2023-02-14 16:31:25,15665,15665,15665,4,0
2023-02-14 16:31:27,15666,15666,15666,2,2
2023-02-14 16:31:40,15666,15666,15666,2,0
2023-02-14 16:31:42,15666,15666,15666,2,0
2023-02-14 16:31:43,15666,15666,15666,4,0
2023-02-14 16:31:43,15666,15666,15666,6,0
2023-02-14 16:31:43,15666,15666,15666,2,0
2023-02-14 16:31:43,15666,15666,15666,2,0
2023-02-14 16:31:43,15666,15666,15666,24,0
2023-02-14 16:31:43,15667,15667,15667,8,8
2023-02-14 16:31:44,15667,15667,15667,2,0
2023-02-14 16:31:44,15667,15667,15667,2,0
2023-02-14 16:31:44,15667,15667,15667,8,0
2023-02-14 16:31:48,15667,15667,15667,2,0
2023-02-14 16:31:49,15667,15667,15667,2,0
2023-02-14 16:31:50,15668,15668,15668,2,2
2023-02-14 16:31:55,15668,15668,15668,4,0
2023-02-14 16:31:55,15667,15667,15667,2,-2
2023-02-14 16:31:56,15668,15668,15668,2,2
2023-02-14 16:31:57,15668,15668,15668,4,0
2023-02-14 16:31:59,15668,15668,15668,4,0
2023-02-14 16:31:59,15668,15668,15668,10,0
2023-02-14 16:32:02,15668,15668,15668,4,0
2023-02-14 16:32:02,15669,15669,15669,4,4
2023-02-14 16:32:03,15669,15669,15669,2,0
2023-02-14 16:32:05,15668,15668,15668,2,-2
2023-02-14 16:32:07,15669,15669,15669,4,4
2023-02-14 16:32:11,15669,15669,15669,4,0
2023-02-14 16:32:14,15668,15668,15668,2,-2
2023-02-14 16:32:18,15669,15669,15669,2,2
2023-02-14 16:32:19,15668,15668,15668,2,-2
2023-02-14 16:32:20,15669,15669,15669,4,4
2023-02-14 16:32:23,15669,15669,15669,2,0
2023-02-14 16:32:23,15670,15670,15670,2,2
2023-02-14 16:32:29,15669,15669,15669,2,-2
2023-02-14 16:32:36,15668,15668,15668,2,-2
2023-02-14 16:32:36,15668,15668,15668,10,0
2023-02-14 16:32:36,15668,15668,15668,2,0
2023-02-14 16:32:40,15668,15668,15668,2,0
2023-02-14 16:32:46,15667,15667,15667,2,-2
2023-02-14 16:32:46,15667,15667,15667,2,0
2023-02-14 16:32:46,15667,15667,15667,2,0
2023-02-14 16:32:46,15667,15667,15667,2,0
2023-02-14 16:32:47,15667,15667,15667,2,0
2023-02-14 16:33:06,15667,15667,15667,2,0
2023-02-14 16:33:12,15667,15667,15667,2,0
2023-02-14 16:33:28,15666,15666,15666,2,-2
2023-02-14 16:33:28,15666,15666,15666,2,0
2023-02-14 16:33:30,15666,15666,15666,2,0
2023-02-14 16:33:30,15666,15666,15666,2,0
2023-02-14 16:33:30,15666,15666,15666,2,0
2023-02-14 16:33:39,15665,15665,15665,2,-2
2023-02-14 16:33:45,15665,15665,15665,2,0
2023-02-14 16:34:00,15664,15664,15664,2,-2
2023-02-14 16:34:00,15664,15664,15664,2,0
2023-02-14 16:34:10,15664,15664,15664,2,0
2023-02-14 16:34:13,15664,15664,15664,2,0
2023-02-14 16:34:23,15664,15664,15664,2,0
2023-02-14 16:34:24,15664,15664,15664,2,0
2023-02-14 16:34:41,15665,15665,15665,2,2
2023-02-14 16:34:54,15665,15665,15665,4,0
2023-02-14 16:34:54,15665,15665,15665,2,0
2023-02-14 16:34:54,15665,15665,15665,2,0
2023-02-14 16:34:57,15666,15666,15666,2,2
2023-02-14 16:35:01,15665,15665,15665,2,-2
2023-02-14 16:35:04,15665,15665,15665,2,0
2023-02-14 16:35:11,15665,15665,15665,2,0
2023-02-14 16:35:15,15666,15666,15666,2,2
2023-02-14 16:35:22,15666,15666,15666,2,0
2023-02-14 16:35:35,15665,15665,15665,2,-2
2023-02-14 16:35:50,15666,15666,15666,12,12
2023-02-14 16:35:50,15666,15666,15666,10,0
2023-02-14 16:35:57,15665,15665,15665,2,-2
2023-02-14 16:36:07,15665,15665,15665,2,0
2023-02-14 16:36:17,15664,15664,15664,2,-2
2023-02-14 16:36:23,15664,15664,15664,2,0
2023-02-14 16:36:40,15664,15664,15664,4,0
2023-02-14 16:36:47,15664,15664,15664,2,0
2023-02-14 16:36:47,15664,15664,15664,2,0
2023-02-14 16:36:54,15663,15663,15663,4,-4
2023-02-14 16:36:54,15663,15663,15663,2,0
2023-02-14 16:36:54,15663,15663,15663,2,0
2023-02-14 16:36:54,15663,15663,15663,2,0
2023-02-14 16:36:59,15662,15662,15662,2,-2
2023-02-14 16:36:59,15662,15662,15662,2,0
2023-02-14 16:36:59,15662,15662,15662,2,0
2023-02-14 16:37:00,15662,15662,15662,2,0
2023-02-14 16:37:00,15662,15662,15662,2,0
2023-02-14 16:37:00,15661,15661,15661,2,-2
2023-02-14 16:37:01,15661,15661,15661,2,0
2023-02-14 16:37:01,15661,15661,15661,2,0
2023-02-14 16:37:01,15661,15661,15661,2,0
2023-02-14 16:37:01,15661,15661,15661,2,0
2023-02-14 16:37:01,15661,15661,15661,2,0
2023-02-14 16:37:01,15660,15660,15660,2,-2
2023-02-14 16:37:01,15660,15660,15660,6,0
2023-02-14 16:37:01,15660,15660,15660,32,0
2023-02-14 16:37:01,15660,15660,15660,10,0
2023-02-14 16:37:01,15660,15660,15660,8,0
2023-02-14 16:37:01,15660,15660,15660,2,0
2023-02-14 16:37:01,15660,15660,15660,2,0
2023-02-14 16:37:01,15660,15660,15660,2,0
2023-02-14 16:37:01,15659,15659,15659,2,-2
2023-02-14 16:37:01,15659,15659,15659,4,0
2023-02-14 16:37:01,15659,15659,15659,2,0
2023-02-14 16:37:01,15659,15659,15659,2,0
2023-02-14 16:37:01,15659,15659,15659,2,0
2023-02-14 16:37:01,15659,15659,15659,2,0
2023-02-14 16:37:01,15659,15659,15659,2,0
2023-02-14 16:37:01,15659,15659,15659,2,0
2023-02-14 16:37:01,15659,15659,15659,2,0
2023-02-14 16:37:03,15658,15658,15658,2,-2
2023-02-14 16:37:03,15658,15658,15658,2,0
2023-02-14 16:37:11,15659,15659,15659,2,2
2023-02-14 16:37:11,15659,15659,15659,2,0
2023-02-14 16:37:11,15659,15659,15659,2,0
2023-02-14 16:37:11,15659,15659,15659,2,0
2023-02-14 16:37:11,15659,15659,15659,2,0
2023-02-14 16:37:12,15658,15658,15658,2,-2
2023-02-14 16:37:12,15658,15658,15658,2,0
2023-02-14 16:37:12,15658,15658,15658,2,0
2023-02-14 16:37:12,15658,15658,15658,2,0
2023-02-14 16:37:12,15658,15658,15658,2,0
