2021-07-01 15:00:00.095,17645,17646,17646,43,43
2021-07-01 15:00:00.096,17645,17646,17645,1,-1
2021-07-01 15:00:00.170,17644,17646,17645,1,-1
2021-07-01 15:00:00.170,17644,17646,17644,1,-1
2021-07-01 15:00:00.170,17644,17646,17643,2,-2
2021-07-01 15:00:00.170,17644,17646,17642,1,-1
2021-07-01 15:00:00.239,17644,17646,17642,1,-1
2021-07-01 15:00:00.239,17644,17646,17641,1,-1
2021-07-01 15:00:00.271,17644,17646,17641,1,-1
2021-07-01 15:00:00.447,17640,17646,17646,1,1
2021-07-01 15:00:00.477,17640,17646,17640,1,-1
2021-07-01 15:00:00.628,17640,17646,17641,1,1
2021-07-01 15:00:00.651,17640,17646,17645,1,1
2021-07-01 15:00:00.662,17640,17646,17646,1,1
2021-07-01 15:00:00.677,17640,17646,17640,1,-1
2021-07-01 15:00:00.729,17640,17646,17641,1,1
2021-07-01 15:00:00.846,17640,17646,17644,2,2
2021-07-01 15:00:00.846,17640,17646,17645,2,2
2021-07-01 15:00:00.856,17640,17646,17646,1,1
2021-07-01 15:00:00.857,17640,17646,17646,1,1
2021-07-01 15:00:00.857,17640,17646,17646,1,1
2021-07-01 15:00:01.138,17643,17646,17646,1,1
2021-07-01 15:00:02.103,17641,17643,17643,1,1
2021-07-01 15:00:02.103,17641,17643,17644,1,1
2021-07-01 15:00:02.433,17643,17644,17644,1,1
2021-07-01 15:00:03.575,17643,17645,17643,2,-2
2021-07-01 15:00:03.702,17643,17644,17643,1,-1
2021-07-01 15:00:03.702,17643,17644,17643,3,-3
2021-07-01 15:00:03.778,17642,17643,17643,1,1
2021-07-01 15:00:03.792,17642,17643,17644,2,2
2021-07-01 15:00:04.693,17644,17645,17645,1,1
2021-07-01 15:00:05.299,17644,17645,17644,4,-4
2021-07-01 15:00:05.299,17644,17645,17643,2,-2
2021-07-01 15:00:05.299,17644,17645,17642,2,-2
2021-07-01 15:00:05.544,17643,17645,17645,2,2
2021-07-01 15:00:05.657,17644,17646,17644,1,-1
2021-07-01 15:00:06.688,17645,17646,17646,1,1
2021-07-01 15:00:06.705,17645,17646,17646,1,1
2021-07-01 15:00:06.739,17645,17646,17645,2,-2
2021-07-01 15:00:07.855,17645,17646,17646,2,2
2021-07-01 15:00:08.454,17645,17646,17646,12,12
2021-07-01 15:00:08.988,17645,17646,17646,1,1
2021-07-01 15:00:09.219,17645,17646,17645,2,-2
2021-07-01 15:00:09.286,17645,17646,17645,2,-2
2021-07-01 15:00:09.393,17645,17646,17645,1,-1
2021-07-01 15:00:09.752,17644,17646,17646,4,4
2021-07-01 15:00:10.153,17645,17646,17646,24,24
2021-07-01 15:00:10.154,17645,17646,17648,1,1
2021-07-01 15:00:10.154,17645,17646,17648,3,3
2021-07-01 15:00:10.284,17648,17649,17648,1,-1
2021-07-01 15:00:10.529,17648,17649,17648,2,-2
2021-07-01 15:00:11.604,17648,17649,17649,1,1
2021-07-01 15:00:11.605,17648,17649,17649,1,1
2021-07-01 15:00:11.605,17648,17649,17649,1,1
2021-07-01 15:00:11.919,17649,17650,17650,1,1
2021-07-01 15:00:11.919,17649,17650,17651,3,3
2021-07-01 15:00:11.923,17649,17650,17652,2,2
2021-07-01 15:00:11.926,17649,17650,17652,1,1
2021-07-01 15:00:11.927,17649,17650,17652,2,2
2021-07-01 15:00:11.938,17649,17650,17653,1,1
2021-07-01 15:00:12.014,17649,17650,17653,2,2
2021-07-01 15:00:12.014,17649,17650,17653,1,1
2021-07-01 15:00:12.049,17651,17654,17654,4,4
2021-07-01 15:00:12.049,17651,17654,17655,7,7
2021-07-01 15:00:12.050,17651,17654,17655,1,1
2021-07-01 15:00:12.050,17651,17654,17655,3,3
2021-07-01 15:00:12.058,17651,17654,17655,2,2
2021-07-01 15:00:12.058,17651,17654,17656,1,1
2021-07-01 15:00:12.076,17651,17654,17655,1,1
2021-07-01 15:00:12.171,17652,17655,17652,3,-3
2021-07-01 15:00:12.171,17652,17655,17652,1,-1
2021-07-01 15:00:12.179,17652,17655,17652,1,-1
2021-07-01 15:00:12.207,17652,17655,17654,1,1
2021-07-01 15:00:12.512,17654,17655,17655,1,1
2021-07-01 15:00:12.694,17654,17655,17654,2,-2
2021-07-01 15:00:12.723,17654,17655,17654,1,-1
2021-07-01 15:00:12.729,17654,17655,17654,1,-1
2021-07-01 15:00:12.892,17652,17655,17652,1,-1
2021-07-01 15:00:12.955,17652,17654,17652,1,-1
2021-07-01 15:00:12.956,17652,17654,17652,4,-4
2021-07-01 15:00:12.956,17652,17654,17652,1,-1
2021-07-01 15:00:13.478,17651,17652,17651,2,-2
2021-07-01 15:00:13.552,17650,17652,17650,2,-2
2021-07-01 15:00:13.933,17648,17651,17648,2,-2
2021-07-01 15:00:14.306,17648,17651,17651,1,1
2021-07-01 15:00:14.599,17649,17652,17652,1,1
2021-07-01 15:00:14.664,17650,17653,17653,1,1
2021-07-01 15:00:14.735,17650,17653,17653,1,1
2021-07-01 15:00:14.896,17650,17653,17650,1,-1
2021-07-01 15:00:15.362,17650,17652,17652,1,1
2021-07-01 15:00:15.511,17650,17652,17651,1,-1
2021-07-01 15:00:16.092,17650,17651,17650,2,-2
2021-07-01 15:00:16.744,17649,17651,17649,2,-2
2021-07-01 15:00:17.203,17648,17650,17650,1,1
2021-07-01 15:00:17.509,17649,17651,17649,2,-2
2021-07-01 15:00:19.273,17649,17651,17649,1,-1
2021-07-01 15:00:19.273,17649,17651,17648,1,-1
2021-07-01 15:00:19.371,17648,17650,17650,2,2
2021-07-01 15:00:19.442,17648,17650,17650,2,2
2021-07-01 15:00:19.673,17648,17650,17649,1,-1
2021-07-01 15:00:19.673,17648,17650,17648,1,-1
2021-07-01 15:00:19.675,17648,17650,17650,1,1
2021-07-01 15:00:20.288,17650,17651,17650,1,-1
2021-07-01 15:00:20.780,17649,17651,17649,1,-1
2021-07-01 15:00:20.780,17649,17651,17648,1,-1
2021-07-01 15:00:21.430,17650,17651,17650,2,2
2021-07-01 15:00:22.613,17648,17651,17651,1,1
2021-07-01 15:00:22.782,17649,17651,17649,2,-2
2021-07-01 15:00:24.692,17648,17650,17649,1,-1
2021-07-01 15:00:25.608,17648,17650,17649,1,-1
2021-07-01 15:00:25.627,17648,17650,17648,1,-1
2021-07-01 15:00:26.864,17647,17650,17650,1,1
2021-07-01 15:00:26.956,17648,17650,17650,1,1
2021-07-01 15:00:27.071,17648,17650,17648,1,-1
2021-07-01 15:00:28.469,17648,17650,17649,1,1
2021-07-01 15:00:28.487,17648,17650,17649,1,-1
2021-07-01 15:00:29.548,17649,17650,17650,9,9
2021-07-01 15:00:29.581,17649,17650,17650,1,1
2021-07-01 15:00:30.307,17649,17651,17651,2,2
2021-07-01 15:00:30.505,17649,17651,17651,6,6
2021-07-01 15:00:30.832,17650,17652,17652,1,1
2021-07-01 15:00:31.525,17651,17652,17652,1,1
2021-07-01 15:00:31.525,17651,17652,17652,1,1
2021-07-01 15:00:31.544,17652,17654,17652,1,-1
2021-07-01 15:00:32.834,17652,17653,17652,1,-1
2021-07-01 15:00:33.143,17650,17652,17650,2,-2
2021-07-01 15:00:34.966,17650,17652,17651,2,2
2021-07-01 15:00:37.001,17650,17653,17650,1,-1
2021-07-01 15:00:38.331,17651,17653,17653,1,1
2021-07-01 15:00:39.157,17652,17653,17652,1,-1
2021-07-01 15:00:39.241,17652,17653,17652,1,-1
2021-07-01 15:00:39.402,17651,17653,17652,1,-1
2021-07-01 15:00:40.728,17651,17653,17653,1,1
2021-07-01 15:00:40.883,17651,17653,17653,1,1
2021-07-01 15:00:42.106,17651,17653,17651,1,-1
2021-07-01 15:00:43.617,17650,17651,17651,2,2
2021-07-01 15:00:43.617,17650,17651,17652,1,1
2021-07-01 15:00:44.386,17650,17652,17650,1,-1
2021-07-01 15:00:44.925,17651,17652,17651,1,1
2021-07-01 15:00:46.644,17650,17651,17651,1,1
2021-07-01 15:00:48.128,17650,17651,17650,1,-1
2021-07-01 15:00:48.129,17650,17651,17650,2,-2
2021-07-01 15:00:48.129,17650,17651,17650,2,-2
2021-07-01 15:00:48.508,17650,17651,17650,1,-1
2021-07-01 15:00:49.852,17650,17651,17651,1,1
2021-07-01 15:00:54.042,17650,17651,17651,2,2
2021-07-01 15:00:54.967,17651,17652,17651,1,-1
2021-07-01 15:00:56.602,17651,17652,17651,1,-1
2021-07-01 15:00:56.602,17651,17652,17650,5,-5
2021-07-01 15:00:58.271,17649,17651,17650,1,-1
2021-07-01 15:00:58.582,17649,17650,17650,1,1
2021-07-01 15:01:04.365,17650,17651,17650,2,-2
2021-07-01 15:01:04.408,17649,17650,17650,1,1
2021-07-01 15:01:04.408,17649,17650,17650,1,1
2021-07-01 15:01:04.409,17649,17650,17650,2,2
2021-07-01 15:01:04.409,17649,17650,17650,1,1
2021-07-01 15:01:04.409,17649,17650,17650,2,2
2021-07-01 15:01:04.410,17649,17650,17650,1,1
2021-07-01 15:01:04.410,17649,17650,17651,1,1
2021-07-01 15:01:04.644,17650,17651,17651,1,1
2021-07-01 15:01:05.204,17650,17652,17651,1,-1
2021-07-01 15:01:06.275,17651,17652,17651,1,-1
2021-07-01 15:01:06.275,17651,17652,17650,1,-1
2021-07-01 15:01:06.357,17649,17652,17649,1,-1
2021-07-01 15:01:09.372,17650,17651,17650,2,2
2021-07-01 15:01:09.376,17650,17651,17651,1,1
2021-07-01 15:01:09.405,17650,17652,17652,1,1
2021-07-01 15:01:09.405,17650,17652,17652,1,1
2021-07-01 15:01:12.028,17650,17652,17652,2,2
2021-07-01 15:01:17.294,17651,17652,17651,2,-2
2021-07-01 15:01:17.476,17651,17652,17652,1,1
2021-07-01 15:01:18.048,17651,17652,17652,3,3
2021-07-01 15:01:18.155,17651,17653,17653,1,1
2021-07-01 15:01:18.251,17651,17653,17651,1,-1
2021-07-01 15:01:18.307,17651,17653,17651,2,-2
2021-07-01 15:01:18.307,17651,17653,17651,2,-2
2021-07-01 15:01:18.338,17651,17653,17653,1,1
2021-07-01 15:01:18.348,17651,17653,17653,1,1
2021-07-01 15:01:21.514,17651,17652,17651,1,-1
2021-07-01 15:01:22.698,17650,17652,17652,1,1
2021-07-01 15:01:25.354,17650,17651,17650,1,-1
2021-07-01 15:01:26.603,17650,17651,17651,1,1
2021-07-01 15:01:27.837,17650,17651,17651,1,1
2021-07-01 15:01:27.840,17650,17651,17651,1,1
2021-07-01 15:01:27.840,17650,17651,17651,1,1
2021-07-01 15:01:27.841,17650,17651,17651,1,1
2021-07-01 15:01:27.841,17650,17651,17652,1,1
2021-07-01 15:01:27.841,17650,17651,17652,1,1
2021-07-01 15:01:27.905,17650,17652,17652,1,1
2021-07-01 15:01:27.905,17650,17652,17652,1,1
2021-07-01 15:01:27.905,17650,17652,17652,1,1
2021-07-01 15:01:27.906,17650,17652,17652,1,1
2021-07-01 15:01:29.936,17650,17651,17650,1,-1
2021-07-01 15:01:29.936,17650,17651,17650,4,-4
2021-07-01 15:01:30.537,17650,17651,17650,4,-4
2021-07-01 15:01:31.786,17649,17650,17649,1,-1
2021-07-01 15:01:31.786,17649,17650,17649,1,-1
2021-07-01 15:01:31.786,17649,17650,17649,2,-2
2021-07-01 15:01:32.269,17648,17649,17648,9,-9
2021-07-01 15:01:34.252,17647,17648,17648,1,1
2021-07-01 15:01:34.351,17647,17648,17648,1,1
2021-07-01 15:01:35.633,17647,17649,17648,1,-1
2021-07-01 15:01:35.916,17648,17649,17648,1,-1
2021-07-01 15:01:39.360,17647,17648,17647,1,-1
2021-07-01 15:01:39.802,17647,17648,17648,1,1
2021-07-01 15:01:42.810,17648,17649,17648,1,-1
2021-07-01 15:01:44.177,17647,17648,17648,1,1
2021-07-01 15:01:44.314,17647,17648,17647,1,-1
2021-07-01 15:01:44.315,17647,17648,17647,10,-10
2021-07-01 15:01:44.549,17646,17647,17646,1,-1
2021-07-01 15:01:45.217,17646,17647,17646,1,-1
2021-07-01 15:01:49.212,17646,17647,17647,1,1
2021-07-01 15:01:49.783,17647,17648,17647,2,-2
2021-07-01 15:01:49.783,17647,17648,17646,1,-1
2021-07-01 15:01:49.949,17646,17647,17647,2,2
2021-07-01 15:01:50.690,17646,17647,17646,1,-1
2021-07-01 15:01:52.033,17646,17647,17646,1,-1
2021-07-01 15:01:52.034,17646,17647,17646,6,-6
2021-07-01 15:01:53.445,17645,17646,17645,1,-1
2021-07-01 15:01:53.553,17645,17646,17646,2,2
2021-07-01 15:01:53.556,17645,17646,17646,2,2
2021-07-01 15:01:53.744,17645,17646,17645,1,-1
2021-07-01 15:01:53.744,17645,17646,17645,2,-2
2021-07-01 15:01:53.968,17644,17646,17644,1,-1
2021-07-01 15:01:54.097,17644,17645,17644,2,-2
2021-07-01 15:01:54.097,17644,17645,17643,2,-2
2021-07-01 15:01:54.519,17643,17646,17646,1,1
2021-07-01 15:01:55.509,17644,17645,17644,1,-1
2021-07-01 15:01:58.457,17644,17645,17644,1,-1
2021-07-01 15:01:58.890,17643,17645,17645,1,1
2021-07-01 15:01:59.243,17643,17646,17643,1,-1
2021-07-01 15:02:00.263,17643,17645,17645,1,1
2021-07-01 15:02:00.320,17643,17645,17645,1,1
2021-07-01 15:02:00.372,17643,17645,17645,1,1
2021-07-01 15:02:00.458,17643,17645,17645,1,1
2021-07-01 15:02:00.496,17643,17645,17645,1,1
2021-07-01 15:02:01.058,17644,17646,17646,1,1
2021-07-01 15:02:01.220,17644,17646,17646,1,1
2021-07-01 15:02:01.263,17644,17646,17646,1,1
2021-07-01 15:02:05.499,17644,17646,17644,1,-1
2021-07-01 15:02:06.583,17643,17645,17644,1,-1
2021-07-01 15:02:06.746,17643,17645,17645,1,1
2021-07-01 15:02:08.655,17643,17645,17643,1,-1
2021-07-01 15:02:09.747,17643,17644,17643,1,-1
2021-07-01 15:02:10.476,17642,17644,17642,4,-4
2021-07-01 15:02:10.476,17642,17644,17642,1,-1
2021-07-01 15:02:10.477,17642,17644,17642,1,-1
2021-07-01 15:02:13.653,17641,17642,17641,2,-2
2021-07-01 15:02:14.220,17641,17642,17641,1,-1
2021-07-01 15:02:14.457,17641,17642,17642,1,1
2021-07-01 15:02:15.617,17641,17642,17642,1,1
2021-07-01 15:02:16.043,17641,17642,17641,1,-1
2021-07-01 15:02:17.842,17641,17642,17642,1,1
2021-07-01 15:02:18.245,17641,17642,17641,1,-1
2021-07-01 15:02:18.530,17641,17642,17641,1,-1
2021-07-01 15:02:20.856,17641,17642,17641,2,-2
2021-07-01 15:02:24.330,17640,17641,17641,1,1
2021-07-01 15:02:27.813,17640,17641,17641,2,2
2021-07-01 15:02:28.719,17640,17641,17640,1,-1
2021-07-01 15:02:28.940,17640,17641,17640,1,-1
2021-07-01 15:02:28.999,17640,17641,17640,1,-1
2021-07-01 15:02:29.754,17640,17641,17641,1,1
2021-07-01 15:02:31.122,17640,17641,17641,1,1
2021-07-01 15:02:33.942,17640,17641,17641,1,1
2021-07-01 15:02:40.435,17640,17641,17641,1,1
2021-07-01 15:02:44.887,17640,17641,17641,1,1
2021-07-01 15:02:45.392,17640,17641,17641,1,1
2021-07-01 15:02:45.815,17640,17641,17641,1,1
2021-07-01 15:02:51.676,17640,17641,17641,10,10
2021-07-01 15:02:51.677,17640,17641,17641,1,1
2021-07-01 15:02:51.677,17640,17641,17641,1,1
2021-07-01 15:02:53.315,17641,17642,17641,2,-2
2021-07-01 15:02:55.207,17640,17642,17642,1,1
2021-07-01 15:02:55.849,17640,17642,17640,3,-3
2021-07-01 15:02:57.252,17640,17641,17640,2,-2
2021-07-01 15:02:58.295,17640,17641,17640,1,-1
2021-07-01 15:02:58.296,17640,17641,17640,6,-6
2021-07-01 15:03:00.065,17639,17640,17640,1,1
2021-07-01 15:03:00.107,17639,17640,17640,1,1
2021-07-01 15:03:00.129,17639,17640,17640,1,1
2021-07-01 15:03:00.335,17639,17640,17640,1,1
2021-07-01 15:03:01.335,17639,17640,17640,1,1
2021-07-01 15:03:06.650,17639,17640,17639,1,-1
2021-07-01 15:03:06.651,17639,17640,17639,2,-2
2021-07-01 15:03:06.830,17638,17640,17638,1,-1
2021-07-01 15:03:06.896,17638,17640,17638,1,-1
2021-07-01 15:03:06.897,17638,17640,17638,2,-2
2021-07-01 15:03:06.897,17638,17640,17638,2,-2
2021-07-01 15:03:07.087,17637,17639,17637,1,-1
2021-07-01 15:03:16.569,17637,17638,17638,1,1
2021-07-01 15:03:17.112,17638,17639,17638,1,-1
2021-07-01 15:03:18.569,17638,17639,17638,1,-1
2021-07-01 15:03:19.466,17638,17639,17639,1,1
2021-07-01 15:03:19.466,17638,17639,17639,5,5
2021-07-01 15:03:19.467,17638,17639,17639,1,1
2021-07-01 15:03:19.770,17639,17640,17640,1,1
2021-07-01 15:03:20.194,17639,17640,17639,1,-1
2021-07-01 15:03:22.512,17639,17640,17639,1,-1
2021-07-01 15:03:23.419,17639,17640,17639,2,-2
2021-07-01 15:03:24.933,17638,17640,17638,1,-1
2021-07-01 15:03:24.933,17638,17640,17638,1,-1
2021-07-01 15:03:26.965,17638,17640,17640,1,1
2021-07-01 15:03:29.139,17638,17639,17639,1,1
2021-07-01 15:03:30.043,17638,17639,17639,1,1
2021-07-01 15:03:30.043,17638,17639,17639,1,1
2021-07-01 15:03:30.537,17639,17640,17640,1,1
2021-07-01 15:03:32.916,17639,17640,17640,2,2
2021-07-01 15:03:32.917,17639,17640,17640,28,28
2021-07-01 15:03:32.918,17639,17640,17641,1,1
2021-07-01 15:03:32.918,17639,17640,17641,1,1
2021-07-01 15:03:38.636,17640,17641,17641,1,1
2021-07-01 15:03:38.637,17640,17641,17641,2,2
2021-07-01 15:03:38.637,17640,17641,17641,1,1
2021-07-01 15:03:38.637,17640,17641,17641,2,2
2021-07-01 15:03:38.637,17640,17641,17641,2,2
2021-07-01 15:03:45.792,17641,17642,17642,1,1
2021-07-01 15:03:45.793,17641,17642,17642,1,1
2021-07-01 15:03:45.797,17641,17642,17642,3,3
2021-07-01 15:03:46.922,17642,17643,17643,1,1
2021-07-01 15:03:49.841,17642,17643,17643,2,2
2021-07-01 15:03:50.321,17642,17643,17642,3,-3
2021-07-01 15:03:51.109,17642,17643,17643,1,1
2021-07-01 15:03:54.684,17643,17644,17644,1,1
2021-07-01 15:03:54.688,17643,17644,17644,1,1
2021-07-01 15:03:55.845,17644,17646,17644,1,-1
2021-07-01 15:03:58.726,17644,17646,17644,2,-2
2021-07-01 15:03:58.927,17643,17645,17645,1,1
2021-07-01 15:04:07.028,17644,17645,17645,1,1
2021-07-01 15:04:08.808,17644,17646,17646,9,9
2021-07-01 15:04:09.224,17646,17647,17647,1,1
2021-07-01 15:04:09.310,17646,17647,17646,1,-1
2021-07-01 15:04:09.430,17645,17647,17645,1,-1
2021-07-01 15:04:09.583,17644,17647,17646,1,1
2021-07-01 15:04:11.151,17644,17645,17645,1,1
2021-07-01 15:04:14.561,17645,17646,17645,1,-1
2021-07-01 15:04:14.798,17645,17646,17645,4,-4
2021-07-01 15:04:17.771,17645,17646,17646,1,1
2021-07-01 15:04:19.524,17646,17647,17646,1,-1
2021-07-01 15:04:20.277,17646,17647,17647,1,1
2021-07-01 15:04:21.564,17646,17648,17646,1,-1
2021-07-01 15:04:23.739,17646,17647,17646,1,-1
2021-07-01 15:04:24.304,17645,17647,17645,1,-1
2021-07-01 15:04:28.916,17646,17647,17647,4,4
2021-07-01 15:04:28.916,17646,17647,17648,6,6
2021-07-01 15:04:29.777,17647,17648,17648,1,1
2021-07-01 15:04:33.632,17648,17649,17648,1,-1
2021-07-01 15:04:34.278,17648,17649,17649,5,5
2021-07-01 15:04:35.038,17649,17650,17650,1,1
2021-07-01 15:04:37.160,17649,17650,17649,1,-1
2021-07-01 15:04:37.218,17649,17650,17650,1,1
2021-07-01 15:04:40.762,17649,17650,17649,1,-1
2021-07-01 15:04:47.427,17649,17650,17650,9,9
2021-07-01 15:04:50.693,17649,17650,17649,1,-1
2021-07-01 15:04:52.278,17649,17650,17650,4,4
2021-07-01 15:04:54.180,17650,17651,17651,1,1
2021-07-01 15:04:54.360,17650,17651,17651,3,3
2021-07-01 15:04:54.525,17650,17651,17650,1,-1
2021-07-01 15:04:55.108,17650,17651,17650,5,-5
2021-07-01 15:04:55.196,17650,17651,17651,1,1
2021-07-01 15:04:56.509,17650,17652,17650,1,-1
2021-07-01 15:04:56.771,17650,17652,17651,1,1
2021-07-01 15:04:57.390,17650,17652,17652,1,1
2021-07-01 15:04:57.560,17650,17652,17652,1,1
2021-07-01 15:04:57.629,17650,17652,17652,1,1
2021-07-01 15:04:57.689,17650,17652,17652,1,1
2021-07-01 15:04:58.891,17651,17652,17652,2,2
2021-07-01 15:04:59.285,17651,17652,17652,2,2
2021-07-01 15:05:00.570,17651,17652,17652,3,3
2021-07-01 15:05:01.588,17652,17653,17653,1,1
2021-07-01 15:05:01.780,17652,17653,17653,1,1
2021-07-01 15:05:01.839,17652,17653,17653,1,1
2021-07-01 15:05:02.653,17652,17653,17653,1,1
2021-07-01 15:05:03.338,17653,17654,17654,2,2
2021-07-01 15:05:04.545,17653,17654,17654,1,1
2021-07-01 15:05:06.159,17653,17654,17654,1,1
2021-07-01 15:05:06.563,17653,17654,17654,2,2
2021-07-01 15:05:06.669,17653,17654,17653,2,-2
2021-07-01 15:05:07.246,17653,17654,17653,1,-1
2021-07-01 15:05:07.779,17652,17653,17653,1,1
2021-07-01 15:05:08.278,17652,17653,17653,2,2
2021-07-01 15:05:09.117,17653,17654,17653,1,-1
2021-07-01 15:05:10.322,17653,17654,17653,1,-1
2021-07-01 15:05:11.149,17653,17654,17654,7,7
2021-07-01 15:05:11.150,17653,17654,17654,3,3
2021-07-01 15:05:12.336,17653,17654,17653,1,-1
2021-07-01 15:05:16.678,17653,17654,17653,1,-1
2021-07-01 15:05:18.203,17653,17654,17653,4,-4
2021-07-01 15:05:22.825,17653,17654,17653,1,-1
2021-07-01 15:05:24.727,17653,17654,17653,1,-1
2021-07-01 15:05:24.727,17653,17654,17653,1,-1
2021-07-01 15:05:24.903,17652,17653,17653,4,4
2021-07-01 15:05:24.998,17652,17653,17652,2,-2
2021-07-01 15:05:24.998,17652,17653,17652,12,-12
2021-07-01 15:05:24.998,17652,17653,17652,7,-7
2021-07-01 15:05:29.279,17651,17652,17651,1,-1
2021-07-01 15:05:29.322,17651,17652,17651,3,-3
2021-07-01 15:05:29.560,17650,17651,17650,1,-1
2021-07-01 15:05:33.590,17650,17651,17651,10,10
2021-07-01 15:05:37.390,17650,17651,17650,1,-1
2021-07-01 15:05:41.044,17649,17650,17650,1,1
2021-07-01 15:05:43.577,17649,17650,17650,1,1
2021-07-01 15:05:43.719,17649,17650,17650,1,1
2021-07-01 15:05:46.518,17650,17651,17650,4,-4
2021-07-01 15:05:49.490,17650,17651,17650,1,-1
2021-07-01 15:05:49.490,17650,17651,17650,2,-2
2021-07-01 15:05:50.803,17649,17650,17650,3,3
2021-07-01 15:05:51.501,17649,17650,17650,1,1
2021-07-01 15:05:54.236,17649,17650,17650,1,1
2021-07-01 15:05:55.085,17649,17650,17649,2,-2
2021-07-01 15:05:55.085,17649,17650,17649,9,-9
2021-07-01 15:05:55.181,17648,17649,17649,2,2
2021-07-01 15:05:55.185,17648,17649,17649,2,2
2021-07-01 15:05:57.636,17648,17649,17648,4,-4
2021-07-01 15:06:00.056,17647,17648,17648,1,1
2021-07-01 15:06:07.988,17647,17649,17647,3,-3
2021-07-01 15:06:08.522,17647,17649,17647,4,-4
2021-07-01 15:06:08.522,17647,17649,17646,2,-2
2021-07-01 15:06:12.778,17648,17649,17649,1,1
2021-07-01 15:06:16.824,17648,17650,17649,1,-1
2021-07-01 15:06:29.150,17649,17650,17650,6,6
2021-07-01 15:06:29.150,17649,17650,17650,18,18
2021-07-01 15:06:29.334,17649,17651,17649,1,-1
2021-07-01 15:06:29.842,17649,17651,17649,1,-1
2021-07-01 15:06:41.489,17650,17651,17651,1,1
2021-07-01 15:06:41.609,17650,17651,17651,1,1
2021-07-01 15:06:41.609,17650,17651,17652,5,5
2021-07-01 15:06:47.391,17650,17652,17652,7,7
2021-07-01 15:06:50.302,17650,17652,17650,1,-1
2021-07-01 15:06:57.294,17650,17651,17651,3,3
2021-07-01 15:06:57.294,17650,17651,17651,1,1
2021-07-01 15:07:00.864,17651,17652,17651,1,-1
2021-07-01 15:07:01.071,17651,17652,17651,1,-1
2021-07-01 15:07:01.925,17650,17651,17650,3,-3
2021-07-01 15:07:01.925,17650,17651,17650,6,-6
2021-07-01 15:07:01.926,17650,17651,17650,1,-1
2021-07-01 15:07:02.068,17649,17650,17650,1,1
2021-07-01 15:07:04.352,17649,17650,17650,1,1
2021-07-01 15:07:04.512,17650,17651,17650,1,-1
2021-07-01 15:07:05.105,17650,17651,17650,1,-1
2021-07-01 15:07:08.007,17650,17651,17650,7,-7
2021-07-01 15:07:20.828,17649,17650,17649,4,-4
2021-07-01 15:07:22.371,17648,17649,17649,1,1
2021-07-01 15:07:33.359,17649,17650,17649,1,-1
2021-07-01 15:07:33.359,17649,17650,17648,2,-2
2021-07-01 15:07:38.260,17648,17649,17648,1,-1
2021-07-01 15:07:41.538,17647,17648,17648,1,1
2021-07-01 15:07:41.850,17647,17648,17647,1,-1
2021-07-01 15:07:48.634,17647,17648,17647,3,-3
2021-07-01 15:07:49.558,17646,17647,17647,1,1
2021-07-01 15:08:01.239,17646,17647,17647,1,1
2021-07-01 15:08:04.461,17646,17647,17647,2,2
2021-07-01 15:08:04.939,17647,17648,17647,1,-1
2021-07-01 15:08:07.522,17647,17648,17647,2,-2
2021-07-01 15:08:25.737,17647,17648,17647,1,-1
2021-07-01 15:08:25.738,17647,17648,17647,2,-2
2021-07-01 15:08:27.308,17646,17648,17646,1,-1
2021-07-01 15:08:33.164,17646,17647,17646,4,-4
2021-07-01 15:08:34.425,17645,17646,17646,1,1
2021-07-01 15:08:37.113,17645,17646,17645,1,-1
2021-07-01 15:08:37.113,17645,17646,17645,2,-2
2021-07-01 15:08:37.427,17644,17646,17646,1,1
2021-07-01 15:08:46.272,17645,17646,17645,3,-3
2021-07-01 15:08:46.349,17644,17646,17646,1,1
2021-07-01 15:08:52.600,17644,17646,17646,1,1
2021-07-01 15:08:58.682,17644,17645,17644,1,-1
2021-07-01 15:08:58.683,17644,17645,17644,1,-1
2021-07-01 15:08:58.835,17643,17645,17643,2,-2
2021-07-01 15:09:04.786,17644,17645,17645,4,4
2021-07-01 15:09:15.617,17644,17645,17644,1,-1
2021-07-01 15:09:15.617,17644,17645,17643,4,-4
2021-07-01 15:09:18.727,17643,17644,17643,1,-1
2021-07-01 15:09:20.202,17643,17644,17644,1,1
2021-07-01 15:09:24.465,17643,17645,17643,5,-5
2021-07-01 15:09:26.439,17643,17645,17643,1,-1
2021-07-01 15:09:29.563,17643,17644,17643,1,-1
2021-07-01 15:09:29.564,17643,17644,17643,1,-1
2021-07-01 15:09:29.564,17643,17644,17643,2,-2
2021-07-01 15:09:30.992,17642,17644,17642,1,-1
2021-07-01 15:09:36.541,17642,17643,17642,2,-2
2021-07-01 15:09:38.028,17642,17643,17642,2,-2
2021-07-01 15:09:38.528,17641,17643,17642,1,-1
2021-07-01 15:09:42.852,17642,17643,17642,2,-2
2021-07-01 15:09:42.900,17642,17643,17642,1,-1
2021-07-01 15:09:44.556,17641,17642,17642,2,2
2021-07-01 15:09:45.946,17642,17643,17642,1,-1
2021-07-01 15:09:47.635,17641,17642,17642,1,1
2021-07-01 15:09:48.882,17642,17643,17642,1,-1
2021-07-01 15:09:49.601,17641,17642,17642,1,1
2021-07-01 15:09:50.462,17642,17643,17643,7,7
2021-07-01 15:09:52.108,17643,17645,17643,1,-1
2021-07-01 15:09:54.531,17643,17644,17643,1,-1
2021-07-01 15:09:56.633,17643,17644,17643,1,-1
2021-07-01 15:09:58.617,17643,17644,17643,1,-1
2021-07-01 15:09:58.742,17642,17644,17644,1,1
2021-07-01 15:10:01.590,17643,17644,17644,1,1
2021-07-01 15:10:01.591,17643,17644,17644,1,1
2021-07-01 15:10:02.112,17644,17645,17645,1,1
2021-07-01 15:10:02.112,17644,17645,17645,3,3
2021-07-01 15:10:06.258,17644,17645,17645,1,1
2021-07-01 15:10:06.679,17644,17645,17645,1,1
2021-07-01 15:10:07.679,17644,17645,17645,1,1
2021-07-01 15:10:07.679,17644,17645,17645,1,1
2021-07-01 15:10:08.966,17644,17646,17644,1,-1
2021-07-01 15:10:12.777,17644,17645,17645,1,1
2021-07-01 15:10:19.975,17644,17645,17644,2,-2
2021-07-01 15:10:25.345,17644,17645,17644,1,-1
2021-07-01 15:10:26.363,17642,17645,17644,2,-2
2021-07-01 15:10:31.407,17642,17643,17643,1,1
2021-07-01 15:10:34.422,17643,17644,17644,1,1
2021-07-01 15:10:45.854,17644,17645,17645,6,6
2021-07-01 15:10:52.150,17645,17646,17646,1,1
2021-07-01 15:10:52.350,17645,17646,17646,8,8
2021-07-01 15:10:52.350,17645,17646,17647,4,4
2021-07-01 15:10:52.352,17645,17646,17647,3,3
2021-07-01 15:10:52.415,17646,17648,17646,2,-2
2021-07-01 15:10:52.711,17646,17648,17646,2,-2
2021-07-01 15:11:01.325,17646,17647,17647,1,1
2021-07-01 15:11:01.653,17646,17647,17647,3,3
2021-07-01 15:11:14.666,17647,17648,17647,1,-1
2021-07-01 15:11:15.598,17647,17648,17647,1,-1
2021-07-01 15:11:15.599,17647,17648,17647,1,-1
2021-07-01 15:11:28.243,17647,17648,17648,1,1
2021-07-01 15:11:32.326,17647,17648,17648,1,1
2021-07-01 15:11:37.152,17647,17648,17648,1,1
2021-07-01 15:11:44.380,17647,17648,17647,1,-1
2021-07-01 15:11:44.380,17647,17648,17647,2,-2
2021-07-01 15:11:44.380,17647,17648,17647,1,-1
2021-07-01 15:11:48.185,17646,17647,17647,1,1
2021-07-01 15:11:56.940,17646,17647,17647,1,1
2021-07-01 15:11:57.337,17646,17647,17647,1,1
2021-07-01 15:11:59.624,17646,17647,17647,1,1
2021-07-01 15:11:59.624,17646,17647,17648,9,9
2021-07-01 15:12:15.173,17647,17648,17648,1,1
2021-07-01 15:12:17.510,17647,17648,17648,5,5
2021-07-01 15:12:20.903,17648,17649,17649,5,5
2021-07-01 15:12:20.904,17648,17649,17649,5,5
2021-07-01 15:12:21.985,17648,17650,17648,1,-1
2021-07-01 15:12:34.012,17648,17650,17648,1,-1
2021-07-01 15:12:36.483,17648,17649,17649,2,2
2021-07-01 15:12:38.736,17648,17649,17649,1,1
2021-07-01 15:12:38.736,17648,17649,17650,1,1
2021-07-01 15:12:39.653,17648,17649,17649,2,2
2021-07-01 15:12:40.558,17648,17649,17648,1,-1
2021-07-01 15:12:40.789,17648,17649,17649,1,1
2021-07-01 15:12:55.829,17649,17650,17649,5,-5
2021-07-01 15:13:07.775,17648,17649,17649,2,2
2021-07-01 15:13:08.451,17648,17649,17649,2,2
2021-07-01 15:13:09.590,17648,17649,17648,1,-1
2021-07-01 15:13:11.235,17647,17649,17649,2,2
2021-07-01 15:13:20.540,17648,17649,17649,1,1
2021-07-01 15:13:31.435,17648,17649,17649,3,3
2021-07-01 15:13:31.438,17648,17649,17650,1,1
2021-07-01 15:13:46.394,17648,17650,17648,1,-1
2021-07-01 15:13:54.153,17648,17649,17649,1,1
2021-07-01 15:13:54.965,17648,17650,17650,7,7
2021-07-01 15:13:54.965,17648,17650,17650,18,18
2021-07-01 15:13:54.965,17648,17650,17650,1,1
2021-07-01 15:13:54.966,17648,17650,17650,1,1
2021-07-01 15:13:59.689,17650,17651,17651,1,1
2021-07-01 15:14:00.249,17650,17651,17651,1,1
2021-07-01 15:14:00.407,17650,17651,17650,1,-1
2021-07-01 15:14:09.607,17650,17651,17651,26,26
2021-07-01 15:14:09.609,17650,17651,17652,2,2
2021-07-01 15:14:09.609,17650,17651,17652,1,1
2021-07-01 15:14:09.609,17650,17651,17652,2,2
2021-07-01 15:14:13.153,17652,17653,17653,1,1
2021-07-01 15:14:13.348,17652,17654,17654,1,1
2021-07-01 15:14:14.605,17653,17654,17653,1,-1
2021-07-01 15:14:18.877,17653,17654,17653,1,-1
2021-07-01 15:14:18.878,17653,17654,17653,1,-1
2021-07-01 15:14:23.496,17652,17653,17653,2,2
2021-07-01 15:14:28.348,17653,17654,17654,5,5
2021-07-01 15:14:29.438,17653,17654,17653,5,-5
2021-07-01 15:14:30.603,17652,17653,17653,1,1
2021-07-01 15:14:30.716,17652,17653,17653,1,1
2021-07-01 15:14:31.661,17652,17653,17653,1,1
2021-07-01 15:14:36.700,17652,17653,17653,2,2
2021-07-01 15:14:37.906,17652,17653,17653,1,1
2021-07-01 15:14:38.374,17652,17653,17653,1,1
2021-07-01 15:14:38.652,17652,17654,17652,1,-1
2021-07-01 15:14:46.989,17653,17654,17654,1,1
2021-07-01 15:14:48.530,17653,17654,17654,5,5
2021-07-01 15:14:49.392,17653,17654,17654,1,1
2021-07-01 15:14:50.858,17653,17654,17653,1,-1
2021-07-01 15:14:50.862,17653,17654,17653,1,-1
2021-07-01 15:14:58.582,17652,17653,17653,1,1
2021-07-01 15:15:06.676,17653,17654,17654,2,2
2021-07-01 15:15:06.785,17653,17654,17654,1,1
2021-07-01 15:15:06.789,17653,17654,17654,1,1
2021-07-01 15:15:06.790,17653,17654,17654,1,1
2021-07-01 15:15:06.964,17653,17654,17653,4,-4
2021-07-01 15:15:06.969,17653,17654,17653,2,-2
2021-07-01 15:15:06.969,17653,17654,17652,4,-4
2021-07-01 15:15:07.035,17652,17654,17652,4,-4
2021-07-01 15:15:07.035,17652,17654,17651,2,-2
2021-07-01 15:15:07.039,17652,17654,17654,1,1
2021-07-01 15:15:07.039,17652,17654,17654,1,1
2021-07-01 15:15:07.039,17652,17654,17654,1,1
2021-07-01 15:15:07.039,17652,17654,17654,1,1
2021-07-01 15:15:07.039,17652,17654,17654,1,1
2021-07-01 15:15:07.039,17652,17654,17654,1,1
2021-07-01 15:15:07.040,17652,17654,17654,1,1
2021-07-01 15:15:07.155,17653,17654,17654,1,1
2021-07-01 15:15:07.155,17653,17654,17654,1,1
2021-07-01 15:15:07.155,17653,17654,17654,1,1
2021-07-01 15:15:07.155,17653,17654,17654,1,1
2021-07-01 15:15:07.156,17653,17654,17654,1,1
2021-07-01 15:15:07.616,17653,17654,17654,6,6
2021-07-01 15:15:08.266,17653,17654,17654,2,2
2021-07-01 15:15:08.428,17653,17655,17655,2,2
2021-07-01 15:15:08.645,17653,17655,17655,1,1
2021-07-01 15:15:08.655,17653,17655,17655,1,1
2021-07-01 15:15:08.729,17653,17655,17655,1,1
2021-07-01 15:15:08.854,17653,17655,17654,2,-2
2021-07-01 15:15:08.863,17653,17655,17654,2,-2
2021-07-01 15:15:08.863,17653,17655,17654,1,-1
2021-07-01 15:15:08.921,17653,17655,17655,2,2
2021-07-01 15:15:09.048,17653,17655,17655,2,2
2021-07-01 15:15:09.255,17653,17655,17655,2,2
2021-07-01 15:15:11.916,17654,17655,17655,2,2
2021-07-01 15:15:12.033,17654,17655,17654,1,-1
2021-07-01 15:15:12.146,17654,17655,17654,1,-1
2021-07-01 15:15:12.385,17653,17655,17655,1,1
2021-07-01 15:15:12.728,17653,17655,17655,2,2
2021-07-01 15:15:13.805,17654,17655,17655,2,2
2021-07-01 15:15:15.374,17654,17655,17654,1,-1
2021-07-01 15:15:19.101,17654,17655,17655,4,4
2021-07-01 15:15:19.102,17654,17655,17655,1,1
2021-07-01 15:15:19.102,17654,17655,17655,2,2
2021-07-01 15:15:20.364,17655,17656,17655,2,-2
2021-07-01 15:15:20.405,17655,17656,17656,2,2
2021-07-01 15:15:20.405,17655,17656,17656,1,1
2021-07-01 15:15:20.405,17655,17656,17656,1,1
2021-07-01 15:15:20.405,17655,17656,17656,1,1
2021-07-01 15:15:20.406,17655,17656,17656,1,1
2021-07-01 15:15:20.406,17655,17656,17656,1,1
2021-07-01 15:15:20.406,17655,17656,17656,1,1
2021-07-01 15:15:20.406,17655,17656,17656,1,1
2021-07-01 15:15:20.406,17655,17656,17656,1,1
2021-07-01 15:15:20.406,17655,17656,17656,2,2
2021-07-01 15:15:20.407,17655,17656,17656,3,3
2021-07-01 15:15:20.407,17655,17656,17656,3,3
2021-07-01 15:15:20.407,17655,17656,17656,1,1
2021-07-01 15:15:20.408,17655,17656,17656,3,3
2021-07-01 15:15:20.408,17655,17656,17656,1,1
2021-07-01 15:15:20.408,17655,17656,17656,3,3
2021-07-01 15:15:20.408,17655,17656,17656,1,1
2021-07-01 15:15:20.409,17655,17656,17656,1,1
2021-07-01 15:15:20.639,17655,17656,17656,1,1
2021-07-01 15:15:20.639,17655,17656,17656,1,1
2021-07-01 15:15:20.654,17655,17656,17656,1,1
2021-07-01 15:15:20.679,17655,17656,17656,1,1
2021-07-01 15:15:20.705,17655,17656,17656,1,1
2021-07-01 15:15:20.705,17655,17656,17656,1,1
2021-07-01 15:15:21.361,17655,17656,17656,1,1
2021-07-01 15:15:21.362,17655,17656,17656,1,1
2021-07-01 15:15:21.362,17655,17656,17656,1,1
2021-07-01 15:15:22.015,17655,17657,17656,2,-2
2021-07-01 15:15:26.513,17655,17656,17656,1,1
2021-07-01 15:15:27.555,17655,17657,17656,1,-1
2021-07-01 15:15:27.655,17655,17657,17657,1,1
2021-07-01 15:15:27.655,17655,17657,17657,1,1
2021-07-01 15:15:27.655,17655,17657,17657,1,1
2021-07-01 15:15:27.655,17655,17657,17657,1,1
2021-07-01 15:15:27.655,17655,17657,17657,1,1
2021-07-01 15:15:27.656,17655,17657,17657,1,1
2021-07-01 15:15:27.866,17656,17657,17657,3,3
2021-07-01 15:15:27.867,17656,17657,17657,1,1
2021-07-01 15:15:28.062,17656,17657,17656,1,-1
2021-07-01 15:15:29.031,17656,17657,17656,1,-1
2021-07-01 15:15:29.251,17656,17657,17657,2,2
2021-07-01 15:15:29.251,17656,17657,17657,3,3
2021-07-01 15:15:29.251,17656,17657,17657,1,1
2021-07-01 15:15:29.251,17656,17657,17657,1,1
2021-07-01 15:15:29.251,17656,17657,17657,1,1
2021-07-01 15:15:29.253,17656,17657,17657,6,6
2021-07-01 15:15:29.386,17657,17658,17658,21,21
2021-07-01 15:15:29.386,17657,17658,17658,1,1
2021-07-01 15:15:29.386,17657,17658,17658,2,2
2021-07-01 15:15:29.386,17657,17658,17658,2,2
2021-07-01 15:15:29.386,17657,17658,17658,2,2
2021-07-01 15:15:29.386,17657,17658,17658,2,2
2021-07-01 15:15:29.386,17657,17658,17658,1,1
2021-07-01 15:15:29.387,17657,17658,17658,1,1
2021-07-01 15:15:29.388,17657,17658,17658,1,1
2021-07-01 15:15:31.041,17656,17658,17658,1,1
2021-07-01 15:15:32.977,17657,17659,17658,1,-1
2021-07-01 15:15:35.624,17657,17658,17658,1,1
2021-07-01 15:15:36.011,17657,17658,17658,1,1
2021-07-01 15:15:39.685,17657,17658,17658,2,2
2021-07-01 15:15:39.690,17657,17658,17658,1,1
2021-07-01 15:15:39.690,17657,17658,17658,1,1
2021-07-01 15:15:39.780,17657,17658,17658,1,1
2021-07-01 15:15:39.781,17657,17658,17658,1,1
2021-07-01 15:15:39.781,17657,17658,17658,1,1
2021-07-01 15:15:40.473,17657,17658,17658,2,2
2021-07-01 15:15:40.474,17657,17658,17658,1,1
2021-07-01 15:15:42.343,17657,17658,17657,1,-1
2021-07-01 15:15:42.343,17657,17658,17657,1,-1
2021-07-01 15:15:42.343,17657,17658,17657,1,-1
2021-07-01 15:15:44.113,17656,17657,17657,1,1
2021-07-01 15:15:44.113,17656,17657,17657,1,1
2021-07-01 15:15:47.612,17656,17657,17656,1,-1
2021-07-01 15:15:50.217,17656,17657,17657,1,1
2021-07-01 15:15:50.280,17656,17657,17657,1,1
2021-07-01 15:15:50.280,17656,17657,17658,1,1
2021-07-01 15:15:51.863,17657,17658,17658,1,1
2021-07-01 15:15:52.037,17657,17658,17658,3,3
2021-07-01 15:15:52.038,17657,17658,17658,1,1
2021-07-01 15:15:52.623,17657,17658,17657,1,-1
2021-07-01 15:15:53.633,17657,17658,17658,2,2
2021-07-01 15:16:06.642,17657,17658,17658,2,2
2021-07-01 15:16:06.658,17657,17658,17658,1,1
2021-07-01 15:16:06.658,17657,17658,17658,1,1
2021-07-01 15:16:06.661,17657,17658,17658,1,1
2021-07-01 15:16:06.828,17657,17658,17657,4,-4
2021-07-01 15:16:08.151,17657,17658,17658,1,1
2021-07-01 15:16:08.152,17657,17658,17658,1,1
2021-07-01 15:16:08.155,17657,17658,17658,1,1
2021-07-01 15:16:09.150,17657,17659,17659,1,1
2021-07-01 15:16:09.298,17657,17659,17659,1,1
2021-07-01 15:16:15.591,17657,17658,17658,1,1
2021-07-01 15:16:15.591,17657,17658,17659,4,4
2021-07-01 15:16:16.476,17657,17659,17658,1,-1
2021-07-01 15:16:16.476,17657,17659,17658,1,-1
2021-07-01 15:16:23.668,17657,17658,17658,1,1
2021-07-01 15:16:23.671,17657,17658,17659,1,1
2021-07-01 15:16:23.780,17657,17659,17659,1,1
2021-07-01 15:16:23.781,17657,17659,17659,1,1
2021-07-01 15:16:23.807,17657,17659,17659,1,1
2021-07-01 15:16:26.569,17657,17658,17658,1,1
2021-07-01 15:16:26.770,17657,17658,17658,1,1
2021-07-01 15:16:27.077,17657,17658,17657,1,-1
2021-07-01 15:16:27.077,17657,17658,17657,2,-2
2021-07-01 15:16:27.155,17656,17657,17657,1,1
2021-07-01 15:16:27.155,17656,17657,17657,1,1
2021-07-01 15:16:32.069,17656,17658,17657,1,-1
2021-07-01 15:16:34.222,17656,17657,17656,1,-1
2021-07-01 15:16:35.034,17656,17657,17656,4,-4
2021-07-01 15:16:37.908,17656,17657,17656,1,-1
2021-07-01 15:16:42.023,17655,17656,17656,2,2
2021-07-01 15:16:42.192,17655,17656,17656,1,1
2021-07-01 15:16:42.300,17655,17656,17656,1,1
2021-07-01 15:16:42.375,17655,17656,17656,1,1
2021-07-01 15:16:46.333,17656,17657,17656,1,-1
2021-07-01 15:16:46.787,17656,17657,17656,1,-1
2021-07-01 15:16:46.820,17656,17657,17656,1,-1
2021-07-01 15:16:46.874,17656,17657,17656,1,-1
2021-07-01 15:16:55.524,17655,17656,17655,7,-7
2021-07-01 15:16:55.527,17655,17656,17655,1,-1
2021-07-01 15:16:55.530,17654,17655,17655,1,1
2021-07-01 15:16:55.530,17654,17655,17655,1,1
2021-07-01 15:16:55.531,17654,17655,17656,1,1
2021-07-01 15:16:55.531,17654,17655,17656,1,1
2021-07-01 15:16:56.981,17654,17656,17656,5,5
2021-07-01 15:17:01.557,17654,17656,17654,1,-1
2021-07-01 15:17:04.493,17654,17655,17655,1,1
2021-07-01 15:17:06.333,17654,17655,17654,6,-6
2021-07-01 15:17:07.290,17653,17654,17654,2,2
2021-07-01 15:17:10.026,17654,17655,17654,1,-1
2021-07-01 15:17:13.893,17653,17654,17653,1,-1
2021-07-01 15:17:14.837,17653,17654,17653,1,-1
2021-07-01 15:17:18.250,17653,17654,17653,1,-1
2021-07-01 15:17:19.914,17652,17654,17653,1,-1
2021-07-01 15:17:23.736,17652,17653,17652,1,-1
2021-07-01 15:17:31.272,17652,17653,17653,1,1
2021-07-01 15:17:31.273,17652,17653,17653,1,1
2021-07-01 15:17:36.400,17653,17654,17653,1,-1
2021-07-01 15:17:51.563,17653,17654,17653,2,-2
2021-07-01 15:17:56.361,17653,17654,17654,1,1
2021-07-01 15:17:56.615,17653,17654,17653,3,-3
2021-07-01 15:17:56.615,17653,17654,17652,12,-12
2021-07-01 15:18:03.469,17652,17653,17652,3,-3
2021-07-01 15:18:15.811,17652,17653,17653,1,1
2021-07-01 15:18:24.171,17652,17653,17653,1,1
2021-07-01 15:18:24.171,17652,17653,17653,1,1
2021-07-01 15:18:28.304,17652,17654,17654,5,5
2021-07-01 15:18:28.305,17652,17654,17654,1,1
2021-07-01 15:18:28.305,17652,17654,17654,1,1
2021-07-01 15:18:28.305,17652,17654,17654,3,3
2021-07-01 15:18:44.271,17653,17654,17654,1,1
2021-07-01 15:18:46.958,17653,17654,17654,1,1
2021-07-01 15:18:53.861,17654,17655,17654,3,-3
2021-07-01 15:18:53.861,17654,17655,17653,6,-6
2021-07-01 15:18:53.861,17654,17655,17652,1,-1
2021-07-01 15:18:54.633,17654,17655,17655,1,1
2021-07-01 15:18:57.502,17654,17655,17654,1,-1
2021-07-01 15:19:02.499,17654,17655,17655,1,1
2021-07-01 15:19:05.882,17654,17655,17655,5,5
2021-07-01 15:19:12.696,17655,17656,17655,1,-1
2021-07-01 15:19:29.009,17654,17655,17654,5,-5
2021-07-01 15:19:36.942,17653,17655,17653,1,-1
2021-07-01 15:19:43.127,17653,17654,17653,2,-2
2021-07-01 15:19:55.748,17653,17655,17653,1,-1
2021-07-01 15:19:57.818,17653,17654,17654,1,1
2021-07-01 15:20:01.860,17653,17654,17653,2,-2
2021-07-01 15:20:02.939,17653,17654,17653,1,-1
2021-07-01 15:20:02.939,17653,17654,17652,1,-1
2021-07-01 15:20:17.514,17652,17653,17653,1,1
2021-07-01 15:20:22.998,17652,17653,17652,7,-7
2021-07-01 15:20:45.457,17652,17654,17652,5,-5
2021-07-01 15:20:46.470,17652,17654,17652,5,-5
2021-07-01 15:20:49.746,17652,17654,17652,2,-2
2021-07-01 15:20:51.449,17651,17653,17651,4,-4
2021-07-01 15:20:52.665,17651,17653,17651,4,-4
2021-07-01 15:21:00.671,17651,17652,17652,1,1
2021-07-01 15:21:03.884,17651,17652,17651,2,-2
2021-07-01 15:21:03.943,17650,17652,17650,5,-5
2021-07-01 15:21:04.036,17650,17651,17650,3,-3
2021-07-01 15:21:04.036,17650,17651,17649,2,-2
2021-07-01 15:21:05.097,17650,17651,17651,1,1
2021-07-01 15:21:05.098,17650,17651,17651,1,1
2021-07-01 15:21:05.260,17650,17651,17650,1,-1
2021-07-01 15:21:09.298,17650,17652,17650,2,-2
2021-07-01 15:21:17.559,17649,17650,17650,1,1
2021-07-01 15:21:17.772,17649,17651,17650,1,-1
2021-07-01 15:21:19.094,17649,17651,17649,4,-4
2021-07-01 15:21:19.094,17649,17651,17648,1,-1
2021-07-01 15:21:24.945,17649,17651,17649,4,4
2021-07-01 15:21:26.120,17649,17650,17650,2,2
2021-07-01 15:21:34.886,17649,17650,17650,1,1
2021-07-01 15:21:43.265,17649,17650,17650,1,1
2021-07-01 15:21:46.840,17649,17650,17650,1,1
2021-07-01 15:21:46.841,17649,17650,17650,2,2
2021-07-01 15:21:59.707,17650,17651,17650,1,-1
2021-07-01 15:22:00.400,17650,17651,17651,1,1
2021-07-01 15:22:03.737,17650,17651,17651,2,2
2021-07-01 15:22:03.966,17651,17652,17651,1,-1
2021-07-01 15:22:09.129,17651,17652,17652,3,3
2021-07-01 15:22:09.310,17651,17653,17653,2,2
2021-07-01 15:22:18.347,17652,17653,17653,1,1
2021-07-01 15:22:18.806,17652,17654,17654,5,5
2021-07-01 15:22:19.754,17652,17654,17654,2,2
2021-07-01 15:22:19.754,17652,17654,17655,3,3
2021-07-01 15:22:19.857,17653,17655,17655,5,5
2021-07-01 15:22:19.892,17653,17655,17655,5,5
2021-07-01 15:22:24.202,17655,17656,17655,1,-1
2021-07-01 15:22:30.705,17653,17655,17655,1,1
2021-07-01 15:22:43.132,17654,17655,17655,1,1
2021-07-01 15:22:44.614,17654,17655,17654,1,-1
2021-07-01 15:23:01.268,17654,17655,17655,1,1
2021-07-01 15:23:05.070,17654,17655,17655,4,4
2021-07-01 15:23:11.889,17654,17655,17655,1,1
2021-07-01 15:23:11.987,17654,17655,17655,1,1
2021-07-01 15:23:15.382,17654,17655,17654,1,-1
2021-07-01 15:23:20.581,17654,17655,17654,1,-1
2021-07-01 15:23:39.933,17653,17654,17654,1,1
2021-07-01 15:23:47.776,17653,17654,17654,3,3
2021-07-01 15:23:47.777,17653,17654,17654,12,12
2021-07-01 15:23:47.777,17653,17654,17654,4,4
2021-07-01 15:23:47.777,17653,17654,17654,2,2
2021-07-01 15:23:47.777,17653,17654,17654,2,2
2021-07-01 15:23:47.777,17653,17654,17655,1,1
2021-07-01 15:23:47.778,17654,17655,17655,1,1
2021-07-01 15:23:47.778,17654,17655,17655,1,1
2021-07-01 15:23:47.779,17654,17655,17655,2,2
2021-07-01 15:23:47.780,17654,17655,17656,1,1
2021-07-01 15:24:02.394,17655,17656,17656,13,13
2021-07-01 15:24:02.395,17655,17656,17656,4,4
2021-07-01 15:24:02.395,17655,17656,17656,2,2
2021-07-01 15:24:02.395,17655,17656,17656,1,1
2021-07-01 15:24:02.395,17655,17656,17656,3,3
2021-07-01 15:24:04.477,17656,17657,17657,2,2
2021-07-01 15:24:04.647,17656,17657,17657,7,7
2021-07-01 15:24:08.689,17656,17657,17657,1,1
2021-07-01 15:24:09.538,17656,17657,17656,2,-2
2021-07-01 15:24:13.745,17656,17657,17656,1,-1
2021-07-01 15:24:21.018,17656,17657,17656,1,-1
2021-07-01 15:24:25.168,17656,17657,17656,1,-1
2021-07-01 15:24:28.595,17655,17656,17656,1,1
2021-07-01 15:24:31.986,17655,17656,17656,3,3
2021-07-01 15:24:36.285,17655,17656,17655,3,-3
2021-07-01 15:24:37.112,17655,17656,17656,1,1
2021-07-01 15:24:41.276,17655,17656,17655,3,-3
2021-07-01 15:24:42.743,17654,17655,17655,1,1
2021-07-01 15:24:46.133,17654,17655,17655,4,4
2021-07-01 15:24:46.133,17654,17655,17656,1,1
2021-07-01 15:24:46.638,17654,17656,17656,1,1
2021-07-01 15:24:47.418,17655,17656,17655,1,-1
2021-07-01 15:24:53.604,17654,17655,17655,1,1
2021-07-01 15:24:57.711,17655,17656,17655,2,-2
2021-07-01 15:25:00.254,17654,17655,17655,1,1
2021-07-01 15:25:01.376,17654,17655,17654,2,-2
2021-07-01 15:25:03.686,17653,17654,17654,1,1
2021-07-01 15:25:09.826,17653,17655,17653,1,-1
2021-07-01 15:25:10.917,17653,17655,17655,5,5
2021-07-01 15:25:29.802,17654,17655,17655,1,1
2021-07-01 15:25:34.740,17654,17656,17655,1,-1
2021-07-01 15:25:34.803,17655,17656,17656,3,3
2021-07-01 15:25:35.206,17655,17657,17657,1,1
2021-07-01 15:25:43.928,17655,17656,17656,1,1
2021-07-01 15:25:52.316,17655,17656,17656,1,1
2021-07-01 15:25:57.736,17655,17656,17655,1,-1
2021-07-01 15:26:00.609,17654,17655,17655,1,1
2021-07-01 15:26:10.163,17655,17656,17656,1,1
2021-07-01 15:26:10.549,17655,17656,17656,2,2
2021-07-01 15:26:10.864,17655,17656,17656,3,3
2021-07-01 15:26:10.864,17655,17656,17657,5,5
2021-07-01 15:26:11.310,17656,17657,17656,1,-1
2021-07-01 15:26:20.197,17656,17657,17657,1,1
2021-07-01 15:26:22.317,17656,17657,17657,9,9
2021-07-01 15:26:22.317,17656,17657,17657,9,9
2021-07-01 15:26:24.320,17657,17658,17658,1,1
2021-07-01 15:26:24.320,17657,17658,17658,1,1
2021-07-01 15:26:24.321,17657,17658,17658,1,1
2021-07-01 15:26:24.321,17657,17658,17658,1,1
2021-07-01 15:26:24.321,17657,17658,17658,1,1
2021-07-01 15:26:26.389,17657,17658,17657,1,-1
2021-07-01 15:26:30.919,17657,17658,17658,1,1
2021-07-01 15:26:32.216,17657,17658,17658,2,2
2021-07-01 15:26:32.391,17657,17658,17658,1,1
2021-07-01 15:26:37.185,17657,17658,17657,5,-5
2021-07-01 15:26:42.319,17657,17658,17658,1,1
2021-07-01 15:26:45.084,17657,17658,17658,1,1
2021-07-01 15:26:46.805,17657,17658,17657,2,-2
2021-07-01 15:26:50.610,17657,17658,17657,1,-1
2021-07-01 15:26:50.692,17656,17658,17658,1,1
2021-07-01 15:26:51.129,17656,17658,17658,1,1
2021-07-01 15:26:57.849,17656,17658,17658,2,2
2021-07-01 15:27:00.039,17656,17657,17657,3,3
2021-07-01 15:27:03.599,17656,17657,17656,5,-5
2021-07-01 15:27:03.655,17655,17657,17657,1,1
2021-07-01 15:27:10.689,17656,17657,17657,1,1
2021-07-01 15:27:14.510,17656,17657,17657,1,1
2021-07-01 15:27:25.277,17656,17657,17657,3,3
2021-07-01 15:27:25.277,17656,17657,17658,7,7
2021-07-01 15:27:25.330,17657,17658,17658,13,13
2021-07-01 15:27:25.331,17657,17658,17658,5,5
2021-07-01 15:27:25.331,17657,17658,17658,1,1
2021-07-01 15:27:25.331,17657,17658,17658,1,1
2021-07-01 15:27:25.331,17657,17658,17658,5,5
2021-07-01 15:27:25.910,17657,17659,17657,1,-1
2021-07-01 15:27:31.759,17658,17659,17659,1,1
2021-07-01 15:27:31.900,17658,17659,17658,1,-1
2021-07-01 15:27:31.954,17657,17659,17657,1,-1
2021-07-01 15:27:32.150,17657,17659,17659,1,1
2021-07-01 15:27:32.260,17657,17659,17659,3,3
2021-07-01 15:27:32.343,17657,17659,17659,1,1
2021-07-01 15:27:38.346,17657,17658,17658,1,1
2021-07-01 15:27:42.176,17657,17658,17658,1,1
2021-07-01 15:27:44.066,17657,17658,17658,1,1
2021-07-01 15:27:45.160,17657,17658,17657,1,-1
2021-07-01 15:27:45.160,17657,17658,17657,2,-2
2021-07-01 15:27:46.002,17656,17657,17656,1,-1
2021-07-01 15:27:51.916,17655,17656,17656,1,1
2021-07-01 15:27:53.077,17655,17656,17656,1,1
2021-07-01 15:27:53.077,17655,17656,17657,1,1
2021-07-01 15:27:53.384,17655,17657,17656,1,-1
2021-07-01 15:27:56.334,17656,17657,17656,1,-1
2021-07-01 15:27:59.206,17656,17657,17656,1,-1
2021-07-01 15:28:01.419,17655,17656,17656,1,1
2021-07-01 15:28:13.018,17655,17656,17656,1,1
2021-07-01 15:28:18.702,17655,17656,17656,1,1
2021-07-01 15:28:19.186,17655,17656,17656,1,1
2021-07-01 15:28:19.186,17655,17656,17656,1,1
2021-07-01 15:28:28.841,17655,17656,17656,1,1
2021-07-01 15:28:28.879,17655,17656,17655,3,-3
2021-07-01 15:28:31.066,17655,17656,17656,1,1
2021-07-01 15:28:35.886,17656,17657,17656,1,-1
2021-07-01 15:28:36.841,17655,17656,17656,1,1
2021-07-01 15:28:38.694,17655,17656,17655,1,-1
2021-07-01 15:28:45.251,17655,17656,17655,5,-5
2021-07-01 15:28:45.982,17654,17656,17656,1,1
2021-07-01 15:28:52.255,17654,17655,17655,1,1
2021-07-01 15:28:52.255,17654,17655,17656,1,1
2021-07-01 15:28:58.834,17654,17656,17656,2,2
2021-07-01 15:28:59.427,17656,17657,17657,8,8
2021-07-01 15:28:59.427,17656,17657,17658,8,8
2021-07-01 15:28:59.427,17656,17657,17659,37,37
2021-07-01 15:28:59.427,17656,17657,17660,28,28
2021-07-01 15:28:59.429,17656,17657,17660,1,1
2021-07-01 15:28:59.429,17656,17657,17661,2,2
2021-07-01 15:28:59.429,17656,17657,17660,1,1
2021-07-01 15:28:59.429,17656,17657,17660,6,6
2021-07-01 15:28:59.429,17656,17657,17660,12,12
2021-07-01 15:28:59.727,17657,17659,17657,1,-1
2021-07-01 15:28:59.751,17657,17659,17659,1,1
2021-07-01 15:28:59.776,17657,17659,17659,1,1
2021-07-01 15:29:00.007,17657,17659,17659,2,2
2021-07-01 15:29:00.057,17657,17659,17659,3,3
2021-07-01 15:29:00.167,17658,17659,17659,1,1
2021-07-01 15:29:00.167,17658,17659,17660,1,1
2021-07-01 15:29:04.763,17658,17660,17658,1,-1
2021-07-01 15:29:09.288,17659,17660,17659,1,1
2021-07-01 15:29:09.695,17659,17660,17660,1,1
2021-07-01 15:29:10.891,17659,17660,17660,1,1
2021-07-01 15:29:13.176,17659,17660,17659,1,-1
2021-07-01 15:29:16.069,17658,17659,17659,1,1
2021-07-01 15:29:16.157,17658,17659,17659,2,2
2021-07-01 15:29:21.672,17659,17660,17660,5,5
2021-07-01 15:29:21.672,17659,17660,17661,5,5
2021-07-01 15:29:22.218,17660,17661,17661,2,2
2021-07-01 15:29:24.972,17660,17661,17660,1,-1
2021-07-01 15:29:24.972,17660,17661,17660,1,-1
2021-07-01 15:29:26.231,17659,17661,17661,1,1
2021-07-01 15:29:27.732,17659,17660,17660,1,1
2021-07-01 15:29:37.607,17659,17660,17659,1,-1
2021-07-01 15:29:37.607,17659,17660,17659,1,-1
2021-07-01 15:29:46.028,17658,17659,17659,1,1
2021-07-01 15:29:52.177,17659,17660,17660,1,1
2021-07-01 15:29:54.017,17659,17660,17659,1,-1
2021-07-01 15:29:56.854,17658,17659,17658,7,-7
2021-07-01 15:29:58.758,17657,17658,17658,1,1
2021-07-01 15:30:00.005,17657,17658,17657,2,-2
2021-07-01 15:30:00.311,17657,17658,17657,2,-2
2021-07-01 15:30:00.514,17657,17658,17658,2,2
2021-07-01 15:30:00.672,17657,17659,17659,8,8
2021-07-01 15:30:00.672,17657,17659,17660,7,7
2021-07-01 15:30:00.706,17657,17659,17660,3,3
2021-07-01 15:30:01.964,17659,17661,17661,2,2
2021-07-01 15:30:02.476,17659,17661,17661,2,2
2021-07-01 15:30:02.514,17659,17661,17661,1,1
2021-07-01 15:30:02.514,17659,17661,17662,2,2
2021-07-01 15:30:02.550,17660,17662,17662,2,2
2021-07-01 15:30:02.756,17661,17662,17662,1,1
2021-07-01 15:30:02.778,17661,17662,17661,1,-1
2021-07-01 15:30:02.861,17661,17662,17661,1,-1
2021-07-01 15:30:02.866,17661,17662,17662,1,1
2021-07-01 15:30:02.867,17661,17662,17662,2,2
2021-07-01 15:30:02.869,17661,17662,17662,1,1
2021-07-01 15:30:02.981,17660,17662,17662,1,1
2021-07-01 15:30:02.984,17660,17662,17662,2,2
2021-07-01 15:30:03.153,17661,17662,17661,2,-2
2021-07-01 15:30:03.199,17661,17662,17662,1,1
2021-07-01 15:30:03.206,17661,17662,17662,1,1
2021-07-01 15:30:03.243,17661,17662,17662,1,1
2021-07-01 15:30:03.243,17661,17662,17662,1,1
2021-07-01 15:30:03.256,17661,17662,17662,1,1
2021-07-01 15:30:03.618,17660,17662,17660,2,-2
2021-07-01 15:30:05.124,17659,17661,17661,1,1
2021-07-01 15:30:05.403,17660,17661,17660,1,-1
2021-07-01 15:30:06.764,17660,17661,17661,2,2
2021-07-01 15:30:07.291,17660,17662,17662,1,1
2021-07-01 15:30:09.028,17661,17662,17661,2,-2
2021-07-01 15:30:09.239,17660,17662,17662,2,2
2021-07-01 15:30:10.096,17660,17662,17662,1,1
2021-07-01 15:30:10.278,17661,17662,17661,2,-2
2021-07-01 15:30:10.774,17660,17662,17662,1,1
2021-07-01 15:30:10.804,17660,17662,17662,1,1
2021-07-01 15:30:10.857,17660,17662,17662,1,1
2021-07-01 15:30:10.920,17660,17662,17662,1,1
2021-07-01 15:30:11.342,17661,17662,17662,2,2
2021-07-01 15:30:11.568,17661,17662,17662,2,2
2021-07-01 15:30:14.812,17662,17663,17662,3,-3
2021-07-01 15:30:14.812,17662,17663,17662,1,-1
2021-07-01 15:30:16.205,17661,17662,17662,1,1
2021-07-01 15:30:16.602,17661,17662,17662,2,2
2021-07-01 15:30:16.658,17661,17662,17662,2,2
2021-07-01 15:30:17.131,17661,17662,17662,2,2
2021-07-01 15:30:17.780,17662,17663,17662,2,-2
2021-07-01 15:30:18.081,17661,17663,17663,1,1
2021-07-01 15:30:18.216,17661,17663,17661,1,-1
2021-07-01 15:30:18.266,17661,17663,17661,1,-1
2021-07-01 15:30:19.216,17661,17663,17661,1,-1
2021-07-01 15:30:19.764,17661,17662,17662,2,2
2021-07-01 15:30:19.919,17661,17662,17662,1,1
2021-07-01 15:30:20.683,17661,17662,17662,2,2
2021-07-01 15:30:20.799,17661,17662,17662,4,4
2021-07-01 15:30:20.799,17661,17662,17663,11,11
2021-07-01 15:30:20.881,17661,17662,17663,3,3
2021-07-01 15:30:20.881,17661,17662,17663,2,2
2021-07-01 15:30:20.882,17661,17662,17663,2,2
2021-07-01 15:30:23.304,17661,17663,17663,2,2
2021-07-01 15:30:23.639,17662,17663,17662,1,-1
2021-07-01 15:30:24.344,17662,17663,17663,1,1
2021-07-01 15:30:24.344,17662,17663,17664,1,1
2021-07-01 15:30:24.452,17662,17664,17664,2,2
2021-07-01 15:30:24.483,17662,17664,17664,2,2
2021-07-01 15:30:24.931,17663,17664,17663,1,-1
2021-07-01 15:30:25.237,17662,17664,17664,1,1
2021-07-01 15:30:26.642,17662,17664,17662,1,-1
2021-07-01 15:30:26.896,17662,17663,17663,1,1
2021-07-01 15:30:27.779,17662,17663,17663,2,2
2021-07-01 15:30:29.068,17662,17663,17663,1,1
2021-07-01 15:30:34.698,17663,17664,17664,5,5
2021-07-01 15:30:34.698,17663,17664,17664,4,4
2021-07-01 15:30:34.699,17663,17664,17664,1,1
2021-07-01 15:30:34.909,17664,17665,17665,5,5
2021-07-01 15:30:35.218,17663,17664,17664,1,1
2021-07-01 15:30:35.218,17663,17664,17665,1,1
2021-07-01 15:30:35.395,17663,17665,17665,1,1
2021-07-01 15:30:35.436,17663,17665,17665,1,1
2021-07-01 15:30:35.490,17663,17665,17665,1,1
2021-07-01 15:30:35.522,17663,17665,17665,1,1
2021-07-01 15:30:35.685,17663,17665,17663,2,-2
2021-07-01 15:30:35.712,17663,17665,17663,1,-1
2021-07-01 15:30:36.303,17663,17665,17663,1,-1
2021-07-01 15:30:36.639,17663,17665,17665,1,1
2021-07-01 15:30:36.685,17663,17665,17665,1,1
2021-07-01 15:30:36.729,17663,17665,17665,1,1
2021-07-01 15:30:36.735,17663,17665,17665,1,1
2021-07-01 15:30:37.806,17663,17664,17663,1,-1
2021-07-01 15:30:37.880,17663,17664,17664,1,1
2021-07-01 15:30:38.660,17663,17664,17664,1,1
2021-07-01 15:30:43.769,17663,17664,17664,1,1
2021-07-01 15:30:44.511,17663,17664,17664,1,1
2021-07-01 15:30:48.575,17663,17664,17664,2,2
2021-07-01 15:30:50.107,17664,17665,17664,2,-2
2021-07-01 15:30:53.784,17664,17665,17665,2,2
2021-07-01 15:30:54.007,17664,17665,17664,3,-3
2021-07-01 15:30:54.163,17663,17664,17664,1,1
2021-07-01 15:30:54.323,17663,17664,17664,2,2
2021-07-01 15:30:54.349,17663,17664,17664,2,2
2021-07-01 15:30:56.083,17663,17664,17664,4,4
2021-07-01 15:30:56.083,17663,17664,17665,12,12
2021-07-01 15:30:57.656,17664,17665,17664,2,-2
2021-07-01 15:31:02.694,17663,17664,17663,1,-1
2021-07-01 15:31:02.694,17663,17664,17663,7,-7
2021-07-01 15:31:02.694,17663,17664,17663,2,-2
2021-07-01 15:31:02.714,17663,17664,17663,2,-2
2021-07-01 15:31:02.736,17663,17664,17664,3,3
2021-07-01 15:31:03.098,17662,17664,17664,1,1
2021-07-01 15:31:03.170,17662,17664,17664,1,1
2021-07-01 15:31:03.297,17662,17664,17664,1,1
2021-07-01 15:31:03.510,17663,17664,17664,1,1
2021-07-01 15:31:03.527,17663,17664,17663,2,-2
2021-07-01 15:31:10.140,17663,17664,17663,1,-1
2021-07-01 15:31:13.026,17663,17664,17663,1,-1
2021-07-01 15:31:13.030,17663,17664,17664,1,1
2021-07-01 15:31:13.030,17663,17664,17664,1,1
2021-07-01 15:31:13.031,17663,17664,17665,1,1
2021-07-01 15:31:13.287,17663,17665,17663,1,-1
2021-07-01 15:31:13.999,17664,17665,17665,1,1
2021-07-01 15:31:15.235,17664,17665,17664,2,-2
2021-07-01 15:31:18.419,17663,17664,17663,1,-1
2021-07-01 15:31:18.419,17663,17664,17663,1,-1
2021-07-01 15:31:18.420,17663,17664,17663,2,-2
2021-07-01 15:31:22.653,17662,17663,17663,1,1
2021-07-01 15:31:23.652,17662,17663,17662,1,-1
2021-07-01 15:31:25.074,17662,17663,17662,1,-1
2021-07-01 15:31:27.713,17661,17663,17663,2,2
2021-07-01 15:31:31.986,17662,17663,17663,1,1
2021-07-01 15:31:44.480,17662,17663,17663,1,1
2021-07-01 15:31:53.202,17662,17663,17663,1,1
2021-07-01 15:31:53.910,17662,17663,17663,1,1
2021-07-01 15:32:02.920,17662,17663,17662,1,-1
2021-07-01 15:32:04.949,17662,17663,17662,2,-2
2021-07-01 15:32:06.897,17662,17663,17663,1,1
2021-07-01 15:32:09.047,17662,17663,17662,1,-1
2021-07-01 15:32:11.507,17662,17663,17662,1,-1
2021-07-01 15:32:13.779,17662,17663,17663,1,1
2021-07-01 15:32:13.779,17662,17663,17663,1,1
2021-07-01 15:32:14.010,17663,17664,17663,2,-2
2021-07-01 15:32:33.769,17662,17663,17662,2,-2
2021-07-01 15:32:40.772,17661,17662,17661,4,-4
2021-07-01 15:32:40.772,17661,17662,17661,1,-1
2021-07-01 15:32:40.772,17661,17662,17661,1,-1
2021-07-01 15:32:40.772,17661,17662,17661,2,-2
2021-07-01 15:32:40.772,17661,17662,17661,3,-3
2021-07-01 15:32:40.772,17661,17662,17661,3,-3
2021-07-01 15:32:40.784,17660,17661,17660,1,-1
2021-07-01 15:32:41.050,17660,17662,17662,1,1
2021-07-01 15:32:44.436,17660,17662,17662,7,7
2021-07-01 15:32:44.437,17660,17662,17662,3,3
2021-07-01 15:32:49.406,17660,17662,17662,1,1
2021-07-01 15:32:58.327,17660,17662,17662,1,1
2021-07-01 15:32:58.927,17660,17662,17661,2,-2
2021-07-01 15:33:00.361,17660,17661,17661,1,1
2021-07-01 15:33:00.676,17660,17662,17662,1,1
2021-07-01 15:33:00.744,17660,17662,17662,1,1
2021-07-01 15:33:02.427,17661,17662,17661,2,-2
2021-07-01 15:33:05.810,17661,17662,17661,1,-1
2021-07-01 15:33:12.195,17661,17662,17662,1,1
2021-07-01 15:33:15.937,17661,17662,17661,1,-1
2021-07-01 15:33:20.610,17660,17661,17661,1,1
2021-07-01 15:33:20.610,17660,17661,17662,6,6
2021-07-01 15:33:20.610,17660,17661,17662,1,1
2021-07-01 15:33:25.190,17660,17662,17661,1,-1
2021-07-01 15:33:28.021,17660,17662,17660,1,-1
2021-07-01 15:33:31.331,17660,17661,17660,7,-7
2021-07-01 15:33:32.383,17659,17661,17661,1,1
2021-07-01 15:33:39.250,17661,17662,17661,2,-2
2021-07-01 15:33:48.797,17660,17661,17660,4,-4
2021-07-01 15:33:49.374,17660,17661,17660,1,-1
2021-07-01 15:33:52.558,17660,17661,17660,1,-1
2021-07-01 15:33:53.540,17660,17661,17660,2,-2
2021-07-01 15:34:00.918,17659,17660,17659,1,-1
2021-07-01 15:34:02.626,17659,17660,17660,1,1
2021-07-01 15:34:02.626,17659,17660,17660,1,1
2021-07-01 15:34:02.626,17659,17660,17660,1,1
2021-07-01 15:34:02.626,17659,17660,17660,1,1
2021-07-01 15:34:02.626,17659,17660,17660,1,1
2021-07-01 15:34:19.186,17659,17660,17660,1,1
2021-07-01 15:34:21.089,17659,17660,17660,1,1
2021-07-01 15:34:38.723,17660,17661,17660,1,-1
2021-07-01 15:34:41.123,17660,17661,17660,1,-1
2021-07-01 15:34:41.474,17660,17661,17660,1,-1
2021-07-01 15:34:41.894,17660,17661,17660,5,-5
2021-07-01 15:34:44.155,17660,17661,17661,2,2
2021-07-01 15:34:44.155,17660,17661,17661,1,1
2021-07-01 15:34:44.155,17660,17661,17661,1,1
2021-07-01 15:34:44.155,17660,17661,17661,1,1
2021-07-01 15:34:44.155,17660,17661,17661,4,4
2021-07-01 15:34:50.321,17659,17661,17661,2,2
2021-07-01 15:34:51.834,17660,17662,17662,1,1
2021-07-01 15:34:59.271,17661,17662,17662,2,2
2021-07-01 15:35:00.262,17661,17662,17662,1,1
2021-07-01 15:35:02.356,17661,17662,17662,1,1
2021-07-01 15:35:02.783,17661,17662,17662,1,1
2021-07-01 15:35:03.537,17661,17662,17662,2,2
2021-07-01 15:35:09.455,17661,17662,17662,1,1
2021-07-01 15:35:09.692,17661,17662,17662,1,1
2021-07-01 15:35:10.791,17661,17662,17662,1,1
2021-07-01 15:35:14.847,17661,17662,17662,1,1
2021-07-01 15:35:21.887,17662,17663,17663,1,1
2021-07-01 15:35:25.395,17662,17663,17663,1,1
2021-07-01 15:35:27.393,17663,17664,17664,1,1
2021-07-01 15:35:28.120,17662,17664,17662,1,-1
2021-07-01 15:35:34.991,17662,17663,17663,1,1
2021-07-01 15:35:39.808,17663,17664,17664,5,5
2021-07-01 15:35:40.158,17663,17664,17664,7,7
2021-07-01 15:35:40.158,17663,17664,17664,1,1
2021-07-01 15:35:40.158,17663,17664,17664,1,1
2021-07-01 15:35:40.159,17663,17664,17664,5,5
2021-07-01 15:35:43.927,17664,17665,17664,2,-2
2021-07-01 15:35:45.727,17663,17665,17665,15,15
2021-07-01 15:35:45.875,17664,17665,17665,1,1
2021-07-01 15:35:45.875,17664,17665,17665,2,2
2021-07-01 15:35:47.280,17664,17665,17665,1,1
2021-07-01 15:35:48.532,17664,17665,17665,1,1
2021-07-01 15:35:50.991,17663,17665,17665,2,2
2021-07-01 15:35:53.843,17663,17665,17665,2,2
2021-07-01 15:35:56.130,17664,17666,17664,1,-1
2021-07-01 15:36:03.910,17664,17665,17665,1,1
2021-07-01 15:36:04.487,17664,17665,17665,1,1
2021-07-01 15:36:04.488,17664,17665,17665,4,4
2021-07-01 15:36:09.858,17664,17665,17665,1,1
2021-07-01 15:36:09.858,17664,17665,17666,1,1
2021-07-01 15:36:11.204,17665,17666,17666,2,2
2021-07-01 15:36:11.781,17665,17666,17666,1,1
2021-07-01 15:36:12.451,17665,17666,17665,1,-1
2021-07-01 15:36:14.175,17664,17665,17665,1,1
2021-07-01 15:36:17.789,17665,17666,17665,1,-1
2021-07-01 15:36:20.037,17665,17666,17666,1,1
2021-07-01 15:36:21.129,17665,17666,17665,1,-1
2021-07-01 15:36:27.183,17665,17666,17665,4,-4
2021-07-01 15:36:28.550,17665,17666,17665,2,-2
2021-07-01 15:36:30.573,17665,17666,17665,8,-8
2021-07-01 15:36:30.574,17665,17666,17665,1,-1
2021-07-01 15:36:34.015,17664,17665,17665,1,1
2021-07-01 15:36:34.015,17664,17665,17666,1,1
2021-07-01 15:36:38.007,17665,17666,17665,1,-1
2021-07-01 15:36:41.061,17665,17666,17665,1,-1
2021-07-01 15:36:41.746,17664,17665,17665,3,3
2021-07-01 15:36:44.113,17664,17665,17665,1,1
2021-07-01 15:36:48.527,17664,17665,17665,1,1
2021-07-01 15:36:52.093,17664,17665,17665,1,1
2021-07-01 15:36:52.184,17664,17665,17665,1,1
2021-07-01 15:36:52.208,17664,17665,17665,1,1
2021-07-01 15:36:55.143,17664,17665,17664,5,-5
2021-07-01 15:37:01.494,17663,17664,17663,3,-3
2021-07-01 15:37:06.346,17663,17664,17663,1,-1
2021-07-01 15:37:08.316,17662,17664,17662,8,-8
2021-07-01 15:37:12.028,17663,17664,17664,2,2
2021-07-01 15:37:13.064,17663,17664,17663,1,-1
2021-07-01 15:37:13.414,17663,17664,17663,2,-2
2021-07-01 15:37:14.345,17662,17663,17663,1,1
2021-07-01 15:37:19.829,17662,17663,17663,1,1
2021-07-01 15:37:20.591,17662,17663,17663,1,1
2021-07-01 15:37:20.633,17662,17663,17663,1,1
2021-07-01 15:37:21.068,17662,17663,17663,1,1
2021-07-01 15:37:22.106,17662,17663,17663,3,3
2021-07-01 15:37:22.106,17662,17663,17663,6,6
2021-07-01 15:37:22.106,17662,17663,17663,1,1
2021-07-01 15:37:22.111,17662,17663,17664,3,3
2021-07-01 15:37:22.465,17664,17665,17665,1,1
2021-07-01 15:37:22.492,17664,17665,17665,4,4
2021-07-01 15:37:22.554,17665,17666,17666,3,3
2021-07-01 15:37:22.555,17665,17666,17666,1,1
2021-07-01 15:37:22.555,17665,17666,17666,2,2
2021-07-01 15:37:22.555,17665,17666,17666,1,1
2021-07-01 15:37:22.555,17665,17666,17666,1,1
2021-07-01 15:37:22.555,17665,17666,17666,1,1
2021-07-01 15:37:22.555,17665,17666,17666,1,1
2021-07-01 15:37:22.555,17665,17666,17666,3,3
2021-07-01 15:37:22.555,17665,17666,17666,5,5
2021-07-01 15:37:22.555,17665,17666,17666,5,5
2021-07-01 15:37:22.555,17665,17666,17666,1,1
2021-07-01 15:37:22.555,17665,17666,17666,1,1
2021-07-01 15:37:22.555,17665,17666,17666,1,1
2021-07-01 15:37:22.556,17665,17666,17666,1,1
2021-07-01 15:37:25.165,17665,17666,17665,1,-1
2021-07-01 15:37:29.225,17665,17666,17666,1,1
2021-07-01 15:37:30.760,17665,17666,17665,1,-1
2021-07-01 15:37:30.886,17665,17666,17666,1,1
2021-07-01 15:37:31.709,17665,17666,17666,1,1
2021-07-01 15:37:31.994,17665,17666,17666,1,1
2021-07-01 15:37:32.085,17665,17666,17666,1,1
2021-07-01 15:37:32.569,17665,17666,17665,2,-2
2021-07-01 15:37:32.653,17664,17665,17664,1,-1
2021-07-01 15:37:32.653,17664,17665,17664,1,-1
2021-07-01 15:37:35.472,17664,17665,17665,2,2
2021-07-01 15:37:38.456,17665,17666,17665,1,-1
2021-07-01 15:37:39.895,17665,17666,17666,1,1
2021-07-01 15:37:39.922,17665,17666,17665,2,-2
2021-07-01 15:37:40.224,17664,17665,17665,1,1
2021-07-01 15:37:40.383,17664,17665,17665,1,1
2021-07-01 15:37:40.856,17664,17665,17665,1,1
2021-07-01 15:37:42.307,17664,17665,17665,3,3
2021-07-01 15:37:44.447,17664,17665,17665,1,1
2021-07-01 15:37:47.648,17664,17665,17665,1,1
2021-07-01 15:37:50.767,17665,17666,17666,2,2
2021-07-01 15:37:52.961,17665,17666,17665,1,-1
2021-07-01 15:37:52.962,17665,17666,17665,1,-1
2021-07-01 15:37:52.962,17665,17666,17665,1,-1
2021-07-01 15:37:53.220,17664,17665,17665,1,1
2021-07-01 15:37:53.242,17664,17665,17665,2,2
2021-07-01 15:37:55.280,17664,17665,17664,4,-4
2021-07-01 15:37:55.394,17664,17665,17665,1,1
2021-07-01 15:37:55.473,17665,17666,17665,3,-3
2021-07-01 15:37:56.178,17664,17665,17665,1,1
2021-07-01 15:37:56.292,17664,17665,17665,1,1
2021-07-01 15:37:58.228,17664,17665,17665,1,1
2021-07-01 15:37:59.228,17665,17666,17665,1,-1
2021-07-01 15:38:03.359,17664,17665,17665,2,2
2021-07-01 15:38:05.316,17665,17666,17665,1,-1
2021-07-01 15:38:06.015,17665,17666,17665,1,-1
2021-07-01 15:38:08.588,17664,17665,17664,1,-1
2021-07-01 15:38:08.589,17664,17665,17664,1,-1
2021-07-01 15:38:08.589,17664,17665,17664,1,-1
2021-07-01 15:38:09.921,17663,17665,17665,3,3
2021-07-01 15:38:13.350,17664,17665,17665,1,1
2021-07-01 15:38:21.440,17664,17665,17665,1,1
2021-07-01 15:38:22.186,17664,17665,17665,1,1
2021-07-01 15:38:26.411,17664,17665,17665,1,1
2021-07-01 15:38:27.532,17664,17665,17665,1,1
2021-07-01 15:38:29.546,17664,17665,17665,2,2
2021-07-01 15:38:34.131,17664,17665,17665,1,1
2021-07-01 15:38:36.707,17664,17665,17665,1,1
2021-07-01 15:38:37.997,17664,17665,17665,2,2
2021-07-01 15:38:37.997,17664,17665,17665,1,1
2021-07-01 15:38:37.997,17664,17665,17665,1,1
2021-07-01 15:38:37.997,17664,17665,17665,1,1
2021-07-01 15:38:37.997,17664,17665,17665,3,3
2021-07-01 15:38:39.202,17665,17666,17665,1,-1
2021-07-01 15:38:39.652,17665,17666,17665,1,-1
2021-07-01 15:38:48.012,17664,17665,17664,3,-3
2021-07-01 15:38:48.735,17663,17664,17664,1,1
2021-07-01 15:38:50.928,17663,17664,17664,1,1
2021-07-01 15:38:51.375,17663,17664,17663,2,-2
2021-07-01 15:38:51.550,17663,17664,17663,7,-7
2021-07-01 15:38:51.631,17663,17664,17662,1,-1
2021-07-01 15:38:54.159,17661,17663,17663,4,4
2021-07-01 15:38:54.160,17661,17663,17663,1,1
2021-07-01 15:38:59.161,17662,17663,17663,1,1
2021-07-01 15:39:05.915,17663,17665,17665,1,1
2021-07-01 15:39:07.405,17663,17665,17665,5,5
2021-07-01 15:39:07.507,17663,17665,17665,5,5
2021-07-01 15:39:07.713,17663,17665,17665,5,5
2021-07-01 15:39:08.445,17664,17666,17666,3,3
2021-07-01 15:39:19.487,17665,17666,17665,1,-1
2021-07-01 15:39:20.265,17664,17665,17665,1,1
2021-07-01 15:39:24.977,17664,17665,17665,1,1
2021-07-01 15:39:26.838,17664,17665,17664,2,-2
2021-07-01 15:39:32.482,17663,17664,17664,1,1
2021-07-01 15:39:48.316,17663,17664,17664,1,1
2021-07-01 15:39:48.317,17663,17664,17664,1,1
2021-07-01 15:39:59.839,17663,17664,17663,1,-1
2021-07-01 15:40:00.109,17663,17664,17663,1,-1
2021-07-01 15:40:00.336,17663,17664,17664,1,1
2021-07-01 15:40:00.621,17663,17665,17665,1,1
2021-07-01 15:40:09.962,17664,17665,17665,1,1
2021-07-01 15:40:09.962,17664,17665,17665,4,4
2021-07-01 15:40:09.962,17664,17665,17665,1,1
2021-07-01 15:40:18.830,17665,17666,17666,2,2
2021-07-01 15:40:18.971,17665,17666,17666,1,1
2021-07-01 15:40:19.849,17665,17666,17666,1,1
2021-07-01 15:40:19.868,17665,17666,17666,4,4
2021-07-01 15:40:19.868,17665,17666,17666,6,6
2021-07-01 15:40:19.868,17665,17666,17666,1,1
2021-07-01 15:40:20.312,17665,17667,17665,1,-1
2021-07-01 15:40:26.552,17665,17666,17666,1,1
2021-07-01 15:40:27.196,17665,17666,17666,1,1
2021-07-01 15:40:28.486,17666,17667,17666,1,-1
2021-07-01 15:40:34.382,17666,17667,17666,1,-1
2021-07-01 15:40:35.315,17665,17667,17667,1,1
2021-07-01 15:40:35.420,17665,17667,17667,2,2
2021-07-01 15:40:35.541,17665,17667,17665,1,-1
2021-07-01 15:40:35.684,17665,17667,17667,1,1
2021-07-01 15:40:35.684,17665,17667,17667,2,2
2021-07-01 15:40:35.684,17665,17667,17667,1,1
2021-07-01 15:40:35.685,17665,17667,17667,2,2
2021-07-01 15:40:35.714,17665,17667,17667,2,2
2021-07-01 15:40:35.835,17666,17668,17668,2,2
2021-07-01 15:40:37.852,17666,17668,17668,5,5
2021-07-01 15:40:39.605,17666,17668,17668,1,1
2021-07-01 15:40:43.955,17666,17668,17668,1,1
2021-07-01 15:40:45.664,17666,17668,17666,1,-1
2021-07-01 15:40:46.253,17666,17668,17668,1,1
2021-07-01 15:40:47.232,17666,17667,17666,1,-1
2021-07-01 15:40:47.765,17665,17666,17666,1,1
2021-07-01 15:40:50.793,17665,17666,17666,1,1
2021-07-01 15:40:57.457,17665,17666,17665,1,-1
2021-07-01 15:40:57.457,17665,17666,17665,1,-1
2021-07-01 15:40:57.457,17665,17666,17665,1,-1
2021-07-01 15:40:57.457,17665,17666,17665,1,-1
2021-07-01 15:40:57.457,17665,17666,17665,1,-1
2021-07-01 15:40:58.307,17664,17665,17665,1,1
2021-07-01 15:41:12.947,17664,17665,17664,1,-1
2021-07-01 15:41:13.059,17664,17665,17665,2,2
2021-07-01 15:41:13.069,17664,17665,17665,2,2
2021-07-01 15:41:13.073,17664,17665,17665,2,2
2021-07-01 15:41:13.271,17665,17666,17665,2,-2
2021-07-01 15:41:13.386,17664,17666,17666,2,2
2021-07-01 15:41:13.395,17664,17666,17666,1,1
2021-07-01 15:41:41.760,17665,17666,17665,1,-1
2021-07-01 15:41:42.216,17665,17666,17666,2,2
2021-07-01 15:41:45.959,17665,17666,17666,3,3
2021-07-01 15:41:48.230,17665,17666,17665,1,-1
2021-07-01 15:41:50.792,17664,17666,17666,10,10
2021-07-01 15:42:13.178,17665,17666,17666,1,1
2021-07-01 15:42:13.234,17665,17666,17666,1,1
2021-07-01 15:42:18.049,17666,17667,17666,1,-1
2021-07-01 15:42:34.123,17666,17667,17667,6,6
2021-07-01 15:42:35.667,17667,17668,17667,1,-1
2021-07-01 15:42:35.667,17667,17668,17666,7,-7
2021-07-01 15:42:44.973,17666,17668,17668,15,15
2021-07-01 15:42:45.097,17666,17668,17668,1,1
2021-07-01 15:42:51.865,17666,17667,17667,3,3
2021-07-01 15:42:56.722,17666,17667,17667,1,1
2021-07-01 15:42:56.794,17667,17668,17668,1,1
2021-07-01 15:42:58.683,17667,17668,17667,2,-2
2021-07-01 15:42:59.296,17666,17667,17667,1,1
2021-07-01 15:43:15.181,17666,17667,17667,1,1
2021-07-01 15:43:15.944,17666,17667,17667,3,3
2021-07-01 15:43:18.210,17666,17667,17666,5,-5
2021-07-01 15:43:26.219,17666,17667,17666,5,-5
2021-07-01 15:43:27.116,17666,17667,17667,1,1
2021-07-01 15:43:27.528,17666,17667,17667,1,1
2021-07-01 15:43:28.015,17666,17667,17667,2,2
2021-07-01 15:43:28.625,17666,17668,17667,1,-1
2021-07-01 15:43:30.180,17666,17667,17666,1,-1
2021-07-01 15:43:30.181,17666,17667,17666,2,-2
2021-07-01 15:43:30.181,17666,17667,17666,2,-2
2021-07-01 15:43:49.795,17665,17666,17666,1,1
2021-07-01 15:43:50.061,17665,17666,17666,1,1
2021-07-01 15:43:53.856,17665,17666,17665,6,-6
2021-07-01 15:44:28.620,17664,17665,17665,1,1
2021-07-01 15:44:36.329,17664,17665,17664,1,-1
2021-07-01 15:44:36.431,17664,17665,17665,2,2
2021-07-01 15:44:39.707,17665,17666,17665,2,-2
2021-07-01 15:44:52.153,17664,17665,17664,1,-1
2021-07-01 15:44:54.973,17664,17665,17664,1,-1
2021-07-01 15:44:59.268,17664,17665,17664,2,-2
2021-07-01 15:45:01.153,17663,17664,17664,1,1
2021-07-01 15:45:02.204,17663,17664,17663,1,-1
2021-07-01 15:45:04.696,17663,17664,17664,1,1
2021-07-01 15:45:04.696,17663,17664,17664,1,1
2021-07-01 15:45:09.803,17664,17665,17664,1,-1
2021-07-01 15:45:14.096,17664,17665,17664,1,-1
2021-07-01 15:45:20.226,17664,17665,17664,1,-1
2021-07-01 15:45:27.391,17664,17665,17665,1,1
2021-07-01 15:45:27.391,17664,17665,17665,2,2
2021-07-01 15:45:39.821,17665,17666,17665,1,-1
2021-07-01 15:45:40.293,17664,17665,17665,1,1
2021-07-01 15:45:43.163,17664,17665,17665,1,1
2021-07-01 15:45:49.259,17664,17665,17665,5,5
2021-07-01 15:45:50.614,17664,17665,17665,1,1
2021-07-01 15:45:58.489,17664,17665,17665,1,1
2021-07-01 15:45:59.322,17664,17665,17665,1,1
2021-07-01 15:46:01.417,17664,17665,17664,1,-1
2021-07-01 15:46:11.551,17664,17665,17664,10,-10
2021-07-01 15:46:11.655,17663,17664,17664,1,1
2021-07-01 15:46:23.971,17663,17665,17663,4,-4
2021-07-01 15:46:23.974,17663,17665,17664,1,1
2021-07-01 15:46:23.974,17663,17665,17664,1,-1
2021-07-01 15:46:23.974,17663,17665,17664,1,-1
2021-07-01 15:46:23.974,17663,17665,17665,1,1
2021-07-01 15:46:23.975,17663,17665,17665,1,1
2021-07-01 15:46:23.975,17663,17665,17665,1,1
2021-07-01 15:46:24.030,17663,17665,17665,1,1
2021-07-01 15:46:24.030,17663,17665,17665,1,1
2021-07-01 15:46:24.030,17663,17665,17665,1,1
2021-07-01 15:46:24.030,17663,17665,17665,1,1
2021-07-01 15:46:24.031,17663,17665,17665,1,1
2021-07-01 15:46:24.155,17663,17665,17665,1,1
2021-07-01 15:47:06.275,17664,17665,17665,1,1
2021-07-01 15:47:10.140,17664,17665,17665,1,1
2021-07-01 15:47:12.729,17664,17665,17664,5,-5
2021-07-01 15:47:13.738,17663,17665,17663,2,-2
2021-07-01 15:47:16.655,17663,17664,17664,1,1
2021-07-01 15:47:25.971,17663,17664,17664,1,1
2021-07-01 15:47:27.532,17664,17665,17664,4,-4
2021-07-01 15:47:27.532,17664,17665,17664,1,-1
2021-07-01 15:47:27.533,17664,17665,17664,2,-2
2021-07-01 15:47:27.533,17664,17665,17664,2,-2
2021-07-01 15:47:38.372,17664,17665,17664,1,-1
2021-07-01 15:47:42.816,17663,17664,17664,1,1
2021-07-01 15:47:42.851,17663,17664,17664,1,1
2021-07-01 15:47:47.145,17663,17664,17663,2,-2
2021-07-01 15:47:49.341,17663,17664,17663,2,-2
2021-07-01 15:47:56.843,17662,17663,17662,1,-1
2021-07-01 15:47:56.843,17662,17663,17662,2,-2
2021-07-01 15:47:56.843,17662,17663,17662,2,-2
2021-07-01 15:47:56.843,17662,17663,17662,2,-2
2021-07-01 15:48:01.084,17662,17663,17662,1,-1
2021-07-01 15:48:02.139,17662,17663,17663,1,1
2021-07-01 15:48:02.162,17662,17663,17662,1,-1
2021-07-01 15:48:03.992,17662,17663,17663,1,1
2021-07-01 15:48:03.992,17662,17663,17663,1,1
2021-07-01 15:48:03.992,17662,17663,17663,5,5
2021-07-01 15:48:04.791,17663,17664,17663,1,-1
2021-07-01 15:48:07.463,17662,17664,17662,1,-1
2021-07-01 15:48:09.311,17663,17664,17663,1,1
2021-07-01 15:48:09.311,17663,17664,17662,4,-4
2021-07-01 15:48:10.089,17662,17664,17663,1,1
2021-07-01 15:48:26.537,17662,17663,17662,1,-1
2021-07-01 15:48:27.587,17662,17663,17663,1,1
2021-07-01 15:49:08.082,17662,17663,17662,9,-9
2021-07-01 15:49:27.760,17661,17662,17662,1,1
2021-07-01 15:49:28.327,17661,17662,17662,1,1
2021-07-01 15:49:33.240,17661,17662,17661,1,-1
2021-07-01 15:49:37.007,17661,17662,17661,1,-1
2021-07-01 15:49:38.793,17661,17662,17661,1,-1
2021-07-01 15:49:39.392,17661,17662,17661,12,-12
2021-07-01 15:49:43.756,17660,17661,17660,1,-1
2021-07-01 15:49:46.468,17660,17661,17660,1,-1
2021-07-01 15:49:54.544,17660,17661,17660,1,-1
2021-07-01 15:49:56.912,17660,17661,17660,1,-1
2021-07-01 15:50:00.670,17660,17661,17661,1,1
2021-07-01 15:50:05.479,17660,17661,17660,1,-1
2021-07-01 15:50:05.780,17660,17661,17661,1,1
2021-07-01 15:50:05.935,17660,17661,17661,1,1
2021-07-01 15:50:06.082,17660,17661,17660,1,-1
2021-07-01 15:50:10.346,17660,17661,17660,1,-1
2021-07-01 15:50:10.615,17660,17661,17661,1,1
2021-07-01 15:50:19.185,17660,17661,17661,1,1
2021-07-01 15:50:20.347,17660,17661,17661,1,1
2021-07-01 15:50:20.469,17660,17661,17660,1,-1
2021-07-01 15:50:22.492,17660,17661,17661,2,2
2021-07-01 15:50:31.388,17661,17662,17661,1,-1
2021-07-01 15:50:33.352,17661,17662,17661,4,-4
2021-07-01 15:50:33.353,17661,17662,17661,1,-1
2021-07-01 15:50:33.353,17661,17662,17661,2,-2
2021-07-01 15:50:33.353,17661,17662,17661,3,-3
2021-07-01 15:50:33.353,17661,17662,17661,1,-1
2021-07-01 15:50:33.353,17661,17662,17661,1,-1
2021-07-01 15:50:33.354,17661,17662,17661,3,-3
2021-07-01 15:50:39.543,17661,17662,17661,6,-6
2021-07-01 15:50:39.544,17661,17662,17661,1,-1
2021-07-01 15:50:39.544,17661,17662,17661,1,-1
2021-07-01 15:50:39.544,17661,17662,17661,2,-2
2021-07-01 15:50:40.958,17661,17662,17661,1,-1
2021-07-01 15:51:06.697,17661,17662,17661,3,-3
2021-07-01 15:51:09.334,17661,17662,17661,1,-1
2021-07-01 15:51:17.060,17661,17662,17661,1,-1
2021-07-01 15:51:27.140,17660,17661,17660,1,-1
2021-07-01 15:51:27.141,17660,17661,17660,1,-1
2021-07-01 15:51:27.141,17660,17661,17660,11,-11
2021-07-01 15:51:34.253,17659,17660,17660,1,1
2021-07-01 15:51:54.379,17661,17662,17661,1,1
2021-07-01 15:51:58.938,17660,17662,17660,1,-1
2021-07-01 15:52:07.710,17659,17661,17659,1,-1
2021-07-01 15:52:08.012,17659,17661,17659,2,-2
2021-07-01 15:52:08.501,17659,17661,17661,2,2
2021-07-01 15:52:11.365,17660,17661,17660,1,-1
2021-07-01 15:52:13.391,17660,17661,17660,1,-1
2021-07-01 15:52:13.692,17660,17661,17660,1,-1
2021-07-01 15:52:13.778,17659,17660,17660,1,1
2021-07-01 15:52:18.219,17660,17661,17660,2,-2
2021-07-01 15:52:29.606,17660,17661,17660,1,-1
2021-07-01 15:52:37.857,17660,17661,17660,1,-1
2021-07-01 15:52:38.028,17659,17660,17660,2,2
2021-07-01 15:53:11.781,17660,17661,17660,1,-1
2021-07-01 15:53:25.114,17660,17661,17660,1,-1
2021-07-01 15:53:36.479,17660,17661,17661,1,1
2021-07-01 15:53:45.417,17660,17661,17661,1,1
2021-07-01 15:53:46.446,17660,17661,17661,2,2
2021-07-01 15:53:48.076,17660,17661,17661,2,2
2021-07-01 15:53:52.109,17660,17661,17660,1,-1
2021-07-01 15:54:02.674,17660,17661,17661,3,3
2021-07-01 15:54:02.674,17660,17661,17661,1,1
2021-07-01 15:54:10.558,17660,17661,17661,1,1
2021-07-01 15:54:26.967,17660,17661,17661,4,4
2021-07-01 15:54:27.828,17661,17662,17661,1,-1
2021-07-01 15:54:29.153,17660,17661,17660,1,-1
2021-07-01 15:54:29.153,17660,17661,17660,1,-1
2021-07-01 15:54:38.532,17660,17661,17661,2,2
2021-07-01 15:54:39.700,17661,17662,17661,5,-5
2021-07-01 15:54:49.233,17660,17661,17661,5,5
2021-07-01 15:55:03.889,17661,17662,17661,1,-1
2021-07-01 15:55:15.674,17661,17662,17662,5,5
2021-07-01 15:55:17.865,17661,17662,17662,1,1
2021-07-01 15:55:24.721,17661,17662,17662,1,1
2021-07-01 15:55:27.472,17661,17662,17662,1,1
2021-07-01 15:55:28.593,17661,17662,17661,1,-1
2021-07-01 15:55:35.278,17661,17662,17661,5,-5
2021-07-01 15:55:35.572,17660,17661,17660,2,-2
2021-07-01 15:55:41.860,17660,17661,17660,1,-1
2021-07-01 15:55:52.486,17660,17661,17660,5,-5
2021-07-01 15:55:52.486,17660,17661,17660,1,-1
2021-07-01 15:55:52.487,17660,17661,17660,5,-5
2021-07-01 15:56:12.196,17659,17660,17660,1,1
2021-07-01 15:56:14.044,17660,17661,17660,1,-1
2021-07-01 15:56:17.900,17660,17661,17660,1,-1
2021-07-01 15:56:25.755,17660,17661,17660,1,-1
2021-07-01 15:56:25.873,17660,17661,17660,2,-2
2021-07-01 15:56:31.538,17660,17661,17660,1,-1
2021-07-01 15:56:33.406,17659,17660,17660,1,1
2021-07-01 15:56:35.391,17660,17661,17660,6,-6
2021-07-01 15:56:58.895,17660,17661,17660,1,-1
2021-07-01 15:57:18.738,17660,17661,17661,5,5
2021-07-01 15:57:27.057,17661,17662,17661,1,-1
2021-07-01 15:57:31.464,17660,17662,17660,10,-10
2021-07-01 15:57:43.906,17660,17661,17660,2,-2
2021-07-01 15:57:53.436,17660,17661,17661,4,4
2021-07-01 15:57:59.366,17661,17662,17662,1,1
2021-07-01 15:57:59.367,17661,17662,17662,4,4
2021-07-01 15:57:59.367,17661,17662,17662,2,2
2021-07-01 15:58:12.082,17662,17663,17663,1,1
2021-07-01 15:58:20.599,17662,17663,17662,3,-3
2021-07-01 15:58:20.599,17662,17663,17661,12,-12
2021-07-01 15:58:20.600,17662,17663,17661,3,-3
2021-07-01 15:58:22.341,17662,17663,17663,5,5
2021-07-01 15:58:23.528,17663,17664,17664,4,4
2021-07-01 15:58:23.653,17664,17665,17665,1,1
2021-07-01 15:58:23.714,17664,17665,17665,7,7
2021-07-01 15:58:23.715,17664,17665,17665,2,2
2021-07-01 15:58:23.779,17664,17665,17665,1,1
2021-07-01 15:58:24.058,17664,17665,17664,1,-1
2021-07-01 15:58:24.189,17664,17665,17664,1,-1
2021-07-01 15:58:25.786,17663,17665,17664,1,-1
2021-07-01 15:58:29.908,17663,17665,17665,1,1
2021-07-01 15:58:32.021,17663,17664,17664,1,1
2021-07-01 15:58:36.465,17664,17665,17664,1,-1
2021-07-01 15:58:36.466,17664,17665,17664,1,-1
2021-07-01 15:58:49.910,17663,17664,17664,4,4
2021-07-01 15:58:50.463,17663,17664,17664,1,1
2021-07-01 15:58:52.612,17663,17664,17664,1,1
2021-07-01 15:58:57.060,17663,17664,17664,1,1
2021-07-01 15:58:59.684,17663,17664,17663,1,-1
2021-07-01 15:58:59.684,17663,17664,17663,2,-2
2021-07-01 15:58:59.684,17663,17664,17663,1,-1
2021-07-01 15:58:59.684,17663,17664,17663,8,-8
2021-07-01 15:59:00.840,17662,17664,17664,1,1
2021-07-01 15:59:02.883,17662,17664,17662,1,-1
2021-07-01 15:59:03.397,17662,17663,17663,1,1
2021-07-01 15:59:12.279,17662,17664,17664,3,3
2021-07-01 15:59:12.739,17662,17664,17664,2,2
2021-07-01 15:59:24.239,17662,17663,17663,1,1
2021-07-01 15:59:30.251,17663,17664,17663,2,-2
2021-07-01 15:59:30.308,17662,17663,17662,17,-17
2021-07-01 15:59:30.309,17662,17663,17662,4,-4
2021-07-01 15:59:30.309,17662,17663,17662,15,-15
2021-07-01 15:59:30.309,17662,17663,17662,2,-2
2021-07-01 15:59:35.454,17661,17662,17661,1,-1
2021-07-01 15:59:36.907,17661,17662,17661,1,-1
2021-07-01 15:59:39.110,17661,17662,17661,1,-1
2021-07-01 15:59:40.186,17661,17662,17662,2,2
2021-07-01 15:59:40.186,17661,17662,17663,14,14
2021-07-01 15:59:40.187,17661,17662,17663,4,4
2021-07-01 15:59:41.762,17662,17663,17662,1,-1
2021-07-01 15:59:42.374,17661,17663,17661,1,-1
2021-07-01 15:59:46.315,17661,17662,17662,1,1
2021-07-01 15:59:55.607,17661,17662,17662,1,1
2021-07-01 16:00:04.789,17662,17663,17663,1,1
2021-07-01 16:00:08.302,17663,17664,17664,1,1
2021-07-01 16:00:08.511,17663,17664,17664,1,1
2021-07-01 16:00:08.511,17663,17664,17665,1,1
2021-07-01 16:00:08.908,17663,17665,17663,1,-1
2021-07-01 16:00:49.089,17662,17663,17663,1,1
2021-07-01 16:00:49.089,17662,17663,17663,2,2
2021-07-01 16:01:16.593,17662,17663,17663,1,1
2021-07-01 16:01:19.248,17662,17663,17662,6,-6
2021-07-01 16:01:21.091,17662,17663,17663,1,1
2021-07-01 16:01:21.092,17662,17663,17663,1,1
2021-07-01 16:01:25.655,17663,17664,17663,1,-1
2021-07-01 16:02:00.910,17663,17664,17664,1,1
2021-07-01 16:02:14.351,17663,17664,17664,1,1
2021-07-01 16:02:14.352,17663,17664,17664,2,2
2021-07-01 16:02:14.352,17663,17664,17664,1,1
2021-07-01 16:02:14.352,17663,17664,17664,1,1
2021-07-01 16:02:14.352,17663,17664,17664,2,2
2021-07-01 16:02:14.352,17663,17664,17664,1,1
2021-07-01 16:02:14.352,17663,17664,17664,2,2
2021-07-01 16:02:20.847,17664,17665,17665,1,1
2021-07-01 16:02:20.847,17664,17665,17665,1,1
2021-07-01 16:02:20.848,17664,17665,17665,5,5
2021-07-01 16:02:26.995,17664,17665,17665,1,1
2021-07-01 16:02:28.270,17664,17666,17666,2,2
2021-07-01 16:02:28.415,17664,17666,17666,2,2
2021-07-01 16:02:31.142,17664,17666,17664,1,-1
2021-07-01 16:02:32.083,17663,17665,17663,2,-2
2021-07-01 16:02:45.757,17664,17665,17664,1,1
2021-07-01 16:03:04.093,17663,17665,17665,1,1
2021-07-01 16:03:25.716,17664,17665,17665,1,1
2021-07-01 16:03:38.277,17664,17665,17664,1,-1
2021-07-01 16:04:04.539,17664,17665,17664,1,-1
2021-07-01 16:04:15.026,17664,17665,17664,1,-1
2021-07-01 16:04:18.026,17664,17665,17664,1,-1
2021-07-01 16:04:23.274,17664,17665,17664,1,-1
2021-07-01 16:04:23.275,17664,17665,17664,2,-2
2021-07-01 16:04:30.511,17663,17664,17663,1,-1
2021-07-01 16:04:38.833,17663,17664,17664,2,2
2021-07-01 16:04:47.021,17664,17665,17664,1,-1
2021-07-01 16:05:09.054,17664,17665,17665,2,2
2021-07-01 16:05:10.022,17664,17665,17665,1,1
2021-07-01 16:05:11.055,17664,17665,17665,1,1
2021-07-01 16:05:13.421,17664,17665,17665,3,3
2021-07-01 16:05:14.847,17664,17665,17665,1,1
2021-07-01 16:05:27.058,17665,17666,17665,1,-1
2021-07-01 16:05:27.946,17665,17666,17665,1,-1
2021-07-01 16:05:30.453,17665,17666,17666,2,2
2021-07-01 16:05:38.420,17665,17666,17666,1,1
2021-07-01 16:05:55.276,17665,17666,17666,1,1
2021-07-01 16:06:04.050,17665,17666,17665,5,-5
2021-07-01 16:06:04.158,17664,17665,17665,1,1
2021-07-01 16:06:09.056,17664,17666,17666,1,1
2021-07-01 16:06:09.155,17664,17666,17666,1,1
2021-07-01 16:06:09.156,17664,17666,17666,1,1
2021-07-01 16:06:11.835,17664,17665,17665,1,1
2021-07-01 16:06:11.839,17664,17665,17666,1,1
2021-07-01 16:06:11.905,17664,17666,17666,1,1
2021-07-01 16:06:11.905,17664,17666,17666,1,1
2021-07-01 16:06:11.905,17664,17666,17666,1,1
2021-07-01 16:06:11.906,17664,17666,17666,1,1
2021-07-01 16:06:11.907,17664,17666,17666,1,1
2021-07-01 16:06:23.340,17665,17666,17666,2,2
2021-07-01 16:06:45.393,17666,17667,17666,2,-2
2021-07-01 16:06:45.396,17666,17667,17667,1,1
2021-07-01 16:06:45.407,17666,17667,17667,1,1
2021-07-01 16:06:45.407,17666,17667,17667,1,1
2021-07-01 16:06:45.407,17666,17667,17667,1,1
2021-07-01 16:06:45.407,17666,17667,17667,1,1
2021-07-01 16:06:45.792,17666,17667,17667,10,10
2021-07-01 16:06:45.793,17666,17667,17667,3,3
2021-07-01 16:06:45.903,17666,17667,17667,7,7
2021-07-01 16:06:56.759,17667,17668,17668,2,2
2021-07-01 16:06:56.780,17667,17668,17668,1,1
2021-07-01 16:06:56.780,17667,17668,17668,1,1
2021-07-01 16:06:56.780,17667,17668,17668,1,1
2021-07-01 16:06:56.780,17667,17668,17668,1,1
2021-07-01 16:06:56.781,17667,17668,17668,3,3
2021-07-01 16:06:56.781,17667,17668,17668,2,2
2021-07-01 16:06:56.781,17667,17668,17668,1,1
2021-07-01 16:06:56.781,17667,17668,17668,1,1
2021-07-01 16:06:56.781,17667,17668,17668,1,1
2021-07-01 16:06:56.781,17667,17668,17668,1,1
2021-07-01 16:06:56.845,17667,17668,17668,1,1
2021-07-01 16:06:56.846,17667,17668,17668,7,7
2021-07-01 16:06:56.847,17667,17668,17668,1,1
2021-07-01 16:06:56.847,17667,17668,17668,1,1
2021-07-01 16:06:56.847,17667,17668,17668,1,1
2021-07-01 16:06:56.864,17667,17668,17668,3,3
2021-07-01 16:06:56.864,17667,17668,17668,1,1
2021-07-01 16:06:56.865,17667,17668,17668,1,1
2021-07-01 16:06:56.865,17667,17668,17668,1,1
2021-07-01 16:06:56.865,17667,17668,17668,12,12
2021-07-01 16:06:56.865,17667,17668,17668,7,7
2021-07-01 16:06:58.146,17668,17669,17669,1,1
2021-07-01 16:06:58.155,17668,17669,17669,1,1
2021-07-01 16:06:58.155,17668,17669,17669,1,1
2021-07-01 16:06:58.155,17668,17669,17669,1,1
2021-07-01 16:06:58.166,17668,17669,17669,10,10
2021-07-01 16:06:58.236,17668,17669,17669,1,1
2021-07-01 16:06:58.371,17668,17669,17669,1,1
2021-07-01 16:06:58.453,17668,17669,17669,1,1
2021-07-01 16:07:00.201,17668,17669,17669,1,1
2021-07-01 16:07:01.278,17667,17669,17669,1,1
2021-07-01 16:07:01.794,17667,17668,17668,1,1
2021-07-01 16:07:01.794,17667,17668,17669,2,2
2021-07-01 16:07:03.153,17667,17668,17667,3,-3
2021-07-01 16:07:03.653,17666,17667,17666,5,-5
2021-07-01 16:07:03.654,17666,17667,17666,1,-1
2021-07-01 16:07:03.654,17666,17667,17666,2,-2
2021-07-01 16:07:03.654,17666,17667,17666,1,-1
2021-07-01 16:07:03.700,17666,17667,17667,2,2
2021-07-01 16:07:04.485,17666,17667,17667,1,1
2021-07-01 16:07:04.903,17666,17667,17667,2,2
2021-07-01 16:07:06.324,17666,17668,17668,2,2
2021-07-01 16:07:07.181,17666,17668,17668,2,2
2021-07-01 16:07:08.198,17666,17668,17668,1,1
2021-07-01 16:07:08.821,17666,17668,17668,3,3
2021-07-01 16:07:11.791,17667,17669,17669,2,2
2021-07-01 16:07:13.172,17667,17668,17668,2,2
2021-07-01 16:07:13.172,17667,17668,17669,1,1
2021-07-01 16:07:14.372,17667,17668,17668,3,3
2021-07-01 16:07:14.372,17667,17668,17669,7,7
2021-07-01 16:07:15.400,17668,17670,17670,10,10
2021-07-01 16:07:15.430,17668,17670,17670,1,1
2021-07-01 16:07:15.443,17668,17670,17670,2,2
2021-07-01 16:07:15.518,17668,17670,17670,1,1
2021-07-01 16:07:15.531,17669,17670,17670,2,2
2021-07-01 16:07:15.531,17669,17670,17670,1,1
2021-07-01 16:07:15.531,17669,17670,17670,1,1
2021-07-01 16:07:15.532,17669,17670,17670,1,1
2021-07-01 16:07:15.551,17669,17670,17670,2,2
2021-07-01 16:07:15.571,17669,17670,17670,4,4
2021-07-01 16:07:15.571,17669,17670,17670,2,2
2021-07-01 16:07:15.571,17669,17670,17670,1,1
2021-07-01 16:07:15.575,17669,17670,17671,1,1
2021-07-01 16:07:15.628,17669,17670,17671,1,1
2021-07-01 16:07:15.631,17669,17670,17671,1,1
2021-07-01 16:07:15.631,17669,17670,17671,1,1
2021-07-01 16:07:15.686,17670,17671,17671,1,1
2021-07-01 16:07:15.701,17670,17671,17671,1,1
2021-07-01 16:07:15.704,17670,17671,17671,1,1
2021-07-01 16:07:15.706,17670,17671,17671,2,2
2021-07-01 16:07:15.708,17670,17671,17671,2,2
2021-07-01 16:07:15.714,17670,17671,17671,1,1
2021-07-01 16:07:15.715,17670,17671,17671,3,3
2021-07-01 16:07:15.717,17670,17671,17672,2,2
2021-07-01 16:07:15.717,17670,17671,17672,1,1
2021-07-01 16:07:15.722,17670,17671,17672,1,1
2021-07-01 16:07:15.723,17670,17671,17672,1,1
2021-07-01 16:07:15.724,17670,17671,17672,2,2
2021-07-01 16:07:15.726,17670,17671,17672,2,2
2021-07-01 16:07:15.740,17670,17671,17672,2,2
2021-07-01 16:07:15.740,17670,17671,17672,1,1
2021-07-01 16:07:15.742,17670,17671,17672,2,2
2021-07-01 16:07:15.742,17670,17671,17672,1,1
2021-07-01 16:07:15.742,17670,17671,17672,3,3
2021-07-01 16:07:15.742,17670,17671,17672,1,1
2021-07-01 16:07:15.748,17670,17671,17673,1,1
2021-07-01 16:07:15.759,17670,17671,17673,2,2
2021-07-01 16:07:15.782,17672,17673,17673,1,1
2021-07-01 16:07:15.795,17672,17673,17673,1,1
2021-07-01 16:07:15.817,17672,17673,17673,2,2
2021-07-01 16:07:15.823,17672,17673,17673,2,2
2021-07-01 16:07:15.859,17672,17673,17673,4,4
2021-07-01 16:07:15.863,17672,17673,17673,1,1
2021-07-01 16:07:15.873,17672,17673,17673,1,1
2021-07-01 16:07:15.914,17672,17673,17673,1,1
2021-07-01 16:07:15.927,17672,17673,17673,1,1
2021-07-01 16:07:15.945,17672,17673,17673,1,1
2021-07-01 16:07:15.946,17672,17673,17673,1,1
2021-07-01 16:07:15.957,17672,17673,17673,1,1
2021-07-01 16:07:15.961,17672,17673,17673,1,1
2021-07-01 16:07:15.991,17672,17673,17673,1,1
2021-07-01 16:07:15.991,17672,17673,17673,2,2
2021-07-01 16:07:16.038,17672,17673,17673,6,6
2021-07-01 16:07:16.074,17672,17673,17673,1,1
2021-07-01 16:07:16.084,17672,17673,17672,1,-1
2021-07-01 16:07:16.105,17672,17673,17673,1,1
2021-07-01 16:07:16.144,17672,17673,17673,2,2
2021-07-01 16:07:16.207,17672,17673,17673,3,3
2021-07-01 16:07:16.207,17672,17673,17674,2,2
2021-07-01 16:07:16.212,17672,17673,17672,4,-4
2021-07-01 16:07:16.213,17672,17673,17672,1,-1
2021-07-01 16:07:16.213,17672,17673,17672,1,-1
2021-07-01 16:07:16.227,17672,17673,17673,1,1
2021-07-01 16:07:16.249,17672,17673,17673,1,1
2021-07-01 16:07:16.249,17672,17673,17674,1,1
2021-07-01 16:07:16.293,17672,17673,17673,1,1
2021-07-01 16:07:16.323,17672,17673,17673,1,1
2021-07-01 16:07:16.323,17672,17673,17674,4,4
2021-07-01 16:07:16.395,17672,17673,17674,1,1
2021-07-01 16:07:16.420,17672,17674,17674,1,1
2021-07-01 16:07:16.507,17672,17674,17672,1,-1
2021-07-01 16:07:16.507,17672,17674,17672,2,-2
2021-07-01 16:07:16.511,17672,17674,17672,1,-1
2021-07-01 16:07:16.557,17672,17673,17673,1,1
2021-07-01 16:07:16.688,17672,17673,17672,1,-1
2021-07-01 16:07:16.703,17672,17673,17672,1,-1
2021-07-01 16:07:18.250,17671,17673,17673,2,2
2021-07-01 16:07:18.725,17672,17673,17672,1,-1
2021-07-01 16:07:19.441,17671,17673,17672,1,-1
2021-07-01 16:07:20.465,17671,17672,17672,3,3
2021-07-01 16:07:22.472,17671,17673,17673,5,5
2021-07-01 16:07:22.684,17671,17673,17672,1,-1
2021-07-01 16:07:23.444,17671,17672,17672,1,1
2021-07-01 16:07:23.444,17671,17672,17673,2,2
2021-07-01 16:07:29.770,17671,17672,17672,1,1
2021-07-01 16:07:31.959,17671,17672,17672,1,1
2021-07-01 16:07:33.596,17671,17672,17672,1,1
2021-07-01 16:07:34.509,17671,17673,17673,5,5
2021-07-01 16:07:38.313,17672,17673,17672,1,-1
2021-07-01 16:07:39.562,17672,17673,17673,1,1
2021-07-01 16:07:41.734,17672,17673,17673,1,1
2021-07-01 16:07:43.068,17672,17673,17672,1,-1
2021-07-01 16:07:43.069,17672,17673,17672,1,-1
2021-07-01 16:07:43.069,17672,17673,17672,2,-2
2021-07-01 16:07:43.069,17672,17673,17672,1,-1
2021-07-01 16:07:43.069,17672,17673,17672,1,-1
2021-07-01 16:07:43.069,17672,17673,17672,1,-1
2021-07-01 16:07:46.244,17671,17672,17672,1,1
2021-07-01 16:07:51.267,17672,17673,17672,1,-1
2021-07-01 16:07:51.950,17672,17673,17672,1,-1
2021-07-01 16:08:02.640,17672,17673,17672,1,-1
2021-07-01 16:08:04.753,17672,17673,17673,1,1
2021-07-01 16:08:04.757,17672,17673,17673,1,1
2021-07-01 16:08:04.780,17672,17673,17673,1,1
2021-07-01 16:08:04.780,17672,17673,17673,1,1
2021-07-01 16:08:04.780,17672,17673,17673,1,1
2021-07-01 16:08:04.780,17672,17673,17674,1,1
2021-07-01 16:08:04.782,17672,17673,17674,1,1
2021-07-01 16:08:05.188,17672,17674,17674,1,1
2021-07-01 16:08:05.286,17672,17674,17674,1,1
2021-07-01 16:08:11.876,17673,17674,17673,2,-2
2021-07-01 16:08:16.261,17673,17674,17673,1,-1
2021-07-01 16:08:16.265,17673,17674,17674,1,1
2021-07-01 16:08:16.280,17673,17674,17674,1,1
2021-07-01 16:08:16.280,17673,17674,17674,1,1
2021-07-01 16:08:16.280,17673,17674,17674,1,1
2021-07-01 16:08:16.280,17673,17674,17674,1,1
2021-07-01 16:08:16.282,17673,17674,17674,1,1
2021-07-01 16:08:16.283,17673,17674,17674,1,1
2021-07-01 16:08:16.987,17673,17674,17674,1,1
2021-07-01 16:08:17.160,17673,17674,17673,1,-1
2021-07-01 16:08:17.164,17673,17674,17674,1,1
2021-07-01 16:08:17.164,17673,17674,17674,1,1
2021-07-01 16:08:17.166,17673,17674,17674,1,1
2021-07-01 16:08:17.280,17673,17675,17675,1,1
2021-07-01 16:08:17.280,17673,17675,17675,1,1
2021-07-01 16:08:17.280,17673,17675,17675,1,1
2021-07-01 16:08:17.281,17673,17675,17675,1,1
2021-07-01 16:08:17.281,17673,17675,17675,1,1
2021-07-01 16:08:17.282,17673,17675,17675,1,1
2021-07-01 16:08:17.283,17673,17675,17675,1,1
2021-07-01 16:08:17.428,17673,17674,17674,1,1
2021-07-01 16:08:17.428,17673,17674,17675,1,1
2021-07-01 16:08:20.774,17673,17674,17674,1,1
2021-07-01 16:08:24.668,17673,17674,17674,1,1
2021-07-01 16:08:27.237,17673,17674,17674,1,1
2021-07-01 16:08:27.528,17673,17674,17673,1,-1
2021-07-01 16:08:28.709,17673,17674,17674,3,3
2021-07-01 16:08:28.710,17673,17674,17674,1,1
2021-07-01 16:08:28.713,17673,17674,17675,1,1
2021-07-01 16:08:28.713,17673,17674,17675,1,1
2021-07-01 16:08:28.713,17673,17674,17675,1,1
2021-07-01 16:08:28.713,17673,17674,17675,1,1
2021-07-01 16:08:28.713,17673,17674,17675,1,1
2021-07-01 16:08:28.713,17673,17674,17675,1,1
2021-07-01 16:08:28.780,17673,17675,17675,1,1
2021-07-01 16:08:28.780,17673,17675,17675,1,1
2021-07-01 16:08:28.780,17673,17675,17675,1,1
2021-07-01 16:08:28.780,17673,17675,17675,1,1
2021-07-01 16:08:28.780,17673,17675,17675,1,1
2021-07-01 16:08:28.781,17673,17675,17675,1,1
2021-07-01 16:08:28.781,17673,17675,17675,1,1
2021-07-01 16:08:28.813,17673,17675,17674,1,-1
2021-07-01 16:08:39.038,17673,17674,17674,1,1
2021-07-01 16:08:39.530,17673,17674,17674,1,1
2021-07-01 16:08:39.689,17673,17675,17674,1,-1
2021-07-01 16:08:39.689,17673,17675,17674,1,-1
2021-07-01 16:08:42.235,17673,17674,17674,3,3
2021-07-01 16:08:42.845,17673,17674,17674,1,1
2021-07-01 16:08:43.229,17673,17674,17674,1,1
2021-07-01 16:08:43.230,17673,17674,17674,1,1
2021-07-01 16:08:43.230,17673,17674,17674,1,1
2021-07-01 16:08:43.478,17673,17675,17674,1,-1
2021-07-01 16:08:47.905,17674,17675,17674,2,-2
2021-07-01 16:08:49.101,17673,17675,17674,1,-1
2021-07-01 16:08:49.590,17673,17675,17674,1,-1
2021-07-01 16:08:52.788,17674,17675,17674,1,-1
2021-07-01 16:08:54.625,17674,17675,17674,4,-4
2021-07-01 16:08:54.749,17673,17674,17674,1,1
2021-07-01 16:08:55.356,17673,17675,17674,1,-1
2021-07-01 16:08:57.176,17673,17674,17674,1,1
2021-07-01 16:08:59.662,17673,17675,17673,1,-1
2021-07-01 16:08:59.780,17673,17675,17675,1,1
2021-07-01 16:09:01.109,17673,17674,17674,1,1
2021-07-01 16:09:04.315,17673,17674,17673,1,-1
2021-07-01 16:09:04.315,17673,17674,17673,1,-1
2021-07-01 16:09:04.315,17673,17674,17673,9,-9
2021-07-01 16:09:04.558,17672,17673,17673,1,1
2021-07-01 16:09:07.396,17672,17673,17672,5,-5
2021-07-01 16:09:16.313,17672,17673,17672,2,-2
2021-07-01 16:09:18.504,17672,17673,17672,6,-6
2021-07-01 16:09:18.504,17672,17673,17672,1,-1
2021-07-01 16:09:18.504,17672,17673,17672,12,-12
2021-07-01 16:09:18.511,17672,17673,17673,1,1
2021-07-01 16:09:20.805,17672,17673,17672,1,-1
2021-07-01 16:09:21.439,17671,17672,17672,1,1
2021-07-01 16:09:22.778,17672,17673,17672,1,-1
2021-07-01 16:09:22.802,17672,17673,17672,1,-1
2021-07-01 16:09:22.883,17672,17673,17672,1,-1
2021-07-01 16:09:40.490,17672,17673,17672,1,-1
2021-07-01 16:09:42.211,17672,17673,17672,1,-1
2021-07-01 16:09:42.966,17672,17673,17672,1,-1
2021-07-01 16:09:44.937,17672,17673,17672,1,-1
2021-07-01 16:09:46.809,17672,17673,17672,1,-1
2021-07-01 16:09:56.598,17672,17673,17672,1,-1
2021-07-01 16:09:58.397,17672,17673,17672,1,-1
2021-07-01 16:10:00.226,17672,17673,17672,1,-1
2021-07-01 16:10:10.613,17672,17673,17673,1,1
2021-07-01 16:10:10.613,17672,17673,17673,2,2
2021-07-01 16:10:10.613,17672,17673,17673,1,1
2021-07-01 16:10:10.613,17672,17673,17673,1,1
2021-07-01 16:10:10.613,17672,17673,17673,1,1
2021-07-01 16:10:14.115,17673,17674,17673,1,-1
2021-07-01 16:10:14.212,17673,17674,17673,1,-1
2021-07-01 16:10:17.527,17673,17674,17673,1,-1
2021-07-01 16:10:18.141,17673,17674,17673,1,-1
2021-07-01 16:10:22.902,17673,17674,17674,1,1
2021-07-01 16:10:22.902,17673,17674,17674,2,2
2021-07-01 16:10:22.903,17673,17674,17674,3,3
2021-07-01 16:10:22.903,17673,17674,17674,4,4
2021-07-01 16:10:23.176,17673,17675,17675,1,1
2021-07-01 16:10:26.614,17673,17674,17673,1,-1
2021-07-01 16:10:26.803,17673,17674,17674,1,1
2021-07-01 16:10:29.970,17673,17674,17674,4,4
2021-07-01 16:10:29.971,17673,17674,17674,2,2
2021-07-01 16:10:29.971,17673,17674,17674,1,1
2021-07-01 16:10:33.318,17674,17675,17674,1,-1
2021-07-01 16:10:35.154,17673,17674,17673,2,-2
2021-07-01 16:10:42.762,17672,17674,17674,5,5
2021-07-01 16:10:49.078,17673,17674,17674,1,1
2021-07-01 16:10:52.800,17673,17675,17675,3,3
2021-07-01 16:10:55.972,17673,17675,17675,1,1
2021-07-01 16:10:56.047,17673,17675,17675,1,1
2021-07-01 16:10:57.916,17673,17675,17675,5,5
2021-07-01 16:10:59.245,17673,17674,17674,1,1
2021-07-01 16:11:00.903,17673,17674,17673,1,-1
2021-07-01 16:11:00.903,17673,17674,17673,1,-1
2021-07-01 16:11:00.903,17673,17674,17673,2,-2
2021-07-01 16:11:00.903,17673,17674,17673,1,-1
2021-07-01 16:11:00.903,17673,17674,17673,2,-2
2021-07-01 16:11:03.832,17672,17674,17674,1,1
2021-07-01 16:11:14.016,17672,17673,17673,1,1
2021-07-01 16:11:14.016,17672,17673,17674,1,1
2021-07-01 16:11:18.116,17672,17674,17674,2,2
2021-07-01 16:11:19.288,17672,17674,17674,5,5
2021-07-01 16:11:31.298,17673,17674,17673,1,-1
2021-07-01 16:11:50.920,17673,17674,17673,8,-8
2021-07-01 16:12:01.392,17672,17673,17672,2,-2
2021-07-01 16:12:25.030,17672,17673,17672,1,-1
2021-07-01 16:12:25.406,17672,17673,17673,2,2
2021-07-01 16:12:32.346,17672,17673,17673,1,1
2021-07-01 16:12:33.786,17672,17673,17672,1,-1
2021-07-01 16:12:35.769,17672,17673,17673,1,1
2021-07-01 16:12:36.496,17672,17673,17673,1,1
2021-07-01 16:12:37.883,17672,17673,17673,1,1
2021-07-01 16:12:38.736,17672,17674,17674,1,1
2021-07-01 16:12:43.661,17672,17673,17673,2,2
2021-07-01 16:12:47.938,17672,17673,17672,14,-14
2021-07-01 16:12:49.079,17671,17672,17672,1,1
2021-07-01 16:12:49.954,17671,17672,17671,15,-15
2021-07-01 16:12:49.955,17671,17672,17670,1,-1
2021-07-01 16:12:54.039,17670,17671,17671,1,1
2021-07-01 16:12:59.039,17670,17672,17670,1,-1
2021-07-01 16:13:00.880,17670,17672,17672,1,1
2021-07-01 16:13:08.211,17670,17671,17671,3,3
2021-07-01 16:13:08.211,17670,17671,17671,3,3
2021-07-01 16:13:08.214,17670,17671,17672,1,1
2021-07-01 16:13:08.280,17670,17672,17672,1,1
2021-07-01 16:13:08.280,17670,17672,17672,1,1
2021-07-01 16:13:08.280,17670,17672,17672,1,1
2021-07-01 16:13:08.280,17670,17672,17672,1,1
2021-07-01 16:13:08.280,17670,17672,17672,1,1
2021-07-01 16:13:08.281,17670,17672,17671,1,-1
2021-07-01 16:13:10.185,17670,17671,17671,1,1
2021-07-01 16:13:10.189,17670,17671,17672,1,1
2021-07-01 16:13:10.189,17670,17671,17672,1,1
2021-07-01 16:13:10.189,17670,17671,17672,1,1
2021-07-01 16:13:10.189,17670,17671,17672,1,1
2021-07-01 16:13:10.189,17670,17671,17672,1,1
2021-07-01 16:13:10.280,17671,17673,17673,1,1
2021-07-01 16:13:10.280,17671,17673,17673,1,1
2021-07-01 16:13:10.280,17671,17673,17673,1,1
2021-07-01 16:13:10.280,17671,17673,17673,1,1
2021-07-01 16:13:10.280,17671,17673,17673,1,1
2021-07-01 16:13:10.281,17671,17673,17673,1,1
2021-07-01 16:13:11.388,17671,17673,17673,1,1
2021-07-01 16:13:29.558,17671,17672,17671,4,-4
2021-07-01 16:13:29.559,17671,17672,17671,2,-2
2021-07-01 16:13:48.154,17670,17671,17670,15,-15
2021-07-01 16:13:48.155,17670,17671,17670,1,-1
2021-07-01 16:13:48.155,17670,17671,17670,12,-12
2021-07-01 16:13:48.162,17670,17671,17670,1,-1
2021-07-01 16:13:48.162,17670,17671,17670,1,-1
2021-07-01 16:13:48.280,17669,17671,17671,2,2
2021-07-01 16:13:48.280,17669,17671,17671,1,1
2021-07-01 16:13:48.280,17669,17671,17671,1,1
2021-07-01 16:13:48.280,17669,17671,17671,1,1
2021-07-01 16:13:48.280,17669,17671,17671,1,1
2021-07-01 16:13:48.280,17669,17671,17671,1,1
2021-07-01 16:13:48.281,17669,17671,17671,1,1
2021-07-01 16:13:48.281,17669,17671,17671,1,1
2021-07-01 16:13:48.417,17670,17672,17670,2,-2
2021-07-01 16:13:49.604,17669,17670,17670,1,1
2021-07-01 16:13:49.604,17669,17670,17671,4,4
2021-07-01 16:13:49.655,17670,17672,17672,1,1
2021-07-01 16:13:49.655,17670,17672,17672,1,1
2021-07-01 16:13:49.655,17670,17672,17672,1,1
2021-07-01 16:13:49.655,17670,17672,17672,1,1
2021-07-01 16:13:49.655,17670,17672,17672,1,1
2021-07-01 16:13:49.656,17670,17672,17672,1,1
2021-07-01 16:13:53.825,17670,17671,17671,1,1
2021-07-01 16:13:57.936,17670,17671,17670,1,-1
2021-07-01 16:13:59.885,17670,17671,17670,1,-1
2021-07-01 16:13:59.906,17670,17671,17671,1,1
2021-07-01 16:14:00.480,17670,17671,17670,1,-1
2021-07-01 16:14:01.050,17670,17671,17670,1,-1
2021-07-01 16:14:01.227,17670,17671,17670,1,-1
2021-07-01 16:14:01.227,17670,17671,17670,2,-2
2021-07-01 16:14:01.854,17670,17671,17670,1,-1
2021-07-01 16:14:02.216,17669,17671,17670,1,-1
2021-07-01 16:14:04.740,17669,17671,17670,1,-1
2021-07-01 16:14:04.872,17669,17671,17670,2,-2
2021-07-01 16:14:05.196,17669,17671,17670,1,-1
2021-07-01 16:14:05.343,17670,17671,17671,1,1
2021-07-01 16:14:05.343,17670,17671,17671,1,1
2021-07-01 16:14:14.832,17670,17671,17670,2,-2
2021-07-01 16:14:16.878,17670,17671,17670,1,-1
2021-07-01 16:14:17.493,17670,17671,17670,2,-2
2021-07-01 16:14:17.494,17670,17671,17670,1,-1
2021-07-01 16:14:23.773,17670,17671,17670,1,-1
2021-07-01 16:14:33.986,17669,17670,17669,1,-1
2021-07-01 16:14:33.986,17669,17670,17669,2,-2
2021-07-01 16:14:33.986,17669,17670,17669,1,-1
2021-07-01 16:14:33.987,17669,17670,17669,8,-8
2021-07-01 16:14:44.063,17668,17669,17668,2,-2
2021-07-01 16:14:45.134,17668,17669,17669,2,2
2021-07-01 16:14:46.078,17668,17669,17668,1,-1
2021-07-01 16:14:48.765,17668,17669,17669,3,3
2021-07-01 16:15:00.111,17669,17670,17669,1,-1
2021-07-01 16:15:02.555,17669,17670,17670,1,1
2021-07-01 16:15:02.555,17669,17670,17670,5,5
2021-07-01 16:15:02.555,17669,17670,17670,1,1
2021-07-01 16:15:02.555,17669,17670,17670,3,3
2021-07-01 16:15:15.688,17669,17670,17670,1,1
2021-07-01 16:15:32.020,17669,17670,17670,5,5
2021-07-01 16:15:32.277,17669,17670,17669,1,-1
2021-07-01 16:15:36.016,17669,17670,17669,1,-1
2021-07-01 16:15:45.194,17669,17670,17670,2,2
2021-07-01 16:15:57.427,17670,17671,17670,1,-1
2021-07-01 16:16:10.422,17669,17670,17670,1,1
2021-07-01 16:16:11.618,17670,17671,17670,1,-1
2021-07-01 16:16:22.123,17670,17671,17671,1,1
2021-07-01 16:16:22.123,17670,17671,17671,1,1
2021-07-01 16:16:22.123,17670,17671,17671,1,1
2021-07-01 16:16:22.123,17670,17671,17671,3,3
2021-07-01 16:16:26.821,17671,17672,17671,1,-1
2021-07-01 16:16:28.151,17671,17672,17671,1,-1
2021-07-01 16:16:35.101,17670,17671,17671,1,1
2021-07-01 16:16:58.160,17671,17672,17671,1,-1
2021-07-01 16:17:03.861,17670,17671,17670,10,-10
2021-07-01 16:17:13.987,17670,17671,17670,1,-1
2021-07-01 16:17:23.893,17670,17671,17670,2,-2
2021-07-01 16:17:31.113,17670,17671,17671,1,1
2021-07-01 16:17:45.337,17670,17671,17671,1,1
2021-07-01 16:17:49.312,17670,17671,17671,2,2
2021-07-01 16:17:58.215,17670,17671,17671,3,3
2021-07-01 16:17:58.215,17670,17671,17671,4,4
2021-07-01 16:17:58.215,17670,17671,17671,1,1
2021-07-01 16:18:14.491,17670,17671,17670,1,-1
2021-07-01 16:18:14.517,17670,17671,17670,3,-3
2021-07-01 16:18:19.041,17670,17671,17670,1,-1
2021-07-01 16:18:23.230,17670,17671,17670,1,-1
2021-07-01 16:18:24.172,17670,17671,17671,5,5
2021-07-01 16:18:28.029,17670,17671,17670,2,-2
2021-07-01 16:18:28.030,17670,17671,17670,1,-1
2021-07-01 16:18:31.613,17670,17671,17671,2,2
2021-07-01 16:18:33.362,17670,17671,17670,1,-1
2021-07-01 16:18:58.799,17670,17671,17670,2,-2
2021-07-01 16:18:58.983,17670,17671,17670,1,-1
2021-07-01 16:18:59.153,17670,17671,17670,3,-3
2021-07-01 16:19:16.741,17670,17671,17670,1,-1
2021-07-01 16:19:16.742,17670,17671,17670,1,-1
2021-07-01 16:19:16.742,17670,17671,17670,3,-3
2021-07-01 16:19:16.742,17670,17671,17670,1,-1
2021-07-01 16:19:16.742,17670,17671,17670,4,-4
2021-07-01 16:19:21.614,17669,17670,17669,1,-1
