2021-11-18 15:00:00.091,17855,17856,17857,61,61
2021-11-18 15:00:00.289,17857,17858,17858,1,1
2021-11-18 15:00:00.385,17857,17858,17857,1,-1
2021-11-18 15:00:00.385,17857,17858,17856,1,-1
2021-11-18 15:00:00.405,17856,17858,17858,1,1
2021-11-18 15:00:00.507,17856,17858,17859,1,1
2021-11-18 15:00:00.532,17857,17859,17857,1,-1
2021-11-18 15:00:00.532,17857,17859,17856,1,-1
2021-11-18 15:00:00.556,17857,17859,17859,4,4
2021-11-18 15:00:00.561,17857,17859,17859,2,2
2021-11-18 15:00:00.698,17857,17859,17859,1,1
2021-11-18 15:00:00.698,17857,17859,17860,1,1
2021-11-18 15:00:00.713,17857,17859,17859,1,1
2021-11-18 15:00:00.730,17857,17859,17857,1,-1
2021-11-18 15:00:00.825,17856,17859,17860,1,1
2021-11-18 15:00:00.865,17856,17859,17857,1,-1
2021-11-18 15:00:00.868,17856,17859,17860,2,2
2021-11-18 15:00:00.904,17856,17860,17856,1,-1
2021-11-18 15:00:01.004,17856,17860,17859,1,1
2021-11-18 15:00:01.122,17856,17860,17856,1,-1
2021-11-18 15:00:01.127,17856,17860,17859,2,2
2021-11-18 15:00:01.131,17856,17860,17857,1,-1
2021-11-18 15:00:01.202,17856,17860,17856,1,-1
2021-11-18 15:00:01.244,17856,17860,17857,1,-1
2021-11-18 15:00:01.244,17856,17860,17857,1,-1
2021-11-18 15:00:01.244,17856,17860,17857,1,-1
2021-11-18 15:00:01.250,17856,17860,17858,2,2
2021-11-18 15:00:01.376,17856,17858,17858,2,2
2021-11-18 15:00:01.558,17856,17858,17858,1,1
2021-11-18 15:00:02.198,17857,17859,17857,1,-1
2021-11-18 15:00:02.282,17856,17858,17858,1,1
2021-11-18 15:00:02.379,17856,17858,17856,3,-3
2021-11-18 15:00:02.398,17855,17857,17857,1,1
2021-11-18 15:00:02.523,17855,17857,17857,1,1
2021-11-18 15:00:02.771,17855,17857,17857,3,3
2021-11-18 15:00:02.771,17855,17857,17858,2,2
2021-11-18 15:00:03.315,17856,17857,17857,1,1
2021-11-18 15:00:03.316,17856,17857,17856,3,-3
2021-11-18 15:00:03.348,17856,17857,17857,2,2
2021-11-18 15:00:04.320,17855,17857,17857,1,1
2021-11-18 15:00:04.798,17855,17857,17857,1,1
2021-11-18 15:00:05.039,17855,17858,17858,5,5
2021-11-18 15:00:05.250,17855,17858,17857,1,1
2021-11-18 15:00:05.655,17855,17858,17858,3,3
2021-11-18 15:00:05.656,17855,17858,17858,3,3
2021-11-18 15:00:06.895,17856,17857,17857,1,1
2021-11-18 15:00:07.533,17857,17858,17857,2,-2
2021-11-18 15:00:07.864,17856,17858,17856,1,-1
2021-11-18 15:00:08.426,17855,17858,17857,1,1
2021-11-18 15:00:08.806,17855,17857,17857,1,1
2021-11-18 15:00:09.682,17855,17858,17856,1,-1
2021-11-18 15:00:10.680,17855,17857,17857,1,1
2021-11-18 15:00:10.828,17855,17857,17857,1,1
2021-11-18 15:00:11.757,17855,17857,17856,1,1
2021-11-18 15:00:11.937,17856,17857,17856,1,-1
2021-11-18 15:00:12.121,17856,17857,17856,1,-1
2021-11-18 15:00:12.122,17856,17857,17856,1,-1
2021-11-18 15:00:12.266,17855,17856,17856,5,5
2021-11-18 15:00:13.029,17855,17856,17855,1,-1
2021-11-18 15:00:13.635,17855,17856,17855,1,-1
2021-11-18 15:00:13.847,17855,17856,17856,3,3
2021-11-18 15:00:13.896,17855,17856,17856,1,1
2021-11-18 15:00:14.144,17855,17856,17855,1,-1
2021-11-18 15:00:14.210,17855,17856,17856,1,1
2021-11-18 15:00:14.948,17855,17856,17856,18,18
2021-11-18 15:00:14.948,17855,17856,17857,1,1
2021-11-18 15:00:14.948,17855,17856,17857,1,1
2021-11-18 15:00:14.985,17855,17856,17856,1,1
2021-11-18 15:00:15.045,17855,17858,17858,1,1
2021-11-18 15:00:15.064,17855,17858,17855,1,-1
2021-11-18 15:00:15.370,17855,17858,17857,1,1
2021-11-18 15:00:15.435,17855,17858,17855,1,-1
2021-11-18 15:00:15.608,17855,17857,17857,1,1
2021-11-18 15:00:15.764,17855,17858,17855,1,-1
2021-11-18 15:00:15.832,17855,17858,17855,1,-1
2021-11-18 15:00:16.076,17856,17857,17856,1,-1
2021-11-18 15:00:16.190,17855,17857,17855,2,-2
2021-11-18 15:00:16.355,17855,17857,17857,1,1
2021-11-18 15:00:17.685,17856,17858,17857,2,2
2021-11-18 15:00:17.899,17856,17857,17856,1,-1
2021-11-18 15:00:18.999,17856,17857,17856,1,-1
2021-11-18 15:00:19.390,17856,17857,17856,1,-1
2021-11-18 15:00:24.017,17856,17857,17857,1,1
2021-11-18 15:00:24.517,17857,17858,17858,1,1
2021-11-18 15:00:24.518,17857,17858,17858,2,2
2021-11-18 15:00:24.722,17858,17859,17858,1,-1
2021-11-18 15:00:25.876,17858,17859,17858,1,-1
2021-11-18 15:00:26.202,17857,17859,17857,1,-1
2021-11-18 15:00:26.603,17857,17859,17857,1,-1
2021-11-18 15:00:27.010,17857,17859,17857,2,-2
2021-11-18 15:00:27.010,17857,17859,17856,2,-2
2021-11-18 15:00:29.994,17856,17858,17858,1,1
2021-11-18 15:00:30.112,17857,17859,17859,2,2
2021-11-18 15:00:30.473,17857,17859,17859,1,1
2021-11-18 15:00:31.152,17857,17858,17858,1,1
2021-11-18 15:00:31.355,17857,17858,17857,1,-1
2021-11-18 15:00:32.354,17857,17858,17857,1,-1
2021-11-18 15:00:33.838,17857,17858,17858,1,1
2021-11-18 15:00:35.592,17857,17858,17857,1,-1
2021-11-18 15:00:35.733,17857,17858,17857,1,-1
2021-11-18 15:00:35.856,17856,17857,17857,1,1
2021-11-18 15:00:36.861,17856,17857,17857,1,1
2021-11-18 15:00:37.105,17856,17857,17857,1,1
2021-11-18 15:00:37.105,17856,17857,17858,1,1
2021-11-18 15:00:39.819,17857,17858,17858,1,1
2021-11-18 15:00:39.942,17857,17858,17858,5,5
2021-11-18 15:00:40.504,17857,17858,17857,1,-1
2021-11-18 15:00:43.173,17857,17858,17858,1,1
2021-11-18 15:00:43.556,17857,17858,17857,1,-1
2021-11-18 15:00:45.130,17857,17858,17858,5,5
2021-11-18 15:00:46.397,17857,17858,17857,1,-1
2021-11-18 15:00:51.834,17857,17858,17857,1,-1
2021-11-18 15:00:53.123,17857,17858,17857,1,-1
2021-11-18 15:00:55.354,17857,17858,17858,1,1
2021-11-18 15:00:56.156,17857,17858,17858,5,5
2021-11-18 15:00:56.157,17857,17858,17858,3,3
2021-11-18 15:00:57.530,17857,17858,17857,1,-1
2021-11-18 15:00:58.549,17857,17858,17858,3,3
2021-11-18 15:00:58.666,17857,17858,17857,2,-2
2021-11-18 15:00:59.929,17857,17858,17858,1,1
2021-11-18 15:00:59.945,17857,17858,17858,2,2
2021-11-18 15:01:00.012,17857,17858,17857,7,-7
2021-11-18 15:01:00.013,17857,17858,17857,1,-1
2021-11-18 15:01:00.013,17857,17858,17857,1,-1
2021-11-18 15:01:00.094,17856,17858,17856,1,-1
2021-11-18 15:01:00.094,17856,17858,17856,1,-1
2021-11-18 15:01:00.094,17856,17858,17856,1,-1
2021-11-18 15:01:00.095,17856,17858,17856,1,-1
2021-11-18 15:01:00.095,17856,17858,17856,1,-1
2021-11-18 15:01:00.095,17856,17858,17856,1,-1
2021-11-18 15:01:00.352,17856,17857,17856,1,-1
2021-11-18 15:01:00.895,17856,17857,17856,4,-4
2021-11-18 15:01:00.895,17856,17857,17855,1,-1
2021-11-18 15:01:02.496,17855,17857,17855,8,-8
2021-11-18 15:01:02.518,17854,17856,17854,1,-1
2021-11-18 15:01:02.519,17854,17856,17854,1,-1
2021-11-18 15:01:02.519,17854,17856,17854,1,-1
2021-11-18 15:01:02.682,17854,17855,17854,1,-1
2021-11-18 15:01:04.218,17854,17855,17854,1,-1
2021-11-18 15:01:04.410,17854,17855,17855,1,1
2021-11-18 15:01:05.451,17854,17856,17854,1,-1
2021-11-18 15:01:05.462,17854,17856,17856,7,7
2021-11-18 15:01:05.462,17854,17856,17857,3,3
2021-11-18 15:01:06.745,17855,17857,17857,1,1
2021-11-18 15:01:06.849,17855,17857,17855,1,-1
2021-11-18 15:01:08.215,17855,17857,17855,2,-2
2021-11-18 15:01:08.900,17854,17856,17856,1,1
2021-11-18 15:01:10.524,17854,17857,17857,2,2
2021-11-18 15:01:11.429,17856,17857,17856,1,-1
2021-11-18 15:01:14.081,17855,17856,17856,1,1
2021-11-18 15:01:14.340,17855,17857,17855,1,-1
2021-11-18 15:01:15.951,17856,17857,17856,1,-1
2021-11-18 15:01:19.050,17855,17856,17856,2,2
2021-11-18 15:01:28.224,17856,17857,17857,1,1
2021-11-18 15:01:28.268,17856,17858,17856,1,-1
2021-11-18 15:01:28.269,17856,17858,17856,1,-1
2021-11-18 15:01:30.746,17856,17857,17857,1,1
2021-11-18 15:01:30.768,17857,17858,17857,1,-1
2021-11-18 15:01:30.768,17857,17858,17857,1,-1
2021-11-18 15:01:32.422,17856,17858,17856,2,-2
2021-11-18 15:01:33.387,17856,17858,17858,1,1
2021-11-18 15:01:34.691,17857,17858,17857,1,-1
2021-11-18 15:01:37.967,17856,17857,17857,2,2
2021-11-18 15:01:40.363,17856,17858,17858,1,1
2021-11-18 15:01:40.392,17856,17858,17856,1,-1
2021-11-18 15:01:40.393,17856,17858,17856,1,-1
2021-11-18 15:01:40.393,17856,17858,17856,1,-1
2021-11-18 15:01:40.393,17856,17858,17856,1,-1
2021-11-18 15:01:40.393,17856,17858,17856,1,-1
2021-11-18 15:01:40.393,17856,17858,17856,1,-1
2021-11-18 15:01:40.393,17856,17858,17856,1,-1
2021-11-18 15:01:40.394,17856,17858,17856,1,-1
2021-11-18 15:01:40.394,17856,17858,17856,1,-1
2021-11-18 15:01:40.394,17856,17858,17856,1,-1
2021-11-18 15:01:40.394,17856,17858,17856,1,-1
2021-11-18 15:01:40.394,17856,17858,17856,1,-1
2021-11-18 15:01:40.394,17856,17858,17856,1,-1
2021-11-18 15:01:43.621,17856,17858,17856,1,-1
2021-11-18 15:01:44.184,17856,17858,17857,2,2
2021-11-18 15:01:48.193,17856,17857,17857,1,1
2021-11-18 15:01:51.496,17856,17857,17857,3,3
2021-11-18 15:01:54.444,17856,17857,17856,2,-2
2021-11-18 15:01:59.292,17856,17857,17857,4,4
2021-11-18 15:01:59.644,17857,17858,17857,4,-4
2021-11-18 15:02:00.513,17857,17858,17857,1,-1
2021-11-18 15:02:03.102,17857,17858,17858,1,1
2021-11-18 15:02:04.795,17857,17858,17858,4,4
2021-11-18 15:02:06.172,17857,17858,17858,3,3
2021-11-18 15:02:06.179,17857,17858,17858,1,1
2021-11-18 15:02:07.004,17857,17858,17857,2,-2
2021-11-18 15:02:07.014,17857,17858,17858,1,1
2021-11-18 15:02:09.809,17857,17858,17858,1,1
2021-11-18 15:02:10.946,17857,17858,17858,5,5
2021-11-18 15:02:10.947,17857,17858,17858,1,1
2021-11-18 15:02:10.947,17857,17858,17858,1,1
2021-11-18 15:02:10.947,17857,17858,17858,1,1
2021-11-18 15:02:10.947,17857,17858,17858,1,1
2021-11-18 15:02:10.948,17857,17858,17858,1,1
2021-11-18 15:02:10.948,17857,17858,17858,1,1
2021-11-18 15:02:14.273,17858,17859,17858,2,-2
2021-11-18 15:02:14.273,17858,17859,17857,13,-13
2021-11-18 15:02:14.274,17858,17859,17857,1,-1
2021-11-18 15:02:16.143,17856,17858,17857,1,1
2021-11-18 15:02:25.574,17857,17858,17857,1,-1
2021-11-18 15:02:27.555,17857,17858,17857,3,-3
2021-11-18 15:02:30.811,17857,17858,17857,1,-1
2021-11-18 15:02:33.562,17857,17858,17857,1,-1
2021-11-18 15:02:36.303,17856,17857,17857,1,1
2021-11-18 15:02:36.366,17856,17857,17857,2,2
2021-11-18 15:02:36.367,17856,17857,17857,1,1
2021-11-18 15:02:42.400,17856,17857,17857,1,1
2021-11-18 15:02:45.804,17856,17857,17856,2,-2
2021-11-18 15:02:45.905,17856,17857,17857,1,1
2021-11-18 15:02:48.831,17856,17857,17856,3,-3
2021-11-18 15:02:51.150,17856,17857,17856,4,-4
2021-11-18 15:02:51.640,17856,17857,17856,1,-1
2021-11-18 15:02:52.188,17855,17856,17855,9,-9
2021-11-18 15:02:52.230,17855,17856,17854,1,-1
2021-11-18 15:02:52.230,17855,17856,17854,1,-1
2021-11-18 15:02:52.230,17855,17856,17854,1,-1
2021-11-18 15:02:52.281,17854,17856,17856,1,1
2021-11-18 15:02:52.398,17854,17855,17854,2,-2
2021-11-18 15:02:52.686,17854,17855,17854,1,-1
2021-11-18 15:02:54.341,17854,17856,17856,1,1
2021-11-18 15:02:55.345,17854,17856,17856,2,2
2021-11-18 15:02:55.368,17854,17856,17856,1,1
2021-11-18 15:03:00.091,17854,17855,17855,1,1
2021-11-18 15:03:00.102,17854,17855,17855,1,1
2021-11-18 15:03:00.123,17854,17855,17855,1,1
2021-11-18 15:03:00.129,17854,17855,17855,1,1
2021-11-18 15:03:00.130,17854,17855,17855,1,1
2021-11-18 15:03:00.139,17854,17855,17856,1,1
2021-11-18 15:03:00.144,17854,17856,17856,1,1
2021-11-18 15:03:00.155,17854,17856,17856,1,1
2021-11-18 15:03:00.160,17854,17856,17856,1,1
2021-11-18 15:03:00.978,17855,17857,17855,6,-6
2021-11-18 15:03:05.304,17855,17856,17855,1,-1
2021-11-18 15:03:11.055,17855,17856,17855,3,-3
2021-11-18 15:03:16.200,17855,17856,17855,4,-4
2021-11-18 15:03:16.201,17855,17856,17855,1,-1
2021-11-18 15:03:21.679,17854,17855,17855,1,1
2021-11-18 15:03:26.117,17854,17855,17854,2,-2
2021-11-18 15:03:27.053,17854,17855,17854,2,-2
2021-11-18 15:03:27.054,17854,17855,17854,3,-3
2021-11-18 15:03:27.054,17854,17855,17854,2,-2
2021-11-18 15:03:27.055,17854,17855,17854,1,-1
2021-11-18 15:03:27.587,17853,17855,17854,1,1
2021-11-18 15:03:34.303,17853,17854,17853,4,-4
2021-11-18 15:03:34.708,17853,17854,17853,2,-2
2021-11-18 15:03:36.231,17853,17854,17853,1,-1
2021-11-18 15:03:40.717,17853,17854,17853,1,-1
2021-11-18 15:03:42.948,17853,17854,17854,1,1
2021-11-18 15:03:42.948,17853,17854,17854,1,1
2021-11-18 15:03:43.562,17853,17854,17854,1,1
2021-11-18 15:03:43.563,17853,17854,17854,1,1
2021-11-18 15:03:48.950,17854,17855,17855,1,1
2021-11-18 15:03:49.456,17854,17855,17854,2,-2
2021-11-18 15:03:49.829,17854,17855,17854,1,-1
2021-11-18 15:03:51.670,17854,17855,17855,2,2
2021-11-18 15:03:52.659,17854,17855,17855,1,1
2021-11-18 15:03:55.993,17854,17855,17855,1,1
2021-11-18 15:03:59.375,17854,17855,17854,2,-2
2021-11-18 15:04:01.795,17854,17855,17854,1,-1
2021-11-18 15:04:02.065,17854,17855,17854,4,-4
2021-11-18 15:04:02.065,17854,17855,17853,6,-6
2021-11-18 15:04:03.739,17853,17854,17853,1,-1
2021-11-18 15:04:07.088,17853,17854,17854,2,2
2021-11-18 15:04:07.089,17853,17854,17854,1,1
2021-11-18 15:04:12.746,17853,17854,17853,20,-20
2021-11-18 15:04:12.747,17853,17854,17852,1,-1
2021-11-18 15:04:12.748,17853,17854,17852,1,-1
2021-11-18 15:04:12.748,17853,17854,17852,1,-1
2021-11-18 15:04:12.748,17853,17854,17852,1,-1
2021-11-18 15:04:12.748,17853,17854,17852,1,-1
2021-11-18 15:04:12.796,17852,17853,17852,1,-1
2021-11-18 15:04:14.065,17852,17853,17852,1,-1
2021-11-18 15:04:16.892,17852,17853,17852,13,-13
2021-11-18 15:04:16.934,17852,17853,17851,1,-1
2021-11-18 15:04:16.934,17852,17853,17851,2,-2
2021-11-18 15:04:16.934,17852,17853,17851,1,-1
2021-11-18 15:04:16.934,17852,17853,17851,1,-1
2021-11-18 15:04:18.131,17851,17852,17851,3,-3
2021-11-18 15:04:21.438,17851,17852,17852,3,3
2021-11-18 15:04:23.010,17851,17852,17851,1,-1
2021-11-18 15:04:25.618,17851,17852,17852,2,2
2021-11-18 15:04:25.618,17851,17852,17852,1,1
2021-11-18 15:04:25.619,17851,17852,17852,1,1
2021-11-18 15:04:25.619,17851,17852,17852,1,1
2021-11-18 15:04:25.636,17851,17852,17852,1,1
2021-11-18 15:04:29.425,17852,17853,17852,1,-1
2021-11-18 15:04:31.594,17851,17853,17851,3,-3
2021-11-18 15:04:32.634,17851,17853,17852,1,1
2021-11-18 15:04:34.433,17851,17852,17852,2,2
2021-11-18 15:04:34.433,17851,17852,17853,2,2
2021-11-18 15:04:34.731,17851,17852,17852,1,1
2021-11-18 15:04:35.940,17851,17852,17852,1,1
2021-11-18 15:04:36.006,17851,17852,17851,5,-5
2021-11-18 15:04:36.329,17851,17852,17852,1,1
2021-11-18 15:04:40.567,17851,17852,17851,3,-3
2021-11-18 15:04:49.507,17851,17852,17852,5,5
2021-11-18 15:04:51.273,17851,17852,17852,4,4
2021-11-18 15:04:51.562,17851,17852,17852,1,1
2021-11-18 15:04:51.562,17851,17852,17852,3,3
2021-11-18 15:04:51.971,17852,17853,17852,1,-1
2021-11-18 15:04:52.213,17852,17853,17852,5,-5
2021-11-18 15:04:53.095,17852,17853,17852,2,-2
2021-11-18 15:04:53.694,17852,17853,17853,1,1
2021-11-18 15:04:53.694,17852,17853,17853,15,15
2021-11-18 15:04:54.042,17853,17854,17853,1,-1
2021-11-18 15:04:54.203,17853,17854,17853,1,-1
2021-11-18 15:04:54.513,17853,17854,17853,1,-1
2021-11-18 15:04:55.202,17853,17854,17853,1,-1
2021-11-18 15:04:59.997,17853,17854,17853,2,-2
2021-11-18 15:05:03.178,17852,17853,17852,1,-1
2021-11-18 15:05:03.621,17852,17853,17852,1,-1
2021-11-18 15:05:08.790,17852,17853,17853,2,2
2021-11-18 15:05:12.086,17852,17853,17853,1,1
2021-11-18 15:05:18.465,17852,17853,17852,2,-2
2021-11-18 15:05:19.518,17852,17853,17852,1,-1
2021-11-18 15:05:20.385,17852,17853,17853,1,1
2021-11-18 15:05:20.548,17852,17853,17853,2,2
2021-11-18 15:05:20.641,17852,17853,17852,2,-2
2021-11-18 15:05:23.565,17852,17853,17853,2,2
2021-11-18 15:05:24.533,17852,17853,17853,1,1
2021-11-18 15:05:25.848,17853,17854,17854,2,2
2021-11-18 15:05:36.088,17854,17855,17854,1,-1
2021-11-18 15:05:36.088,17854,17855,17854,1,-1
2021-11-18 15:05:36.089,17854,17855,17854,2,-2
2021-11-18 15:05:37.968,17853,17854,17853,1,-1
2021-11-18 15:05:44.395,17853,17854,17853,1,-1
2021-11-18 15:05:49.514,17853,17854,17853,1,-1
2021-11-18 15:05:49.515,17853,17854,17853,3,-3
2021-11-18 15:05:49.515,17853,17854,17853,1,-1
2021-11-18 15:05:49.556,17853,17854,17853,1,-1
2021-11-18 15:05:49.556,17853,17854,17853,1,-1
2021-11-18 15:05:49.557,17853,17854,17853,1,-1
2021-11-18 15:05:49.782,17852,17853,17853,1,1
2021-11-18 15:05:59.754,17853,17854,17853,1,-1
2021-11-18 15:06:02.812,17852,17853,17852,2,-2
2021-11-18 15:06:02.868,17852,17853,17853,1,1
2021-11-18 15:06:03.878,17852,17853,17852,1,-1
2021-11-18 15:06:12.161,17852,17853,17852,1,-1
2021-11-18 15:06:18.487,17852,17853,17853,1,1
2021-11-18 15:06:18.487,17852,17853,17853,1,1
2021-11-18 15:06:24.656,17852,17853,17853,1,1
2021-11-18 15:06:24.931,17852,17853,17853,1,1
2021-11-18 15:06:31.009,17853,17854,17853,2,-2
2021-11-18 15:06:33.164,17852,17853,17853,1,1
2021-11-18 15:06:37.498,17853,17854,17853,1,-1
2021-11-18 15:06:43.843,17853,17854,17853,2,-2
2021-11-18 15:06:45.257,17852,17853,17853,4,4
2021-11-18 15:06:48.529,17853,17854,17854,1,1
2021-11-18 15:06:51.615,17853,17854,17853,1,-1
2021-11-18 15:06:52.411,17853,17854,17853,1,-1
2021-11-18 15:06:53.139,17853,17854,17853,1,-1
2021-11-18 15:06:58.759,17853,17854,17854,10,10
2021-11-18 15:06:58.759,17853,17854,17854,1,1
2021-11-18 15:07:04.143,17854,17855,17854,6,-6
2021-11-18 15:07:08.816,17853,17854,17854,1,1
2021-11-18 15:07:15.939,17853,17854,17853,1,-1
2021-11-18 15:07:17.891,17853,17854,17853,1,-1
2021-11-18 15:07:22.100,17853,17854,17854,6,6
2021-11-18 15:07:27.662,17854,17855,17854,2,-2
2021-11-18 15:07:27.826,17854,17855,17854,1,-1
2021-11-18 15:07:30.338,17854,17855,17854,1,-1
2021-11-18 15:07:38.807,17853,17854,17853,1,-1
2021-11-18 15:07:43.560,17853,17854,17854,1,1
2021-11-18 15:07:44.974,17853,17854,17853,1,-1
2021-11-18 15:07:45.105,17853,17854,17854,1,1
2021-11-18 15:07:50.352,17853,17854,17854,1,1
2021-11-18 15:07:52.479,17854,17855,17854,2,-2
2021-11-18 15:08:12.538,17854,17855,17854,3,-3
2021-11-18 15:08:14.329,17853,17854,17854,2,2
2021-11-18 15:08:14.329,17853,17854,17854,1,1
2021-11-18 15:08:36.130,17853,17854,17854,1,1
2021-11-18 15:08:52.207,17853,17854,17854,1,1
2021-11-18 15:08:52.240,17853,17854,17854,1,1
2021-11-18 15:08:59.952,17853,17854,17853,3,-3
2021-11-18 15:09:07.427,17853,17854,17853,2,-2
2021-11-18 15:09:22.169,17853,17854,17854,1,1
2021-11-18 15:09:25.459,17853,17854,17854,1,1
2021-11-18 15:09:34.119,17853,17854,17854,2,2
2021-11-18 15:09:37.796,17853,17854,17854,5,5
2021-11-18 15:09:41.484,17853,17854,17854,1,1
2021-11-18 15:09:51.650,17853,17854,17854,1,1
2021-11-18 15:09:51.809,17853,17854,17853,1,-1
2021-11-18 15:09:57.230,17853,17854,17854,9,9
2021-11-18 15:09:57.230,17853,17854,17855,3,3
2021-11-18 15:10:02.337,17854,17855,17854,1,-1
2021-11-18 15:10:05.614,17854,17855,17855,1,1
2021-11-18 15:10:05.702,17854,17855,17855,7,7
2021-11-18 15:10:05.830,17855,17856,17854,1,-1
2021-11-18 15:10:08.494,17855,17856,17855,1,-1
2021-11-18 15:10:15.112,17854,17856,17855,1,1
2021-11-18 15:10:18.813,17855,17856,17855,1,-1
2021-11-18 15:10:21.618,17855,17856,17856,2,2
2021-11-18 15:10:21.965,17855,17856,17855,1,-1
2021-11-18 15:10:21.965,17855,17856,17856,9,9
2021-11-18 15:10:22.504,17856,17857,17857,1,1
2021-11-18 15:10:22.505,17856,17857,17857,1,1
2021-11-18 15:10:24.138,17856,17857,17857,1,1
2021-11-18 15:10:34.221,17856,17857,17857,1,1
2021-11-18 15:10:35.623,17856,17857,17857,1,1
2021-11-18 15:10:41.329,17856,17857,17856,2,-2
2021-11-18 15:10:43.369,17856,17857,17857,1,1
2021-11-18 15:10:43.369,17856,17857,17857,1,1
2021-11-18 15:10:43.369,17856,17857,17857,3,3
2021-11-18 15:10:43.369,17856,17857,17857,2,2
2021-11-18 15:10:49.994,17857,17858,17858,2,2
2021-11-18 15:10:50.726,17857,17858,17858,1,1
2021-11-18 15:10:52.350,17857,17858,17858,2,2
2021-11-18 15:10:57.335,17857,17858,17857,1,-1
2021-11-18 15:10:57.633,17857,17858,17858,1,1
2021-11-18 15:10:58.196,17857,17858,17858,1,1
2021-11-18 15:11:04.103,17857,17858,17858,1,1
2021-11-18 15:11:04.269,17857,17858,17857,1,-1
2021-11-18 15:11:08.516,17857,17858,17858,2,2
2021-11-18 15:11:09.108,17857,17858,17858,2,2
2021-11-18 15:11:10.783,17857,17858,17857,1,-1
2021-11-18 15:11:12.117,17857,17858,17858,1,1
2021-11-18 15:11:13.683,17857,17858,17858,1,1
2021-11-18 15:11:16.796,17857,17858,17857,1,-1
2021-11-18 15:11:18.885,17857,17858,17858,6,6
2021-11-18 15:11:22.191,17857,17858,17858,1,1
2021-11-18 15:11:24.112,17857,17858,17858,1,1
2021-11-18 15:11:24.228,17857,17858,17857,1,-1
2021-11-18 15:11:25.911,17857,17858,17858,1,1
2021-11-18 15:11:29.339,17857,17858,17858,1,1
2021-11-18 15:11:36.180,17857,17858,17858,1,1
2021-11-18 15:11:36.949,17857,17858,17858,1,1
2021-11-18 15:11:38.702,17857,17858,17858,1,1
2021-11-18 15:11:42.520,17858,17859,17859,1,1
2021-11-18 15:11:47.285,17858,17859,17859,4,4
2021-11-18 15:11:47.285,17858,17859,17859,4,4
2021-11-18 15:11:47.288,17858,17859,17860,2,2
2021-11-18 15:11:47.288,17858,17859,17860,1,1
2021-11-18 15:11:47.289,17858,17859,17860,1,1
2021-11-18 15:11:47.290,17858,17859,17860,1,1
2021-11-18 15:11:47.290,17858,17859,17860,1,1
2021-11-18 15:11:47.290,17858,17859,17860,4,4
2021-11-18 15:11:47.424,17859,17861,17861,4,4
2021-11-18 15:11:47.428,17859,17861,17861,1,1
2021-11-18 15:11:49.062,17860,17861,17860,1,-1
2021-11-18 15:11:49.650,17860,17861,17860,2,-2
2021-11-18 15:11:53.221,17859,17860,17860,2,2
2021-11-18 15:11:54.721,17859,17860,17860,1,1
2021-11-18 15:11:57.360,17859,17860,17860,4,4
2021-11-18 15:11:59.104,17859,17860,17860,1,1
2021-11-18 15:12:02.285,17859,17860,17860,1,1
2021-11-18 15:12:02.673,17859,17860,17860,1,1
2021-11-18 15:12:02.894,17859,17860,17860,2,2
2021-11-18 15:12:02.993,17859,17860,17860,2,2
2021-11-18 15:12:03.047,17860,17861,17861,2,2
2021-11-18 15:12:15.760,17860,17861,17861,1,1
2021-11-18 15:12:16.620,17860,17861,17861,1,1
2021-11-18 15:12:19.531,17860,17861,17861,2,2
2021-11-18 15:12:19.955,17860,17861,17861,2,2
2021-11-18 15:12:27.596,17860,17861,17861,1,1
2021-11-18 15:12:31.174,17860,17861,17861,1,1
2021-11-18 15:12:34.267,17860,17861,17861,1,1
2021-11-18 15:12:35.931,17860,17861,17861,1,1
2021-11-18 15:12:37.762,17860,17861,17860,1,-1
2021-11-18 15:12:41.032,17860,17861,17860,1,-1
2021-11-18 15:12:41.084,17860,17861,17860,1,-1
2021-11-18 15:12:41.613,17860,17861,17861,1,1
2021-11-18 15:12:41.613,17860,17861,17860,9,-9
2021-11-18 15:12:44.159,17859,17860,17860,2,2
2021-11-18 15:12:46.469,17859,17860,17859,7,-7
2021-11-18 15:12:51.991,17858,17859,17858,2,-2
2021-11-18 15:12:52.429,17857,17858,17858,2,2
2021-11-18 15:12:59.789,17858,17859,17858,4,-4
2021-11-18 15:13:02.943,17858,17859,17859,1,1
2021-11-18 15:13:15.060,17858,17859,17858,1,-1
2021-11-18 15:13:19.451,17858,17859,17858,3,-3
2021-11-18 15:13:21.572,17857,17858,17858,1,1
2021-11-18 15:13:21.643,17857,17859,17859,1,1
2021-11-18 15:13:21.643,17857,17859,17859,1,1
2021-11-18 15:13:21.643,17857,17859,17859,1,1
2021-11-18 15:13:21.643,17857,17859,17859,1,1
2021-11-18 15:13:21.643,17857,17859,17859,1,1
2021-11-18 15:13:21.643,17857,17859,17859,1,1
2021-11-18 15:13:21.643,17857,17859,17859,1,1
2021-11-18 15:13:21.643,17857,17859,17859,1,1
2021-11-18 15:13:21.643,17857,17859,17859,1,1
2021-11-18 15:13:21.644,17857,17859,17859,1,1
2021-11-18 15:13:21.644,17857,17859,17859,1,1
2021-11-18 15:13:21.644,17857,17859,17859,1,1
2021-11-18 15:13:28.522,17858,17859,17859,10,10
2021-11-18 15:13:33.229,17859,17860,17860,1,1
2021-11-18 15:13:33.229,17859,17860,17860,4,4
2021-11-18 15:13:33.230,17859,17860,17860,1,1
2021-11-18 15:13:33.230,17859,17860,17860,1,1
2021-11-18 15:13:33.230,17859,17860,17860,1,1
2021-11-18 15:13:33.230,17859,17860,17860,1,1
2021-11-18 15:13:33.230,17859,17860,17860,1,1
2021-11-18 15:13:33.230,17859,17860,17860,1,1
2021-11-18 15:13:33.231,17859,17860,17860,1,1
2021-11-18 15:13:33.231,17859,17860,17860,1,1
2021-11-18 15:13:36.577,17860,17861,17860,4,-4
2021-11-18 15:13:39.432,17859,17860,17859,2,-2
2021-11-18 15:13:41.513,17859,17860,17859,2,-2
2021-11-18 15:13:42.712,17859,17860,17860,1,1
2021-11-18 15:13:42.820,17859,17860,17859,2,-2
2021-11-18 15:13:46.203,17859,17860,17859,1,-1
2021-11-18 15:13:49.284,17859,17860,17860,1,1
2021-11-18 15:13:51.498,17859,17860,17860,1,1
2021-11-18 15:13:59.882,17859,17860,17860,1,1
2021-11-18 15:14:03.295,17859,17860,17860,2,2
2021-11-18 15:14:18.269,17860,17861,17860,2,-2
2021-11-18 15:14:21.988,17859,17860,17860,2,2
2021-11-18 15:14:44.881,17859,17860,17860,5,5
2021-11-18 15:14:47.666,17859,17860,17860,5,5
2021-11-18 15:14:50.319,17859,17860,17860,3,3
2021-11-18 15:14:50.565,17860,17861,17860,1,-1
2021-11-18 15:14:53.426,17860,17861,17860,1,-1
2021-11-18 15:14:53.708,17860,17861,17861,1,1
2021-11-18 15:14:59.270,17860,17861,17861,1,1
2021-11-18 15:15:14.760,17860,17861,17860,6,-6
2021-11-18 15:15:14.779,17859,17860,17860,1,1
2021-11-18 15:15:27.523,17859,17860,17860,1,1
2021-11-18 15:15:31.185,17859,17860,17860,1,1
2021-11-18 15:15:32.500,17859,17860,17860,1,1
2021-11-18 15:15:36.429,17859,17860,17859,1,-1
2021-11-18 15:15:41.170,17859,17860,17860,1,1
2021-11-18 15:15:42.033,17859,17860,17860,1,1
2021-11-18 15:15:52.344,17859,17860,17859,1,-1
2021-11-18 15:15:52.345,17859,17860,17859,1,-1
2021-11-18 15:15:52.345,17859,17860,17859,5,-5
2021-11-18 15:15:52.345,17859,17860,17859,14,-14
2021-11-18 15:15:52.346,17859,17860,17858,1,-1
2021-11-18 15:15:52.346,17859,17860,17858,1,-1
2021-11-18 15:15:52.347,17859,17860,17858,1,-1
2021-11-18 15:15:54.486,17858,17859,17858,1,-1
2021-11-18 15:15:56.207,17858,17859,17859,1,1
2021-11-18 15:15:56.207,17858,17859,17860,2,2
2021-11-18 15:16:13.003,17858,17859,17859,1,1
2021-11-18 15:16:15.498,17858,17859,17859,1,1
2021-11-18 15:16:17.172,17858,17859,17859,1,1
2021-11-18 15:16:20.452,17858,17859,17858,3,-3
2021-11-18 15:16:22.825,17858,17859,17858,18,-18
2021-11-18 15:16:22.826,17858,17859,17857,1,-1
2021-11-18 15:16:22.827,17858,17859,17857,1,-1
2021-11-18 15:16:22.827,17858,17859,17857,1,-1
2021-11-18 15:16:22.827,17858,17859,17857,1,-1
2021-11-18 15:16:22.827,17858,17859,17857,2,-2
2021-11-18 15:16:25.338,17856,17858,17858,2,2
2021-11-18 15:16:27.208,17856,17857,17856,2,-2
2021-11-18 15:16:28.344,17856,17857,17856,2,-2
2021-11-18 15:16:31.734,17856,17857,17857,2,2
2021-11-18 15:16:32.430,17856,17857,17856,1,-1
2021-11-18 15:16:32.976,17856,17857,17856,2,-2
2021-11-18 15:16:33.764,17856,17857,17856,2,-2
2021-11-18 15:16:34.480,17856,17857,17856,2,-2
2021-11-18 15:16:35.292,17856,17857,17856,2,-2
2021-11-18 15:16:35.293,17856,17857,17856,2,-2
2021-11-18 15:16:36.924,17855,17856,17856,1,1
2021-11-18 15:16:37.060,17855,17856,17855,2,-2
2021-11-18 15:16:38.560,17855,17856,17855,2,-2
2021-11-18 15:16:39.240,17855,17856,17856,1,1
2021-11-18 15:16:40.104,17855,17856,17855,2,-2
2021-11-18 15:16:40.351,17855,17856,17856,1,1
2021-11-18 15:16:40.727,17855,17857,17855,1,-1
2021-11-18 15:16:44.011,17855,17857,17857,1,1
2021-11-18 15:16:48.184,17856,17857,17856,1,-1
2021-11-18 15:16:48.440,17856,17857,17856,1,-1
2021-11-18 15:16:48.800,17856,17857,17857,5,5
2021-11-18 15:16:50.431,17856,17857,17856,1,-1
2021-11-18 15:16:50.603,17856,17857,17856,1,-1
2021-11-18 15:16:52.864,17856,17857,17856,1,-1
2021-11-18 15:16:53.051,17856,17857,17856,1,-1
2021-11-18 15:16:53.469,17855,17856,17856,1,1
2021-11-18 15:16:54.072,17855,17856,17856,1,1
2021-11-18 15:16:55.135,17856,17857,17856,1,-1
2021-11-18 15:16:55.527,17856,17857,17856,1,-1
2021-11-18 15:16:56.839,17856,17857,17856,1,-1
2021-11-18 15:16:57.039,17856,17857,17856,1,-1
2021-11-18 15:16:57.340,17856,17857,17856,1,-1
2021-11-18 15:17:01.306,17855,17856,17856,1,1
2021-11-18 15:17:07.520,17855,17856,17856,1,1
2021-11-18 15:17:08.979,17855,17856,17856,1,1
2021-11-18 15:17:10.507,17856,17857,17856,1,-1
2021-11-18 15:17:19.578,17855,17856,17856,1,1
2021-11-18 15:17:20.691,17855,17856,17856,1,1
2021-11-18 15:17:21.636,17855,17856,17855,1,-1
2021-11-18 15:17:21.816,17855,17856,17855,2,-2
2021-11-18 15:17:21.864,17855,17856,17855,1,-1
2021-11-18 15:17:22.115,17855,17856,17855,1,-1
2021-11-18 15:17:22.340,17855,17856,17855,1,-1
2021-11-18 15:17:22.560,17855,17856,17855,1,-1
2021-11-18 15:17:22.787,17855,17856,17855,1,-1
2021-11-18 15:17:22.984,17855,17856,17855,1,-1
2021-11-18 15:17:22.984,17855,17856,17855,2,-2
2021-11-18 15:17:23.939,17854,17855,17855,1,1
2021-11-18 15:17:26.423,17854,17855,17854,1,-1
2021-11-18 15:17:26.679,17854,17855,17854,1,-1
2021-11-18 15:17:27.240,17854,17855,17854,1,-1
2021-11-18 15:17:27.404,17854,17855,17854,1,-1
2021-11-18 15:17:27.579,17854,17855,17854,1,-1
2021-11-18 15:17:28.836,17854,17855,17854,1,-1
2021-11-18 15:17:30.586,17854,17855,17855,1,1
2021-11-18 15:17:32.388,17854,17855,17854,2,-2
2021-11-18 15:17:38.731,17854,17855,17854,2,-2
2021-11-18 15:17:38.945,17854,17855,17854,1,-1
2021-11-18 15:17:40.027,17854,17855,17854,1,-1
2021-11-18 15:17:42.013,17854,17855,17854,1,-1
2021-11-18 15:17:45.556,17854,17855,17855,2,2
2021-11-18 15:17:49.808,17854,17855,17855,1,1
2021-11-18 15:17:50.173,17854,17855,17854,1,-1
2021-11-18 15:17:56.202,17854,17855,17854,1,-1
2021-11-18 15:17:59.459,17854,17855,17854,1,-1
2021-11-18 15:18:05.648,17854,17855,17855,1,1
2021-11-18 15:18:11.651,17854,17855,17855,1,1
2021-11-18 15:18:13.944,17854,17855,17855,2,2
2021-11-18 15:18:17.420,17854,17855,17855,1,1
2021-11-18 15:18:18.137,17854,17855,17855,1,1
2021-11-18 15:18:18.606,17854,17855,17855,1,1
2021-11-18 15:18:18.614,17854,17855,17855,1,1
2021-11-18 15:18:18.615,17854,17855,17855,3,3
2021-11-18 15:18:18.615,17854,17855,17855,1,1
2021-11-18 15:18:20.622,17855,17856,17855,2,-2
2021-11-18 15:18:40.632,17856,17857,17856,1,-1
2021-11-18 15:19:02.016,17856,17857,17857,1,1
2021-11-18 15:19:02.016,17856,17857,17857,1,1
2021-11-18 15:19:02.016,17856,17857,17857,4,4
2021-11-18 15:19:02.764,17856,17858,17856,2,-2
2021-11-18 15:20:07.450,17857,17858,17857,1,-1
2021-11-18 15:20:07.757,17857,17858,17858,1,1
2021-11-18 15:20:08.150,17857,17858,17857,2,-2
2021-11-18 15:20:09.272,17857,17858,17858,2,2
2021-11-18 15:20:16.220,17857,17858,17858,1,1
2021-11-18 15:20:29.682,17857,17858,17858,1,1
2021-11-18 15:20:30.512,17857,17858,17857,1,-1
2021-11-18 15:20:37.190,17857,17858,17858,1,1
2021-11-18 15:20:39.092,17858,17859,17858,1,-1
2021-11-18 15:20:39.161,17858,17859,17858,1,-1
2021-11-18 15:21:02.443,17857,17858,17857,1,-1
2021-11-18 15:21:09.731,17857,17858,17858,1,1
2021-11-18 15:21:23.814,17857,17858,17858,1,1
2021-11-18 15:21:23.893,17857,17858,17857,1,-1
2021-11-18 15:21:23.893,17857,17858,17857,1,-1
2021-11-18 15:21:23.893,17857,17858,17857,1,-1
2021-11-18 15:21:23.893,17857,17858,17857,1,-1
2021-11-18 15:21:23.893,17857,17858,17857,1,-1
2021-11-18 15:21:23.893,17857,17858,17857,1,-1
2021-11-18 15:21:23.893,17857,17858,17856,1,-1
2021-11-18 15:21:23.893,17857,17858,17856,1,-1
2021-11-18 15:21:23.893,17857,17858,17856,1,-1
2021-11-18 15:21:23.893,17857,17858,17856,1,-1
2021-11-18 15:21:23.894,17857,17858,17856,1,-1
2021-11-18 15:21:23.894,17857,17858,17856,1,-1
2021-11-18 15:21:29.593,17856,17857,17857,2,2
2021-11-18 15:21:29.643,17857,17858,17857,1,-1
2021-11-18 15:21:34.260,17857,17858,17857,1,-1
2021-11-18 15:21:48.622,17857,17858,17857,2,-2
2021-11-18 15:21:48.938,17857,17858,17857,1,-1
2021-11-18 15:22:10.308,17857,17858,17858,1,1
2021-11-18 15:22:20.278,17857,17858,17858,1,1
2021-11-18 15:22:23.674,17858,17859,17858,1,-1
2021-11-18 15:22:34.405,17858,17859,17858,1,-1
2021-11-18 15:22:45.104,17858,17859,17858,4,-4
2021-11-18 15:22:49.926,17857,17858,17858,1,1
2021-11-18 15:22:50.348,17857,17859,17857,5,-5
2021-11-18 15:23:15.954,17857,17858,17857,1,-1
2021-11-18 15:23:18.935,17857,17858,17858,1,1
2021-11-18 15:23:33.023,17857,17858,17858,1,1
2021-11-18 15:23:39.089,17857,17858,17857,1,-1
2021-11-18 15:23:54.246,17857,17858,17857,4,-4
2021-11-18 15:23:54.246,17857,17858,17857,2,-2
2021-11-18 15:23:54.246,17857,17858,17857,1,-1
2021-11-18 15:23:54.247,17857,17858,17857,9,-9
2021-11-18 15:24:00.855,17856,17858,17858,1,1
2021-11-18 15:24:11.333,17856,17858,17858,1,1
2021-11-18 15:24:17.903,17856,17858,17858,1,1
2021-11-18 15:24:28.137,17857,17858,17858,1,1
2021-11-18 15:24:43.691,17857,17858,17858,1,1
2021-11-18 15:24:46.524,17857,17858,17857,1,-1
2021-11-18 15:24:51.674,17857,17858,17858,1,1
2021-11-18 15:24:58.809,17857,17858,17858,1,1
2021-11-18 15:25:06.842,17857,17858,17858,1,1
2021-11-18 15:25:18.444,17857,17858,17858,1,1
2021-11-18 15:25:28.619,17857,17858,17858,1,1
2021-11-18 15:25:30.410,17857,17858,17858,3,3
2021-11-18 15:25:31.323,17857,17858,17858,2,2
2021-11-18 15:25:41.199,17857,17858,17857,1,-1
2021-11-18 15:25:43.959,17857,17858,17857,1,-1
2021-11-18 15:25:48.136,17857,17858,17857,1,-1
2021-11-18 15:27:09.808,17857,17858,17858,1,1
2021-11-18 15:27:20.524,17857,17858,17858,1,1
2021-11-18 15:27:21.182,17857,17858,17858,1,1
2021-11-18 15:27:38.142,17857,17858,17858,1,1
2021-11-18 15:28:04.297,17857,17858,17858,1,1
2021-11-18 15:28:15.294,17857,17858,17858,1,1
2021-11-18 15:28:17.301,17857,17858,17858,1,1
2021-11-18 15:28:17.690,17857,17858,17857,1,-1
2021-11-18 15:28:21.557,17857,17858,17857,9,-9
2021-11-18 15:28:30.838,17856,17857,17856,29,-29
2021-11-18 15:28:30.840,17856,17857,17855,11,-11
2021-11-18 15:28:32.872,17854,17856,17854,1,-1
2021-11-18 15:28:54.609,17854,17855,17854,2,-2
2021-11-18 15:29:00.371,17854,17855,17855,1,1
2021-11-18 15:29:00.847,17854,17855,17854,1,-1
2021-11-18 15:29:06.649,17854,17855,17855,1,1
2021-11-18 15:29:07.204,17855,17856,17855,2,-2
2021-11-18 15:29:10.710,17855,17856,17855,2,-2
2021-11-18 15:29:51.144,17855,17856,17855,1,-1
2021-11-18 15:29:51.854,17855,17856,17856,1,1
2021-11-18 15:29:55.171,17855,17856,17856,1,1
2021-11-18 15:29:56.761,17855,17856,17856,1,1
2021-11-18 15:29:58.422,17855,17856,17856,1,1
2021-11-18 15:30:04.150,17855,17856,17855,1,-1
2021-11-18 15:30:04.666,17855,17856,17856,1,1
2021-11-18 15:30:04.666,17855,17856,17856,1,1
2021-11-18 15:30:05.822,17855,17857,17857,1,1
2021-11-18 15:30:05.823,17855,17857,17857,1,1
2021-11-18 15:30:06.025,17856,17858,17856,1,-1
2021-11-18 15:30:06.585,17856,17858,17858,5,5
2021-11-18 15:30:17.290,17858,17859,17858,2,-2
2021-11-18 15:30:23.273,17856,17858,17858,1,1
2021-11-18 15:30:55.471,17855,17856,17855,2,-2
2021-11-18 15:31:02.104,17854,17856,17854,2,-2
2021-11-18 15:31:08.573,17854,17856,17854,1,-1
2021-11-18 15:31:08.782,17854,17856,17856,1,1
2021-11-18 15:31:23.841,17855,17856,17855,1,-1
2021-11-18 15:31:33.640,17854,17855,17854,2,-2
2021-11-18 15:31:35.552,17854,17855,17854,1,-1
2021-11-18 15:31:35.949,17854,17855,17855,1,1
2021-11-18 15:31:37.418,17854,17855,17854,2,-2
2021-11-18 15:31:44.970,17854,17855,17854,2,-2
2021-11-18 15:31:47.244,17854,17855,17854,2,-2
2021-11-18 15:31:51.053,17854,17855,17854,1,-1
2021-11-18 15:31:52.713,17854,17855,17854,2,-2
2021-11-18 15:32:13.265,17854,17855,17855,1,1
2021-11-18 15:32:17.641,17854,17855,17854,30,-30
2021-11-18 15:32:17.642,17854,17855,17854,1,-1
2021-11-18 15:32:17.643,17854,17855,17853,7,-7
2021-11-18 15:32:17.643,17854,17855,17853,8,-8
2021-11-18 15:32:17.644,17854,17855,17853,2,-2
2021-11-18 15:32:17.644,17854,17855,17853,1,-1
2021-11-18 15:32:17.644,17854,17855,17853,14,-14
2021-11-18 15:32:17.644,17854,17855,17853,3,-3
2021-11-18 15:32:19.301,17852,17854,17852,1,-1
2021-11-18 15:32:19.572,17852,17854,17852,1,-1
2021-11-18 15:32:20.015,17852,17853,17852,1,-1
2021-11-18 15:32:21.716,17852,17853,17852,3,-3
2021-11-18 15:32:21.943,17852,17853,17852,1,-1
2021-11-18 15:32:22.249,17852,17853,17852,1,-1
2021-11-18 15:32:22.617,17852,17853,17852,1,-1
2021-11-18 15:32:22.617,17852,17853,17852,12,-12
2021-11-18 15:32:28.959,17851,17853,17851,5,-5
2021-11-18 15:32:29.045,17851,17852,17851,1,-1
2021-11-18 15:32:29.176,17851,17852,17851,5,-5
2021-11-18 15:32:29.323,17851,17852,17851,5,-5
2021-11-18 15:32:29.323,17851,17852,17851,1,-1
2021-11-18 15:32:29.324,17851,17852,17851,1,-1
2021-11-18 15:32:29.519,17850,17852,17850,5,-5
2021-11-18 15:32:29.519,17850,17852,17850,14,-14
2021-11-18 15:32:29.521,17850,17852,17850,1,-1
2021-11-18 15:32:29.521,17850,17852,17850,4,-4
2021-11-18 15:32:29.521,17850,17852,17850,1,-1
2021-11-18 15:32:29.521,17850,17852,17850,1,-1
2021-11-18 15:32:29.521,17850,17852,17850,1,-1
2021-11-18 15:32:29.521,17850,17852,17850,1,-1
2021-11-18 15:32:29.521,17850,17852,17850,3,-3
2021-11-18 15:32:29.524,17850,17852,17849,2,-2
2021-11-18 15:32:29.659,17849,17850,17849,1,-1
2021-11-18 15:32:29.666,17849,17850,17849,1,-1
2021-11-18 15:32:29.674,17849,17850,17849,1,-1
2021-11-18 15:32:29.682,17849,17850,17849,1,-1
2021-11-18 15:32:29.690,17849,17850,17849,1,-1
2021-11-18 15:32:29.691,17849,17850,17849,5,-5
2021-11-18 15:32:29.712,17849,17850,17848,1,-1
2021-11-18 15:32:29.716,17849,17850,17848,1,-1
2021-11-18 15:32:29.743,17849,17850,17848,1,-1
2021-11-18 15:32:29.796,17848,17850,17848,1,-1
2021-11-18 15:32:29.823,17848,17850,17848,5,-5
2021-11-18 15:32:29.825,17848,17850,17848,1,-1
2021-11-18 15:32:29.977,17848,17850,17848,5,-5
2021-11-18 15:32:30.108,17848,17850,17848,5,-5
2021-11-18 15:32:30.246,17848,17850,17848,5,-5
2021-11-18 15:32:30.369,17848,17850,17850,1,1
2021-11-18 15:32:31.116,17850,17852,17852,2,2
2021-11-18 15:32:32.643,17851,17852,17851,2,-2
2021-11-18 15:32:32.643,17851,17852,17850,3,-3
2021-11-18 15:32:39.009,17850,17851,17850,2,-2
2021-11-18 15:32:39.576,17849,17851,17849,1,-1
2021-11-18 15:32:40.774,17850,17851,17850,1,-1
2021-11-18 15:32:42.605,17849,17850,17850,1,1
2021-11-18 15:32:43.716,17849,17850,17849,1,-1
2021-11-18 15:32:45.648,17848,17850,17848,5,-5
2021-11-18 15:32:45.828,17848,17850,17848,5,-5
2021-11-18 15:32:45.992,17848,17850,17848,5,-5
2021-11-18 15:32:46.160,17847,17850,17847,5,-5
2021-11-18 15:32:46.315,17847,17849,17847,1,-1
2021-11-18 15:32:46.356,17847,17849,17847,5,-5
2021-11-18 15:32:46.434,17847,17849,17847,5,-5
2021-11-18 15:32:46.475,17847,17849,17849,1,1
2021-11-18 15:32:46.581,17847,17849,17847,5,-5
2021-11-18 15:32:46.730,17847,17849,17847,1,-1
2021-11-18 15:32:46.730,17847,17849,17847,3,-3
2021-11-18 15:32:46.730,17847,17849,17846,2,-2
2021-11-18 15:32:46.923,17846,17849,17846,5,-5
2021-11-18 15:32:47.071,17846,17848,17846,5,-5
2021-11-18 15:32:47.206,17846,17848,17846,1,-1
2021-11-18 15:32:47.209,17846,17848,17848,1,1
2021-11-18 15:32:47.297,17846,17848,17846,1,-1
2021-11-18 15:32:48.772,17846,17848,17846,4,-4
2021-11-18 15:32:49.212,17846,17848,17848,5,5
2021-11-18 15:32:52.952,17846,17848,17848,1,1
2021-11-18 15:32:57.390,17846,17848,17848,2,2
2021-11-18 15:32:58.588,17847,17848,17847,1,-1
2021-11-18 15:33:00.631,17847,17848,17848,4,4
2021-11-18 15:33:00.893,17848,17850,17848,1,-1
2021-11-18 15:33:06.120,17849,17850,17850,1,1
2021-11-18 15:33:07.278,17849,17850,17849,1,-1
2021-11-18 15:33:07.758,17848,17850,17850,1,1
2021-11-18 15:33:07.830,17848,17850,17850,1,1
2021-11-18 15:33:09.067,17849,17850,17849,4,-4
2021-11-18 15:33:10.127,17848,17850,17848,1,-1
2021-11-18 15:33:11.518,17849,17850,17849,1,-1
2021-11-18 15:33:13.545,17849,17850,17850,1,1
2021-11-18 15:33:13.546,17849,17850,17850,1,1
2021-11-18 15:33:13.546,17849,17850,17850,6,6
2021-11-18 15:33:18.004,17850,17851,17850,1,-1
2021-11-18 15:33:19.105,17850,17851,17850,1,-1
2021-11-18 15:33:21.049,17850,17851,17851,1,1
2021-11-18 15:33:21.609,17850,17851,17851,2,2
2021-11-18 15:33:30.144,17851,17852,17851,2,-2
2021-11-18 15:33:33.932,17850,17851,17850,1,-1
2021-11-18 15:33:35.662,17850,17851,17851,2,2
2021-11-18 15:33:36.356,17850,17851,17850,1,-1
2021-11-18 15:33:36.816,17850,17851,17850,1,-1
2021-11-18 15:33:37.115,17850,17851,17850,1,-1
2021-11-18 15:33:37.693,17849,17850,17850,1,1
2021-11-18 15:33:38.639,17849,17850,17849,1,-1
2021-11-18 15:33:38.920,17849,17850,17849,1,-1
2021-11-18 15:33:39.633,17849,17850,17849,1,-1
2021-11-18 15:33:41.104,17849,17850,17849,1,-1
2021-11-18 15:33:44.237,17849,17850,17849,1,-1
2021-11-18 15:33:44.650,17848,17849,17848,1,-1
2021-11-18 15:33:50.093,17847,17848,17848,1,1
2021-11-18 15:34:00.524,17848,17849,17848,1,-1
2021-11-18 15:34:00.827,17848,17849,17848,1,-1
2021-11-18 15:34:01.147,17848,17849,17848,1,-1
2021-11-18 15:34:01.384,17847,17849,17848,1,1
2021-11-18 15:34:10.045,17847,17848,17847,10,-10
2021-11-18 15:34:10.047,17847,17848,17847,1,-1
2021-11-18 15:34:10.047,17847,17848,17847,1,-1
2021-11-18 15:34:10.856,17846,17848,17848,1,1
2021-11-18 15:34:13.782,17846,17848,17847,1,1
2021-11-18 15:34:13.898,17846,17848,17846,1,-1
2021-11-18 15:34:13.904,17846,17848,17846,1,-1
2021-11-18 15:34:14.792,17846,17848,17848,2,2
2021-11-18 15:34:16.324,17847,17848,17847,1,-1
2021-11-18 15:34:17.480,17847,17848,17847,1,-1
2021-11-18 15:34:22.636,17846,17847,17846,1,-1
2021-11-18 15:34:23.075,17846,17847,17846,1,-1
2021-11-18 15:34:23.728,17846,17847,17846,1,-1
2021-11-18 15:34:23.983,17846,17847,17846,1,-1
2021-11-18 15:34:24.243,17846,17847,17846,1,-1
2021-11-18 15:34:24.444,17846,17847,17846,1,-1
2021-11-18 15:34:24.647,17846,17847,17846,1,-1
2021-11-18 15:34:24.835,17846,17847,17846,1,-1
2021-11-18 15:34:24.910,17846,17847,17846,4,-4
2021-11-18 15:34:25.051,17846,17847,17846,1,-1
2021-11-18 15:34:25.827,17846,17848,17846,1,-1
2021-11-18 15:34:27.485,17846,17847,17846,4,-4
2021-11-18 15:34:27.553,17846,17847,17846,1,-1
2021-11-18 15:34:28.762,17846,17847,17846,2,-2
2021-11-18 15:34:29.180,17846,17847,17846,1,-1
2021-11-18 15:34:30.269,17846,17847,17846,1,-1
2021-11-18 15:34:31.396,17846,17847,17846,1,-1
2021-11-18 15:34:31.635,17846,17847,17846,1,-1
2021-11-18 15:34:31.686,17845,17847,17847,1,1
2021-11-18 15:34:31.832,17845,17847,17846,1,1
2021-11-18 15:34:32.131,17846,17847,17846,1,-1
2021-11-18 15:34:35.056,17846,17847,17847,1,1
2021-11-18 15:34:35.191,17846,17847,17847,4,4
2021-11-18 15:34:35.191,17846,17847,17847,1,1
2021-11-18 15:34:35.191,17846,17847,17847,3,3
2021-11-18 15:34:36.294,17847,17848,17847,2,-2
2021-11-18 15:34:36.870,17847,17848,17847,1,-1
2021-11-18 15:34:40.553,17846,17848,17847,2,2
2021-11-18 15:34:46.400,17847,17848,17848,1,1
2021-11-18 15:34:46.752,17847,17848,17848,3,3
2021-11-18 15:34:53.405,17848,17849,17849,1,1
2021-11-18 15:34:56.189,17848,17849,17849,1,1
2021-11-18 15:34:59.807,17848,17849,17848,1,-1
2021-11-18 15:35:01.431,17848,17849,17849,1,1
2021-11-18 15:35:04.205,17848,17849,17848,1,-1
2021-11-18 15:35:05.142,17848,17849,17849,1,1
2021-11-18 15:35:05.861,17848,17849,17849,1,1
2021-11-18 15:35:07.650,17848,17849,17848,2,-2
2021-11-18 15:35:22.113,17848,17849,17848,1,-1
2021-11-18 15:35:37.607,17848,17849,17849,2,2
2021-11-18 15:36:25.331,17849,17850,17850,1,1
2021-11-18 15:36:25.700,17849,17850,17850,4,4
2021-11-18 15:36:25.700,17849,17850,17850,28,28
2021-11-18 15:36:25.701,17849,17850,17851,1,1
2021-11-18 15:36:25.702,17849,17850,17851,1,1
2021-11-18 15:36:31.765,17850,17851,17851,1,1
2021-11-18 15:36:38.995,17851,17852,17852,1,1
2021-11-18 15:36:40.998,17851,17852,17852,6,6
2021-11-18 15:36:46.710,17851,17852,17852,1,1
2021-11-18 15:36:47.979,17851,17852,17852,1,1
2021-11-18 15:36:50.912,17852,17853,17853,1,1
2021-11-18 15:36:59.460,17852,17853,17853,1,1
2021-11-18 15:36:59.744,17852,17853,17853,1,1
2021-11-18 15:37:48.795,17852,17853,17853,2,2
2021-11-18 15:37:49.958,17852,17853,17853,2,2
2021-11-18 15:37:50.484,17852,17853,17852,9,-9
2021-11-18 15:37:52.622,17851,17852,17851,1,-1
2021-11-18 15:37:52.622,17851,17852,17851,2,-2
2021-11-18 15:37:59.743,17851,17852,17851,1,-1
2021-11-18 15:38:00.666,17851,17852,17851,1,-1
2021-11-18 15:38:04.707,17850,17851,17851,1,1
2021-11-18 15:38:06.863,17851,17852,17851,1,-1
2021-11-18 15:38:07.460,17851,17852,17851,1,-1
2021-11-18 15:38:15.470,17851,17852,17851,5,-5
2021-11-18 15:38:22.873,17850,17851,17850,1,-1
2021-11-18 15:38:23.999,17850,17851,17851,1,1
2021-11-18 15:38:35.190,17850,17851,17850,1,-1
2021-11-18 15:38:42.707,17849,17850,17850,1,1
2021-11-18 15:38:42.707,17849,17850,17850,1,1
2021-11-18 15:38:43.076,17849,17851,17850,1,1
2021-11-18 15:38:59.870,17849,17850,17849,5,-5
2021-11-18 15:39:06.239,17848,17849,17849,1,1
2021-11-18 15:39:06.240,17848,17849,17849,4,4
2021-11-18 15:39:12.615,17849,17850,17849,1,-1
2021-11-18 15:39:26.014,17849,17850,17850,1,1
2021-11-18 15:39:32.929,17849,17850,17849,1,-1
2021-11-18 15:39:44.847,17849,17850,17849,1,-1
2021-11-18 15:39:49.392,17849,17850,17849,2,-2
2021-11-18 15:39:53.367,17849,17850,17849,1,-1
2021-11-18 15:40:10.497,17849,17850,17849,1,-1
2021-11-18 15:40:14.866,17849,17850,17849,1,-1
2021-11-18 15:40:15.199,17849,17850,17849,1,-1
2021-11-18 15:40:16.315,17849,17850,17849,1,-1
2021-11-18 15:40:22.726,17848,17849,17849,1,1
2021-11-18 15:40:23.453,17848,17849,17849,2,2
2021-11-18 15:40:24.902,17848,17849,17849,1,1
2021-11-18 15:40:30.628,17848,17849,17848,1,-1
2021-11-18 15:40:31.254,17848,17849,17849,1,1
2021-11-18 15:40:37.560,17849,17850,17849,1,-1
2021-11-18 15:40:38.472,17849,17850,17849,1,-1
2021-11-18 15:40:43.637,17849,17850,17849,1,-1
2021-11-18 15:40:49.385,17849,17850,17849,1,-1
2021-11-18 15:41:00.103,17849,17850,17849,1,-1
2021-11-18 15:41:29.911,17849,17850,17850,5,5
2021-11-18 15:41:29.911,17849,17850,17850,5,5
2021-11-18 15:41:44.303,17850,17851,17850,1,-1
2021-11-18 15:42:10.092,17850,17851,17851,1,1
2021-11-18 15:42:10.092,17850,17851,17851,4,4
2021-11-18 15:42:10.147,17851,17852,17851,1,-1
2021-11-18 15:42:18.211,17851,17852,17851,1,-1
2021-11-18 15:42:38.294,17850,17851,17851,1,1
2021-11-18 15:42:38.393,17850,17852,17850,1,-1
2021-11-18 15:42:38.393,17850,17852,17850,1,-1
2021-11-18 15:42:50.598,17851,17852,17851,1,-1
2021-11-18 15:42:50.643,17850,17851,17850,1,-1
2021-11-18 15:42:57.032,17850,17851,17851,1,1
2021-11-18 15:42:59.516,17850,17852,17850,1,-1
2021-11-18 15:42:59.643,17850,17852,17850,1,-1
2021-11-18 15:43:01.837,17850,17851,17850,14,-14
2021-11-18 15:43:01.837,17850,17851,17849,28,-28
2021-11-18 15:43:01.839,17850,17851,17848,1,-1
2021-11-18 15:43:01.841,17850,17851,17848,1,-1
2021-11-18 15:43:01.841,17850,17851,17848,6,-6
2021-11-18 15:43:01.841,17850,17851,17848,2,-2
2021-11-18 15:43:01.841,17850,17851,17848,2,-2
2021-11-18 15:43:01.942,17847,17848,17848,1,1
2021-11-18 15:43:06.013,17847,17849,17849,1,1
2021-11-18 15:43:27.751,17849,17850,17850,1,1
2021-11-18 15:43:38.642,17850,17851,17851,1,1
2021-11-18 15:43:45.867,17850,17851,17850,1,-1
2021-11-18 15:43:56.530,17850,17851,17850,1,-1
2021-11-18 15:44:11.575,17849,17851,17851,1,1
2021-11-18 15:44:11.576,17849,17851,17851,1,1
2021-11-18 15:44:11.576,17849,17851,17851,1,1
2021-11-18 15:44:11.644,17850,17852,17852,1,1
2021-11-18 15:44:18.659,17850,17851,17851,3,3
2021-11-18 15:44:27.975,17851,17852,17852,4,4
2021-11-18 15:44:32.324,17851,17853,17853,1,1
2021-11-18 15:44:33.060,17851,17853,17853,1,1
2021-11-18 15:44:48.294,17852,17853,17852,1,-1
2021-11-18 15:44:49.496,17852,17853,17853,1,1
2021-11-18 15:44:55.517,17852,17853,17853,5,5
2021-11-18 15:44:58.188,17852,17853,17853,1,1
2021-11-18 15:45:03.450,17852,17853,17853,1,1
2021-11-18 15:45:38.006,17852,17853,17853,1,1
2021-11-18 15:45:38.907,17852,17853,17853,1,1
2021-11-18 15:46:00.106,17852,17853,17852,1,-1
2021-11-18 15:46:00.106,17852,17853,17852,4,-4
2021-11-18 15:46:11.548,17852,17853,17852,1,-1
2021-11-18 15:46:30.263,17852,17853,17852,5,-5
2021-11-18 15:46:35.916,17851,17853,17853,1,1
2021-11-18 15:46:36.313,17851,17853,17853,2,2
2021-11-18 15:46:54.583,17852,17853,17853,5,5
2021-11-18 15:46:55.627,17852,17853,17853,1,1
2021-11-18 15:46:55.627,17852,17853,17854,4,4
2021-11-18 15:46:55.691,17853,17854,17854,4,4
2021-11-18 15:46:56.825,17853,17854,17854,5,5
2021-11-18 15:46:58.868,17853,17854,17853,1,-1
2021-11-18 15:46:58.927,17853,17854,17854,2,2
2021-11-18 15:47:20.117,17854,17855,17855,4,4
2021-11-18 15:47:20.733,17854,17855,17855,1,1
2021-11-18 15:47:25.406,17854,17855,17855,2,2
2021-11-18 15:47:29.087,17854,17855,17855,9,9
2021-11-18 15:47:29.088,17854,17855,17855,1,1
2021-11-18 15:47:33.422,17855,17856,17855,1,-1
2021-11-18 15:47:47.617,17855,17856,17855,1,-1
2021-11-18 15:48:10.356,17855,17856,17855,5,-5
2021-11-18 15:48:11.596,17854,17855,17855,5,5
2021-11-18 15:48:14.260,17854,17855,17854,2,-2
2021-11-18 15:48:16.299,17853,17855,17855,1,1
2021-11-18 15:48:27.628,17852,17854,17852,1,-1
2021-11-18 15:48:29.936,17852,17854,17852,1,-1
2021-11-18 15:49:09.434,17853,17854,17854,1,1
2021-11-18 15:49:21.737,17853,17855,17854,1,1
2021-11-18 15:49:53.736,17854,17855,17854,1,-1
2021-11-18 15:49:55.593,17854,17855,17854,1,-1
2021-11-18 15:50:22.280,17853,17854,17854,1,1
2021-11-18 15:50:26.163,17853,17854,17854,1,1
2021-11-18 15:50:29.993,17853,17855,17853,3,-3
2021-11-18 15:50:45.553,17854,17855,17854,1,-1
2021-11-18 15:50:46.020,17853,17854,17854,1,1
2021-11-18 15:50:48.247,17854,17855,17854,1,-1
2021-11-18 15:50:58.572,17852,17854,17854,1,1
2021-11-18 15:51:06.088,17852,17854,17852,1,-1
2021-11-18 15:51:25.362,17852,17853,17853,1,1
2021-11-18 15:51:43.102,17853,17854,17853,1,-1
2021-11-18 15:51:47.553,17853,17854,17854,6,6
2021-11-18 15:52:07.833,17854,17855,17855,1,1
2021-11-18 15:52:11.498,17854,17855,17855,1,1
2021-11-18 15:52:34.835,17854,17855,17855,1,1
2021-11-18 15:52:40.187,17854,17855,17855,1,1
2021-11-18 15:53:00.713,17855,17856,17855,2,-2
2021-11-18 15:54:27.806,17855,17856,17855,1,-1
2021-11-18 15:54:28.116,17855,17856,17856,2,2
2021-11-18 15:54:28.122,17855,17856,17856,2,2
2021-11-18 15:54:38.584,17855,17856,17856,1,1
2021-11-18 15:54:45.782,17855,17856,17855,1,-1
2021-11-18 15:55:00.316,17855,17856,17855,1,-1
2021-11-18 15:55:07.345,17855,17856,17856,1,1
2021-11-18 15:55:08.279,17855,17856,17856,1,1
2021-11-18 15:55:16.191,17855,17856,17856,1,1
2021-11-18 15:55:16.191,17855,17856,17856,1,1
2021-11-18 15:55:35.981,17856,17857,17857,2,2
2021-11-18 15:55:35.981,17856,17857,17857,1,1
2021-11-18 15:55:35.981,17856,17857,17857,1,1
2021-11-18 15:55:35.981,17856,17857,17857,7,7
2021-11-18 15:55:36.387,17857,17858,17857,1,-1
2021-11-18 15:55:41.686,17857,17858,17858,1,1
2021-11-18 15:55:41.748,17857,17858,17857,1,-1
2021-11-18 15:55:41.816,17857,17858,17858,1,1
2021-11-18 15:55:42.110,17857,17858,17858,1,1
2021-11-18 15:55:54.229,17857,17858,17858,1,1
2021-11-18 15:56:09.032,17857,17858,17858,1,1
2021-11-18 15:56:17.853,17857,17858,17858,1,1
2021-11-18 15:56:18.525,17857,17858,17858,2,2
2021-11-18 15:56:29.482,17857,17858,17858,2,2
2021-11-18 15:56:29.997,17857,17858,17858,1,1
2021-11-18 15:56:30.559,17857,17858,17858,1,1
2021-11-18 15:56:37.322,17857,17858,17858,1,1
2021-11-18 15:56:39.904,17857,17858,17858,1,1
2021-11-18 15:56:44.769,17857,17858,17857,1,-1
2021-11-18 15:56:48.827,17856,17858,17858,2,2
2021-11-18 15:56:48.937,17856,17858,17856,5,-5
2021-11-18 15:57:04.949,17857,17858,17857,1,-1
2021-11-18 15:57:05.529,17856,17858,17858,1,1
2021-11-18 15:57:05.534,17856,17858,17858,1,1
2021-11-18 15:57:05.534,17856,17858,17858,1,1
2021-11-18 15:57:10.737,17856,17858,17856,10,-10
2021-11-18 15:57:11.083,17855,17857,17855,10,-10
2021-11-18 15:57:26.790,17856,17858,17856,1,-1
2021-11-18 15:58:20.695,17856,17857,17856,2,-2
2021-11-18 15:58:45.338,17856,17857,17856,1,-1
2021-11-18 15:58:55.371,17855,17856,17856,1,1
2021-11-18 15:59:03.248,17855,17856,17856,1,1
2021-11-18 15:59:03.305,17855,17856,17856,1,1
2021-11-18 15:59:45.044,17856,17857,17856,1,-1
2021-11-18 16:00:04.240,17855,17856,17855,1,-1
2021-11-18 16:00:04.240,17855,17856,17855,5,-5
2021-11-18 16:00:04.500,17854,17855,17855,1,1
2021-11-18 16:00:04.514,17854,17855,17855,2,2
2021-11-18 16:00:05.020,17854,17855,17855,1,1
2021-11-18 16:00:06.515,17854,17855,17855,3,3
2021-11-18 16:00:10.319,17854,17856,17855,1,1
2021-11-18 16:00:19.619,17854,17856,17855,1,1
2021-11-18 16:00:25.511,17855,17856,17856,1,1
2021-11-18 16:00:35.342,17855,17856,17856,1,1
2021-11-18 16:00:38.049,17855,17857,17855,1,-1
2021-11-18 16:00:42.502,17856,17857,17856,1,-1
2021-11-18 16:00:42.839,17854,17856,17856,1,1
2021-11-18 16:00:51.541,17855,17856,17855,4,-4
2021-11-18 16:00:51.752,17854,17855,17855,1,1
2021-11-18 16:00:52.336,17854,17855,17854,1,-1
2021-11-18 16:01:21.593,17854,17856,17854,1,-1
2021-11-18 16:01:37.677,17854,17856,17856,5,5
2021-11-18 16:02:01.022,17855,17856,17855,1,-1
2021-11-18 16:02:02.934,17855,17856,17856,1,1
2021-11-18 16:02:30.146,17855,17856,17856,1,1
2021-11-18 16:02:42.740,17855,17856,17855,1,-1
2021-11-18 16:02:51.791,17855,17856,17856,1,1
2021-11-18 16:02:59.997,17855,17856,17856,1,1
2021-11-18 16:03:02.071,17855,17856,17856,1,1
2021-11-18 16:03:06.142,17855,17856,17856,1,1
2021-11-18 16:03:11.871,17856,17857,17857,1,1
2021-11-18 16:03:14.496,17856,17857,17857,1,1
2021-11-18 16:03:19.160,17856,17858,17858,1,1
2021-11-18 16:03:19.308,17856,17858,17858,1,1
2021-11-18 16:03:38.622,17856,17857,17857,1,1
2021-11-18 16:03:50.646,17856,17857,17857,1,1
2021-11-18 16:04:09.094,17856,17857,17857,1,1
2021-11-18 16:04:09.094,17856,17857,17858,1,1
2021-11-18 16:04:11.199,17856,17857,17856,5,-5
2021-11-18 16:04:40.796,17856,17857,17856,1,-1
2021-11-18 16:04:47.886,17855,17856,17856,1,1
2021-11-18 16:05:00.157,17856,17857,17856,1,-1
2021-11-18 16:05:00.467,17855,17857,17857,6,6
2021-11-18 16:05:18.835,17856,17857,17857,1,1
2021-11-18 16:05:19.186,17856,17858,17858,1,1
2021-11-18 16:05:20.562,17856,17858,17858,1,1
2021-11-18 16:05:22.024,17857,17858,17858,1,1
2021-11-18 16:05:30.797,17857,17858,17858,1,1
2021-11-18 16:05:30.797,17857,17858,17858,7,7
2021-11-18 16:05:31.207,17857,17859,17859,1,1
2021-11-18 16:05:34.107,17858,17859,17859,1,1
2021-11-18 16:05:41.773,17858,17859,17859,5,5
2021-11-18 16:05:42.041,17858,17859,17859,5,5
2021-11-18 16:05:42.144,17858,17859,17859,2,2
2021-11-18 16:05:42.252,17858,17859,17859,5,5
2021-11-18 16:05:42.412,17858,17860,17860,5,5
2021-11-18 16:05:42.678,17859,17860,17860,5,5
2021-11-18 16:05:45.677,17859,17860,17860,5,5
2021-11-18 16:05:50.034,17859,17860,17860,2,2
2021-11-18 16:05:50.772,17859,17860,17860,1,1
2021-11-18 16:05:50.778,17859,17860,17860,3,3
2021-11-18 16:05:52.113,17860,17861,17861,3,3
2021-11-18 16:05:52.160,17860,17861,17861,1,1
2021-11-18 16:05:52.169,17860,17861,17861,1,1
2021-11-18 16:05:52.174,17860,17861,17861,1,1
2021-11-18 16:05:52.281,17860,17861,17860,1,-1
2021-11-18 16:05:52.336,17860,17861,17861,1,1
2021-11-18 16:05:52.437,17860,17861,17861,1,1
2021-11-18 16:05:53.249,17860,17861,17860,1,-1
2021-11-18 16:05:57.395,17860,17861,17861,1,1
2021-11-18 16:05:58.486,17860,17861,17860,4,-4
2021-11-18 16:06:02.800,17860,17861,17860,1,-1
2021-11-18 16:06:02.926,17860,17861,17860,1,-1
2021-11-18 16:06:03.223,17860,17861,17861,7,7
2021-11-18 16:06:05.224,17860,17861,17860,1,-1
2021-11-18 16:06:07.347,17860,17861,17860,1,-1
2021-11-18 16:06:13.177,17860,17861,17861,2,2
2021-11-18 16:06:13.177,17860,17861,17861,1,1
2021-11-18 16:06:13.177,17860,17861,17861,2,2
2021-11-18 16:06:16.554,17860,17861,17860,28,-28
2021-11-18 16:06:16.555,17860,17861,17860,1,-1
2021-11-18 16:06:17.543,17859,17860,17860,1,1
2021-11-18 16:06:22.632,17860,17861,17860,1,-1
2021-11-18 16:06:23.944,17860,17861,17860,5,-5
2021-11-18 16:06:26.591,17859,17860,17859,2,-2
2021-11-18 16:06:28.153,17858,17860,17858,2,-2
2021-11-18 16:06:28.230,17858,17860,17858,2,-2
2021-11-18 16:06:32.629,17859,17860,17859,1,-1
2021-11-18 16:06:55.588,17858,17859,17858,1,-1
2021-11-18 16:07:21.448,17857,17858,17858,1,1
2021-11-18 16:07:25.413,17858,17859,17859,1,1
2021-11-18 16:07:25.413,17858,17859,17859,1,1
2021-11-18 16:07:27.054,17859,17860,17859,1,-1
2021-11-18 16:07:31.774,17858,17859,17858,1,-1
2021-11-18 16:07:34.396,17858,17859,17859,3,3
2021-11-18 16:07:39.966,17858,17859,17859,1,1
2021-11-18 16:07:41.098,17859,17860,17859,1,-1
2021-11-18 16:07:53.489,17858,17859,17859,1,1
2021-11-18 16:07:55.791,17858,17859,17859,2,2
2021-11-18 16:07:57.435,17858,17859,17859,4,4
2021-11-18 16:08:01.089,17858,17859,17858,2,-2
2021-11-18 16:08:25.728,17858,17859,17859,1,1
2021-11-18 16:08:47.051,17859,17860,17860,5,5
2021-11-18 16:08:47.052,17859,17860,17860,2,2
2021-11-18 16:08:47.052,17859,17860,17860,1,1
2021-11-18 16:08:47.052,17859,17860,17860,1,1
2021-11-18 16:08:47.052,17859,17860,17860,4,4
2021-11-18 16:08:47.052,17859,17860,17860,1,1
2021-11-18 16:08:47.053,17859,17860,17860,3,3
2021-11-18 16:08:48.287,17860,17861,17860,1,-1
2021-11-18 16:08:52.123,17860,17861,17860,1,-1
2021-11-18 16:08:54.655,17860,17861,17860,1,-1
2021-11-18 16:08:56.242,17859,17860,17860,2,2
2021-11-18 16:09:00.505,17860,17861,17861,1,1
2021-11-18 16:09:01.293,17860,17861,17861,1,1
2021-11-18 16:09:07.274,17860,17861,17860,5,-5
2021-11-18 16:09:07.882,17860,17861,17861,6,6
2021-11-18 16:09:09.830,17861,17862,17861,4,-4
2021-11-18 16:09:14.519,17860,17861,17861,2,2
2021-11-18 16:09:20.200,17860,17861,17861,2,2
2021-11-18 16:09:20.400,17860,17861,17861,1,1
2021-11-18 16:09:26.901,17860,17861,17860,6,-6
2021-11-18 16:09:26.902,17860,17861,17860,1,-1
2021-11-18 16:09:26.902,17860,17861,17860,2,-2
2021-11-18 16:09:31.151,17859,17861,17859,1,-1
2021-11-18 16:09:56.258,17859,17860,17860,1,1
2021-11-18 16:09:56.259,17859,17860,17860,5,5
2021-11-18 16:10:00.529,17860,17861,17861,1,1
2021-11-18 16:10:05.577,17860,17861,17861,1,1
2021-11-18 16:10:09.771,17859,17860,17860,1,1
2021-11-18 16:10:27.414,17859,17860,17860,1,1
2021-11-18 16:10:32.272,17859,17860,17860,1,1
2021-11-18 16:10:37.302,17859,17860,17860,1,1
2021-11-18 16:10:37.302,17859,17860,17861,1,1
2021-11-18 16:10:44.634,17860,17861,17861,4,4
2021-11-18 16:10:46.127,17860,17861,17861,1,1
2021-11-18 16:10:46.974,17860,17861,17860,2,-2
2021-11-18 16:10:47.586,17859,17860,17860,1,1
2021-11-18 16:10:50.866,17859,17860,17860,1,1
2021-11-18 16:10:52.557,17859,17860,17860,1,1
2021-11-18 16:10:54.113,17859,17860,17860,1,1
2021-11-18 16:10:56.186,17860,17861,17860,1,-1
2021-11-18 16:11:04.609,17859,17860,17859,6,-6
2021-11-18 16:11:04.609,17859,17860,17859,1,-1
2021-11-18 16:11:06.766,17858,17859,17859,3,3
2021-11-18 16:11:15.981,17858,17859,17858,2,-2
2021-11-18 16:11:17.291,17858,17859,17858,1,-1
2021-11-18 16:11:19.188,17858,17859,17858,1,-1
2021-11-18 16:11:19.392,17857,17859,17859,1,1
2021-11-18 16:11:43.729,17857,17859,17859,1,1
2021-11-18 16:11:45.633,17857,17859,17857,5,-5
2021-11-18 16:11:50.419,17857,17858,17857,1,-1
2021-11-18 16:12:38.079,17857,17858,17857,2,-2
2021-11-18 16:12:38.384,17856,17858,17858,1,1
2021-11-18 16:12:38.388,17856,17858,17858,1,1
2021-11-18 16:13:00.786,17857,17859,17859,3,3
2021-11-18 16:13:02.888,17857,17859,17859,3,3
2021-11-18 16:13:04.889,17857,17859,17859,3,3
2021-11-18 16:13:55.255,17857,17859,17859,1,1
2021-11-18 16:15:04.372,17857,17858,17858,1,1
2021-11-18 16:15:04.556,17857,17858,17858,1,1
2021-11-18 16:15:05.139,17857,17858,17858,1,1
2021-11-18 16:15:20.294,17858,17859,17858,1,-1
2021-11-18 16:15:39.105,17858,17859,17858,1,-1
2021-11-18 16:15:54.127,17858,17859,17859,1,1
2021-11-18 16:15:54.127,17858,17859,17859,2,2
2021-11-18 16:15:54.127,17858,17859,17859,1,1
2021-11-18 16:15:54.128,17858,17859,17859,1,1
2021-11-18 16:15:54.128,17858,17859,17859,2,2
2021-11-18 16:16:11.020,17859,17860,17859,1,-1
2021-11-18 16:16:12.747,17859,17860,17859,1,-1
2021-11-18 16:16:38.334,17858,17859,17859,1,1
2021-11-18 16:16:56.912,17858,17859,17858,1,-1
2021-11-18 16:16:56.912,17858,17859,17858,2,-2
2021-11-18 16:16:56.913,17858,17859,17858,6,-6
2021-11-18 16:16:56.913,17858,17859,17858,2,-2
2021-11-18 16:17:08.053,17857,17858,17858,1,1
2021-11-18 16:17:10.446,17858,17859,17858,1,-1
2021-11-18 16:17:10.933,17858,17859,17858,3,-3
2021-11-18 16:17:41.685,17857,17858,17858,1,1
2021-11-18 16:17:43.209,17857,17858,17858,1,1
2021-11-18 16:17:54.615,17858,17859,17859,1,1
2021-11-18 16:18:06.102,17858,17859,17858,1,-1
2021-11-18 16:18:06.536,17858,17859,17859,5,5
2021-11-18 16:18:06.536,17858,17859,17860,2,2
2021-11-18 16:19:00.023,17859,17860,17859,1,-1
2021-11-18 16:19:00.023,17859,17860,17859,1,-1
2021-11-18 16:19:03.515,17858,17859,17858,2,-2
2021-11-18 16:19:03.515,17858,17859,17858,4,-4
2021-11-18 16:19:03.515,17858,17859,17858,2,-2
2021-11-18 16:19:05.772,17857,17859,17859,1,1
2021-11-18 16:19:41.726,17857,17858,17858,1,1
2021-11-18 16:19:45.717,17857,17858,17858,2,2
2021-11-18 16:19:54.564,17857,17858,17858,1,1
2021-11-18 16:20:08.942,17857,17858,17858,1,1
2021-11-18 16:20:09.434,17858,17859,17859,4,4
2021-11-18 16:20:53.167,17858,17859,17859,1,1
2021-11-18 16:20:53.168,17858,17859,17859,1,1
2021-11-18 16:20:53.168,17858,17859,17859,8,8
2021-11-18 16:20:53.267,17859,17860,17859,1,-1
2021-11-18 16:21:00.515,17858,17859,17859,1,1
2021-11-18 16:21:40.541,17858,17859,17859,1,1
2021-11-18 16:21:43.572,17858,17859,17859,1,1
2021-11-18 16:22:20.518,17858,17859,17859,1,1
2021-11-18 16:22:36.241,17858,17859,17859,1,1
2021-11-18 16:22:41.675,17858,17859,17859,1,1
2021-11-18 16:23:58.842,17858,17859,17859,1,1
2021-11-18 16:23:58.842,17858,17859,17859,2,2
2021-11-18 16:23:58.842,17858,17859,17859,4,4
2021-11-18 16:24:00.722,17859,17860,17859,2,-2
2021-11-18 16:24:01.398,17858,17860,17860,1,1
2021-11-18 16:24:16.496,17858,17859,17859,1,1
2021-11-18 16:24:26.558,17858,17859,17859,1,1
2021-11-18 16:24:39.278,17858,17859,17859,1,1
2021-11-18 16:24:44.151,17858,17859,17859,1,1
2021-11-18 16:25:10.154,17858,17859,17858,3,-3
2021-11-18 16:25:11.465,17858,17859,17858,2,-2
2021-11-18 16:25:15.677,17858,17859,17858,1,-1
2021-11-18 16:25:15.713,17858,17859,17858,7,-7
2021-11-18 16:25:23.538,17857,17858,17858,2,2
2021-11-18 16:25:23.544,17857,17858,17859,1,1
2021-11-18 16:25:23.608,17857,17858,17859,1,1
2021-11-18 16:25:26.526,17858,17859,17858,1,-1
2021-11-18 16:25:33.190,17857,17858,17857,1,-1
2021-11-18 16:25:53.030,17857,17858,17857,8,-8
2021-11-18 16:26:30.945,17857,17858,17857,2,-2
2021-11-18 16:26:41.184,17857,17858,17857,1,-1
2021-11-18 16:27:12.263,17857,17858,17857,1,-1
2021-11-18 16:28:01.798,17857,17858,17858,2,2
2021-11-18 16:28:01.859,17857,17858,17858,5,5
2021-11-18 16:28:10.391,17857,17858,17858,1,1
2021-11-18 16:28:22.156,17857,17858,17858,2,2
2021-11-18 16:28:41.099,17857,17858,17858,1,1
2021-11-18 16:28:48.517,17857,17859,17859,1,1
2021-11-18 16:29:00.396,17857,17859,17859,1,1
2021-11-18 16:29:23.532,17858,17859,17858,1,-1
2021-11-18 16:29:32.084,17857,17858,17858,1,1
2021-11-18 16:29:52.848,17857,17858,17857,1,-1
2021-11-18 16:29:56.569,17857,17858,17857,1,-1
2021-11-18 16:30:02.469,17857,17858,17857,1,-1
2021-11-18 16:30:03.160,17857,17858,17857,4,-4
2021-11-18 16:30:15.911,17857,17858,17857,1,-1
2021-11-18 16:30:16.337,17857,17858,17857,1,-1
2021-11-18 16:30:21.599,17857,17858,17858,1,1
2021-11-18 16:30:30.606,17857,17858,17857,10,-10
2021-11-18 16:30:31.699,17856,17857,17857,1,1
2021-11-18 16:31:08.862,17856,17857,17857,1,1
2021-11-18 16:31:16.175,17856,17857,17857,1,1
2021-11-18 16:32:19.637,17856,17858,17856,10,-10
2021-11-18 16:32:19.674,17856,17857,17856,4,-4
2021-11-18 16:32:23.648,17856,17857,17856,7,-7
2021-11-18 16:32:23.648,17856,17857,17855,24,-24
2021-11-18 16:32:23.648,17856,17857,17854,33,-33
2021-11-18 16:32:23.651,17856,17857,17854,1,-1
2021-11-18 16:32:23.651,17856,17857,17853,1,-1
2021-11-18 16:32:23.651,17856,17857,17853,1,-1
2021-11-18 16:32:23.651,17856,17857,17854,14,-14
2021-11-18 16:32:23.651,17856,17857,17853,2,-2
2021-11-18 16:32:23.651,17856,17857,17853,1,-1
2021-11-18 16:32:26.475,17853,17855,17855,1,1
2021-11-18 16:32:46.434,17853,17854,17853,2,-2
2021-11-18 16:32:47.487,17853,17854,17854,1,1
2021-11-18 16:32:55.996,17853,17854,17853,2,-2
2021-11-18 16:32:58.459,17853,17854,17853,4,-4
2021-11-18 16:33:03.300,17852,17853,17853,1,1
2021-11-18 16:33:13.809,17853,17854,17853,1,-1
2021-11-18 16:33:13.902,17852,17854,17852,5,-5
2021-11-18 16:33:18.790,17852,17854,17852,2,-2
2021-11-18 16:33:23.048,17852,17854,17852,2,-2
2021-11-18 16:33:24.387,17851,17853,17852,1,1
2021-11-18 16:33:28.499,17851,17853,17853,1,1
2021-11-18 16:33:30.477,17851,17852,17851,2,-2
2021-11-18 16:33:30.662,17851,17852,17852,1,1
2021-11-18 16:33:31.721,17851,17853,17853,1,1
2021-11-18 16:33:36.154,17851,17852,17852,1,1
2021-11-18 16:33:41.317,17851,17853,17851,21,-21
2021-11-18 16:33:41.317,17851,17853,17850,30,-30
2021-11-18 16:33:41.320,17851,17853,17849,1,-1
2021-11-18 16:33:41.320,17851,17853,17849,1,-1
2021-11-18 16:33:41.360,17851,17853,17849,1,-1
2021-11-18 16:33:41.514,17849,17850,17850,1,1
2021-11-18 16:33:42.546,17849,17850,17849,1,-1
2021-11-18 16:33:42.783,17849,17850,17849,1,-1
2021-11-18 16:33:44.470,17850,17851,17851,1,1
2021-11-18 16:33:45.255,17850,17852,17850,1,-1
2021-11-18 16:33:50.052,17851,17852,17851,2,-2
2021-11-18 16:33:50.956,17850,17852,17850,1,-1
2021-11-18 16:33:54.756,17850,17851,17850,8,-8
2021-11-18 16:33:55.217,17850,17851,17850,1,-1
2021-11-18 16:33:58.849,17850,17851,17851,1,1
2021-11-18 16:34:04.928,17850,17851,17850,4,-4
2021-11-18 16:34:06.129,17850,17851,17851,1,1
2021-11-18 16:34:19.108,17850,17851,17851,2,2
2021-11-18 16:34:26.590,17850,17851,17850,2,-2
2021-11-18 16:34:26.590,17850,17851,17849,16,-16
2021-11-18 16:34:26.590,17850,17851,17848,20,-20
2021-11-18 16:34:26.592,17850,17851,17848,1,-1
2021-11-18 16:34:26.593,17850,17851,17848,50,-50
2021-11-18 16:34:26.593,17850,17851,17847,1,-1
2021-11-18 16:34:26.594,17850,17851,17848,1,-1
2021-11-18 16:34:26.594,17850,17851,17849,1,-1
2021-11-18 16:34:26.662,17848,17850,17848,1,-1
2021-11-18 16:34:28.809,17849,17850,17850,1,1
2021-11-18 16:34:44.586,17849,17850,17849,5,-5
2021-11-18 16:34:44.586,17849,17850,17848,13,-13
2021-11-18 16:34:44.601,17849,17850,17847,3,-3
2021-11-18 16:34:47.570,17848,17849,17848,1,-1
2021-11-18 16:34:47.853,17847,17849,17849,2,2
2021-11-18 16:34:50.458,17848,17850,17849,1,1
2021-11-18 16:34:50.584,17849,17850,17849,1,-1
2021-11-18 16:34:52.842,17849,17850,17850,1,1
2021-11-18 16:34:52.842,17849,17850,17850,1,1
2021-11-18 16:34:52.843,17849,17850,17850,1,1
2021-11-18 16:34:54.893,17849,17850,17850,1,1
2021-11-18 16:34:57.768,17849,17850,17850,1,1
2021-11-18 16:34:57.775,17849,17850,17850,2,2
2021-11-18 16:35:02.176,17849,17851,17849,8,-8
2021-11-18 16:35:02.176,17849,17851,17848,12,-12
2021-11-18 16:35:02.177,17849,17851,17848,1,-1
2021-11-18 16:35:02.177,17849,17851,17848,1,-1
2021-11-18 16:35:02.177,17849,17851,17848,2,-2
2021-11-18 16:35:02.177,17849,17851,17848,2,-2
2021-11-18 16:35:02.177,17849,17851,17848,2,-2
2021-11-18 16:35:02.177,17849,17851,17848,1,-1
2021-11-18 16:35:02.177,17849,17851,17848,7,-7
2021-11-18 16:35:12.626,17849,17850,17849,1,-1
2021-11-18 16:35:15.864,17849,17850,17850,1,1
2021-11-18 16:35:16.671,17849,17850,17849,7,-7
2021-11-18 16:35:17.129,17848,17849,17849,1,1
2021-11-18 16:35:17.367,17848,17849,17849,2,2
2021-11-18 16:35:23.657,17848,17849,17848,5,-5
2021-11-18 16:35:33.703,17848,17849,17848,1,-1
2021-11-18 16:35:38.022,17848,17849,17849,2,2
2021-11-18 16:35:43.258,17848,17849,17849,2,2
2021-11-18 16:35:48.248,17848,17849,17849,1,1
2021-11-18 16:35:50.435,17848,17849,17849,1,1
2021-11-18 16:35:52.668,17848,17849,17849,1,1
2021-11-18 16:36:07.918,17848,17850,17850,1,1
2021-11-18 16:36:22.592,17848,17849,17848,27,-27
2021-11-18 16:36:22.838,17847,17848,17848,1,1
2021-11-18 16:36:22.887,17847,17848,17848,13,13
2021-11-18 16:36:22.949,17848,17849,17848,1,-1
2021-11-18 16:36:23.457,17848,17849,17849,1,1
2021-11-18 16:36:24.117,17848,17850,17850,1,1
2021-11-18 16:36:30.088,17848,17850,17848,2,-2
2021-11-18 16:36:31.789,17848,17849,17849,1,1
2021-11-18 16:36:33.881,17848,17849,17848,9,-9
2021-11-18 16:36:34.102,17847,17848,17848,1,1
2021-11-18 16:36:34.188,17847,17848,17848,3,3
2021-11-18 16:36:35.009,17848,17849,17849,5,5
2021-11-18 16:36:41.753,17849,17850,17849,2,-2
2021-11-18 16:37:02.829,17848,17849,17849,1,1
2021-11-18 16:37:03.135,17848,17849,17849,2,2
2021-11-18 16:37:08.671,17848,17849,17849,1,1
2021-11-18 16:37:12.015,17848,17849,17849,1,1
2021-11-18 16:37:14.141,17848,17849,17849,1,1
2021-11-18 16:37:16.668,17849,17850,17849,3,-3
2021-11-18 16:37:24.476,17848,17849,17849,3,3
2021-11-18 16:37:33.531,17848,17849,17849,3,3
2021-11-18 16:37:45.503,17848,17849,17849,1,1
2021-11-18 16:37:49.452,17848,17849,17849,4,4
2021-11-18 16:37:49.456,17848,17849,17849,5,5
2021-11-18 16:37:50.395,17848,17849,17848,1,-1
2021-11-18 16:37:51.326,17848,17849,17849,1,1
2021-11-18 16:37:53.392,17849,17850,17850,1,1
2021-11-18 16:37:57.914,17848,17850,17850,3,3
2021-11-18 16:37:58.418,17848,17850,17848,3,-3
2021-11-18 16:38:14.588,17849,17850,17850,1,1
2021-11-18 16:38:18.938,17849,17850,17850,1,1
2021-11-18 16:38:19.018,17849,17850,17849,1,-1
2021-11-18 16:38:19.086,17849,17850,17850,1,1
2021-11-18 16:38:19.136,17849,17850,17850,1,1
2021-11-18 16:38:19.143,17849,17850,17849,1,-1
2021-11-18 16:38:19.144,17849,17850,17849,1,-1
2021-11-18 16:38:19.283,17849,17850,17850,1,1
2021-11-18 16:38:19.546,17849,17850,17850,2,2
2021-11-18 16:38:25.063,17849,17850,17850,1,1
2021-11-18 16:38:25.558,17849,17850,17850,1,1
2021-11-18 16:38:37.794,17849,17850,17850,1,1
2021-11-18 16:38:43.657,17850,17851,17850,2,-2
2021-11-18 16:38:44.589,17850,17851,17850,1,-1
2021-11-18 16:39:01.756,17850,17851,17850,1,-1
2021-11-18 16:39:01.773,17850,17851,17851,2,2
2021-11-18 16:39:07.012,17850,17851,17851,1,1
2021-11-18 16:39:09.568,17850,17851,17851,1,1
2021-11-18 16:39:12.368,17850,17851,17851,1,1
2021-11-18 16:39:16.780,17850,17851,17851,2,2
2021-11-18 16:39:17.013,17851,17852,17852,2,2
2021-11-18 16:39:17.018,17851,17852,17851,1,-1
2021-11-18 16:39:27.542,17851,17852,17852,1,1
2021-11-18 16:39:43.763,17852,17853,17853,1,1
2021-11-18 16:39:44.090,17852,17853,17852,1,-1
2021-11-18 16:40:10.929,17852,17853,17852,3,-3
2021-11-18 16:40:28.005,17852,17853,17852,3,-3
2021-11-18 16:40:28.005,17852,17853,17851,1,-1
2021-11-18 16:40:31.473,17852,17853,17852,1,-1
2021-11-18 16:40:32.346,17852,17853,17852,6,-6
2021-11-18 16:40:32.354,17852,17853,17851,1,-1
2021-11-18 16:40:33.069,17850,17851,17851,1,1
2021-11-18 16:40:34.349,17850,17851,17850,1,-1
2021-11-18 16:40:34.349,17850,17851,17850,1,-1
2021-11-18 16:40:34.883,17849,17850,17850,1,1
2021-11-18 16:40:46.630,17850,17851,17850,1,-1
2021-11-18 16:40:47.472,17850,17851,17850,1,-1
2021-11-18 16:40:47.472,17850,17851,17850,1,-1
2021-11-18 16:41:04.303,17850,17851,17850,1,-1
2021-11-18 16:41:04.303,17850,17851,17850,1,-1
2021-11-18 16:41:09.543,17850,17851,17850,1,-1
2021-11-18 16:41:09.543,17850,17851,17850,1,-1
2021-11-18 16:41:12.192,17850,17851,17850,2,-2
2021-11-18 16:41:12.414,17849,17851,17849,1,-1
2021-11-18 16:41:19.528,17849,17850,17849,1,-1
2021-11-18 16:41:19.528,17849,17850,17849,1,-1
2021-11-18 16:41:22.532,17849,17850,17849,1,-1
2021-11-18 16:41:24.138,17849,17850,17850,1,1
2021-11-18 16:41:27.697,17849,17850,17849,10,-10
2021-11-18 16:41:33.053,17849,17850,17849,1,-1
2021-11-18 16:41:35.072,17849,17850,17850,1,1
2021-11-18 16:41:38.580,17849,17850,17850,6,6
2021-11-18 16:41:41.415,17850,17851,17850,5,-5
2021-11-18 16:41:43.034,17849,17850,17850,1,1
2021-11-18 16:41:50.871,17849,17850,17850,1,1
2021-11-18 16:41:51.108,17849,17850,17849,2,-2
2021-11-18 16:41:54.403,17849,17850,17849,7,-7
2021-11-18 16:41:54.525,17848,17849,17849,1,1
2021-11-18 16:41:54.698,17848,17849,17849,3,3
2021-11-18 16:41:54.916,17849,17850,17849,1,-1
2021-11-18 16:41:59.429,17849,17850,17850,5,5
2021-11-18 16:41:59.429,17849,17850,17851,13,13
2021-11-18 16:41:59.429,17849,17850,17852,12,12
2021-11-18 16:42:15.792,17851,17852,17852,1,1
2021-11-18 16:42:16.559,17852,17853,17853,1,1
2021-11-18 16:42:23.349,17852,17853,17853,1,1
2021-11-18 16:42:39.774,17852,17853,17852,1,-1
2021-11-18 16:42:57.552,17852,17853,17852,2,-2
2021-11-18 16:43:20.306,17852,17853,17853,4,4
2021-11-18 16:43:21.086,17853,17854,17853,1,-1
2021-11-18 16:43:21.086,17853,17854,17852,2,-2
2021-11-18 16:43:22.628,17852,17854,17854,2,2
2021-11-18 16:43:23.532,17852,17854,17852,1,-1
2021-11-18 16:44:22.964,17853,17854,17854,1,1
2021-11-18 16:44:23.322,17853,17854,17853,1,-1
2021-11-18 16:44:30.953,17853,17854,17854,1,1
2021-11-18 16:44:54.590,17853,17854,17853,3,-3
2021-11-18 16:44:54.591,17853,17854,17853,1,-1
2021-11-18 16:44:57.964,17852,17853,17853,1,1
2021-11-18 16:45:09.300,17852,17853,17853,1,1
2021-11-18 16:45:09.407,17852,17854,17852,1,-1
2021-11-18 16:45:13.273,17852,17853,17853,1,1
2021-11-18 16:45:13.393,17852,17853,17852,1,-1
2021-11-18 16:45:13.393,17852,17853,17853,2,2
2021-11-18 16:45:13.393,17852,17853,17852,1,-1
2021-11-18 16:45:13.394,17852,17853,17852,1,-1
2021-11-18 16:45:13.394,17852,17853,17852,1,-1
2021-11-18 16:45:13.394,17852,17853,17852,1,-1
2021-11-18 16:45:28.093,17852,17853,17853,1,1
2021-11-18 16:45:28.093,17852,17853,17854,1,1
2021-11-18 16:45:57.191,17853,17854,17853,1,-1
2021-11-18 16:45:57.268,17853,17854,17853,1,-1
2021-11-18 16:45:57.268,17853,17854,17852,1,-1
2021-11-18 16:45:57.268,17853,17854,17852,1,-1
2021-11-18 16:45:57.268,17853,17854,17852,1,-1
2021-11-18 16:45:57.268,17853,17854,17852,1,-1
2021-11-18 16:45:57.268,17853,17854,17852,1,-1
2021-11-18 16:45:57.268,17853,17854,17852,1,-1
2021-11-18 16:45:57.268,17853,17854,17852,1,-1
2021-11-18 16:45:57.269,17853,17854,17852,1,-1
2021-11-18 16:45:57.877,17851,17854,17854,2,2
2021-11-18 16:46:30.085,17852,17854,17852,1,-1
2021-11-18 16:46:30.144,17852,17854,17852,1,-1
2021-11-18 16:46:30.144,17852,17854,17852,1,-1
2021-11-18 16:47:23.280,17852,17854,17852,1,-1
2021-11-18 16:47:32.803,17852,17854,17852,1,-1
2021-11-18 16:47:56.250,17853,17854,17853,1,-1
2021-11-18 16:49:09.009,17853,17854,17853,1,-1
2021-11-18 16:49:16.311,17853,17854,17853,1,-1
2021-11-18 16:49:16.311,17853,17854,17853,1,-1
2021-11-18 16:49:16.312,17853,17854,17853,1,-1
2021-11-18 16:49:27.997,17852,17853,17853,1,1
2021-11-18 16:49:51.112,17852,17853,17853,3,3
2021-11-18 16:49:53.814,17852,17853,17852,2,-2
2021-11-18 16:49:56.506,17852,17853,17852,2,-2
2021-11-18 16:50:01.638,17852,17854,17852,2,-2
2021-11-18 16:50:04.266,17852,17853,17853,1,1
2021-11-18 16:50:35.228,17853,17854,17853,1,-1
2021-11-18 16:50:45.174,17852,17853,17852,1,-1
2021-11-18 16:50:50.531,17852,17853,17852,8,-8
2021-11-18 16:50:50.531,17852,17853,17852,1,-1
2021-11-18 16:51:00.161,17851,17853,17853,1,1
2021-11-18 16:51:00.599,17851,17853,17851,1,-1
2021-11-18 16:51:21.720,17851,17853,17853,1,1
2021-11-18 16:51:21.987,17851,17853,17853,3,3
2021-11-18 16:51:24.090,17852,17853,17853,2,2
2021-11-18 16:51:24.090,17852,17853,17854,1,1
2021-11-18 16:52:16.074,17853,17854,17854,10,10
2021-11-18 16:52:18.051,17854,17855,17855,1,1
2021-11-18 16:52:23.625,17854,17855,17855,2,2
2021-11-18 16:52:23.651,17854,17855,17855,1,1
2021-11-18 16:52:37.081,17854,17855,17854,2,-2
2021-11-18 16:52:43.607,17854,17855,17855,3,3
2021-11-18 16:53:28.909,17854,17855,17854,1,-1
2021-11-18 16:53:43.583,17853,17854,17854,1,1
2021-11-18 16:54:01.140,17853,17854,17854,1,1
2021-11-18 16:54:01.141,17853,17854,17853,2,-2
2021-11-18 16:54:13.262,17853,17854,17854,3,3
2021-11-18 16:55:00.677,17854,17855,17855,1,1
2021-11-18 16:55:01.083,17854,17855,17854,1,-1
2021-11-18 16:55:31.905,17853,17854,17854,1,1
2021-11-18 16:56:26.701,17854,17855,17854,2,-2
2021-11-18 16:56:36.677,17853,17854,17854,1,1
2021-11-18 16:57:48.392,17853,17854,17854,1,1
2021-11-18 16:57:48.905,17853,17855,17853,1,-1
2021-11-18 16:58:59.047,17854,17855,17855,2,2
2021-11-18 16:59:01.238,17854,17855,17855,1,1
2021-11-18 16:59:06.150,17854,17855,17854,1,-1
2021-11-18 16:59:26.181,17854,17855,17855,5,5
2021-11-18 16:59:26.181,17854,17855,17855,1,1
2021-11-18 16:59:26.181,17854,17855,17855,1,1
2021-11-18 16:59:32.433,17855,17856,17855,1,-1
2021-11-18 16:59:57.381,17855,17856,17856,1,1
2021-11-18 16:59:58.989,17855,17856,17855,1,-1
2021-11-18 17:00:08.273,17855,17856,17856,1,1
2021-11-18 17:00:08.537,17855,17856,17855,1,-1
2021-11-18 17:00:08.564,17855,17856,17854,1,-1
2021-11-18 17:00:08.769,17854,17856,17856,1,1
2021-11-18 17:00:12.949,17854,17856,17855,1,1
2021-11-18 17:01:01.845,17855,17856,17856,1,1
2021-11-18 17:01:01.846,17855,17856,17856,1,1
2021-11-18 17:01:02.073,17855,17856,17856,1,1
2021-11-18 17:01:02.073,17855,17856,17856,1,1
2021-11-18 17:01:02.348,17856,17857,17857,1,1
2021-11-18 17:01:02.441,17856,17857,17857,1,1
2021-11-18 17:01:15.878,17856,17857,17857,1,1
2021-11-18 17:01:16.765,17856,17857,17856,1,-1
2021-11-18 17:01:17.928,17856,17857,17857,1,1
2021-11-18 17:01:22.653,17856,17857,17857,1,1
2021-11-18 17:01:22.752,17856,17857,17858,1,1
2021-11-18 17:01:23.002,17857,17858,17857,1,-1
2021-11-18 17:01:23.737,17857,17858,17858,1,1
2021-11-18 17:01:28.367,17857,17858,17857,1,-1
2021-11-18 17:01:29.013,17856,17857,17857,1,1
2021-11-18 17:01:29.673,17856,17858,17858,1,1
2021-11-18 17:01:29.949,17856,17858,17858,1,1
2021-11-18 17:01:33.995,17856,17857,17857,1,1
2021-11-18 17:01:41.745,17856,17857,17857,1,1
2021-11-18 17:01:42.495,17856,17857,17857,1,1
2021-11-18 17:01:59.247,17856,17857,17857,1,1
2021-11-18 17:02:00.125,17856,17857,17857,7,7
2021-11-18 17:02:00.207,17857,17858,17858,1,1
2021-11-18 17:02:15.281,17857,17858,17858,1,1
2021-11-18 17:02:17.537,17857,17858,17858,20,20
2021-11-18 17:02:17.538,17857,17858,17858,1,1
2021-11-18 17:02:17.834,17858,17859,17859,2,2
2021-11-18 17:02:23.628,17858,17859,17859,26,26
2021-11-18 17:02:23.688,17859,17860,17860,1,1
2021-11-18 17:02:36.048,17859,17860,17860,2,2
2021-11-18 17:02:38.275,17859,17860,17859,1,-1
2021-11-18 17:02:40.540,17859,17860,17860,2,2
2021-11-18 17:02:45.329,17859,17860,17859,2,-2
2021-11-18 17:02:45.478,17859,17860,17860,2,2
2021-11-18 17:02:49.810,17859,17860,17859,1,-1
2021-11-18 17:02:55.761,17859,17860,17860,3,3
2021-11-18 17:02:55.773,17859,17860,17860,1,1
2021-11-18 17:02:55.774,17859,17860,17860,3,3
2021-11-18 17:02:55.774,17859,17860,17860,1,1
2021-11-18 17:02:55.777,17859,17860,17860,1,1
2021-11-18 17:02:55.778,17859,17860,17860,2,2
2021-11-18 17:02:55.801,17859,17860,17860,2,2
2021-11-18 17:02:55.801,17859,17860,17860,2,2
2021-11-18 17:02:55.801,17859,17860,17860,1,1
2021-11-18 17:02:55.816,17859,17860,17860,1,1
2021-11-18 17:02:55.826,17859,17860,17860,1,1
2021-11-18 17:02:55.869,17859,17860,17860,3,3
2021-11-18 17:02:56.016,17859,17860,17860,2,2
2021-11-18 17:02:56.301,17859,17860,17859,1,-1
2021-11-18 17:02:56.972,17859,17860,17860,11,11
2021-11-18 17:02:56.973,17859,17860,17860,11,11
2021-11-18 17:02:56.973,17859,17860,17860,2,2
2021-11-18 17:02:57.015,17859,17860,17860,1,1
2021-11-18 17:02:57.032,17859,17860,17860,1,1
2021-11-18 17:02:57.222,17859,17860,17860,1,1
2021-11-18 17:02:57.238,17859,17860,17860,1,1
2021-11-18 17:02:57.318,17859,17861,17859,1,-1
2021-11-18 17:03:02.328,17860,17861,17861,1,1
2021-11-18 17:03:02.411,17860,17861,17860,1,-1
2021-11-18 17:03:02.579,17860,17861,17860,1,-1
2021-11-18 17:03:03.159,17860,17861,17860,1,-1
2021-11-18 17:03:03.172,17860,17861,17861,1,1
2021-11-18 17:03:03.764,17860,17861,17861,4,4
2021-11-18 17:03:06.334,17860,17861,17861,1,1
2021-11-18 17:03:09.381,17860,17861,17860,1,-1
2021-11-18 17:03:09.747,17859,17861,17859,6,-6
2021-11-18 17:03:10.132,17859,17860,17860,1,1
2021-11-18 17:03:18.410,17859,17860,17860,1,1
2021-11-18 17:03:18.753,17859,17860,17860,1,1
2021-11-18 17:03:18.808,17859,17860,17860,4,4
2021-11-18 17:03:20.541,17859,17860,17860,1,1
2021-11-18 17:03:30.102,17859,17860,17859,1,-1
2021-11-18 17:03:31.846,17859,17860,17860,10,10
2021-11-18 17:03:32.098,17859,17860,17860,1,1
2021-11-18 17:03:36.087,17860,17861,17861,3,3
2021-11-18 17:03:37.562,17860,17861,17860,4,-4
2021-11-18 17:03:37.726,17860,17861,17861,3,3
2021-11-18 17:03:40.072,17860,17862,17860,1,-1
2021-11-18 17:03:40.864,17860,17861,17861,1,1
2021-11-18 17:03:42.033,17861,17862,17861,1,-1
2021-11-18 17:03:42.970,17860,17862,17862,1,1
2021-11-18 17:03:43.037,17860,17861,17861,1,1
2021-11-18 17:03:43.037,17860,17861,17862,1,1
2021-11-18 17:03:43.047,17860,17861,17862,4,4
2021-11-18 17:03:43.063,17860,17861,17862,1,1
2021-11-18 17:03:43.160,17860,17862,17862,8,8
2021-11-18 17:03:44.805,17860,17862,17862,1,1
2021-11-18 17:03:48.455,17860,17861,17860,1,-1
2021-11-18 17:03:48.456,17860,17861,17860,2,-2
2021-11-18 17:03:48.456,17860,17861,17860,1,-1
2021-11-18 17:03:48.456,17860,17861,17860,1,-1
2021-11-18 17:03:48.456,17860,17861,17860,1,-1
2021-11-18 17:03:51.196,17859,17860,17860,1,1
2021-11-18 17:04:02.392,17859,17860,17860,1,1
2021-11-18 17:04:02.598,17859,17860,17860,1,1
2021-11-18 17:04:03.093,17860,17861,17860,1,-1
2021-11-18 17:04:11.134,17860,17861,17860,1,-1
2021-11-18 17:04:18.349,17859,17860,17859,7,-7
2021-11-18 17:04:18.725,17858,17859,17859,1,1
2021-11-18 17:04:19.119,17858,17859,17859,2,2
2021-11-18 17:04:24.050,17858,17859,17858,1,-1
2021-11-18 17:04:24.050,17858,17859,17858,2,-2
2021-11-18 17:04:34.529,17856,17858,17858,2,2
2021-11-18 17:04:38.954,17856,17858,17858,2,2
2021-11-18 17:04:40.690,17856,17858,17858,2,2
2021-11-18 17:04:41.504,17856,17858,17858,2,2
2021-11-18 17:04:41.872,17856,17858,17858,1,1
2021-11-18 17:04:51.345,17855,17857,17857,4,4
2021-11-18 17:04:51.400,17856,17858,17856,1,-1
2021-11-18 17:05:01.069,17857,17858,17857,1,-1
2021-11-18 17:05:09.641,17857,17858,17858,5,5
2021-11-18 17:05:15.892,17857,17858,17858,1,1
2021-11-18 17:05:20.611,17857,17858,17857,1,-1
2021-11-18 17:05:31.009,17857,17858,17857,2,-2
2021-11-18 17:05:35.528,17857,17858,17857,1,-1
2021-11-18 17:05:42.518,17857,17858,17857,2,-2
2021-11-18 17:06:04.094,17856,17857,17856,1,-1
2021-11-18 17:06:05.394,17856,17857,17856,1,-1
2021-11-18 17:06:06.088,17856,17857,17857,1,1
2021-11-18 17:06:07.920,17856,17857,17856,1,-1
2021-11-18 17:06:17.943,17856,17857,17857,1,1
2021-11-18 17:06:19.841,17856,17857,17857,2,2
2021-11-18 17:06:19.912,17856,17857,17857,1,1
2021-11-18 17:06:21.294,17856,17857,17857,1,1
2021-11-18 17:06:24.609,17857,17858,17857,1,-1
2021-11-18 17:06:44.970,17856,17857,17856,2,-2
2021-11-18 17:06:44.970,17856,17857,17856,1,-1
2021-11-18 17:06:44.971,17856,17857,17856,4,-4
2021-11-18 17:06:47.517,17855,17856,17855,4,-4
2021-11-18 17:06:47.517,17855,17856,17855,1,-1
2021-11-18 17:07:04.908,17855,17856,17856,1,1
2021-11-18 17:07:04.908,17855,17856,17855,1,-1
2021-11-18 17:07:14.154,17855,17856,17855,5,-5
2021-11-18 17:07:19.698,17855,17856,17855,1,-1
2021-11-18 17:07:29.106,17854,17855,17855,1,1
2021-11-18 17:07:42.153,17854,17855,17854,1,-1
2021-11-18 17:07:42.153,17854,17855,17854,1,-1
2021-11-18 17:08:07.263,17854,17855,17854,1,-1
2021-11-18 17:08:07.532,17854,17855,17855,1,1
2021-11-18 17:08:36.875,17854,17855,17855,1,1
2021-11-18 17:08:45.665,17854,17855,17855,1,1
2021-11-18 17:09:09.956,17854,17855,17855,1,1
2021-11-18 17:09:09.956,17854,17855,17855,1,1
2021-11-18 17:09:09.956,17854,17855,17855,1,1
2021-11-18 17:09:09.956,17854,17855,17855,1,1
2021-11-18 17:09:41.685,17855,17856,17855,4,-4
2021-11-18 17:09:49.468,17855,17856,17855,1,-1
2021-11-18 17:09:57.093,17855,17856,17856,3,3
2021-11-18 17:10:04.268,17856,17857,17857,1,1
2021-11-18 17:10:05.156,17856,17857,17857,4,4
2021-11-18 17:10:13.043,17855,17856,17856,1,1
2021-11-18 17:10:13.043,17855,17856,17857,1,1
2021-11-18 17:10:32.336,17856,17857,17857,1,1
2021-11-18 17:10:34.741,17856,17857,17857,1,1
2021-11-18 17:10:35.950,17856,17857,17857,1,1
2021-11-18 17:10:46.956,17857,17858,17857,1,-1
2021-11-18 17:10:50.446,17857,17858,17857,1,-1
2021-11-18 17:10:56.932,17857,17858,17857,1,-1
2021-11-18 17:11:14.711,17857,17858,17857,4,-4
2021-11-18 17:11:22.479,17856,17857,17857,1,1
2021-11-18 17:11:26.740,17857,17858,17857,1,-1
2021-11-18 17:11:37.845,17857,17858,17857,2,-2
2021-11-18 17:11:45.952,17857,17858,17858,2,2
2021-11-18 17:11:48.364,17857,17858,17857,1,-1
2021-11-18 17:11:52.231,17857,17858,17858,1,1
2021-11-18 17:12:18.170,17858,17859,17859,4,4
2021-11-18 17:12:19.045,17858,17859,17859,4,4
2021-11-18 17:12:24.754,17858,17859,17859,1,1
2021-11-18 17:12:27.650,17858,17859,17859,2,2
2021-11-18 17:12:40.241,17858,17859,17858,4,-4
2021-11-18 17:13:08.345,17857,17858,17857,2,-2
2021-11-18 17:13:08.637,17856,17858,17858,1,1
2021-11-18 17:13:16.990,17857,17858,17858,1,1
2021-11-18 17:13:48.486,17857,17858,17858,2,2
2021-11-18 17:13:48.600,17857,17858,17858,1,1
2021-11-18 17:13:49.997,17857,17858,17857,4,-4
2021-11-18 17:14:14.124,17856,17858,17856,14,-14
2021-11-18 17:14:49.362,17856,17857,17856,10,-10
2021-11-18 17:15:00.375,17856,17857,17857,1,1
2021-11-18 17:15:00.375,17856,17857,17857,5,5
2021-11-18 17:15:00.375,17856,17857,17857,1,1
2021-11-18 17:15:00.375,17856,17857,17857,1,1
2021-11-18 17:15:00.375,17856,17857,17857,3,3
2021-11-18 17:15:00.375,17856,17857,17857,2,2
2021-11-18 17:15:00.377,17856,17857,17857,2,2
2021-11-18 17:15:32.480,17857,17858,17857,5,-5
2021-11-18 17:15:49.201,17856,17857,17857,1,1
2021-11-18 17:15:55.796,17856,17857,17857,1,1
2021-11-18 17:15:56.010,17856,17857,17857,1,1
2021-11-18 17:16:33.264,17857,17858,17858,5,5
2021-11-18 17:17:04.800,17857,17858,17857,1,-1
2021-11-18 17:17:04.800,17857,17858,17857,2,-2
2021-11-18 17:17:04.800,17857,17858,17857,1,-1
2021-11-18 17:17:05.139,17856,17857,17857,2,2
2021-11-18 17:18:32.259,17856,17857,17857,1,1
2021-11-18 17:19:16.353,17856,17857,17857,1,1
2021-11-18 17:19:29.011,17857,17858,17857,2,-2
2021-11-18 17:19:29.050,17856,17857,17856,1,-1
2021-11-18 17:20:38.637,17857,17858,17858,3,3
2021-11-18 17:20:38.638,17857,17858,17858,2,2
2021-11-18 17:20:38.638,17857,17858,17858,1,1
2021-11-18 17:20:38.638,17857,17858,17858,1,1
2021-11-18 17:20:38.638,17857,17858,17858,1,1
2021-11-18 17:20:38.638,17857,17858,17858,1,1
2021-11-18 17:20:39.602,17858,17859,17858,1,-1
2021-11-18 17:20:40.528,17858,17859,17859,5,5
2021-11-18 17:21:24.175,17858,17859,17859,1,1
2021-11-18 17:21:24.719,17858,17859,17859,1,1
2021-11-18 17:21:24.720,17858,17859,17859,1,1
2021-11-18 17:21:24.720,17858,17859,17859,1,1
2021-11-18 17:21:24.720,17858,17859,17859,1,1
2021-11-18 17:21:24.720,17858,17859,17859,1,1
2021-11-18 17:21:52.401,17859,17860,17859,1,-1
2021-11-18 17:22:00.980,17859,17860,17859,1,-1
2021-11-18 17:22:25.834,17859,17860,17859,1,-1
2021-11-18 17:22:30.004,17859,17860,17859,1,-1
2021-11-18 17:22:34.236,17859,17860,17859,1,-1
2021-11-18 17:22:53.175,17859,17860,17859,1,-1
2021-11-18 17:22:57.528,17859,17860,17859,1,-1
2021-11-18 17:23:02.043,17859,17860,17859,1,-1
2021-11-18 17:23:29.377,17858,17859,17859,2,2
2021-11-18 17:23:40.525,17859,17860,17859,1,-1
2021-11-18 17:23:40.589,17859,17860,17859,1,-1
2021-11-18 17:23:40.817,17858,17859,17859,8,8
2021-11-18 17:23:53.866,17858,17860,17858,1,-1
2021-11-18 17:23:58.538,17858,17860,17860,1,1
2021-11-18 17:24:44.915,17859,17860,17859,1,-1
2021-11-18 17:25:04.558,17859,17860,17860,3,3
2021-11-18 17:25:15.012,17859,17860,17860,1,1
2021-11-18 17:25:26.090,17859,17860,17860,1,1
2021-11-18 17:25:36.311,17859,17860,17860,1,1
2021-11-18 17:25:37.533,17859,17860,17860,1,1
2021-11-18 17:25:45.384,17859,17860,17860,4,4
2021-11-18 17:25:45.606,17859,17860,17860,1,1
2021-11-18 17:25:46.154,17859,17860,17860,3,3
2021-11-18 17:25:46.155,17859,17860,17860,1,1
2021-11-18 17:25:46.156,17859,17860,17860,6,6
2021-11-18 17:25:51.384,17859,17860,17860,1,1
2021-11-18 17:26:04.465,17860,17861,17860,1,-1
2021-11-18 17:26:07.630,17860,17861,17861,2,2
2021-11-18 17:26:20.624,17860,17861,17861,2,2
2021-11-18 17:26:37.274,17860,17861,17860,1,-1
2021-11-18 17:26:40.290,17860,17861,17860,1,-1
2021-11-18 17:26:53.210,17860,17861,17860,1,-1
2021-11-18 17:26:55.480,17860,17861,17860,1,-1
2021-11-18 17:26:58.782,17860,17861,17860,1,-1
2021-11-18 17:26:58.884,17860,17861,17860,1,-1
2021-11-18 17:26:58.884,17860,17861,17860,2,-2
2021-11-18 17:27:11.377,17859,17860,17860,1,1
2021-11-18 17:27:25.943,17859,17860,17860,1,1
2021-11-18 17:27:36.247,17859,17860,17860,1,1
2021-11-18 17:27:36.378,17859,17860,17860,1,1
2021-11-18 17:27:45.571,17859,17860,17860,2,2
2021-11-18 17:27:51.416,17859,17860,17860,2,2
2021-11-18 17:27:56.802,17859,17860,17860,1,1
2021-11-18 17:28:04.132,17859,17860,17860,1,1
2021-11-18 17:28:12.329,17859,17860,17860,1,1
2021-11-18 17:28:31.515,17859,17860,17859,1,-1
2021-11-18 17:28:46.372,17859,17860,17859,1,-1
2021-11-18 17:28:47.430,17859,17860,17859,4,-4
2021-11-18 17:29:01.675,17858,17859,17859,1,1
2021-11-18 17:29:09.996,17858,17859,17858,4,-4
2021-11-18 17:29:17.530,17858,17859,17859,5,5
2021-11-18 17:29:31.672,17858,17859,17859,1,1
2021-11-18 17:29:31.672,17858,17859,17860,1,1
2021-11-18 17:29:40.530,17859,17860,17860,2,2
2021-11-18 17:30:01.493,17859,17860,17859,2,-2
2021-11-18 17:30:04.199,17859,17860,17860,1,1
2021-11-18 17:30:50.112,17859,17860,17860,12,12
2021-11-18 17:31:34.113,17859,17860,17859,1,-1
2021-11-18 17:31:45.677,17859,17860,17860,1,1
2021-11-18 17:31:45.768,17859,17860,17860,1,1
2021-11-18 17:31:45.769,17859,17860,17860,1,1
2021-11-18 17:31:55.717,17859,17860,17860,12,12
2021-11-18 17:31:55.767,17860,17861,17861,1,1
2021-11-18 17:31:55.768,17860,17861,17861,1,1
2021-11-18 17:31:55.768,17860,17861,17861,1,1
2021-11-18 17:31:55.768,17860,17861,17861,1,1
2021-11-18 17:31:56.099,17860,17861,17860,1,-1
2021-11-18 17:31:56.143,17860,17861,17861,1,1
2021-11-18 17:32:07.135,17860,17861,17861,5,5
2021-11-18 17:32:13.780,17860,17861,17861,2,2
2021-11-18 17:32:14.448,17860,17861,17861,1,1
2021-11-18 17:32:16.178,17860,17861,17861,1,1
2021-11-18 17:32:22.291,17860,17861,17860,1,-1
2021-11-18 17:32:22.292,17860,17861,17860,1,-1
2021-11-18 17:32:28.751,17860,17861,17860,1,-1
2021-11-18 17:32:37.799,17859,17861,17861,1,1
2021-11-18 17:32:49.099,17860,17861,17860,5,-5
2021-11-18 17:33:05.059,17860,17861,17860,1,-1
2021-11-18 17:33:05.059,17860,17861,17860,1,-1
2021-11-18 17:33:49.647,17859,17860,17859,1,-1
2021-11-18 17:33:49.648,17859,17860,17859,1,-1
2021-11-18 17:33:49.648,17859,17860,17859,10,-10
2021-11-18 17:33:53.677,17858,17859,17858,1,-1
2021-11-18 17:33:53.677,17858,17859,17858,2,-2
2021-11-18 17:34:14.480,17858,17859,17858,2,-2
2021-11-18 17:34:14.480,17858,17859,17858,4,-4
2021-11-18 17:34:15.445,17857,17858,17857,5,-5
2021-11-18 17:34:16.343,17857,17858,17857,2,-2
2021-11-18 17:34:32.214,17857,17858,17857,1,-1
2021-11-18 17:34:35.291,17857,17858,17857,1,-1
2021-11-18 17:34:35.292,17857,17858,17857,1,-1
2021-11-18 17:34:43.537,17856,17858,17856,1,-1
2021-11-18 17:34:44.017,17856,17857,17857,1,1
2021-11-18 17:34:49.903,17856,17858,17858,1,1
2021-11-18 17:34:53.710,17857,17859,17857,1,-1
2021-11-18 17:35:05.163,17858,17859,17858,1,-1
2021-11-18 17:35:06.121,17857,17858,17858,2,2
2021-11-18 17:35:06.121,17857,17858,17859,1,1
2021-11-18 17:35:52.861,17856,17858,17856,1,-1
2021-11-18 17:36:14.189,17856,17858,17858,1,1
2021-11-18 17:36:24.513,17857,17858,17857,2,-2
2021-11-18 17:36:25.079,17856,17857,17856,1,-1
2021-11-18 17:36:25.079,17856,17857,17856,1,-1
2021-11-18 17:36:33.052,17856,17857,17856,5,-5
2021-11-18 17:36:34.000,17856,17857,17856,3,-3
2021-11-18 17:36:41.843,17855,17856,17856,2,2
2021-11-18 17:37:10.262,17855,17857,17857,1,1
2021-11-18 17:37:18.753,17855,17857,17857,3,3
2021-11-18 17:37:23.441,17856,17857,17856,3,-3
2021-11-18 17:37:23.441,17856,17857,17856,1,-1
2021-11-18 17:37:36.898,17855,17857,17855,1,-1
2021-11-18 17:37:40.601,17855,17856,17856,3,3
2021-11-18 17:37:42.923,17855,17856,17855,1,-1
2021-11-18 17:38:34.463,17855,17856,17855,1,-1
2021-11-18 17:38:38.967,17855,17856,17856,2,2
2021-11-18 17:39:00.518,17856,17857,17857,1,1
2021-11-18 17:39:18.289,17856,17857,17857,3,3
2021-11-18 17:39:18.510,17857,17858,17858,3,3
2021-11-18 17:39:29.507,17857,17858,17858,1,1
2021-11-18 17:40:23.605,17857,17858,17858,1,1
2021-11-18 17:40:27.425,17857,17858,17858,1,1
2021-11-18 17:40:29.068,17857,17858,17858,3,3
2021-11-18 17:40:31.618,17857,17858,17858,3,3
2021-11-18 17:40:43.692,17857,17858,17857,4,-4
2021-11-18 17:40:43.819,17856,17857,17857,1,1
2021-11-18 17:41:56.153,17856,17857,17856,1,-1
2021-11-18 17:41:56.153,17856,17857,17856,2,-2
2021-11-18 17:42:15.582,17855,17857,17856,1,1
2021-11-18 17:42:16.898,17855,17857,17855,1,-1
2021-11-18 17:42:24.887,17855,17856,17855,2,-2
2021-11-18 17:42:24.888,17855,17856,17855,1,-1
2021-11-18 17:42:25.809,17855,17856,17855,2,-2
2021-11-18 17:42:25.809,17855,17856,17855,1,-1
2021-11-18 17:42:26.918,17855,17856,17856,1,1
2021-11-18 17:42:28.470,17855,17856,17856,1,1
2021-11-18 17:42:30.229,17855,17856,17856,1,1
2021-11-18 17:42:38.724,17855,17856,17855,1,-1
2021-11-18 17:42:38.724,17855,17856,17855,1,-1
2021-11-18 17:42:38.724,17855,17856,17855,1,-1
2021-11-18 17:42:38.724,17855,17856,17855,1,-1
2021-11-18 17:42:38.725,17855,17856,17855,3,-3
2021-11-18 17:42:38.725,17855,17856,17855,4,-4
2021-11-18 17:42:38.725,17855,17856,17855,7,-7
2021-11-18 17:42:43.536,17855,17856,17855,1,-1
2021-11-18 17:42:48.297,17855,17856,17855,1,-1
2021-11-18 17:42:55.101,17854,17855,17854,1,-1
2021-11-18 17:43:06.729,17854,17855,17854,1,-1
2021-11-18 17:43:14.808,17854,17855,17854,3,-3
2021-11-18 17:43:22.710,17854,17855,17854,1,-1
2021-11-18 17:43:42.308,17854,17855,17854,1,-1
2021-11-18 17:43:57.358,17854,17855,17854,5,-5
2021-11-18 17:43:59.869,17854,17855,17854,2,-2
2021-11-18 17:43:59.935,17854,17855,17855,3,3
2021-11-18 17:44:00.343,17854,17855,17854,1,-1
2021-11-18 17:44:01.609,17854,17855,17854,1,-1
2021-11-18 17:44:01.609,17854,17855,17854,6,-6
2021-11-18 17:44:10.000,17853,17854,17854,1,1
2021-11-18 17:44:10.000,17853,17854,17854,1,1
2021-11-18 17:44:10.000,17853,17854,17854,1,1
2021-11-18 17:44:10.000,17853,17854,17854,1,1
2021-11-18 17:44:10.001,17853,17854,17854,1,1
2021-11-18 17:44:10.001,17853,17854,17854,1,1
2021-11-18 17:44:25.656,17853,17854,17854,1,1
2021-11-18 17:44:40.954,17853,17854,17854,1,1
2021-11-18 17:45:04.671,17854,17855,17855,1,1
2021-11-18 17:45:12.441,17854,17855,17855,6,6
2021-11-18 17:45:12.595,17854,17855,17855,5,5
2021-11-18 17:45:32.678,17854,17855,17855,1,1
2021-11-18 17:47:06.137,17855,17856,17855,4,-4
2021-11-18 17:47:06.137,17855,17856,17855,1,-1
2021-11-18 17:47:06.137,17855,17856,17855,1,-1
2021-11-18 17:47:06.137,17855,17856,17855,2,-2
2021-11-18 17:47:36.518,17854,17855,17855,5,5
2021-11-18 17:47:37.525,17854,17855,17855,4,4
2021-11-18 17:47:37.526,17854,17855,17855,1,1
2021-11-18 17:47:54.954,17854,17855,17855,1,1
2021-11-18 17:48:03.621,17855,17856,17855,2,-2
2021-11-18 17:48:08.839,17855,17856,17855,1,-1
2021-11-18 17:49:13.475,17855,17856,17855,2,-2
2021-11-18 17:49:13.475,17855,17856,17855,1,-1
2021-11-18 17:49:49.195,17855,17856,17855,1,-1
2021-11-18 17:50:04.661,17855,17856,17855,1,-1
2021-11-18 17:50:04.661,17855,17856,17855,1,-1
2021-11-18 17:51:03.686,17855,17856,17855,1,-1
2021-11-18 17:51:03.687,17855,17856,17855,1,-1
2021-11-18 17:51:03.687,17855,17856,17855,3,-3
2021-11-18 17:51:03.687,17855,17856,17855,1,-1
2021-11-18 17:51:03.687,17855,17856,17855,1,-1
2021-11-18 17:51:03.687,17855,17856,17855,6,-6
2021-11-18 17:51:10.528,17854,17855,17854,4,-4
2021-11-18 17:51:16.615,17853,17855,17855,9,9
2021-11-18 17:51:24.395,17854,17855,17854,3,-3
2021-11-18 17:51:24.396,17854,17855,17854,1,-1
2021-11-18 17:51:24.523,17853,17855,17854,1,1
2021-11-18 17:51:26.418,17853,17855,17854,1,1
2021-11-18 17:51:29.127,17854,17856,17854,2,-2
2021-11-18 17:51:42.945,17853,17854,17854,1,1
2021-11-18 17:51:58.149,17853,17855,17853,1,-1
2021-11-18 17:52:00.501,17853,17855,17853,1,-1
2021-11-18 17:52:07.345,17853,17854,17853,1,-1
2021-11-18 17:52:07.345,17853,17854,17853,1,-1
2021-11-18 17:52:07.618,17853,17854,17853,1,-1
2021-11-18 17:52:07.618,17853,17854,17853,1,-1
2021-11-18 17:52:17.693,17853,17854,17853,1,-1
2021-11-18 17:52:17.694,17853,17854,17853,1,-1
2021-11-18 17:52:34.488,17853,17854,17853,1,-1
2021-11-18 17:52:41.562,17853,17854,17853,1,-1
2021-11-18 17:52:43.046,17853,17854,17853,5,-5
2021-11-18 17:52:43.123,17853,17854,17852,2,-2
2021-11-18 17:52:49.288,17852,17853,17852,3,-3
2021-11-18 17:52:50.702,17852,17853,17852,1,-1
2021-11-18 17:52:53.478,17852,17853,17852,2,-2
2021-11-18 17:52:59.339,17852,17853,17852,1,-1
2021-11-18 17:53:05.209,17852,17853,17852,1,-1
2021-11-18 17:53:15.108,17852,17853,17852,1,-1
2021-11-18 17:53:23.594,17852,17853,17852,1,-1
2021-11-18 17:53:23.819,17852,17853,17852,1,-1
2021-11-18 17:53:26.900,17852,17853,17852,1,-1
2021-11-18 17:53:35.065,17852,17853,17852,1,-1
2021-11-18 17:53:36.837,17852,17853,17852,1,-1
2021-11-18 17:53:48.977,17852,17853,17852,1,-1
2021-11-18 17:54:10.132,17852,17853,17852,1,-1
2021-11-18 17:54:12.012,17852,17853,17852,2,-2
2021-11-18 17:54:12.266,17852,17853,17852,1,-1
2021-11-18 17:54:22.786,17852,17853,17852,5,-5
2021-11-18 17:54:27.489,17851,17852,17852,3,3
2021-11-18 17:54:29.870,17852,17853,17852,1,-1
2021-11-18 17:54:32.364,17852,17853,17853,5,5
2021-11-18 17:54:32.849,17852,17853,17853,5,5
2021-11-18 17:54:44.858,17853,17854,17854,1,1
2021-11-18 17:54:49.127,17853,17854,17854,1,1
2021-11-18 17:54:59.021,17853,17854,17854,1,1
2021-11-18 17:55:26.708,17853,17854,17854,3,3
2021-11-18 17:55:57.169,17853,17854,17854,2,2
2021-11-18 17:56:18.933,17853,17854,17854,1,1
2021-11-18 17:56:23.626,17853,17854,17854,1,1
2021-11-18 17:56:36.325,17853,17854,17854,1,1
2021-11-18 17:56:41.665,17853,17854,17854,3,3
2021-11-18 17:57:43.776,17854,17855,17854,1,-1
2021-11-18 17:57:46.415,17854,17855,17854,1,-1
2021-11-18 17:57:49.218,17853,17854,17854,1,1
2021-11-18 17:58:06.229,17854,17855,17854,4,-4
2021-11-18 17:58:06.679,17853,17855,17855,1,1
2021-11-18 17:58:12.113,17853,17855,17855,1,1
2021-11-18 17:58:16.324,17854,17855,17854,1,-1
2021-11-18 17:58:16.324,17854,17855,17854,1,-1
2021-11-18 17:58:16.389,17854,17855,17854,2,-2
2021-11-18 17:58:31.520,17853,17854,17853,1,-1
2021-11-18 17:58:31.521,17853,17854,17853,1,-1
2021-11-18 17:58:31.521,17853,17854,17853,1,-1
2021-11-18 17:58:31.521,17853,17854,17853,5,-5
2021-11-18 17:58:31.521,17853,17854,17853,1,-1
2021-11-18 17:58:31.521,17853,17854,17853,1,-1
2021-11-18 17:58:31.521,17853,17854,17853,1,-1
2021-11-18 17:58:31.521,17853,17854,17853,1,-1
2021-11-18 17:58:34.253,17852,17854,17852,1,-1
2021-11-18 17:58:35.866,17852,17853,17852,1,-1
2021-11-18 17:58:35.866,17852,17853,17852,1,-1
2021-11-18 17:58:43.619,17852,17853,17853,1,1
2021-11-18 17:58:50.353,17852,17854,17854,1,1
2021-11-18 17:59:19.424,17853,17854,17854,2,2
2021-11-18 17:59:19.803,17853,17854,17853,1,-1
2021-11-18 17:59:19.804,17853,17854,17853,1,-1
2021-11-18 17:59:23.263,17853,17854,17853,1,-1
2021-11-18 18:00:01.662,17853,17854,17853,1,-1
2021-11-18 18:00:01.663,17853,17854,17853,1,-1
2021-11-18 18:00:01.663,17853,17854,17853,1,-1
2021-11-18 18:00:01.789,17852,17854,17854,1,1
2021-11-18 18:00:02.006,17852,17854,17854,2,2
2021-11-18 18:00:02.018,17852,17854,17854,1,1
2021-11-18 18:00:02.018,17852,17854,17854,1,1
2021-11-18 18:00:02.034,17852,17854,17854,1,1
2021-11-18 18:00:02.058,17852,17854,17852,3,-3
2021-11-18 18:00:02.210,17852,17854,17854,1,1
2021-11-18 18:00:02.231,17852,17854,17852,2,-2
2021-11-18 18:00:57.635,17853,17854,17854,5,5
2021-11-18 18:00:57.690,17853,17855,17855,2,2
2021-11-18 18:00:57.870,17853,17855,17855,2,2
2021-11-18 18:01:27.540,17854,17855,17854,1,-1
2021-11-18 18:01:27.643,17853,17855,17855,1,1
2021-11-18 18:01:27.643,17853,17855,17855,1,1
2021-11-18 18:01:27.643,17853,17855,17855,1,1
2021-11-18 18:01:27.643,17853,17855,17855,1,1
2021-11-18 18:01:27.643,17853,17855,17855,1,1
2021-11-18 18:01:27.643,17853,17855,17856,1,1
2021-11-18 18:01:27.643,17853,17855,17856,1,1
2021-11-18 18:01:27.644,17853,17855,17856,1,1
2021-11-18 18:01:27.644,17853,17855,17855,1,1
2021-11-18 18:01:27.644,17853,17855,17856,1,1
2021-11-18 18:01:27.645,17853,17855,17856,1,1
2021-11-18 18:01:27.941,17854,17856,17854,1,-1
2021-11-18 18:01:28.398,17854,17856,17854,1,-1
2021-11-18 18:01:59.771,17854,17855,17855,1,1
2021-11-18 18:02:07.162,17854,17855,17855,2,2
2021-11-18 18:02:17.488,17855,17856,17855,1,-1
2021-11-18 18:02:40.523,17855,17856,17855,1,-1
2021-11-18 18:02:40.856,17854,17856,17854,3,-3
2021-11-18 18:03:14.941,17854,17855,17854,1,-1
2021-11-18 18:03:20.516,17854,17855,17854,1,-1
2021-11-18 18:03:20.517,17854,17855,17854,1,-1
2021-11-18 18:03:46.907,17854,17855,17854,1,-1
2021-11-18 18:04:20.516,17853,17854,17853,1,-1
2021-11-18 18:04:20.517,17853,17854,17853,1,-1
2021-11-18 18:04:27.185,17852,17853,17852,13,-13
2021-11-18 18:04:27.185,17852,17853,17852,1,-1
2021-11-18 18:04:27.186,17852,17853,17852,5,-5
2021-11-18 18:05:14.123,17852,17853,17852,1,-1
2021-11-18 18:05:20.550,17852,17853,17852,1,-1
2021-11-18 18:05:24.589,17852,17853,17853,1,1
2021-11-18 18:05:39.867,17852,17853,17852,5,-5
2021-11-18 18:05:39.868,17852,17853,17852,2,-2
2021-11-18 18:05:40.075,17852,17853,17852,1,-1
2021-11-18 18:05:46.459,17852,17853,17853,1,1
2021-11-18 18:06:41.157,17852,17853,17853,1,1
2021-11-18 18:06:42.516,17852,17853,17853,1,1
2021-11-18 18:06:46.194,17852,17853,17853,1,1
2021-11-18 18:06:46.303,17852,17853,17853,1,1
2021-11-18 18:07:10.497,17852,17853,17852,1,-1
2021-11-18 18:07:10.825,17852,17853,17852,1,-1
2021-11-18 18:07:28.185,17852,17853,17852,2,-2
2021-11-18 18:07:30.762,17852,17853,17853,1,1
2021-11-18 18:07:45.426,17852,17853,17852,1,-1
2021-11-18 18:07:45.634,17852,17853,17852,3,-3
2021-11-18 18:08:15.296,17852,17853,17852,1,-1
2021-11-18 18:08:15.598,17851,17853,17851,2,-2
2021-11-18 18:08:15.623,17851,17853,17851,2,-2
2021-11-18 18:08:15.742,17851,17852,17852,1,1
2021-11-18 18:08:17.062,17851,17852,17852,1,1
2021-11-18 18:08:38.891,17851,17852,17851,1,-1
2021-11-18 18:08:40.014,17851,17852,17852,1,1
2021-11-18 18:08:40.049,17851,17852,17852,1,1
2021-11-18 18:08:40.050,17851,17852,17852,1,1
2021-11-18 18:08:40.050,17851,17852,17852,1,1
2021-11-18 18:08:45.112,17852,17853,17852,1,-1
