2021-07-26 15:00:00.051,17215,17217,17216,77,-77
2021-07-26 15:00:00.053,17215,17216,17216,1,1
2021-07-26 15:00:00.053,17215,17216,17217,2,2
2021-07-26 15:00:00.133,17215,17217,17217,1,1
2021-07-26 15:00:00.134,17215,17217,17217,2,2
2021-07-26 15:00:00.180,17215,17217,17218,3,3
2021-07-26 15:00:00.221,17215,17218,17218,3,3
2021-07-26 15:00:00.238,17215,17218,17217,1,-1
2021-07-26 15:00:00.307,17215,17218,17218,1,1
2021-07-26 15:00:00.314,17215,17218,17218,2,2
2021-07-26 15:00:00.347,17217,17219,17219,2,2
2021-07-26 15:00:00.347,17217,17219,17219,2,2
2021-07-26 15:00:00.373,17217,17219,17220,1,1
2021-07-26 15:00:00.392,17217,17219,17220,12,12
2021-07-26 15:00:00.401,17217,17219,17217,1,-1
2021-07-26 15:00:00.417,17217,17219,17217,1,-1
2021-07-26 15:00:00.417,17217,17219,17215,2,-2
2021-07-26 15:00:00.419,17217,17219,17215,2,-2
2021-07-26 15:00:00.466,17213,17219,17213,1,-1
2021-07-26 15:00:00.466,17213,17219,17212,2,-2
2021-07-26 15:00:00.468,17213,17219,17219,1,1
2021-07-26 15:00:00.468,17213,17219,17220,1,1
2021-07-26 15:00:00.505,17213,17219,17213,1,-1
2021-07-26 15:00:00.505,17213,17219,17212,5,-5
2021-07-26 15:00:00.515,17213,17219,17212,4,-4
2021-07-26 15:00:00.521,17213,17219,17212,1,-1
2021-07-26 15:00:00.521,17213,17219,17211,2,-2
2021-07-26 15:00:00.521,17213,17219,17210,5,-5
2021-07-26 15:00:00.547,17213,17219,17219,1,1
2021-07-26 15:00:00.572,17213,17219,17220,1,1
2021-07-26 15:00:00.587,17210,17220,17220,2,2
2021-07-26 15:00:00.587,17210,17220,17221,1,1
2021-07-26 15:00:00.587,17210,17220,17222,1,1
2021-07-26 15:00:00.587,17210,17220,17223,1,1
2021-07-26 15:00:00.587,17210,17220,17224,4,4
2021-07-26 15:00:00.587,17210,17220,17225,3,3
2021-07-26 15:00:00.595,17210,17220,17223,1,1
2021-07-26 15:00:00.595,17210,17220,17210,1,-1
2021-07-26 15:00:00.597,17210,17220,17209,1,-1
2021-07-26 15:00:00.640,17210,17220,17216,1,1
2021-07-26 15:00:00.683,17210,17220,17211,1,-1
2021-07-26 15:00:00.748,17210,17224,17210,1,-1
2021-07-26 15:00:00.756,17210,17224,17224,1,1
2021-07-26 15:00:00.756,17210,17224,17225,3,3
2021-07-26 15:00:00.775,17210,17224,17225,2,2
2021-07-26 15:00:00.775,17210,17224,17226,2,2
2021-07-26 15:00:00.852,17216,17223,17216,1,-1
2021-07-26 15:00:00.891,17216,17223,17215,1,-1
2021-07-26 15:00:00.957,17214,17223,17223,1,1
2021-07-26 15:00:01.077,17214,17223,17217,1,-1
2021-07-26 15:00:01.079,17214,17223,17218,1,1
2021-07-26 15:00:01.127,17216,17220,17220,1,1
2021-07-26 15:00:01.162,17216,17220,17225,1,1
2021-07-26 15:00:01.162,17216,17220,17226,3,3
2021-07-26 15:00:01.162,17216,17220,17227,4,4
2021-07-26 15:00:01.302,17214,17228,17216,1,-1
2021-07-26 15:00:01.302,17214,17228,17215,1,-1
2021-07-26 15:00:01.302,17214,17228,17214,1,-1
2021-07-26 15:00:01.302,17214,17228,17213,1,-1
2021-07-26 15:00:01.302,17214,17228,17212,16,-16
2021-07-26 15:00:01.432,17209,17227,17227,1,1
2021-07-26 15:00:01.471,17214,17228,17228,1,1
2021-07-26 15:00:01.476,17214,17228,17228,1,1
2021-07-26 15:00:01.500,17214,17228,17228,1,1
2021-07-26 15:00:01.527,17214,17228,17228,1,1
2021-07-26 15:00:01.542,17214,17228,17228,1,1
2021-07-26 15:00:01.666,17214,17219,17215,1,-1
2021-07-26 15:00:01.666,17214,17219,17214,2,-2
2021-07-26 15:00:01.734,17214,17227,17214,5,-5
2021-07-26 15:00:01.734,17214,17227,17213,6,-6
2021-07-26 15:00:01.734,17214,17227,17212,1,-1
2021-07-26 15:00:01.734,17214,17227,17210,1,-1
2021-07-26 15:00:01.734,17214,17227,17209,1,-1
2021-07-26 15:00:01.734,17214,17227,17208,2,-2
2021-07-26 15:00:01.754,17214,17227,17227,1,1
2021-07-26 15:00:01.854,17207,17228,17228,1,1
2021-07-26 15:00:01.879,17207,17228,17207,1,-1
2021-07-26 15:00:02.069,17208,17220,17225,1,1
2021-07-26 15:00:02.081,17210,17218,17218,1,1
2021-07-26 15:00:02.165,17210,17218,17219,1,1
2021-07-26 15:00:02.165,17210,17218,17219,1,1
2021-07-26 15:00:02.518,17218,17225,17220,1,1
2021-07-26 15:00:02.599,17218,17224,17218,1,-1
2021-07-26 15:00:02.947,17218,17224,17224,1,1
2021-07-26 15:00:03.201,17218,17225,17218,1,-1
2021-07-26 15:00:03.201,17218,17225,17217,1,-1
2021-07-26 15:00:03.299,17215,17224,17225,1,1
2021-07-26 15:00:03.349,17215,17226,17226,1,1
2021-07-26 15:00:03.489,17215,17225,17225,2,2
2021-07-26 15:00:03.968,17219,17224,17220,1,-1
2021-07-26 15:00:03.985,17219,17224,17224,1,1
2021-07-26 15:00:04.209,17219,17225,17221,1,-1
2021-07-26 15:00:04.211,17219,17225,17221,1,-1
2021-07-26 15:00:04.328,17219,17225,17225,1,1
2021-07-26 15:00:05.522,17219,17225,17222,1,-1
2021-07-26 15:00:05.672,17219,17225,17219,1,-1
2021-07-26 15:00:06.063,17221,17224,17221,1,1
2021-07-26 15:00:06.261,17220,17223,17223,1,1
2021-07-26 15:00:06.261,17220,17223,17224,3,3
2021-07-26 15:00:06.341,17220,17225,17225,1,1
2021-07-26 15:00:06.847,17220,17225,17220,3,-3
2021-07-26 15:00:06.847,17220,17225,17218,5,-5
2021-07-26 15:00:06.847,17220,17225,17217,2,-2
2021-07-26 15:00:06.847,17220,17225,17216,1,-1
2021-07-26 15:00:06.847,17220,17225,17215,1,-1
2021-07-26 15:00:06.847,17220,17225,17213,4,-4
2021-07-26 15:00:07.161,17214,17224,17221,1,1
2021-07-26 15:00:07.320,17214,17222,17221,1,-1
2021-07-26 15:00:08.505,17218,17222,17219,1,-1
2021-07-26 15:00:08.735,17218,17222,17222,2,2
2021-07-26 15:00:08.911,17218,17222,17222,2,2
2021-07-26 15:00:08.989,17218,17222,17222,2,2
2021-07-26 15:00:09.068,17218,17222,17223,1,1
2021-07-26 15:00:09.068,17218,17222,17224,1,1
2021-07-26 15:00:09.216,17220,17224,17224,1,1
2021-07-26 15:00:09.221,17220,17224,17221,1,-1
2021-07-26 15:00:09.332,17221,17224,17222,1,1
2021-07-26 15:00:09.957,17221,17224,17224,3,3
2021-07-26 15:00:09.957,17221,17224,17224,2,2
2021-07-26 15:00:09.957,17221,17224,17224,1,1
2021-07-26 15:00:10.081,17223,17225,17225,7,7
2021-07-26 15:00:10.140,17223,17225,17225,1,1
2021-07-26 15:00:10.206,17224,17226,17226,2,2
2021-07-26 15:00:10.740,17224,17225,17225,1,1
2021-07-26 15:00:10.785,17224,17225,17224,1,-1
2021-07-26 15:00:11.014,17223,17225,17225,1,1
2021-07-26 15:00:11.507,17223,17226,17225,1,-1
2021-07-26 15:00:11.809,17223,17226,17223,1,-1
2021-07-26 15:00:12.133,17223,17226,17226,2,2
2021-07-26 15:00:12.484,17222,17225,17222,1,-1
2021-07-26 15:00:12.618,17224,17225,17224,1,1
2021-07-26 15:00:12.618,17224,17225,17222,1,-1
2021-07-26 15:00:12.639,17224,17225,17225,1,1
2021-07-26 15:00:15.575,17224,17225,17224,1,-1
2021-07-26 15:00:15.614,17224,17225,17225,1,1
2021-07-26 15:00:15.643,17224,17225,17224,1,-1
2021-07-26 15:00:15.811,17223,17226,17226,8,8
2021-07-26 15:00:15.811,17223,17226,17227,2,2
2021-07-26 15:00:15.905,17224,17227,17227,1,1
2021-07-26 15:00:15.944,17224,17227,17227,1,1
2021-07-26 15:00:16.013,17224,17227,17227,1,1
2021-07-26 15:00:16.028,17224,17227,17227,1,1
2021-07-26 15:00:16.048,17224,17227,17227,1,1
2021-07-26 15:00:16.052,17224,17227,17225,1,-1
2021-07-26 15:00:16.148,17224,17227,17227,1,1
2021-07-26 15:00:16.196,17224,17227,17225,1,-1
2021-07-26 15:00:16.367,17225,17228,17225,1,-1
2021-07-26 15:00:16.425,17225,17228,17225,1,-1
2021-07-26 15:00:16.919,17225,17226,17225,2,-2
2021-07-26 15:00:17.032,17224,17226,17224,2,-2
2021-07-26 15:00:17.276,17224,17225,17225,1,1
2021-07-26 15:00:17.492,17224,17226,17225,1,-1
2021-07-26 15:00:17.976,17224,17225,17225,1,1
2021-07-26 15:00:18.270,17224,17226,17224,1,-1
2021-07-26 15:00:18.510,17223,17224,17224,1,1
2021-07-26 15:00:19.301,17223,17224,17223,4,-4
2021-07-26 15:00:19.586,17223,17224,17224,2,2
2021-07-26 15:00:19.956,17223,17224,17223,1,-1
2021-07-26 15:00:20.955,17222,17223,17222,4,-4
2021-07-26 15:00:21.042,17222,17223,17221,1,-1
2021-07-26 15:00:21.091,17220,17223,17223,3,3
2021-07-26 15:00:21.227,17220,17223,17223,1,1
2021-07-26 15:00:21.848,17221,17222,17222,1,1
2021-07-26 15:00:22.825,17221,17222,17221,6,-6
2021-07-26 15:00:23.399,17220,17222,17220,1,-1
2021-07-26 15:00:23.699,17218,17221,17218,1,-1
2021-07-26 15:00:23.775,17218,17221,17218,2,-2
2021-07-26 15:00:24.369,17217,17221,17217,1,-1
2021-07-26 15:00:24.711,17217,17220,17217,1,-1
2021-07-26 15:00:24.711,17217,17220,17216,2,-2
2021-07-26 15:00:25.230,17218,17220,17220,1,1
2021-07-26 15:00:26.065,17219,17220,17220,1,1
2021-07-26 15:00:26.499,17218,17220,17219,1,-1
2021-07-26 15:00:26.831,17219,17220,17220,1,1
2021-07-26 15:00:26.976,17219,17221,17221,1,1
2021-07-26 15:00:27.081,17219,17220,17220,1,1
2021-07-26 15:00:27.581,17218,17219,17219,1,1
2021-07-26 15:00:28.110,17218,17220,17220,1,1
2021-07-26 15:00:29.594,17219,17220,17219,2,-2
2021-07-26 15:00:30.171,17217,17219,17219,1,1
2021-07-26 15:00:30.304,17217,17220,17217,5,-5
2021-07-26 15:00:30.305,17217,17220,17217,2,-2
2021-07-26 15:00:30.630,17215,17218,17218,2,2
2021-07-26 15:00:31.382,17216,17218,17216,1,-1
2021-07-26 15:00:31.490,17215,17218,17218,1,1
2021-07-26 15:00:31.645,17215,17218,17218,1,1
2021-07-26 15:00:35.956,17215,17216,17216,1,1
2021-07-26 15:00:38.397,17215,17217,17215,1,-1
2021-07-26 15:00:38.767,17215,17217,17215,1,-1
2021-07-26 15:00:40.720,17215,17217,17215,4,-4
2021-07-26 15:00:41.706,17215,17217,17215,1,-1
2021-07-26 15:00:42.580,17215,17216,17216,1,1
2021-07-26 15:00:42.723,17215,17216,17216,1,1
2021-07-26 15:00:42.723,17215,17216,17217,1,1
2021-07-26 15:00:42.723,17215,17216,17218,3,3
2021-07-26 15:00:42.931,17217,17219,17219,3,3
2021-07-26 15:00:42.983,17217,17220,17220,5,5
2021-07-26 15:00:43.035,17217,17220,17218,1,-1
2021-07-26 15:00:43.154,17217,17220,17220,4,4
2021-07-26 15:00:43.154,17217,17220,17221,1,1
2021-07-26 15:00:43.220,17218,17221,17218,1,-1
2021-07-26 15:00:43.369,17217,17220,17220,3,3
2021-07-26 15:00:43.415,17217,17220,17220,1,1
2021-07-26 15:00:43.823,17217,17220,17220,1,1
2021-07-26 15:00:44.166,17217,17221,17217,2,-2
2021-07-26 15:00:44.667,17217,17220,17217,1,-1
2021-07-26 15:00:46.643,17217,17219,17219,2,2
2021-07-26 15:00:47.495,17217,17219,17217,1,-1
2021-07-26 15:00:48.654,17216,17217,17216,2,-2
2021-07-26 15:00:48.655,17216,17217,17216,2,-2
2021-07-26 15:00:50.399,17216,17217,17216,2,-2
2021-07-26 15:00:50.486,17215,17217,17215,2,-2
2021-07-26 15:00:50.892,17215,17217,17215,5,-5
2021-07-26 15:00:51.398,17214,17215,17215,1,1
2021-07-26 15:00:52.756,17214,17215,17215,1,1
2021-07-26 15:00:53.324,17214,17215,17214,1,-1
2021-07-26 15:00:55.190,17214,17215,17215,3,3
2021-07-26 15:00:55.190,17214,17215,17215,3,3
2021-07-26 15:00:55.190,17214,17215,17215,3,3
2021-07-26 15:00:56.100,17215,17216,17215,1,-1
2021-07-26 15:00:56.770,17215,17216,17216,2,2
2021-07-26 15:00:56.956,17215,17216,17215,18,-18
2021-07-26 15:00:56.956,17215,17216,17214,3,-3
2021-07-26 15:00:57.101,17213,17214,17214,1,1
2021-07-26 15:00:57.420,17213,17215,17215,1,1
2021-07-26 15:00:58.343,17213,17216,17213,1,-1
2021-07-26 15:00:58.653,17213,17216,17213,1,-1
2021-07-26 15:00:59.064,17213,17216,17215,1,1
2021-07-26 15:01:00.064,17213,17216,17216,3,3
2021-07-26 15:01:00.132,17214,17216,17216,1,1
2021-07-26 15:01:00.146,17214,17216,17216,1,1
2021-07-26 15:01:00.146,17214,17216,17216,5,5
2021-07-26 15:01:00.146,17214,17216,17216,1,1
2021-07-26 15:01:00.180,17214,17216,17216,1,1
2021-07-26 15:01:00.211,17215,17217,17215,1,-1
2021-07-26 15:01:00.600,17216,17217,17217,1,1
2021-07-26 15:01:00.873,17216,17217,17217,6,6
2021-07-26 15:01:00.873,17216,17217,17218,7,7
2021-07-26 15:01:00.873,17216,17217,17219,3,3
2021-07-26 15:01:00.873,17216,17217,17220,9,9
2021-07-26 15:01:01.365,17219,17220,17219,1,-1
2021-07-26 15:01:01.366,17219,17220,17219,1,-1
2021-07-26 15:01:02.517,17217,17219,17219,1,1
2021-07-26 15:01:05.403,17217,17219,17218,1,-1
2021-07-26 15:01:05.415,17217,17219,17219,1,1
2021-07-26 15:01:05.510,17218,17219,17219,1,1
2021-07-26 15:01:05.672,17219,17220,17220,1,1
2021-07-26 15:01:05.672,17219,17220,17220,1,1
2021-07-26 15:01:05.734,17220,17221,17220,1,-1
2021-07-26 15:01:05.739,17220,17221,17221,1,1
2021-07-26 15:01:05.739,17220,17221,17221,1,1
2021-07-26 15:01:05.740,17220,17221,17221,1,1
2021-07-26 15:01:05.741,17220,17221,17221,2,2
2021-07-26 15:01:05.805,17220,17221,17220,1,-1
2021-07-26 15:01:06.050,17220,17221,17221,1,1
2021-07-26 15:01:06.877,17220,17222,17220,1,-1
2021-07-26 15:01:06.973,17220,17222,17220,1,-1
2021-07-26 15:01:08.085,17220,17222,17220,5,-5
2021-07-26 15:01:08.208,17221,17222,17221,1,1
2021-07-26 15:01:08.290,17221,17222,17221,1,-1
2021-07-26 15:01:10.247,17221,17222,17222,5,5
2021-07-26 15:01:10.895,17222,17223,17222,1,-1
2021-07-26 15:01:11.274,17222,17223,17223,1,1
2021-07-26 15:01:11.276,17222,17223,17223,2,2
2021-07-26 15:01:11.756,17221,17224,17224,3,3
2021-07-26 15:01:12.217,17221,17224,17221,1,-1
2021-07-26 15:01:12.243,17221,17224,17221,1,-1
2021-07-26 15:01:12.911,17223,17225,17223,2,2
2021-07-26 15:01:12.911,17223,17225,17222,1,-1
2021-07-26 15:01:13.434,17223,17225,17223,2,2
2021-07-26 15:01:13.785,17224,17225,17225,12,12
2021-07-26 15:01:13.925,17224,17226,17226,1,1
2021-07-26 15:01:14.706,17224,17226,17224,4,-4
2021-07-26 15:01:14.890,17224,17226,17226,1,1
2021-07-26 15:01:15.080,17224,17226,17224,1,-1
2021-07-26 15:01:15.897,17225,17226,17225,3,3
2021-07-26 15:01:17.027,17225,17226,17226,4,4
2021-07-26 15:01:17.451,17225,17226,17225,4,-4
2021-07-26 15:01:17.753,17225,17226,17226,1,1
2021-07-26 15:01:17.753,17225,17226,17226,1,1
2021-07-26 15:01:17.972,17225,17226,17226,1,1
2021-07-26 15:01:18.574,17226,17227,17227,6,6
2021-07-26 15:01:18.582,17225,17228,17225,1,-1
2021-07-26 15:01:18.583,17225,17228,17225,1,-1
2021-07-26 15:01:18.583,17225,17228,17225,1,-1
2021-07-26 15:01:18.584,17225,17228,17225,1,-1
2021-07-26 15:01:18.676,17225,17228,17226,1,1
2021-07-26 15:01:18.719,17225,17227,17225,1,-1
2021-07-26 15:01:18.825,17225,17227,17227,2,2
2021-07-26 15:01:19.084,17226,17228,17228,2,2
2021-07-26 15:01:20.365,17226,17228,17228,1,1
2021-07-26 15:01:21.836,17227,17228,17227,1,-1
2021-07-26 15:01:22.951,17226,17228,17226,2,-2
2021-07-26 15:01:23.385,17226,17228,17226,1,-1
2021-07-26 15:01:24.481,17226,17228,17226,1,-1
2021-07-26 15:01:25.087,17226,17227,17227,1,1
2021-07-26 15:01:25.325,17226,17228,17227,1,-1
2021-07-26 15:01:26.419,17226,17228,17228,3,3
2021-07-26 15:01:27.051,17226,17228,17228,1,1
2021-07-26 15:01:27.082,17227,17228,17227,1,-1
2021-07-26 15:01:27.084,17227,17228,17226,1,-1
2021-07-26 15:01:27.599,17226,17228,17228,1,1
2021-07-26 15:01:27.791,17226,17227,17227,1,1
2021-07-26 15:01:27.900,17226,17228,17226,1,-1
2021-07-26 15:01:28.092,17227,17228,17228,3,3
2021-07-26 15:01:28.682,17228,17229,17228,1,-1
2021-07-26 15:01:29.136,17228,17229,17228,1,-1
2021-07-26 15:01:29.792,17228,17229,17228,1,-1
2021-07-26 15:01:30.074,17228,17229,17228,1,-1
2021-07-26 15:01:30.918,17228,17229,17228,1,-1
2021-07-26 15:01:31.196,17228,17229,17228,5,-5
2021-07-26 15:01:31.196,17228,17229,17227,1,-1
2021-07-26 15:01:31.197,17228,17229,17227,1,-1
2021-07-26 15:01:31.197,17228,17229,17227,2,-2
2021-07-26 15:01:31.197,17228,17229,17227,1,-1
2021-07-26 15:01:31.197,17228,17229,17227,6,-6
2021-07-26 15:01:31.197,17228,17229,17227,1,-1
2021-07-26 15:01:31.197,17228,17229,17227,3,-3
2021-07-26 15:01:32.085,17228,17229,17229,10,10
2021-07-26 15:01:32.222,17228,17229,17229,1,1
2021-07-26 15:01:32.241,17228,17229,17230,6,6
2021-07-26 15:01:32.241,17228,17229,17230,5,5
2021-07-26 15:01:32.242,17228,17229,17230,1,1
2021-07-26 15:01:32.242,17228,17229,17230,6,6
2021-07-26 15:01:32.242,17228,17229,17230,1,1
2021-07-26 15:01:32.242,17228,17229,17230,1,1
2021-07-26 15:01:32.242,17228,17229,17230,6,6
2021-07-26 15:01:32.243,17228,17229,17230,1,1
2021-07-26 15:01:32.243,17228,17229,17230,11,11
2021-07-26 15:01:32.291,17228,17229,17230,1,1
2021-07-26 15:01:32.374,17229,17231,17231,3,3
2021-07-26 15:01:32.546,17229,17231,17230,1,-1
2021-07-26 15:01:32.565,17229,17231,17231,1,1
2021-07-26 15:01:32.609,17229,17231,17231,1,1
2021-07-26 15:01:32.611,17229,17231,17231,1,1
2021-07-26 15:01:32.669,17229,17231,17232,1,1
2021-07-26 15:01:32.688,17229,17231,17232,1,1
2021-07-26 15:01:32.690,17229,17231,17232,1,1
2021-07-26 15:01:33.219,17229,17232,17232,2,2
2021-07-26 15:01:33.262,17229,17232,17232,2,2
2021-07-26 15:01:33.588,17230,17232,17232,1,1
2021-07-26 15:01:33.620,17230,17232,17232,1,1
2021-07-26 15:01:33.883,17230,17232,17232,1,1
2021-07-26 15:01:34.233,17230,17232,17232,1,1
2021-07-26 15:01:34.589,17230,17232,17230,1,-1
2021-07-26 15:01:35.650,17230,17232,17232,2,2
2021-07-26 15:01:36.407,17230,17232,17232,1,1
2021-07-26 15:01:36.407,17230,17232,17233,3,3
2021-07-26 15:01:37.424,17230,17233,17233,1,1
2021-07-26 15:01:37.457,17230,17233,17230,1,-1
2021-07-26 15:01:37.457,17230,17233,17230,1,-1
2021-07-26 15:01:37.459,17230,17233,17230,1,-1
2021-07-26 15:01:39.565,17229,17230,17230,1,1
2021-07-26 15:01:40.155,17229,17231,17229,1,-1
2021-07-26 15:01:41.102,17230,17231,17231,2,2
2021-07-26 15:01:42.316,17231,17232,17231,2,-2
2021-07-26 15:01:42.334,17230,17231,17230,1,-1
2021-07-26 15:01:44.283,17229,17230,17229,1,-1
2021-07-26 15:01:44.320,17229,17230,17228,1,-1
2021-07-26 15:01:44.429,17228,17230,17228,1,-1
2021-07-26 15:01:44.429,17228,17230,17227,1,-1
2021-07-26 15:01:44.516,17227,17229,17227,1,-1
2021-07-26 15:01:44.571,17227,17229,17227,3,-3
2021-07-26 15:01:44.571,17227,17229,17226,1,-1
2021-07-26 15:01:44.966,17226,17228,17228,1,1
2021-07-26 15:01:45.788,17226,17228,17229,1,1
2021-07-26 15:01:46.339,17227,17228,17227,1,-1
2021-07-26 15:01:46.928,17227,17228,17228,2,2
2021-07-26 15:01:47.333,17228,17229,17229,1,1
2021-07-26 15:01:47.991,17229,17230,17229,1,-1
2021-07-26 15:01:48.447,17228,17230,17230,2,2
2021-07-26 15:01:51.850,17227,17229,17227,2,-2
2021-07-26 15:01:51.850,17227,17229,17227,1,-1
2021-07-26 15:01:51.851,17227,17229,17227,1,-1
2021-07-26 15:01:52.020,17226,17227,17227,1,1
2021-07-26 15:01:52.020,17226,17227,17228,3,3
2021-07-26 15:01:52.020,17226,17227,17229,1,1
2021-07-26 15:01:52.197,17226,17228,17227,1,-1
2021-07-26 15:01:52.558,17226,17228,17228,1,1
2021-07-26 15:01:53.184,17226,17228,17228,1,1
2021-07-26 15:01:54.210,17227,17229,17227,1,-1
2021-07-26 15:01:57.591,17227,17229,17229,3,3
2021-07-26 15:01:58.683,17227,17229,17229,1,1
2021-07-26 15:02:00.050,17227,17229,17227,2,-2
2021-07-26 15:02:00.746,17226,17227,17226,13,-13
2021-07-26 15:02:04.171,17225,17226,17225,1,-1
2021-07-26 15:02:04.207,17225,17226,17226,1,1
2021-07-26 15:02:04.207,17225,17226,17227,1,1
2021-07-26 15:02:04.208,17225,17226,17227,1,1
2021-07-26 15:02:04.811,17225,17227,17227,2,2
2021-07-26 15:02:04.920,17225,17227,17225,2,-2
2021-07-26 15:02:05.601,17225,17226,17226,3,3
2021-07-26 15:02:05.664,17225,17226,17225,7,-7
2021-07-26 15:02:06.665,17224,17226,17225,1,-1
2021-07-26 15:02:08.036,17224,17226,17226,1,1
2021-07-26 15:02:08.082,17224,17226,17226,1,1
2021-07-26 15:02:08.083,17224,17226,17226,1,1
2021-07-26 15:02:09.739,17224,17226,17224,1,-1
2021-07-26 15:02:11.779,17223,17226,17223,1,-1
2021-07-26 15:02:12.230,17224,17226,17226,1,1
2021-07-26 15:02:14.452,17224,17227,17227,1,1
2021-07-26 15:02:16.587,17226,17227,17226,1,-1
2021-07-26 15:02:16.587,17226,17227,17225,2,-2
2021-07-26 15:02:19.150,17225,17228,17228,1,1
2021-07-26 15:02:19.207,17226,17228,17228,1,1
2021-07-26 15:02:19.208,17226,17228,17228,1,1
2021-07-26 15:02:19.208,17226,17228,17228,1,1
2021-07-26 15:02:19.209,17226,17228,17228,1,1
2021-07-26 15:02:19.272,17226,17228,17229,1,1
2021-07-26 15:02:19.838,17227,17229,17227,1,-1
2021-07-26 15:02:21.300,17227,17228,17228,1,1
2021-07-26 15:02:22.596,17228,17229,17228,2,-2
2021-07-26 15:02:23.110,17227,17229,17229,2,2
2021-07-26 15:02:23.810,17229,17230,17230,2,2
2021-07-26 15:02:23.810,17229,17230,17230,1,1
2021-07-26 15:02:23.811,17229,17230,17230,1,1
2021-07-26 15:02:23.811,17229,17230,17230,1,1
2021-07-26 15:02:23.811,17229,17230,17230,1,1
2021-07-26 15:02:23.811,17229,17230,17230,8,8
2021-07-26 15:02:24.926,17230,17231,17230,1,-1
2021-07-26 15:02:25.126,17230,17231,17231,11,11
2021-07-26 15:02:25.187,17230,17231,17232,1,1
2021-07-26 15:02:25.283,17231,17232,17232,1,1
2021-07-26 15:02:25.757,17231,17232,17232,1,1
2021-07-26 15:02:25.758,17231,17232,17232,6,6
2021-07-26 15:02:25.758,17231,17232,17232,1,1
2021-07-26 15:02:25.982,17232,17233,17233,1,1
2021-07-26 15:02:26.581,17232,17233,17232,1,-1
2021-07-26 15:02:27.655,17232,17233,17232,5,-5
2021-07-26 15:02:27.707,17232,17233,17233,1,1
2021-07-26 15:02:28.017,17232,17233,17232,2,-2
2021-07-26 15:02:29.509,17232,17233,17232,1,-1
2021-07-26 15:02:30.869,17232,17233,17233,6,6
2021-07-26 15:02:31.011,17232,17234,17232,1,-1
2021-07-26 15:02:31.507,17233,17234,17233,1,1
2021-07-26 15:02:31.800,17233,17234,17233,1,-1
2021-07-26 15:02:32.202,17233,17234,17234,9,9
2021-07-26 15:02:32.202,17233,17234,17235,1,1
2021-07-26 15:02:32.277,17233,17235,17233,1,-1
2021-07-26 15:02:32.379,17233,17235,17235,10,10
2021-07-26 15:02:32.441,17233,17235,17235,2,2
2021-07-26 15:02:32.593,17234,17235,17234,1,-1
2021-07-26 15:02:32.641,17234,17235,17233,1,-1
2021-07-26 15:02:33.255,17233,17234,17233,1,-1
2021-07-26 15:02:33.269,17233,17234,17233,2,-2
2021-07-26 15:02:33.319,17233,17234,17233,10,-10
2021-07-26 15:02:34.037,17232,17233,17233,1,1
2021-07-26 15:02:34.671,17232,17233,17233,1,1
2021-07-26 15:02:34.829,17232,17233,17233,1,1
2021-07-26 15:02:34.830,17232,17233,17233,5,5
2021-07-26 15:02:36.212,17232,17234,17232,3,-3
2021-07-26 15:02:36.212,17232,17234,17232,1,-1
2021-07-26 15:02:36.442,17231,17233,17232,2,-2
2021-07-26 15:02:36.442,17231,17233,17233,1,1
2021-07-26 15:02:39.916,17230,17232,17232,1,1
2021-07-26 15:02:46.337,17230,17231,17231,1,1
2021-07-26 15:02:47.261,17230,17232,17230,4,-4
2021-07-26 15:02:47.993,17229,17230,17230,1,1
2021-07-26 15:02:48.727,17229,17230,17230,2,2
2021-07-26 15:02:49.152,17229,17230,17229,1,-1
2021-07-26 15:02:51.541,17228,17229,17229,1,1
2021-07-26 15:02:52.234,17228,17230,17230,1,1
2021-07-26 15:02:53.718,17229,17230,17230,3,3
2021-07-26 15:02:53.965,17230,17231,17231,1,1
2021-07-26 15:02:55.823,17230,17232,17230,1,-1
2021-07-26 15:02:56.191,17230,17232,17230,2,-2
2021-07-26 15:02:57.937,17230,17231,17230,2,-2
2021-07-26 15:03:00.546,17230,17231,17231,2,2
2021-07-26 15:03:00.640,17230,17231,17231,3,3
2021-07-26 15:03:00.946,17231,17232,17232,1,1
2021-07-26 15:03:00.946,17231,17232,17232,1,1
2021-07-26 15:03:00.946,17231,17232,17232,3,3
2021-07-26 15:03:00.946,17231,17232,17232,1,1
2021-07-26 15:03:00.947,17231,17232,17232,6,6
2021-07-26 15:03:00.952,17231,17232,17233,8,8
2021-07-26 15:03:01.170,17232,17234,17234,1,1
2021-07-26 15:03:01.586,17232,17234,17232,1,-1
2021-07-26 15:03:01.717,17232,17234,17233,1,1
2021-07-26 15:03:01.717,17232,17234,17234,4,4
2021-07-26 15:03:02.106,17232,17234,17234,1,1
2021-07-26 15:03:02.534,17232,17234,17233,1,-1
2021-07-26 15:03:02.629,17232,17234,17232,1,-1
2021-07-26 15:03:02.746,17232,17234,17234,2,2
2021-07-26 15:03:03.740,17233,17235,17235,1,1
2021-07-26 15:03:04.075,17233,17235,17235,9,9
2021-07-26 15:03:04.220,17235,17236,17235,1,-1
2021-07-26 15:03:04.421,17233,17236,17235,1,-1
2021-07-26 15:03:04.781,17233,17235,17235,1,1
2021-07-26 15:03:06.924,17234,17236,17236,1,1
2021-07-26 15:03:07.063,17234,17236,17236,8,8
2021-07-26 15:03:07.091,17235,17236,17236,6,6
2021-07-26 15:03:07.224,17235,17236,17236,3,3
2021-07-26 15:03:08.053,17234,17236,17236,1,1
2021-07-26 15:03:11.070,17236,17237,17236,1,-1
2021-07-26 15:03:11.070,17236,17237,17236,1,-1
2021-07-26 15:03:11.369,17236,17237,17236,1,-1
2021-07-26 15:03:12.638,17235,17236,17235,1,-1
2021-07-26 15:03:13.225,17235,17236,17236,1,1
2021-07-26 15:03:13.225,17235,17236,17236,4,4
2021-07-26 15:03:14.154,17235,17236,17236,1,1
2021-07-26 15:03:15.023,17235,17237,17235,1,-1
2021-07-26 15:03:19.205,17236,17237,17236,1,1
2021-07-26 15:03:19.957,17236,17237,17236,1,-1
2021-07-26 15:03:23.924,17236,17237,17236,4,-4
2021-07-26 15:03:25.234,17235,17237,17237,3,3
2021-07-26 15:03:25.601,17235,17237,17237,2,2
2021-07-26 15:03:27.249,17235,17237,17237,1,1
2021-07-26 15:03:27.885,17235,17237,17235,7,-7
2021-07-26 15:03:27.888,17235,17237,17234,2,-2
2021-07-26 15:03:27.918,17235,17237,17233,1,-1
2021-07-26 15:03:28.871,17232,17234,17232,1,-1
2021-07-26 15:03:29.229,17233,17235,17233,1,1
2021-07-26 15:03:29.443,17233,17234,17233,1,-1
2021-07-26 15:03:30.425,17232,17233,17232,1,-1
2021-07-26 15:03:30.731,17231,17233,17231,1,-1
2021-07-26 15:03:32.906,17231,17232,17231,1,-1
2021-07-26 15:03:33.143,17230,17232,17232,1,1
2021-07-26 15:03:33.230,17230,17232,17230,1,-1
2021-07-26 15:03:34.365,17230,17232,17230,4,-4
2021-07-26 15:03:35.495,17230,17232,17232,1,1
2021-07-26 15:03:38.184,17230,17231,17230,1,-1
2021-07-26 15:03:38.858,17229,17230,17230,1,1
2021-07-26 15:03:41.861,17230,17231,17231,2,2
2021-07-26 15:03:43.019,17231,17232,17232,1,1
2021-07-26 15:03:44.731,17231,17233,17231,1,-1
2021-07-26 15:03:46.473,17231,17232,17231,1,-1
2021-07-26 15:03:46.924,17231,17232,17232,1,1
2021-07-26 15:03:47.583,17231,17232,17231,2,-2
2021-07-26 15:03:48.539,17230,17231,17230,2,-2
2021-07-26 15:03:48.540,17230,17231,17230,1,-1
2021-07-26 15:03:48.540,17230,17231,17230,1,-1
2021-07-26 15:03:48.540,17230,17231,17230,2,-2
2021-07-26 15:03:48.540,17230,17231,17230,1,-1
2021-07-26 15:03:48.540,17230,17231,17230,8,-8
2021-07-26 15:03:50.206,17229,17231,17230,1,-1
2021-07-26 15:03:53.433,17230,17231,17230,1,-1
2021-07-26 15:03:53.773,17230,17231,17231,2,2
2021-07-26 15:03:53.874,17230,17231,17231,1,1
2021-07-26 15:03:58.213,17230,17232,17232,5,5
2021-07-26 15:04:00.078,17230,17232,17231,1,-1
2021-07-26 15:04:00.084,17230,17232,17232,1,1
2021-07-26 15:04:00.085,17230,17232,17232,1,1
2021-07-26 15:04:00.357,17231,17233,17231,2,-2
2021-07-26 15:04:00.404,17231,17233,17232,2,2
2021-07-26 15:04:00.429,17231,17233,17232,1,-1
2021-07-26 15:04:00.429,17231,17233,17233,1,1
2021-07-26 15:04:00.437,17231,17233,17233,1,1
2021-07-26 15:04:00.448,17231,17233,17233,3,3
2021-07-26 15:04:00.481,17231,17233,17233,1,1
2021-07-26 15:04:00.482,17231,17233,17233,1,1
2021-07-26 15:04:00.494,17231,17233,17233,2,2
2021-07-26 15:04:00.542,17231,17233,17234,1,1
2021-07-26 15:04:00.553,17231,17233,17234,1,1
2021-07-26 15:04:00.622,17232,17234,17234,1,1
2021-07-26 15:04:01.127,17232,17234,17234,1,1
2021-07-26 15:04:01.164,17232,17234,17234,1,1
2021-07-26 15:04:01.207,17232,17234,17234,1,1
2021-07-26 15:04:01.207,17232,17234,17234,1,1
2021-07-26 15:04:01.207,17232,17234,17234,1,1
2021-07-26 15:04:01.207,17232,17234,17234,1,1
2021-07-26 15:04:01.207,17232,17234,17234,1,1
2021-07-26 15:04:01.208,17232,17234,17235,1,1
2021-07-26 15:04:01.208,17232,17234,17235,1,1
2021-07-26 15:04:01.208,17232,17234,17235,1,1
2021-07-26 15:04:01.208,17232,17234,17235,1,1
2021-07-26 15:04:01.208,17232,17234,17235,1,1
2021-07-26 15:04:01.208,17232,17234,17235,1,1
2021-07-26 15:04:01.209,17232,17234,17235,1,1
2021-07-26 15:04:01.216,17232,17234,17233,1,-1
2021-07-26 15:04:02.712,17233,17235,17233,2,-2
2021-07-26 15:04:03.845,17232,17234,17234,2,2
2021-07-26 15:04:05.434,17234,17235,17235,1,1
2021-07-26 15:04:08.911,17233,17235,17235,1,1
2021-07-26 15:04:10.476,17233,17235,17233,1,-1
2021-07-26 15:04:10.954,17233,17235,17235,9,9
2021-07-26 15:04:12.157,17233,17234,17234,1,1
2021-07-26 15:04:12.396,17233,17234,17234,1,1
2021-07-26 15:04:13.127,17233,17234,17234,1,1
2021-07-26 15:04:15.118,17233,17235,17233,1,-1
2021-07-26 15:04:15.118,17233,17235,17233,5,-5
2021-07-26 15:04:18.054,17233,17234,17234,3,3
2021-07-26 15:04:25.238,17233,17235,17233,1,-1
2021-07-26 15:04:25.332,17233,17235,17235,1,1
2021-07-26 15:04:25.439,17233,17235,17233,1,-1
2021-07-26 15:04:26.057,17233,17235,17234,1,1
2021-07-26 15:04:26.813,17233,17235,17233,3,-3
2021-07-26 15:04:27.099,17232,17234,17234,1,1
2021-07-26 15:04:27.208,17232,17234,17234,1,1
2021-07-26 15:04:27.209,17232,17234,17234,1,1
2021-07-26 15:04:28.581,17232,17233,17232,2,-2
2021-07-26 15:04:29.698,17231,17233,17231,1,-1
2021-07-26 15:04:32.793,17231,17233,17231,5,-5
2021-07-26 15:04:37.516,17231,17233,17231,5,-5
2021-07-26 15:04:41.907,17231,17232,17231,1,-1
2021-07-26 15:04:48.930,17230,17231,17230,1,-1
2021-07-26 15:04:48.939,17230,17231,17230,1,-1
2021-07-26 15:04:49.326,17230,17231,17231,1,1
2021-07-26 15:04:53.777,17230,17231,17230,1,-1
2021-07-26 15:04:58.985,17230,17231,17230,1,-1
2021-07-26 15:05:00.229,17230,17231,17230,5,-5
2021-07-26 15:05:00.230,17230,17231,17230,6,-6
2021-07-26 15:05:00.230,17230,17231,17230,2,-2
2021-07-26 15:05:00.230,17230,17231,17230,3,-3
2021-07-26 15:05:00.394,17229,17230,17229,3,-3
2021-07-26 15:05:00.395,17229,17230,17229,1,-1
2021-07-26 15:05:00.601,17229,17230,17230,1,1
2021-07-26 15:05:00.621,17229,17230,17229,2,-2
2021-07-26 15:05:00.621,17229,17230,17229,6,-6
2021-07-26 15:05:00.776,17229,17230,17229,6,-6
2021-07-26 15:05:00.841,17228,17229,17228,2,-2
2021-07-26 15:05:00.950,17228,17229,17229,2,2
2021-07-26 15:05:01.073,17228,17229,17229,2,2
2021-07-26 15:05:01.244,17228,17229,17229,2,2
2021-07-26 15:05:01.380,17228,17229,17228,2,-2
2021-07-26 15:05:01.513,17228,17229,17229,1,1
2021-07-26 15:05:01.565,17228,17229,17228,1,-1
2021-07-26 15:05:02.725,17228,17229,17228,1,-1
2021-07-26 15:05:02.761,17228,17229,17228,1,-1
2021-07-26 15:05:05.400,17229,17230,17229,2,2
2021-07-26 15:05:05.400,17229,17230,17228,1,-1
2021-07-26 15:05:05.420,17229,17230,17230,3,3
2021-07-26 15:05:05.629,17230,17231,17231,1,1
2021-07-26 15:05:05.838,17230,17231,17231,4,4
2021-07-26 15:05:06.587,17232,17233,17232,1,1
2021-07-26 15:05:08.685,17231,17232,17232,1,1
2021-07-26 15:05:12.017,17232,17233,17233,1,1
2021-07-26 15:05:13.121,17231,17234,17234,1,1
2021-07-26 15:05:15.520,17232,17234,17232,1,-1
2021-07-26 15:05:16.578,17232,17233,17232,1,-1
2021-07-26 15:05:16.632,17231,17233,17233,4,4
2021-07-26 15:05:16.913,17232,17234,17234,1,1
2021-07-26 15:05:17.146,17232,17234,17234,1,1
2021-07-26 15:05:17.711,17233,17234,17234,1,1
2021-07-26 15:05:17.800,17233,17234,17234,1,1
2021-07-26 15:05:17.801,17233,17234,17234,1,1
2021-07-26 15:05:17.874,17233,17234,17234,1,1
2021-07-26 15:05:20.400,17234,17235,17235,12,12
2021-07-26 15:05:20.400,17234,17235,17236,8,8
2021-07-26 15:05:20.525,17235,17236,17236,3,3
2021-07-26 15:05:20.598,17235,17236,17236,1,1
2021-07-26 15:05:20.748,17235,17236,17235,1,-1
2021-07-26 15:05:20.787,17235,17236,17235,1,-1
2021-07-26 15:05:20.815,17235,17236,17236,3,3
2021-07-26 15:05:20.867,17235,17236,17235,1,-1
2021-07-26 15:05:20.931,17235,17236,17235,1,-1
2021-07-26 15:05:21.130,17234,17236,17234,1,-1
2021-07-26 15:05:21.140,17234,17236,17234,1,-1
2021-07-26 15:05:21.382,17234,17236,17234,1,-1
2021-07-26 15:05:21.413,17234,17236,17234,1,-1
2021-07-26 15:05:21.632,17234,17235,17234,1,-1
2021-07-26 15:05:22.088,17233,17235,17235,1,1
2021-07-26 15:05:22.543,17233,17235,17235,1,1
2021-07-26 15:05:22.883,17233,17235,17235,2,2
2021-07-26 15:05:24.103,17234,17235,17235,1,1
2021-07-26 15:05:25.226,17235,17236,17235,2,-2
2021-07-26 15:05:26.066,17234,17235,17235,1,1
2021-07-26 15:05:26.185,17234,17235,17234,1,-1
2021-07-26 15:05:26.721,17232,17234,17234,2,2
2021-07-26 15:05:27.205,17232,17234,17234,1,1
2021-07-26 15:05:27.205,17232,17234,17235,1,1
2021-07-26 15:05:28.166,17232,17234,17234,1,1
2021-07-26 15:05:29.461,17232,17234,17232,2,-2
2021-07-26 15:05:29.496,17232,17234,17231,1,-1
2021-07-26 15:05:29.512,17232,17234,17233,1,1
2021-07-26 15:05:31.649,17232,17233,17232,1,-1
2021-07-26 15:05:31.853,17231,17232,17231,1,-1
2021-07-26 15:05:33.985,17230,17232,17232,6,6
2021-07-26 15:05:33.985,17230,17232,17233,4,4
2021-07-26 15:05:34.911,17231,17233,17231,1,-1
2021-07-26 15:05:36.793,17232,17233,17232,1,1
2021-07-26 15:05:39.450,17230,17231,17230,1,-1
2021-07-26 15:05:39.457,17229,17231,17231,1,1
2021-07-26 15:05:39.748,17230,17231,17231,1,1
2021-07-26 15:05:39.781,17230,17231,17230,1,-1
2021-07-26 15:05:40.977,17229,17230,17230,2,2
2021-07-26 15:05:44.800,17230,17231,17230,1,-1
2021-07-26 15:05:47.336,17230,17231,17231,1,1
2021-07-26 15:05:47.782,17231,17232,17231,1,-1
2021-07-26 15:05:48.325,17231,17232,17232,1,1
2021-07-26 15:05:48.325,17231,17232,17232,1,1
2021-07-26 15:05:48.488,17231,17233,17231,1,-1
2021-07-26 15:05:54.738,17231,17232,17232,2,2
2021-07-26 15:05:56.073,17231,17233,17231,1,-1
2021-07-26 15:05:57.281,17230,17232,17232,3,3
2021-07-26 15:06:00.839,17231,17232,17231,1,-1
2021-07-26 15:06:01.599,17230,17232,17232,2,2
2021-07-26 15:06:03.526,17231,17232,17231,1,-1
2021-07-26 15:06:10.146,17230,17231,17231,1,1
2021-07-26 15:06:10.300,17230,17231,17230,3,-3
2021-07-26 15:06:11.337,17229,17230,17230,1,1
2021-07-26 15:06:19.647,17229,17230,17230,9,9
2021-07-26 15:06:22.841,17229,17231,17229,1,-1
2021-07-26 15:06:23.892,17229,17230,17229,2,-2
2021-07-26 15:06:24.392,17228,17230,17229,1,-1
2021-07-26 15:06:28.491,17228,17229,17228,1,-1
2021-07-26 15:06:29.632,17228,17229,17229,1,1
2021-07-26 15:06:34.499,17228,17229,17229,5,5
2021-07-26 15:06:35.209,17228,17229,17229,2,2
2021-07-26 15:06:37.515,17229,17230,17229,1,-1
2021-07-26 15:06:40.796,17228,17229,17229,1,1
2021-07-26 15:06:45.389,17228,17230,17228,1,-1
2021-07-26 15:06:49.328,17228,17229,17228,2,-2
2021-07-26 15:06:49.328,17228,17229,17228,4,-4
2021-07-26 15:06:49.328,17228,17229,17228,1,-1
2021-07-26 15:06:49.433,17227,17228,17227,1,-1
2021-07-26 15:06:49.470,17227,17228,17228,1,1
2021-07-26 15:06:50.396,17227,17228,17227,1,-1
2021-07-26 15:06:51.813,17227,17228,17228,2,2
2021-07-26 15:06:55.795,17227,17229,17227,1,-1
2021-07-26 15:06:58.614,17227,17228,17227,1,-1
2021-07-26 15:06:58.614,17227,17228,17227,1,-1
2021-07-26 15:06:59.775,17226,17227,17227,1,1
2021-07-26 15:07:03.417,17227,17228,17228,3,3
2021-07-26 15:07:04.239,17228,17229,17229,1,1
2021-07-26 15:07:04.239,17228,17229,17230,1,1
2021-07-26 15:07:04.524,17229,17230,17229,2,-2
2021-07-26 15:07:04.532,17229,17230,17228,4,-4
2021-07-26 15:07:04.573,17229,17230,17227,3,-3
2021-07-26 15:07:05.075,17228,17229,17229,1,1
2021-07-26 15:07:05.503,17228,17230,17228,1,-1
2021-07-26 15:07:07.418,17227,17229,17227,1,-1
2021-07-26 15:07:07.418,17227,17229,17226,2,-2
2021-07-26 15:07:08.629,17226,17227,17227,1,1
2021-07-26 15:07:12.873,17227,17228,17227,1,-1
2021-07-26 15:07:15.286,17226,17227,17226,1,-1
2021-07-26 15:07:16.437,17226,17227,17227,1,1
2021-07-26 15:07:17.210,17226,17227,17227,6,6
2021-07-26 15:07:20.956,17228,17229,17229,2,2
2021-07-26 15:07:20.957,17228,17229,17229,2,2
2021-07-26 15:07:21.325,17229,17231,17229,1,-1
2021-07-26 15:07:33.605,17229,17230,17230,1,1
2021-07-26 15:07:33.605,17229,17230,17230,1,1
2021-07-26 15:07:33.605,17229,17230,17230,1,1
2021-07-26 15:07:39.301,17230,17231,17231,2,2
2021-07-26 15:07:39.777,17230,17232,17230,3,-3
2021-07-26 15:07:40.780,17230,17231,17231,1,1
2021-07-26 15:07:40.940,17230,17231,17231,1,1
2021-07-26 15:07:44.660,17230,17231,17231,1,1
2021-07-26 15:07:48.990,17230,17232,17232,3,3
2021-07-26 15:07:49.651,17230,17231,17230,1,-1
2021-07-26 15:07:53.888,17230,17232,17232,2,2
2021-07-26 15:07:57.322,17231,17232,17232,1,1
2021-07-26 15:08:01.404,17230,17232,17232,7,7
2021-07-26 15:08:01.404,17230,17232,17233,13,13
2021-07-26 15:08:04.499,17231,17233,17233,2,2
2021-07-26 15:08:08.718,17230,17233,17233,1,1
2021-07-26 15:08:15.806,17231,17232,17231,1,-1
2021-07-26 15:08:19.068,17231,17232,17232,2,2
2021-07-26 15:08:20.476,17232,17233,17232,3,-3
2021-07-26 15:08:20.584,17232,17233,17233,1,1
2021-07-26 15:08:21.310,17232,17233,17232,1,-1
2021-07-26 15:08:27.052,17232,17233,17232,2,-2
2021-07-26 15:08:29.162,17232,17233,17233,1,1
2021-07-26 15:08:33.303,17233,17234,17233,1,-1
2021-07-26 15:08:39.166,17233,17234,17233,1,-1
2021-07-26 15:08:41.058,17232,17233,17233,1,1
2021-07-26 15:08:50.473,17233,17234,17233,2,-2
2021-07-26 15:08:50.802,17232,17233,17233,4,4
2021-07-26 15:08:53.303,17233,17234,17234,1,1
2021-07-26 15:09:00.720,17233,17234,17233,1,-1
2021-07-26 15:09:01.046,17233,17234,17234,1,1
2021-07-26 15:09:03.019,17233,17234,17233,1,-1
2021-07-26 15:09:03.020,17233,17234,17233,1,-1
2021-07-26 15:09:03.501,17232,17234,17232,2,-2
2021-07-26 15:09:12.880,17232,17233,17232,2,-2
2021-07-26 15:09:12.881,17232,17233,17232,1,-1
2021-07-26 15:09:14.676,17231,17232,17231,1,-1
2021-07-26 15:09:14.676,17231,17232,17231,1,-1
2021-07-26 15:09:14.676,17231,17232,17231,1,-1
2021-07-26 15:09:14.676,17231,17232,17231,1,-1
2021-07-26 15:09:14.676,17231,17232,17231,4,-4
2021-07-26 15:09:17.986,17230,17231,17231,8,8
2021-07-26 15:09:18.923,17230,17232,17231,1,-1
2021-07-26 15:09:20.572,17230,17231,17230,8,-8
2021-07-26 15:09:20.649,17229,17230,17229,6,-6
2021-07-26 15:09:22.718,17228,17230,17230,1,1
2021-07-26 15:09:24.591,17229,17231,17229,1,-1
2021-07-26 15:09:27.522,17229,17231,17231,2,2
2021-07-26 15:09:33.742,17229,17231,17230,2,-2
2021-07-26 15:09:41.569,17230,17231,17231,4,4
2021-07-26 15:09:47.762,17231,17232,17232,2,2
2021-07-26 15:09:47.767,17231,17232,17233,2,2
2021-07-26 15:09:48.403,17231,17233,17231,3,-3
2021-07-26 15:09:49.928,17230,17232,17231,1,-1
2021-07-26 15:10:00.330,17230,17232,17230,1,-1
2021-07-26 15:10:00.330,17230,17231,17230,1,-1
2021-07-26 15:10:00.330,17230,17231,17230,2,-2
2021-07-26 15:10:00.330,17230,17231,17230,1,-1
2021-07-26 15:10:00.330,17230,17231,17230,4,-4
2021-07-26 15:10:00.461,17229,17230,17229,3,-3
2021-07-26 15:10:00.480,17229,17230,17229,1,-1
2021-07-26 15:10:00.499,17229,17230,17229,1,-1
2021-07-26 15:10:00.500,17229,17230,17229,1,-1
2021-07-26 15:10:00.508,17229,17230,17229,1,-1
2021-07-26 15:10:00.703,17229,17230,17229,1,-1
2021-07-26 15:10:00.759,17229,17230,17229,1,-1
2021-07-26 15:10:00.762,17229,17230,17229,1,-1
2021-07-26 15:10:01.285,17228,17229,17228,1,-1
2021-07-26 15:10:01.423,17228,17229,17229,1,1
2021-07-26 15:10:02.749,17228,17229,17229,1,1
2021-07-26 15:10:05.802,17227,17229,17229,1,1
2021-07-26 15:10:06.207,17227,17228,17228,1,1
2021-07-26 15:10:06.207,17227,17228,17229,7,7
2021-07-26 15:10:07.162,17227,17229,17227,2,-2
2021-07-26 15:10:10.333,17228,17229,17228,1,1
2021-07-26 15:10:12.232,17227,17228,17228,1,1
2021-07-26 15:10:16.000,17228,17229,17229,2,2
2021-07-26 15:10:16.757,17229,17230,17229,7,-7
2021-07-26 15:10:17.963,17227,17228,17227,1,-1
2021-07-26 15:10:20.726,17226,17227,17227,1,1
2021-07-26 15:10:22.556,17227,17228,17227,7,-7
2021-07-26 15:10:22.658,17226,17228,17226,1,-1
2021-07-26 15:10:22.720,17226,17227,17226,1,-1
2021-07-26 15:10:22.720,17226,17227,17226,6,-6
2021-07-26 15:10:26.751,17225,17226,17226,4,4
2021-07-26 15:10:29.066,17226,17227,17226,3,-3
2021-07-26 15:10:29.083,17226,17227,17227,1,1
2021-07-26 15:10:31.478,17226,17227,17227,2,2
2021-07-26 15:10:31.479,17226,17227,17227,6,6
2021-07-26 15:10:32.012,17226,17227,17226,1,-1
2021-07-26 15:10:32.478,17225,17226,17225,1,-1
2021-07-26 15:10:32.478,17225,17226,17225,8,-8
2021-07-26 15:10:32.478,17225,17226,17225,2,-2
2021-07-26 15:10:35.902,17224,17225,17225,1,1
2021-07-26 15:10:36.139,17225,17227,17225,1,-1
2021-07-26 15:10:36.767,17225,17226,17225,1,-1
2021-07-26 15:10:37.340,17225,17226,17226,1,1
2021-07-26 15:10:37.466,17225,17226,17225,5,-5
2021-07-26 15:10:37.737,17224,17225,17225,1,1
2021-07-26 15:10:38.912,17224,17226,17224,3,-3
2021-07-26 15:10:40.527,17224,17225,17224,1,-1
2021-07-26 15:10:42.443,17223,17224,17223,1,-1
2021-07-26 15:10:42.601,17223,17224,17223,8,-8
2021-07-26 15:10:43.318,17222,17223,17222,1,-1
2021-07-26 15:10:45.366,17222,17223,17223,2,2
2021-07-26 15:10:49.910,17222,17223,17223,6,6
2021-07-26 15:10:49.911,17222,17223,17223,1,1
2021-07-26 15:10:49.912,17222,17223,17223,1,1
2021-07-26 15:10:53.966,17222,17223,17223,2,2
2021-07-26 15:10:54.082,17223,17224,17224,1,1
2021-07-26 15:10:54.084,17223,17224,17225,1,1
2021-07-26 15:10:54.084,17223,17224,17225,1,1
2021-07-26 15:10:54.084,17223,17224,17225,1,1
2021-07-26 15:10:54.149,17223,17224,17223,1,-1
2021-07-26 15:10:54.588,17223,17225,17223,2,-2
2021-07-26 15:10:54.959,17223,17225,17223,1,-1
2021-07-26 15:10:55.063,17223,17225,17223,6,-6
2021-07-26 15:10:56.730,17223,17224,17223,1,-1
2021-07-26 15:10:57.426,17223,17224,17224,1,1
2021-07-26 15:10:57.913,17223,17225,17223,1,-1
2021-07-26 15:11:02.684,17224,17225,17225,3,3
2021-07-26 15:11:02.863,17224,17226,17226,1,1
2021-07-26 15:11:03.250,17224,17226,17224,2,-2
2021-07-26 15:11:05.225,17224,17225,17225,3,3
2021-07-26 15:11:05.225,17224,17225,17226,1,1
2021-07-26 15:11:07.918,17225,17226,17225,1,-1
2021-07-26 15:11:10.715,17225,17226,17226,2,2
2021-07-26 15:11:10.715,17225,17226,17227,1,1
2021-07-26 15:11:11.273,17225,17226,17226,2,2
2021-07-26 15:11:11.274,17225,17226,17226,1,1
2021-07-26 15:11:20.352,17226,17227,17226,2,-2
2021-07-26 15:11:21.578,17226,17227,17226,1,-1
2021-07-26 15:11:21.578,17226,17227,17226,2,-2
2021-07-26 15:11:21.578,17226,17227,17226,5,-5
2021-07-26 15:11:24.744,17225,17226,17226,3,3
2021-07-26 15:11:24.744,17225,17226,17226,5,5
2021-07-26 15:11:28.516,17225,17227,17227,3,3
2021-07-26 15:11:28.594,17226,17228,17226,2,-2
2021-07-26 15:11:28.594,17226,17228,17225,1,-1
2021-07-26 15:11:30.822,17226,17227,17227,1,1
2021-07-26 15:11:44.699,17226,17227,17227,5,5
2021-07-26 15:11:44.737,17227,17228,17227,1,-1
2021-07-26 15:11:46.747,17227,17228,17228,1,1
2021-07-26 15:11:46.859,17228,17229,17229,2,2
2021-07-26 15:11:47.234,17228,17229,17229,1,1
2021-07-26 15:12:04.456,17226,17227,17226,9,-9
2021-07-26 15:12:04.581,17225,17226,17225,7,-7
2021-07-26 15:12:04.962,17225,17226,17225,2,-2
2021-07-26 15:12:05.263,17225,17226,17225,2,-2
2021-07-26 15:12:05.770,17225,17227,17225,1,-1
2021-07-26 15:12:09.071,17225,17226,17226,1,1
2021-07-26 15:12:13.096,17226,17227,17226,1,-1
2021-07-26 15:12:13.375,17226,17227,17226,1,-1
2021-07-26 15:12:15.609,17226,17227,17226,1,-1
2021-07-26 15:12:16.835,17226,17227,17226,1,-1
2021-07-26 15:12:19.153,17226,17227,17227,4,4
2021-07-26 15:12:22.034,17227,17228,17227,5,-5
2021-07-26 15:12:26.367,17226,17228,17226,1,-1
2021-07-26 15:12:27.468,17226,17227,17227,2,2
2021-07-26 15:12:35.236,17227,17228,17227,1,-1
2021-07-26 15:12:39.989,17227,17228,17227,1,-1
2021-07-26 15:12:43.185,17227,17228,17227,1,-1
2021-07-26 15:12:43.185,17227,17228,17226,4,-4
2021-07-26 15:12:46.290,17226,17227,17227,2,2
2021-07-26 15:12:52.389,17227,17228,17227,1,-1
2021-07-26 15:12:53.861,17226,17227,17226,3,-3
2021-07-26 15:12:53.861,17226,17227,17226,1,-1
2021-07-26 15:12:53.861,17226,17227,17226,3,-3
2021-07-26 15:12:53.862,17226,17227,17226,1,-1
2021-07-26 15:12:57.282,17225,17227,17227,1,1
2021-07-26 15:13:02.050,17225,17226,17225,1,-1
2021-07-26 15:13:02.051,17225,17226,17225,3,-3
2021-07-26 15:13:02.051,17225,17226,17225,1,-1
2021-07-26 15:13:02.051,17225,17226,17225,1,-1
2021-07-26 15:13:02.051,17225,17226,17225,1,-1
2021-07-26 15:13:02.051,17225,17226,17225,4,-4
2021-07-26 15:13:05.526,17224,17225,17224,5,-5
2021-07-26 15:13:05.577,17224,17225,17224,3,-3
2021-07-26 15:13:05.835,17223,17225,17223,2,-2
2021-07-26 15:13:07.851,17222,17224,17222,1,-1
2021-07-26 15:13:07.851,17222,17224,17222,1,-1
2021-07-26 15:13:07.852,17222,17224,17222,5,-5
2021-07-26 15:13:11.502,17223,17224,17223,1,1
2021-07-26 15:13:13.856,17223,17224,17223,4,-4
2021-07-26 15:13:13.856,17223,17224,17222,1,-1
2021-07-26 15:13:21.949,17222,17223,17222,1,-1
2021-07-26 15:13:24.026,17222,17223,17222,1,-1
2021-07-26 15:13:30.447,17221,17222,17221,1,-1
2021-07-26 15:13:31.409,17221,17222,17222,1,1
2021-07-26 15:13:34.149,17222,17223,17222,1,-1
2021-07-26 15:13:36.737,17221,17222,17222,2,2
2021-07-26 15:13:37.323,17222,17223,17223,1,1
2021-07-26 15:13:40.462,17223,17224,17224,3,3
2021-07-26 15:13:44.518,17223,17224,17223,6,-6
2021-07-26 15:13:44.519,17223,17224,17223,4,-4
2021-07-26 15:13:45.613,17223,17224,17224,1,1
2021-07-26 15:13:45.613,17223,17224,17224,1,1
2021-07-26 15:13:57.031,17224,17225,17225,2,2
2021-07-26 15:13:57.608,17224,17225,17224,1,-1
2021-07-26 15:13:57.643,17224,17225,17224,2,-2
2021-07-26 15:13:58.441,17223,17224,17224,3,3
2021-07-26 15:13:59.323,17224,17225,17224,1,-1
2021-07-26 15:14:02.554,17223,17224,17223,2,-2
2021-07-26 15:14:02.554,17223,17224,17223,1,-1
2021-07-26 15:14:03.721,17222,17224,17224,1,1
2021-07-26 15:14:04.430,17222,17224,17224,1,1
2021-07-26 15:14:06.384,17222,17223,17222,2,-2
2021-07-26 15:14:07.375,17222,17223,17223,1,1
2021-07-26 15:14:08.012,17223,17224,17224,1,1
2021-07-26 15:14:09.607,17223,17225,17223,2,-2
2021-07-26 15:14:09.607,17223,17225,17222,3,-3
2021-07-26 15:14:10.010,17223,17225,17223,1,1
2021-07-26 15:14:10.010,17223,17225,17222,2,-2
2021-07-26 15:14:17.103,17223,17224,17224,1,1
2021-07-26 15:14:18.713,17224,17225,17224,1,-1
2021-07-26 15:14:27.323,17223,17225,17223,2,-2
2021-07-26 15:14:29.647,17224,17225,17224,1,1
2021-07-26 15:14:31.246,17224,17225,17224,1,-1
2021-07-26 15:14:33.802,17224,17225,17224,1,-1
2021-07-26 15:14:39.928,17223,17224,17224,1,1
2021-07-26 15:14:40.475,17223,17224,17224,1,1
2021-07-26 15:14:49.737,17223,17224,17224,2,2
2021-07-26 15:14:56.098,17223,17225,17225,1,1
2021-07-26 15:14:58.798,17223,17224,17224,1,1
2021-07-26 15:15:05.591,17223,17224,17224,1,1
2021-07-26 15:15:05.592,17223,17224,17224,5,5
2021-07-26 15:15:05.856,17223,17225,17223,3,-3
2021-07-26 15:15:05.866,17223,17225,17223,4,-4
2021-07-26 15:15:05.875,17223,17225,17223,2,-2
2021-07-26 15:15:05.947,17223,17225,17224,3,3
2021-07-26 15:15:05.975,17223,17224,17224,1,1
2021-07-26 15:15:05.978,17223,17224,17225,1,1
2021-07-26 15:15:05.983,17223,17224,17225,1,1
2021-07-26 15:15:06.027,17223,17224,17225,1,1
2021-07-26 15:15:06.065,17223,17224,17225,1,1
2021-07-26 15:15:06.071,17223,17224,17225,1,1
2021-07-26 15:15:06.080,17223,17225,17225,1,1
2021-07-26 15:15:06.113,17223,17225,17225,1,1
2021-07-26 15:15:06.254,17223,17225,17225,1,1
2021-07-26 15:15:06.438,17223,17225,17223,1,-1
2021-07-26 15:15:06.448,17223,17225,17223,1,-1
2021-07-26 15:15:06.454,17223,17225,17222,1,-1
2021-07-26 15:15:06.485,17222,17224,17222,1,-1
2021-07-26 15:15:06.561,17222,17224,17224,1,1
2021-07-26 15:15:10.939,17224,17225,17225,9,9
2021-07-26 15:15:10.957,17225,17226,17226,1,1
2021-07-26 15:15:10.957,17225,17226,17226,1,1
2021-07-26 15:15:10.957,17225,17226,17227,1,1
2021-07-26 15:15:12.217,17226,17227,17226,1,-1
2021-07-26 15:15:12.620,17224,17226,17224,4,-4
2021-07-26 15:15:14.373,17224,17226,17224,1,-1
2021-07-26 15:15:14.726,17224,17225,17224,1,-1
2021-07-26 15:15:20.904,17224,17226,17224,1,-1
2021-07-26 15:15:22.857,17223,17224,17223,1,-1
2021-07-26 15:15:22.957,17222,17223,17223,1,1
2021-07-26 15:15:22.958,17222,17223,17223,1,1
2021-07-26 15:15:35.065,17222,17223,17222,1,-1
2021-07-26 15:15:35.681,17221,17222,17222,1,1
2021-07-26 15:15:35.681,17221,17222,17223,6,6
2021-07-26 15:15:36.010,17222,17223,17222,1,-1
2021-07-26 15:15:36.083,17221,17223,17223,1,1
2021-07-26 15:15:39.969,17222,17223,17223,1,1
2021-07-26 15:15:40.082,17222,17223,17223,1,1
2021-07-26 15:15:40.810,17222,17223,17223,3,3
2021-07-26 15:15:40.810,17222,17223,17223,4,4
2021-07-26 15:15:52.940,17222,17223,17222,1,-1
2021-07-26 15:15:52.962,17222,17223,17222,1,-1
2021-07-26 15:15:54.100,17221,17223,17221,1,-1
2021-07-26 15:15:58.939,17221,17222,17221,5,-5
2021-07-26 15:15:59.095,17221,17222,17221,8,-8
2021-07-26 15:16:01.496,17220,17221,17221,1,1
2021-07-26 15:16:01.968,17220,17221,17220,1,-1
2021-07-26 15:16:02.250,17220,17221,17220,1,-1
2021-07-26 15:16:02.332,17220,17221,17221,1,1
2021-07-26 15:16:02.335,17220,17221,17221,1,1
2021-07-26 15:16:02.376,17220,17221,17220,1,-1
2021-07-26 15:16:02.432,17220,17221,17222,1,1
2021-07-26 15:16:03.340,17220,17221,17221,1,1
2021-07-26 15:16:04.859,17221,17222,17221,1,-1
2021-07-26 15:16:05.250,17220,17222,17220,1,-1
2021-07-26 15:16:08.582,17220,17222,17220,3,-3
2021-07-26 15:16:11.366,17220,17221,17220,1,-1
2021-07-26 15:16:11.457,17220,17221,17221,1,1
2021-07-26 15:16:11.457,17220,17221,17222,1,1
2021-07-26 15:16:11.457,17220,17221,17222,1,1
2021-07-26 15:16:11.457,17220,17221,17222,1,1
2021-07-26 15:16:11.457,17220,17221,17222,1,1
2021-07-26 15:16:11.458,17220,17221,17222,1,1
2021-07-26 15:16:11.458,17220,17221,17222,1,1
2021-07-26 15:16:21.338,17220,17222,17222,3,3
2021-07-26 15:16:21.750,17220,17222,17222,3,3
2021-07-26 15:16:22.078,17220,17222,17222,1,1
2021-07-26 15:16:22.078,17220,17222,17223,2,2
2021-07-26 15:16:22.082,17221,17223,17223,1,1
2021-07-26 15:16:22.082,17221,17223,17223,1,1
2021-07-26 15:16:22.082,17221,17223,17223,1,1
2021-07-26 15:16:22.083,17221,17223,17223,1,1
2021-07-26 15:16:22.366,17221,17223,17223,3,3
2021-07-26 15:16:23.066,17221,17224,17223,2,-2
2021-07-26 15:16:26.542,17223,17224,17224,3,3
2021-07-26 15:16:27.261,17223,17225,17223,2,-2
2021-07-26 15:16:27.332,17222,17225,17225,1,1
2021-07-26 15:16:27.332,17222,17225,17225,1,1
2021-07-26 15:16:27.332,17222,17225,17225,1,1
2021-07-26 15:16:27.333,17222,17225,17225,1,1
2021-07-26 15:16:27.333,17222,17225,17225,1,1
2021-07-26 15:16:27.333,17222,17225,17225,1,1
2021-07-26 15:16:29.302,17224,17225,17224,2,-2
2021-07-26 15:16:30.750,17224,17225,17225,1,1
2021-07-26 15:16:31.269,17224,17226,17224,5,-5
2021-07-26 15:16:31.839,17223,17225,17225,1,1
2021-07-26 15:16:31.839,17223,17225,17225,2,2
2021-07-26 15:16:34.405,17223,17225,17225,1,1
2021-07-26 15:16:34.451,17223,17225,17223,1,-1
2021-07-26 15:16:35.752,17224,17225,17225,1,1
2021-07-26 15:16:37.110,17225,17226,17226,3,3
2021-07-26 15:16:37.110,17225,17226,17226,1,1
2021-07-26 15:16:39.210,17225,17226,17226,3,3
2021-07-26 15:16:39.211,17225,17226,17226,1,1
2021-07-26 15:16:39.332,17225,17227,17227,1,1
2021-07-26 15:16:39.332,17225,17227,17227,1,1
2021-07-26 15:16:39.678,17225,17227,17227,3,3
2021-07-26 15:16:40.462,17225,17227,17227,3,3
2021-07-26 15:16:41.766,17225,17227,17227,1,1
2021-07-26 15:16:43.759,17226,17227,17227,1,1
2021-07-26 15:16:44.974,17226,17228,17228,1,1
2021-07-26 15:16:46.434,17226,17228,17228,1,1
2021-07-26 15:16:47.393,17226,17228,17228,1,1
2021-07-26 15:16:49.054,17226,17228,17228,3,3
2021-07-26 15:16:49.413,17227,17228,17228,9,9
2021-07-26 15:16:50.998,17227,17229,17229,1,1
2021-07-26 15:16:52.543,17228,17229,17228,1,-1
2021-07-26 15:16:54.143,17228,17229,17229,1,1
2021-07-26 15:16:54.143,17228,17229,17229,1,1
2021-07-26 15:16:54.792,17228,17229,17229,7,7
2021-07-26 15:16:55.061,17229,17230,17230,1,1
2021-07-26 15:16:56.066,17228,17230,17228,1,-1
2021-07-26 15:16:56.464,17228,17230,17230,1,1
2021-07-26 15:16:57.182,17228,17230,17230,3,3
2021-07-26 15:16:57.202,17228,17230,17230,13,13
2021-07-26 15:16:57.202,17228,17230,17231,2,2
2021-07-26 15:16:57.534,17229,17231,17231,1,1
2021-07-26 15:16:58.322,17230,17231,17231,3,3
2021-07-26 15:16:58.322,17230,17231,17231,1,1
2021-07-26 15:16:59.549,17230,17231,17230,2,-2
2021-07-26 15:17:00.182,17230,17231,17231,2,2
2021-07-26 15:17:00.182,17230,17231,17231,1,1
2021-07-26 15:17:00.447,17230,17232,17232,1,1
2021-07-26 15:17:00.887,17231,17232,17231,1,-1
2021-07-26 15:17:01.855,17231,17232,17231,1,-1
2021-07-26 15:17:02.757,17230,17232,17230,1,-1
2021-07-26 15:17:04.598,17230,17232,17230,1,-1
2021-07-26 15:17:05.179,17230,17232,17231,2,2
2021-07-26 15:17:05.181,17230,17232,17231,1,-1
2021-07-26 15:17:06.250,17230,17232,17230,1,-1
2021-07-26 15:17:06.705,17231,17232,17232,9,9
2021-07-26 15:17:06.751,17231,17232,17232,1,1
2021-07-26 15:17:06.830,17232,17233,17233,7,7
2021-07-26 15:17:06.831,17232,17233,17233,1,1
2021-07-26 15:17:06.831,17232,17233,17233,6,6
2021-07-26 15:17:07.073,17232,17234,17233,1,-1
2021-07-26 15:17:07.092,17232,17233,17233,1,1
2021-07-26 15:17:08.208,17232,17234,17234,1,1
2021-07-26 15:17:08.210,17232,17234,17234,14,14
2021-07-26 15:17:08.858,17234,17235,17235,1,1
2021-07-26 15:17:08.859,17234,17235,17235,1,1
2021-07-26 15:17:09.764,17234,17235,17235,1,1
2021-07-26 15:17:09.764,17234,17235,17235,1,1
2021-07-26 15:17:11.045,17234,17235,17234,1,-1
2021-07-26 15:17:11.885,17233,17235,17233,1,-1
2021-07-26 15:17:12.257,17233,17234,17233,1,-1
2021-07-26 15:17:13.514,17233,17234,17234,5,5
2021-07-26 15:17:14.645,17234,17235,17235,10,10
2021-07-26 15:17:14.852,17235,17236,17236,3,3
2021-07-26 15:17:15.734,17235,17237,17237,1,1
2021-07-26 15:17:15.907,17236,17237,17237,2,2
2021-07-26 15:17:15.907,17236,17237,17237,1,1
2021-07-26 15:17:15.925,17236,17237,17237,1,1
2021-07-26 15:17:15.950,17236,17237,17237,1,1
2021-07-26 15:17:15.950,17236,17237,17237,1,1
2021-07-26 15:17:15.991,17236,17237,17237,2,2
2021-07-26 15:17:15.991,17236,17237,17237,1,1
2021-07-26 15:17:16.009,17236,17237,17237,2,2
2021-07-26 15:17:16.034,17236,17237,17237,2,2
2021-07-26 15:17:16.036,17236,17237,17237,1,1
2021-07-26 15:17:16.106,17236,17237,17237,1,1
2021-07-26 15:17:16.124,17236,17237,17237,2,2
2021-07-26 15:17:16.152,17236,17237,17237,2,2
2021-07-26 15:17:16.153,17236,17237,17237,4,4
2021-07-26 15:17:16.199,17236,17237,17238,1,1
2021-07-26 15:17:16.207,17237,17238,17238,3,3
2021-07-26 15:17:16.230,17237,17238,17238,1,1
2021-07-26 15:17:16.241,17237,17238,17238,1,1
2021-07-26 15:17:16.241,17237,17238,17238,7,7
2021-07-26 15:17:16.276,17237,17238,17239,1,1
2021-07-26 15:17:16.349,17238,17239,17239,1,1
2021-07-26 15:17:16.354,17238,17239,17239,21,21
2021-07-26 15:17:16.354,17238,17239,17240,1,1
2021-07-26 15:17:16.355,17238,17239,17240,1,1
2021-07-26 15:17:16.355,17238,17239,17240,6,6
2021-07-26 15:17:16.355,17238,17239,17239,1,1
2021-07-26 15:17:16.355,17238,17239,17240,1,1
2021-07-26 15:17:16.355,17238,17239,17240,6,6
2021-07-26 15:17:16.355,17238,17239,17240,2,2
2021-07-26 15:17:16.355,17238,17239,17240,1,1
2021-07-26 15:17:16.355,17238,17239,17240,1,1
2021-07-26 15:17:16.355,17238,17239,17240,2,2
2021-07-26 15:17:16.355,17238,17239,17240,5,5
2021-07-26 15:17:16.473,17239,17241,17241,1,1
2021-07-26 15:17:16.491,17239,17241,17239,5,-5
2021-07-26 15:17:16.491,17239,17241,17238,12,-12
2021-07-26 15:17:16.491,17239,17241,17237,16,-16
2021-07-26 15:17:16.492,17239,17241,17237,1,-1
2021-07-26 15:17:16.492,17239,17241,17237,6,-6
2021-07-26 15:17:16.492,17239,17241,17236,1,-1
2021-07-26 15:17:16.507,17239,17241,17237,1,1
2021-07-26 15:17:16.567,17239,17241,17238,1,1
2021-07-26 15:17:16.597,17237,17238,17238,1,1
2021-07-26 15:17:16.741,17237,17238,17238,5,5
2021-07-26 15:17:16.741,17237,17238,17239,3,3
2021-07-26 15:17:16.776,17237,17238,17239,1,1
2021-07-26 15:17:16.885,17237,17239,17237,1,-1
2021-07-26 15:17:16.911,17237,17239,17236,1,-1
2021-07-26 15:17:17.014,17237,17239,17238,2,2
2021-07-26 15:17:17.014,17237,17239,17239,1,1
2021-07-26 15:17:17.080,17237,17238,17238,2,2
2021-07-26 15:17:17.309,17237,17239,17239,1,1
2021-07-26 15:17:17.334,17236,17239,17239,2,2
2021-07-26 15:17:17.894,17235,17237,17237,1,1
2021-07-26 15:17:18.902,17236,17238,17238,5,5
2021-07-26 15:17:19.248,17236,17238,17238,5,5
2021-07-26 15:17:20.555,17237,17239,17238,1,-1
2021-07-26 15:17:20.690,17237,17239,17239,4,4
2021-07-26 15:17:21.073,17238,17239,17238,1,-1
2021-07-26 15:17:21.409,17238,17239,17238,2,-2
2021-07-26 15:17:22.319,17238,17239,17238,1,-1
2021-07-26 15:17:23.437,17237,17239,17237,1,-1
2021-07-26 15:17:25.433,17238,17239,17238,1,1
2021-07-26 15:17:26.490,17237,17238,17238,5,5
2021-07-26 15:17:26.490,17237,17238,17239,14,14
2021-07-26 15:17:26.491,17237,17238,17239,1,1
2021-07-26 15:17:27.397,17237,17238,17238,1,1
2021-07-26 15:17:28.454,17237,17238,17238,1,1
2021-07-26 15:17:28.812,17237,17238,17238,1,1
2021-07-26 15:17:28.812,17237,17238,17239,1,1
2021-07-26 15:17:32.073,17238,17239,17239,1,1
2021-07-26 15:17:32.074,17238,17239,17239,1,1
2021-07-26 15:17:33.202,17238,17239,17238,2,-2
2021-07-26 15:17:33.236,17238,17239,17239,1,1
2021-07-26 15:17:33.771,17238,17239,17238,1,-1
2021-07-26 15:17:35.850,17238,17239,17238,1,-1
2021-07-26 15:17:37.091,17238,17239,17239,1,1
2021-07-26 15:17:37.103,17238,17239,17238,1,-1
2021-07-26 15:17:39.990,17237,17238,17238,1,1
2021-07-26 15:17:40.541,17237,17238,17238,3,3
2021-07-26 15:17:40.542,17237,17238,17238,5,5
2021-07-26 15:17:42.202,17237,17238,17237,5,-5
2021-07-26 15:17:43.690,17236,17237,17237,1,1
2021-07-26 15:17:43.895,17236,17237,17237,1,1
2021-07-26 15:17:45.589,17236,17237,17237,1,1
2021-07-26 15:17:46.341,17237,17238,17237,8,-8
2021-07-26 15:17:47.105,17236,17237,17236,7,-7
2021-07-26 15:17:48.132,17235,17236,17236,1,1
2021-07-26 15:17:51.086,17236,17237,17237,1,1
2021-07-26 15:17:52.368,17237,17238,17237,1,-1
2021-07-26 15:17:52.952,17237,17238,17238,3,3
2021-07-26 15:17:55.085,17237,17238,17237,1,-1
2021-07-26 15:17:55.688,17237,17238,17237,1,-1
2021-07-26 15:17:55.928,17237,17238,17238,6,6
2021-07-26 15:17:59.331,17237,17238,17237,1,-1
2021-07-26 15:18:00.428,17236,17237,17237,1,1
2021-07-26 15:18:00.957,17237,17238,17238,4,4
2021-07-26 15:18:04.764,17237,17238,17238,8,8
2021-07-26 15:18:07.326,17238,17239,17238,1,-1
2021-07-26 15:18:09.221,17238,17239,17238,1,-1
2021-07-26 15:18:13.219,17238,17239,17238,1,-1
2021-07-26 15:18:15.350,17238,17239,17239,5,5
2021-07-26 15:18:15.350,17238,17239,17239,2,2
2021-07-26 15:18:15.350,17238,17239,17239,1,1
2021-07-26 15:18:15.351,17238,17239,17239,4,4
2021-07-26 15:18:19.731,17239,17240,17239,1,-1
2021-07-26 15:18:20.523,17239,17240,17239,1,-1
2021-07-26 15:18:23.610,17238,17239,17239,5,5
2021-07-26 15:18:23.610,17238,17239,17239,3,3
2021-07-26 15:18:23.695,17238,17239,17238,1,-1
2021-07-26 15:18:23.719,17238,17239,17238,6,-6
2021-07-26 15:18:23.719,17238,17239,17238,1,-1
2021-07-26 15:18:23.720,17238,17239,17238,2,-2
2021-07-26 15:18:23.720,17238,17239,17238,1,-1
2021-07-26 15:18:23.984,17237,17238,17238,2,2
2021-07-26 15:18:28.051,17237,17238,17238,4,4
2021-07-26 15:18:30.132,17238,17240,17238,1,-1
2021-07-26 15:18:32.970,17238,17239,17238,5,-5
2021-07-26 15:18:33.054,17238,17239,17237,6,-6
2021-07-26 15:18:33.054,17238,17239,17237,6,-6
2021-07-26 15:18:33.054,17238,17239,17237,1,-1
2021-07-26 15:18:33.054,17238,17239,17237,9,-9
2021-07-26 15:18:33.157,17236,17237,17236,1,-1
2021-07-26 15:18:33.779,17236,17237,17237,1,1
2021-07-26 15:18:34.912,17236,17237,17236,9,-9
2021-07-26 15:18:37.677,17235,17236,17235,1,-1
2021-07-26 15:18:38.259,17234,17235,17235,2,2
2021-07-26 15:18:38.259,17234,17235,17236,3,3
2021-07-26 15:18:38.446,17234,17236,17235,1,-1
2021-07-26 15:18:40.966,17235,17236,17236,1,1
2021-07-26 15:18:41.437,17235,17236,17235,1,-1
2021-07-26 15:18:42.535,17235,17237,17237,2,2
2021-07-26 15:18:43.334,17235,17236,17235,1,-1
2021-07-26 15:18:44.255,17235,17236,17235,6,-6
2021-07-26 15:18:45.195,17235,17236,17235,1,-1
2021-07-26 15:18:45.223,17234,17235,17235,1,1
2021-07-26 15:18:45.967,17235,17236,17236,3,3
2021-07-26 15:18:48.382,17235,17237,17237,1,1
2021-07-26 15:18:49.584,17235,17237,17235,2,-2
2021-07-26 15:18:51.875,17236,17237,17237,1,1
2021-07-26 15:18:56.063,17236,17237,17237,7,7
2021-07-26 15:18:59.626,17236,17238,17238,2,2
2021-07-26 15:19:00.530,17236,17238,17236,1,-1
2021-07-26 15:19:03.729,17236,17237,17236,1,-1
2021-07-26 15:19:06.685,17236,17237,17237,1,1
2021-07-26 15:19:08.004,17236,17237,17236,8,-8
2021-07-26 15:19:10.004,17235,17236,17236,2,2
2021-07-26 15:19:11.216,17235,17236,17236,1,1
2021-07-26 15:19:12.320,17235,17236,17235,2,-2
2021-07-26 15:19:12.375,17235,17236,17235,1,-1
2021-07-26 15:19:12.475,17235,17236,17235,8,-8
2021-07-26 15:19:12.813,17234,17235,17235,1,1
2021-07-26 15:19:13.036,17234,17235,17234,6,-6
2021-07-26 15:19:14.299,17233,17234,17233,4,-4
2021-07-26 15:19:18.044,17233,17234,17233,1,-1
2021-07-26 15:19:20.580,17232,17233,17232,2,-2
2021-07-26 15:19:24.480,17232,17233,17233,1,1
2021-07-26 15:19:24.604,17232,17233,17233,2,2
2021-07-26 15:19:27.359,17232,17233,17233,3,3
2021-07-26 15:19:31.570,17233,17234,17234,1,1
2021-07-26 15:19:35.308,17233,17234,17233,3,-3
2021-07-26 15:19:35.308,17233,17234,17233,2,-2
2021-07-26 15:19:35.308,17233,17234,17233,2,-2
2021-07-26 15:19:39.157,17232,17233,17233,7,7
2021-07-26 15:19:39.159,17232,17233,17233,1,1
2021-07-26 15:19:40.730,17232,17234,17232,2,-2
2021-07-26 15:19:44.234,17232,17233,17233,5,5
2021-07-26 15:19:48.961,17233,17234,17234,2,2
2021-07-26 15:19:49.220,17233,17234,17233,2,-2
2021-07-26 15:19:50.580,17233,17234,17233,1,-1
2021-07-26 15:19:55.634,17232,17234,17234,1,1
2021-07-26 15:20:03.507,17233,17234,17234,3,3
2021-07-26 15:20:03.850,17234,17235,17234,1,-1
2021-07-26 15:20:03.850,17234,17235,17234,1,-1
2021-07-26 15:20:03.856,17234,17235,17234,3,-3
2021-07-26 15:20:03.875,17234,17235,17234,1,-1
2021-07-26 15:20:03.880,17234,17235,17233,1,-1
2021-07-26 15:20:03.922,17234,17235,17233,1,-1
2021-07-26 15:20:03.948,17234,17235,17233,1,-1
2021-07-26 15:20:04.224,17233,17235,17233,1,-1
2021-07-26 15:20:04.277,17233,17235,17233,1,-1
2021-07-26 15:20:04.444,17233,17235,17233,1,-1
2021-07-26 15:20:04.622,17234,17235,17234,1,1
2021-07-26 15:20:04.955,17234,17235,17234,1,-1
2021-07-26 15:20:25.068,17232,17233,17232,2,-2
2021-07-26 15:20:25.068,17232,17233,17232,2,-2
2021-07-26 15:20:25.068,17232,17233,17232,1,-1
2021-07-26 15:20:28.580,17231,17232,17231,3,-3
2021-07-26 15:20:29.299,17231,17232,17231,1,-1
2021-07-26 15:20:32.551,17230,17231,17230,1,-1
2021-07-26 15:20:32.551,17230,17231,17230,2,-2
2021-07-26 15:20:32.813,17230,17231,17231,1,1
2021-07-26 15:20:34.235,17230,17231,17231,5,5
2021-07-26 15:20:37.894,17230,17231,17231,1,1
2021-07-26 15:20:42.519,17230,17231,17231,1,1
2021-07-26 15:20:43.941,17230,17231,17230,11,-11
2021-07-26 15:20:48.223,17229,17231,17231,1,1
2021-07-26 15:20:49.483,17229,17231,17231,1,1
2021-07-26 15:20:52.179,17229,17231,17231,1,1
2021-07-26 15:20:58.535,17230,17231,17230,1,-1
2021-07-26 15:20:58.535,17230,17231,17230,3,-3
2021-07-26 15:21:03.599,17229,17230,17230,1,1
2021-07-26 15:21:04.715,17229,17231,17229,1,-1
2021-07-26 15:21:05.762,17230,17231,17231,1,1
2021-07-26 15:21:10.973,17229,17231,17231,1,1
2021-07-26 15:21:12.470,17229,17231,17230,4,-4
2021-07-26 15:21:13.766,17230,17231,17230,1,-1
2021-07-26 15:21:24.468,17229,17230,17229,1,-1
2021-07-26 15:21:24.469,17229,17230,17229,1,-1
2021-07-26 15:21:30.637,17229,17230,17229,4,-4
2021-07-26 15:21:33.566,17228,17229,17229,1,1
2021-07-26 15:21:36.863,17228,17230,17228,2,-2
2021-07-26 15:21:39.250,17228,17230,17230,1,1
2021-07-26 15:21:39.346,17228,17231,17229,1,-1
2021-07-26 15:21:41.386,17229,17231,17229,1,-1
2021-07-26 15:21:42.283,17229,17231,17229,1,-1
2021-07-26 15:21:42.675,17229,17231,17229,1,-1
2021-07-26 15:21:46.290,17229,17231,17229,1,-1
2021-07-26 15:21:54.566,17229,17230,17229,2,-2
2021-07-26 15:21:54.567,17229,17230,17229,1,-1
2021-07-26 15:22:00.048,17228,17229,17228,1,-1
2021-07-26 15:22:00.048,17228,17229,17228,1,-1
2021-07-26 15:22:00.048,17228,17229,17228,4,-4
2021-07-26 15:22:05.893,17227,17228,17227,1,-1
2021-07-26 15:22:06.660,17227,17228,17227,1,-1
2021-07-26 15:22:07.619,17227,17228,17227,1,-1
2021-07-26 15:22:08.558,17227,17228,17227,2,-2
2021-07-26 15:22:13.314,17227,17228,17227,1,-1
2021-07-26 15:22:13.314,17227,17228,17227,1,-1
2021-07-26 15:22:13.314,17227,17228,17227,1,-1
2021-07-26 15:22:13.314,17227,17228,17227,1,-1
2021-07-26 15:22:13.939,17226,17227,17227,2,2
2021-07-26 15:22:13.939,17226,17227,17228,1,1
2021-07-26 15:22:16.425,17226,17227,17227,1,1
2021-07-26 15:22:17.832,17227,17228,17227,1,-1
2021-07-26 15:22:19.862,17227,17228,17227,2,-2
2021-07-26 15:22:22.899,17227,17228,17227,1,-1
2021-07-26 15:22:23.905,17227,17228,17227,1,-1
2021-07-26 15:22:25.708,17226,17227,17226,1,-1
2021-07-26 15:22:28.166,17226,17227,17227,1,1
2021-07-26 15:22:30.533,17226,17227,17227,1,1
2021-07-26 15:22:39.271,17227,17228,17228,1,1
2021-07-26 15:22:48.066,17228,17230,17228,1,-1
2021-07-26 15:22:48.372,17228,17230,17230,1,1
2021-07-26 15:23:00.863,17229,17230,17229,1,-1
2021-07-26 15:23:02.043,17228,17230,17229,1,-1
2021-07-26 15:23:07.521,17229,17230,17230,1,1
2021-07-26 15:23:07.521,17229,17230,17230,1,1
2021-07-26 15:23:07.521,17229,17230,17230,1,1
2021-07-26 15:23:08.279,17230,17231,17231,4,4
2021-07-26 15:23:08.496,17230,17232,17232,8,8
2021-07-26 15:23:08.496,17230,17232,17233,5,5
2021-07-26 15:23:08.782,17231,17233,17233,6,6
2021-07-26 15:23:08.782,17231,17233,17234,7,7
2021-07-26 15:23:09.836,17231,17233,17231,1,-1
2021-07-26 15:23:20.416,17231,17232,17231,1,-1
2021-07-26 15:23:20.417,17231,17232,17231,1,-1
2021-07-26 15:23:25.140,17231,17232,17232,1,1
2021-07-26 15:23:30.034,17231,17232,17232,2,2
2021-07-26 15:23:46.983,17232,17233,17232,1,-1
2021-07-26 15:23:46.983,17232,17233,17232,1,-1
2021-07-26 15:23:53.303,17231,17232,17231,4,-4
2021-07-26 15:23:54.924,17230,17231,17231,2,2
2021-07-26 15:24:07.065,17231,17232,17232,1,1
2021-07-26 15:24:07.065,17231,17232,17232,3,3
2021-07-26 15:24:07.576,17232,17233,17233,8,8
2021-07-26 15:24:07.755,17233,17234,17234,5,5
2021-07-26 15:24:07.755,17233,17234,17235,5,5
2021-07-26 15:24:08.058,17234,17235,17234,1,-1
2021-07-26 15:24:09.958,17234,17235,17234,2,-2
2021-07-26 15:24:09.958,17234,17235,17233,7,-7
2021-07-26 15:24:09.958,17234,17235,17233,1,-1
2021-07-26 15:24:10.188,17233,17235,17233,1,-1
2021-07-26 15:24:13.817,17234,17235,17234,1,1
2021-07-26 15:24:14.425,17233,17235,17234,1,-1
2021-07-26 15:24:24.105,17232,17234,17234,1,1
2021-07-26 15:24:24.105,17232,17234,17235,4,4
2021-07-26 15:24:31.934,17234,17235,17235,5,5
2021-07-26 15:24:31.934,17234,17235,17235,2,2
2021-07-26 15:24:35.514,17233,17235,17233,1,-1
2021-07-26 15:24:40.026,17233,17234,17234,1,1
2021-07-26 15:24:41.973,17233,17234,17233,1,-1
2021-07-26 15:24:43.003,17232,17234,17234,1,1
2021-07-26 15:24:46.075,17233,17234,17234,5,5
2021-07-26 15:24:47.619,17233,17234,17234,1,1
2021-07-26 15:24:48.550,17233,17234,17233,1,-1
2021-07-26 15:24:55.873,17232,17233,17232,5,-5
2021-07-26 15:25:00.500,17231,17232,17231,1,-1
2021-07-26 15:25:00.500,17231,17232,17231,1,-1
2021-07-26 15:25:00.722,17230,17231,17231,2,2
2021-07-26 15:25:00.722,17230,17231,17232,1,1
2021-07-26 15:25:00.722,17230,17231,17232,1,1
2021-07-26 15:25:00.731,17230,17231,17232,1,1
2021-07-26 15:25:00.748,17230,17231,17232,1,1
2021-07-26 15:25:00.753,17230,17231,17232,1,1
2021-07-26 15:25:00.763,17230,17231,17232,1,1
2021-07-26 15:25:01.003,17230,17232,17232,1,1
2021-07-26 15:25:01.118,17230,17233,17233,1,1
2021-07-26 15:25:01.443,17230,17233,17233,1,1
2021-07-26 15:25:03.387,17230,17232,17232,4,4
2021-07-26 15:25:04.364,17230,17232,17230,5,-5
2021-07-26 15:25:12.767,17230,17232,17230,1,-1
2021-07-26 15:25:16.259,17230,17231,17230,7,-7
2021-07-26 15:25:24.436,17229,17230,17230,2,2
2021-07-26 15:25:26.502,17230,17231,17231,1,1
2021-07-26 15:25:26.754,17230,17232,17230,1,-1
2021-07-26 15:25:28.995,17230,17231,17231,1,1
2021-07-26 15:25:28.995,17230,17231,17232,4,4
2021-07-26 15:25:49.462,17231,17232,17232,7,7
2021-07-26 15:25:49.586,17231,17233,17231,1,-1
2021-07-26 15:25:53.528,17232,17233,17233,1,1
2021-07-26 15:25:54.838,17233,17234,17234,1,1
2021-07-26 15:25:57.049,17233,17234,17233,1,-1
2021-07-26 15:26:02.415,17232,17234,17234,1,1
2021-07-26 15:26:06.476,17233,17234,17234,8,8
2021-07-26 15:26:07.450,17234,17235,17235,1,1
2021-07-26 15:26:08.017,17234,17235,17235,2,2
2021-07-26 15:26:13.380,17234,17235,17235,2,2
2021-07-26 15:26:17.139,17235,17236,17235,1,-1
2021-07-26 15:26:17.513,17234,17235,17234,1,-1
2021-07-26 15:26:20.854,17234,17235,17235,1,1
2021-07-26 15:26:21.933,17234,17236,17235,1,-1
2021-07-26 15:26:25.671,17233,17235,17235,1,1
2021-07-26 15:26:37.188,17233,17235,17235,2,2
2021-07-26 15:26:46.452,17233,17234,17233,1,-1
2021-07-26 15:26:48.667,17233,17234,17233,1,-1
2021-07-26 15:26:55.453,17232,17233,17232,2,-2
2021-07-26 15:27:00.189,17231,17233,17231,1,-1
2021-07-26 15:27:02.955,17231,17232,17231,1,-1
2021-07-26 15:27:03.912,17230,17231,17230,4,-4
2021-07-26 15:27:03.913,17230,17231,17230,1,-1
2021-07-26 15:27:19.580,17231,17232,17231,1,1
2021-07-26 15:27:20.383,17230,17232,17229,1,-1
2021-07-26 15:27:20.664,17229,17231,17229,1,-1
2021-07-26 15:27:20.680,17229,17231,17231,1,1
2021-07-26 15:27:28.830,17229,17230,17229,1,-1
2021-07-26 15:27:38.455,17229,17230,17229,1,-1
2021-07-26 15:27:51.401,17228,17229,17229,1,1
2021-07-26 15:28:05.903,17229,17230,17230,1,1
2021-07-26 15:28:06.345,17229,17231,17231,3,3
2021-07-26 15:28:07.257,17230,17231,17230,1,-1
2021-07-26 15:28:07.332,17229,17231,17231,1,1
2021-07-26 15:28:07.332,17229,17231,17231,1,1
2021-07-26 15:28:07.332,17229,17231,17231,1,1
2021-07-26 15:28:07.332,17229,17231,17231,1,1
2021-07-26 15:28:07.332,17229,17231,17231,1,1
2021-07-26 15:28:07.332,17229,17231,17232,1,1
2021-07-26 15:28:07.333,17229,17231,17232,1,1
2021-07-26 15:28:07.333,17229,17231,17232,1,1
2021-07-26 15:28:07.334,17229,17231,17232,1,1
2021-07-26 15:28:07.334,17229,17231,17232,1,1
2021-07-26 15:28:07.334,17229,17231,17232,1,1
2021-07-26 15:28:07.334,17229,17231,17233,1,1
2021-07-26 15:28:07.334,17229,17231,17233,1,1
2021-07-26 15:28:07.334,17229,17231,17233,1,1
2021-07-26 15:28:07.334,17229,17231,17233,1,1
2021-07-26 15:28:07.335,17229,17231,17233,1,1
2021-07-26 15:28:07.335,17229,17231,17233,1,1
2021-07-26 15:28:07.335,17229,17231,17233,1,1
2021-07-26 15:28:07.336,17229,17231,17233,1,1
2021-07-26 15:28:16.955,17232,17233,17232,2,-2
2021-07-26 15:28:19.830,17232,17233,17232,1,-1
2021-07-26 15:28:23.009,17231,17233,17232,1,-1
2021-07-26 15:28:27.706,17231,17232,17231,1,-1
2021-07-26 15:28:37.617,17230,17231,17230,1,-1
2021-07-26 15:28:50.622,17229,17231,17229,1,-1
2021-07-26 15:28:55.247,17230,17231,17230,1,1
2021-07-26 15:29:09.706,17230,17231,17231,1,1
2021-07-26 15:29:09.706,17230,17231,17231,1,1
2021-07-26 15:29:09.706,17230,17231,17231,4,4
2021-07-26 15:29:14.780,17231,17232,17232,1,1
2021-07-26 15:29:15.403,17231,17232,17232,2,2
2021-07-26 15:29:15.403,17231,17232,17232,5,5
2021-07-26 15:29:22.972,17231,17233,17231,1,-1
2021-07-26 15:29:26.250,17231,17233,17233,2,2
2021-07-26 15:29:46.127,17231,17232,17231,1,-1
2021-07-26 15:29:46.128,17231,17232,17231,1,-1
2021-07-26 15:29:46.234,17230,17232,17230,1,-1
2021-07-26 15:29:51.358,17230,17231,17230,2,-2
2021-07-26 15:29:51.358,17230,17231,17230,4,-4
2021-07-26 15:29:51.358,17230,17231,17230,2,-2
2021-07-26 15:29:53.830,17230,17231,17230,1,-1
2021-07-26 15:30:01.071,17229,17230,17229,1,-1
2021-07-26 15:30:01.071,17229,17230,17228,1,-1
2021-07-26 15:30:01.072,17229,17230,17228,1,-1
2021-07-26 15:30:01.331,17228,17230,17228,2,-2
2021-07-26 15:30:01.351,17228,17230,17228,2,-2
2021-07-26 15:30:01.430,17228,17230,17228,2,-2
2021-07-26 15:30:01.455,17228,17230,17228,2,-2
2021-07-26 15:30:01.476,17228,17230,17227,1,-1
2021-07-26 15:30:01.476,17228,17230,17227,3,-3
2021-07-26 15:30:01.731,17227,17230,17230,1,1
2021-07-26 15:30:01.974,17227,17230,17230,1,1
2021-07-26 15:30:10.191,17230,17231,17231,1,1
2021-07-26 15:30:10.191,17230,17231,17231,4,4
2021-07-26 15:30:10.191,17230,17231,17231,1,1
2021-07-26 15:30:10.479,17230,17232,17231,1,-1
2021-07-26 15:30:13.975,17231,17232,17232,2,2
2021-07-26 15:30:35.107,17231,17232,17231,2,-2
2021-07-26 15:30:35.257,17230,17232,17230,1,-1
2021-07-26 15:30:35.542,17230,17231,17231,1,1
2021-07-26 15:30:39.804,17230,17231,17230,4,-4
2021-07-26 15:30:39.804,17230,17231,17230,2,-2
2021-07-26 15:30:39.804,17230,17231,17230,2,-2
2021-07-26 15:30:39.805,17230,17231,17230,2,-2
2021-07-26 15:30:39.805,17230,17231,17230,7,-7
2021-07-26 15:30:39.832,17228,17230,17230,1,1
2021-07-26 15:30:47.640,17228,17229,17229,1,1
2021-07-26 15:30:51.589,17229,17230,17230,1,1
2021-07-26 15:30:51.708,17229,17230,17230,1,1
2021-07-26 15:30:57.205,17229,17230,17229,3,-3
2021-07-26 15:31:00.913,17228,17229,17229,1,1
2021-07-26 15:31:18.816,17229,17230,17229,1,-1
2021-07-26 15:31:19.551,17229,17230,17229,1,-1
2021-07-26 15:31:19.582,17228,17230,17230,1,1
2021-07-26 15:31:19.582,17228,17230,17230,1,1
2021-07-26 15:31:19.582,17228,17230,17230,1,1
2021-07-26 15:31:19.582,17228,17230,17230,1,1
2021-07-26 15:31:19.582,17228,17230,17230,1,1
2021-07-26 15:31:19.583,17228,17230,17230,4,4
2021-07-26 15:31:26.598,17230,17231,17231,1,1
2021-07-26 15:31:27.584,17231,17232,17231,1,-1
2021-07-26 15:31:27.707,17229,17232,17232,1,1
2021-07-26 15:31:27.707,17229,17232,17232,1,1
2021-07-26 15:31:27.708,17229,17232,17232,1,1
2021-07-26 15:31:56.205,17229,17230,17229,1,-1
2021-07-26 15:31:56.331,17228,17230,17228,2,-2
2021-07-26 15:32:00.408,17228,17229,17229,1,1
2021-07-26 15:32:00.458,17228,17230,17230,1,1
2021-07-26 15:32:00.458,17228,17230,17230,1,1
2021-07-26 15:32:00.458,17228,17230,17230,1,1
2021-07-26 15:32:00.458,17228,17230,17230,1,1
2021-07-26 15:32:00.459,17228,17230,17231,1,1
2021-07-26 15:32:05.126,17230,17232,17231,1,-1
2021-07-26 15:32:05.207,17230,17232,17232,1,1
2021-07-26 15:32:11.173,17231,17232,17232,1,1
2021-07-26 15:32:11.174,17231,17232,17232,4,4
2021-07-26 15:32:11.174,17231,17232,17232,1,1
2021-07-26 15:32:18.297,17232,17233,17233,1,1
2021-07-26 15:32:20.503,17232,17233,17233,7,7
2021-07-26 15:32:29.175,17233,17234,17233,1,-1
2021-07-26 15:32:32.709,17233,17234,17233,1,-1
2021-07-26 15:32:33.087,17232,17233,17233,1,1
2021-07-26 15:32:33.088,17232,17233,17233,1,1
2021-07-26 15:32:39.782,17233,17234,17234,8,8
2021-07-26 15:32:40.227,17234,17235,17235,2,2
2021-07-26 15:32:40.228,17234,17235,17235,1,1
2021-07-26 15:32:40.602,17234,17235,17234,1,-1
2021-07-26 15:32:42.091,17234,17235,17234,1,-1
2021-07-26 15:32:42.091,17234,17235,17233,4,-4
2021-07-26 15:32:43.070,17233,17235,17233,1,-1
2021-07-26 15:32:44.853,17233,17234,17234,1,1
2021-07-26 15:32:45.044,17234,17235,17235,1,1
2021-07-26 15:32:52.343,17233,17235,17235,2,2
2021-07-26 15:32:59.795,17233,17235,17234,1,-1
2021-07-26 15:32:59.886,17233,17234,17233,2,-2
2021-07-26 15:33:09.709,17232,17233,17232,1,-1
2021-07-26 15:33:14.920,17231,17233,17233,3,3
2021-07-26 15:33:21.143,17232,17233,17233,1,1
2021-07-26 15:33:24.100,17232,17233,17233,1,1
2021-07-26 15:33:30.667,17233,17234,17234,1,1
2021-07-26 15:33:31.070,17233,17234,17234,1,1
2021-07-26 15:33:33.580,17234,17235,17235,15,15
2021-07-26 15:33:33.706,17235,17236,17236,1,1
2021-07-26 15:33:33.861,17235,17236,17235,1,-1
2021-07-26 15:33:34.609,17235,17236,17236,2,2
2021-07-26 15:33:34.609,17235,17236,17236,9,9
2021-07-26 15:33:36.108,17236,17237,17237,1,1
2021-07-26 15:33:38.091,17236,17237,17236,2,-2
2021-07-26 15:33:41.739,17234,17236,17236,1,1
2021-07-26 15:33:41.838,17234,17236,17236,1,1
2021-07-26 15:33:49.280,17235,17236,17236,1,1
2021-07-26 15:33:49.280,17235,17236,17236,1,1
2021-07-26 15:33:54.811,17236,17237,17236,2,-2
2021-07-26 15:33:56.377,17235,17237,17237,3,3
2021-07-26 15:34:01.940,17236,17237,17237,1,1
2021-07-26 15:34:02.152,17236,17237,17236,1,-1
2021-07-26 15:34:05.489,17235,17236,17236,1,1
2021-07-26 15:34:08.366,17235,17237,17236,2,-2
2021-07-26 15:34:08.366,17235,17237,17236,1,-1
2021-07-26 15:34:08.787,17236,17237,17236,1,-1
2021-07-26 15:34:10.109,17235,17236,17235,1,-1
2021-07-26 15:34:10.756,17233,17235,17235,1,1
2021-07-26 15:34:15.554,17233,17234,17233,2,-2
2021-07-26 15:34:24.431,17232,17233,17233,1,1
2021-07-26 15:34:25.693,17232,17233,17233,1,1
2021-07-26 15:34:26.157,17233,17234,17233,1,-1
2021-07-26 15:34:30.672,17232,17234,17232,6,-6
2021-07-26 15:34:30.707,17232,17234,17234,1,1
2021-07-26 15:34:30.708,17232,17234,17234,1,1
2021-07-26 15:34:30.708,17232,17234,17234,1,1
2021-07-26 15:34:34.648,17232,17234,17234,2,2
2021-07-26 15:34:52.304,17233,17235,17233,5,-5
2021-07-26 15:34:52.304,17233,17235,17233,1,-1
2021-07-26 15:35:12.713,17232,17233,17232,1,-1
2021-07-26 15:35:12.713,17232,17233,17232,1,-1
2021-07-26 15:35:20.264,17230,17231,17230,1,-1
2021-07-26 15:35:20.330,17230,17231,17230,13,-13
2021-07-26 15:35:24.080,17230,17231,17230,1,-1
2021-07-26 15:35:24.207,17229,17231,17231,1,1
2021-07-26 15:35:24.207,17229,17231,17231,1,1
2021-07-26 15:35:24.207,17229,17231,17231,1,1
2021-07-26 15:35:24.209,17229,17231,17231,1,1
2021-07-26 15:35:36.055,17230,17231,17230,2,-2
2021-07-26 15:35:43.251,17229,17230,17230,1,1
2021-07-26 15:35:45.187,17229,17230,17230,1,1
2021-07-26 15:35:46.686,17230,17231,17230,1,-1
2021-07-26 15:35:47.722,17229,17230,17230,1,1
2021-07-26 15:35:47.722,17229,17230,17230,1,1
2021-07-26 15:35:47.832,17229,17231,17231,1,1
2021-07-26 15:35:57.664,17229,17230,17230,2,2
2021-07-26 15:36:17.706,17229,17230,17230,2,2
2021-07-26 15:36:17.995,17229,17231,17229,1,-1
2021-07-26 15:36:18.009,17229,17231,17229,1,-1
2021-07-26 15:36:18.019,17229,17231,17229,1,-1
2021-07-26 15:36:29.218,17230,17231,17231,2,2
2021-07-26 15:36:29.218,17230,17231,17231,1,1
2021-07-26 15:36:29.218,17230,17231,17231,2,2
2021-07-26 15:36:29.218,17230,17231,17231,1,1
2021-07-26 15:36:29.830,17230,17232,17232,1,1
2021-07-26 15:36:35.906,17230,17232,17230,1,-1
2021-07-26 15:36:37.878,17230,17232,17230,1,-1
2021-07-26 15:36:40.333,17230,17232,17230,1,-1
2021-07-26 15:36:42.150,17230,17232,17230,2,-2
2021-07-26 15:36:46.135,17229,17230,17230,2,2
2021-07-26 15:36:46.734,17229,17230,17230,1,1
2021-07-26 15:36:46.734,17229,17230,17230,1,1
2021-07-26 15:36:55.205,17230,17231,17230,1,-1
2021-07-26 15:36:56.580,17230,17231,17230,1,-1
2021-07-26 15:37:10.691,17229,17230,17229,1,-1
2021-07-26 15:37:10.692,17229,17230,17229,7,-7
2021-07-26 15:37:10.692,17229,17230,17229,3,-3
2021-07-26 15:37:13.480,17228,17229,17228,7,-7
2021-07-26 15:37:13.480,17228,17229,17227,13,-13
2021-07-26 15:37:17.519,17227,17228,17228,1,1
2021-07-26 15:37:25.540,17227,17228,17228,1,1
2021-07-26 15:37:32.175,17227,17228,17228,1,1
2021-07-26 15:37:34.108,17227,17228,17227,3,-3
2021-07-26 15:37:34.109,17227,17228,17227,1,-1
2021-07-26 15:37:34.109,17227,17228,17227,2,-2
2021-07-26 15:37:37.637,17226,17227,17227,1,1
2021-07-26 15:37:41.752,17226,17227,17226,1,-1
2021-07-26 15:37:43.142,17226,17227,17226,1,-1
2021-07-26 15:37:43.142,17226,17227,17226,6,-6
2021-07-26 15:37:43.142,17226,17227,17226,1,-1
2021-07-26 15:37:43.142,17226,17227,17226,3,-3
2021-07-26 15:37:43.142,17226,17227,17226,1,-1
2021-07-26 15:37:43.398,17225,17227,17227,1,1
2021-07-26 15:37:51.814,17225,17227,17225,1,-1
2021-07-26 15:37:53.902,17225,17226,17225,4,-4
2021-07-26 15:37:53.902,17225,17226,17225,4,-4
2021-07-26 15:37:53.902,17225,17226,17225,1,-1
2021-07-26 15:37:57.540,17223,17225,17225,2,2
2021-07-26 15:37:58.189,17223,17225,17225,2,2
2021-07-26 15:38:01.218,17223,17225,17225,1,1
2021-07-26 15:38:02.702,17224,17225,17225,2,2
2021-07-26 15:38:09.468,17224,17225,17224,2,-2
2021-07-26 15:38:09.469,17224,17225,17224,2,-2
2021-07-26 15:38:15.367,17223,17224,17223,2,-2
2021-07-26 15:38:15.428,17223,17224,17223,1,-1
2021-07-26 15:38:15.569,17223,17224,17223,1,-1
2021-07-26 15:38:16.197,17223,17224,17223,1,-1
2021-07-26 15:38:17.212,17222,17224,17222,2,-2
2021-07-26 15:38:18.804,17222,17224,17223,1,1
2021-07-26 15:38:19.241,17222,17224,17222,1,-1
2021-07-26 15:38:20.105,17222,17223,17223,1,1
2021-07-26 15:38:20.911,17222,17224,17222,3,-3
2021-07-26 15:38:20.911,17222,17224,17221,2,-2
2021-07-26 15:38:21.097,17221,17223,17221,3,-3
2021-07-26 15:38:27.576,17222,17224,17222,2,2
2021-07-26 15:38:32.523,17222,17223,17223,1,1
2021-07-26 15:38:33.211,17222,17223,17223,1,1
2021-07-26 15:38:33.898,17223,17224,17224,2,2
2021-07-26 15:38:33.901,17223,17224,17224,4,4
2021-07-26 15:38:46.334,17224,17225,17224,1,-1
2021-07-26 15:38:46.433,17224,17225,17224,1,-1
2021-07-26 15:38:46.508,17223,17224,17223,1,-1
2021-07-26 15:38:46.508,17223,17224,17222,1,-1
2021-07-26 15:38:53.682,17222,17223,17223,2,2
2021-07-26 15:38:56.394,17222,17225,17225,1,1
2021-07-26 15:38:58.345,17223,17224,17224,1,1
2021-07-26 15:39:09.383,17224,17225,17225,5,5
2021-07-26 15:39:09.459,17225,17226,17226,1,1
2021-07-26 15:39:09.459,17225,17226,17226,2,2
2021-07-26 15:39:09.460,17225,17226,17226,2,2
2021-07-26 15:39:09.461,17225,17226,17227,1,1
2021-07-26 15:39:09.732,17225,17227,17225,1,-1
2021-07-26 15:39:09.817,17225,17227,17225,3,-3
2021-07-26 15:39:11.450,17225,17227,17225,1,-1
2021-07-26 15:39:11.457,17225,17227,17227,1,1
2021-07-26 15:39:11.457,17225,17227,17227,1,1
2021-07-26 15:39:11.457,17225,17227,17227,1,1
2021-07-26 15:39:11.458,17225,17227,17227,1,1
2021-07-26 15:39:11.458,17225,17227,17227,1,1
2021-07-26 15:39:11.458,17225,17227,17227,1,1
2021-07-26 15:39:11.458,17225,17227,17227,1,1
2021-07-26 15:39:11.459,17225,17227,17227,1,1
2021-07-26 15:39:12.530,17225,17227,17227,1,1
2021-07-26 15:39:13.364,17225,17227,17225,3,-3
2021-07-26 15:39:13.462,17225,17227,17227,1,1
2021-07-26 15:39:34.184,17224,17225,17225,2,2
2021-07-26 15:39:39.973,17224,17225,17224,1,-1
2021-07-26 15:39:40.082,17223,17224,17224,1,1
2021-07-26 15:39:40.082,17223,17224,17224,1,1
2021-07-26 15:39:40.082,17223,17224,17225,1,1
2021-07-26 15:39:40.084,17223,17224,17225,1,1
2021-07-26 15:39:40.207,17223,17225,17225,1,1
2021-07-26 15:39:40.207,17223,17225,17225,1,1
2021-07-26 15:39:53.186,17223,17224,17224,1,1
2021-07-26 15:39:54.009,17223,17224,17223,1,-1
2021-07-26 15:39:54.086,17223,17224,17226,1,1
2021-07-26 15:39:57.316,17224,17225,17224,1,-1
2021-07-26 15:40:01.972,17223,17224,17223,1,-1
2021-07-26 15:40:02.714,17223,17225,17223,1,-1
2021-07-26 15:40:02.963,17223,17225,17223,1,-1
2021-07-26 15:40:18.878,17222,17223,17223,1,1
2021-07-26 15:40:19.971,17222,17223,17222,1,-1
2021-07-26 15:40:19.971,17222,17223,17222,3,-3
2021-07-26 15:40:22.848,17221,17223,17221,3,-3
2021-07-26 15:40:22.848,17221,17223,17220,2,-2
2021-07-26 15:40:23.081,17220,17222,17220,3,-3
2021-07-26 15:40:23.236,17220,17222,17220,1,-1
2021-07-26 15:40:23.242,17220,17222,17220,1,-1
2021-07-26 15:40:23.264,17220,17222,17220,1,-1
2021-07-26 15:40:28.711,17220,17221,17220,5,-5
2021-07-26 15:40:29.072,17220,17221,17220,1,-1
2021-07-26 15:40:29.490,17220,17221,17220,3,-3
2021-07-26 15:40:30.255,17219,17220,17220,1,1
2021-07-26 15:40:31.241,17219,17220,17220,7,7
2021-07-26 15:40:33.925,17219,17220,17220,1,1
2021-07-26 15:40:38.081,17220,17221,17220,1,-1
2021-07-26 15:40:41.391,17219,17220,17219,3,-3
2021-07-26 15:40:41.466,17219,17220,17219,1,-1
2021-07-26 15:40:41.477,17219,17220,17218,1,-1
2021-07-26 15:40:41.553,17219,17220,17218,1,-1
2021-07-26 15:40:41.666,17218,17220,17218,1,-1
2021-07-26 15:40:41.728,17218,17220,17218,1,-1
2021-07-26 15:40:41.772,17218,17220,17218,5,-5
2021-07-26 15:40:42.810,17219,17220,17220,1,1
2021-07-26 15:40:43.246,17219,17220,17219,4,-4
2021-07-26 15:40:44.326,17218,17220,17218,1,-1
2021-07-26 15:40:44.552,17218,17220,17220,1,1
2021-07-26 15:40:44.709,17218,17220,17218,1,-1
2021-07-26 15:40:48.959,17218,17220,17218,3,-3
2021-07-26 15:40:51.015,17218,17220,17218,2,-2
2021-07-26 15:40:51.015,17218,17220,17217,2,-2
2021-07-26 15:40:53.096,17218,17219,17218,1,1
2021-07-26 15:40:54.879,17218,17219,17218,1,-1
2021-07-26 15:40:56.044,17218,17219,17219,1,1
2021-07-26 15:40:56.501,17218,17219,17219,2,2
2021-07-26 15:41:00.809,17219,17220,17219,1,-1
2021-07-26 15:41:08.559,17218,17219,17218,1,-1
2021-07-26 15:41:11.949,17218,17219,17219,1,1
2021-07-26 15:41:12.671,17218,17219,17218,1,-1
2021-07-26 15:41:13.763,17218,17219,17218,4,-4
2021-07-26 15:41:14.439,17217,17218,17218,4,4
2021-07-26 15:41:14.440,17217,17218,17218,1,1
2021-07-26 15:41:15.434,17217,17218,17218,1,1
2021-07-26 15:41:19.696,17218,17219,17218,1,-1
2021-07-26 15:41:22.607,17217,17218,17217,10,-10
2021-07-26 15:41:23.040,17217,17218,17217,1,-1
2021-07-26 15:41:24.290,17216,17217,17216,6,-6
2021-07-26 15:41:24.290,17216,17217,17216,1,-1
2021-07-26 15:41:24.291,17216,17217,17216,1,-1
2021-07-26 15:41:29.830,17215,17216,17215,1,-1
2021-07-26 15:41:29.991,17215,17216,17215,3,-3
2021-07-26 15:41:30.419,17215,17216,17215,1,-1
2021-07-26 15:41:31.593,17214,17215,17215,1,1
2021-07-26 15:41:31.994,17215,17216,17215,1,-1
2021-07-26 15:41:32.392,17215,17216,17216,1,1
2021-07-26 15:41:34.903,17215,17216,17215,1,-1
2021-07-26 15:41:35.146,17215,17216,17216,5,5
2021-07-26 15:41:36.843,17215,17216,17215,2,-2
2021-07-26 15:41:38.798,17214,17215,17214,5,-5
2021-07-26 15:41:38.945,17214,17215,17214,3,-3
2021-07-26 15:41:39.030,17214,17215,17214,1,-1
2021-07-26 15:41:40.959,17213,17214,17213,6,-6
2021-07-26 15:41:41.356,17212,17213,17212,1,-1
2021-07-26 15:41:41.365,17212,17213,17212,1,-1
2021-07-26 15:41:41.913,17212,17213,17212,2,-2
2021-07-26 15:41:43.123,17212,17213,17212,3,-3
2021-07-26 15:41:45.584,17211,17212,17212,1,1
2021-07-26 15:41:47.201,17211,17212,17212,1,1
2021-07-26 15:41:47.402,17211,17212,17212,1,1
2021-07-26 15:41:48.016,17211,17212,17211,1,-1
2021-07-26 15:41:48.016,17211,17212,17211,3,-3
2021-07-26 15:41:48.720,17210,17212,17210,1,-1
2021-07-26 15:41:49.386,17210,17211,17211,1,1
2021-07-26 15:41:49.832,17210,17211,17210,1,-1
2021-07-26 15:41:49.904,17210,17211,17210,2,-2
2021-07-26 15:41:49.906,17210,17211,17210,1,-1
2021-07-26 15:41:49.906,17210,17211,17210,6,-6
2021-07-26 15:41:49.906,17210,17211,17210,1,-1
2021-07-26 15:41:49.910,17210,17211,17209,2,-2
2021-07-26 15:41:50.346,17208,17210,17208,1,-1
2021-07-26 15:41:50.359,17208,17210,17208,1,-1
2021-07-26 15:41:50.401,17208,17210,17208,1,-1
2021-07-26 15:41:50.411,17208,17210,17208,1,-1
2021-07-26 15:41:50.442,17208,17210,17208,1,-1
2021-07-26 15:41:50.483,17208,17210,17208,1,-1
2021-07-26 15:41:50.501,17208,17210,17208,1,-1
2021-07-26 15:41:50.620,17208,17210,17210,1,1
2021-07-26 15:41:51.595,17208,17209,17209,1,1
2021-07-26 15:41:51.634,17208,17209,17210,1,1
2021-07-26 15:41:52.512,17208,17209,17209,1,1
2021-07-26 15:41:52.643,17208,17210,17210,1,1
2021-07-26 15:41:54.929,17209,17210,17209,1,-1
2021-07-26 15:41:54.958,17209,17210,17209,1,-1
2021-07-26 15:41:56.103,17208,17210,17208,1,-1
2021-07-26 15:41:59.424,17209,17210,17209,1,1
2021-07-26 15:42:00.053,17209,17210,17210,1,1
2021-07-26 15:42:00.379,17209,17210,17210,1,1
2021-07-26 15:42:01.039,17209,17210,17209,1,-1
2021-07-26 15:42:01.488,17209,17210,17209,1,-1
2021-07-26 15:42:02.604,17209,17210,17210,5,5
2021-07-26 15:42:02.845,17209,17210,17209,1,-1
2021-07-26 15:42:03.359,17209,17210,17209,1,-1
2021-07-26 15:42:03.946,17209,17210,17209,4,-4
2021-07-26 15:42:07.613,17208,17209,17209,1,1
2021-07-26 15:42:07.956,17209,17210,17209,1,-1
2021-07-26 15:42:10.514,17209,17210,17209,1,-1
2021-07-26 15:42:14.181,17209,17210,17209,1,-1
2021-07-26 15:42:14.931,17209,17210,17209,1,-1
2021-07-26 15:42:16.304,17209,17210,17210,1,1
2021-07-26 15:42:17.340,17209,17210,17210,8,8
2021-07-26 15:42:20.208,17210,17211,17210,1,-1
2021-07-26 15:42:21.932,17210,17211,17211,1,1
2021-07-26 15:42:21.932,17210,17211,17211,2,2
2021-07-26 15:42:23.441,17210,17211,17211,2,2
2021-07-26 15:42:23.441,17210,17211,17212,3,3
2021-07-26 15:42:24.154,17210,17211,17211,1,1
2021-07-26 15:42:24.770,17210,17212,17211,1,-1
2021-07-26 15:42:26.356,17210,17212,17211,1,-1
2021-07-26 15:42:26.897,17210,17211,17211,1,1
2021-07-26 15:42:28.592,17211,17212,17212,5,5
2021-07-26 15:42:29.945,17211,17212,17211,1,-1
2021-07-26 15:42:32.523,17210,17211,17210,1,-1
2021-07-26 15:42:32.796,17210,17211,17211,1,1
2021-07-26 15:42:33.140,17210,17211,17211,1,1
2021-07-26 15:42:34.084,17210,17211,17210,2,-2
2021-07-26 15:42:34.340,17209,17211,17209,1,-1
2021-07-26 15:42:37.918,17209,17211,17211,1,1
2021-07-26 15:42:38.466,17209,17211,17209,2,-2
2021-07-26 15:42:40.429,17209,17210,17209,2,-2
2021-07-26 15:42:40.430,17209,17210,17209,5,-5
2021-07-26 15:42:41.159,17208,17209,17209,1,1
2021-07-26 15:42:41.683,17208,17209,17209,2,2
2021-07-26 15:42:42.242,17209,17210,17209,1,-1
2021-07-26 15:42:42.305,17209,17210,17209,2,-2
2021-07-26 15:42:42.305,17209,17210,17209,2,-2
2021-07-26 15:42:43.071,17209,17210,17209,1,-1
2021-07-26 15:42:43.347,17208,17210,17210,1,1
2021-07-26 15:42:43.409,17208,17210,17210,1,1
2021-07-26 15:42:44.882,17208,17210,17210,2,2
2021-07-26 15:42:45.383,17208,17210,17208,5,-5
2021-07-26 15:42:46.644,17208,17209,17208,1,-1
2021-07-26 15:42:46.677,17208,17209,17208,1,-1
2021-07-26 15:42:49.610,17207,17209,17207,2,-2
2021-07-26 15:42:49.723,17206,17209,17206,1,-1
2021-07-26 15:42:49.730,17206,17209,17206,2,-2
2021-07-26 15:42:49.730,17206,17209,17206,1,-1
2021-07-26 15:42:49.755,17206,17209,17206,4,-4
2021-07-26 15:42:49.767,17206,17209,17205,3,-3
2021-07-26 15:42:49.792,17206,17209,17205,1,-1
2021-07-26 15:42:49.792,17206,17209,17205,1,-1
2021-07-26 15:42:49.817,17206,17209,17205,1,-1
2021-07-26 15:42:49.839,17205,17207,17205,1,-1
2021-07-26 15:42:49.849,17205,17207,17205,1,-1
2021-07-26 15:42:49.874,17205,17207,17204,1,-1
2021-07-26 15:42:49.952,17205,17207,17204,1,-1
2021-07-26 15:42:49.988,17204,17205,17204,1,-1
2021-07-26 15:42:49.996,17204,17205,17204,1,-1
2021-07-26 15:42:50.740,17204,17205,17205,3,3
2021-07-26 15:42:51.130,17204,17206,17204,1,-1
2021-07-26 15:42:53.363,17204,17206,17206,3,3
2021-07-26 15:42:53.363,17204,17206,17207,2,2
2021-07-26 15:42:55.717,17205,17206,17205,1,-1
2021-07-26 15:42:56.669,17204,17206,17204,5,-5
2021-07-26 15:42:59.355,17204,17205,17204,1,-1
2021-07-26 15:43:01.418,17204,17205,17204,1,-1
2021-07-26 15:43:01.995,17204,17205,17204,1,-1
2021-07-26 15:43:01.995,17204,17205,17203,9,-9
2021-07-26 15:43:02.183,17203,17204,17203,3,-3
2021-07-26 15:43:02.851,17203,17204,17203,3,-3
2021-07-26 15:43:02.895,17203,17204,17203,1,-1
2021-07-26 15:43:03.502,17202,17203,17202,1,-1
2021-07-26 15:43:03.600,17202,17203,17202,5,-5
2021-07-26 15:43:03.636,17202,17203,17202,5,-5
2021-07-26 15:43:03.637,17202,17203,17202,2,-2
2021-07-26 15:43:03.659,17202,17203,17201,1,-1
2021-07-26 15:43:03.737,17201,17202,17201,1,-1
2021-07-26 15:43:03.761,17201,17202,17201,2,-2
2021-07-26 15:43:03.761,17201,17202,17201,1,-1
2021-07-26 15:43:03.853,17201,17202,17200,2,-2
2021-07-26 15:43:03.857,17201,17202,17200,2,-2
2021-07-26 15:43:03.874,17201,17202,17200,2,-2
2021-07-26 15:43:03.937,17201,17202,17200,1,-1
2021-07-26 15:43:03.989,17200,17202,17200,1,-1
2021-07-26 15:43:04.022,17200,17202,17200,2,-2
2021-07-26 15:43:04.052,17200,17202,17200,2,-2
2021-07-26 15:43:04.053,17200,17202,17200,1,-1
2021-07-26 15:43:04.219,17199,17200,17199,3,-3
2021-07-26 15:43:04.391,17198,17200,17198,1,-1
2021-07-26 15:43:04.691,17198,17200,17198,1,-1
2021-07-26 15:43:04.885,17198,17200,17198,1,-1
2021-07-26 15:43:04.937,17198,17200,17200,1,1
2021-07-26 15:43:05.072,17199,17201,17199,1,-1
2021-07-26 15:43:05.988,17198,17200,17200,3,3
2021-07-26 15:43:06.421,17199,17202,17199,1,-1
2021-07-26 15:43:06.885,17199,17202,17202,1,1
2021-07-26 15:43:07.497,17200,17202,17200,1,-1
2021-07-26 15:43:07.497,17200,17202,17199,1,-1
2021-07-26 15:43:07.579,17200,17202,17199,8,-8
2021-07-26 15:43:07.580,17200,17202,17199,1,-1
2021-07-26 15:43:07.580,17198,17199,17199,1,1
2021-07-26 15:43:07.643,17198,17199,17200,1,1
2021-07-26 15:43:08.130,17199,17200,17199,1,-1
2021-07-26 15:43:08.130,17199,17200,17198,3,-3
2021-07-26 15:43:08.981,17198,17200,17200,2,2
2021-07-26 15:43:09.228,17200,17201,17200,1,-1
2021-07-26 15:43:10.105,17199,17201,17199,2,-2
2021-07-26 15:43:10.286,17199,17200,17200,1,1
2021-07-26 15:43:11.518,17198,17200,17200,1,1
2021-07-26 15:43:12.425,17198,17200,17198,1,-1
2021-07-26 15:43:13.375,17198,17200,17198,1,-1
2021-07-26 15:43:14.307,17198,17200,17198,1,-1
2021-07-26 15:43:14.738,17198,17199,17199,1,1
2021-07-26 15:43:15.154,17198,17199,17199,1,1
2021-07-26 15:43:15.593,17198,17199,17198,4,-4
2021-07-26 15:43:15.707,17197,17199,17199,1,1
2021-07-26 15:43:15.896,17198,17199,17198,1,-1
2021-07-26 15:43:17.259,17197,17199,17197,2,-2
2021-07-26 15:43:17.331,17196,17199,17196,3,-3
2021-07-26 15:43:17.349,17196,17199,17196,2,-2
2021-07-26 15:43:17.355,17196,17199,17196,2,-2
2021-07-26 15:43:17.364,17196,17199,17196,2,-2
2021-07-26 15:43:17.364,17196,17199,17195,1,-1
2021-07-26 15:43:17.383,17196,17199,17195,2,-2
2021-07-26 15:43:17.391,17196,17199,17195,4,-4
2021-07-26 15:43:17.391,17196,17199,17194,8,-8
2021-07-26 15:43:17.407,17196,17199,17193,2,-2
2021-07-26 15:43:17.420,17196,17199,17193,6,-6
2021-07-26 15:43:17.444,17196,17199,17193,3,-3
2021-07-26 15:43:17.486,17193,17195,17193,2,-2
2021-07-26 15:43:17.490,17193,17195,17193,1,-1
2021-07-26 15:43:17.516,17193,17195,17193,1,-1
2021-07-26 15:43:17.521,17193,17195,17193,1,-1
2021-07-26 15:43:17.521,17193,17195,17192,1,-1
2021-07-26 15:43:17.525,17193,17195,17192,1,-1
2021-07-26 15:43:17.528,17193,17195,17193,1,1
2021-07-26 15:43:17.548,17193,17195,17192,2,-2
2021-07-26 15:43:17.548,17193,17195,17191,1,-1
2021-07-26 15:43:17.548,17193,17195,17191,1,-1
2021-07-26 15:43:17.550,17193,17195,17192,1,1
2021-07-26 15:43:17.573,17193,17195,17191,1,-1
2021-07-26 15:43:17.573,17193,17195,17191,1,-1
2021-07-26 15:43:17.582,17191,17193,17191,2,-2
2021-07-26 15:43:17.585,17191,17193,17191,1,-1
2021-07-26 15:43:17.587,17191,17193,17191,1,-1
2021-07-26 15:43:17.588,17191,17193,17191,3,-3
2021-07-26 15:43:17.588,17191,17193,17191,2,-2
2021-07-26 15:43:17.588,17191,17193,17191,1,-1
2021-07-26 15:43:17.588,17191,17193,17191,1,-1
2021-07-26 15:43:17.590,17191,17193,17191,1,-1
2021-07-26 15:43:17.626,17191,17193,17190,4,-4
2021-07-26 15:43:17.634,17191,17193,17190,1,-1
2021-07-26 15:43:17.643,17191,17193,17191,1,1
2021-07-26 15:43:17.659,17191,17193,17190,1,-1
2021-07-26 15:43:17.662,17191,17193,17189,2,-2
2021-07-26 15:43:17.670,17191,17193,17189,2,-2
2021-07-26 15:43:17.671,17191,17193,17189,2,-2
2021-07-26 15:43:17.678,17191,17193,17188,2,-2
2021-07-26 15:43:17.680,17191,17193,17188,1,-1
2021-07-26 15:43:17.694,17191,17193,17188,1,-1
2021-07-26 15:43:17.734,17188,17190,17188,1,-1
2021-07-26 15:43:17.740,17188,17190,17188,1,-1
2021-07-26 15:43:17.742,17188,17190,17188,1,-1
2021-07-26 15:43:17.762,17188,17190,17188,1,-1
2021-07-26 15:43:17.762,17188,17190,17188,5,-5
2021-07-26 15:43:17.776,17188,17190,17187,1,-1
2021-07-26 15:43:17.782,17188,17190,17187,2,-2
2021-07-26 15:43:17.782,17188,17190,17186,1,-1
2021-07-26 15:43:17.784,17188,17190,17186,1,-1
2021-07-26 15:43:17.789,17188,17190,17186,1,-1
2021-07-26 15:43:17.812,17188,17190,17186,1,-1
2021-07-26 15:43:17.849,17185,17188,17186,3,-3
2021-07-26 15:43:17.870,17185,17188,17186,1,-1
2021-07-26 15:43:17.870,17185,17188,17185,1,-1
2021-07-26 15:43:17.879,17185,17188,17185,2,-2
2021-07-26 15:43:17.901,17185,17188,17185,1,-1
2021-07-26 15:43:17.906,17185,17188,17187,1,1
2021-07-26 15:43:17.912,17185,17188,17185,2,-2
2021-07-26 15:43:17.913,17185,17188,17188,6,6
2021-07-26 15:43:17.916,17185,17188,17186,1,-1
2021-07-26 15:43:17.918,17185,17188,17186,1,-1
2021-07-26 15:43:17.930,17185,17188,17186,1,-1
2021-07-26 15:43:17.944,17185,17188,17186,1,-1
2021-07-26 15:43:17.946,17185,17188,17186,1,-1
2021-07-26 15:43:17.960,17185,17189,17185,1,-1
2021-07-26 15:43:17.965,17185,17189,17185,1,-1
2021-07-26 15:43:17.970,17185,17189,17185,1,-1
2021-07-26 15:43:17.989,17185,17189,17185,1,-1
2021-07-26 15:43:18.011,17185,17189,17185,1,-1
2021-07-26 15:43:18.030,17185,17189,17185,2,-2
2021-07-26 15:43:18.031,17185,17189,17187,1,1
2021-07-26 15:43:18.039,17185,17189,17188,1,1
2021-07-26 15:43:18.040,17185,17189,17185,2,-2
2021-07-26 15:43:18.040,17185,17189,17185,1,-1
2021-07-26 15:43:18.053,17185,17189,17188,1,1
2021-07-26 15:43:18.057,17185,17189,17188,7,-7
2021-07-26 15:43:18.058,17185,17189,17189,1,1
2021-07-26 15:43:18.058,17185,17189,17190,3,3
2021-07-26 15:43:18.058,17185,17189,17191,6,6
2021-07-26 15:43:18.058,17185,17189,17191,1,1
2021-07-26 15:43:18.059,17185,17189,17191,5,5
2021-07-26 15:43:18.059,17185,17189,17191,1,1
2021-07-26 15:43:18.059,17185,17189,17191,1,1
2021-07-26 15:43:18.060,17185,17189,17192,4,4
2021-07-26 15:43:18.080,17191,17193,17191,1,-1
2021-07-26 15:43:18.081,17191,17193,17193,3,3
2021-07-26 15:43:18.144,17191,17193,17194,2,2
2021-07-26 15:43:18.173,17191,17193,17191,6,-6
2021-07-26 15:43:18.173,17191,17193,17190,3,-3
2021-07-26 15:43:18.204,17191,17193,17190,1,-1
2021-07-26 15:43:18.207,17190,17193,17190,1,-1
2021-07-26 15:43:18.207,17190,17193,17189,1,-1
2021-07-26 15:43:18.215,17190,17193,17189,1,-1
2021-07-26 15:43:18.239,17190,17193,17189,1,-1
2021-07-26 15:43:18.300,17190,17193,17192,2,2
2021-07-26 15:43:18.329,17190,17193,17190,1,-1
2021-07-26 15:43:18.329,17190,17193,17190,1,-1
2021-07-26 15:43:18.363,17190,17193,17190,1,-1
2021-07-26 15:43:18.378,17190,17193,17190,1,-1
2021-07-26 15:43:18.379,17190,17193,17191,1,1
2021-07-26 15:43:18.413,17190,17193,17190,1,-1
2021-07-26 15:43:18.430,17190,17193,17190,1,-1
2021-07-26 15:43:18.464,17190,17192,17190,1,-1
2021-07-26 15:43:18.475,17190,17192,17190,1,-1
2021-07-26 15:43:18.486,17190,17192,17190,1,-1
2021-07-26 15:43:18.486,17190,17192,17190,2,-2
2021-07-26 15:43:18.546,17190,17192,17189,1,-1
2021-07-26 15:43:18.548,17190,17192,17189,2,-2
2021-07-26 15:43:18.633,17189,17190,17189,1,-1
2021-07-26 15:43:18.647,17189,17190,17190,1,1
2021-07-26 15:43:18.737,17189,17192,17189,1,-1
2021-07-26 15:43:18.737,17189,17192,17189,1,-1
2021-07-26 15:43:18.899,17189,17191,17191,3,3
2021-07-26 15:43:18.904,17189,17191,17190,1,-1
2021-07-26 15:43:18.985,17190,17192,17190,2,-2
2021-07-26 15:43:19.014,17190,17192,17190,1,-1
2021-07-26 15:43:19.037,17190,17192,17189,1,-1
2021-07-26 15:43:19.078,17190,17192,17189,1,-1
2021-07-26 15:43:19.094,17189,17191,17188,1,-1
2021-07-26 15:43:19.121,17189,17191,17189,2,2
2021-07-26 15:43:19.125,17189,17191,17191,1,1
2021-07-26 15:43:19.224,17189,17191,17189,1,-1
2021-07-26 15:43:19.275,17189,17191,17189,1,-1
2021-07-26 15:43:19.312,17189,17191,17189,3,-3
2021-07-26 15:43:19.330,17189,17191,17188,2,-2
2021-07-26 15:43:19.333,17188,17190,17188,1,-1
2021-07-26 15:43:19.443,17188,17190,17188,2,-2
2021-07-26 15:43:19.506,17188,17190,17189,1,1
2021-07-26 15:43:19.547,17188,17190,17188,1,-1
2021-07-26 15:43:19.636,17188,17189,17188,1,-1
2021-07-26 15:43:19.636,17188,17189,17188,1,-1
2021-07-26 15:43:19.636,17188,17189,17187,1,-1
2021-07-26 15:43:19.639,17188,17189,17188,1,1
2021-07-26 15:43:19.655,17188,17189,17187,1,-1
2021-07-26 15:43:19.693,17188,17189,17186,1,-1
2021-07-26 15:43:19.713,17186,17188,17186,1,-1
2021-07-26 15:43:19.763,17186,17188,17186,1,-1
2021-07-26 15:43:19.769,17186,17188,17187,1,1
2021-07-26 15:43:19.769,17186,17188,17188,3,3
2021-07-26 15:43:20.044,17186,17188,17186,1,-1
2021-07-26 15:43:20.123,17186,17188,17186,1,-1
2021-07-26 15:43:20.373,17186,17188,17188,1,1
2021-07-26 15:43:20.459,17186,17188,17188,1,1
2021-07-26 15:43:20.551,17186,17188,17189,1,1
2021-07-26 15:43:20.573,17186,17188,17187,1,-1
2021-07-26 15:43:20.613,17187,17189,17187,1,-1
2021-07-26 15:43:20.624,17187,17189,17189,1,1
2021-07-26 15:43:20.704,17187,17189,17187,1,-1
2021-07-26 15:43:20.735,17187,17189,17187,1,-1
2021-07-26 15:43:21.017,17186,17188,17186,1,-1
2021-07-26 15:43:21.165,17187,17189,17188,1,1
2021-07-26 15:43:21.205,17187,17189,17188,14,-14
2021-07-26 15:43:21.348,17188,17190,17188,1,-1
2021-07-26 15:43:21.378,17188,17190,17187,1,-1
2021-07-26 15:43:21.461,17187,17189,17187,1,-1
2021-07-26 15:43:21.466,17187,17189,17187,1,-1
2021-07-26 15:43:21.467,17187,17189,17187,1,-1
2021-07-26 15:43:21.599,17187,17188,17187,1,-1
2021-07-26 15:43:21.774,17187,17188,17187,1,-1
2021-07-26 15:43:21.874,17187,17188,17187,1,-1
2021-07-26 15:43:21.874,17187,17188,17186,1,-1
2021-07-26 15:43:21.898,17187,17188,17186,1,-1
2021-07-26 15:43:22.198,17185,17188,17185,1,-1
2021-07-26 15:43:22.231,17185,17187,17187,1,1
2021-07-26 15:43:22.251,17185,17187,17185,1,-1
2021-07-26 15:43:22.298,17185,17187,17185,1,-1
2021-07-26 15:43:22.962,17185,17188,17185,1,-1
2021-07-26 15:43:23.598,17186,17188,17186,2,2
2021-07-26 15:43:23.820,17186,17188,17186,1,-1
2021-07-26 15:43:24.614,17186,17188,17188,1,1
2021-07-26 15:43:24.688,17186,17188,17186,1,-1
2021-07-26 15:43:24.711,17186,17188,17186,1,-1
2021-07-26 15:43:24.730,17186,17188,17186,1,-1
2021-07-26 15:43:25.697,17186,17188,17187,1,1
2021-07-26 15:43:25.702,17186,17188,17188,2,2
2021-07-26 15:43:25.773,17187,17189,17188,1,-1
2021-07-26 15:43:25.773,17187,17189,17187,2,-2
2021-07-26 15:43:26.646,17187,17189,17187,1,-1
2021-07-26 15:43:26.794,17187,17189,17187,2,-2
2021-07-26 15:43:26.898,17187,17189,17187,1,-1
2021-07-26 15:43:27.594,17187,17189,17189,2,2
2021-07-26 15:43:27.830,17188,17190,17190,2,2
2021-07-26 15:43:28.298,17190,17192,17192,1,1
2021-07-26 15:43:28.330,17190,17192,17192,1,1
2021-07-26 15:43:28.617,17191,17193,17193,1,1
2021-07-26 15:43:29.705,17192,17193,17193,1,1
2021-07-26 15:43:30.980,17192,17194,17194,2,2
2021-07-26 15:43:32.455,17193,17194,17193,1,-1
2021-07-26 15:43:32.746,17192,17194,17194,1,1
2021-07-26 15:43:33.317,17193,17194,17193,1,-1
2021-07-26 15:43:33.317,17193,17194,17192,3,-3
2021-07-26 15:43:33.321,17193,17194,17193,1,1
2021-07-26 15:43:33.424,17192,17193,17193,1,1
2021-07-26 15:43:34.081,17193,17194,17193,1,-1
2021-07-26 15:43:34.362,17192,17194,17194,2,2
2021-07-26 15:43:34.553,17192,17193,17193,1,1
2021-07-26 15:43:34.930,17192,17194,17194,1,1
2021-07-26 15:43:35.640,17193,17194,17194,2,2
2021-07-26 15:43:35.855,17193,17194,17193,2,-2
2021-07-26 15:43:35.855,17193,17194,17192,1,-1
2021-07-26 15:43:37.084,17192,17193,17193,1,1
2021-07-26 15:43:37.180,17192,17193,17193,1,1
2021-07-26 15:43:37.669,17193,17194,17194,1,1
2021-07-26 15:43:37.669,17193,17194,17195,2,2
2021-07-26 15:43:38.012,17193,17196,17193,1,-1
2021-07-26 15:43:38.525,17193,17196,17196,2,2
2021-07-26 15:43:40.018,17194,17196,17194,1,-1
2021-07-26 15:43:42.265,17194,17196,17194,1,-1
2021-07-26 15:43:43.041,17194,17196,17194,2,-2
2021-07-26 15:43:43.739,17194,17196,17194,2,-2
