2022-01-10 15:00:00.028,18269,18270,18269,130,-130
2022-01-10 15:00:00.203,18267,18269,18269,1,1
2022-01-10 15:00:00.244,18267,18269,18269,4,4
2022-01-10 15:00:00.244,18267,18269,18270,1,1
2022-01-10 15:00:00.263,18267,18269,18270,1,1
2022-01-10 15:00:00.281,18267,18269,18270,1,1
2022-01-10 15:00:00.347,18267,18270,18270,2,2
2022-01-10 15:00:00.400,18267,18270,18269,1,1
2022-01-10 15:00:00.435,18267,18270,18269,1,1
2022-01-10 15:00:00.454,18268,18270,18270,1,1
2022-01-10 15:00:00.476,18268,18270,18268,2,-2
2022-01-10 15:00:00.476,18268,18270,18267,8,-8
2022-01-10 15:00:00.476,18268,18270,18267,3,-3
2022-01-10 15:00:00.485,18268,18270,18269,1,1
2022-01-10 15:00:00.485,18268,18270,18270,5,5
2022-01-10 15:00:00.509,18268,18270,18270,2,2
2022-01-10 15:00:00.516,18268,18270,18270,2,2
2022-01-10 15:00:00.520,18268,18270,18270,1,1
2022-01-10 15:00:00.528,18268,18270,18270,2,2
2022-01-10 15:00:00.538,18268,18270,18270,4,4
2022-01-10 15:00:00.573,18267,18270,18270,4,4
2022-01-10 15:00:00.591,18267,18270,18270,11,11
2022-01-10 15:00:00.599,18267,18270,18271,1,1
2022-01-10 15:00:00.615,18267,18270,18271,2,2
2022-01-10 15:00:00.619,18267,18270,18271,1,1
2022-01-10 15:00:00.631,18267,18270,18271,1,1
2022-01-10 15:00:00.640,18267,18270,18271,1,1
2022-01-10 15:00:00.652,18267,18270,18271,1,1
2022-01-10 15:00:00.660,18267,18270,18271,2,2
2022-01-10 15:00:00.694,18270,18271,18271,1,1
2022-01-10 15:00:00.696,18270,18271,18271,4,4
2022-01-10 15:00:00.698,18270,18271,18271,1,1
2022-01-10 15:00:00.701,18270,18271,18271,1,1
2022-01-10 15:00:00.701,18270,18271,18271,2,2
2022-01-10 15:00:00.701,18270,18271,18272,1,1
2022-01-10 15:00:00.702,18270,18271,18272,1,1
2022-01-10 15:00:00.702,18270,18271,18272,1,1
2022-01-10 15:00:00.702,18270,18271,18270,1,-1
2022-01-10 15:00:00.703,18270,18271,18271,1,1
2022-01-10 15:00:00.703,18270,18271,18270,4,-4
2022-01-10 15:00:00.751,18270,18271,18272,1,1
2022-01-10 15:00:00.828,18270,18272,18272,1,1
2022-01-10 15:00:00.842,18270,18272,18272,2,2
2022-01-10 15:00:00.892,18270,18272,18272,2,2
2022-01-10 15:00:00.926,18270,18272,18272,4,4
2022-01-10 15:00:00.932,18270,18272,18273,1,1
2022-01-10 15:00:00.964,18271,18273,18272,1,1
2022-01-10 15:00:00.964,18271,18273,18271,4,-4
2022-01-10 15:00:00.980,18271,18273,18270,1,-1
2022-01-10 15:00:00.983,18271,18273,18272,2,2
2022-01-10 15:00:00.983,18271,18273,18273,1,1
2022-01-10 15:00:01.073,18271,18273,18271,1,-1
2022-01-10 15:00:01.074,18271,18273,18271,1,-1
2022-01-10 15:00:01.074,18271,18273,18270,2,-2
2022-01-10 15:00:01.117,18271,18273,18272,1,1
2022-01-10 15:00:01.213,18270,18272,18272,2,2
2022-01-10 15:00:01.213,18270,18272,18273,1,1
2022-01-10 15:00:01.259,18270,18272,18270,1,-1
2022-01-10 15:00:01.259,18270,18272,18269,4,-4
2022-01-10 15:00:01.278,18270,18272,18272,1,1
2022-01-10 15:00:01.287,18270,18272,18272,1,1
2022-01-10 15:00:01.322,18269,18271,18271,1,1
2022-01-10 15:00:01.322,18269,18271,18272,2,2
2022-01-10 15:00:01.323,18269,18271,18272,1,1
2022-01-10 15:00:01.416,18269,18271,18272,1,1
2022-01-10 15:00:01.452,18270,18272,18272,1,1
2022-01-10 15:00:01.564,18270,18272,18272,1,1
2022-01-10 15:00:01.591,18269,18272,18272,3,3
2022-01-10 15:00:01.619,18269,18272,18272,3,3
2022-01-10 15:00:01.677,18269,18272,18273,3,3
2022-01-10 15:00:01.809,18271,18273,18270,2,-2
2022-01-10 15:00:01.809,18271,18273,18269,5,-5
2022-01-10 15:00:01.824,18269,18270,18269,1,-1
2022-01-10 15:00:01.882,18269,18270,18269,1,-1
2022-01-10 15:00:02.122,18269,18271,18271,1,1
2022-01-10 15:00:02.191,18269,18271,18270,1,1
2022-01-10 15:00:02.246,18268,18271,18270,1,1
2022-01-10 15:00:02.374,18268,18271,18271,1,1
2022-01-10 15:00:02.606,18269,18271,18271,1,1
2022-01-10 15:00:02.755,18269,18270,18269,1,-1
2022-01-10 15:00:02.755,18269,18270,18269,1,-1
2022-01-10 15:00:02.955,18269,18270,18270,1,1
2022-01-10 15:00:02.966,18269,18270,18271,1,1
2022-01-10 15:00:03.178,18269,18271,18269,1,-1
2022-01-10 15:00:03.268,18269,18270,18270,1,1
2022-01-10 15:00:03.453,18269,18271,18271,2,2
2022-01-10 15:00:03.552,18269,18271,18271,2,2
2022-01-10 15:00:04.067,18269,18271,18271,4,4
2022-01-10 15:00:04.276,18270,18271,18270,2,-2
2022-01-10 15:00:04.276,18270,18271,18269,3,-3
2022-01-10 15:00:04.277,18270,18271,18269,5,-5
2022-01-10 15:00:04.482,18268,18271,18271,1,1
2022-01-10 15:00:04.889,18270,18271,18270,1,-1
2022-01-10 15:00:04.890,18270,18271,18269,2,-2
2022-01-10 15:00:05.058,18268,18270,18269,1,1
2022-01-10 15:00:05.059,18268,18270,18268,2,-2
2022-01-10 15:00:05.059,18268,18270,18268,1,-1
2022-01-10 15:00:05.131,18267,18269,18268,2,2
2022-01-10 15:00:05.131,18267,18269,18268,1,1
2022-01-10 15:00:05.131,18267,18269,18267,3,-3
2022-01-10 15:00:05.708,18267,18269,18269,4,4
2022-01-10 15:00:05.708,18267,18269,18269,1,1
2022-01-10 15:00:05.709,18267,18269,18268,1,1
2022-01-10 15:00:06.187,18267,18270,18270,5,5
2022-01-10 15:00:08.845,18268,18269,18268,1,-1
2022-01-10 15:00:08.845,18268,18269,18266,10,-10
2022-01-10 15:00:09.050,18265,18267,18265,8,-8
2022-01-10 15:00:09.050,18265,18267,18264,4,-4
2022-01-10 15:00:09.050,18265,18267,18265,1,-1
2022-01-10 15:00:09.050,18265,18267,18265,1,-1
2022-01-10 15:00:09.050,18265,18267,18264,1,-1
2022-01-10 15:00:09.052,18265,18267,18266,1,1
2022-01-10 15:00:09.547,18266,18268,18268,1,1
2022-01-10 15:00:10.439,18267,18269,18267,1,-1
2022-01-10 15:00:10.439,18267,18269,18266,2,-2
2022-01-10 15:00:11.316,18266,18268,18267,1,1
2022-01-10 15:00:11.460,18266,18268,18266,1,-1
2022-01-10 15:00:11.884,18265,18267,18267,1,1
2022-01-10 15:00:13.329,18266,18268,18266,1,-1
2022-01-10 15:00:14.450,18267,18268,18268,1,1
2022-01-10 15:00:14.450,18267,18268,18269,4,4
2022-01-10 15:00:15.080,18268,18269,18269,7,7
2022-01-10 15:00:16.593,18269,18270,18269,1,-1
2022-01-10 15:00:16.593,18269,18270,18268,3,-3
2022-01-10 15:00:16.722,18268,18269,18269,1,1
2022-01-10 15:00:16.855,18268,18269,18269,1,1
2022-01-10 15:00:17.604,18268,18269,18268,1,-1
2022-01-10 15:00:20.398,18269,18270,18269,1,-1
2022-01-10 15:00:21.475,18268,18269,18268,1,-1
2022-01-10 15:00:22.352,18268,18269,18269,1,1
2022-01-10 15:00:22.477,18268,18269,18268,1,-1
2022-01-10 15:00:23.361,18267,18269,18269,1,1
2022-01-10 15:00:23.654,18267,18269,18269,2,2
2022-01-10 15:00:24.465,18268,18269,18268,2,-2
2022-01-10 15:00:24.465,18268,18269,18268,3,-3
2022-01-10 15:00:24.770,18268,18269,18268,1,-1
2022-01-10 15:00:24.770,18268,18269,18267,5,-5
2022-01-10 15:00:25.186,18268,18269,18269,7,7
2022-01-10 15:00:25.874,18268,18270,18268,1,-1
2022-01-10 15:00:26.223,18268,18270,18270,1,1
2022-01-10 15:00:26.348,18268,18270,18268,1,-1
2022-01-10 15:00:26.932,18268,18270,18269,1,1
2022-01-10 15:00:26.932,18268,18270,18269,1,1
2022-01-10 15:00:26.932,18268,18270,18269,1,1
2022-01-10 15:00:26.961,18269,18270,18269,1,-1
2022-01-10 15:00:26.962,18269,18270,18270,5,5
2022-01-10 15:00:28.089,18269,18271,18269,1,-1
2022-01-10 15:00:30.335,18270,18271,18270,3,-3
2022-01-10 15:00:30.626,18270,18271,18271,2,2
2022-01-10 15:00:30.804,18270,18272,18271,1,1
2022-01-10 15:00:31.229,18270,18272,18270,1,-1
2022-01-10 15:00:31.313,18270,18272,18272,1,1
2022-01-10 15:00:31.976,18270,18272,18272,1,1
2022-01-10 15:00:32.230,18270,18272,18272,4,4
2022-01-10 15:00:32.387,18271,18273,18271,1,-1
2022-01-10 15:00:32.588,18270,18273,18273,1,1
2022-01-10 15:00:33.227,18270,18272,18270,1,-1
2022-01-10 15:00:33.511,18271,18272,18272,1,1
2022-01-10 15:00:33.908,18271,18273,18272,1,1
2022-01-10 15:00:34.353,18271,18273,18273,1,1
2022-01-10 15:00:34.353,18271,18273,18273,3,3
2022-01-10 15:00:35.214,18272,18273,18273,1,1
2022-01-10 15:00:35.358,18272,18274,18274,2,2
2022-01-10 15:00:35.655,18272,18274,18274,1,1
2022-01-10 15:00:35.831,18273,18274,18273,1,-1
2022-01-10 15:00:35.831,18273,18274,18272,5,-5
2022-01-10 15:00:36.599,18272,18273,18273,1,1
2022-01-10 15:00:36.600,18272,18273,18273,1,1
2022-01-10 15:00:37.095,18273,18274,18273,3,-3
2022-01-10 15:00:37.778,18272,18273,18272,1,-1
2022-01-10 15:00:39.105,18272,18273,18272,1,-1
2022-01-10 15:00:39.568,18272,18273,18273,1,1
2022-01-10 15:00:39.769,18272,18273,18273,2,2
2022-01-10 15:00:40.527,18272,18273,18273,3,3
2022-01-10 15:00:41.384,18272,18273,18273,1,1
2022-01-10 15:00:41.735,18272,18273,18273,1,1
2022-01-10 15:00:43.483,18273,18274,18273,1,-1
2022-01-10 15:00:43.544,18273,18274,18274,1,1
2022-01-10 15:00:43.633,18273,18274,18274,4,4
2022-01-10 15:00:45.236,18273,18274,18274,1,1
2022-01-10 15:00:45.236,18273,18274,18275,1,1
2022-01-10 15:00:45.386,18273,18275,18274,1,1
2022-01-10 15:00:45.506,18273,18274,18274,1,1
2022-01-10 15:00:46.209,18273,18274,18274,1,1
2022-01-10 15:00:46.236,18273,18274,18274,1,1
2022-01-10 15:00:48.399,18273,18274,18274,1,1
2022-01-10 15:00:48.976,18273,18274,18274,1,1
2022-01-10 15:00:49.963,18273,18274,18274,5,5
2022-01-10 15:00:49.987,18273,18274,18273,1,-1
2022-01-10 15:00:50.156,18273,18274,18274,3,3
2022-01-10 15:00:52.068,18274,18275,18275,1,1
2022-01-10 15:00:52.469,18274,18275,18275,1,1
2022-01-10 15:00:52.542,18274,18275,18275,2,2
2022-01-10 15:00:53.632,18274,18275,18274,1,-1
2022-01-10 15:00:53.865,18274,18275,18275,1,1
2022-01-10 15:00:54.678,18274,18275,18275,3,3
2022-01-10 15:00:54.820,18274,18275,18275,6,6
2022-01-10 15:00:54.883,18274,18275,18274,8,-8
2022-01-10 15:00:55.076,18273,18275,18275,4,4
2022-01-10 15:00:57.204,18273,18274,18274,1,1
2022-01-10 15:00:57.360,18273,18274,18274,1,1
2022-01-10 15:00:58.733,18273,18275,18274,1,1
2022-01-10 15:00:58.769,18273,18275,18273,1,-1
2022-01-10 15:00:59.364,18273,18274,18274,1,1
2022-01-10 15:00:59.508,18273,18274,18274,1,1
2022-01-10 15:00:59.564,18273,18274,18274,2,2
2022-01-10 15:01:00.052,18274,18275,18274,4,-4
2022-01-10 15:01:00.065,18274,18275,18275,1,1
2022-01-10 15:01:00.072,18274,18275,18275,1,1
2022-01-10 15:01:00.072,18274,18275,18275,1,1
2022-01-10 15:01:00.072,18274,18275,18275,1,1
2022-01-10 15:01:00.073,18274,18275,18276,3,3
2022-01-10 15:01:00.073,18274,18275,18276,2,2
2022-01-10 15:01:00.076,18274,18275,18276,1,1
2022-01-10 15:01:00.081,18274,18275,18274,1,-1
2022-01-10 15:01:00.138,18274,18275,18274,1,-1
2022-01-10 15:01:00.152,18274,18275,18274,1,-1
2022-01-10 15:01:00.238,18274,18276,18274,1,-1
2022-01-10 15:01:00.380,18273,18275,18275,1,1
2022-01-10 15:01:00.386,18273,18275,18275,1,1
2022-01-10 15:01:00.386,18273,18275,18275,1,1
2022-01-10 15:01:00.430,18273,18275,18275,1,1
2022-01-10 15:01:00.436,18273,18275,18275,2,2
2022-01-10 15:01:00.443,18273,18275,18275,1,1
2022-01-10 15:01:00.469,18273,18275,18275,1,1
2022-01-10 15:01:00.658,18274,18276,18274,3,-3
2022-01-10 15:01:00.658,18274,18276,18273,5,-5
2022-01-10 15:01:00.758,18274,18275,18275,2,2
2022-01-10 15:01:00.773,18274,18275,18275,2,2
2022-01-10 15:01:01.219,18274,18276,18276,1,1
2022-01-10 15:01:01.320,18274,18276,18276,1,1
2022-01-10 15:01:01.320,18274,18276,18276,1,1
2022-01-10 15:01:01.367,18274,18276,18274,2,-2
2022-01-10 15:01:01.456,18274,18276,18274,1,-1
2022-01-10 15:01:01.522,18274,18276,18274,1,-1
2022-01-10 15:01:02.095,18274,18275,18274,1,-1
2022-01-10 15:01:04.383,18274,18275,18275,1,1
2022-01-10 15:01:07.363,18274,18275,18275,1,1
2022-01-10 15:01:07.624,18274,18275,18274,5,-5
2022-01-10 15:01:08.180,18274,18275,18274,2,-2
2022-01-10 15:01:08.195,18274,18275,18275,1,1
2022-01-10 15:01:08.196,18274,18275,18275,1,1
2022-01-10 15:01:08.196,18274,18275,18275,1,1
2022-01-10 15:01:08.197,18274,18275,18275,1,1
2022-01-10 15:01:08.197,18274,18275,18275,1,1
2022-01-10 15:01:08.197,18274,18275,18275,1,1
2022-01-10 15:01:08.197,18274,18275,18275,1,1
2022-01-10 15:01:08.431,18274,18275,18275,13,13
2022-01-10 15:01:08.431,18274,18275,18275,3,3
2022-01-10 15:01:10.859,18275,18276,18275,1,-1
2022-01-10 15:01:13.444,18275,18276,18276,1,1
2022-01-10 15:01:16.097,18275,18276,18276,1,1
2022-01-10 15:01:16.097,18275,18276,18276,2,2
2022-01-10 15:01:16.582,18275,18276,18276,1,1
2022-01-10 15:01:17.986,18275,18276,18276,1,1
2022-01-10 15:01:18.070,18275,18276,18276,1,1
2022-01-10 15:01:18.071,18275,18276,18276,1,1
2022-01-10 15:01:18.071,18275,18276,18276,1,1
2022-01-10 15:01:18.071,18275,18276,18277,1,1
2022-01-10 15:01:18.071,18275,18276,18277,1,1
2022-01-10 15:01:18.072,18275,18276,18277,1,1
2022-01-10 15:01:18.509,18275,18277,18277,1,1
2022-01-10 15:01:18.655,18275,18277,18276,1,1
2022-01-10 15:01:19.067,18275,18276,18275,1,-1
2022-01-10 15:01:19.264,18275,18276,18275,1,-1
2022-01-10 15:01:19.288,18275,18276,18275,1,-1
2022-01-10 15:01:19.589,18275,18276,18276,1,1
2022-01-10 15:01:19.953,18276,18277,18276,1,-1
2022-01-10 15:01:20.145,18276,18277,18276,1,-1
2022-01-10 15:01:20.472,18276,18277,18276,1,-1
2022-01-10 15:01:20.797,18276,18277,18276,1,-1
2022-01-10 15:01:21.515,18276,18277,18276,3,-3
2022-01-10 15:01:21.869,18276,18277,18276,1,-1
2022-01-10 15:01:21.916,18276,18277,18277,25,25
2022-01-10 15:01:21.917,18276,18277,18278,1,1
2022-01-10 15:01:22.461,18276,18278,18276,1,-1
2022-01-10 15:01:23.930,18277,18278,18277,1,-1
2022-01-10 15:01:24.315,18276,18277,18277,1,1
2022-01-10 15:01:24.745,18276,18278,18276,1,-1
2022-01-10 15:01:26.856,18277,18278,18278,1,1
2022-01-10 15:01:27.099,18277,18278,18277,1,-1
2022-01-10 15:01:27.195,18277,18278,18278,1,1
2022-01-10 15:01:27.199,18277,18278,18278,1,1
2022-01-10 15:01:27.199,18277,18278,18278,1,1
2022-01-10 15:01:28.487,18277,18278,18277,5,-5
2022-01-10 15:01:28.651,18277,18278,18278,1,1
2022-01-10 15:01:29.840,18277,18278,18277,1,-1
2022-01-10 15:01:30.110,18277,18278,18278,1,1
2022-01-10 15:01:31.205,18277,18278,18278,18,18
2022-01-10 15:01:31.756,18277,18278,18278,1,1
2022-01-10 15:01:31.855,18277,18278,18278,1,1
2022-01-10 15:01:32.911,18277,18278,18277,5,-5
2022-01-10 15:01:34.551,18277,18278,18278,1,1
2022-01-10 15:01:34.571,18277,18278,18278,1,1
2022-01-10 15:01:35.752,18277,18278,18277,2,-2
2022-01-10 15:01:35.753,18277,18278,18277,4,-4
2022-01-10 15:01:36.065,18277,18278,18278,3,3
2022-01-10 15:01:37.143,18277,18278,18278,1,1
2022-01-10 15:01:37.196,18277,18278,18278,1,1
2022-01-10 15:01:38.396,18278,18279,18278,1,-1
2022-01-10 15:01:38.886,18277,18279,18277,1,-1
2022-01-10 15:01:39.686,18277,18278,18277,5,-5
2022-01-10 15:01:42.199,18277,18278,18278,1,1
2022-01-10 15:01:42.927,18277,18278,18277,2,-2
2022-01-10 15:01:43.432,18277,18278,18277,2,-2
2022-01-10 15:01:43.640,18277,18278,18278,1,1
2022-01-10 15:01:45.500,18277,18278,18278,4,4
2022-01-10 15:01:45.899,18277,18278,18278,1,1
2022-01-10 15:01:46.053,18277,18278,18278,3,3
2022-01-10 15:01:46.053,18277,18278,18278,1,1
2022-01-10 15:01:46.054,18277,18278,18278,1,1
2022-01-10 15:01:46.056,18277,18278,18278,1,1
2022-01-10 15:01:46.056,18277,18278,18278,1,1
2022-01-10 15:01:48.749,18277,18278,18278,1,1
2022-01-10 15:01:48.821,18277,18278,18278,1,1
2022-01-10 15:01:49.674,18277,18278,18278,1,1
2022-01-10 15:01:50.141,18277,18278,18278,1,1
2022-01-10 15:01:51.929,18277,18278,18277,2,-2
2022-01-10 15:01:52.408,18277,18278,18277,1,-1
2022-01-10 15:01:53.542,18277,18278,18278,1,1
2022-01-10 15:01:53.811,18277,18278,18278,1,1
2022-01-10 15:01:56.606,18277,18278,18278,1,1
2022-01-10 15:01:57.495,18277,18278,18277,1,-1
2022-01-10 15:01:57.771,18277,18278,18278,1,1
2022-01-10 15:01:58.670,18277,18278,18278,3,3
2022-01-10 15:02:00.091,18277,18278,18278,1,1
2022-01-10 15:02:00.584,18277,18278,18278,1,1
2022-01-10 15:02:00.616,18277,18278,18277,2,-2
2022-01-10 15:02:01.897,18277,18278,18278,1,1
2022-01-10 15:02:01.985,18277,18278,18278,1,1
2022-01-10 15:02:03.818,18277,18278,18278,4,4
2022-01-10 15:02:05.443,18277,18278,18278,1,1
2022-01-10 15:02:07.062,18278,18279,18279,2,2
2022-01-10 15:02:07.141,18278,18279,18279,1,1
2022-01-10 15:02:09.950,18278,18279,18279,13,13
2022-01-10 15:02:13.152,18279,18280,18280,1,1
2022-01-10 15:02:13.412,18279,18280,18280,2,2
2022-01-10 15:02:14.715,18279,18280,18280,1,1
2022-01-10 15:02:14.869,18279,18280,18279,4,-4
2022-01-10 15:02:15.718,18279,18280,18280,1,1
2022-01-10 15:02:16.741,18279,18280,18280,1,1
2022-01-10 15:02:18.986,18279,18280,18280,2,2
2022-01-10 15:02:19.477,18279,18280,18280,1,1
2022-01-10 15:02:19.588,18279,18280,18280,1,1
2022-01-10 15:02:20.344,18279,18280,18279,1,-1
2022-01-10 15:02:20.345,18279,18280,18279,1,-1
2022-01-10 15:02:20.345,18279,18280,18279,1,-1
2022-01-10 15:02:20.345,18279,18280,18279,24,-24
2022-01-10 15:02:20.509,18278,18279,18279,2,2
2022-01-10 15:02:20.612,18278,18279,18278,1,-1
2022-01-10 15:02:20.698,18278,18279,18279,1,1
2022-01-10 15:02:21.045,18278,18279,18279,1,1
2022-01-10 15:02:22.210,18278,18279,18279,3,3
2022-01-10 15:02:25.530,18278,18279,18279,6,6
2022-01-10 15:02:26.286,18278,18279,18279,1,1
2022-01-10 15:02:26.697,18278,18279,18279,1,1
2022-01-10 15:02:26.707,18278,18279,18279,1,1
2022-01-10 15:02:26.898,18278,18279,18279,1,1
2022-01-10 15:02:27.085,18278,18279,18279,1,1
2022-01-10 15:02:27.277,18278,18280,18279,1,1
2022-01-10 15:02:27.751,18278,18279,18279,1,1
2022-01-10 15:02:27.760,18278,18279,18279,1,1
2022-01-10 15:02:28.023,18278,18279,18279,1,1
2022-01-10 15:02:28.207,18278,18279,18279,1,1
2022-01-10 15:02:28.207,18278,18279,18279,1,1
2022-01-10 15:02:28.263,18278,18279,18280,1,1
2022-01-10 15:02:28.390,18279,18280,18279,1,-1
2022-01-10 15:02:28.716,18279,18280,18279,1,-1
2022-01-10 15:02:28.799,18279,18280,18279,1,-1
2022-01-10 15:02:29.315,18279,18280,18279,1,-1
2022-01-10 15:02:30.220,18279,18280,18279,20,-20
2022-01-10 15:02:30.220,18279,18280,18279,6,-6
2022-01-10 15:02:30.431,18278,18279,18279,1,1
2022-01-10 15:02:30.852,18278,18279,18279,3,3
2022-01-10 15:02:31.932,18279,18280,18280,1,1
2022-01-10 15:02:33.112,18279,18280,18280,1,1
2022-01-10 15:02:34.177,18279,18280,18279,1,-1
2022-01-10 15:02:34.191,18279,18280,18279,1,-1
2022-01-10 15:02:34.314,18279,18280,18279,1,-1
2022-01-10 15:02:36.183,18279,18280,18280,1,1
2022-01-10 15:02:40.403,18279,18280,18279,5,-5
2022-01-10 15:02:41.524,18279,18280,18280,1,1
2022-01-10 15:02:41.631,18279,18280,18280,1,1
2022-01-10 15:02:43.100,18279,18280,18280,1,1
2022-01-10 15:02:43.286,18279,18280,18280,1,1
2022-01-10 15:02:43.457,18279,18280,18280,2,2
2022-01-10 15:02:45.282,18279,18280,18280,1,1
2022-01-10 15:02:47.407,18279,18280,18280,1,1
2022-01-10 15:02:47.552,18279,18280,18279,1,-1
2022-01-10 15:02:48.633,18279,18280,18280,2,2
2022-01-10 15:02:53.126,18279,18280,18280,1,1
2022-01-10 15:02:53.817,18279,18280,18280,2,2
2022-01-10 15:02:54.655,18279,18280,18280,1,1
2022-01-10 15:02:55.291,18279,18280,18280,18,18
2022-01-10 15:02:55.859,18280,18281,18280,1,-1
2022-01-10 15:03:00.108,18280,18281,18281,1,1
2022-01-10 15:03:00.119,18280,18281,18281,1,1
2022-01-10 15:03:00.215,18280,18281,18280,1,-1
2022-01-10 15:03:00.374,18280,18281,18281,1,1
2022-01-10 15:03:00.669,18280,18281,18281,1,1
2022-01-10 15:03:00.679,18280,18281,18281,1,1
2022-01-10 15:03:00.724,18280,18281,18281,3,3
2022-01-10 15:03:00.749,18280,18281,18281,1,1
2022-01-10 15:03:00.753,18280,18281,18280,1,-1
2022-01-10 15:03:00.774,18280,18281,18281,1,1
2022-01-10 15:03:00.799,18280,18281,18281,13,13
2022-01-10 15:03:00.800,18280,18281,18281,3,3
2022-01-10 15:03:00.800,18280,18281,18281,1,1
2022-01-10 15:03:00.800,18280,18281,18281,2,2
2022-01-10 15:03:00.800,18280,18281,18281,1,1
2022-01-10 15:03:00.800,18280,18281,18281,1,1
2022-01-10 15:03:00.825,18281,18282,18282,3,3
2022-01-10 15:03:00.825,18281,18282,18282,2,2
2022-01-10 15:03:00.850,18281,18282,18282,3,3
2022-01-10 15:03:00.850,18281,18282,18282,6,6
2022-01-10 15:03:00.875,18281,18282,18282,4,4
2022-01-10 15:03:00.900,18281,18282,18282,1,1
2022-01-10 15:03:00.927,18281,18282,18282,3,3
2022-01-10 15:03:00.927,18281,18282,18282,1,1
2022-01-10 15:03:01.021,18282,18283,18283,1,1
2022-01-10 15:03:01.022,18282,18283,18283,1,1
2022-01-10 15:03:01.871,18282,18283,18282,1,-1
2022-01-10 15:03:02.717,18282,18283,18283,4,4
2022-01-10 15:03:02.718,18282,18283,18283,3,3
2022-01-10 15:03:03.136,18282,18283,18283,1,1
2022-01-10 15:03:03.217,18282,18284,18284,2,2
2022-01-10 15:03:03.531,18282,18284,18284,2,2
2022-01-10 15:03:04.473,18282,18284,18284,1,1
2022-01-10 15:03:05.489,18283,18284,18283,1,-1
2022-01-10 15:03:05.783,18282,18283,18282,1,-1
2022-01-10 15:03:05.821,18282,18283,18283,1,1
2022-01-10 15:03:06.393,18282,18283,18283,1,1
2022-01-10 15:03:06.728,18282,18283,18282,10,-10
2022-01-10 15:03:07.138,18281,18282,18282,1,1
2022-01-10 15:03:08.037,18281,18282,18282,3,3
2022-01-10 15:03:09.376,18281,18282,18282,1,1
2022-01-10 15:03:10.686,18281,18282,18282,1,1
2022-01-10 15:03:10.818,18281,18282,18282,1,1
2022-01-10 15:03:12.181,18281,18282,18282,1,1
2022-01-10 15:03:16.487,18281,18282,18282,3,3
2022-01-10 15:03:17.558,18281,18282,18282,1,1
2022-01-10 15:03:20.165,18281,18282,18282,1,1
2022-01-10 15:03:20.285,18281,18282,18282,3,3
2022-01-10 15:03:20.707,18281,18282,18281,1,-1
2022-01-10 15:03:20.998,18281,18282,18281,1,-1
2022-01-10 15:03:21.537,18281,18282,18282,1,1
2022-01-10 15:03:22.421,18281,18282,18282,1,1
2022-01-10 15:03:23.454,18281,18283,18281,1,-1
2022-01-10 15:03:26.816,18282,18283,18282,1,-1
2022-01-10 15:03:30.259,18281,18282,18282,1,1
2022-01-10 15:03:30.322,18281,18282,18282,1,1
2022-01-10 15:03:30.456,18281,18282,18281,8,-8
2022-01-10 15:03:30.538,18281,18282,18280,1,-1
2022-01-10 15:03:32.254,18280,18282,18280,1,-1
2022-01-10 15:03:37.678,18281,18282,18281,2,-2
2022-01-10 15:03:38.272,18280,18281,18281,1,1
2022-01-10 15:03:38.705,18280,18281,18281,1,1
2022-01-10 15:03:40.020,18280,18281,18280,1,-1
2022-01-10 15:03:41.509,18280,18281,18281,1,1
2022-01-10 15:03:41.509,18280,18281,18280,26,-26
2022-01-10 15:03:41.510,18280,18281,18280,3,-3
2022-01-10 15:03:42.555,18279,18280,18280,1,1
2022-01-10 15:03:44.117,18279,18280,18279,1,-1
2022-01-10 15:03:45.120,18279,18280,18280,1,1
2022-01-10 15:03:45.308,18279,18280,18280,2,2
2022-01-10 15:03:45.388,18279,18280,18279,1,-1
2022-01-10 15:03:45.903,18279,18280,18279,2,-2
2022-01-10 15:03:46.453,18279,18280,18279,1,-1
2022-01-10 15:03:48.535,18279,18280,18279,1,-1
2022-01-10 15:03:52.257,18279,18280,18280,5,5
2022-01-10 15:03:52.925,18279,18280,18279,1,-1
2022-01-10 15:03:54.667,18279,18280,18279,1,-1
2022-01-10 15:03:54.914,18279,18280,18279,1,-1
2022-01-10 15:03:54.964,18279,18280,18279,1,-1
2022-01-10 15:03:54.979,18279,18280,18279,1,-1
2022-01-10 15:03:55.142,18279,18280,18280,1,1
2022-01-10 15:03:55.929,18279,18280,18280,1,1
2022-01-10 15:03:58.414,18279,18280,18279,1,-1
2022-01-10 15:03:58.416,18279,18280,18279,1,-1
2022-01-10 15:03:58.427,18279,18280,18279,1,-1
2022-01-10 15:03:59.836,18279,18280,18280,1,1
2022-01-10 15:03:59.971,18279,18280,18280,1,1
2022-01-10 15:04:01.258,18279,18280,18280,1,1
2022-01-10 15:04:01.978,18279,18280,18280,1,1
2022-01-10 15:04:02.010,18279,18280,18280,2,2
2022-01-10 15:04:02.701,18279,18280,18280,1,1
2022-01-10 15:04:03.035,18279,18280,18280,1,1
2022-01-10 15:04:04.384,18280,18281,18281,1,1
2022-01-10 15:04:07.894,18280,18281,18281,5,5
2022-01-10 15:04:07.894,18280,18281,18282,1,1
2022-01-10 15:04:10.398,18280,18281,18281,1,1
2022-01-10 15:04:15.385,18280,18281,18280,5,-5
2022-01-10 15:04:15.389,18280,18281,18280,5,-5
2022-01-10 15:04:15.408,18280,18281,18281,1,1
2022-01-10 15:04:17.104,18279,18281,18279,2,-2
2022-01-10 15:04:18.501,18279,18281,18281,1,1
2022-01-10 15:04:19.303,18279,18281,18281,2,2
2022-01-10 15:04:20.352,18280,18281,18280,1,-1
2022-01-10 15:04:21.156,18280,18281,18280,1,-1
2022-01-10 15:04:21.156,18280,18281,18279,1,-1
2022-01-10 15:04:22.771,18279,18281,18281,1,1
2022-01-10 15:04:25.745,18280,18281,18280,1,-1
2022-01-10 15:04:30.055,18280,18281,18281,4,4
2022-01-10 15:04:30.055,18280,18281,18282,3,3
2022-01-10 15:04:30.739,18281,18282,18282,1,1
2022-01-10 15:04:31.307,18281,18282,18281,1,-1
2022-01-10 15:04:31.612,18280,18282,18280,1,-1
2022-01-10 15:04:33.410,18280,18282,18282,1,1
2022-01-10 15:04:35.053,18281,18282,18281,1,-1
2022-01-10 15:04:35.808,18281,18282,18282,2,2
2022-01-10 15:04:37.602,18281,18282,18281,1,-1
2022-01-10 15:04:40.016,18281,18282,18281,1,-1
2022-01-10 15:04:41.053,18281,18282,18282,4,4
2022-01-10 15:04:41.478,18281,18282,18281,1,-1
2022-01-10 15:04:43.481,18280,18282,18280,1,-1
2022-01-10 15:04:45.411,18281,18282,18281,1,-1
2022-01-10 15:04:46.990,18281,18282,18281,2,-2
2022-01-10 15:04:48.903,18281,18282,18282,1,1
2022-01-10 15:04:52.055,18281,18282,18282,5,5
2022-01-10 15:04:52.572,18281,18282,18282,1,1
2022-01-10 15:04:53.401,18281,18282,18281,1,-1
2022-01-10 15:04:59.055,18280,18281,18281,2,2
2022-01-10 15:04:59.055,18280,18281,18282,4,4
2022-01-10 15:04:59.913,18280,18282,18282,1,1
2022-01-10 15:05:01.044,18281,18282,18281,1,-1
2022-01-10 15:05:01.071,18281,18282,18282,1,1
2022-01-10 15:05:01.071,18281,18282,18283,1,1
2022-01-10 15:05:01.071,18281,18282,18283,1,1
2022-01-10 15:05:01.072,18281,18282,18283,1,1
2022-01-10 15:05:01.072,18281,18282,18283,1,1
2022-01-10 15:05:01.072,18281,18282,18283,2,2
2022-01-10 15:05:01.072,18281,18282,18283,5,5
2022-01-10 15:05:01.072,18281,18282,18283,2,2
2022-01-10 15:05:01.072,18281,18282,18283,2,2
2022-01-10 15:05:01.073,18281,18282,18283,1,1
2022-01-10 15:05:01.073,18281,18282,18283,1,1
2022-01-10 15:05:01.073,18281,18282,18284,2,2
2022-01-10 15:05:01.073,18281,18282,18284,2,2
2022-01-10 15:05:01.073,18281,18282,18284,2,2
2022-01-10 15:05:01.073,18281,18282,18284,7,7
2022-01-10 15:05:01.074,18281,18282,18285,2,2
2022-01-10 15:05:01.249,18283,18285,18285,1,1
2022-01-10 15:05:01.423,18283,18285,18285,1,1
2022-01-10 15:05:02.311,18284,18285,18285,7,7
2022-01-10 15:05:02.320,18284,18285,18285,1,1
2022-01-10 15:05:02.321,18284,18285,18285,1,1
2022-01-10 15:05:02.321,18284,18285,18285,1,1
2022-01-10 15:05:02.321,18284,18285,18285,1,1
2022-01-10 15:05:02.321,18284,18285,18285,1,1
2022-01-10 15:05:02.321,18284,18285,18285,1,1
2022-01-10 15:05:02.321,18284,18285,18285,1,1
2022-01-10 15:05:02.321,18284,18285,18285,1,1
2022-01-10 15:05:02.321,18284,18285,18286,1,1
2022-01-10 15:05:02.321,18284,18285,18286,1,1
2022-01-10 15:05:02.322,18284,18285,18286,1,1
2022-01-10 15:05:02.322,18284,18285,18286,1,1
2022-01-10 15:05:02.323,18284,18285,18286,1,1
2022-01-10 15:05:02.323,18284,18285,18286,1,1
2022-01-10 15:05:02.324,18284,18285,18286,1,1
2022-01-10 15:05:02.324,18284,18285,18286,1,1
2022-01-10 15:05:02.383,18284,18285,18286,1,1
2022-01-10 15:05:02.509,18285,18286,18286,1,1
2022-01-10 15:05:02.660,18284,18286,18286,1,1
2022-01-10 15:05:03.240,18284,18286,18286,5,5
2022-01-10 15:05:03.240,18284,18286,18287,9,9
2022-01-10 15:05:03.861,18284,18286,18286,1,1
2022-01-10 15:05:03.939,18284,18286,18286,1,1
2022-01-10 15:05:05.831,18285,18286,18286,1,1
2022-01-10 15:05:06.992,18285,18286,18285,1,-1
2022-01-10 15:05:08.197,18284,18286,18286,1,1
2022-01-10 15:05:08.320,18284,18286,18286,2,2
2022-01-10 15:05:08.320,18284,18286,18286,1,1
2022-01-10 15:05:08.321,18284,18286,18287,1,1
2022-01-10 15:05:08.321,18284,18286,18287,1,1
2022-01-10 15:05:08.321,18284,18286,18287,1,1
2022-01-10 15:05:08.321,18284,18286,18287,1,1
2022-01-10 15:05:08.321,18284,18286,18287,1,1
2022-01-10 15:05:08.321,18284,18286,18287,1,1
2022-01-10 15:05:08.321,18284,18286,18287,1,1
2022-01-10 15:05:08.321,18284,18286,18287,1,1
2022-01-10 15:05:08.322,18284,18286,18288,1,1
2022-01-10 15:05:08.322,18284,18286,18288,1,1
2022-01-10 15:05:08.322,18284,18286,18288,1,1
2022-01-10 15:05:08.322,18284,18286,18288,1,1
2022-01-10 15:05:08.437,18284,18286,18288,4,4
2022-01-10 15:05:08.800,18286,18288,18288,1,1
2022-01-10 15:05:08.924,18286,18288,18288,1,1
2022-01-10 15:05:08.951,18286,18288,18288,1,1
2022-01-10 15:05:08.987,18286,18288,18288,1,1
2022-01-10 15:05:08.988,18286,18288,18288,1,1
2022-01-10 15:05:09.006,18286,18288,18288,3,3
2022-01-10 15:05:09.106,18287,18288,18287,1,-1
2022-01-10 15:05:09.288,18286,18288,18288,1,1
2022-01-10 15:05:09.645,18286,18288,18288,1,1
2022-01-10 15:05:10.037,18286,18288,18288,2,2
2022-01-10 15:05:10.382,18286,18288,18288,2,2
2022-01-10 15:05:10.391,18286,18288,18288,1,1
2022-01-10 15:05:10.584,18288,18289,18289,3,3
2022-01-10 15:05:10.750,18288,18289,18289,1,1
2022-01-10 15:05:11.404,18288,18289,18288,2,-2
2022-01-10 15:05:12.596,18288,18289,18289,1,1
2022-01-10 15:05:13.414,18288,18289,18289,1,1
2022-01-10 15:05:13.793,18288,18289,18289,1,1
2022-01-10 15:05:14.392,18288,18289,18289,4,4
2022-01-10 15:05:14.873,18288,18289,18288,1,-1
2022-01-10 15:05:15.952,18288,18289,18289,4,4
2022-01-10 15:05:17.382,18289,18290,18289,1,-1
2022-01-10 15:05:17.944,18289,18290,18290,3,3
2022-01-10 15:05:18.218,18289,18290,18290,2,2
2022-01-10 15:05:18.320,18289,18290,18290,2,2
2022-01-10 15:05:18.321,18289,18290,18290,1,1
2022-01-10 15:05:18.321,18289,18290,18290,15,15
2022-01-10 15:05:18.321,18289,18290,18290,10,10
2022-01-10 15:05:18.321,18289,18290,18290,4,4
2022-01-10 15:05:18.321,18289,18290,18290,1,1
2022-01-10 15:05:18.321,18289,18290,18290,1,1
2022-01-10 15:05:18.322,18289,18290,18291,1,1
2022-01-10 15:05:18.322,18289,18290,18291,1,1
2022-01-10 15:05:18.323,18289,18290,18291,1,1
2022-01-10 15:05:18.323,18289,18290,18291,1,1
2022-01-10 15:05:18.661,18290,18291,18291,1,1
2022-01-10 15:05:18.954,18290,18291,18291,2,2
2022-01-10 15:05:18.954,18290,18291,18292,18,18
2022-01-10 15:05:19.187,18291,18292,18291,2,-2
2022-01-10 15:05:19.952,18290,18292,18292,3,3
2022-01-10 15:05:20.522,18291,18292,18291,1,-1
2022-01-10 15:05:23.428,18291,18292,18291,1,-1
2022-01-10 15:05:23.460,18291,18292,18291,1,-1
2022-01-10 15:05:23.851,18291,18292,18291,1,-1
2022-01-10 15:05:24.675,18290,18291,18291,1,1
2022-01-10 15:05:24.675,18290,18291,18292,1,1
2022-01-10 15:05:25.035,18290,18292,18291,2,2
2022-01-10 15:05:26.151,18290,18291,18291,1,1
2022-01-10 15:05:26.616,18291,18292,18292,1,1
2022-01-10 15:05:28.356,18291,18292,18292,3,3
2022-01-10 15:05:28.413,18291,18292,18292,1,1
2022-01-10 15:05:28.445,18291,18292,18292,1,1
2022-01-10 15:05:28.445,18291,18292,18292,1,1
2022-01-10 15:05:28.445,18291,18292,18292,1,1
2022-01-10 15:05:28.445,18291,18292,18292,1,1
2022-01-10 15:05:28.446,18291,18292,18292,1,1
2022-01-10 15:05:28.446,18291,18292,18292,1,1
2022-01-10 15:05:28.446,18291,18292,18292,1,1
2022-01-10 15:05:28.446,18291,18292,18292,1,1
2022-01-10 15:05:28.446,18291,18292,18292,1,1
2022-01-10 15:05:28.450,18291,18292,18292,1,1
2022-01-10 15:05:28.451,18291,18292,18292,1,1
2022-01-10 15:05:28.918,18291,18292,18291,1,-1
2022-01-10 15:05:29.402,18291,18292,18292,1,1
2022-01-10 15:05:30.051,18291,18292,18291,1,-1
2022-01-10 15:05:31.816,18291,18292,18292,3,3
2022-01-10 15:05:31.816,18291,18292,18293,2,2
2022-01-10 15:05:32.554,18291,18293,18293,5,5
2022-01-10 15:05:33.590,18291,18292,18292,2,2
2022-01-10 15:05:34.470,18292,18293,18293,2,2
2022-01-10 15:05:35.149,18292,18293,18292,8,-8
2022-01-10 15:05:35.691,18291,18292,18291,1,-1
2022-01-10 15:05:35.692,18291,18292,18291,9,-9
2022-01-10 15:05:35.800,18290,18291,18291,1,1
2022-01-10 15:05:36.059,18290,18292,18290,1,-1
2022-01-10 15:05:36.936,18290,18291,18291,1,1
2022-01-10 15:05:38.154,18290,18291,18290,4,-4
2022-01-10 15:05:38.155,18290,18291,18290,1,-1
2022-01-10 15:05:38.195,18289,18290,18290,1,1
2022-01-10 15:05:38.195,18289,18290,18290,1,1
2022-01-10 15:05:38.195,18289,18290,18290,1,1
2022-01-10 15:05:38.195,18289,18290,18290,1,1
2022-01-10 15:05:38.195,18289,18290,18290,1,1
2022-01-10 15:05:38.196,18289,18290,18291,1,1
2022-01-10 15:05:38.196,18289,18290,18290,1,1
2022-01-10 15:05:38.196,18289,18290,18291,1,1
2022-01-10 15:05:38.196,18289,18290,18291,1,1
2022-01-10 15:05:38.196,18289,18290,18291,1,1
2022-01-10 15:05:38.196,18289,18290,18291,1,1
2022-01-10 15:05:38.196,18289,18290,18291,1,1
2022-01-10 15:05:38.196,18289,18290,18291,1,1
2022-01-10 15:05:38.197,18289,18290,18291,1,1
2022-01-10 15:05:38.298,18289,18290,18290,1,1
2022-01-10 15:05:39.485,18289,18290,18290,1,1
2022-01-10 15:05:40.040,18289,18290,18290,1,1
2022-01-10 15:05:40.040,18289,18290,18290,1,1
2022-01-10 15:05:40.372,18289,18291,18289,5,-5
2022-01-10 15:05:40.648,18288,18289,18289,1,1
2022-01-10 15:05:40.675,18288,18289,18289,1,1
2022-01-10 15:05:41.379,18288,18289,18289,1,1
2022-01-10 15:05:41.731,18288,18289,18289,1,1
2022-01-10 15:05:42.095,18288,18289,18288,1,-1
2022-01-10 15:05:42.095,18288,18289,18288,1,-1
2022-01-10 15:05:42.095,18288,18289,18288,4,-4
2022-01-10 15:05:42.648,18286,18288,18288,1,1
2022-01-10 15:05:43.411,18286,18288,18286,2,-2
2022-01-10 15:05:45.872,18286,18287,18287,1,1
2022-01-10 15:05:45.872,18286,18287,18288,2,2
2022-01-10 15:05:46.039,18286,18288,18288,3,3
2022-01-10 15:05:46.535,18286,18288,18288,1,1
2022-01-10 15:05:48.133,18286,18288,18286,1,-1
2022-01-10 15:05:48.609,18286,18288,18288,6,6
2022-01-10 15:05:48.609,18286,18288,18289,4,4
2022-01-10 15:05:49.160,18287,18288,18287,1,-1
2022-01-10 15:05:49.207,18286,18288,18288,1,1
2022-01-10 15:05:50.073,18286,18288,18288,4,4
2022-01-10 15:05:51.513,18287,18289,18289,1,1
2022-01-10 15:05:54.713,18288,18290,18288,1,-1
2022-01-10 15:05:57.509,18288,18289,18289,3,3
2022-01-10 15:05:57.796,18288,18290,18288,1,-1
2022-01-10 15:05:57.906,18288,18289,18288,1,-1
2022-01-10 15:05:58.557,18288,18289,18289,1,1
2022-01-10 15:05:59.947,18288,18289,18288,1,-1
2022-01-10 15:05:59.991,18288,18289,18288,4,-4
2022-01-10 15:06:00.548,18287,18288,18287,4,-4
2022-01-10 15:06:00.548,18287,18288,18286,2,-2
2022-01-10 15:06:00.642,18286,18288,18286,3,-3
2022-01-10 15:06:00.685,18286,18288,18288,3,3
2022-01-10 15:06:00.778,18286,18288,18288,4,4
2022-01-10 15:06:00.803,18286,18288,18289,4,4
2022-01-10 15:06:00.926,18287,18289,18289,3,3
2022-01-10 15:06:00.926,18287,18289,18290,1,1
2022-01-10 15:06:02.210,18288,18290,18288,1,-1
2022-01-10 15:06:04.268,18287,18288,18287,1,-1
2022-01-10 15:06:05.466,18287,18288,18287,3,-3
2022-01-10 15:06:06.934,18286,18288,18288,3,3
2022-01-10 15:06:07.302,18286,18288,18288,1,1
2022-01-10 15:06:07.321,18286,18288,18288,1,1
2022-01-10 15:06:07.321,18286,18288,18289,1,1
2022-01-10 15:06:07.452,18287,18289,18287,1,-1
2022-01-10 15:06:07.707,18286,18288,18288,2,2
2022-01-10 15:06:07.707,18286,18288,18288,1,1
2022-01-10 15:06:08.903,18286,18288,18287,1,1
2022-01-10 15:06:09.527,18286,18288,18286,1,-1
2022-01-10 15:06:09.564,18286,18288,18286,2,-2
2022-01-10 15:06:09.759,18286,18288,18287,1,1
2022-01-10 15:06:09.996,18286,18288,18286,1,-1
2022-01-10 15:06:11.131,18286,18288,18286,3,-3
2022-01-10 15:06:12.802,18286,18288,18288,4,4
2022-01-10 15:06:12.802,18286,18288,18289,1,1
2022-01-10 15:06:15.145,18287,18289,18287,3,-3
2022-01-10 15:06:15.145,18287,18289,18286,2,-2
2022-01-10 15:06:15.471,18285,18287,18287,1,1
2022-01-10 15:06:18.659,18287,18288,18286,5,-5
2022-01-10 15:06:24.340,18286,18287,18286,1,-1
2022-01-10 15:06:24.412,18286,18287,18286,3,-3
2022-01-10 15:06:25.456,18285,18286,18286,1,1
2022-01-10 15:06:25.730,18285,18287,18285,1,-1
2022-01-10 15:06:25.845,18285,18286,18285,1,-1
2022-01-10 15:06:26.282,18285,18286,18285,1,-1
2022-01-10 15:06:26.286,18285,18286,18285,5,-5
2022-01-10 15:06:26.649,18284,18285,18284,1,-1
2022-01-10 15:06:27.181,18284,18285,18285,1,1
2022-01-10 15:06:27.195,18284,18285,18285,1,1
2022-01-10 15:06:27.195,18284,18285,18286,1,1
2022-01-10 15:06:27.647,18284,18286,18286,1,1
2022-01-10 15:06:30.871,18285,18286,18285,1,-1
2022-01-10 15:06:33.450,18285,18286,18285,2,-2
2022-01-10 15:06:38.271,18284,18286,18284,1,-1
2022-01-10 15:06:41.229,18284,18285,18285,1,1
2022-01-10 15:06:44.323,18284,18285,18285,1,1
2022-01-10 15:06:45.725,18284,18285,18285,2,2
2022-01-10 15:06:45.801,18284,18285,18284,2,-2
2022-01-10 15:06:46.817,18284,18286,18284,3,-3
2022-01-10 15:06:46.817,18284,18286,18284,1,-1
2022-01-10 15:06:47.182,18283,18284,18284,1,1
2022-01-10 15:06:47.266,18283,18284,18284,3,3
2022-01-10 15:06:49.000,18283,18284,18283,1,-1
2022-01-10 15:06:49.403,18283,18284,18283,3,-3
2022-01-10 15:06:49.403,18283,18284,18282,1,-1
2022-01-10 15:06:50.523,18283,18284,18284,1,1
2022-01-10 15:06:54.905,18283,18284,18283,1,-1
2022-01-10 15:06:55.351,18283,18284,18283,3,-3
2022-01-10 15:06:58.956,18283,18284,18284,1,1
2022-01-10 15:06:58.956,18283,18284,18284,1,1
2022-01-10 15:06:58.956,18283,18284,18284,1,1
2022-01-10 15:06:58.957,18283,18284,18284,1,1
2022-01-10 15:06:59.381,18284,18285,18284,1,-1
2022-01-10 15:07:00.705,18284,18285,18285,1,1
2022-01-10 15:07:02.145,18284,18285,18285,4,4
2022-01-10 15:07:03.389,18285,18286,18285,1,-1
2022-01-10 15:07:03.725,18285,18286,18285,2,-2
2022-01-10 15:07:09.605,18285,18286,18285,1,-1
2022-01-10 15:07:11.250,18285,18286,18285,1,-1
2022-01-10 15:07:18.331,18285,18286,18286,1,1
2022-01-10 15:07:23.288,18285,18286,18286,1,1
2022-01-10 15:07:23.289,18285,18286,18286,6,6
2022-01-10 15:07:26.893,18285,18287,18287,1,1
2022-01-10 15:07:27.016,18285,18287,18287,1,1
2022-01-10 15:07:35.138,18286,18287,18287,1,1
2022-01-10 15:07:36.712,18286,18287,18287,1,1
2022-01-10 15:07:42.904,18287,18288,18288,1,1
2022-01-10 15:07:44.431,18287,18288,18288,1,1
2022-01-10 15:07:51.467,18287,18288,18288,1,1
2022-01-10 15:07:58.581,18287,18288,18287,8,-8
2022-01-10 15:08:02.328,18286,18287,18286,1,-1
2022-01-10 15:08:02.711,18286,18287,18287,2,2
2022-01-10 15:08:03.372,18287,18288,18287,2,-2
2022-01-10 15:08:03.642,18286,18288,18288,1,1
2022-01-10 15:08:06.065,18286,18287,18287,1,1
2022-01-10 15:08:06.065,18286,18287,18288,1,1
2022-01-10 15:08:11.882,18287,18288,18287,1,-1
2022-01-10 15:08:15.430,18287,18288,18288,2,2
2022-01-10 15:08:22.114,18287,18288,18287,6,-6
2022-01-10 15:08:22.114,18287,18288,18286,13,-13
2022-01-10 15:08:22.114,18287,18288,18285,31,-31
2022-01-10 15:08:22.604,18285,18287,18285,1,-1
2022-01-10 15:08:27.225,18286,18288,18286,1,-1
2022-01-10 15:08:45.761,18286,18287,18286,1,-1
2022-01-10 15:08:46.442,18286,18287,18286,1,-1
2022-01-10 15:08:47.480,18286,18287,18286,1,-1
2022-01-10 15:08:48.807,18285,18287,18285,1,-1
2022-01-10 15:08:57.123,18285,18287,18287,1,1
2022-01-10 15:09:02.369,18285,18286,18286,1,1
2022-01-10 15:09:09.236,18286,18287,18287,5,5
2022-01-10 15:09:13.554,18287,18288,18287,3,-3
2022-01-10 15:09:23.207,18287,18288,18288,5,5
2022-01-10 15:09:23.207,18287,18288,18289,15,15
2022-01-10 15:09:23.207,18287,18288,18290,3,3
2022-01-10 15:09:23.351,18288,18290,18290,1,1
2022-01-10 15:09:28.355,18288,18290,18290,5,5
2022-01-10 15:09:31.463,18288,18290,18289,1,1
2022-01-10 15:09:33.098,18288,18289,18289,6,6
2022-01-10 15:09:34.907,18287,18289,18289,1,1
2022-01-10 15:09:40.312,18288,18290,18288,9,-9
2022-01-10 15:09:40.312,18288,18290,18287,1,-1
2022-01-10 15:09:40.425,18288,18289,18289,1,1
2022-01-10 15:09:47.059,18288,18289,18289,1,1
2022-01-10 15:09:47.446,18288,18289,18289,1,1
2022-01-10 15:09:47.447,18288,18289,18289,1,1
2022-01-10 15:09:49.266,18289,18290,18290,1,1
2022-01-10 15:09:49.267,18289,18290,18290,2,2
2022-01-10 15:09:49.267,18289,18290,18290,2,2
2022-01-10 15:09:49.267,18289,18290,18290,1,1
2022-01-10 15:09:49.267,18289,18290,18290,11,11
2022-01-10 15:09:49.306,18289,18290,18290,1,1
2022-01-10 15:09:58.318,18289,18291,18291,2,2
2022-01-10 15:09:59.196,18290,18291,18290,1,-1
2022-01-10 15:09:59.506,18289,18291,18290,1,1
2022-01-10 15:10:02.316,18290,18291,18291,3,3
2022-01-10 15:10:02.590,18290,18291,18291,2,2
2022-01-10 15:10:04.033,18290,18291,18291,1,1
2022-01-10 15:10:04.033,18290,18291,18291,10,10
2022-01-10 15:10:09.140,18291,18292,18292,1,1
2022-01-10 15:10:09.140,18291,18292,18292,2,2
2022-01-10 15:10:09.140,18291,18292,18292,2,2
2022-01-10 15:10:09.141,18291,18292,18292,1,1
2022-01-10 15:10:09.141,18291,18292,18292,2,2
2022-01-10 15:10:09.141,18291,18292,18292,2,2
2022-01-10 15:10:09.141,18291,18292,18292,1,1
2022-01-10 15:10:09.142,18291,18292,18293,7,7
2022-01-10 15:10:09.336,18292,18294,18294,3,3
2022-01-10 15:10:09.475,18292,18294,18294,1,1
2022-01-10 15:10:09.758,18293,18294,18293,1,-1
2022-01-10 15:10:13.944,18293,18294,18293,1,-1
2022-01-10 15:10:15.401,18293,18294,18293,3,-3
2022-01-10 15:10:15.401,18293,18294,18292,7,-7
2022-01-10 15:10:17.454,18292,18294,18294,1,1
2022-01-10 15:10:17.979,18292,18294,18292,1,-1
2022-01-10 15:10:18.091,18292,18294,18294,1,1
2022-01-10 15:10:19.488,18292,18293,18292,1,-1
2022-01-10 15:10:22.222,18292,18293,18293,1,1
2022-01-10 15:10:24.989,18292,18293,18293,1,1
2022-01-10 15:10:27.332,18292,18293,18292,1,-1
2022-01-10 15:10:28.231,18292,18293,18292,9,-9
2022-01-10 15:10:28.231,18292,18293,18291,11,-11
2022-01-10 15:10:29.942,18291,18292,18291,16,-16
2022-01-10 15:10:29.942,18291,18292,18291,1,-1
2022-01-10 15:10:29.943,18291,18292,18291,1,-1
2022-01-10 15:10:29.943,18291,18292,18291,1,-1
2022-01-10 15:10:29.943,18291,18292,18291,1,-1
2022-01-10 15:10:29.943,18291,18292,18291,1,-1
2022-01-10 15:10:29.943,18291,18292,18291,1,-1
2022-01-10 15:10:29.943,18291,18292,18291,2,-2
2022-01-10 15:10:29.943,18291,18292,18291,75,-75
2022-01-10 15:10:29.944,18291,18292,18290,3,-3
2022-01-10 15:10:29.944,18291,18292,18290,1,-1
2022-01-10 15:10:29.944,18291,18292,18290,1,-1
2022-01-10 15:10:29.944,18291,18292,18290,1,-1
2022-01-10 15:10:29.945,18291,18292,18290,1,-1
2022-01-10 15:10:29.969,18291,18292,18290,1,-1
2022-01-10 15:10:31.492,18289,18290,18289,3,-3
2022-01-10 15:10:31.492,18289,18290,18288,7,-7
2022-01-10 15:10:33.158,18288,18289,18288,1,-1
2022-01-10 15:10:33.476,18288,18289,18288,1,-1
2022-01-10 15:10:46.903,18288,18289,18288,2,-2
2022-01-10 15:10:48.138,18288,18289,18288,1,-1
2022-01-10 15:10:49.423,18288,18289,18288,1,-1
2022-01-10 15:10:49.732,18288,18289,18289,1,1
2022-01-10 15:10:50.223,18288,18289,18288,1,-1
2022-01-10 15:10:55.391,18288,18289,18288,2,-2
2022-01-10 15:10:55.391,18288,18289,18288,2,-2
2022-01-10 15:10:55.391,18288,18289,18288,1,-1
2022-01-10 15:10:55.391,18288,18289,18288,1,-1
2022-01-10 15:10:55.393,18288,18289,18287,1,-1
2022-01-10 15:10:58.737,18288,18289,18288,2,-2
2022-01-10 15:10:59.117,18287,18288,18288,1,1
2022-01-10 15:11:00.050,18287,18288,18288,1,1
2022-01-10 15:11:02.737,18287,18288,18288,1,1
2022-01-10 15:11:03.198,18287,18288,18288,1,1
2022-01-10 15:11:03.206,18287,18288,18288,1,1
2022-01-10 15:11:03.207,18287,18288,18288,1,1
2022-01-10 15:11:07.029,18287,18288,18287,1,-1
2022-01-10 15:11:07.810,18287,18288,18287,3,-3
2022-01-10 15:11:08.530,18287,18288,18287,1,-1
2022-01-10 15:11:10.013,18287,18288,18288,1,1
2022-01-10 15:11:11.683,18287,18288,18288,5,5
2022-01-10 15:11:12.084,18287,18288,18288,1,1
2022-01-10 15:11:15.296,18287,18288,18288,5,5
2022-01-10 15:11:20.137,18287,18288,18288,1,1
2022-01-10 15:11:26.816,18287,18288,18287,1,-1
2022-01-10 15:11:30.522,18287,18288,18288,3,3
2022-01-10 15:11:36.888,18287,18288,18288,2,2
2022-01-10 15:11:36.888,18287,18288,18289,1,1
2022-01-10 15:11:37.916,18287,18288,18288,2,2
2022-01-10 15:11:50.610,18287,18288,18288,3,3
2022-01-10 15:11:55.156,18287,18288,18288,3,3
2022-01-10 15:12:03.611,18288,18289,18289,3,3
2022-01-10 15:12:10.116,18288,18289,18289,7,7
2022-01-10 15:12:16.872,18289,18290,18289,1,-1
2022-01-10 15:12:18.468,18289,18290,18290,3,3
2022-01-10 15:12:22.384,18289,18290,18290,1,1
2022-01-10 15:12:22.447,18289,18290,18290,1,1
2022-01-10 15:12:23.251,18289,18290,18289,1,-1
2022-01-10 15:12:25.129,18289,18290,18289,1,-1
2022-01-10 15:12:28.966,18289,18290,18290,2,2
2022-01-10 15:12:39.834,18290,18291,18290,1,-1
2022-01-10 15:12:39.835,18290,18291,18290,1,-1
2022-01-10 15:12:50.100,18290,18291,18290,1,-1
2022-01-10 15:12:50.682,18290,18291,18290,5,-5
2022-01-10 15:12:50.682,18290,18291,18290,1,-1
2022-01-10 15:12:52.891,18289,18290,18290,1,1
2022-01-10 15:12:54.166,18289,18290,18289,5,-5
2022-01-10 15:12:55.437,18288,18290,18290,1,1
2022-01-10 15:13:00.670,18288,18290,18288,1,-1
2022-01-10 15:13:04.967,18288,18289,18289,2,2
2022-01-10 15:13:11.258,18288,18289,18288,4,-4
2022-01-10 15:13:11.290,18288,18289,18289,3,3
2022-01-10 15:13:11.375,18287,18289,18289,1,1
2022-01-10 15:13:13.153,18287,18289,18288,2,2
2022-01-10 15:13:20.405,18287,18288,18287,1,-1
2022-01-10 15:13:20.711,18287,18288,18287,3,-3
2022-01-10 15:13:20.711,18287,18288,18287,13,-13
2022-01-10 15:13:21.647,18286,18288,18288,3,3
2022-01-10 15:13:25.809,18286,18287,18286,1,-1
2022-01-10 15:13:33.576,18286,18287,18286,7,-7
2022-01-10 15:13:34.731,18285,18286,18286,2,2
2022-01-10 15:13:35.542,18285,18286,18285,2,-2
2022-01-10 15:13:35.811,18285,18286,18285,1,-1
2022-01-10 15:13:38.445,18285,18287,18286,1,1
2022-01-10 15:13:40.541,18285,18287,18285,3,-3
2022-01-10 15:13:41.604,18285,18286,18285,1,-1
2022-01-10 15:13:46.994,18285,18286,18286,1,1
2022-01-10 15:13:50.094,18285,18286,18286,1,1
2022-01-10 15:13:50.877,18285,18286,18286,2,2
2022-01-10 15:13:50.877,18285,18286,18287,1,1
2022-01-10 15:13:52.167,18285,18287,18285,2,-2
2022-01-10 15:13:52.380,18285,18286,18285,1,-1
2022-01-10 15:13:54.250,18285,18286,18285,1,-1
2022-01-10 15:13:55.520,18285,18286,18286,3,3
2022-01-10 15:13:59.944,18286,18287,18287,2,2
2022-01-10 15:14:00.395,18286,18287,18286,1,-1
2022-01-10 15:14:17.830,18286,18287,18286,1,-1
2022-01-10 15:14:18.354,18286,18287,18287,1,1
2022-01-10 15:14:18.355,18286,18287,18287,1,1
2022-01-10 15:14:18.879,18286,18287,18286,1,-1
2022-01-10 15:14:19.449,18286,18287,18286,1,-1
2022-01-10 15:14:24.193,18285,18286,18286,1,1
2022-01-10 15:14:26.873,18285,18286,18286,1,1
2022-01-10 15:14:27.080,18285,18287,18285,1,-1
2022-01-10 15:14:33.702,18285,18286,18286,1,1
2022-01-10 15:14:37.896,18285,18286,18286,1,1
2022-01-10 15:14:40.330,18285,18287,18285,72,-72
2022-01-10 15:14:40.332,18285,18287,18284,1,-1
2022-01-10 15:14:40.332,18285,18287,18284,1,-1
2022-01-10 15:14:40.332,18285,18287,18284,1,-1
2022-01-10 15:14:40.333,18285,18287,18284,2,-2
2022-01-10 15:14:40.400,18285,18287,18283,1,-1
2022-01-10 15:14:40.629,18283,18284,18283,2,-2
2022-01-10 15:14:41.371,18283,18284,18283,1,-1
2022-01-10 15:14:46.190,18283,18284,18283,1,-1
2022-01-10 15:14:46.494,18283,18284,18283,3,-3
2022-01-10 15:14:53.343,18282,18283,18283,1,1
2022-01-10 15:14:54.988,18282,18283,18282,1,-1
2022-01-10 15:14:55.245,18282,18283,18282,1,-1
2022-01-10 15:14:58.705,18282,18283,18282,1,-1
2022-01-10 15:14:59.686,18282,18283,18282,2,-2
2022-01-10 15:15:00.035,18282,18283,18282,2,-2
2022-01-10 15:15:00.036,18282,18283,18282,2,-2
2022-01-10 15:15:00.103,18281,18283,18283,1,1
2022-01-10 15:15:00.356,18281,18283,18283,1,1
2022-01-10 15:15:00.401,18281,18283,18282,4,4
2022-01-10 15:15:00.411,18281,18283,18282,1,1
2022-01-10 15:15:00.523,18282,18284,18282,1,-1
2022-01-10 15:15:00.533,18282,18284,18282,1,-1
2022-01-10 15:15:00.593,18282,18284,18282,1,-1
2022-01-10 15:15:00.594,18282,18284,18282,1,-1
2022-01-10 15:15:02.245,18283,18284,18284,1,1
2022-01-10 15:15:05.718,18282,18284,18282,1,-1
2022-01-10 15:15:07.290,18282,18283,18282,1,-1
2022-01-10 15:15:07.290,18282,18283,18282,1,-1
2022-01-10 15:15:08.811,18282,18283,18283,1,1
2022-01-10 15:15:08.821,18282,18284,18284,1,1
2022-01-10 15:15:17.510,18282,18283,18282,3,-3
2022-01-10 15:15:17.791,18282,18283,18282,1,-1
2022-01-10 15:15:17.791,18282,18283,18282,2,-2
2022-01-10 15:15:20.445,18282,18283,18282,1,-1
2022-01-10 15:15:20.456,18282,18283,18282,1,-1
2022-01-10 15:15:20.571,18282,18283,18283,1,1
2022-01-10 15:15:23.338,18282,18283,18282,1,-1
2022-01-10 15:15:25.639,18282,18283,18282,1,-1
2022-01-10 15:15:27.604,18282,18283,18282,1,-1
2022-01-10 15:15:33.343,18282,18283,18282,1,-1
2022-01-10 15:15:33.447,18282,18283,18283,1,1
2022-01-10 15:15:35.104,18282,18283,18282,1,-1
2022-01-10 15:15:35.158,18282,18283,18282,1,-1
2022-01-10 15:15:35.176,18282,18283,18282,1,-1
2022-01-10 15:15:36.410,18282,18283,18282,1,-1
2022-01-10 15:15:36.426,18282,18283,18282,1,-1
2022-01-10 15:15:36.489,18282,18283,18282,1,-1
2022-01-10 15:15:37.160,18282,18283,18282,1,-1
2022-01-10 15:15:37.176,18282,18283,18282,1,-1
2022-01-10 15:15:37.195,18282,18283,18283,1,1
2022-01-10 15:15:37.196,18282,18283,18283,1,1
2022-01-10 15:15:37.196,18282,18283,18283,1,1
2022-01-10 15:15:38.659,18282,18283,18282,1,-1
2022-01-10 15:15:39.669,18282,18283,18282,3,-3
2022-01-10 15:15:39.669,18282,18283,18281,3,-3
2022-01-10 15:15:39.762,18281,18283,18281,1,-1
2022-01-10 15:15:43.540,18282,18283,18283,4,4
2022-01-10 15:15:44.531,18283,18284,18283,1,-1
2022-01-10 15:15:45.024,18283,18284,18284,2,2
2022-01-10 15:15:45.024,18283,18284,18284,1,1
2022-01-10 15:15:45.024,18283,18284,18284,1,1
2022-01-10 15:15:45.024,18283,18284,18284,8,8
2022-01-10 15:15:45.025,18283,18284,18284,3,3
2022-01-10 15:15:47.575,18284,18285,18285,1,1
2022-01-10 15:15:47.576,18284,18285,18285,1,1
2022-01-10 15:15:59.394,18284,18285,18285,1,1
2022-01-10 15:16:01.083,18285,18286,18286,3,3
2022-01-10 15:16:02.155,18286,18287,18286,1,-1
2022-01-10 15:16:02.195,18286,18287,18286,1,-1
2022-01-10 15:16:02.195,18286,18287,18286,1,-1
2022-01-10 15:16:02.196,18286,18287,18286,1,-1
2022-01-10 15:16:02.197,18286,18287,18286,1,-1
2022-01-10 15:16:04.582,18285,18287,18285,10,-10
2022-01-10 15:16:09.596,18285,18287,18285,1,-1
2022-01-10 15:16:24.334,18286,18287,18287,3,3
2022-01-10 15:16:24.445,18286,18287,18286,1,-1
2022-01-10 15:16:24.446,18286,18287,18286,1,-1
2022-01-10 15:16:24.695,18286,18287,18287,1,1
2022-01-10 15:16:27.909,18286,18287,18286,41,-41
2022-01-10 15:16:39.000,18285,18286,18285,1,-1
2022-01-10 15:16:39.070,18285,18286,18285,1,-1
2022-01-10 15:16:39.070,18285,18286,18285,1,-1
2022-01-10 15:16:40.803,18285,18286,18285,1,-1
2022-01-10 15:16:41.509,18285,18286,18285,18,-18
2022-01-10 15:16:41.509,18285,18286,18285,1,-1
2022-01-10 15:16:41.510,18285,18286,18285,1,-1
2022-01-10 15:16:41.510,18285,18286,18285,1,-1
2022-01-10 15:16:41.510,18285,18286,18285,5,-5
2022-01-10 15:16:41.510,18285,18286,18285,1,-1
2022-01-10 15:16:41.510,18285,18286,18285,1,-1
2022-01-10 15:16:41.510,18285,18286,18285,2,-2
2022-01-10 15:16:43.279,18284,18286,18284,1,-1
2022-01-10 15:16:44.657,18284,18286,18284,4,-4
2022-01-10 15:16:44.657,18284,18286,18283,13,-13
2022-01-10 15:16:44.657,18284,18286,18282,18,-18
2022-01-10 15:16:45.273,18283,18285,18283,3,-3
2022-01-10 15:16:51.289,18282,18284,18284,1,1
2022-01-10 15:16:53.562,18283,18285,18285,1,1
2022-01-10 15:16:58.855,18283,18285,18285,1,1
2022-01-10 15:17:01.669,18284,18285,18284,6,-6
2022-01-10 15:17:08.183,18284,18285,18285,1,1
2022-01-10 15:17:10.066,18284,18285,18285,5,5
2022-01-10 15:17:26.362,18284,18285,18284,4,-4
2022-01-10 15:17:26.362,18284,18285,18283,15,-15
2022-01-10 15:17:26.362,18284,18285,18282,11,-11
2022-01-10 15:17:33.834,18282,18283,18282,1,-1
2022-01-10 15:17:48.739,18282,18283,18283,2,2
2022-01-10 15:17:49.335,18283,18284,18283,1,-1
2022-01-10 15:17:50.806,18283,18285,18283,1,-1
2022-01-10 15:17:59.982,18283,18284,18283,3,-3
2022-01-10 15:18:00.498,18283,18284,18284,2,2
2022-01-10 15:18:06.631,18284,18285,18285,6,6
2022-01-10 15:18:06.632,18284,18285,18285,1,1
2022-01-10 15:18:08.899,18284,18286,18284,1,-1
2022-01-10 15:18:18.424,18285,18286,18286,2,2
2022-01-10 15:18:25.744,18284,18286,18284,3,-3
2022-01-10 15:18:28.409,18284,18286,18284,4,-4
2022-01-10 15:18:31.152,18284,18285,18285,1,1
2022-01-10 15:18:35.210,18284,18286,18284,1,-1
2022-01-10 15:18:35.210,18284,18286,18283,2,-2
2022-01-10 15:18:37.414,18284,18285,18284,1,-1
2022-01-10 15:19:03.320,18284,18285,18284,1,-1
2022-01-10 15:19:22.626,18283,18284,18284,1,1
2022-01-10 15:20:00.396,18283,18284,18284,1,1
2022-01-10 15:20:00.651,18283,18284,18284,1,1
2022-01-10 15:20:00.726,18283,18284,18284,1,1
2022-01-10 15:20:01.974,18283,18284,18284,1,1
2022-01-10 15:20:02.398,18283,18284,18284,4,4
2022-01-10 15:20:02.399,18283,18284,18284,1,1
2022-01-10 15:20:02.400,18283,18284,18284,2,2
2022-01-10 15:20:03.921,18284,18285,18285,11,11
2022-01-10 15:20:03.928,18284,18285,18286,2,2
2022-01-10 15:20:07.811,18285,18287,18285,1,-1
2022-01-10 15:20:09.591,18286,18287,18287,4,4
2022-01-10 15:20:12.560,18286,18288,18287,3,3
2022-01-10 15:20:15.191,18286,18288,18287,1,1
2022-01-10 15:20:26.818,18287,18288,18288,1,1
2022-01-10 15:20:29.627,18287,18288,18287,1,-1
2022-01-10 15:20:32.563,18287,18288,18288,7,7
2022-01-10 15:20:35.176,18288,18289,18289,1,1
2022-01-10 15:20:37.444,18288,18289,18289,2,2
2022-01-10 15:20:37.444,18288,18289,18289,1,1
2022-01-10 15:20:37.445,18288,18289,18289,1,1
2022-01-10 15:20:37.445,18288,18289,18289,1,1
2022-01-10 15:20:37.445,18288,18289,18289,1,1
2022-01-10 15:20:40.394,18289,18290,18290,2,2
2022-01-10 15:20:45.716,18289,18290,18289,1,-1
2022-01-10 15:20:45.716,18289,18290,18289,1,-1
2022-01-10 15:20:45.717,18289,18290,18289,2,-2
2022-01-10 15:20:45.717,18289,18290,18289,1,-1
2022-01-10 15:20:47.661,18288,18289,18289,1,1
2022-01-10 15:20:49.758,18288,18289,18289,1,1
2022-01-10 15:20:52.342,18288,18289,18289,1,1
2022-01-10 15:20:54.770,18288,18290,18289,1,1
2022-01-10 15:20:59.887,18289,18290,18289,1,-1
2022-01-10 15:21:00.162,18288,18290,18290,1,1
2022-01-10 15:21:04.989,18288,18289,18288,1,-1
2022-01-10 15:21:05.395,18287,18288,18288,1,1
2022-01-10 15:21:05.401,18287,18288,18288,1,1
2022-01-10 15:21:05.408,18287,18288,18289,1,1
2022-01-10 15:21:14.753,18288,18289,18288,1,-1
2022-01-10 15:21:31.749,18287,18288,18288,1,1
2022-01-10 15:21:37.090,18287,18289,18288,1,1
2022-01-10 15:21:44.779,18287,18288,18288,1,1
2022-01-10 15:21:45.658,18287,18288,18288,1,1
2022-01-10 15:21:45.815,18287,18288,18288,1,1
2022-01-10 15:21:46.872,18287,18289,18288,1,1
2022-01-10 15:21:54.628,18287,18288,18288,1,1
2022-01-10 15:22:02.617,18288,18289,18289,1,1
2022-01-10 15:22:14.311,18288,18289,18289,1,1
2022-01-10 15:22:16.151,18288,18289,18289,1,1
2022-01-10 15:22:18.929,18288,18290,18288,1,-1
2022-01-10 15:22:18.946,18288,18289,18289,1,1
2022-01-10 15:22:18.946,18288,18289,18290,1,1
2022-01-10 15:22:30.402,18288,18289,18289,1,1
2022-01-10 15:22:33.834,18288,18289,18289,5,5
2022-01-10 15:22:35.710,18288,18289,18289,4,4
2022-01-10 15:22:39.983,18289,18290,18289,1,-1
2022-01-10 15:22:40.543,18288,18290,18290,1,1
2022-01-10 15:22:43.011,18288,18290,18290,1,1
2022-01-10 15:22:48.539,18289,18290,18289,1,-1
2022-01-10 15:22:48.849,18288,18290,18290,7,7
2022-01-10 15:22:54.148,18289,18290,18290,1,1
2022-01-10 15:22:55.424,18289,18290,18290,3,3
2022-01-10 15:22:55.424,18289,18290,18290,1,1
2022-01-10 15:22:56.119,18289,18290,18290,1,1
2022-01-10 15:22:57.757,18289,18290,18290,1,1
2022-01-10 15:23:00.607,18290,18291,18290,1,-1
2022-01-10 15:23:03.720,18290,18291,18291,1,1
2022-01-10 15:23:04.048,18290,18291,18290,5,-5
2022-01-10 15:23:07.225,18290,18291,18291,1,1
2022-01-10 15:23:07.848,18290,18291,18291,1,1
2022-01-10 15:23:10.187,18291,18292,18292,8,8
2022-01-10 15:23:10.188,18291,18292,18292,3,3
2022-01-10 15:23:10.188,18291,18292,18292,1,1
2022-01-10 15:23:10.195,18292,18293,18293,2,2
2022-01-10 15:23:10.971,18292,18293,18293,1,1
2022-01-10 15:23:11.007,18292,18293,18293,1,1
2022-01-10 15:23:11.007,18292,18293,18293,4,4
2022-01-10 15:23:13.735,18293,18294,18294,2,2
2022-01-10 15:23:13.837,18293,18294,18294,1,1
2022-01-10 15:23:13.840,18293,18294,18294,1,1
2022-01-10 15:23:13.841,18293,18294,18294,1,1
2022-01-10 15:23:13.850,18293,18294,18294,1,1
2022-01-10 15:23:13.863,18293,18294,18294,1,1
2022-01-10 15:23:14.002,18293,18294,18294,2,2
2022-01-10 15:23:14.088,18293,18294,18294,1,1
2022-01-10 15:23:14.089,18293,18294,18295,1,1
2022-01-10 15:23:14.165,18293,18294,18295,1,1
2022-01-10 15:23:14.200,18293,18295,18295,1,1
2022-01-10 15:23:14.251,18293,18295,18295,1,1
2022-01-10 15:23:14.254,18293,18295,18295,2,2
2022-01-10 15:23:14.297,18293,18295,18295,2,2
2022-01-10 15:23:14.311,18293,18295,18295,1,1
2022-01-10 15:23:14.364,18293,18295,18295,1,1
2022-01-10 15:23:14.371,18293,18295,18295,2,2
2022-01-10 15:23:14.377,18293,18295,18295,1,1
2022-01-10 15:23:14.448,18293,18294,18294,1,1
2022-01-10 15:23:14.681,18293,18294,18294,1,1
2022-01-10 15:23:14.686,18293,18294,18294,1,1
2022-01-10 15:23:14.686,18293,18294,18294,1,1
2022-01-10 15:23:14.761,18293,18295,18295,1,1
2022-01-10 15:23:14.796,18293,18295,18295,1,1
2022-01-10 15:23:14.949,18293,18295,18295,1,1
2022-01-10 15:23:15.149,18293,18294,18294,1,1
2022-01-10 15:23:15.408,18293,18295,18295,2,2
2022-01-10 15:23:15.449,18293,18295,18295,1,1
2022-01-10 15:23:15.594,18293,18295,18295,2,2
2022-01-10 15:23:16.675,18293,18294,18294,1,1
2022-01-10 15:23:16.805,18293,18294,18294,2,2
2022-01-10 15:23:16.819,18293,18294,18294,1,1
2022-01-10 15:23:16.819,18293,18294,18295,1,1
2022-01-10 15:23:18.704,18294,18295,18294,1,-1
2022-01-10 15:23:18.887,18294,18295,18295,1,1
2022-01-10 15:23:19.062,18294,18295,18295,2,2
2022-01-10 15:23:19.065,18294,18295,18295,1,1
2022-01-10 15:23:19.536,18294,18295,18295,1,1
2022-01-10 15:23:19.965,18294,18295,18295,1,1
2022-01-10 15:23:20.664,18294,18295,18295,10,10
2022-01-10 15:23:20.664,18294,18295,18296,19,19
2022-01-10 15:23:20.664,18294,18295,18297,1,1
2022-01-10 15:23:20.921,18295,18297,18297,18,18
2022-01-10 15:23:20.927,18295,18297,18297,2,2
2022-01-10 15:23:20.937,18295,18297,18297,1,1
2022-01-10 15:23:21.222,18296,18297,18297,2,2
2022-01-10 15:23:22.719,18295,18297,18297,1,1
2022-01-10 15:23:23.499,18295,18297,18297,1,1
2022-01-10 15:23:24.298,18296,18297,18297,1,1
2022-01-10 15:23:26.051,18296,18297,18297,1,1
2022-01-10 15:23:26.217,18296,18297,18297,1,1
2022-01-10 15:23:27.249,18296,18297,18297,1,1
2022-01-10 15:23:27.927,18296,18297,18297,2,2
2022-01-10 15:23:27.928,18296,18297,18298,15,15
2022-01-10 15:23:27.928,18296,18297,18298,3,3
2022-01-10 15:23:28.067,18297,18298,18297,1,-1
2022-01-10 15:23:28.217,18297,18298,18298,1,1
2022-01-10 15:23:28.296,18297,18298,18298,1,1
2022-01-10 15:23:28.417,18297,18298,18297,1,-1
2022-01-10 15:23:29.417,18296,18297,18297,2,2
2022-01-10 15:23:29.625,18297,18298,18297,1,-1
2022-01-10 15:23:29.839,18297,18298,18297,1,-1
2022-01-10 15:23:30.751,18297,18298,18297,1,-1
2022-01-10 15:23:31.204,18297,18298,18297,1,-1
2022-01-10 15:23:31.205,18297,18298,18297,1,-1
2022-01-10 15:23:35.011,18297,18298,18297,1,-1
2022-01-10 15:23:35.012,18297,18298,18297,1,-1
2022-01-10 15:23:36.528,18296,18298,18298,34,34
2022-01-10 15:23:38.059,18298,18299,18298,1,-1
2022-01-10 15:23:38.327,18298,18299,18298,1,-1
2022-01-10 15:23:38.825,18298,18299,18299,1,1
2022-01-10 15:23:39.286,18298,18299,18299,1,1
2022-01-10 15:23:41.720,18298,18299,18299,1,1
2022-01-10 15:23:43.550,18298,18299,18298,1,-1
2022-01-10 15:23:43.550,18298,18299,18298,3,-3
2022-01-10 15:23:43.552,18298,18299,18298,9,-9
2022-01-10 15:23:43.558,18298,18299,18297,1,-1
2022-01-10 15:23:43.620,18296,18297,18296,5,-5
2022-01-10 15:23:44.041,18295,18296,18296,2,2
2022-01-10 15:23:44.338,18295,18297,18295,1,-1
2022-01-10 15:23:45.624,18294,18296,18296,1,1
2022-01-10 15:23:50.522,18293,18295,18295,1,1
2022-01-10 15:23:56.115,18294,18295,18295,1,1
2022-01-10 15:23:56.386,18294,18295,18294,1,-1
2022-01-10 15:23:56.881,18294,18295,18294,1,-1
2022-01-10 15:23:58.160,18293,18294,18294,1,1
2022-01-10 15:24:00.241,18293,18294,18293,1,-1
2022-01-10 15:24:00.648,18293,18294,18294,1,1
2022-01-10 15:24:00.867,18293,18294,18293,2,-2
2022-01-10 15:24:00.943,18293,18294,18294,1,1
2022-01-10 15:24:02.716,18293,18294,18293,2,-2
2022-01-10 15:24:04.502,18291,18293,18291,1,-1
2022-01-10 15:24:16.575,18291,18292,18291,1,-1
2022-01-10 15:24:16.575,18291,18292,18291,2,-2
2022-01-10 15:24:16.577,18291,18292,18291,2,-2
2022-01-10 15:24:19.447,18290,18291,18290,1,-1
2022-01-10 15:24:23.187,18290,18291,18290,1,-1
2022-01-10 15:24:26.533,18290,18291,18291,1,1
2022-01-10 15:24:27.160,18291,18292,18292,3,3
2022-01-10 15:24:27.779,18291,18293,18291,8,-8
2022-01-10 15:24:29.964,18292,18293,18293,1,1
2022-01-10 15:24:32.221,18293,18294,18294,2,2
2022-01-10 15:24:35.239,18293,18294,18294,2,2
2022-01-10 15:24:37.107,18293,18294,18294,2,2
2022-01-10 15:24:37.536,18293,18294,18294,1,1
2022-01-10 15:24:40.656,18293,18294,18294,1,1
2022-01-10 15:24:41.654,18293,18294,18294,5,5
2022-01-10 15:24:48.255,18293,18294,18294,9,9
2022-01-10 15:24:48.255,18293,18294,18295,16,16
2022-01-10 15:24:49.721,18294,18295,18295,1,1
2022-01-10 15:24:50.679,18294,18295,18295,1,1
2022-01-10 15:24:53.777,18294,18295,18295,1,1
2022-01-10 15:24:54.747,18294,18295,18294,3,-3
2022-01-10 15:24:54.958,18293,18294,18293,2,-2
2022-01-10 15:24:56.355,18293,18294,18294,1,1
2022-01-10 15:24:56.923,18293,18294,18294,1,1
2022-01-10 15:25:01.546,18293,18294,18294,2,2
2022-01-10 15:25:01.546,18293,18294,18294,2,2
2022-01-10 15:25:01.546,18293,18294,18294,2,2
2022-01-10 15:25:02.353,18293,18295,18295,1,1
2022-01-10 15:25:02.879,18293,18295,18295,1,1
2022-01-10 15:25:12.069,18294,18295,18295,4,4
2022-01-10 15:25:12.069,18294,18295,18296,1,1
2022-01-10 15:25:14.710,18295,18296,18295,1,-1
2022-01-10 15:25:14.710,18295,18296,18294,1,-1
2022-01-10 15:25:14.906,18294,18296,18296,5,5
2022-01-10 15:25:17.921,18295,18296,18295,1,-1
2022-01-10 15:25:18.055,18294,18296,18295,3,3
2022-01-10 15:25:18.056,18294,18296,18295,1,1
2022-01-10 15:25:20.430,18294,18295,18295,1,1
2022-01-10 15:25:20.430,18294,18295,18295,1,1
2022-01-10 15:25:22.633,18294,18296,18294,1,-1
2022-01-10 15:25:22.703,18294,18296,18294,2,-2
2022-01-10 15:25:26.832,18295,18296,18295,1,-1
2022-01-10 15:25:31.660,18294,18295,18295,2,2
2022-01-10 15:25:32.837,18294,18295,18295,2,2
2022-01-10 15:25:35.007,18294,18295,18294,32,-32
2022-01-10 15:25:35.008,18294,18295,18293,1,-1
2022-01-10 15:25:35.008,18294,18295,18293,1,-1
2022-01-10 15:25:35.008,18294,18295,18293,3,-3
2022-01-10 15:25:44.243,18292,18293,18293,1,1
2022-01-10 15:25:51.938,18293,18294,18293,1,-1
2022-01-10 15:25:58.477,18293,18294,18294,2,2
2022-01-10 15:26:00.404,18293,18294,18294,1,1
2022-01-10 15:26:00.567,18293,18294,18294,1,1
2022-01-10 15:26:02.145,18294,18295,18294,2,-2
2022-01-10 15:26:02.178,18294,18295,18293,1,-1
2022-01-10 15:26:02.251,18293,18294,18293,1,-1
2022-01-10 15:26:02.251,18293,18294,18293,1,-1
2022-01-10 15:26:02.251,18293,18294,18293,7,-7
2022-01-10 15:26:16.114,18293,18295,18295,2,2
2022-01-10 15:26:16.374,18293,18295,18293,6,-6
2022-01-10 15:26:26.334,18293,18295,18293,1,-1
2022-01-10 15:26:31.515,18293,18295,18295,1,1
2022-01-10 15:26:32.028,18293,18295,18293,2,-2
2022-01-10 15:26:36.697,18293,18294,18293,1,-1
2022-01-10 15:26:37.407,18293,18294,18293,1,-1
2022-01-10 15:26:44.839,18293,18294,18293,1,-1
2022-01-10 15:26:45.844,18292,18294,18292,1,-1
2022-01-10 15:26:50.645,18292,18293,18293,2,2
2022-01-10 15:26:50.645,18292,18293,18294,8,8
2022-01-10 15:26:52.052,18293,18295,18293,1,-1
2022-01-10 15:26:53.624,18292,18294,18294,1,1
2022-01-10 15:26:55.415,18293,18295,18293,1,-1
2022-01-10 15:27:05.866,18293,18294,18293,1,-1
2022-01-10 15:27:06.187,18293,18294,18294,1,1
2022-01-10 15:27:06.267,18293,18295,18293,1,-1
2022-01-10 15:27:21.927,18293,18294,18293,5,-5
2022-01-10 15:27:27.833,18293,18294,18293,8,-8
2022-01-10 15:27:27.835,18293,18294,18293,7,-7
2022-01-10 15:27:34.230,18292,18293,18292,10,-10
2022-01-10 15:27:34.444,18291,18292,18292,3,3
2022-01-10 15:27:34.444,18291,18292,18293,13,13
2022-01-10 15:27:34.445,18291,18292,18293,1,1
2022-01-10 15:27:34.445,18291,18292,18293,3,3
2022-01-10 15:27:34.446,18291,18292,18293,1,1
2022-01-10 15:27:34.993,18291,18293,18292,1,1
2022-01-10 15:27:40.032,18291,18292,18291,8,-8
2022-01-10 15:27:40.147,18290,18291,18291,3,3
2022-01-10 15:27:40.147,18290,18291,18292,12,12
2022-01-10 15:27:40.148,18290,18291,18292,2,2
2022-01-10 15:27:40.148,18290,18291,18292,3,3
2022-01-10 15:27:42.191,18291,18293,18291,2,-2
2022-01-10 15:27:44.611,18291,18292,18291,1,-1
2022-01-10 15:27:45.680,18291,18293,18291,2,-2
2022-01-10 15:27:45.714,18291,18293,18291,1,-1
2022-01-10 15:27:46.802,18291,18292,18292,2,2
2022-01-10 15:27:46.803,18291,18292,18292,18,18
2022-01-10 15:27:46.804,18291,18292,18292,1,1
2022-01-10 15:27:59.028,18292,18293,18292,1,-1
2022-01-10 15:28:02.490,18292,18293,18293,6,6
2022-01-10 15:28:03.297,18293,18294,18294,2,2
2022-01-10 15:28:10.323,18293,18294,18293,1,-1
2022-01-10 15:28:22.908,18292,18293,18293,1,1
2022-01-10 15:28:27.466,18292,18293,18293,1,1
2022-01-10 15:28:35.948,18292,18293,18293,1,1
2022-01-10 15:28:41.703,18292,18293,18293,1,1
2022-01-10 15:28:44.361,18292,18293,18293,3,3
2022-01-10 15:28:44.480,18292,18293,18293,2,2
2022-01-10 15:28:49.787,18293,18294,18293,1,-1
2022-01-10 15:28:49.978,18293,18294,18293,2,-2
2022-01-10 15:28:56.168,18292,18293,18293,1,1
2022-01-10 15:28:56.670,18292,18293,18292,1,-1
2022-01-10 15:29:02.764,18292,18293,18293,1,1
2022-01-10 15:29:08.240,18292,18293,18292,6,-6
2022-01-10 15:29:09.611,18292,18293,18293,1,1
2022-01-10 15:29:12.913,18292,18293,18292,4,-4
2022-01-10 15:29:20.499,18292,18293,18293,2,2
2022-01-10 15:29:23.058,18292,18294,18294,1,1
2022-01-10 15:29:26.100,18292,18294,18294,2,2
2022-01-10 15:29:26.361,18292,18294,18294,1,1
2022-01-10 15:29:30.450,18292,18294,18294,2,2
2022-01-10 15:29:39.174,18292,18294,18294,2,2
2022-01-10 15:29:39.560,18292,18294,18292,1,-1
2022-01-10 15:29:41.698,18292,18293,18293,1,1
2022-01-10 15:29:42.674,18292,18294,18293,1,1
2022-01-10 15:29:43.044,18292,18294,18292,10,-10
2022-01-10 15:29:44.009,18291,18292,18292,1,1
2022-01-10 15:29:52.688,18292,18294,18294,2,2
2022-01-10 15:29:54.264,18292,18294,18292,1,-1
2022-01-10 15:30:00.568,18292,18294,18294,1,1
2022-01-10 15:30:07.065,18292,18294,18294,7,7
2022-01-10 15:30:07.351,18294,18295,18294,1,-1
2022-01-10 15:30:08.208,18293,18295,18295,1,1
2022-01-10 15:30:08.264,18293,18295,18295,1,1
2022-01-10 15:30:08.501,18293,18295,18295,1,1
2022-01-10 15:30:10.413,18293,18295,18295,2,2
2022-01-10 15:30:26.713,18293,18295,18293,2,-2
2022-01-10 15:30:27.993,18293,18295,18293,1,-1
2022-01-10 15:30:31.727,18292,18293,18293,1,1
2022-01-10 15:30:49.428,18293,18294,18294,1,1
2022-01-10 15:30:49.429,18293,18294,18294,1,1
2022-01-10 15:30:49.684,18294,18295,18295,1,1
2022-01-10 15:30:49.900,18294,18295,18295,1,1
2022-01-10 15:30:49.901,18294,18295,18295,11,11
2022-01-10 15:30:53.307,18295,18296,18296,2,2
2022-01-10 15:30:53.307,18295,18296,18296,1,1
2022-01-10 15:31:00.723,18296,18297,18297,1,1
2022-01-10 15:31:02.715,18296,18297,18297,4,4
2022-01-10 15:31:03.219,18296,18298,18298,1,1
2022-01-10 15:31:03.445,18296,18298,18298,1,1
2022-01-10 15:31:03.459,18296,18298,18298,1,1
2022-01-10 15:31:03.459,18296,18298,18298,5,5
2022-01-10 15:31:05.099,18297,18299,18297,1,-1
2022-01-10 15:31:06.810,18297,18298,18298,1,1
2022-01-10 15:31:12.468,18297,18298,18298,1,1
2022-01-10 15:31:12.468,18297,18298,18299,1,1
2022-01-10 15:31:12.982,18297,18299,18299,1,1
2022-01-10 15:31:12.989,18297,18299,18299,2,2
2022-01-10 15:31:13.025,18297,18299,18299,1,1
2022-01-10 15:31:13.059,18297,18299,18299,1,1
2022-01-10 15:31:13.086,18297,18299,18299,4,4
2022-01-10 15:31:13.336,18297,18299,18299,1,1
2022-01-10 15:31:13.342,18297,18299,18299,1,1
2022-01-10 15:31:13.550,18297,18299,18299,1,1
2022-01-10 15:31:13.604,18297,18299,18299,1,1
2022-01-10 15:31:13.667,18297,18299,18299,1,1
2022-01-10 15:31:18.218,18297,18298,18298,1,1
2022-01-10 15:31:24.126,18297,18298,18298,1,1
2022-01-10 15:31:24.848,18298,18299,18299,1,1
2022-01-10 15:31:27.175,18298,18299,18298,1,-1
2022-01-10 15:31:27.328,18297,18299,18299,31,31
2022-01-10 15:31:28.756,18299,18300,18300,2,2
2022-01-10 15:31:28.846,18299,18300,18300,2,2
2022-01-10 15:31:28.848,18299,18300,18300,1,1
2022-01-10 15:31:28.937,18299,18300,18300,1,1
2022-01-10 15:31:31.256,18299,18300,18299,1,-1
2022-01-10 15:31:31.541,18299,18300,18300,1,1
2022-01-10 15:31:33.468,18299,18300,18300,2,2
2022-01-10 15:31:34.016,18299,18300,18300,8,8
2022-01-10 15:31:36.135,18299,18300,18299,1,-1
2022-01-10 15:31:36.231,18299,18300,18299,1,-1
2022-01-10 15:31:36.245,18299,18300,18299,1,-1
2022-01-10 15:31:36.400,18299,18300,18300,2,2
2022-01-10 15:31:36.707,18299,18300,18300,3,3
2022-01-10 15:31:37.511,18299,18300,18300,6,6
2022-01-10 15:31:37.888,18299,18300,18299,1,-1
2022-01-10 15:31:42.582,18299,18300,18299,1,-1
2022-01-10 15:31:44.485,18299,18300,18300,4,4
2022-01-10 15:31:44.851,18299,18300,18299,1,-1
2022-01-10 15:31:46.490,18299,18300,18299,6,-6
2022-01-10 15:31:46.506,18299,18300,18299,1,-1
2022-01-10 15:31:52.612,18297,18298,18298,1,1
2022-01-10 15:31:52.612,18297,18298,18298,1,1
2022-01-10 15:31:52.661,18297,18298,18300,4,4
2022-01-10 15:31:54.706,18299,18300,18300,2,2
2022-01-10 15:31:56.116,18299,18300,18300,2,2
2022-01-10 15:32:04.001,18300,18301,18300,2,-2
2022-01-10 15:32:04.003,18300,18301,18300,1,-1
2022-01-10 15:32:04.475,18299,18301,18299,4,-4
2022-01-10 15:32:04.535,18299,18301,18299,2,-2
2022-01-10 15:32:04.767,18299,18300,18300,1,1
2022-01-10 15:32:06.416,18299,18300,18299,1,-1
2022-01-10 15:32:06.446,18298,18300,18300,1,1
2022-01-10 15:32:06.746,18298,18300,18298,2,-2
2022-01-10 15:32:09.475,18298,18299,18298,1,-1
2022-01-10 15:32:09.570,18297,18298,18298,1,1
2022-01-10 15:32:13.763,18297,18298,18298,3,3
2022-01-10 15:32:14.582,18297,18299,18299,2,2
2022-01-10 15:32:14.892,18297,18299,18297,1,-1
2022-01-10 15:32:15.825,18297,18299,18299,1,1
2022-01-10 15:32:17.246,18297,18298,18298,1,1
2022-01-10 15:32:21.419,18297,18298,18298,3,3
2022-01-10 15:32:21.421,18297,18298,18298,1,1
2022-01-10 15:32:21.445,18297,18299,18299,1,1
2022-01-10 15:32:21.446,18297,18299,18299,1,1
2022-01-10 15:32:21.446,18297,18299,18299,1,1
2022-01-10 15:32:21.446,18297,18299,18299,1,1
2022-01-10 15:32:22.489,18297,18299,18299,2,2
2022-01-10 15:32:27.093,18297,18299,18298,1,1
2022-01-10 15:32:35.533,18298,18299,18298,2,-2
2022-01-10 15:32:35.572,18297,18299,18299,1,1
2022-01-10 15:32:35.572,18297,18299,18299,1,1
2022-01-10 15:32:49.999,18298,18299,18299,2,2
2022-01-10 15:32:54.783,18298,18299,18299,2,2
2022-01-10 15:32:54.821,18299,18300,18300,1,1
2022-01-10 15:32:55.181,18299,18300,18300,4,4
2022-01-10 15:32:55.181,18299,18300,18301,9,9
2022-01-10 15:32:55.212,18300,18302,18302,1,1
2022-01-10 15:32:55.228,18300,18302,18302,1,1
2022-01-10 15:32:55.268,18300,18302,18302,1,1
2022-01-10 15:32:55.748,18301,18302,18302,1,1
2022-01-10 15:32:56.198,18301,18302,18301,1,-1
2022-01-10 15:32:59.132,18301,18302,18301,1,-1
2022-01-10 15:33:00.287,18299,18301,18301,1,1
2022-01-10 15:33:00.497,18299,18301,18300,1,1
2022-01-10 15:33:01.092,18299,18300,18300,1,1
2022-01-10 15:33:03.254,18299,18301,18301,1,1
2022-01-10 15:33:03.280,18299,18301,18301,1,1
2022-01-10 15:33:06.992,18300,18301,18301,2,2
2022-01-10 15:33:13.743,18300,18301,18301,1,1
2022-01-10 15:33:24.160,18301,18302,18301,1,-1
2022-01-10 15:33:25.260,18301,18302,18302,1,1
2022-01-10 15:33:25.699,18301,18302,18302,1,1
2022-01-10 15:33:25.729,18301,18302,18302,1,1
2022-01-10 15:33:25.745,18301,18302,18302,1,1
2022-01-10 15:33:26.838,18301,18302,18301,1,-1
2022-01-10 15:33:35.827,18301,18302,18301,1,-1
2022-01-10 15:33:38.254,18301,18302,18302,1,1
2022-01-10 15:33:39.959,18301,18302,18301,2,-2
2022-01-10 15:33:40.045,18301,18302,18302,2,2
2022-01-10 15:33:40.918,18301,18302,18301,1,-1
2022-01-10 15:33:43.093,18301,18302,18301,1,-1
2022-01-10 15:33:45.979,18300,18301,18301,1,1
2022-01-10 15:33:47.979,18300,18301,18301,1,1
2022-01-10 15:33:52.832,18300,18301,18301,2,2
2022-01-10 15:33:55.151,18300,18301,18301,1,1
2022-01-10 15:33:56.715,18300,18301,18301,2,2
2022-01-10 15:34:01.004,18300,18301,18300,1,-1
2022-01-10 15:34:04.454,18300,18301,18300,23,-23
2022-01-10 15:34:04.454,18300,18301,18300,1,-1
2022-01-10 15:34:04.455,18300,18301,18300,1,-1
2022-01-10 15:34:04.455,18300,18301,18300,1,-1
2022-01-10 15:34:04.455,18300,18301,18300,5,-5
2022-01-10 15:34:04.455,18300,18301,18300,3,-3
2022-01-10 15:34:05.994,18299,18300,18300,1,1
2022-01-10 15:34:07.213,18299,18300,18300,1,1
2022-01-10 15:34:07.643,18299,18300,18299,7,-7
2022-01-10 15:34:08.578,18298,18299,18299,1,1
2022-01-10 15:34:15.668,18298,18299,18298,1,-1
2022-01-10 15:34:21.005,18297,18298,18298,1,1
2022-01-10 15:34:21.007,18297,18298,18298,1,1
2022-01-10 15:34:23.695,18297,18298,18297,1,-1
2022-01-10 15:34:29.841,18297,18298,18297,5,-5
2022-01-10 15:34:29.841,18297,18298,18297,1,-1
2022-01-10 15:34:29.841,18297,18298,18297,2,-2
2022-01-10 15:34:33.248,18296,18298,18298,1,1
2022-01-10 15:34:33.512,18297,18298,18298,1,1
2022-01-10 15:34:33.513,18297,18298,18298,5,5
2022-01-10 15:34:33.513,18297,18298,18298,1,1
2022-01-10 15:34:37.341,18298,18299,18299,1,1
2022-01-10 15:34:38.332,18298,18299,18298,2,-2
2022-01-10 15:34:42.055,18297,18299,18298,1,1
2022-01-10 15:34:43.103,18297,18299,18297,1,-1
2022-01-10 15:35:00.343,18297,18298,18297,4,-4
2022-01-10 15:35:00.447,18296,18297,18297,1,1
2022-01-10 15:35:00.447,18296,18297,18298,1,1
2022-01-10 15:35:00.447,18296,18297,18298,1,1
2022-01-10 15:35:00.447,18296,18297,18298,1,1
2022-01-10 15:35:00.448,18296,18297,18298,1,1
2022-01-10 15:35:00.448,18296,18297,18298,1,1
2022-01-10 15:35:02.265,18297,18299,18299,1,1
2022-01-10 15:35:02.322,18297,18299,18299,1,1
2022-01-10 15:35:02.322,18297,18299,18299,1,1
2022-01-10 15:35:04.381,18298,18299,18298,1,-1
2022-01-10 15:35:05.158,18298,18299,18299,3,3
2022-01-10 15:35:06.052,18299,18300,18299,1,-1
2022-01-10 15:35:17.328,18298,18299,18299,1,1
2022-01-10 15:35:17.446,18298,18299,18299,1,1
2022-01-10 15:35:17.447,18298,18299,18299,1,1
2022-01-10 15:35:23.667,18298,18299,18298,4,-4
2022-01-10 15:35:23.695,18297,18298,18298,1,1
2022-01-10 15:35:23.696,18297,18298,18299,1,1
2022-01-10 15:35:23.698,18297,18298,18299,1,1
2022-01-10 15:35:23.752,18297,18298,18297,1,-1
2022-01-10 15:35:23.753,18297,18298,18297,1,-1
2022-01-10 15:35:31.060,18296,18297,18296,4,-4
2022-01-10 15:35:35.057,18296,18297,18296,1,-1
2022-01-10 15:35:35.394,18295,18297,18295,1,-1
2022-01-10 15:35:36.597,18296,18297,18297,3,3
2022-01-10 15:35:38.210,18297,18298,18298,1,1
2022-01-10 15:35:38.321,18298,18300,18300,1,1
2022-01-10 15:35:38.323,18298,18300,18300,1,1
2022-01-10 15:35:43.069,18298,18300,18299,1,1
2022-01-10 15:35:50.891,18298,18300,18300,2,2
2022-01-10 15:36:11.406,18299,18300,18300,1,1
2022-01-10 15:36:15.451,18299,18300,18300,1,1
2022-01-10 15:36:17.650,18299,18300,18300,1,1
2022-01-10 15:36:20.286,18299,18300,18299,1,-1
2022-01-10 15:36:20.286,18299,18300,18299,1,-1
2022-01-10 15:36:21.463,18299,18300,18300,1,1
2022-01-10 15:36:26.441,18299,18300,18300,3,3
2022-01-10 15:36:29.770,18299,18300,18300,1,1
2022-01-10 15:36:29.820,18299,18300,18300,1,1
2022-01-10 15:36:30.221,18299,18300,18300,2,2
2022-01-10 15:36:31.566,18300,18301,18300,1,-1
2022-01-10 15:36:32.767,18299,18300,18300,1,1
2022-01-10 15:36:33.351,18300,18301,18301,1,1
2022-01-10 15:36:36.582,18300,18301,18300,1,-1
2022-01-10 15:36:36.582,18300,18301,18301,3,3
2022-01-10 15:36:38.141,18300,18302,18300,1,-1
2022-01-10 15:36:45.708,18300,18301,18301,1,1
2022-01-10 15:36:51.764,18300,18301,18300,1,-1
2022-01-10 15:37:08.519,18300,18301,18300,1,-1
2022-01-10 15:37:08.519,18300,18301,18300,1,-1
2022-01-10 15:37:08.519,18300,18301,18300,1,-1
2022-01-10 15:37:08.519,18300,18301,18300,1,-1
2022-01-10 15:37:08.519,18300,18301,18300,1,-1
2022-01-10 15:37:08.519,18300,18301,18300,1,-1
2022-01-10 15:37:08.520,18300,18301,18300,1,-1
2022-01-10 15:37:08.520,18300,18301,18300,4,-4
2022-01-10 15:37:11.178,18299,18300,18300,1,1
2022-01-10 15:37:11.178,18299,18300,18301,2,2
2022-01-10 15:37:25.672,18299,18300,18300,1,1
2022-01-10 15:37:26.005,18299,18300,18300,1,1
2022-01-10 15:37:33.893,18299,18300,18299,9,-9
2022-01-10 15:37:41.230,18298,18299,18298,5,-5
2022-01-10 15:37:45.189,18297,18298,18297,1,-1
2022-01-10 15:37:46.136,18297,18298,18298,1,1
2022-01-10 15:37:56.355,18298,18299,18298,1,-1
2022-01-10 15:37:57.895,18298,18299,18298,4,-4
2022-01-10 15:37:57.895,18298,18299,18297,1,-1
2022-01-10 15:37:59.745,18297,18299,18297,1,-1
2022-01-10 15:38:01.429,18298,18299,18299,2,2
2022-01-10 15:38:01.778,18299,18300,18300,1,1
2022-01-10 15:38:01.782,18299,18300,18300,2,2
2022-01-10 15:38:01.795,18299,18300,18301,1,1
2022-01-10 15:38:01.799,18299,18300,18301,2,2
2022-01-10 15:38:01.804,18299,18300,18301,1,1
2022-01-10 15:38:01.808,18299,18300,18301,1,1
2022-01-10 15:38:01.875,18300,18301,18301,3,3
2022-01-10 15:38:01.879,18300,18301,18301,2,2
2022-01-10 15:38:01.879,18300,18301,18301,1,1
2022-01-10 15:38:01.880,18300,18301,18301,5,5
2022-01-10 15:38:01.931,18300,18301,18302,6,6
2022-01-10 15:38:01.969,18301,18303,18303,2,2
2022-01-10 15:38:01.980,18301,18303,18303,1,1
2022-01-10 15:38:01.985,18301,18303,18303,3,3
2022-01-10 15:38:01.997,18301,18303,18303,3,3
2022-01-10 15:38:02.014,18301,18303,18303,3,3
2022-01-10 15:38:02.022,18301,18303,18303,2,2
2022-01-10 15:38:02.136,18301,18303,18303,3,3
2022-01-10 15:38:02.174,18301,18303,18303,1,1
2022-01-10 15:38:02.274,18301,18303,18303,1,1
2022-01-10 15:38:02.274,18301,18303,18303,2,2
2022-01-10 15:38:02.281,18301,18303,18303,1,1
2022-01-10 15:38:02.290,18301,18303,18303,1,1
2022-01-10 15:38:02.290,18301,18303,18303,1,1
2022-01-10 15:38:02.292,18301,18303,18304,1,1
2022-01-10 15:38:02.346,18301,18304,18304,2,2
2022-01-10 15:38:02.346,18301,18304,18304,1,1
2022-01-10 15:38:02.389,18301,18304,18304,1,1
2022-01-10 15:38:02.484,18301,18304,18304,1,1
2022-01-10 15:38:02.556,18301,18304,18304,1,1
2022-01-10 15:38:02.602,18301,18304,18304,2,2
2022-01-10 15:38:02.628,18301,18304,18304,1,1
2022-01-10 15:38:02.691,18301,18304,18304,1,1
2022-01-10 15:38:02.700,18302,18304,18304,4,4
2022-01-10 15:38:02.710,18302,18304,18302,1,-1
2022-01-10 15:38:02.761,18302,18304,18304,1,1
2022-01-10 15:38:02.792,18302,18304,18304,1,1
2022-01-10 15:38:02.815,18302,18304,18304,1,1
2022-01-10 15:38:02.823,18302,18304,18304,1,1
2022-01-10 15:38:02.824,18302,18304,18304,1,1
2022-01-10 15:38:02.826,18302,18304,18304,1,1
2022-01-10 15:38:02.830,18302,18304,18304,1,1
2022-01-10 15:38:02.854,18302,18304,18304,1,1
2022-01-10 15:38:02.876,18302,18304,18302,1,-1
2022-01-10 15:38:02.981,18302,18304,18304,1,1
2022-01-10 15:38:03.085,18302,18304,18304,1,1
2022-01-10 15:38:03.123,18302,18304,18304,1,1
2022-01-10 15:38:03.212,18302,18304,18304,2,2
2022-01-10 15:38:03.273,18302,18304,18304,1,1
2022-01-10 15:38:03.274,18302,18304,18302,4,-4
2022-01-10 15:38:03.347,18301,18303,18301,1,-1
2022-01-10 15:38:03.374,18301,18303,18303,1,1
2022-01-10 15:38:03.519,18301,18303,18303,1,1
2022-01-10 15:38:03.550,18301,18303,18303,1,1
2022-01-10 15:38:08.393,18301,18302,18302,2,2
2022-01-10 15:38:08.393,18301,18302,18303,3,3
2022-01-10 15:38:08.393,18301,18302,18304,2,2
2022-01-10 15:38:10.017,18302,18304,18304,2,2
2022-01-10 15:38:10.202,18302,18304,18304,2,2
2022-01-10 15:38:12.042,18302,18303,18303,1,1
2022-01-10 15:38:12.104,18302,18303,18303,3,3
2022-01-10 15:38:16.143,18302,18303,18303,1,1
2022-01-10 15:38:16.143,18302,18303,18304,2,2
2022-01-10 15:38:17.396,18302,18303,18303,1,1
2022-01-10 15:38:21.188,18302,18303,18303,3,3
2022-01-10 15:38:23.582,18301,18303,18303,7,7
2022-01-10 15:38:23.583,18301,18303,18303,1,1
2022-01-10 15:38:23.583,18301,18303,18303,1,1
2022-01-10 15:38:35.516,18303,18304,18303,1,-1
2022-01-10 15:38:36.072,18303,18304,18303,1,-1
2022-01-10 15:38:37.178,18303,18304,18303,2,-2
2022-01-10 15:38:37.446,18302,18303,18303,1,1
2022-01-10 15:38:47.323,18303,18304,18303,1,-1
2022-01-10 15:38:53.147,18302,18303,18303,1,1
2022-01-10 15:38:56.635,18302,18303,18302,1,-1
2022-01-10 15:39:00.185,18301,18302,18302,1,1
2022-01-10 15:39:00.214,18301,18302,18302,1,1
2022-01-10 15:39:00.408,18301,18302,18302,1,1
2022-01-10 15:39:00.907,18301,18302,18301,2,-2
2022-01-10 15:39:01.068,18301,18302,18301,1,-1
2022-01-10 15:39:02.298,18300,18302,18302,1,1
2022-01-10 15:39:14.423,18300,18302,18302,2,2
2022-01-10 15:39:14.879,18300,18303,18300,5,-5
2022-01-10 15:39:15.669,18300,18302,18301,1,1
2022-01-10 15:39:18.668,18300,18301,18300,1,-1
2022-01-10 15:39:25.211,18299,18300,18300,1,1
2022-01-10 15:39:28.808,18299,18300,18300,3,3
2022-01-10 15:39:28.808,18299,18300,18300,1,1
2022-01-10 15:39:36.569,18299,18300,18300,1,1
2022-01-10 15:39:37.747,18299,18300,18300,1,1
2022-01-10 15:39:37.870,18299,18301,18300,1,1
2022-01-10 15:40:02.381,18299,18300,18300,2,2
2022-01-10 15:40:02.719,18299,18300,18300,2,2
2022-01-10 15:40:02.984,18299,18300,18300,1,1
2022-01-10 15:40:03.252,18299,18300,18300,1,1
2022-01-10 15:40:03.252,18299,18300,18300,2,2
2022-01-10 15:40:03.253,18299,18300,18300,1,1
2022-01-10 15:40:03.255,18299,18300,18301,1,1
2022-01-10 15:40:03.255,18299,18300,18301,2,2
2022-01-10 15:40:03.280,18299,18300,18301,2,2
2022-01-10 15:40:03.281,18299,18300,18302,1,1
2022-01-10 15:40:07.200,18299,18301,18300,1,1
2022-01-10 15:40:09.868,18299,18301,18299,7,-7
2022-01-10 15:40:10.702,18298,18300,18298,4,-4
2022-01-10 15:40:28.680,18297,18298,18298,3,3
2022-01-10 15:40:29.043,18298,18300,18298,1,-1
2022-01-10 15:40:54.652,18298,18300,18298,1,-1
2022-01-10 15:41:00.314,18298,18299,18299,1,1
2022-01-10 15:41:05.057,18299,18300,18300,2,2
2022-01-10 15:41:05.092,18299,18300,18300,1,1
2022-01-10 15:41:09.094,18299,18300,18300,3,3
2022-01-10 15:41:09.132,18299,18300,18300,1,1
2022-01-10 15:41:09.138,18299,18300,18300,1,1
2022-01-10 15:41:09.146,18299,18300,18300,1,1
2022-01-10 15:41:09.146,18299,18300,18300,3,3
2022-01-10 15:41:10.331,18299,18300,18300,1,1
2022-01-10 15:41:15.595,18300,18301,18300,1,-1
2022-01-10 15:41:17.242,18299,18300,18299,9,-9
2022-01-10 15:41:17.242,18299,18300,18298,1,-1
2022-01-10 15:41:20.289,18299,18300,18299,1,-1
2022-01-10 15:41:24.469,18299,18300,18300,1,1
2022-01-10 15:41:26.287,18299,18300,18300,1,1
2022-01-10 15:41:26.287,18299,18300,18301,1,1
2022-01-10 15:41:30.895,18300,18301,18300,1,-1
2022-01-10 15:41:37.685,18299,18301,18299,1,-1
2022-01-10 15:41:52.410,18300,18301,18300,1,-1
2022-01-10 15:41:56.541,18300,18301,18301,1,1
2022-01-10 15:42:05.085,18300,18301,18301,4,4
2022-01-10 15:42:07.441,18300,18302,18302,1,1
2022-01-10 15:42:07.532,18300,18302,18302,5,5
2022-01-10 15:42:07.607,18300,18302,18302,1,1
2022-01-10 15:42:07.669,18300,18302,18302,7,7
2022-01-10 15:42:07.669,18300,18302,18303,5,5
2022-01-10 15:42:07.706,18301,18303,18303,1,1
2022-01-10 15:42:07.793,18301,18303,18303,1,1
2022-01-10 15:42:08.123,18301,18303,18303,1,1
2022-01-10 15:42:08.154,18301,18303,18304,1,1
2022-01-10 15:42:08.231,18301,18304,18303,1,1
2022-01-10 15:42:08.294,18301,18304,18303,1,1
2022-01-10 15:42:08.577,18301,18303,18303,1,1
2022-01-10 15:42:08.645,18301,18303,18303,1,1
2022-01-10 15:42:10.408,18301,18303,18301,2,-2
2022-01-10 15:42:15.932,18301,18302,18302,1,1
2022-01-10 15:42:17.264,18301,18303,18301,2,-2
2022-01-10 15:42:19.943,18300,18302,18302,5,5
2022-01-10 15:42:23.443,18300,18302,18302,1,1
2022-01-10 15:42:25.266,18300,18302,18300,9,-9
2022-01-10 15:42:25.266,18300,18302,18300,7,-7
2022-01-10 15:42:25.266,18300,18302,18300,4,-4
2022-01-10 15:42:25.266,18300,18302,18300,2,-2
2022-01-10 15:42:25.266,18300,18302,18300,1,-1
2022-01-10 15:42:26.240,18299,18300,18300,1,1
2022-01-10 15:42:36.057,18299,18301,18300,1,1
2022-01-10 15:42:40.209,18299,18300,18300,2,2
2022-01-10 15:42:52.902,18299,18300,18299,1,-1
2022-01-10 15:42:57.155,18298,18299,18298,1,-1
2022-01-10 15:43:01.008,18298,18299,18299,3,3
2022-01-10 15:43:03.474,18299,18300,18299,2,-2
2022-01-10 15:43:04.271,18299,18300,18299,1,-1
2022-01-10 15:43:07.421,18299,18300,18299,1,-1
2022-01-10 15:43:07.909,18299,18300,18300,2,2
2022-01-10 15:43:20.516,18300,18301,18300,1,-1
2022-01-10 15:43:43.364,18299,18300,18299,2,-2
2022-01-10 15:43:45.782,18299,18300,18299,1,-1
2022-01-10 15:43:59.399,18298,18299,18299,1,1
2022-01-10 15:44:12.890,18298,18299,18298,4,-4
2022-01-10 15:44:13.257,18298,18299,18299,1,1
2022-01-10 15:44:13.257,18298,18299,18299,1,1
2022-01-10 15:44:13.259,18298,18299,18299,1,1
2022-01-10 15:44:13.265,18298,18299,18300,1,1
2022-01-10 15:44:13.265,18298,18299,18300,1,1
2022-01-10 15:44:13.266,18298,18299,18300,1,1
2022-01-10 15:44:13.322,18299,18301,18301,1,1
2022-01-10 15:44:13.322,18299,18301,18301,1,1
2022-01-10 15:44:13.441,18299,18301,18301,1,1
2022-01-10 15:44:27.292,18299,18300,18300,1,1
2022-01-10 15:44:27.857,18299,18300,18299,1,-1
2022-01-10 15:44:30.385,18298,18299,18299,1,1
2022-01-10 15:44:35.725,18298,18299,18299,1,1
2022-01-10 15:44:42.707,18298,18299,18299,1,1
2022-01-10 15:44:43.221,18298,18299,18298,1,-1
2022-01-10 15:44:43.876,18298,18299,18299,1,1
2022-01-10 15:44:47.990,18298,18299,18299,1,1
2022-01-10 15:44:56.784,18298,18299,18299,1,1
2022-01-10 15:44:56.786,18298,18299,18300,2,2
2022-01-10 15:44:57.162,18299,18301,18300,1,1
2022-01-10 15:45:01.893,18300,18301,18301,2,2
2022-01-10 15:45:01.964,18301,18302,18302,6,6
2022-01-10 15:45:01.965,18301,18302,18302,2,2
2022-01-10 15:45:01.965,18301,18302,18302,1,1
2022-01-10 15:45:01.990,18301,18302,18302,2,2
2022-01-10 15:45:02.334,18301,18303,18302,1,1
2022-01-10 15:45:02.446,18301,18303,18302,1,1
2022-01-10 15:45:02.447,18301,18303,18302,1,1
2022-01-10 15:45:02.891,18301,18303,18302,1,1
2022-01-10 15:45:05.883,18301,18303,18302,1,1
2022-01-10 15:45:07.116,18301,18302,18302,1,1
2022-01-10 15:45:07.116,18301,18302,18302,2,2
2022-01-10 15:45:07.163,18301,18302,18303,1,1
2022-01-10 15:45:07.163,18301,18302,18303,2,2
2022-01-10 15:45:12.382,18302,18303,18303,1,1
2022-01-10 15:45:12.446,18302,18303,18303,1,1
2022-01-10 15:45:12.446,18302,18303,18303,1,1
2022-01-10 15:45:12.446,18302,18303,18303,1,1
2022-01-10 15:45:12.446,18302,18303,18304,1,1
2022-01-10 15:45:12.446,18302,18303,18304,1,1
2022-01-10 15:45:12.446,18302,18303,18304,1,1
2022-01-10 15:45:12.446,18302,18303,18304,1,1
2022-01-10 15:45:12.446,18302,18303,18304,1,1
2022-01-10 15:45:12.447,18302,18303,18304,1,1
2022-01-10 15:45:12.447,18302,18303,18304,1,1
2022-01-10 15:45:12.447,18302,18303,18304,1,1
2022-01-10 15:45:12.447,18302,18303,18304,1,1
2022-01-10 15:45:12.447,18302,18303,18304,1,1
2022-01-10 15:45:12.489,18302,18303,18304,2,2
2022-01-10 15:45:16.897,18302,18304,18302,1,-1
2022-01-10 15:45:18.064,18302,18304,18303,4,4
2022-01-10 15:45:18.070,18302,18304,18304,1,1
2022-01-10 15:45:18.070,18302,18304,18304,1,1
2022-01-10 15:45:18.071,18302,18304,18304,1,1
2022-01-10 15:45:18.071,18302,18304,18304,1,1
2022-01-10 15:45:18.071,18302,18304,18304,1,1
2022-01-10 15:45:18.071,18302,18304,18304,1,1
2022-01-10 15:45:19.791,18303,18305,18305,1,1
2022-01-10 15:45:19.850,18303,18305,18305,1,1
2022-01-10 15:45:19.881,18303,18305,18305,1,1
2022-01-10 15:45:19.931,18303,18305,18305,1,1
2022-01-10 15:45:19.952,18303,18305,18305,1,1
2022-01-10 15:45:19.958,18303,18305,18305,1,1
2022-01-10 15:45:19.962,18303,18305,18305,1,1
2022-01-10 15:45:19.968,18303,18305,18305,1,1
2022-01-10 15:45:23.743,18303,18305,18305,2,2
2022-01-10 15:45:28.301,18303,18305,18304,1,1
2022-01-10 15:45:33.147,18304,18305,18304,1,-1
2022-01-10 15:45:33.195,18303,18305,18305,1,1
2022-01-10 15:45:33.195,18303,18305,18305,1,1
2022-01-10 15:45:33.196,18303,18305,18305,1,1
2022-01-10 15:45:33.196,18303,18305,18305,1,1
2022-01-10 15:45:33.197,18303,18305,18305,1,1
2022-01-10 15:45:33.198,18303,18305,18305,1,1
2022-01-10 15:45:33.199,18303,18305,18305,4,4
2022-01-10 15:45:36.281,18304,18305,18304,1,-1
2022-01-10 15:45:36.710,18303,18305,18305,1,1
2022-01-10 15:45:54.428,18303,18304,18304,1,1
2022-01-10 15:45:57.442,18303,18304,18304,1,1
2022-01-10 15:45:57.445,18304,18305,18305,1,1
2022-01-10 15:45:57.446,18304,18305,18305,1,1
2022-01-10 15:45:58.208,18304,18305,18304,2,-2
2022-01-10 15:46:00.074,18303,18304,18304,1,1
2022-01-10 15:46:00.121,18303,18304,18304,1,1
2022-01-10 15:46:00.814,18303,18304,18303,2,-2
2022-01-10 15:46:01.407,18303,18304,18304,1,1
2022-01-10 15:46:14.407,18304,18305,18304,1,-1
2022-01-10 15:46:20.179,18304,18305,18304,1,-1
2022-01-10 15:46:41.122,18303,18304,18304,1,1
2022-01-10 15:46:44.754,18303,18304,18303,5,-5
2022-01-10 15:47:05.760,18302,18303,18303,1,1
2022-01-10 15:47:05.761,18302,18303,18303,4,4
2022-01-10 15:47:13.151,18303,18304,18304,1,1
2022-01-10 15:47:17.995,18303,18304,18304,1,1
2022-01-10 15:47:29.039,18303,18304,18304,1,1
2022-01-10 15:47:32.433,18303,18304,18303,1,-1
2022-01-10 15:47:37.106,18303,18304,18303,2,-2
2022-01-10 15:47:40.394,18302,18303,18302,2,-2
2022-01-10 15:47:42.180,18302,18303,18302,1,-1
2022-01-10 15:47:44.209,18302,18303,18302,3,-3
2022-01-10 15:47:44.400,18301,18303,18301,5,-5
2022-01-10 15:47:50.736,18301,18303,18301,1,-1
2022-01-10 15:47:54.612,18301,18302,18302,2,2
2022-01-10 15:48:00.406,18301,18302,18301,1,-1
2022-01-10 15:48:01.083,18301,18302,18302,1,1
2022-01-10 15:48:10.181,18301,18302,18301,1,-1
2022-01-10 15:48:18.107,18301,18302,18302,1,1
2022-01-10 15:48:22.378,18301,18302,18302,1,1
2022-01-10 15:48:23.384,18301,18302,18301,3,-3
2022-01-10 15:48:30.125,18301,18302,18302,1,1
2022-01-10 15:48:32.604,18301,18302,18302,1,1
2022-01-10 15:48:32.685,18301,18302,18301,1,-1
2022-01-10 15:48:40.399,18301,18302,18301,2,-2
2022-01-10 15:48:50.705,18301,18302,18301,1,-1
2022-01-10 15:49:03.087,18301,18302,18302,1,1
2022-01-10 15:49:03.087,18301,18302,18302,3,3
2022-01-10 15:49:03.087,18301,18302,18302,2,2
2022-01-10 15:49:03.087,18301,18302,18302,4,4
2022-01-10 15:49:08.204,18302,18303,18303,1,1
2022-01-10 15:49:11.841,18302,18303,18303,1,1
2022-01-10 15:49:23.685,18302,18303,18303,1,1
2022-01-10 15:49:32.732,18302,18303,18303,1,1
2022-01-10 15:49:34.378,18302,18303,18303,1,1
2022-01-10 15:49:35.854,18302,18303,18303,1,1
2022-01-10 15:49:35.977,18302,18303,18303,1,1
2022-01-10 15:49:43.577,18302,18303,18303,5,5
2022-01-10 15:49:45.653,18302,18303,18302,6,-6
2022-01-10 15:50:02.546,18301,18303,18302,1,1
2022-01-10 15:50:03.762,18301,18303,18303,2,2
2022-01-10 15:50:05.971,18301,18302,18301,11,-11
2022-01-10 15:50:05.971,18301,18302,18301,2,-2
2022-01-10 15:50:05.971,18301,18302,18301,3,-3
2022-01-10 15:50:05.971,18301,18302,18301,1,-1
2022-01-10 15:50:05.972,18301,18302,18301,1,-1
2022-01-10 15:50:06.884,18301,18302,18301,2,-2
2022-01-10 15:50:06.884,18301,18302,18301,1,-1
2022-01-10 15:50:06.884,18301,18302,18301,1,-1
2022-01-10 15:50:06.884,18301,18302,18301,2,-2
2022-01-10 15:50:06.884,18301,18302,18301,2,-2
2022-01-10 15:50:06.935,18301,18302,18301,1,-1
2022-01-10 15:50:07.396,18300,18301,18301,1,1
2022-01-10 15:50:19.645,18300,18301,18301,1,1
2022-01-10 15:50:22.485,18301,18302,18301,1,-1
2022-01-10 15:50:22.910,18301,18302,18302,1,1
2022-01-10 15:50:36.292,18301,18302,18302,6,6
2022-01-10 15:50:40.403,18302,18303,18302,3,-3
2022-01-10 15:50:40.403,18302,18303,18302,1,-1
2022-01-10 15:50:54.481,18301,18302,18301,2,-2
2022-01-10 15:50:54.481,18301,18302,18301,1,-1
2022-01-10 15:51:29.808,18301,18302,18302,1,1
2022-01-10 15:51:36.993,18301,18302,18301,2,-2
2022-01-10 15:51:37.071,18300,18302,18302,1,1
2022-01-10 15:51:37.742,18300,18302,18300,1,-1
2022-01-10 15:51:51.585,18300,18301,18300,1,-1
2022-01-10 15:51:54.681,18300,18301,18300,1,-1
2022-01-10 15:51:57.356,18300,18301,18300,2,-2
2022-01-10 15:52:04.275,18300,18301,18300,1,-1
2022-01-10 15:52:06.190,18300,18301,18300,8,-8
2022-01-10 15:52:14.099,18300,18301,18300,4,-4
2022-01-10 15:52:16.284,18300,18301,18300,1,-1
2022-01-10 15:52:27.965,18299,18300,18299,1,-1
2022-01-10 15:52:39.230,18299,18300,18300,1,1
2022-01-10 15:52:39.247,18299,18300,18300,5,5
2022-01-10 15:52:40.600,18299,18301,18299,2,-2
2022-01-10 15:52:42.256,18300,18301,18300,1,-1
2022-01-10 15:52:49.831,18300,18301,18301,2,2
2022-01-10 15:53:02.247,18300,18301,18301,1,1
2022-01-10 15:53:07.725,18300,18301,18301,1,1
2022-01-10 15:53:15.558,18300,18301,18300,1,-1
2022-01-10 15:53:15.558,18300,18301,18300,1,-1
2022-01-10 15:53:15.558,18300,18301,18300,1,-1
2022-01-10 15:53:15.558,18300,18301,18300,1,-1
2022-01-10 15:53:47.005,18299,18300,18300,7,7
2022-01-10 15:53:57.933,18300,18301,18300,2,-2
2022-01-10 15:54:00.248,18299,18300,18299,1,-1
2022-01-10 15:54:06.042,18299,18300,18299,1,-1
2022-01-10 15:54:09.519,18299,18300,18299,1,-1
2022-01-10 15:54:13.663,18299,18300,18299,1,-1
2022-01-10 15:54:21.101,18299,18300,18299,1,-1
2022-01-10 15:54:21.675,18299,18300,18299,1,-1
2022-01-10 15:54:26.445,18299,18300,18300,6,6
2022-01-10 15:54:31.300,18300,18301,18300,5,-5
2022-01-10 15:54:31.300,18300,18301,18299,5,-5
2022-01-10 15:54:42.914,18300,18301,18300,1,-1
2022-01-10 15:55:02.334,18299,18300,18300,1,1
2022-01-10 15:55:02.924,18299,18300,18300,1,1
2022-01-10 15:55:08.064,18299,18300,18300,1,1
2022-01-10 15:55:08.281,18299,18300,18300,1,1
2022-01-10 15:55:08.281,18299,18300,18300,2,2
2022-01-10 15:55:16.325,18299,18300,18299,2,-2
2022-01-10 15:55:18.369,18299,18300,18300,1,1
2022-01-10 15:55:21.008,18300,18301,18301,5,5
2022-01-10 15:55:21.008,18300,18301,18301,2,2
2022-01-10 15:55:21.008,18300,18301,18301,1,1
2022-01-10 15:55:21.008,18300,18301,18301,1,1
2022-01-10 15:55:21.008,18300,18301,18301,1,1
2022-01-10 15:55:21.009,18300,18301,18301,1,1
2022-01-10 15:55:27.466,18301,18302,18301,1,-1
2022-01-10 15:55:27.646,18301,18302,18302,1,1
2022-01-10 15:55:28.927,18301,18302,18302,1,1
2022-01-10 15:55:29.979,18301,18302,18302,1,1
2022-01-10 15:55:30.454,18301,18302,18302,4,4
2022-01-10 15:55:46.782,18301,18302,18302,1,1
2022-01-10 15:55:59.549,18301,18302,18302,1,1
2022-01-10 15:56:09.372,18301,18302,18301,2,-2
2022-01-10 15:56:09.372,18301,18302,18302,4,4
2022-01-10 15:56:19.220,18302,18303,18302,1,-1
2022-01-10 15:56:20.357,18302,18303,18302,1,-1
2022-01-10 15:56:20.785,18302,18303,18302,4,-4
2022-01-10 15:56:20.785,18302,18303,18301,4,-4
2022-01-10 15:56:34.958,18301,18303,18302,1,1
2022-01-10 15:56:42.953,18301,18302,18301,1,-1
2022-01-10 15:56:49.018,18301,18302,18301,1,-1
2022-01-10 15:56:49.018,18301,18302,18301,1,-1
2022-01-10 15:56:53.030,18300,18302,18300,1,-1
2022-01-10 15:57:00.192,18300,18301,18300,1,-1
2022-01-10 15:57:00.192,18300,18301,18300,1,-1
2022-01-10 15:57:01.925,18299,18300,18299,1,-1
2022-01-10 15:57:20.403,18299,18300,18299,1,-1
2022-01-10 15:57:35.247,18298,18299,18298,1,-1
2022-01-10 15:57:37.556,18298,18299,18298,2,-2
2022-01-10 15:57:40.398,18298,18299,18298,1,-1
2022-01-10 15:57:43.182,18298,18299,18298,1,-1
2022-01-10 15:57:51.337,18298,18299,18298,1,-1
2022-01-10 15:58:00.392,18298,18299,18298,1,-1
2022-01-10 15:58:01.205,18298,18299,18298,1,-1
2022-01-10 15:58:01.657,18298,18299,18298,4,-4
2022-01-10 15:58:01.831,18298,18299,18298,1,-1
2022-01-10 15:58:02.687,18298,18299,18298,1,-1
2022-01-10 15:58:02.687,18298,18299,18297,1,-1
2022-01-10 15:58:03.668,18297,18299,18297,2,-2
2022-01-10 15:58:08.815,18298,18299,18298,1,-1
2022-01-10 15:58:09.573,18298,18299,18298,1,-1
2022-01-10 15:58:09.573,18298,18299,18298,1,-1
2022-01-10 15:58:15.367,18298,18299,18298,1,-1
2022-01-10 15:58:15.674,18297,18299,18299,1,1
2022-01-10 15:58:16.052,18297,18299,18297,1,-1
2022-01-10 15:58:25.572,18297,18298,18298,1,1
2022-01-10 15:58:40.395,18297,18298,18297,2,-2
2022-01-10 15:58:47.952,18297,18298,18297,5,-5
2022-01-10 15:58:48.291,18297,18298,18297,1,-1
2022-01-10 15:58:48.292,18297,18298,18297,1,-1
2022-01-10 15:58:48.292,18297,18298,18297,1,-1
2022-01-10 15:58:48.292,18297,18298,18297,1,-1
2022-01-10 15:58:53.200,18296,18297,18296,1,-1
2022-01-10 15:58:53.393,18296,18297,18296,2,-2
2022-01-10 15:58:58.047,18295,18297,18295,1,-1
2022-01-10 15:58:58.144,18295,18297,18295,1,-1
2022-01-10 15:58:58.464,18295,18297,18295,2,-2
2022-01-10 15:59:02.644,18296,18297,18296,1,-1
2022-01-10 15:59:02.644,18296,18297,18295,1,-1
2022-01-10 15:59:06.997,18295,18296,18295,6,-6
2022-01-10 15:59:11.042,18295,18296,18295,2,-2
2022-01-10 15:59:14.633,18295,18296,18295,2,-2
2022-01-10 15:59:18.892,18295,18296,18295,2,-2
2022-01-10 15:59:30.740,18295,18296,18296,3,3
2022-01-10 15:59:33.181,18296,18297,18296,1,-1
2022-01-10 15:59:33.507,18296,18297,18296,1,-1
2022-01-10 15:59:34.480,18296,18297,18296,1,-1
2022-01-10 15:59:34.732,18296,18297,18296,1,-1
2022-01-10 15:59:43.562,18296,18297,18296,1,-1
2022-01-10 15:59:46.202,18296,18297,18296,1,-1
2022-01-10 15:59:46.412,18296,18297,18296,1,-1
2022-01-10 15:59:49.670,18295,18296,18296,1,1
2022-01-10 15:59:52.835,18296,18297,18296,2,-2
2022-01-10 15:59:58.663,18296,18297,18296,1,-1
2022-01-10 15:59:59.646,18296,18297,18297,4,4
2022-01-10 15:59:59.646,18296,18297,18297,1,1
2022-01-10 15:59:59.646,18296,18297,18297,3,3
2022-01-10 16:00:01.255,18296,18297,18296,1,-1
2022-01-10 16:00:01.329,18295,18296,18296,1,1
2022-01-10 16:00:01.329,18295,18296,18296,1,1
2022-01-10 16:00:01.329,18295,18296,18296,3,3
2022-01-10 16:00:01.330,18295,18296,18296,1,1
2022-01-10 16:00:01.330,18295,18296,18296,1,1
2022-01-10 16:00:01.331,18295,18296,18296,1,1
2022-01-10 16:00:01.606,18295,18297,18297,1,1
2022-01-10 16:00:01.614,18295,18297,18297,1,1
2022-01-10 16:00:01.621,18295,18297,18297,1,1
2022-01-10 16:00:01.626,18295,18297,18297,1,1
2022-01-10 16:00:01.716,18295,18297,18297,2,2
2022-01-10 16:00:01.729,18295,18297,18297,2,2
2022-01-10 16:00:01.729,18295,18297,18298,1,1
2022-01-10 16:00:01.800,18295,18297,18297,1,1
2022-01-10 16:00:01.839,18296,18298,18298,1,1
2022-01-10 16:00:01.854,18296,18298,18298,1,1
2022-01-10 16:00:02.216,18297,18298,18298,1,1
2022-01-10 16:00:02.311,18297,18298,18299,1,1
2022-01-10 16:00:02.321,18297,18299,18299,1,1
2022-01-10 16:00:02.324,18297,18299,18299,1,1
2022-01-10 16:00:02.325,18297,18299,18299,1,1
2022-01-10 16:00:02.325,18297,18299,18299,1,1
2022-01-10 16:00:02.440,18297,18299,18299,6,6
2022-01-10 16:00:02.901,18297,18299,18298,1,1
2022-01-10 16:00:03.936,18297,18298,18298,1,1
2022-01-10 16:00:03.936,18297,18298,18298,1,1
2022-01-10 16:00:08.247,18298,18300,18300,1,1
2022-01-10 16:00:08.372,18298,18300,18300,1,1
2022-01-10 16:00:13.369,18297,18298,18298,1,1
2022-01-10 16:00:13.446,18297,18299,18299,1,1
2022-01-10 16:00:18.762,18296,18298,18298,1,1
2022-01-10 16:00:27.948,18297,18298,18298,2,2
2022-01-10 16:00:28.070,18297,18298,18298,1,1
2022-01-10 16:00:28.071,18297,18298,18299,1,1
2022-01-10 16:00:33.230,18298,18299,18298,1,-1
2022-01-10 16:00:39.206,18298,18299,18299,1,1
2022-01-10 16:00:39.207,18298,18299,18299,2,2
2022-01-10 16:00:39.207,18298,18299,18299,1,1
2022-01-10 16:00:40.064,18299,18300,18299,1,-1
2022-01-10 16:00:40.071,18299,18300,18300,1,1
2022-01-10 16:00:40.395,18299,18300,18299,1,-1
2022-01-10 16:00:42.902,18299,18300,18299,2,-2
2022-01-10 16:00:42.903,18299,18300,18299,1,-1
2022-01-10 16:00:46.419,18299,18300,18300,3,3
2022-01-10 16:00:46.419,18299,18300,18300,1,1
2022-01-10 16:00:46.419,18299,18300,18300,4,4
2022-01-10 16:00:46.419,18299,18300,18300,1,1
2022-01-10 16:00:48.097,18300,18301,18301,1,1
2022-01-10 16:00:48.097,18300,18301,18301,2,2
2022-01-10 16:00:52.815,18301,18302,18302,1,1
2022-01-10 16:00:52.850,18301,18302,18302,2,2
2022-01-10 16:00:52.850,18301,18302,18302,2,2
2022-01-10 16:00:52.871,18301,18302,18302,2,2
2022-01-10 16:00:53.506,18301,18302,18301,1,-1
2022-01-10 16:00:56.845,18301,18302,18301,1,-1
2022-01-10 16:00:58.746,18301,18302,18302,1,1
2022-01-10 16:01:00.396,18301,18302,18301,1,-1
2022-01-10 16:01:05.279,18300,18301,18301,1,1
2022-01-10 16:01:05.279,18300,18301,18302,1,1
2022-01-10 16:01:15.382,18300,18301,18301,1,1
2022-01-10 16:01:17.720,18300,18302,18302,7,7
2022-01-10 16:01:18.072,18302,18303,18302,1,-1
2022-01-10 16:01:18.072,18302,18303,18302,3,-3
2022-01-10 16:01:18.072,18302,18303,18302,1,-1
2022-01-10 16:01:18.072,18302,18303,18302,5,-5
2022-01-10 16:01:18.072,18302,18303,18302,1,-1
2022-01-10 16:01:18.072,18302,18303,18302,1,-1
2022-01-10 16:01:18.072,18302,18303,18302,3,-3
2022-01-10 16:01:18.072,18302,18303,18302,1,-1
2022-01-10 16:01:18.072,18302,18303,18302,1,-1
2022-01-10 16:01:18.072,18302,18303,18302,1,-1
2022-01-10 16:01:20.412,18300,18301,18300,1,-1
2022-01-10 16:01:40.398,18300,18301,18300,2,-2
2022-01-10 16:01:49.047,18300,18301,18300,1,-1
2022-01-10 16:01:54.980,18300,18302,18300,1,-1
2022-01-10 16:02:00.395,18300,18301,18300,1,-1
2022-01-10 16:02:16.277,18299,18300,18300,1,1
2022-01-10 16:02:27.901,18300,18302,18300,1,-1
2022-01-10 16:02:38.341,18300,18301,18301,3,3
2022-01-10 16:02:38.544,18300,18301,18300,2,-2
2022-01-10 16:02:38.544,18300,18301,18299,9,-9
2022-01-10 16:02:38.545,18300,18301,18299,9,-9
2022-01-10 16:02:50.873,18297,18298,18298,1,1
2022-01-10 16:02:58.454,18298,18300,18298,1,-1
2022-01-10 16:02:59.324,18298,18300,18298,1,-1
2022-01-10 16:03:05.095,18299,18300,18299,2,-2
2022-01-10 16:03:06.167,18299,18300,18300,1,1
2022-01-10 16:03:06.167,18299,18300,18301,1,1
2022-01-10 16:03:21.834,18299,18301,18301,1,1
2022-01-10 16:03:28.713,18299,18300,18299,2,-2
2022-01-10 16:03:28.713,18299,18300,18298,1,-1
2022-01-10 16:03:40.410,18297,18298,18297,1,-1
2022-01-10 16:03:50.367,18297,18298,18297,4,-4
2022-01-10 16:03:50.368,18297,18298,18296,4,-4
2022-01-10 16:03:54.783,18296,18297,18296,4,-4
2022-01-10 16:03:59.756,18295,18296,18296,1,1
2022-01-10 16:04:00.406,18295,18296,18295,1,-1
2022-01-10 16:04:00.466,18295,18296,18295,1,-1
2022-01-10 16:04:00.480,18295,18296,18295,2,-2
2022-01-10 16:04:01.164,18295,18296,18296,1,1
2022-01-10 16:04:01.164,18295,18296,18296,1,1
2022-01-10 16:04:01.164,18295,18296,18296,4,4
2022-01-10 16:04:02.237,18296,18297,18296,1,-1
2022-01-10 16:04:03.910,18295,18297,18296,1,1
2022-01-10 16:04:05.400,18295,18297,18295,7,-7
2022-01-10 16:04:07.819,18294,18296,18294,1,-1
2022-01-10 16:04:07.819,18294,18296,18294,10,-10
