2021-09-02 15:00:00.035,17349,17350,17351,258,258
2021-09-02 15:00:00.167,17351,17352,17352,1,1
2021-09-02 15:00:00.173,17351,17352,17352,2,2
2021-09-02 15:00:00.174,17351,17352,17352,5,5
2021-09-02 15:00:00.192,17351,17352,17353,1,1
2021-09-02 15:00:00.196,17351,17352,17354,1,1
2021-09-02 15:00:00.217,17351,17352,17354,1,1
2021-09-02 15:00:00.240,17351,17352,17355,1,1
2021-09-02 15:00:00.295,17354,17355,17355,1,1
2021-09-02 15:00:00.323,17354,17355,17354,3,-3
2021-09-02 15:00:00.323,17354,17355,17353,1,-1
2021-09-02 15:00:00.340,17354,17355,17355,1,1
2021-09-02 15:00:00.358,17354,17355,17353,1,-1
2021-09-02 15:00:00.360,17354,17355,17355,1,1
2021-09-02 15:00:00.377,17354,17355,17352,1,-1
2021-09-02 15:00:00.400,17352,17355,17355,1,1
2021-09-02 15:00:00.400,17352,17355,17356,2,2
2021-09-02 15:00:00.413,17352,17355,17352,1,-1
2021-09-02 15:00:00.433,17352,17355,17356,1,1
2021-09-02 15:00:00.439,17352,17355,17356,2,2
2021-09-02 15:00:00.444,17352,17355,17352,1,-1
2021-09-02 15:00:00.449,17352,17355,17351,5,-5
2021-09-02 15:00:00.493,17352,17355,17355,1,1
2021-09-02 15:00:00.517,17352,17356,17352,1,-1
2021-09-02 15:00:00.524,17352,17356,17355,1,1
2021-09-02 15:00:00.524,17352,17356,17356,1,1
2021-09-02 15:00:00.527,17352,17356,17352,1,-1
2021-09-02 15:00:00.550,17352,17356,17356,1,1
2021-09-02 15:00:00.550,17352,17356,17356,1,1
2021-09-02 15:00:00.550,17352,17356,17357,1,1
2021-09-02 15:00:00.552,17352,17356,17352,1,-1
2021-09-02 15:00:00.554,17352,17356,17355,1,1
2021-09-02 15:00:00.560,17352,17356,17351,1,-1
2021-09-02 15:00:00.575,17352,17356,17356,1,1
2021-09-02 15:00:00.606,17352,17356,17356,1,1
2021-09-02 15:00:00.606,17352,17356,17357,1,1
2021-09-02 15:00:00.645,17351,17357,17357,1,1
2021-09-02 15:00:00.697,17351,17357,17351,1,-1
2021-09-02 15:00:00.697,17351,17357,17350,13,-13
2021-09-02 15:00:00.708,17351,17357,17350,1,-1
2021-09-02 15:00:00.728,17351,17357,17351,1,1
2021-09-02 15:00:00.728,17351,17357,17350,2,-2
2021-09-02 15:00:00.741,17351,17357,17354,1,1
2021-09-02 15:00:00.758,17351,17357,17354,1,-1
2021-09-02 15:00:00.774,17351,17354,17351,1,-1
2021-09-02 15:00:00.781,17351,17354,17354,1,1
2021-09-02 15:00:00.793,17351,17354,17351,1,-1
2021-09-02 15:00:00.793,17351,17354,17350,1,-1
2021-09-02 15:00:00.794,17351,17354,17354,1,1
2021-09-02 15:00:00.798,17351,17354,17353,1,-1
2021-09-02 15:00:00.803,17351,17354,17354,1,1
2021-09-02 15:00:00.810,17351,17354,17355,2,2
2021-09-02 15:00:00.812,17351,17354,17351,1,-1
2021-09-02 15:00:00.828,17351,17354,17352,1,1
2021-09-02 15:00:00.855,17351,17354,17355,4,4
2021-09-02 15:00:00.858,17351,17354,17356,1,1
2021-09-02 15:00:00.879,17351,17354,17356,1,1
2021-09-02 15:00:00.895,17352,17355,17354,2,-2
2021-09-02 15:00:00.895,17352,17355,17355,2,2
2021-09-02 15:00:00.930,17352,17355,17355,2,2
2021-09-02 15:00:00.930,17352,17355,17356,2,2
2021-09-02 15:00:00.984,17352,17355,17352,1,-1
2021-09-02 15:00:01.054,17351,17354,17351,1,-1
2021-09-02 15:00:01.069,17351,17354,17354,3,3
2021-09-02 15:00:01.080,17351,17354,17354,2,2
2021-09-02 15:00:01.080,17351,17354,17355,2,2
2021-09-02 15:00:01.085,17351,17354,17354,1,1
2021-09-02 15:00:01.100,17351,17354,17352,1,-1
2021-09-02 15:00:01.103,17351,17354,17352,1,-1
2021-09-02 15:00:01.116,17351,17354,17351,1,-1
2021-09-02 15:00:01.143,17351,17353,17351,1,-1
2021-09-02 15:00:01.235,17351,17353,17351,5,-5
2021-09-02 15:00:01.251,17351,17353,17353,1,1
2021-09-02 15:00:01.251,17351,17353,17354,4,4
2021-09-02 15:00:01.251,17351,17353,17355,10,10
2021-09-02 15:00:01.281,17351,17354,17351,1,-1
2021-09-02 15:00:01.304,17351,17354,17351,1,-1
2021-09-02 15:00:01.355,17351,17354,17350,1,-1
2021-09-02 15:00:01.431,17350,17354,17351,1,1
2021-09-02 15:00:01.615,17350,17354,17351,2,-2
2021-09-02 15:00:01.650,17350,17354,17354,5,5
2021-09-02 15:00:01.650,17350,17354,17354,10,10
2021-09-02 15:00:01.675,17350,17354,17351,1,-1
2021-09-02 15:00:01.736,17350,17354,17350,6,-6
2021-09-02 15:00:01.804,17350,17353,17350,1,-1
2021-09-02 15:00:01.892,17350,17352,17350,4,-4
2021-09-02 15:00:02.184,17349,17352,17352,2,2
2021-09-02 15:00:02.259,17349,17352,17349,2,-2
2021-09-02 15:00:02.267,17349,17352,17349,6,-6
2021-09-02 15:00:02.300,17349,17352,17351,1,1
2021-09-02 15:00:02.300,17349,17352,17352,1,1
2021-09-02 15:00:02.341,17349,17352,17350,1,-1
2021-09-02 15:00:02.378,17349,17352,17348,2,-2
2021-09-02 15:00:02.534,17348,17350,17348,2,-2
2021-09-02 15:00:02.649,17348,17350,17350,1,1
2021-09-02 15:00:02.849,17348,17351,17350,1,-1
2021-09-02 15:00:02.862,17348,17351,17348,1,-1
2021-09-02 15:00:02.911,17348,17351,17351,2,2
2021-09-02 15:00:03.134,17348,17350,17349,1,-1
2021-09-02 15:00:03.293,17348,17350,17348,1,-1
2021-09-02 15:00:03.293,17348,17350,17350,2,2
2021-09-02 15:00:03.619,17348,17349,17349,1,1
2021-09-02 15:00:03.619,17348,17349,17350,1,1
2021-09-02 15:00:03.716,17348,17350,17350,1,1
2021-09-02 15:00:03.716,17348,17350,17351,2,2
2021-09-02 15:00:03.919,17348,17350,17348,1,-1
2021-09-02 15:00:04.011,17348,17350,17348,1,-1
2021-09-02 15:00:04.033,17348,17350,17349,5,5
2021-09-02 15:00:04.139,17348,17350,17350,1,1
2021-09-02 15:00:04.139,17348,17350,17351,2,2
2021-09-02 15:00:04.441,17348,17350,17348,1,-1
2021-09-02 15:00:04.756,17347,17349,17349,1,1
2021-09-02 15:00:04.756,17347,17349,17349,1,1
2021-09-02 15:00:05.138,17347,17348,17348,2,2
2021-09-02 15:00:05.138,17347,17348,17347,1,-1
2021-09-02 15:00:05.313,17347,17348,17347,3,-3
2021-09-02 15:00:05.314,17347,17348,17347,5,-5
2021-09-02 15:00:05.458,17346,17348,17348,2,2
2021-09-02 15:00:05.484,17346,17348,17346,1,-1
2021-09-02 15:00:06.381,17346,17348,17348,10,10
2021-09-02 15:00:06.749,17346,17347,17346,1,-1
2021-09-02 15:00:07.074,17346,17347,17347,1,1
2021-09-02 15:00:07.086,17346,17347,17346,41,-41
2021-09-02 15:00:07.086,17346,17347,17345,58,-58
2021-09-02 15:00:07.086,17346,17347,17345,1,-1
2021-09-02 15:00:07.086,17346,17347,17345,1,-1
2021-09-02 15:00:07.087,17346,17347,17344,3,-3
2021-09-02 15:00:07.242,17343,17347,17346,2,2
2021-09-02 15:00:07.571,17343,17346,17346,2,2
2021-09-02 15:00:07.638,17343,17346,17347,1,1
2021-09-02 15:00:07.728,17344,17347,17347,1,1
2021-09-02 15:00:08.038,17344,17347,17344,2,-2
2021-09-02 15:00:08.039,17344,17347,17344,1,-1
2021-09-02 15:00:09.045,17344,17347,17346,1,1
2021-09-02 15:00:09.143,17344,17347,17347,2,2
2021-09-02 15:00:09.587,17346,17347,17346,1,-1
2021-09-02 15:00:10.938,17345,17347,17345,1,-1
2021-09-02 15:00:10.957,17345,17347,17345,1,-1
2021-09-02 15:00:10.957,17345,17347,17344,2,-2
2021-09-02 15:00:11.901,17344,17346,17344,1,-1
2021-09-02 15:00:12.982,17344,17345,17344,1,-1
2021-09-02 15:00:12.988,17344,17345,17345,1,1
2021-09-02 15:00:13.253,17344,17345,17344,1,-1
2021-09-02 15:00:13.343,17344,17345,17345,1,1
2021-09-02 15:00:13.579,17344,17346,17346,1,1
2021-09-02 15:00:13.642,17345,17346,17345,15,-15
2021-09-02 15:00:13.643,17345,17346,17345,1,-1
2021-09-02 15:00:13.962,17344,17345,17345,2,2
2021-09-02 15:00:14.285,17344,17345,17344,1,-1
2021-09-02 15:00:14.374,17344,17345,17345,1,1
2021-09-02 15:00:14.431,17344,17346,17346,1,1
2021-09-02 15:00:15.052,17344,17346,17344,5,-5
2021-09-02 15:00:16.149,17345,17346,17345,1,1
2021-09-02 15:00:16.431,17344,17346,17344,2,-2
2021-09-02 15:00:16.510,17344,17346,17345,1,1
2021-09-02 15:00:16.905,17345,17346,17345,1,-1
2021-09-02 15:00:16.970,17345,17346,17345,1,-1
2021-09-02 15:00:16.970,17345,17346,17344,4,-4
2021-09-02 15:00:18.575,17344,17345,17345,5,5
2021-09-02 15:00:19.093,17344,17346,17345,1,-1
2021-09-02 15:00:19.128,17344,17346,17346,1,1
2021-09-02 15:00:19.156,17344,17346,17346,1,1
2021-09-02 15:00:19.590,17344,17346,17346,2,2
2021-09-02 15:00:19.852,17345,17346,17346,1,1
2021-09-02 15:00:19.887,17345,17346,17345,1,-1
2021-09-02 15:00:19.887,17345,17346,17344,1,-1
2021-09-02 15:00:20.155,17344,17346,17346,3,3
2021-09-02 15:00:20.298,17344,17346,17344,3,-3
2021-09-02 15:00:20.323,17344,17346,17344,3,-3
2021-09-02 15:00:20.538,17345,17346,17346,2,2
2021-09-02 15:00:20.552,17345,17346,17345,1,-1
2021-09-02 15:00:20.616,17345,17346,17346,4,4
2021-09-02 15:00:20.616,17345,17346,17347,1,1
2021-09-02 15:00:20.714,17345,17347,17347,5,5
2021-09-02 15:00:21.890,17345,17346,17346,2,2
2021-09-02 15:00:21.998,17345,17347,17347,1,1
2021-09-02 15:00:21.998,17345,17347,17348,3,3
2021-09-02 15:00:22.042,17345,17348,17345,5,-5
2021-09-02 15:00:22.304,17346,17347,17346,1,1
2021-09-02 15:00:22.742,17345,17347,17345,3,-3
2021-09-02 15:00:22.742,17345,17347,17344,2,-2
2021-09-02 15:00:23.491,17345,17346,17346,1,1
2021-09-02 15:00:23.856,17345,17347,17347,1,1
2021-09-02 15:00:23.948,17345,17347,17345,1,-1
2021-09-02 15:00:23.948,17345,17347,17344,4,-4
2021-09-02 15:00:24.373,17345,17347,17347,4,4
2021-09-02 15:00:24.373,17345,17347,17348,1,1
2021-09-02 15:00:26.253,17345,17347,17347,1,1
2021-09-02 15:00:26.892,17345,17347,17347,6,6
2021-09-02 15:00:26.892,17345,17347,17348,4,4
2021-09-02 15:00:27.010,17345,17347,17346,1,-1
2021-09-02 15:00:27.312,17345,17348,17347,1,1
2021-09-02 15:00:27.312,17345,17348,17348,4,4
2021-09-02 15:00:27.313,17345,17348,17347,1,-1
2021-09-02 15:00:27.345,17345,17348,17347,1,-1
2021-09-02 15:00:27.823,17347,17348,17347,1,-1
2021-09-02 15:00:27.823,17347,17348,17345,4,-4
2021-09-02 15:00:28.109,17345,17346,17346,1,1
2021-09-02 15:00:28.109,17345,17346,17347,2,2
2021-09-02 15:00:28.109,17345,17346,17348,2,2
2021-09-02 15:00:28.167,17346,17348,17346,1,-1
2021-09-02 15:00:30.101,17346,17347,17345,5,-5
2021-09-02 15:00:30.516,17346,17347,17347,5,5
2021-09-02 15:00:30.614,17346,17348,17346,1,-1
2021-09-02 15:00:30.714,17345,17348,17348,5,5
2021-09-02 15:00:31.376,17345,17348,17348,1,1
2021-09-02 15:00:33.059,17345,17348,17345,2,-2
2021-09-02 15:00:33.059,17345,17348,17344,8,-8
2021-09-02 15:00:33.621,17344,17347,17344,1,-1
2021-09-02 15:00:34.271,17345,17347,17345,1,1
2021-09-02 15:00:34.271,17345,17347,17344,2,-2
2021-09-02 15:00:34.271,17345,17347,17343,2,-2
2021-09-02 15:00:36.063,17345,17347,17345,1,1
2021-09-02 15:00:36.579,17345,17347,17345,17,-17
2021-09-02 15:00:36.579,17345,17347,17344,5,-5
2021-09-02 15:00:36.579,17345,17347,17343,11,-11
2021-09-02 15:00:36.579,17345,17347,17342,17,-17
2021-09-02 15:00:36.673,17343,17345,17345,1,1
2021-09-02 15:00:36.767,17343,17345,17345,2,2
2021-09-02 15:00:36.934,17344,17346,17344,6,-6
2021-09-02 15:00:36.934,17344,17346,17343,4,-4
2021-09-02 15:00:37.861,17345,17346,17345,1,1
2021-09-02 15:00:38.017,17345,17346,17346,5,5
2021-09-02 15:00:38.315,17345,17347,17346,1,-1
2021-09-02 15:00:38.392,17346,17347,17347,5,5
2021-09-02 15:00:38.449,17346,17347,17346,1,-1
2021-09-02 15:00:38.482,17346,17347,17347,4,4
2021-09-02 15:00:38.482,17346,17347,17348,1,1
2021-09-02 15:00:38.598,17346,17348,17346,2,-2
2021-09-02 15:00:38.636,17346,17348,17346,1,-1
2021-09-02 15:00:39.281,17346,17347,17347,2,2
2021-09-02 15:00:39.845,17346,17347,17347,4,4
2021-09-02 15:00:39.845,17346,17347,17348,1,1
2021-09-02 15:00:40.195,17346,17348,17346,1,-1
2021-09-02 15:00:40.990,17346,17348,17346,3,-3
2021-09-02 15:00:40.990,17346,17348,17345,7,-7
2021-09-02 15:00:41.545,17346,17347,17347,4,4
2021-09-02 15:00:41.712,17346,17347,17346,1,-1
2021-09-02 15:00:41.712,17346,17347,17345,5,-5
2021-09-02 15:00:41.712,17346,17347,17344,7,-7
2021-09-02 15:00:41.713,17346,17347,17344,1,-1
2021-09-02 15:00:41.713,17346,17347,17344,23,-23
2021-09-02 15:00:41.713,17346,17347,17344,1,-1
2021-09-02 15:00:41.713,17346,17347,17344,6,-6
2021-09-02 15:00:41.714,17346,17347,17344,6,-6
2021-09-02 15:00:42.954,17344,17346,17346,1,1
2021-09-02 15:00:42.954,17344,17346,17347,3,3
2021-09-02 15:00:43.558,17344,17346,17346,1,1
2021-09-02 15:00:45.948,17344,17346,17346,1,1
2021-09-02 15:00:46.955,17344,17346,17344,6,-6
2021-09-02 15:00:47.473,17344,17346,17346,3,3
2021-09-02 15:00:49.490,17344,17345,17345,1,1
2021-09-02 15:00:52.850,17344,17345,17345,3,3
2021-09-02 15:00:53.210,17345,17346,17346,1,1
2021-09-02 15:00:53.276,17345,17346,17346,1,1
2021-09-02 15:00:53.312,17345,17346,17345,1,-1
2021-09-02 15:00:53.547,17345,17346,17346,1,1
2021-09-02 15:00:53.573,17345,17346,17346,1,1
2021-09-02 15:00:54.177,17345,17346,17346,3,3
2021-09-02 15:00:55.402,17345,17347,17347,3,3
2021-09-02 15:00:55.648,17345,17346,17346,1,1
2021-09-02 15:00:57.039,17345,17347,17345,1,-1
2021-09-02 15:00:59.116,17345,17347,17347,1,1
2021-09-02 15:00:59.168,17345,17347,17345,3,-3
2021-09-02 15:00:59.185,17345,17347,17345,1,-1
2021-09-02 15:00:59.990,17345,17347,17347,1,1
2021-09-02 15:01:00.021,17345,17347,17347,1,1
2021-09-02 15:01:00.023,17345,17347,17347,1,1
2021-09-02 15:01:00.050,17345,17347,17347,1,1
2021-09-02 15:01:00.055,17345,17347,17348,1,1
2021-09-02 15:01:00.056,17345,17347,17348,2,2
2021-09-02 15:01:00.057,17345,17347,17348,1,1
2021-09-02 15:01:00.058,17345,17347,17348,1,1
2021-09-02 15:01:00.062,17345,17347,17348,1,1
2021-09-02 15:01:00.063,17345,17347,17348,2,2
2021-09-02 15:01:00.064,17345,17347,17348,1,1
2021-09-02 15:01:00.064,17345,17347,17348,4,4
2021-09-02 15:01:00.072,17345,17347,17349,4,4
2021-09-02 15:01:00.112,17345,17347,17346,1,-1
2021-09-02 15:01:00.147,17346,17349,17348,1,1
2021-09-02 15:01:00.149,17346,17349,17348,2,-2
2021-09-02 15:01:00.149,17346,17349,17349,1,1
2021-09-02 15:01:00.151,17346,17349,17349,1,1
2021-09-02 15:01:00.151,17346,17349,17349,1,1
2021-09-02 15:01:00.151,17346,17349,17349,1,1
2021-09-02 15:01:00.157,17346,17349,17349,1,1
2021-09-02 15:01:00.164,17346,17349,17349,1,1
2021-09-02 15:01:00.200,17346,17349,17349,1,1
2021-09-02 15:01:00.208,17346,17349,17349,4,4
2021-09-02 15:01:00.242,17346,17349,17349,1,1
2021-09-02 15:01:00.242,17346,17349,17350,20,20
2021-09-02 15:01:00.242,17346,17349,17351,4,4
2021-09-02 15:01:00.285,17348,17351,17351,1,1
2021-09-02 15:01:00.458,17348,17351,17351,7,7
2021-09-02 15:01:00.458,17348,17351,17352,6,6
2021-09-02 15:01:00.538,17350,17352,17352,1,1
2021-09-02 15:01:00.624,17350,17352,17352,2,2
2021-09-02 15:01:00.767,17350,17352,17350,1,-1
2021-09-02 15:01:01.142,17348,17350,17348,1,-1
2021-09-02 15:01:01.269,17347,17349,17349,1,1
2021-09-02 15:01:01.269,17347,17349,17349,1,1
2021-09-02 15:01:01.269,17347,17349,17349,1,1
2021-09-02 15:01:01.269,17347,17349,17350,1,1
2021-09-02 15:01:01.269,17347,17349,17350,1,1
2021-09-02 15:01:01.269,17347,17349,17350,1,1
2021-09-02 15:01:01.270,17347,17349,17350,1,1
2021-09-02 15:01:01.271,17347,17349,17351,1,1
2021-09-02 15:01:01.320,17347,17349,17348,1,-1
2021-09-02 15:01:01.517,17346,17349,17346,3,-3
2021-09-02 15:01:02.008,17346,17349,17346,1,-1
2021-09-02 15:01:02.267,17346,17348,17346,4,-4
2021-09-02 15:01:02.392,17345,17348,17345,3,-3
2021-09-02 15:01:02.976,17346,17347,17347,1,1
2021-09-02 15:01:03.118,17347,17348,17348,3,3
2021-09-02 15:01:03.822,17347,17348,17348,2,2
2021-09-02 15:01:04.532,17347,17349,17348,1,-1
2021-09-02 15:01:05.014,17347,17349,17347,1,-1
2021-09-02 15:01:06.400,17347,17348,17348,2,2
2021-09-02 15:01:08.030,17347,17348,17348,3,3
2021-09-02 15:01:08.030,17347,17348,17349,2,2
2021-09-02 15:01:08.144,17347,17349,17349,1,1
2021-09-02 15:01:08.144,17347,17349,17350,1,1
2021-09-02 15:01:08.145,17347,17349,17350,1,1
2021-09-02 15:01:08.145,17347,17349,17350,1,1
2021-09-02 15:01:08.145,17347,17349,17350,1,1
2021-09-02 15:01:08.145,17347,17349,17350,1,1
2021-09-02 15:01:08.145,17347,17349,17350,1,1
2021-09-02 15:01:08.145,17347,17349,17351,2,2
2021-09-02 15:01:08.145,17347,17349,17351,1,1
2021-09-02 15:01:08.145,17347,17349,17351,1,1
2021-09-02 15:01:08.146,17347,17349,17351,1,1
2021-09-02 15:01:08.147,17347,17349,17351,1,1
2021-09-02 15:01:08.669,17348,17351,17348,1,-1
2021-09-02 15:01:10.628,17350,17351,17350,1,1
2021-09-02 15:01:10.741,17350,17351,17350,2,-2
2021-09-02 15:01:10.866,17348,17351,17348,6,-6
2021-09-02 15:01:10.866,17348,17351,17348,1,-1
2021-09-02 15:01:10.866,17348,17351,17348,1,-1
2021-09-02 15:01:11.082,17348,17350,17348,1,-1
2021-09-02 15:01:12.895,17348,17350,17348,2,-2
2021-09-02 15:01:14.002,17348,17350,17348,2,-2
2021-09-02 15:01:14.424,17348,17350,17348,1,-1
2021-09-02 15:01:14.468,17348,17350,17348,2,-2
2021-09-02 15:01:14.517,17347,17348,17348,5,5
2021-09-02 15:01:17.259,17348,17349,17349,3,3
2021-09-02 15:01:17.635,17348,17349,17349,4,4
2021-09-02 15:01:17.635,17348,17349,17350,1,1
2021-09-02 15:01:17.673,17348,17350,17350,4,4
2021-09-02 15:01:18.078,17349,17350,17349,1,-1
2021-09-02 15:01:18.144,17349,17350,17350,2,2
2021-09-02 15:01:18.144,17349,17350,17350,1,1
2021-09-02 15:01:18.144,17349,17350,17350,1,1
2021-09-02 15:01:18.144,17349,17350,17350,2,2
2021-09-02 15:01:18.144,17349,17350,17350,1,1
2021-09-02 15:01:18.144,17349,17350,17350,1,1
2021-09-02 15:01:18.144,17349,17350,17350,1,1
2021-09-02 15:01:18.144,17349,17350,17350,1,1
2021-09-02 15:01:18.145,17349,17350,17350,1,1
2021-09-02 15:01:18.145,17349,17350,17350,1,1
2021-09-02 15:01:18.145,17349,17350,17350,1,1
2021-09-02 15:01:18.145,17349,17350,17350,1,1
2021-09-02 15:01:18.145,17349,17350,17350,1,1
2021-09-02 15:01:18.145,17349,17350,17350,1,1
2021-09-02 15:01:18.146,17349,17350,17351,1,1
2021-09-02 15:01:18.146,17349,17350,17351,1,1
2021-09-02 15:01:18.146,17349,17350,17351,1,1
2021-09-02 15:01:18.147,17349,17350,17352,1,1
2021-09-02 15:01:18.147,17349,17350,17352,1,1
2021-09-02 15:01:19.062,17349,17351,17349,2,-2
2021-09-02 15:01:19.342,17349,17351,17349,1,-1
2021-09-02 15:01:20.568,17350,17351,17351,2,2
2021-09-02 15:01:20.719,17350,17351,17351,2,2
2021-09-02 15:01:21.613,17350,17351,17351,1,1
2021-09-02 15:01:21.801,17350,17351,17350,3,-3
2021-09-02 15:01:21.801,17350,17351,17349,7,-7
2021-09-02 15:01:21.802,17350,17351,17349,2,-2
2021-09-02 15:01:22.012,17349,17351,17351,2,2
2021-09-02 15:01:22.516,17349,17351,17349,1,-1
2021-09-02 15:01:23.351,17349,17351,17351,1,1
2021-09-02 15:01:23.409,17350,17351,17351,1,1
2021-09-02 15:01:23.928,17350,17351,17351,1,1
2021-09-02 15:01:23.969,17350,17351,17351,2,2
2021-09-02 15:01:24.885,17350,17351,17351,1,1
2021-09-02 15:01:26.007,17350,17351,17350,6,-6
2021-09-02 15:01:26.007,17350,17351,17349,2,-2
2021-09-02 15:01:26.007,17350,17351,17349,1,-1
2021-09-02 15:01:27.629,17348,17349,17349,3,3
2021-09-02 15:01:27.644,17348,17350,17350,1,1
2021-09-02 15:01:27.644,17348,17350,17350,1,1
2021-09-02 15:01:27.644,17348,17350,17350,1,1
2021-09-02 15:01:27.644,17348,17350,17350,1,1
2021-09-02 15:01:27.644,17348,17350,17351,1,1
2021-09-02 15:01:27.644,17348,17350,17351,1,1
2021-09-02 15:01:27.644,17348,17350,17351,1,1
2021-09-02 15:01:27.645,17348,17350,17351,1,1
2021-09-02 15:01:27.647,17348,17350,17351,1,1
2021-09-02 15:01:27.648,17348,17350,17351,1,1
2021-09-02 15:01:27.931,17349,17351,17351,1,1
2021-09-02 15:01:29.619,17349,17350,17350,1,1
2021-09-02 15:01:29.619,17349,17350,17351,1,1
2021-09-02 15:01:29.789,17349,17351,17351,1,1
2021-09-02 15:01:31.371,17349,17351,17351,1,1
2021-09-02 15:01:32.255,17349,17351,17350,1,-1
2021-09-02 15:01:33.463,17349,17350,17350,1,1
2021-09-02 15:01:35.067,17349,17350,17349,1,-1
2021-09-02 15:01:35.149,17349,17350,17350,1,1
2021-09-02 15:01:35.161,17349,17350,17349,1,-1
2021-09-02 15:01:35.587,17349,17350,17349,6,-6
2021-09-02 15:01:36.501,17348,17350,17349,1,-1
2021-09-02 15:01:36.651,17348,17350,17348,5,-5
2021-09-02 15:01:36.696,17348,17350,17348,10,-10
2021-09-02 15:01:36.696,17348,17350,17347,6,-6
2021-09-02 15:01:36.729,17348,17350,17347,10,-10
2021-09-02 15:01:37.138,17346,17348,17348,2,2
2021-09-02 15:01:37.143,17346,17348,17348,1,1
2021-09-02 15:01:37.144,17346,17348,17348,1,1
2021-09-02 15:01:37.144,17346,17348,17348,1,1
2021-09-02 15:01:37.144,17346,17348,17348,1,1
2021-09-02 15:01:37.144,17346,17348,17348,1,1
2021-09-02 15:01:37.145,17346,17348,17348,1,1
2021-09-02 15:01:37.146,17346,17348,17348,1,1
2021-09-02 15:01:37.147,17346,17348,17349,1,1
2021-09-02 15:01:40.708,17346,17347,17347,1,1
2021-09-02 15:01:41.253,17346,17347,17347,2,2
2021-09-02 15:01:43.833,17346,17347,17347,2,2
2021-09-02 15:01:44.386,17346,17347,17346,1,-1
2021-09-02 15:01:44.589,17346,17347,17347,1,1
2021-09-02 15:01:45.434,17346,17348,17347,1,-1
2021-09-02 15:01:46.420,17346,17348,17346,5,-5
2021-09-02 15:01:46.421,17346,17348,17345,24,-24
2021-09-02 15:01:46.421,17346,17348,17345,12,-12
2021-09-02 15:01:46.421,17346,17348,17345,2,-2
2021-09-02 15:01:46.421,17346,17348,17345,1,-1
2021-09-02 15:01:46.724,17345,17346,17345,1,-1
2021-09-02 15:01:47.775,17345,17346,17346,1,1
2021-09-02 15:01:49.743,17345,17346,17345,2,-2
2021-09-02 15:01:49.809,17345,17346,17346,2,2
2021-09-02 15:01:49.974,17345,17346,17345,2,-2
2021-09-02 15:01:50.086,17345,17346,17345,1,-1
2021-09-02 15:01:50.174,17345,17346,17346,1,1
2021-09-02 15:01:51.709,17345,17346,17345,1,-1
2021-09-02 15:01:51.709,17345,17346,17345,1,-1
2021-09-02 15:01:51.709,17345,17346,17345,3,-3
2021-09-02 15:01:51.709,17345,17346,17345,3,-3
2021-09-02 15:01:51.710,17345,17346,17345,1,-1
2021-09-02 15:01:51.919,17344,17346,17346,1,1
2021-09-02 15:01:54.078,17345,17346,17345,31,-31
2021-09-02 15:01:54.079,17345,17346,17344,1,-1
2021-09-02 15:01:54.080,17345,17346,17344,1,-1
2021-09-02 15:01:54.080,17345,17346,17344,1,-1
2021-09-02 15:01:54.080,17345,17346,17344,3,-3
2021-09-02 15:01:54.151,17343,17345,17345,1,1
2021-09-02 15:01:54.410,17344,17345,17345,1,1
2021-09-02 15:01:54.410,17344,17345,17346,3,3
2021-09-02 15:01:56.454,17343,17346,17345,3,-3
2021-09-02 15:02:00.175,17343,17345,17345,1,1
2021-09-02 15:02:00.245,17343,17345,17345,1,1
2021-09-02 15:02:00.506,17344,17345,17345,1,1
2021-09-02 15:02:00.536,17344,17345,17345,1,1
2021-09-02 15:02:00.598,17344,17345,17345,1,1
2021-09-02 15:02:00.632,17344,17345,17346,1,1
2021-09-02 15:02:02.042,17344,17346,17344,14,-14
2021-09-02 15:02:02.042,17344,17346,17343,16,-16
2021-09-02 15:02:03.153,17343,17345,17345,1,1
2021-09-02 15:02:03.183,17343,17345,17345,1,1
2021-09-02 15:02:03.213,17343,17345,17345,1,1
2021-09-02 15:02:03.550,17343,17346,17343,1,-1
2021-09-02 15:02:07.207,17344,17345,17345,2,2
2021-09-02 15:02:07.948,17345,17346,17345,4,-4
2021-09-02 15:02:07.948,17345,17346,17344,26,-26
2021-09-02 15:02:10.808,17344,17345,17345,3,3
2021-09-02 15:02:12.187,17345,17346,17345,1,-1
2021-09-02 15:02:14.019,17345,17346,17345,8,-8
2021-09-02 15:02:17.029,17344,17345,17345,9,9
2021-09-02 15:02:17.030,17344,17345,17345,1,1
2021-09-02 15:02:17.030,17344,17345,17345,1,1
2021-09-02 15:02:17.447,17345,17346,17345,2,-2
2021-09-02 15:02:19.596,17344,17345,17344,1,-1
2021-09-02 15:02:20.678,17344,17345,17344,1,-1
2021-09-02 15:02:20.903,17344,17345,17344,3,-3
2021-09-02 15:02:21.657,17344,17345,17345,3,3
2021-09-02 15:02:24.853,17344,17345,17345,1,1
2021-09-02 15:02:24.853,17344,17345,17346,1,1
2021-09-02 15:02:25.866,17344,17346,17344,1,-1
2021-09-02 15:02:30.689,17345,17346,17345,1,1
2021-09-02 15:02:32.925,17344,17345,17345,1,1
2021-09-02 15:02:32.925,17344,17345,17346,1,1
2021-09-02 15:02:34.388,17345,17346,17345,1,-1
2021-09-02 15:02:38.312,17344,17345,17344,1,-1
2021-09-02 15:02:39.090,17344,17345,17345,1,1
2021-09-02 15:02:44.161,17344,17345,17345,1,1
2021-09-02 15:02:45.201,17344,17345,17345,7,7
2021-09-02 15:02:45.634,17345,17346,17345,1,-1
2021-09-02 15:02:46.387,17345,17346,17345,1,-1
2021-09-02 15:02:48.199,17344,17345,17345,1,1
2021-09-02 15:02:49.744,17345,17346,17345,1,-1
2021-09-02 15:02:51.864,17345,17346,17345,1,-1
2021-09-02 15:02:52.004,17345,17346,17346,1,1
2021-09-02 15:02:52.161,17345,17346,17346,3,3
2021-09-02 15:02:52.161,17345,17346,17346,1,1
2021-09-02 15:02:52.161,17345,17346,17346,1,1
2021-09-02 15:02:52.162,17345,17346,17346,3,3
2021-09-02 15:02:52.186,17345,17346,17347,3,3
2021-09-02 15:02:52.186,17345,17346,17347,9,9
2021-09-02 15:02:52.186,17345,17346,17348,4,4
2021-09-02 15:02:52.186,17345,17346,17348,2,2
2021-09-02 15:02:52.186,17345,17346,17348,3,3
2021-09-02 15:02:52.186,17345,17346,17348,4,4
2021-09-02 15:02:52.211,17345,17346,17348,1,1
2021-09-02 15:02:52.211,17345,17346,17348,2,2
2021-09-02 15:02:52.917,17348,17349,17348,1,-1
2021-09-02 15:02:53.476,17348,17349,17348,2,-2
2021-09-02 15:02:53.586,17348,17349,17348,1,-1
2021-09-02 15:02:55.216,17348,17349,17348,1,-1
2021-09-02 15:02:58.009,17348,17349,17349,1,1
2021-09-02 15:02:58.949,17348,17349,17349,1,1
2021-09-02 15:02:58.949,17348,17349,17349,3,3
2021-09-02 15:02:59.524,17349,17350,17349,1,-1
2021-09-02 15:02:59.682,17349,17350,17349,1,-1
2021-09-02 15:02:59.978,17349,17350,17350,1,1
2021-09-02 15:03:00.041,17349,17350,17349,2,-2
2021-09-02 15:03:00.064,17349,17350,17349,1,-1
2021-09-02 15:03:00.367,17348,17350,17348,4,-4
2021-09-02 15:03:00.424,17348,17350,17349,1,1
2021-09-02 15:03:00.473,17348,17350,17349,1,-1
2021-09-02 15:03:01.111,17348,17349,17349,1,1
2021-09-02 15:03:01.127,17348,17349,17348,1,-1
2021-09-02 15:03:01.144,17348,17349,17349,1,1
2021-09-02 15:03:01.144,17348,17349,17349,1,1
2021-09-02 15:03:01.431,17348,17350,17348,1,-1
2021-09-02 15:03:03.196,17348,17349,17348,1,-1
2021-09-02 15:03:03.761,17348,17349,17348,1,-1
2021-09-02 15:03:03.838,17347,17348,17348,1,1
2021-09-02 15:03:05.358,17347,17348,17348,8,8
2021-09-02 15:03:08.608,17348,17349,17349,2,2
2021-09-02 15:03:09.308,17348,17349,17349,1,1
2021-09-02 15:03:09.342,17348,17349,17349,16,16
2021-09-02 15:03:09.394,17349,17350,17350,1,1
2021-09-02 15:03:09.473,17349,17350,17350,1,1
2021-09-02 15:03:09.578,17349,17350,17349,2,-2
2021-09-02 15:03:10.500,17348,17350,17350,2,2
2021-09-02 15:03:10.627,17348,17350,17348,3,-3
2021-09-02 15:03:11.364,17349,17350,17349,1,1
2021-09-02 15:03:12.335,17349,17350,17349,1,-1
2021-09-02 15:03:12.617,17349,17350,17349,1,-1
2021-09-02 15:03:14.661,17348,17349,17349,2,2
2021-09-02 15:03:15.120,17348,17349,17349,1,1
2021-09-02 15:03:15.290,17348,17349,17349,1,1
2021-09-02 15:03:15.791,17348,17349,17349,1,1
2021-09-02 15:03:15.934,17348,17349,17349,1,1
2021-09-02 15:03:16.083,17348,17349,17349,1,1
2021-09-02 15:03:16.259,17348,17350,17349,1,-1
2021-09-02 15:03:17.250,17349,17350,17349,1,-1
2021-09-02 15:03:17.269,17349,17350,17350,1,1
2021-09-02 15:03:17.269,17349,17350,17350,1,1
2021-09-02 15:03:17.269,17349,17350,17350,1,1
2021-09-02 15:03:17.270,17349,17350,17350,1,1
2021-09-02 15:03:17.270,17349,17350,17350,1,1
2021-09-02 15:03:17.271,17349,17350,17350,1,1
2021-09-02 15:03:17.271,17349,17350,17350,1,1
2021-09-02 15:03:17.272,17349,17350,17350,1,1
2021-09-02 15:03:17.272,17349,17350,17350,1,1
2021-09-02 15:03:17.879,17349,17350,17349,1,-1
2021-09-02 15:03:18.367,17349,17350,17350,9,9
2021-09-02 15:03:20.548,17349,17350,17349,1,-1
2021-09-02 15:03:21.834,17349,17350,17349,1,-1
2021-09-02 15:03:22.395,17348,17349,17349,1,1
2021-09-02 15:03:23.632,17348,17349,17348,1,-1
2021-09-02 15:03:23.632,17348,17349,17348,1,-1
2021-09-02 15:03:23.632,17348,17349,17348,9,-9
2021-09-02 15:03:23.632,17348,17349,17348,3,-3
2021-09-02 15:03:23.632,17348,17349,17348,7,-7
2021-09-02 15:03:23.632,17348,17349,17348,1,-1
2021-09-02 15:03:24.192,17346,17348,17348,1,1
2021-09-02 15:03:24.250,17346,17348,17348,1,1
2021-09-02 15:03:26.821,17346,17348,17348,6,6
2021-09-02 15:03:26.822,17346,17348,17348,1,1
2021-09-02 15:03:27.166,17348,17349,17348,1,-1
2021-09-02 15:03:27.270,17346,17349,17349,1,1
2021-09-02 15:03:30.012,17347,17348,17347,1,-1
2021-09-02 15:03:30.104,17346,17348,17347,1,-1
2021-09-02 15:03:30.104,17346,17348,17348,4,4
2021-09-02 15:03:30.106,17346,17348,17348,5,5
2021-09-02 15:03:30.617,17346,17348,17346,1,-1
2021-09-02 15:03:32.833,17346,17347,17347,1,1
2021-09-02 15:03:32.833,17346,17347,17348,5,5
2021-09-02 15:03:34.523,17346,17348,17346,1,-1
2021-09-02 15:03:44.025,17347,17348,17347,1,1
2021-09-02 15:03:49.572,17347,17348,17347,2,-2
2021-09-02 15:03:49.587,17347,17348,17347,1,-1
2021-09-02 15:03:49.645,17347,17348,17348,1,1
2021-09-02 15:03:53.663,17347,17348,17348,1,1
2021-09-02 15:03:55.208,17347,17348,17348,1,1
2021-09-02 15:03:58.363,17347,17348,17347,1,-1
2021-09-02 15:03:58.457,17347,17348,17348,6,6
2021-09-02 15:03:58.482,17347,17348,17348,2,2
2021-09-02 15:03:58.482,17347,17348,17348,2,2
2021-09-02 15:03:58.506,17347,17348,17347,1,-1
2021-09-02 15:03:58.507,17347,17348,17348,4,4
2021-09-02 15:03:58.507,17347,17348,17349,9,9
2021-09-02 15:03:58.532,17347,17349,17349,3,3
2021-09-02 15:03:58.558,17347,17349,17349,2,2
2021-09-02 15:03:58.583,17347,17349,17349,3,3
2021-09-02 15:03:58.583,17347,17349,17349,4,4
2021-09-02 15:03:58.583,17347,17349,17349,1,1
2021-09-02 15:03:58.584,17347,17349,17349,2,2
2021-09-02 15:03:58.584,17347,17349,17349,1,1
2021-09-02 15:03:58.584,17347,17349,17349,1,1
2021-09-02 15:03:58.608,17347,17349,17349,1,1
2021-09-02 15:03:58.633,17347,17349,17349,1,1
2021-09-02 15:03:59.995,17349,17350,17349,1,-1
2021-09-02 15:04:00.252,17349,17350,17350,3,3
2021-09-02 15:04:00.284,17349,17350,17350,1,1
2021-09-02 15:04:00.642,17349,17350,17350,16,16
2021-09-02 15:04:00.643,17349,17350,17350,10,10
2021-09-02 15:04:01.371,17350,17351,17350,1,-1
2021-09-02 15:04:01.371,17350,17351,17349,5,-5
2021-09-02 15:04:03.777,17349,17351,17349,2,-2
2021-09-02 15:04:06.861,17349,17350,17350,1,1
2021-09-02 15:04:06.966,17349,17350,17350,1,1
2021-09-02 15:04:07.136,17350,17351,17350,1,-1
2021-09-02 15:04:07.140,17350,17351,17351,1,1
2021-09-02 15:04:07.617,17350,17351,17350,1,-1
2021-09-02 15:04:09.375,17350,17351,17350,1,-1
2021-09-02 15:04:09.375,17350,17351,17350,3,-3
2021-09-02 15:04:10.546,17350,17351,17350,1,-1
2021-09-02 15:04:10.864,17350,17351,17350,1,-1
2021-09-02 15:04:11.920,17350,17351,17351,6,6
2021-09-02 15:04:11.921,17350,17351,17351,1,1
2021-09-02 15:04:11.921,17350,17351,17351,1,1
2021-09-02 15:04:11.921,17350,17351,17351,1,1
2021-09-02 15:04:11.923,17350,17351,17351,16,16
2021-09-02 15:04:11.924,17350,17351,17351,4,4
2021-09-02 15:04:11.924,17350,17351,17351,1,1
2021-09-02 15:04:11.924,17350,17351,17351,8,8
2021-09-02 15:04:12.127,17351,17352,17351,1,-1
2021-09-02 15:04:13.166,17351,17352,17352,4,4
2021-09-02 15:04:13.180,17351,17352,17352,5,5
2021-09-02 15:04:13.181,17351,17352,17352,1,1
2021-09-02 15:04:13.181,17351,17352,17352,29,29
2021-09-02 15:04:13.182,17351,17352,17353,1,1
2021-09-02 15:04:13.182,17351,17352,17353,1,1
2021-09-02 15:04:13.531,17352,17353,17352,1,-1
2021-09-02 15:04:14.014,17352,17353,17353,2,2
2021-09-02 15:04:15.583,17352,17353,17352,2,-2
2021-09-02 15:04:16.623,17352,17353,17353,4,4
2021-09-02 15:04:17.083,17353,17354,17353,6,-6
2021-09-02 15:04:17.083,17353,17354,17352,4,-4
2021-09-02 15:04:17.198,17352,17353,17353,1,1
2021-09-02 15:04:18.526,17352,17353,17353,1,1
2021-09-02 15:04:19.064,17352,17353,17353,1,1
2021-09-02 15:04:20.458,17352,17353,17353,1,1
2021-09-02 15:04:20.672,17352,17353,17353,1,1
2021-09-02 15:04:20.703,17352,17353,17353,1,1
2021-09-02 15:04:22.069,17352,17353,17353,3,3
2021-09-02 15:04:23.136,17352,17353,17353,1,1
2021-09-02 15:04:23.670,17352,17353,17353,1,1
2021-09-02 15:04:23.760,17352,17353,17353,1,1
2021-09-02 15:04:23.782,17352,17353,17353,1,1
2021-09-02 15:04:23.951,17352,17353,17352,2,-2
2021-09-02 15:04:23.951,17352,17353,17352,1,-1
2021-09-02 15:04:24.641,17350,17352,17350,1,-1
2021-09-02 15:04:25.590,17350,17352,17352,1,1
2021-09-02 15:04:30.950,17350,17352,17352,1,1
2021-09-02 15:04:32.768,17351,17353,17351,1,-1
2021-09-02 15:04:34.569,17352,17353,17352,1,1
2021-09-02 15:04:36.983,17351,17352,17352,1,1
2021-09-02 15:04:37.104,17351,17353,17353,5,5
2021-09-02 15:04:39.169,17351,17352,17351,6,-6
2021-09-02 15:04:39.169,17351,17352,17351,1,-1
2021-09-02 15:04:39.169,17351,17352,17351,1,-1
2021-09-02 15:04:39.169,17351,17352,17351,1,-1
2021-09-02 15:04:39.169,17351,17352,17351,1,-1
2021-09-02 15:04:40.771,17351,17352,17352,1,1
2021-09-02 15:04:40.974,17351,17352,17352,1,1
2021-09-02 15:04:42.404,17351,17352,17352,4,4
2021-09-02 15:04:42.834,17351,17353,17353,5,5
2021-09-02 15:04:43.215,17352,17353,17352,1,-1
2021-09-02 15:04:43.215,17352,17353,17351,6,-6
2021-09-02 15:04:43.215,17352,17353,17351,1,-1
2021-09-02 15:04:44.321,17350,17351,17350,2,-2
2021-09-02 15:04:44.350,17350,17351,17351,5,5
2021-09-02 15:04:44.573,17350,17352,17352,1,1
2021-09-02 15:04:47.112,17350,17351,17350,3,-3
2021-09-02 15:04:48.020,17350,17351,17351,4,4
2021-09-02 15:04:48.674,17350,17352,17352,5,5
2021-09-02 15:04:54.178,17351,17352,17352,1,1
2021-09-02 15:05:00.717,17351,17352,17352,4,4
2021-09-02 15:05:01.501,17352,17353,17353,1,1
2021-09-02 15:05:01.519,17352,17353,17353,1,1
2021-09-02 15:05:01.819,17352,17353,17353,1,1
2021-09-02 15:05:02.266,17352,17354,17354,1,1
2021-09-02 15:05:03.047,17353,17354,17354,1,1
2021-09-02 15:05:03.233,17353,17354,17354,1,1
2021-09-02 15:05:03.268,17353,17354,17354,1,1
2021-09-02 15:05:03.269,17353,17354,17354,1,1
2021-09-02 15:05:03.338,17353,17354,17354,4,4
2021-09-02 15:05:03.339,17353,17354,17354,1,1
2021-09-02 15:05:03.423,17353,17354,17354,1,1
2021-09-02 15:05:03.644,17353,17354,17354,1,1
2021-09-02 15:05:03.928,17353,17354,17354,1,1
2021-09-02 15:05:04.421,17353,17354,17354,1,1
2021-09-02 15:05:04.805,17353,17355,17353,1,-1
2021-09-02 15:05:06.027,17352,17353,17353,1,1
2021-09-02 15:05:06.899,17353,17354,17354,1,1
2021-09-02 15:05:07.140,17354,17355,17355,5,5
2021-09-02 15:05:07.144,17354,17355,17355,1,1
2021-09-02 15:05:07.144,17354,17355,17355,1,1
2021-09-02 15:05:07.888,17354,17355,17355,1,1
2021-09-02 15:05:10.329,17354,17355,17355,1,1
2021-09-02 15:05:11.251,17354,17355,17355,4,4
2021-09-02 15:05:11.722,17354,17355,17355,1,1
2021-09-02 15:05:12.267,17355,17356,17355,1,-1
2021-09-02 15:05:12.268,17355,17356,17355,1,-1
2021-09-02 15:05:14.606,17354,17355,17355,1,1
2021-09-02 15:05:15.188,17354,17355,17355,1,1
2021-09-02 15:05:15.188,17354,17355,17356,1,1
2021-09-02 15:05:15.359,17354,17356,17356,3,3
2021-09-02 15:05:15.385,17354,17356,17356,2,2
2021-09-02 15:05:17.135,17354,17355,17355,1,1
2021-09-02 15:05:17.552,17354,17355,17355,1,1
2021-09-02 15:05:19.905,17354,17355,17355,1,1
2021-09-02 15:05:20.019,17354,17355,17355,1,1
2021-09-02 15:05:21.735,17354,17355,17354,3,-3
2021-09-02 15:05:23.517,17354,17355,17354,1,-1
2021-09-02 15:05:23.668,17353,17355,17353,1,-1
2021-09-02 15:05:25.892,17354,17355,17354,1,1
2021-09-02 15:05:27.142,17353,17354,17353,4,-4
2021-09-02 15:05:29.766,17353,17354,17353,5,-5
2021-09-02 15:05:31.819,17352,17353,17352,2,-2
2021-09-02 15:05:34.953,17351,17353,17351,1,-1
2021-09-02 15:05:41.642,17351,17352,17351,10,-10
2021-09-02 15:05:41.643,17351,17352,17351,6,-6
2021-09-02 15:05:41.723,17351,17352,17351,1,-1
2021-09-02 15:05:43.558,17351,17352,17352,1,1
2021-09-02 15:05:43.817,17351,17352,17352,1,1
2021-09-02 15:05:43.817,17351,17352,17353,4,4
2021-09-02 15:05:43.949,17351,17353,17353,1,1
2021-09-02 15:05:45.142,17351,17354,17351,4,-4
2021-09-02 15:05:45.681,17351,17353,17351,2,-2
2021-09-02 15:05:45.765,17351,17353,17351,4,-4
2021-09-02 15:05:50.552,17351,17352,17352,1,1
2021-09-02 15:05:52.918,17352,17353,17353,1,1
2021-09-02 15:05:54.878,17353,17354,17354,5,5
2021-09-02 15:05:55.913,17353,17354,17353,1,-1
2021-09-02 15:06:02.492,17352,17353,17353,1,1
2021-09-02 15:06:02.787,17352,17353,17352,1,-1
2021-09-02 15:06:03.110,17352,17353,17352,4,-4
2021-09-02 15:06:03.945,17352,17353,17353,5,5
2021-09-02 15:06:06.999,17352,17353,17353,1,1
2021-09-02 15:06:10.970,17352,17353,17353,1,1
2021-09-02 15:06:10.970,17352,17353,17353,3,3
2021-09-02 15:06:13.238,17353,17354,17353,1,-1
2021-09-02 15:06:13.238,17353,17354,17352,7,-7
2021-09-02 15:06:13.238,17353,17354,17352,2,-2
2021-09-02 15:06:17.628,17352,17353,17352,2,-2
2021-09-02 15:06:20.276,17351,17353,17353,2,2
2021-09-02 15:06:20.276,17351,17353,17354,3,3
2021-09-02 15:06:22.196,17352,17353,17353,1,1
2021-09-02 15:06:22.196,17352,17353,17354,2,2
2021-09-02 15:06:22.196,17352,17353,17355,2,2
2021-09-02 15:06:24.042,17352,17354,17354,5,5
2021-09-02 15:06:26.084,17352,17354,17354,4,4
2021-09-02 15:06:26.084,17352,17354,17355,1,1
2021-09-02 15:06:26.132,17352,17354,17355,5,5
2021-09-02 15:06:27.141,17353,17355,17353,1,-1
2021-09-02 15:06:27.946,17352,17355,17355,5,5
2021-09-02 15:06:31.884,17352,17354,17354,1,1
2021-09-02 15:06:31.884,17352,17354,17355,4,4
2021-09-02 15:06:31.913,17352,17355,17352,1,-1
2021-09-02 15:06:32.996,17352,17354,17354,1,1
2021-09-02 15:06:36.554,17352,17353,17352,2,-2
2021-09-02 15:06:36.916,17351,17353,17351,9,-9
2021-09-02 15:06:37.444,17350,17351,17351,1,1
2021-09-02 15:06:37.888,17350,17351,17351,1,1
2021-09-02 15:06:37.984,17350,17351,17351,1,1
2021-09-02 15:06:38.483,17350,17351,17351,1,1
2021-09-02 15:06:43.511,17350,17351,17351,1,1
2021-09-02 15:06:45.152,17351,17353,17353,1,1
2021-09-02 15:06:50.425,17351,17352,17352,1,1
2021-09-02 15:06:51.703,17351,17353,17353,1,1
2021-09-02 15:06:54.013,17351,17352,17352,2,2
2021-09-02 15:06:54.165,17351,17352,17351,2,-2
2021-09-02 15:06:54.689,17350,17351,17351,1,1
2021-09-02 15:06:54.689,17350,17351,17352,1,1
2021-09-02 15:06:55.411,17350,17351,17351,1,1
2021-09-02 15:06:55.412,17350,17351,17351,4,4
2021-09-02 15:06:58.784,17350,17351,17350,22,-22
2021-09-02 15:06:58.786,17350,17351,17349,1,-1
2021-09-02 15:06:59.709,17348,17351,17351,5,5
2021-09-02 15:07:00.602,17349,17351,17351,2,2
2021-09-02 15:07:00.602,17349,17351,17352,2,2
2021-09-02 15:07:00.962,17349,17351,17351,1,1
2021-09-02 15:07:01.085,17349,17352,17352,2,2
2021-09-02 15:07:01.144,17350,17352,17352,1,1
2021-09-02 15:07:01.756,17349,17352,17352,1,1
2021-09-02 15:07:02.186,17350,17351,17351,1,1
2021-09-02 15:07:06.997,17348,17350,17348,1,-1
2021-09-02 15:07:07.347,17348,17350,17350,5,5
2021-09-02 15:07:09.017,17350,17351,17351,2,2
2021-09-02 15:07:12.064,17351,17352,17351,1,-1
2021-09-02 15:07:14.675,17351,17352,17351,1,-1
2021-09-02 15:07:14.900,17351,17352,17351,2,-2
2021-09-02 15:07:17.688,17350,17351,17351,1,1
2021-09-02 15:07:19.000,17350,17351,17350,1,-1
2021-09-02 15:07:19.019,17350,17351,17351,1,1
2021-09-02 15:07:21.234,17350,17351,17351,1,1
2021-09-02 15:07:22.953,17350,17351,17351,1,1
2021-09-02 15:07:26.544,17350,17351,17351,4,4
2021-09-02 15:07:26.690,17351,17352,17351,1,-1
2021-09-02 15:07:28.358,17351,17352,17351,1,-1
2021-09-02 15:07:28.866,17351,17352,17352,1,1
2021-09-02 15:07:33.543,17351,17352,17351,1,-1
2021-09-02 15:07:33.543,17351,17352,17351,1,-1
2021-09-02 15:07:33.543,17351,17352,17351,4,-4
2021-09-02 15:07:33.543,17351,17352,17351,9,-9
2021-09-02 15:07:33.544,17351,17352,17351,1,-1
2021-09-02 15:07:33.545,17351,17352,17351,13,-13
2021-09-02 15:07:39.512,17350,17351,17350,53,-53
2021-09-02 15:07:39.514,17350,17351,17349,1,-1
2021-09-02 15:07:44.596,17349,17350,17349,1,-1
2021-09-02 15:07:44.747,17349,17350,17349,1,-1
2021-09-02 15:07:49.164,17349,17350,17349,1,-1
2021-09-02 15:07:50.788,17348,17349,17349,1,1
2021-09-02 15:07:50.788,17348,17349,17350,4,4
2021-09-02 15:07:52.023,17348,17350,17350,6,6
2021-09-02 15:07:52.024,17348,17350,17350,2,2
2021-09-02 15:07:52.024,17348,17350,17350,1,1
2021-09-02 15:07:57.131,17350,17351,17350,1,-1
2021-09-02 15:07:57.917,17350,17351,17350,2,-2
2021-09-02 15:07:58.391,17350,17351,17350,3,-3
2021-09-02 15:07:58.876,17350,17351,17350,1,-1
2021-09-02 15:07:59.228,17350,17351,17350,3,-3
2021-09-02 15:07:59.680,17350,17351,17350,1,-1
2021-09-02 15:07:59.780,17350,17351,17350,2,-2
2021-09-02 15:08:00.022,17350,17351,17351,1,1
2021-09-02 15:08:00.036,17350,17351,17351,1,1
2021-09-02 15:08:00.040,17350,17351,17351,1,1
2021-09-02 15:08:00.059,17350,17351,17351,3,3
2021-09-02 15:08:00.497,17350,17351,17350,1,-1
2021-09-02 15:08:00.497,17350,17351,17350,9,-9
2021-09-02 15:08:00.498,17350,17351,17350,1,-1
2021-09-02 15:08:00.498,17350,17351,17350,1,-1
2021-09-02 15:08:00.554,17350,17351,17350,10,-10
2021-09-02 15:08:00.555,17350,17351,17350,6,-6
2021-09-02 15:08:03.742,17348,17350,17350,2,2
2021-09-02 15:08:03.773,17348,17350,17350,1,1
2021-09-02 15:08:03.827,17348,17350,17350,1,1
2021-09-02 15:08:05.015,17348,17350,17350,4,4
2021-09-02 15:08:05.015,17348,17350,17351,1,1
2021-09-02 15:08:07.524,17349,17350,17349,2,-2
2021-09-02 15:08:10.757,17349,17350,17349,3,-3
2021-09-02 15:08:12.978,17348,17350,17348,2,-2
2021-09-02 15:08:13.441,17348,17350,17350,2,2
2021-09-02 15:08:14.224,17348,17350,17348,3,-3
2021-09-02 15:08:18.798,17348,17349,17349,2,2
2021-09-02 15:08:18.798,17348,17349,17350,3,3
2021-09-02 15:08:19.061,17349,17350,17349,1,-1
2021-09-02 15:08:19.143,17349,17350,17350,1,1
2021-09-02 15:08:34.462,17348,17350,17350,5,5
2021-09-02 15:08:35.812,17348,17349,17349,1,1
2021-09-02 15:08:36.780,17348,17350,17349,1,-1
2021-09-02 15:08:39.305,17349,17350,17349,2,-2
2021-09-02 15:08:45.269,17349,17350,17350,3,3
2021-09-02 15:08:45.514,17349,17350,17350,1,1
2021-09-02 15:08:45.517,17349,17351,17349,2,-2
2021-09-02 15:08:45.767,17349,17350,17349,2,-2
2021-09-02 15:08:47.642,17348,17349,17348,2,-2
2021-09-02 15:08:47.643,17348,17349,17348,1,-1
2021-09-02 15:08:47.643,17348,17349,17348,2,-2
2021-09-02 15:08:52.894,17347,17349,17347,1,-1
2021-09-02 15:08:55.358,17347,17349,17349,5,5
2021-09-02 15:08:57.616,17348,17349,17348,1,-1
2021-09-02 15:08:58.043,17348,17349,17348,2,-2
2021-09-02 15:09:00.031,17348,17349,17349,1,1
2021-09-02 15:09:00.034,17348,17349,17349,2,2
2021-09-02 15:09:02.345,17348,17349,17348,1,-1
2021-09-02 15:09:03.392,17348,17349,17348,2,-2
2021-09-02 15:09:05.228,17348,17349,17349,8,8
2021-09-02 15:09:05.267,17349,17350,17350,16,16
2021-09-02 15:09:05.269,17349,17350,17351,2,2
2021-09-02 15:09:06.964,17350,17351,17350,1,-1
2021-09-02 15:09:08.310,17349,17351,17351,5,5
2021-09-02 15:09:08.340,17349,17351,17350,1,-1
2021-09-02 15:09:08.538,17350,17351,17351,2,2
2021-09-02 15:09:09.745,17350,17352,17350,1,-1
2021-09-02 15:09:13.709,17350,17351,17350,1,-1
2021-09-02 15:09:13.933,17349,17351,17351,1,1
2021-09-02 15:09:19.296,17349,17350,17350,1,1
2021-09-02 15:09:20.386,17349,17350,17350,1,1
2021-09-02 15:09:20.775,17350,17351,17350,1,-1
2021-09-02 15:09:21.257,17350,17351,17350,1,-1
2021-09-02 15:09:21.963,17350,17351,17351,5,5
2021-09-02 15:09:24.326,17350,17351,17351,1,1
2021-09-02 15:09:27.991,17350,17351,17350,5,-5
2021-09-02 15:09:28.565,17350,17351,17351,1,1
2021-09-02 15:09:28.644,17350,17351,17351,1,1
2021-09-02 15:09:28.644,17350,17351,17351,1,1
2021-09-02 15:09:28.644,17350,17351,17351,1,1
2021-09-02 15:09:28.645,17350,17351,17351,1,1
2021-09-02 15:09:28.645,17350,17351,17351,1,1
2021-09-02 15:09:29.752,17350,17352,17350,2,-2
2021-09-02 15:09:32.297,17350,17352,17352,5,5
2021-09-02 15:09:32.498,17350,17352,17352,2,2
2021-09-02 15:09:38.071,17350,17351,17350,1,-1
2021-09-02 15:09:41.155,17350,17351,17351,1,1
2021-09-02 15:09:46.383,17350,17351,17351,2,2
2021-09-02 15:09:50.214,17350,17351,17351,2,2
2021-09-02 15:09:51.221,17350,17352,17352,5,5
2021-09-02 15:09:54.657,17351,17352,17351,1,-1
2021-09-02 15:09:55.641,17351,17352,17352,3,3
2021-09-02 15:10:00.036,17351,17352,17352,1,1
2021-09-02 15:10:00.068,17351,17352,17352,1,1
2021-09-02 15:10:00.332,17351,17352,17352,1,1
2021-09-02 15:10:05.587,17351,17352,17351,1,-1
2021-09-02 15:10:11.505,17351,17352,17351,1,-1
2021-09-02 15:10:11.736,17350,17352,17352,2,2
2021-09-02 15:10:12.184,17350,17351,17350,1,-1
2021-09-02 15:10:13.321,17350,17351,17350,14,-14
2021-09-02 15:10:13.892,17349,17350,17349,1,-1
2021-09-02 15:10:14.464,17348,17350,17350,1,1
2021-09-02 15:10:15.142,17348,17349,17348,6,-6
2021-09-02 15:10:15.267,17347,17349,17347,9,-9
2021-09-02 15:10:15.394,17347,17348,17347,6,-6
2021-09-02 15:10:15.394,17347,17348,17347,2,-2
2021-09-02 15:10:15.988,17346,17347,17347,1,1
2021-09-02 15:10:15.988,17346,17347,17348,1,1
2021-09-02 15:10:16.191,17346,17347,17346,1,-1
2021-09-02 15:10:16.191,17346,17347,17346,6,-6
2021-09-02 15:10:16.191,17346,17347,17346,1,-1
2021-09-02 15:10:16.192,17346,17347,17346,6,-6
2021-09-02 15:10:16.192,17346,17347,17346,1,-1
2021-09-02 15:10:19.935,17345,17346,17345,2,-2
2021-09-02 15:10:19.935,17345,17346,17345,10,-10
2021-09-02 15:10:19.935,17345,17346,17345,3,-3
2021-09-02 15:10:20.702,17344,17345,17345,4,4
2021-09-02 15:10:20.702,17344,17345,17346,11,11
2021-09-02 15:10:22.290,17345,17347,17345,2,-2
2021-09-02 15:10:24.045,17346,17347,17347,1,1
2021-09-02 15:10:24.045,17346,17347,17347,2,2
2021-09-02 15:10:24.755,17347,17349,17348,1,1
2021-09-02 15:10:24.889,17348,17349,17348,1,-1
2021-09-02 15:10:24.889,17348,17349,17347,4,-4
2021-09-02 15:10:32.372,17348,17349,17348,1,1
2021-09-02 15:10:34.287,17347,17348,17347,1,-1
2021-09-02 15:10:34.396,17346,17349,17349,7,7
2021-09-02 15:10:34.397,17346,17349,17349,3,3
2021-09-02 15:10:34.475,17346,17349,17349,3,3
2021-09-02 15:10:34.643,17347,17349,17347,1,-1
2021-09-02 15:10:41.905,17346,17348,17348,2,2
2021-09-02 15:10:41.905,17346,17348,17349,8,8
2021-09-02 15:10:42.550,17348,17350,17348,1,-1
2021-09-02 15:10:42.896,17348,17350,17348,1,-1
2021-09-02 15:10:45.436,17348,17349,17349,1,1
2021-09-02 15:10:50.131,17348,17349,17348,1,-1
2021-09-02 15:10:53.037,17348,17349,17348,1,-1
2021-09-02 15:10:53.995,17347,17349,17349,6,6
2021-09-02 15:10:53.995,17347,17349,17350,4,4
2021-09-02 15:10:54.823,17348,17349,17348,1,-1
2021-09-02 15:10:56.225,17347,17349,17347,1,-1
2021-09-02 15:10:56.396,17347,17349,17347,2,-2
2021-09-02 15:10:58.802,17347,17349,17349,6,6
2021-09-02 15:10:58.802,17347,17349,17350,4,4
2021-09-02 15:10:59.323,17348,17350,17348,1,-1
2021-09-02 15:11:00.013,17348,17350,17350,2,2
2021-09-02 15:11:02.395,17348,17350,17348,1,-1
2021-09-02 15:11:04.713,17348,17349,17349,1,1
2021-09-02 15:11:04.713,17348,17349,17350,9,9
2021-09-02 15:11:05.129,17349,17350,17349,1,-1
2021-09-02 15:11:05.428,17349,17350,17350,4,4
2021-09-02 15:11:15.011,17349,17351,17351,7,7
2021-09-02 15:11:15.012,17349,17351,17351,3,3
2021-09-02 15:11:24.288,17350,17352,17350,2,-2
2021-09-02 15:11:26.299,17350,17351,17351,2,2
2021-09-02 15:11:26.892,17351,17352,17352,9,9
2021-09-02 15:11:27.017,17351,17353,17353,6,6
2021-09-02 15:11:27.173,17352,17354,17354,1,1
2021-09-02 15:11:27.355,17353,17354,17353,1,-1
2021-09-02 15:11:27.355,17353,17354,17352,4,-4
2021-09-02 15:11:29.314,17352,17354,17354,6,6
2021-09-02 15:11:29.314,17352,17354,17354,2,2
2021-09-02 15:11:29.809,17353,17355,17353,1,-1
2021-09-02 15:11:30.113,17354,17355,17355,1,1
2021-09-02 15:11:30.156,17354,17355,17355,1,1
2021-09-02 15:11:30.187,17354,17355,17354,1,-1
2021-09-02 15:11:30.187,17354,17355,17353,1,-1
2021-09-02 15:11:30.601,17354,17355,17355,1,1
2021-09-02 15:11:31.089,17354,17355,17355,2,2
2021-09-02 15:11:31.089,17354,17355,17355,4,4
2021-09-02 15:11:31.090,17354,17355,17355,11,11
2021-09-02 15:11:31.091,17354,17355,17356,4,4
2021-09-02 15:11:31.221,17356,17357,17357,3,3
2021-09-02 15:11:31.310,17356,17357,17357,1,1
2021-09-02 15:11:31.554,17356,17357,17357,2,2
2021-09-02 15:11:31.615,17356,17357,17356,1,-1
2021-09-02 15:11:31.910,17356,17357,17357,1,1
2021-09-02 15:11:32.057,17356,17357,17357,1,1
2021-09-02 15:11:32.254,17356,17357,17357,1,1
2021-09-02 15:11:32.715,17356,17357,17357,1,1
2021-09-02 15:11:32.902,17356,17357,17357,1,1
2021-09-02 15:11:32.976,17356,17357,17356,1,-1
2021-09-02 15:11:33.386,17356,17357,17357,1,1
2021-09-02 15:11:33.578,17356,17357,17356,1,-1
2021-09-02 15:11:33.582,17356,17357,17356,1,-1
2021-09-02 15:11:33.901,17355,17356,17356,1,1
2021-09-02 15:11:33.940,17355,17356,17355,1,-1
2021-09-02 15:11:34.786,17354,17355,17355,1,1
2021-09-02 15:11:36.766,17354,17356,17356,4,4
2021-09-02 15:11:37.708,17355,17357,17357,1,1
2021-09-02 15:11:38.440,17356,17357,17357,6,6
2021-09-02 15:11:38.485,17356,17357,17358,1,1
2021-09-02 15:11:38.628,17357,17358,17358,5,5
2021-09-02 15:11:38.629,17357,17358,17358,5,5
2021-09-02 15:11:38.725,17357,17359,17359,1,1
2021-09-02 15:11:38.771,17357,17359,17359,16,16
2021-09-02 15:11:38.772,17357,17359,17359,2,2
2021-09-02 15:11:38.772,17357,17359,17359,14,14
2021-09-02 15:11:38.783,17357,17359,17360,1,1
2021-09-02 15:11:38.936,17359,17360,17360,2,2
2021-09-02 15:11:38.938,17359,17360,17360,9,9
2021-09-02 15:11:38.938,17359,17360,17360,1,1
2021-09-02 15:11:38.938,17359,17360,17360,3,3
2021-09-02 15:11:38.939,17359,17360,17361,7,7
2021-09-02 15:11:38.940,17359,17360,17361,1,1
2021-09-02 15:11:38.940,17359,17360,17362,6,6
2021-09-02 15:11:38.941,17359,17360,17362,1,1
2021-09-02 15:11:38.941,17359,17360,17362,1,1
2021-09-02 15:11:38.942,17359,17360,17362,1,1
2021-09-02 15:11:38.943,17359,17360,17362,2,2
2021-09-02 15:11:39.018,17360,17361,17361,1,1
2021-09-02 15:11:39.034,17360,17361,17361,1,1
2021-09-02 15:11:39.173,17360,17362,17362,1,1
2021-09-02 15:11:39.205,17360,17362,17362,2,2
2021-09-02 15:11:39.283,17361,17362,17361,1,-1
2021-09-02 15:11:39.283,17361,17362,17361,3,-3
2021-09-02 15:11:39.333,17361,17362,17362,1,1
2021-09-02 15:11:39.342,17361,17362,17362,1,1
2021-09-02 15:11:39.379,17361,17362,17362,1,1
2021-09-02 15:11:39.605,17360,17362,17362,2,2
2021-09-02 15:11:39.767,17360,17361,17360,2,-2
2021-09-02 15:11:39.892,17359,17360,17359,1,-1
2021-09-02 15:11:39.893,17359,17360,17360,1,1
2021-09-02 15:11:39.917,17359,17360,17360,1,1
2021-09-02 15:11:40.162,17359,17361,17359,1,-1
2021-09-02 15:11:41.137,17358,17360,17358,1,-1
2021-09-02 15:11:47.101,17357,17359,17357,2,-2
2021-09-02 15:11:48.411,17357,17358,17358,1,1
2021-09-02 15:11:48.890,17357,17358,17357,1,-1
2021-09-02 15:11:49.235,17357,17358,17358,2,2
2021-09-02 15:11:51.669,17358,17359,17359,2,2
2021-09-02 15:11:51.806,17359,17360,17360,1,1
2021-09-02 15:11:52.131,17359,17360,17359,1,-1
2021-09-02 15:11:52.430,17359,17360,17360,1,1
2021-09-02 15:11:52.494,17359,17360,17360,1,1
2021-09-02 15:11:53.189,17359,17361,17359,1,-1
2021-09-02 15:11:53.245,17359,17361,17361,1,1
2021-09-02 15:11:53.245,17359,17361,17361,1,1
2021-09-02 15:11:53.245,17359,17361,17361,1,1
2021-09-02 15:11:55.246,17361,17362,17361,2,-2
2021-09-02 15:11:55.246,17361,17362,17360,3,-3
2021-09-02 15:11:55.266,17361,17362,17362,1,1
2021-09-02 15:11:55.321,17360,17362,17360,1,-1
2021-09-02 15:11:55.611,17360,17362,17362,1,1
2021-09-02 15:11:56.392,17361,17362,17361,1,-1
2021-09-02 15:11:56.569,17360,17362,17360,1,-1
2021-09-02 15:11:58.508,17361,17362,17362,1,1
2021-09-02 15:11:59.955,17361,17362,17361,2,-2
2021-09-02 15:12:00.083,17361,17362,17361,1,-1
2021-09-02 15:12:00.206,17361,17362,17362,1,1
2021-09-02 15:12:00.208,17361,17362,17362,1,1
2021-09-02 15:12:01.101,17362,17363,17363,1,1
2021-09-02 15:12:01.161,17362,17363,17363,2,2
2021-09-02 15:12:01.445,17362,17363,17363,3,3
2021-09-02 15:12:01.445,17362,17363,17364,1,1
2021-09-02 15:12:01.941,17362,17364,17364,1,1
2021-09-02 15:12:02.355,17362,17364,17362,1,-1
2021-09-02 15:12:02.417,17362,17364,17364,2,2
2021-09-02 15:12:02.548,17362,17364,17364,1,1
2021-09-02 15:12:03.305,17362,17364,17362,1,-1
2021-09-02 15:12:03.392,17362,17363,17362,1,-1
2021-09-02 15:12:03.419,17362,17363,17363,2,2
2021-09-02 15:12:03.892,17361,17362,17361,7,-7
2021-09-02 15:12:05.496,17360,17361,17360,10,-10
2021-09-02 15:12:05.496,17360,17361,17360,1,-1
2021-09-02 15:12:05.496,17360,17361,17360,12,-12
2021-09-02 15:12:05.496,17360,17361,17360,1,-1
2021-09-02 15:12:05.496,17360,17361,17360,6,-6
2021-09-02 15:12:05.497,17360,17361,17360,16,-16
2021-09-02 15:12:06.014,17359,17360,17360,7,7
2021-09-02 15:12:06.218,17359,17361,17360,1,-1
2021-09-02 15:12:06.236,17359,17361,17361,1,1
2021-09-02 15:12:06.262,17359,17361,17360,1,-1
2021-09-02 15:12:06.903,17359,17362,17360,1,-1
2021-09-02 15:12:07.938,17360,17362,17362,1,1
2021-09-02 15:12:07.977,17360,17362,17361,1,-1
2021-09-02 15:12:08.019,17360,17362,17362,1,1
2021-09-02 15:12:08.020,17360,17362,17362,1,1
2021-09-02 15:12:08.020,17360,17362,17362,1,1
2021-09-02 15:12:09.816,17361,17363,17361,1,-1
2021-09-02 15:12:11.865,17361,17363,17360,1,-1
2021-09-02 15:12:14.411,17360,17361,17361,1,1
2021-09-02 15:12:15.754,17360,17361,17361,1,1
2021-09-02 15:12:15.768,17360,17362,17360,1,-1
2021-09-02 15:12:15.804,17360,17362,17361,1,1
2021-09-02 15:12:15.976,17360,17361,17361,2,2
2021-09-02 15:12:16.304,17360,17362,17360,1,-1
2021-09-02 15:12:17.647,17361,17362,17362,1,1
2021-09-02 15:12:17.769,17361,17362,17362,1,1
2021-09-02 15:12:17.769,17361,17362,17363,1,1
2021-09-02 15:12:17.769,17361,17362,17363,1,1
2021-09-02 15:12:17.770,17361,17362,17363,1,1
2021-09-02 15:12:17.770,17361,17362,17363,1,1
2021-09-02 15:12:17.770,17361,17362,17363,1,1
2021-09-02 15:12:17.770,17361,17362,17363,1,1
2021-09-02 15:12:17.770,17361,17362,17363,1,1
2021-09-02 15:12:17.773,17361,17362,17363,1,1
2021-09-02 15:12:18.287,17362,17363,17363,1,1
2021-09-02 15:12:18.993,17361,17363,17362,1,-1
2021-09-02 15:12:19.443,17361,17363,17363,1,1
2021-09-02 15:12:21.259,17362,17363,17363,1,1
2021-09-02 15:12:22.296,17362,17363,17362,1,-1
2021-09-02 15:12:23.328,17362,17363,17362,1,-1
2021-09-02 15:12:23.364,17362,17363,17362,1,-1
2021-09-02 15:12:23.532,17362,17363,17362,8,-8
2021-09-02 15:12:23.552,17362,17363,17361,1,-1
2021-09-02 15:12:23.552,17362,17363,17361,1,-1
2021-09-02 15:12:23.552,17362,17363,17361,1,-1
2021-09-02 15:12:25.005,17360,17362,17362,1,1
2021-09-02 15:12:25.077,17360,17362,17362,1,1
2021-09-02 15:12:25.118,17360,17362,17362,2,2
2021-09-02 15:12:26.282,17360,17362,17362,1,1
2021-09-02 15:12:28.185,17360,17362,17360,1,-1
2021-09-02 15:12:28.665,17360,17362,17362,3,3
2021-09-02 15:12:28.667,17360,17362,17362,7,7
2021-09-02 15:12:29.071,17361,17362,17361,1,-1
2021-09-02 15:12:30.529,17361,17362,17361,2,-2
2021-09-02 15:12:30.795,17360,17362,17362,1,1
2021-09-02 15:12:31.202,17360,17362,17361,1,-1
2021-09-02 15:12:31.491,17360,17362,17362,3,3
2021-09-02 15:12:34.162,17360,17361,17360,4,-4
2021-09-02 15:12:34.198,17360,17361,17359,1,-1
2021-09-02 15:12:34.389,17359,17361,17360,1,1
2021-09-02 15:12:36.473,17359,17361,17361,3,3
2021-09-02 15:12:36.473,17359,17361,17362,7,7
2021-09-02 15:12:37.677,17360,17362,17361,1,-1
2021-09-02 15:12:37.769,17360,17362,17362,1,1
2021-09-02 15:12:40.266,17360,17362,17362,2,2
2021-09-02 15:12:43.574,17360,17361,17361,1,1
2021-09-02 15:12:43.574,17360,17361,17362,9,9
2021-09-02 15:12:43.772,17360,17363,17363,1,1
2021-09-02 15:12:46.767,17361,17362,17361,1,-1
2021-09-02 15:12:48.553,17361,17362,17362,3,3
2021-09-02 15:12:48.951,17361,17362,17361,1,-1
2021-09-02 15:12:50.474,17361,17362,17362,1,1
2021-09-02 15:12:51.449,17361,17362,17361,1,-1
2021-09-02 15:12:51.517,17361,17362,17361,1,-1
2021-09-02 15:12:51.825,17360,17362,17362,1,1
2021-09-02 15:12:54.732,17360,17362,17361,1,-1
2021-09-02 15:12:55.006,17360,17361,17361,1,1
2021-09-02 15:12:56.843,17360,17361,17360,4,-4
2021-09-02 15:12:57.258,17360,17361,17361,2,2
2021-09-02 15:12:57.402,17360,17361,17361,2,2
2021-09-02 15:12:57.402,17360,17361,17360,1,-1
2021-09-02 15:12:58.478,17359,17361,17361,1,1
2021-09-02 15:13:03.018,17360,17361,17360,1,-1
2021-09-02 15:13:03.492,17360,17361,17361,1,1
2021-09-02 15:13:03.612,17360,17361,17361,2,2
2021-09-02 15:13:04.261,17360,17361,17361,1,1
2021-09-02 15:13:04.269,17361,17362,17362,1,1
2021-09-02 15:13:04.269,17361,17362,17362,1,1
2021-09-02 15:13:04.270,17361,17362,17362,1,1
2021-09-02 15:13:04.270,17361,17362,17362,2,2
2021-09-02 15:13:04.270,17361,17362,17363,1,1
2021-09-02 15:13:09.873,17361,17362,17362,1,1
2021-09-02 15:13:11.728,17361,17363,17363,1,1
2021-09-02 15:13:11.769,17361,17363,17363,1,1
2021-09-02 15:13:11.770,17361,17363,17363,1,1
2021-09-02 15:13:12.730,17361,17363,17363,4,4
2021-09-02 15:13:15.027,17363,17364,17364,2,2
2021-09-02 15:13:15.265,17363,17364,17364,4,4
2021-09-02 15:13:15.351,17363,17364,17364,1,1
2021-09-02 15:13:15.865,17363,17364,17364,1,1
2021-09-02 15:13:16.473,17363,17364,17364,5,5
2021-09-02 15:13:16.474,17363,17364,17364,12,12
2021-09-02 15:13:17.119,17364,17365,17365,1,1
2021-09-02 15:13:17.343,17364,17365,17365,1,1
2021-09-02 15:13:17.837,17364,17365,17364,1,-1
2021-09-02 15:13:18.650,17364,17365,17364,1,-1
2021-09-02 15:13:18.658,17364,17365,17364,1,-1
2021-09-02 15:13:18.704,17364,17365,17365,1,1
2021-09-02 15:13:19.171,17364,17365,17365,1,1
2021-09-02 15:13:20.232,17364,17365,17365,2,2
2021-09-02 15:13:20.473,17364,17365,17364,2,-2
2021-09-02 15:13:21.626,17364,17365,17365,2,2
2021-09-02 15:13:21.902,17364,17365,17364,1,-1
2021-09-02 15:13:22.593,17363,17364,17364,1,1
2021-09-02 15:13:22.738,17363,17364,17364,1,1
2021-09-02 15:13:30.918,17363,17364,17364,1,1
2021-09-02 15:13:31.237,17363,17364,17364,1,1
2021-09-02 15:13:31.270,17363,17364,17364,1,1
2021-09-02 15:13:31.403,17363,17364,17364,1,1
2021-09-02 15:13:32.385,17363,17365,17363,1,-1
2021-09-02 15:13:32.567,17363,17365,17365,2,2
2021-09-02 15:13:32.736,17363,17365,17365,1,1
2021-09-02 15:13:32.999,17364,17365,17364,1,-1
2021-09-02 15:13:36.106,17364,17365,17364,2,-2
2021-09-02 15:13:36.870,17364,17365,17365,1,1
2021-09-02 15:13:37.757,17364,17365,17365,1,1
2021-09-02 15:13:43.642,17364,17365,17364,10,-10
2021-09-02 15:13:43.710,17364,17365,17364,2,-2
2021-09-02 15:13:43.952,17363,17364,17363,1,-1
2021-09-02 15:13:44.007,17363,17364,17363,1,-1
2021-09-02 15:13:44.007,17363,17364,17363,8,-8
2021-09-02 15:13:44.008,17363,17364,17363,1,-1
2021-09-02 15:13:44.008,17363,17364,17363,9,-9
2021-09-02 15:13:45.262,17362,17363,17362,1,-1
2021-09-02 15:13:46.571,17361,17362,17362,1,1
2021-09-02 15:13:46.594,17361,17362,17361,1,-1
2021-09-02 15:13:46.596,17361,17362,17362,1,1
2021-09-02 15:13:46.596,17361,17362,17363,4,4
2021-09-02 15:13:49.892,17361,17362,17361,1,-1
2021-09-02 15:13:50.820,17361,17362,17361,1,-1
2021-09-02 15:13:53.705,17362,17363,17363,1,1
2021-09-02 15:13:53.705,17362,17363,17363,1,1
2021-09-02 15:14:00.164,17362,17364,17362,1,-1
2021-09-02 15:14:00.270,17362,17364,17364,2,2
2021-09-02 15:14:00.271,17362,17364,17365,1,1
2021-09-02 15:14:00.271,17362,17364,17365,1,1
2021-09-02 15:14:00.273,17362,17364,17365,2,2
2021-09-02 15:14:00.273,17362,17364,17365,1,1
2021-09-02 15:14:00.273,17362,17364,17365,2,2
2021-09-02 15:14:00.521,17364,17365,17364,1,-1
2021-09-02 15:14:02.360,17363,17364,17364,10,10
2021-09-02 15:14:02.394,17363,17365,17365,1,1
2021-09-02 15:14:02.395,17363,17365,17365,1,1
2021-09-02 15:14:02.395,17363,17365,17365,1,1
2021-09-02 15:14:02.395,17363,17365,17365,1,1
2021-09-02 15:14:02.395,17363,17365,17365,1,1
2021-09-02 15:14:02.396,17363,17365,17365,2,2
2021-09-02 15:14:03.155,17364,17365,17365,1,1
2021-09-02 15:14:04.388,17364,17366,17364,4,-4
2021-09-02 15:14:08.142,17364,17365,17365,1,1
2021-09-02 15:14:08.142,17364,17365,17366,1,1
2021-09-02 15:14:09.631,17365,17366,17366,1,1
2021-09-02 15:14:09.643,17365,17366,17366,1,1
2021-09-02 15:14:09.644,17365,17366,17366,1,1
2021-09-02 15:14:09.644,17365,17366,17366,1,1
2021-09-02 15:14:09.644,17365,17366,17366,1,1
2021-09-02 15:14:09.645,17365,17366,17366,1,1
2021-09-02 15:14:09.645,17365,17366,17366,1,1
2021-09-02 15:14:09.645,17365,17366,17366,2,2
2021-09-02 15:14:10.163,17365,17366,17366,14,14
2021-09-02 15:14:10.226,17365,17366,17366,1,1
2021-09-02 15:14:10.503,17366,17367,17367,1,1
2021-09-02 15:14:10.653,17366,17368,17368,2,2
2021-09-02 15:14:11.101,17366,17367,17367,1,1
2021-09-02 15:14:11.128,17366,17367,17368,1,1
2021-09-02 15:14:11.953,17366,17368,17368,1,1
2021-09-02 15:14:12.892,17367,17368,17367,1,-1
2021-09-02 15:14:13.068,17367,17368,17367,1,-1
2021-09-02 15:14:13.289,17367,17368,17368,2,2
2021-09-02 15:14:13.289,17367,17368,17368,8,8
2021-09-02 15:14:13.290,17367,17368,17368,1,1
2021-09-02 15:14:13.290,17367,17368,17368,1,1
2021-09-02 15:14:13.290,17367,17368,17368,8,8
2021-09-02 15:14:14.609,17368,17369,17368,1,-1
2021-09-02 15:14:14.774,17367,17369,17369,11,11
2021-09-02 15:14:14.774,17367,17369,17370,3,3
2021-09-02 15:14:14.923,17369,17370,17370,2,2
2021-09-02 15:14:14.951,17369,17370,17370,2,2
2021-09-02 15:14:14.961,17369,17370,17369,1,-1
2021-09-02 15:14:14.972,17369,17370,17370,1,1
2021-09-02 15:14:15.034,17369,17370,17370,1,1
2021-09-02 15:14:15.133,17369,17370,17370,1,1
2021-09-02 15:14:15.193,17369,17370,17369,1,-1
2021-09-02 15:14:15.239,17369,17370,17370,1,1
2021-09-02 15:14:15.610,17368,17370,17370,2,2
2021-09-02 15:14:15.705,17368,17370,17370,1,1
2021-09-02 15:14:16.608,17368,17370,17370,1,1
2021-09-02 15:14:17.563,17368,17369,17369,2,2
2021-09-02 15:14:17.644,17368,17370,17370,1,1
2021-09-02 15:14:17.644,17368,17370,17370,1,1
2021-09-02 15:14:17.644,17368,17370,17370,1,1
2021-09-02 15:14:17.644,17368,17370,17370,1,1
2021-09-02 15:14:17.644,17368,17370,17370,1,1
2021-09-02 15:14:17.644,17368,17370,17370,1,1
2021-09-02 15:14:17.644,17368,17370,17370,1,1
2021-09-02 15:14:17.645,17368,17370,17370,1,1
2021-09-02 15:14:17.645,17368,17370,17370,1,1
2021-09-02 15:14:17.695,17368,17370,17371,1,1
2021-09-02 15:14:17.757,17368,17370,17369,5,-5
2021-09-02 15:14:18.051,17368,17370,17370,1,1
2021-09-02 15:14:18.194,17368,17370,17370,4,4
2021-09-02 15:14:18.200,17368,17370,17368,2,-2
2021-09-02 15:14:18.792,17368,17370,17370,1,1
2021-09-02 15:14:19.509,17368,17369,17369,1,1
2021-09-02 15:14:21.461,17368,17369,17369,1,1
2021-09-02 15:14:21.766,17369,17370,17369,1,-1
2021-09-02 15:14:22.740,17369,17370,17369,1,-1
2021-09-02 15:14:22.822,17369,17370,17369,4,-4
2021-09-02 15:14:23.815,17369,17370,17370,1,1
2021-09-02 15:14:24.680,17369,17370,17370,5,5
2021-09-02 15:14:26.247,17369,17370,17370,2,2
2021-09-02 15:14:26.247,17369,17370,17371,3,3
2021-09-02 15:14:27.404,17369,17370,17370,1,1
2021-09-02 15:14:27.404,17369,17370,17371,3,3
2021-09-02 15:14:27.404,17369,17370,17372,1,1
2021-09-02 15:14:27.520,17370,17372,17372,1,1
2021-09-02 15:14:27.521,17370,17372,17372,1,1
2021-09-02 15:14:27.521,17370,17372,17372,1,1
2021-09-02 15:14:27.521,17370,17372,17372,1,1
2021-09-02 15:14:27.521,17370,17372,17372,1,1
2021-09-02 15:14:27.522,17370,17372,17372,1,1
2021-09-02 15:14:27.523,17370,17372,17372,1,1
2021-09-02 15:14:27.524,17370,17372,17372,1,1
2021-09-02 15:14:27.524,17370,17372,17372,1,1
2021-09-02 15:14:27.525,17370,17372,17372,1,1
2021-09-02 15:14:27.574,17370,17372,17370,1,-1
2021-09-02 15:14:27.674,17370,17372,17372,3,3
2021-09-02 15:14:28.240,17370,17372,17370,1,-1
2021-09-02 15:14:28.396,17370,17372,17372,1,1
2021-09-02 15:14:28.936,17370,17372,17372,5,5
2021-09-02 15:14:29.019,17371,17372,17371,1,-1
2021-09-02 15:14:29.169,17370,17372,17372,1,1
2021-09-02 15:14:30.496,17370,17372,17372,1,1
2021-09-02 15:14:30.622,17370,17372,17372,5,5
2021-09-02 15:14:30.951,17370,17372,17372,1,1
2021-09-02 15:14:31.549,17370,17372,17372,1,1
2021-09-02 15:14:32.296,17370,17372,17372,5,5
2021-09-02 15:14:32.482,17370,17372,17372,5,5
2021-09-02 15:14:32.482,17370,17372,17373,5,5
2021-09-02 15:14:32.616,17371,17373,17373,4,4
2021-09-02 15:14:32.739,17371,17373,17373,1,1
2021-09-02 15:14:33.122,17371,17372,17372,1,1
2021-09-02 15:14:33.359,17371,17373,17372,1,-1
2021-09-02 15:14:33.631,17370,17372,17372,1,1
2021-09-02 15:14:33.853,17370,17371,17371,1,1
2021-09-02 15:14:33.853,17370,17371,17372,4,4
2021-09-02 15:14:34.237,17370,17372,17370,2,-2
2021-09-02 15:14:35.879,17370,17372,17372,5,5
2021-09-02 15:14:37.067,17370,17372,17372,1,1
2021-09-02 15:14:37.109,17370,17372,17371,1,-1
2021-09-02 15:14:38.004,17370,17372,17370,5,-5
2021-09-02 15:14:38.019,17369,17371,17371,1,1
2021-09-02 15:14:38.019,17369,17371,17371,1,1
2021-09-02 15:14:38.070,17369,17371,17369,1,-1
2021-09-02 15:14:38.109,17369,17371,17369,5,-5
2021-09-02 15:14:38.319,17368,17369,17368,3,-3
2021-09-02 15:14:38.320,17368,17369,17368,22,-22
2021-09-02 15:14:38.555,17367,17369,17369,1,1
2021-09-02 15:14:38.754,17367,17369,17369,1,1
2021-09-02 15:14:38.846,17367,17369,17368,1,-1
2021-09-02 15:14:39.824,17367,17369,17369,1,1
2021-09-02 15:14:41.271,17367,17368,17368,4,4
2021-09-02 15:14:41.271,17367,17368,17369,6,6
2021-09-02 15:14:41.425,17368,17369,17369,1,1
2021-09-02 15:14:41.524,17368,17369,17368,1,-1
2021-09-02 15:14:42.119,17367,17369,17367,1,-1
2021-09-02 15:14:42.647,17367,17369,17368,1,1
2021-09-02 15:14:43.003,17368,17369,17368,1,-1
2021-09-02 15:14:45.315,17367,17368,17368,1,1
2021-09-02 15:14:45.562,17367,17368,17369,2,2
2021-09-02 15:14:46.392,17367,17369,17367,1,-1
2021-09-02 15:14:46.758,17367,17369,17369,2,2
2021-09-02 15:14:50.063,17368,17369,17369,1,1
2021-09-02 15:14:50.064,17368,17369,17369,1,1
2021-09-02 15:14:50.064,17368,17369,17369,2,2
2021-09-02 15:14:50.254,17369,17371,17369,1,-1
2021-09-02 15:14:50.327,17369,17371,17371,2,2
2021-09-02 15:14:51.549,17369,17371,17369,1,-1
2021-09-02 15:14:55.095,17370,17371,17370,1,1
2021-09-02 15:14:55.350,17370,17371,17371,2,2
2021-09-02 15:14:56.142,17370,17371,17371,1,1
2021-09-02 15:14:56.627,17370,17372,17370,1,-1
2021-09-02 15:14:56.767,17370,17371,17371,1,1
2021-09-02 15:14:58.142,17370,17371,17371,2,2
2021-09-02 15:14:59.636,17370,17371,17371,2,2
2021-09-02 15:14:59.642,17370,17371,17371,3,3
2021-09-02 15:15:00.010,17371,17372,17371,1,-1
2021-09-02 15:15:00.126,17370,17372,17370,1,-1
2021-09-02 15:15:00.145,17370,17372,17370,1,-1
2021-09-02 15:15:00.303,17370,17372,17372,2,2
2021-09-02 15:15:00.441,17370,17372,17370,1,-1
2021-09-02 15:15:00.450,17370,17372,17372,1,1
2021-09-02 15:15:00.480,17370,17372,17372,1,1
2021-09-02 15:15:01.892,17371,17372,17372,2,2
2021-09-02 15:15:02.017,17371,17372,17372,2,2
2021-09-02 15:15:02.403,17371,17373,17373,4,4
2021-09-02 15:15:02.473,17371,17373,17373,3,3
2021-09-02 15:15:02.517,17372,17373,17373,2,2
2021-09-02 15:15:02.631,17372,17373,17374,1,1
2021-09-02 15:15:02.650,17372,17374,17372,1,-1
2021-09-02 15:15:02.695,17372,17374,17372,1,-1
2021-09-02 15:15:02.767,17372,17374,17374,1,1
2021-09-02 15:15:02.874,17372,17374,17374,2,2
2021-09-02 15:15:02.885,17372,17374,17374,2,2
2021-09-02 15:15:02.999,17372,17374,17374,2,2
2021-09-02 15:15:03.282,17372,17374,17372,2,-2
2021-09-02 15:15:03.448,17372,17374,17374,2,2
2021-09-02 15:15:04.469,17372,17374,17374,2,2
2021-09-02 15:15:05.184,17372,17374,17374,1,1
2021-09-02 15:15:05.392,17372,17373,17372,3,-3
2021-09-02 15:15:06.847,17371,17372,17371,11,-11
2021-09-02 15:15:06.859,17371,17372,17370,1,-1
2021-09-02 15:15:07.678,17369,17370,17369,1,-1
2021-09-02 15:15:07.769,17368,17370,17370,1,1
2021-09-02 15:15:08.900,17368,17370,17370,1,1
2021-09-02 15:15:08.900,17368,17370,17370,2,2
2021-09-02 15:15:08.900,17368,17370,17370,1,1
2021-09-02 15:15:11.391,17368,17370,17370,7,7
2021-09-02 15:15:11.392,17368,17370,17370,3,3
2021-09-02 15:15:13.263,17369,17370,17369,1,-1
2021-09-02 15:15:13.873,17368,17369,17369,1,1
2021-09-02 15:15:13.873,17368,17369,17370,1,1
2021-09-02 15:15:15.091,17368,17371,17370,1,-1
2021-09-02 15:15:15.091,17368,17371,17370,1,-1
2021-09-02 15:15:16.749,17368,17369,17369,1,1
2021-09-02 15:15:17.486,17368,17369,17368,1,-1
2021-09-02 15:15:18.970,17367,17368,17367,1,-1
2021-09-02 15:15:18.990,17367,17368,17367,6,-6
2021-09-02 15:15:19.744,17366,17367,17367,2,2
2021-09-02 15:15:20.458,17366,17367,17367,4,4
2021-09-02 15:15:20.458,17366,17367,17368,6,6
2021-09-02 15:15:21.075,17367,17369,17367,3,-3
2021-09-02 15:15:21.701,17366,17368,17368,1,1
2021-09-02 15:15:21.701,17366,17368,17369,1,1
2021-09-02 15:15:25.306,17367,17368,17367,1,-1
2021-09-02 15:15:25.550,17367,17368,17368,1,1
2021-09-02 15:15:26.260,17367,17368,17367,1,-1
2021-09-02 15:15:29.555,17366,17367,17367,1,1
2021-09-02 15:15:29.644,17367,17368,17368,1,1
2021-09-02 15:15:29.841,17367,17368,17367,1,-1
2021-09-02 15:15:30.151,17366,17368,17368,1,1
2021-09-02 15:15:30.151,17366,17368,17369,1,1
2021-09-02 15:15:32.968,17367,17368,17367,1,-1
2021-09-02 15:15:37.553,17367,17368,17367,1,-1
2021-09-02 15:15:39.128,17367,17368,17368,1,1
2021-09-02 15:15:39.526,17367,17369,17367,1,-1
2021-09-02 15:15:40.263,17368,17369,17368,1,1
2021-09-02 15:15:40.925,17367,17368,17368,1,1
2021-09-02 15:15:41.927,17368,17369,17368,1,-1
2021-09-02 15:15:42.634,17367,17368,17368,1,1
2021-09-02 15:15:44.309,17367,17368,17368,1,1
2021-09-02 15:15:44.493,17367,17368,17368,1,1
2021-09-02 15:15:44.580,17367,17368,17368,4,4
2021-09-02 15:15:44.895,17368,17369,17368,1,-1
2021-09-02 15:15:45.880,17368,17369,17368,2,-2
2021-09-02 15:15:45.881,17368,17369,17368,2,-2
2021-09-02 15:15:46.840,17367,17368,17367,1,-1
2021-09-02 15:15:51.980,17367,17368,17367,1,-1
2021-09-02 15:15:53.214,17367,17368,17367,12,-12
2021-09-02 15:15:57.537,17366,17367,17367,1,1
2021-09-02 15:15:57.868,17367,17368,17367,3,-3
2021-09-02 15:16:05.578,17366,17367,17366,1,-1
2021-09-02 15:16:05.775,17366,17367,17366,1,-1
2021-09-02 15:16:06.004,17366,17367,17367,1,1
2021-09-02 15:16:06.970,17366,17367,17367,1,1
2021-09-02 15:16:10.436,17367,17368,17367,1,-1
2021-09-02 15:16:15.537,17367,17368,17368,1,1
2021-09-02 15:16:15.844,17367,17368,17368,2,2
2021-09-02 15:16:18.007,17367,17368,17367,1,-1
2021-09-02 15:16:23.427,17367,17368,17367,2,-2
2021-09-02 15:16:23.429,17367,17368,17367,3,-3
2021-09-02 15:16:23.518,17366,17367,17366,10,-10
2021-09-02 15:16:23.520,17366,17367,17366,1,-1
2021-09-02 15:16:23.822,17365,17366,17365,1,-1
2021-09-02 15:16:24.675,17365,17366,17365,14,-14
2021-09-02 15:16:24.767,17364,17365,17364,7,-7
2021-09-02 15:16:24.865,17364,17365,17363,4,-4
2021-09-02 15:16:24.865,17364,17365,17363,1,-1
2021-09-02 15:16:24.892,17362,17363,17362,6,-6
2021-09-02 15:16:25.070,17361,17363,17361,1,-1
2021-09-02 15:16:25.635,17361,17363,17361,4,-4
2021-09-02 15:16:25.904,17361,17362,17361,2,-2
2021-09-02 15:16:27.165,17361,17362,17361,1,-1
2021-09-02 15:16:27.490,17361,17362,17362,2,2
2021-09-02 15:16:27.510,17361,17362,17362,1,1
2021-09-02 15:16:27.815,17362,17364,17364,1,1
2021-09-02 15:16:28.089,17362,17364,17362,1,-1
2021-09-02 15:16:28.143,17362,17364,17364,1,1
2021-09-02 15:16:28.144,17362,17364,17364,1,1
2021-09-02 15:16:28.144,17362,17364,17364,1,1
2021-09-02 15:16:28.417,17362,17364,17364,2,2
2021-09-02 15:16:28.417,17362,17364,17365,8,8
2021-09-02 15:16:28.428,17362,17364,17364,1,1
2021-09-02 15:16:29.302,17364,17365,17364,1,-1
2021-09-02 15:16:30.249,17363,17365,17363,1,-1
2021-09-02 15:16:30.331,17362,17364,17364,3,3
2021-09-02 15:16:31.730,17362,17364,17363,1,-1
2021-09-02 15:16:32.874,17364,17365,17364,1,1
2021-09-02 15:16:33.145,17364,17365,17365,3,3
2021-09-02 15:16:34.500,17364,17365,17365,1,1
2021-09-02 15:16:34.500,17364,17365,17366,2,2
2021-09-02 15:16:35.291,17364,17366,17364,1,-1
2021-09-02 15:16:35.314,17364,17366,17366,3,3
2021-09-02 15:16:37.685,17366,17367,17366,1,-1
2021-09-02 15:16:37.739,17366,17367,17366,1,-1
2021-09-02 15:16:38.614,17365,17366,17366,2,2
2021-09-02 15:16:43.936,17366,17367,17366,2,-2
2021-09-02 15:16:43.937,17366,17367,17367,3,3
2021-09-02 15:16:44.783,17366,17367,17367,3,3
2021-09-02 15:16:46.710,17366,17368,17368,1,1
2021-09-02 15:16:48.069,17367,17368,17367,1,-1
2021-09-02 15:16:48.568,17367,17368,17367,1,-1
2021-09-02 15:16:48.921,17367,17368,17368,2,2
2021-09-02 15:16:49.273,17367,17368,17368,1,1
2021-09-02 15:16:49.273,17367,17368,17369,1,1
2021-09-02 15:16:49.845,17367,17368,17368,1,1
2021-09-02 15:16:49.845,17367,17368,17369,1,1
2021-09-02 15:16:51.521,17368,17369,17369,2,2
2021-09-02 15:16:51.714,17368,17369,17369,2,2
2021-09-02 15:16:51.756,17368,17369,17368,4,-4
2021-09-02 15:16:51.756,17368,17369,17367,1,-1
2021-09-02 15:16:52.661,17367,17368,17368,1,1
2021-09-02 15:16:52.661,17367,17368,17369,1,1
2021-09-02 15:16:53.121,17367,17369,17369,2,2
2021-09-02 15:16:53.596,17367,17368,17368,1,1
2021-09-02 15:16:53.596,17367,17368,17369,1,1
2021-09-02 15:16:54.010,17367,17368,17368,1,1
2021-09-02 15:16:54.010,17367,17368,17369,1,1
2021-09-02 15:16:55.222,17367,17369,17368,1,-1
2021-09-02 15:16:56.068,17367,17368,17367,1,-1
2021-09-02 15:16:56.068,17367,17368,17367,4,-4
2021-09-02 15:16:56.068,17367,17368,17367,4,-4
2021-09-02 15:16:56.539,17366,17368,17368,2,2
2021-09-02 15:16:56.673,17366,17368,17368,1,1
2021-09-02 15:16:57.872,17367,17368,17367,1,-1
2021-09-02 15:16:57.894,17367,17368,17368,1,1
2021-09-02 15:16:57.894,17367,17368,17369,1,1
2021-09-02 15:16:57.894,17367,17368,17369,1,1
2021-09-02 15:16:57.894,17367,17368,17369,1,1
2021-09-02 15:16:58.441,17368,17369,17368,1,-1
2021-09-02 15:17:00.197,17367,17369,17367,1,-1
2021-09-02 15:17:00.927,17367,17368,17367,3,-3
2021-09-02 15:17:01.487,17366,17368,17368,1,1
2021-09-02 15:17:03.319,17367,17368,17367,1,-1
2021-09-02 15:17:03.629,17367,17368,17368,2,2
2021-09-02 15:17:03.818,17367,17368,17367,1,-1
2021-09-02 15:17:04.247,17367,17368,17368,2,2
2021-09-02 15:17:04.529,17367,17368,17368,2,2
2021-09-02 15:17:08.187,17368,17369,17368,1,-1
2021-09-02 15:17:08.868,17368,17369,17369,1,1
2021-09-02 15:17:09.277,17368,17369,17368,1,-1
2021-09-02 15:17:09.339,17368,17369,17369,2,2
2021-09-02 15:17:10.888,17368,17369,17369,2,2
2021-09-02 15:17:10.978,17368,17369,17369,3,3
2021-09-02 15:17:11.857,17369,17370,17369,1,-1
2021-09-02 15:17:12.216,17369,17370,17370,4,4
2021-09-02 15:17:13.458,17369,17370,17369,1,-1
2021-09-02 15:17:13.750,17369,17370,17370,1,1
2021-09-02 15:17:15.002,17369,17370,17370,1,1
2021-09-02 15:17:15.052,17369,17370,17369,1,-1
2021-09-02 15:17:15.372,17368,17370,17369,1,-1
2021-09-02 15:17:15.372,17368,17370,17370,1,1
2021-09-02 15:17:15.913,17368,17370,17370,2,2
2021-09-02 15:17:16.173,17368,17370,17370,1,1
2021-09-02 15:17:16.279,17368,17370,17370,2,2
2021-09-02 15:17:16.664,17368,17370,17370,2,2
2021-09-02 15:17:17.033,17369,17370,17370,1,1
2021-09-02 15:17:17.191,17370,17371,17370,1,-1
2021-09-02 15:17:19.773,17369,17370,17369,1,-1
2021-09-02 15:17:20.334,17369,17370,17370,1,1
2021-09-02 15:17:20.561,17369,17370,17370,1,1
2021-09-02 15:17:21.984,17369,17370,17370,1,1
2021-09-02 15:17:23.237,17370,17371,17370,1,-1
2021-09-02 15:17:23.333,17369,17370,17369,1,-1
2021-09-02 15:17:24.859,17369,17370,17369,1,-1
2021-09-02 15:17:24.924,17368,17370,17370,1,1
2021-09-02 15:17:28.195,17369,17370,17369,1,-1
2021-09-02 15:17:28.715,17368,17370,17370,1,1
2021-09-02 15:17:31.190,17368,17369,17369,1,1
2021-09-02 15:17:33.168,17368,17369,17369,1,1
2021-09-02 15:17:33.868,17368,17369,17369,1,1
2021-09-02 15:17:34.251,17368,17369,17369,1,1
2021-09-02 15:17:35.333,17368,17369,17369,1,1
2021-09-02 15:17:36.770,17368,17369,17369,1,1
2021-09-02 15:17:40.130,17368,17369,17368,2,-2
2021-09-02 15:17:40.131,17368,17369,17368,6,-6
2021-09-02 15:17:40.767,17367,17368,17367,1,-1
2021-09-02 15:17:41.153,17366,17367,17366,1,-1
2021-09-02 15:17:41.186,17366,17367,17367,1,1
2021-09-02 15:17:42.337,17366,17368,17366,1,-1
2021-09-02 15:17:46.167,17367,17368,17368,1,1
2021-09-02 15:17:47.650,17367,17368,17368,1,1
2021-09-02 15:17:52.769,17368,17369,17369,1,1
2021-09-02 15:17:53.969,17368,17369,17369,1,1
2021-09-02 15:17:55.003,17368,17369,17368,1,-1
2021-09-02 15:17:55.063,17368,17369,17369,1,1
2021-09-02 15:17:56.214,17368,17369,17369,1,1
2021-09-02 15:17:57.480,17368,17369,17368,1,-1
2021-09-02 15:17:57.491,17368,17369,17369,1,1
2021-09-02 15:18:02.647,17369,17370,17369,1,-1
2021-09-02 15:18:06.640,17368,17369,17368,1,-1
2021-09-02 15:18:06.645,17368,17369,17369,1,1
2021-09-02 15:18:09.181,17369,17370,17369,1,-1
2021-09-02 15:18:09.181,17369,17370,17368,9,-9
2021-09-02 15:18:09.298,17368,17369,17368,3,-3
2021-09-02 15:18:09.299,17368,17369,17368,4,-4
2021-09-02 15:18:09.299,17368,17369,17368,9,-9
2021-09-02 15:18:09.299,17368,17369,17368,1,-1
2021-09-02 15:18:09.299,17368,17369,17368,3,-3
2021-09-02 15:18:11.203,17367,17368,17367,2,-2
2021-09-02 15:18:11.502,17367,17368,17368,1,1
2021-09-02 15:18:12.892,17367,17368,17367,1,-1
2021-09-02 15:18:14.095,17367,17368,17368,1,1
2021-09-02 15:18:15.447,17367,17368,17368,1,1
2021-09-02 15:18:16.521,17367,17368,17368,1,1
2021-09-02 15:18:17.557,17367,17368,17368,1,1
2021-09-02 15:18:18.364,17368,17369,17368,1,-1
2021-09-02 15:18:18.364,17368,17369,17367,1,-1
2021-09-02 15:18:20.841,17368,17369,17368,1,1
2021-09-02 15:18:21.904,17367,17368,17367,2,-2
2021-09-02 15:18:22.854,17367,17368,17367,2,-2
2021-09-02 15:18:22.868,17367,17368,17367,8,-8
2021-09-02 15:18:23.568,17366,17367,17367,4,4
2021-09-02 15:18:23.570,17366,17367,17367,1,1
2021-09-02 15:18:23.744,17367,17368,17367,2,-2
2021-09-02 15:18:25.175,17367,17368,17367,1,-1
2021-09-02 15:18:25.397,17367,17368,17367,2,-2
2021-09-02 15:18:27.528,17366,17367,17367,4,4
2021-09-02 15:18:27.528,17366,17367,17367,1,1
2021-09-02 15:18:30.924,17367,17368,17367,1,-1
2021-09-02 15:18:33.969,17366,17367,17366,2,-2
2021-09-02 15:18:34.068,17366,17367,17366,8,-8
2021-09-02 15:18:34.366,17365,17366,17365,1,-1
2021-09-02 15:18:34.366,17365,17366,17365,3,-3
2021-09-02 15:18:36.044,17365,17366,17365,1,-1
2021-09-02 15:18:36.455,17365,17366,17365,1,-1
2021-09-02 15:18:37.193,17365,17366,17365,4,-4
2021-09-02 15:18:37.194,17365,17366,17365,10,-10
2021-09-02 15:18:37.194,17365,17366,17365,4,-4
2021-09-02 15:18:37.194,17365,17366,17365,3,-3
2021-09-02 15:18:37.194,17365,17366,17365,8,-8
2021-09-02 15:18:37.194,17365,17366,17365,2,-2
2021-09-02 15:18:37.195,17365,17366,17365,1,-1
2021-09-02 15:18:37.195,17365,17366,17365,6,-6
2021-09-02 15:18:37.195,17365,17366,17365,1,-1
2021-09-02 15:18:37.195,17365,17366,17365,5,-5
2021-09-02 15:18:38.254,17364,17365,17365,1,1
2021-09-02 15:18:41.433,17364,17365,17365,1,1
2021-09-02 15:18:41.944,17365,17366,17366,2,2
2021-09-02 15:18:42.901,17366,17367,17367,1,1
2021-09-02 15:18:44.200,17366,17367,17367,1,1
2021-09-02 15:18:44.201,17366,17367,17367,1,1
2021-09-02 15:18:47.746,17367,17368,17367,1,-1
2021-09-02 15:18:47.746,17367,17368,17366,1,-1
2021-09-02 15:18:47.820,17366,17368,17368,1,1
2021-09-02 15:18:50.338,17367,17368,17367,1,-1
2021-09-02 15:18:53.081,17367,17368,17368,1,1
2021-09-02 15:18:53.082,17367,17368,17368,2,2
2021-09-02 15:18:56.846,17368,17369,17368,1,-1
2021-09-02 15:18:57.306,17367,17369,17369,1,1
2021-09-02 15:18:58.804,17367,17369,17369,1,1
2021-09-02 15:19:00.040,17367,17369,17369,1,1
2021-09-02 15:19:00.307,17367,17369,17368,1,-1
2021-09-02 15:19:01.078,17367,17369,17369,1,1
2021-09-02 15:19:04.922,17368,17369,17369,1,1
2021-09-02 15:19:06.591,17369,17370,17370,1,1
2021-09-02 15:19:06.857,17369,17370,17369,2,-2
2021-09-02 15:19:08.185,17368,17369,17368,2,-2
2021-09-02 15:19:09.033,17368,17369,17369,1,1
2021-09-02 15:19:09.577,17369,17370,17369,1,-1
2021-09-02 15:19:10.656,17369,17370,17369,1,-1
2021-09-02 15:19:13.300,17369,17370,17370,18,18
2021-09-02 15:19:13.302,17369,17370,17371,1,1
2021-09-02 15:19:13.303,17369,17370,17371,1,1
2021-09-02 15:19:13.303,17369,17370,17371,2,2
2021-09-02 15:19:14.076,17369,17370,17369,1,-1
2021-09-02 15:19:14.165,17369,17370,17369,1,-1
2021-09-02 15:19:14.414,17369,17370,17369,1,-1
2021-09-02 15:19:14.428,17369,17370,17370,1,1
2021-09-02 15:19:14.617,17369,17370,17369,1,-1
2021-09-02 15:19:15.739,17369,17370,17369,1,-1
2021-09-02 15:19:16.196,17368,17370,17370,1,1
2021-09-02 15:19:17.163,17368,17370,17368,1,-1
2021-09-02 15:19:17.269,17368,17370,17370,1,1
2021-09-02 15:19:19.195,17368,17370,17368,1,-1
2021-09-02 15:19:19.925,17368,17369,17369,1,1
2021-09-02 15:19:20.799,17368,17370,17368,1,-1
2021-09-02 15:19:21.976,17368,17369,17369,1,1
2021-09-02 15:19:23.312,17368,17369,17369,1,1
2021-09-02 15:19:23.926,17368,17369,17368,1,-1
2021-09-02 15:19:24.535,17367,17368,17368,1,1
2021-09-02 15:19:25.935,17367,17368,17368,1,1
2021-09-02 15:19:29.299,17367,17368,17367,2,-2
2021-09-02 15:19:29.782,17367,17368,17367,1,-1
2021-09-02 15:19:30.175,17367,17368,17367,2,-2
2021-09-02 15:19:30.270,17367,17368,17368,1,1
2021-09-02 15:19:30.270,17367,17368,17368,1,1
2021-09-02 15:19:30.270,17367,17368,17368,1,1
2021-09-02 15:19:30.270,17367,17368,17368,1,1
2021-09-02 15:19:30.271,17367,17368,17368,1,1
2021-09-02 15:19:30.271,17367,17368,17369,1,1
2021-09-02 15:19:33.053,17367,17369,17367,2,-2
2021-09-02 15:19:33.957,17367,17368,17367,2,-2
2021-09-02 15:19:36.801,17366,17367,17367,1,1
2021-09-02 15:19:37.016,17366,17367,17366,2,-2
2021-09-02 15:19:37.541,17366,17367,17366,2,-2
2021-09-02 15:19:46.263,17365,17366,17365,1,-1
2021-09-02 15:19:46.263,17365,17366,17365,2,-2
2021-09-02 15:19:46.282,17365,17366,17365,3,-3
2021-09-02 15:19:48.212,17364,17365,17364,1,-1
2021-09-02 15:19:48.314,17364,17365,17365,1,1
2021-09-02 15:19:48.454,17364,17366,17364,1,-1
2021-09-02 15:19:53.296,17364,17365,17364,1,-1
2021-09-02 15:19:56.282,17364,17365,17365,1,1
2021-09-02 15:19:56.282,17364,17365,17366,1,1
2021-09-02 15:19:56.522,17364,17366,17364,1,-1
2021-09-02 15:19:59.915,17364,17365,17365,1,1
2021-09-02 15:20:09.102,17364,17365,17365,2,2
2021-09-02 15:20:12.474,17364,17365,17365,1,1
2021-09-02 15:20:12.474,17364,17365,17366,1,1
2021-09-02 15:20:13.402,17364,17366,17366,1,1
2021-09-02 15:20:13.446,17364,17366,17364,1,-1
2021-09-02 15:20:15.967,17364,17366,17366,2,2
2021-09-02 15:20:19.996,17364,17367,17364,5,-5
2021-09-02 15:20:21.892,17364,17366,17366,1,1
2021-09-02 15:20:28.092,17364,17365,17364,1,-1
2021-09-02 15:20:29.346,17364,17365,17365,1,1
2021-09-02 15:20:34.501,17364,17366,17364,1,-1
2021-09-02 15:20:39.102,17364,17365,17365,1,1
2021-09-02 15:20:45.115,17364,17365,17365,1,1
2021-09-02 15:20:45.802,17364,17365,17364,1,-1
2021-09-02 15:20:48.971,17364,17365,17365,1,1
2021-09-02 15:20:49.884,17364,17365,17365,1,1
2021-09-02 15:20:51.269,17364,17365,17365,1,1
2021-09-02 15:20:51.804,17364,17365,17365,1,1
2021-09-02 15:20:51.804,17364,17365,17365,1,1
2021-09-02 15:20:53.901,17365,17366,17365,2,-2
2021-09-02 15:20:54.871,17365,17366,17365,3,-3
2021-09-02 15:20:54.873,17365,17366,17365,4,-4
2021-09-02 15:20:55.098,17365,17366,17366,1,1
2021-09-02 15:20:55.517,17365,17366,17365,2,-2
2021-09-02 15:20:59.155,17365,17366,17366,3,3
2021-09-02 15:20:59.612,17365,17366,17366,1,1
2021-09-02 15:21:01.033,17365,17366,17366,1,1
2021-09-02 15:21:01.077,17365,17366,17366,3,3
2021-09-02 15:21:04.305,17366,17367,17367,7,7
2021-09-02 15:21:04.831,17367,17368,17367,1,-1
2021-09-02 15:21:05.460,17367,17368,17367,1,-1
2021-09-02 15:21:07.198,17367,17368,17367,2,-2
2021-09-02 15:21:07.881,17366,17368,17368,1,1
2021-09-02 15:21:08.110,17367,17368,17367,1,-1
2021-09-02 15:21:10.558,17367,17368,17368,1,1
2021-09-02 15:21:11.162,17367,17368,17367,1,-1
2021-09-02 15:21:11.324,17367,17368,17368,6,6
2021-09-02 15:21:11.324,17367,17368,17369,4,4
2021-09-02 15:21:14.004,17367,17369,17369,1,1
2021-09-02 15:21:22.225,17368,17369,17369,4,4
2021-09-02 15:21:23.290,17369,17370,17369,4,-4
2021-09-02 15:21:23.992,17367,17369,17369,1,1
2021-09-02 15:21:24.023,17367,17369,17369,6,6
2021-09-02 15:21:24.023,17367,17369,17370,7,7
2021-09-02 15:21:24.324,17368,17370,17370,1,1
2021-09-02 15:21:33.774,17368,17370,17369,1,-1
2021-09-02 15:21:35.111,17367,17369,17369,1,1
2021-09-02 15:21:35.191,17367,17369,17369,5,5
2021-09-02 15:21:35.191,17367,17369,17370,5,5
2021-09-02 15:21:37.490,17368,17369,17368,1,-1
2021-09-02 15:21:37.888,17367,17368,17367,1,-1
2021-09-02 15:21:38.988,17368,17369,17368,1,1
2021-09-02 15:21:41.941,17367,17369,17368,1,-1
2021-09-02 15:21:47.364,17368,17369,17368,1,-1
2021-09-02 15:21:48.771,17367,17368,17367,1,-1
2021-09-02 15:21:49.314,17367,17368,17368,1,1
2021-09-02 15:21:51.140,17368,17370,17368,4,-4
2021-09-02 15:21:51.140,17368,17370,17367,10,-10
2021-09-02 15:21:51.142,17366,17367,17367,9,9
2021-09-02 15:21:51.142,17366,17367,17367,2,2
2021-09-02 15:21:51.142,17366,17367,17367,1,1
2021-09-02 15:21:51.142,17366,17367,17367,6,6
2021-09-02 15:21:58.658,17367,17368,17367,2,-2
2021-09-02 15:22:00.470,17367,17368,17367,1,-1
2021-09-02 15:22:00.471,17367,17368,17367,11,-11
2021-09-02 15:22:00.471,17367,17368,17367,4,-4
2021-09-02 15:22:00.472,17367,17368,17367,9,-9
2021-09-02 15:22:00.472,17367,17368,17367,3,-3
2021-09-02 15:22:00.472,17367,17368,17367,2,-2
2021-09-02 15:22:00.472,17367,17368,17367,1,-1
2021-09-02 15:22:03.069,17367,17368,17368,1,1
2021-09-02 15:22:04.797,17367,17369,17369,1,1
2021-09-02 15:22:04.798,17367,17369,17369,1,1
2021-09-02 15:22:04.843,17367,17369,17369,1,1
2021-09-02 15:22:06.969,17368,17369,17369,1,1
2021-09-02 15:22:07.605,17368,17370,17368,1,-1
2021-09-02 15:22:08.134,17367,17369,17369,1,1
2021-09-02 15:22:19.597,17366,17368,17366,2,-2
2021-09-02 15:22:20.682,17366,17368,17366,2,-2
2021-09-02 15:22:26.642,17367,17368,17367,1,1
2021-09-02 15:22:26.906,17367,17368,17367,3,-3
2021-09-02 15:22:27.616,17367,17368,17367,1,-1
2021-09-02 15:22:34.029,17367,17368,17368,1,1
2021-09-02 15:22:39.064,17366,17367,17366,6,-6
2021-09-02 15:22:39.064,17366,17367,17365,4,-4
2021-09-02 15:22:41.068,17365,17367,17365,1,-1
2021-09-02 15:22:42.337,17365,17367,17365,1,-1
2021-09-02 15:22:50.896,17365,17366,17365,1,-1
2021-09-02 15:22:50.896,17365,17366,17365,1,-1
2021-09-02 15:22:50.896,17365,17366,17365,2,-2
2021-09-02 15:22:50.896,17365,17366,17365,2,-2
2021-09-02 15:22:55.876,17364,17365,17365,1,1
2021-09-02 15:22:57.313,17364,17365,17365,1,1
2021-09-02 15:23:01.318,17364,17366,17366,1,1
2021-09-02 15:23:04.284,17365,17366,17366,1,1
2021-09-02 15:23:07.789,17364,17366,17366,1,1
2021-09-02 15:23:07.996,17364,17366,17366,2,2
2021-09-02 15:23:10.489,17364,17365,17365,1,1
2021-09-02 15:23:12.098,17365,17366,17366,4,4
2021-09-02 15:23:12.294,17365,17366,17365,1,-1
2021-09-02 15:23:17.497,17365,17366,17366,1,1
2021-09-02 15:23:17.499,17365,17366,17366,10,10
2021-09-02 15:23:18.401,17366,17367,17366,1,-1
2021-09-02 15:23:19.743,17366,17367,17366,2,-2
2021-09-02 15:23:20.522,17365,17367,17365,2,-2
2021-09-02 15:23:24.635,17366,17367,17366,1,1
2021-09-02 15:23:25.459,17366,17367,17367,2,2
2021-09-02 15:23:25.601,17366,17368,17366,2,-2
2021-09-02 15:23:26.327,17366,17368,17366,2,-2
2021-09-02 15:23:35.252,17366,17367,17367,1,1
2021-09-02 15:23:39.235,17366,17367,17367,1,1
2021-09-02 15:23:40.878,17366,17367,17367,1,1
2021-09-02 15:23:46.861,17365,17367,17367,8,8
2021-09-02 15:23:51.485,17367,17368,17367,1,-1
2021-09-02 15:24:05.322,17366,17367,17367,5,5
2021-09-02 15:24:05.428,17366,17368,17366,3,-3
2021-09-02 15:24:07.488,17366,17368,17366,1,-1
2021-09-02 15:24:13.142,17366,17367,17367,1,1
2021-09-02 15:24:14.971,17366,17368,17367,1,-1
2021-09-02 15:24:18.351,17366,17368,17368,1,1
2021-09-02 15:24:18.351,17366,17368,17368,11,11
2021-09-02 15:24:18.351,17366,17368,17368,2,2
2021-09-02 15:24:19.229,17368,17369,17369,3,3
2021-09-02 15:24:19.460,17368,17369,17369,2,2
2021-09-02 15:24:19.517,17369,17370,17370,16,16
2021-09-02 15:24:19.518,17369,17370,17370,1,1
2021-09-02 15:24:21.667,17369,17371,17369,3,-3
2021-09-02 15:24:24.357,17370,17371,17370,1,1
2021-09-02 15:24:25.312,17368,17370,17370,1,1
2021-09-02 15:24:32.771,17368,17370,17370,1,1
2021-09-02 15:24:38.641,17368,17370,17370,2,2
2021-09-02 15:24:38.642,17368,17370,17370,1,1
2021-09-02 15:24:40.920,17370,17371,17371,1,1
2021-09-02 15:24:43.150,17370,17371,17371,4,4
2021-09-02 15:24:45.041,17370,17371,17370,1,-1
2021-09-02 15:24:53.100,17370,17371,17371,2,2
2021-09-02 15:24:58.831,17370,17371,17371,1,1
2021-09-02 15:25:04.724,17370,17371,17371,1,1
2021-09-02 15:25:05.608,17370,17371,17371,12,12
2021-09-02 15:25:08.880,17371,17372,17372,13,13
2021-09-02 15:25:12.110,17372,17373,17373,2,2
2021-09-02 15:25:14.497,17372,17373,17373,21,21
2021-09-02 15:25:14.497,17372,17373,17374,15,15
2021-09-02 15:25:14.497,17372,17373,17375,37,37
2021-09-02 15:25:14.499,17372,17373,17376,1,1
2021-09-02 15:25:14.499,17372,17373,17376,1,1
2021-09-02 15:25:14.500,17372,17373,17376,3,3
2021-09-02 15:25:14.500,17372,17373,17376,3,3
2021-09-02 15:25:14.564,17376,17377,17377,2,2
2021-09-02 15:25:14.564,17376,17377,17377,2,2
2021-09-02 15:25:14.577,17376,17377,17377,4,4
2021-09-02 15:25:14.581,17376,17377,17377,1,1
2021-09-02 15:25:14.585,17376,17377,17377,1,1
2021-09-02 15:25:14.600,17376,17377,17377,2,2
2021-09-02 15:25:14.611,17376,17377,17377,2,2
2021-09-02 15:25:14.630,17376,17377,17377,1,1
2021-09-02 15:25:14.631,17376,17377,17377,3,3
2021-09-02 15:25:14.634,17376,17377,17378,1,1
2021-09-02 15:25:14.650,17376,17378,17378,1,1
2021-09-02 15:25:14.651,17376,17378,17378,1,1
2021-09-02 15:25:14.651,17376,17378,17378,1,1
2021-09-02 15:25:14.652,17376,17378,17378,1,1
2021-09-02 15:25:14.658,17376,17378,17378,1,1
2021-09-02 15:25:14.668,17376,17378,17378,1,1
2021-09-02 15:25:14.678,17376,17378,17378,1,1
2021-09-02 15:25:14.690,17376,17378,17378,1,1
2021-09-02 15:25:14.693,17376,17378,17378,1,1
2021-09-02 15:25:14.698,17376,17378,17378,1,1
2021-09-02 15:25:14.701,17376,17378,17378,4,4
2021-09-02 15:25:14.765,17376,17378,17378,1,1
2021-09-02 15:25:14.766,17376,17378,17378,1,1
2021-09-02 15:25:14.775,17376,17378,17378,1,1
2021-09-02 15:25:14.779,17376,17378,17378,1,1
2021-09-02 15:25:14.794,17376,17378,17378,1,1
2021-09-02 15:25:14.810,17376,17378,17378,1,1
2021-09-02 15:25:14.833,17376,17378,17378,1,1
2021-09-02 15:25:14.844,17376,17378,17378,1,1
2021-09-02 15:25:14.869,17376,17378,17378,1,1
2021-09-02 15:25:14.875,17376,17378,17378,1,1
2021-09-02 15:25:14.875,17376,17378,17379,1,1
2021-09-02 15:25:14.893,17376,17379,17379,1,1
2021-09-02 15:25:14.893,17376,17379,17379,1,1
2021-09-02 15:25:14.894,17376,17379,17379,2,2
2021-09-02 15:25:14.930,17376,17379,17379,2,2
2021-09-02 15:25:14.999,17376,17379,17379,1,1
2021-09-02 15:25:15.018,17378,17379,17379,1,1
2021-09-02 15:25:15.033,17378,17379,17379,1,1
2021-09-02 15:25:15.035,17378,17379,17378,1,-1
2021-09-02 15:25:15.035,17378,17379,17377,3,-3
2021-09-02 15:25:15.044,17378,17379,17379,1,1
2021-09-02 15:25:15.044,17378,17379,17378,1,-1
2021-09-02 15:25:15.212,17377,17378,17378,1,1
2021-09-02 15:25:15.241,17377,17378,17378,1,1
2021-09-02 15:25:15.321,17377,17379,17379,1,1
2021-09-02 15:25:15.340,17377,17379,17379,2,2
2021-09-02 15:25:15.345,17377,17379,17379,1,1
2021-09-02 15:25:15.351,17377,17379,17379,6,6
2021-09-02 15:25:15.408,17378,17379,17379,1,1
2021-09-02 15:25:15.459,17378,17379,17379,1,1
2021-09-02 15:25:15.566,17377,17379,17379,1,1
2021-09-02 15:25:15.571,17377,17379,17379,3,3
2021-09-02 15:25:15.658,17377,17379,17379,2,2
2021-09-02 15:25:16.210,17377,17379,17377,1,-1
2021-09-02 15:25:21.693,17377,17379,17378,1,1
2021-09-02 15:25:21.920,17377,17378,17379,1,1
2021-09-02 15:25:22.692,17377,17379,17379,1,1
2021-09-02 15:25:22.692,17377,17379,17379,1,1
2021-09-02 15:25:22.778,17377,17379,17377,2,-2
2021-09-02 15:25:22.779,17377,17379,17379,1,1
2021-09-02 15:25:23.669,17377,17379,17378,1,-1
2021-09-02 15:25:24.729,17377,17379,17379,1,1
2021-09-02 15:25:24.729,17377,17379,17379,1,1
2021-09-02 15:25:25.685,17378,17380,17379,1,-1
2021-09-02 15:25:25.814,17378,17380,17380,1,1
2021-09-02 15:25:25.814,17378,17380,17380,23,23
2021-09-02 15:25:25.815,17378,17380,17380,6,6
2021-09-02 15:25:25.815,17378,17380,17380,2,2
2021-09-02 15:25:25.815,17378,17380,17380,1,1
2021-09-02 15:25:25.919,17380,17381,17381,2,2
2021-09-02 15:25:25.920,17380,17381,17381,1,1
2021-09-02 15:25:26.098,17380,17381,17381,1,1
2021-09-02 15:25:26.180,17380,17382,17381,1,-1
2021-09-02 15:25:26.565,17380,17382,17380,1,-1
2021-09-02 15:25:27.030,17379,17381,17381,5,5
2021-09-02 15:25:28.050,17379,17381,17381,1,1
2021-09-02 15:25:28.512,17379,17381,17381,5,5
2021-09-02 15:25:28.539,17379,17381,17381,2,2
2021-09-02 15:25:28.571,17379,17381,17381,1,1
2021-09-02 15:25:29.798,17379,17381,17381,1,1
2021-09-02 15:25:30.512,17379,17381,17381,1,1
2021-09-02 15:25:30.512,17379,17381,17380,2,-2
2021-09-02 15:25:31.290,17379,17381,17381,1,1
2021-09-02 15:25:32.811,17379,17381,17381,2,2
2021-09-02 15:25:32.986,17379,17381,17380,1,-1
2021-09-02 15:25:33.769,17379,17380,17380,1,1
2021-09-02 15:25:33.771,17379,17380,17379,1,-1
2021-09-02 15:25:36.231,17379,17381,17381,1,1
2021-09-02 15:25:36.286,17380,17381,17381,5,5
2021-09-02 15:25:37.877,17380,17381,17380,1,-1
2021-09-02 15:25:39.106,17380,17381,17380,1,-1
2021-09-02 15:25:39.106,17380,17381,17380,4,-4
2021-09-02 15:25:39.106,17380,17381,17380,1,-1
2021-09-02 15:25:39.106,17380,17381,17380,4,-4
2021-09-02 15:25:39.277,17379,17381,17379,2,-2
2021-09-02 15:25:39.693,17379,17381,17379,1,-1
2021-09-02 15:25:40.771,17379,17380,17380,2,2
2021-09-02 15:25:41.221,17379,17380,17380,2,2
2021-09-02 15:25:41.221,17379,17380,17379,1,-1
2021-09-02 15:25:41.359,17379,17381,17379,1,-1
2021-09-02 15:25:41.603,17379,17381,17379,1,-1
2021-09-02 15:25:42.443,17379,17381,17381,1,1
2021-09-02 15:25:42.857,17379,17380,17380,1,1
2021-09-02 15:25:44.130,17379,17381,17380,1,-1
2021-09-02 15:25:44.142,17379,17381,17381,2,2
2021-09-02 15:25:44.215,17379,17381,17381,1,1
2021-09-02 15:25:44.391,17380,17381,17380,1,-1
2021-09-02 15:25:45.094,17380,17381,17381,2,2
2021-09-02 15:25:45.426,17380,17381,17380,1,-1
2021-09-02 15:25:45.743,17380,17381,17381,1,1
2021-09-02 15:25:46.211,17380,17381,17380,2,-2
2021-09-02 15:25:46.876,17379,17381,17380,1,-1
2021-09-02 15:25:48.816,17379,17380,17380,1,1
2021-09-02 15:25:49.771,17379,17380,17380,1,1
2021-09-02 15:25:50.884,17379,17380,17380,1,1
2021-09-02 15:25:51.969,17379,17380,17380,1,1
2021-09-02 15:25:52.793,17379,17380,17379,2,-2
2021-09-02 15:25:52.987,17379,17380,17380,1,1
2021-09-02 15:25:54.046,17379,17380,17380,1,1
2021-09-02 15:25:54.110,17379,17380,17380,1,1
2021-09-02 15:25:54.655,17379,17380,17380,6,6
2021-09-02 15:25:54.846,17380,17381,17380,1,-1
2021-09-02 15:25:54.860,17380,17381,17380,1,-1
2021-09-02 15:25:55.122,17379,17380,17380,1,1
2021-09-02 15:25:55.566,17379,17380,17380,3,3
2021-09-02 15:25:55.566,17379,17380,17381,2,2
2021-09-02 15:25:56.310,17379,17380,17380,1,1
2021-09-02 15:25:57.439,17379,17380,17380,1,1
2021-09-02 15:25:57.967,17379,17381,17381,1,1
2021-09-02 15:26:02.014,17380,17381,17381,1,1
2021-09-02 15:26:02.212,17380,17381,17381,3,3
2021-09-02 15:26:02.604,17381,17382,17381,1,-1
2021-09-02 15:26:03.133,17381,17382,17382,1,1
2021-09-02 15:26:03.133,17381,17382,17382,2,2
2021-09-02 15:26:03.134,17381,17382,17382,1,1
2021-09-02 15:26:03.134,17381,17382,17382,1,1
2021-09-02 15:26:03.134,17381,17382,17382,1,1
2021-09-02 15:26:03.134,17381,17382,17382,2,2
2021-09-02 15:26:03.134,17381,17382,17382,1,1
2021-09-02 15:26:03.134,17381,17382,17382,2,2
2021-09-02 15:26:03.267,17382,17383,17382,1,-1
2021-09-02 15:26:03.307,17382,17383,17382,1,-1
2021-09-02 15:26:03.332,17382,17383,17383,1,1
2021-09-02 15:26:03.489,17382,17383,17383,4,4
2021-09-02 15:26:03.597,17382,17383,17382,1,-1
2021-09-02 15:26:04.082,17382,17383,17383,1,1
2021-09-02 15:26:04.232,17382,17383,17383,5,5
2021-09-02 15:26:04.800,17382,17383,17383,1,1
2021-09-02 15:26:06.080,17382,17383,17383,1,1
2021-09-02 15:26:06.190,17382,17384,17382,1,-1
2021-09-02 15:26:06.961,17382,17383,17383,1,1
2021-09-02 15:26:08.009,17382,17383,17383,1,1
2021-09-02 15:26:08.019,17382,17384,17384,1,1
2021-09-02 15:26:08.019,17382,17384,17384,1,1
2021-09-02 15:26:08.021,17382,17384,17384,1,1
2021-09-02 15:26:08.264,17382,17384,17382,2,-2
2021-09-02 15:26:08.323,17382,17384,17384,2,2
2021-09-02 15:26:09.189,17382,17384,17384,3,3
2021-09-02 15:26:09.482,17383,17384,17384,2,2
2021-09-02 15:26:09.834,17383,17384,17383,1,-1
2021-09-02 15:26:10.762,17383,17384,17384,2,2
2021-09-02 15:26:11.092,17383,17385,17385,5,5
2021-09-02 15:26:11.193,17383,17385,17383,1,-1
2021-09-02 15:26:11.248,17383,17385,17383,3,-3
2021-09-02 15:26:11.450,17383,17384,17384,1,1
2021-09-02 15:26:11.467,17383,17384,17384,1,1
2021-09-02 15:26:12.021,17383,17385,17383,1,-1
2021-09-02 15:26:13.002,17384,17385,17385,5,5
2021-09-02 15:26:13.219,17384,17385,17384,1,-1
2021-09-02 15:26:13.642,17384,17385,17384,1,-1
2021-09-02 15:26:14.519,17383,17385,17385,2,2
2021-09-02 15:26:14.648,17383,17385,17385,1,1
2021-09-02 15:26:15.017,17384,17385,17384,1,-1
2021-09-02 15:26:15.171,17384,17385,17384,1,-1
2021-09-02 15:26:16.017,17383,17384,17383,10,-10
2021-09-02 15:26:16.444,17382,17384,17382,1,-1
2021-09-02 15:26:16.993,17381,17383,17384,1,1
2021-09-02 15:26:18.765,17382,17383,17383,1,1
2021-09-02 15:26:19.587,17383,17384,17384,6,6
2021-09-02 15:26:20.033,17384,17385,17384,1,-1
2021-09-02 15:26:20.762,17384,17385,17385,3,3
2021-09-02 15:26:21.468,17384,17385,17384,2,-2
2021-09-02 15:26:22.280,17384,17385,17385,1,1
2021-09-02 15:26:23.239,17384,17385,17385,1,1
2021-09-02 15:26:23.772,17384,17385,17384,1,-1
2021-09-02 15:26:24.142,17384,17385,17384,2,-2
2021-09-02 15:26:24.173,17384,17385,17384,1,-1
2021-09-02 15:26:24.389,17384,17385,17385,1,1
2021-09-02 15:26:24.560,17384,17385,17385,1,1
2021-09-02 15:26:25.152,17384,17385,17384,1,-1
2021-09-02 15:26:25.426,17384,17385,17385,1,1
2021-09-02 15:26:25.816,17384,17385,17385,2,2
2021-09-02 15:26:26.459,17384,17385,17385,1,1
2021-09-02 15:26:27.142,17384,17385,17384,4,-4
2021-09-02 15:26:27.142,17384,17385,17384,9,-9
2021-09-02 15:26:27.156,17384,17385,17383,2,-2
2021-09-02 15:26:27.269,17382,17384,17384,1,1
2021-09-02 15:26:27.273,17382,17384,17384,1,1
2021-09-02 15:26:27.275,17382,17384,17384,1,1
2021-09-02 15:26:27.322,17382,17384,17384,1,1
2021-09-02 15:26:27.768,17382,17384,17382,2,-2
2021-09-02 15:26:27.768,17382,17384,17382,1,-1
2021-09-02 15:26:28.877,17381,17383,17383,1,1
2021-09-02 15:26:29.438,17381,17383,17383,2,2
2021-09-02 15:26:29.523,17381,17383,17383,2,2
2021-09-02 15:26:29.943,17381,17383,17383,5,5
2021-09-02 15:26:31.698,17381,17382,17382,1,1
2021-09-02 15:26:31.730,17381,17382,17382,1,1
2021-09-02 15:26:31.730,17381,17382,17383,4,4
2021-09-02 15:26:34.125,17382,17384,17384,5,5
2021-09-02 15:26:36.343,17383,17384,17384,5,5
2021-09-02 15:26:36.960,17383,17385,17383,1,-1
2021-09-02 15:26:38.834,17383,17384,17384,1,1
2021-09-02 15:26:38.894,17383,17384,17384,1,1
2021-09-02 15:26:38.894,17383,17384,17384,1,1
2021-09-02 15:26:39.844,17383,17384,17384,1,1
2021-09-02 15:26:40.935,17383,17384,17384,1,1
2021-09-02 15:26:41.226,17383,17384,17384,1,1
2021-09-02 15:26:45.256,17383,17384,17384,1,1
2021-09-02 15:26:45.502,17383,17384,17384,1,1
2021-09-02 15:26:45.726,17383,17384,17384,1,1
2021-09-02 15:26:46.241,17383,17384,17384,1,1
2021-09-02 15:26:47.501,17383,17384,17384,1,1
2021-09-02 15:26:48.386,17383,17384,17384,1,1
2021-09-02 15:26:48.484,17383,17384,17384,1,1
2021-09-02 15:26:49.694,17383,17384,17383,6,-6
2021-09-02 15:26:52.748,17382,17384,17382,1,-1
2021-09-02 15:26:54.080,17382,17383,17383,2,2
2021-09-02 15:26:54.080,17382,17383,17384,5,5
2021-09-02 15:26:54.083,17382,17383,17384,2,2
2021-09-02 15:26:54.083,17382,17383,17385,2,2
2021-09-02 15:26:54.942,17382,17384,17383,1,-1
2021-09-02 15:26:55.490,17382,17384,17382,10,-10
2021-09-02 15:26:55.911,17381,17382,17382,1,1
2021-09-02 15:26:57.348,17381,17382,17382,1,1
2021-09-02 15:26:58.010,17381,17383,17382,2,-2
2021-09-02 15:26:58.217,17381,17383,17382,1,-1
2021-09-02 15:26:59.158,17381,17383,17382,1,-1
2021-09-02 15:27:00.235,17381,17383,17382,1,-1
2021-09-02 15:27:01.967,17382,17383,17382,1,-1
2021-09-02 15:27:02.190,17381,17383,17382,1,-1
2021-09-02 15:27:02.611,17381,17383,17381,1,-1
2021-09-02 15:27:02.823,17381,17383,17382,1,1
2021-09-02 15:27:03.228,17381,17383,17382,1,-1
2021-09-02 15:27:03.527,17381,17383,17383,1,1
2021-09-02 15:27:04.146,17381,17382,17381,1,-1
2021-09-02 15:27:04.312,17381,17382,17382,1,1
2021-09-02 15:27:05.380,17381,17383,17382,1,-1
2021-09-02 15:27:10.220,17381,17382,17382,1,1
2021-09-02 15:27:10.355,17381,17382,17382,1,1
2021-09-02 15:27:11.259,17381,17383,17382,1,-1
2021-09-02 15:27:11.316,17381,17383,17381,4,-4
2021-09-02 15:27:12.276,17381,17382,17382,1,1
2021-09-02 15:27:12.577,17381,17383,17381,1,-1
2021-09-02 15:27:13.230,17381,17383,17382,1,1
2021-09-02 15:27:14.011,17381,17382,17382,1,1
2021-09-02 15:27:14.011,17381,17382,17383,1,1
2021-09-02 15:27:14.214,17381,17383,17382,1,-1
2021-09-02 15:27:15.328,17381,17382,17382,1,1
2021-09-02 15:27:16.379,17381,17382,17382,1,1
2021-09-02 15:27:17.422,17381,17382,17382,1,1
2021-09-02 15:27:17.519,17381,17382,17382,1,1
2021-09-02 15:27:18.581,17381,17383,17382,1,-1
2021-09-02 15:27:21.552,17382,17383,17382,1,-1
2021-09-02 15:27:21.778,17382,17383,17383,1,1
2021-09-02 15:27:23.568,17382,17383,17383,1,1
2021-09-02 15:27:23.787,17382,17383,17382,1,-1
2021-09-02 15:27:24.797,17382,17383,17383,1,1
2021-09-02 15:27:26.633,17383,17384,17383,1,-1
2021-09-02 15:27:27.176,17383,17384,17383,1,-1
2021-09-02 15:27:30.575,17382,17383,17382,8,-8
2021-09-02 15:27:34.518,17381,17383,17382,3,-3
2021-09-02 15:27:35.249,17381,17383,17383,1,1
2021-09-02 15:27:41.976,17381,17383,17383,1,1
2021-09-02 15:27:42.204,17381,17383,17383,1,1
2021-09-02 15:27:42.777,17381,17383,17381,1,-1
2021-09-02 15:27:45.066,17381,17383,17383,1,1
2021-09-02 15:27:45.477,17381,17383,17381,6,-6
2021-09-02 15:27:45.841,17380,17381,17380,8,-8
2021-09-02 15:27:47.719,17379,17380,17380,1,1
2021-09-02 15:27:48.443,17379,17381,17379,1,-1
2021-09-02 15:27:48.867,17379,17380,17379,5,-5
2021-09-02 15:27:48.962,17378,17380,17380,3,3
2021-09-02 15:27:49.049,17378,17380,17380,6,6
2021-09-02 15:27:49.051,17378,17380,17380,21,21
2021-09-02 15:27:51.057,17378,17380,17380,2,2
2021-09-02 15:27:55.531,17379,17380,17379,1,-1
2021-09-02 15:27:55.531,17379,17380,17378,3,-3
2021-09-02 15:27:58.519,17379,17380,17380,1,1
2021-09-02 15:27:59.179,17379,17380,17380,3,3
2021-09-02 15:27:59.592,17379,17380,17380,1,1
2021-09-02 15:28:01.637,17380,17381,17380,1,-1
2021-09-02 15:28:02.038,17380,17381,17381,1,1
2021-09-02 15:28:02.175,17380,17381,17381,2,2
2021-09-02 15:28:02.433,17380,17382,17380,1,-1
