2021-07-22 15:00:00.054,17420,17421,17421,137,137
2021-07-22 15:00:00.087,17420,17421,17421,1,1
2021-07-22 15:00:00.209,17420,17421,17421,3,3
2021-07-22 15:00:00.210,17420,17421,17421,1,1
2021-07-22 15:00:00.215,17420,17421,17421,1,1
2021-07-22 15:00:00.234,17420,17421,17421,1,1
2021-07-22 15:00:00.264,17420,17422,17422,1,1
2021-07-22 15:00:00.278,17420,17422,17422,3,3
2021-07-22 15:00:00.280,17420,17422,17422,1,1
2021-07-22 15:00:00.346,17420,17422,17422,3,3
2021-07-22 15:00:00.379,17420,17422,17420,1,-1
2021-07-22 15:00:00.410,17420,17422,17422,1,1
2021-07-22 15:00:00.413,17420,17422,17420,2,-2
2021-07-22 15:00:00.493,17420,17422,17422,1,1
2021-07-22 15:00:00.493,17420,17422,17422,1,1
2021-07-22 15:00:00.504,17420,17422,17422,1,1
2021-07-22 15:00:00.504,17420,17422,17422,1,1
2021-07-22 15:00:00.504,17420,17422,17422,1,1
2021-07-22 15:00:00.504,17420,17422,17422,1,1
2021-07-22 15:00:00.512,17420,17422,17422,1,1
2021-07-22 15:00:00.541,17420,17422,17422,1,1
2021-07-22 15:00:00.558,17420,17422,17422,2,2
2021-07-22 15:00:00.560,17420,17422,17422,5,5
2021-07-22 15:00:00.577,17420,17422,17422,1,1
2021-07-22 15:00:00.581,17420,17422,17422,1,1
2021-07-22 15:00:00.582,17420,17422,17420,2,-2
2021-07-22 15:00:00.630,17420,17422,17422,1,1
2021-07-22 15:00:00.640,17420,17422,17422,2,2
2021-07-22 15:00:00.653,17420,17422,17422,2,2
2021-07-22 15:00:00.712,17420,17422,17422,3,3
2021-07-22 15:00:00.735,17420,17422,17421,1,-1
2021-07-22 15:00:00.735,17420,17422,17420,1,-1
2021-07-22 15:00:00.755,17420,17422,17422,4,4
2021-07-22 15:00:00.789,17420,17422,17423,1,1
2021-07-22 15:00:00.795,17420,17422,17423,1,1
2021-07-22 15:00:00.795,17420,17422,17423,2,2
2021-07-22 15:00:00.809,17420,17422,17423,4,4
2021-07-22 15:00:00.828,17420,17422,17424,1,1
2021-07-22 15:00:00.850,17420,17422,17420,1,-1
2021-07-22 15:00:00.909,17420,17424,17420,1,-1
2021-07-22 15:00:00.935,17420,17424,17420,1,-1
2021-07-22 15:00:00.937,17420,17424,17420,1,-1
2021-07-22 15:00:00.937,17420,17424,17420,1,-1
2021-07-22 15:00:00.938,17420,17424,17420,1,-1
2021-07-22 15:00:00.940,17420,17424,17420,1,-1
2021-07-22 15:00:00.944,17420,17424,17420,1,-1
2021-07-22 15:00:00.978,17420,17424,17420,1,-1
2021-07-22 15:00:01.068,17420,17424,17420,1,-1
2021-07-22 15:00:01.348,17420,17423,17423,1,1
2021-07-22 15:00:01.438,17420,17423,17420,1,-1
2021-07-22 15:00:02.465,17420,17422,17421,1,1
2021-07-22 15:00:02.465,17420,17422,17420,1,-1
2021-07-22 15:00:02.465,17420,17422,17421,2,2
2021-07-22 15:00:02.465,17420,17422,17421,2,-2
2021-07-22 15:00:02.759,17420,17421,17421,2,2
2021-07-22 15:00:02.760,17420,17421,17421,1,1
2021-07-22 15:00:02.910,17421,17422,17421,1,-1
2021-07-22 15:00:02.911,17421,17422,17421,6,-6
2021-07-22 15:00:03.011,17420,17421,17421,2,2
2021-07-22 15:00:03.418,17420,17422,17422,4,4
2021-07-22 15:00:03.641,17420,17422,17422,3,3
2021-07-22 15:00:03.871,17420,17422,17420,1,-1
2021-07-22 15:00:04.086,17420,17422,17422,3,3
2021-07-22 15:00:04.556,17420,17421,17421,1,1
2021-07-22 15:00:04.600,17420,17421,17421,1,1
2021-07-22 15:00:05.203,17420,17422,17422,4,4
2021-07-22 15:00:05.444,17420,17422,17420,1,-1
2021-07-22 15:00:06.295,17420,17421,17420,1,-1
2021-07-22 15:00:06.395,17420,17421,17421,1,1
2021-07-22 15:00:06.475,17420,17421,17421,1,1
2021-07-22 15:00:06.539,17420,17422,17422,1,1
2021-07-22 15:00:06.683,17420,17422,17421,1,-1
2021-07-22 15:00:06.975,17420,17422,17422,2,2
2021-07-22 15:00:08.821,17420,17422,17422,1,1
2021-07-22 15:00:08.821,17420,17422,17422,2,2
2021-07-22 15:00:08.968,17420,17422,17422,1,1
2021-07-22 15:00:09.929,17420,17422,17422,1,1
2021-07-22 15:00:09.951,17420,17422,17420,3,-3
2021-07-22 15:00:10.060,17420,17422,17420,1,-1
2021-07-22 15:00:11.051,17420,17421,17420,1,-1
2021-07-22 15:00:11.235,17420,17421,17420,3,-3
2021-07-22 15:00:11.817,17420,17421,17420,1,-1
2021-07-22 15:00:11.903,17419,17420,17419,1,-1
2021-07-22 15:00:12.005,17419,17420,17419,1,-1
2021-07-22 15:00:12.310,17418,17420,17420,2,2
2021-07-22 15:00:15.425,17418,17420,17418,5,-5
2021-07-22 15:00:15.679,17418,17420,17420,4,4
2021-07-22 15:00:15.680,17418,17420,17420,1,1
2021-07-22 15:00:15.698,17418,17420,17421,1,1
2021-07-22 15:00:15.724,17418,17420,17421,1,1
2021-07-22 15:00:16.276,17419,17420,17419,1,-1
2021-07-22 15:00:16.690,17419,17420,17420,1,1
2021-07-22 15:00:16.886,17419,17420,17420,1,1
2021-07-22 15:00:17.139,17419,17421,17421,2,2
2021-07-22 15:00:17.750,17419,17421,17419,3,-3
2021-07-22 15:00:18.089,17419,17421,17421,2,2
2021-07-22 15:00:18.630,17420,17421,17421,2,2
2021-07-22 15:00:22.255,17420,17421,17421,5,5
2021-07-22 15:00:23.715,17421,17422,17421,1,-1
2021-07-22 15:00:24.686,17421,17422,17421,1,-1
2021-07-22 15:00:24.949,17421,17422,17421,5,-5
2021-07-22 15:00:25.231,17420,17422,17421,1,-1
2021-07-22 15:00:25.231,17420,17422,17421,1,-1
2021-07-22 15:00:25.447,17421,17422,17421,6,-6
2021-07-22 15:00:25.449,17421,17422,17421,20,-20
2021-07-22 15:00:25.556,17421,17422,17421,2,-2
2021-07-22 15:00:25.611,17421,17422,17422,1,1
2021-07-22 15:00:25.767,17421,17422,17422,3,3
2021-07-22 15:00:25.873,17421,17422,17422,1,1
2021-07-22 15:00:26.506,17422,17423,17422,1,-1
2021-07-22 15:00:27.284,17422,17423,17422,7,-7
2021-07-22 15:00:27.284,17422,17423,17421,5,-5
2021-07-22 15:00:27.501,17421,17423,17423,4,4
2021-07-22 15:00:28.244,17421,17422,17421,1,-1
2021-07-22 15:00:28.773,17420,17422,17422,1,1
2021-07-22 15:00:29.669,17421,17423,17422,2,-2
2021-07-22 15:00:29.669,17421,17423,17421,3,-3
2021-07-22 15:00:29.669,17421,17423,17420,8,-8
2021-07-22 15:00:29.669,17421,17423,17419,5,-5
2021-07-22 15:00:29.669,17421,17423,17418,10,-10
2021-07-22 15:00:29.670,17421,17423,17418,43,-43
2021-07-22 15:00:29.671,17421,17423,17418,1,-1
2021-07-22 15:00:29.672,17421,17423,17418,10,-10
2021-07-22 15:00:30.086,17417,17418,17418,1,1
2021-07-22 15:00:30.118,17417,17418,17418,1,1
2021-07-22 15:00:30.148,17417,17418,17417,1,-1
2021-07-22 15:00:30.383,17417,17418,17418,1,1
2021-07-22 15:00:30.634,17417,17418,17418,1,1
2021-07-22 15:00:31.392,17417,17418,17418,1,1
2021-07-22 15:00:31.827,17417,17418,17417,1,-1
2021-07-22 15:00:31.831,17417,17418,17418,2,2
2021-07-22 15:00:32.027,17417,17418,17417,1,-1
2021-07-22 15:00:33.216,17417,17418,17418,1,1
2021-07-22 15:00:33.622,17417,17418,17417,1,-1
2021-07-22 15:00:33.747,17417,17418,17417,1,-1
2021-07-22 15:00:33.792,17417,17418,17417,1,-1
2021-07-22 15:00:33.927,17417,17418,17417,1,-1
2021-07-22 15:00:34.392,17417,17418,17418,1,1
2021-07-22 15:00:34.547,17417,17418,17417,1,-1
2021-07-22 15:00:34.601,17417,17418,17417,1,-1
2021-07-22 15:00:34.990,17417,17418,17417,1,-1
2021-07-22 15:00:35.079,17417,17418,17418,1,1
2021-07-22 15:00:35.559,17417,17418,17418,1,1
2021-07-22 15:00:35.884,17417,17418,17418,2,2
2021-07-22 15:00:35.921,17417,17418,17418,6,6
2021-07-22 15:00:36.403,17418,17419,17418,1,-1
2021-07-22 15:00:37.454,17418,17419,17418,1,-1
2021-07-22 15:00:38.020,17418,17419,17418,1,-1
2021-07-22 15:00:38.020,17418,17419,17417,4,-4
2021-07-22 15:00:38.453,17417,17419,17418,1,1
2021-07-22 15:00:38.877,17416,17419,17418,1,-1
2021-07-22 15:00:40.930,17417,17418,17417,1,-1
2021-07-22 15:00:41.733,17416,17417,17416,2,-2
2021-07-22 15:00:41.914,17415,17417,17417,1,1
2021-07-22 15:00:42.168,17415,17418,17415,1,-1
2021-07-22 15:00:43.449,17415,17417,17415,5,-5
2021-07-22 15:00:43.796,17413,17416,17416,1,1
2021-07-22 15:00:43.914,17415,17416,17416,1,1
2021-07-22 15:00:44.101,17415,17416,17416,2,2
2021-07-22 15:00:44.447,17415,17416,17415,1,-1
2021-07-22 15:00:44.447,17415,17416,17415,1,-1
2021-07-22 15:00:45.996,17414,17415,17415,1,1
2021-07-22 15:00:46.188,17415,17416,17416,1,1
2021-07-22 15:00:46.188,17415,17416,17417,1,1
2021-07-22 15:00:46.264,17415,17417,17415,1,-1
2021-07-22 15:00:47.299,17415,17417,17415,1,-1
2021-07-22 15:00:47.410,17415,17417,17415,1,-1
2021-07-22 15:00:47.795,17415,17417,17415,5,-5
2021-07-22 15:00:48.013,17416,17417,17416,2,2
2021-07-22 15:00:48.013,17416,17417,17415,3,-3
2021-07-22 15:00:48.351,17416,17417,17416,1,1
2021-07-22 15:00:48.351,17416,17417,17415,1,-1
2021-07-22 15:00:48.544,17414,17415,17415,1,1
2021-07-22 15:00:49.262,17416,17417,17417,1,1
2021-07-22 15:00:49.509,17416,17417,17416,1,-1
2021-07-22 15:00:49.509,17416,17417,17415,3,-3
2021-07-22 15:00:49.509,17416,17417,17414,1,-1
2021-07-22 15:00:49.647,17414,17417,17415,1,1
2021-07-22 15:00:51.065,17416,17417,17417,8,8
2021-07-22 15:00:51.206,17416,17418,17416,1,-1
2021-07-22 15:00:51.640,17416,17418,17416,4,-4
2021-07-22 15:00:51.940,17416,17418,17416,4,-4
2021-07-22 15:00:51.942,17416,17418,17417,2,2
2021-07-22 15:00:52.518,17415,17417,17417,1,1
2021-07-22 15:00:52.833,17415,17417,17415,4,-4
2021-07-22 15:00:53.206,17414,17417,17416,1,1
2021-07-22 15:00:53.989,17416,17417,17416,5,-5
2021-07-22 15:00:53.989,17416,17417,17415,1,-1
2021-07-22 15:00:54.181,17414,17415,17415,1,1
2021-07-22 15:00:54.247,17414,17415,17415,8,8
2021-07-22 15:00:54.248,17414,17415,17415,1,1
2021-07-22 15:00:54.248,17414,17415,17415,1,1
2021-07-22 15:00:54.248,17414,17415,17415,1,1
2021-07-22 15:00:54.248,17414,17415,17415,2,2
2021-07-22 15:00:54.298,17414,17417,17417,2,2
2021-07-22 15:00:54.298,17414,17417,17418,2,2
2021-07-22 15:00:54.336,17414,17417,17418,4,4
2021-07-22 15:00:55.839,17417,17419,17417,1,-1
2021-07-22 15:00:58.469,17417,17418,17417,2,-2
2021-07-22 15:00:58.924,17416,17417,17417,3,3
2021-07-22 15:01:00.065,17416,17417,17416,2,-2
2021-07-22 15:01:00.066,17416,17417,17417,1,1
2021-07-22 15:01:00.066,17416,17417,17417,1,1
2021-07-22 15:01:00.075,17416,17417,17417,1,1
2021-07-22 15:01:00.078,17416,17417,17417,1,1
2021-07-22 15:01:00.080,17416,17417,17417,1,1
2021-07-22 15:01:00.090,17416,17417,17417,1,1
2021-07-22 15:01:00.120,17416,17417,17417,1,1
2021-07-22 15:01:00.120,17416,17417,17417,1,1
2021-07-22 15:01:00.120,17416,17417,17417,1,1
2021-07-22 15:01:00.120,17416,17417,17417,1,1
2021-07-22 15:01:00.140,17416,17417,17417,1,1
2021-07-22 15:01:00.140,17416,17417,17417,1,1
2021-07-22 15:01:00.140,17416,17417,17417,2,2
2021-07-22 15:01:00.140,17416,17417,17417,1,1
2021-07-22 15:01:00.140,17416,17417,17418,1,1
2021-07-22 15:01:00.141,17416,17417,17419,1,1
2021-07-22 15:01:00.145,17416,17417,17419,1,1
2021-07-22 15:01:00.208,17416,17417,17419,1,1
2021-07-22 15:01:00.256,17417,17419,17419,1,1
2021-07-22 15:01:00.256,17417,17419,17419,1,1
2021-07-22 15:01:00.479,17418,17420,17420,1,1
2021-07-22 15:01:00.503,17418,17420,17420,1,1
2021-07-22 15:01:00.720,17418,17420,17420,1,1
2021-07-22 15:01:00.987,17418,17421,17418,1,-1
2021-07-22 15:01:02.014,17418,17420,17418,1,-1
2021-07-22 15:01:02.133,17418,17420,17420,1,1
2021-07-22 15:01:04.767,17418,17420,17420,5,5
2021-07-22 15:01:05.062,17418,17420,17420,10,10
2021-07-22 15:01:05.444,17420,17421,17420,1,-1
2021-07-22 15:01:05.754,17420,17421,17420,1,-1
2021-07-22 15:01:06.166,17420,17421,17421,1,1
2021-07-22 15:01:06.314,17420,17421,17420,1,-1
2021-07-22 15:01:06.840,17419,17420,17420,1,1
2021-07-22 15:01:07.177,17419,17421,17421,5,5
2021-07-22 15:01:07.178,17419,17421,17421,2,2
2021-07-22 15:01:07.257,17421,17422,17422,1,1
2021-07-22 15:01:07.257,17421,17422,17422,1,1
2021-07-22 15:01:07.257,17421,17422,17422,1,1
2021-07-22 15:01:07.281,17421,17422,17421,1,-1
2021-07-22 15:01:07.354,17421,17422,17422,1,1
2021-07-22 15:01:07.757,17421,17422,17421,1,-1
2021-07-22 15:01:08.477,17421,17422,17421,1,-1
2021-07-22 15:01:08.718,17420,17422,17420,1,-1
2021-07-22 15:01:08.861,17420,17422,17421,1,1
2021-07-22 15:01:08.904,17419,17422,17420,1,-1
2021-07-22 15:01:09.223,17420,17422,17420,1,-1
2021-07-22 15:01:10.533,17421,17422,17422,1,1
2021-07-22 15:01:10.674,17421,17422,17422,1,1
2021-07-22 15:01:10.683,17421,17422,17423,2,2
2021-07-22 15:01:10.683,17421,17422,17423,2,2
2021-07-22 15:01:10.683,17421,17422,17423,1,1
2021-07-22 15:01:10.684,17421,17422,17423,1,1
2021-07-22 15:01:10.684,17421,17422,17423,1,1
2021-07-22 15:01:10.684,17421,17422,17423,1,1
2021-07-22 15:01:10.684,17421,17422,17423,1,1
2021-07-22 15:01:10.769,17422,17423,17422,1,-1
2021-07-22 15:01:12.638,17422,17423,17423,1,1
2021-07-22 15:01:13.651,17422,17423,17423,2,2
2021-07-22 15:01:14.369,17422,17423,17422,1,-1
2021-07-22 15:01:15.524,17422,17423,17422,1,-1
2021-07-22 15:01:15.646,17422,17423,17423,3,3
2021-07-22 15:01:16.090,17422,17424,17422,1,-1
2021-07-22 15:01:17.349,17422,17424,17422,3,-3
2021-07-22 15:01:17.383,17421,17422,17422,1,1
2021-07-22 15:01:17.383,17421,17422,17422,1,1
2021-07-22 15:01:18.016,17421,17422,17422,1,1
2021-07-22 15:01:18.570,17421,17422,17422,1,1
2021-07-22 15:01:18.570,17421,17422,17422,4,4
2021-07-22 15:01:18.570,17421,17422,17422,1,1
2021-07-22 15:01:18.571,17421,17422,17422,8,8
2021-07-22 15:01:18.607,17421,17422,17423,1,1
2021-07-22 15:01:20.353,17422,17424,17422,1,-1
2021-07-22 15:01:20.630,17422,17423,17423,1,1
2021-07-22 15:01:20.723,17422,17423,17422,1,-1
2021-07-22 15:01:24.423,17422,17423,17422,1,-1
2021-07-22 15:01:25.446,17422,17423,17423,6,6
2021-07-22 15:01:25.775,17423,17424,17423,1,-1
2021-07-22 15:01:26.476,17422,17423,17423,1,1
2021-07-22 15:01:27.567,17422,17424,17424,1,1
2021-07-22 15:01:27.632,17422,17424,17424,1,1
2021-07-22 15:01:27.633,17422,17424,17424,1,1
2021-07-22 15:01:29.745,17422,17423,17422,6,-6
2021-07-22 15:01:29.807,17421,17422,17421,4,-4
2021-07-22 15:01:30.674,17420,17422,17422,2,2
2021-07-22 15:01:30.994,17420,17422,17422,1,1
2021-07-22 15:01:31.801,17420,17421,17421,2,2
2021-07-22 15:01:32.949,17420,17421,17420,1,-1
2021-07-22 15:01:33.004,17420,17421,17421,2,2
2021-07-22 15:01:33.569,17420,17421,17421,1,1
2021-07-22 15:01:33.569,17420,17421,17422,1,1
2021-07-22 15:01:33.994,17420,17422,17422,8,8
2021-07-22 15:01:34.757,17421,17422,17421,1,-1
2021-07-22 15:01:34.994,17420,17422,17422,2,2
2021-07-22 15:01:35.994,17421,17422,17422,4,4
2021-07-22 15:01:36.994,17421,17422,17422,2,2
2021-07-22 15:01:37.809,17421,17422,17422,1,1
2021-07-22 15:01:37.882,17421,17422,17422,1,1
2021-07-22 15:01:37.882,17421,17422,17423,1,1
2021-07-22 15:01:37.885,17421,17422,17423,1,1
2021-07-22 15:01:38.994,17421,17423,17423,3,3
2021-07-22 15:01:39.038,17421,17423,17423,4,4
2021-07-22 15:01:40.045,17421,17422,17422,1,1
2021-07-22 15:01:41.040,17422,17423,17423,2,2
2021-07-22 15:01:45.994,17422,17423,17423,1,1
2021-07-22 15:01:46.278,17422,17423,17423,7,7
2021-07-22 15:01:46.477,17423,17424,17423,1,-1
2021-07-22 15:01:47.733,17423,17424,17423,1,-1
2021-07-22 15:01:49.253,17423,17424,17423,10,-10
2021-07-22 15:01:49.253,17423,17424,17422,10,-10
2021-07-22 15:01:49.427,17422,17424,17424,1,1
2021-07-22 15:01:49.717,17423,17424,17423,1,-1
2021-07-22 15:01:52.247,17423,17424,17424,1,1
2021-07-22 15:01:52.380,17423,17424,17423,1,-1
2021-07-22 15:01:56.238,17423,17424,17424,1,1
2021-07-22 15:01:56.238,17423,17424,17424,1,1
2021-07-22 15:01:56.238,17423,17424,17424,1,1
2021-07-22 15:01:56.239,17423,17424,17424,8,8
2021-07-22 15:01:56.239,17423,17424,17424,3,3
2021-07-22 15:01:56.239,17423,17424,17424,2,2
2021-07-22 15:01:56.869,17424,17425,17424,1,-1
2021-07-22 15:01:57.268,17424,17425,17424,1,-1
2021-07-22 15:01:57.737,17423,17425,17424,1,-1
2021-07-22 15:01:57.738,17423,17425,17425,1,1
2021-07-22 15:01:57.740,17423,17425,17425,1,1
2021-07-22 15:01:57.740,17423,17425,17425,1,1
2021-07-22 15:01:58.104,17424,17425,17425,2,2
2021-07-22 15:01:58.841,17424,17425,17424,5,-5
2021-07-22 15:01:59.347,17424,17425,17424,20,-20
2021-07-22 15:01:59.636,17424,17425,17425,1,1
2021-07-22 15:02:00.263,17424,17425,17425,1,1
2021-07-22 15:02:00.383,17424,17425,17425,1,1
2021-07-22 15:02:00.385,17424,17425,17425,1,1
2021-07-22 15:02:00.387,17424,17425,17425,1,1
2021-07-22 15:02:00.502,17424,17425,17425,1,1
2021-07-22 15:02:00.502,17424,17425,17425,3,3
2021-07-22 15:02:00.502,17424,17425,17425,1,1
2021-07-22 15:02:00.502,17424,17425,17425,2,2
2021-07-22 15:02:00.502,17424,17425,17425,1,1
2021-07-22 15:02:00.503,17424,17425,17425,1,1
2021-07-22 15:02:00.503,17424,17425,17425,3,3
2021-07-22 15:02:00.874,17425,17426,17425,1,-1
2021-07-22 15:02:01.036,17425,17426,17425,1,-1
2021-07-22 15:02:01.099,17425,17426,17426,5,5
2021-07-22 15:02:01.132,17425,17426,17426,1,1
2021-07-22 15:02:01.132,17425,17426,17426,1,1
2021-07-22 15:02:01.132,17425,17426,17426,1,1
2021-07-22 15:02:01.478,17425,17426,17426,1,1
2021-07-22 15:02:02.133,17425,17427,17427,1,1
2021-07-22 15:02:02.771,17426,17427,17426,1,-1
2021-07-22 15:02:07.361,17426,17427,17426,1,-1
2021-07-22 15:02:07.509,17425,17427,17425,1,-1
2021-07-22 15:02:07.620,17425,17427,17427,2,2
2021-07-22 15:02:08.647,17425,17426,17426,1,1
2021-07-22 15:02:08.757,17425,17426,17426,1,1
2021-07-22 15:02:08.757,17425,17426,17427,1,1
2021-07-22 15:02:08.757,17425,17426,17427,1,1
2021-07-22 15:02:08.757,17425,17426,17427,1,1
2021-07-22 15:02:08.757,17425,17426,17427,1,1
2021-07-22 15:02:08.757,17425,17426,17427,1,1
2021-07-22 15:02:08.758,17425,17426,17427,1,1
2021-07-22 15:02:08.758,17425,17426,17427,1,1
2021-07-22 15:02:08.760,17425,17426,17427,1,1
2021-07-22 15:02:08.843,17425,17426,17425,1,-1
2021-07-22 15:02:09.443,17425,17426,17426,1,1
2021-07-22 15:02:09.508,17426,17427,17426,1,-1
2021-07-22 15:02:09.601,17426,17427,17426,1,-1
2021-07-22 15:02:10.414,17426,17427,17426,1,-1
2021-07-22 15:02:10.415,17426,17427,17426,1,-1
2021-07-22 15:02:12.014,17425,17427,17427,3,3
2021-07-22 15:02:13.827,17425,17427,17427,1,1
2021-07-22 15:02:15.032,17425,17427,17425,11,-11
2021-07-22 15:02:15.033,17425,17427,17425,9,-9
2021-07-22 15:02:17.126,17425,17426,17426,1,1
2021-07-22 15:02:17.616,17425,17427,17427,1,1
2021-07-22 15:02:18.782,17425,17427,17427,1,1
2021-07-22 15:02:18.882,17425,17427,17427,1,1
2021-07-22 15:02:18.882,17425,17427,17427,1,1
2021-07-22 15:02:18.882,17425,17427,17427,1,1
2021-07-22 15:02:18.882,17425,17427,17427,1,1
2021-07-22 15:02:18.883,17425,17427,17427,1,1
2021-07-22 15:02:18.883,17425,17427,17427,1,1
2021-07-22 15:02:18.884,17425,17427,17427,1,1
2021-07-22 15:02:18.884,17425,17427,17427,1,1
2021-07-22 15:02:19.215,17425,17427,17425,9,-9
2021-07-22 15:02:19.216,17425,17427,17425,2,-2
2021-07-22 15:02:19.575,17424,17425,17425,1,1
2021-07-22 15:02:19.594,17424,17425,17425,1,1
2021-07-22 15:02:20.430,17424,17425,17425,1,1
2021-07-22 15:02:21.315,17424,17425,17425,1,1
2021-07-22 15:02:21.792,17424,17425,17425,5,5
2021-07-22 15:02:23.540,17424,17426,17426,3,3
2021-07-22 15:02:23.668,17424,17426,17425,1,-1
2021-07-22 15:02:23.791,17424,17425,17425,2,2
2021-07-22 15:02:23.837,17424,17425,17424,2,-2
2021-07-22 15:02:23.838,17424,17425,17424,16,-16
2021-07-22 15:02:23.839,17424,17425,17423,1,-1
2021-07-22 15:02:23.839,17424,17425,17423,1,-1
2021-07-22 15:02:23.888,17423,17424,17424,1,1
2021-07-22 15:02:24.138,17423,17424,17423,1,-1
2021-07-22 15:02:24.139,17423,17424,17423,3,-3
2021-07-22 15:02:24.184,17423,17424,17423,1,-1
2021-07-22 15:02:24.248,17423,17424,17423,1,-1
2021-07-22 15:02:25.822,17422,17424,17424,1,1
2021-07-22 15:02:28.470,17422,17423,17422,5,-5
2021-07-22 15:02:28.470,17422,17423,17422,1,-1
2021-07-22 15:02:28.471,17422,17423,17422,4,-4
2021-07-22 15:02:29.476,17421,17423,17423,1,1
2021-07-22 15:02:29.507,17421,17423,17423,1,1
2021-07-22 15:02:29.507,17421,17423,17423,1,1
2021-07-22 15:02:29.507,17421,17423,17423,1,1
2021-07-22 15:02:29.507,17421,17423,17424,1,1
2021-07-22 15:02:29.507,17421,17423,17424,1,1
2021-07-22 15:02:29.508,17421,17423,17424,1,1
2021-07-22 15:02:29.508,17421,17423,17424,1,1
2021-07-22 15:02:29.508,17421,17423,17424,1,1
2021-07-22 15:02:29.508,17421,17423,17424,1,1
2021-07-22 15:02:29.508,17421,17423,17424,1,1
2021-07-22 15:02:29.508,17421,17423,17424,1,1
2021-07-22 15:02:29.508,17421,17423,17424,1,1
2021-07-22 15:02:29.508,17421,17423,17425,1,1
2021-07-22 15:02:29.508,17421,17423,17425,1,1
2021-07-22 15:02:29.508,17421,17423,17425,1,1
2021-07-22 15:02:29.508,17421,17423,17425,1,1
2021-07-22 15:02:29.508,17421,17423,17425,1,1
2021-07-22 15:02:29.508,17421,17423,17425,1,1
2021-07-22 15:02:29.509,17421,17423,17425,1,1
2021-07-22 15:02:29.509,17421,17423,17425,1,1
2021-07-22 15:02:30.313,17423,17424,17423,1,-1
2021-07-22 15:02:30.960,17423,17424,17423,1,-1
2021-07-22 15:02:33.458,17422,17424,17423,1,-1
2021-07-22 15:02:34.806,17422,17424,17424,1,1
2021-07-22 15:02:35.161,17422,17424,17422,4,-4
2021-07-22 15:02:36.043,17421,17422,17422,1,1
2021-07-22 15:02:36.043,17421,17422,17422,1,1
2021-07-22 15:02:36.044,17421,17422,17422,2,2
2021-07-22 15:02:36.924,17421,17422,17422,1,1
2021-07-22 15:02:38.625,17421,17422,17422,13,13
2021-07-22 15:02:38.625,17421,17422,17423,2,2
2021-07-22 15:02:38.625,17421,17422,17423,5,5
2021-07-22 15:02:38.632,17422,17424,17424,1,1
2021-07-22 15:02:38.632,17422,17424,17424,1,1
2021-07-22 15:02:38.633,17422,17424,17424,1,1
2021-07-22 15:02:39.713,17422,17424,17424,5,5
2021-07-22 15:02:42.758,17422,17423,17422,7,-7
2021-07-22 15:02:42.759,17422,17423,17422,1,-1
2021-07-22 15:02:46.263,17421,17422,17422,1,1
2021-07-22 15:02:46.881,17421,17422,17421,3,-3
2021-07-22 15:02:46.881,17421,17422,17421,22,-22
2021-07-22 15:02:46.894,17421,17422,17421,1,-1
2021-07-22 15:02:46.938,17421,17422,17421,1,-1
2021-07-22 15:02:46.938,17421,17422,17421,1,-1
2021-07-22 15:02:46.945,17421,17422,17421,1,-1
2021-07-22 15:02:46.965,17421,17422,17421,1,-1
2021-07-22 15:02:47.033,17420,17421,17421,1,1
2021-07-22 15:02:47.081,17420,17421,17421,1,1
2021-07-22 15:02:47.123,17420,17421,17421,1,1
2021-07-22 15:02:47.132,17420,17422,17422,1,1
2021-07-22 15:02:47.132,17420,17422,17422,1,1
2021-07-22 15:02:47.132,17420,17422,17422,1,1
2021-07-22 15:02:47.133,17420,17422,17422,1,1
2021-07-22 15:02:47.133,17420,17422,17422,1,1
2021-07-22 15:02:47.135,17420,17422,17422,1,1
2021-07-22 15:02:47.170,17420,17422,17422,1,1
2021-07-22 15:02:47.171,17420,17422,17422,1,1
2021-07-22 15:02:47.279,17420,17422,17422,1,1
2021-07-22 15:02:47.386,17420,17422,17422,1,1
2021-07-22 15:02:47.670,17420,17422,17422,1,1
2021-07-22 15:02:48.216,17421,17422,17422,1,1
2021-07-22 15:02:48.816,17421,17422,17422,1,1
2021-07-22 15:02:50.652,17421,17422,17421,1,-1
2021-07-22 15:02:52.085,17420,17422,17422,2,2
2021-07-22 15:02:55.248,17420,17422,17422,1,1
2021-07-22 15:02:57.950,17421,17422,17421,2,-2
2021-07-22 15:02:57.950,17421,17422,17421,1,-1
2021-07-22 15:03:00.033,17420,17422,17422,1,1
2021-07-22 15:03:00.091,17420,17422,17422,1,1
2021-07-22 15:03:00.128,17420,17422,17422,3,3
2021-07-22 15:03:00.128,17420,17422,17423,3,3
2021-07-22 15:03:00.136,17420,17422,17423,1,1
2021-07-22 15:03:02.690,17421,17422,17421,1,-1
2021-07-22 15:03:02.758,17421,17422,17422,1,1
2021-07-22 15:03:07.801,17421,17422,17422,1,1
2021-07-22 15:03:10.363,17421,17422,17422,2,2
2021-07-22 15:03:10.382,17421,17422,17422,1,1
2021-07-22 15:03:11.669,17421,17422,17422,1,1
2021-07-22 15:03:14.784,17421,17423,17421,1,-1
2021-07-22 15:03:15.111,17421,17422,17421,1,-1
2021-07-22 15:03:15.112,17421,17422,17421,1,-1
2021-07-22 15:03:17.651,17420,17421,17421,1,1
2021-07-22 15:03:18.152,17420,17421,17420,20,-20
2021-07-22 15:03:18.153,17420,17421,17420,2,-2
2021-07-22 15:03:18.153,17420,17421,17420,18,-18
2021-07-22 15:03:18.154,17420,17421,17420,1,-1
2021-07-22 15:03:18.154,17420,17421,17420,1,-1
2021-07-22 15:03:18.154,17420,17421,17419,1,-1
2021-07-22 15:03:18.588,17418,17419,17419,1,1
2021-07-22 15:03:20.083,17418,17419,17418,1,-1
2021-07-22 15:03:20.116,17418,17419,17419,1,1
2021-07-22 15:03:24.087,17419,17422,17419,1,-1
2021-07-22 15:03:25.236,17419,17420,17420,2,2
2021-07-22 15:03:27.831,17419,17420,17420,1,1
2021-07-22 15:03:30.406,17419,17420,17420,2,2
2021-07-22 15:03:30.406,17419,17420,17420,23,23
2021-07-22 15:03:30.406,17419,17420,17420,1,1
2021-07-22 15:03:30.406,17419,17420,17420,4,4
2021-07-22 15:03:30.406,17419,17420,17420,1,1
2021-07-22 15:03:30.406,17419,17420,17420,1,1
2021-07-22 15:03:30.406,17419,17420,17420,1,1
2021-07-22 15:03:30.406,17419,17420,17420,8,8
2021-07-22 15:03:30.406,17419,17420,17420,8,8
2021-07-22 15:03:30.406,17419,17420,17420,3,3
2021-07-22 15:03:30.406,17419,17420,17420,10,10
2021-07-22 15:03:30.406,17419,17420,17420,1,1
2021-07-22 15:03:30.407,17419,17420,17420,1,1
2021-07-22 15:03:30.407,17419,17420,17420,1,1
2021-07-22 15:03:30.407,17419,17420,17420,2,2
2021-07-22 15:03:30.407,17419,17420,17420,1,1
2021-07-22 15:03:30.407,17419,17420,17420,2,2
2021-07-22 15:03:30.407,17419,17420,17420,1,1
2021-07-22 15:03:30.407,17419,17420,17420,1,1
2021-07-22 15:03:30.407,17419,17420,17420,1,1
2021-07-22 15:03:30.407,17419,17420,17420,1,1
2021-07-22 15:03:30.407,17419,17420,17420,2,2
2021-07-22 15:03:30.408,17419,17420,17420,1,1
2021-07-22 15:03:30.408,17419,17420,17420,1,1
2021-07-22 15:03:30.508,17419,17421,17421,1,1
2021-07-22 15:03:31.186,17420,17422,17420,1,-1
2021-07-22 15:03:33.052,17420,17422,17420,1,-1
2021-07-22 15:03:33.887,17421,17422,17422,1,1
2021-07-22 15:03:33.952,17421,17422,17421,1,-1
2021-07-22 15:03:33.952,17421,17422,17420,1,-1
2021-07-22 15:03:39.577,17420,17422,17420,1,-1
2021-07-22 15:03:39.762,17420,17422,17420,10,-10
2021-07-22 15:03:40.647,17419,17420,17419,1,-1
2021-07-22 15:03:45.142,17419,17420,17419,1,-1
2021-07-22 15:03:45.142,17419,17420,17419,2,-2
2021-07-22 15:03:45.144,17419,17420,17419,1,-1
2021-07-22 15:03:45.255,17419,17420,17419,11,-11
2021-07-22 15:03:45.380,17418,17419,17418,4,-4
2021-07-22 15:03:46.220,17417,17419,17419,1,1
2021-07-22 15:03:48.928,17417,17419,17419,2,2
2021-07-22 15:03:49.007,17418,17419,17419,1,1
2021-07-22 15:03:49.275,17418,17419,17418,8,-8
2021-07-22 15:03:49.275,17418,17419,17417,6,-6
2021-07-22 15:03:52.999,17418,17419,17419,2,2
2021-07-22 15:03:53.798,17418,17419,17418,1,-1
2021-07-22 15:03:53.798,17418,17419,17418,1,-1
2021-07-22 15:03:55.733,17417,17418,17417,1,-1
2021-07-22 15:03:55.734,17417,17418,17417,8,-8
2021-07-22 15:03:55.778,17416,17417,17416,1,-1
2021-07-22 15:03:56.128,17416,17417,17417,2,2
2021-07-22 15:03:58.266,17416,17417,17416,1,-1
2021-07-22 15:03:58.878,17416,17417,17416,1,-1
2021-07-22 15:03:58.886,17416,17417,17416,1,-1
2021-07-22 15:03:58.886,17416,17417,17416,1,-1
2021-07-22 15:03:58.887,17416,17417,17416,1,-1
2021-07-22 15:03:59.906,17415,17417,17417,1,1
2021-07-22 15:04:00.112,17415,17417,17416,5,-5
2021-07-22 15:04:00.112,17415,17417,17417,1,1
2021-07-22 15:04:00.150,17415,17417,17415,1,-1
2021-07-22 15:04:01.312,17416,17417,17416,1,1
2021-07-22 15:04:02.530,17415,17416,17416,1,1
2021-07-22 15:04:03.468,17415,17417,17417,2,2
2021-07-22 15:04:04.970,17416,17418,17416,1,-1
2021-07-22 15:04:06.471,17416,17418,17417,1,1
2021-07-22 15:04:07.618,17417,17419,17417,3,-3
2021-07-22 15:04:07.618,17417,17419,17416,13,-13
2021-07-22 15:04:07.618,17417,17419,17416,4,-4
2021-07-22 15:04:07.695,17416,17418,17416,1,-1
2021-07-22 15:04:09.776,17416,17417,17416,1,-1
2021-07-22 15:04:13.132,17416,17417,17416,1,-1
2021-07-22 15:04:14.170,17415,17416,17416,1,1
2021-07-22 15:04:14.724,17415,17416,17416,1,1
2021-07-22 15:04:15.557,17415,17416,17416,1,1
2021-07-22 15:04:20.610,17416,17417,17416,15,-15
2021-07-22 15:04:20.918,17415,17416,17415,1,-1
2021-07-22 15:04:20.919,17415,17416,17415,1,-1
2021-07-22 15:04:20.919,17415,17416,17415,1,-1
2021-07-22 15:04:20.919,17415,17416,17415,3,-3
2021-07-22 15:04:20.919,17415,17416,17415,1,-1
2021-07-22 15:04:20.920,17415,17416,17415,1,-1
2021-07-22 15:04:20.920,17415,17416,17415,5,-5
2021-07-22 15:04:21.146,17414,17415,17415,2,2
2021-07-22 15:04:22.150,17414,17416,17415,1,-1
2021-07-22 15:04:25.268,17414,17415,17415,1,1
2021-07-22 15:04:27.526,17414,17415,17415,1,1
2021-07-22 15:04:28.207,17414,17415,17414,3,-3
2021-07-22 15:04:28.208,17414,17415,17414,3,-3
2021-07-22 15:04:28.208,17414,17415,17414,2,-2
2021-07-22 15:04:29.339,17413,17414,17414,2,2
2021-07-22 15:04:30.049,17413,17414,17413,4,-4
2021-07-22 15:04:30.618,17412,17413,17413,1,1
2021-07-22 15:04:31.572,17412,17413,17413,1,1
2021-07-22 15:04:33.007,17412,17413,17412,1,-1
2021-07-22 15:04:33.169,17412,17413,17413,1,1
2021-07-22 15:04:33.208,17412,17413,17412,3,-3
2021-07-22 15:04:33.630,17411,17412,17412,2,2
2021-07-22 15:04:33.635,17411,17412,17413,1,1
2021-07-22 15:04:34.130,17412,17413,17413,2,2
2021-07-22 15:04:34.505,17412,17414,17414,11,11
2021-07-22 15:04:35.366,17414,17415,17414,2,-2
2021-07-22 15:04:35.366,17414,17415,17413,9,-9
2021-07-22 15:04:35.366,17414,17415,17412,9,-9
2021-07-22 15:04:36.308,17412,17414,17414,1,1
2021-07-22 15:04:36.836,17413,17415,17413,2,-2
2021-07-22 15:04:37.528,17412,17413,17413,1,1
2021-07-22 15:04:41.392,17412,17413,17413,1,1
2021-07-22 15:04:44.626,17412,17413,17412,1,-1
2021-07-22 15:04:44.626,17412,17413,17411,1,-1
2021-07-22 15:04:44.639,17411,17412,17411,1,-1
2021-07-22 15:04:46.257,17411,17412,17412,1,1
2021-07-22 15:04:46.636,17411,17412,17412,1,1
2021-07-22 15:04:46.748,17411,17412,17411,5,-5
2021-07-22 15:04:46.748,17411,17412,17410,12,-12
2021-07-22 15:04:46.841,17409,17410,17410,1,1
2021-07-22 15:04:47.364,17409,17410,17409,1,-1
2021-07-22 15:04:48.862,17409,17410,17409,2,-2
2021-07-22 15:04:51.014,17409,17410,17409,1,-1
2021-07-22 15:04:51.359,17409,17410,17410,1,1
2021-07-22 15:04:51.565,17409,17410,17409,1,-1
2021-07-22 15:04:51.647,17408,17409,17409,1,1
2021-07-22 15:04:51.899,17408,17410,17408,1,-1
2021-07-22 15:04:52.187,17408,17410,17408,1,-1
2021-07-22 15:04:52.212,17408,17410,17408,2,-2
2021-07-22 15:04:52.315,17408,17410,17410,1,1
2021-07-22 15:04:52.764,17408,17410,17408,1,-1
2021-07-22 15:04:53.105,17408,17410,17408,2,-2
2021-07-22 15:04:56.188,17407,17410,17407,1,-1
2021-07-22 15:04:56.289,17407,17410,17407,5,-5
2021-07-22 15:04:56.323,17407,17410,17407,1,-1
2021-07-22 15:04:56.434,17406,17408,17406,1,-1
2021-07-22 15:04:56.496,17406,17408,17406,2,-2
2021-07-22 15:04:56.586,17406,17408,17406,1,-1
2021-07-22 15:04:58.543,17406,17408,17408,1,1
2021-07-22 15:04:58.841,17406,17408,17406,15,-15
2021-07-22 15:04:58.842,17406,17408,17406,1,-1
2021-07-22 15:04:59.455,17405,17406,17406,1,1
2021-07-22 15:04:59.772,17405,17406,17406,1,1
2021-07-22 15:05:00.079,17405,17406,17406,2,2
2021-07-22 15:05:00.079,17405,17406,17407,1,1
2021-07-22 15:05:00.088,17405,17406,17406,2,2
2021-07-22 15:05:00.295,17406,17408,17408,1,1
2021-07-22 15:05:00.637,17407,17408,17408,1,1
2021-07-22 15:05:02.285,17408,17410,17410,1,1
2021-07-22 15:05:02.534,17408,17410,17408,7,-7
2021-07-22 15:05:02.534,17408,17410,17407,8,-8
2021-07-22 15:05:02.534,17408,17410,17406,20,-20
2021-07-22 15:05:02.534,17408,17410,17405,16,-16
2021-07-22 15:05:02.534,17408,17410,17404,9,-9
2021-07-22 15:05:02.585,17408,17410,17406,1,1
2021-07-22 15:05:02.709,17404,17406,17406,1,1
2021-07-22 15:05:02.784,17404,17406,17406,1,1
2021-07-22 15:05:03.510,17405,17407,17405,1,-1
2021-07-22 15:05:04.206,17405,17406,17406,1,1
2021-07-22 15:05:04.966,17405,17407,17405,1,-1
2021-07-22 15:05:07.397,17405,17406,17406,1,1
2021-07-22 15:05:07.753,17406,17407,17407,1,1
2021-07-22 15:05:07.967,17406,17408,17406,1,-1
2021-07-22 15:05:08.118,17406,17408,17406,1,-1
2021-07-22 15:05:08.786,17406,17408,17406,3,-3
2021-07-22 15:05:08.786,17406,17408,17405,4,-4
2021-07-22 15:05:08.883,17405,17406,17405,1,-1
2021-07-22 15:05:09.177,17405,17407,17405,1,-1
2021-07-22 15:05:09.178,17405,17407,17405,1,-1
2021-07-22 15:05:09.768,17404,17407,17407,1,1
2021-07-22 15:05:14.388,17406,17407,17406,1,-1
2021-07-22 15:05:14.634,17405,17407,17407,1,1
2021-07-22 15:05:15.495,17406,17407,17406,1,-1
2021-07-22 15:05:18.416,17406,17409,17409,1,1
2021-07-22 15:05:18.643,17407,17409,17407,1,-1
2021-07-22 15:05:18.665,17407,17409,17407,1,-1
2021-07-22 15:05:18.680,17407,17409,17407,1,-1
2021-07-22 15:05:19.994,17407,17410,17407,5,-5
2021-07-22 15:05:19.994,17407,17410,17406,11,-11
2021-07-22 15:05:19.996,17407,17410,17406,1,-1
2021-07-22 15:05:19.996,17407,17410,17406,3,-3
2021-07-22 15:05:22.380,17408,17409,17409,2,2
2021-07-22 15:05:24.210,17408,17410,17408,3,-3
2021-07-22 15:05:24.212,17408,17410,17408,3,-3
2021-07-22 15:05:24.368,17407,17408,17407,2,-2
2021-07-22 15:05:25.708,17407,17408,17408,14,14
2021-07-22 15:05:31.109,17409,17410,17410,9,9
2021-07-22 15:05:31.341,17410,17412,17410,1,-1
2021-07-22 15:05:31.341,17410,17412,17409,8,-8
2021-07-22 15:05:31.341,17410,17412,17408,8,-8
2021-07-22 15:05:31.342,17410,17412,17408,3,-3
2021-07-22 15:05:37.575,17408,17409,17409,1,1
2021-07-22 15:05:38.087,17408,17409,17409,1,1
2021-07-22 15:05:41.608,17409,17411,17411,1,1
2021-07-22 15:05:41.895,17409,17411,17411,1,1
2021-07-22 15:05:43.325,17409,17410,17410,2,2
2021-07-22 15:05:47.231,17410,17411,17411,1,1
2021-07-22 15:05:47.537,17410,17411,17411,1,1
2021-07-22 15:05:49.886,17410,17411,17411,1,1
2021-07-22 15:05:51.542,17410,17411,17410,3,-3
2021-07-22 15:05:51.628,17410,17411,17411,1,1
2021-07-22 15:05:52.907,17410,17411,17411,1,1
2021-07-22 15:05:53.529,17410,17411,17411,1,1
2021-07-22 15:05:53.864,17410,17411,17411,4,4
2021-07-22 15:05:53.864,17410,17411,17412,6,6
2021-07-22 15:05:54.284,17410,17412,17410,1,-1
2021-07-22 15:05:54.573,17410,17412,17412,2,2
2021-07-22 15:05:56.866,17411,17412,17412,5,5
2021-07-22 15:05:57.530,17412,17414,17412,1,-1
2021-07-22 15:05:58.612,17412,17414,17414,1,1
2021-07-22 15:05:59.081,17413,17415,17415,9,9
2021-07-22 15:05:59.119,17413,17415,17415,4,4
2021-07-22 15:05:59.119,17413,17415,17415,1,1
2021-07-22 15:05:59.120,17413,17415,17415,1,1
2021-07-22 15:05:59.120,17413,17415,17415,5,5
2021-07-22 15:05:59.120,17413,17415,17415,1,1
2021-07-22 15:05:59.120,17413,17415,17415,3,3
2021-07-22 15:05:59.120,17413,17415,17415,5,5
2021-07-22 15:05:59.120,17413,17415,17415,1,1
2021-07-22 15:05:59.120,17413,17415,17415,1,1
2021-07-22 15:05:59.120,17413,17415,17415,2,2
2021-07-22 15:05:59.120,17413,17415,17415,4,4
2021-07-22 15:05:59.120,17413,17415,17415,5,5
2021-07-22 15:05:59.121,17413,17415,17415,1,1
2021-07-22 15:05:59.121,17413,17415,17415,6,6
2021-07-22 15:05:59.121,17413,17415,17415,1,1
2021-07-22 15:06:11.792,17414,17415,17415,7,7
2021-07-22 15:06:13.480,17415,17416,17416,2,2
2021-07-22 15:06:13.480,17415,17416,17416,1,1
2021-07-22 15:06:13.507,17416,17417,17417,1,1
2021-07-22 15:06:15.147,17415,17417,17417,1,1
2021-07-22 15:06:17.052,17416,17417,17416,1,-1
2021-07-22 15:06:17.201,17416,17417,17417,2,2
2021-07-22 15:06:18.479,17415,17417,17417,1,1
2021-07-22 15:06:20.597,17415,17416,17416,1,1
2021-07-22 15:06:23.460,17415,17416,17415,1,-1
2021-07-22 15:06:24.792,17415,17416,17416,1,1
2021-07-22 15:06:25.973,17415,17416,17416,1,1
2021-07-22 15:06:26.581,17415,17416,17416,2,2
2021-07-22 15:06:27.076,17415,17416,17415,1,-1
2021-07-22 15:06:27.132,17415,17416,17416,1,1
2021-07-22 15:06:27.133,17415,17416,17417,1,1
2021-07-22 15:06:27.133,17415,17416,17417,1,1
2021-07-22 15:06:27.133,17415,17416,17417,1,1
2021-07-22 15:06:28.779,17416,17417,17416,2,-2
2021-07-22 15:06:28.815,17416,17417,17416,1,-1
2021-07-22 15:06:31.899,17416,17417,17416,1,-1
2021-07-22 15:06:34.865,17416,17417,17417,1,1
2021-07-22 15:06:37.817,17416,17417,17417,1,1
2021-07-22 15:06:38.710,17416,17417,17416,6,-6
2021-07-22 15:06:38.926,17415,17416,17416,2,2
2021-07-22 15:06:39.794,17415,17416,17416,1,1
2021-07-22 15:06:44.130,17415,17416,17415,1,-1
2021-07-22 15:06:44.155,17415,17416,17415,1,-1
2021-07-22 15:06:44.180,17415,17416,17415,1,-1
2021-07-22 15:06:44.594,17415,17416,17415,3,-3
2021-07-22 15:06:44.594,17415,17416,17415,9,-9
2021-07-22 15:06:44.594,17415,17416,17415,2,-2
2021-07-22 15:06:44.595,17415,17416,17415,1,-1
2021-07-22 15:06:44.595,17415,17416,17415,1,-1
2021-07-22 15:06:44.595,17415,17416,17415,5,-5
2021-07-22 15:06:44.595,17415,17416,17415,1,-1
2021-07-22 15:06:44.595,17415,17416,17415,17,-17
2021-07-22 15:06:52.110,17414,17415,17414,1,-1
2021-07-22 15:06:56.296,17413,17414,17414,1,1
2021-07-22 15:06:56.838,17413,17414,17414,1,1
2021-07-22 15:07:03.818,17413,17414,17413,1,-1
2021-07-22 15:07:04.094,17411,17413,17413,1,1
2021-07-22 15:07:04.143,17411,17413,17413,3,3
2021-07-22 15:07:05.929,17412,17414,17412,2,-2
2021-07-22 15:07:15.188,17412,17413,17412,1,-1
2021-07-22 15:07:17.669,17412,17413,17412,1,-1
2021-07-22 15:07:18.518,17411,17413,17411,1,-1
2021-07-22 15:07:22.203,17411,17412,17412,1,1
2021-07-22 15:07:23.685,17411,17412,17412,1,1
2021-07-22 15:07:24.999,17411,17413,17411,1,-1
2021-07-22 15:07:26.193,17411,17412,17412,3,3
2021-07-22 15:07:26.553,17411,17412,17411,2,-2
2021-07-22 15:07:30.621,17411,17412,17412,1,1
2021-07-22 15:07:34.113,17411,17412,17411,1,-1
2021-07-22 15:07:36.989,17411,17412,17411,1,-1
2021-07-22 15:07:37.447,17411,17412,17411,2,-2
2021-07-22 15:07:37.595,17411,17412,17411,1,-1
2021-07-22 15:07:38.367,17411,17412,17411,1,-1
2021-07-22 15:07:38.674,17411,17412,17411,3,-3
2021-07-22 15:07:38.884,17410,17411,17411,7,7
2021-07-22 15:07:39.377,17411,17412,17412,8,8
2021-07-22 15:07:44.048,17412,17413,17412,4,-4
2021-07-22 15:07:48.914,17412,17413,17412,1,-1
2021-07-22 15:07:49.599,17411,17412,17412,1,1
2021-07-22 15:07:52.471,17411,17412,17411,1,-1
2021-07-22 15:07:54.889,17410,17412,17412,1,1
2021-07-22 15:08:00.084,17411,17412,17411,3,-3
2021-07-22 15:08:00.661,17411,17412,17411,3,-3
2021-07-22 15:08:02.232,17410,17411,17411,1,1
2021-07-22 15:08:02.232,17410,17411,17411,2,2
2021-07-22 15:08:02.811,17410,17411,17411,1,1
2021-07-22 15:08:04.039,17410,17412,17411,1,-1
2021-07-22 15:08:13.555,17411,17412,17411,1,-1
2021-07-22 15:08:16.071,17411,17412,17412,1,1
2021-07-22 15:08:16.355,17411,17412,17412,1,1
2021-07-22 15:08:16.364,17411,17412,17412,1,1
2021-07-22 15:08:17.886,17411,17412,17411,4,-4
2021-07-22 15:08:19.116,17411,17412,17411,5,-5
2021-07-22 15:08:21.124,17410,17411,17411,1,1
2021-07-22 15:08:25.630,17410,17411,17410,16,-16
2021-07-22 15:08:25.631,17410,17411,17410,25,-25
2021-07-22 15:08:25.631,17410,17411,17410,2,-2
2021-07-22 15:08:25.631,17410,17411,17410,1,-1
2021-07-22 15:08:25.632,17410,17411,17410,2,-2
2021-07-22 15:08:25.632,17410,17411,17410,1,-1
2021-07-22 15:08:25.632,17410,17411,17410,2,-2
2021-07-22 15:08:28.115,17409,17410,17409,1,-1
2021-07-22 15:08:28.585,17409,17410,17409,1,-1
2021-07-22 15:08:30.395,17409,17410,17410,1,1
2021-07-22 15:08:30.976,17409,17410,17409,1,-1
2021-07-22 15:08:30.977,17409,17410,17409,1,-1
2021-07-22 15:08:30.979,17409,17410,17409,2,-2
2021-07-22 15:08:31.897,17408,17409,17408,3,-3
2021-07-22 15:08:31.955,17408,17409,17409,1,1
2021-07-22 15:08:32.041,17408,17409,17409,1,1
2021-07-22 15:08:33.863,17409,17410,17410,1,1
2021-07-22 15:08:34.193,17409,17410,17409,4,-4
2021-07-22 15:08:35.941,17409,17410,17410,2,2
2021-07-22 15:08:35.999,17409,17410,17410,1,1
2021-07-22 15:08:37.131,17409,17410,17410,1,1
2021-07-22 15:08:39.186,17409,17410,17409,4,-4
2021-07-22 15:08:39.207,17409,17410,17409,1,-1
2021-07-22 15:08:42.414,17409,17410,17409,1,-1
2021-07-22 15:08:43.173,17408,17409,17409,1,1
2021-07-22 15:08:48.774,17408,17409,17409,13,13
2021-07-22 15:08:48.776,17408,17409,17410,10,10
2021-07-22 15:08:48.776,17408,17409,17410,1,1
2021-07-22 15:08:48.776,17408,17409,17410,1,1
2021-07-22 15:08:48.776,17408,17409,17410,4,4
2021-07-22 15:08:48.880,17410,17411,17411,8,8
2021-07-22 15:08:49.091,17410,17412,17412,3,3
2021-07-22 15:08:49.708,17410,17412,17412,1,1
2021-07-22 15:08:50.505,17411,17412,17412,8,8
2021-07-22 15:08:50.506,17411,17412,17412,1,1
2021-07-22 15:08:56.931,17413,17414,17413,1,1
2021-07-22 15:08:56.931,17413,17414,17413,1,-1
2021-07-22 15:09:02.094,17412,17413,17412,2,-2
2021-07-22 15:09:02.486,17412,17413,17413,5,5
2021-07-22 15:09:06.212,17413,17414,17413,1,-1
2021-07-22 15:09:10.219,17413,17414,17413,1,-1
2021-07-22 15:09:14.126,17413,17414,17414,1,1
2021-07-22 15:09:14.529,17413,17414,17413,1,-1
2021-07-22 15:09:17.141,17413,17414,17414,1,1
2021-07-22 15:09:24.453,17413,17414,17414,1,1
2021-07-22 15:09:28.534,17413,17414,17414,3,3
2021-07-22 15:09:31.940,17413,17415,17415,2,2
2021-07-22 15:09:32.151,17413,17414,17414,1,1
2021-07-22 15:09:33.160,17414,17415,17415,10,10
2021-07-22 15:09:34.770,17415,17416,17415,1,-1
2021-07-22 15:09:36.756,17414,17416,17416,4,4
2021-07-22 15:09:38.460,17415,17417,17417,1,1
2021-07-22 15:09:38.718,17415,17417,17417,1,1
2021-07-22 15:09:41.530,17415,17416,17416,1,1
2021-07-22 15:09:42.734,17415,17416,17416,1,1
2021-07-22 15:09:46.198,17416,17417,17416,1,-1
2021-07-22 15:09:46.361,17415,17416,17415,1,-1
2021-07-22 15:09:46.610,17415,17416,17416,2,2
2021-07-22 15:09:47.100,17416,17417,17416,1,-1
2021-07-22 15:09:47.415,17415,17416,17415,1,-1
2021-07-22 15:09:49.284,17415,17416,17416,1,1
2021-07-22 15:09:49.661,17415,17417,17417,4,4
2021-07-22 15:09:55.473,17416,17417,17416,1,-1
2021-07-22 15:09:55.689,17415,17416,17416,1,1
2021-07-22 15:09:58.358,17416,17418,17418,1,1
2021-07-22 15:10:00.712,17417,17418,17417,1,-1
2021-07-22 15:10:05.641,17417,17418,17418,4,4
2021-07-22 15:10:05.719,17417,17418,17418,1,1
2021-07-22 15:10:05.719,17417,17418,17418,1,1
2021-07-22 15:10:07.193,17418,17419,17418,1,-1
2021-07-22 15:10:10.956,17418,17419,17419,2,2
2021-07-22 15:10:12.359,17418,17419,17418,1,-1
2021-07-22 15:10:12.458,17418,17419,17419,4,4
2021-07-22 15:10:12.459,17418,17419,17419,1,1
2021-07-22 15:10:13.390,17419,17420,17419,1,-1
2021-07-22 15:10:20.014,17419,17420,17419,5,-5
2021-07-22 15:10:21.819,17419,17420,17419,1,-1
2021-07-22 15:10:21.997,17418,17419,17419,1,1
2021-07-22 15:10:28.497,17418,17419,17419,1,1
2021-07-22 15:10:28.835,17418,17419,17419,1,1
2021-07-22 15:10:33.302,17419,17420,17419,1,-1
2021-07-22 15:10:37.231,17418,17419,17418,4,-4
2021-07-22 15:10:42.100,17417,17418,17418,1,1
2021-07-22 15:10:43.034,17417,17418,17418,1,1
2021-07-22 15:10:47.480,17417,17418,17418,1,1
2021-07-22 15:10:49.245,17418,17419,17418,1,-1
2021-07-22 15:10:51.273,17417,17418,17418,1,1
2021-07-22 15:10:52.923,17418,17419,17419,2,2
2021-07-22 15:10:53.914,17418,17419,17418,2,-2
2021-07-22 15:10:55.592,17417,17419,17419,1,1
2021-07-22 15:10:59.634,17417,17418,17418,1,1
2021-07-22 15:10:59.883,17417,17418,17418,1,1
2021-07-22 15:11:00.141,17417,17418,17418,2,2
2021-07-22 15:11:00.955,17417,17418,17418,2,2
2021-07-22 15:11:01.660,17417,17418,17418,1,1
2021-07-22 15:11:05.734,17417,17418,17417,9,-9
2021-07-22 15:11:17.468,17417,17419,17417,1,-1
2021-07-22 15:11:27.625,17418,17419,17419,1,1
2021-07-22 15:11:27.626,17418,17419,17419,2,2
2021-07-22 15:11:27.668,17419,17420,17419,1,-1
2021-07-22 15:11:27.668,17419,17420,17419,1,-1
2021-07-22 15:11:29.246,17418,17420,17420,4,4
2021-07-22 15:11:29.259,17418,17420,17419,1,-1
2021-07-22 15:11:29.421,17419,17420,17420,1,1
2021-07-22 15:11:30.814,17419,17420,17420,1,1
2021-07-22 15:11:31.068,17419,17420,17420,1,1
2021-07-22 15:11:31.886,17419,17420,17420,5,5
2021-07-22 15:11:31.886,17419,17420,17420,2,2
2021-07-22 15:11:33.271,17420,17421,17420,1,-1
2021-07-22 15:11:34.838,17420,17421,17421,1,1
2021-07-22 15:11:35.612,17420,17421,17421,1,1
2021-07-22 15:11:35.612,17420,17421,17421,7,7
2021-07-22 15:11:35.725,17421,17422,17421,1,-1
2021-07-22 15:11:36.503,17421,17422,17421,1,-1
2021-07-22 15:11:37.220,17421,17422,17422,1,1
2021-07-22 15:11:37.241,17421,17422,17421,1,-1
2021-07-22 15:11:40.955,17421,17422,17422,4,4
2021-07-22 15:11:42.767,17422,17423,17422,1,-1
2021-07-22 15:11:43.542,17421,17423,17421,1,-1
2021-07-22 15:11:44.916,17421,17422,17422,2,2
2021-07-22 15:11:44.997,17421,17422,17421,3,-3
2021-07-22 15:11:45.973,17420,17421,17421,1,1
2021-07-22 15:11:46.851,17420,17421,17421,2,2
2021-07-22 15:11:51.568,17420,17421,17421,1,1
2021-07-22 15:11:52.674,17420,17421,17420,6,-6
2021-07-22 15:11:53.670,17419,17420,17419,1,-1
2021-07-22 15:11:54.526,17419,17420,17420,1,1
2021-07-22 15:11:55.266,17419,17420,17420,1,1
2021-07-22 15:12:08.423,17420,17421,17420,1,-1
2021-07-22 15:12:08.423,17420,17421,17420,9,-9
2021-07-22 15:12:09.223,17419,17420,17420,2,2
2021-07-22 15:12:11.764,17419,17420,17420,1,1
2021-07-22 15:12:16.075,17420,17421,17420,1,-1
2021-07-22 15:12:22.973,17419,17420,17420,5,5
2021-07-22 15:12:22.974,17419,17420,17420,2,2
2021-07-22 15:12:30.990,17419,17420,17419,1,-1
2021-07-22 15:12:31.226,17419,17420,17420,1,1
2021-07-22 15:12:36.925,17419,17420,17419,3,-3
2021-07-22 15:12:37.496,17418,17419,17419,1,1
2021-07-22 15:12:37.751,17418,17419,17419,3,3
2021-07-22 15:12:41.566,17418,17419,17418,4,-4
2021-07-22 15:12:51.233,17418,17419,17418,2,-2
2021-07-22 15:12:51.479,17417,17418,17418,2,2
2021-07-22 15:12:51.479,17417,17418,17419,1,1
2021-07-22 15:12:56.361,17417,17419,17419,1,1
2021-07-22 15:13:03.194,17418,17419,17418,1,-1
2021-07-22 15:13:13.236,17417,17418,17418,1,1
2021-07-22 15:13:13.532,17417,17419,17419,6,6
2021-07-22 15:13:22.951,17417,17418,17418,1,1
2021-07-22 15:13:25.508,17418,17419,17418,1,-1
2021-07-22 15:13:31.551,17417,17418,17417,2,-2
2021-07-22 15:13:31.823,17417,17418,17418,2,2
2021-07-22 15:13:31.872,17417,17418,17418,2,2
2021-07-22 15:13:31.872,17417,17418,17419,1,1
2021-07-22 15:13:34.875,17417,17418,17417,5,-5
2021-07-22 15:13:34.876,17417,17418,17417,1,-1
2021-07-22 15:13:35.183,17416,17417,17417,4,4
2021-07-22 15:13:42.134,17417,17418,17418,1,1
2021-07-22 15:13:42.203,17417,17418,17419,1,1
2021-07-22 15:13:42.369,17418,17419,17418,1,-1
2021-07-22 15:13:42.456,17418,17419,17418,1,-1
2021-07-22 15:13:44.531,17418,17419,17419,1,1
2021-07-22 15:13:52.223,17419,17420,17419,1,-1
2021-07-22 15:13:52.950,17419,17420,17419,1,-1
2021-07-22 15:13:53.630,17418,17419,17419,1,1
2021-07-22 15:13:55.509,17418,17419,17419,1,1
2021-07-22 15:13:55.509,17418,17419,17419,2,2
2021-07-22 15:13:55.509,17418,17419,17419,1,1
2021-07-22 15:13:55.509,17418,17419,17419,1,1
2021-07-22 15:13:55.757,17419,17420,17419,1,-1
2021-07-22 15:13:57.713,17418,17420,17418,2,-2
2021-07-22 15:14:00.268,17419,17420,17419,1,1
2021-07-22 15:14:00.592,17418,17420,17420,3,3
2021-07-22 15:14:04.800,17419,17420,17420,1,1
2021-07-22 15:14:04.942,17419,17420,17420,2,2
2021-07-22 15:14:06.205,17419,17420,17420,4,4
2021-07-22 15:14:14.777,17420,17421,17420,1,-1
2021-07-22 15:14:21.510,17419,17420,17420,1,1
2021-07-22 15:14:21.881,17419,17421,17419,4,-4
2021-07-22 15:14:22.897,17419,17420,17420,1,1
2021-07-22 15:14:26.376,17420,17421,17420,1,-1
2021-07-22 15:14:26.775,17420,17421,17420,1,-1
2021-07-22 15:14:27.153,17420,17421,17421,2,2
2021-07-22 15:14:27.153,17420,17421,17421,4,4
2021-07-22 15:14:27.153,17420,17421,17421,1,1
2021-07-22 15:14:27.153,17420,17421,17421,2,2
2021-07-22 15:14:30.337,17421,17422,17422,1,1
2021-07-22 15:14:30.337,17421,17422,17422,6,6
2021-07-22 15:14:32.487,17422,17423,17423,2,2
2021-07-22 15:14:32.487,17422,17423,17423,1,1
2021-07-22 15:14:32.488,17422,17423,17423,5,5
2021-07-22 15:14:33.402,17423,17424,17424,1,1
2021-07-22 15:14:33.728,17423,17424,17423,1,-1
2021-07-22 15:14:37.384,17423,17424,17424,1,1
2021-07-22 15:14:41.104,17423,17424,17424,1,1
2021-07-22 15:14:43.102,17424,17425,17425,1,1
2021-07-22 15:14:43.152,17424,17425,17425,1,1
2021-07-22 15:14:43.645,17424,17425,17425,2,2
2021-07-22 15:14:44.171,17424,17425,17425,1,1
2021-07-22 15:14:45.560,17424,17425,17425,1,1
2021-07-22 15:14:49.019,17424,17425,17425,1,1
2021-07-22 15:14:50.748,17424,17425,17425,1,1
2021-07-22 15:14:52.671,17424,17425,17425,1,1
2021-07-22 15:14:54.507,17424,17425,17424,1,-1
2021-07-22 15:14:55.988,17424,17425,17424,2,-2
2021-07-22 15:14:55.996,17424,17425,17424,1,-1
2021-07-22 15:14:59.233,17423,17424,17424,5,5
2021-07-22 15:14:59.236,17423,17424,17424,5,5
2021-07-22 15:15:01.473,17423,17424,17424,3,3
2021-07-22 15:15:01.584,17424,17425,17425,1,1
2021-07-22 15:15:01.799,17424,17425,17425,1,1
2021-07-22 15:15:02.033,17424,17425,17425,3,3
2021-07-22 15:15:02.035,17424,17425,17425,1,1
2021-07-22 15:15:02.082,17424,17425,17424,1,-1
2021-07-22 15:15:02.132,17423,17425,17425,1,1
2021-07-22 15:15:02.132,17423,17425,17425,1,1
2021-07-22 15:15:02.132,17423,17425,17425,1,1
2021-07-22 15:15:02.133,17423,17425,17425,1,1
2021-07-22 15:15:02.302,17423,17425,17425,1,1
2021-07-22 15:15:02.485,17423,17425,17425,2,2
2021-07-22 15:15:02.521,17423,17425,17425,1,1
2021-07-22 15:15:02.876,17423,17425,17425,1,1
2021-07-22 15:15:03.305,17423,17425,17425,1,1
2021-07-22 15:15:03.354,17423,17425,17423,1,-1
2021-07-22 15:15:04.320,17424,17425,17424,1,1
2021-07-22 15:15:06.879,17422,17424,17424,1,1
2021-07-22 15:15:07.442,17422,17424,17424,1,1
2021-07-22 15:15:07.507,17422,17424,17424,1,1
2021-07-22 15:15:07.507,17422,17424,17424,1,1
2021-07-22 15:15:07.507,17422,17424,17424,1,1
2021-07-22 15:15:07.508,17422,17424,17424,1,1
2021-07-22 15:15:07.508,17422,17424,17425,1,1
2021-07-22 15:15:07.510,17422,17424,17425,1,1
2021-07-22 15:15:07.683,17424,17425,17424,2,-2
2021-07-22 15:15:10.477,17423,17425,17423,2,-2
2021-07-22 15:15:14.968,17424,17425,17424,1,1
2021-07-22 15:15:17.188,17424,17425,17424,1,-1
2021-07-22 15:15:18.996,17424,17425,17425,1,1
2021-07-22 15:15:19.007,17424,17425,17425,1,1
2021-07-22 15:15:19.007,17424,17425,17425,1,1
2021-07-22 15:15:19.007,17424,17425,17425,1,1
2021-07-22 15:15:19.007,17424,17425,17425,1,1
2021-07-22 15:15:19.008,17424,17425,17425,1,1
2021-07-22 15:15:19.008,17424,17425,17426,1,1
2021-07-22 15:15:19.008,17424,17425,17426,1,1
2021-07-22 15:15:21.371,17424,17425,17425,2,2
2021-07-22 15:15:22.206,17424,17425,17425,1,1
2021-07-22 15:15:22.428,17424,17425,17425,1,1
2021-07-22 15:15:23.057,17424,17425,17425,2,2
2021-07-22 15:15:25.171,17424,17425,17425,1,1
2021-07-22 15:15:28.327,17425,17426,17426,1,1
2021-07-22 15:15:28.327,17425,17426,17426,3,3
2021-07-22 15:15:28.328,17425,17426,17426,1,1
2021-07-22 15:15:28.328,17425,17426,17426,4,4
2021-07-22 15:15:28.402,17426,17427,17427,2,2
2021-07-22 15:15:28.593,17426,17427,17427,1,1
2021-07-22 15:15:28.593,17426,17427,17427,1,1
2021-07-22 15:15:28.598,17426,17427,17428,2,2
2021-07-22 15:15:28.618,17426,17427,17428,1,1
2021-07-22 15:15:28.640,17426,17428,17428,2,2
2021-07-22 15:15:28.667,17426,17428,17428,2,2
2021-07-22 15:15:28.696,17426,17428,17428,1,1
2021-07-22 15:15:28.984,17426,17428,17428,1,1
2021-07-22 15:15:29.015,17426,17428,17428,1,1
2021-07-22 15:15:29.078,17426,17428,17428,1,1
2021-07-22 15:15:29.118,17426,17428,17428,1,1
2021-07-22 15:15:29.132,17427,17428,17428,1,1
2021-07-22 15:15:29.132,17427,17428,17428,1,1
2021-07-22 15:15:29.132,17427,17428,17428,1,1
2021-07-22 15:15:29.132,17427,17428,17428,1,1
2021-07-22 15:15:29.144,17427,17428,17428,1,1
2021-07-22 15:15:29.144,17427,17428,17428,2,2
2021-07-22 15:15:30.314,17426,17429,17427,1,-1
2021-07-22 15:15:30.515,17426,17428,17428,1,1
2021-07-22 15:15:31.342,17426,17428,17428,1,1
2021-07-22 15:15:31.371,17426,17428,17428,1,1
2021-07-22 15:15:32.644,17427,17428,17428,1,1
2021-07-22 15:15:36.780,17427,17428,17428,1,1
2021-07-22 15:15:40.513,17427,17428,17428,1,1
2021-07-22 15:15:40.632,17427,17428,17428,1,1
2021-07-22 15:15:40.632,17427,17428,17428,1,1
2021-07-22 15:15:41.057,17427,17428,17427,1,-1
2021-07-22 15:15:45.393,17427,17428,17428,2,2
2021-07-22 15:15:46.009,17427,17428,17428,1,1
2021-07-22 15:15:46.979,17427,17428,17428,5,5
2021-07-22 15:15:47.696,17427,17428,17428,2,2
2021-07-22 15:15:48.451,17427,17428,17428,1,1
2021-07-22 15:15:48.463,17427,17428,17427,4,-4
2021-07-22 15:15:48.837,17427,17429,17428,6,6
2021-07-22 15:15:48.948,17426,17428,17428,2,2
2021-07-22 15:15:49.370,17426,17427,17427,1,1
2021-07-22 15:15:49.718,17427,17429,17429,1,1
2021-07-22 15:15:49.980,17427,17429,17429,5,5
2021-07-22 15:15:50.286,17427,17429,17429,1,1
2021-07-22 15:15:51.865,17427,17429,17429,4,4
2021-07-22 15:15:52.047,17428,17429,17428,1,-1
2021-07-22 15:15:53.889,17427,17428,17428,1,1
2021-07-22 15:15:56.881,17427,17429,17429,2,2
2021-07-22 15:15:57.529,17427,17429,17429,2,2
2021-07-22 15:15:59.653,17428,17429,17429,1,1
2021-07-22 15:15:59.653,17428,17429,17430,1,1
2021-07-22 15:16:02.197,17429,17430,17429,1,-1
2021-07-22 15:16:02.260,17428,17430,17430,1,1
2021-07-22 15:16:02.261,17428,17430,17430,2,2
2021-07-22 15:16:02.261,17428,17430,17430,1,1
2021-07-22 15:16:02.261,17428,17430,17430,1,1
2021-07-22 15:16:02.262,17428,17430,17430,1,1
2021-07-22 15:16:02.797,17429,17430,17430,2,2
2021-07-22 15:16:03.347,17429,17430,17430,1,1
2021-07-22 15:16:03.382,17429,17430,17430,1,1
2021-07-22 15:16:03.382,17429,17430,17430,1,1
2021-07-22 15:16:03.382,17429,17430,17430,1,1
2021-07-22 15:16:03.382,17429,17430,17430,1,1
2021-07-22 15:16:03.382,17429,17430,17430,1,1
2021-07-22 15:16:03.382,17429,17430,17430,1,1
2021-07-22 15:16:03.382,17429,17430,17430,1,1
2021-07-22 15:16:03.383,17429,17430,17430,1,1
2021-07-22 15:16:03.383,17429,17430,17430,1,1
2021-07-22 15:16:03.383,17429,17430,17430,1,1
2021-07-22 15:16:03.383,17429,17430,17430,1,1
2021-07-22 15:16:03.383,17429,17430,17430,1,1
2021-07-22 15:16:03.383,17429,17430,17430,1,1
2021-07-22 15:16:03.384,17429,17430,17430,1,1
2021-07-22 15:16:03.384,17429,17430,17431,1,1
2021-07-22 15:16:03.384,17429,17430,17431,1,1
2021-07-22 15:16:03.630,17430,17431,17431,1,1
2021-07-22 15:16:03.703,17430,17431,17431,1,1
2021-07-22 15:16:04.240,17430,17431,17431,1,1
2021-07-22 15:16:04.492,17430,17431,17430,1,-1
2021-07-22 15:16:06.290,17429,17430,17429,1,-1
2021-07-22 15:16:06.290,17429,17430,17428,4,-4
2021-07-22 15:16:06.567,17428,17430,17430,1,1
2021-07-22 15:16:07.025,17428,17430,17430,1,1
2021-07-22 15:16:07.132,17428,17430,17430,2,2
2021-07-22 15:16:07.132,17428,17430,17430,1,1
2021-07-22 15:16:07.132,17428,17430,17430,1,1
2021-07-22 15:16:07.132,17428,17430,17430,1,1
2021-07-22 15:16:07.132,17428,17430,17430,1,1
2021-07-22 15:16:07.132,17428,17430,17430,1,1
2021-07-22 15:16:07.132,17428,17430,17431,1,1
2021-07-22 15:16:07.132,17428,17430,17431,1,1
2021-07-22 15:16:07.132,17428,17430,17431,1,1
2021-07-22 15:16:07.133,17428,17430,17431,1,1
2021-07-22 15:16:07.133,17428,17430,17431,1,1
2021-07-22 15:16:07.133,17428,17430,17431,1,1
2021-07-22 15:16:07.134,17428,17430,17431,1,1
2021-07-22 15:16:07.135,17428,17430,17431,1,1
2021-07-22 15:16:07.135,17428,17430,17431,1,1
2021-07-22 15:16:07.135,17428,17430,17431,1,1
2021-07-22 15:16:07.136,17428,17430,17431,1,1
2021-07-22 15:16:07.136,17428,17430,17431,1,1
2021-07-22 15:16:07.283,17429,17431,17431,1,1
2021-07-22 15:16:07.283,17429,17431,17432,2,2
2021-07-22 15:16:07.312,17429,17431,17430,1,-1
2021-07-22 15:16:07.654,17430,17432,17431,1,1
2021-07-22 15:16:07.978,17429,17431,17431,2,2
2021-07-22 15:16:08.816,17430,17432,17432,1,1
2021-07-22 15:16:12.670,17431,17432,17431,1,-1
2021-07-22 15:16:12.670,17431,17432,17431,1,-1
2021-07-22 15:16:13.902,17430,17432,17432,1,1
2021-07-22 15:16:14.381,17430,17432,17432,2,2
2021-07-22 15:16:15.020,17430,17431,17431,1,1
2021-07-22 15:16:15.455,17430,17431,17430,4,-4
2021-07-22 15:16:16.839,17429,17430,17430,1,1
2021-07-22 15:16:16.935,17429,17430,17430,2,2
2021-07-22 15:16:16.936,17429,17430,17430,2,2
2021-07-22 15:16:17.077,17429,17431,17430,2,-2
2021-07-22 15:16:17.132,17429,17431,17431,2,2
2021-07-22 15:16:17.132,17429,17431,17431,1,1
2021-07-22 15:16:17.132,17429,17431,17431,1,1
2021-07-22 15:16:17.132,17429,17431,17431,1,1
2021-07-22 15:16:17.132,17429,17431,17431,1,1
2021-07-22 15:16:17.132,17429,17431,17431,1,1
2021-07-22 15:16:17.132,17429,17431,17431,1,1
2021-07-22 15:16:17.133,17429,17431,17431,1,1
2021-07-22 15:16:17.134,17429,17431,17431,1,1
2021-07-22 15:16:17.134,17429,17431,17432,1,1
2021-07-22 15:16:19.265,17430,17431,17431,1,1
2021-07-22 15:16:19.370,17430,17431,17431,2,2
2021-07-22 15:16:19.884,17430,17431,17431,1,1
2021-07-22 15:16:21.287,17430,17432,17430,1,-1
2021-07-22 15:16:26.104,17431,17432,17431,1,1
2021-07-22 15:16:34.256,17430,17431,17430,22,-22
2021-07-22 15:16:34.380,17429,17430,17429,5,-5
2021-07-22 15:16:34.382,17429,17430,17430,1,1
2021-07-22 15:16:34.382,17429,17430,17430,1,1
2021-07-22 15:16:34.382,17429,17430,17430,1,1
2021-07-22 15:16:34.382,17429,17430,17430,1,1
2021-07-22 15:16:34.382,17429,17430,17430,1,1
2021-07-22 15:16:34.382,17429,17430,17430,1,1
2021-07-22 15:16:34.383,17429,17430,17431,1,1
2021-07-22 15:16:34.383,17429,17430,17430,1,1
2021-07-22 15:16:34.383,17429,17430,17431,1,1
2021-07-22 15:16:34.383,17429,17430,17430,1,1
2021-07-22 15:16:34.384,17429,17430,17430,1,1
2021-07-22 15:16:34.385,17429,17430,17431,1,1
2021-07-22 15:16:35.456,17429,17431,17428,1,-1
2021-07-22 15:16:35.536,17428,17431,17431,1,1
2021-07-22 15:16:35.835,17428,17431,17428,1,-1
2021-07-22 15:16:45.125,17428,17430,17428,1,-1
2021-07-22 15:16:55.872,17428,17429,17428,3,-3
2021-07-22 15:16:55.882,17427,17429,17429,1,1
2021-07-22 15:16:55.882,17427,17429,17429,1,1
2021-07-22 15:16:55.883,17427,17429,17429,1,1
2021-07-22 15:17:00.065,17427,17428,17428,2,2
2021-07-22 15:17:00.086,17427,17428,17428,1,1
2021-07-22 15:17:00.390,17427,17429,17429,1,1
2021-07-22 15:17:00.392,17427,17429,17429,1,1
2021-07-22 15:17:00.397,17427,17429,17429,1,1
2021-07-22 15:17:00.397,17427,17429,17430,1,1
2021-07-22 15:17:00.399,17427,17429,17430,1,1
2021-07-22 15:17:00.404,17427,17429,17430,1,1
2021-07-22 15:17:04.847,17428,17429,17428,1,-1
2021-07-22 15:17:07.847,17428,17429,17429,1,1
2021-07-22 15:17:08.018,17428,17429,17429,1,1
2021-07-22 15:17:08.023,17428,17429,17428,2,-2
2021-07-22 15:17:10.220,17427,17429,17427,9,-9
2021-07-22 15:17:10.275,17426,17427,17427,1,1
2021-07-22 15:17:10.608,17426,17427,17427,1,1
2021-07-22 15:17:10.845,17426,17427,17427,1,1
2021-07-22 15:17:10.845,17426,17427,17427,1,1
2021-07-22 15:17:10.845,17426,17427,17427,1,1
2021-07-22 15:17:10.845,17426,17427,17427,1,1
2021-07-22 15:17:13.311,17426,17428,17426,4,-4
2021-07-22 15:17:15.465,17426,17427,17426,1,-1
2021-07-22 15:17:17.918,17426,17427,17426,1,-1
2021-07-22 15:17:23.255,17426,17427,17427,2,2
2021-07-22 15:17:23.541,17426,17428,17426,1,-1
2021-07-22 15:17:23.596,17426,17428,17426,1,-1
2021-07-22 15:17:25.493,17426,17428,17426,1,-1
2021-07-22 15:17:30.671,17426,17427,17427,2,2
2021-07-22 15:17:30.671,17426,17427,17427,1,1
2021-07-22 15:17:30.671,17426,17427,17427,1,1
2021-07-22 15:17:32.856,17426,17428,17426,1,-1
2021-07-22 15:17:34.952,17427,17428,17427,1,1
2021-07-22 15:17:35.631,17426,17427,17427,1,1
2021-07-22 15:17:35.930,17426,17427,17427,1,1
2021-07-22 15:17:38.018,17427,17428,17427,2,-2
2021-07-22 15:17:39.521,17427,17428,17427,1,-1
2021-07-22 15:17:43.380,17426,17427,17427,1,1
2021-07-22 15:17:44.551,17427,17428,17427,1,-1
2021-07-22 15:17:46.005,17426,17427,17427,1,1
2021-07-22 15:17:46.834,17426,17428,17426,1,-1
2021-07-22 15:17:52.778,17426,17427,17426,3,-3
2021-07-22 15:17:52.778,17426,17427,17426,5,-5
2021-07-22 15:18:01.082,17425,17426,17426,1,1
2021-07-22 15:18:02.247,17425,17426,17426,1,1
2021-07-22 15:18:02.682,17425,17426,17426,1,1
2021-07-22 15:18:02.826,17425,17426,17426,1,1
2021-07-22 15:18:03.138,17425,17426,17426,1,1
2021-07-22 15:18:03.142,17425,17426,17426,3,3
2021-07-22 15:18:04.570,17426,17427,17426,2,-2
2021-07-22 15:18:08.440,17425,17426,17425,2,-2
2021-07-22 15:18:09.050,17425,17426,17426,1,1
2021-07-22 15:18:09.050,17425,17426,17426,1,1
2021-07-22 15:18:09.891,17426,17427,17426,2,-2
2021-07-22 15:18:10.896,17425,17427,17425,1,-1
2021-07-22 15:18:12.331,17425,17426,17425,1,-1
2021-07-22 15:18:12.365,17425,17426,17425,2,-2
2021-07-22 15:18:15.341,17425,17426,17425,2,-2
2021-07-22 15:18:15.804,17425,17426,17426,2,2
2021-07-22 15:18:17.695,17425,17427,17425,1,-1
2021-07-22 15:18:18.611,17425,17427,17425,1,-1
2021-07-22 15:18:23.193,17425,17426,17425,2,-2
2021-07-22 15:18:24.851,17425,17426,17425,2,-2
2021-07-22 15:18:26.032,17425,17426,17425,2,-2
2021-07-22 15:18:26.033,17425,17426,17425,3,-3
2021-07-22 15:18:34.162,17424,17425,17424,3,-3
2021-07-22 15:18:34.680,17424,17425,17425,6,6
2021-07-22 15:18:36.652,17425,17426,17425,2,-2
2021-07-22 15:18:36.944,17425,17426,17426,1,1
2021-07-22 15:18:37.068,17425,17426,17425,1,-1
2021-07-22 15:18:37.868,17425,17426,17425,2,-2
2021-07-22 15:18:38.874,17425,17426,17425,1,-1
2021-07-22 15:18:39.131,17425,17426,17425,2,-2
2021-07-22 15:18:40.757,17425,17426,17425,2,-2
2021-07-22 15:18:40.758,17425,17426,17425,4,-4
2021-07-22 15:18:40.758,17425,17426,17425,2,-2
2021-07-22 15:18:40.758,17425,17426,17425,4,-4
2021-07-22 15:18:41.964,17424,17425,17424,7,-7
2021-07-22 15:18:49.196,17423,17424,17423,2,-2
2021-07-22 15:18:50.271,17423,17424,17423,2,-2
2021-07-22 15:18:51.059,17423,17424,17424,1,1
2021-07-22 15:18:51.168,17423,17424,17423,2,-2
2021-07-22 15:18:51.552,17423,17424,17424,1,1
2021-07-22 15:18:52.691,17423,17424,17424,1,1
2021-07-22 15:18:54.624,17423,17424,17424,1,1
2021-07-22 15:18:55.901,17423,17424,17424,1,1
2021-07-22 15:18:59.611,17423,17424,17424,1,1
2021-07-22 15:19:00.937,17423,17424,17424,1,1
2021-07-22 15:19:03.033,17423,17424,17423,2,-2
2021-07-22 15:19:03.132,17423,17424,17424,1,1
2021-07-22 15:19:03.133,17423,17424,17424,1,1
2021-07-22 15:19:03.492,17423,17424,17423,1,-1
2021-07-22 15:19:04.366,17423,17424,17423,2,-2
2021-07-22 15:19:07.387,17422,17423,17422,2,-2
2021-07-22 15:19:08.261,17422,17423,17422,2,-2
2021-07-22 15:19:08.382,17422,17423,17423,1,1
2021-07-22 15:19:08.382,17422,17423,17423,1,1
2021-07-22 15:19:08.382,17422,17423,17423,1,1
2021-07-22 15:19:08.382,17422,17423,17423,1,1
2021-07-22 15:19:08.383,17422,17423,17424,1,1
2021-07-22 15:19:08.383,17422,17423,17424,1,1
2021-07-22 15:19:08.383,17422,17423,17424,1,1
2021-07-22 15:19:08.383,17422,17423,17424,1,1
2021-07-22 15:19:08.383,17422,17423,17424,1,1
2021-07-22 15:19:08.383,17422,17423,17424,1,1
2021-07-22 15:19:08.605,17422,17424,17424,1,1
2021-07-22 15:19:09.231,17423,17424,17423,1,-1
2021-07-22 15:19:10.425,17423,17424,17423,2,-2
2021-07-22 15:19:14.193,17423,17424,17423,1,-1
2021-07-22 15:19:14.692,17422,17423,17423,1,1
2021-07-22 15:19:15.950,17423,17424,17423,2,-2
2021-07-22 15:19:16.955,17423,17424,17423,2,-2
2021-07-22 15:19:17.238,17423,17424,17423,2,-2
2021-07-22 15:19:17.876,17423,17424,17423,1,-1
2021-07-22 15:19:21.140,17422,17423,17422,2,-2
2021-07-22 15:19:21.433,17422,17423,17423,1,1
2021-07-22 15:19:24.452,17422,17423,17422,2,-2
2021-07-22 15:19:25.718,17422,17423,17422,2,-2
2021-07-22 15:19:25.971,17422,17423,17422,2,-2
2021-07-22 15:19:25.971,17422,17423,17422,1,-1
2021-07-22 15:19:25.971,17422,17423,17422,5,-5
2021-07-22 15:19:29.688,17421,17422,17422,1,1
2021-07-22 15:19:29.755,17421,17422,17421,11,-11
2021-07-22 15:19:31.985,17420,17421,17420,2,-2
2021-07-22 15:19:32.007,17420,17421,17421,1,1
2021-07-22 15:19:32.008,17420,17421,17421,1,1
2021-07-22 15:19:34.313,17420,17421,17421,1,1
2021-07-22 15:19:35.229,17420,17421,17421,1,1
2021-07-22 15:19:36.310,17421,17422,17421,1,-1
2021-07-22 15:19:36.377,17421,17422,17422,1,1
2021-07-22 15:19:38.609,17421,17422,17421,1,-1
2021-07-22 15:19:39.379,17421,17422,17421,2,-2
2021-07-22 15:19:40.134,17421,17422,17421,2,-2
2021-07-22 15:19:40.268,17421,17422,17421,2,-2
2021-07-22 15:19:41.306,17420,17422,17422,3,3
2021-07-22 15:19:41.307,17420,17422,17422,1,1
2021-07-22 15:19:43.090,17421,17422,17422,1,1
2021-07-22 15:19:45.047,17421,17422,17422,2,2
2021-07-22 15:19:45.979,17422,17423,17422,2,-2
2021-07-22 15:19:48.813,17421,17422,17422,1,1
2021-07-22 15:19:49.487,17421,17422,17422,1,1
2021-07-22 15:19:49.507,17421,17422,17422,1,1
2021-07-22 15:19:54.880,17422,17423,17422,1,-1
2021-07-22 15:19:55.896,17422,17423,17422,2,-2
2021-07-22 15:20:00.815,17421,17422,17422,1,1
2021-07-22 15:20:01.110,17421,17422,17422,1,1
2021-07-22 15:20:02.761,17421,17422,17422,2,2
2021-07-22 15:20:05.963,17422,17423,17422,9,-9
2021-07-22 15:20:06.067,17421,17422,17422,1,1
2021-07-22 15:20:08.034,17421,17422,17422,1,1
2021-07-22 15:20:09.985,17421,17422,17422,1,1
2021-07-22 15:20:10.122,17421,17422,17422,1,1
2021-07-22 15:20:12.516,17421,17422,17421,1,-1
2021-07-22 15:20:16.376,17421,17422,17422,1,1
2021-07-22 15:20:17.213,17421,17422,17422,1,1
2021-07-22 15:20:19.891,17421,17422,17422,1,1
2021-07-22 15:20:28.735,17421,17422,17422,1,1
2021-07-22 15:20:29.823,17421,17422,17421,11,-11
2021-07-22 15:20:33.061,17420,17421,17421,3,3
2021-07-22 15:20:34.024,17420,17421,17420,2,-2
2021-07-22 15:20:34.677,17420,17421,17420,2,-2
2021-07-22 15:20:37.979,17420,17421,17421,2,2
2021-07-22 15:20:37.979,17420,17421,17422,9,9
2021-07-22 15:20:37.979,17420,17421,17423,23,23
2021-07-22 15:20:37.980,17420,17421,17424,2,2
2021-07-22 15:20:37.981,17420,17421,17424,1,1
2021-07-22 15:20:37.981,17420,17421,17424,3,3
2021-07-22 15:20:37.982,17420,17421,17424,1,1
2021-07-22 15:20:37.982,17420,17421,17424,2,2
2021-07-22 15:20:38.466,17423,17425,17425,2,2
2021-07-22 15:20:38.531,17424,17425,17424,1,-1
2021-07-22 15:20:38.532,17424,17425,17425,2,2
2021-07-22 15:20:38.535,17424,17425,17424,1,-1
2021-07-22 15:20:38.696,17423,17425,17423,1,-1
2021-07-22 15:20:39.760,17423,17425,17425,1,1
2021-07-22 15:20:40.752,17423,17425,17423,1,-1
2021-07-22 15:20:44.773,17424,17425,17425,1,1
2021-07-22 15:20:46.005,17424,17425,17424,3,-3
2021-07-22 15:20:46.635,17423,17424,17424,1,1
2021-07-22 15:20:46.635,17423,17424,17425,2,2
2021-07-22 15:20:47.090,17423,17425,17425,1,1
2021-07-22 15:20:48.206,17424,17426,17424,1,-1
2021-07-22 15:20:49.933,17425,17426,17425,1,1
2021-07-22 15:20:50.022,17425,17426,17426,1,1
2021-07-22 15:20:55.361,17425,17426,17426,1,1
2021-07-22 15:20:57.675,17425,17426,17426,1,1
2021-07-22 15:20:57.980,17425,17427,17425,1,-1
2021-07-22 15:20:57.981,17425,17427,17426,1,1
2021-07-22 15:21:00.194,17426,17427,17426,1,-1
2021-07-22 15:21:00.740,17426,17427,17427,3,3
2021-07-22 15:21:02.694,17426,17427,17427,1,1
2021-07-22 15:21:04.906,17427,17428,17427,1,-1
2021-07-22 15:21:07.578,17427,17428,17427,4,-4
2021-07-22 15:21:11.841,17427,17428,17427,1,-1
2021-07-22 15:21:14.900,17426,17428,17428,1,1
2021-07-22 15:21:15.470,17426,17428,17426,1,-1
2021-07-22 15:21:17.850,17427,17428,17428,8,8
2021-07-22 15:21:23.661,17428,17429,17429,3,3
2021-07-22 15:21:23.757,17429,17430,17429,1,-1
2021-07-22 15:21:23.783,17429,17430,17429,1,-1
2021-07-22 15:21:23.783,17429,17430,17428,1,-1
2021-07-22 15:21:23.982,17428,17430,17430,13,13
2021-07-22 15:21:24.221,17429,17430,17430,3,3
2021-07-22 15:21:24.221,17429,17430,17431,10,10
2021-07-22 15:21:24.382,17430,17431,17430,1,-1
2021-07-22 15:21:27.496,17429,17430,17430,1,1
2021-07-22 15:21:27.496,17429,17430,17431,1,1
2021-07-22 15:21:30.293,17430,17431,17430,1,-1
2021-07-22 15:21:30.579,17430,17431,17431,2,2
2021-07-22 15:21:31.288,17430,17431,17431,2,2
2021-07-22 15:21:31.948,17430,17431,17430,2,-2
2021-07-22 15:21:34.494,17430,17431,17430,1,-1
2021-07-22 15:21:34.494,17430,17431,17430,1,-1
2021-07-22 15:21:36.828,17429,17431,17431,5,5
2021-07-22 15:21:38.261,17429,17431,17431,5,5
2021-07-22 15:21:38.651,17429,17430,17430,1,1
2021-07-22 15:21:39.220,17429,17430,17430,1,1
2021-07-22 15:21:41.426,17429,17430,17430,1,1
2021-07-22 15:21:48.886,17430,17431,17430,1,-1
2021-07-22 15:21:52.238,17430,17431,17430,2,-2
2021-07-22 15:21:52.385,17430,17431,17431,4,4
2021-07-22 15:21:52.385,17430,17431,17431,1,1
2021-07-22 15:21:52.385,17430,17431,17431,5,5
2021-07-22 15:21:52.385,17430,17431,17431,4,4
2021-07-22 15:21:53.973,17431,17432,17431,2,-2
2021-07-22 15:21:55.060,17430,17431,17431,1,1
2021-07-22 15:21:55.640,17430,17431,17431,2,2
2021-07-22 15:21:57.154,17430,17431,17431,2,2
2021-07-22 15:21:57.745,17430,17431,17431,1,1
2021-07-22 15:22:02.246,17430,17431,17431,1,1
2021-07-22 15:22:02.542,17430,17431,17431,1,1
2021-07-22 15:22:03.596,17430,17431,17431,5,5
2021-07-22 15:22:05.320,17430,17431,17431,2,2
2021-07-22 15:22:06.061,17430,17431,17431,2,2
2021-07-22 15:22:07.020,17430,17431,17431,1,1
2021-07-22 15:22:08.612,17431,17432,17431,1,-1
2021-07-22 15:22:12.370,17431,17432,17432,1,1
2021-07-22 15:22:12.446,17431,17432,17432,8,8
2021-07-22 15:22:14.451,17431,17432,17431,1,-1
2021-07-22 15:22:16.119,17431,17432,17431,1,-1
2021-07-22 15:22:22.031,17431,17432,17431,1,-1
2021-07-22 15:22:22.243,17431,17432,17431,1,-1
2021-07-22 15:22:23.543,17431,17432,17431,1,-1
2021-07-22 15:22:25.082,17431,17432,17431,1,-1
2021-07-22 15:22:25.493,17431,17432,17431,1,-1
2021-07-22 15:22:27.548,17431,17432,17431,4,-4
2021-07-22 15:22:35.463,17430,17431,17431,2,2
2021-07-22 15:22:37.527,17430,17431,17431,1,1
2021-07-22 15:22:40.536,17430,17431,17430,7,-7
2021-07-22 15:22:40.536,17430,17431,17430,1,-1
2021-07-22 15:22:40.536,17430,17431,17430,2,-2
2021-07-22 15:22:40.770,17429,17430,17430,2,2
2021-07-22 15:22:44.938,17430,17431,17430,1,-1
2021-07-22 15:22:50.209,17430,17431,17430,2,-2
2021-07-22 15:22:50.337,17429,17430,17429,3,-3
2021-07-22 15:22:50.338,17429,17430,17429,13,-13
2021-07-22 15:22:50.510,17428,17429,17429,1,1
2021-07-22 15:22:57.923,17429,17430,17429,1,-1
2021-07-22 15:23:08.990,17429,17430,17430,1,1
2021-07-22 15:23:10.013,17429,17430,17429,1,-1
2021-07-22 15:23:13.830,17429,17430,17430,1,1
2021-07-22 15:23:20.573,17429,17430,17430,5,5
2021-07-22 15:23:20.574,17429,17430,17430,1,1
2021-07-22 15:23:20.993,17430,17431,17430,1,-1
2021-07-22 15:23:20.993,17430,17431,17429,4,-4
2021-07-22 15:23:26.222,17429,17430,17430,2,2
2021-07-22 15:23:31.130,17430,17431,17431,1,1
2021-07-22 15:23:32.942,17430,17431,17431,1,1
2021-07-22 15:23:37.038,17430,17431,17430,3,-3
2021-07-22 15:23:38.186,17429,17430,17430,2,2
2021-07-22 15:23:39.114,17430,17431,17430,1,-1
2021-07-22 15:23:41.471,17430,17431,17430,1,-1
2021-07-22 15:23:45.071,17430,17431,17431,8,8
2021-07-22 15:23:45.072,17430,17431,17431,5,5
2021-07-22 15:23:45.678,17431,17432,17431,1,-1
2021-07-22 15:23:47.176,17431,17432,17431,1,-1
2021-07-22 15:23:47.176,17431,17432,17430,6,-6
2021-07-22 15:23:53.255,17430,17431,17430,1,-1
2021-07-22 15:23:53.257,17430,17431,17430,4,-4
2021-07-22 15:23:55.052,17429,17430,17430,1,1
2021-07-22 15:23:57.631,17429,17430,17429,1,-1
2021-07-22 15:23:58.573,17429,17430,17429,9,-9
2021-07-22 15:23:59.249,17428,17429,17429,1,1
2021-07-22 15:23:59.904,17428,17429,17429,2,2
2021-07-22 15:24:00.231,17428,17429,17429,2,2
2021-07-22 15:24:00.280,17428,17429,17428,1,-1
2021-07-22 15:24:03.715,17429,17430,17429,1,1
2021-07-22 15:24:03.990,17429,17430,17429,1,-1
2021-07-22 15:24:10.650,17428,17429,17429,2,2
2021-07-22 15:24:11.906,17428,17429,17428,1,-1
2021-07-22 15:24:13.154,17428,17429,17428,1,-1
2021-07-22 15:24:13.155,17428,17429,17428,4,-4
2021-07-22 15:24:24.614,17427,17428,17428,2,2
2021-07-22 15:24:27.353,17427,17428,17428,1,1
2021-07-22 15:24:30.581,17428,17429,17428,3,-3
2021-07-22 15:24:31.257,17428,17429,17428,4,-4
2021-07-22 15:24:38.133,17427,17428,17427,4,-4
2021-07-22 15:24:41.818,17427,17428,17427,1,-1
2021-07-22 15:24:46.574,17427,17428,17427,1,-1
2021-07-22 15:24:48.887,17427,17428,17428,2,2
2021-07-22 15:24:49.661,17427,17428,17428,1,1
2021-07-22 15:24:51.974,17427,17428,17428,5,5
2021-07-22 15:24:54.543,17428,17429,17429,4,4
2021-07-22 15:24:54.543,17428,17429,17430,2,2
2021-07-22 15:25:06.582,17429,17430,17430,1,1
2021-07-22 15:25:08.261,17429,17430,17429,1,-1
2021-07-22 15:25:08.649,17429,17430,17430,4,4
2021-07-22 15:25:08.678,17429,17430,17430,1,1
2021-07-22 15:25:08.777,17429,17430,17430,1,1
2021-07-22 15:25:08.777,17429,17430,17431,3,3
2021-07-22 15:25:14.424,17430,17431,17430,1,-1
2021-07-22 15:25:19.551,17429,17430,17430,1,1
2021-07-22 15:25:22.770,17429,17430,17430,1,1
2021-07-22 15:25:30.090,17429,17430,17430,1,1
2021-07-22 15:25:59.521,17429,17430,17430,5,5
2021-07-22 15:26:06.052,17430,17431,17430,1,-1
2021-07-22 15:26:07.774,17429,17430,17430,2,2
2021-07-22 15:26:09.663,17430,17431,17430,2,-2
2021-07-22 15:26:14.628,17430,17431,17430,1,-1
2021-07-22 15:26:15.030,17430,17431,17431,4,4
2021-07-22 15:26:19.870,17430,17431,17431,2,2
2021-07-22 15:26:21.213,17430,17431,17430,5,-5
2021-07-22 15:26:21.847,17430,17431,17430,1,-1
2021-07-22 15:26:27.881,17430,17431,17430,1,-1
2021-07-22 15:26:27.881,17430,17431,17430,1,-1
2021-07-22 15:26:27.881,17430,17431,17430,5,-5
2021-07-22 15:26:27.882,17430,17431,17430,1,-1
2021-07-22 15:26:27.882,17430,17431,17430,1,-1
2021-07-22 15:26:27.882,17430,17431,17430,1,-1
2021-07-22 15:26:36.333,17429,17430,17429,1,-1
2021-07-22 15:26:38.657,17429,17430,17429,1,-1
2021-07-22 15:26:39.093,17429,17430,17429,9,-9
2021-07-22 15:26:39.857,17428,17429,17429,6,6
2021-07-22 15:26:39.857,17428,17429,17430,8,8
2021-07-22 15:26:42.491,17429,17430,17429,2,-2
2021-07-22 15:26:44.131,17428,17429,17429,1,1
2021-07-22 15:26:49.372,17428,17429,17428,1,-1
2021-07-22 15:26:49.373,17428,17429,17428,1,-1
2021-07-22 15:26:53.999,17428,17429,17429,1,1
2021-07-22 15:26:54.467,17428,17429,17429,2,2
2021-07-22 15:26:59.485,17429,17430,17429,2,-2
2021-07-22 15:27:00.189,17429,17430,17429,6,-6
2021-07-22 15:27:00.260,17428,17429,17429,1,1
2021-07-22 15:27:00.260,17428,17429,17429,1,1
2021-07-22 15:27:00.260,17428,17429,17429,1,1
2021-07-22 15:27:00.852,17429,17430,17429,2,-2
2021-07-22 15:27:07.099,17428,17429,17428,1,-1
2021-07-22 15:27:07.132,17428,17429,17429,1,1
2021-07-22 15:27:07.132,17428,17429,17429,1,1
2021-07-22 15:27:07.132,17428,17429,17429,1,1
2021-07-22 15:27:07.133,17428,17429,17430,1,1
2021-07-22 15:27:07.133,17428,17429,17430,1,1
2021-07-22 15:27:07.133,17428,17429,17430,1,1
2021-07-22 15:27:07.133,17428,17429,17430,1,1
2021-07-22 15:27:07.134,17428,17429,17430,1,1
2021-07-22 15:27:07.956,17428,17430,17430,1,1
2021-07-22 15:27:14.274,17429,17430,17429,1,-1
2021-07-22 15:27:14.274,17429,17430,17429,9,-9
2021-07-22 15:27:17.820,17428,17429,17428,6,-6
2021-07-22 15:27:18.648,17427,17428,17428,1,1
2021-07-22 15:27:18.757,17427,17429,17429,1,1
2021-07-22 15:27:18.757,17427,17429,17429,1,1
2021-07-22 15:27:18.757,17427,17429,17429,1,1
2021-07-22 15:27:24.744,17428,17429,17428,2,-2
2021-07-22 15:27:25.415,17428,17429,17428,2,-2
2021-07-22 15:27:26.243,17428,17429,17428,6,-6
2021-07-22 15:27:37.864,17427,17428,17427,10,-10
2021-07-22 15:27:37.882,17426,17427,17427,1,1
2021-07-22 15:27:37.882,17426,17427,17427,1,1
2021-07-22 15:27:41.552,17426,17427,17427,1,1
2021-07-22 15:27:41.632,17426,17428,17428,1,1
2021-07-22 15:27:41.633,17426,17428,17428,1,1
2021-07-22 15:27:41.974,17427,17428,17427,1,-1
2021-07-22 15:27:44.339,17426,17428,17428,1,1
2021-07-22 15:27:45.360,17426,17428,17426,1,-1
2021-07-22 15:27:50.851,17427,17428,17427,1,1
2021-07-22 15:27:51.553,17426,17428,17428,1,1
2021-07-22 15:27:53.770,17426,17428,17428,1,1
2021-07-22 15:27:59.921,17426,17427,17427,6,6
2021-07-22 15:28:00.907,17427,17428,17427,6,-6
2021-07-22 15:28:07.444,17426,17427,17426,3,-3
2021-07-22 15:28:12.873,17425,17426,17426,5,5
2021-07-22 15:28:12.873,17425,17426,17426,5,5
2021-07-22 15:28:12.885,17425,17426,17425,1,-1
2021-07-22 15:28:13.023,17425,17426,17425,4,-4
2021-07-22 15:28:13.486,17425,17426,17425,1,-1
2021-07-22 15:28:14.157,17425,17426,17425,1,-1
2021-07-22 15:28:14.431,17424,17426,17426,10,10
2021-07-22 15:28:14.734,17425,17426,17425,1,-1
2021-07-22 15:28:15.126,17425,17426,17425,2,-2
2021-07-22 15:28:15.738,17424,17426,17425,1,-1
2021-07-22 15:28:15.994,17424,17425,17425,1,1
2021-07-22 15:28:15.994,17424,17425,17426,9,9
2021-07-22 15:28:17.712,17425,17426,17426,4,4
2021-07-22 15:28:17.790,17426,17427,17426,1,-1
2021-07-22 15:28:18.872,17426,17427,17426,2,-2
2021-07-22 15:28:19.814,17426,17427,17426,1,-1
2021-07-22 15:28:23.669,17426,17427,17426,1,-1
2021-07-22 15:28:24.592,17426,17427,17426,1,-1
2021-07-22 15:28:24.898,17425,17426,17425,1,-1
2021-07-22 15:28:29.820,17425,17426,17425,1,-1
2021-07-22 15:28:32.059,17424,17426,17424,1,-1
2021-07-22 15:28:32.492,17424,17426,17426,1,1
2021-07-22 15:28:35.161,17424,17426,17426,5,5
2021-07-22 15:28:40.132,17425,17426,17425,1,-1
2021-07-22 15:28:44.272,17424,17425,17424,2,-2
2021-07-22 15:28:44.380,17424,17425,17424,5,-5
2021-07-22 15:28:45.786,17423,17424,17423,1,-1
2021-07-22 15:28:46.740,17423,17424,17423,4,-4
2021-07-22 15:28:46.764,17423,17424,17423,54,-54
2021-07-22 15:28:46.766,17423,17424,17422,1,-1
2021-07-22 15:28:46.766,17423,17424,17422,3,-3
2021-07-22 15:28:49.873,17421,17422,17421,1,-1
2021-07-22 15:28:50.843,17421,17422,17421,1,-1
2021-07-22 15:28:51.018,17421,17422,17421,1,-1
2021-07-22 15:28:51.019,17421,17422,17421,1,-1
2021-07-22 15:28:52.585,17420,17422,17420,1,-1
2021-07-22 15:28:56.961,17420,17421,17420,2,-2
2021-07-22 15:28:59.180,17420,17421,17421,2,2
2021-07-22 15:29:00.131,17420,17421,17420,1,-1
2021-07-22 15:29:01.244,17420,17421,17420,1,-1
2021-07-22 15:29:01.355,17420,17421,17420,5,-5
2021-07-22 15:29:01.355,17420,17421,17419,4,-4
2021-07-22 15:29:01.357,17420,17421,17419,1,-1
2021-07-22 15:29:01.692,17419,17421,17419,3,-3
2021-07-22 15:29:01.692,17419,17421,17418,6,-6
2021-07-22 15:29:01.735,17419,17421,17420,1,1
2021-07-22 15:29:01.941,17418,17420,17418,2,-2
2021-07-22 15:29:01.966,17418,17420,17418,1,-1
2021-07-22 15:29:02.749,17418,17420,17418,1,-1
2021-07-22 15:29:05.676,17418,17419,17419,2,2
2021-07-22 15:29:05.931,17418,17420,17418,2,-2
2021-07-22 15:29:08.112,17418,17420,17418,1,-1
2021-07-22 15:29:08.784,17418,17420,17420,5,5
2021-07-22 15:29:11.626,17419,17420,17419,1,-1
2021-07-22 15:29:15.544,17419,17420,17420,1,1
2021-07-22 15:29:17.157,17419,17421,17420,1,-1
2021-07-22 15:29:18.069,17420,17421,17420,1,-1
2021-07-22 15:29:18.787,17420,17421,17420,1,-1
2021-07-22 15:29:19.411,17420,17421,17420,2,-2
2021-07-22 15:29:20.167,17420,17421,17421,1,1
2021-07-22 15:29:20.941,17420,17421,17420,2,-2
2021-07-22 15:29:21.697,17420,17421,17420,2,-2
2021-07-22 15:29:24.841,17420,17421,17420,1,-1
2021-07-22 15:29:25.016,17420,17421,17420,2,-2
2021-07-22 15:29:25.194,17420,17421,17421,5,5
2021-07-22 15:29:25.350,17421,17423,17421,1,-1
2021-07-22 15:29:26.916,17421,17423,17421,2,-2
2021-07-22 15:29:27.906,17421,17423,17421,4,-4
2021-07-22 15:29:27.906,17421,17423,17421,1,-1
2021-07-22 15:29:30.203,17421,17423,17421,2,-2
2021-07-22 15:29:31.321,17421,17423,17421,1,-1
2021-07-22 15:29:31.711,17421,17423,17421,2,-2
2021-07-22 15:29:32.985,17421,17422,17422,1,1
2021-07-22 15:29:33.094,17422,17424,17422,2,-2
2021-07-22 15:29:33.447,17421,17423,17421,2,-2
2021-07-22 15:29:38.971,17422,17423,17422,1,1
2021-07-22 15:29:40.353,17421,17423,17421,2,-2
2021-07-22 15:29:41.137,17421,17423,17421,2,-2
2021-07-22 15:29:42.956,17421,17422,17421,2,-2
2021-07-22 15:29:43.921,17421,17422,17421,1,-1
2021-07-22 15:29:43.921,17421,17422,17420,1,-1
2021-07-22 15:29:44.623,17420,17422,17420,2,-2
2021-07-22 15:29:47.963,17421,17422,17421,1,1
2021-07-22 15:29:48.283,17421,17422,17421,1,-1
2021-07-22 15:29:48.571,17421,17422,17421,2,-2
2021-07-22 15:29:51.955,17420,17421,17421,1,1
2021-07-22 15:29:52.857,17420,17422,17420,2,-2
2021-07-22 15:29:57.261,17421,17422,17421,2,2
2021-07-22 15:29:57.430,17421,17422,17421,4,-4
2021-07-22 15:29:58.440,17421,17422,17421,1,-1
2021-07-22 15:29:58.627,17421,17422,17421,2,-2
2021-07-22 15:29:59.701,17421,17422,17422,2,2
2021-07-22 15:30:01.728,17421,17422,17421,1,-1
2021-07-22 15:30:01.728,17421,17422,17420,1,-1
2021-07-22 15:30:02.129,17421,17422,17421,1,1
2021-07-22 15:30:02.275,17420,17422,17422,1,1
2021-07-22 15:30:02.993,17420,17422,17420,1,-1
2021-07-22 15:30:03.137,17420,17422,17420,2,-2
2021-07-22 15:30:04.051,17420,17422,17422,1,1
2021-07-22 15:30:06.944,17421,17422,17422,1,1
2021-07-22 15:30:10.994,17422,17423,17422,1,-1
2021-07-22 15:30:17.736,17422,17423,17422,1,-1
2021-07-22 15:30:18.431,17422,17423,17423,2,2
2021-07-22 15:30:18.432,17422,17423,17423,1,1
2021-07-22 15:30:18.800,17422,17424,17422,3,-3
2021-07-22 15:30:21.491,17421,17422,17421,1,-1
2021-07-22 15:30:23.920,17421,17422,17422,1,1
2021-07-22 15:30:25.638,17422,17424,17422,1,-1
2021-07-22 15:30:26.278,17422,17424,17422,1,-1
2021-07-22 15:30:27.488,17423,17424,17423,1,1
2021-07-22 15:30:30.297,17423,17424,17424,4,4
2021-07-22 15:30:30.297,17423,17424,17424,7,7
2021-07-22 15:30:30.415,17424,17425,17425,2,2
2021-07-22 15:30:31.610,17423,17425,17423,1,-1
2021-07-22 15:30:34.848,17423,17425,17424,1,1
2021-07-22 15:30:37.218,17424,17425,17425,4,4
2021-07-22 15:30:38.413,17424,17425,17425,1,1
2021-07-22 15:30:39.642,17425,17426,17425,1,-1
2021-07-22 15:30:39.724,17425,17426,17425,1,-1
2021-07-22 15:30:40.059,17425,17426,17426,1,1
2021-07-22 15:30:42.596,17425,17426,17426,1,1
2021-07-22 15:30:48.668,17425,17426,17426,1,1
2021-07-22 15:30:48.710,17425,17426,17426,3,3
2021-07-22 15:30:48.928,17426,17427,17426,1,-1
2021-07-22 15:30:53.022,17426,17427,17427,1,1
2021-07-22 15:30:53.552,17426,17427,17426,1,-1
2021-07-22 15:30:53.908,17425,17427,17425,1,-1
2021-07-22 15:30:55.946,17425,17426,17426,1,1
2021-07-22 15:31:00.611,17425,17426,17425,3,-3
2021-07-22 15:31:03.216,17424,17426,17426,2,2
2021-07-22 15:31:03.334,17424,17426,17426,5,5
2021-07-22 15:31:04.274,17424,17426,17424,1,-1
2021-07-22 15:31:09.076,17425,17426,17425,1,1
2021-07-22 15:31:12.388,17425,17427,17427,1,1
2021-07-22 15:31:14.729,17425,17426,17426,1,1
2021-07-22 15:31:15.442,17425,17426,17426,1,1
2021-07-22 15:31:15.668,17425,17427,17427,1,1
2021-07-22 15:31:16.654,17425,17426,17425,1,-1
2021-07-22 15:31:16.654,17425,17426,17425,1,-1
2021-07-22 15:31:17.234,17424,17425,17425,1,1
2021-07-22 15:31:17.817,17424,17425,17424,4,-4
2021-07-22 15:31:19.944,17422,17424,17424,1,1
2021-07-22 15:31:28.492,17423,17424,17423,1,-1
2021-07-22 15:31:29.201,17423,17424,17423,2,-2
2021-07-22 15:31:33.070,17422,17423,17422,3,-3
2021-07-22 15:31:33.070,17422,17423,17422,2,-2
2021-07-22 15:31:39.600,17422,17423,17422,2,-2
2021-07-22 15:31:40.687,17421,17422,17422,1,1
2021-07-22 15:31:42.544,17421,17422,17421,3,-3
2021-07-22 15:31:42.545,17421,17422,17421,4,-4
2021-07-22 15:31:46.693,17420,17422,17422,1,1
2021-07-22 15:31:54.570,17421,17422,17421,1,-1
2021-07-22 15:31:57.058,17421,17422,17421,5,-5
2021-07-22 15:31:59.335,17421,17422,17421,2,-2
2021-07-22 15:32:03.198,17421,17422,17421,1,-1
2021-07-22 15:32:03.593,17421,17422,17421,1,-1
2021-07-22 15:32:13.720,17421,17422,17421,1,-1
2021-07-22 15:32:14.483,17421,17422,17421,1,-1
2021-07-22 15:32:14.483,17421,17422,17421,1,-1
2021-07-22 15:32:14.483,17421,17422,17421,1,-1
2021-07-22 15:32:19.255,17420,17421,17420,11,-11
2021-07-22 15:32:19.256,17420,17421,17420,5,-5
2021-07-22 15:32:19.406,17419,17420,17419,1,-1
2021-07-22 15:32:22.367,17419,17420,17419,3,-3
2021-07-22 15:32:27.173,17418,17419,17419,1,1
2021-07-22 15:32:29.882,17419,17420,17419,1,-1
2021-07-22 15:32:34.375,17418,17419,17419,1,1
2021-07-22 15:32:43.882,17419,17420,17419,5,-5
2021-07-22 15:32:45.525,17418,17419,17419,1,1
2021-07-22 15:32:51.944,17419,17420,17419,2,-2
2021-07-22 15:32:56.988,17419,17420,17420,4,4
2021-07-22 15:32:57.213,17420,17421,17420,1,-1
2021-07-22 15:33:00.533,17420,17421,17420,4,-4
2021-07-22 15:33:00.534,17420,17421,17420,3,-3
2021-07-22 15:33:01.125,17419,17420,17419,1,-1
2021-07-22 15:33:01.125,17419,17420,17419,1,-1
2021-07-22 15:33:01.472,17418,17419,17418,1,-1
2021-07-22 15:33:01.477,17418,17419,17418,1,-1
2021-07-22 15:33:01.477,17418,17419,17418,5,-5
2021-07-22 15:33:01.477,17418,17419,17418,3,-3
2021-07-22 15:33:01.513,17417,17418,17417,2,-2
2021-07-22 15:33:02.158,17417,17419,17417,2,-2
2021-07-22 15:33:03.201,17417,17419,17417,2,-2
2021-07-22 15:33:04.730,17417,17419,17419,1,1
2021-07-22 15:33:06.300,17417,17419,17417,2,-2
2021-07-22 15:33:06.469,17417,17419,17419,1,1
2021-07-22 15:33:06.552,17417,17419,17419,1,1
2021-07-22 15:33:15.765,17417,17419,17419,1,1
2021-07-22 15:33:21.677,17417,17418,17417,1,-1
2021-07-22 15:33:23.241,17417,17418,17417,1,-1
2021-07-22 15:33:24.295,17417,17418,17417,1,-1
2021-07-22 15:33:34.186,17417,17418,17417,2,-2
2021-07-22 15:33:34.608,17417,17418,17418,1,1
2021-07-22 15:33:35.008,17417,17418,17417,2,-2
2021-07-22 15:33:35.396,17417,17418,17418,1,1
2021-07-22 15:33:36.373,17417,17418,17418,1,1
2021-07-22 15:33:36.476,17417,17419,17418,1,-1
2021-07-22 15:33:36.476,17417,17419,17417,5,-5
2021-07-22 15:33:42.964,17418,17420,17418,1,1
2021-07-22 15:33:43.210,17418,17420,17418,1,-1
2021-07-22 15:33:53.938,17418,17419,17419,1,1
2021-07-22 15:34:01.033,17418,17420,17420,1,1
2021-07-22 15:34:06.236,17418,17419,17418,4,-4
2021-07-22 15:34:08.963,17418,17419,17419,1,1
2021-07-22 15:34:13.958,17419,17420,17419,2,-2
2021-07-22 15:34:17.733,17419,17420,17420,10,10
2021-07-22 15:34:18.274,17420,17421,17420,1,-1
2021-07-22 15:34:31.797,17417,17419,17417,2,-2
2021-07-22 15:34:37.404,17417,17418,17417,2,-2
2021-07-22 15:34:37.703,17417,17418,17417,1,-1
2021-07-22 15:34:38.904,17417,17418,17417,1,-1
2021-07-22 15:34:40.218,17417,17418,17417,1,-1
2021-07-22 15:34:43.094,17417,17418,17417,1,-1
2021-07-22 15:34:47.156,17416,17418,17416,1,-1
2021-07-22 15:34:47.402,17416,17418,17416,3,-3
2021-07-22 15:34:53.427,17416,17417,17416,1,-1
2021-07-22 15:34:53.427,17416,17417,17416,1,-1
2021-07-22 15:34:53.427,17416,17417,17416,4,-4
2021-07-22 15:34:53.427,17416,17417,17416,1,-1
2021-07-22 15:34:53.427,17416,17417,17416,5,-5
2021-07-22 15:34:53.428,17416,17417,17416,2,-2
2021-07-22 15:34:53.428,17416,17417,17416,1,-1
2021-07-22 15:34:53.428,17416,17417,17416,1,-1
2021-07-22 15:34:53.428,17416,17417,17416,1,-1
2021-07-22 15:34:53.874,17415,17416,17415,2,-2
2021-07-22 15:34:54.880,17415,17416,17415,1,-1
2021-07-22 15:34:54.880,17415,17416,17415,4,-4
2021-07-22 15:34:54.881,17415,17416,17415,1,-1
2021-07-22 15:34:54.881,17415,17416,17415,2,-2
2021-07-22 15:34:54.881,17415,17416,17415,8,-8
2021-07-22 15:34:56.623,17414,17415,17414,1,-1
2021-07-22 15:34:57.969,17414,17415,17414,1,-1
2021-07-22 15:34:58.206,17414,17415,17415,1,1
2021-07-22 15:34:59.194,17414,17415,17414,2,-2
2021-07-22 15:35:00.159,17414,17415,17414,1,-1
2021-07-22 15:35:00.260,17414,17415,17414,1,-1
2021-07-22 15:35:00.261,17414,17415,17413,1,-1
2021-07-22 15:35:00.425,17413,17415,17413,1,-1
2021-07-22 15:35:02.918,17414,17415,17415,1,1
2021-07-22 15:35:02.918,17414,17415,17415,2,2
2021-07-22 15:35:02.918,17414,17415,17415,1,1
2021-07-22 15:35:03.007,17415,17416,17415,1,-1
2021-07-22 15:35:03.007,17415,17416,17414,1,-1
2021-07-22 15:35:03.007,17415,17416,17414,1,-1
2021-07-22 15:35:03.009,17415,17416,17414,1,-1
2021-07-22 15:35:03.302,17414,17416,17414,1,-1
2021-07-22 15:35:03.428,17414,17416,17415,1,1
2021-07-22 15:35:06.060,17414,17416,17414,10,-10
2021-07-22 15:35:12.272,17414,17415,17415,1,1
2021-07-22 15:35:12.382,17415,17416,17415,1,-1
2021-07-22 15:35:12.382,17415,17416,17415,1,-1
2021-07-22 15:35:12.382,17415,17416,17414,1,-1
2021-07-22 15:35:15.489,17415,17416,17416,5,5
2021-07-22 15:35:16.872,17416,17417,17416,4,-4
2021-07-22 15:35:17.192,17415,17417,17417,1,1
2021-07-22 15:35:17.257,17416,17417,17416,1,-1
2021-07-22 15:35:17.257,17416,17417,17416,1,-1
2021-07-22 15:35:17.257,17416,17417,17416,1,-1
2021-07-22 15:35:17.258,17416,17417,17415,1,-1
2021-07-22 15:35:17.258,17416,17417,17415,1,-1
2021-07-22 15:35:17.258,17416,17417,17415,1,-1
2021-07-22 15:35:17.258,17416,17417,17415,1,-1
2021-07-22 15:35:17.258,17416,17417,17415,1,-1
2021-07-22 15:35:17.259,17416,17417,17415,1,-1
2021-07-22 15:35:22.716,17416,17417,17416,1,1
2021-07-22 15:35:24.209,17416,17417,17416,1,-1
2021-07-22 15:35:24.872,17416,17417,17417,6,6
2021-07-22 15:35:34.296,17417,17418,17418,1,1
2021-07-22 15:35:34.868,17417,17419,17417,2,-2
2021-07-22 15:35:35.646,17417,17419,17417,2,-2
2021-07-22 15:35:35.757,17417,17419,17417,1,-1
2021-07-22 15:35:35.759,17417,17419,17417,1,-1
2021-07-22 15:35:35.949,17417,17419,17417,1,-1
2021-07-22 15:35:39.142,17417,17418,17418,1,1
2021-07-22 15:35:39.442,17417,17419,17417,2,-2
2021-07-22 15:35:40.071,17417,17419,17417,2,-2
2021-07-22 15:35:40.132,17417,17419,17417,1,-1
2021-07-22 15:35:40.132,17417,17419,17417,1,-1
2021-07-22 15:35:40.132,17417,17419,17417,1,-1
2021-07-22 15:35:40.133,17417,17419,17417,1,-1
2021-07-22 15:35:40.133,17417,17419,17416,1,-1
2021-07-22 15:35:40.133,17417,17419,17416,1,-1
2021-07-22 15:35:40.133,17417,17419,17416,1,-1
2021-07-22 15:35:40.133,17417,17419,17416,1,-1
2021-07-22 15:35:40.133,17417,17419,17416,1,-1
2021-07-22 15:35:40.635,17416,17418,17417,1,1
2021-07-22 15:35:40.749,17416,17418,17416,2,-2
2021-07-22 15:35:42.954,17416,17417,17416,1,-1
2021-07-22 15:35:47.181,17416,17417,17417,2,2
2021-07-22 15:35:55.446,17417,17418,17418,2,2
2021-07-22 15:36:00.465,17417,17419,17419,3,3
2021-07-22 15:36:09.028,17418,17419,17419,1,1
2021-07-22 15:36:09.863,17418,17419,17419,1,1
2021-07-22 15:36:19.454,17419,17420,17420,1,1
2021-07-22 15:36:24.325,17419,17420,17420,1,1
2021-07-22 15:36:26.647,17419,17420,17420,6,6
2021-07-22 15:36:39.820,17420,17421,17420,1,-1
2021-07-22 15:36:39.820,17420,17421,17420,2,-2
2021-07-22 15:36:39.821,17420,17421,17420,1,-1
2021-07-22 15:36:58.161,17419,17420,17420,1,1
2021-07-22 15:37:02.693,17419,17421,17419,1,-1
2021-07-22 15:37:03.205,17419,17421,17419,3,-3
2021-07-22 15:37:03.205,17419,17421,17418,2,-2
2021-07-22 15:37:21.257,17420,17421,17420,1,1
2021-07-22 15:37:21.257,17420,17421,17420,4,-4
2021-07-22 15:37:33.156,17419,17420,17420,1,1
2021-07-22 15:37:46.090,17419,17420,17420,2,2
2021-07-22 15:37:56.351,17420,17421,17420,1,-1
2021-07-22 15:37:56.704,17419,17420,17419,1,-1
2021-07-22 15:37:56.704,17419,17420,17418,4,-4
2021-07-22 15:37:59.142,17418,17420,17418,5,-5
2021-07-22 15:38:15.913,17418,17420,17418,1,-1
2021-07-22 15:38:39.124,17418,17419,17419,1,1
2021-07-22 15:38:39.370,17418,17419,17419,2,2
2021-07-22 15:38:43.960,17419,17420,17419,1,-1
2021-07-22 15:38:44.585,17418,17419,17419,1,1
2021-07-22 15:38:45.466,17419,17420,17419,1,-1
2021-07-22 15:38:48.323,17419,17420,17420,4,4
2021-07-22 15:39:13.453,17419,17420,17420,1,1
2021-07-22 15:39:21.357,17420,17421,17421,1,1
2021-07-22 15:39:22.392,17420,17421,17420,1,-1
2021-07-22 15:39:22.392,17420,17421,17419,1,-1
2021-07-22 15:39:30.380,17420,17421,17420,2,2
2021-07-22 15:39:32.880,17420,17421,17421,11,11
2021-07-22 15:39:41.329,17420,17422,17422,2,2
2021-07-22 15:39:41.574,17420,17422,17422,8,8
2021-07-22 15:39:41.574,17420,17422,17423,5,5
2021-07-22 15:39:41.575,17420,17422,17422,1,1
2021-07-22 15:39:46.703,17420,17422,17422,1,1
2021-07-22 15:39:46.846,17420,17422,17422,1,1
2021-07-22 15:39:50.995,17420,17422,17422,2,2
2021-07-22 15:39:57.359,17420,17421,17420,1,-1
2021-07-22 15:40:02.638,17420,17421,17421,1,1
2021-07-22 15:40:10.114,17420,17421,17421,1,1
2021-07-22 15:40:12.025,17420,17422,17420,1,-1
2021-07-22 15:40:14.294,17420,17422,17422,2,2
2021-07-22 15:40:16.892,17421,17423,17421,1,-1
2021-07-22 15:40:23.672,17421,17423,17423,1,1
2021-07-22 15:40:39.847,17421,17422,17422,1,1
2021-07-22 15:40:43.714,17421,17422,17422,3,3
2021-07-22 15:40:44.099,17422,17423,17422,1,-1
2021-07-22 15:40:46.674,17422,17423,17423,1,1
2021-07-22 15:40:48.988,17422,17423,17423,1,1
2021-07-22 15:40:48.988,17422,17423,17423,4,4
2021-07-22 15:40:48.988,17422,17423,17423,1,1
2021-07-22 15:40:52.283,17423,17424,17423,1,-1
2021-07-22 15:40:57.435,17422,17423,17423,1,1
2021-07-22 15:41:02.011,17422,17423,17423,1,1
2021-07-22 15:41:04.261,17422,17423,17423,1,1
2021-07-22 15:41:11.903,17422,17423,17423,1,1
2021-07-22 15:41:28.738,17423,17424,17424,1,1
2021-07-22 15:41:28.744,17423,17424,17424,4,4
2021-07-22 15:41:28.745,17423,17424,17424,6,6
2021-07-22 15:41:33.920,17423,17424,17424,1,1
2021-07-22 15:41:37.849,17423,17424,17424,1,1
2021-07-22 15:41:40.563,17423,17424,17424,2,2
2021-07-22 15:41:44.988,17423,17424,17424,2,2
2021-07-22 15:41:45.725,17424,17425,17424,1,-1
2021-07-22 15:41:57.167,17424,17425,17425,1,1
2021-07-22 15:41:57.278,17424,17425,17425,2,2
2021-07-22 15:41:58.543,17424,17425,17425,1,1
2021-07-22 15:42:02.099,17424,17425,17425,5,5
2021-07-22 15:42:04.530,17424,17425,17425,10,10
2021-07-22 15:42:04.531,17424,17425,17425,2,2
2021-07-22 15:42:04.542,17424,17425,17425,1,1
2021-07-22 15:42:04.542,17424,17425,17426,1,1
2021-07-22 15:42:08.346,17425,17426,17425,1,-1
2021-07-22 15:42:08.346,17425,17426,17425,1,-1
2021-07-22 15:42:15.619,17424,17425,17424,6,-6
2021-07-22 15:42:15.619,17424,17425,17424,1,-1
2021-07-22 15:42:15.619,17424,17425,17424,3,-3
2021-07-22 15:42:16.155,17423,17424,17424,1,1
2021-07-22 15:42:17.805,17423,17424,17423,1,-1
2021-07-22 15:42:17.805,17423,17424,17423,1,-1
2021-07-22 15:42:17.805,17423,17424,17423,1,-1
2021-07-22 15:42:17.805,17423,17424,17423,5,-5
2021-07-22 15:42:17.805,17423,17424,17423,4,-4
2021-07-22 15:42:17.805,17423,17424,17423,2,-2
2021-07-22 15:42:17.805,17423,17424,17423,1,-1
2021-07-22 15:42:17.805,17423,17424,17423,2,-2
2021-07-22 15:42:28.073,17422,17423,17422,2,-2
2021-07-22 15:42:29.034,17421,17423,17423,1,1
2021-07-22 15:42:37.171,17421,17422,17422,1,1
2021-07-22 15:42:37.171,17421,17422,17423,1,1
2021-07-22 15:42:46.005,17422,17423,17423,4,4
2021-07-22 15:43:19.321,17423,17424,17423,1,-1
2021-07-22 15:43:19.805,17423,17424,17423,4,-4
2021-07-22 15:43:41.007,17422,17423,17423,1,1
2021-07-22 15:43:50.040,17422,17423,17423,1,1
2021-07-22 15:44:06.176,17422,17423,17422,1,-1
2021-07-22 15:44:06.787,17422,17423,17422,1,-1
2021-07-22 15:44:06.787,17422,17423,17421,3,-3
2021-07-22 15:44:19.100,17421,17423,17421,1,-1
2021-07-22 15:44:23.580,17422,17423,17422,4,4
2021-07-22 15:44:24.477,17421,17422,17421,1,-1
2021-07-22 15:44:25.917,17421,17422,17422,1,1
2021-07-22 15:44:26.913,17421,17422,17421,1,-1
2021-07-22 15:44:28.114,17421,17422,17421,2,-2
2021-07-22 15:44:28.114,17421,17422,17421,4,-4
2021-07-22 15:44:28.114,17421,17422,17421,2,-2
2021-07-22 15:44:29.023,17420,17421,17421,1,1
2021-07-22 15:44:33.068,17421,17422,17421,1,-1
2021-07-22 15:44:40.511,17420,17421,17421,1,1
2021-07-22 15:44:42.033,17420,17421,17421,1,1
2021-07-22 15:44:45.465,17421,17422,17421,1,-1
2021-07-22 15:44:50.778,17420,17421,17421,1,1
2021-07-22 15:44:51.853,17420,17421,17421,1,1
2021-07-22 15:44:52.722,17420,17421,17420,1,-1
2021-07-22 15:44:52.955,17420,17421,17420,1,-1
2021-07-22 15:44:59.840,17420,17421,17420,1,-1
2021-07-22 15:45:01.773,17420,17421,17420,2,-2
2021-07-22 15:45:07.605,17420,17421,17421,4,4
2021-07-22 15:45:16.419,17420,17421,17420,1,-1
2021-07-22 15:45:19.708,17420,17421,17420,1,-1
2021-07-22 15:45:24.608,17419,17421,17419,1,-1
2021-07-22 15:45:36.399,17419,17420,17419,2,-2
2021-07-22 15:45:36.399,17419,17420,17419,6,-6
2021-07-22 15:45:55.278,17419,17420,17420,5,5
2021-07-22 15:45:57.002,17420,17421,17421,1,1
2021-07-22 15:46:14.442,17421,17422,17421,1,-1
2021-07-22 15:46:15.241,17421,17422,17421,1,-1
2021-07-22 15:46:15.257,17421,17422,17422,1,1
2021-07-22 15:46:15.257,17421,17422,17422,1,1
2021-07-22 15:46:15.257,17421,17422,17423,1,1
2021-07-22 15:46:15.258,17421,17422,17423,1,1
2021-07-22 15:46:15.258,17421,17422,17423,1,1
2021-07-22 15:46:15.258,17421,17422,17423,1,1
2021-07-22 15:46:15.258,17421,17422,17423,1,1
2021-07-22 15:46:15.258,17421,17422,17423,1,1
2021-07-22 15:46:15.259,17421,17422,17424,1,1
2021-07-22 15:46:45.384,17421,17422,17421,1,-1
2021-07-22 15:46:45.384,17421,17422,17421,2,-2
2021-07-22 15:46:55.955,17420,17421,17421,1,1
2021-07-22 15:47:04.809,17421,17422,17421,1,-1
2021-07-22 15:47:06.652,17420,17421,17421,1,1
2021-07-22 15:47:14.422,17420,17421,17421,1,1
2021-07-22 15:47:22.299,17420,17421,17421,3,3
2021-07-22 15:47:36.616,17421,17422,17421,1,-1
2021-07-22 15:48:01.157,17421,17422,17422,1,1
2021-07-22 15:48:01.950,17421,17422,17422,11,11
2021-07-22 15:48:01.951,17421,17422,17422,3,3
2021-07-22 15:48:02.329,17422,17423,17423,1,1
2021-07-22 15:48:02.645,17422,17423,17423,1,1
2021-07-22 15:48:30.682,17423,17424,17423,1,-1
2021-07-22 15:48:37.709,17423,17424,17424,1,1
2021-07-22 15:48:37.709,17423,17424,17424,2,2
2021-07-22 15:48:43.884,17424,17425,17424,1,-1
2021-07-22 15:48:46.008,17423,17424,17424,2,2
2021-07-22 15:48:49.010,17424,17425,17425,3,3
2021-07-22 15:48:49.208,17424,17425,17424,1,-1
2021-07-22 15:48:55.275,17423,17424,17424,1,1
2021-07-22 15:48:59.791,17424,17425,17424,1,-1
2021-07-22 15:49:04.742,17423,17424,17423,1,-1
2021-07-22 15:49:04.742,17423,17424,17423,2,-2
2021-07-22 15:49:11.278,17422,17424,17424,2,2
2021-07-22 15:49:19.276,17421,17423,17423,1,1
2021-07-22 15:49:33.755,17423,17424,17423,2,-2
2021-07-22 15:49:34.811,17422,17424,17424,1,1
2021-07-22 15:49:35.479,17422,17424,17422,2,-2
2021-07-22 15:50:00.787,17422,17423,17423,1,1
2021-07-22 15:50:03.515,17421,17423,17421,2,-2
2021-07-22 15:50:15.499,17422,17423,17423,1,1
2021-07-22 15:50:19.258,17423,17424,17423,1,-1
2021-07-22 15:50:20.778,17423,17424,17423,2,-2
2021-07-22 15:50:26.962,17422,17423,17423,1,1
2021-07-22 15:50:27.780,17423,17424,17423,1,-1
2021-07-22 15:50:28.582,17423,17424,17424,1,1
2021-07-22 15:50:34.392,17423,17424,17424,1,1
2021-07-22 15:50:52.603,17423,17424,17424,1,1
2021-07-22 15:50:55.406,17423,17424,17424,2,2
2021-07-22 15:51:00.744,17423,17424,17424,1,1
2021-07-22 15:51:02.360,17423,17424,17424,2,2
2021-07-22 15:51:03.195,17423,17424,17424,1,1
2021-07-22 15:51:03.195,17423,17424,17424,7,7
2021-07-22 15:51:09.873,17424,17425,17424,2,-2
2021-07-22 15:51:10.799,17424,17425,17424,1,-1
2021-07-22 15:51:11.834,17423,17425,17423,1,-1
2021-07-22 15:51:19.704,17423,17424,17423,1,-1
2021-07-22 15:51:32.167,17423,17424,17423,3,-3
2021-07-22 15:51:32.167,17423,17424,17423,2,-2
2021-07-22 15:51:32.168,17423,17424,17423,1,-1
2021-07-22 15:51:36.604,17422,17423,17423,1,1
2021-07-22 15:51:42.088,17422,17424,17422,1,-1
2021-07-22 15:52:39.417,17421,17422,17421,1,-1
2021-07-22 15:52:53.231,17420,17421,17421,1,1
2021-07-22 15:53:09.208,17421,17422,17421,1,-1
2021-07-22 15:53:24.814,17421,17422,17421,7,-7
2021-07-22 15:53:24.814,17421,17422,17421,2,-2
2021-07-22 15:53:51.769,17420,17421,17421,1,1
2021-07-22 15:53:51.769,17420,17421,17421,5,5
2021-07-22 15:54:08.531,17420,17421,17421,1,1
2021-07-22 15:54:18.319,17420,17421,17421,2,2
2021-07-22 15:54:18.319,17420,17421,17421,2,2
2021-07-22 15:54:19.339,17421,17422,17422,1,1
2021-07-22 15:54:28.100,17422,17423,17423,1,1
2021-07-22 15:54:35.206,17422,17423,17423,13,13
2021-07-22 15:54:35.207,17422,17423,17423,2,2
2021-07-22 15:54:35.207,17422,17423,17423,2,2
2021-07-22 15:54:37.335,17423,17424,17424,1,1
2021-07-22 15:54:37.341,17423,17424,17424,3,3
2021-07-22 15:55:07.061,17423,17424,17424,1,1
2021-07-22 15:55:10.598,17423,17425,17423,2,-2
2021-07-22 15:55:12.589,17424,17425,17424,1,1
2021-07-22 15:55:40.599,17423,17424,17424,2,2
2021-07-22 15:55:40.599,17423,17424,17424,5,5
2021-07-22 15:55:40.746,17424,17425,17425,1,1
2021-07-22 15:55:42.505,17424,17425,17425,5,5
2021-07-22 15:55:42.505,17424,17425,17425,1,1
2021-07-22 15:55:42.506,17424,17425,17425,6,6
2021-07-22 15:55:44.436,17425,17426,17426,1,1
2021-07-22 15:55:55.334,17425,17426,17426,1,1
2021-07-22 15:55:55.758,17425,17426,17426,2,2
2021-07-22 15:55:56.785,17425,17426,17426,1,1
2021-07-22 15:55:57.969,17425,17426,17426,1,1
2021-07-22 15:55:59.135,17425,17426,17426,1,1
2021-07-22 15:56:00.131,17425,17426,17426,1,1
2021-07-22 15:56:00.136,17425,17426,17426,1,1
2021-07-22 15:56:07.920,17426,17427,17427,2,2
2021-07-22 15:56:08.163,17426,17427,17427,2,2
2021-07-22 15:56:08.603,17426,17427,17427,2,2
2021-07-22 15:56:09.324,17426,17427,17426,2,-2
2021-07-22 15:56:09.785,17426,17427,17427,2,2
2021-07-22 15:56:09.787,17426,17427,17426,1,-1
2021-07-22 15:56:10.944,17426,17427,17427,2,2
2021-07-22 15:56:11.607,17426,17427,17427,2,2
2021-07-22 15:56:12.336,17426,17427,17427,2,2
2021-07-22 15:56:13.135,17426,17427,17426,1,-1
2021-07-22 15:56:13.135,17426,17427,17426,1,-1
2021-07-22 15:56:13.529,17425,17426,17426,1,1
2021-07-22 15:56:13.529,17425,17426,17427,1,1
2021-07-22 15:56:13.769,17425,17427,17427,4,4
2021-07-22 15:56:15.834,17426,17427,17427,1,1
2021-07-22 15:56:16.718,17426,17427,17427,2,2
2021-07-22 15:56:18.035,17426,17428,17428,2,2
2021-07-22 15:56:18.654,17426,17428,17428,2,2
2021-07-22 15:56:19.588,17426,17428,17428,2,2
2021-07-22 15:56:20.902,17427,17428,17428,2,2
2021-07-22 15:56:22.159,17427,17428,17428,2,2
2021-07-22 15:56:22.255,17427,17428,17428,2,2
2021-07-22 15:56:23.195,17427,17429,17429,2,2
2021-07-22 15:56:23.468,17427,17429,17429,1,1
2021-07-22 15:56:23.974,17427,17429,17429,2,2
2021-07-22 15:56:25.479,17427,17429,17429,2,2
2021-07-22 15:56:26.555,17427,17429,17429,2,2
2021-07-22 15:56:29.907,17427,17429,17429,1,1
2021-07-22 15:56:31.924,17428,17429,17429,1,1
2021-07-22 15:56:33.660,17428,17429,17429,2,2
2021-07-22 15:56:34.559,17428,17429,17429,2,2
2021-07-22 15:56:39.203,17428,17429,17429,1,1
2021-07-22 15:56:44.117,17428,17429,17428,1,-1
2021-07-22 15:56:44.117,17428,17429,17428,2,-2
2021-07-22 15:56:47.708,17427,17428,17428,2,2
2021-07-22 15:56:49.630,17427,17428,17428,1,1
2021-07-22 15:56:50.123,17427,17428,17428,1,1
2021-07-22 15:56:53.467,17427,17428,17428,1,1
2021-07-22 15:56:55.054,17427,17428,17428,1,1
2021-07-22 15:56:59.787,17427,17428,17428,1,1
2021-07-22 15:57:04.355,17427,17428,17428,3,3
2021-07-22 15:57:04.385,17428,17429,17429,1,1
2021-07-22 15:57:04.390,17428,17429,17429,1,1
2021-07-22 15:57:11.855,17428,17429,17429,2,2
2021-07-22 15:57:11.882,17428,17429,17429,1,1
2021-07-22 15:57:11.883,17428,17429,17430,1,1
2021-07-22 15:57:14.131,17428,17429,17429,1,1
2021-07-22 15:57:14.131,17428,17429,17430,4,4
2021-07-22 15:57:14.257,17428,17429,17429,1,1
2021-07-22 15:57:14.257,17428,17429,17430,1,1
