2020-06-17 15:00:00.010,11385,11386,11385,121,-121
2020-06-17 15:00:00.011,11383,11385,11383,1,-1
2020-06-17 15:00:00.012,11383,11385,11383,1,-1
2020-06-17 15:00:00.047,11382,11385,11382,1,-1
2020-06-17 15:00:00.070,11382,11385,11385,3,3
2020-06-17 15:00:00.109,11382,11385,11385,1,1
2020-06-17 15:00:00.125,11382,11385,11382,1,-1
2020-06-17 15:00:00.176,11382,11385,11384,1,1
2020-06-17 15:00:00.226,11382,11384,11384,1,1
2020-06-17 15:00:00.267,11382,11384,11383,1,-1
2020-06-17 15:00:00.279,11382,11384,11382,1,-1
2020-06-17 15:00:00.279,11382,11384,11381,2,-2
2020-06-17 15:00:00.279,11382,11384,11380,1,-1
2020-06-17 15:00:00.322,11382,11384,11382,1,1
2020-06-17 15:00:00.322,11382,11384,11383,1,1
2020-06-17 15:00:00.340,11381,11383,11381,1,-1
2020-06-17 15:00:00.348,11381,11383,11381,1,-1
2020-06-17 15:00:00.445,11381,11383,11383,2,2
2020-06-17 15:00:00.462,11381,11383,11381,2,-2
2020-06-17 15:00:00.504,11381,11383,11380,1,-1
2020-06-17 15:00:00.512,11381,11383,11380,1,-1
2020-06-17 15:00:00.639,11380,11382,11380,3,-3
2020-06-17 15:00:00.661,11380,11382,11380,2,-2
2020-06-17 15:00:00.682,11380,11382,11381,2,2
2020-06-17 15:00:00.682,11380,11382,11381,1,-1
2020-06-17 15:00:00.698,11380,11382,11380,1,-1
2020-06-17 15:00:00.712,11380,11382,11380,5,-5
2020-06-17 15:00:00.717,11380,11382,11379,4,-4
2020-06-17 15:00:00.733,11380,11382,11378,1,-1
2020-06-17 15:00:00.734,11380,11382,11379,1,1
2020-06-17 15:00:00.742,11380,11382,11378,1,-1
2020-06-17 15:00:00.851,11378,11379,11378,1,-1
2020-06-17 15:00:00.868,11378,11379,11377,2,-2
2020-06-17 15:00:00.871,11378,11379,11377,1,-1
2020-06-17 15:00:00.967,11376,11378,11376,4,-4
2020-06-17 15:00:00.976,11376,11378,11375,2,-2
2020-06-17 15:00:01.064,11376,11378,11375,2,-2
2020-06-17 15:00:01.078,11375,11377,11375,1,-1
2020-06-17 15:00:01.137,11375,11377,11375,1,-1
2020-06-17 15:00:01.147,11375,11377,11375,1,-1
2020-06-17 15:00:01.148,11375,11377,11375,1,-1
2020-06-17 15:00:01.156,11375,11377,11376,2,2
2020-06-17 15:00:01.156,11375,11377,11377,5,5
2020-06-17 15:00:01.156,11375,11377,11378,9,9
2020-06-17 15:00:01.173,11375,11377,11377,1,1
2020-06-17 15:00:01.189,11375,11377,11376,1,-1
2020-06-17 15:00:01.199,11376,11377,11376,1,-1
2020-06-17 15:00:01.207,11376,11377,11377,1,1
2020-06-17 15:00:01.348,11376,11377,11376,2,-2
2020-06-17 15:00:01.422,11376,11377,11377,2,2
2020-06-17 15:00:01.422,11376,11377,11378,2,2
2020-06-17 15:00:01.422,11376,11377,11379,2,2
2020-06-17 15:00:01.448,11376,11377,11379,3,3
2020-06-17 15:00:01.448,11376,11377,11380,3,3
2020-06-17 15:00:01.509,11379,11381,11379,1,-1
2020-06-17 15:00:01.514,11379,11381,11379,1,-1
2020-06-17 15:00:01.689,11378,11380,11378,2,-2
2020-06-17 15:00:01.721,11378,11379,11378,2,-2
2020-06-17 15:00:01.722,11378,11379,11378,1,-1
2020-06-17 15:00:01.812,11378,11379,11377,2,-2
2020-06-17 15:00:01.931,11377,11378,11377,1,-1
2020-06-17 15:00:01.980,11376,11377,11376,1,-1
2020-06-17 15:00:01.980,11376,11377,11375,1,-1
2020-06-17 15:00:02.013,11376,11377,11377,1,1
2020-06-17 15:00:02.022,11376,11377,11376,2,-2
2020-06-17 15:00:02.160,11376,11377,11376,3,-3
2020-06-17 15:00:02.164,11376,11377,11375,1,-1
2020-06-17 15:00:02.186,11376,11377,11375,3,-3
2020-06-17 15:00:02.210,11375,11377,11375,1,-1
2020-06-17 15:00:02.210,11375,11377,11374,3,-3
2020-06-17 15:00:02.215,11375,11377,11374,1,-1
2020-06-17 15:00:02.220,11375,11377,11374,1,-1
2020-06-17 15:00:02.255,11375,11377,11374,1,-1
2020-06-17 15:00:02.298,11375,11377,11374,1,-1
2020-06-17 15:00:02.383,11374,11376,11374,1,-1
2020-06-17 15:00:02.444,11374,11376,11374,2,-2
2020-06-17 15:00:03.304,11373,11375,11373,2,-2
2020-06-17 15:00:03.353,11373,11375,11373,1,-1
2020-06-17 15:00:03.360,11373,11375,11373,1,-1
2020-06-17 15:00:03.366,11373,11375,11373,1,-1
2020-06-17 15:00:03.387,11373,11375,11373,1,-1
2020-06-17 15:00:03.419,11373,11375,11374,5,5
2020-06-17 15:00:03.447,11373,11375,11373,4,-4
2020-06-17 15:00:03.475,11373,11374,11373,1,-1
2020-06-17 15:00:03.495,11373,11374,11373,4,-4
2020-06-17 15:00:03.575,11372,11374,11374,3,3
2020-06-17 15:00:03.584,11372,11374,11375,1,1
2020-06-17 15:00:03.700,11375,11377,11377,7,7
2020-06-17 15:00:03.765,11375,11377,11378,4,4
2020-06-17 15:00:03.765,11375,11377,11379,1,1
2020-06-17 15:00:03.840,11377,11379,11379,2,2
2020-06-17 15:00:03.949,11377,11379,11378,1,-1
2020-06-17 15:00:03.949,11377,11379,11377,2,-2
2020-06-17 15:00:03.963,11376,11378,11377,1,-1
2020-06-17 15:00:04.000,11376,11378,11376,1,-1
2020-06-17 15:00:04.322,11375,11377,11375,1,-1
2020-06-17 15:00:04.849,11375,11376,11376,1,1
2020-06-17 15:00:04.885,11375,11376,11376,1,1
2020-06-17 15:00:04.993,11375,11376,11375,4,-4
2020-06-17 15:00:05.937,11374,11375,11374,1,-1
2020-06-17 15:00:06.102,11374,11375,11375,1,1
2020-06-17 15:00:06.393,11374,11375,11375,2,2
2020-06-17 15:00:06.393,11374,11375,11376,1,1
2020-06-17 15:00:06.575,11375,11376,11376,1,1
2020-06-17 15:00:06.681,11375,11376,11377,1,1
2020-06-17 15:00:06.700,11376,11377,11377,4,4
2020-06-17 15:00:08.119,11375,11376,11376,5,5
2020-06-17 15:00:08.184,11375,11376,11375,1,-1
2020-06-17 15:00:08.295,11375,11376,11375,2,-2
2020-06-17 15:00:08.534,11374,11375,11374,1,-1
2020-06-17 15:00:08.549,11374,11375,11375,1,1
2020-06-17 15:00:08.590,11374,11375,11374,1,-1
2020-06-17 15:00:08.599,11374,11375,11375,1,1
2020-06-17 15:00:08.614,11374,11375,11375,1,1
2020-06-17 15:00:08.912,11374,11375,11375,1,1
2020-06-17 15:00:09.724,11374,11375,11375,1,1
2020-06-17 15:00:09.803,11374,11375,11375,1,1
2020-06-17 15:00:10.450,11376,11378,11378,7,7
2020-06-17 15:00:11.019,11376,11378,11376,2,-2
2020-06-17 15:00:11.396,11375,11378,11375,1,-1
2020-06-17 15:00:11.470,11375,11378,11375,5,-5
2020-06-17 15:00:11.470,11375,11378,11374,10,-10
2020-06-17 15:00:11.600,11374,11375,11374,1,-1
2020-06-17 15:00:11.611,11374,11375,11375,1,1
2020-06-17 15:00:11.700,11374,11375,11375,2,2
2020-06-17 15:00:11.908,11374,11376,11374,1,-1
2020-06-17 15:00:12.251,11375,11376,11375,1,1
2020-06-17 15:00:12.440,11374,11375,11374,1,-1
2020-06-17 15:00:12.568,11373,11375,11373,1,-1
2020-06-17 15:00:12.950,11374,11375,11375,4,4
2020-06-17 15:00:13.279,11374,11376,11376,5,5
2020-06-17 15:00:14.209,11375,11376,11375,1,-1
2020-06-17 15:00:14.459,11374,11375,11376,5,5
2020-06-17 15:00:14.476,11374,11375,11377,1,1
2020-06-17 15:00:14.481,11374,11375,11375,1,1
2020-06-17 15:00:14.894,11375,11376,11375,1,-1
2020-06-17 15:00:15.456,11374,11376,11374,1,-1
2020-06-17 15:00:15.459,11374,11376,11374,1,-1
2020-06-17 15:00:15.468,11374,11376,11374,1,-1
2020-06-17 15:00:15.477,11374,11376,11374,1,-1
2020-06-17 15:00:15.870,11374,11376,11375,2,2
2020-06-17 15:00:15.950,11374,11375,11374,3,-3
2020-06-17 15:00:17.508,11374,11376,11374,2,-2
2020-06-17 15:00:18.306,11374,11375,11374,2,-2
2020-06-17 15:00:18.843,11373,11374,11374,1,1
2020-06-17 15:00:19.233,11373,11375,11373,1,-1
2020-06-17 15:00:19.395,11373,11375,11373,5,-5
2020-06-17 15:00:19.450,11373,11374,11373,8,-8
2020-06-17 15:00:19.457,11373,11374,11372,1,-1
2020-06-17 15:00:19.519,11373,11374,11372,6,-6
2020-06-17 15:00:19.557,11373,11374,11371,1,-1
2020-06-17 15:00:19.558,11373,11374,11371,2,-2
2020-06-17 15:00:19.661,11371,11372,11371,1,-1
2020-06-17 15:00:19.761,11370,11372,11370,1,-1
2020-06-17 15:00:19.791,11370,11372,11370,1,-1
2020-06-17 15:00:19.861,11370,11372,11370,1,-1
2020-06-17 15:00:19.861,11370,11372,11370,1,-1
2020-06-17 15:00:20.016,11370,11371,11371,1,1
2020-06-17 15:00:20.025,11370,11371,11371,1,1
2020-06-17 15:00:20.365,11371,11373,11373,3,3
2020-06-17 15:00:20.470,11372,11373,11373,1,1
2020-06-17 15:00:20.568,11372,11373,11372,1,-1
2020-06-17 15:00:20.568,11372,11373,11371,1,-1
2020-06-17 15:00:21.102,11371,11373,11371,6,-6
2020-06-17 15:00:21.322,11370,11372,11372,2,2
2020-06-17 15:00:21.344,11370,11372,11370,7,-7
2020-06-17 15:00:21.497,11370,11371,11370,6,-6
2020-06-17 15:00:21.545,11370,11371,11370,1,-1
2020-06-17 15:00:21.669,11369,11371,11370,1,-1
2020-06-17 15:00:21.700,11369,11370,11369,13,-13
2020-06-17 15:00:22.132,11368,11370,11368,1,-1
2020-06-17 15:00:22.482,11368,11370,11370,2,2
2020-06-17 15:00:23.120,11368,11370,11370,1,1
2020-06-17 15:00:23.200,11370,11371,11371,1,1
2020-06-17 15:00:23.548,11370,11372,11370,2,-2
2020-06-17 15:00:23.693,11369,11372,11369,1,-1
2020-06-17 15:00:23.706,11369,11371,11369,1,-1
2020-06-17 15:00:23.823,11369,11371,11369,1,-1
2020-06-17 15:00:23.823,11369,11371,11369,1,-1
2020-06-17 15:00:24.128,11369,11371,11369,1,-1
2020-06-17 15:00:24.128,11369,11371,11368,2,-2
2020-06-17 15:00:24.234,11368,11370,11368,2,-2
2020-06-17 15:00:24.334,11368,11370,11368,1,-1
2020-06-17 15:00:24.334,11368,11370,11368,1,-1
2020-06-17 15:00:24.536,11367,11369,11367,1,-1
2020-06-17 15:00:24.841,11367,11369,11367,1,-1
2020-06-17 15:00:24.841,11367,11369,11367,1,-1
2020-06-17 15:00:24.940,11367,11369,11367,1,-1
2020-06-17 15:00:24.940,11367,11369,11367,2,-2
2020-06-17 15:00:25.040,11367,11369,11367,1,-1
2020-06-17 15:00:25.040,11367,11369,11368,1,1
2020-06-17 15:00:26.062,11367,11369,11367,4,-4
2020-06-17 15:00:26.076,11366,11368,11366,1,-1
2020-06-17 15:00:28.393,11367,11368,11368,1,1
2020-06-17 15:00:28.574,11367,11369,11367,3,-3
2020-06-17 15:00:28.733,11367,11369,11367,2,-2
2020-06-17 15:00:28.733,11367,11369,11366,1,-1
2020-06-17 15:00:29.039,11367,11369,11367,2,2
2020-06-17 15:00:29.141,11367,11368,11367,1,-1
2020-06-17 15:00:29.142,11367,11368,11367,1,-1
2020-06-17 15:00:29.163,11367,11368,11366,1,-1
2020-06-17 15:00:29.242,11366,11368,11367,1,1
2020-06-17 15:00:29.242,11366,11368,11366,1,-1
2020-06-17 15:00:29.261,11366,11368,11366,2,-2
2020-06-17 15:00:29.349,11366,11367,11366,1,-1
2020-06-17 15:00:29.349,11366,11367,11366,1,-1
2020-06-17 15:00:29.450,11366,11367,11366,1,-1
2020-06-17 15:00:29.472,11366,11367,11366,4,-4
2020-06-17 15:00:29.491,11366,11367,11366,2,-2
2020-06-17 15:00:29.491,11366,11367,11366,1,-1
2020-06-17 15:00:29.654,11366,11367,11366,4,-4
2020-06-17 15:00:29.654,11366,11367,11366,7,-7
2020-06-17 15:00:29.655,11366,11367,11366,2,-2
2020-06-17 15:00:29.755,11365,11367,11365,2,-2
2020-06-17 15:00:29.756,11365,11367,11365,2,-2
2020-06-17 15:00:29.810,11365,11367,11365,2,-2
2020-06-17 15:00:29.810,11365,11367,11365,3,-3
2020-06-17 15:00:29.865,11363,11365,11364,2,-2
2020-06-17 15:00:29.962,11364,11365,11365,1,1
2020-06-17 15:00:29.962,11364,11365,11364,2,-2
2020-06-17 15:00:30.163,11363,11365,11363,4,-4
2020-06-17 15:00:30.164,11363,11365,11363,1,-1
2020-06-17 15:00:30.164,11363,11365,11362,1,-1
2020-06-17 15:00:30.272,11362,11364,11363,2,2
2020-06-17 15:00:30.325,11363,11364,11364,1,1
2020-06-17 15:00:30.371,11363,11364,11363,2,-2
2020-06-17 15:00:30.472,11363,11364,11363,2,-2
2020-06-17 15:00:30.693,11362,11364,11362,2,-2
2020-06-17 15:00:30.693,11362,11364,11362,6,-6
2020-06-17 15:00:30.693,11362,11364,11361,10,-10
2020-06-17 15:00:30.693,11362,11364,11360,2,-2
2020-06-17 15:00:31.006,11361,11363,11363,1,1
2020-06-17 15:00:31.139,11361,11363,11363,1,1
2020-06-17 15:00:31.200,11362,11364,11364,7,7
2020-06-17 15:00:31.310,11362,11364,11363,1,-1
2020-06-17 15:00:31.325,11362,11364,11364,5,5
2020-06-17 15:00:31.392,11362,11364,11363,2,-2
2020-06-17 15:00:31.413,11362,11364,11362,1,-1
2020-06-17 15:00:31.431,11362,11364,11362,1,-1
2020-06-17 15:00:31.467,11362,11364,11362,2,-2
2020-06-17 15:00:31.589,11362,11364,11362,2,-2
2020-06-17 15:00:31.761,11362,11364,11362,2,-2
2020-06-17 15:00:31.823,11362,11364,11362,1,-1
2020-06-17 15:00:31.937,11362,11364,11362,1,-1
2020-06-17 15:00:32.200,11363,11364,11364,1,1
2020-06-17 15:00:32.223,11363,11364,11363,5,-5
2020-06-17 15:00:32.545,11363,11364,11364,1,1
2020-06-17 15:00:32.594,11363,11365,11365,1,1
2020-06-17 15:00:32.621,11363,11365,11365,4,4
2020-06-17 15:00:32.792,11364,11366,11366,1,1
2020-06-17 15:00:32.825,11365,11366,11366,4,4
2020-06-17 15:00:32.852,11365,11366,11367,1,1
2020-06-17 15:00:32.950,11366,11367,11367,3,3
2020-06-17 15:00:33.075,11366,11368,11368,1,1
2020-06-17 15:00:35.040,11368,11369,11368,1,-1
2020-06-17 15:00:35.535,11368,11369,11368,5,-5
2020-06-17 15:00:36.575,11368,11369,11369,1,1
2020-06-17 15:00:37.316,11367,11369,11369,2,2
2020-06-17 15:00:37.626,11367,11369,11367,3,-3
2020-06-17 15:00:38.367,11367,11369,11369,1,1
2020-06-17 15:00:38.450,11368,11369,11369,3,3
2020-06-17 15:00:38.691,11368,11370,11368,3,-3
2020-06-17 15:00:39.143,11367,11369,11367,5,-5
2020-06-17 15:00:39.143,11367,11369,11366,9,-9
2020-06-17 15:00:39.143,11367,11369,11365,9,-9
2020-06-17 15:00:39.143,11367,11369,11364,12,-12
2020-06-17 15:00:39.143,11367,11369,11363,4,-4
2020-06-17 15:00:39.143,11367,11369,11362,15,-15
2020-06-17 15:00:39.143,11367,11369,11361,6,-6
2020-06-17 15:00:39.284,11362,11364,11364,1,1
2020-06-17 15:00:39.411,11362,11364,11364,6,6
2020-06-17 15:00:39.450,11364,11365,11365,2,2
2020-06-17 15:00:39.761,11363,11365,11365,1,1
2020-06-17 15:00:39.796,11363,11365,11365,1,1
2020-06-17 15:00:40.014,11363,11365,11365,2,2
2020-06-17 15:00:40.980,11364,11365,11365,1,1
2020-06-17 15:00:41.479,11364,11365,11365,4,4
2020-06-17 15:00:41.504,11364,11365,11366,1,1
2020-06-17 15:00:42.142,11366,11367,11367,1,1
2020-06-17 15:00:42.555,11366,11367,11367,1,1
2020-06-17 15:00:42.555,11366,11367,11367,1,1
2020-06-17 15:00:43.483,11366,11367,11366,1,-1
2020-06-17 15:00:44.008,11366,11367,11366,1,-1
2020-06-17 15:00:45.007,11365,11366,11366,1,1
2020-06-17 15:00:45.787,11365,11366,11366,1,1
2020-06-17 15:00:49.271,11366,11367,11367,1,1
2020-06-17 15:00:49.880,11366,11367,11367,1,1
2020-06-17 15:00:51.238,11366,11368,11366,1,-1
2020-06-17 15:00:51.408,11366,11367,11366,2,-2
2020-06-17 15:00:51.599,11366,11367,11366,1,-1
2020-06-17 15:00:52.114,11366,11367,11367,3,3
2020-06-17 15:00:52.843,11366,11367,11367,1,1
2020-06-17 15:00:53.462,11366,11368,11368,5,5
2020-06-17 15:00:53.463,11366,11368,11367,1,-1
2020-06-17 15:00:53.469,11366,11368,11367,1,-1
2020-06-17 15:00:53.774,11367,11368,11367,1,-1
2020-06-17 15:00:54.245,11367,11368,11367,1,-1
2020-06-17 15:00:54.245,11367,11368,11367,1,-1
2020-06-17 15:00:57.003,11367,11368,11367,1,-1
2020-06-17 15:00:58.279,11367,11368,11367,2,-2
2020-06-17 15:00:59.094,11367,11368,11368,3,3
2020-06-17 15:00:59.094,11367,11368,11368,1,1
2020-06-17 15:00:59.095,11367,11368,11368,17,17
2020-06-17 15:00:59.670,11368,11369,11368,4,-4
2020-06-17 15:00:59.750,11367,11369,11369,11,11
2020-06-17 15:00:59.750,11367,11369,11370,2,2
2020-06-17 15:00:59.987,11368,11369,11368,1,-1
2020-06-17 15:01:00.114,11368,11369,11369,1,1
2020-06-17 15:01:00.217,11368,11370,11369,1,-1
2020-06-17 15:01:00.687,11369,11370,11369,2,-2
2020-06-17 15:01:00.819,11369,11370,11369,1,-1
2020-06-17 15:01:00.889,11368,11370,11368,1,-1
2020-06-17 15:01:00.944,11368,11370,11368,1,-1
2020-06-17 15:01:00.982,11368,11369,11368,1,-1
2020-06-17 15:01:01.107,11368,11369,11368,1,-1
2020-06-17 15:01:01.386,11367,11369,11368,1,-1
2020-06-17 15:01:01.569,11368,11369,11369,4,4
2020-06-17 15:01:01.615,11369,11370,11370,1,1
2020-06-17 15:01:02.270,11369,11370,11370,2,2
2020-06-17 15:01:02.460,11369,11370,11370,2,2
2020-06-17 15:01:02.661,11369,11371,11369,2,-2
2020-06-17 15:01:03.110,11369,11371,11371,1,1
2020-06-17 15:01:03.305,11369,11371,11370,1,-1
2020-06-17 15:01:03.943,11370,11371,11371,1,1
2020-06-17 15:01:04.567,11370,11371,11371,2,2
2020-06-17 15:01:05.040,11370,11371,11370,2,-2
2020-06-17 15:01:05.370,11370,11371,11371,1,1
2020-06-17 15:01:05.405,11370,11371,11372,1,1
2020-06-17 15:01:06.409,11370,11372,11372,7,7
2020-06-17 15:01:06.413,11370,11372,11372,1,1
2020-06-17 15:01:06.762,11371,11372,11372,2,2
2020-06-17 15:01:06.824,11371,11372,11372,1,1
2020-06-17 15:01:07.137,11371,11372,11372,1,1
2020-06-17 15:01:07.414,11371,11372,11372,1,1
2020-06-17 15:01:07.678,11371,11372,11372,1,1
2020-06-17 15:01:08.923,11372,11373,11372,3,-3
2020-06-17 15:01:08.923,11372,11373,11372,1,-1
2020-06-17 15:01:08.951,11371,11373,11373,1,1
2020-06-17 15:01:08.955,11371,11373,11373,1,1
2020-06-17 15:01:09.416,11372,11373,11373,1,1
2020-06-17 15:01:09.418,11372,11373,11373,1,1
2020-06-17 15:01:10.166,11372,11373,11373,3,3
2020-06-17 15:01:10.403,11372,11374,11372,1,-1
2020-06-17 15:01:10.661,11372,11373,11373,1,1
2020-06-17 15:01:10.959,11372,11374,11374,1,1
2020-06-17 15:01:11.026,11372,11374,11374,1,1
2020-06-17 15:01:11.816,11373,11374,11373,1,-1
2020-06-17 15:01:11.816,11373,11374,11373,1,-1
2020-06-17 15:01:11.963,11372,11373,11373,1,1
2020-06-17 15:01:12.113,11372,11374,11373,1,-1
2020-06-17 15:01:12.459,11372,11373,11373,1,1
2020-06-17 15:01:12.459,11372,11373,11374,4,4
2020-06-17 15:01:13.747,11372,11374,11374,2,2
2020-06-17 15:01:15.226,11372,11373,11373,1,1
2020-06-17 15:01:15.390,11372,11373,11373,1,1
2020-06-17 15:01:15.479,11372,11373,11373,1,1
2020-06-17 15:01:16.316,11372,11373,11373,1,1
2020-06-17 15:01:16.353,11372,11373,11373,1,1
2020-06-17 15:01:16.949,11371,11373,11373,1,1
2020-06-17 15:01:17.275,11371,11372,11372,1,1
2020-06-17 15:01:17.305,11371,11372,11372,1,1
2020-06-17 15:01:18.118,11372,11373,11373,1,1
2020-06-17 15:01:18.421,11372,11373,11373,2,2
2020-06-17 15:01:18.940,11372,11373,11373,1,1
2020-06-17 15:01:19.280,11372,11373,11372,1,-1
2020-06-17 15:01:19.405,11372,11373,11373,1,1
2020-06-17 15:01:20.076,11372,11374,11374,1,1
2020-06-17 15:01:20.182,11372,11374,11374,1,1
2020-06-17 15:01:20.301,11373,11374,11374,2,2
2020-06-17 15:01:20.301,11373,11374,11375,3,3
2020-06-17 15:01:21.357,11374,11375,11375,10,10
2020-06-17 15:01:21.483,11375,11376,11375,2,-2
2020-06-17 15:01:22.199,11375,11376,11375,1,-1
2020-06-17 15:01:23.227,11375,11376,11375,1,-1
2020-06-17 15:01:23.258,11375,11376,11375,1,-1
2020-06-17 15:01:23.956,11375,11376,11376,1,1
2020-06-17 15:01:23.959,11375,11376,11376,2,2
2020-06-17 15:01:24.577,11375,11376,11376,1,1
2020-06-17 15:01:24.692,11375,11376,11376,2,2
2020-06-17 15:01:25.035,11375,11376,11376,1,1
2020-06-17 15:01:25.656,11376,11377,11376,4,-4
2020-06-17 15:01:25.656,11376,11377,11375,7,-7
2020-06-17 15:01:25.717,11375,11376,11376,1,1
2020-06-17 15:01:25.804,11375,11376,11376,1,1
2020-06-17 15:01:30.315,11376,11377,11376,1,-1
2020-06-17 15:01:30.331,11376,11377,11376,2,-2
2020-06-17 15:01:30.349,11376,11377,11377,1,1
2020-06-17 15:01:30.945,11376,11377,11376,2,-2
2020-06-17 15:01:30.955,11376,11377,11376,1,-1
2020-06-17 15:01:31.052,11376,11377,11376,4,-4
2020-06-17 15:01:31.052,11376,11377,11375,4,-4
2020-06-17 15:01:32.365,11376,11377,11377,1,1
2020-06-17 15:01:32.569,11376,11377,11376,2,-2
2020-06-17 15:01:34.357,11376,11377,11376,2,-2
2020-06-17 15:01:34.975,11375,11376,11376,1,1
2020-06-17 15:01:35.117,11375,11377,11377,1,1
2020-06-17 15:01:35.435,11375,11377,11377,1,1
2020-06-17 15:01:35.471,11375,11377,11377,5,5
2020-06-17 15:01:35.959,11376,11377,11377,3,3
2020-06-17 15:01:37.977,11377,11378,11378,1,1
2020-06-17 15:01:38.813,11377,11378,11378,1,1
2020-06-17 15:01:39.146,11377,11378,11378,5,5
2020-06-17 15:01:42.448,11377,11378,11378,7,7
2020-06-17 15:01:42.450,11377,11378,11378,9,9
2020-06-17 15:01:42.968,11378,11379,11378,5,-5
2020-06-17 15:01:42.995,11378,11379,11377,7,-7
2020-06-17 15:01:43.650,11377,11379,11379,1,1
2020-06-17 15:01:43.981,11377,11379,11379,1,1
2020-06-17 15:01:44.044,11377,11379,11377,1,-1
2020-06-17 15:01:44.515,11377,11379,11378,2,2
2020-06-17 15:01:45.557,11378,11379,11378,1,-1
2020-06-17 15:01:46.189,11377,11379,11379,3,3
2020-06-17 15:01:47.840,11379,11380,11380,19,19
2020-06-17 15:01:49.277,11380,11381,11381,1,1
2020-06-17 15:01:49.376,11380,11381,11381,1,1
2020-06-17 15:01:49.596,11380,11381,11380,1,-1
2020-06-17 15:01:51.145,11380,11381,11380,2,-2
2020-06-17 15:01:51.145,11380,11381,11380,1,-1
2020-06-17 15:01:51.258,11379,11381,11381,5,5
2020-06-17 15:01:51.259,11379,11381,11381,1,1
2020-06-17 15:01:51.600,11380,11381,11380,1,-1
2020-06-17 15:01:52.696,11380,11381,11380,1,-1
2020-06-17 15:01:53.103,11380,11381,11381,1,1
2020-06-17 15:01:53.199,11380,11381,11380,2,-2
2020-06-17 15:01:53.275,11380,11381,11381,1,1
2020-06-17 15:01:55.015,11380,11382,11381,1,-1
2020-06-17 15:01:55.494,11380,11382,11380,1,-1
2020-06-17 15:01:55.827,11380,11381,11381,1,1
2020-06-17 15:01:56.758,11380,11381,11381,1,1
2020-06-17 15:01:56.759,11380,11381,11381,1,1
2020-06-17 15:01:58.242,11381,11382,11381,1,-1
2020-06-17 15:01:59.152,11381,11382,11382,4,4
2020-06-17 15:01:59.152,11381,11382,11382,5,5
2020-06-17 15:01:59.164,11381,11382,11382,1,1
2020-06-17 15:02:00.007,11382,11383,11382,1,-1
2020-06-17 15:02:00.812,11382,11383,11383,18,18
2020-06-17 15:02:00.813,11382,11383,11383,3,3
2020-06-17 15:02:00.813,11382,11383,11383,2,2
2020-06-17 15:02:01.703,11383,11384,11384,2,2
2020-06-17 15:02:01.703,11383,11384,11384,2,2
2020-06-17 15:02:01.704,11383,11384,11384,1,1
2020-06-17 15:02:01.704,11383,11384,11384,5,5
2020-06-17 15:02:01.760,11383,11384,11385,10,10
2020-06-17 15:02:01.839,11384,11386,11384,1,-1
2020-06-17 15:02:01.923,11384,11386,11386,3,3
2020-06-17 15:02:02.164,11384,11385,11385,2,2
2020-06-17 15:02:02.171,11384,11385,11385,3,3
2020-06-17 15:02:02.312,11384,11385,11385,1,1
2020-06-17 15:02:02.399,11384,11385,11385,1,1
2020-06-17 15:02:02.469,11384,11385,11386,2,2
2020-06-17 15:02:02.537,11384,11385,11386,5,5
2020-06-17 15:02:02.650,11385,11387,11387,1,1
2020-06-17 15:02:02.660,11385,11387,11385,1,-1
2020-06-17 15:02:04.036,11384,11386,11384,1,-1
2020-06-17 15:02:05.136,11385,11386,11385,1,1
2020-06-17 15:02:05.751,11385,11386,11385,1,-1
2020-06-17 15:02:05.991,11384,11386,11386,1,1
2020-06-17 15:02:06.571,11384,11386,11386,1,1
2020-06-17 15:02:07.123,11385,11386,11386,1,1
2020-06-17 15:02:07.436,11385,11386,11385,1,-1
2020-06-17 15:02:07.704,11385,11386,11385,4,-4
2020-06-17 15:02:08.110,11385,11386,11385,2,-2
2020-06-17 15:02:08.281,11385,11386,11386,1,1
2020-06-17 15:02:08.499,11385,11386,11386,4,4
2020-06-17 15:02:09.063,11386,11387,11387,1,1
2020-06-17 15:02:09.511,11386,11387,11386,2,-2
2020-06-17 15:02:11.371,11386,11387,11387,1,1
2020-06-17 15:02:11.720,11386,11387,11387,1,1
2020-06-17 15:02:11.722,11386,11387,11387,1,1
2020-06-17 15:02:11.892,11386,11387,11387,4,4
2020-06-17 15:02:11.892,11386,11387,11387,4,4
2020-06-17 15:02:12.177,11386,11388,11386,2,-2
2020-06-17 15:02:13.222,11387,11388,11387,1,1
2020-06-17 15:02:13.701,11387,11388,11387,1,-1
2020-06-17 15:02:13.733,11387,11388,11387,1,-1
2020-06-17 15:02:13.835,11386,11387,11387,1,1
2020-06-17 15:02:14.203,11386,11387,11386,2,-2
2020-06-17 15:02:14.847,11386,11387,11387,1,1
2020-06-17 15:02:14.897,11386,11387,11386,1,-1
2020-06-17 15:02:14.897,11386,11387,11386,8,-8
2020-06-17 15:02:14.897,11386,11387,11386,4,-4
2020-06-17 15:02:14.897,11386,11387,11386,1,-1
2020-06-17 15:02:14.897,11386,11387,11386,2,-2
2020-06-17 15:02:14.898,11386,11387,11386,3,-3
2020-06-17 15:02:14.898,11386,11387,11386,1,-1
2020-06-17 15:02:14.898,11386,11387,11386,1,-1
2020-06-17 15:02:14.898,11386,11387,11386,1,-1
2020-06-17 15:02:14.898,11386,11387,11386,1,-1
2020-06-17 15:02:15.083,11385,11386,11386,1,1
2020-06-17 15:02:15.091,11385,11386,11386,1,1
2020-06-17 15:02:15.322,11386,11387,11386,1,-1
2020-06-17 15:02:15.662,11385,11387,11387,1,1
2020-06-17 15:02:15.845,11386,11387,11387,1,1
2020-06-17 15:02:15.990,11386,11387,11387,1,1
2020-06-17 15:02:16.203,11386,11387,11387,1,1
2020-06-17 15:02:16.308,11386,11387,11387,1,1
2020-06-17 15:02:16.468,11386,11387,11387,2,2
2020-06-17 15:02:16.543,11386,11387,11387,1,1
2020-06-17 15:02:16.727,11386,11388,11386,1,-1
2020-06-17 15:02:17.487,11386,11387,11387,1,1
2020-06-17 15:02:18.606,11386,11388,11386,1,-1
2020-06-17 15:02:18.996,11387,11388,11388,1,1
2020-06-17 15:02:19.157,11387,11388,11388,1,1
2020-06-17 15:02:19.244,11387,11388,11387,1,-1
2020-06-17 15:02:19.358,11386,11387,11387,1,1
2020-06-17 15:02:19.925,11386,11387,11387,1,1
2020-06-17 15:02:19.925,11386,11387,11388,9,9
2020-06-17 15:02:20.142,11387,11388,11388,1,1
2020-06-17 15:02:20.172,11387,11388,11388,4,4
2020-06-17 15:02:20.172,11387,11388,11388,4,4
2020-06-17 15:02:20.173,11387,11388,11388,18,18
2020-06-17 15:02:20.173,11387,11388,11388,2,2
2020-06-17 15:02:20.173,11387,11388,11388,1,1
2020-06-17 15:02:20.173,11387,11388,11388,1,1
2020-06-17 15:02:20.173,11387,11388,11388,2,2
2020-06-17 15:02:20.173,11387,11388,11388,1,1
2020-06-17 15:02:20.173,11387,11388,11388,2,2
2020-06-17 15:02:20.173,11387,11388,11388,2,2
2020-06-17 15:02:20.201,11387,11388,11388,2,2
2020-06-17 15:02:20.280,11387,11388,11387,1,-1
2020-06-17 15:02:20.312,11387,11388,11387,1,-1
2020-06-17 15:02:20.657,11387,11388,11388,4,4
2020-06-17 15:02:21.135,11387,11388,11388,1,1
2020-06-17 15:02:21.400,11387,11389,11388,1,-1
2020-06-17 15:02:22.440,11387,11388,11388,1,1
2020-06-17 15:02:22.500,11388,11389,11389,1,1
2020-06-17 15:02:22.603,11388,11389,11389,1,1
2020-06-17 15:02:22.783,11388,11389,11389,1,1
2020-06-17 15:02:22.972,11388,11389,11389,5,5
2020-06-17 15:02:23.017,11388,11389,11389,2,2
2020-06-17 15:02:23.466,11388,11389,11389,1,1
2020-06-17 15:02:23.539,11388,11389,11388,5,-5
2020-06-17 15:02:23.753,11388,11389,11388,1,-1
2020-06-17 15:02:24.065,11388,11389,11389,1,1
2020-06-17 15:02:24.487,11388,11389,11389,1,1
2020-06-17 15:02:24.570,11388,11389,11389,1,1
2020-06-17 15:02:24.809,11388,11389,11389,3,3
2020-06-17 15:02:24.809,11388,11389,11390,2,2
2020-06-17 15:02:25.148,11388,11389,11389,1,1
2020-06-17 15:02:26.588,11388,11389,11389,1,1
2020-06-17 15:02:26.751,11388,11389,11389,1,1
2020-06-17 15:02:27.336,11388,11389,11388,1,-1
2020-06-17 15:02:27.336,11388,11389,11388,14,-14
2020-06-17 15:02:27.506,11387,11389,11389,1,1
2020-06-17 15:02:27.602,11387,11389,11388,1,-1
2020-06-17 15:02:27.837,11387,11388,11388,1,1
2020-06-17 15:02:27.837,11387,11388,11389,1,1
2020-06-17 15:02:28.593,11388,11389,11389,1,1
2020-06-17 15:02:28.666,11388,11389,11389,4,4
2020-06-17 15:02:28.853,11389,11390,11390,1,1
2020-06-17 15:02:29.650,11389,11390,11390,1,1
2020-06-17 15:02:29.914,11389,11390,11390,2,2
2020-06-17 15:02:29.914,11389,11390,11390,8,8
2020-06-17 15:02:29.914,11389,11390,11390,4,4
2020-06-17 15:02:29.914,11389,11390,11390,8,8
2020-06-17 15:02:30.014,11390,11391,11390,5,-5
2020-06-17 15:02:30.397,11390,11391,11390,1,-1
2020-06-17 15:02:31.397,11390,11391,11390,5,-5
2020-06-17 15:02:31.783,11389,11390,11390,4,4
2020-06-17 15:02:32.265,11389,11390,11390,6,6
2020-06-17 15:02:32.718,11390,11391,11390,1,-1
2020-06-17 15:02:33.426,11390,11391,11390,1,-1
2020-06-17 15:02:33.435,11390,11391,11390,5,-5
2020-06-17 15:02:34.767,11389,11390,11390,1,1
2020-06-17 15:02:34.863,11389,11390,11389,9,-9
2020-06-17 15:02:34.864,11389,11390,11389,1,-1
2020-06-17 15:02:34.893,11389,11390,11390,3,3
2020-06-17 15:02:35.138,11389,11390,11390,1,1
2020-06-17 15:02:35.215,11389,11390,11390,1,1
2020-06-17 15:02:35.215,11389,11390,11391,1,1
2020-06-17 15:02:35.251,11389,11390,11390,1,1
2020-06-17 15:02:35.339,11390,11391,11390,1,-1
2020-06-17 15:02:35.558,11390,11391,11391,1,1
2020-06-17 15:02:35.782,11390,11391,11390,1,-1
2020-06-17 15:02:36.204,11390,11391,11390,5,-5
2020-06-17 15:02:36.421,11389,11390,11390,1,1
2020-06-17 15:02:36.448,11389,11390,11390,1,1
2020-06-17 15:02:37.266,11389,11390,11390,3,3
2020-06-17 15:02:38.340,11390,11391,11390,10,-10
2020-06-17 15:02:38.341,11390,11391,11390,2,-2
2020-06-17 15:02:38.341,11390,11391,11390,16,-16
2020-06-17 15:02:38.586,11389,11390,11390,1,1
2020-06-17 15:02:38.807,11389,11390,11390,1,1
2020-06-17 15:02:38.827,11389,11390,11390,1,1
2020-06-17 15:02:38.933,11389,11390,11390,1,1
2020-06-17 15:02:38.945,11389,11390,11389,1,-1
2020-06-17 15:02:39.632,11390,11391,11390,1,1
2020-06-17 15:02:40.251,11390,11391,11390,2,-2
2020-06-17 15:02:40.946,11390,11391,11390,1,-1
2020-06-17 15:02:40.946,11390,11391,11390,1,-1
2020-06-17 15:02:41.223,11390,11391,11390,1,-1
2020-06-17 15:02:41.314,11390,11391,11390,3,-3
2020-06-17 15:02:41.426,11390,11391,11391,1,1
2020-06-17 15:02:43.617,11390,11391,11390,1,-1
2020-06-17 15:02:43.684,11390,11391,11391,3,3
2020-06-17 15:02:43.999,11390,11391,11390,1,-1
2020-06-17 15:02:44.065,11390,11391,11391,16,16
2020-06-17 15:02:44.872,11391,11392,11392,1,1
2020-06-17 15:02:45.658,11391,11392,11391,1,-1
2020-06-17 15:02:45.762,11391,11392,11391,1,-1
2020-06-17 15:02:46.591,11391,11392,11391,1,-1
2020-06-17 15:02:46.633,11391,11392,11392,5,5
2020-06-17 15:02:47.521,11391,11392,11391,1,-1
2020-06-17 15:02:47.538,11391,11392,11392,1,1
2020-06-17 15:02:47.765,11391,11392,11391,1,-1
2020-06-17 15:02:48.046,11391,11392,11391,10,-10
2020-06-17 15:02:48.250,11391,11392,11391,1,-1
2020-06-17 15:02:50.674,11391,11392,11391,18,-18
2020-06-17 15:02:50.674,11391,11392,11391,4,-4
2020-06-17 15:02:50.949,11390,11391,11391,1,1
2020-06-17 15:02:51.315,11390,11391,11391,1,1
2020-06-17 15:02:51.982,11390,11391,11391,1,1
2020-06-17 15:02:52.878,11390,11391,11391,1,1
2020-06-17 15:02:53.383,11390,11391,11390,5,-5
2020-06-17 15:02:53.383,11390,11391,11390,5,-5
2020-06-17 15:02:53.420,11390,11391,11390,1,-1
2020-06-17 15:02:53.635,11390,11391,11391,1,1
2020-06-17 15:02:53.720,11390,11391,11390,1,-1
2020-06-17 15:02:54.145,11390,11391,11390,3,-3
2020-06-17 15:02:54.728,11390,11391,11391,3,3
2020-06-17 15:02:55.239,11390,11391,11391,2,2
2020-06-17 15:02:55.377,11390,11391,11391,1,1
2020-06-17 15:02:56.242,11390,11391,11391,1,1
2020-06-17 15:02:56.540,11390,11391,11391,1,1
2020-06-17 15:02:57.930,11390,11391,11390,1,-1
2020-06-17 15:02:59.353,11391,11392,11391,2,2
2020-06-17 15:03:00.009,11391,11392,11391,1,-1
2020-06-17 15:03:00.776,11391,11392,11391,8,-8
2020-06-17 15:03:00.776,11391,11392,11390,11,-11
2020-06-17 15:03:02.328,11390,11392,11392,2,2
2020-06-17 15:03:02.769,11391,11392,11392,2,2
2020-06-17 15:03:02.906,11391,11392,11391,5,-5
2020-06-17 15:03:03.019,11391,11392,11391,1,-1
2020-06-17 15:03:03.957,11391,11392,11391,1,-1
2020-06-17 15:03:05.233,11390,11391,11391,1,1
2020-06-17 15:03:05.623,11390,11391,11390,5,-5
2020-06-17 15:03:05.788,11390,11391,11390,1,-1
2020-06-17 15:03:06.238,11390,11391,11391,1,1
2020-06-17 15:03:06.263,11390,11391,11390,6,-6
2020-06-17 15:03:06.263,11390,11391,11390,16,-16
2020-06-17 15:03:06.264,11390,11391,11390,9,-9
2020-06-17 15:03:06.878,11389,11390,11389,1,-1
2020-06-17 15:03:06.888,11389,11390,11390,1,1
2020-06-17 15:03:07.107,11389,11390,11390,1,1
2020-06-17 15:03:07.785,11389,11391,11391,1,1
2020-06-17 15:03:07.822,11389,11391,11391,4,4
2020-06-17 15:03:09.513,11390,11391,11390,1,-1
2020-06-17 15:03:09.546,11390,11391,11390,3,-3
2020-06-17 15:03:11.377,11390,11391,11391,1,1
2020-06-17 15:03:13.014,11390,11391,11391,5,5
2020-06-17 15:03:13.080,11391,11392,11391,4,-4
2020-06-17 15:03:13.080,11391,11392,11390,1,-1
2020-06-17 15:03:13.255,11390,11392,11390,2,-2
2020-06-17 15:03:13.656,11390,11391,11390,1,-1
2020-06-17 15:03:13.726,11390,11391,11390,1,-1
2020-06-17 15:03:13.817,11390,11391,11390,1,-1
2020-06-17 15:03:14.152,11390,11391,11390,1,-1
2020-06-17 15:03:17.329,11390,11391,11390,1,-1
2020-06-17 15:03:18.229,11390,11391,11390,1,-1
2020-06-17 15:03:18.230,11390,11391,11390,2,-2
2020-06-17 15:03:18.230,11390,11391,11390,1,-1
2020-06-17 15:03:18.231,11390,11391,11390,4,-4
2020-06-17 15:03:18.231,11390,11391,11390,1,-1
2020-06-17 15:03:18.605,11389,11390,11390,1,1
2020-06-17 15:03:19.783,11389,11390,11390,10,10
2020-06-17 15:03:20.359,11389,11390,11390,1,1
2020-06-17 15:03:20.930,11389,11390,11390,2,2
2020-06-17 15:03:20.935,11389,11390,11390,1,1
2020-06-17 15:03:21.092,11390,11391,11390,2,-2
2020-06-17 15:03:21.778,11389,11390,11389,1,-1
2020-06-17 15:03:21.778,11389,11390,11389,3,-3
2020-06-17 15:03:21.778,11389,11390,11389,2,-2
2020-06-17 15:03:21.778,11389,11390,11389,4,-4
2020-06-17 15:03:21.778,11389,11390,11389,3,-3
2020-06-17 15:03:21.779,11389,11390,11389,1,-1
2020-06-17 15:03:22.776,11388,11389,11388,2,-2
2020-06-17 15:03:22.825,11388,11389,11388,18,-18
2020-06-17 15:03:23.225,11387,11388,11387,1,-1
2020-06-17 15:03:26.121,11387,11388,11387,1,-1
2020-06-17 15:03:26.165,11387,11388,11387,1,-1
2020-06-17 15:03:26.165,11387,11388,11387,3,-3
2020-06-17 15:03:26.647,11386,11387,11386,1,-1
2020-06-17 15:03:26.658,11386,11387,11387,1,1
2020-06-17 15:03:27.757,11386,11387,11387,2,2
2020-06-17 15:03:27.863,11386,11387,11386,1,-1
2020-06-17 15:03:28.636,11386,11387,11387,1,1
2020-06-17 15:03:29.129,11386,11388,11386,1,-1
2020-06-17 15:03:30.107,11386,11387,11386,1,-1
2020-06-17 15:03:30.812,11386,11387,11387,1,1
2020-06-17 15:03:31.076,11386,11388,11387,2,-2
2020-06-17 15:03:34.808,11385,11387,11387,1,1
2020-06-17 15:03:37.552,11385,11386,11385,4,-4
2020-06-17 15:03:37.552,11385,11386,11385,1,-1
2020-06-17 15:03:37.552,11385,11386,11385,1,-1
2020-06-17 15:03:37.552,11385,11386,11385,2,-2
2020-06-17 15:03:37.553,11385,11386,11385,1,-1
2020-06-17 15:03:37.553,11385,11386,11385,5,-5
2020-06-17 15:03:38.587,11384,11385,11384,1,-1
2020-06-17 15:03:40.013,11384,11385,11384,1,-1
2020-06-17 15:03:40.450,11384,11385,11385,6,6
2020-06-17 15:03:41.825,11385,11386,11385,2,-2
2020-06-17 15:03:42.485,11384,11386,11386,2,2
2020-06-17 15:03:42.669,11384,11386,11384,1,-1
2020-06-17 15:03:42.825,11384,11385,11385,2,2
2020-06-17 15:03:42.965,11384,11386,11385,1,-1
2020-06-17 15:03:43.091,11385,11386,11386,1,1
2020-06-17 15:03:43.193,11385,11386,11386,1,1
2020-06-17 15:03:43.210,11385,11386,11385,2,-2
2020-06-17 15:03:43.633,11384,11386,11384,1,-1
2020-06-17 15:03:43.675,11384,11386,11386,1,1
2020-06-17 15:03:45.691,11385,11386,11385,1,-1
2020-06-17 15:03:45.691,11385,11386,11385,2,-2
2020-06-17 15:03:46.904,11384,11385,11385,1,1
2020-06-17 15:03:47.479,11384,11385,11384,1,-1
2020-06-17 15:03:49.317,11385,11386,11385,1,1
2020-06-17 15:03:50.313,11385,11386,11385,1,-1
2020-06-17 15:03:51.298,11384,11385,11385,2,2
2020-06-17 15:03:51.305,11384,11385,11385,3,3
2020-06-17 15:03:51.661,11385,11386,11385,3,-3
2020-06-17 15:03:52.204,11385,11386,11386,2,2
2020-06-17 15:03:53.375,11385,11386,11385,1,-1
2020-06-17 15:03:54.472,11385,11386,11386,1,1
2020-06-17 15:03:54.944,11385,11386,11386,1,1
2020-06-17 15:03:55.797,11385,11387,11385,1,-1
2020-06-17 15:03:56.009,11386,11387,11386,1,1
2020-06-17 15:03:56.301,11385,11387,11385,1,-1
2020-06-17 15:03:59.632,11385,11386,11385,1,-1
2020-06-17 15:04:00.080,11385,11386,11386,1,1
2020-06-17 15:04:00.100,11385,11386,11385,1,-1
2020-06-17 15:04:00.947,11385,11386,11386,1,1
2020-06-17 15:04:01.846,11385,11386,11386,1,1
2020-06-17 15:04:03.711,11385,11386,11386,1,1
2020-06-17 15:04:03.712,11385,11386,11386,3,3
2020-06-17 15:04:06.310,11386,11387,11386,9,-9
2020-06-17 15:04:11.264,11385,11386,11386,2,2
2020-06-17 15:04:11.551,11386,11387,11387,1,1
2020-06-17 15:04:11.614,11386,11387,11386,1,-1
2020-06-17 15:04:12.517,11386,11387,11386,1,-1
2020-06-17 15:04:14.549,11386,11387,11386,1,-1
2020-06-17 15:04:15.345,11386,11387,11386,1,-1
2020-06-17 15:04:15.710,11385,11387,11387,1,1
2020-06-17 15:04:17.238,11386,11387,11386,1,-1
2020-06-17 15:04:17.353,11386,11387,11386,1,-1
2020-06-17 15:04:18.363,11385,11386,11386,1,1
2020-06-17 15:04:19.707,11385,11386,11386,1,1
2020-06-17 15:04:21.677,11385,11386,11385,1,-1
2020-06-17 15:04:22.106,11385,11386,11385,4,-4
2020-06-17 15:04:22.106,11385,11386,11385,2,-2
2020-06-17 15:04:22.106,11385,11386,11385,1,-1
2020-06-17 15:04:22.106,11385,11386,11385,2,-2
2020-06-17 15:04:22.605,11384,11385,11385,1,1
2020-06-17 15:04:25.076,11384,11385,11384,1,-1
2020-06-17 15:04:25.177,11384,11385,11385,2,2
2020-06-17 15:04:29.920,11384,11386,11384,2,-2
2020-06-17 15:04:30.863,11385,11386,11385,4,4
2020-06-17 15:04:30.940,11385,11386,11385,2,-2
2020-06-17 15:04:31.338,11385,11386,11385,1,-1
2020-06-17 15:04:31.593,11384,11386,11384,1,-1
2020-06-17 15:04:31.754,11384,11386,11384,5,-5
2020-06-17 15:04:34.136,11385,11386,11385,1,1
2020-06-17 15:04:35.300,11385,11386,11386,1,1
2020-06-17 15:04:36.920,11385,11386,11385,1,-1
2020-06-17 15:04:37.140,11385,11386,11385,1,-1
2020-06-17 15:04:39.117,11385,11386,11385,2,-2
2020-06-17 15:04:39.588,11385,11386,11385,2,-2
2020-06-17 15:04:42.033,11384,11385,11385,1,1
2020-06-17 15:04:42.113,11385,11386,11386,1,1
2020-06-17 15:04:42.796,11385,11386,11386,1,1
2020-06-17 15:04:43.772,11385,11386,11386,1,1
2020-06-17 15:04:44.306,11385,11386,11385,2,-2
2020-06-17 15:04:44.445,11385,11386,11386,1,1
2020-06-17 15:04:44.460,11385,11386,11386,5,5
2020-06-17 15:04:44.877,11386,11387,11386,1,-1
2020-06-17 15:04:45.997,11386,11387,11386,1,-1
2020-06-17 15:04:46.542,11386,11387,11386,1,-1
2020-06-17 15:04:46.779,11386,11387,11387,3,3
2020-06-17 15:04:48.443,11386,11387,11387,7,7
2020-06-17 15:04:49.094,11387,11388,11387,1,-1
2020-06-17 15:04:49.689,11387,11388,11387,1,-1
2020-06-17 15:04:50.771,11387,11388,11388,24,24
2020-06-17 15:04:50.774,11387,11388,11388,1,1
2020-06-17 15:04:51.510,11388,11389,11388,1,-1
2020-06-17 15:04:52.416,11388,11389,11389,1,1
2020-06-17 15:04:54.925,11388,11389,11389,1,1
2020-06-17 15:04:57.237,11388,11389,11389,1,1
2020-06-17 15:04:57.367,11388,11389,11389,1,1
2020-06-17 15:04:57.510,11389,11390,11389,1,-1
2020-06-17 15:04:58.679,11389,11390,11390,1,1
2020-06-17 15:04:59.963,11388,11389,11389,1,1
2020-06-17 15:05:00.402,11389,11390,11389,1,-1
2020-06-17 15:05:00.565,11389,11390,11388,4,-4
2020-06-17 15:05:00.619,11388,11390,11389,1,1
2020-06-17 15:05:00.722,11388,11389,11388,2,-2
2020-06-17 15:05:01.045,11387,11389,11389,5,5
2020-06-17 15:05:01.065,11387,11389,11389,1,1
2020-06-17 15:05:01.362,11387,11389,11389,1,1
2020-06-17 15:05:01.454,11387,11389,11387,1,-1
2020-06-17 15:05:01.456,11387,11389,11387,2,-2
2020-06-17 15:05:01.458,11387,11389,11387,1,-1
2020-06-17 15:05:01.459,11387,11389,11387,1,-1
2020-06-17 15:05:01.460,11387,11389,11387,1,-1
2020-06-17 15:05:01.461,11387,11389,11387,1,-1
2020-06-17 15:05:01.465,11387,11389,11387,1,-1
2020-06-17 15:05:01.486,11387,11389,11387,1,-1
2020-06-17 15:05:01.592,11386,11388,11388,1,1
2020-06-17 15:05:04.555,11386,11387,11386,1,-1
2020-06-17 15:05:04.630,11386,11387,11386,1,-1
2020-06-17 15:05:04.791,11385,11387,11387,1,1
2020-06-17 15:05:08.708,11386,11387,11386,1,-1
2020-06-17 15:05:08.708,11386,11387,11386,3,-3
2020-06-17 15:05:09.007,11385,11386,11386,1,1
2020-06-17 15:05:09.964,11385,11386,11385,1,-1
2020-06-17 15:05:15.408,11385,11386,11386,1,1
2020-06-17 15:05:16.389,11386,11388,11386,1,-1
2020-06-17 15:05:23.831,11387,11388,11388,1,1
2020-06-17 15:05:23.832,11387,11388,11388,1,1
2020-06-17 15:05:23.832,11387,11388,11388,3,3
2020-06-17 15:05:23.950,11388,11389,11389,1,1
2020-06-17 15:05:23.951,11388,11389,11389,1,1
2020-06-17 15:05:24.086,11389,11390,11389,1,-1
2020-06-17 15:05:25.025,11388,11389,11389,2,2
2020-06-17 15:05:26.314,11389,11390,11389,1,-1
2020-06-17 15:05:29.931,11389,11390,11389,1,-1
2020-06-17 15:05:31.206,11388,11389,11389,1,1
2020-06-17 15:05:34.432,11388,11389,11389,1,1
2020-06-17 15:05:35.037,11388,11390,11388,1,-1
2020-06-17 15:05:35.871,11389,11390,11389,2,2
2020-06-17 15:05:36.048,11389,11390,11390,17,17
2020-06-17 15:05:36.049,11389,11390,11390,7,7
2020-06-17 15:05:36.140,11390,11391,11391,4,4
2020-06-17 15:05:36.179,11390,11391,11390,6,-6
2020-06-17 15:05:36.363,11390,11391,11391,4,4
2020-06-17 15:05:36.651,11390,11391,11391,1,1
2020-06-17 15:05:37.959,11389,11390,11390,4,4
2020-06-17 15:05:37.968,11389,11390,11391,1,1
2020-06-17 15:05:38.316,11390,11391,11390,2,-2
2020-06-17 15:05:40.666,11390,11391,11390,1,-1
2020-06-17 15:05:40.703,11390,11391,11391,3,3
2020-06-17 15:05:40.884,11391,11392,11391,7,-7
2020-06-17 15:05:40.887,11391,11392,11391,1,-1
2020-06-17 15:05:41.123,11390,11391,11390,1,-1
2020-06-17 15:05:41.728,11390,11391,11391,7,7
2020-06-17 15:05:41.825,11391,11392,11392,9,9
2020-06-17 15:05:42.203,11391,11392,11392,2,2
2020-06-17 15:05:43.896,11391,11392,11391,1,-1
2020-06-17 15:05:44.603,11391,11392,11391,1,-1
2020-06-17 15:05:44.674,11391,11392,11391,2,-2
2020-06-17 15:05:45.240,11391,11392,11392,1,1
2020-06-17 15:05:46.185,11391,11392,11391,1,-1
2020-06-17 15:05:47.836,11391,11392,11392,1,1
2020-06-17 15:05:49.136,11391,11392,11391,1,-1
2020-06-17 15:05:49.277,11391,11392,11391,1,-1
2020-06-17 15:05:49.658,11391,11392,11392,1,1
2020-06-17 15:05:49.895,11391,11392,11392,1,1
2020-06-17 15:05:50.014,11391,11392,11392,1,1
2020-06-17 15:05:50.896,11391,11392,11392,1,1
2020-06-17 15:05:51.335,11391,11392,11392,5,5
2020-06-17 15:05:52.418,11391,11392,11392,1,1
2020-06-17 15:05:52.542,11391,11392,11392,9,9
2020-06-17 15:05:52.542,11391,11392,11392,2,2
2020-06-17 15:05:52.542,11391,11392,11392,1,1
2020-06-17 15:05:52.542,11391,11392,11392,1,1
2020-06-17 15:05:52.772,11392,11393,11393,1,1
2020-06-17 15:05:52.961,11392,11393,11393,1,1
2020-06-17 15:05:53.186,11392,11393,11392,1,-1
2020-06-17 15:05:54.521,11392,11393,11392,1,-1
2020-06-17 15:05:55.224,11392,11393,11392,2,-2
2020-06-17 15:05:55.421,11392,11393,11392,1,-1
2020-06-17 15:05:55.521,11392,11393,11392,1,-1
2020-06-17 15:05:57.442,11392,11393,11393,2,2
2020-06-17 15:05:59.697,11392,11393,11393,10,10
2020-06-17 15:05:59.698,11392,11393,11393,1,1
2020-06-17 15:05:59.698,11392,11393,11393,1,1
2020-06-17 15:05:59.722,11392,11394,11392,1,-1
2020-06-17 15:05:59.913,11392,11394,11394,1,1
2020-06-17 15:05:59.979,11392,11394,11394,1,1
2020-06-17 15:06:00.200,11392,11394,11394,1,1
2020-06-17 15:06:01.428,11393,11394,11393,3,-3
2020-06-17 15:06:01.732,11392,11393,11392,7,-7
2020-06-17 15:06:01.832,11391,11392,11392,1,1
2020-06-17 15:06:02.465,11391,11392,11391,4,-4
2020-06-17 15:06:02.466,11391,11392,11391,1,-1
2020-06-17 15:06:02.466,11391,11392,11391,1,-1
2020-06-17 15:06:02.631,11390,11391,11391,1,1
2020-06-17 15:06:02.820,11390,11391,11391,1,1
2020-06-17 15:06:03.099,11390,11391,11391,1,1
2020-06-17 15:06:05.313,11392,11393,11392,1,1
2020-06-17 15:06:05.435,11392,11393,11393,1,1
2020-06-17 15:06:05.674,11392,11393,11392,1,-1
2020-06-17 15:06:05.884,11392,11393,11392,1,-1
2020-06-17 15:06:07.005,11392,11393,11392,1,-1
2020-06-17 15:06:08.306,11392,11393,11392,4,-4
2020-06-17 15:06:09.884,11391,11393,11393,1,1
2020-06-17 15:06:11.410,11392,11393,11392,1,-1
2020-06-17 15:06:11.808,11391,11393,11392,1,-1
2020-06-17 15:06:12.316,11391,11393,11392,1,-1
2020-06-17 15:06:12.443,11391,11393,11392,1,-1
2020-06-17 15:06:13.103,11391,11393,11393,1,1
2020-06-17 15:06:13.751,11392,11393,11392,1,-1
2020-06-17 15:06:14.152,11392,11393,11393,1,1
2020-06-17 15:06:14.833,11392,11393,11392,2,-2
2020-06-17 15:06:14.988,11392,11393,11392,1,-1
2020-06-17 15:06:18.031,11391,11392,11392,1,1
2020-06-17 15:06:20.155,11391,11392,11392,1,1
2020-06-17 15:06:23.180,11392,11393,11393,4,4
2020-06-17 15:06:23.181,11392,11393,11393,9,9
2020-06-17 15:06:23.181,11392,11393,11393,1,1
2020-06-17 15:06:24.132,11393,11394,11393,5,-5
2020-06-17 15:06:24.508,11392,11394,11392,1,-1
2020-06-17 15:06:24.608,11392,11394,11392,1,-1
2020-06-17 15:06:24.609,11392,11394,11392,1,-1
2020-06-17 15:06:26.153,11393,11394,11393,1,1
2020-06-17 15:06:28.521,11393,11394,11393,1,-1
2020-06-17 15:06:30.536,11393,11394,11394,8,8
2020-06-17 15:06:30.536,11393,11394,11394,3,3
2020-06-17 15:06:30.571,11393,11394,11394,2,2
2020-06-17 15:06:33.430,11393,11394,11394,1,1
2020-06-17 15:06:33.691,11394,11395,11394,1,-1
2020-06-17 15:06:35.557,11393,11394,11394,1,1
2020-06-17 15:06:36.398,11393,11394,11394,1,1
2020-06-17 15:06:36.428,11393,11394,11394,5,5
2020-06-17 15:06:38.534,11394,11395,11394,1,-1
2020-06-17 15:06:40.673,11394,11395,11394,1,-1
2020-06-17 15:06:42.109,11394,11395,11395,2,2
2020-06-17 15:06:42.230,11394,11395,11395,20,20
2020-06-17 15:06:42.231,11394,11395,11395,6,6
2020-06-17 15:06:42.231,11394,11395,11395,5,5
2020-06-17 15:06:44.960,11395,11396,11396,1,1
2020-06-17 15:06:44.984,11395,11396,11396,1,1
2020-06-17 15:06:45.028,11395,11396,11395,4,-4
2020-06-17 15:06:48.146,11394,11395,11395,1,1
2020-06-17 15:06:51.492,11395,11396,11396,1,1
2020-06-17 15:06:52.817,11395,11396,11396,1,1
2020-06-17 15:06:53.548,11395,11396,11396,5,5
2020-06-17 15:06:53.735,11395,11396,11396,5,5
2020-06-17 15:06:54.871,11395,11396,11396,1,1
2020-06-17 15:06:55.473,11395,11396,11395,1,-1
2020-06-17 15:06:55.722,11395,11396,11396,1,1
2020-06-17 15:06:56.268,11395,11396,11396,1,1
2020-06-17 15:06:57.098,11395,11396,11396,1,1
2020-06-17 15:06:57.212,11395,11396,11396,1,1
2020-06-17 15:06:57.667,11395,11396,11396,2,2
2020-06-17 15:06:58.155,11395,11396,11395,1,-1
2020-06-17 15:07:00.389,11395,11396,11395,6,-6
2020-06-17 15:07:00.725,11395,11396,11396,1,1
2020-06-17 15:07:02.196,11395,11396,11396,5,5
2020-06-17 15:07:02.567,11395,11396,11396,1,1
2020-06-17 15:07:02.570,11395,11396,11396,1,1
2020-06-17 15:07:02.897,11395,11396,11396,1,1
2020-06-17 15:07:02.897,11395,11396,11397,4,4
2020-06-17 15:07:03.758,11396,11397,11397,1,1
2020-06-17 15:07:04.587,11396,11397,11397,5,5
2020-06-17 15:07:05.635,11396,11397,11396,1,-1
2020-06-17 15:07:05.780,11396,11397,11397,2,2
2020-06-17 15:07:06.072,11396,11397,11397,3,3
2020-06-17 15:07:06.442,11396,11397,11396,2,-2
2020-06-17 15:07:06.691,11396,11397,11397,1,1
2020-06-17 15:07:07.291,11396,11397,11397,4,4
2020-06-17 15:07:07.291,11396,11397,11398,16,16
2020-06-17 15:07:08.619,11397,11398,11398,1,1
2020-06-17 15:07:08.728,11397,11398,11397,1,-1
2020-06-17 15:07:08.818,11397,11398,11397,1,-1
2020-06-17 15:07:09.754,11397,11398,11398,1,1
2020-06-17 15:07:09.979,11397,11398,11398,1,1
2020-06-17 15:07:11.799,11397,11398,11398,1,1
2020-06-17 15:07:12.209,11397,11398,11398,1,1
2020-06-17 15:07:12.330,11397,11398,11398,1,1
2020-06-17 15:07:12.507,11397,11398,11398,8,8
2020-06-17 15:07:12.818,11398,11399,11398,1,-1
2020-06-17 15:07:14.245,11398,11399,11399,8,8
2020-06-17 15:07:14.659,11398,11399,11399,2,2
2020-06-17 15:07:15.564,11398,11399,11399,1,1
2020-06-17 15:07:15.916,11398,11399,11399,5,5
2020-06-17 15:07:16.107,11398,11399,11399,5,5
2020-06-17 15:07:16.107,11398,11399,11399,15,15
2020-06-17 15:07:16.107,11398,11399,11399,1,1
2020-06-17 15:07:16.283,11399,11400,11399,3,-3
2020-06-17 15:07:16.468,11399,11400,11400,1,1
2020-06-17 15:07:18.000,11399,11400,11399,1,-1
2020-06-17 15:07:18.927,11399,11400,11400,1,1
2020-06-17 15:07:18.941,11399,11400,11400,2,2
2020-06-17 15:07:19.643,11399,11400,11399,4,-4
2020-06-17 15:07:19.726,11399,11400,11400,2,2
2020-06-17 15:07:19.993,11399,11400,11400,2,2
2020-06-17 15:07:20.182,11399,11400,11400,2,2
2020-06-17 15:07:20.701,11399,11400,11400,1,1
2020-06-17 15:07:21.752,11399,11400,11400,1,1
2020-06-17 15:07:22.136,11399,11400,11400,1,1
2020-06-17 15:07:22.981,11399,11400,11399,1,-1
2020-06-17 15:07:23.131,11399,11400,11400,1,1
2020-06-17 15:07:23.409,11399,11400,11400,1,1
2020-06-17 15:07:23.600,11399,11400,11400,1,1
2020-06-17 15:07:23.629,11399,11400,11400,1,1
2020-06-17 15:07:23.970,11399,11400,11400,1,1
2020-06-17 15:07:24.534,11399,11400,11399,3,-3
2020-06-17 15:07:25.170,11399,11400,11399,1,-1
2020-06-17 15:07:25.696,11399,11400,11400,1,1
2020-06-17 15:07:27.619,11399,11400,11400,1,1
2020-06-17 15:07:27.729,11399,11400,11400,1,1
2020-06-17 15:07:28.278,11399,11400,11400,1,1
2020-06-17 15:07:28.716,11399,11400,11400,1,1
2020-06-17 15:07:28.922,11399,11400,11400,2,2
2020-06-17 15:07:29.745,11399,11400,11400,1,1
2020-06-17 15:07:29.761,11399,11400,11400,1,1
2020-06-17 15:07:31.394,11399,11400,11400,1,1
2020-06-17 15:07:31.909,11399,11400,11399,2,-2
2020-06-17 15:07:32.081,11399,11400,11400,1,1
2020-06-17 15:07:32.200,11399,11400,11400,1,1
2020-06-17 15:07:32.726,11399,11400,11399,1,-1
2020-06-17 15:07:32.792,11399,11400,11400,2,2
2020-06-17 15:07:33.487,11399,11400,11400,4,4
2020-06-17 15:07:33.487,11399,11400,11400,13,13
2020-06-17 15:07:33.487,11399,11400,11400,1,1
2020-06-17 15:07:33.488,11399,11400,11400,13,13
2020-06-17 15:07:35.518,11400,11401,11400,1,-1
2020-06-17 15:07:36.553,11400,11401,11400,1,-1
2020-06-17 15:07:36.556,11400,11401,11400,1,-1
2020-06-17 15:07:38.135,11400,11401,11401,15,15
2020-06-17 15:07:38.438,11400,11401,11401,4,4
2020-06-17 15:07:38.491,11400,11401,11401,3,3
2020-06-17 15:07:38.491,11400,11401,11402,1,1
2020-06-17 15:07:38.604,11400,11402,11402,1,1
2020-06-17 15:07:39.227,11400,11401,11400,1,-1
2020-06-17 15:07:39.235,11400,11401,11401,1,1
2020-06-17 15:07:39.758,11401,11402,11402,1,1
2020-06-17 15:07:40.205,11401,11402,11401,1,-1
2020-06-17 15:07:40.883,11401,11402,11401,1,-1
2020-06-17 15:07:42.818,11401,11402,11402,1,1
2020-06-17 15:07:43.588,11401,11402,11401,5,-5
2020-06-17 15:07:43.588,11401,11402,11401,2,-2
2020-06-17 15:07:43.589,11401,11402,11401,1,-1
2020-06-17 15:07:43.917,11400,11401,11401,1,1
2020-06-17 15:07:44.118,11400,11401,11401,1,1
2020-06-17 15:07:44.678,11400,11401,11401,1,1
2020-06-17 15:07:44.765,11400,11401,11401,1,1
2020-06-17 15:07:47.030,11400,11401,11401,1,1
2020-06-17 15:07:47.423,11400,11401,11400,3,-3
2020-06-17 15:07:47.423,11400,11401,11400,1,-1
2020-06-17 15:07:47.423,11400,11401,11400,3,-3
2020-06-17 15:07:47.424,11400,11401,11400,5,-5
2020-06-17 15:07:47.502,11399,11400,11400,1,1
2020-06-17 15:07:47.804,11399,11401,11400,1,-1
2020-06-17 15:07:48.044,11399,11401,11401,1,1
2020-06-17 15:07:48.201,11399,11400,11399,2,-2
2020-06-17 15:07:48.617,11399,11400,11400,1,1
2020-06-17 15:07:48.926,11399,11401,11401,1,1
2020-06-17 15:07:49.341,11399,11400,11400,1,1
2020-06-17 15:07:49.421,11399,11400,11400,1,1
2020-06-17 15:07:49.801,11399,11400,11400,2,2
2020-06-17 15:07:50.432,11399,11400,11400,1,1
2020-06-17 15:07:50.661,11399,11400,11399,4,-4
2020-06-17 15:07:50.661,11399,11400,11399,15,-15
2020-06-17 15:07:50.661,11399,11400,11399,2,-2
2020-06-17 15:07:50.661,11399,11400,11399,2,-2
2020-06-17 15:07:51.862,11398,11399,11398,1,-1
2020-06-17 15:07:51.888,11398,11399,11399,1,1
2020-06-17 15:07:51.998,11398,11399,11399,1,1
2020-06-17 15:07:52.365,11398,11400,11398,1,-1
2020-06-17 15:07:53.312,11398,11400,11399,1,1
2020-06-17 15:07:56.160,11399,11400,11399,1,-1
2020-06-17 15:07:57.193,11398,11399,11398,18,-18
2020-06-17 15:07:57.193,11398,11399,11398,8,-8
2020-06-17 15:07:57.385,11397,11398,11398,1,1
2020-06-17 15:07:57.503,11397,11398,11397,3,-3
2020-06-17 15:07:58.220,11397,11398,11398,1,1
2020-06-17 15:07:58.452,11397,11398,11398,1,1
2020-06-17 15:07:58.549,11397,11398,11398,2,2
2020-06-17 15:08:00.221,11398,11400,11398,3,-3
2020-06-17 15:08:00.997,11397,11399,11397,1,-1
2020-06-17 15:08:03.245,11398,11399,11398,2,2
2020-06-17 15:08:03.245,11398,11399,11397,2,-2
2020-06-17 15:08:08.272,11397,11398,11397,1,-1
2020-06-17 15:08:08.668,11397,11398,11397,3,-3
2020-06-17 15:08:08.668,11397,11398,11397,1,-1
2020-06-17 15:08:09.510,11396,11397,11397,1,1
2020-06-17 15:08:10.088,11396,11397,11397,1,1
2020-06-17 15:08:11.022,11396,11397,11397,1,1
2020-06-17 15:08:11.103,11396,11397,11397,8,8
2020-06-17 15:08:12.051,11396,11398,11396,1,-1
2020-06-17 15:08:12.856,11396,11397,11397,1,1
2020-06-17 15:08:13.087,11396,11397,11397,2,2
2020-06-17 15:08:15.292,11396,11397,11396,1,-1
2020-06-17 15:08:15.527,11396,11397,11397,1,1
2020-06-17 15:08:15.621,11396,11397,11397,2,2
2020-06-17 15:08:15.827,11396,11397,11396,1,-1
2020-06-17 15:08:16.329,11396,11397,11396,1,-1
2020-06-17 15:08:16.413,11396,11397,11396,1,-1
2020-06-17 15:08:17.131,11396,11397,11397,2,2
2020-06-17 15:08:17.533,11397,11398,11397,3,-3
2020-06-17 15:08:18.194,11397,11398,11396,1,-1
2020-06-17 15:08:19.102,11396,11397,11397,2,2
2020-06-17 15:08:19.153,11396,11397,11396,2,-2
2020-06-17 15:08:22.328,11396,11397,11396,1,-1
2020-06-17 15:08:24.348,11396,11397,11397,1,1
2020-06-17 15:08:25.440,11396,11397,11396,1,-1
2020-06-17 15:08:27.594,11396,11397,11397,1,1
2020-06-17 15:08:28.051,11397,11398,11397,1,-1
2020-06-17 15:08:28.452,11396,11398,11397,1,-1
2020-06-17 15:08:30.068,11397,11398,11397,1,-1
2020-06-17 15:08:30.416,11397,11398,11398,4,4
2020-06-17 15:08:32.383,11397,11399,11397,1,-1
2020-06-17 15:08:32.605,11397,11398,11398,1,1
2020-06-17 15:08:34.409,11397,11398,11398,3,3
2020-06-17 15:08:35.203,11397,11398,11397,1,-1
2020-06-17 15:08:38.790,11397,11398,11397,1,-1
2020-06-17 15:08:40.928,11396,11397,11397,3,3
2020-06-17 15:08:42.168,11397,11398,11397,1,-1
2020-06-17 15:08:44.711,11397,11398,11397,1,-1
2020-06-17 15:08:44.936,11397,11398,11397,1,-1
2020-06-17 15:08:45.354,11397,11398,11398,10,10
2020-06-17 15:08:45.804,11397,11398,11398,1,1
2020-06-17 15:08:45.959,11397,11398,11398,3,3
2020-06-17 15:08:48.415,11397,11398,11397,2,-2
2020-06-17 15:08:48.415,11397,11398,11397,2,-2
2020-06-17 15:08:48.416,11397,11398,11397,2,-2
2020-06-17 15:08:48.456,11396,11397,11397,1,1
2020-06-17 15:08:53.182,11397,11398,11398,1,1
2020-06-17 15:08:53.330,11397,11398,11397,1,-1
2020-06-17 15:08:53.640,11397,11398,11398,1,1
2020-06-17 15:08:54.866,11397,11398,11398,1,1
2020-06-17 15:08:54.905,11397,11398,11397,4,-4
2020-06-17 15:08:55.123,11397,11398,11398,1,1
2020-06-17 15:08:56.809,11397,11398,11398,4,4
2020-06-17 15:08:57.060,11397,11398,11398,1,1
2020-06-17 15:08:57.280,11397,11398,11398,1,1
2020-06-17 15:08:57.485,11397,11398,11398,1,1
2020-06-17 15:08:58.040,11397,11398,11398,1,1
2020-06-17 15:08:58.747,11397,11398,11398,1,1
2020-06-17 15:08:59.362,11397,11398,11398,1,1
2020-06-17 15:08:59.362,11397,11398,11398,3,3
2020-06-17 15:09:04.201,11398,11399,11398,1,-1
2020-06-17 15:09:04.543,11398,11399,11399,1,1
2020-06-17 15:09:05.552,11398,11399,11399,8,8
2020-06-17 15:09:05.768,11399,11400,11400,4,4
2020-06-17 15:09:06.254,11399,11400,11399,2,-2
2020-06-17 15:09:07.002,11398,11400,11400,2,2
2020-06-17 15:09:07.689,11398,11400,11399,1,-1
2020-06-17 15:09:10.130,11398,11399,11399,1,1
2020-06-17 15:09:10.747,11399,11400,11399,1,-1
2020-06-17 15:09:12.408,11398,11399,11399,1,1
2020-06-17 15:09:13.058,11398,11399,11399,1,1
2020-06-17 15:09:13.845,11399,11400,11399,1,-1
2020-06-17 15:09:15.359,11398,11399,11398,1,-1
2020-06-17 15:09:15.862,11398,11399,11399,3,3
2020-06-17 15:09:16.614,11399,11400,11399,1,-1
2020-06-17 15:09:16.987,11398,11399,11399,1,1
2020-06-17 15:09:16.988,11398,11399,11399,1,1
2020-06-17 15:09:16.996,11398,11399,11399,1,1
2020-06-17 15:09:17.456,11399,11400,11399,1,-1
2020-06-17 15:09:20.195,11399,11400,11399,1,-1
2020-06-17 15:09:20.803,11399,11400,11400,1,1
2020-06-17 15:09:23.354,11399,11400,11400,2,2
2020-06-17 15:09:23.580,11399,11400,11400,1,1
2020-06-17 15:09:23.581,11399,11400,11400,1,1
2020-06-17 15:09:23.581,11399,11400,11400,3,3
2020-06-17 15:09:23.581,11399,11400,11400,3,3
2020-06-17 15:09:23.581,11399,11400,11400,4,4
2020-06-17 15:09:23.581,11399,11400,11400,5,5
2020-06-17 15:09:23.581,11399,11400,11400,1,1
2020-06-17 15:09:23.581,11399,11400,11400,1,1
2020-06-17 15:09:23.581,11399,11400,11400,4,4
2020-06-17 15:09:23.581,11399,11400,11400,7,7
2020-06-17 15:09:25.033,11400,11401,11400,1,-1
2020-06-17 15:09:25.033,11400,11401,11399,9,-9
2020-06-17 15:09:25.451,11399,11401,11401,1,1
2020-06-17 15:09:28.072,11399,11400,11399,1,-1
2020-06-17 15:09:28.702,11399,11400,11400,3,3
2020-06-17 15:09:29.146,11399,11400,11399,6,-6
2020-06-17 15:09:31.817,11399,11400,11399,1,-1
2020-06-17 15:09:33.153,11398,11399,11399,2,2
2020-06-17 15:09:33.371,11398,11399,11399,1,1
2020-06-17 15:09:33.863,11398,11399,11399,1,1
2020-06-17 15:09:34.518,11398,11399,11399,2,2
2020-06-17 15:09:34.679,11398,11399,11398,1,-1
2020-06-17 15:09:34.810,11398,11399,11399,1,1
2020-06-17 15:09:36.417,11398,11399,11398,10,-10
2020-06-17 15:09:37.693,11398,11399,11398,1,-1
2020-06-17 15:09:38.959,11398,11399,11399,1,1
2020-06-17 15:09:39.277,11398,11399,11398,1,-1
2020-06-17 15:09:42.178,11398,11399,11399,3,3
2020-06-17 15:09:44.183,11399,11400,11400,10,10
2020-06-17 15:09:44.184,11399,11400,11400,2,2
2020-06-17 15:09:47.262,11398,11400,11400,1,1
2020-06-17 15:09:50.178,11398,11399,11399,1,1
2020-06-17 15:09:53.269,11399,11400,11400,3,3
2020-06-17 15:09:53.725,11399,11400,11400,1,1
2020-06-17 15:10:00.741,11400,11401,11400,1,-1
2020-06-17 15:10:00.851,11399,11400,11400,1,1
2020-06-17 15:10:01.083,11399,11400,11400,1,1
2020-06-17 15:10:01.194,11399,11400,11399,2,-2
2020-06-17 15:10:01.624,11399,11400,11400,1,1
2020-06-17 15:10:01.645,11399,11400,11400,1,1
2020-06-17 15:10:01.703,11399,11400,11400,1,1
2020-06-17 15:10:01.706,11399,11400,11400,1,1
2020-06-17 15:10:01.706,11399,11400,11401,1,1
2020-06-17 15:10:01.708,11399,11400,11401,1,1
2020-06-17 15:10:01.709,11399,11400,11401,1,1
2020-06-17 15:10:01.711,11399,11400,11401,1,1
2020-06-17 15:10:01.711,11399,11400,11401,1,1
2020-06-17 15:10:01.713,11399,11400,11401,1,1
2020-06-17 15:10:01.942,11400,11401,11400,1,-1
2020-06-17 15:10:03.943,11400,11401,11400,1,-1
2020-06-17 15:10:05.181,11400,11401,11400,1,-1
2020-06-17 15:10:07.132,11399,11400,11400,1,1
2020-06-17 15:10:07.199,11399,11400,11400,2,2
2020-06-17 15:10:07.840,11399,11400,11400,1,1
2020-06-17 15:10:08.550,11399,11400,11400,1,1
2020-06-17 15:10:08.865,11399,11400,11399,6,-6
2020-06-17 15:10:08.866,11399,11400,11399,3,-3
2020-06-17 15:10:09.178,11398,11399,11399,1,1
2020-06-17 15:10:10.161,11398,11399,11399,1,1
2020-06-17 15:10:11.811,11398,11399,11399,1,1
2020-06-17 15:10:18.642,11398,11399,11399,1,1
2020-06-17 15:10:19.355,11398,11399,11399,1,1
2020-06-17 15:10:19.356,11398,11399,11399,2,2
2020-06-17 15:10:21.232,11399,11400,11399,1,-1
2020-06-17 15:10:21.735,11399,11400,11399,4,-4
2020-06-17 15:10:24.109,11398,11399,11399,8,8
2020-06-17 15:10:24.192,11398,11399,11399,1,1
2020-06-17 15:10:28.129,11399,11400,11399,1,-1
2020-06-17 15:10:29.218,11398,11400,11399,1,-1
2020-06-17 15:10:35.134,11398,11399,11399,1,1
2020-06-17 15:10:36.443,11399,11400,11399,1,-1
2020-06-17 15:10:37.633,11399,11400,11399,1,-1
2020-06-17 15:10:38.546,11399,11400,11400,1,1
2020-06-17 15:10:38.802,11399,11400,11399,2,-2
2020-06-17 15:10:41.006,11399,11400,11400,1,1
2020-06-17 15:10:43.093,11399,11400,11399,2,-2
2020-06-17 15:10:45.086,11399,11400,11400,1,1
2020-06-17 15:10:46.889,11399,11400,11399,1,-1
2020-06-17 15:10:47.071,11399,11400,11399,1,-1
2020-06-17 15:10:50.393,11399,11400,11399,5,-5
2020-06-17 15:10:51.969,11399,11400,11399,1,-1
2020-06-17 15:10:54.077,11398,11399,11399,1,1
2020-06-17 15:10:54.395,11398,11399,11399,3,3
2020-06-17 15:10:56.844,11398,11399,11398,1,-1
2020-06-17 15:10:58.654,11398,11399,11399,1,1
2020-06-17 15:11:00.767,11399,11400,11400,1,1
2020-06-17 15:11:01.155,11399,11400,11400,1,1
2020-06-17 15:11:01.514,11399,11400,11400,1,1
2020-06-17 15:11:03.816,11399,11400,11399,1,-1
2020-06-17 15:11:08.187,11398,11399,11398,2,-2
2020-06-17 15:11:08.791,11398,11399,11398,19,-19
2020-06-17 15:11:08.866,11397,11398,11398,1,1
2020-06-17 15:11:10.693,11397,11398,11398,1,1
2020-06-17 15:11:12.549,11397,11398,11398,1,1
2020-06-17 15:11:13.119,11397,11398,11397,1,-1
2020-06-17 15:11:13.526,11397,11398,11398,4,4
2020-06-17 15:11:14.561,11397,11398,11398,1,1
2020-06-17 15:11:14.864,11397,11398,11397,1,-1
2020-06-17 15:11:15.482,11397,11398,11398,1,1
2020-06-17 15:11:15.487,11397,11398,11398,2,2
2020-06-17 15:11:15.487,11397,11398,11398,3,3
2020-06-17 15:11:15.971,11398,11399,11398,2,-2
2020-06-17 15:11:17.427,11398,11399,11399,1,1
2020-06-17 15:11:17.636,11398,11399,11398,1,-1
2020-06-17 15:11:17.936,11398,11399,11398,2,-2
2020-06-17 15:11:21.424,11398,11399,11398,1,-1
2020-06-17 15:11:23.328,11397,11399,11397,1,-1
2020-06-17 15:11:25.289,11398,11399,11398,1,1
2020-06-17 15:11:25.749,11398,11399,11398,1,-1
2020-06-17 15:11:27.440,11398,11399,11398,2,-2
2020-06-17 15:11:27.441,11398,11399,11398,1,-1
2020-06-17 15:11:28.496,11397,11399,11397,1,-1
2020-06-17 15:11:28.668,11397,11399,11398,1,1
2020-06-17 15:11:29.818,11398,11399,11398,2,-2
2020-06-17 15:11:30.237,11398,11399,11399,19,19
2020-06-17 15:11:30.237,11398,11399,11399,1,1
2020-06-17 15:11:30.383,11399,11400,11400,1,1
2020-06-17 15:11:30.405,11399,11400,11400,1,1
2020-06-17 15:11:30.406,11399,11400,11400,1,1
2020-06-17 15:11:30.406,11399,11400,11400,8,8
2020-06-17 15:11:30.406,11399,11400,11400,1,1
2020-06-17 15:11:30.406,11399,11400,11400,1,1
2020-06-17 15:11:30.451,11399,11400,11400,9,9
2020-06-17 15:11:30.819,11400,11401,11400,1,-1
2020-06-17 15:11:33.821,11400,11401,11400,1,-1
2020-06-17 15:11:34.689,11400,11401,11401,1,1
2020-06-17 15:11:35.022,11400,11401,11401,1,1
2020-06-17 15:11:35.314,11400,11401,11400,2,-2
2020-06-17 15:11:36.068,11400,11401,11400,1,-1
2020-06-17 15:11:36.471,11400,11401,11400,1,-1
2020-06-17 15:11:36.650,11399,11401,11401,1,1
2020-06-17 15:11:37.616,11400,11401,11400,1,-1
2020-06-17 15:11:38.557,11400,11401,11400,1,-1
2020-06-17 15:11:40.850,11399,11400,11399,1,-1
2020-06-17 15:11:41.119,11399,11400,11400,1,1
2020-06-17 15:11:42.287,11399,11401,11399,1,-1
2020-06-17 15:11:46.533,11399,11401,11400,1,1
2020-06-17 15:11:46.686,11399,11401,11401,1,1
2020-06-17 15:11:46.933,11399,11401,11399,1,-1
2020-06-17 15:11:49.468,11399,11400,11399,1,-1
2020-06-17 15:12:00.515,11399,11400,11400,1,1
2020-06-17 15:12:00.884,11399,11400,11400,2,2
2020-06-17 15:12:02.205,11399,11400,11400,5,5
2020-06-17 15:12:02.390,11399,11400,11400,2,2
2020-06-17 15:12:03.779,11399,11400,11400,1,1
2020-06-17 15:12:07.682,11399,11400,11399,1,-1
2020-06-17 15:12:08.340,11399,11400,11400,1,1
2020-06-17 15:12:10.559,11399,11400,11400,1,1
2020-06-17 15:12:11.492,11399,11400,11400,1,1
2020-06-17 15:12:16.122,11399,11400,11400,3,3
2020-06-17 15:12:16.477,11399,11400,11400,1,1
2020-06-17 15:12:16.698,11399,11400,11399,1,-1
2020-06-17 15:12:22.231,11399,11400,11400,2,2
2020-06-17 15:12:26.238,11399,11400,11400,1,1
2020-06-17 15:12:27.983,11399,11400,11400,1,1
2020-06-17 15:12:31.918,11399,11400,11400,1,1
2020-06-17 15:12:35.622,11399,11400,11399,2,-2
2020-06-17 15:12:36.089,11399,11400,11399,1,-1
2020-06-17 15:12:36.089,11399,11400,11399,17,-17
2020-06-17 15:12:36.089,11399,11400,11399,4,-4
2020-06-17 15:12:36.089,11399,11400,11399,5,-5
2020-06-17 15:12:36.089,11399,11400,11399,4,-4
2020-06-17 15:12:36.095,11399,11400,11398,16,-16
2020-06-17 15:12:36.273,11397,11398,11397,30,-30
2020-06-17 15:12:36.929,11396,11397,11397,3,3
2020-06-17 15:12:37.262,11396,11397,11397,1,1
2020-06-17 15:12:38.115,11396,11397,11396,1,-1
2020-06-17 15:12:38.599,11396,11397,11396,1,-1
2020-06-17 15:12:40.252,11396,11397,11397,1,1
2020-06-17 15:12:40.377,11396,11397,11397,2,2
2020-06-17 15:12:41.218,11396,11397,11397,1,1
2020-06-17 15:12:43.167,11396,11397,11396,2,-2
2020-06-17 15:12:45.116,11396,11397,11396,1,-1
2020-06-17 15:12:46.700,11396,11397,11396,16,-16
2020-06-17 15:12:46.924,11395,11396,11396,1,1
2020-06-17 15:12:50.670,11395,11396,11396,1,1
2020-06-17 15:12:53.458,11395,11396,11396,1,1
2020-06-17 15:12:53.587,11395,11396,11395,1,-1
2020-06-17 15:12:54.065,11395,11396,11395,1,-1
2020-06-17 15:12:54.588,11395,11396,11395,4,-4
2020-06-17 15:12:54.605,11395,11396,11395,18,-18
2020-06-17 15:12:54.605,11395,11396,11395,4,-4
2020-06-17 15:12:54.605,11395,11396,11395,4,-4
2020-06-17 15:12:54.825,11394,11395,11394,3,-3
2020-06-17 15:12:55.082,11393,11394,11394,1,1
2020-06-17 15:12:55.203,11393,11394,11394,1,1
2020-06-17 15:12:55.203,11393,11394,11395,3,3
2020-06-17 15:12:55.225,11393,11394,11394,4,4
2020-06-17 15:12:56.214,11394,11396,11394,1,-1
2020-06-17 15:12:56.523,11394,11395,11394,1,-1
2020-06-17 15:12:57.057,11394,11395,11395,2,2
2020-06-17 15:12:57.069,11394,11395,11395,1,1
2020-06-17 15:12:58.980,11395,11396,11395,1,-1
2020-06-17 15:13:02.508,11394,11395,11394,2,-2
2020-06-17 15:13:02.508,11394,11395,11394,2,-2
2020-06-17 15:13:02.847,11393,11394,11394,1,1
2020-06-17 15:13:02.853,11393,11394,11393,1,-1
2020-06-17 15:13:03.116,11393,11394,11393,1,-1
2020-06-17 15:13:03.321,11393,11394,11394,1,1
2020-06-17 15:13:03.785,11393,11394,11393,1,-1
2020-06-17 15:13:04.732,11393,11394,11393,1,-1
2020-06-17 15:13:04.732,11393,11394,11393,3,-3
2020-06-17 15:13:04.732,11393,11394,11393,3,-3
2020-06-17 15:13:04.755,11393,11394,11393,1,-1
2020-06-17 15:13:05.574,11392,11393,11392,1,-1
2020-06-17 15:13:05.602,11392,11393,11392,1,-1
2020-06-17 15:13:05.729,11392,11393,11393,4,4
2020-06-17 15:13:05.745,11392,11393,11392,1,-1
2020-06-17 15:13:06.120,11392,11393,11393,1,1
2020-06-17 15:13:07.664,11392,11393,11393,1,1
2020-06-17 15:13:08.227,11392,11393,11392,1,-1
2020-06-17 15:13:08.953,11392,11393,11392,1,-1
2020-06-17 15:13:09.130,11392,11393,11393,1,1
2020-06-17 15:13:09.178,11392,11393,11393,1,1
2020-06-17 15:13:09.272,11392,11393,11392,1,-1
2020-06-17 15:13:09.359,11392,11393,11392,1,-1
2020-06-17 15:13:09.650,11392,11393,11392,2,-2
2020-06-17 15:13:10.498,11391,11392,11392,1,1
2020-06-17 15:13:10.611,11391,11392,11392,1,1
2020-06-17 15:13:10.611,11391,11392,11393,1,1
2020-06-17 15:13:11.092,11391,11393,11393,1,1
2020-06-17 15:13:12.429,11392,11393,11393,5,5
2020-06-17 15:13:12.551,11392,11393,11392,1,-1
2020-06-17 15:13:15.468,11392,11393,11393,1,1
2020-06-17 15:13:17.589,11393,11394,11393,1,-1
2020-06-17 15:13:18.733,11392,11393,11393,1,1
2020-06-17 15:13:20.249,11393,11394,11393,1,-1
2020-06-17 15:13:20.662,11392,11394,11394,1,1
2020-06-17 15:13:22.192,11392,11393,11392,1,-1
2020-06-17 15:13:22.496,11392,11393,11393,1,1
2020-06-17 15:13:24.272,11393,11394,11394,1,1
2020-06-17 15:13:24.273,11393,11394,11394,3,3
2020-06-17 15:13:24.605,11394,11395,11395,1,1
2020-06-17 15:13:25.800,11394,11395,11394,1,-1
2020-06-17 15:13:27.699,11394,11395,11395,1,1
2020-06-17 15:13:30.055,11394,11395,11395,4,4
2020-06-17 15:13:31.122,11395,11396,11395,1,-1
2020-06-17 15:13:32.077,11395,11396,11395,1,-1
2020-06-17 15:13:32.078,11395,11396,11395,1,-1
2020-06-17 15:13:34.293,11395,11396,11396,1,1
2020-06-17 15:13:34.293,11395,11396,11396,11,11
2020-06-17 15:13:40.855,11394,11396,11394,1,-1
2020-06-17 15:13:42.554,11395,11396,11396,1,1
2020-06-17 15:13:42.554,11395,11396,11397,2,2
2020-06-17 15:13:43.978,11395,11396,11395,3,-3
2020-06-17 15:13:44.551,11395,11396,11396,1,1
2020-06-17 15:13:45.181,11395,11396,11396,2,2
2020-06-17 15:13:45.580,11396,11397,11396,5,-5
2020-06-17 15:13:50.518,11396,11397,11397,2,2
2020-06-17 15:13:50.749,11397,11398,11397,3,-3
2020-06-17 15:13:50.750,11397,11398,11397,2,-2
2020-06-17 15:13:51.250,11396,11398,11396,1,-1
2020-06-17 15:13:51.817,11397,11398,11397,2,2
2020-06-17 15:13:52.847,11396,11397,11396,1,-1
2020-06-17 15:13:52.946,11396,11397,11397,5,5
2020-06-17 15:13:54.096,11396,11398,11397,5,-5
2020-06-17 15:13:54.320,11396,11398,11396,1,-1
2020-06-17 15:13:58.466,11395,11396,11395,2,-2
2020-06-17 15:13:59.979,11395,11396,11396,1,1
2020-06-17 15:14:01.557,11395,11396,11396,1,1
2020-06-17 15:14:01.845,11395,11396,11396,2,2
2020-06-17 15:14:01.960,11395,11396,11396,1,1
2020-06-17 15:14:02.359,11395,11396,11396,1,1
2020-06-17 15:14:02.471,11395,11396,11395,1,-1
2020-06-17 15:14:02.471,11395,11396,11395,4,-4
2020-06-17 15:14:02.472,11395,11396,11395,2,-2
2020-06-17 15:14:03.294,11395,11396,11395,1,-1
2020-06-17 15:14:06.179,11394,11395,11395,1,1
2020-06-17 15:14:06.793,11394,11395,11394,4,-4
2020-06-17 15:14:14.017,11393,11394,11394,1,1
2020-06-17 15:14:15.066,11393,11394,11394,1,1
2020-06-17 15:14:15.317,11394,11395,11394,1,-1
2020-06-17 15:14:17.774,11393,11394,11393,1,-1
2020-06-17 15:14:19.673,11393,11394,11394,1,1
2020-06-17 15:14:20.662,11393,11394,11393,2,-2
2020-06-17 15:14:22.709,11393,11394,11393,1,-1
2020-06-17 15:14:22.989,11393,11394,11393,3,-3
2020-06-17 15:14:23.339,11393,11394,11393,1,-1
2020-06-17 15:14:24.063,11393,11394,11394,1,1
2020-06-17 15:14:26.531,11393,11394,11393,1,-1
2020-06-17 15:14:26.666,11393,11394,11393,4,-4
2020-06-17 15:14:26.775,11393,11394,11393,3,-3
2020-06-17 15:14:28.627,11392,11393,11392,1,-1
2020-06-17 15:14:29.792,11392,11393,11392,1,-1
2020-06-17 15:14:32.744,11392,11393,11393,4,4
2020-06-17 15:14:34.671,11393,11394,11394,1,1
2020-06-17 15:14:41.527,11393,11394,11394,1,1
2020-06-17 15:14:43.451,11393,11394,11393,5,-5
2020-06-17 15:14:43.451,11393,11394,11393,4,-4
2020-06-17 15:14:43.591,11392,11393,11392,1,-1
2020-06-17 15:14:43.592,11392,11393,11393,1,1
2020-06-17 15:14:45.627,11392,11393,11392,1,-1
2020-06-17 15:14:46.511,11392,11393,11393,1,1
2020-06-17 15:14:49.443,11392,11393,11392,15,-15
2020-06-17 15:14:49.595,11392,11393,11393,1,1
2020-06-17 15:14:50.293,11392,11393,11392,1,-1
2020-06-17 15:14:54.252,11392,11393,11393,1,1
2020-06-17 15:14:55.489,11392,11393,11392,5,-5
2020-06-17 15:14:56.517,11392,11393,11392,1,-1
2020-06-17 15:14:56.517,11392,11393,11392,1,-1
2020-06-17 15:14:56.517,11392,11393,11392,1,-1
2020-06-17 15:14:56.551,11392,11393,11392,2,-2
2020-06-17 15:14:56.675,11391,11392,11391,2,-2
2020-06-17 15:14:56.787,11391,11392,11391,2,-2
2020-06-17 15:14:56.847,11391,11392,11391,11,-11
2020-06-17 15:14:56.848,11391,11392,11391,7,-7
2020-06-17 15:14:56.848,11391,11392,11391,2,-2
2020-06-17 15:14:56.868,11391,11392,11390,3,-3
2020-06-17 15:14:56.884,11391,11392,11390,2,-2
2020-06-17 15:14:56.893,11391,11392,11390,2,-2
2020-06-17 15:14:57.084,11390,11391,11390,1,-1
2020-06-17 15:14:58.846,11391,11392,11392,6,6
2020-06-17 15:14:58.846,11391,11392,11393,4,4
2020-06-17 15:14:59.905,11391,11393,11391,1,-1
2020-06-17 15:15:00.476,11392,11393,11393,1,1
2020-06-17 15:15:00.750,11392,11393,11392,4,-4
2020-06-17 15:15:00.750,11392,11393,11391,11,-11
2020-06-17 15:15:00.750,11392,11393,11391,1,-1
2020-06-17 15:15:00.764,11392,11393,11391,1,-1
2020-06-17 15:15:00.764,11392,11393,11390,6,-6
2020-06-17 15:15:00.944,11390,11392,11390,1,-1
2020-06-17 15:15:00.975,11390,11392,11390,2,-2
2020-06-17 15:15:02.248,11392,11393,11392,1,1
2020-06-17 15:15:02.249,11392,11393,11392,2,-2
2020-06-17 15:15:02.255,11392,11393,11391,2,-2
2020-06-17 15:15:02.265,11392,11393,11391,1,-1
2020-06-17 15:15:02.704,11390,11392,11390,1,-1
2020-06-17 15:15:02.705,11390,11392,11390,1,-1
2020-06-17 15:15:02.705,11390,11392,11390,1,-1
2020-06-17 15:15:02.713,11390,11392,11390,2,-2
2020-06-17 15:15:02.718,11390,11392,11390,1,-1
2020-06-17 15:15:02.829,11390,11391,11390,1,-1
2020-06-17 15:15:02.831,11390,11391,11390,1,-1
2020-06-17 15:15:02.831,11390,11391,11389,1,-1
2020-06-17 15:15:02.833,11390,11391,11390,1,1
2020-06-17 15:15:02.835,11390,11391,11390,1,-1
2020-06-17 15:15:02.835,11390,11391,11390,1,-1
2020-06-17 15:15:02.837,11390,11391,11390,1,-1
2020-06-17 15:15:02.839,11390,11391,11390,1,-1
2020-06-17 15:15:02.926,11390,11391,11390,1,-1
2020-06-17 15:15:03.013,11390,11391,11390,2,-2
2020-06-17 15:15:04.527,11391,11392,11391,1,1
2020-06-17 15:15:04.540,11391,11392,11391,1,-1
2020-06-17 15:15:07.332,11391,11392,11391,1,-1
2020-06-17 15:15:07.777,11391,11392,11392,2,2
2020-06-17 15:15:08.017,11391,11392,11391,1,-1
2020-06-17 15:15:10.484,11390,11391,11391,1,1
2020-06-17 15:15:11.102,11391,11392,11391,1,-1
2020-06-17 15:15:11.546,11390,11392,11390,1,-1
2020-06-17 15:15:12.512,11391,11392,11392,1,1
2020-06-17 15:15:12.677,11391,11392,11391,1,-1
2020-06-17 15:15:13.086,11391,11392,11391,1,-1
2020-06-17 15:15:13.296,11391,11392,11391,2,-2
2020-06-17 15:15:13.313,11391,11392,11391,1,-1
2020-06-17 15:15:15.356,11391,11392,11392,1,1
2020-06-17 15:15:16.634,11392,11393,11392,1,-1
2020-06-17 15:15:19.504,11392,11393,11392,1,-1
2020-06-17 15:15:22.355,11392,11393,11392,2,-2
2020-06-17 15:15:22.355,11392,11393,11392,1,-1
2020-06-17 15:15:22.356,11392,11393,11392,4,-4
2020-06-17 15:15:22.356,11392,11393,11392,1,-1
2020-06-17 15:15:24.510,11392,11393,11392,1,-1
2020-06-17 15:15:26.154,11391,11392,11392,1,1
2020-06-17 15:15:26.156,11391,11392,11392,1,1
2020-06-17 15:15:26.924,11392,11393,11392,6,-6
2020-06-17 15:15:26.924,11392,11393,11391,6,-6
2020-06-17 15:15:30.042,11391,11393,11391,1,-1
2020-06-17 15:15:30.161,11391,11392,11392,1,1
2020-06-17 15:15:30.300,11391,11393,11391,1,-1
2020-06-17 15:15:31.146,11391,11393,11391,1,-1
2020-06-17 15:15:31.855,11391,11392,11391,1,-1
2020-06-17 15:15:32.051,11391,11392,11391,1,-1
2020-06-17 15:15:32.532,11391,11392,11391,2,-2
2020-06-17 15:15:33.535,11391,11392,11391,1,-1
2020-06-17 15:15:34.547,11391,11392,11391,1,-1
2020-06-17 15:15:36.834,11391,11392,11391,1,-1
2020-06-17 15:15:37.175,11391,11392,11391,2,-2
2020-06-17 15:15:40.064,11391,11392,11391,1,-1
2020-06-17 15:15:41.825,11391,11392,11392,3,3
2020-06-17 15:15:41.825,11391,11392,11392,1,1
2020-06-17 15:15:43.998,11392,11393,11392,1,-1
2020-06-17 15:15:44.668,11391,11393,11391,1,-1
2020-06-17 15:15:47.817,11391,11392,11391,1,-1
2020-06-17 15:15:49.639,11391,11392,11391,2,-2
2020-06-17 15:15:49.639,11391,11392,11391,4,-4
2020-06-17 15:15:49.639,11391,11392,11391,1,-1
2020-06-17 15:15:49.639,11391,11392,11391,18,-18
2020-06-17 15:15:51.535,11390,11391,11391,1,1
2020-06-17 15:15:54.717,11391,11392,11391,1,-1
2020-06-17 15:15:54.974,11391,11392,11391,1,-1
2020-06-17 15:15:57.228,11391,11392,11392,1,1
2020-06-17 15:16:00.547,11391,11392,11391,5,-5
2020-06-17 15:16:00.796,11390,11392,11390,2,-2
2020-06-17 15:16:00.806,11390,11392,11390,4,-4
2020-06-17 15:16:03.945,11390,11391,11391,2,2
2020-06-17 15:16:03.946,11390,11391,11391,1,1
2020-06-17 15:16:03.973,11391,11392,11391,1,-1
2020-06-17 15:16:03.974,11391,11392,11391,2,-2
2020-06-17 15:16:05.206,11391,11392,11391,1,-1
2020-06-17 15:16:05.869,11390,11391,11391,1,1
2020-06-17 15:16:09.191,11390,11391,11390,1,-1
2020-06-17 15:16:10.558,11390,11391,11390,1,-1
2020-06-17 15:16:10.558,11390,11391,11390,1,-1
2020-06-17 15:16:10.559,11390,11391,11390,1,-1
2020-06-17 15:16:10.559,11390,11391,11390,3,-3
2020-06-17 15:16:12.442,11390,11391,11390,1,-1
2020-06-17 15:16:12.791,11389,11390,11389,1,-1
2020-06-17 15:16:13.676,11389,11390,11389,1,-1
2020-06-17 15:16:15.130,11389,11390,11389,1,-1
2020-06-17 15:16:15.441,11389,11390,11389,2,-2
2020-06-17 15:16:16.549,11388,11389,11388,1,-1
2020-06-17 15:16:16.600,11388,11389,11388,1,-1
2020-06-17 15:16:16.628,11388,11389,11388,1,-1
2020-06-17 15:16:16.829,11388,11389,11388,1,-1
2020-06-17 15:16:17.076,11388,11389,11388,1,-1
2020-06-17 15:16:17.290,11388,11389,11388,1,-1
2020-06-17 15:16:18.058,11388,11389,11388,2,-2
2020-06-17 15:16:18.104,11388,11389,11388,1,-1
2020-06-17 15:16:18.223,11388,11389,11388,1,-1
2020-06-17 15:16:18.335,11387,11388,11387,1,-1
2020-06-17 15:16:18.667,11387,11388,11388,1,1
2020-06-17 15:16:18.801,11387,11388,11387,1,-1
2020-06-17 15:16:18.858,11387,11388,11387,1,-1
2020-06-17 15:16:20.680,11387,11388,11388,1,1
2020-06-17 15:16:20.912,11387,11388,11388,2,2
2020-06-17 15:16:22.143,11387,11388,11388,1,1
2020-06-17 15:16:23.385,11387,11388,11387,2,-2
2020-06-17 15:16:23.548,11387,11388,11387,2,-2
2020-06-17 15:16:23.551,11387,11388,11387,4,-4
2020-06-17 15:16:23.930,11387,11388,11387,5,-5
2020-06-17 15:16:23.932,11387,11388,11387,1,-1
2020-06-17 15:16:23.932,11387,11388,11387,1,-1
2020-06-17 15:16:23.932,11387,11388,11387,1,-1
2020-06-17 15:16:23.932,11387,11388,11387,5,-5
2020-06-17 15:16:23.932,11387,11388,11387,1,-1
2020-06-17 15:16:23.932,11387,11388,11387,2,-2
2020-06-17 15:16:23.932,11387,11388,11387,1,-1
2020-06-17 15:16:25.156,11386,11387,11387,15,15
2020-06-17 15:16:27.200,11386,11387,11387,1,1
2020-06-17 15:16:27.724,11386,11387,11387,1,1
2020-06-17 15:16:27.850,11386,11387,11387,2,2
2020-06-17 15:16:28.256,11386,11387,11386,2,-2
2020-06-17 15:16:28.429,11386,11387,11386,1,-1
2020-06-17 15:16:28.677,11386,11387,11386,1,-1
2020-06-17 15:16:30.731,11386,11387,11387,1,1
2020-06-17 15:16:31.092,11386,11387,11387,1,1
2020-06-17 15:16:31.410,11386,11387,11387,1,1
2020-06-17 15:16:31.755,11386,11387,11387,1,1
2020-06-17 15:16:32.046,11386,11387,11386,1,-1
2020-06-17 15:16:32.098,11386,11387,11387,1,1
2020-06-17 15:16:32.403,11386,11387,11386,1,-1
2020-06-17 15:16:32.824,11386,11388,11387,1,1
2020-06-17 15:16:33.063,11386,11388,11388,1,1
2020-06-17 15:16:33.939,11386,11387,11387,1,1
2020-06-17 15:16:34.276,11386,11387,11386,1,-1
2020-06-17 15:16:36.174,11386,11387,11386,3,-3
2020-06-17 15:16:36.424,11386,11387,11387,1,1
2020-06-17 15:16:36.492,11386,11387,11387,1,1
2020-06-17 15:16:36.492,11386,11387,11387,4,4
2020-06-17 15:16:38.291,11387,11388,11388,1,1
2020-06-17 15:16:38.595,11387,11388,11387,1,-1
2020-06-17 15:16:40.579,11387,11388,11387,1,-1
2020-06-17 15:16:42.760,11387,11388,11387,5,-5
2020-06-17 15:16:42.860,11387,11388,11387,1,-1
2020-06-17 15:16:43.541,11387,11388,11387,2,-2
2020-06-17 15:16:44.007,11387,11388,11387,1,-1
2020-06-17 15:16:46.410,11387,11388,11387,1,-1
2020-06-17 15:16:47.160,11386,11387,11387,2,2
2020-06-17 15:16:47.614,11387,11388,11387,1,-1
2020-06-17 15:16:48.894,11387,11388,11388,8,8
2020-06-17 15:16:49.804,11388,11389,11388,1,-1
2020-06-17 15:16:50.932,11388,11389,11388,5,-5
2020-06-17 15:16:51.295,11388,11389,11389,1,1
2020-06-17 15:16:51.299,11388,11389,11388,1,-1
2020-06-17 15:16:53.133,11388,11389,11388,1,-1
2020-06-17 15:16:53.177,11388,11389,11389,1,1
2020-06-17 15:16:55.337,11387,11388,11387,11,-11
2020-06-17 15:16:55.337,11387,11388,11386,29,-29
2020-06-17 15:17:00.054,11387,11388,11387,1,1
2020-06-17 15:17:01.607,11387,11388,11387,1,-1
2020-06-17 15:17:02.216,11387,11388,11387,1,-1
2020-06-17 15:17:02.807,11386,11387,11387,6,6
2020-06-17 15:17:09.127,11387,11388,11388,4,4
2020-06-17 15:17:12.229,11388,11389,11389,1,1
2020-06-17 15:17:12.981,11388,11389,11388,1,-1
2020-06-17 15:17:15.194,11388,11389,11389,1,1
2020-06-17 15:17:15.194,11388,11389,11389,1,1
2020-06-17 15:17:22.319,11388,11389,11388,1,-1
2020-06-17 15:17:25.640,11387,11388,11388,1,1
2020-06-17 15:17:25.690,11387,11388,11387,2,-2
2020-06-17 15:17:27.089,11387,11388,11388,1,1
2020-06-17 15:17:31.154,11386,11388,11388,2,2
2020-06-17 15:17:31.440,11388,11389,11388,1,-1
2020-06-17 15:17:31.851,11388,11389,11389,2,2
2020-06-17 15:17:34.207,11388,11390,11388,1,-1
2020-06-17 15:17:35.477,11389,11390,11390,1,1
2020-06-17 15:17:35.479,11389,11390,11390,1,1
2020-06-17 15:17:35.479,11389,11390,11390,3,3
2020-06-17 15:17:35.480,11389,11390,11390,9,9
2020-06-17 15:17:36.201,11389,11391,11389,1,-1
2020-06-17 15:17:36.668,11389,11391,11389,2,-2
2020-06-17 15:17:39.470,11390,11391,11390,1,1
2020-06-17 15:17:44.055,11389,11390,11389,1,-1
2020-06-17 15:17:44.613,11388,11389,11389,1,1
2020-06-17 15:17:45.099,11388,11389,11389,1,1
2020-06-17 15:17:45.605,11388,11390,11388,1,-1
2020-06-17 15:17:48.854,11388,11390,11390,1,1
2020-06-17 15:17:48.856,11388,11390,11390,1,1
2020-06-17 15:17:49.123,11388,11390,11388,1,-1
2020-06-17 15:17:52.612,11388,11389,11389,13,13
2020-06-17 15:17:59.005,11389,11390,11390,1,1
2020-06-17 15:18:05.418,11389,11390,11390,4,4
2020-06-17 15:18:06.666,11389,11390,11390,1,1
2020-06-17 15:18:06.666,11389,11390,11391,1,1
2020-06-17 15:18:08.339,11390,11391,11391,1,1
2020-06-17 15:18:09.690,11391,11392,11392,1,1
2020-06-17 15:18:10.629,11391,11392,11391,2,-2
2020-06-17 15:18:11.132,11390,11391,11391,1,1
2020-06-17 15:18:13.305,11390,11391,11391,1,1
2020-06-17 15:18:15.300,11391,11392,11391,4,-4
2020-06-17 15:18:15.300,11391,11392,11390,26,-26
2020-06-17 15:18:15.301,11391,11392,11390,1,-1
2020-06-17 15:18:15.303,11391,11392,11390,1,-1
2020-06-17 15:18:15.468,11389,11391,11391,1,1
2020-06-17 15:18:18.780,11390,11391,11390,2,-2
2020-06-17 15:18:19.334,11390,11391,11391,5,5
2020-06-17 15:18:19.334,11390,11391,11391,4,4
2020-06-17 15:18:19.335,11390,11391,11391,1,1
2020-06-17 15:18:23.099,11391,11392,11391,1,-1
2020-06-17 15:18:23.685,11391,11392,11391,6,-6
2020-06-17 15:18:23.685,11391,11392,11390,25,-25
2020-06-17 15:18:23.893,11390,11391,11391,1,1
2020-06-17 15:18:27.258,11391,11392,11391,3,-3
2020-06-17 15:18:27.986,11390,11391,11390,1,-1
2020-06-17 15:18:32.530,11390,11391,11391,6,6
2020-06-17 15:18:32.595,11390,11391,11390,1,-1
2020-06-17 15:18:33.863,11391,11392,11392,1,1
2020-06-17 15:18:35.257,11391,11392,11391,1,-1
2020-06-17 15:18:36.563,11390,11392,11390,1,-1
2020-06-17 15:18:38.102,11391,11392,11391,1,1
2020-06-17 15:18:42.172,11391,11392,11391,1,-1
2020-06-17 15:18:44.606,11390,11392,11392,2,2
2020-06-17 15:18:49.427,11391,11392,11391,1,-1
2020-06-17 15:18:51.350,11391,11392,11391,1,-1
2020-06-17 15:18:55.035,11391,11392,11392,1,1
2020-06-17 15:18:55.036,11391,11392,11392,22,22
2020-06-17 15:19:03.922,11392,11393,11393,1,1
2020-06-17 15:19:03.922,11392,11393,11393,1,1
2020-06-17 15:19:03.922,11392,11393,11393,1,1
2020-06-17 15:19:03.923,11392,11393,11393,1,1
2020-06-17 15:19:03.923,11392,11393,11393,1,1
2020-06-17 15:19:03.923,11392,11393,11393,1,1
2020-06-17 15:19:05.358,11393,11394,11394,1,1
2020-06-17 15:19:05.586,11393,11394,11394,1,1
2020-06-17 15:19:08.388,11393,11394,11393,3,-3
2020-06-17 15:19:08.432,11393,11394,11393,1,-1
2020-06-17 15:19:08.432,11393,11394,11392,4,-4
2020-06-17 15:19:08.767,11392,11394,11394,2,2
2020-06-17 15:19:10.817,11393,11394,11393,2,-2
2020-06-17 15:19:14.420,11393,11394,11394,1,1
2020-06-17 15:19:14.648,11393,11394,11394,1,1
2020-06-17 15:19:15.025,11393,11394,11394,5,5
2020-06-17 15:19:15.739,11393,11394,11394,4,4
2020-06-17 15:19:16.070,11394,11395,11394,1,-1
2020-06-17 15:19:16.392,11393,11394,11394,1,1
2020-06-17 15:19:16.860,11393,11394,11394,1,1
2020-06-17 15:19:17.868,11394,11395,11394,1,-1
2020-06-17 15:19:18.282,11394,11395,11395,1,1
2020-06-17 15:19:18.688,11394,11395,11394,2,-2
2020-06-17 15:19:18.696,11394,11395,11394,1,-1
2020-06-17 15:19:18.725,11393,11394,11394,5,5
2020-06-17 15:19:19.067,11393,11394,11394,5,5
2020-06-17 15:19:19.718,11393,11394,11393,1,-1
2020-06-17 15:19:19.764,11393,11394,11393,2,-2
2020-06-17 15:19:19.764,11393,11394,11393,1,-1
2020-06-17 15:19:19.765,11393,11394,11393,1,-1
2020-06-17 15:19:19.765,11393,11394,11393,7,-7
2020-06-17 15:19:19.765,11393,11394,11393,4,-4
2020-06-17 15:19:19.765,11393,11394,11393,2,-2
2020-06-17 15:19:19.895,11392,11393,11393,1,1
2020-06-17 15:19:21.489,11392,11393,11393,5,5
2020-06-17 15:19:21.490,11392,11393,11393,2,2
2020-06-17 15:19:22.513,11393,11394,11393,1,-1
2020-06-17 15:19:22.592,11392,11393,11393,1,1
2020-06-17 15:19:24.139,11392,11393,11393,1,1
2020-06-17 15:19:26.595,11392,11393,11392,5,-5
2020-06-17 15:19:26.716,11392,11393,11393,1,1
2020-06-17 15:19:29.806,11392,11393,11393,1,1
2020-06-17 15:19:30.068,11393,11394,11393,2,-2
2020-06-17 15:19:34.276,11393,11394,11394,6,6
2020-06-17 15:19:34.942,11394,11395,11394,1,-1
2020-06-17 15:19:36.213,11393,11395,11394,1,-1
2020-06-17 15:19:40.500,11393,11394,11393,1,-1
2020-06-17 15:19:41.409,11393,11394,11394,1,1
2020-06-17 15:19:45.149,11393,11394,11393,5,-5
2020-06-17 15:19:46.036,11392,11393,11392,9,-9
2020-06-17 15:19:47.735,11392,11393,11393,1,1
2020-06-17 15:19:49.244,11392,11393,11393,2,2
2020-06-17 15:19:51.161,11392,11393,11392,4,-4
2020-06-17 15:19:51.349,11391,11392,11392,2,2
2020-06-17 15:19:51.349,11391,11392,11392,1,1
2020-06-17 15:19:51.349,11391,11392,11392,1,1
2020-06-17 15:19:51.352,11391,11392,11392,4,4
2020-06-17 15:19:51.686,11391,11393,11392,1,-1
2020-06-17 15:19:54.013,11392,11394,11394,1,1
2020-06-17 15:19:57.504,11392,11393,11393,1,1
2020-06-17 15:19:57.944,11392,11393,11392,1,-1
2020-06-17 15:19:57.944,11392,11393,11392,1,-1
2020-06-17 15:19:57.944,11392,11393,11392,1,-1
2020-06-17 15:20:00.745,11392,11393,11392,1,-1
2020-06-17 15:20:01.310,11392,11393,11393,1,1
2020-06-17 15:20:01.519,11392,11393,11392,1,-1
2020-06-17 15:20:01.519,11392,11393,11391,1,-1
2020-06-17 15:20:02.250,11391,11392,11392,1,1
2020-06-17 15:20:02.250,11391,11392,11392,1,1
2020-06-17 15:20:02.289,11391,11392,11392,1,1
2020-06-17 15:20:02.537,11392,11393,11392,2,-2
2020-06-17 15:20:02.564,11392,11393,11392,2,-2
2020-06-17 15:20:03.342,11392,11393,11392,1,-1
2020-06-17 15:20:12.018,11391,11393,11393,1,1
2020-06-17 15:20:16.808,11391,11392,11392,2,2
2020-06-17 15:20:17.168,11391,11392,11391,4,-4
2020-06-17 15:20:18.346,11390,11391,11391,1,1
2020-06-17 15:20:19.190,11390,11391,11391,2,2
2020-06-17 15:20:21.321,11390,11391,11391,1,1
2020-06-17 15:20:23.736,11390,11392,11392,2,2
2020-06-17 15:20:29.175,11390,11391,11390,5,-5
2020-06-17 15:20:29.417,11390,11391,11390,5,-5
2020-06-17 15:20:29.624,11390,11391,11390,5,-5
2020-06-17 15:20:32.271,11390,11391,11390,1,-1
2020-06-17 15:20:33.019,11390,11391,11391,1,1
2020-06-17 15:20:34.669,11390,11391,11391,1,1
2020-06-17 15:20:35.209,11391,11392,11391,1,-1
2020-06-17 15:20:35.673,11391,11392,11391,1,-1
2020-06-17 15:20:40.604,11391,11392,11392,4,4
2020-06-17 15:20:43.251,11392,11393,11393,1,1
2020-06-17 15:20:43.542,11392,11393,11392,1,-1
2020-06-17 15:20:44.167,11392,11393,11392,5,-5
2020-06-17 15:20:45.997,11391,11392,11392,1,1
2020-06-17 15:20:46.804,11391,11392,11391,2,-2
2020-06-17 15:20:47.068,11389,11391,11391,1,1
2020-06-17 15:20:48.833,11390,11391,11391,1,1
2020-06-17 15:20:51.618,11390,11391,11390,1,-1
2020-06-17 15:20:51.949,11389,11390,11390,1,1
2020-06-17 15:20:52.922,11389,11390,11389,2,-2
2020-06-17 15:20:54.139,11388,11390,11388,3,-3
2020-06-17 15:20:55.117,11388,11389,11388,1,-1
2020-06-17 15:20:55.216,11388,11389,11388,9,-9
2020-06-17 15:20:55.408,11388,11389,11388,5,-5
2020-06-17 15:20:57.543,11388,11389,11388,1,-1
2020-06-17 15:21:03.905,11388,11389,11388,2,-2
2020-06-17 15:21:07.262,11388,11389,11388,1,-1
2020-06-17 15:21:08.669,11388,11389,11389,1,1
2020-06-17 15:21:09.693,11388,11390,11389,1,-1
2020-06-17 15:21:18.280,11388,11389,11389,2,2
2020-06-17 15:21:19.005,11388,11389,11389,2,2
2020-06-17 15:21:19.520,11389,11390,11389,1,-1
2020-06-17 15:21:21.810,11388,11389,11389,1,1
2020-06-17 15:21:25.108,11388,11389,11389,1,1
2020-06-17 15:21:26.604,11388,11389,11389,1,1
2020-06-17 15:21:26.809,11388,11389,11388,1,-1
2020-06-17 15:21:26.902,11388,11389,11388,1,-1
2020-06-17 15:21:30.820,11388,11389,11388,5,-5
2020-06-17 15:21:32.463,11387,11388,11388,1,1
2020-06-17 15:21:32.511,11387,11388,11388,1,1
2020-06-17 15:21:33.630,11387,11388,11388,11,11
2020-06-17 15:21:35.749,11388,11389,11388,8,-8
2020-06-17 15:21:37.071,11388,11389,11388,1,-1
2020-06-17 15:21:49.501,11387,11388,11388,1,1
2020-06-17 15:21:49.501,11387,11388,11388,1,1
2020-06-17 15:21:49.502,11387,11388,11388,2,2
2020-06-17 15:21:55.107,11388,11389,11389,1,1
2020-06-17 15:21:55.107,11388,11389,11389,3,3
2020-06-17 15:21:55.107,11388,11389,11389,5,5
2020-06-17 15:21:55.355,11389,11390,11390,2,2
2020-06-17 15:22:01.822,11388,11390,11390,1,1
2020-06-17 15:22:06.624,11388,11389,11389,2,2
2020-06-17 15:22:06.624,11388,11389,11389,1,1
2020-06-17 15:22:11.232,11389,11390,11390,1,1
2020-06-17 15:22:11.567,11390,11391,11390,2,-2
2020-06-17 15:22:16.004,11390,11391,11390,1,-1
2020-06-17 15:22:20.560,11390,11391,11390,1,-1
2020-06-17 15:22:30.069,11389,11390,11389,1,-1
2020-06-17 15:22:30.069,11389,11390,11389,1,-1
2020-06-17 15:22:33.200,11389,11390,11390,4,4
2020-06-17 15:22:35.697,11389,11390,11390,2,2
2020-06-17 15:22:35.697,11389,11390,11390,1,1
2020-06-17 15:22:36.235,11390,11391,11391,1,1
2020-06-17 15:22:38.801,11390,11391,11391,2,2
2020-06-17 15:22:41.524,11390,11391,11391,2,2
2020-06-17 15:22:41.537,11390,11391,11392,1,1
2020-06-17 15:22:45.289,11391,11392,11391,2,-2
2020-06-17 15:22:51.472,11391,11392,11392,5,5
2020-06-17 15:22:53.710,11391,11392,11392,1,1
2020-06-17 15:23:02.232,11391,11392,11392,1,1
2020-06-17 15:23:03.970,11391,11392,11392,1,1
2020-06-17 15:23:04.694,11391,11392,11392,1,1
2020-06-17 15:23:04.695,11391,11392,11392,1,1
2020-06-17 15:23:04.695,11391,11392,11392,1,1
2020-06-17 15:23:04.695,11391,11392,11392,4,4
2020-06-17 15:23:11.961,11391,11392,11392,2,2
2020-06-17 15:23:14.212,11391,11392,11391,2,-2
2020-06-17 15:23:14.212,11391,11392,11391,7,-7
2020-06-17 15:23:15.880,11390,11391,11390,2,-2
2020-06-17 15:23:15.880,11390,11391,11390,2,-2
2020-06-17 15:23:18.795,11389,11390,11390,1,1
2020-06-17 15:23:19.331,11389,11390,11390,1,1
2020-06-17 15:23:22.682,11389,11390,11390,1,1
2020-06-17 15:23:23.965,11389,11390,11390,1,1
2020-06-17 15:23:27.596,11390,11391,11390,1,-1
2020-06-17 15:23:30.882,11389,11390,11390,1,1
2020-06-17 15:23:35.502,11390,11391,11390,1,-1
2020-06-17 15:23:38.884,11389,11390,11389,1,-1
2020-06-17 15:23:42.039,11389,11390,11390,1,1
2020-06-17 15:23:45.859,11389,11390,11390,1,1
2020-06-17 15:23:47.312,11389,11390,11389,1,-1
2020-06-17 15:23:50.040,11389,11390,11390,2,2
2020-06-17 15:23:52.017,11390,11391,11390,1,-1
2020-06-17 15:23:53.959,11389,11390,11390,1,1
2020-06-17 15:23:56.081,11389,11390,11390,1,1
2020-06-17 15:24:02.929,11389,11390,11390,1,1
2020-06-17 15:24:03.181,11390,11391,11390,2,-2
2020-06-17 15:24:03.456,11389,11391,11389,2,-2
2020-06-17 15:24:04.123,11389,11391,11389,2,-2
2020-06-17 15:24:09.669,11389,11390,11389,4,-4
2020-06-17 15:24:09.670,11389,11390,11389,2,-2
2020-06-17 15:24:09.887,11388,11389,11389,1,1
2020-06-17 15:24:17.705,11388,11390,11390,1,1
2020-06-17 15:24:17.853,11388,11390,11388,1,-1
2020-06-17 15:24:27.441,11389,11390,11389,1,1
2020-06-17 15:24:31.611,11388,11389,11389,1,1
2020-06-17 15:24:42.608,11388,11389,11389,1,1
2020-06-17 15:24:42.815,11388,11389,11389,1,1
2020-06-17 15:24:46.649,11388,11389,11389,2,2
2020-06-17 15:24:56.214,11389,11390,11389,1,-1
2020-06-17 15:25:09.754,11389,11390,11389,1,-1
2020-06-17 15:25:11.202,11389,11390,11390,4,4
2020-06-17 15:25:14.320,11390,11391,11391,2,2
2020-06-17 15:25:21.139,11390,11391,11390,1,-1
2020-06-17 15:25:21.515,11389,11390,11390,1,1
2020-06-17 15:25:22.920,11389,11390,11390,1,1
2020-06-17 15:25:26.156,11389,11390,11390,1,1
2020-06-17 15:25:27.274,11389,11390,11389,1,-1
2020-06-17 15:25:34.073,11389,11390,11389,1,-1
2020-06-17 15:25:35.623,11388,11389,11389,2,2
2020-06-17 15:25:37.464,11388,11389,11389,1,1
2020-06-17 15:25:39.087,11388,11389,11389,1,1
2020-06-17 15:25:40.075,11389,11390,11389,1,-1
2020-06-17 15:25:41.575,11389,11390,11389,1,-1
2020-06-17 15:25:47.538,11389,11390,11389,1,-1
2020-06-17 15:25:48.313,11389,11390,11389,1,-1
2020-06-17 15:25:52.456,11389,11390,11390,1,1
2020-06-17 15:25:58.543,11389,11390,11390,10,10
2020-06-17 15:25:58.859,11389,11390,11389,1,-1
2020-06-17 15:26:05.690,11389,11390,11389,1,-1
2020-06-17 15:26:05.701,11389,11390,11389,1,-1
2020-06-17 15:26:11.696,11389,11390,11389,1,-1
2020-06-17 15:26:18.099,11389,11390,11389,1,-1
2020-06-17 15:26:20.240,11389,11390,11390,5,5
2020-06-17 15:26:20.456,11390,11391,11390,3,-3
2020-06-17 15:26:21.167,11390,11391,11390,1,-1
2020-06-17 15:26:26.253,11390,11391,11390,1,-1
2020-06-17 15:26:28.504,11390,11391,11390,3,-3
2020-06-17 15:26:29.158,11390,11391,11391,1,1
2020-06-17 15:26:30.964,11390,11391,11391,1,1
2020-06-17 15:26:33.601,11389,11391,11391,7,7
2020-06-17 15:26:48.973,11390,11391,11391,2,2
2020-06-17 15:26:48.973,11390,11391,11391,1,1
2020-06-17 15:26:48.973,11390,11391,11391,4,4
2020-06-17 15:26:48.973,11390,11391,11391,8,8
2020-06-17 15:26:48.973,11390,11391,11391,7,7
2020-06-17 15:26:48.974,11390,11391,11391,21,21
2020-06-17 15:26:48.974,11390,11391,11391,1,1
2020-06-17 15:26:48.974,11390,11391,11391,1,1
2020-06-17 15:26:48.974,11390,11391,11391,2,2
2020-06-17 15:26:57.389,11391,11392,11391,1,-1
2020-06-17 15:27:00.920,11391,11392,11392,1,1
2020-06-17 15:27:01.244,11391,11392,11392,2,2
2020-06-17 15:27:02.449,11391,11393,11391,8,-8
2020-06-17 15:27:02.472,11391,11393,11391,1,-1
2020-06-17 15:27:08.482,11391,11392,11391,1,-1
2020-06-17 15:27:10.554,11391,11392,11392,4,4
2020-06-17 15:27:11.105,11392,11393,11393,1,1
2020-06-17 15:27:11.989,11392,11393,11393,1,1
2020-06-17 15:27:14.322,11392,11393,11393,1,1
2020-06-17 15:27:14.322,11392,11393,11393,1,1
2020-06-17 15:27:14.322,11392,11393,11393,7,7
2020-06-17 15:27:14.323,11392,11393,11393,4,4
2020-06-17 15:27:14.323,11392,11393,11393,1,1
2020-06-17 15:27:14.323,11392,11393,11393,2,2
2020-06-17 15:27:14.323,11392,11393,11393,4,4
2020-06-17 15:27:15.978,11393,11394,11394,1,1
2020-06-17 15:27:16.003,11393,11394,11393,1,-1
2020-06-17 15:27:16.698,11393,11394,11394,1,1
2020-06-17 15:27:20.763,11393,11394,11394,1,1
2020-06-17 15:27:20.886,11393,11394,11394,1,1
2020-06-17 15:27:21.409,11393,11394,11394,1,1
2020-06-17 15:27:23.722,11393,11394,11394,1,1
2020-06-17 15:27:23.723,11393,11394,11394,3,3
2020-06-17 15:27:23.723,11393,11394,11394,1,1
2020-06-17 15:27:23.723,11393,11394,11394,2,2
2020-06-17 15:27:23.723,11393,11394,11394,4,4
2020-06-17 15:27:23.723,11393,11394,11394,1,1
2020-06-17 15:27:23.724,11393,11394,11394,1,1
2020-06-17 15:27:24.289,11394,11395,11395,2,2
2020-06-17 15:27:24.480,11394,11395,11395,2,2
2020-06-17 15:27:24.481,11394,11395,11395,6,6
2020-06-17 15:27:24.482,11394,11395,11395,4,4
2020-06-17 15:27:24.482,11394,11395,11395,1,1
2020-06-17 15:27:24.816,11395,11396,11395,2,-2
2020-06-17 15:27:25.009,11394,11396,11394,1,-1
2020-06-17 15:27:27.447,11395,11396,11396,1,1
2020-06-17 15:27:29.296,11395,11396,11395,1,-1
2020-06-17 15:27:29.596,11395,11396,11395,1,-1
2020-06-17 15:27:29.596,11395,11396,11395,1,-1
2020-06-17 15:27:29.596,11395,11396,11395,4,-4
2020-06-17 15:27:30.340,11394,11395,11394,3,-3
2020-06-17 15:27:32.218,11394,11395,11395,2,2
2020-06-17 15:27:33.150,11395,11396,11396,1,1
2020-06-17 15:27:33.215,11395,11396,11396,10,10
2020-06-17 15:27:33.215,11395,11396,11396,2,2
2020-06-17 15:27:33.215,11395,11396,11396,2,2
2020-06-17 15:27:33.217,11395,11396,11396,4,4
2020-06-17 15:27:33.217,11395,11396,11396,1,1
2020-06-17 15:27:33.240,11395,11396,11396,1,1
2020-06-17 15:27:33.251,11395,11396,11396,1,1
2020-06-17 15:27:33.251,11395,11396,11396,1,1
2020-06-17 15:27:33.251,11395,11396,11396,1,1
2020-06-17 15:27:33.259,11395,11396,11397,1,1
2020-06-17 15:27:33.285,11395,11396,11397,1,1
2020-06-17 15:27:33.309,11395,11396,11397,3,3
2020-06-17 15:27:33.732,11396,11397,11397,7,7
2020-06-17 15:27:34.489,11396,11397,11397,4,4
2020-06-17 15:27:34.648,11397,11398,11397,1,-1
2020-06-17 15:27:34.648,11397,11398,11397,1,-1
2020-06-17 15:27:34.648,11397,11398,11397,1,-1
2020-06-17 15:27:34.761,11396,11397,11397,4,4
2020-06-17 15:27:35.618,11397,11398,11398,1,1
2020-06-17 15:27:35.841,11397,11398,11398,5,5
2020-06-17 15:27:36.051,11397,11398,11398,5,5
2020-06-17 15:27:36.152,11397,11398,11398,1,1
2020-06-17 15:27:36.250,11397,11398,11398,5,5
2020-06-17 15:27:36.463,11397,11398,11398,5,5
2020-06-17 15:27:36.598,11397,11398,11398,1,1
2020-06-17 15:27:36.701,11397,11399,11399,5,5
2020-06-17 15:27:36.901,11397,11399,11399,5,5
2020-06-17 15:27:36.966,11397,11399,11399,3,3
2020-06-17 15:27:37.102,11398,11399,11399,5,5
2020-06-17 15:27:37.129,11398,11399,11398,1,-1
2020-06-17 15:27:37.302,11398,11399,11399,5,5
2020-06-17 15:27:37.468,11398,11399,11399,3,3
2020-06-17 15:27:37.469,11398,11399,11399,2,2
2020-06-17 15:27:37.470,11398,11399,11399,1,1
2020-06-17 15:27:38.196,11399,11400,11400,1,1
2020-06-17 15:27:38.212,11399,11400,11399,1,-1
2020-06-17 15:27:38.400,11399,11400,11400,1,1
2020-06-17 15:27:38.796,11399,11400,11400,1,1
2020-06-17 15:27:39.088,11399,11400,11400,1,1
2020-06-17 15:27:39.116,11399,11400,11400,2,2
2020-06-17 15:27:39.116,11399,11400,11400,1,1
2020-06-17 15:27:40.458,11399,11400,11400,2,2
2020-06-17 15:27:40.526,11399,11400,11399,1,-1
2020-06-17 15:27:40.973,11399,11400,11400,1,1
2020-06-17 15:27:41.131,11399,11400,11399,2,-2
2020-06-17 15:27:41.156,11399,11400,11399,1,-1
2020-06-17 15:27:41.556,11398,11399,11399,2,2
2020-06-17 15:27:42.200,11398,11399,11399,1,1
2020-06-17 15:27:42.418,11398,11400,11400,1,1
2020-06-17 15:27:44.045,11398,11400,11400,1,1
2020-06-17 15:27:44.326,11399,11400,11399,1,-1
2020-06-17 15:27:44.600,11399,11400,11399,1,-1
2020-06-17 15:27:45.762,11399,11400,11400,1,1
2020-06-17 15:27:46.538,11399,11400,11400,1,1
2020-06-17 15:27:46.575,11399,11400,11400,1,1
2020-06-17 15:27:46.643,11399,11400,11400,1,1
2020-06-17 15:27:46.702,11399,11400,11400,1,1
2020-06-17 15:27:46.712,11399,11400,11399,1,-1
2020-06-17 15:27:46.757,11399,11400,11400,1,1
2020-06-17 15:27:46.757,11399,11400,11400,1,1
2020-06-17 15:27:46.757,11399,11400,11400,1,1
2020-06-17 15:27:46.757,11399,11400,11400,1,1
2020-06-17 15:27:46.757,11399,11400,11400,1,1
2020-06-17 15:27:46.757,11399,11400,11400,4,4
2020-06-17 15:27:46.757,11399,11400,11400,2,2
2020-06-17 15:27:46.868,11400,11401,11401,2,2
2020-06-17 15:27:46.871,11400,11401,11401,6,6
2020-06-17 15:27:47.008,11400,11401,11400,1,-1
2020-06-17 15:27:47.144,11400,11401,11400,1,-1
2020-06-17 15:27:47.231,11400,11401,11400,1,-1
2020-06-17 15:27:47.543,11400,11401,11400,5,-5
2020-06-17 15:27:48.128,11400,11401,11400,2,-2
2020-06-17 15:27:48.132,11400,11401,11400,5,-5
2020-06-17 15:27:48.874,11399,11401,11399,1,-1
2020-06-17 15:27:48.913,11399,11401,11400,4,4
2020-06-17 15:27:48.996,11400,11401,11401,10,10
2020-06-17 15:27:49.242,11400,11401,11401,1,1
2020-06-17 15:27:49.288,11400,11401,11401,4,4
2020-06-17 15:27:50.224,11400,11401,11401,2,2
2020-06-17 15:27:50.383,11400,11401,11401,1,1
2020-06-17 15:27:50.625,11400,11401,11401,1,1
2020-06-17 15:27:51.412,11400,11401,11400,4,-4
2020-06-17 15:27:51.413,11400,11401,11400,1,-1
2020-06-17 15:27:51.451,11400,11401,11401,1,1
2020-06-17 15:27:51.758,11400,11401,11400,1,-1
2020-06-17 15:27:51.797,11400,11401,11401,1,1
2020-06-17 15:27:52.818,11400,11401,11401,1,1
2020-06-17 15:27:53.525,11400,11401,11401,1,1
2020-06-17 15:27:53.623,11400,11401,11401,1,1
2020-06-17 15:27:53.720,11400,11401,11401,1,1
2020-06-17 15:27:53.904,11400,11401,11400,2,-2
2020-06-17 15:27:53.904,11400,11401,11400,3,-3
2020-06-17 15:27:54.444,11399,11400,11400,2,2
2020-06-17 15:27:54.505,11399,11400,11400,1,1
2020-06-17 15:27:54.520,11399,11400,11400,1,1
2020-06-17 15:27:55.641,11399,11400,11400,1,1
2020-06-17 15:27:55.654,11399,11400,11401,1,1
2020-06-17 15:27:55.785,11399,11401,11400,1,-1
2020-06-17 15:27:58.170,11399,11400,11399,5,-5
2020-06-17 15:27:59.940,11399,11400,11400,2,2
2020-06-17 15:28:01.070,11399,11400,11400,1,1
2020-06-17 15:28:01.107,11399,11400,11400,1,1
2020-06-17 15:28:01.107,11399,11400,11400,5,5
2020-06-17 15:28:01.107,11399,11400,11400,1,1
2020-06-17 15:28:01.108,11399,11400,11400,1,1
2020-06-17 15:28:01.776,11399,11400,11399,6,-6
2020-06-17 15:28:02.110,11399,11400,11399,2,-2
2020-06-17 15:28:02.153,11399,11400,11400,9,9
2020-06-17 15:28:03.006,11399,11400,11399,1,-1
2020-06-17 15:28:05.301,11399,11400,11399,1,-1
2020-06-17 15:28:07.594,11399,11400,11399,1,-1
2020-06-17 15:28:07.908,11399,11400,11399,1,-1
2020-06-17 15:28:07.908,11399,11400,11399,3,-3
2020-06-17 15:28:09.263,11398,11400,11400,2,2
2020-06-17 15:28:09.452,11398,11400,11400,1,1
2020-06-17 15:28:09.662,11398,11400,11400,2,2
2020-06-17 15:28:09.763,11399,11400,11400,2,2
2020-06-17 15:28:10.066,11398,11400,11400,1,1
2020-06-17 15:28:10.279,11398,11400,11400,4,4
2020-06-17 15:28:10.407,11399,11400,11400,2,2
2020-06-17 15:28:10.504,11398,11400,11400,2,2
2020-06-17 15:28:10.705,11399,11400,11399,1,-1
2020-06-17 15:28:15.057,11399,11400,11399,5,-5
2020-06-17 15:28:15.510,11399,11400,11399,2,-2
2020-06-17 15:28:17.165,11398,11399,11399,1,1
2020-06-17 15:28:18.631,11398,11399,11398,5,-5
2020-06-17 15:28:18.894,11398,11399,11399,1,1
2020-06-17 15:28:19.144,11398,11399,11398,5,-5
2020-06-17 15:28:19.340,11398,11399,11398,5,-5
2020-06-17 15:28:19.582,11398,11399,11399,1,1
2020-06-17 15:28:20.016,11398,11399,11398,5,-5
2020-06-17 15:28:20.123,11398,11399,11399,1,1
2020-06-17 15:28:20.918,11398,11399,11399,1,1
2020-06-17 15:28:21.636,11398,11399,11399,2,2
2020-06-17 15:28:22.094,11398,11399,11399,1,1
2020-06-17 15:28:22.494,11398,11399,11398,1,-1
2020-06-17 15:28:23.566,11398,11399,11399,1,1
2020-06-17 15:28:24.844,11398,11399,11399,1,1
2020-06-17 15:28:24.844,11398,11399,11399,1,1
2020-06-17 15:28:25.919,11398,11399,11399,1,1
2020-06-17 15:28:26.141,11398,11399,11399,1,1
2020-06-17 15:28:28.634,11398,11400,11400,3,3
2020-06-17 15:28:28.864,11399,11400,11400,4,4
2020-06-17 15:28:29.670,11399,11400,11400,1,1
2020-06-17 15:28:31.338,11399,11400,11399,1,-1
2020-06-17 15:28:31.946,11399,11400,11400,4,4
2020-06-17 15:28:31.946,11399,11400,11401,1,1
2020-06-17 15:28:32.003,11399,11401,11400,1,-1
2020-06-17 15:28:32.560,11399,11400,11400,1,1
2020-06-17 15:28:34.512,11400,11401,11400,3,-3
2020-06-17 15:28:34.512,11400,11401,11400,1,-1
2020-06-17 15:28:34.513,11400,11401,11400,1,-1
2020-06-17 15:28:35.222,11400,11401,11401,1,1
2020-06-17 15:28:35.542,11400,11401,11400,3,-3
2020-06-17 15:28:38.229,11399,11401,11400,1,-1
2020-06-17 15:28:39.095,11400,11401,11401,3,3
2020-06-17 15:28:43.698,11400,11401,11401,1,1
2020-06-17 15:28:45.550,11400,11401,11401,1,1
2020-06-17 15:28:46.877,11400,11401,11401,2,2
2020-06-17 15:28:47.472,11400,11401,11400,1,-1
2020-06-17 15:28:47.601,11400,11401,11401,1,1
2020-06-17 15:28:50.102,11400,11401,11401,1,1
2020-06-17 15:28:51.330,11400,11401,11400,1,-1
2020-06-17 15:28:52.637,11400,11401,11401,1,1
2020-06-17 15:28:53.750,11400,11401,11401,2,2
2020-06-17 15:28:54.659,11400,11401,11400,2,-2
2020-06-17 15:28:54.934,11400,11401,11400,3,-3
2020-06-17 15:28:58.001,11400,11401,11401,1,1
2020-06-17 15:29:00.276,11400,11401,11400,1,-1
2020-06-17 15:29:00.564,11400,11401,11401,1,1
2020-06-17 15:29:00.565,11400,11401,11401,2,2
2020-06-17 15:29:00.602,11401,11402,11402,2,2
2020-06-17 15:29:00.738,11401,11402,11402,1,1
2020-06-17 15:29:00.748,11401,11402,11402,1,1
2020-06-17 15:29:00.822,11401,11402,11402,5,5
2020-06-17 15:29:00.941,11401,11402,11402,1,1
2020-06-17 15:29:00.954,11401,11402,11402,1,1
