2021-10-26 15:00:00,17044,17044,17044,118,118
2021-10-26 15:00:00,17044,17044,17044,2,2
2021-10-26 15:00:00,17044,17044,17044,2,2
2021-10-26 15:00:00,17044,17044,17044,2,2
2021-10-26 15:00:00,17045,17045,17045,2,2
2021-10-26 15:00:00,17045,17045,17045,4,4
2021-10-26 15:00:00,17043,17043,17043,2,-2
2021-10-26 15:00:00,17043,17043,17043,2,2
2021-10-26 15:00:00,17043,17043,17043,2,2
2021-10-26 15:00:00,17042,17042,17042,2,-2
2021-10-26 15:00:00,17042,17042,17042,2,2
2021-10-26 15:00:00,17042,17042,17042,2,2
2021-10-26 15:00:00,17045,17045,17045,6,6
2021-10-26 15:00:00,17046,17046,17046,2,2
2021-10-26 15:00:00,17045,17045,17045,4,-4
2021-10-26 15:00:01,17044,17044,17044,2,-2
2021-10-26 15:00:01,17046,17046,17046,2,2
2021-10-26 15:00:01,17043,17043,17043,2,-2
2021-10-26 15:00:01,17044,17044,17044,2,2
2021-10-26 15:00:01,17045,17045,17045,2,2
2021-10-26 15:00:01,17046,17046,17046,4,4
2021-10-26 15:00:01,17046,17046,17046,2,2
2021-10-26 15:00:01,17046,17046,17046,8,8
2021-10-26 15:00:01,17046,17046,17046,2,2
2021-10-26 15:00:01,17047,17047,17047,2,2
2021-10-26 15:00:02,17047,17047,17047,12,12
2021-10-26 15:00:02,17047,17047,17047,2,2
2021-10-26 15:00:02,17047,17047,17047,2,2
2021-10-26 15:00:02,17046,17046,17046,2,-2
2021-10-26 15:00:02,17044,17044,17044,2,-2
2021-10-26 15:00:02,17044,17044,17044,6,6
2021-10-26 15:00:03,17044,17044,17044,2,2
2021-10-26 15:00:03,17047,17047,17047,4,4
2021-10-26 15:00:03,17047,17047,17047,6,6
2021-10-26 15:00:03,17044,17044,17044,2,-2
2021-10-26 15:00:03,17044,17044,17044,2,2
2021-10-26 15:00:03,17043,17043,17043,2,-2
2021-10-26 15:00:03,17043,17043,17043,2,2
2021-10-26 15:00:03,17042,17042,17042,4,-4
2021-10-26 15:00:03,17045,17045,17045,4,4
2021-10-26 15:00:03,17046,17046,17046,2,2
2021-10-26 15:00:04,17044,17044,17044,2,-2
2021-10-26 15:00:04,17046,17046,17046,6,6
2021-10-26 15:00:04,17046,17046,17046,6,6
2021-10-26 15:00:04,17047,17047,17047,6,6
2021-10-26 15:00:04,17047,17047,17047,2,2
2021-10-26 15:00:04,17048,17048,17048,8,8
2021-10-26 15:00:04,17048,17048,17048,2,2
2021-10-26 15:00:04,17048,17048,17048,2,2
2021-10-26 15:00:07,17044,17044,17044,2,-2
2021-10-26 15:00:07,17044,17044,17044,8,8
2021-10-26 15:00:07,17044,17044,17044,2,2
2021-10-26 15:00:07,17044,17044,17044,2,2
2021-10-26 15:00:10,17042,17042,17042,2,-2
2021-10-26 15:00:10,17042,17042,17042,2,2
2021-10-26 15:00:11,17043,17043,17043,2,2
2021-10-26 15:00:11,17042,17042,17042,2,-2
2021-10-26 15:00:11,17042,17042,17042,2,2
2021-10-26 15:00:11,17043,17043,17043,2,2
2021-10-26 15:00:14,17044,17044,17044,2,2
2021-10-26 15:00:15,17044,17044,17044,2,2
2021-10-26 15:00:15,17044,17044,17044,2,2
2021-10-26 15:00:15,17045,17045,17045,2,2
2021-10-26 15:00:16,17045,17045,17045,2,2
2021-10-26 15:00:18,17044,17044,17044,2,-2
2021-10-26 15:00:18,17045,17045,17045,2,2
2021-10-26 15:00:18,17044,17044,17044,10,-10
2021-10-26 15:00:18,17044,17044,17044,2,2
2021-10-26 15:00:18,17042,17042,17042,2,-2
2021-10-26 15:00:19,17042,17042,17042,2,2
2021-10-26 15:00:20,17043,17043,17043,2,2
2021-10-26 15:00:21,17044,17044,17044,2,2
2021-10-26 15:00:24,17043,17043,17043,2,-2
2021-10-26 15:00:26,17044,17044,17044,10,10
2021-10-26 15:00:27,17042,17042,17042,2,-2
2021-10-26 15:00:27,17042,17042,17042,2,2
2021-10-26 15:00:28,17041,17041,17041,2,-2
2021-10-26 15:00:28,17041,17041,17041,2,2
2021-10-26 15:00:28,17041,17041,17041,2,2
2021-10-26 15:00:28,17041,17041,17041,2,2
2021-10-26 15:00:28,17041,17041,17041,2,2
2021-10-26 15:00:28,17041,17041,17041,2,2
2021-10-26 15:00:30,17042,17042,17042,2,2
2021-10-26 15:00:34,17042,17042,17042,8,8
2021-10-26 15:00:34,17043,17043,17043,2,2
2021-10-26 15:00:37,17042,17042,17042,2,-2
2021-10-26 15:00:39,17044,17044,17044,10,10
2021-10-26 15:00:39,17043,17043,17043,2,-2
2021-10-26 15:00:41,17043,17043,17043,2,2
2021-10-26 15:00:41,17043,17043,17043,4,4
2021-10-26 15:00:42,17043,17043,17043,2,2
2021-10-26 15:00:42,17043,17043,17043,2,2
2021-10-26 15:00:46,17043,17043,17043,2,2
2021-10-26 15:00:49,17042,17042,17042,2,-2
2021-10-26 15:00:51,17042,17042,17042,2,2
2021-10-26 15:00:51,17042,17042,17042,2,2
2021-10-26 15:00:53,17042,17042,17042,2,2
2021-10-26 15:00:55,17042,17042,17042,4,4
2021-10-26 15:00:58,17043,17043,17043,8,8
2021-10-26 15:00:58,17044,17044,17044,6,6
2021-10-26 15:01:00,17042,17042,17042,2,-2
2021-10-26 15:01:00,17042,17042,17042,2,2
2021-10-26 15:01:00,17042,17042,17042,4,4
2021-10-26 15:01:00,17041,17041,17041,2,-2
2021-10-26 15:01:00,17043,17043,17043,2,2
2021-10-26 15:01:01,17042,17042,17042,2,-2
2021-10-26 15:01:01,17041,17041,17041,2,-2
2021-10-26 15:01:01,17041,17041,17041,2,2
2021-10-26 15:01:01,17043,17043,17043,2,2
2021-10-26 15:01:03,17042,17042,17042,2,-2
2021-10-26 15:01:07,17042,17042,17042,2,2
2021-10-26 15:01:08,17042,17042,17042,2,2
2021-10-26 15:01:08,17042,17042,17042,2,2
2021-10-26 15:01:08,17041,17041,17041,2,-2
2021-10-26 15:01:11,17042,17042,17042,2,2
2021-10-26 15:01:12,17044,17044,17044,4,4
2021-10-26 15:01:12,17044,17044,17044,4,4
2021-10-26 15:01:13,17042,17042,17042,2,-2
2021-10-26 15:01:13,17041,17041,17041,2,-2
2021-10-26 15:01:14,17042,17042,17042,2,2
2021-10-26 15:01:15,17044,17044,17044,2,2
2021-10-26 15:01:15,17044,17044,17044,2,2
2021-10-26 15:01:15,17044,17044,17044,2,2
2021-10-26 15:01:17,17043,17043,17043,2,-2
2021-10-26 15:01:22,17043,17043,17043,2,2
2021-10-26 15:01:22,17042,17042,17042,2,-2
2021-10-26 15:01:22,17042,17042,17042,2,2
2021-10-26 15:01:22,17042,17042,17042,2,2
2021-10-26 15:01:22,17042,17042,17042,2,2
2021-10-26 15:01:26,17044,17044,17044,2,2
2021-10-26 15:01:27,17044,17044,17044,2,2
2021-10-26 15:01:27,17043,17043,17043,2,-2
2021-10-26 15:01:27,17043,17043,17043,2,2
2021-10-26 15:01:27,17042,17042,17042,2,-2
2021-10-26 15:01:27,17042,17042,17042,2,2
2021-10-26 15:01:27,17042,17042,17042,2,2
2021-10-26 15:01:28,17044,17044,17044,2,2
2021-10-26 15:01:29,17044,17044,17044,4,4
2021-10-26 15:01:32,17044,17044,17044,2,2
2021-10-26 15:01:32,17044,17044,17044,2,2
2021-10-26 15:01:33,17044,17044,17044,20,20
2021-10-26 15:01:35,17043,17043,17043,2,-2
2021-10-26 15:01:40,17043,17043,17043,2,2
2021-10-26 15:01:45,17044,17044,17044,2,2
2021-10-26 15:01:45,17044,17044,17044,2,2
2021-10-26 15:01:48,17043,17043,17043,2,-2
2021-10-26 15:01:48,17044,17044,17044,2,2
2021-10-26 15:01:50,17043,17043,17043,2,-2
2021-10-26 15:01:50,17044,17044,17044,2,2
2021-10-26 15:01:50,17044,17044,17044,2,2
2021-10-26 15:01:52,17043,17043,17043,2,-2
2021-10-26 15:01:53,17043,17043,17043,2,2
2021-10-26 15:01:59,17042,17042,17042,2,-2
2021-10-26 15:02:00,17043,17043,17043,2,2
2021-10-26 15:02:02,17042,17042,17042,2,-2
2021-10-26 15:02:02,17042,17042,17042,2,2
2021-10-26 15:02:02,17042,17042,17042,2,2
2021-10-26 15:02:02,17042,17042,17042,2,2
2021-10-26 15:02:02,17042,17042,17042,2,2
2021-10-26 15:02:02,17042,17042,17042,2,2
2021-10-26 15:02:02,17042,17042,17042,2,2
2021-10-26 15:02:02,17042,17042,17042,2,2
2021-10-26 15:02:02,17042,17042,17042,2,2
2021-10-26 15:02:02,17042,17042,17042,2,2
2021-10-26 15:02:02,17042,17042,17042,10,10
2021-10-26 15:02:02,17042,17042,17042,2,2
2021-10-26 15:02:03,17041,17041,17041,2,-2
2021-10-26 15:02:03,17041,17041,17041,2,2
2021-10-26 15:02:03,17041,17041,17041,2,2
2021-10-26 15:02:03,17041,17041,17041,2,2
2021-10-26 15:02:03,17041,17041,17041,2,2
2021-10-26 15:02:03,17041,17041,17041,2,2
2021-10-26 15:02:03,17041,17041,17041,2,2
2021-10-26 15:02:03,17041,17041,17041,2,2
2021-10-26 15:02:03,17041,17041,17041,2,2
2021-10-26 15:02:03,17040,17040,17040,2,-2
2021-10-26 15:02:03,17040,17040,17040,10,10
2021-10-26 15:02:03,17040,17040,17040,2,2
2021-10-26 15:02:03,17040,17040,17040,2,2
2021-10-26 15:02:03,17040,17040,17040,2,2
2021-10-26 15:02:03,17040,17040,17040,2,2
2021-10-26 15:02:03,17040,17040,17040,4,4
2021-10-26 15:02:03,17040,17040,17040,2,2
2021-10-26 15:02:04,17039,17039,17039,2,-2
2021-10-26 15:02:04,17039,17039,17039,2,2
2021-10-26 15:02:06,17040,17040,17040,2,2
2021-10-26 15:02:07,17041,17041,17041,2,2
2021-10-26 15:02:08,17039,17039,17039,2,-2
2021-10-26 15:02:08,17039,17039,17039,4,4
2021-10-26 15:02:11,17040,17040,17040,2,2
2021-10-26 15:02:11,17039,17039,17039,2,-2
2021-10-26 15:02:15,17040,17040,17040,2,2
2021-10-26 15:02:16,17041,17041,17041,2,2
2021-10-26 15:02:20,17040,17040,17040,2,-2
2021-10-26 15:02:25,17041,17041,17041,4,4
2021-10-26 15:02:27,17041,17041,17041,4,4
2021-10-26 15:02:29,17039,17039,17039,2,-2
2021-10-26 15:02:35,17041,17041,17041,4,4
2021-10-26 15:02:37,17041,17041,17041,2,2
2021-10-26 15:02:44,17041,17041,17041,2,2
2021-10-26 15:02:45,17041,17041,17041,2,2
2021-10-26 15:02:46,17040,17040,17040,2,-2
2021-10-26 15:02:46,17040,17040,17040,2,2
2021-10-26 15:02:46,17040,17040,17040,2,2
2021-10-26 15:02:46,17040,17040,17040,2,2
2021-10-26 15:02:46,17040,17040,17040,4,4
2021-10-26 15:02:46,17040,17040,17040,2,2
2021-10-26 15:02:46,17040,17040,17040,2,2
2021-10-26 15:02:46,17040,17040,17040,4,4
2021-10-26 15:02:46,17039,17039,17039,2,-2
2021-10-26 15:02:46,17039,17039,17039,2,2
2021-10-26 15:02:46,17039,17039,17039,2,2
2021-10-26 15:02:46,17039,17039,17039,10,10
2021-10-26 15:02:46,17039,17039,17039,4,4
2021-10-26 15:02:46,17039,17039,17039,2,2
2021-10-26 15:02:46,17039,17039,17039,10,10
2021-10-26 15:02:46,17039,17039,17039,2,2
2021-10-26 15:02:46,17039,17039,17039,4,4
2021-10-26 15:02:46,17039,17039,17039,2,2
2021-10-26 15:02:49,17039,17039,17039,2,2
2021-10-26 15:02:49,17039,17039,17039,2,2
2021-10-26 15:02:49,17039,17039,17039,2,2
2021-10-26 15:02:49,17039,17039,17039,4,4
2021-10-26 15:02:49,17039,17039,17039,2,2
2021-10-26 15:02:49,17039,17039,17039,2,2
2021-10-26 15:02:49,17038,17038,17038,2,-2
2021-10-26 15:02:49,17038,17038,17038,2,2
2021-10-26 15:02:49,17038,17038,17038,2,2
2021-10-26 15:02:49,17038,17038,17038,4,4
2021-10-26 15:02:49,17038,17038,17038,2,2
2021-10-26 15:02:49,17038,17038,17038,2,2
2021-10-26 15:02:49,17038,17038,17038,20,20
2021-10-26 15:02:49,17038,17038,17038,2,2
2021-10-26 15:02:49,17038,17038,17038,2,2
2021-10-26 15:02:49,17038,17038,17038,2,2
2021-10-26 15:02:49,17038,17038,17038,2,2
2021-10-26 15:02:49,17038,17038,17038,4,4
2021-10-26 15:02:51,17040,17040,17040,2,2
2021-10-26 15:02:51,17040,17040,17040,6,6
2021-10-26 15:02:52,17039,17039,17039,2,-2
2021-10-26 15:02:54,17039,17039,17039,2,2
2021-10-26 15:02:54,17039,17039,17039,2,2
2021-10-26 15:02:54,17039,17039,17039,2,2
2021-10-26 15:02:54,17039,17039,17039,2,2
2021-10-26 15:02:54,17038,17038,17038,2,-2
2021-10-26 15:02:54,17038,17038,17038,2,2
2021-10-26 15:02:54,17038,17038,17038,2,2
2021-10-26 15:02:54,17038,17038,17038,2,2
2021-10-26 15:02:54,17038,17038,17038,2,2
2021-10-26 15:02:54,17038,17038,17038,2,2
2021-10-26 15:02:54,17038,17038,17038,2,2
2021-10-26 15:02:54,17038,17038,17038,4,4
2021-10-26 15:02:54,17038,17038,17038,2,2
2021-10-26 15:02:54,17038,17038,17038,2,2
2021-10-26 15:02:54,17038,17038,17038,2,2
2021-10-26 15:02:54,17038,17038,17038,28,28
2021-10-26 15:02:54,17039,17039,17039,2,2
2021-10-26 15:02:57,17039,17039,17039,2,2
2021-10-26 15:02:57,17039,17039,17039,2,2
2021-10-26 15:02:58,17039,17039,17039,6,6
2021-10-26 15:02:58,17038,17038,17038,2,-2
2021-10-26 15:02:58,17038,17038,17038,2,2
2021-10-26 15:02:58,17038,17038,17038,4,4
2021-10-26 15:02:58,17038,17038,17038,4,4
2021-10-26 15:02:58,17038,17038,17038,2,2
2021-10-26 15:02:58,17038,17038,17038,8,8
2021-10-26 15:02:58,17038,17038,17038,2,2
2021-10-26 15:02:59,17038,17038,17038,2,2
2021-10-26 15:03:00,17037,17037,17037,2,-2
2021-10-26 15:03:00,17038,17038,17038,6,6
2021-10-26 15:03:00,17037,17037,17037,2,-2
2021-10-26 15:03:00,17037,17037,17037,2,2
2021-10-26 15:03:00,17037,17037,17037,2,2
2021-10-26 15:03:00,17038,17038,17038,2,2
2021-10-26 15:03:01,17038,17038,17038,10,10
2021-10-26 15:03:01,17037,17037,17037,2,-2
2021-10-26 15:03:01,17037,17037,17037,2,2
2021-10-26 15:03:01,17037,17037,17037,4,4
2021-10-26 15:03:03,17037,17037,17037,6,6
2021-10-26 15:03:03,17037,17037,17037,4,4
2021-10-26 15:03:03,17037,17037,17037,6,6
2021-10-26 15:03:03,17037,17037,17037,2,2
2021-10-26 15:03:03,17036,17036,17036,2,-2
2021-10-26 15:03:03,17037,17037,17037,2,2
2021-10-26 15:03:03,17037,17037,17037,4,4
2021-10-26 15:03:04,17036,17036,17036,4,-4
2021-10-26 15:03:04,17037,17037,17037,2,2
2021-10-26 15:03:04,17037,17037,17037,2,2
2021-10-26 15:03:04,17038,17038,17038,4,4
2021-10-26 15:03:05,17036,17036,17036,2,-2
2021-10-26 15:03:05,17036,17036,17036,2,2
2021-10-26 15:03:07,17037,17037,17037,2,2
2021-10-26 15:03:09,17036,17036,17036,6,-6
2021-10-26 15:03:11,17037,17037,17037,4,4
2021-10-26 15:03:13,17036,17036,17036,2,-2
2021-10-26 15:03:13,17036,17036,17036,2,2
2021-10-26 15:03:13,17036,17036,17036,2,2
2021-10-26 15:03:13,17036,17036,17036,2,2
2021-10-26 15:03:13,17036,17036,17036,4,4
2021-10-26 15:03:14,17036,17036,17036,2,2
2021-10-26 15:03:16,17036,17036,17036,2,2
2021-10-26 15:03:23,17036,17036,17036,2,2
2021-10-26 15:03:23,17036,17036,17036,2,2
2021-10-26 15:03:23,17036,17036,17036,2,2
2021-10-26 15:03:24,17036,17036,17036,2,2
2021-10-26 15:03:24,17036,17036,17036,2,2
2021-10-26 15:03:24,17036,17036,17036,2,2
2021-10-26 15:03:26,17037,17037,17037,10,10
2021-10-26 15:03:26,17037,17037,17037,6,6
2021-10-26 15:03:27,17038,17038,17038,4,4
2021-10-26 15:03:31,17038,17038,17038,2,2
2021-10-26 15:03:31,17038,17038,17038,10,10
2021-10-26 15:03:34,17038,17038,17038,8,8
2021-10-26 15:03:37,17038,17038,17038,4,4
2021-10-26 15:03:37,17038,17038,17038,4,4
2021-10-26 15:03:37,17038,17038,17038,28,28
2021-10-26 15:03:37,17038,17038,17038,2,2
2021-10-26 15:03:37,17038,17038,17038,2,2
2021-10-26 15:03:37,17038,17038,17038,2,2
2021-10-26 15:03:37,17038,17038,17038,2,2
2021-10-26 15:03:39,17039,17039,17039,4,4
2021-10-26 15:03:43,17039,17039,17039,4,4
2021-10-26 15:03:45,17038,17038,17038,2,-2
2021-10-26 15:03:49,17039,17039,17039,4,4
2021-10-26 15:03:49,17039,17039,17039,4,4
2021-10-26 15:03:49,17039,17039,17039,2,2
2021-10-26 15:03:49,17039,17039,17039,34,34
2021-10-26 15:03:49,17039,17039,17039,2,2
2021-10-26 15:03:49,17039,17039,17039,6,6
2021-10-26 15:03:52,17039,17039,17039,2,2
2021-10-26 15:03:53,17039,17039,17039,4,4
2021-10-26 15:03:54,17039,17039,17039,2,2
2021-10-26 15:03:54,17039,17039,17039,2,2
2021-10-26 15:03:54,17040,17040,17040,2,2
2021-10-26 15:04:01,17040,17040,17040,2,2
2021-10-26 15:04:01,17040,17040,17040,2,2
2021-10-26 15:04:01,17040,17040,17040,8,8
2021-10-26 15:04:01,17040,17040,17040,2,2
2021-10-26 15:04:01,17041,17041,17041,4,4
2021-10-26 15:04:02,17041,17041,17041,2,2
2021-10-26 15:04:05,17042,17042,17042,2,2
2021-10-26 15:04:05,17040,17040,17040,2,-2
2021-10-26 15:04:05,17040,17040,17040,2,2
2021-10-26 15:04:05,17040,17040,17040,2,2
2021-10-26 15:04:05,17040,17040,17040,2,2
2021-10-26 15:04:05,17039,17039,17039,2,-2
2021-10-26 15:04:05,17039,17039,17039,2,2
2021-10-26 15:04:05,17039,17039,17039,2,2
2021-10-26 15:04:05,17039,17039,17039,2,2
2021-10-26 15:04:05,17039,17039,17039,2,2
2021-10-26 15:04:05,17039,17039,17039,2,2
2021-10-26 15:04:05,17039,17039,17039,2,2
2021-10-26 15:04:05,17039,17039,17039,4,4
2021-10-26 15:04:05,17039,17039,17039,2,2
2021-10-26 15:04:05,17039,17039,17039,2,2
2021-10-26 15:04:05,17039,17039,17039,2,2
2021-10-26 15:04:05,17039,17039,17039,28,28
2021-10-26 15:04:09,17039,17039,17039,2,2
2021-10-26 15:04:10,17039,17039,17039,2,2
2021-10-26 15:04:11,17040,17040,17040,2,2
2021-10-26 15:04:12,17040,17040,17040,10,10
2021-10-26 15:04:12,17041,17041,17041,4,4
2021-10-26 15:04:13,17039,17039,17039,4,-4
2021-10-26 15:04:13,17038,17038,17038,2,-2
2021-10-26 15:04:13,17038,17038,17038,2,2
2021-10-26 15:04:13,17038,17038,17038,2,2
2021-10-26 15:04:14,17038,17038,17038,2,2
2021-10-26 15:04:17,17037,17037,17037,4,-4
2021-10-26 15:04:17,17037,17037,17037,2,2
2021-10-26 15:04:17,17037,17037,17037,2,2
2021-10-26 15:04:17,17037,17037,17037,2,2
2021-10-26 15:04:19,17037,17037,17037,6,6
2021-10-26 15:04:21,17036,17036,17036,10,-10
2021-10-26 15:04:21,17036,17036,17036,2,2
2021-10-26 15:04:21,17036,17036,17036,2,2
2021-10-26 15:04:21,17036,17036,17036,2,2
2021-10-26 15:04:21,17035,17035,17035,4,-4
2021-10-26 15:04:21,17035,17035,17035,2,2
2021-10-26 15:04:21,17035,17035,17035,2,2
2021-10-26 15:04:22,17035,17035,17035,2,2
2021-10-26 15:04:22,17036,17036,17036,2,2
2021-10-26 15:04:24,17035,17035,17035,2,-2
2021-10-26 15:04:24,17035,17035,17035,2,2
2021-10-26 15:04:24,17035,17035,17035,2,2
2021-10-26 15:04:24,17035,17035,17035,2,2
2021-10-26 15:04:24,17035,17035,17035,2,2
2021-10-26 15:04:24,17035,17035,17035,2,2
2021-10-26 15:04:24,17035,17035,17035,20,20
2021-10-26 15:04:24,17035,17035,17035,2,2
2021-10-26 15:04:24,17034,17034,17034,2,-2
2021-10-26 15:04:24,17034,17034,17034,2,2
2021-10-26 15:04:28,17035,17035,17035,2,2
2021-10-26 15:04:28,17034,17034,17034,2,-2
2021-10-26 15:04:29,17034,17034,17034,2,2
2021-10-26 15:04:29,17035,17035,17035,2,2
2021-10-26 15:04:33,17034,17034,17034,2,-2
2021-10-26 15:04:33,17034,17034,17034,2,2
2021-10-26 15:04:33,17034,17034,17034,2,2
2021-10-26 15:04:35,17035,17035,17035,2,2
2021-10-26 15:04:35,17035,17035,17035,2,2
2021-10-26 15:04:36,17034,17034,17034,2,-2
2021-10-26 15:04:36,17034,17034,17034,2,2
2021-10-26 15:04:37,17035,17035,17035,2,2
2021-10-26 15:04:37,17035,17035,17035,2,2
2021-10-26 15:04:37,17035,17035,17035,4,4
2021-10-26 15:04:37,17035,17035,17035,2,2
2021-10-26 15:04:37,17035,17035,17035,10,10
2021-10-26 15:04:37,17035,17035,17035,2,2
2021-10-26 15:04:37,17035,17035,17035,6,6
2021-10-26 15:04:42,17035,17035,17035,2,2
2021-10-26 15:04:43,17035,17035,17035,2,2
2021-10-26 15:04:43,17035,17035,17035,2,2
2021-10-26 15:04:43,17035,17035,17035,2,2
2021-10-26 15:04:44,17036,17036,17036,4,4
2021-10-26 15:04:45,17036,17036,17036,4,4
2021-10-26 15:04:47,17035,17035,17035,2,-2
2021-10-26 15:04:49,17036,17036,17036,2,2
2021-10-26 15:04:55,17036,17036,17036,20,20
2021-10-26 15:04:56,17036,17036,17036,2,2
2021-10-26 15:04:57,17037,17037,17037,2,2
2021-10-26 15:04:57,17037,17037,17037,2,2
2021-10-26 15:04:58,17036,17036,17036,2,-2
2021-10-26 15:04:59,17036,17036,17036,2,2
2021-10-26 15:05:02,17036,17036,17036,2,2
2021-10-26 15:05:02,17036,17036,17036,2,2
2021-10-26 15:05:04,17037,17037,17037,2,2
2021-10-26 15:05:05,17037,17037,17037,2,2
2021-10-26 15:05:07,17036,17036,17036,6,-6
2021-10-26 15:05:07,17037,17037,17037,4,4
2021-10-26 15:05:08,17037,17037,17037,4,4
2021-10-26 15:05:10,17037,17037,17037,2,2
2021-10-26 15:05:14,17037,17037,17037,2,2
2021-10-26 15:05:14,17037,17037,17037,8,8
2021-10-26 15:05:16,17037,17037,17037,2,2
2021-10-26 15:05:16,17037,17037,17037,2,2
2021-10-26 15:05:18,17037,17037,17037,2,2
2021-10-26 15:05:20,17038,17038,17038,2,2
2021-10-26 15:05:21,17037,17037,17037,2,-2
2021-10-26 15:05:21,17038,17038,17038,20,20
2021-10-26 15:05:21,17037,17037,17037,4,-4
2021-10-26 15:05:23,17037,17037,17037,2,2
2021-10-26 15:05:24,17038,17038,17038,2,2
2021-10-26 15:05:25,17037,17037,17037,2,-2
2021-10-26 15:05:25,17038,17038,17038,2,2
2021-10-26 15:05:26,17037,17037,17037,2,-2
2021-10-26 15:05:26,17037,17037,17037,6,6
2021-10-26 15:05:30,17037,17037,17037,2,2
2021-10-26 15:05:30,17037,17037,17037,6,6
2021-10-26 15:05:30,17037,17037,17037,2,2
2021-10-26 15:05:30,17037,17037,17037,2,2
2021-10-26 15:05:30,17037,17037,17037,2,2
2021-10-26 15:05:32,17036,17036,17036,4,-4
2021-10-26 15:05:32,17036,17036,17036,40,40
2021-10-26 15:05:32,17036,17036,17036,2,2
2021-10-26 15:05:32,17036,17036,17036,2,2
2021-10-26 15:05:32,17036,17036,17036,2,2
2021-10-26 15:05:32,17035,17035,17035,2,-2
2021-10-26 15:05:32,17035,17035,17035,2,2
2021-10-26 15:05:32,17035,17035,17035,2,2
2021-10-26 15:05:32,17035,17035,17035,10,10
2021-10-26 15:05:32,17035,17035,17035,4,4
2021-10-26 15:05:32,17035,17035,17035,2,2
2021-10-26 15:05:32,17035,17035,17035,2,2
2021-10-26 15:05:32,17035,17035,17035,2,2
2021-10-26 15:05:32,17035,17035,17035,2,2
2021-10-26 15:05:32,17034,17034,17034,2,-2
2021-10-26 15:05:32,17034,17034,17034,4,4
2021-10-26 15:05:35,17034,17034,17034,2,2
2021-10-26 15:05:37,17034,17034,17034,2,2
2021-10-26 15:05:37,17034,17034,17034,2,2
2021-10-26 15:05:37,17034,17034,17034,2,2
2021-10-26 15:05:37,17034,17034,17034,6,6
2021-10-26 15:05:37,17034,17034,17034,2,2
2021-10-26 15:05:37,17034,17034,17034,2,2
2021-10-26 15:05:37,17034,17034,17034,2,2
2021-10-26 15:05:37,17034,17034,17034,4,4
2021-10-26 15:05:37,17034,17034,17034,2,2
2021-10-26 15:05:37,17034,17034,17034,2,2
2021-10-26 15:05:37,17034,17034,17034,22,22
2021-10-26 15:05:41,17035,17035,17035,2,2
2021-10-26 15:05:43,17035,17035,17035,2,2
2021-10-26 15:05:45,17035,17035,17035,6,6
2021-10-26 15:05:45,17036,17036,17036,2,2
2021-10-26 15:05:47,17035,17035,17035,2,-2
2021-10-26 15:05:49,17034,17034,17034,2,-2
2021-10-26 15:05:51,17035,17035,17035,2,2
2021-10-26 15:05:52,17036,17036,17036,4,4
2021-10-26 15:06:00,17035,17035,17035,2,-2
2021-10-26 15:06:02,17034,17034,17034,16,-16
2021-10-26 15:06:02,17034,17034,17034,2,2
2021-10-26 15:06:02,17034,17034,17034,2,2
2021-10-26 15:06:02,17034,17034,17034,2,2
2021-10-26 15:06:02,17034,17034,17034,2,2
2021-10-26 15:06:04,17033,17033,17033,2,-2
2021-10-26 15:06:04,17033,17033,17033,2,2
2021-10-26 15:06:04,17033,17033,17033,2,2
2021-10-26 15:06:04,17035,17035,17035,4,4
2021-10-26 15:06:09,17036,17036,17036,4,4
2021-10-26 15:06:09,17034,17034,17034,2,-2
2021-10-26 15:06:09,17036,17036,17036,4,4
2021-10-26 15:06:11,17035,17035,17035,2,-2
2021-10-26 15:06:15,17035,17035,17035,2,2
2021-10-26 15:06:21,17035,17035,17035,2,2
2021-10-26 15:06:23,17034,17034,17034,4,-4
2021-10-26 15:06:24,17035,17035,17035,2,2
2021-10-26 15:06:31,17034,17034,17034,22,-22
2021-10-26 15:06:31,17034,17034,17034,4,4
2021-10-26 15:06:31,17034,17034,17034,8,8
2021-10-26 15:06:31,17034,17034,17034,2,2
2021-10-26 15:06:31,17034,17034,17034,4,4
2021-10-26 15:06:31,17034,17034,17034,2,2
2021-10-26 15:06:31,17034,17034,17034,2,2
2021-10-26 15:06:31,17034,17034,17034,2,2
2021-10-26 15:06:31,17034,17034,17034,2,2
2021-10-26 15:06:31,17033,17033,17033,10,-10
2021-10-26 15:06:31,17033,17033,17033,2,2
2021-10-26 15:06:31,17033,17033,17033,4,4
2021-10-26 15:06:31,17033,17033,17033,2,2
2021-10-26 15:06:31,17033,17033,17033,2,2
2021-10-26 15:06:31,17033,17033,17033,2,2
2021-10-26 15:06:31,17033,17033,17033,2,2
2021-10-26 15:06:31,17033,17033,17033,2,2
2021-10-26 15:06:32,17033,17033,17033,2,2
2021-10-26 15:06:32,17033,17033,17033,2,2
2021-10-26 15:06:32,17033,17033,17033,2,2
2021-10-26 15:06:32,17032,17032,17032,2,-2
2021-10-26 15:06:32,17032,17032,17032,2,2
2021-10-26 15:06:32,17032,17032,17032,2,2
2021-10-26 15:06:32,17032,17032,17032,2,2
2021-10-26 15:06:32,17032,17032,17032,6,6
2021-10-26 15:06:32,17032,17032,17032,2,2
2021-10-26 15:06:33,17033,17033,17033,2,2
2021-10-26 15:06:33,17033,17033,17033,2,2
2021-10-26 15:06:38,17032,17032,17032,2,-2
2021-10-26 15:06:40,17032,17032,17032,6,6
2021-10-26 15:06:40,17032,17032,17032,4,4
2021-10-26 15:06:40,17032,17032,17032,2,2
2021-10-26 15:06:40,17032,17032,17032,2,2
2021-10-26 15:06:40,17032,17032,17032,4,4
2021-10-26 15:06:41,17031,17031,17031,2,-2
2021-10-26 15:06:41,17031,17031,17031,4,4
2021-10-26 15:06:41,17031,17031,17031,2,2
2021-10-26 15:06:41,17031,17031,17031,2,2
2021-10-26 15:06:41,17031,17031,17031,10,10
2021-10-26 15:06:41,17031,17031,17031,2,2
2021-10-26 15:06:41,17031,17031,17031,2,2
2021-10-26 15:06:41,17031,17031,17031,2,2
2021-10-26 15:06:41,17031,17031,17031,2,2
2021-10-26 15:06:41,17031,17031,17031,2,2
2021-10-26 15:06:41,17031,17031,17031,2,2
2021-10-26 15:06:41,17031,17031,17031,2,2
2021-10-26 15:06:41,17031,17031,17031,2,2
2021-10-26 15:06:41,17030,17030,17030,2,-2
2021-10-26 15:06:41,17030,17030,17030,4,4
2021-10-26 15:06:43,17030,17030,17030,2,2
2021-10-26 15:06:43,17030,17030,17030,2,2
2021-10-26 15:06:45,17031,17031,17031,6,6
2021-10-26 15:06:45,17031,17031,17031,2,2
2021-10-26 15:06:49,17032,17032,17032,2,2
2021-10-26 15:06:49,17032,17032,17032,4,4
2021-10-26 15:06:50,17032,17032,17032,2,2
2021-10-26 15:06:50,17032,17032,17032,2,2
2021-10-26 15:06:50,17032,17032,17032,2,2
2021-10-26 15:06:50,17032,17032,17032,2,2
2021-10-26 15:06:54,17032,17032,17032,2,2
2021-10-26 15:06:54,17031,17031,17031,2,-2
2021-10-26 15:06:59,17033,17033,17033,12,12
2021-10-26 15:06:59,17033,17033,17033,2,2
2021-10-26 15:06:59,17033,17033,17033,2,2
2021-10-26 15:06:59,17033,17033,17033,2,2
2021-10-26 15:06:59,17032,17032,17032,2,-2
2021-10-26 15:06:59,17032,17032,17032,2,2
2021-10-26 15:06:59,17032,17032,17032,2,2
2021-10-26 15:06:59,17032,17032,17032,2,2
2021-10-26 15:06:59,17032,17032,17032,2,2
2021-10-26 15:06:59,17032,17032,17032,2,2
2021-10-26 15:06:59,17032,17032,17032,2,2
2021-10-26 15:06:59,17032,17032,17032,2,2
2021-10-26 15:06:59,17032,17032,17032,2,2
2021-10-26 15:06:59,17032,17032,17032,2,2
2021-10-26 15:06:59,17032,17032,17032,2,2
2021-10-26 15:06:59,17032,17032,17032,2,2
2021-10-26 15:06:59,17031,17031,17031,2,-2
2021-10-26 15:06:59,17031,17031,17031,2,2
2021-10-26 15:06:59,17031,17031,17031,2,2
2021-10-26 15:06:59,17031,17031,17031,2,2
2021-10-26 15:06:59,17031,17031,17031,2,2
2021-10-26 15:06:59,17031,17031,17031,2,2
2021-10-26 15:06:59,17031,17031,17031,2,2
2021-10-26 15:06:59,17031,17031,17031,10,10
2021-10-26 15:06:59,17031,17031,17031,2,2
2021-10-26 15:06:59,17031,17031,17031,2,2
2021-10-26 15:06:59,17031,17031,17031,2,2
2021-10-26 15:06:59,17031,17031,17031,2,2
2021-10-26 15:06:59,17031,17031,17031,2,2
2021-10-26 15:07:06,17032,17032,17032,4,4
2021-10-26 15:07:08,17031,17031,17031,2,-2
2021-10-26 15:07:08,17031,17031,17031,2,2
2021-10-26 15:07:08,17031,17031,17031,2,2
2021-10-26 15:07:08,17031,17031,17031,2,2
2021-10-26 15:07:08,17031,17031,17031,2,2
2021-10-26 15:07:08,17031,17031,17031,2,2
2021-10-26 15:07:14,17033,17033,17033,2,2
2021-10-26 15:07:15,17032,17032,17032,2,-2
2021-10-26 15:07:15,17032,17032,17032,2,2
2021-10-26 15:07:15,17032,17032,17032,2,2
2021-10-26 15:07:15,17032,17032,17032,2,2
2021-10-26 15:07:15,17031,17031,17031,2,-2
2021-10-26 15:07:15,17031,17031,17031,2,2
2021-10-26 15:07:15,17031,17031,17031,2,2
2021-10-26 15:07:15,17031,17031,17031,2,2
2021-10-26 15:07:15,17031,17031,17031,2,2
2021-10-26 15:07:15,17031,17031,17031,2,2
2021-10-26 15:07:15,17031,17031,17031,10,10
2021-10-26 15:07:15,17031,17031,17031,2,2
2021-10-26 15:07:15,17031,17031,17031,2,2
2021-10-26 15:07:15,17031,17031,17031,2,2
2021-10-26 15:07:15,17030,17030,17030,2,-2
2021-10-26 15:07:15,17030,17030,17030,2,2
2021-10-26 15:07:15,17030,17030,17030,2,2
2021-10-26 15:07:15,17030,17030,17030,4,4
2021-10-26 15:07:15,17030,17030,17030,2,2
2021-10-26 15:07:15,17030,17030,17030,2,2
2021-10-26 15:07:15,17030,17030,17030,2,2
2021-10-26 15:07:15,17030,17030,17030,4,4
2021-10-26 15:07:15,17030,17030,17030,2,2
2021-10-26 15:07:15,17030,17030,17030,2,2
2021-10-26 15:07:21,17031,17031,17031,2,2
2021-10-26 15:07:22,17031,17031,17031,2,2
2021-10-26 15:07:22,17031,17031,17031,2,2
2021-10-26 15:07:22,17031,17031,17031,2,2
2021-10-26 15:07:22,17031,17031,17031,2,2
2021-10-26 15:07:22,17031,17031,17031,2,2
2021-10-26 15:07:22,17031,17031,17031,2,2
2021-10-26 15:07:22,17031,17031,17031,2,2
2021-10-26 15:07:22,17030,17030,17030,2,-2
2021-10-26 15:07:22,17030,17030,17030,2,2
2021-10-26 15:07:22,17030,17030,17030,2,2
2021-10-26 15:07:23,17031,17031,17031,2,2
2021-10-26 15:07:23,17031,17031,17031,2,2
2021-10-26 15:07:23,17031,17031,17031,2,2
2021-10-26 15:07:24,17031,17031,17031,2,2
2021-10-26 15:07:24,17031,17031,17031,2,2
2021-10-26 15:07:24,17032,17032,17032,4,4
2021-10-26 15:07:25,17033,17033,17033,2,2
2021-10-26 15:07:30,17032,17032,17032,2,-2
2021-10-26 15:07:30,17033,17033,17033,2,2
2021-10-26 15:07:32,17033,17033,17033,2,2
2021-10-26 15:07:33,17031,17031,17031,2,-2
2021-10-26 15:07:33,17031,17031,17031,2,2
2021-10-26 15:07:34,17033,17033,17033,2,2
2021-10-26 15:07:36,17033,17033,17033,10,10
2021-10-26 15:07:37,17034,17034,17034,2,2
2021-10-26 15:07:44,17033,17033,17033,6,-6
2021-10-26 15:07:44,17033,17033,17033,2,2
2021-10-26 15:07:54,17033,17033,17033,2,2
2021-10-26 15:07:55,17033,17033,17033,2,2
2021-10-26 15:07:55,17033,17033,17033,8,8
2021-10-26 15:07:58,17034,17034,17034,6,6
2021-10-26 15:07:58,17035,17035,17035,2,2
2021-10-26 15:07:58,17035,17035,17035,2,2
2021-10-26 15:08:00,17033,17033,17033,2,-2
2021-10-26 15:08:11,17035,17035,17035,2,2
2021-10-26 15:08:16,17034,17034,17034,2,-2
2021-10-26 15:08:18,17034,17034,17034,2,2
2021-10-26 15:08:18,17033,17033,17033,2,-2
2021-10-26 15:08:20,17034,17034,17034,2,2
2021-10-26 15:08:22,17033,17033,17033,2,-2
2021-10-26 15:08:22,17033,17033,17033,2,2
2021-10-26 15:08:27,17033,17033,17033,4,4
2021-10-26 15:08:27,17032,17032,17032,6,-6
2021-10-26 15:08:28,17033,17033,17033,2,2
2021-10-26 15:08:36,17033,17033,17033,4,4
2021-10-26 15:08:39,17033,17033,17033,2,2
2021-10-26 15:08:48,17033,17033,17033,4,4
2021-10-26 15:09:02,17034,17034,17034,2,2
2021-10-26 15:09:02,17034,17034,17034,4,4
2021-10-26 15:09:07,17033,17033,17033,4,-4
2021-10-26 15:09:07,17033,17033,17033,2,2
2021-10-26 15:09:07,17033,17033,17033,2,2
2021-10-26 15:09:08,17033,17033,17033,2,2
2021-10-26 15:09:08,17033,17033,17033,2,2
2021-10-26 15:09:08,17034,17034,17034,2,2
2021-10-26 15:09:09,17033,17033,17033,2,-2
2021-10-26 15:09:09,17034,17034,17034,2,2
2021-10-26 15:09:13,17033,17033,17033,4,-4
2021-10-26 15:09:14,17033,17033,17033,2,2
2021-10-26 15:09:15,17033,17033,17033,2,2
2021-10-26 15:09:16,17033,17033,17033,6,6
2021-10-26 15:09:23,17033,17033,17033,2,2
2021-10-26 15:09:23,17033,17033,17033,2,2
2021-10-26 15:09:31,17033,17033,17033,2,2
2021-10-26 15:09:36,17033,17033,17033,2,2
2021-10-26 15:09:48,17034,17034,17034,2,2
2021-10-26 15:09:52,17034,17034,17034,2,2
2021-10-26 15:09:53,17033,17033,17033,2,-2
2021-10-26 15:10:00,17033,17033,17033,2,2
2021-10-26 15:10:04,17033,17033,17033,2,2
2021-10-26 15:10:04,17033,17033,17033,2,2
2021-10-26 15:10:08,17034,17034,17034,2,2
2021-10-26 15:10:17,17034,17034,17034,2,2
2021-10-26 15:10:20,17033,17033,17033,2,-2
2021-10-26 15:10:20,17033,17033,17033,2,2
2021-10-26 15:10:20,17033,17033,17033,2,2
2021-10-26 15:10:20,17033,17033,17033,2,2
2021-10-26 15:10:22,17033,17033,17033,4,4
2021-10-26 15:10:22,17032,17032,17032,2,-2
2021-10-26 15:10:32,17033,17033,17033,2,2
2021-10-26 15:10:35,17034,17034,17034,2,2
2021-10-26 15:10:40,17034,17034,17034,4,4
2021-10-26 15:10:42,17033,17033,17033,2,-2
2021-10-26 15:10:58,17034,17034,17034,2,2
2021-10-26 15:11:00,17033,17033,17033,2,-2
2021-10-26 15:11:01,17033,17033,17033,2,2
2021-10-26 15:11:19,17035,17035,17035,14,14
2021-10-26 15:11:20,17035,17035,17035,6,6
2021-10-26 15:11:20,17035,17035,17035,2,2
2021-10-26 15:11:22,17034,17034,17034,2,-2
2021-10-26 15:11:22,17034,17034,17034,2,2
2021-10-26 15:11:23,17033,17033,17033,2,-2
2021-10-26 15:11:23,17033,17033,17033,2,2
2021-10-26 15:11:24,17035,17035,17035,2,2
2021-10-26 15:11:30,17034,17034,17034,2,-2
2021-10-26 15:11:37,17035,17035,17035,2,2
2021-10-26 15:11:47,17035,17035,17035,2,2
2021-10-26 15:11:48,17035,17035,17035,2,2
2021-10-26 15:11:49,17035,17035,17035,2,2
2021-10-26 15:11:51,17035,17035,17035,4,4
2021-10-26 15:11:59,17035,17035,17035,2,2
2021-10-26 15:12:10,17036,17036,17036,2,2
2021-10-26 15:12:11,17035,17035,17035,2,-2
2021-10-26 15:12:11,17036,17036,17036,2,2
2021-10-26 15:12:11,17036,17036,17036,4,4
2021-10-26 15:12:11,17036,17036,17036,2,2
2021-10-26 15:12:16,17036,17036,17036,4,4
2021-10-26 15:12:16,17036,17036,17036,2,2
2021-10-26 15:12:16,17036,17036,17036,2,2
2021-10-26 15:12:19,17036,17036,17036,4,4
2021-10-26 15:12:19,17036,17036,17036,2,2
2021-10-26 15:12:19,17036,17036,17036,4,4
2021-10-26 15:12:23,17035,17035,17035,2,-2
2021-10-26 15:12:24,17034,17034,17034,2,-2
2021-10-26 15:12:24,17034,17034,17034,2,2
2021-10-26 15:12:24,17034,17034,17034,2,2
2021-10-26 15:12:24,17034,17034,17034,2,2
2021-10-26 15:12:28,17034,17034,17034,2,2
2021-10-26 15:12:29,17034,17034,17034,6,6
2021-10-26 15:12:40,17035,17035,17035,2,2
2021-10-26 15:12:40,17035,17035,17035,2,2
2021-10-26 15:12:40,17035,17035,17035,2,2
2021-10-26 15:12:45,17035,17035,17035,2,2
2021-10-26 15:12:53,17035,17035,17035,2,2
2021-10-26 15:13:05,17035,17035,17035,2,2
2021-10-26 15:13:13,17034,17034,17034,2,-2
2021-10-26 15:13:13,17034,17034,17034,2,2
2021-10-26 15:13:13,17034,17034,17034,4,4
2021-10-26 15:13:13,17034,17034,17034,2,2
2021-10-26 15:13:13,17034,17034,17034,2,2
2021-10-26 15:13:39,17034,17034,17034,4,4
2021-10-26 15:13:45,17033,17033,17033,2,-2
2021-10-26 15:13:50,17033,17033,17033,2,2
2021-10-26 15:13:50,17033,17033,17033,2,2
2021-10-26 15:13:50,17033,17033,17033,2,2
2021-10-26 15:13:50,17033,17033,17033,4,4
2021-10-26 15:13:50,17033,17033,17033,2,2
2021-10-26 15:13:50,17033,17033,17033,2,2
2021-10-26 15:13:50,17033,17033,17033,2,2
2021-10-26 15:13:50,17033,17033,17033,2,2
2021-10-26 15:13:50,17033,17033,17033,2,2
2021-10-26 15:14:03,17032,17032,17032,6,-6
2021-10-26 15:14:03,17032,17032,17032,6,6
2021-10-26 15:14:03,17032,17032,17032,20,20
2021-10-26 15:14:03,17032,17032,17032,2,2
2021-10-26 15:14:03,17032,17032,17032,2,2
2021-10-26 15:14:03,17032,17032,17032,2,2
2021-10-26 15:14:04,17032,17032,17032,4,4
2021-10-26 15:14:06,17031,17031,17031,2,-2
2021-10-26 15:14:06,17031,17031,17031,2,2
2021-10-26 15:14:06,17031,17031,17031,2,2
2021-10-26 15:14:07,17032,17032,17032,2,2
2021-10-26 15:14:07,17031,17031,17031,2,-2
2021-10-26 15:14:08,17031,17031,17031,2,2
2021-10-26 15:14:08,17031,17031,17031,2,2
2021-10-26 15:14:11,17031,17031,17031,2,2
2021-10-26 15:14:12,17031,17031,17031,2,2
2021-10-26 15:14:17,17032,17032,17032,10,10
2021-10-26 15:14:23,17031,17031,17031,2,-2
2021-10-26 15:14:30,17032,17032,17032,2,2
2021-10-26 15:14:32,17031,17031,17031,2,-2
2021-10-26 15:14:48,17032,17032,17032,2,2
2021-10-26 15:14:48,17032,17032,17032,2,2
2021-10-26 15:14:49,17032,17032,17032,2,2
2021-10-26 15:14:49,17032,17032,17032,2,2
2021-10-26 15:14:49,17032,17032,17032,2,2
2021-10-26 15:15:00,17032,17032,17032,2,2
2021-10-26 15:15:00,17032,17032,17032,2,2
2021-10-26 15:15:00,17031,17031,17031,2,-2
2021-10-26 15:15:07,17032,17032,17032,2,2
2021-10-26 15:15:07,17032,17032,17032,2,2
2021-10-26 15:15:10,17032,17032,17032,2,2
2021-10-26 15:15:16,17033,17033,17033,4,4
2021-10-26 15:15:31,17034,17034,17034,2,2
2021-10-26 15:15:31,17034,17034,17034,2,2
2021-10-26 15:15:32,17033,17033,17033,2,-2
2021-10-26 15:15:40,17034,17034,17034,2,2
2021-10-26 15:15:50,17034,17034,17034,2,2
2021-10-26 15:15:50,17034,17034,17034,2,2
2021-10-26 15:15:51,17033,17033,17033,2,-2
2021-10-26 15:16:10,17034,17034,17034,2,2
2021-10-26 15:16:10,17034,17034,17034,2,2
2021-10-26 15:16:10,17034,17034,17034,2,2
2021-10-26 15:16:10,17035,17035,17035,2,2
2021-10-26 15:16:10,17035,17035,17035,2,2
2021-10-26 15:16:10,17035,17035,17035,2,2
2021-10-26 15:16:10,17035,17035,17035,2,2
2021-10-26 15:16:11,17035,17035,17035,2,2
2021-10-26 15:16:11,17035,17035,17035,2,2
2021-10-26 15:16:11,17035,17035,17035,2,2
2021-10-26 15:16:11,17035,17035,17035,2,2
2021-10-26 15:16:17,17035,17035,17035,2,2
2021-10-26 15:16:18,17033,17033,17033,2,-2
2021-10-26 15:16:18,17035,17035,17035,2,2
2021-10-26 15:16:18,17035,17035,17035,2,2
2021-10-26 15:16:18,17035,17035,17035,2,2
2021-10-26 15:16:18,17035,17035,17035,2,2
2021-10-26 15:16:18,17035,17035,17035,2,2
2021-10-26 15:16:18,17036,17036,17036,2,2
2021-10-26 15:16:18,17035,17035,17035,6,-6
2021-10-26 15:16:19,17033,17033,17033,2,-2
2021-10-26 15:16:19,17033,17033,17033,2,2
2021-10-26 15:16:25,17033,17033,17033,2,2
2021-10-26 15:16:25,17033,17033,17033,2,2
2021-10-26 15:16:25,17033,17033,17033,2,2
2021-10-26 15:16:26,17033,17033,17033,2,2
2021-10-26 15:16:27,17033,17033,17033,2,2
2021-10-26 15:16:27,17034,17034,17034,2,2
2021-10-26 15:16:27,17033,17033,17033,2,-2
2021-10-26 15:16:30,17033,17033,17033,2,2
2021-10-26 15:16:30,17033,17033,17033,2,2
2021-10-26 15:16:31,17033,17033,17033,2,2
2021-10-26 15:16:32,17033,17033,17033,2,2
2021-10-26 15:16:34,17033,17033,17033,2,2
2021-10-26 15:16:35,17033,17033,17033,2,2
2021-10-26 15:16:36,17032,17032,17032,2,-2
2021-10-26 15:16:36,17032,17032,17032,2,2
2021-10-26 15:16:38,17032,17032,17032,2,2
2021-10-26 15:16:39,17032,17032,17032,2,2
2021-10-26 15:16:39,17032,17032,17032,2,2
2021-10-26 15:16:41,17032,17032,17032,2,2
2021-10-26 15:16:43,17032,17032,17032,2,2
2021-10-26 15:16:43,17032,17032,17032,2,2
2021-10-26 15:16:43,17032,17032,17032,2,2
2021-10-26 15:16:44,17032,17032,17032,2,2
2021-10-26 15:16:47,17032,17032,17032,2,2
2021-10-26 15:16:47,17032,17032,17032,2,2
2021-10-26 15:16:48,17032,17032,17032,2,2
2021-10-26 15:16:48,17033,17033,17033,2,2
2021-10-26 15:16:48,17033,17033,17033,2,2
2021-10-26 15:16:48,17032,17032,17032,2,-2
2021-10-26 15:16:48,17032,17032,17032,2,2
2021-10-26 15:16:50,17032,17032,17032,2,2
2021-10-26 15:16:50,17032,17032,17032,2,2
2021-10-26 15:16:50,17032,17032,17032,2,2
2021-10-26 15:16:53,17031,17031,17031,2,-2
2021-10-26 15:17:00,17032,17032,17032,2,2
2021-10-26 15:17:03,17031,17031,17031,2,-2
2021-10-26 15:17:05,17031,17031,17031,2,2
2021-10-26 15:17:06,17031,17031,17031,2,2
2021-10-26 15:17:06,17031,17031,17031,2,2
2021-10-26 15:17:06,17031,17031,17031,2,2
2021-10-26 15:17:06,17031,17031,17031,2,2
2021-10-26 15:17:07,17031,17031,17031,2,2
2021-10-26 15:17:07,17031,17031,17031,2,2
2021-10-26 15:17:09,17031,17031,17031,2,2
2021-10-26 15:17:10,17031,17031,17031,2,2
2021-10-26 15:17:10,17031,17031,17031,2,2
2021-10-26 15:17:10,17031,17031,17031,2,2
2021-10-26 15:17:11,17031,17031,17031,2,2
2021-10-26 15:17:11,17031,17031,17031,2,2
2021-10-26 15:17:12,17031,17031,17031,2,2
2021-10-26 15:17:15,17031,17031,17031,2,2
2021-10-26 15:17:16,17031,17031,17031,2,2
2021-10-26 15:17:16,17031,17031,17031,2,2
2021-10-26 15:17:16,17031,17031,17031,2,2
2021-10-26 15:17:17,17031,17031,17031,2,2
2021-10-26 15:17:18,17031,17031,17031,2,2
2021-10-26 15:17:18,17031,17031,17031,2,2
2021-10-26 15:17:19,17031,17031,17031,2,2
2021-10-26 15:17:19,17031,17031,17031,2,2
2021-10-26 15:17:19,17031,17031,17031,2,2
2021-10-26 15:17:19,17031,17031,17031,2,2
2021-10-26 15:17:19,17031,17031,17031,2,2
2021-10-26 15:17:20,17031,17031,17031,2,2
2021-10-26 15:17:20,17031,17031,17031,2,2
2021-10-26 15:17:21,17031,17031,17031,2,2
2021-10-26 15:17:23,17030,17030,17030,2,-2
2021-10-26 15:17:23,17030,17030,17030,2,2
2021-10-26 15:17:24,17030,17030,17030,2,2
2021-10-26 15:17:25,17031,17031,17031,2,2
2021-10-26 15:17:26,17030,17030,17030,2,-2
2021-10-26 15:17:26,17030,17030,17030,2,2
2021-10-26 15:17:26,17030,17030,17030,2,2
2021-10-26 15:17:27,17030,17030,17030,2,2
2021-10-26 15:17:27,17030,17030,17030,2,2
2021-10-26 15:17:27,17030,17030,17030,2,2
2021-10-26 15:17:27,17030,17030,17030,2,2
2021-10-26 15:17:27,17030,17030,17030,2,2
2021-10-26 15:17:27,17030,17030,17030,2,2
2021-10-26 15:17:27,17030,17030,17030,2,2
2021-10-26 15:17:27,17030,17030,17030,2,2
2021-10-26 15:17:27,17030,17030,17030,2,2
2021-10-26 15:17:27,17030,17030,17030,2,2
2021-10-26 15:17:27,17030,17030,17030,2,2
2021-10-26 15:17:27,17030,17030,17030,2,2
2021-10-26 15:17:27,17030,17030,17030,2,2
2021-10-26 15:17:27,17030,17030,17030,2,2
2021-10-26 15:17:30,17029,17029,17029,2,-2
2021-10-26 15:17:30,17029,17029,17029,2,2
2021-10-26 15:17:30,17028,17028,17028,2,-2
2021-10-26 15:17:30,17028,17028,17028,2,2
2021-10-26 15:17:30,17028,17028,17028,2,2
2021-10-26 15:17:30,17028,17028,17028,2,2
2021-10-26 15:17:30,17028,17028,17028,2,2
2021-10-26 15:17:30,17028,17028,17028,2,2
2021-10-26 15:17:30,17028,17028,17028,4,4
2021-10-26 15:17:30,17028,17028,17028,2,2
2021-10-26 15:17:31,17028,17028,17028,2,2
2021-10-26 15:17:31,17028,17028,17028,2,2
2021-10-26 15:17:32,17028,17028,17028,2,2
2021-10-26 15:17:32,17029,17029,17029,2,2
2021-10-26 15:17:32,17029,17029,17029,2,2
2021-10-26 15:17:32,17029,17029,17029,2,2
2021-10-26 15:17:32,17029,17029,17029,2,2
2021-10-26 15:17:32,17029,17029,17029,2,2
2021-10-26 15:17:32,17029,17029,17029,2,2
2021-10-26 15:17:32,17029,17029,17029,2,2
2021-10-26 15:17:40,17028,17028,17028,2,-2
2021-10-26 15:17:40,17028,17028,17028,2,2
2021-10-26 15:17:40,17028,17028,17028,4,4
2021-10-26 15:17:40,17028,17028,17028,2,2
2021-10-26 15:17:40,17028,17028,17028,40,40
2021-10-26 15:17:40,17028,17028,17028,2,2
2021-10-26 15:17:40,17028,17028,17028,2,2
2021-10-26 15:17:43,17027,17027,17027,2,-2
2021-10-26 15:17:43,17027,17027,17027,2,2
2021-10-26 15:17:43,17027,17027,17027,2,2
2021-10-26 15:17:43,17027,17027,17027,2,2
2021-10-26 15:17:43,17027,17027,17027,2,2
2021-10-26 15:17:44,17028,17028,17028,2,2
2021-10-26 15:17:45,17028,17028,17028,2,2
2021-10-26 15:17:45,17028,17028,17028,2,2
2021-10-26 15:17:46,17027,17027,17027,4,-4
2021-10-26 15:17:47,17027,17027,17027,2,2
2021-10-26 15:17:50,17027,17027,17027,2,2
2021-10-26 15:17:51,17027,17027,17027,2,2
2021-10-26 15:17:54,17027,17027,17027,2,2
2021-10-26 15:17:54,17027,17027,17027,2,2
2021-10-26 15:18:05,17027,17027,17027,2,2
2021-10-26 15:18:08,17028,17028,17028,8,8
2021-10-26 15:18:18,17032,17032,17032,2,2
2021-10-26 15:18:18,17032,17032,17032,2,2
2021-10-26 15:18:18,17032,17032,17032,2,2
2021-10-26 15:18:32,17030,17030,17030,2,-2
2021-10-26 15:18:37,17028,17028,17028,2,-2
2021-10-26 15:18:37,17028,17028,17028,2,2
2021-10-26 15:18:37,17028,17028,17028,2,2
2021-10-26 15:18:37,17028,17028,17028,2,2
2021-10-26 15:18:37,17028,17028,17028,2,2
2021-10-26 15:18:37,17028,17028,17028,2,2
2021-10-26 15:18:37,17028,17028,17028,2,2
2021-10-26 15:18:37,17028,17028,17028,2,2
2021-10-26 15:18:37,17028,17028,17028,2,2
2021-10-26 15:18:37,17028,17028,17028,2,2
2021-10-26 15:18:41,17027,17027,17027,2,-2
2021-10-26 15:18:42,17028,17028,17028,2,2
2021-10-26 15:18:46,17030,17030,17030,2,2
2021-10-26 15:18:47,17030,17030,17030,2,2
2021-10-26 15:18:55,17030,17030,17030,2,2
2021-10-26 15:19:04,17029,17029,17029,2,-2
2021-10-26 15:19:10,17029,17029,17029,6,6
2021-10-26 15:19:10,17029,17029,17029,2,2
2021-10-26 15:19:11,17029,17029,17029,2,2
2021-10-26 15:19:13,17029,17029,17029,2,2
2021-10-26 15:19:13,17029,17029,17029,2,2
2021-10-26 15:19:13,17029,17029,17029,2,2
2021-10-26 15:19:14,17029,17029,17029,2,2
2021-10-26 15:19:14,17028,17028,17028,2,-2
2021-10-26 15:19:15,17028,17028,17028,2,2
2021-10-26 15:19:16,17029,17029,17029,6,6
2021-10-26 15:19:26,17029,17029,17029,4,4
2021-10-26 15:19:28,17028,17028,17028,2,-2
2021-10-26 15:19:40,17029,17029,17029,6,6
2021-10-26 15:19:41,17028,17028,17028,2,-2
2021-10-26 15:20:14,17029,17029,17029,4,4
2021-10-26 15:20:20,17029,17029,17029,2,2
2021-10-26 15:20:21,17030,17030,17030,2,2
2021-10-26 15:20:21,17030,17030,17030,26,26
2021-10-26 15:20:27,17029,17029,17029,2,-2
2021-10-26 15:20:27,17029,17029,17029,4,4
2021-10-26 15:20:27,17028,17028,17028,2,-2
2021-10-26 15:20:27,17028,17028,17028,2,2
2021-10-26 15:20:32,17030,17030,17030,12,12
2021-10-26 15:20:32,17030,17030,17030,18,18
2021-10-26 15:20:34,17030,17030,17030,2,2
2021-10-26 15:20:34,17030,17030,17030,2,2
2021-10-26 15:20:34,17030,17030,17030,6,6
2021-10-26 15:20:34,17029,17029,17029,2,-2
2021-10-26 15:20:34,17029,17029,17029,2,2
2021-10-26 15:20:35,17029,17029,17029,2,2
2021-10-26 15:20:38,17030,17030,17030,2,2
2021-10-26 15:20:46,17030,17030,17030,4,4
2021-10-26 15:21:00,17031,17031,17031,2,2
2021-10-26 15:21:16,17030,17030,17030,2,-2
2021-10-26 15:21:20,17032,17032,17032,4,4
2021-10-26 15:21:36,17033,17033,17033,2,2
2021-10-26 15:21:38,17033,17033,17033,2,2
2021-10-26 15:21:55,17033,17033,17033,4,4
2021-10-26 15:21:57,17034,17034,17034,2,2
2021-10-26 15:21:58,17033,17033,17033,4,-4
2021-10-26 15:22:07,17034,17034,17034,6,6
2021-10-26 15:22:08,17033,17033,17033,2,-2
2021-10-26 15:22:09,17034,17034,17034,2,2
2021-10-26 15:22:10,17034,17034,17034,2,2
2021-10-26 15:22:12,17034,17034,17034,2,2
2021-10-26 15:22:20,17034,17034,17034,2,2
2021-10-26 15:22:21,17034,17034,17034,2,2
2021-10-26 15:22:25,17034,17034,17034,2,2
2021-10-26 15:22:28,17033,17033,17033,2,-2
2021-10-26 15:22:30,17033,17033,17033,2,2
2021-10-26 15:22:33,17033,17033,17033,2,2
2021-10-26 15:22:37,17033,17033,17033,2,2
2021-10-26 15:22:44,17033,17033,17033,2,2
2021-10-26 15:23:00,17033,17033,17033,2,2
2021-10-26 15:23:01,17033,17033,17033,2,2
2021-10-26 15:23:25,17033,17033,17033,10,10
2021-10-26 15:23:30,17033,17033,17033,2,2
2021-10-26 15:23:37,17033,17033,17033,4,4
2021-10-26 15:23:46,17033,17033,17033,2,2
2021-10-26 15:23:47,17033,17033,17033,2,2
2021-10-26 15:23:49,17033,17033,17033,2,2
2021-10-26 15:23:49,17033,17033,17033,2,2
2021-10-26 15:23:49,17033,17033,17033,2,2
2021-10-26 15:23:49,17033,17033,17033,4,4
2021-10-26 15:23:49,17033,17033,17033,2,2
2021-10-26 15:23:49,17033,17033,17033,2,2
2021-10-26 15:23:49,17033,17033,17033,2,2
2021-10-26 15:23:49,17033,17033,17033,2,2
2021-10-26 15:23:49,17033,17033,17033,2,2
2021-10-26 15:23:49,17033,17033,17033,2,2
2021-10-26 15:23:49,17033,17033,17033,2,2
2021-10-26 15:23:49,17033,17033,17033,2,2
2021-10-26 15:23:50,17033,17033,17033,2,2
2021-10-26 15:23:51,17033,17033,17033,38,38
2021-10-26 15:23:52,17033,17033,17033,2,2
2021-10-26 15:24:06,17032,17032,17032,2,-2
2021-10-26 15:24:06,17032,17032,17032,2,2
2021-10-26 15:24:06,17032,17032,17032,2,2
2021-10-26 15:24:06,17032,17032,17032,2,2
2021-10-26 15:24:06,17032,17032,17032,2,2
2021-10-26 15:24:06,17032,17032,17032,2,2
2021-10-26 15:24:18,17031,17031,17031,2,-2
2021-10-26 15:24:18,17032,17032,17032,2,2
2021-10-26 15:24:44,17031,17031,17031,4,-4
2021-10-26 15:24:46,17031,17031,17031,4,4
2021-10-26 15:24:49,17030,17030,17030,2,-2
2021-10-26 15:24:53,17030,17030,17030,2,2
2021-10-26 15:24:54,17030,17030,17030,2,2
2021-10-26 15:25:02,17030,17030,17030,2,2
2021-10-26 15:25:17,17030,17030,17030,4,4
2021-10-26 15:25:17,17030,17030,17030,2,2
2021-10-26 15:25:27,17030,17030,17030,2,2
2021-10-26 15:25:28,17029,17029,17029,2,-2
2021-10-26 15:25:30,17029,17029,17029,2,2
2021-10-26 15:25:31,17030,17030,17030,2,2
2021-10-26 15:25:31,17030,17030,17030,2,2
2021-10-26 15:25:32,17030,17030,17030,2,2
2021-10-26 15:25:33,17030,17030,17030,2,2
2021-10-26 15:25:34,17030,17030,17030,2,2
2021-10-26 15:25:36,17030,17030,17030,2,2
2021-10-26 15:25:38,17030,17030,17030,2,2
2021-10-26 15:25:38,17030,17030,17030,2,2
2021-10-26 15:25:39,17030,17030,17030,2,2
2021-10-26 15:25:39,17030,17030,17030,2,2
2021-10-26 15:25:43,17030,17030,17030,2,2
2021-10-26 15:25:43,17030,17030,17030,2,2
2021-10-26 15:26:21,17030,17030,17030,2,2
2021-10-26 15:26:21,17030,17030,17030,6,6
2021-10-26 15:26:21,17030,17030,17030,4,4
2021-10-26 15:26:21,17030,17030,17030,2,2
2021-10-26 15:26:40,17029,17029,17029,2,-2
2021-10-26 15:26:46,17030,17030,17030,4,4
2021-10-26 15:26:47,17029,17029,17029,2,-2
2021-10-26 15:26:47,17030,17030,17030,4,4
2021-10-26 15:26:48,17029,17029,17029,2,-2
2021-10-26 15:26:56,17029,17029,17029,2,2
2021-10-26 15:26:59,17029,17029,17029,2,2
2021-10-26 15:27:08,17029,17029,17029,2,2
2021-10-26 15:27:08,17029,17029,17029,2,2
2021-10-26 15:27:14,17030,17030,17030,2,2
2021-10-26 15:27:31,17030,17030,17030,2,2
2021-10-26 15:27:31,17030,17030,17030,2,2
2021-10-26 15:27:40,17030,17030,17030,2,2
2021-10-26 15:27:46,17030,17030,17030,2,2
2021-10-26 15:27:46,17030,17030,17030,2,2
2021-10-26 15:28:04,17031,17031,17031,4,4
2021-10-26 15:28:49,17031,17031,17031,2,2
2021-10-26 15:29:00,17031,17031,17031,2,2
2021-10-26 15:29:10,17031,17031,17031,2,2
2021-10-26 15:29:27,17032,17032,17032,2,2
2021-10-26 15:29:40,17032,17032,17032,2,2
2021-10-26 15:29:45,17032,17032,17032,2,2
2021-10-26 15:30:05,17032,17032,17032,4,4
2021-10-26 15:30:05,17032,17032,17032,2,2
2021-10-26 15:30:05,17032,17032,17032,2,2
2021-10-26 15:30:10,17032,17032,17032,2,2
2021-10-26 15:30:10,17032,17032,17032,2,2
2021-10-26 15:30:19,17031,17031,17031,2,-2
2021-10-26 15:30:32,17031,17031,17031,2,2
2021-10-26 15:30:32,17031,17031,17031,6,6
2021-10-26 15:30:32,17031,17031,17031,2,2
2021-10-26 15:30:32,17031,17031,17031,2,2
2021-10-26 15:30:32,17030,17030,17030,2,-2
2021-10-26 15:30:43,17031,17031,17031,2,2
2021-10-26 15:30:49,17032,17032,17032,2,2
2021-10-26 15:30:56,17032,17032,17032,2,2
2021-10-26 15:30:57,17032,17032,17032,2,2
2021-10-26 15:31:00,17031,17031,17031,4,-4
2021-10-26 15:31:00,17031,17031,17031,4,4
2021-10-26 15:31:22,17032,17032,17032,4,4
2021-10-26 15:31:22,17032,17032,17032,2,2
2021-10-26 15:31:22,17032,17032,17032,2,2
2021-10-26 15:31:22,17031,17031,17031,2,-2
2021-10-26 15:31:33,17031,17031,17031,4,4
2021-10-26 15:31:33,17032,17032,17032,2,2
2021-10-26 15:31:33,17033,17033,17033,2,2
2021-10-26 15:31:33,17033,17033,17033,2,2
2021-10-26 15:31:39,17032,17032,17032,2,-2
2021-10-26 15:31:39,17033,17033,17033,2,2
2021-10-26 15:31:39,17033,17033,17033,2,2
2021-10-26 15:31:54,17032,17032,17032,2,-2
2021-10-26 15:31:54,17032,17032,17032,2,2
2021-10-26 15:31:54,17031,17031,17031,2,-2
2021-10-26 15:31:56,17031,17031,17031,2,2
2021-10-26 15:31:56,17032,17032,17032,2,2
2021-10-26 15:31:56,17032,17032,17032,2,2
2021-10-26 15:31:56,17033,17033,17033,2,2
2021-10-26 15:31:56,17033,17033,17033,2,2
2021-10-26 15:31:56,17033,17033,17033,2,2
2021-10-26 15:32:01,17033,17033,17033,8,8
2021-10-26 15:32:03,17033,17033,17033,6,6
2021-10-26 15:32:22,17032,17032,17032,2,-2
2021-10-26 15:32:22,17033,17033,17033,2,2
2021-10-26 15:32:25,17033,17033,17033,40,40
2021-10-26 15:32:25,17033,17033,17033,2,2
2021-10-26 15:32:25,17033,17033,17033,2,2
2021-10-26 15:32:25,17033,17033,17033,2,2
2021-10-26 15:32:25,17033,17033,17033,2,2
2021-10-26 15:32:25,17033,17033,17033,2,2
2021-10-26 15:32:29,17034,17034,17034,2,2
2021-10-26 15:32:32,17034,17034,17034,2,2
2021-10-26 15:32:36,17035,17035,17035,2,2
2021-10-26 15:32:57,17035,17035,17035,2,2
2021-10-26 15:32:57,17035,17035,17035,4,4
2021-10-26 15:32:57,17035,17035,17035,2,2
2021-10-26 15:32:57,17035,17035,17035,6,6
2021-10-26 15:32:57,17035,17035,17035,28,28
2021-10-26 15:32:57,17035,17035,17035,2,2
2021-10-26 15:33:02,17035,17035,17035,2,2
2021-10-26 15:33:08,17035,17035,17035,2,2
2021-10-26 15:33:08,17036,17036,17036,4,4
2021-10-26 15:33:08,17034,17034,17034,2,-2
2021-10-26 15:33:14,17035,17035,17035,10,10
2021-10-26 15:33:14,17035,17035,17035,2,2
2021-10-26 15:33:14,17034,17034,17034,2,-2
2021-10-26 15:33:23,17035,17035,17035,10,10
2021-10-26 15:33:26,17035,17035,17035,2,2
2021-10-26 15:33:36,17035,17035,17035,2,2
2021-10-26 15:33:42,17035,17035,17035,4,4
2021-10-26 15:33:42,17035,17035,17035,2,2
2021-10-26 15:33:51,17035,17035,17035,4,4
2021-10-26 15:33:51,17035,17035,17035,4,4
2021-10-26 15:33:51,17035,17035,17035,2,2
2021-10-26 15:33:56,17035,17035,17035,2,2
2021-10-26 15:34:26,17035,17035,17035,2,2
2021-10-26 15:34:36,17035,17035,17035,2,2
2021-10-26 15:34:38,17036,17036,17036,2,2
2021-10-26 15:34:41,17035,17035,17035,2,-2
2021-10-26 15:34:50,17035,17035,17035,6,6
2021-10-26 15:34:50,17035,17035,17035,2,2
2021-10-26 15:34:50,17035,17035,17035,2,2
2021-10-26 15:34:50,17035,17035,17035,4,4
2021-10-26 15:34:50,17035,17035,17035,2,2
2021-10-26 15:34:50,17035,17035,17035,8,8
2021-10-26 15:34:50,17035,17035,17035,2,2
2021-10-26 15:34:52,17035,17035,17035,8,8
2021-10-26 15:34:53,17034,17034,17034,2,-2
2021-10-26 15:34:53,17034,17034,17034,2,2
2021-10-26 15:34:53,17034,17034,17034,2,2
2021-10-26 15:34:55,17034,17034,17034,2,2
2021-10-26 15:34:57,17035,17035,17035,6,6
2021-10-26 15:35:12,17035,17035,17035,2,2
2021-10-26 15:35:16,17034,17034,17034,2,-2
2021-10-26 15:35:16,17034,17034,17034,2,2
2021-10-26 15:35:16,17034,17034,17034,2,2
2021-10-26 15:35:16,17034,17034,17034,2,2
2021-10-26 15:35:16,17034,17034,17034,6,6
2021-10-26 15:35:16,17034,17034,17034,2,2
2021-10-26 15:35:17,17034,17034,17034,2,2
2021-10-26 15:35:20,17033,17033,17033,2,-2
2021-10-26 15:35:24,17034,17034,17034,2,2
2021-10-26 15:35:27,17034,17034,17034,2,2
2021-10-26 15:35:29,17034,17034,17034,2,2
2021-10-26 15:35:59,17034,17034,17034,2,2
2021-10-26 15:36:01,17034,17034,17034,2,2
2021-10-26 15:36:04,17034,17034,17034,2,2
2021-10-26 15:36:06,17034,17034,17034,2,2
2021-10-26 15:36:41,17034,17034,17034,2,2
2021-10-26 15:36:41,17034,17034,17034,2,2
2021-10-26 15:36:41,17034,17034,17034,2,2
2021-10-26 15:36:41,17034,17034,17034,10,10
2021-10-26 15:36:41,17034,17034,17034,2,2
2021-10-26 15:36:41,17034,17034,17034,2,2
2021-10-26 15:36:46,17033,17033,17033,2,-2
2021-10-26 15:36:46,17033,17033,17033,6,6
2021-10-26 15:37:16,17035,17035,17035,4,4
2021-10-26 15:37:20,17035,17035,17035,2,2
2021-10-26 15:37:20,17035,17035,17035,2,2
2021-10-26 15:37:20,17035,17035,17035,2,2
2021-10-26 15:37:20,17035,17035,17035,4,4
2021-10-26 15:37:28,17034,17034,17034,2,-2
2021-10-26 15:37:29,17035,17035,17035,2,2
2021-10-26 15:37:31,17035,17035,17035,2,2
2021-10-26 15:37:31,17035,17035,17035,20,20
2021-10-26 15:37:31,17034,17034,17034,2,-2
2021-10-26 15:37:33,17034,17034,17034,2,2
2021-10-26 15:37:49,17035,17035,17035,2,2
2021-10-26 15:38:16,17035,17035,17035,4,4
2021-10-26 15:38:21,17034,17034,17034,2,-2
2021-10-26 15:38:25,17034,17034,17034,2,2
2021-10-26 15:39:03,17034,17034,17034,2,2
2021-10-26 15:39:06,17034,17034,17034,2,2
2021-10-26 15:39:06,17035,17035,17035,16,16
2021-10-26 15:39:18,17034,17034,17034,2,-2
2021-10-26 15:39:32,17034,17034,17034,2,2
2021-10-26 15:39:34,17035,17035,17035,8,8
2021-10-26 15:39:34,17035,17035,17035,8,8
2021-10-26 15:39:35,17035,17035,17035,6,6
2021-10-26 15:39:35,17035,17035,17035,2,2
2021-10-26 15:39:50,17035,17035,17035,4,4
2021-10-26 15:39:50,17035,17035,17035,2,2
2021-10-26 15:39:50,17035,17035,17035,2,2
2021-10-26 15:39:50,17035,17035,17035,2,2
2021-10-26 15:39:58,17035,17035,17035,2,2
2021-10-26 15:39:58,17036,17036,17036,2,2
2021-10-26 15:40:07,17036,17036,17036,2,2
2021-10-26 15:40:14,17035,17035,17035,4,-4
2021-10-26 15:40:41,17035,17035,17035,2,2
2021-10-26 15:40:41,17035,17035,17035,4,4
2021-10-26 15:40:41,17035,17035,17035,4,4
2021-10-26 15:40:41,17035,17035,17035,2,2
2021-10-26 15:40:41,17035,17035,17035,2,2
2021-10-26 15:40:41,17035,17035,17035,4,4
2021-10-26 15:40:41,17035,17035,17035,2,2
2021-10-26 15:40:43,17035,17035,17035,2,2
2021-10-26 15:40:43,17035,17035,17035,2,2
2021-10-26 15:40:43,17035,17035,17035,2,2
2021-10-26 15:41:00,17035,17035,17035,10,10
2021-10-26 15:41:00,17035,17035,17035,2,2
2021-10-26 15:41:00,17035,17035,17035,8,8
2021-10-26 15:41:09,17036,17036,17036,12,12
2021-10-26 15:41:09,17036,17036,17036,2,2
2021-10-26 15:41:09,17036,17036,17036,8,8
2021-10-26 15:41:09,17036,17036,17036,2,2
2021-10-26 15:41:09,17036,17036,17036,10,10
2021-10-26 15:41:09,17036,17036,17036,2,2
2021-10-26 15:41:09,17036,17036,17036,16,16
2021-10-26 15:41:09,17036,17036,17036,4,4
2021-10-26 15:41:09,17036,17036,17036,4,4
2021-10-26 15:41:20,17037,17037,17037,2,2
2021-10-26 15:41:20,17037,17037,17037,2,2
2021-10-26 15:41:20,17037,17037,17037,2,2
2021-10-26 15:41:20,17037,17037,17037,2,2
2021-10-26 15:41:20,17037,17037,17037,4,4
2021-10-26 15:41:20,17037,17037,17037,2,2
2021-10-26 15:41:20,17037,17037,17037,10,10
2021-10-26 15:41:20,17037,17037,17037,16,16
2021-10-26 15:41:20,17037,17037,17037,2,2
2021-10-26 15:41:20,17037,17037,17037,2,2
2021-10-26 15:41:20,17037,17037,17037,2,2
2021-10-26 15:41:20,17037,17037,17037,4,4
2021-10-26 15:41:20,17037,17037,17037,2,2
2021-10-26 15:41:20,17037,17037,17037,14,14
2021-10-26 15:41:20,17037,17037,17037,2,2
2021-10-26 15:41:20,17037,17037,17037,2,2
2021-10-26 15:41:20,17037,17037,17037,2,2
2021-10-26 15:41:20,17037,17037,17037,2,2
2021-10-26 15:41:20,17037,17037,17037,4,4
2021-10-26 15:41:20,17038,17038,17038,2,2
2021-10-26 15:41:21,17037,17037,17037,2,-2
2021-10-26 15:41:24,17038,17038,17038,10,10
2021-10-26 15:41:26,17037,17037,17037,2,-2
2021-10-26 15:41:32,17037,17037,17037,2,2
2021-10-26 15:41:37,17038,17038,17038,2,2
2021-10-26 15:41:47,17038,17038,17038,2,2
2021-10-26 15:41:47,17038,17038,17038,2,2
2021-10-26 15:41:47,17038,17038,17038,2,2
2021-10-26 15:41:54,17038,17038,17038,2,2
2021-10-26 15:41:55,17038,17038,17038,2,2
2021-10-26 15:41:56,17038,17038,17038,2,2
2021-10-26 15:42:03,17038,17038,17038,6,6
2021-10-26 15:42:04,17038,17038,17038,2,2
2021-10-26 15:42:07,17037,17037,17037,2,-2
2021-10-26 15:42:07,17037,17037,17037,2,2
2021-10-26 15:42:07,17037,17037,17037,2,2
2021-10-26 15:42:07,17037,17037,17037,10,10
2021-10-26 15:42:07,17037,17037,17037,2,2
2021-10-26 15:42:07,17037,17037,17037,10,10
2021-10-26 15:42:07,17037,17037,17037,2,2
2021-10-26 15:42:07,17037,17037,17037,2,2
2021-10-26 15:42:07,17037,17037,17037,2,2
2021-10-26 15:42:16,17036,17036,17036,2,-2
2021-10-26 15:42:16,17036,17036,17036,2,2
2021-10-26 15:42:16,17036,17036,17036,6,6
2021-10-26 15:42:16,17036,17036,17036,2,2
2021-10-26 15:42:16,17036,17036,17036,2,2
2021-10-26 15:42:16,17036,17036,17036,18,18
2021-10-26 15:42:19,17037,17037,17037,2,2
2021-10-26 15:42:24,17037,17037,17037,2,2
2021-10-26 15:42:28,17037,17037,17037,2,2
2021-10-26 15:42:29,17037,17037,17037,2,2
2021-10-26 15:42:37,17036,17036,17036,2,-2
2021-10-26 15:42:41,17037,17037,17037,2,2
2021-10-26 15:42:43,17037,17037,17037,2,2
2021-10-26 15:43:04,17037,17037,17037,2,2
2021-10-26 15:43:04,17036,17036,17036,2,-2
2021-10-26 15:43:04,17036,17036,17036,2,2
2021-10-26 15:43:04,17036,17036,17036,2,2
2021-10-26 15:43:04,17036,17036,17036,2,2
2021-10-26 15:43:04,17035,17035,17035,2,-2
2021-10-26 15:43:04,17035,17035,17035,2,2
2021-10-26 15:43:04,17035,17035,17035,2,2
2021-10-26 15:43:05,17037,17037,17037,2,2
2021-10-26 15:43:05,17036,17036,17036,2,-2
2021-10-26 15:43:05,17036,17036,17036,2,2
2021-10-26 15:43:05,17035,17035,17035,2,-2
2021-10-26 15:43:05,17035,17035,17035,2,2
2021-10-26 15:43:05,17035,17035,17035,2,2
2021-10-26 15:43:05,17035,17035,17035,2,2
2021-10-26 15:43:05,17035,17035,17035,2,2
2021-10-26 15:43:10,17037,17037,17037,2,2
2021-10-26 15:43:16,17036,17036,17036,2,-2
2021-10-26 15:43:16,17035,17035,17035,2,-2
2021-10-26 15:43:16,17035,17035,17035,2,2
2021-10-26 15:43:16,17035,17035,17035,2,2
2021-10-26 15:43:16,17035,17035,17035,2,2
2021-10-26 15:43:16,17035,17035,17035,2,2
2021-10-26 15:43:16,17035,17035,17035,2,2
2021-10-26 15:43:16,17035,17035,17035,2,2
2021-10-26 15:43:16,17035,17035,17035,2,2
2021-10-26 15:43:16,17034,17034,17034,2,-2
2021-10-26 15:43:23,17035,17035,17035,2,2
2021-10-26 15:43:23,17035,17035,17035,2,2
2021-10-26 15:43:23,17035,17035,17035,2,2
2021-10-26 15:43:23,17034,17034,17034,2,-2
2021-10-26 15:43:23,17034,17034,17034,2,2
2021-10-26 15:43:23,17034,17034,17034,2,2
2021-10-26 15:43:23,17034,17034,17034,2,2
2021-10-26 15:43:23,17034,17034,17034,2,2
2021-10-26 15:43:23,17035,17035,17035,2,2
2021-10-26 15:43:23,17034,17034,17034,2,-2
2021-10-26 15:43:23,17034,17034,17034,2,2
2021-10-26 15:43:23,17034,17034,17034,2,2
2021-10-26 15:43:23,17034,17034,17034,2,2
2021-10-26 15:43:23,17034,17034,17034,2,2
2021-10-26 15:43:23,17034,17034,17034,2,2
2021-10-26 15:43:23,17034,17034,17034,2,2
2021-10-26 15:43:23,17034,17034,17034,2,2
2021-10-26 15:43:23,17034,17034,17034,2,2
2021-10-26 15:43:25,17036,17036,17036,2,2
2021-10-26 15:43:27,17035,17035,17035,2,-2
2021-10-26 15:43:29,17034,17034,17034,2,-2
2021-10-26 15:43:29,17034,17034,17034,2,2
2021-10-26 15:43:29,17034,17034,17034,2,2
2021-10-26 15:43:29,17034,17034,17034,2,2
2021-10-26 15:43:29,17034,17034,17034,2,2
2021-10-26 15:43:29,17034,17034,17034,2,2
2021-10-26 15:43:29,17034,17034,17034,2,2
2021-10-26 15:43:51,17036,17036,17036,2,2
2021-10-26 15:44:01,17036,17036,17036,2,2
2021-10-26 15:44:01,17036,17036,17036,4,4
2021-10-26 15:44:01,17035,17035,17035,2,-2
2021-10-26 15:44:01,17035,17035,17035,2,2
2021-10-26 15:44:01,17035,17035,17035,2,2
2021-10-26 15:44:01,17035,17035,17035,2,2
2021-10-26 15:44:01,17034,17034,17034,2,-2
2021-10-26 15:44:01,17034,17034,17034,2,2
2021-10-26 15:44:01,17034,17034,17034,2,2
2021-10-26 15:44:01,17034,17034,17034,2,2
2021-10-26 15:44:01,17034,17034,17034,2,2
2021-10-26 15:44:01,17034,17034,17034,2,2
2021-10-26 15:44:19,17035,17035,17035,2,2
2021-10-26 15:44:28,17036,17036,17036,2,2
2021-10-26 15:44:34,17036,17036,17036,2,2
2021-10-26 15:44:58,17035,17035,17035,4,-4
2021-10-26 15:44:58,17035,17035,17035,4,4
2021-10-26 15:44:58,17036,17036,17036,26,26
2021-10-26 15:44:58,17037,17037,17037,30,30
2021-10-26 15:44:59,17037,17037,17037,12,12
2021-10-26 15:44:59,17036,17036,17036,2,-2
2021-10-26 15:44:59,17036,17036,17036,2,2
2021-10-26 15:45:22,17037,17037,17037,2,2
2021-10-26 15:45:24,17038,17038,17038,2,2
2021-10-26 15:45:34,17038,17038,17038,2,2
2021-10-26 15:45:49,17038,17038,17038,2,2
2021-10-26 15:45:50,17038,17038,17038,2,2
2021-10-26 15:45:51,17038,17038,17038,2,2
2021-10-26 15:45:53,17038,17038,17038,4,4
2021-10-26 15:45:54,17038,17038,17038,2,2
2021-10-26 15:45:54,17038,17038,17038,2,2
2021-10-26 15:45:54,17038,17038,17038,4,4
2021-10-26 15:46:08,17039,17039,17039,10,10
2021-10-26 15:46:09,17039,17039,17039,2,2
2021-10-26 15:46:09,17039,17039,17039,2,2
2021-10-26 15:46:09,17039,17039,17039,2,2
2021-10-26 15:46:11,17039,17039,17039,4,4
2021-10-26 15:46:11,17039,17039,17039,2,2
2021-10-26 15:46:11,17039,17039,17039,2,2
2021-10-26 15:46:11,17039,17039,17039,2,2
2021-10-26 15:46:11,17039,17039,17039,28,28
2021-10-26 15:46:11,17039,17039,17039,2,2
2021-10-26 15:46:11,17039,17039,17039,2,2
2021-10-26 15:46:11,17039,17039,17039,8,8
2021-10-26 15:46:11,17040,17040,17040,2,2
2021-10-26 15:46:12,17039,17039,17039,2,-2
2021-10-26 15:46:12,17039,17039,17039,2,2
2021-10-26 15:46:12,17040,17040,17040,2,2
2021-10-26 15:46:13,17040,17040,17040,2,2
2021-10-26 15:46:13,17040,17040,17040,2,2
2021-10-26 15:46:14,17040,17040,17040,4,4
2021-10-26 15:46:14,17039,17039,17039,2,-2
2021-10-26 15:46:27,17040,17040,17040,10,10
2021-10-26 15:46:27,17039,17039,17039,2,-2
2021-10-26 15:46:27,17039,17039,17039,2,2
2021-10-26 15:46:27,17039,17039,17039,10,10
2021-10-26 15:46:27,17039,17039,17039,2,2
2021-10-26 15:46:28,17039,17039,17039,2,2
2021-10-26 15:46:28,17039,17039,17039,2,2
2021-10-26 15:46:28,17039,17039,17039,2,2
2021-10-26 15:46:28,17039,17039,17039,2,2
2021-10-26 15:46:28,17040,17040,17040,2,2
2021-10-26 15:46:28,17040,17040,17040,2,2
2021-10-26 15:46:28,17040,17040,17040,2,2
2021-10-26 15:46:28,17040,17040,17040,2,2
2021-10-26 15:46:28,17040,17040,17040,2,2
2021-10-26 15:46:28,17040,17040,17040,2,2
2021-10-26 15:46:28,17040,17040,17040,2,2
2021-10-26 15:46:28,17041,17041,17041,2,2
2021-10-26 15:46:28,17040,17040,17040,2,-2
2021-10-26 15:46:28,17040,17040,17040,2,2
2021-10-26 15:46:28,17041,17041,17041,2,2
2021-10-26 15:46:28,17041,17041,17041,2,2
2021-10-26 15:46:28,17040,17040,17040,2,-2
2021-10-26 15:46:32,17040,17040,17040,4,4
2021-10-26 15:46:37,17040,17040,17040,2,2
2021-10-26 15:46:40,17040,17040,17040,2,2
2021-10-26 15:46:40,17041,17041,17041,2,2
2021-10-26 15:46:41,17041,17041,17041,2,2
2021-10-26 15:46:47,17040,17040,17040,2,-2
2021-10-26 15:46:48,17040,17040,17040,2,2
2021-10-26 15:46:48,17040,17040,17040,2,2
2021-10-26 15:46:48,17040,17040,17040,2,2
2021-10-26 15:46:48,17040,17040,17040,2,2
2021-10-26 15:46:48,17040,17040,17040,2,2
2021-10-26 15:46:48,17041,17041,17041,2,2
2021-10-26 15:46:48,17041,17041,17041,2,2
2021-10-26 15:46:48,17041,17041,17041,2,2
2021-10-26 15:46:48,17041,17041,17041,2,2
2021-10-26 15:46:48,17041,17041,17041,2,2
2021-10-26 15:46:48,17041,17041,17041,2,2
2021-10-26 15:46:50,17041,17041,17041,2,2
2021-10-26 15:46:55,17042,17042,17042,2,2
2021-10-26 15:46:55,17042,17042,17042,2,2
2021-10-26 15:47:04,17041,17041,17041,2,-2
2021-10-26 15:47:11,17041,17041,17041,2,2
2021-10-26 15:47:15,17041,17041,17041,2,2
2021-10-26 15:47:18,17041,17041,17041,2,2
2021-10-26 15:47:22,17040,17040,17040,2,-2
2021-10-26 15:47:22,17041,17041,17041,2,2
2021-10-26 15:47:26,17041,17041,17041,2,2
2021-10-26 15:47:27,17041,17041,17041,2,2
2021-10-26 15:47:32,17041,17041,17041,6,6
2021-10-26 15:47:43,17041,17041,17041,2,2
2021-10-26 15:47:45,17041,17041,17041,2,2
2021-10-26 15:47:56,17041,17041,17041,2,2
2021-10-26 15:47:56,17041,17041,17041,2,2
2021-10-26 15:47:57,17042,17042,17042,2,2
2021-10-26 15:48:00,17042,17042,17042,2,2
2021-10-26 15:48:03,17042,17042,17042,2,2
2021-10-26 15:48:03,17042,17042,17042,2,2
2021-10-26 15:48:03,17042,17042,17042,4,4
2021-10-26 15:48:03,17042,17042,17042,2,2
2021-10-26 15:48:03,17042,17042,17042,2,2
2021-10-26 15:48:03,17042,17042,17042,4,4
2021-10-26 15:48:03,17043,17043,17043,2,2
2021-10-26 15:48:09,17043,17043,17043,2,2
2021-10-26 15:48:09,17043,17043,17043,2,2
2021-10-26 15:48:17,17043,17043,17043,2,2
2021-10-26 15:48:18,17043,17043,17043,2,2
2021-10-26 15:48:20,17043,17043,17043,2,2
2021-10-26 15:48:21,17043,17043,17043,2,2
2021-10-26 15:48:29,17043,17043,17043,2,2
2021-10-26 15:48:29,17044,17044,17044,10,10
2021-10-26 15:48:29,17044,17044,17044,2,2
2021-10-26 15:48:29,17044,17044,17044,2,2
2021-10-26 15:48:38,17042,17042,17042,2,-2
2021-10-26 15:48:38,17042,17042,17042,6,6
2021-10-26 15:48:38,17042,17042,17042,2,2
2021-10-26 15:48:38,17042,17042,17042,6,6
2021-10-26 15:48:39,17043,17043,17043,4,4
2021-10-26 15:48:41,17043,17043,17043,2,2
2021-10-26 15:48:41,17044,17044,17044,2,2
2021-10-26 15:48:43,17044,17044,17044,2,2
2021-10-26 15:48:52,17044,17044,17044,2,2
2021-10-26 15:48:54,17044,17044,17044,10,10
2021-10-26 15:48:56,17044,17044,17044,10,10
2021-10-26 15:49:08,17043,17043,17043,2,-2
2021-10-26 15:49:08,17043,17043,17043,2,2
2021-10-26 15:49:10,17043,17043,17043,2,2
2021-10-26 15:49:10,17043,17043,17043,2,2
2021-10-26 15:49:10,17044,17044,17044,2,2
2021-10-26 15:49:13,17044,17044,17044,8,8
2021-10-26 15:49:13,17044,17044,17044,2,2
2021-10-26 15:49:18,17044,17044,17044,2,2
2021-10-26 15:49:18,17044,17044,17044,2,2
2021-10-26 15:49:24,17044,17044,17044,2,2
2021-10-26 15:49:24,17044,17044,17044,2,2
2021-10-26 15:49:24,17044,17044,17044,2,2
2021-10-26 15:49:24,17044,17044,17044,2,2
2021-10-26 15:49:31,17044,17044,17044,4,4
2021-10-26 15:49:33,17044,17044,17044,2,2
2021-10-26 15:49:36,17044,17044,17044,2,2
2021-10-26 15:49:50,17045,17045,17045,2,2
2021-10-26 15:49:51,17045,17045,17045,6,6
2021-10-26 15:49:51,17045,17045,17045,2,2
2021-10-26 15:49:51,17045,17045,17045,2,2
2021-10-26 15:49:54,17045,17045,17045,2,2
2021-10-26 15:49:54,17045,17045,17045,2,2
2021-10-26 15:49:54,17045,17045,17045,2,2
2021-10-26 15:50:00,17045,17045,17045,2,2
2021-10-26 15:50:00,17045,17045,17045,2,2
2021-10-26 15:50:00,17045,17045,17045,8,8
2021-10-26 15:50:00,17045,17045,17045,2,2
2021-10-26 15:50:00,17045,17045,17045,2,2
2021-10-26 15:50:00,17045,17045,17045,2,2
2021-10-26 15:50:00,17045,17045,17045,20,20
2021-10-26 15:50:00,17045,17045,17045,2,2
2021-10-26 15:50:00,17045,17045,17045,4,4
2021-10-26 15:50:01,17045,17045,17045,2,2
2021-10-26 15:50:02,17045,17045,17045,2,2
2021-10-26 15:50:03,17045,17045,17045,2,2
2021-10-26 15:50:03,17045,17045,17045,2,2
2021-10-26 15:50:04,17045,17045,17045,10,10
2021-10-26 15:50:07,17045,17045,17045,4,4
2021-10-26 15:50:09,17045,17045,17045,2,2
2021-10-26 15:50:10,17045,17045,17045,10,10
2021-10-26 15:50:11,17046,17046,17046,2,2
2021-10-26 15:50:11,17046,17046,17046,10,10
2021-10-26 15:50:11,17045,17045,17045,2,-2
2021-10-26 15:50:11,17045,17045,17045,2,2
2021-10-26 15:50:14,17045,17045,17045,2,2
2021-10-26 15:50:22,17044,17044,17044,4,-4
2021-10-26 15:50:22,17044,17044,17044,4,4
2021-10-26 15:50:23,17044,17044,17044,2,2
2021-10-26 15:50:24,17044,17044,17044,4,4
2021-10-26 15:50:30,17044,17044,17044,2,2
2021-10-26 15:50:32,17044,17044,17044,2,2
2021-10-26 15:50:32,17044,17044,17044,2,2
2021-10-26 15:50:35,17044,17044,17044,2,2
2021-10-26 15:50:35,17044,17044,17044,2,2
2021-10-26 15:50:38,17044,17044,17044,2,2
2021-10-26 15:50:38,17044,17044,17044,2,2
2021-10-26 15:50:39,17044,17044,17044,2,2
2021-10-26 15:50:40,17043,17043,17043,2,-2
2021-10-26 15:50:42,17043,17043,17043,2,2
2021-10-26 15:50:48,17044,17044,17044,2,2
2021-10-26 15:50:52,17044,17044,17044,2,2
2021-10-26 15:50:53,17044,17044,17044,2,2
2021-10-26 15:50:54,17045,17045,17045,10,10
2021-10-26 15:50:56,17044,17044,17044,10,-10
2021-10-26 15:51:00,17045,17045,17045,10,10
2021-10-26 15:51:01,17044,17044,17044,2,-2
2021-10-26 15:51:07,17045,17045,17045,4,4
2021-10-26 15:51:07,17045,17045,17045,2,2
2021-10-26 15:51:07,17045,17045,17045,4,4
2021-10-26 15:51:07,17045,17045,17045,2,2
2021-10-26 15:51:07,17045,17045,17045,2,2
2021-10-26 15:51:14,17046,17046,17046,4,4
2021-10-26 15:51:14,17046,17046,17046,4,4
2021-10-26 15:51:19,17046,17046,17046,2,2
2021-10-26 15:51:19,17045,17045,17045,2,-2
2021-10-26 15:51:30,17046,17046,17046,2,2
2021-10-26 15:51:30,17046,17046,17046,6,6
2021-10-26 15:51:30,17046,17046,17046,2,2
2021-10-26 15:51:33,17047,17047,17047,2,2
2021-10-26 15:51:34,17046,17046,17046,2,-2
2021-10-26 15:51:36,17046,17046,17046,2,2
2021-10-26 15:51:43,17046,17046,17046,2,2
2021-10-26 15:51:43,17047,17047,17047,2,2
2021-10-26 15:51:53,17046,17046,17046,2,-2
2021-10-26 15:51:57,17047,17047,17047,2,2
2021-10-26 15:51:59,17047,17047,17047,2,2
2021-10-26 15:52:05,17047,17047,17047,2,2
2021-10-26 15:52:06,17046,17046,17046,2,-2
2021-10-26 15:52:06,17046,17046,17046,2,2
2021-10-26 15:52:11,17047,17047,17047,4,4
2021-10-26 15:52:16,17047,17047,17047,2,2
2021-10-26 15:52:16,17047,17047,17047,2,2
2021-10-26 15:52:26,17047,17047,17047,2,2
2021-10-26 15:52:26,17047,17047,17047,2,2
2021-10-26 15:52:28,17047,17047,17047,2,2
2021-10-26 15:52:28,17047,17047,17047,2,2
2021-10-26 15:52:35,17047,17047,17047,2,2
2021-10-26 15:52:35,17047,17047,17047,2,2
2021-10-26 15:52:37,17047,17047,17047,4,4
2021-10-26 15:52:37,17047,17047,17047,2,2
2021-10-26 15:52:39,17047,17047,17047,4,4
2021-10-26 15:52:40,17048,17048,17048,2,2
2021-10-26 15:52:40,17047,17047,17047,2,-2
2021-10-26 15:52:40,17047,17047,17047,4,4
2021-10-26 15:52:40,17047,17047,17047,2,2
2021-10-26 15:52:40,17047,17047,17047,2,2
2021-10-26 15:52:41,17047,17047,17047,2,2
2021-10-26 15:52:41,17047,17047,17047,2,2
2021-10-26 15:52:41,17047,17047,17047,4,4
2021-10-26 15:52:41,17047,17047,17047,4,4
2021-10-26 15:52:41,17048,17048,17048,2,2
2021-10-26 15:52:41,17048,17048,17048,4,4
2021-10-26 15:52:42,17048,17048,17048,2,2
2021-10-26 15:52:42,17048,17048,17048,2,2
2021-10-26 15:52:45,17047,17047,17047,2,-2
2021-10-26 15:52:45,17047,17047,17047,2,2
2021-10-26 15:52:46,17047,17047,17047,2,2
2021-10-26 15:52:48,17046,17046,17046,2,-2
2021-10-26 15:52:48,17046,17046,17046,2,2
2021-10-26 15:52:48,17046,17046,17046,2,2
2021-10-26 15:52:48,17047,17047,17047,2,2
2021-10-26 15:52:48,17047,17047,17047,2,2
2021-10-26 15:52:48,17047,17047,17047,2,2
2021-10-26 15:52:48,17047,17047,17047,2,2
2021-10-26 15:52:48,17047,17047,17047,2,2
2021-10-26 15:52:48,17047,17047,17047,2,2
2021-10-26 15:52:49,17046,17046,17046,2,-2
2021-10-26 15:52:49,17046,17046,17046,2,2
2021-10-26 15:53:02,17047,17047,17047,2,2
2021-10-26 15:53:08,17047,17047,17047,4,4
2021-10-26 15:53:08,17047,17047,17047,6,6
2021-10-26 15:53:10,17047,17047,17047,2,2
2021-10-26 15:53:15,17045,17045,17045,2,-2
2021-10-26 15:53:15,17045,17045,17045,2,2
2021-10-26 15:53:15,17045,17045,17045,2,2
2021-10-26 15:53:15,17046,17046,17046,2,2
2021-10-26 15:53:17,17046,17046,17046,2,2
2021-10-26 15:53:17,17046,17046,17046,2,2
2021-10-26 15:53:17,17046,17046,17046,2,2
2021-10-26 15:53:17,17046,17046,17046,2,2
2021-10-26 15:53:21,17045,17045,17045,2,-2
2021-10-26 15:53:36,17045,17045,17045,2,2
2021-10-26 15:53:46,17045,17045,17045,2,2
2021-10-26 15:53:54,17046,17046,17046,4,4
2021-10-26 15:53:54,17046,17046,17046,2,2
2021-10-26 15:53:59,17046,17046,17046,2,2
2021-10-26 15:54:01,17046,17046,17046,2,2
2021-10-26 15:54:01,17047,17047,17047,8,8
2021-10-26 15:54:15,17046,17046,17046,2,-2
2021-10-26 15:54:18,17047,17047,17047,2,2
2021-10-26 15:54:18,17046,17046,17046,2,-2
2021-10-26 15:54:19,17046,17046,17046,2,2
2021-10-26 15:54:37,17046,17046,17046,2,2
2021-10-26 15:54:37,17046,17046,17046,2,2
2021-10-26 15:54:49,17046,17046,17046,2,2
2021-10-26 15:54:49,17046,17046,17046,4,4
2021-10-26 15:54:49,17046,17046,17046,10,10
2021-10-26 15:54:53,17046,17046,17046,4,4
2021-10-26 15:55:00,17046,17046,17046,2,2
2021-10-26 15:55:05,17046,17046,17046,2,2
2021-10-26 15:55:15,17046,17046,17046,2,2
2021-10-26 15:55:20,17046,17046,17046,2,2
2021-10-26 15:55:22,17046,17046,17046,2,2
2021-10-26 15:55:23,17047,17047,17047,2,2
2021-10-26 15:55:45,17047,17047,17047,2,2
2021-10-26 15:55:49,17046,17046,17046,2,-2
2021-10-26 15:55:54,17046,17046,17046,2,2
2021-10-26 15:56:05,17046,17046,17046,2,2
2021-10-26 15:56:12,17046,17046,17046,2,2
2021-10-26 15:56:17,17046,17046,17046,2,2
2021-10-26 15:56:22,17045,17045,17045,2,-2
2021-10-26 15:56:33,17045,17045,17045,2,2
2021-10-26 15:56:35,17045,17045,17045,2,2
2021-10-26 15:56:38,17045,17045,17045,2,2
2021-10-26 15:56:38,17045,17045,17045,2,2
2021-10-26 15:56:40,17045,17045,17045,2,2
2021-10-26 15:56:43,17045,17045,17045,2,2
2021-10-26 15:56:47,17045,17045,17045,2,2
2021-10-26 15:56:50,17046,17046,17046,2,2
2021-10-26 15:56:53,17045,17045,17045,2,-2
2021-10-26 15:56:57,17045,17045,17045,2,2
2021-10-26 15:56:59,17045,17045,17045,6,6
2021-10-26 15:57:04,17045,17045,17045,2,2
2021-10-26 15:57:08,17046,17046,17046,2,2
2021-10-26 15:57:10,17046,17046,17046,4,4
2021-10-26 15:57:10,17046,17046,17046,2,2
2021-10-26 15:57:16,17047,17047,17047,4,4
2021-10-26 15:57:16,17047,17047,17047,14,14
2021-10-26 15:57:16,17047,17047,17047,2,2
2021-10-26 15:57:18,17047,17047,17047,2,2
2021-10-26 15:57:18,17047,17047,17047,2,2
2021-10-26 15:57:21,17048,17048,17048,4,4
2021-10-26 15:57:22,17048,17048,17048,2,2
2021-10-26 15:57:26,17048,17048,17048,2,2
2021-10-26 15:57:27,17048,17048,17048,2,2
2021-10-26 15:57:34,17048,17048,17048,2,2
2021-10-26 15:57:45,17049,17049,17049,2,2
2021-10-26 15:57:46,17049,17049,17049,2,2
2021-10-26 15:57:46,17049,17049,17049,2,2
2021-10-26 15:57:46,17049,17049,17049,2,2
2021-10-26 15:57:52,17048,17048,17048,2,-2
2021-10-26 15:57:54,17049,17049,17049,2,2
2021-10-26 15:57:56,17048,17048,17048,2,-2
2021-10-26 15:57:59,17049,17049,17049,2,2
2021-10-26 15:58:00,17048,17048,17048,2,-2
2021-10-26 15:58:01,17049,17049,17049,2,2
2021-10-26 15:58:05,17048,17048,17048,4,-4
2021-10-26 15:58:05,17048,17048,17048,2,2
2021-10-26 15:58:05,17048,17048,17048,4,4
2021-10-26 15:58:05,17048,17048,17048,2,2
2021-10-26 15:58:06,17048,17048,17048,4,4
2021-10-26 15:58:11,17047,17047,17047,4,-4
2021-10-26 15:58:12,17047,17047,17047,4,4
2021-10-26 15:58:24,17046,17046,17046,2,-2
2021-10-26 15:58:40,17047,17047,17047,2,2
2021-10-26 15:58:47,17047,17047,17047,4,4
2021-10-26 15:58:47,17047,17047,17047,2,2
2021-10-26 15:58:47,17047,17047,17047,2,2
2021-10-26 15:58:48,17047,17047,17047,2,2
2021-10-26 15:58:48,17046,17046,17046,2,-2
2021-10-26 15:58:54,17047,17047,17047,2,2
2021-10-26 15:59:11,17047,17047,17047,2,2
2021-10-26 15:59:15,17047,17047,17047,2,2
2021-10-26 15:59:21,17046,17046,17046,2,-2
2021-10-26 15:59:21,17046,17046,17046,2,2
2021-10-26 15:59:21,17046,17046,17046,2,2
2021-10-26 15:59:21,17046,17046,17046,2,2
2021-10-26 15:59:55,17046,17046,17046,6,6
2021-10-26 15:59:55,17047,17047,17047,4,4
2021-10-26 15:59:57,17046,17046,17046,2,-2
2021-10-26 16:00:07,17046,17046,17046,2,2
2021-10-26 16:00:08,17047,17047,17047,4,4
2021-10-26 16:00:08,17047,17047,17047,2,2
2021-10-26 16:00:08,17046,17046,17046,2,-2
2021-10-26 16:00:08,17046,17046,17046,2,2
2021-10-26 16:00:10,17047,17047,17047,2,2
2021-10-26 16:00:24,17046,17046,17046,2,-2
2021-10-26 16:00:24,17046,17046,17046,2,2
2021-10-26 16:00:55,17046,17046,17046,4,4
2021-10-26 16:01:06,17045,17045,17045,2,-2
2021-10-26 16:01:06,17045,17045,17045,2,2
2021-10-26 16:01:06,17045,17045,17045,2,2
2021-10-26 16:01:06,17045,17045,17045,2,2
2021-10-26 16:01:06,17045,17045,17045,2,2
2021-10-26 16:01:06,17045,17045,17045,2,2
2021-10-26 16:01:06,17045,17045,17045,2,2
2021-10-26 16:01:06,17045,17045,17045,2,2
2021-10-26 16:01:06,17045,17045,17045,4,4
2021-10-26 16:01:06,17045,17045,17045,2,2
2021-10-26 16:01:15,17044,17044,17044,2,-2
2021-10-26 16:01:15,17044,17044,17044,2,2
2021-10-26 16:01:15,17044,17044,17044,2,2
2021-10-26 16:01:21,17044,17044,17044,4,4
2021-10-26 16:01:22,17044,17044,17044,4,4
2021-10-26 16:01:22,17044,17044,17044,6,6
2021-10-26 16:01:22,17044,17044,17044,2,2
2021-10-26 16:01:22,17044,17044,17044,2,2
2021-10-26 16:01:22,17044,17044,17044,2,2
2021-10-26 16:01:22,17044,17044,17044,2,2
2021-10-26 16:01:22,17044,17044,17044,14,14
2021-10-26 16:01:22,17044,17044,17044,2,2
2021-10-26 16:01:22,17044,17044,17044,2,2
2021-10-26 16:01:22,17044,17044,17044,2,2
2021-10-26 16:01:22,17044,17044,17044,2,2
2021-10-26 16:01:22,17044,17044,17044,2,2
2021-10-26 16:01:22,17044,17044,17044,2,2
2021-10-26 16:01:25,17044,17044,17044,2,2
2021-10-26 16:01:25,17044,17044,17044,2,2
2021-10-26 16:01:26,17044,17044,17044,2,2
2021-10-26 16:01:31,17044,17044,17044,2,2
2021-10-26 16:01:31,17044,17044,17044,2,2
2021-10-26 16:01:32,17044,17044,17044,2,2
2021-10-26 16:01:38,17045,17045,17045,18,18
2021-10-26 16:01:38,17045,17045,17045,2,2
2021-10-26 16:01:38,17045,17045,17045,4,4
2021-10-26 16:01:38,17045,17045,17045,6,6
2021-10-26 16:01:38,17045,17045,17045,2,2
2021-10-26 16:01:38,17045,17045,17045,2,2
2021-10-26 16:01:40,17045,17045,17045,2,2
2021-10-26 16:01:41,17046,17046,17046,2,2
2021-10-26 16:01:41,17046,17046,17046,2,2
2021-10-26 16:01:41,17046,17046,17046,2,2
2021-10-26 16:01:43,17046,17046,17046,2,2
2021-10-26 16:01:53,17047,17047,17047,6,6
2021-10-26 16:01:53,17048,17048,17048,2,2
2021-10-26 16:01:58,17047,17047,17047,2,-2
2021-10-26 16:01:58,17046,17046,17046,2,-2
2021-10-26 16:02:21,17046,17046,17046,2,2
2021-10-26 16:02:21,17046,17046,17046,4,4
2021-10-26 16:02:22,17046,17046,17046,2,2
2021-10-26 16:02:22,17045,17045,17045,2,-2
2021-10-26 16:02:22,17045,17045,17045,2,2
2021-10-26 16:02:22,17045,17045,17045,2,2
2021-10-26 16:02:22,17045,17045,17045,2,2
2021-10-26 16:02:22,17045,17045,17045,2,2
2021-10-26 16:02:22,17045,17045,17045,2,2
2021-10-26 16:02:22,17045,17045,17045,2,2
2021-10-26 16:02:22,17045,17045,17045,4,4
2021-10-26 16:02:54,17045,17045,17045,2,2
2021-10-26 16:02:55,17046,17046,17046,2,2
2021-10-26 16:02:55,17046,17046,17046,2,2
2021-10-26 16:03:43,17046,17046,17046,2,2
2021-10-26 16:03:43,17046,17046,17046,2,2
2021-10-26 16:03:54,17046,17046,17046,2,2
2021-10-26 16:04:00,17046,17046,17046,4,4
2021-10-26 16:04:00,17046,17046,17046,2,2
2021-10-26 16:04:19,17046,17046,17046,4,4
2021-10-26 16:04:24,17046,17046,17046,4,4
2021-10-26 16:04:44,17046,17046,17046,2,2
2021-10-26 16:04:48,17045,17045,17045,2,-2
2021-10-26 16:04:48,17045,17045,17045,2,2
2021-10-26 16:04:52,17045,17045,17045,2,2
2021-10-26 16:04:52,17046,17046,17046,2,2
2021-10-26 16:04:55,17045,17045,17045,2,-2
2021-10-26 16:05:01,17045,17045,17045,2,2
2021-10-26 16:05:01,17045,17045,17045,2,2
2021-10-26 16:05:01,17046,17046,17046,4,4
2021-10-26 16:05:01,17046,17046,17046,2,2
2021-10-26 16:05:01,17047,17047,17047,2,2
2021-10-26 16:05:04,17045,17045,17045,2,-2
2021-10-26 16:05:04,17045,17045,17045,2,2
2021-10-26 16:05:09,17046,17046,17046,2,2
2021-10-26 16:05:09,17046,17046,17046,2,2
2021-10-26 16:05:09,17047,17047,17047,8,8
2021-10-26 16:05:10,17047,17047,17047,2,2
2021-10-26 16:05:10,17047,17047,17047,2,2
2021-10-26 16:05:11,17047,17047,17047,2,2
2021-10-26 16:05:28,17046,17046,17046,2,-2
2021-10-26 16:05:28,17046,17046,17046,2,2
2021-10-26 16:05:31,17046,17046,17046,2,2
2021-10-26 16:05:38,17045,17045,17045,2,-2
2021-10-26 16:05:39,17045,17045,17045,2,2
2021-10-26 16:05:39,17045,17045,17045,2,2
2021-10-26 16:05:59,17045,17045,17045,4,4
2021-10-26 16:06:29,17045,17045,17045,2,2
2021-10-26 16:06:53,17046,17046,17046,4,4
2021-10-26 16:07:03,17046,17046,17046,4,4
2021-10-26 16:07:09,17046,17046,17046,2,2
2021-10-26 16:07:10,17046,17046,17046,2,2
2021-10-26 16:07:17,17046,17046,17046,10,10
2021-10-26 16:07:28,17046,17046,17046,2,2
2021-10-26 16:07:33,17046,17046,17046,2,2
2021-10-26 16:08:02,17046,17046,17046,2,2
2021-10-26 16:08:03,17046,17046,17046,2,2
2021-10-26 16:08:10,17046,17046,17046,2,2
2021-10-26 16:08:30,17046,17046,17046,2,2
2021-10-26 16:08:31,17046,17046,17046,6,6
2021-10-26 16:08:40,17046,17046,17046,2,2
2021-10-26 16:08:45,17046,17046,17046,2,2
2021-10-26 16:08:45,17046,17046,17046,4,4
2021-10-26 16:08:45,17046,17046,17046,14,14
2021-10-26 16:08:45,17046,17046,17046,6,6
2021-10-26 16:08:50,17046,17046,17046,2,2
2021-10-26 16:09:06,17046,17046,17046,2,2
2021-10-26 16:09:07,17046,17046,17046,2,2
2021-10-26 16:09:07,17046,17046,17046,2,2
2021-10-26 16:09:09,17046,17046,17046,4,4
2021-10-26 16:09:09,17047,17047,17047,6,6
2021-10-26 16:09:26,17046,17046,17046,4,-4
2021-10-26 16:09:29,17045,17045,17045,4,-4
2021-10-26 16:09:29,17045,17045,17045,6,6
2021-10-26 16:09:29,17045,17045,17045,2,2
2021-10-26 16:09:29,17045,17045,17045,2,2
2021-10-26 16:09:29,17045,17045,17045,2,2
2021-10-26 16:09:29,17045,17045,17045,2,2
2021-10-26 16:09:29,17045,17045,17045,4,4
2021-10-26 16:09:29,17045,17045,17045,18,18
2021-10-26 16:09:29,17045,17045,17045,2,2
2021-10-26 16:09:29,17045,17045,17045,2,2
2021-10-26 16:09:29,17045,17045,17045,2,2
2021-10-26 16:09:30,17045,17045,17045,2,2
2021-10-26 16:09:31,17044,17044,17044,2,-2
2021-10-26 16:09:42,17045,17045,17045,2,2
2021-10-26 16:09:42,17045,17045,17045,2,2
2021-10-26 16:09:49,17045,17045,17045,2,2
2021-10-26 16:09:57,17045,17045,17045,2,2
2021-10-26 16:09:58,17045,17045,17045,2,2
2021-10-26 16:09:58,17046,17046,17046,6,6
2021-10-26 16:09:59,17046,17046,17046,8,8
2021-10-26 16:09:59,17047,17047,17047,2,2
2021-10-26 16:10:17,17046,17046,17046,4,-4
2021-10-26 16:10:29,17046,17046,17046,2,2
2021-10-26 16:10:38,17045,17045,17045,2,-2
2021-10-26 16:10:38,17045,17045,17045,2,2
2021-10-26 16:10:40,17046,17046,17046,2,2
2021-10-26 16:10:49,17045,17045,17045,2,-2
2021-10-26 16:10:56,17045,17045,17045,2,2
2021-10-26 16:11:01,17045,17045,17045,2,2
2021-10-26 16:11:12,17045,17045,17045,2,2
2021-10-26 16:11:20,17045,17045,17045,2,2
2021-10-26 16:11:33,17045,17045,17045,2,2
2021-10-26 16:12:13,17045,17045,17045,2,2
2021-10-26 16:12:13,17045,17045,17045,2,2
2021-10-26 16:12:32,17045,17045,17045,2,2
2021-10-26 16:12:38,17045,17045,17045,2,2
2021-10-26 16:12:43,17045,17045,17045,2,2
2021-10-26 16:12:46,17044,17044,17044,2,-2
2021-10-26 16:12:46,17044,17044,17044,2,2
2021-10-26 16:12:46,17044,17044,17044,8,8
2021-10-26 16:12:46,17044,17044,17044,2,2
2021-10-26 16:12:46,17044,17044,17044,2,2
2021-10-26 16:12:46,17044,17044,17044,2,2
2021-10-26 16:13:20,17044,17044,17044,2,2
2021-10-26 16:13:49,17044,17044,17044,2,2
2021-10-26 16:14:31,17044,17044,17044,2,2
2021-10-26 16:14:31,17045,17045,17045,4,4
2021-10-26 16:14:32,17044,17044,17044,4,-4
2021-10-26 16:14:46,17043,17043,17043,4,-4
2021-10-26 16:14:46,17043,17043,17043,2,2
2021-10-26 16:14:46,17043,17043,17043,2,2
2021-10-26 16:14:46,17043,17043,17043,10,10
2021-10-26 16:14:46,17043,17043,17043,2,2
2021-10-26 16:14:46,17043,17043,17043,2,2
2021-10-26 16:14:46,17043,17043,17043,2,2
2021-10-26 16:14:46,17043,17043,17043,2,2
2021-10-26 16:14:46,17043,17043,17043,2,2
2021-10-26 16:14:46,17045,17045,17045,2,2
2021-10-26 16:14:55,17045,17045,17045,2,2
2021-10-26 16:14:56,17044,17044,17044,2,-2
2021-10-26 16:14:56,17044,17044,17044,2,2
2021-10-26 16:15:26,17045,17045,17045,2,2
2021-10-26 16:16:01,17044,17044,17044,2,-2
2021-10-26 16:16:01,17044,17044,17044,2,2
2021-10-26 16:16:20,17045,17045,17045,4,4
2021-10-26 16:16:30,17044,17044,17044,2,-2
2021-10-26 16:16:52,17044,17044,17044,2,2
2021-10-26 16:16:52,17044,17044,17044,2,2
2021-10-26 16:16:52,17044,17044,17044,6,6
2021-10-26 16:16:58,17044,17044,17044,2,2
2021-10-26 16:16:59,17044,17044,17044,2,2
2021-10-26 16:17:09,17044,17044,17044,4,4
2021-10-26 16:17:19,17044,17044,17044,2,2
2021-10-26 16:17:19,17045,17045,17045,4,4
2021-10-26 16:17:33,17044,17044,17044,2,-2
2021-10-26 16:17:34,17045,17045,17045,2,2
2021-10-26 16:17:41,17044,17044,17044,2,-2
2021-10-26 16:17:45,17044,17044,17044,2,2
2021-10-26 16:17:53,17044,17044,17044,2,2
2021-10-26 16:18:41,17044,17044,17044,2,2
2021-10-26 16:18:41,17045,17045,17045,4,4
2021-10-26 16:18:59,17044,17044,17044,2,-2
2021-10-26 16:19:06,17045,17045,17045,6,6
2021-10-26 16:19:06,17045,17045,17045,2,2
2021-10-26 16:19:06,17045,17045,17045,10,10
2021-10-26 16:19:06,17046,17046,17046,2,2
2021-10-26 16:19:08,17046,17046,17046,4,4
2021-10-26 16:19:08,17046,17046,17046,10,10
2021-10-26 16:19:13,17046,17046,17046,2,2
2021-10-26 16:19:15,17046,17046,17046,2,2
2021-10-26 16:19:17,17046,17046,17046,2,2
2021-10-26 16:19:32,17046,17046,17046,2,2
2021-10-26 16:19:37,17046,17046,17046,4,4
2021-10-26 16:19:50,17045,17045,17045,2,-2
2021-10-26 16:19:50,17045,17045,17045,2,2
2021-10-26 16:20:19,17046,17046,17046,2,2
2021-10-26 16:20:19,17046,17046,17046,2,2
2021-10-26 16:20:21,17046,17046,17046,2,2
2021-10-26 16:20:23,17046,17046,17046,2,2
2021-10-26 16:20:24,17046,17046,17046,2,2
2021-10-26 16:20:25,17046,17046,17046,2,2
2021-10-26 16:20:36,17046,17046,17046,2,2
2021-10-26 16:20:39,17046,17046,17046,2,2
2021-10-26 16:20:39,17046,17046,17046,4,4
2021-10-26 16:20:46,17046,17046,17046,2,2
2021-10-26 16:20:53,17046,17046,17046,2,2
2021-10-26 16:20:53,17046,17046,17046,2,2
2021-10-26 16:20:53,17046,17046,17046,2,2
2021-10-26 16:21:10,17045,17045,17045,2,-2
2021-10-26 16:21:12,17046,17046,17046,2,2
2021-10-26 16:21:13,17047,17047,17047,4,4
2021-10-26 16:21:13,17047,17047,17047,4,4
2021-10-26 16:21:20,17047,17047,17047,2,2
2021-10-26 16:21:20,17047,17047,17047,4,4
2021-10-26 16:21:24,17047,17047,17047,2,2
2021-10-26 16:21:24,17047,17047,17047,12,12
2021-10-26 16:21:24,17047,17047,17047,10,10
2021-10-26 16:21:24,17047,17047,17047,8,8
2021-10-26 16:21:24,17047,17047,17047,2,2
2021-10-26 16:21:24,17047,17047,17047,2,2
2021-10-26 16:21:35,17048,17048,17048,2,2
2021-10-26 16:21:39,17048,17048,17048,2,2
2021-10-26 16:21:39,17048,17048,17048,2,2
2021-10-26 16:21:39,17048,17048,17048,2,2
2021-10-26 16:21:45,17047,17047,17047,2,-2
2021-10-26 16:21:51,17047,17047,17047,6,6
2021-10-26 16:21:51,17047,17047,17047,2,2
2021-10-26 16:21:51,17047,17047,17047,2,2
2021-10-26 16:21:51,17047,17047,17047,2,2
2021-10-26 16:21:54,17047,17047,17047,2,2
2021-10-26 16:21:55,17046,17046,17046,2,-2
2021-10-26 16:21:55,17046,17046,17046,2,2
2021-10-26 16:21:55,17046,17046,17046,2,2
2021-10-26 16:21:55,17046,17046,17046,4,4
2021-10-26 16:21:58,17046,17046,17046,2,2
2021-10-26 16:22:01,17046,17046,17046,2,2
2021-10-26 16:22:06,17046,17046,17046,2,2
2021-10-26 16:22:06,17046,17046,17046,2,2
2021-10-26 16:22:07,17047,17047,17047,2,2
2021-10-26 16:22:11,17047,17047,17047,2,2
2021-10-26 16:22:17,17046,17046,17046,2,-2
2021-10-26 16:22:17,17046,17046,17046,2,2
2021-10-26 16:22:17,17046,17046,17046,2,2
2021-10-26 16:22:17,17047,17047,17047,4,4
2021-10-26 16:22:17,17047,17047,17047,2,2
2021-10-26 16:22:17,17047,17047,17047,6,6
2021-10-26 16:22:18,17048,17048,17048,10,10
2021-10-26 16:22:18,17048,17048,17048,2,2
2021-10-26 16:22:28,17047,17047,17047,2,-2
2021-10-26 16:22:28,17047,17047,17047,2,2
2021-10-26 16:22:30,17047,17047,17047,4,4
2021-10-26 16:22:35,17047,17047,17047,2,2
2021-10-26 16:22:35,17046,17046,17046,2,-2
2021-10-26 16:22:35,17046,17046,17046,2,2
2021-10-26 16:22:51,17048,17048,17048,2,2
2021-10-26 16:22:55,17048,17048,17048,2,2
2021-10-26 16:22:55,17048,17048,17048,6,6
2021-10-26 16:22:55,17048,17048,17048,2,2
2021-10-26 16:22:55,17048,17048,17048,12,12
2021-10-26 16:22:55,17048,17048,17048,10,10
2021-10-26 16:22:55,17048,17048,17048,2,2
2021-10-26 16:22:55,17048,17048,17048,2,2
2021-10-26 16:22:55,17048,17048,17048,36,36
2021-10-26 16:22:56,17049,17049,17049,2,2
2021-10-26 16:22:56,17049,17049,17049,38,38
2021-10-26 16:22:56,17049,17049,17049,6,6
2021-10-26 16:22:56,17050,17050,17050,10,10
2021-10-26 16:22:56,17050,17050,17050,2,2
2021-10-26 16:22:56,17050,17050,17050,6,6
2021-10-26 16:22:56,17050,17050,17050,2,2
2021-10-26 16:22:56,17050,17050,17050,2,2
2021-10-26 16:22:56,17050,17050,17050,2,2
2021-10-26 16:22:56,17050,17050,17050,2,2
2021-10-26 16:22:56,17050,17050,17050,2,2
2021-10-26 16:22:56,17050,17050,17050,2,2
2021-10-26 16:22:56,17050,17050,17050,2,2
2021-10-26 16:22:56,17050,17050,17050,2,2
2021-10-26 16:22:56,17050,17050,17050,10,10
2021-10-26 16:22:56,17050,17050,17050,2,2
2021-10-26 16:22:56,17050,17050,17050,2,2
2021-10-26 16:22:57,17050,17050,17050,2,2
2021-10-26 16:22:58,17050,17050,17050,2,2
2021-10-26 16:22:59,17050,17050,17050,10,10
2021-10-26 16:23:04,17049,17049,17049,2,-2
2021-10-26 16:23:07,17050,17050,17050,4,4
2021-10-26 16:23:07,17050,17050,17050,2,2
2021-10-26 16:23:14,17050,17050,17050,2,2
2021-10-26 16:23:15,17049,17049,17049,2,-2
2021-10-26 16:23:15,17049,17049,17049,2,2
2021-10-26 16:23:15,17049,17049,17049,2,2
2021-10-26 16:23:15,17049,17049,17049,2,2
2021-10-26 16:23:23,17050,17050,17050,2,2
2021-10-26 16:23:28,17050,17050,17050,2,2
2021-10-26 16:23:33,17050,17050,17050,2,2
2021-10-26 16:23:40,17050,17050,17050,2,2
2021-10-26 16:23:40,17050,17050,17050,2,2
2021-10-26 16:23:41,17049,17049,17049,2,-2
2021-10-26 16:23:41,17050,17050,17050,2,2
2021-10-26 16:23:41,17050,17050,17050,4,4
2021-10-26 16:23:52,17050,17050,17050,6,6
2021-10-26 16:23:52,17050,17050,17050,10,10
2021-10-26 16:23:55,17050,17050,17050,10,10
2021-10-26 16:23:57,17050,17050,17050,2,2
2021-10-26 16:23:57,17049,17049,17049,2,-2
2021-10-26 16:23:57,17049,17049,17049,2,2
2021-10-26 16:23:59,17050,17050,17050,2,2
2021-10-26 16:24:00,17050,17050,17050,2,2
2021-10-26 16:24:01,17050,17050,17050,2,2
2021-10-26 16:24:01,17050,17050,17050,2,2
2021-10-26 16:24:01,17050,17050,17050,6,6
2021-10-26 16:24:01,17051,17051,17051,8,8
2021-10-26 16:24:01,17051,17051,17051,8,8
2021-10-26 16:24:01,17051,17051,17051,6,6
2021-10-26 16:24:04,17050,17050,17050,2,-2
2021-10-26 16:24:04,17051,17051,17051,2,2
2021-10-26 16:24:05,17050,17050,17050,2,-2
2021-10-26 16:24:07,17050,17050,17050,2,2
2021-10-26 16:24:08,17050,17050,17050,4,4
2021-10-26 16:24:09,17050,17050,17050,2,2
2021-10-26 16:24:11,17050,17050,17050,4,4
2021-10-26 16:24:13,17050,17050,17050,2,2
2021-10-26 16:24:18,17050,17050,17050,6,6
2021-10-26 16:24:20,17050,17050,17050,2,2
2021-10-26 16:24:20,17050,17050,17050,2,2
2021-10-26 16:24:20,17050,17050,17050,2,2
2021-10-26 16:24:20,17050,17050,17050,4,4
2021-10-26 16:24:22,17050,17050,17050,6,6
2021-10-26 16:24:26,17049,17049,17049,2,-2
2021-10-26 16:24:26,17049,17049,17049,2,2
2021-10-26 16:24:26,17049,17049,17049,2,2
2021-10-26 16:24:26,17049,17049,17049,2,2
2021-10-26 16:24:26,17049,17049,17049,2,2
2021-10-26 16:24:26,17049,17049,17049,6,6
2021-10-26 16:24:26,17049,17049,17049,4,4
2021-10-26 16:24:26,17049,17049,17049,2,2
2021-10-26 16:24:26,17049,17049,17049,2,2
2021-10-26 16:24:26,17049,17049,17049,8,8
2021-10-26 16:24:26,17049,17049,17049,2,2
2021-10-26 16:24:41,17049,17049,17049,2,2
2021-10-26 16:24:44,17049,17049,17049,2,2
2021-10-26 16:24:47,17049,17049,17049,6,6
2021-10-26 16:25:06,17048,17048,17048,2,-2
2021-10-26 16:25:06,17048,17048,17048,12,12
2021-10-26 16:25:06,17048,17048,17048,2,2
2021-10-26 16:25:06,17048,17048,17048,2,2
2021-10-26 16:25:06,17048,17048,17048,4,4
2021-10-26 16:25:06,17048,17048,17048,2,2
2021-10-26 16:25:15,17048,17048,17048,4,4
2021-10-26 16:25:15,17048,17048,17048,2,2
2021-10-26 16:25:15,17048,17048,17048,2,2
2021-10-26 16:25:19,17047,17047,17047,2,-2
2021-10-26 16:25:19,17047,17047,17047,2,2
2021-10-26 16:25:19,17047,17047,17047,2,2
2021-10-26 16:25:19,17047,17047,17047,2,2
2021-10-26 16:25:20,17046,17046,17046,2,-2
2021-10-26 16:25:29,17048,17048,17048,6,6
2021-10-26 16:25:29,17048,17048,17048,4,4
2021-10-26 16:25:30,17047,17047,17047,2,-2
2021-10-26 16:25:46,17047,17047,17047,2,2
2021-10-26 16:26:02,17046,17046,17046,2,-2
2021-10-26 16:26:07,17046,17046,17046,2,2
2021-10-26 16:26:11,17046,17046,17046,2,2
2021-10-26 16:26:11,17046,17046,17046,4,4
2021-10-26 16:26:11,17046,17046,17046,2,2
2021-10-26 16:26:11,17046,17046,17046,2,2
2021-10-26 16:26:14,17045,17045,17045,2,-2
2021-10-26 16:26:15,17045,17045,17045,2,2
2021-10-26 16:26:16,17045,17045,17045,2,2
2021-10-26 16:26:17,17045,17045,17045,2,2
2021-10-26 16:26:17,17045,17045,17045,2,2
2021-10-26 16:26:17,17045,17045,17045,2,2
2021-10-26 16:26:18,17045,17045,17045,2,2
2021-10-26 16:26:18,17045,17045,17045,2,2
2021-10-26 16:26:18,17045,17045,17045,2,2
2021-10-26 16:26:20,17045,17045,17045,2,2
2021-10-26 16:26:22,17045,17045,17045,2,2
2021-10-26 16:26:22,17045,17045,17045,2,2
2021-10-26 16:26:22,17045,17045,17045,2,2
2021-10-26 16:26:22,17045,17045,17045,2,2
2021-10-26 16:26:22,17045,17045,17045,2,2
2021-10-26 16:26:28,17045,17045,17045,2,2
2021-10-26 16:26:38,17045,17045,17045,2,2
2021-10-26 16:26:44,17045,17045,17045,2,2
2021-10-26 16:27:00,17046,17046,17046,4,4
2021-10-26 16:27:20,17045,17045,17045,2,-2
2021-10-26 16:28:01,17046,17046,17046,2,2
2021-10-26 16:28:01,17046,17046,17046,2,2
2021-10-26 16:28:01,17046,17046,17046,4,4
2021-10-26 16:28:17,17045,17045,17045,2,-2
2021-10-26 16:28:18,17045,17045,17045,2,2
2021-10-26 16:28:18,17045,17045,17045,2,2
2021-10-26 16:28:18,17045,17045,17045,4,4
2021-10-26 16:28:18,17045,17045,17045,10,10
2021-10-26 16:28:18,17045,17045,17045,4,4
2021-10-26 16:28:18,17045,17045,17045,2,2
2021-10-26 16:28:26,17044,17044,17044,2,-2
2021-10-26 16:28:26,17044,17044,17044,10,10
2021-10-26 16:28:26,17044,17044,17044,2,2
2021-10-26 16:28:26,17044,17044,17044,4,4
2021-10-26 16:28:26,17044,17044,17044,12,12
2021-10-26 16:28:26,17044,17044,17044,4,4
2021-10-26 16:28:26,17044,17044,17044,2,2
2021-10-26 16:28:26,17044,17044,17044,2,2
2021-10-26 16:28:26,17044,17044,17044,2,2
2021-10-26 16:28:26,17044,17044,17044,2,2
2021-10-26 16:28:26,17044,17044,17044,2,2
2021-10-26 16:28:26,17044,17044,17044,2,2
2021-10-26 16:28:30,17043,17043,17043,2,-2
2021-10-26 16:28:30,17043,17043,17043,2,2
2021-10-26 16:28:30,17043,17043,17043,2,2
2021-10-26 16:28:30,17043,17043,17043,2,2
2021-10-26 16:28:30,17043,17043,17043,2,2
2021-10-26 16:28:30,17043,17043,17043,2,2
2021-10-26 16:28:30,17043,17043,17043,2,2
2021-10-26 16:28:31,17042,17042,17042,2,-2
2021-10-26 16:28:31,17042,17042,17042,4,4
2021-10-26 16:28:33,17042,17042,17042,2,2
2021-10-26 16:28:37,17043,17043,17043,2,2
2021-10-26 16:28:43,17043,17043,17043,2,2
2021-10-26 16:28:49,17043,17043,17043,2,2
2021-10-26 16:28:49,17043,17043,17043,2,2
2021-10-26 16:28:49,17043,17043,17043,2,2
2021-10-26 16:28:49,17043,17043,17043,2,2
2021-10-26 16:28:49,17043,17043,17043,2,2
2021-10-26 16:28:57,17043,17043,17043,2,2
2021-10-26 16:28:57,17042,17042,17042,2,-2
2021-10-26 16:28:57,17042,17042,17042,6,6
2021-10-26 16:28:57,17042,17042,17042,2,2
2021-10-26 16:28:57,17042,17042,17042,2,2
2021-10-26 16:28:57,17042,17042,17042,2,2
2021-10-26 16:28:57,17042,17042,17042,2,2
2021-10-26 16:28:57,17042,17042,17042,2,2
2021-10-26 16:28:57,17042,17042,17042,2,2
2021-10-26 16:28:57,17042,17042,17042,2,2
2021-10-26 16:28:57,17042,17042,17042,2,2
2021-10-26 16:28:57,17042,17042,17042,2,2
2021-10-26 16:28:57,17042,17042,17042,2,2
2021-10-26 16:28:57,17042,17042,17042,4,4
2021-10-26 16:28:57,17042,17042,17042,2,2
2021-10-26 16:28:59,17041,17041,17041,2,-2
2021-10-26 16:28:59,17041,17041,17041,2,2
2021-10-26 16:28:59,17041,17041,17041,2,2
2021-10-26 16:28:59,17041,17041,17041,2,2
2021-10-26 16:29:03,17042,17042,17042,6,6
2021-10-26 16:29:03,17041,17041,17041,2,-2
2021-10-26 16:29:03,17042,17042,17042,2,2
2021-10-26 16:29:03,17042,17042,17042,2,2
2021-10-26 16:29:04,17042,17042,17042,2,2
2021-10-26 16:29:07,17041,17041,17041,6,-6
2021-10-26 16:29:07,17041,17041,17041,2,2
2021-10-26 16:29:09,17041,17041,17041,2,2
2021-10-26 16:29:11,17042,17042,17042,2,2
2021-10-26 16:29:15,17042,17042,17042,4,4
2021-10-26 16:29:18,17041,17041,17041,2,-2
2021-10-26 16:29:21,17041,17041,17041,2,2
2021-10-26 16:29:26,17041,17041,17041,6,6
2021-10-26 16:29:26,17041,17041,17041,2,2
2021-10-26 16:29:26,17041,17041,17041,2,2
2021-10-26 16:29:37,17041,17041,17041,2,2
2021-10-26 16:29:37,17041,17041,17041,2,2
2021-10-26 16:29:38,17041,17041,17041,2,2
2021-10-26 16:29:39,17041,17041,17041,2,2
2021-10-26 16:29:39,17041,17041,17041,4,4
2021-10-26 16:29:42,17041,17041,17041,2,2
2021-10-26 16:29:45,17040,17040,17040,2,-2
2021-10-26 16:29:45,17040,17040,17040,2,2
2021-10-26 16:29:45,17040,17040,17040,2,2
2021-10-26 16:29:45,17040,17040,17040,2,2
2021-10-26 16:29:45,17040,17040,17040,2,2
2021-10-26 16:29:45,17040,17040,17040,2,2
2021-10-26 16:29:47,17041,17041,17041,2,2
2021-10-26 16:29:47,17041,17041,17041,2,2
2021-10-26 16:29:53,17041,17041,17041,2,2
2021-10-26 16:29:53,17041,17041,17041,2,2
2021-10-26 16:29:53,17041,17041,17041,2,2
2021-10-26 16:29:53,17041,17041,17041,2,2
2021-10-26 16:29:53,17040,17040,17040,2,-2
2021-10-26 16:30:07,17041,17041,17041,2,2
2021-10-26 16:30:07,17041,17041,17041,2,2
2021-10-26 16:30:07,17041,17041,17041,2,2
2021-10-26 16:30:08,17042,17042,17042,2,2
2021-10-26 16:30:08,17041,17041,17041,2,-2
2021-10-26 16:30:08,17041,17041,17041,2,2
2021-10-26 16:30:12,17040,17040,17040,2,-2
2021-10-26 16:30:12,17040,17040,17040,2,2
2021-10-26 16:30:12,17040,17040,17040,2,2
2021-10-26 16:30:12,17040,17040,17040,2,2
2021-10-26 16:30:12,17040,17040,17040,2,2
2021-10-26 16:30:12,17040,17040,17040,6,6
2021-10-26 16:30:12,17040,17040,17040,2,2
2021-10-26 16:30:12,17040,17040,17040,2,2
2021-10-26 16:30:12,17040,17040,17040,2,2
2021-10-26 16:30:15,17040,17040,17040,2,2
2021-10-26 16:30:21,17040,17040,17040,2,2
2021-10-26 16:30:26,17040,17040,17040,2,2
2021-10-26 16:30:31,17040,17040,17040,2,2
2021-10-26 16:30:39,17040,17040,17040,2,2
2021-10-26 16:30:39,17040,17040,17040,2,2
2021-10-26 16:30:46,17040,17040,17040,2,2
2021-10-26 16:30:53,17041,17041,17041,10,10
2021-10-26 16:31:15,17041,17041,17041,2,2
2021-10-26 16:31:17,17040,17040,17040,10,-10
2021-10-26 16:31:22,17039,17039,17039,2,-2
2021-10-26 16:31:22,17039,17039,17039,2,2
2021-10-26 16:31:22,17039,17039,17039,4,4
2021-10-26 16:31:22,17039,17039,17039,2,2
2021-10-26 16:31:22,17039,17039,17039,2,2
2021-10-26 16:31:22,17039,17039,17039,2,2
2021-10-26 16:31:22,17039,17039,17039,2,2
2021-10-26 16:31:22,17039,17039,17039,2,2
2021-10-26 16:31:22,17039,17039,17039,2,2
2021-10-26 16:31:22,17039,17039,17039,2,2
2021-10-26 16:31:22,17039,17039,17039,2,2
2021-10-26 16:31:22,17038,17038,17038,2,-2
2021-10-26 16:31:23,17038,17038,17038,2,2
2021-10-26 16:31:23,17038,17038,17038,2,2
2021-10-26 16:31:25,17039,17039,17039,2,2
2021-10-26 16:31:36,17038,17038,17038,2,-2
2021-10-26 16:31:43,17039,17039,17039,4,4
2021-10-26 16:31:43,17039,17039,17039,4,4
2021-10-26 16:31:46,17040,17040,17040,6,6
2021-10-26 16:31:48,17039,17039,17039,2,-2
2021-10-26 16:31:49,17039,17039,17039,2,2
2021-10-26 16:32:02,17040,17040,17040,2,2
2021-10-26 16:32:29,17039,17039,17039,2,-2
2021-10-26 16:32:29,17039,17039,17039,2,2
2021-10-26 16:32:37,17039,17039,17039,2,2
2021-10-26 16:32:37,17040,17040,17040,2,2
2021-10-26 16:32:40,17038,17038,17038,2,-2
2021-10-26 16:32:47,17038,17038,17038,2,2
2021-10-26 16:32:47,17038,17038,17038,2,2
2021-10-26 16:32:54,17038,17038,17038,4,4
2021-10-26 16:32:56,17038,17038,17038,2,2
2021-10-26 16:33:02,17038,17038,17038,2,2
2021-10-26 16:33:04,17038,17038,17038,2,2
2021-10-26 16:33:07,17038,17038,17038,2,2
2021-10-26 16:33:10,17038,17038,17038,2,2
2021-10-26 16:33:10,17038,17038,17038,2,2
2021-10-26 16:33:11,17039,17039,17039,2,2
2021-10-26 16:33:19,17039,17039,17039,2,2
2021-10-26 16:33:31,17037,17037,17037,2,-2
2021-10-26 16:33:31,17037,17037,17037,2,2
2021-10-26 16:33:31,17037,17037,17037,2,2
2021-10-26 16:33:31,17037,17037,17037,2,2
2021-10-26 16:33:31,17037,17037,17037,6,6
2021-10-26 16:33:31,17037,17037,17037,2,2
2021-10-26 16:33:31,17037,17037,17037,2,2
2021-10-26 16:33:31,17037,17037,17037,2,2
2021-10-26 16:33:31,17037,17037,17037,2,2
2021-10-26 16:33:31,17037,17037,17037,2,2
2021-10-26 16:33:31,17037,17037,17037,2,2
2021-10-26 16:33:31,17036,17036,17036,4,-4
2021-10-26 16:33:31,17036,17036,17036,2,2
2021-10-26 16:33:35,17036,17036,17036,2,2
2021-10-26 16:33:36,17036,17036,17036,2,2
2021-10-26 16:33:38,17036,17036,17036,2,2
2021-10-26 16:33:38,17036,17036,17036,2,2
2021-10-26 16:33:53,17037,17037,17037,2,2
2021-10-26 16:33:53,17037,17037,17037,2,2
2021-10-26 16:33:53,17037,17037,17037,2,2
2021-10-26 16:33:55,17037,17037,17037,2,2
2021-10-26 16:34:01,17037,17037,17037,2,2
2021-10-26 16:34:01,17036,17036,17036,2,-2
2021-10-26 16:34:01,17036,17036,17036,2,2
2021-10-26 16:34:01,17036,17036,17036,6,6
2021-10-26 16:34:01,17036,17036,17036,2,2
2021-10-26 16:34:01,17036,17036,17036,2,2
2021-10-26 16:34:01,17036,17036,17036,4,4
2021-10-26 16:34:01,17036,17036,17036,2,2
2021-10-26 16:34:01,17036,17036,17036,2,2
2021-10-26 16:34:13,17036,17036,17036,2,2
2021-10-26 16:34:13,17036,17036,17036,2,2
2021-10-26 16:34:18,17036,17036,17036,2,2
2021-10-26 16:34:20,17036,17036,17036,2,2
2021-10-26 16:34:23,17036,17036,17036,14,14
2021-10-26 16:34:36,17036,17036,17036,2,2
2021-10-26 16:34:36,17036,17036,17036,2,2
2021-10-26 16:34:50,17036,17036,17036,2,2
2021-10-26 16:34:50,17036,17036,17036,2,2
2021-10-26 16:34:58,17036,17036,17036,2,2
2021-10-26 16:35:02,17036,17036,17036,2,2
2021-10-26 16:35:02,17036,17036,17036,2,2
2021-10-26 16:35:02,17036,17036,17036,2,2
2021-10-26 16:35:02,17036,17036,17036,2,2
