2019-09-16 15:00:00.089,10885,10886,10887,46,46
2019-09-16 15:00:00.091,10886,10887,10886,5,-5
2019-09-16 15:00:00.114,10886,10887,10886,1,-1
2019-09-16 15:00:00.142,10886,10887,10886,2,-2
2019-09-16 15:00:00.173,10886,10887,10887,3,3
2019-09-16 15:00:00.173,10886,10887,10887,3,3
2019-09-16 15:00:00.229,10886,10887,10887,5,5
2019-09-16 15:00:00.260,10886,10887,10887,2,2
2019-09-16 15:00:00.261,10886,10887,10887,2,2
2019-09-16 15:00:00.262,10886,10887,10887,1,1
2019-09-16 15:00:00.289,10886,10887,10887,1,1
2019-09-16 15:00:00.305,10886,10887,10887,1,1
2019-09-16 15:00:00.328,10886,10887,10887,1,1
2019-09-16 15:00:00.344,10886,10887,10887,10,10
2019-09-16 15:00:00.345,10886,10887,10887,3,3
2019-09-16 15:00:00.454,10886,10887,10887,1,1
2019-09-16 15:00:00.468,10886,10887,10887,5,5
2019-09-16 15:00:00.507,10886,10887,10887,5,5
2019-09-16 15:00:00.536,10886,10887,10887,8,8
2019-09-16 15:00:00.570,10886,10887,10888,16,16
2019-09-16 15:00:00.762,10887,10889,10889,1,1
2019-09-16 15:00:00.888,10887,10889,10889,1,1
2019-09-16 15:00:00.901,10887,10889,10887,1,-1
2019-09-16 15:00:00.988,10887,10889,10889,1,1
2019-09-16 15:00:01.001,10887,10889,10887,1,-1
2019-09-16 15:00:01.128,10887,10889,10889,1,1
2019-09-16 15:00:01.209,10887,10889,10887,4,-4
2019-09-16 15:00:01.288,10887,10889,10887,2,-2
2019-09-16 15:00:01.306,10887,10889,10887,1,-1
2019-09-16 15:00:01.353,10887,10889,10887,2,-2
2019-09-16 15:00:01.521,10888,10889,10888,1,1
2019-09-16 15:00:01.522,10888,10889,10888,2,-2
2019-09-16 15:00:01.525,10888,10889,10888,2,-2
2019-09-16 15:00:01.543,10888,10889,10888,2,-2
2019-09-16 15:00:01.543,10888,10889,10889,7,7
2019-09-16 15:00:01.852,10888,10889,10888,1,-1
2019-09-16 15:00:02.163,10888,10889,10888,1,-1
2019-09-16 15:00:03.342,10888,10889,10889,15,15
2019-09-16 15:00:03.765,10889,10890,10889,1,-1
2019-09-16 15:00:04.929,10889,10890,10890,1,1
2019-09-16 15:00:05.189,10889,10890,10890,1,1
2019-09-16 15:00:05.240,10889,10890,10890,1,1
2019-09-16 15:00:05.810,10889,10890,10889,2,-2
2019-09-16 15:00:05.849,10889,10890,10890,2,2
2019-09-16 15:00:06.116,10889,10890,10890,2,2
2019-09-16 15:00:06.294,10889,10890,10890,2,2
2019-09-16 15:00:06.369,10889,10890,10890,1,1
2019-09-16 15:00:06.437,10889,10890,10890,2,2
2019-09-16 15:00:07.171,10889,10890,10890,2,2
2019-09-16 15:00:07.377,10889,10890,10890,2,2
2019-09-16 15:00:07.479,10889,10890,10889,1,-1
2019-09-16 15:00:07.552,10889,10890,10890,2,2
2019-09-16 15:00:07.635,10889,10890,10890,6,6
2019-09-16 15:00:07.635,10889,10890,10890,2,2
2019-09-16 15:00:07.653,10889,10890,10890,1,1
2019-09-16 15:00:08.405,10890,10891,10891,14,14
2019-09-16 15:00:09.002,10890,10891,10890,1,-1
2019-09-16 15:00:09.012,10890,10891,10891,2,2
2019-09-16 15:00:09.012,10890,10891,10892,3,3
2019-09-16 15:00:09.208,10890,10892,10891,1,-1
2019-09-16 15:00:09.208,10890,10892,10892,1,1
2019-09-16 15:00:09.334,10890,10892,10892,5,5
2019-09-16 15:00:09.398,10890,10892,10890,2,-2
2019-09-16 15:00:10.485,10891,10892,10891,1,1
2019-09-16 15:00:10.651,10891,10892,10891,1,-1
2019-09-16 15:00:10.899,10891,10892,10891,1,-1
2019-09-16 15:00:11.231,10891,10892,10891,1,-1
2019-09-16 15:00:11.237,10891,10892,10891,1,-1
2019-09-16 15:00:11.450,10891,10893,10893,1,1
2019-09-16 15:00:11.928,10891,10893,10893,5,5
2019-09-16 15:00:12.213,10891,10893,10893,5,5
2019-09-16 15:00:12.459,10892,10894,10892,1,-1
2019-09-16 15:00:12.873,10892,10894,10892,1,-1
2019-09-16 15:00:13.088,10892,10893,10892,2,-2
2019-09-16 15:00:13.365,10891,10892,10892,1,1
2019-09-16 15:00:13.465,10891,10892,10892,2,2
2019-09-16 15:00:14.404,10891,10892,10892,1,1
2019-09-16 15:00:15.308,10891,10892,10892,1,1
2019-09-16 15:00:15.308,10891,10892,10893,9,9
2019-09-16 15:00:15.523,10891,10892,10892,1,1
2019-09-16 15:00:15.912,10891,10892,10891,1,-1
2019-09-16 15:00:16.085,10891,10892,10892,1,1
2019-09-16 15:00:16.150,10891,10892,10892,1,1
2019-09-16 15:00:17.396,10891,10892,10891,1,-1
2019-09-16 15:00:17.405,10891,10892,10892,2,2
2019-09-16 15:00:17.427,10891,10892,10891,1,-1
2019-09-16 15:00:19.998,10891,10892,10891,6,-6
2019-09-16 15:00:20.010,10891,10892,10891,1,-1
2019-09-16 15:00:22.071,10890,10891,10891,1,1
2019-09-16 15:00:22.102,10890,10891,10891,3,3
2019-09-16 15:00:22.133,10890,10891,10891,1,1
2019-09-16 15:00:22.187,10890,10891,10891,1,1
2019-09-16 15:00:22.313,10890,10891,10891,5,5
2019-09-16 15:00:22.321,10890,10891,10891,1,1
2019-09-16 15:00:22.571,10890,10891,10891,3,3
2019-09-16 15:00:22.571,10890,10891,10892,2,2
2019-09-16 15:00:22.854,10890,10891,10891,1,1
2019-09-16 15:00:23.078,10890,10892,10892,1,1
2019-09-16 15:00:23.219,10890,10892,10892,1,1
2019-09-16 15:00:23.471,10890,10892,10892,1,1
2019-09-16 15:00:23.559,10890,10892,10892,1,1
2019-09-16 15:00:24.953,10890,10891,10891,1,1
2019-09-16 15:00:25.300,10890,10892,10890,1,-1
2019-09-16 15:00:25.919,10890,10892,10892,5,5
2019-09-16 15:00:26.249,10890,10891,10891,1,1
2019-09-16 15:00:26.249,10890,10891,10892,4,4
2019-09-16 15:00:27.662,10891,10892,10892,2,2
2019-09-16 15:00:27.779,10891,10892,10892,1,1
2019-09-16 15:00:27.922,10892,10893,10892,1,-1
2019-09-16 15:00:28.308,10892,10893,10893,9,9
2019-09-16 15:00:28.388,10893,10894,10894,1,1
2019-09-16 15:00:28.741,10893,10894,10893,1,-1
2019-09-16 15:00:28.773,10893,10894,10893,1,-1
2019-09-16 15:00:28.906,10893,10894,10893,1,-1
2019-09-16 15:00:29.281,10893,10894,10893,1,-1
2019-09-16 15:00:29.768,10893,10894,10893,1,-1
2019-09-16 15:00:30.027,10893,10894,10893,1,-1
2019-09-16 15:00:30.036,10893,10894,10894,1,1
2019-09-16 15:00:30.427,10893,10894,10893,4,-4
2019-09-16 15:00:31.349,10893,10894,10893,1,-1
2019-09-16 15:00:31.447,10893,10894,10893,1,-1
2019-09-16 15:00:31.904,10893,10894,10893,1,-1
2019-09-16 15:00:33.311,10893,10894,10894,15,15
2019-09-16 15:00:33.376,10893,10894,10895,1,1
2019-09-16 15:00:33.496,10893,10895,10895,1,1
2019-09-16 15:00:33.498,10893,10895,10895,2,2
2019-09-16 15:00:33.534,10893,10895,10895,1,1
2019-09-16 15:00:34.919,10894,10895,10894,1,-1
2019-09-16 15:00:35.219,10894,10895,10894,1,-1
2019-09-16 15:00:35.385,10894,10895,10895,2,2
2019-09-16 15:00:35.611,10895,10896,10895,1,-1
2019-09-16 15:00:36.000,10895,10896,10895,1,-1
2019-09-16 15:00:37.823,10895,10896,10895,2,-2
2019-09-16 15:00:40.253,10895,10896,10895,1,-1
2019-09-16 15:00:40.343,10895,10896,10895,1,-1
2019-09-16 15:00:40.981,10895,10896,10895,1,-1
2019-09-16 15:00:42.052,10895,10896,10895,1,-1
2019-09-16 15:00:42.216,10895,10896,10896,2,2
2019-09-16 15:00:42.957,10895,10896,10896,1,1
2019-09-16 15:00:44.478,10895,10896,10895,7,-7
2019-09-16 15:00:45.038,10894,10895,10895,2,2
2019-09-16 15:00:45.204,10894,10895,10894,1,-1
2019-09-16 15:00:46.693,10894,10895,10894,5,-5
2019-09-16 15:00:46.760,10894,10895,10894,4,-4
2019-09-16 15:00:47.012,10893,10894,10894,15,15
2019-09-16 15:00:47.012,10893,10894,10895,5,5
2019-09-16 15:00:47.270,10893,10895,10893,2,-2
2019-09-16 15:00:51.553,10893,10894,10893,1,-1
2019-09-16 15:00:52.850,10893,10894,10893,1,-1
2019-09-16 15:00:53.734,10893,10894,10893,1,-1
2019-09-16 15:00:58.148,10893,10894,10893,1,-1
2019-09-16 15:00:59.346,10893,10894,10893,2,-2
2019-09-16 15:00:59.410,10893,10894,10894,2,2
2019-09-16 15:01:00.113,10893,10894,10894,6,6
2019-09-16 15:01:00.130,10893,10894,10894,1,1
2019-09-16 15:01:00.524,10893,10894,10893,1,-1
2019-09-16 15:01:01.956,10893,10894,10893,1,-1
2019-09-16 15:01:02.351,10893,10894,10893,1,-1
2019-09-16 15:01:02.414,10893,10894,10894,2,2
2019-09-16 15:01:02.414,10893,10894,10894,2,2
2019-09-16 15:01:02.415,10893,10894,10894,2,2
2019-09-16 15:01:02.522,10893,10894,10894,1,1
2019-09-16 15:01:02.523,10893,10894,10894,1,1
2019-09-16 15:01:02.736,10893,10894,10893,5,-5
2019-09-16 15:01:03.510,10893,10894,10894,5,5
2019-09-16 15:01:03.725,10894,10895,10894,1,-1
2019-09-16 15:01:04.010,10894,10895,10894,1,-1
2019-09-16 15:01:04.295,10894,10895,10894,2,-2
2019-09-16 15:01:04.785,10894,10895,10894,5,-5
2019-09-16 15:01:05.503,10894,10895,10894,2,-2
2019-09-16 15:01:05.776,10894,10895,10894,1,-1
2019-09-16 15:01:05.968,10894,10895,10894,1,-1
2019-09-16 15:01:08.957,10894,10895,10894,3,-3
2019-09-16 15:01:09.166,10894,10895,10894,5,-5
2019-09-16 15:01:09.427,10893,10894,10894,1,1
2019-09-16 15:01:10.247,10893,10894,10894,2,2
2019-09-16 15:01:10.739,10893,10894,10893,1,-1
2019-09-16 15:01:11.246,10893,10894,10893,1,-1
2019-09-16 15:01:11.604,10893,10894,10894,2,2
2019-09-16 15:01:12.136,10893,10894,10894,2,2
2019-09-16 15:01:12.246,10893,10894,10894,1,1
2019-09-16 15:01:13.199,10893,10894,10893,11,-11
2019-09-16 15:01:13.260,10893,10894,10893,15,-15
2019-09-16 15:01:13.260,10893,10894,10893,1,-1
2019-09-16 15:01:13.517,10892,10893,10893,1,1
2019-09-16 15:01:14.947,10892,10893,10893,1,1
2019-09-16 15:01:15.435,10892,10893,10893,7,7
2019-09-16 15:01:15.435,10892,10893,10894,8,8
2019-09-16 15:01:15.900,10893,10894,10894,1,1
2019-09-16 15:01:16.295,10893,10894,10893,1,-1
2019-09-16 15:01:19.545,10892,10894,10892,1,-1
2019-09-16 15:01:20.034,10893,10894,10893,1,1
2019-09-16 15:01:20.761,10892,10894,10894,1,1
2019-09-16 15:01:24.969,10892,10893,10892,1,-1
2019-09-16 15:01:25.653,10892,10893,10893,2,2
2019-09-16 15:01:27.287,10892,10893,10892,10,-10
2019-09-16 15:01:28.200,10891,10892,10891,1,-1
2019-09-16 15:01:28.620,10891,10892,10892,2,2
2019-09-16 15:01:30.030,10892,10893,10892,1,-1
2019-09-16 15:01:30.801,10892,10893,10892,1,-1
2019-09-16 15:01:30.986,10892,10893,10893,4,4
2019-09-16 15:01:33.669,10892,10893,10893,1,1
2019-09-16 15:01:35.856,10892,10893,10893,4,4
2019-09-16 15:01:36.520,10892,10893,10893,2,2
2019-09-16 15:01:39.576,10892,10893,10893,1,1
2019-09-16 15:01:40.013,10892,10893,10893,4,4
2019-09-16 15:01:41.687,10892,10893,10893,6,6
2019-09-16 15:01:41.896,10893,10894,10893,2,-2
2019-09-16 15:01:41.896,10893,10894,10892,3,-3
2019-09-16 15:01:43.795,10892,10893,10892,12,-12
2019-09-16 15:01:45.200,10892,10893,10893,4,4
2019-09-16 15:01:46.507,10892,10893,10892,1,-1
2019-09-16 15:01:52.385,10892,10893,10893,5,5
2019-09-16 15:01:54.094,10892,10894,10892,2,-2
2019-09-16 15:01:57.253,10892,10894,10892,2,-2
2019-09-16 15:01:58.808,10892,10894,10893,1,1
2019-09-16 15:02:00.123,10892,10893,10893,3,3
2019-09-16 15:02:00.123,10892,10893,10893,1,1
2019-09-16 15:02:00.123,10892,10893,10893,1,1
2019-09-16 15:02:00.479,10893,10894,10893,1,-1
2019-09-16 15:02:00.597,10892,10894,10894,4,4
2019-09-16 15:02:00.737,10893,10894,10894,4,4
2019-09-16 15:02:00.755,10893,10894,10893,2,-2
2019-09-16 15:02:08.614,10892,10893,10892,1,-1
2019-09-16 15:02:08.674,10892,10893,10893,2,2
2019-09-16 15:02:09.378,10892,10893,10893,1,1
2019-09-16 15:02:10.690,10892,10893,10893,8,8
2019-09-16 15:02:15.167,10892,10893,10892,2,-2
2019-09-16 15:02:15.167,10892,10893,10891,1,-1
2019-09-16 15:02:16.482,10891,10893,10891,1,-1
2019-09-16 15:02:16.856,10891,10893,10891,1,-1
2019-09-16 15:02:18.835,10891,10893,10891,1,-1
2019-09-16 15:02:19.608,10891,10893,10891,1,-1
2019-09-16 15:02:19.885,10891,10893,10891,5,-5
2019-09-16 15:02:20.430,10891,10893,10891,1,-1
2019-09-16 15:02:27.788,10891,10892,10892,6,6
2019-09-16 15:02:28.574,10892,10893,10892,1,-1
2019-09-16 15:02:29.678,10892,10893,10892,1,-1
2019-09-16 15:02:35.352,10892,10893,10893,3,3
2019-09-16 15:02:36.121,10892,10893,10893,1,1
2019-09-16 15:02:36.236,10892,10894,10894,2,2
2019-09-16 15:02:37.732,10893,10894,10893,1,-1
2019-09-16 15:02:38.385,10893,10894,10893,1,-1
2019-09-16 15:02:40.081,10892,10894,10892,1,-1
2019-09-16 15:02:41.802,10893,10894,10894,28,28
2019-09-16 15:02:42.237,10894,10895,10894,1,-1
2019-09-16 15:02:42.301,10894,10895,10895,1,1
2019-09-16 15:02:43.220,10893,10895,10893,1,-1
2019-09-16 15:02:44.810,10893,10894,10894,1,1
2019-09-16 15:02:53.408,10894,10895,10895,44,44
2019-09-16 15:02:56.769,10895,10896,10895,2,-2
2019-09-16 15:02:57.190,10894,10896,10896,1,1
2019-09-16 15:02:59.703,10895,10896,10895,1,-1
2019-09-16 15:03:00.033,10895,10896,10896,31,31
2019-09-16 15:03:00.131,10895,10896,10895,1,-1
2019-09-16 15:03:00.320,10896,10897,10897,5,5
2019-09-16 15:03:00.392,10896,10897,10897,3,3
2019-09-16 15:03:00.565,10896,10897,10897,2,2
2019-09-16 15:03:00.711,10896,10897,10897,6,6
2019-09-16 15:03:02.619,10896,10897,10896,1,-1
2019-09-16 15:03:02.942,10896,10897,10896,9,-9
2019-09-16 15:03:05.125,10896,10897,10896,2,-2
2019-09-16 15:03:07.088,10895,10896,10896,1,1
2019-09-16 15:03:07.409,10895,10896,10896,3,3
2019-09-16 15:03:13.385,10895,10896,10895,4,-4
2019-09-16 15:03:15.827,10894,10895,10895,1,1
2019-09-16 15:03:17.486,10894,10895,10895,1,1
2019-09-16 15:03:17.549,10894,10895,10895,5,5
2019-09-16 15:03:17.994,10894,10896,10896,1,1
2019-09-16 15:03:18.985,10895,10896,10895,1,-1
2019-09-16 15:03:19.162,10894,10896,10894,2,-2
2019-09-16 15:03:19.421,10894,10896,10896,5,5
2019-09-16 15:03:19.837,10895,10896,10896,5,5
2019-09-16 15:03:19.938,10895,10896,10896,1,1
2019-09-16 15:03:21.728,10895,10896,10896,1,1
2019-09-16 15:03:22.468,10895,10896,10896,1,1
2019-09-16 15:03:22.510,10895,10896,10896,3,3
2019-09-16 15:03:24.371,10895,10897,10895,1,-1
2019-09-16 15:03:24.890,10895,10896,10896,1,1
2019-09-16 15:03:27.039,10895,10896,10896,1,1
2019-09-16 15:03:27.703,10895,10896,10895,1,-1
2019-09-16 15:03:28.959,10895,10896,10896,1,1
2019-09-16 15:03:30.389,10895,10896,10896,1,1
2019-09-16 15:03:30.587,10895,10896,10896,1,1
2019-09-16 15:03:32.197,10895,10896,10896,1,1
2019-09-16 15:03:33.463,10895,10896,10896,1,1
2019-09-16 15:03:35.363,10895,10896,10895,1,-1
2019-09-16 15:03:35.745,10895,10896,10896,1,1
2019-09-16 15:03:38.484,10895,10896,10895,1,-1
2019-09-16 15:03:38.803,10895,10896,10896,1,1
2019-09-16 15:03:39.579,10895,10896,10896,1,1
2019-09-16 15:03:40.773,10895,10896,10896,1,1
2019-09-16 15:03:41.350,10895,10896,10896,1,1
2019-09-16 15:03:41.476,10895,10896,10896,1,1
2019-09-16 15:03:41.603,10895,10896,10896,1,1
2019-09-16 15:03:42.390,10896,10897,10896,1,-1
2019-09-16 15:03:42.770,10895,10897,10897,1,1
2019-09-16 15:03:44.256,10895,10896,10896,1,1
2019-09-16 15:03:45.554,10895,10896,10896,1,1
2019-09-16 15:03:47.008,10896,10897,10896,15,-15
2019-09-16 15:03:47.010,10896,10897,10896,2,-2
2019-09-16 15:03:47.604,10895,10896,10896,5,5
2019-09-16 15:03:47.716,10895,10897,10896,1,-1
2019-09-16 15:03:48.083,10895,10897,10896,1,-1
2019-09-16 15:03:48.083,10895,10897,10897,4,4
2019-09-16 15:03:49.479,10896,10897,10897,3,3
2019-09-16 15:03:50.479,10896,10897,10896,1,-1
2019-09-16 15:03:50.830,10896,10897,10896,1,-1
2019-09-16 15:03:51.563,10896,10897,10896,1,-1
2019-09-16 15:03:52.914,10895,10896,10896,4,4
2019-09-16 15:03:56.538,10896,10897,10896,1,-1
2019-09-16 15:03:57.035,10895,10896,10896,1,1
2019-09-16 15:03:57.484,10896,10897,10896,1,-1
2019-09-16 15:03:59.488,10895,10896,10896,1,1
2019-09-16 15:04:00.133,10895,10896,10896,1,1
2019-09-16 15:04:00.714,10895,10897,10897,4,4
2019-09-16 15:04:03.078,10895,10896,10895,6,-6
2019-09-16 15:04:05.526,10895,10896,10896,2,2
2019-09-16 15:04:11.489,10895,10896,10896,1,1
2019-09-16 15:04:13.976,10895,10896,10896,1,1
2019-09-16 15:04:16.531,10895,10896,10896,1,1
2019-09-16 15:04:18.716,10895,10896,10896,4,4
2019-09-16 15:04:19.726,10895,10896,10895,1,-1
2019-09-16 15:04:21.585,10895,10896,10896,2,2
2019-09-16 15:04:23.488,10895,10896,10895,1,-1
2019-09-16 15:04:27.354,10895,10896,10896,2,2
2019-09-16 15:04:29.059,10895,10896,10895,1,-1
2019-09-16 15:04:45.036,10895,10896,10895,1,-1
2019-09-16 15:04:45.736,10895,10896,10895,1,-1
2019-09-16 15:04:49.979,10895,10896,10895,1,-1
2019-09-16 15:04:51.758,10895,10896,10895,1,-1
2019-09-16 15:04:52.766,10895,10896,10895,1,-1
2019-09-16 15:04:53.169,10895,10896,10895,15,-15
2019-09-16 15:04:55.327,10895,10896,10896,1,1
2019-09-16 15:04:58.459,10895,10896,10896,1,1
2019-09-16 15:05:00.465,10895,10896,10896,13,13
2019-09-16 15:05:01.431,10896,10897,10897,6,6
2019-09-16 15:05:01.448,10896,10897,10897,17,17
2019-09-16 15:05:01.510,10896,10897,10897,3,3
2019-09-16 15:05:02.586,10896,10897,10897,1,1
2019-09-16 15:05:02.612,10896,10897,10898,1,1
2019-09-16 15:05:02.769,10896,10898,10898,1,1
2019-09-16 15:05:02.779,10896,10898,10896,1,-1
2019-09-16 15:05:02.919,10896,10898,10898,2,2
2019-09-16 15:05:04.263,10896,10898,10898,1,1
2019-09-16 15:05:04.783,10896,10898,10896,8,-8
2019-09-16 15:05:04.849,10896,10898,10897,1,1
2019-09-16 15:05:06.463,10896,10897,10896,1,-1
2019-09-16 15:05:07.883,10895,10896,10896,1,1
2019-09-16 15:05:08.012,10895,10897,10895,2,-2
2019-09-16 15:05:12.084,10895,10896,10896,2,2
2019-09-16 15:05:17.135,10895,10896,10895,4,-4
2019-09-16 15:05:17.260,10895,10896,10895,17,-17
2019-09-16 15:05:17.260,10895,10896,10895,2,-2
2019-09-16 15:05:17.260,10895,10896,10895,44,-44
2019-09-16 15:05:17.391,10894,10895,10894,1,-1
2019-09-16 15:05:17.396,10894,10895,10894,2,-2
2019-09-16 15:05:17.410,10894,10895,10894,2,-2
2019-09-16 15:05:17.416,10894,10895,10894,2,-2
2019-09-16 15:05:17.510,10894,10895,10894,3,-3
2019-09-16 15:05:17.510,10894,10895,10894,2,-2
2019-09-16 15:05:17.515,10894,10895,10894,1,-1
2019-09-16 15:05:17.540,10894,10895,10894,1,-1
2019-09-16 15:05:17.953,10894,10895,10895,3,3
2019-09-16 15:05:18.108,10894,10895,10895,1,1
2019-09-16 15:05:21.272,10894,10895,10894,1,-1
2019-09-16 15:05:21.273,10894,10895,10894,1,-1
2019-09-16 15:05:21.396,10893,10894,10894,1,1
2019-09-16 15:05:23.967,10893,10894,10893,4,-4
2019-09-16 15:05:29.943,10893,10894,10893,2,-2
2019-09-16 15:05:32.123,10893,10894,10893,2,-2
2019-09-16 15:05:33.573,10893,10894,10893,1,-1
2019-09-16 15:05:39.182,10893,10894,10893,2,-2
2019-09-16 15:05:39.385,10893,10894,10893,3,-3
2019-09-16 15:05:41.203,10892,10893,10893,1,1
2019-09-16 15:05:47.774,10893,10894,10894,11,11
2019-09-16 15:05:50.164,10894,10895,10894,1,-1
2019-09-16 15:05:52.463,10894,10895,10894,3,-3
2019-09-16 15:05:52.775,10894,10895,10895,4,4
2019-09-16 15:05:54.185,10894,10896,10894,1,-1
2019-09-16 15:05:54.484,10894,10896,10894,1,-1
2019-09-16 15:05:56.209,10894,10896,10894,1,-1
2019-09-16 15:05:56.700,10895,10896,10895,2,2
2019-09-16 15:06:00.055,10894,10895,10894,1,-1
2019-09-16 15:06:00.093,10894,10895,10894,1,-1
2019-09-16 15:06:00.096,10894,10895,10894,1,-1
2019-09-16 15:06:00.126,10894,10895,10894,1,-1
2019-09-16 15:06:00.681,10894,10895,10895,10,10
2019-09-16 15:06:02.259,10895,10896,10895,2,-2
2019-09-16 15:06:02.597,10895,10896,10896,1,1
2019-09-16 15:06:03.796,10895,10896,10895,1,-1
2019-09-16 15:06:04.820,10895,10896,10895,1,-1
2019-09-16 15:06:06.449,10895,10896,10896,19,19
2019-09-16 15:06:06.510,10895,10896,10896,4,4
2019-09-16 15:06:06.552,10895,10896,10896,1,1
2019-09-16 15:06:07.178,10895,10896,10896,2,2
2019-09-16 15:06:08.635,10895,10896,10896,30,30
2019-09-16 15:06:10.674,10896,10897,10897,1,1
2019-09-16 15:06:10.760,10896,10897,10897,1,1
2019-09-16 15:06:12.449,10896,10897,10896,1,-1
2019-09-16 15:06:14.416,10896,10897,10896,4,-4
2019-09-16 15:06:14.416,10896,10897,10895,1,-1
2019-09-16 15:06:19.450,10894,10896,10894,1,-1
2019-09-16 15:06:19.538,10894,10896,10896,5,5
2019-09-16 15:06:20.526,10894,10896,10894,1,-1
2019-09-16 15:06:21.047,10894,10895,10895,1,1
2019-09-16 15:06:30.892,10894,10895,10895,4,4
2019-09-16 15:06:31.058,10895,10896,10895,1,-1
2019-09-16 15:06:36.267,10895,10896,10896,5,5
2019-09-16 15:06:37.096,10895,10896,10896,5,5
2019-09-16 15:06:39.833,10895,10896,10895,2,-2
2019-09-16 15:06:47.830,10895,10896,10896,1,1
2019-09-16 15:06:47.830,10895,10896,10897,2,2
2019-09-16 15:06:49.985,10896,10897,10896,1,-1
2019-09-16 15:06:51.763,10896,10897,10896,1,-1
2019-09-16 15:06:52.298,10896,10897,10896,1,-1
2019-09-16 15:07:02.372,10896,10897,10896,3,-3
2019-09-16 15:07:03.066,10896,10897,10896,1,-1
2019-09-16 15:07:03.081,10896,10897,10896,1,-1
2019-09-16 15:07:03.084,10896,10897,10896,1,-1
2019-09-16 15:07:03.950,10896,10897,10896,12,-12
2019-09-16 15:07:03.953,10896,10897,10896,5,-5
2019-09-16 15:07:03.954,10896,10897,10896,3,-3
2019-09-16 15:07:07.440,10896,10897,10896,1,-1
2019-09-16 15:07:12.491,10896,10897,10896,1,-1
2019-09-16 15:07:14.251,10896,10897,10896,6,-6
2019-09-16 15:07:15.560,10896,10897,10896,1,-1
2019-09-16 15:07:29.662,10896,10897,10896,1,-1
2019-09-16 15:07:32.608,10896,10897,10896,4,-4
2019-09-16 15:07:42.385,10896,10897,10897,20,20
2019-09-16 15:07:42.510,10896,10897,10897,4,4
2019-09-16 15:07:43.020,10897,10898,10897,1,-1
2019-09-16 15:07:43.430,10897,10898,10897,1,-1
2019-09-16 15:07:43.539,10897,10898,10897,1,-1
2019-09-16 15:07:43.671,10897,10898,10898,1,1
2019-09-16 15:07:44.660,10897,10898,10897,1,-1
2019-09-16 15:07:47.364,10897,10898,10897,2,-2
2019-09-16 15:07:50.473,10896,10897,10897,1,1
2019-09-16 15:07:51.004,10896,10897,10897,1,1
2019-09-16 15:07:51.400,10896,10897,10897,1,1
2019-09-16 15:07:52.733,10896,10897,10896,1,-1
2019-09-16 15:08:02.496,10896,10897,10896,10,-10
2019-09-16 15:08:13.926,10896,10897,10897,1,1
2019-09-16 15:08:17.323,10896,10897,10897,1,1
2019-09-16 15:08:18.228,10896,10897,10897,1,1
2019-09-16 15:08:24.248,10896,10897,10897,1,1
2019-09-16 15:08:28.291,10896,10897,10897,1,1
2019-09-16 15:08:28.965,10896,10897,10897,1,1
2019-09-16 15:08:30.142,10896,10897,10897,10,10
2019-09-16 15:08:30.142,10896,10897,10898,10,10
2019-09-16 15:08:31.102,10897,10898,10897,1,-1
2019-09-16 15:08:32.198,10897,10898,10897,1,-1
2019-09-16 15:08:34.754,10896,10897,10896,1,-1
2019-09-16 15:08:38.195,10896,10897,10897,1,1
2019-09-16 15:08:40.448,10896,10897,10897,2,2
2019-09-16 15:08:43.280,10896,10897,10897,1,1
2019-09-16 15:08:45.406,10896,10897,10897,1,1
2019-09-16 15:08:48.293,10896,10897,10897,1,1
2019-09-16 15:08:51.182,10896,10897,10896,3,-3
2019-09-16 15:08:52.077,10896,10897,10897,4,4
2019-09-16 15:08:52.077,10896,10897,10898,1,1
2019-09-16 15:08:55.174,10896,10898,10898,1,1
2019-09-16 15:08:56.771,10897,10898,10897,1,-1
2019-09-16 15:08:59.318,10897,10898,10897,1,-1
2019-09-16 15:09:02.617,10897,10898,10897,3,-3
2019-09-16 15:09:06.402,10897,10898,10898,5,5
2019-09-16 15:09:06.493,10897,10898,10898,5,5
2019-09-16 15:09:07.427,10897,10898,10898,1,1
2019-09-16 15:09:07.736,10897,10898,10898,5,5
2019-09-16 15:09:08.853,10897,10898,10898,1,1
2019-09-16 15:09:11.972,10897,10898,10898,1,1
2019-09-16 15:09:12.431,10897,10898,10898,1,1
2019-09-16 15:09:13.236,10897,10898,10898,1,1
2019-09-16 15:09:14.943,10897,10898,10897,2,-2
2019-09-16 15:09:15.983,10897,10898,10897,1,-1
2019-09-16 15:09:16.499,10897,10898,10898,4,4
2019-09-16 15:09:20.844,10897,10898,10898,1,1
2019-09-16 15:09:23.710,10897,10898,10897,1,-1
2019-09-16 15:09:26.960,10897,10898,10898,1,1
2019-09-16 15:09:32.204,10897,10898,10897,1,-1
2019-09-16 15:09:41.446,10897,10898,10898,15,15
2019-09-16 15:09:45.332,10897,10898,10897,1,-1
2019-09-16 15:09:50.791,10897,10898,10897,1,-1
2019-09-16 15:09:51.808,10897,10898,10897,1,-1
2019-09-16 15:09:53.760,10896,10897,10897,1,1
2019-09-16 15:09:53.760,10896,10897,10898,9,9
2019-09-16 15:09:58.593,10897,10898,10897,1,-1
2019-09-16 15:09:59.106,10897,10898,10898,1,1
2019-09-16 15:10:03.867,10897,10898,10897,1,-1
2019-09-16 15:10:04.058,10897,10898,10898,2,2
2019-09-16 15:10:04.153,10897,10898,10898,1,1
2019-09-16 15:10:04.161,10897,10898,10898,1,1
2019-09-16 15:10:04.496,10897,10898,10898,1,1
2019-09-16 15:10:05.306,10898,10899,10899,1,1
2019-09-16 15:10:05.541,10898,10899,10899,1,1
2019-09-16 15:10:05.642,10898,10899,10899,6,6
2019-09-16 15:10:09.472,10898,10899,10899,1,1
2019-09-16 15:10:14.940,10898,10899,10899,1,1
2019-09-16 15:10:17.624,10898,10899,10898,1,-1
2019-09-16 15:10:22.087,10898,10899,10898,1,-1
2019-09-16 15:10:26.034,10898,10899,10899,1,1
2019-09-16 15:10:26.418,10898,10899,10898,1,-1
2019-09-16 15:10:28.796,10898,10899,10898,4,-4
2019-09-16 15:10:30.591,10898,10899,10899,1,1
2019-09-16 15:10:33.555,10898,10899,10898,6,-6
2019-09-16 15:10:35.095,10898,10899,10899,1,1
2019-09-16 15:10:35.127,10898,10899,10899,1,1
2019-09-16 15:10:41.338,10898,10899,10898,1,-1
2019-09-16 15:10:41.979,10898,10899,10899,1,1
2019-09-16 15:10:46.463,10898,10899,10899,1,1
2019-09-16 15:10:48.600,10898,10899,10899,5,5
2019-09-16 15:10:49.138,10898,10899,10899,5,5
2019-09-16 15:10:49.222,10898,10899,10899,1,1
2019-09-16 15:10:49.222,10898,10899,10899,2,2
2019-09-16 15:10:49.222,10898,10899,10899,4,4
2019-09-16 15:10:53.702,10899,10900,10900,2,2
2019-09-16 15:10:53.770,10899,10900,10899,1,-1
2019-09-16 15:10:53.782,10899,10900,10900,1,1
2019-09-16 15:10:53.869,10899,10900,10900,1,1
2019-09-16 15:10:53.895,10899,10900,10900,2,2
2019-09-16 15:10:53.970,10899,10900,10900,1,1
2019-09-16 15:10:54.003,10899,10900,10899,1,-1
2019-09-16 15:10:54.020,10899,10900,10900,1,1
2019-09-16 15:10:54.187,10899,10900,10900,7,7
2019-09-16 15:10:54.207,10899,10900,10900,2,2
2019-09-16 15:10:54.227,10899,10900,10900,1,1
2019-09-16 15:10:54.230,10899,10900,10900,1,1
2019-09-16 15:10:54.256,10899,10900,10900,1,1
2019-09-16 15:10:54.260,10899,10900,10900,16,16
2019-09-16 15:10:54.260,10899,10900,10900,2,2
2019-09-16 15:10:54.260,10899,10900,10900,1,1
2019-09-16 15:10:54.260,10899,10900,10900,4,4
2019-09-16 15:10:54.260,10899,10900,10900,4,4
2019-09-16 15:10:54.260,10899,10900,10900,2,2
2019-09-16 15:10:54.260,10899,10900,10900,1,1
2019-09-16 15:10:54.260,10899,10900,10900,1,1
2019-09-16 15:10:54.261,10899,10900,10900,6,6
2019-09-16 15:10:54.261,10899,10900,10900,1,1
2019-09-16 15:10:54.265,10899,10900,10900,1,1
2019-09-16 15:10:54.266,10899,10900,10900,4,4
2019-09-16 15:10:54.385,10899,10900,10900,1,1
2019-09-16 15:10:54.385,10899,10900,10900,2,2
2019-09-16 15:10:54.385,10899,10900,10900,2,2
2019-09-16 15:10:54.385,10899,10900,10900,1,1
2019-09-16 15:10:54.385,10899,10900,10900,3,3
2019-09-16 15:10:57.315,10900,10901,10900,1,-1
2019-09-16 15:10:57.638,10900,10901,10900,1,-1
2019-09-16 15:11:00.753,10899,10901,10899,6,-6
2019-09-16 15:11:02.315,10899,10900,10900,1,1
2019-09-16 15:11:02.951,10899,10900,10899,1,-1
2019-09-16 15:11:05.444,10899,10900,10900,8,8
2019-09-16 15:11:06.608,10899,10900,10900,1,1
2019-09-16 15:11:06.713,10899,10900,10900,1,1
2019-09-16 15:11:08.393,10899,10900,10900,1,1
2019-09-16 15:11:08.919,10900,10901,10900,1,-1
2019-09-16 15:11:09.784,10899,10901,10901,1,1
2019-09-16 15:11:09.910,10900,10901,10901,1,1
2019-09-16 15:11:09.925,10900,10901,10901,1,1
2019-09-16 15:11:09.961,10900,10901,10901,1,1
2019-09-16 15:11:10.019,10900,10901,10901,2,2
2019-09-16 15:11:10.098,10900,10901,10900,2,-2
2019-09-16 15:11:10.192,10900,10901,10900,1,-1
2019-09-16 15:11:10.211,10900,10901,10900,1,-1
2019-09-16 15:11:11.344,10900,10901,10900,2,-2
2019-09-16 15:11:12.450,10900,10901,10900,1,-1
2019-09-16 15:11:13.804,10900,10901,10900,1,-1
2019-09-16 15:11:16.802,10900,10901,10900,1,-1
2019-09-16 15:11:17.436,10900,10901,10901,6,6
2019-09-16 15:11:17.653,10900,10901,10900,1,-1
2019-09-16 15:11:21.256,10900,10901,10901,2,2
2019-09-16 15:11:21.903,10900,10901,10901,1,1
2019-09-16 15:11:21.913,10900,10901,10901,4,4
2019-09-16 15:11:22.400,10900,10901,10900,1,-1
2019-09-16 15:11:24.193,10900,10901,10900,1,-1
2019-09-16 15:11:24.496,10900,10901,10901,1,1
2019-09-16 15:11:29.229,10900,10901,10901,12,12
2019-09-16 15:11:30.140,10901,10902,10901,1,-1
2019-09-16 15:11:30.580,10901,10902,10901,1,-1
2019-09-16 15:11:35.254,10901,10902,10902,3,3
2019-09-16 15:11:35.516,10901,10902,10902,1,1
2019-09-16 15:11:35.517,10901,10902,10902,1,1
2019-09-16 15:11:35.559,10901,10902,10902,2,2
2019-09-16 15:11:35.672,10901,10902,10902,1,1
2019-09-16 15:11:35.733,10901,10902,10902,2,2
2019-09-16 15:11:35.784,10901,10902,10901,1,-1
2019-09-16 15:11:36.275,10901,10902,10902,1,1
2019-09-16 15:11:37.188,10901,10902,10901,1,-1
2019-09-16 15:11:39.463,10901,10902,10901,6,-6
2019-09-16 15:11:41.721,10901,10902,10902,12,12
2019-09-16 15:11:42.748,10901,10902,10902,6,6
2019-09-16 15:11:43.585,10902,10903,10902,1,-1
2019-09-16 15:11:44.670,10902,10903,10902,1,-1
2019-09-16 15:11:46.672,10902,10903,10902,1,-1
2019-09-16 15:11:49.680,10902,10903,10902,1,-1
2019-09-16 15:11:50.817,10902,10903,10902,1,-1
2019-09-16 15:11:51.068,10902,10903,10902,1,-1
2019-09-16 15:11:52.580,10902,10903,10902,1,-1
2019-09-16 15:11:54.185,10902,10903,10903,1,1
2019-09-16 15:11:54.289,10902,10903,10903,1,1
2019-09-16 15:11:54.336,10902,10903,10903,1,1
2019-09-16 15:11:54.529,10902,10903,10902,1,-1
2019-09-16 15:11:54.704,10902,10903,10903,10,10
2019-09-16 15:11:54.716,10902,10903,10903,3,3
2019-09-16 15:11:54.814,10902,10903,10903,1,1
2019-09-16 15:11:55.462,10902,10903,10903,1,1
2019-09-16 15:11:57.042,10902,10903,10903,1,1
2019-09-16 15:12:05.118,10903,10904,10904,1,1
2019-09-16 15:12:05.306,10903,10904,10904,10,10
2019-09-16 15:12:05.324,10903,10904,10904,1,1
2019-09-16 15:12:05.327,10903,10904,10904,2,2
2019-09-16 15:12:05.570,10904,10905,10905,1,1
2019-09-16 15:12:05.607,10904,10905,10905,1,1
2019-09-16 15:12:05.627,10904,10905,10905,5,5
2019-09-16 15:12:05.627,10904,10905,10905,5,5
2019-09-16 15:12:05.656,10904,10905,10905,1,1
2019-09-16 15:12:05.710,10904,10905,10905,1,1
2019-09-16 15:12:05.765,10904,10905,10904,1,-1
2019-09-16 15:12:05.833,10904,10905,10905,1,1
2019-09-16 15:12:06.609,10904,10905,10905,1,1
2019-09-16 15:12:06.667,10904,10905,10904,1,-1
2019-09-16 15:12:06.718,10904,10905,10904,1,-1
2019-09-16 15:12:06.966,10904,10905,10905,1,1
2019-09-16 15:12:06.968,10904,10905,10905,1,1
2019-09-16 15:12:06.986,10904,10905,10905,1,1
2019-09-16 15:12:08.470,10904,10905,10904,4,-4
2019-09-16 15:12:08.922,10903,10904,10904,1,1
2019-09-16 15:12:08.922,10903,10904,10905,3,3
2019-09-16 15:12:09.366,10903,10905,10905,1,1
2019-09-16 15:12:12.181,10904,10905,10905,2,2
2019-09-16 15:12:12.385,10904,10905,10905,8,8
2019-09-16 15:12:13.349,10904,10905,10904,2,-2
2019-09-16 15:12:14.206,10904,10905,10904,1,-1
2019-09-16 15:12:14.242,10904,10905,10905,2,2
2019-09-16 15:12:14.333,10904,10905,10905,4,4
2019-09-16 15:12:14.878,10904,10905,10904,6,-6
2019-09-16 15:12:14.906,10904,10905,10905,1,1
2019-09-16 15:12:15.796,10905,10906,10905,1,-1
2019-09-16 15:12:17.002,10905,10906,10905,1,-1
2019-09-16 15:12:17.069,10905,10906,10905,1,-1
2019-09-16 15:12:18.046,10905,10906,10906,1,1
2019-09-16 15:12:18.051,10905,10906,10906,1,1
2019-09-16 15:12:19.122,10905,10906,10905,1,-1
2019-09-16 15:12:19.520,10905,10906,10906,1,1
2019-09-16 15:12:19.634,10905,10906,10905,1,-1
2019-09-16 15:12:19.688,10905,10906,10906,3,3
2019-09-16 15:12:19.822,10905,10906,10906,1,1
2019-09-16 15:12:20.992,10905,10906,10906,1,1
2019-09-16 15:12:21.238,10905,10906,10906,1,1
2019-09-16 15:12:21.689,10905,10906,10905,1,-1
2019-09-16 15:12:22.556,10905,10906,10906,2,2
2019-09-16 15:12:23.078,10905,10906,10905,4,-4
2019-09-16 15:12:23.811,10905,10906,10905,1,-1
2019-09-16 15:12:24.379,10905,10906,10906,4,4
2019-09-16 15:12:24.648,10905,10906,10906,1,1
2019-09-16 15:12:24.761,10905,10906,10906,1,1
2019-09-16 15:12:25.398,10905,10906,10905,1,-1
2019-09-16 15:12:26.276,10905,10906,10906,5,5
2019-09-16 15:12:26.692,10905,10906,10905,4,-4
2019-09-16 15:12:26.721,10905,10906,10905,10,-10
2019-09-16 15:12:26.722,10905,10906,10905,4,-4
2019-09-16 15:12:26.802,10905,10906,10905,7,-7
2019-09-16 15:12:27.245,10904,10905,10905,1,1
2019-09-16 15:12:27.918,10903,10905,10905,1,1
2019-09-16 15:12:28.416,10903,10905,10905,1,1
2019-09-16 15:12:28.492,10903,10905,10905,1,1
2019-09-16 15:12:28.593,10903,10905,10905,10,10
2019-09-16 15:12:28.766,10904,10905,10904,1,-1
2019-09-16 15:12:32.397,10904,10905,10905,1,1
2019-09-16 15:12:34.054,10904,10905,10904,1,-1
2019-09-16 15:12:35.646,10903,10904,10904,2,2
2019-09-16 15:12:35.989,10903,10904,10904,1,1
2019-09-16 15:12:36.523,10903,10904,10904,1,1
2019-09-16 15:12:38.488,10903,10904,10904,2,2
2019-09-16 15:12:39.042,10903,10904,10903,1,-1
2019-09-16 15:12:43.225,10903,10904,10904,1,1
2019-09-16 15:12:43.423,10903,10904,10904,2,2
2019-09-16 15:12:44.954,10903,10904,10904,3,3
2019-09-16 15:12:45.553,10903,10904,10904,2,2
2019-09-16 15:12:45.553,10903,10904,10905,1,1
2019-09-16 15:12:46.356,10904,10905,10904,1,-1
2019-09-16 15:12:46.994,10904,10905,10904,3,-3
2019-09-16 15:12:48.189,10904,10905,10904,1,-1
2019-09-16 15:12:48.284,10903,10905,10903,1,-1
2019-09-16 15:12:48.567,10903,10904,10904,1,1
2019-09-16 15:12:48.938,10904,10905,10904,1,-1
2019-09-16 15:12:49.585,10904,10905,10905,1,1
2019-09-16 15:12:50.046,10904,10905,10905,25,25
2019-09-16 15:12:50.046,10904,10905,10906,60,60
2019-09-16 15:12:50.135,10905,10906,10906,1,1
2019-09-16 15:12:50.135,10905,10906,10906,5,5
2019-09-16 15:12:50.135,10905,10906,10906,7,7
2019-09-16 15:12:50.135,10905,10906,10906,14,14
2019-09-16 15:12:50.136,10905,10906,10906,1,1
2019-09-16 15:12:50.385,10906,10907,10906,2,-2
2019-09-16 15:12:50.653,10906,10907,10906,7,-7
2019-09-16 15:12:52.708,10905,10906,10905,1,-1
2019-09-16 15:12:54.227,10905,10906,10906,1,1
2019-09-16 15:12:54.959,10905,10906,10906,1,1
2019-09-16 15:12:54.959,10905,10906,10907,1,1
2019-09-16 15:12:55.038,10905,10907,10907,1,1
2019-09-16 15:12:55.088,10905,10907,10907,1,1
2019-09-16 15:12:55.114,10905,10907,10907,1,1
2019-09-16 15:12:55.344,10905,10907,10907,1,1
2019-09-16 15:12:57.211,10905,10906,10906,2,2
2019-09-16 15:12:57.908,10906,10907,10906,2,-2
2019-09-16 15:13:00.248,10906,10907,10907,1,1
2019-09-16 15:13:00.468,10906,10907,10907,23,23
2019-09-16 15:13:00.468,10906,10907,10908,6,6
2019-09-16 15:13:00.559,10906,10908,10908,2,2
2019-09-16 15:13:00.777,10907,10908,10908,1,1
2019-09-16 15:13:01.657,10907,10908,10907,2,-2
2019-09-16 15:13:02.356,10907,10908,10908,1,1
2019-09-16 15:13:03.658,10906,10908,10908,2,2
2019-09-16 15:13:04.296,10906,10908,10908,2,2
2019-09-16 15:13:05.495,10906,10907,10907,1,1
2019-09-16 15:13:06.005,10906,10908,10908,4,4
2019-09-16 15:13:06.025,10906,10908,10908,1,1
2019-09-16 15:13:07.827,10907,10908,10907,1,-1
2019-09-16 15:13:09.742,10907,10908,10907,1,-1
2019-09-16 15:13:10.151,10907,10908,10908,1,1
2019-09-16 15:13:11.693,10907,10908,10907,1,-1
2019-09-16 15:13:11.702,10907,10908,10908,1,1
2019-09-16 15:13:12.128,10906,10908,10908,17,17
2019-09-16 15:13:12.128,10906,10908,10909,3,3
2019-09-16 15:13:12.318,10907,10908,10908,2,2
2019-09-16 15:13:14.553,10907,10908,10908,1,1
2019-09-16 15:13:14.899,10907,10908,10908,1,1
2019-09-16 15:13:15.305,10907,10908,10907,3,-3
2019-09-16 15:13:15.574,10906,10907,10907,1,1
2019-09-16 15:13:16.182,10906,10907,10907,1,1
2019-09-16 15:13:18.464,10906,10907,10907,1,1
2019-09-16 15:13:18.799,10906,10907,10907,4,4
2019-09-16 15:13:20.324,10906,10907,10906,1,-1
2019-09-16 15:13:20.641,10906,10907,10907,1,1
2019-09-16 15:13:21.834,10906,10907,10906,1,-1
2019-09-16 15:13:22.116,10906,10907,10907,1,1
2019-09-16 15:13:22.145,10906,10907,10907,2,2
2019-09-16 15:13:23.229,10906,10907,10907,1,1
2019-09-16 15:13:27.246,10906,10907,10907,1,1
2019-09-16 15:13:28.556,10906,10907,10907,19,19
2019-09-16 15:13:28.556,10906,10907,10908,57,57
2019-09-16 15:13:28.556,10906,10907,10909,4,4
2019-09-16 15:13:28.557,10906,10907,10908,1,1
2019-09-16 15:13:28.635,10908,10909,10909,2,2
2019-09-16 15:13:28.635,10908,10909,10909,1,1
2019-09-16 15:13:28.635,10908,10909,10909,5,5
2019-09-16 15:13:28.636,10908,10909,10908,2,-2
2019-09-16 15:13:28.689,10908,10909,10909,1,1
2019-09-16 15:13:28.752,10908,10909,10908,5,-5
2019-09-16 15:13:28.792,10907,10909,10908,2,-2
2019-09-16 15:13:28.833,10907,10909,10908,1,-1
2019-09-16 15:13:28.905,10908,10909,10908,10,-10
2019-09-16 15:13:29.225,10908,10909,10908,1,-1
2019-09-16 15:13:29.388,10908,10909,10908,2,-2
2019-09-16 15:13:29.451,10908,10909,10907,1,-1
2019-09-16 15:13:31.267,10907,10908,10908,4,4
2019-09-16 15:13:33.645,10907,10908,10907,1,-1
2019-09-16 15:13:33.815,10907,10908,10908,2,2
2019-09-16 15:13:34.165,10907,10908,10908,1,1
2019-09-16 15:13:34.509,10907,10908,10908,2,2
2019-09-16 15:13:35.399,10907,10908,10908,1,1
2019-09-16 15:13:36.604,10907,10908,10908,4,4
2019-09-16 15:13:37.065,10907,10908,10908,1,1
2019-09-16 15:13:38.153,10907,10908,10908,1,1
2019-09-16 15:13:38.620,10907,10908,10908,1,1
2019-09-16 15:13:40.860,10907,10908,10908,1,1
2019-09-16 15:13:41.726,10907,10908,10907,1,-1
2019-09-16 15:13:43.490,10907,10908,10908,1,1
2019-09-16 15:13:44.496,10907,10908,10908,5,5
2019-09-16 15:13:46.057,10907,10908,10907,2,-2
2019-09-16 15:13:46.760,10907,10908,10907,17,-17
2019-09-16 15:13:48.327,10906,10907,10907,4,4
2019-09-16 15:13:48.928,10906,10908,10906,1,-1
2019-09-16 15:13:50.520,10906,10907,10907,5,5
2019-09-16 15:13:53.889,10906,10907,10907,1,1
2019-09-16 15:13:54.083,10906,10907,10906,1,-1
2019-09-16 15:13:54.305,10906,10907,10907,2,2
2019-09-16 15:13:54.540,10907,10908,10907,1,-1
2019-09-16 15:13:55.350,10906,10907,10907,1,1
2019-09-16 15:13:55.804,10906,10907,10907,1,1
2019-09-16 15:13:57.342,10906,10907,10907,1,1
2019-09-16 15:13:57.579,10907,10908,10907,1,-1
2019-09-16 15:13:57.747,10907,10908,10907,1,-1
2019-09-16 15:14:00.701,10907,10908,10907,1,-1
2019-09-16 15:14:01.443,10907,10908,10907,6,-6
2019-09-16 15:14:04.469,10907,10908,10908,4,4
2019-09-16 15:14:06.495,10907,10908,10907,3,-3
2019-09-16 15:14:10.264,10907,10908,10907,1,-1
2019-09-16 15:14:15.141,10907,10908,10908,1,1
2019-09-16 15:14:15.288,10907,10908,10908,2,2
2019-09-16 15:14:18.658,10907,10908,10908,1,1
2019-09-16 15:14:22.423,10907,10908,10908,1,1
2019-09-16 15:14:23.874,10907,10908,10908,1,1
2019-09-16 15:14:25.515,10907,10908,10908,1,1
2019-09-16 15:14:26.070,10907,10908,10907,1,-1
2019-09-16 15:14:27.125,10907,10908,10907,10,-10
2019-09-16 15:14:27.708,10907,10908,10907,1,-1
2019-09-16 15:14:28.415,10907,10908,10907,1,-1
2019-09-16 15:14:28.800,10907,10908,10907,1,-1
2019-09-16 15:14:29.167,10907,10908,10907,1,-1
2019-09-16 15:14:30.430,10907,10908,10908,1,1
2019-09-16 15:14:30.704,10907,10908,10908,1,1
2019-09-16 15:14:31.233,10907,10908,10907,1,-1
2019-09-16 15:14:33.544,10907,10908,10907,1,-1
2019-09-16 15:14:33.620,10907,10908,10908,10,10
2019-09-16 15:14:33.811,10907,10908,10907,2,-2
2019-09-16 15:14:38.771,10907,10908,10908,10,10
2019-09-16 15:14:39.761,10907,10908,10908,3,3
2019-09-16 15:14:41.171,10907,10908,10908,5,5
2019-09-16 15:14:42.978,10907,10908,10908,3,3
2019-09-16 15:14:43.092,10907,10909,10908,1,-1
2019-09-16 15:14:44.652,10908,10909,10908,10,-10
2019-09-16 15:14:44.949,10907,10909,10909,3,3
2019-09-16 15:14:47.333,10908,10909,10908,2,-2
2019-09-16 15:14:48.042,10908,10909,10909,1,1
2019-09-16 15:14:48.385,10908,10909,10909,4,4
2019-09-16 15:14:48.510,10908,10909,10909,3,3
2019-09-16 15:14:49.440,10909,10910,10909,1,-1
2019-09-16 15:14:51.149,10909,10910,10909,2,-2
2019-09-16 15:14:52.219,10909,10910,10909,1,-1
2019-09-16 15:14:52.366,10909,10910,10909,1,-1
2019-09-16 15:14:53.017,10909,10910,10909,1,-1
2019-09-16 15:14:53.644,10909,10910,10910,15,15
2019-09-16 15:14:53.793,10909,10910,10910,10,10
2019-09-16 15:14:53.885,10909,10910,10910,3,3
2019-09-16 15:14:53.930,10909,10910,10910,1,1
2019-09-16 15:14:53.965,10909,10910,10909,1,-1
2019-09-16 15:14:53.980,10909,10910,10910,1,1
2019-09-16 15:14:54.240,10909,10910,10909,1,-1
2019-09-16 15:14:54.382,10909,10910,10909,1,-1
2019-09-16 15:14:54.491,10909,10910,10910,1,1
2019-09-16 15:14:54.971,10909,10910,10910,1,1
2019-09-16 15:14:55.372,10909,10910,10909,3,-3
2019-09-16 15:14:57.420,10909,10910,10909,1,-1
2019-09-16 15:14:58.152,10909,10910,10910,1,1
2019-09-16 15:14:58.170,10909,10910,10910,1,1
2019-09-16 15:14:59.057,10910,10911,10910,2,-2
2019-09-16 15:15:09.214,10910,10911,10910,1,-1
2019-09-16 15:15:09.635,10910,10911,10911,1,1
2019-09-16 15:15:09.639,10910,10911,10911,1,1
2019-09-16 15:15:09.788,10910,10911,10911,2,2
2019-09-16 15:15:09.789,10910,10911,10911,1,1
2019-09-16 15:15:09.890,10910,10911,10911,1,1
2019-09-16 15:15:09.958,10910,10911,10911,4,4
2019-09-16 15:15:09.977,10910,10911,10910,1,-1
2019-09-16 15:15:11.041,10910,10911,10910,2,-2
2019-09-16 15:15:11.135,10910,10911,10910,20,-20
2019-09-16 15:15:11.405,10909,10910,10910,2,2
2019-09-16 15:15:11.410,10909,10910,10910,1,1
2019-09-16 15:15:11.640,10909,10910,10910,4,4
2019-09-16 15:15:11.962,10909,10910,10910,1,1
2019-09-16 15:15:12.942,10909,10910,10910,2,2
2019-09-16 15:15:13.231,10909,10910,10910,1,1
2019-09-16 15:15:14.097,10909,10910,10910,1,1
2019-09-16 15:15:15.307,10909,10910,10910,1,1
2019-09-16 15:15:16.006,10909,10910,10910,2,2
2019-09-16 15:15:16.266,10909,10910,10910,1,1
2019-09-16 15:15:16.300,10909,10910,10909,1,-1
2019-09-16 15:15:16.668,10909,10910,10909,1,-1
2019-09-16 15:15:16.755,10909,10910,10910,1,1
2019-09-16 15:15:16.864,10909,10910,10909,2,-2
2019-09-16 15:15:17.190,10909,10910,10909,4,-4
2019-09-16 15:15:17.260,10909,10910,10909,6,-6
2019-09-16 15:15:18.526,10908,10909,10909,2,2
2019-09-16 15:15:22.052,10908,10909,10909,1,1
2019-09-16 15:15:22.456,10908,10909,10909,5,5
2019-09-16 15:15:23.491,10908,10909,10909,1,1
2019-09-16 15:15:26.881,10908,10909,10909,1,1
2019-09-16 15:15:31.909,10908,10909,10908,1,-1
2019-09-16 15:15:32.206,10908,10909,10909,1,1
2019-09-16 15:15:32.301,10908,10909,10908,28,-28
2019-09-16 15:15:32.710,10907,10908,10908,6,6
2019-09-16 15:15:32.710,10907,10908,10909,2,2
2019-09-16 15:15:34.898,10907,10908,10908,1,1
2019-09-16 15:15:35.968,10907,10908,10908,1,1
2019-09-16 15:15:39.090,10907,10908,10908,1,1
2019-09-16 15:15:39.570,10907,10908,10908,1,1
2019-09-16 15:15:42.573,10907,10908,10908,3,3
2019-09-16 15:15:43.727,10907,10908,10908,2,2
2019-09-16 15:15:43.918,10908,10909,10909,1,1
2019-09-16 15:15:45.158,10908,10909,10908,1,-1
2019-09-16 15:15:45.237,10908,10909,10908,1,-1
2019-09-16 15:15:45.666,10908,10909,10909,1,1
2019-09-16 15:15:48.833,10908,10909,10909,2,2
2019-09-16 15:15:48.906,10908,10909,10908,8,-8
2019-09-16 15:15:48.906,10908,10909,10907,2,-2
2019-09-16 15:15:49.160,10907,10909,10909,2,2
2019-09-16 15:15:50.901,10907,10909,10907,1,-1
2019-09-16 15:15:52.635,10908,10909,10908,1,1
2019-09-16 15:15:53.204,10907,10908,10908,1,1
2019-09-16 15:15:59.850,10907,10908,10908,1,1
2019-09-16 15:16:00.607,10907,10908,10907,5,-5
2019-09-16 15:16:01.079,10907,10908,10907,5,-5
2019-09-16 15:16:02.361,10907,10908,10907,3,-3
2019-09-16 15:16:03.125,10907,10908,10908,4,4
2019-09-16 15:16:04.361,10907,10908,10907,5,-5
2019-09-16 15:16:04.780,10907,10908,10907,5,-5
2019-09-16 15:16:05.089,10907,10908,10907,22,-22
2019-09-16 15:16:05.506,10906,10907,10907,1,1
2019-09-16 15:16:06.202,10906,10907,10906,5,-5
2019-09-16 15:16:06.483,10906,10907,10906,5,-5
2019-09-16 15:16:06.726,10906,10907,10906,1,-1
2019-09-16 15:16:06.961,10906,10907,10907,1,1
2019-09-16 15:16:10.340,10906,10907,10906,5,-5
2019-09-16 15:16:10.692,10906,10907,10906,5,-5
2019-09-16 15:16:11.736,10906,10907,10906,5,-5
2019-09-16 15:16:12.208,10906,10907,10906,5,-5
2019-09-16 15:16:13.889,10906,10907,10906,1,-1
2019-09-16 15:16:15.938,10906,10907,10906,3,-3
2019-09-16 15:16:16.803,10906,10907,10907,2,2
2019-09-16 15:16:18.463,10906,10907,10907,1,1
2019-09-16 15:16:19.381,10906,10907,10907,1,1
2019-09-16 15:16:19.918,10906,10907,10907,1,1
2019-09-16 15:16:22.617,10906,10907,10907,1,1
2019-09-16 15:16:30.682,10906,10907,10907,2,2
2019-09-16 15:16:40.513,10906,10907,10907,3,3
2019-09-16 15:16:42.915,10906,10907,10907,1,1
2019-09-16 15:16:47.472,10906,10907,10907,1,1
2019-09-16 15:16:51.026,10906,10907,10907,1,1
2019-09-16 15:16:55.480,10906,10907,10907,2,2
2019-09-16 15:16:57.442,10906,10907,10907,1,1
2019-09-16 15:16:59.067,10906,10907,10906,2,-2
2019-09-16 15:17:06.185,10906,10907,10906,1,-1
2019-09-16 15:17:07.325,10906,10907,10906,1,-1
2019-09-16 15:17:09.166,10906,10907,10906,10,-10
2019-09-16 15:17:17.989,10906,10907,10906,5,-5
2019-09-16 15:17:25.262,10906,10907,10906,5,-5
2019-09-16 15:17:25.769,10906,10907,10906,5,-5
2019-09-16 15:17:26.454,10906,10907,10906,1,-1
2019-09-16 15:17:28.644,10906,10907,10906,1,-1
2019-09-16 15:17:28.820,10906,10907,10906,21,-21
2019-09-16 15:17:28.885,10906,10907,10906,1,-1
2019-09-16 15:17:32.842,10905,10906,10905,3,-3
2019-09-16 15:17:39.373,10905,10906,10905,1,-1
2019-09-16 15:17:40.294,10905,10906,10906,4,4
2019-09-16 15:17:41.771,10905,10906,10906,2,2
2019-09-16 15:17:43.116,10905,10906,10906,2,2
2019-09-16 15:17:44.724,10905,10906,10906,1,1
2019-09-16 15:17:48.811,10905,10906,10905,5,-5
2019-09-16 15:17:48.841,10905,10906,10905,1,-1
2019-09-16 15:17:49.213,10905,10906,10905,5,-5
2019-09-16 15:17:50.594,10905,10906,10905,1,-1
2019-09-16 15:17:51.648,10905,10906,10905,9,-9
2019-09-16 15:17:52.857,10904,10905,10905,1,1
2019-09-16 15:17:55.573,10904,10905,10905,1,1
2019-09-16 15:18:00.385,10904,10905,10905,1,1
2019-09-16 15:18:04.132,10905,10906,10905,1,-1
2019-09-16 15:18:05.292,10905,10906,10905,2,-2
2019-09-16 15:18:05.930,10905,10906,10905,8,-8
2019-09-16 15:18:05.933,10905,10906,10905,2,-2
2019-09-16 15:18:05.934,10905,10906,10905,1,-1
2019-09-16 15:18:05.936,10905,10906,10905,1,-1
2019-09-16 15:18:05.949,10905,10906,10905,1,-1
2019-09-16 15:18:05.961,10905,10906,10905,1,-1
2019-09-16 15:18:07.125,10904,10905,10904,1,-1
2019-09-16 15:18:13.702,10905,10906,10905,1,1
2019-09-16 15:18:14.260,10905,10906,10906,13,13
2019-09-16 15:18:16.081,10906,10907,10906,10,-10
2019-09-16 15:18:17.079,10906,10907,10906,10,-10
2019-09-16 15:18:24.491,10906,10907,10906,1,-1
2019-09-16 15:18:25.983,10906,10907,10906,5,-5
2019-09-16 15:18:25.984,10906,10907,10906,2,-2
2019-09-16 15:18:26.872,10906,10907,10906,1,-1
2019-09-16 15:18:28.808,10905,10906,10906,1,1
2019-09-16 15:18:32.293,10906,10907,10906,2,-2
2019-09-16 15:18:33.128,10905,10906,10905,8,-8
2019-09-16 15:18:35.278,10905,10906,10906,1,1
2019-09-16 15:18:38.426,10906,10907,10906,5,-5
2019-09-16 15:18:40.452,10906,10907,10906,1,-1
2019-09-16 15:18:40.921,10905,10906,10906,1,1
2019-09-16 15:18:48.305,10906,10907,10906,1,-1
2019-09-16 15:18:52.124,10905,10906,10905,23,-23
2019-09-16 15:18:58.532,10904,10905,10905,1,1
2019-09-16 15:18:58.532,10904,10905,10906,1,1
2019-09-16 15:18:58.910,10905,10906,10905,3,-3
2019-09-16 15:19:07.315,10904,10905,10905,1,1
2019-09-16 15:19:07.953,10904,10905,10905,1,1
2019-09-16 15:19:14.054,10904,10905,10905,1,1
2019-09-16 15:19:16.313,10904,10905,10905,1,1
2019-09-16 15:19:16.433,10904,10905,10904,5,-5
2019-09-16 15:19:17.668,10904,10905,10905,5,5
2019-09-16 15:19:19.758,10904,10905,10905,1,1
2019-09-16 15:19:20.886,10904,10905,10904,2,-2
2019-09-16 15:19:22.762,10904,10905,10905,5,5
2019-09-16 15:19:26.895,10904,10905,10905,1,1
2019-09-16 15:19:28.461,10904,10905,10904,10,-10
2019-09-16 15:19:29.384,10904,10905,10905,1,1
2019-09-16 15:19:29.386,10904,10905,10905,1,1
2019-09-16 15:19:39.940,10904,10905,10905,1,1
2019-09-16 15:19:51.078,10904,10905,10905,1,1
2019-09-16 15:19:52.974,10904,10905,10905,1,1
2019-09-16 15:19:55.441,10904,10905,10904,4,-4
2019-09-16 15:19:55.722,10904,10905,10905,2,2
2019-09-16 15:19:56.627,10904,10905,10904,3,-3
2019-09-16 15:19:58.434,10904,10905,10904,1,-1
2019-09-16 15:19:59.070,10904,10905,10905,13,13
2019-09-16 15:20:02.262,10905,10906,10905,2,-2
2019-09-16 15:20:02.463,10905,10906,10905,1,-1
2019-09-16 15:20:02.900,10905,10906,10905,1,-1
2019-09-16 15:20:02.934,10905,10906,10905,1,-1
2019-09-16 15:20:03.185,10905,10906,10906,1,1
2019-09-16 15:20:09.875,10905,10906,10905,2,-2
2019-09-16 15:20:09.924,10905,10906,10906,1,1
2019-09-16 15:20:10.544,10905,10906,10905,1,-1
2019-09-16 15:20:22.499,10905,10906,10905,1,-1
2019-09-16 15:20:38.199,10905,10906,10905,1,-1
2019-09-16 15:20:44.663,10905,10906,10905,1,-1
2019-09-16 15:20:47.228,10905,10906,10905,1,-1
2019-09-16 15:20:53.854,10905,10906,10905,1,-1
2019-09-16 15:21:00.229,10905,10906,10905,8,-8
2019-09-16 15:21:02.101,10904,10906,10904,5,-5
2019-09-16 15:21:03.753,10904,10905,10904,4,-4
2019-09-16 15:21:08.813,10904,10905,10904,2,-2
2019-09-16 15:21:10.088,10904,10905,10904,1,-1
2019-09-16 15:21:18.328,10904,10905,10905,3,3
2019-09-16 15:21:20.202,10904,10905,10904,1,-1
2019-09-16 15:21:24.080,10904,10905,10904,1,-1
2019-09-16 15:21:29.010,10904,10905,10904,13,-13
2019-09-16 15:21:29.925,10903,10904,10904,1,1
2019-09-16 15:21:38.768,10903,10904,10903,3,-3
2019-09-16 15:21:38.895,10903,10904,10904,2,2
2019-09-16 15:21:40.361,10903,10905,10903,2,-2
2019-09-16 15:21:42.348,10903,10905,10903,1,-1
2019-09-16 15:21:43.775,10904,10905,10904,2,2
2019-09-16 15:21:44.870,10903,10904,10903,1,-1
2019-09-16 15:21:48.023,10903,10904,10904,1,1
2019-09-16 15:21:48.971,10904,10905,10904,1,-1
2019-09-16 15:21:49.095,10904,10905,10904,1,-1
2019-09-16 15:21:50.729,10904,10905,10904,1,-1
2019-09-16 15:21:52.612,10903,10904,10904,1,1
2019-09-16 15:21:52.636,10904,10905,10904,3,-3
2019-09-16 15:21:52.992,10904,10905,10904,1,-1
2019-09-16 15:21:53.105,10904,10905,10904,2,-2
2019-09-16 15:22:06.002,10903,10904,10903,1,-1
2019-09-16 15:22:06.377,10903,10904,10904,1,1
2019-09-16 15:22:06.404,10903,10904,10904,1,1
2019-09-16 15:22:06.544,10903,10904,10903,2,-2
2019-09-16 15:22:06.745,10903,10904,10904,4,4
2019-09-16 15:22:11.878,10903,10904,10904,1,1
2019-09-16 15:22:27.281,10903,10904,10903,1,-1
2019-09-16 15:22:28.879,10903,10904,10903,1,-1
2019-09-16 15:22:31.876,10903,10904,10903,2,-2
2019-09-16 15:22:31.885,10903,10904,10903,3,-3
2019-09-16 15:22:32.020,10902,10903,10903,2,2
2019-09-16 15:22:32.136,10903,10904,10903,4,-4
2019-09-16 15:22:32.937,10903,10904,10903,1,-1
2019-09-16 15:22:33.641,10902,10903,10903,1,1
2019-09-16 15:22:34.681,10903,10904,10903,1,-1
2019-09-16 15:22:35.841,10903,10904,10903,2,-2
2019-09-16 15:22:38.097,10903,10904,10904,3,3
2019-09-16 15:22:45.729,10903,10904,10904,1,1
2019-09-16 15:22:51.261,10903,10904,10904,1,1
2019-09-16 15:22:51.262,10903,10904,10904,2,2
2019-09-16 15:22:51.440,10903,10904,10903,4,-4
2019-09-16 15:22:58.945,10903,10904,10903,1,-1
2019-09-16 15:23:00.686,10903,10904,10903,3,-3
2019-09-16 15:23:07.071,10903,10904,10903,1,-1
2019-09-16 15:23:08.473,10903,10904,10903,1,-1
2019-09-16 15:23:09.299,10903,10904,10903,1,-1
2019-09-16 15:23:11.612,10903,10904,10903,1,-1
2019-09-16 15:23:14.405,10903,10904,10903,1,-1
2019-09-16 15:23:15.875,10903,10904,10903,1,-1
2019-09-16 15:23:18.464,10903,10904,10903,1,-1
2019-09-16 15:23:19.678,10903,10904,10903,2,-2
2019-09-16 15:23:21.542,10903,10904,10903,1,-1
2019-09-16 15:23:25.807,10903,10904,10903,5,-5
2019-09-16 15:23:28.565,10903,10904,10903,1,-1
2019-09-16 15:23:28.745,10903,10904,10903,4,-4
2019-09-16 15:23:28.813,10902,10903,10903,1,1
2019-09-16 15:23:29.174,10902,10904,10902,2,-2
2019-09-16 15:23:30.022,10902,10903,10903,2,2
2019-09-16 15:23:35.842,10902,10903,10902,1,-1
2019-09-16 15:23:36.002,10902,10903,10903,3,3
2019-09-16 15:23:38.310,10903,10904,10903,1,-1
2019-09-16 15:23:41.031,10903,10904,10903,1,-1
2019-09-16 15:23:43.395,10903,10904,10903,2,-2
2019-09-16 15:23:43.510,10903,10904,10903,5,-5
2019-09-16 15:23:43.520,10903,10904,10903,2,-2
2019-09-16 15:23:50.394,10902,10903,10903,3,3
2019-09-16 15:23:51.330,10902,10903,10902,2,-2
2019-09-16 15:23:54.887,10902,10903,10903,1,1
2019-09-16 15:23:56.385,10902,10903,10903,3,3
2019-09-16 15:24:01.137,10902,10903,10903,2,2
2019-09-16 15:24:02.295,10902,10903,10902,1,-1
2019-09-16 15:24:02.484,10902,10903,10902,1,-1
2019-09-16 15:24:02.670,10902,10903,10902,1,-1
2019-09-16 15:24:02.794,10902,10903,10902,2,-2
2019-09-16 15:24:02.858,10902,10903,10902,1,-1
2019-09-16 15:24:03.046,10902,10903,10902,2,-2
2019-09-16 15:24:05.492,10902,10903,10903,6,6
2019-09-16 15:24:05.612,10902,10903,10902,31,-31
2019-09-16 15:24:05.985,10901,10902,10902,2,2
2019-09-16 15:24:07.147,10901,10902,10902,1,1
2019-09-16 15:24:07.563,10901,10903,10901,2,-2
2019-09-16 15:24:13.585,10902,10903,10902,1,1
2019-09-16 15:24:15.295,10902,10903,10902,1,-1
2019-09-16 15:24:21.304,10902,10903,10902,1,-1
2019-09-16 15:24:22.237,10902,10903,10902,1,-1
2019-09-16 15:24:23.168,10902,10903,10902,1,-1
2019-09-16 15:24:26.633,10902,10903,10902,1,-1
2019-09-16 15:24:26.869,10902,10903,10902,2,-2
2019-09-16 15:24:27.813,10902,10903,10902,2,-2
2019-09-16 15:24:30.679,10902,10903,10902,2,-2
2019-09-16 15:24:32.395,10902,10903,10902,1,-1
2019-09-16 15:24:33.319,10902,10903,10902,2,-2
2019-09-16 15:24:34.336,10902,10903,10902,1,-1
2019-09-16 15:24:36.243,10902,10903,10902,1,-1
2019-09-16 15:24:45.636,10902,10903,10902,1,-1
2019-09-16 15:24:52.305,10902,10903,10903,9,9
2019-09-16 15:24:53.992,10903,10904,10903,1,-1
2019-09-16 15:25:02.481,10903,10904,10903,3,-3
2019-09-16 15:25:02.758,10903,10904,10903,3,-3
2019-09-16 15:25:02.944,10903,10904,10903,3,-3
2019-09-16 15:25:03.131,10903,10904,10903,1,-1
2019-09-16 15:25:03.688,10902,10904,10903,1,-1
2019-09-16 15:25:06.055,10902,10904,10902,1,-1
2019-09-16 15:25:16.256,10902,10903,10902,1,-1
2019-09-16 15:25:33.565,10902,10903,10902,1,-1
2019-09-16 15:25:33.989,10902,10903,10902,1,-1
2019-09-16 15:25:35.028,10902,10903,10902,5,-5
2019-09-16 15:25:55.283,10902,10903,10902,3,-3
2019-09-16 15:25:58.583,10902,10903,10902,1,-1
2019-09-16 15:25:58.716,10902,10903,10902,1,-1
2019-09-16 15:25:58.927,10902,10903,10902,1,-1
2019-09-16 15:26:03.333,10901,10902,10901,1,-1
2019-09-16 15:26:07.275,10901,10902,10901,1,-1
2019-09-16 15:26:07.519,10901,10902,10901,1,-1
2019-09-16 15:26:16.186,10901,10902,10902,1,1
2019-09-16 15:26:16.289,10901,10902,10901,2,-2
2019-09-16 15:26:17.142,10901,10902,10901,1,-1
2019-09-16 15:26:18.207,10901,10902,10901,1,-1
2019-09-16 15:26:18.590,10901,10902,10901,1,-1
2019-09-16 15:26:20.572,10901,10902,10901,1,-1
2019-09-16 15:26:22.765,10901,10902,10901,2,-2
2019-09-16 15:26:22.842,10901,10902,10901,1,-1
2019-09-16 15:26:24.668,10901,10902,10901,2,-2
2019-09-16 15:26:24.668,10901,10902,10901,4,-4
2019-09-16 15:26:24.669,10901,10902,10901,1,-1
2019-09-16 15:26:24.669,10901,10902,10901,2,-2
2019-09-16 15:26:24.670,10901,10902,10901,2,-2
2019-09-16 15:26:24.670,10901,10902,10901,2,-2
2019-09-16 15:26:24.673,10901,10902,10901,1,-1
2019-09-16 15:26:24.673,10901,10902,10901,4,-4
2019-09-16 15:26:24.763,10900,10901,10901,1,1
2019-09-16 15:26:24.828,10900,10901,10901,1,1
2019-09-16 15:26:31.060,10900,10901,10900,1,-1
2019-09-16 15:26:31.061,10900,10901,10900,2,-2
2019-09-16 15:26:31.092,10900,10901,10900,2,-2
2019-09-16 15:26:31.135,10900,10901,10900,2,-2
2019-09-16 15:26:31.212,10900,10901,10900,2,-2
2019-09-16 15:26:34.035,10900,10901,10901,1,1
2019-09-16 15:26:34.280,10900,10901,10901,4,4
2019-09-16 15:26:34.385,10900,10901,10901,2,2
2019-09-16 15:26:35.536,10900,10902,10900,1,-1
2019-09-16 15:26:39.058,10900,10901,10900,25,-25
2019-09-16 15:26:39.906,10900,10901,10900,10,-10
2019-09-16 15:26:40.010,10899,10900,10900,10,10
2019-09-16 15:26:41.315,10899,10901,10901,1,1
2019-09-16 15:26:41.489,10900,10901,10900,3,-3
2019-09-16 15:26:41.618,10900,10901,10900,1,-1
2019-09-16 15:26:45.622,10900,10901,10900,2,-2
2019-09-16 15:26:49.150,10900,10901,10901,5,5
2019-09-16 15:26:49.480,10900,10902,10900,1,-1
2019-09-16 15:26:49.711,10901,10902,10901,1,1
2019-09-16 15:26:51.476,10901,10902,10901,1,-1
2019-09-16 15:26:52.160,10901,10902,10901,1,-1
2019-09-16 15:26:55.248,10901,10902,10901,1,-1
2019-09-16 15:26:59.782,10901,10902,10901,1,-1
2019-09-16 15:27:05.260,10901,10902,10902,2,2
2019-09-16 15:27:05.385,10901,10902,10902,5,5
2019-09-16 15:27:11.580,10901,10902,10901,1,-1
2019-09-16 15:27:13.523,10901,10902,10902,1,1
2019-09-16 15:27:14.383,10901,10902,10901,1,-1
2019-09-16 15:27:33.887,10901,10902,10902,1,1
2019-09-16 15:27:34.616,10901,10902,10901,1,-1
2019-09-16 15:27:41.891,10901,10902,10902,1,1
2019-09-16 15:27:52.892,10901,10902,10902,9,9
2019-09-16 15:27:52.974,10901,10902,10902,1,1
2019-09-16 15:28:02.847,10902,10903,10902,25,-25
2019-09-16 15:28:06.632,10902,10903,10902,3,-3
2019-09-16 15:28:06.633,10902,10903,10902,2,-2
2019-09-16 15:28:06.677,10902,10903,10902,1,-1
2019-09-16 15:28:06.677,10902,10903,10902,2,-2
2019-09-16 15:28:06.677,10902,10903,10902,3,-3
2019-09-16 15:28:06.677,10902,10903,10902,3,-3
2019-09-16 15:28:07.291,10901,10902,10902,1,1
2019-09-16 15:28:16.117,10901,10902,10902,1,1
2019-09-16 15:28:18.759,10901,10902,10901,1,-1
2019-09-16 15:28:33.396,10901,10902,10902,1,1
2019-09-16 15:28:34.261,10901,10902,10902,12,12
2019-09-16 15:28:34.825,10902,10903,10902,1,-1
2019-09-16 15:28:35.480,10902,10903,10902,5,-5
2019-09-16 15:28:54.654,10901,10902,10902,1,1
2019-09-16 15:28:56.188,10901,10902,10902,1,1
2019-09-16 15:29:02.898,10902,10903,10903,4,4
2019-09-16 15:29:03.763,10902,10903,10903,2,2
2019-09-16 15:29:03.765,10902,10903,10902,1,-1
2019-09-16 15:29:16.906,10902,10903,10902,2,-2
2019-09-16 15:29:16.983,10902,10903,10902,5,-5
2019-09-16 15:29:55.223,10901,10902,10902,1,1
2019-09-16 15:30:00.431,10901,10902,10902,4,4
2019-09-16 15:30:00.434,10901,10902,10902,1,1
2019-09-16 15:30:01.084,10902,10903,10903,1,1
2019-09-16 15:30:01.112,10902,10903,10903,1,1
2019-09-16 15:30:01.353,10902,10903,10902,1,-1
2019-09-16 15:30:01.353,10902,10903,10902,1,-1
2019-09-16 15:30:01.896,10902,10903,10903,1,1
2019-09-16 15:30:01.918,10902,10903,10902,1,-1
2019-09-16 15:30:04.276,10902,10903,10903,1,1
2019-09-16 15:30:19.874,10902,10903,10903,1,1
2019-09-16 15:30:24.342,10902,10903,10903,1,1
2019-09-16 15:30:28.898,10902,10903,10902,7,-7
2019-09-16 15:30:28.899,10902,10903,10902,2,-2
2019-09-16 15:30:29.198,10902,10903,10902,8,-8
2019-09-16 15:30:36.517,10902,10903,10902,1,-1
2019-09-16 15:30:38.743,10901,10902,10902,1,1
2019-09-16 15:30:48.460,10901,10902,10902,1,1
2019-09-16 15:31:06.638,10901,10902,10902,2,2
2019-09-16 15:31:17.045,10901,10902,10902,4,4
2019-09-16 15:31:19.597,10901,10902,10902,1,1
2019-09-16 15:31:20.117,10901,10903,10902,1,-1
2019-09-16 15:31:31.889,10902,10903,10902,22,-22
2019-09-16 15:31:31.889,10902,10903,10901,78,-78
2019-09-16 15:31:31.991,10902,10903,10901,5,-5
2019-09-16 15:31:31.991,10902,10903,10900,37,-37
2019-09-16 15:31:32.010,10899,10900,10900,5,5
2019-09-16 15:31:32.010,10899,10900,10900,1,1
2019-09-16 15:31:32.010,10899,10900,10899,3,-3
2019-09-16 15:31:32.011,10899,10900,10899,3,-3
2019-09-16 15:31:32.011,10899,10900,10900,5,5
2019-09-16 15:31:32.011,10899,10900,10900,2,2
2019-09-16 15:31:32.011,10899,10900,10899,5,-5
2019-09-16 15:31:32.012,10899,10900,10900,46,46
2019-09-16 15:31:32.135,10900,10901,10900,1,-1
2019-09-16 15:31:32.136,10900,10901,10900,3,-3
2019-09-16 15:31:32.380,10900,10901,10901,1,1
2019-09-16 15:31:36.064,10900,10901,10900,1,-1
2019-09-16 15:31:37.975,10900,10901,10900,6,-6
2019-09-16 15:31:42.627,10899,10900,10899,1,-1
2019-09-16 15:31:47.359,10899,10900,10899,1,-1
2019-09-16 15:31:48.942,10899,10900,10899,1,-1
2019-09-16 15:31:50.135,10899,10900,10899,1,-1
2019-09-16 15:31:51.101,10899,10900,10899,3,-3
2019-09-16 15:31:51.250,10899,10900,10899,1,-1
2019-09-16 15:31:53.581,10899,10900,10899,1,-1
2019-09-16 15:31:55.575,10899,10900,10899,2,-2
2019-09-16 15:31:55.575,10899,10900,10899,1,-1
2019-09-16 15:31:57.632,10898,10899,10898,31,-31
2019-09-16 15:31:57.632,10898,10899,10897,42,-42
2019-09-16 15:31:57.632,10898,10899,10896,27,-27
2019-09-16 15:31:57.636,10896,10897,10897,2,2
2019-09-16 15:31:57.636,10896,10897,10897,1,1
2019-09-16 15:31:57.638,10896,10897,10897,2,2
2019-09-16 15:31:57.672,10896,10897,10897,1,1
2019-09-16 15:31:57.672,10896,10897,10896,4,-4
2019-09-16 15:31:57.678,10896,10897,10896,1,-1
2019-09-16 15:31:57.760,10897,10898,10897,1,1
2019-09-16 15:31:57.795,10897,10898,10898,1,1
2019-09-16 15:31:57.812,10897,10898,10897,2,-2
2019-09-16 15:31:57.812,10897,10898,10896,42,-42
2019-09-16 15:31:57.865,10897,10898,10896,1,-1
2019-09-16 15:31:57.885,10895,10896,10895,1,-1
2019-09-16 15:31:58.058,10895,10896,10895,1,-1
2019-09-16 15:31:58.071,10895,10896,10895,2,-2
2019-09-16 15:31:58.085,10895,10896,10895,2,-2
2019-09-16 15:31:59.059,10895,10896,10895,1,-1
2019-09-16 15:32:01.124,10895,10896,10896,1,1
2019-09-16 15:32:01.632,10895,10896,10895,1,-1
2019-09-16 15:32:01.837,10895,10896,10896,1,1
2019-09-16 15:32:03.913,10895,10896,10895,1,-1
2019-09-16 15:32:04.434,10895,10896,10895,1,-1
2019-09-16 15:32:06.505,10895,10896,10896,1,1
2019-09-16 15:32:09.113,10895,10896,10895,1,-1
2019-09-16 15:32:11.001,10895,10896,10896,1,1
2019-09-16 15:32:11.401,10895,10896,10896,1,1
2019-09-16 15:32:11.510,10895,10896,10896,2,2
2019-09-16 15:32:11.633,10895,10896,10896,2,2
2019-09-16 15:32:11.635,10895,10896,10896,12,12
2019-09-16 15:32:11.635,10895,10896,10896,4,4
2019-09-16 15:32:11.760,10895,10896,10896,2,2
2019-09-16 15:32:11.760,10895,10896,10896,8,8
2019-09-16 15:32:11.760,10895,10896,10896,4,4
2019-09-16 15:32:11.885,10895,10896,10896,17,17
2019-09-16 15:32:12.149,10896,10898,10897,1,1
2019-09-16 15:32:14.270,10897,10898,10897,5,-5
2019-09-16 15:32:15.617,10897,10898,10897,5,-5
2019-09-16 15:32:16.972,10896,10898,10896,1,-1
2019-09-16 15:32:17.534,10896,10898,10896,1,-1
2019-09-16 15:32:20.356,10897,10898,10897,1,1
2019-09-16 15:32:21.190,10897,10898,10897,1,-1
2019-09-16 15:32:21.190,10897,10898,10896,3,-3
2019-09-16 15:32:23.096,10896,10897,10897,1,1
2019-09-16 15:32:23.222,10896,10897,10897,1,1
2019-09-16 15:32:27.335,10896,10897,10896,20,-20
2019-09-16 15:32:27.335,10896,10897,10895,56,-56
2019-09-16 15:32:27.337,10896,10897,10895,1,-1
2019-09-16 15:32:27.457,10894,10896,10896,1,1
2019-09-16 15:32:27.510,10894,10896,10895,1,-1
2019-09-16 15:32:27.619,10894,10896,10895,1,-1
2019-09-16 15:32:27.635,10894,10895,10895,1,1
2019-09-16 15:32:27.636,10894,10895,10895,2,2
2019-09-16 15:32:28.666,10895,10896,10895,9,-9
2019-09-16 15:32:31.374,10895,10896,10895,11,-11
2019-09-16 15:32:31.377,10895,10896,10895,1,-1
2019-09-16 15:32:31.385,10894,10895,10895,16,16
2019-09-16 15:32:33.480,10895,10896,10895,1,-1
2019-09-16 15:32:34.128,10895,10896,10895,1,-1
2019-09-16 15:32:35.857,10894,10895,10895,1,1
2019-09-16 15:32:35.956,10894,10895,10895,1,1
2019-09-16 15:32:36.260,10894,10895,10895,1,1
2019-09-16 15:32:37.983,10895,10896,10895,1,-1
2019-09-16 15:32:40.650,10895,10896,10895,1,-1
2019-09-16 15:32:40.679,10895,10896,10895,1,-1
2019-09-16 15:32:41.913,10895,10896,10895,1,-1
2019-09-16 15:32:43.553,10895,10896,10895,1,-1
2019-09-16 15:32:43.653,10895,10896,10895,1,-1
2019-09-16 15:32:45.333,10895,10896,10895,1,-1
2019-09-16 15:32:47.536,10895,10896,10895,1,-1
2019-09-16 15:32:47.784,10895,10896,10895,1,-1
2019-09-16 15:32:47.785,10895,10896,10895,2,-2
2019-09-16 15:32:47.785,10895,10896,10895,2,-2
2019-09-16 15:32:48.193,10894,10895,10895,4,4
2019-09-16 15:32:53.588,10894,10895,10895,1,1
2019-09-16 15:32:55.828,10894,10896,10896,1,1
2019-09-16 15:32:58.716,10894,10895,10895,1,1
2019-09-16 15:33:03.781,10895,10896,10895,1,-1
2019-09-16 15:33:05.994,10895,10896,10895,4,-4
2019-09-16 15:33:08.879,10894,10895,10895,1,1
2019-09-16 15:33:14.167,10894,10895,10895,1,1
2019-09-16 15:33:15.401,10894,10895,10895,1,1
2019-09-16 15:33:17.312,10894,10895,10895,1,1
2019-09-16 15:33:20.279,10894,10895,10895,2,2
2019-09-16 15:33:22.338,10894,10896,10894,1,-1
2019-09-16 15:33:22.659,10894,10896,10894,1,-1
2019-09-16 15:33:24.761,10895,10896,10896,1,1
2019-09-16 15:33:27.242,10895,10896,10895,2,-2
2019-09-16 15:33:41.757,10895,10896,10896,1,1
2019-09-16 15:33:58.987,10895,10896,10896,1,1
2019-09-16 15:34:17.807,10895,10896,10896,1,1
2019-09-16 15:34:18.326,10895,10896,10896,1,1
2019-09-16 15:34:19.304,10895,10896,10896,3,3
2019-09-16 15:34:24.089,10895,10896,10896,2,2
2019-09-16 15:34:27.049,10895,10896,10896,1,1
2019-09-16 15:34:30.195,10895,10896,10896,1,1
2019-09-16 15:34:30.662,10895,10897,10895,8,-8
2019-09-16 15:34:36.502,10896,10897,10896,1,1
2019-09-16 15:34:36.502,10896,10897,10895,7,-7
2019-09-16 15:34:52.302,10895,10896,10895,1,-1
2019-09-16 15:34:55.236,10895,10896,10895,1,-1
2019-09-16 15:35:12.244,10895,10896,10895,1,-1
2019-09-16 15:35:14.302,10895,10896,10896,5,5
2019-09-16 15:35:14.385,10895,10896,10896,1,1
2019-09-16 15:35:16.014,10896,10897,10896,1,-1
2019-09-16 15:35:20.966,10896,10897,10897,1,1
2019-09-16 15:35:22.085,10896,10897,10896,2,-2
2019-09-16 15:35:38.143,10896,10897,10897,5,5
2019-09-16 15:35:38.563,10896,10897,10897,5,5
2019-09-16 15:35:40.678,10896,10897,10897,4,4
2019-09-16 15:35:40.678,10896,10897,10898,1,1
2019-09-16 15:35:58.531,10897,10898,10898,1,1
2019-09-16 15:35:58.616,10897,10898,10898,1,1
2019-09-16 15:36:02.022,10897,10898,10898,1,1
2019-09-16 15:36:04.129,10897,10898,10898,1,1
2019-09-16 15:36:06.361,10897,10898,10897,5,-5
2019-09-16 15:36:16.786,10896,10897,10897,2,2
2019-09-16 15:36:24.008,10897,10898,10897,1,-1
2019-09-16 15:36:27.510,10897,10898,10897,1,-1
2019-09-16 15:36:28.217,10896,10897,10897,4,4
2019-09-16 15:36:33.919,10896,10897,10897,1,1
2019-09-16 15:36:34.417,10896,10897,10897,1,1
2019-09-16 15:36:38.341,10897,10898,10898,1,1
2019-09-16 15:36:39.294,10897,10898,10898,20,20
2019-09-16 15:36:44.065,10897,10898,10897,1,-1
2019-09-16 15:36:45.348,10897,10898,10898,1,1
2019-09-16 15:36:53.378,10897,10898,10898,1,1
2019-09-16 15:36:53.946,10897,10898,10898,1,1
2019-09-16 15:37:00.891,10897,10898,10898,1,1
2019-09-16 15:37:00.897,10897,10898,10898,1,1
2019-09-16 15:37:05.307,10897,10898,10898,1,1
2019-09-16 15:37:07.368,10897,10898,10898,1,1
2019-09-16 15:37:12.095,10898,10899,10898,1,-1
2019-09-16 15:37:18.825,10898,10899,10898,2,-2
2019-09-16 15:37:24.781,10898,10899,10899,1,1
2019-09-16 15:37:29.605,10898,10899,10899,2,2
2019-09-16 15:37:30.374,10898,10899,10899,1,1
2019-09-16 15:37:31.000,10898,10899,10898,10,-10
2019-09-16 15:37:45.933,10898,10899,10898,1,-1
2019-09-16 15:37:52.913,10898,10899,10898,1,-1
2019-09-16 15:37:54.662,10898,10899,10898,1,-1
2019-09-16 15:37:55.359,10898,10899,10898,1,-1
2019-09-16 15:38:00.042,10898,10899,10899,6,6
2019-09-16 15:38:00.198,10899,10900,10899,1,-1
2019-09-16 15:38:09.949,10899,10900,10900,1,1
2019-09-16 15:38:14.434,10899,10900,10900,1,1
2019-09-16 15:38:31.791,10899,10900,10900,1,1
2019-09-16 15:38:32.935,10899,10900,10900,1,1
2019-09-16 15:38:33.889,10899,10900,10900,1,1
2019-09-16 15:38:36.641,10899,10900,10900,2,2
2019-09-16 15:38:41.577,10899,10900,10900,3,3
2019-09-16 15:38:43.122,10899,10900,10900,1,1
2019-09-16 15:38:43.163,10899,10900,10900,1,1
2019-09-16 15:38:43.260,10899,10900,10900,1,1
2019-09-16 15:38:58.719,10899,10900,10900,1,1
2019-09-16 15:39:10.798,10899,10900,10900,2,2
2019-09-16 15:39:16.519,10900,10901,10900,2,-2
2019-09-16 15:39:16.748,10900,10901,10900,1,-1
2019-09-16 15:39:30.552,10900,10901,10900,1,-1
2019-09-16 15:39:33.880,10900,10901,10901,2,2
2019-09-16 15:39:40.200,10900,10901,10901,2,2
2019-09-16 15:39:46.192,10900,10901,10901,1,1
2019-09-16 15:39:46.516,10900,10901,10900,1,-1
2019-09-16 15:40:04.558,10900,10901,10901,2,2
2019-09-16 15:40:05.420,10900,10901,10901,3,3
2019-09-16 15:40:05.625,10900,10901,10900,2,-2
2019-09-16 15:40:05.625,10900,10901,10900,1,-1
2019-09-16 15:40:07.124,10900,10901,10901,2,2
2019-09-16 15:40:10.321,10900,10901,10901,1,1
2019-09-16 15:40:11.706,10900,10901,10901,1,1
2019-09-16 15:40:15.736,10900,10901,10901,1,1
2019-09-16 15:40:27.465,10900,10901,10901,1,1
2019-09-16 15:40:28.404,10900,10901,10901,4,4
2019-09-16 15:40:28.510,10900,10901,10901,2,2
2019-09-16 15:40:29.974,10900,10901,10901,1,1
2019-09-16 15:40:30.179,10900,10901,10901,1,1
2019-09-16 15:40:30.260,10900,10901,10901,2,2
2019-09-16 15:40:33.646,10900,10901,10901,2,2
2019-09-16 15:40:41.612,10900,10901,10901,3,3
2019-09-16 15:40:42.904,10900,10901,10900,1,-1
2019-09-16 15:40:42.905,10900,10901,10900,10,-10
2019-09-16 15:40:42.905,10900,10901,10900,17,-17
2019-09-16 15:40:42.905,10900,10901,10900,1,-1
2019-09-16 15:40:42.905,10900,10901,10900,2,-2
2019-09-16 15:40:48.824,10899,10900,10899,8,-8
2019-09-16 15:40:49.135,10898,10899,10899,1,1
2019-09-16 15:40:51.803,10899,10900,10899,1,-1
2019-09-16 15:40:51.907,10898,10899,10899,1,1
2019-09-16 15:40:57.558,10899,10900,10899,1,-1
2019-09-16 15:41:00.489,10899,10900,10899,4,-4
2019-09-16 15:41:02.689,10898,10900,10900,2,2
2019-09-16 15:41:06.904,10898,10900,10900,1,1
2019-09-16 15:41:29.432,10898,10900,10900,1,1
2019-09-16 15:41:41.111,10898,10900,10900,1,1
2019-09-16 15:41:51.657,10898,10900,10898,1,-1
2019-09-16 15:42:10.463,10898,10899,10899,1,1
2019-09-16 15:42:18.086,10898,10899,10899,4,4
2019-09-16 15:42:18.771,10899,10900,10899,1,-1
2019-09-16 15:42:23.536,10899,10900,10899,1,-1
2019-09-16 15:42:23.825,10899,10900,10899,1,-1
2019-09-16 15:42:27.460,10899,10900,10899,1,-1
2019-09-16 15:42:31.323,10899,10900,10899,2,-2
2019-09-16 15:43:00.187,10899,10900,10899,2,-2
2019-09-16 15:43:04.719,10899,10900,10900,1,1
2019-09-16 15:43:07.594,10899,10900,10899,1,-1
2019-09-16 15:43:37.681,10899,10900,10900,1,1
2019-09-16 15:43:38.102,10899,10900,10899,2,-2
2019-09-16 15:43:49.292,10899,10900,10900,1,1
2019-09-16 15:44:27.111,10899,10900,10899,5,-5
2019-09-16 15:44:27.442,10898,10899,10898,1,-1
2019-09-16 15:44:27.444,10898,10899,10898,1,-1
2019-09-16 15:44:35.042,10898,10899,10898,3,-3
2019-09-16 15:44:37.146,10898,10899,10898,1,-1
2019-09-16 15:44:41.178,10898,10899,10899,4,4
2019-09-16 15:45:03.699,10898,10899,10899,1,1
2019-09-16 15:45:03.699,10898,10899,10899,4,4
2019-09-16 15:45:05.318,10899,10900,10899,1,-1
2019-09-16 15:45:08.639,10899,10900,10899,1,-1
2019-09-16 15:45:10.685,10899,10900,10899,1,-1
2019-09-16 15:45:12.988,10899,10900,10899,2,-2
2019-09-16 15:45:12.988,10899,10900,10899,3,-3
2019-09-16 15:45:24.459,10898,10899,10899,1,1
2019-09-16 15:45:26.584,10898,10899,10899,1,1
2019-09-16 15:45:36.835,10898,10899,10899,5,5
2019-09-16 15:45:47.108,10898,10899,10899,4,4
2019-09-16 15:45:54.192,10898,10899,10899,2,2
2019-09-16 15:45:57.282,10898,10899,10898,1,-1
2019-09-16 15:46:02.700,10898,10899,10898,1,-1
2019-09-16 15:46:23.807,10898,10899,10898,1,-1
2019-09-16 15:46:25.816,10898,10899,10898,1,-1
2019-09-16 15:46:26.000,10898,10899,10898,9,-9
2019-09-16 15:46:31.231,10897,10898,10898,2,2
2019-09-16 15:46:48.485,10897,10898,10898,1,1
2019-09-16 15:46:54.823,10897,10898,10898,1,1
2019-09-16 15:46:58.348,10897,10898,10898,1,1
2019-09-16 15:46:59.198,10897,10898,10898,1,1
2019-09-16 15:47:07.679,10897,10898,10898,1,1
2019-09-16 15:47:13.420,10897,10898,10898,1,1
2019-09-16 15:47:52.849,10897,10898,10898,2,2
2019-09-16 15:47:54.733,10898,10899,10898,1,-1
2019-09-16 15:48:03.150,10898,10899,10899,1,1
2019-09-16 15:48:05.555,10898,10899,10899,1,1
2019-09-16 15:48:11.716,10898,10899,10899,2,2
2019-09-16 15:48:11.716,10898,10899,10899,1,1
2019-09-16 15:48:17.081,10899,10900,10899,2,-2
2019-09-16 15:48:17.314,10899,10900,10899,1,-1
2019-09-16 15:48:35.997,10898,10899,10899,1,1
2019-09-16 15:48:54.965,10898,10899,10899,2,2
2019-09-16 15:48:56.976,10898,10899,10899,1,1
2019-09-16 15:49:00.013,10898,10899,10899,1,1
2019-09-16 15:49:19.744,10899,10900,10900,1,1
2019-09-16 15:49:19.759,10899,10900,10900,2,2
2019-09-16 15:49:19.760,10899,10900,10900,7,7
2019-09-16 15:49:19.760,10899,10900,10900,2,2
2019-09-16 15:49:19.760,10899,10900,10900,2,2
2019-09-16 15:49:19.760,10899,10900,10900,8,8
2019-09-16 15:49:32.821,10900,10901,10900,1,-1
2019-09-16 15:49:39.827,10899,10900,10900,1,1
2019-09-16 15:49:45.443,10900,10901,10900,1,-1
2019-09-16 15:49:54.047,10900,10901,10900,2,-2
2019-09-16 15:49:56.635,10899,10901,10899,1,-1
2019-09-16 15:50:07.635,10899,10900,10899,1,-1
2019-09-16 15:50:16.181,10899,10900,10899,1,-1
2019-09-16 15:50:29.638,10899,10900,10899,1,-1
2019-09-16 15:50:53.463,10899,10900,10900,2,2
2019-09-16 15:51:16.673,10900,10901,10900,1,-1
2019-09-16 15:51:32.234,10899,10900,10900,7,7
2019-09-16 15:51:41.260,10899,10900,10900,1,1
2019-09-16 15:52:04.069,10899,10900,10900,1,1
2019-09-16 15:52:20.181,10899,10900,10900,1,1
2019-09-16 15:52:22.426,10899,10900,10899,1,-1
2019-09-16 15:52:26.624,10899,10900,10899,7,-7
2019-09-16 15:52:51.761,10899,10900,10899,1,-1
2019-09-16 15:53:50.459,10899,10900,10899,2,-2
2019-09-16 15:53:59.733,10899,10900,10899,1,-1
2019-09-16 15:54:08.957,10899,10900,10899,1,-1
2019-09-16 15:54:36.487,10899,10900,10899,1,-1
2019-09-16 15:54:36.487,10899,10900,10899,1,-1
2019-09-16 15:54:36.487,10899,10900,10899,1,-1
2019-09-16 15:54:36.490,10899,10900,10899,1,-1
2019-09-16 15:54:44.011,10899,10900,10899,1,-1
2019-09-16 15:54:45.372,10898,10900,10898,2,-2
2019-09-16 15:55:01.451,10898,10899,10898,6,-6
2019-09-16 15:55:01.457,10898,10899,10898,1,-1
2019-09-16 15:55:06.135,10898,10899,10899,1,1
2019-09-16 15:55:07.482,10898,10899,10899,1,1
2019-09-16 15:55:15.519,10898,10899,10899,2,2
2019-09-16 15:55:16.487,10898,10899,10899,1,1
2019-09-16 15:55:29.077,10898,10899,10898,1,-1
2019-09-16 15:55:37.119,10898,10899,10899,1,1
2019-09-16 15:55:37.120,10898,10899,10899,2,2
2019-09-16 15:55:38.862,10899,10900,10899,1,-1
2019-09-16 15:55:39.520,10899,10900,10899,1,-1
2019-09-16 15:55:42.219,10899,10900,10899,1,-1
2019-09-16 15:55:43.302,10899,10900,10899,1,-1
2019-09-16 15:55:57.635,10899,10900,10900,1,1
2019-09-16 15:56:02.394,10899,10900,10900,1,1
2019-09-16 15:56:06.836,10899,10900,10900,1,1
2019-09-16 15:56:07.635,10899,10900,10900,4,4
2019-09-16 15:56:07.760,10899,10900,10900,1,1
2019-09-16 15:56:07.760,10899,10900,10900,4,4
2019-09-16 15:56:13.768,10900,10901,10901,1,1
2019-09-16 15:56:17.713,10900,10901,10901,1,1
2019-09-16 15:56:17.947,10900,10901,10901,1,1
2019-09-16 15:56:37.072,10900,10901,10901,1,1
2019-09-16 15:56:37.536,10900,10901,10901,5,5
2019-09-16 15:56:48.235,10900,10901,10901,1,1
2019-09-16 15:56:48.235,10900,10901,10901,2,2
2019-09-16 15:56:48.648,10900,10901,10901,1,1
2019-09-16 15:56:48.648,10900,10901,10901,5,5
2019-09-16 15:56:48.649,10900,10901,10901,4,4
2019-09-16 15:57:02.946,10900,10901,10901,1,1
2019-09-16 15:57:05.515,10900,10901,10901,1,1
2019-09-16 15:57:10.210,10900,10901,10901,2,2
2019-09-16 15:57:10.482,10900,10901,10901,1,1
2019-09-16 15:57:11.188,10900,10901,10901,2,2
2019-09-16 15:57:16.037,10900,10901,10901,6,6
2019-09-16 15:57:18.621,10900,10901,10901,1,1
2019-09-16 15:57:22.555,10900,10901,10901,1,1
2019-09-16 15:57:22.715,10900,10901,10901,2,2
2019-09-16 15:57:27.110,10900,10901,10901,1,1
2019-09-16 15:57:27.533,10900,10901,10901,2,2
2019-09-16 15:57:31.401,10901,10902,10901,2,-2
2019-09-16 15:57:31.971,10901,10902,10901,2,-2
2019-09-16 15:57:32.534,10900,10901,10901,1,1
2019-09-16 15:57:39.184,10900,10901,10901,1,1
2019-09-16 15:57:39.261,10900,10901,10901,1,1
2019-09-16 15:57:54.902,10901,10902,10901,1,-1
2019-09-16 15:58:00.506,10901,10902,10901,1,-1
2019-09-16 15:58:00.885,10900,10901,10901,1,1
2019-09-16 15:58:22.135,10901,10902,10901,1,-1
2019-09-16 15:59:07.611,10900,10901,10901,2,2
2019-09-16 15:59:13.041,10901,10902,10901,1,-1
2019-09-16 16:00:37.004,10901,10902,10901,1,-1
2019-09-16 16:00:37.071,10901,10902,10901,2,-2
2019-09-16 16:00:37.071,10901,10902,10901,8,-8
2019-09-16 16:00:37.073,10901,10902,10901,2,-2
2019-09-16 16:00:37.074,10901,10902,10901,2,-2
2019-09-16 16:00:37.081,10901,10902,10901,2,-2
2019-09-16 16:00:37.113,10901,10902,10901,2,-2
2019-09-16 16:00:37.113,10901,10902,10901,1,-1
2019-09-16 16:00:37.606,10900,10901,10901,1,1
2019-09-16 16:00:37.606,10900,10901,10901,1,1
2019-09-16 16:00:37.635,10900,10901,10901,1,1
2019-09-16 16:00:39.379,10900,10901,10900,1,-1
2019-09-16 16:00:41.982,10900,10901,10900,2,-2
2019-09-16 16:00:52.527,10900,10901,10900,1,-1
2019-09-16 16:01:40.228,10900,10901,10901,2,2
2019-09-16 16:01:40.481,10900,10901,10901,1,1
2019-09-16 16:01:44.643,10900,10901,10901,1,1
2019-09-16 16:01:57.928,10900,10901,10901,9,9
2019-09-16 16:02:07.853,10900,10901,10901,4,4
2019-09-16 16:02:08.359,10900,10901,10901,7,7
2019-09-16 16:02:24.461,10901,10902,10902,2,2
2019-09-16 16:02:24.462,10901,10902,10902,11,11
2019-09-16 16:02:24.462,10901,10902,10902,10,10
2019-09-16 16:02:24.462,10901,10902,10902,1,1
2019-09-16 16:02:24.462,10901,10902,10902,4,4
2019-09-16 16:02:36.711,10902,10903,10902,1,-1
2019-09-16 16:02:38.972,10902,10903,10903,14,14
2019-09-16 16:02:39.149,10903,10904,10904,1,1
2019-09-16 16:02:39.433,10903,10904,10904,1,1
2019-09-16 16:02:39.455,10903,10904,10904,1,1
2019-09-16 16:02:39.635,10903,10904,10904,2,2
2019-09-16 16:02:50.899,10903,10904,10904,1,1
2019-09-16 16:02:51.190,10903,10904,10904,1,1
2019-09-16 16:02:56.480,10903,10904,10903,6,-6
2019-09-16 16:03:00.085,10903,10904,10903,1,-1
2019-09-16 16:03:00.085,10903,10904,10903,1,-1
2019-09-16 16:03:01.994,10902,10904,10904,1,1
2019-09-16 16:03:07.580,10903,10904,10904,1,1
2019-09-16 16:03:20.594,10903,10904,10904,1,1
2019-09-16 16:03:23.587,10903,10904,10903,1,-1
2019-09-16 16:03:38.246,10903,10904,10904,1,1
2019-09-16 16:03:39.110,10903,10904,10903,1,-1
2019-09-16 16:03:41.283,10903,10904,10904,1,1
2019-09-16 16:03:51.101,10903,10904,10903,2,-2
2019-09-16 16:03:59.150,10903,10904,10903,1,-1
2019-09-16 16:03:59.306,10903,10904,10904,1,1
2019-09-16 16:04:03.747,10903,10904,10904,2,2
2019-09-16 16:04:03.760,10903,10904,10904,1,1
2019-09-16 16:04:03.761,10903,10904,10904,15,15
2019-09-16 16:04:06.886,10904,10905,10904,1,-1
2019-09-16 16:04:08.581,10904,10905,10905,2,2
2019-09-16 16:04:08.582,10904,10905,10905,1,1
2019-09-16 16:04:08.582,10904,10905,10905,3,3
2019-09-16 16:04:08.582,10904,10905,10905,5,5
2019-09-16 16:04:08.582,10904,10905,10905,4,4
2019-09-16 16:04:08.583,10904,10905,10905,1,1
2019-09-16 16:04:08.583,10904,10905,10905,3,3
2019-09-16 16:04:08.583,10904,10905,10905,2,2
2019-09-16 16:04:08.583,10904,10905,10905,2,2
2019-09-16 16:04:08.584,10904,10905,10905,1,1
2019-09-16 16:04:08.584,10904,10905,10905,1,1
2019-09-16 16:04:08.630,10904,10905,10905,1,1
2019-09-16 16:04:08.635,10904,10905,10905,4,4
2019-09-16 16:04:08.635,10904,10905,10905,1,1
2019-09-16 16:04:08.636,10904,10905,10905,3,3
2019-09-16 16:04:09.018,10905,10906,10905,1,-1
2019-09-16 16:04:13.384,10905,10906,10906,18,18
2019-09-16 16:04:13.540,10906,10907,10907,1,1
2019-09-16 16:04:16.374,10906,10907,10906,1,-1
2019-09-16 16:04:17.203,10906,10907,10906,1,-1
2019-09-16 16:04:19.143,10906,10907,10907,1,1
2019-09-16 16:04:24.553,10906,10907,10907,1,1
2019-09-16 16:04:27.194,10906,10907,10907,1,1
2019-09-16 16:04:27.904,10906,10907,10907,1,1
2019-09-16 16:04:28.148,10906,10907,10907,1,1
2019-09-16 16:04:29.397,10906,10907,10907,1,1
2019-09-16 16:04:31.865,10906,10907,10906,1,-1
2019-09-16 16:04:33.387,10906,10907,10906,11,-11
2019-09-16 16:04:33.442,10906,10907,10906,3,-3
2019-09-16 16:04:33.894,10905,10906,10906,2,2
2019-09-16 16:04:40.137,10905,10906,10906,1,1
2019-09-16 16:04:43.429,10905,10906,10906,1,1
2019-09-16 16:04:44.625,10905,10906,10906,1,1
2019-09-16 16:04:44.628,10905,10906,10906,2,2
2019-09-16 16:04:45.367,10905,10907,10907,2,2
2019-09-16 16:04:51.626,10906,10907,10907,1,1
2019-09-16 16:04:55.758,10906,10907,10907,20,20
2019-09-16 16:04:56.011,10906,10907,10907,2,2
2019-09-16 16:04:58.483,10906,10907,10907,3,3
2019-09-16 16:05:07.916,10906,10907,10907,2,2
2019-09-16 16:05:29.393,10906,10907,10907,1,1
2019-09-16 16:05:30.943,10906,10907,10907,3,3
2019-09-16 16:05:36.637,10906,10907,10906,1,-1
2019-09-16 16:05:49.991,10906,10907,10906,1,-1
2019-09-16 16:05:53.237,10906,10907,10906,1,-1
2019-09-16 16:05:57.468,10906,10907,10906,1,-1
2019-09-16 16:05:58.950,10906,10907,10906,1,-1
2019-09-16 16:06:02.085,10906,10907,10906,5,-5
2019-09-16 16:06:04.204,10906,10907,10906,2,-2
2019-09-16 16:06:09.482,10905,10906,10906,1,1
2019-09-16 16:06:14.024,10905,10906,10906,2,2
2019-09-16 16:06:16.618,10905,10906,10906,1,1
2019-09-16 16:06:19.792,10905,10906,10906,1,1
2019-09-16 16:06:20.625,10905,10906,10906,2,2
2019-09-16 16:06:24.164,10905,10906,10906,1,1
2019-09-16 16:06:24.167,10905,10906,10906,2,2
2019-09-16 16:06:26.673,10906,10907,10907,1,1
2019-09-16 16:06:44.136,10906,10907,10907,2,2
2019-09-16 16:06:44.137,10906,10907,10907,3,3
2019-09-16 16:06:44.375,10906,10907,10907,1,1
2019-09-16 16:06:44.414,10906,10907,10907,4,4
2019-09-16 16:06:46.762,10906,10907,10907,1,1
2019-09-16 16:06:46.827,10906,10907,10907,8,8
2019-09-16 16:06:51.862,10907,10908,10907,1,-1
2019-09-16 16:06:52.599,10907,10908,10907,1,-1
2019-09-16 16:06:52.782,10907,10908,10908,1,1
2019-09-16 16:06:53.395,10907,10908,10908,1,1
2019-09-16 16:06:55.899,10907,10908,10908,1,1
2019-09-16 16:06:59.310,10907,10908,10908,5,5
2019-09-16 16:07:07.893,10907,10908,10907,5,-5
2019-09-16 16:07:13.747,10907,10908,10907,2,-2
2019-09-16 16:07:18.010,10907,10908,10907,2,-2
2019-09-16 16:07:31.130,10907,10908,10907,1,-1
2019-09-16 16:07:35.251,10907,10908,10908,1,1
2019-09-16 16:07:37.914,10907,10908,10907,1,-1
2019-09-16 16:07:39.523,10907,10908,10907,7,-7
2019-09-16 16:07:39.523,10907,10908,10907,1,-1
2019-09-16 16:07:39.523,10907,10908,10907,1,-1
2019-09-16 16:07:39.645,10906,10907,10907,1,1
2019-09-16 16:07:39.699,10906,10907,10907,1,1
2019-09-16 16:07:39.724,10906,10907,10907,1,1
2019-09-16 16:07:39.760,10906,10907,10907,2,2
2019-09-16 16:07:42.955,10906,10907,10907,1,1
2019-09-16 16:07:44.146,10906,10907,10907,2,2
2019-09-16 16:07:50.054,10907,10908,10907,1,-1
2019-09-16 16:07:52.837,10907,10908,10907,1,-1
2019-09-16 16:08:08.940,10907,10908,10907,5,-5
2019-09-16 16:08:21.198,10907,10908,10907,1,-1
2019-09-16 16:08:23.561,10907,10908,10907,2,-2
2019-09-16 16:08:37.360,10907,10908,10907,3,-3
2019-09-16 16:08:37.361,10907,10908,10907,2,-2
2019-09-16 16:08:37.385,10907,10908,10907,5,-5
2019-09-16 16:08:46.613,10906,10907,10906,1,-1
2019-09-16 16:08:47.694,10906,10907,10906,5,-5
2019-09-16 16:09:00.089,10906,10907,10906,1,-1
2019-09-16 16:09:02.880,10905,10906,10906,1,1
2019-09-16 16:09:33.834,10906,10907,10906,1,-1
2019-09-16 16:09:42.263,10906,10907,10907,17,17
2019-09-16 16:09:42.264,10906,10907,10907,2,2
2019-09-16 16:09:42.385,10906,10907,10907,1,1
2019-09-16 16:09:46.629,10907,10908,10908,2,2
2019-09-16 16:10:00.613,10907,10908,10908,11,11
2019-09-16 16:10:00.613,10907,10908,10908,27,27
2019-09-16 16:10:00.739,10907,10909,10909,1,1
2019-09-16 16:10:00.888,10908,10909,10909,1,1
2019-09-16 16:10:00.889,10908,10909,10909,1,1
2019-09-16 16:10:01.135,10908,10909,10909,3,3
2019-09-16 16:10:01.643,10908,10909,10909,1,1
2019-09-16 16:10:02.091,10908,10909,10908,1,-1
2019-09-16 16:10:02.138,10908,10909,10909,2,2
2019-09-16 16:10:05.295,10908,10909,10909,1,1
2019-09-16 16:10:07.759,10908,10909,10909,2,2
2019-09-16 16:10:08.238,10908,10909,10909,4,4
2019-09-16 16:10:10.593,10908,10909,10909,1,1
2019-09-16 16:10:10.803,10909,10910,10910,3,3
2019-09-16 16:10:10.818,10909,10910,10910,1,1
2019-09-16 16:10:10.832,10909,10910,10910,1,1
2019-09-16 16:10:10.848,10909,10910,10910,1,1
2019-09-16 16:10:10.864,10909,10910,10910,1,1
2019-09-16 16:10:10.878,10909,10910,10910,4,4
2019-09-16 16:10:10.892,10909,10910,10910,1,1
2019-09-16 16:10:11.022,10909,10910,10910,1,1
2019-09-16 16:10:11.246,10909,10910,10909,1,-1
2019-09-16 16:10:16.134,10909,10910,10909,1,-1
2019-09-16 16:10:16.521,10909,10910,10909,1,-1
2019-09-16 16:10:29.605,10909,10910,10909,1,-1
2019-09-16 16:10:32.796,10909,10910,10909,1,-1
2019-09-16 16:10:34.455,10909,10910,10909,10,-10
2019-09-16 16:10:36.394,10909,10910,10909,5,-5
2019-09-16 16:10:37.540,10909,10910,10909,1,-1
2019-09-16 16:10:37.699,10909,10910,10909,1,-1
2019-09-16 16:10:40.556,10909,10910,10909,5,-5
2019-09-16 16:10:41.964,10909,10910,10909,1,-1
2019-09-16 16:10:42.135,10908,10909,10909,1,1
2019-09-16 16:10:47.938,10908,10909,10909,1,1
2019-09-16 16:10:49.424,10908,10909,10908,8,-8
2019-09-16 16:10:51.137,10907,10908,10907,2,-2
2019-09-16 16:11:03.404,10907,10908,10908,1,1
2019-09-16 16:11:03.441,10907,10908,10907,3,-3
2019-09-16 16:11:06.635,10907,10908,10907,4,-4
2019-09-16 16:11:12.722,10906,10907,10907,1,1
2019-09-16 16:11:22.254,10906,10908,10906,1,-1
2019-09-16 16:11:56.097,10906,10907,10907,1,1
2019-09-16 16:11:56.121,10906,10907,10906,1,-1
2019-09-16 16:11:56.569,10906,10907,10906,1,-1
2019-09-16 16:12:17.828,10906,10907,10906,1,-1
2019-09-16 16:12:18.530,10906,10907,10907,2,2
2019-09-16 16:12:29.431,10906,10907,10906,2,-2
2019-09-16 16:13:00.225,10906,10907,10907,1,1
2019-09-16 16:13:00.259,10906,10907,10906,1,-1
2019-09-16 16:13:00.260,10906,10907,10907,6,6
2019-09-16 16:13:00.385,10906,10907,10907,5,5
2019-09-16 16:13:05.607,10907,10908,10907,2,-2
2019-09-16 16:13:52.170,10907,10908,10907,2,-2
2019-09-16 16:13:52.956,10907,10908,10908,1,1
2019-09-16 16:14:10.111,10907,10908,10907,10,-10
2019-09-16 16:14:34.456,10906,10907,10907,2,2
2019-09-16 16:14:48.225,10906,10907,10907,2,2
2019-09-16 16:14:56.340,10906,10907,10907,1,1
2019-09-16 16:15:10.386,10906,10907,10907,1,1
2019-09-16 16:15:13.261,10906,10907,10907,1,1
2019-09-16 16:15:19.651,10906,10907,10906,3,-3
2019-09-16 16:15:21.307,10906,10907,10906,16,-16
2019-09-16 16:15:23.505,10905,10906,10905,4,-4
2019-09-16 16:15:23.510,10905,10906,10905,14,-14
2019-09-16 16:15:23.635,10905,10906,10905,2,-2
2019-09-16 16:15:23.635,10905,10906,10905,2,-2
2019-09-16 16:15:24.626,10904,10905,10904,1,-1
2019-09-16 16:15:27.878,10904,10905,10904,1,-1
2019-09-16 16:15:35.298,10904,10905,10904,1,-1
2019-09-16 16:15:37.378,10904,10905,10904,1,-1
2019-09-16 16:15:38.928,10904,10905,10905,3,3
2019-09-16 16:15:39.147,10905,10906,10905,2,-2
2019-09-16 16:15:42.107,10905,10906,10905,1,-1
2019-09-16 16:15:42.345,10905,10906,10905,1,-1
2019-09-16 16:15:50.364,10905,10906,10905,1,-1
2019-09-16 16:15:56.745,10905,10906,10905,2,-2
2019-09-16 16:16:02.084,10905,10906,10905,1,-1
2019-09-16 16:16:05.109,10905,10906,10905,5,-5
2019-09-16 16:16:05.831,10905,10906,10905,1,-1
2019-09-16 16:16:36.516,10904,10905,10904,12,-12
2019-09-16 16:16:50.198,10903,10904,10904,5,5
2019-09-16 16:16:58.510,10904,10905,10904,1,-1
2019-09-16 16:17:30.614,10903,10904,10904,6,6
2019-09-16 16:17:38.620,10904,10905,10905,4,4
2019-09-16 16:17:38.620,10904,10905,10906,1,1
2019-09-16 16:17:40.524,10905,10906,10905,1,-1
2019-09-16 16:17:56.576,10905,10906,10905,1,-1
2019-09-16 16:18:16.010,10904,10905,10904,1,-1
2019-09-16 16:18:32.033,10903,10904,10903,1,-1
2019-09-16 16:18:55.104,10903,10904,10903,1,-1
2019-09-16 16:19:00.686,10903,10904,10903,1,-1
2019-09-16 16:19:18.868,10903,10904,10903,1,-1
2019-09-16 16:19:35.642,10903,10904,10903,4,-4
2019-09-16 16:19:35.786,10903,10904,10903,1,-1
2019-09-16 16:19:36.407,10903,10904,10903,1,-1
2019-09-16 16:20:15.479,10903,10904,10903,1,-1
2019-09-16 16:20:15.851,10903,10904,10903,1,-1
2019-09-16 16:20:16.190,10903,10904,10903,1,-1
2019-09-16 16:20:21.665,10903,10904,10903,1,-1
2019-09-16 16:20:40.233,10903,10904,10903,1,-1
2019-09-16 16:20:49.255,10903,10904,10904,4,4
2019-09-16 16:20:54.758,10903,10904,10904,1,1
2019-09-16 16:20:54.857,10903,10904,10903,8,-8
2019-09-16 16:21:01.706,10902,10903,10903,1,1
2019-09-16 16:21:11.288,10902,10903,10903,1,1
2019-09-16 16:21:11.681,10902,10903,10903,1,1
2019-09-16 16:21:47.930,10902,10903,10903,1,1
2019-09-16 16:21:53.325,10902,10903,10903,1,1
2019-09-16 16:22:02.828,10902,10903,10902,1,-1
2019-09-16 16:22:03.312,10902,10903,10902,1,-1
2019-09-16 16:22:10.520,10902,10903,10902,1,-1
2019-09-16 16:22:14.998,10902,10903,10902,1,-1
2019-09-16 16:22:28.755,10902,10903,10902,1,-1
2019-09-16 16:22:36.498,10902,10903,10902,1,-1
2019-09-16 16:22:42.908,10902,10903,10903,4,4
2019-09-16 16:22:59.326,10902,10903,10903,1,1
2019-09-16 16:23:01.929,10902,10903,10903,4,4
2019-09-16 16:23:04.230,10903,10904,10903,3,-3
2019-09-16 16:23:27.658,10903,10904,10904,1,1
2019-09-16 16:23:34.398,10903,10904,10903,3,-3
2019-09-16 16:24:03.135,10903,10904,10904,1,1
2019-09-16 16:24:03.260,10903,10904,10904,8,8
2019-09-16 16:24:03.740,10904,10905,10904,1,-1
2019-09-16 16:24:04.238,10904,10905,10904,1,-1
2019-09-16 16:24:10.861,10904,10905,10904,1,-1
2019-09-16 16:24:15.493,10904,10905,10904,1,-1
2019-09-16 16:24:19.941,10904,10905,10905,1,1
2019-09-16 16:24:23.020,10904,10905,10904,3,-3
2019-09-16 16:24:54.193,10904,10905,10904,1,-1
2019-09-16 16:24:55.143,10903,10904,10904,1,1
2019-09-16 16:25:06.957,10903,10904,10904,2,2
2019-09-16 16:25:33.196,10904,10905,10905,6,6
2019-09-16 16:25:35.588,10904,10905,10905,1,1
2019-09-16 16:26:07.247,10904,10905,10905,1,1
2019-09-16 16:26:07.260,10904,10905,10905,2,2
2019-09-16 16:26:10.725,10905,10906,10906,1,1
2019-09-16 16:26:10.806,10905,10906,10906,2,2
2019-09-16 16:26:23.319,10905,10906,10906,1,1
2019-09-16 16:26:26.777,10905,10906,10906,2,2
2019-09-16 16:26:29.166,10905,10906,10905,1,-1
2019-09-16 16:26:29.166,10905,10906,10905,1,-1
2019-09-16 16:26:42.617,10904,10905,10905,1,1
2019-09-16 16:26:45.042,10904,10905,10905,1,1
2019-09-16 16:27:06.415,10904,10905,10904,1,-1
2019-09-16 16:27:07.515,10904,10905,10904,8,-8
2019-09-16 16:27:09.367,10903,10904,10904,1,1
2019-09-16 16:27:16.030,10903,10904,10903,9,-9
2019-09-16 16:27:30.599,10903,10904,10903,1,-1
2019-09-16 16:27:31.916,10903,10904,10903,1,-1
2019-09-16 16:27:33.629,10903,10904,10903,1,-1
2019-09-16 16:27:38.942,10902,10903,10903,2,2
2019-09-16 16:27:56.865,10902,10903,10902,1,-1
2019-09-16 16:28:19.046,10902,10903,10903,3,3
2019-09-16 16:28:34.649,10903,10904,10904,1,1
2019-09-16 16:28:34.657,10903,10904,10904,1,1
2019-09-16 16:28:34.690,10903,10904,10904,1,1
2019-09-16 16:28:34.698,10903,10904,10904,1,1
2019-09-16 16:28:37.504,10903,10904,10903,1,-1
2019-09-16 16:29:00.909,10903,10904,10903,1,-1
2019-09-16 16:29:17.997,10903,10904,10903,5,-5
2019-09-16 16:29:18.011,10903,10904,10903,9,-9
2019-09-16 16:29:42.539,10902,10903,10903,3,3
2019-09-16 16:29:45.003,10902,10903,10902,2,-2
2019-09-16 16:29:45.011,10902,10903,10902,14,-14
2019-09-16 16:29:46.779,10901,10902,10902,1,1
2019-09-16 16:29:58.293,10902,10903,10902,1,-1
2019-09-16 16:30:12.811,10902,10903,10902,1,-1
2019-09-16 16:30:13.413,10902,10903,10902,1,-1
2019-09-16 16:30:30.601,10902,10903,10903,1,1
2019-09-16 16:30:30.635,10902,10903,10903,1,1
2019-09-16 16:30:39.733,10903,10904,10903,1,-1
2019-09-16 16:30:49.190,10903,10904,10904,1,1
2019-09-16 16:31:18.866,10903,10904,10904,1,1
2019-09-16 16:31:37.741,10903,10904,10903,10,-10
2019-09-16 16:31:38.529,10902,10903,10903,2,2
2019-09-16 16:31:51.649,10902,10903,10903,1,1
2019-09-16 16:31:57.010,10903,10904,10903,4,-4
2019-09-16 16:32:20.984,10903,10904,10903,1,-1
2019-09-16 16:32:25.687,10903,10904,10903,3,-3
2019-09-16 16:32:46.391,10903,10904,10903,1,-1
2019-09-16 16:33:27.633,10902,10903,10903,2,2
2019-09-16 16:33:51.358,10903,10904,10903,1,-1
2019-09-16 16:33:59.471,10903,10904,10903,1,-1
2019-09-16 16:34:39.388,10903,10904,10904,6,6
2019-09-16 16:34:51.364,10904,10905,10904,2,-2
2019-09-16 16:34:51.480,10904,10905,10904,1,-1
2019-09-16 16:35:07.552,10904,10905,10905,3,3
2019-09-16 16:35:07.552,10904,10905,10905,2,2
2019-09-16 16:35:07.578,10904,10905,10905,3,3
2019-09-16 16:35:09.214,10905,10906,10906,1,1
2019-09-16 16:35:09.571,10905,10906,10906,2,2
2019-09-16 16:35:09.604,10905,10906,10906,2,2
2019-09-16 16:35:09.635,10905,10906,10906,1,1
2019-09-16 16:35:09.692,10905,10906,10907,1,1
2019-09-16 16:35:09.697,10905,10906,10907,1,1
2019-09-16 16:35:09.776,10905,10907,10907,1,1
2019-09-16 16:35:12.882,10906,10907,10907,1,1
2019-09-16 16:35:15.136,10906,10907,10906,7,-7
2019-09-16 16:35:44.313,10905,10906,10905,2,-2
2019-09-16 16:35:44.385,10904,10905,10905,2,2
2019-09-16 16:35:44.873,10904,10905,10905,2,2
2019-09-16 16:35:50.893,10904,10905,10905,1,1
2019-09-16 16:35:56.272,10904,10905,10905,1,1
2019-09-16 16:35:56.444,10904,10905,10904,15,-15
2019-09-16 16:35:57.142,10903,10904,10904,5,5
2019-09-16 16:36:01.675,10903,10904,10904,2,2
2019-09-16 16:36:13.675,10903,10904,10904,1,1
2019-09-16 16:36:14.288,10903,10904,10904,1,1
2019-09-16 16:36:14.288,10903,10904,10905,1,1
2019-09-16 16:36:26.285,10904,10905,10904,1,-1
2019-09-16 16:36:30.569,10903,10904,10904,1,1
2019-09-16 16:36:30.569,10903,10904,10905,1,1
2019-09-16 16:36:41.055,10904,10905,10905,1,1
2019-09-16 16:36:52.262,10904,10905,10905,1,1
2019-09-16 16:37:06.107,10904,10905,10905,1,1
2019-09-16 16:37:08.344,10904,10905,10905,2,2
2019-09-16 16:37:51.663,10904,10905,10905,1,1
2019-09-16 16:37:52.213,10904,10905,10905,1,1
2019-09-16 16:37:54.293,10904,10905,10905,2,2
2019-09-16 16:37:58.921,10904,10905,10905,1,1
2019-09-16 16:38:53.568,10904,10905,10904,7,-7
2019-09-16 16:38:53.569,10904,10905,10904,1,-1
2019-09-16 16:38:53.635,10904,10905,10904,4,-4
2019-09-16 16:38:53.635,10904,10905,10904,2,-2
2019-09-16 16:38:53.760,10904,10905,10904,1,-1
2019-09-16 16:39:00.959,10904,10905,10904,1,-1
2019-09-16 16:39:00.959,10904,10905,10904,5,-5
2019-09-16 16:39:01.010,10903,10904,10904,10,10
2019-09-16 16:39:12.470,10903,10904,10904,1,1
2019-09-16 16:39:36.179,10903,10904,10904,1,1
2019-09-16 16:39:46.133,10904,10905,10904,5,-5
2019-09-16 16:39:56.521,10904,10905,10904,1,-1
2019-09-16 16:40:39.618,10904,10905,10904,2,-2
2019-09-16 16:40:40.505,10903,10904,10904,1,1
2019-09-16 16:40:40.922,10903,10904,10904,1,1
2019-09-16 16:41:19.648,10903,10904,10903,18,-18
2019-09-16 16:42:13.231,10902,10903,10902,1,-1
2019-09-16 16:42:13.291,10902,10903,10903,5,5
2019-09-16 16:42:13.609,10902,10903,10902,2,-2
2019-09-16 16:42:25.801,10902,10903,10902,1,-1
2019-09-16 16:42:26.734,10902,10903,10902,3,-3
2019-09-16 16:42:39.062,10902,10903,10902,8,-8
2019-09-16 16:43:05.073,10901,10902,10901,1,-1
2019-09-16 16:43:18.150,10901,10902,10901,1,-1
2019-09-16 16:43:32.658,10901,10902,10901,1,-1
2019-09-16 16:43:33.912,10901,10902,10902,8,8
2019-09-16 16:43:48.754,10902,10903,10902,4,-4
2019-09-16 16:43:58.833,10901,10902,10902,1,1
2019-09-16 16:44:15.199,10901,10902,10901,1,-1
2019-09-16 16:44:17.728,10901,10902,10901,1,-1
2019-09-16 16:44:19.650,10901,10902,10902,2,2
2019-09-16 16:44:19.885,10901,10902,10902,2,2
2019-09-16 16:44:19.901,10901,10902,10902,2,2
2019-09-16 16:44:19.923,10901,10902,10902,2,2
2019-09-16 16:44:20.240,10902,10903,10902,1,-1
2019-09-16 16:44:20.248,10902,10903,10902,1,-1
2019-09-16 16:44:27.836,10902,10903,10902,1,-1
2019-09-16 16:44:49.228,10902,10903,10902,1,-1
2019-09-16 16:45:46.054,10902,10903,10902,4,-4
2019-09-16 16:46:09.732,10902,10903,10902,1,-1
2019-09-16 16:46:34.878,10902,10903,10902,2,-2
2019-09-16 16:47:00.757,10901,10902,10902,2,2
2019-09-16 16:47:17.709,10901,10902,10902,2,2
2019-09-16 16:47:17.760,10901,10902,10902,2,2
2019-09-16 16:47:18.371,10902,10903,10902,1,-1
2019-09-16 16:47:18.580,10902,10903,10902,2,-2
2019-09-16 16:47:18.988,10902,10903,10902,1,-1
2019-09-16 16:47:28.129,10902,10903,10903,1,1
2019-09-16 16:49:39.740,10902,10903,10903,1,1
2019-09-16 16:50:06.145,10902,10903,10903,1,1
2019-09-16 16:50:18.230,10902,10903,10903,1,1
2019-09-16 16:50:18.602,10902,10903,10903,2,2
2019-09-16 16:50:18.885,10902,10903,10903,2,2
2019-09-16 16:50:18.885,10902,10903,10903,4,4
2019-09-16 16:50:34.011,10902,10903,10902,18,-18
2019-09-16 16:50:34.386,10901,10902,10902,1,1
2019-09-16 16:50:58.341,10901,10902,10902,1,1
2019-09-16 16:51:04.585,10901,10902,10902,1,1
2019-09-16 16:51:14.598,10901,10902,10901,29,-29
2019-09-16 16:51:21.153,10900,10901,10900,2,-2
2019-09-16 16:51:21.266,10900,10901,10900,1,-1
2019-09-16 16:51:21.282,10900,10901,10900,1,-1
2019-09-16 16:51:21.300,10900,10901,10900,1,-1
2019-09-16 16:51:31.356,10900,10901,10900,5,-5
2019-09-16 16:51:32.132,10900,10901,10900,1,-1
2019-09-16 16:51:36.635,10900,10901,10900,35,-35
2019-09-16 16:51:36.760,10900,10901,10900,3,-3
2019-09-16 16:51:40.800,10899,10900,10899,3,-3
2019-09-16 16:51:40.885,10899,10900,10899,12,-12
2019-09-16 16:51:40.983,10899,10900,10899,1,-1
2019-09-16 16:51:41.010,10899,10900,10899,1,-1
2019-09-16 16:51:41.010,10899,10900,10899,1,-1
2019-09-16 16:51:41.016,10899,10900,10898,1,-1
2019-09-16 16:51:41.060,10899,10900,10899,1,1
2019-09-16 16:51:41.060,10899,10900,10899,2,-2
2019-09-16 16:51:41.127,10899,10900,10899,2,-2
2019-09-16 16:51:41.127,10899,10900,10899,1,-1
2019-09-16 16:51:42.305,10898,10899,10898,2,-2
2019-09-16 16:51:43.176,10898,10899,10898,1,-1
2019-09-16 16:51:43.296,10898,10899,10898,1,-1
2019-09-16 16:51:43.774,10898,10899,10898,1,-1
2019-09-16 16:51:50.670,10898,10899,10898,23,-23
2019-09-16 16:51:52.112,10897,10898,10897,2,-2
2019-09-16 16:51:52.179,10897,10898,10897,5,-5
2019-09-16 16:51:52.371,10897,10898,10897,1,-1
2019-09-16 16:51:52.448,10897,10898,10897,1,-1
2019-09-16 16:51:54.902,10897,10898,10897,1,-1
2019-09-16 16:51:55.158,10897,10898,10897,1,-1
2019-09-16 16:51:55.258,10897,10898,10897,3,-3
2019-09-16 16:51:55.621,10897,10898,10897,1,-1
2019-09-16 16:51:56.115,10897,10898,10897,1,-1
2019-09-16 16:52:00.870,10897,10898,10897,1,-1
2019-09-16 16:52:00.970,10897,10898,10897,3,-3
2019-09-16 16:52:02.136,10896,10897,10897,1,1
2019-09-16 16:52:02.141,10896,10897,10897,2,2
2019-09-16 16:52:02.147,10896,10897,10897,2,2
2019-09-16 16:52:02.158,10896,10897,10897,1,1
2019-09-16 16:52:02.363,10897,10898,10897,1,-1
2019-09-16 16:52:02.487,10897,10898,10897,1,-1
2019-09-16 16:52:05.253,10897,10898,10897,1,-1
2019-09-16 16:52:09.011,10897,10898,10898,1,1
2019-09-16 16:52:09.012,10897,10898,10898,2,2
2019-09-16 16:52:09.012,10897,10898,10898,2,2
2019-09-16 16:52:09.012,10897,10898,10898,2,2
2019-09-16 16:52:09.013,10897,10898,10898,2,2
2019-09-16 16:52:09.013,10897,10898,10898,1,1
2019-09-16 16:52:09.014,10897,10898,10898,1,1
2019-09-16 16:52:09.014,10897,10898,10898,1,1
2019-09-16 16:52:09.172,10898,10899,10899,2,2
2019-09-16 16:52:09.261,10898,10899,10898,1,-1
2019-09-16 16:52:09.615,10898,10899,10898,1,-1
2019-09-16 16:52:18.558,10898,10899,10899,5,5
2019-09-16 16:52:28.574,10898,10899,10899,1,1
2019-09-16 16:52:38.019,10898,10899,10899,2,2
2019-09-16 16:52:47.683,10898,10899,10899,5,5
2019-09-16 16:52:56.130,10898,10899,10899,2,2
2019-09-16 16:52:56.939,10898,10899,10899,1,1
2019-09-16 16:53:00.861,10898,10899,10899,1,1
2019-09-16 16:53:09.566,10898,10899,10898,1,-1
2019-09-16 16:53:30.400,10898,10899,10898,2,-2
2019-09-16 16:53:31.781,10898,10899,10899,4,4
2019-09-16 16:53:38.032,10899,10900,10899,1,-1
2019-09-16 16:53:45.119,10899,10900,10899,2,-2
2019-09-16 16:53:48.002,10899,10900,10899,5,-5
2019-09-16 16:53:49.919,10899,10900,10899,1,-1
2019-09-16 16:53:58.635,10899,10900,10899,1,-1
2019-09-16 16:54:01.636,10899,10900,10900,4,4
2019-09-16 16:54:06.771,10899,10900,10900,1,1
2019-09-16 16:54:20.141,10899,10900,10900,1,1
2019-09-16 16:54:20.151,10899,10900,10899,2,-2
2019-09-16 16:54:37.885,10899,10900,10900,8,8
2019-09-16 16:54:42.180,10900,10901,10900,2,-2
2019-09-16 16:54:42.464,10900,10901,10900,2,-2
2019-09-16 16:54:44.337,10900,10901,10900,2,-2
2019-09-16 16:54:44.568,10900,10901,10900,2,-2
2019-09-16 16:54:54.621,10899,10900,10900,2,2
2019-09-16 16:54:54.635,10899,10900,10900,1,1
2019-09-16 16:54:54.651,10899,10900,10900,1,1
2019-09-16 16:54:54.651,10899,10900,10900,1,1
2019-09-16 16:54:54.651,10899,10900,10900,1,1
2019-09-16 16:54:54.677,10899,10900,10900,1,1
2019-09-16 16:55:03.254,10900,10901,10900,1,-1
2019-09-16 16:55:07.632,10900,10901,10900,1,-1
2019-09-16 16:55:07.632,10900,10901,10900,1,-1
2019-09-16 16:55:08.309,10900,10901,10900,3,-3
2019-09-16 16:55:12.019,10899,10900,10900,1,1
2019-09-16 16:55:20.380,10899,10900,10900,2,2
2019-09-16 16:55:24.010,10900,10901,10900,2,-2
2019-09-16 16:55:24.292,10900,10901,10900,2,-2
2019-09-16 16:55:34.842,10899,10900,10900,1,1
2019-09-16 16:55:36.503,10900,10901,10900,2,-2
2019-09-16 16:55:37.355,10900,10901,10900,1,-1
2019-09-16 16:55:39.100,10899,10900,10900,1,1
2019-09-16 16:55:40.061,10900,10901,10900,4,-4
2019-09-16 16:55:40.135,10899,10900,10900,1,1
2019-09-16 16:55:49.955,10899,10900,10900,5,5
2019-09-16 16:56:10.808,10900,10901,10901,3,3
2019-09-16 16:57:29.344,10901,10902,10901,2,-2
2019-09-16 16:58:22.454,10901,10902,10902,1,1
2019-09-16 16:58:42.544,10901,10902,10902,1,1
2019-09-16 16:59:05.451,10901,10902,10901,5,-5
2019-09-16 16:59:13.610,10900,10901,10901,2,2
2019-09-16 16:59:25.449,10900,10901,10901,3,3
2019-09-16 16:59:42.287,10901,10902,10901,1,-1
2019-09-16 17:00:03.375,10901,10902,10901,2,-2
2019-09-16 17:00:06.605,10901,10902,10901,1,-1
2019-09-16 17:00:18.624,10901,10902,10901,3,-3
2019-09-16 17:00:35.861,10900,10901,10901,1,1
2019-09-16 17:00:45.970,10900,10901,10900,1,-1
2019-09-16 17:00:54.214,10900,10901,10900,3,-3
2019-09-16 17:01:06.387,10900,10901,10900,1,-1
2019-09-16 17:01:06.396,10900,10901,10900,1,-1
2019-09-16 17:01:22.137,10900,10901,10900,1,-1
2019-09-16 17:01:27.265,10900,10901,10900,1,-1
2019-09-16 17:01:34.807,10900,10901,10900,3,-3
2019-09-16 17:01:34.807,10900,10901,10900,2,-2
2019-09-16 17:01:34.807,10900,10901,10900,1,-1
2019-09-16 17:01:34.807,10900,10901,10900,1,-1
2019-09-16 17:01:34.807,10900,10901,10900,1,-1
2019-09-16 17:01:38.730,10899,10900,10899,1,-1
2019-09-16 17:02:01.371,10899,10900,10899,1,-1
2019-09-16 17:02:12.846,10899,10900,10899,1,-1
2019-09-16 17:02:12.846,10899,10900,10899,1,-1
2019-09-16 17:02:12.847,10899,10900,10899,2,-2
2019-09-16 17:02:12.847,10899,10900,10899,1,-1
2019-09-16 17:02:12.847,10899,10900,10899,4,-4
2019-09-16 17:02:12.847,10899,10900,10899,2,-2
2019-09-16 17:02:12.848,10899,10900,10899,1,-1
2019-09-16 17:02:12.892,10898,10899,10898,11,-11
2019-09-16 17:02:12.900,10898,10899,10898,1,-1
2019-09-16 17:02:12.963,10898,10899,10897,2,-2
2019-09-16 17:02:13.030,10897,10898,10897,1,-1
2019-09-16 17:02:13.037,10897,10898,10897,2,-2
2019-09-16 17:02:13.073,10897,10898,10897,10,-10
