2023-05-10 15:00:00,15586,15586,15586,610,0
2023-05-10 15:00:00,15586,15586,15586,66,0
2023-05-10 15:00:00,15585,15585,15585,2,-2
2023-05-10 15:00:00,15585,15585,15585,2,0
2023-05-10 15:00:00,15585,15585,15585,2,0
2023-05-10 15:00:00,15585,15585,15585,4,0
2023-05-10 15:00:00,15585,15585,15585,4,0
2023-05-10 15:00:00,15585,15585,15585,2,0
2023-05-10 15:00:00,15586,15586,15586,2,2
2023-05-10 15:00:00,15586,15586,15586,4,0
2023-05-10 15:00:00,15585,15585,15585,8,-8
2023-05-10 15:00:00,15585,15585,15585,10,0
2023-05-10 15:00:00,15585,15585,15585,2,0
2023-05-10 15:00:00,15585,15585,15585,4,0
2023-05-10 15:00:00,15585,15585,15585,6,0
2023-05-10 15:00:00,15584,15584,15584,2,-2
2023-05-10 15:00:00,15584,15584,15584,2,0
2023-05-10 15:00:00,15584,15584,15584,2,0
2023-05-10 15:00:00,15584,15584,15584,2,0
2023-05-10 15:00:00,15584,15584,15584,2,0
2023-05-10 15:00:00,15586,15586,15586,2,2
2023-05-10 15:00:00,15584,15584,15584,2,-2
2023-05-10 15:00:00,15586,15586,15586,4,4
2023-05-10 15:00:00,15585,15585,15585,4,-4
2023-05-10 15:00:00,15584,15584,15584,2,-2
2023-05-10 15:00:00,15584,15584,15584,2,0
2023-05-10 15:00:00,15584,15584,15584,2,0
2023-05-10 15:00:00,15584,15584,15584,2,0
2023-05-10 15:00:00,15584,15584,15584,2,0
2023-05-10 15:00:00,15584,15584,15584,2,0
2023-05-10 15:00:00,15584,15584,15584,2,0
2023-05-10 15:00:00,15584,15584,15584,2,0
2023-05-10 15:00:00,15584,15584,15584,2,0
2023-05-10 15:00:00,15584,15584,15584,2,0
2023-05-10 15:00:00,15584,15584,15584,2,0
2023-05-10 15:00:00,15584,15584,15584,2,0
2023-05-10 15:00:00,15584,15584,15584,2,0
2023-05-10 15:00:00,15584,15584,15584,2,0
2023-05-10 15:00:00,15584,15584,15584,2,0
2023-05-10 15:00:00,15584,15584,15584,2,0
2023-05-10 15:00:00,15584,15584,15584,8,0
2023-05-10 15:00:00,15584,15584,15584,4,0
2023-05-10 15:00:00,15583,15583,15583,2,-2
2023-05-10 15:00:00,15583,15583,15583,2,0
2023-05-10 15:00:00,15583,15583,15583,2,0
2023-05-10 15:00:00,15584,15584,15584,2,2
2023-05-10 15:00:00,15584,15584,15584,2,0
2023-05-10 15:00:00,15585,15585,15585,2,2
2023-05-10 15:00:00,15584,15584,15584,2,-2
2023-05-10 15:00:00,15583,15583,15583,2,-2
2023-05-10 15:00:00,15585,15585,15585,2,2
2023-05-10 15:00:00,15585,15585,15585,4,0
2023-05-10 15:00:00,15586,15586,15586,8,8
2023-05-10 15:00:00,15583,15583,15583,2,-2
2023-05-10 15:00:00,15583,15583,15583,2,0
2023-05-10 15:00:00,15583,15583,15583,2,0
2023-05-10 15:00:00,15585,15585,15585,2,2
2023-05-10 15:00:00,15583,15583,15583,2,-2
2023-05-10 15:00:00,15582,15582,15582,2,-2
2023-05-10 15:00:00,15582,15582,15582,2,0
2023-05-10 15:00:00,15582,15582,15582,4,0
2023-05-10 15:00:00,15582,15582,15582,2,0
2023-05-10 15:00:00,15582,15582,15582,2,0
2023-05-10 15:00:00,15582,15582,15582,2,0
2023-05-10 15:00:00,15582,15582,15582,2,0
2023-05-10 15:00:00,15581,15581,15581,4,-4
2023-05-10 15:00:00,15581,15581,15581,8,0
2023-05-10 15:00:00,15581,15581,15581,2,0
2023-05-10 15:00:00,15581,15581,15581,2,0
2023-05-10 15:00:00,15581,15581,15581,6,0
2023-05-10 15:00:00,15581,15581,15581,2,0
2023-05-10 15:00:00,15581,15581,15581,2,0
2023-05-10 15:00:00,15581,15581,15581,2,0
2023-05-10 15:00:00,15581,15581,15581,2,0
2023-05-10 15:00:00,15582,15582,15582,8,8
2023-05-10 15:00:00,15581,15581,15581,2,-2
2023-05-10 15:00:00,15580,15580,15580,2,-2
2023-05-10 15:00:00,15580,15580,15580,8,0
2023-05-10 15:00:00,15582,15582,15582,2,2
2023-05-10 15:00:00,15580,15580,15580,4,-4
2023-05-10 15:00:00,15580,15580,15580,2,0
2023-05-10 15:00:00,15580,15580,15580,2,0
2023-05-10 15:00:00,15582,15582,15582,4,4
2023-05-10 15:00:00,15580,15580,15580,2,-2
2023-05-10 15:00:00,15580,15580,15580,2,0
2023-05-10 15:00:00,15582,15582,15582,2,2
2023-05-10 15:00:00,15580,15580,15580,2,-2
2023-05-10 15:00:00,15580,15580,15580,2,0
2023-05-10 15:00:00,15580,15580,15580,4,0
2023-05-10 15:00:00,15580,15580,15580,2,0
2023-05-10 15:00:00,15580,15580,15580,4,0
2023-05-10 15:00:00,15580,15580,15580,2,0
2023-05-10 15:00:00,15580,15580,15580,4,0
2023-05-10 15:00:00,15580,15580,15580,2,0
2023-05-10 15:00:00,15581,15581,15581,4,4
2023-05-10 15:00:00,15582,15582,15582,8,8
2023-05-10 15:00:00,15580,15580,15580,2,-2
2023-05-10 15:00:00,15580,15580,15580,2,0
2023-05-10 15:00:00,15580,15580,15580,2,0
2023-05-10 15:00:00,15580,15580,15580,2,0
2023-05-10 15:00:00,15579,15579,15579,2,-2
2023-05-10 15:00:00,15579,15579,15579,6,0
2023-05-10 15:00:00,15579,15579,15579,4,0
2023-05-10 15:00:00,15579,15579,15579,2,0
2023-05-10 15:00:00,15579,15579,15579,14,0
2023-05-10 15:00:00,15579,15579,15579,2,0
2023-05-10 15:00:01,15579,15579,15579,2,0
2023-05-10 15:00:01,15580,15580,15580,10,10
2023-05-10 15:00:01,15581,15581,15581,4,4
2023-05-10 15:00:01,15579,15579,15579,2,-2
2023-05-10 15:00:01,15579,15579,15579,2,0
2023-05-10 15:00:01,15580,15580,15580,2,2
2023-05-10 15:00:01,15579,15579,15579,2,-2
2023-05-10 15:00:01,15581,15581,15581,2,2
2023-05-10 15:00:01,15580,15580,15580,2,-2
2023-05-10 15:00:01,15582,15582,15582,6,6
2023-05-10 15:00:01,15580,15580,15580,2,-2
2023-05-10 15:00:01,15580,15580,15580,2,0
2023-05-10 15:00:01,15580,15580,15580,2,0
2023-05-10 15:00:01,15580,15580,15580,2,0
2023-05-10 15:00:01,15583,15583,15583,8,8
2023-05-10 15:00:01,15580,15580,15580,8,-8
2023-05-10 15:00:01,15580,15580,15580,2,0
2023-05-10 15:00:01,15580,15580,15580,2,0
2023-05-10 15:00:01,15580,15580,15580,2,0
2023-05-10 15:00:01,15580,15580,15580,2,0
2023-05-10 15:00:01,15580,15580,15580,2,0
2023-05-10 15:00:01,15580,15580,15580,2,0
2023-05-10 15:00:01,15580,15580,15580,2,0
2023-05-10 15:00:01,15579,15579,15579,2,-2
2023-05-10 15:00:01,15579,15579,15579,2,0
2023-05-10 15:00:01,15579,15579,15579,2,0
2023-05-10 15:00:01,15579,15579,15579,2,0
2023-05-10 15:00:01,15579,15579,15579,10,0
2023-05-10 15:00:01,15578,15578,15578,2,-2
2023-05-10 15:00:01,15578,15578,15578,2,0
2023-05-10 15:00:01,15578,15578,15578,2,0
2023-05-10 15:00:01,15581,15581,15581,2,2
2023-05-10 15:00:01,15578,15578,15578,2,-2
2023-05-10 15:00:01,15578,15578,15578,4,0
2023-05-10 15:00:01,15580,15580,15580,2,2
2023-05-10 15:00:01,15578,15578,15578,2,-2
2023-05-10 15:00:01,15580,15580,15580,2,2
2023-05-10 15:00:01,15581,15581,15581,2,2
2023-05-10 15:00:01,15578,15578,15578,2,-2
2023-05-10 15:00:01,15578,15578,15578,2,0
2023-05-10 15:00:01,15579,15579,15579,2,2
2023-05-10 15:00:01,15577,15577,15577,2,-2
2023-05-10 15:00:01,15577,15577,15577,2,0
2023-05-10 15:00:01,15577,15577,15577,4,0
2023-05-10 15:00:01,15579,15579,15579,6,6
2023-05-10 15:00:01,15580,15580,15580,2,2
2023-05-10 15:00:01,15580,15580,15580,6,0
2023-05-10 15:00:01,15579,15579,15579,2,-2
2023-05-10 15:00:01,15579,15579,15579,2,0
2023-05-10 15:00:02,15581,15581,15581,8,8
2023-05-10 15:00:02,15582,15582,15582,2,2
2023-05-10 15:00:02,15583,15583,15583,2,2
2023-05-10 15:00:02,15584,15584,15584,4,4
2023-05-10 15:00:02,15583,15583,15583,2,-2
2023-05-10 15:00:02,15583,15583,15583,2,0
2023-05-10 15:00:02,15583,15583,15583,2,0
2023-05-10 15:00:02,15584,15584,15584,6,6
2023-05-10 15:00:02,15584,15584,15584,2,0
2023-05-10 15:00:02,15583,15583,15583,2,-2
2023-05-10 15:00:02,15583,15583,15583,2,0
2023-05-10 15:00:02,15584,15584,15584,4,4
2023-05-10 15:00:02,15585,15585,15585,2,2
2023-05-10 15:00:02,15585,15585,15585,6,0
2023-05-10 15:00:02,15586,15586,15586,6,6
2023-05-10 15:00:02,15586,15586,15586,2,0
2023-05-10 15:00:02,15587,15587,15587,4,4
2023-05-10 15:00:03,15587,15587,15587,6,0
2023-05-10 15:00:03,15586,15586,15586,4,-4
2023-05-10 15:00:03,15586,15586,15586,4,0
2023-05-10 15:00:03,15587,15587,15587,2,2
2023-05-10 15:00:03,15587,15587,15587,8,0
2023-05-10 15:00:03,15585,15585,15585,2,-2
2023-05-10 15:00:03,15585,15585,15585,2,0
2023-05-10 15:00:03,15585,15585,15585,2,0
2023-05-10 15:00:03,15586,15586,15586,2,2
2023-05-10 15:00:03,15587,15587,15587,10,10
2023-05-10 15:00:03,15585,15585,15585,2,-2
2023-05-10 15:00:03,15587,15587,15587,2,2
2023-05-10 15:00:04,15585,15585,15585,2,-2
2023-05-10 15:00:04,15586,15586,15586,2,2
2023-05-10 15:00:04,15586,15586,15586,2,0
2023-05-10 15:00:04,15587,15587,15587,30,30
2023-05-10 15:00:04,15586,15586,15586,4,-4
2023-05-10 15:00:04,15587,15587,15587,6,6
2023-05-10 15:00:04,15587,15587,15587,2,0
2023-05-10 15:00:04,15587,15587,15587,6,0
2023-05-10 15:00:05,15588,15588,15588,6,6
2023-05-10 15:00:05,15588,15588,15588,4,0
2023-05-10 15:00:05,15588,15588,15588,2,0
2023-05-10 15:00:05,15589,15589,15589,2,2
2023-05-10 15:00:05,15587,15587,15587,2,-2
2023-05-10 15:00:05,15586,15586,15586,2,-2
2023-05-10 15:00:05,15586,15586,15586,2,0
2023-05-10 15:00:05,15586,15586,15586,2,0
2023-05-10 15:00:05,15586,15586,15586,2,0
2023-05-10 15:00:05,15586,15586,15586,4,0
2023-05-10 15:00:05,15586,15586,15586,4,0
2023-05-10 15:00:05,15586,15586,15586,2,0
2023-05-10 15:00:05,15588,15588,15588,12,12
2023-05-10 15:00:05,15589,15589,15589,22,22
2023-05-10 15:00:05,15587,15587,15587,2,-2
2023-05-10 15:00:05,15587,15587,15587,2,0
2023-05-10 15:00:05,15586,15586,15586,2,-2
2023-05-10 15:00:05,15586,15586,15586,2,0
2023-05-10 15:00:05,15586,15586,15586,2,0
2023-05-10 15:00:05,15588,15588,15588,6,6
2023-05-10 15:00:06,15586,15586,15586,4,-4
2023-05-10 15:00:06,15586,15586,15586,2,0
2023-05-10 15:00:06,15585,15585,15585,2,-2
2023-05-10 15:00:06,15587,15587,15587,4,4
2023-05-10 15:00:07,15587,15587,15587,4,0
2023-05-10 15:00:07,15587,15587,15587,6,0
2023-05-10 15:00:07,15587,15587,15587,4,0
2023-05-10 15:00:07,15587,15587,15587,4,0
2023-05-10 15:00:07,15587,15587,15587,2,0
2023-05-10 15:00:07,15587,15587,15587,4,0
2023-05-10 15:00:07,15587,15587,15587,2,0
2023-05-10 15:00:08,15588,15588,15588,2,2
2023-05-10 15:00:08,15588,15588,15588,2,0
2023-05-10 15:00:08,15588,15588,15588,2,0
2023-05-10 15:00:08,15587,15587,15587,8,-8
2023-05-10 15:00:08,15587,15587,15587,2,0
2023-05-10 15:00:08,15588,15588,15588,2,2
2023-05-10 15:00:09,15586,15586,15586,2,-2
2023-05-10 15:00:09,15586,15586,15586,4,0
2023-05-10 15:00:09,15586,15586,15586,2,0
2023-05-10 15:00:09,15587,15587,15587,2,2
2023-05-10 15:00:09,15587,15587,15587,2,0
2023-05-10 15:00:09,15588,15588,15588,4,4
2023-05-10 15:00:10,15588,15588,15588,4,0
2023-05-10 15:00:10,15586,15586,15586,2,-2
2023-05-10 15:00:10,15588,15588,15588,4,4
2023-05-10 15:00:10,15586,15586,15586,2,-2
2023-05-10 15:00:10,15586,15586,15586,4,0
2023-05-10 15:00:10,15588,15588,15588,22,22
2023-05-10 15:00:10,15589,15589,15589,8,8
2023-05-10 15:00:10,15589,15589,15589,6,0
2023-05-10 15:00:10,15589,15589,15589,2,0
2023-05-10 15:00:11,15589,15589,15589,2,0
2023-05-10 15:00:11,15588,15588,15588,2,-2
2023-05-10 15:00:11,15589,15589,15589,20,20
2023-05-10 15:00:11,15589,15589,15589,4,0
2023-05-10 15:00:11,15589,15589,15589,10,0
2023-05-10 15:00:12,15588,15588,15588,2,-2
2023-05-10 15:00:12,15588,15588,15588,2,0
2023-05-10 15:00:13,15590,15590,15590,4,4
2023-05-10 15:00:14,15590,15590,15590,2,0
2023-05-10 15:00:14,15589,15589,15589,2,-2
2023-05-10 15:00:14,15589,15589,15589,2,0
2023-05-10 15:00:14,15590,15590,15590,2,2
2023-05-10 15:00:15,15590,15590,15590,30,0
2023-05-10 15:00:15,15590,15590,15590,30,0
2023-05-10 15:00:16,15590,15590,15590,30,0
2023-05-10 15:00:16,15590,15590,15590,2,0
2023-05-10 15:00:16,15591,15591,15591,4,4
2023-05-10 15:00:16,15591,15591,15591,68,0
2023-05-10 15:00:16,15591,15591,15591,4,0
2023-05-10 15:00:17,15591,15591,15591,4,0
2023-05-10 15:00:17,15592,15592,15592,4,4
2023-05-10 15:00:17,15592,15592,15592,2,0
2023-05-10 15:00:18,15592,15592,15592,2,0
2023-05-10 15:00:18,15592,15592,15592,4,0
2023-05-10 15:00:18,15592,15592,15592,2,0
2023-05-10 15:00:18,15591,15591,15591,2,-2
2023-05-10 15:00:19,15592,15592,15592,4,4
2023-05-10 15:00:19,15592,15592,15592,2,0
2023-05-10 15:00:19,15592,15592,15592,2,0
2023-05-10 15:00:19,15592,15592,15592,4,0
2023-05-10 15:00:19,15592,15592,15592,52,0
2023-05-10 15:00:19,15593,15593,15593,6,6
2023-05-10 15:00:19,15593,15593,15593,2,0
2023-05-10 15:00:19,15593,15593,15593,4,0
2023-05-10 15:00:19,15594,15594,15594,2,2
2023-05-10 15:00:19,15592,15592,15592,4,-4
2023-05-10 15:00:19,15592,15592,15592,4,0
2023-05-10 15:00:19,15592,15592,15592,2,0
2023-05-10 15:00:19,15594,15594,15594,2,2
2023-05-10 15:00:20,15594,15594,15594,2,0
2023-05-10 15:00:20,15594,15594,15594,4,0
2023-05-10 15:00:20,15594,15594,15594,2,0
2023-05-10 15:00:20,15593,15593,15593,2,-2
2023-05-10 15:00:20,15594,15594,15594,2,2
2023-05-10 15:00:20,15593,15593,15593,2,-2
2023-05-10 15:00:20,15594,15594,15594,2,2
2023-05-10 15:00:21,15594,15594,15594,2,0
2023-05-10 15:00:21,15593,15593,15593,4,-4
2023-05-10 15:00:21,15593,15593,15593,4,0
2023-05-10 15:00:21,15594,15594,15594,2,2
2023-05-10 15:00:21,15594,15594,15594,2,0
2023-05-10 15:00:21,15594,15594,15594,4,0
2023-05-10 15:00:22,15594,15594,15594,2,0
2023-05-10 15:00:22,15594,15594,15594,2,0
2023-05-10 15:00:22,15594,15594,15594,2,0
2023-05-10 15:00:22,15593,15593,15593,2,-2
2023-05-10 15:00:23,15594,15594,15594,30,30
2023-05-10 15:00:23,15594,15594,15594,14,0
2023-05-10 15:00:23,15594,15594,15594,2,0
2023-05-10 15:00:23,15595,15595,15595,2,2
2023-05-10 15:00:23,15594,15594,15594,2,-2
2023-05-10 15:00:23,15595,15595,15595,2,2
2023-05-10 15:00:24,15594,15594,15594,2,-2
2023-05-10 15:00:24,15595,15595,15595,30,30
2023-05-10 15:00:24,15594,15594,15594,2,-2
2023-05-10 15:00:25,15594,15594,15594,2,0
2023-05-10 15:00:25,15595,15595,15595,2,2
2023-05-10 15:00:26,15595,15595,15595,30,0
2023-05-10 15:00:26,15595,15595,15595,6,0
2023-05-10 15:00:26,15595,15595,15595,16,0
2023-05-10 15:00:26,15594,15594,15594,2,-2
2023-05-10 15:00:26,15595,15595,15595,4,4
2023-05-10 15:00:26,15594,15594,15594,2,-2
2023-05-10 15:00:27,15596,15596,15596,2,2
2023-05-10 15:00:27,15595,15595,15595,2,-2
2023-05-10 15:00:28,15596,15596,15596,2,2
2023-05-10 15:00:28,15594,15594,15594,2,-2
2023-05-10 15:00:28,15596,15596,15596,8,8
2023-05-10 15:00:29,15597,15597,15597,30,30
2023-05-10 15:00:29,15597,15597,15597,2,0
2023-05-10 15:00:29,15597,15597,15597,34,0
2023-05-10 15:00:29,15597,15597,15597,4,0
2023-05-10 15:00:29,15598,15598,15598,12,12
2023-05-10 15:00:29,15599,15599,15599,2,2
2023-05-10 15:00:29,15598,15598,15598,4,-4
2023-05-10 15:00:29,15598,15598,15598,2,0
2023-05-10 15:00:29,15598,15598,15598,2,0
2023-05-10 15:00:29,15599,15599,15599,2,2
2023-05-10 15:00:29,15599,15599,15599,4,0
2023-05-10 15:00:29,15599,15599,15599,14,0
2023-05-10 15:00:29,15600,15600,15600,4,4
2023-05-10 15:00:29,15599,15599,15599,4,-4
2023-05-10 15:00:29,15600,15600,15600,10,10
2023-05-10 15:00:29,15599,15599,15599,4,-4
2023-05-10 15:00:29,15599,15599,15599,4,0
2023-05-10 15:00:29,15600,15600,15600,8,8
2023-05-10 15:00:29,15599,15599,15599,2,-2
2023-05-10 15:00:29,15600,15600,15600,4,4
2023-05-10 15:00:29,15599,15599,15599,4,-4
2023-05-10 15:00:29,15599,15599,15599,2,0
2023-05-10 15:00:29,15599,15599,15599,2,0
2023-05-10 15:00:29,15598,15598,15598,2,-2
2023-05-10 15:00:30,15598,15598,15598,2,0
2023-05-10 15:00:30,15599,15599,15599,2,2
2023-05-10 15:00:30,15599,15599,15599,2,0
2023-05-10 15:00:30,15599,15599,15599,2,0
2023-05-10 15:00:31,15599,15599,15599,2,0
2023-05-10 15:00:31,15599,15599,15599,2,0
2023-05-10 15:00:31,15601,15601,15601,2,2
2023-05-10 15:00:31,15600,15600,15600,6,-6
2023-05-10 15:00:31,15601,15601,15601,6,6
2023-05-10 15:00:32,15600,15600,15600,2,-2
2023-05-10 15:00:33,15602,15602,15602,2,2
2023-05-10 15:00:33,15602,15602,15602,2,0
2023-05-10 15:00:33,15601,15601,15601,2,-2
2023-05-10 15:00:33,15602,15602,15602,4,4
2023-05-10 15:00:33,15601,15601,15601,2,-2
2023-05-10 15:00:34,15600,15600,15600,2,-2
2023-05-10 15:00:34,15602,15602,15602,10,10
2023-05-10 15:00:35,15601,15601,15601,4,-4
2023-05-10 15:00:36,15600,15600,15600,2,-2
2023-05-10 15:00:36,15600,15600,15600,10,0
2023-05-10 15:00:36,15600,15600,15600,2,0
2023-05-10 15:00:39,15600,15600,15600,2,0
2023-05-10 15:00:39,15600,15600,15600,2,0
2023-05-10 15:00:40,15601,15601,15601,18,18
2023-05-10 15:00:40,15600,15600,15600,2,-2
2023-05-10 15:00:41,15600,15600,15600,2,0
2023-05-10 15:00:41,15600,15600,15600,2,0
2023-05-10 15:00:42,15600,15600,15600,2,0
2023-05-10 15:00:43,15599,15599,15599,4,-4
2023-05-10 15:00:43,15599,15599,15599,2,0
2023-05-10 15:00:45,15599,15599,15599,2,0
2023-05-10 15:00:47,15600,15600,15600,2,2
2023-05-10 15:00:48,15600,15600,15600,4,0
2023-05-10 15:00:48,15599,15599,15599,10,-10
2023-05-10 15:00:48,15600,15600,15600,2,2
2023-05-10 15:00:48,15599,15599,15599,4,-4
2023-05-10 15:00:49,15599,15599,15599,4,0
2023-05-10 15:00:49,15599,15599,15599,2,0
2023-05-10 15:00:49,15600,15600,15600,2,2
2023-05-10 15:00:49,15600,15600,15600,2,0
2023-05-10 15:00:49,15600,15600,15600,2,0
2023-05-10 15:00:50,15600,15600,15600,16,0
2023-05-10 15:00:50,15601,15601,15601,12,12
2023-05-10 15:00:50,15601,15601,15601,2,0
2023-05-10 15:00:50,15601,15601,15601,4,0
2023-05-10 15:00:50,15601,15601,15601,22,0
2023-05-10 15:00:51,15602,15602,15602,26,26
2023-05-10 15:00:51,15603,15603,15603,4,4
2023-05-10 15:00:51,15602,15602,15602,2,-2
2023-05-10 15:00:51,15602,15602,15602,2,0
2023-05-10 15:00:51,15603,15603,15603,10,10
2023-05-10 15:00:51,15604,15604,15604,4,4
2023-05-10 15:00:51,15604,15604,15604,6,0
2023-05-10 15:00:51,15604,15604,15604,6,0
2023-05-10 15:00:51,15605,15605,15605,8,8
2023-05-10 15:00:51,15603,15603,15603,2,-2
2023-05-10 15:00:52,15603,15603,15603,2,0
2023-05-10 15:00:52,15602,15602,15602,2,-2
2023-05-10 15:00:52,15604,15604,15604,6,6
2023-05-10 15:00:52,15604,15604,15604,4,0
2023-05-10 15:00:52,15604,15604,15604,4,0
2023-05-10 15:00:52,15604,15604,15604,4,0
2023-05-10 15:00:52,15602,15602,15602,2,-2
2023-05-10 15:00:52,15602,15602,15602,4,0
2023-05-10 15:00:52,15602,15602,15602,4,0
2023-05-10 15:00:52,15601,15601,15601,2,-2
2023-05-10 15:00:53,15601,15601,15601,6,0
2023-05-10 15:00:53,15601,15601,15601,4,0
2023-05-10 15:00:53,15603,15603,15603,4,4
2023-05-10 15:00:53,15603,15603,15603,4,0
2023-05-10 15:00:53,15603,15603,15603,2,0
2023-05-10 15:00:53,15601,15601,15601,2,-2
2023-05-10 15:00:53,15603,15603,15603,2,2
2023-05-10 15:00:53,15603,15603,15603,12,0
2023-05-10 15:00:54,15603,15603,15603,2,0
2023-05-10 15:00:54,15604,15604,15604,10,10
2023-05-10 15:00:54,15603,15603,15603,2,-2
2023-05-10 15:00:54,15604,15604,15604,8,8
2023-05-10 15:00:54,15603,15603,15603,2,-2
2023-05-10 15:00:54,15603,15603,15603,6,0
2023-05-10 15:00:54,15603,15603,15603,2,0
2023-05-10 15:00:55,15604,15604,15604,2,2
2023-05-10 15:00:55,15604,15604,15604,6,0
2023-05-10 15:00:56,15603,15603,15603,2,-2
2023-05-10 15:00:56,15603,15603,15603,2,0
2023-05-10 15:00:57,15603,15603,15603,2,0
2023-05-10 15:00:58,15603,15603,15603,2,0
2023-05-10 15:00:58,15602,15602,15602,4,-4
2023-05-10 15:00:59,15603,15603,15603,2,2
2023-05-10 15:00:59,15603,15603,15603,2,0
2023-05-10 15:00:59,15602,15602,15602,2,-2
2023-05-10 15:00:59,15603,15603,15603,2,2
2023-05-10 15:01:00,15602,15602,15602,2,-2
2023-05-10 15:01:00,15602,15602,15602,2,0
2023-05-10 15:01:00,15603,15603,15603,2,2
2023-05-10 15:01:00,15603,15603,15603,2,0
2023-05-10 15:01:00,15603,15603,15603,6,0
2023-05-10 15:01:00,15602,15602,15602,2,-2
2023-05-10 15:01:00,15604,15604,15604,2,2
2023-05-10 15:01:00,15603,15603,15603,2,-2
2023-05-10 15:01:00,15604,15604,15604,2,2
2023-05-10 15:01:00,15603,15603,15603,2,-2
2023-05-10 15:01:01,15604,15604,15604,2,2
2023-05-10 15:01:01,15604,15604,15604,2,0
2023-05-10 15:01:01,15605,15605,15605,2,2
2023-05-10 15:01:01,15605,15605,15605,2,0
2023-05-10 15:01:01,15605,15605,15605,10,0
2023-05-10 15:01:01,15606,15606,15606,2,2
2023-05-10 15:01:01,15606,15606,15606,2,0
2023-05-10 15:01:01,15606,15606,15606,2,0
2023-05-10 15:01:01,15606,15606,15606,2,0
2023-05-10 15:01:01,15606,15606,15606,6,0
2023-05-10 15:01:02,15607,15607,15607,2,2
2023-05-10 15:01:02,15607,15607,15607,2,0
2023-05-10 15:01:02,15607,15607,15607,4,0
2023-05-10 15:01:02,15607,15607,15607,8,0
2023-05-10 15:01:02,15607,15607,15607,2,0
2023-05-10 15:01:02,15608,15608,15608,4,4
2023-05-10 15:01:02,15608,15608,15608,4,0
2023-05-10 15:01:02,15608,15608,15608,16,0
2023-05-10 15:01:02,15607,15607,15607,2,-2
2023-05-10 15:01:02,15607,15607,15607,2,0
2023-05-10 15:01:02,15608,15608,15608,2,2
2023-05-10 15:01:02,15609,15609,15609,8,8
2023-05-10 15:01:02,15609,15609,15609,2,0
2023-05-10 15:01:02,15609,15609,15609,4,0
2023-05-10 15:01:02,15609,15609,15609,2,0
2023-05-10 15:01:02,15609,15609,15609,2,0
2023-05-10 15:01:02,15609,15609,15609,4,0
2023-05-10 15:01:02,15609,15609,15609,2,0
2023-05-10 15:01:02,15608,15608,15608,2,-2
2023-05-10 15:01:02,15609,15609,15609,2,2
2023-05-10 15:01:03,15607,15607,15607,6,-6
2023-05-10 15:01:03,15607,15607,15607,2,0
2023-05-10 15:01:03,15607,15607,15607,6,0
2023-05-10 15:01:03,15607,15607,15607,4,0
2023-05-10 15:01:03,15607,15607,15607,4,0
2023-05-10 15:01:03,15607,15607,15607,6,0
2023-05-10 15:01:03,15607,15607,15607,2,0
2023-05-10 15:01:03,15606,15606,15606,2,-2
2023-05-10 15:01:04,15605,15605,15605,2,-2
2023-05-10 15:01:04,15605,15605,15605,2,0
2023-05-10 15:01:04,15605,15605,15605,2,0
2023-05-10 15:01:04,15605,15605,15605,2,0
2023-05-10 15:01:05,15604,15604,15604,2,-2
2023-05-10 15:01:05,15604,15604,15604,2,0
2023-05-10 15:01:05,15603,15603,15603,2,-2
2023-05-10 15:01:05,15604,15604,15604,2,2
2023-05-10 15:01:06,15603,15603,15603,2,-2
2023-05-10 15:01:07,15604,15604,15604,10,10
2023-05-10 15:01:09,15604,15604,15604,2,0
2023-05-10 15:01:09,15604,15604,15604,8,0
2023-05-10 15:01:11,15604,15604,15604,2,0
2023-05-10 15:01:11,15605,15605,15605,2,2
2023-05-10 15:01:11,15605,15605,15605,2,0
2023-05-10 15:01:12,15605,15605,15605,2,0
2023-05-10 15:01:12,15605,15605,15605,2,0
2023-05-10 15:01:12,15605,15605,15605,20,0
2023-05-10 15:01:13,15605,15605,15605,4,0
2023-05-10 15:01:14,15605,15605,15605,2,0
2023-05-10 15:01:14,15606,15606,15606,2,2
2023-05-10 15:01:15,15606,15606,15606,6,0
2023-05-10 15:01:15,15606,15606,15606,2,0
2023-05-10 15:01:15,15606,15606,15606,2,0
2023-05-10 15:01:16,15606,15606,15606,2,0
2023-05-10 15:01:16,15606,15606,15606,2,0
2023-05-10 15:01:16,15606,15606,15606,2,0
2023-05-10 15:01:16,15606,15606,15606,2,0
2023-05-10 15:01:16,15606,15606,15606,6,0
2023-05-10 15:01:16,15606,15606,15606,2,0
2023-05-10 15:01:16,15606,15606,15606,14,0
2023-05-10 15:01:16,15606,15606,15606,2,0
2023-05-10 15:01:19,15608,15608,15608,2,2
2023-05-10 15:01:20,15608,15608,15608,6,0
2023-05-10 15:01:20,15609,15609,15609,4,4
2023-05-10 15:01:20,15608,15608,15608,2,-2
2023-05-10 15:01:20,15608,15608,15608,2,0
2023-05-10 15:01:21,15609,15609,15609,2,2
2023-05-10 15:01:22,15608,15608,15608,2,-2
2023-05-10 15:01:22,15608,15608,15608,2,0
2023-05-10 15:01:22,15609,15609,15609,2,2
2023-05-10 15:01:24,15608,15608,15608,2,-2
2023-05-10 15:01:24,15608,15608,15608,2,0
2023-05-10 15:01:25,15608,15608,15608,2,0
2023-05-10 15:01:25,15609,15609,15609,2,2
2023-05-10 15:01:26,15608,15608,15608,2,-2
2023-05-10 15:01:26,15609,15609,15609,2,2
2023-05-10 15:01:26,15609,15609,15609,4,0
2023-05-10 15:01:27,15609,15609,15609,2,0
2023-05-10 15:01:27,15610,15610,15610,2,2
2023-05-10 15:01:27,15610,15610,15610,2,0
2023-05-10 15:01:27,15610,15610,15610,2,0
2023-05-10 15:01:27,15608,15608,15608,2,-2
2023-05-10 15:01:27,15609,15609,15609,2,2
2023-05-10 15:01:27,15609,15609,15609,2,0
2023-05-10 15:01:27,15610,15610,15610,2,2
2023-05-10 15:01:27,15610,15610,15610,2,0
2023-05-10 15:01:27,15610,15610,15610,2,0
2023-05-10 15:01:27,15610,15610,15610,2,0
2023-05-10 15:01:27,15609,15609,15609,2,-2
2023-05-10 15:01:27,15608,15608,15608,6,-6
2023-05-10 15:01:27,15608,15608,15608,4,0
2023-05-10 15:01:28,15608,15608,15608,2,0
2023-05-10 15:01:28,15608,15608,15608,2,0
2023-05-10 15:01:28,15608,15608,15608,2,0
2023-05-10 15:01:28,15609,15609,15609,2,2
2023-05-10 15:01:28,15609,15609,15609,2,0
2023-05-10 15:01:28,15609,15609,15609,2,0
2023-05-10 15:01:29,15609,15609,15609,2,0
2023-05-10 15:01:29,15609,15609,15609,4,0
2023-05-10 15:01:29,15608,15608,15608,2,-2
2023-05-10 15:01:31,15608,15608,15608,2,0
2023-05-10 15:01:32,15608,15608,15608,2,0
2023-05-10 15:01:33,15607,15607,15607,2,-2
2023-05-10 15:01:33,15607,15607,15607,2,0
2023-05-10 15:01:34,15608,15608,15608,2,2
2023-05-10 15:01:34,15607,15607,15607,2,-2
2023-05-10 15:01:36,15608,15608,15608,2,2
2023-05-10 15:01:37,15608,15608,15608,2,0
2023-05-10 15:01:40,15608,15608,15608,6,0
2023-05-10 15:01:40,15609,15609,15609,2,2
2023-05-10 15:01:41,15609,15609,15609,4,0
2023-05-10 15:01:42,15609,15609,15609,2,0
2023-05-10 15:01:42,15609,15609,15609,2,0
2023-05-10 15:01:45,15610,15610,15610,2,2
2023-05-10 15:01:46,15609,15609,15609,2,-2
2023-05-10 15:01:46,15609,15609,15609,2,0
2023-05-10 15:01:46,15609,15609,15609,2,0
2023-05-10 15:01:46,15608,15608,15608,2,-2
2023-05-10 15:01:46,15608,15608,15608,2,0
2023-05-10 15:01:47,15608,15608,15608,2,0
2023-05-10 15:01:47,15608,15608,15608,2,0
2023-05-10 15:01:50,15609,15609,15609,2,2
2023-05-10 15:01:50,15608,15608,15608,2,-2
2023-05-10 15:01:53,15608,15608,15608,2,0
2023-05-10 15:01:53,15608,15608,15608,2,0
2023-05-10 15:01:53,15608,15608,15608,2,0
2023-05-10 15:01:55,15609,15609,15609,10,10
2023-05-10 15:01:55,15610,15610,15610,2,2
2023-05-10 15:01:59,15610,15610,15610,2,0
2023-05-10 15:02:00,15610,15610,15610,14,0
2023-05-10 15:02:00,15610,15610,15610,2,0
2023-05-10 15:02:00,15611,15611,15611,4,4
2023-05-10 15:02:00,15611,15611,15611,2,0
2023-05-10 15:02:00,15611,15611,15611,2,0
2023-05-10 15:02:00,15611,15611,15611,2,0
2023-05-10 15:02:00,15611,15611,15611,2,0
2023-05-10 15:02:00,15611,15611,15611,4,0
2023-05-10 15:02:01,15610,15610,15610,12,-12
2023-05-10 15:02:01,15610,15610,15610,6,0
2023-05-10 15:02:01,15610,15610,15610,2,0
2023-05-10 15:02:02,15610,15610,15610,2,0
2023-05-10 15:02:02,15609,15609,15609,2,-2
2023-05-10 15:02:02,15609,15609,15609,2,0
2023-05-10 15:02:03,15608,15608,15608,6,-6
2023-05-10 15:02:03,15608,15608,15608,4,0
2023-05-10 15:02:03,15608,15608,15608,2,0
2023-05-10 15:02:03,15608,15608,15608,4,0
2023-05-10 15:02:04,15607,15607,15607,2,-2
2023-05-10 15:02:06,15607,15607,15607,2,0
2023-05-10 15:02:06,15607,15607,15607,2,0
2023-05-10 15:02:07,15607,15607,15607,2,0
2023-05-10 15:02:07,15607,15607,15607,2,0
2023-05-10 15:02:08,15608,15608,15608,2,2
2023-05-10 15:02:09,15607,15607,15607,2,-2
2023-05-10 15:02:10,15607,15607,15607,2,0
2023-05-10 15:02:11,15607,15607,15607,4,0
2023-05-10 15:02:11,15608,15608,15608,2,2
2023-05-10 15:02:11,15608,15608,15608,2,0
2023-05-10 15:02:12,15607,15607,15607,2,-2
2023-05-10 15:02:13,15607,15607,15607,2,0
2023-05-10 15:02:13,15607,15607,15607,6,0
2023-05-10 15:02:13,15606,15606,15606,2,-2
2023-05-10 15:02:16,15608,15608,15608,2,2
2023-05-10 15:02:19,15608,15608,15608,2,0
2023-05-10 15:02:20,15608,15608,15608,2,0
2023-05-10 15:02:20,15608,15608,15608,2,0
2023-05-10 15:02:22,15609,15609,15609,2,2
2023-05-10 15:02:22,15608,15608,15608,4,-4
2023-05-10 15:02:24,15608,15608,15608,2,0
2023-05-10 15:02:25,15608,15608,15608,2,0
2023-05-10 15:02:26,15607,15607,15607,4,-4
2023-05-10 15:02:26,15607,15607,15607,2,0
2023-05-10 15:02:26,15607,15607,15607,2,0
2023-05-10 15:02:27,15606,15606,15606,2,-2
2023-05-10 15:02:27,15606,15606,15606,2,0
2023-05-10 15:02:29,15606,15606,15606,2,0
2023-05-10 15:02:30,15607,15607,15607,2,2
2023-05-10 15:02:31,15607,15607,15607,20,0
2023-05-10 15:02:34,15606,15606,15606,2,-2
2023-05-10 15:02:34,15606,15606,15606,2,0
2023-05-10 15:02:35,15607,15607,15607,8,8
2023-05-10 15:02:36,15606,15606,15606,2,-2
2023-05-10 15:02:36,15607,15607,15607,4,4
2023-05-10 15:02:36,15607,15607,15607,10,0
2023-05-10 15:02:37,15607,15607,15607,2,0
2023-05-10 15:02:38,15607,15607,15607,2,0
2023-05-10 15:02:39,15607,15607,15607,2,0
2023-05-10 15:02:40,15608,15608,15608,4,4
2023-05-10 15:02:42,15609,15609,15609,2,2
2023-05-10 15:02:42,15608,15608,15608,2,-2
2023-05-10 15:02:43,15609,15609,15609,2,2
2023-05-10 15:02:43,15609,15609,15609,2,0
2023-05-10 15:02:45,15610,15610,15610,2,2
2023-05-10 15:02:48,15609,15609,15609,2,-2
2023-05-10 15:02:49,15609,15609,15609,2,0
2023-05-10 15:02:49,15609,15609,15609,2,0
2023-05-10 15:02:49,15610,15610,15610,2,2
2023-05-10 15:02:50,15609,15609,15609,2,-2
2023-05-10 15:02:50,15609,15609,15609,2,0
2023-05-10 15:02:52,15608,15608,15608,4,-4
2023-05-10 15:02:52,15608,15608,15608,2,0
2023-05-10 15:02:52,15608,15608,15608,2,0
2023-05-10 15:02:54,15607,15607,15607,2,-2
2023-05-10 15:03:00,15607,15607,15607,2,0
2023-05-10 15:03:00,15608,15608,15608,4,4
2023-05-10 15:03:00,15608,15608,15608,6,0
2023-05-10 15:03:00,15608,15608,15608,4,0
2023-05-10 15:03:00,15608,15608,15608,2,0
2023-05-10 15:03:00,15609,15609,15609,2,2
2023-05-10 15:03:00,15609,15609,15609,2,0
2023-05-10 15:03:00,15609,15609,15609,2,0
2023-05-10 15:03:00,15609,15609,15609,2,0
2023-05-10 15:03:00,15609,15609,15609,2,0
2023-05-10 15:03:00,15609,15609,15609,8,0
2023-05-10 15:03:00,15609,15609,15609,2,0
2023-05-10 15:03:00,15610,15610,15610,4,4
2023-05-10 15:03:00,15610,15610,15610,2,0
2023-05-10 15:03:00,15610,15610,15610,4,0
2023-05-10 15:03:00,15609,15609,15609,2,-2
2023-05-10 15:03:00,15610,15610,15610,2,2
2023-05-10 15:03:00,15610,15610,15610,2,0
2023-05-10 15:03:00,15610,15610,15610,2,0
2023-05-10 15:03:00,15610,15610,15610,2,0
2023-05-10 15:03:00,15609,15609,15609,2,-2
2023-05-10 15:03:00,15610,15610,15610,2,2
2023-05-10 15:03:00,15610,15610,15610,2,0
2023-05-10 15:03:00,15610,15610,15610,2,0
2023-05-10 15:03:00,15610,15610,15610,6,0
2023-05-10 15:03:00,15610,15610,15610,4,0
2023-05-10 15:03:00,15610,15610,15610,52,0
2023-05-10 15:03:01,15610,15610,15610,2,0
2023-05-10 15:03:01,15610,15610,15610,2,0
2023-05-10 15:03:01,15610,15610,15610,4,0
2023-05-10 15:03:03,15610,15610,15610,2,0
2023-05-10 15:03:04,15610,15610,15610,2,0
2023-05-10 15:03:04,15609,15609,15609,2,-2
2023-05-10 15:03:05,15609,15609,15609,2,0
2023-05-10 15:03:06,15610,15610,15610,24,24
2023-05-10 15:03:06,15610,15610,15610,4,0
2023-05-10 15:03:06,15610,15610,15610,4,0
2023-05-10 15:03:07,15610,15610,15610,2,0
2023-05-10 15:03:07,15610,15610,15610,2,0
2023-05-10 15:03:08,15610,15610,15610,2,0
2023-05-10 15:03:08,15611,15611,15611,2,2
2023-05-10 15:03:10,15611,15611,15611,2,0
2023-05-10 15:03:10,15612,15612,15612,2,2
2023-05-10 15:03:10,15611,15611,15611,2,-2
2023-05-10 15:03:11,15612,15612,15612,2,2
2023-05-10 15:03:12,15612,15612,15612,2,0
2023-05-10 15:03:13,15611,15611,15611,2,-2
2023-05-10 15:03:13,15611,15611,15611,4,0
2023-05-10 15:03:15,15612,15612,15612,10,10
2023-05-10 15:03:15,15612,15612,15612,36,0
2023-05-10 15:03:15,15613,15613,15613,2,2
2023-05-10 15:03:15,15613,15613,15613,16,0
2023-05-10 15:03:15,15613,15613,15613,10,0
2023-05-10 15:03:15,15613,15613,15613,2,0
2023-05-10 15:03:15,15613,15613,15613,26,0
2023-05-10 15:03:15,15614,15614,15614,4,4
2023-05-10 15:03:15,15614,15614,15614,2,0
2023-05-10 15:03:15,15614,15614,15614,34,0
2023-05-10 15:03:16,15615,15615,15615,2,2
2023-05-10 15:03:17,15615,15615,15615,2,0
2023-05-10 15:03:17,15615,15615,15615,2,0
2023-05-10 15:03:17,15614,15614,15614,2,-2
2023-05-10 15:03:18,15614,15614,15614,2,0
2023-05-10 15:03:18,15614,15614,15614,2,0
2023-05-10 15:03:19,15614,15614,15614,2,0
2023-05-10 15:03:19,15614,15614,15614,2,0
2023-05-10 15:03:19,15613,15613,15613,2,-2
2023-05-10 15:03:19,15613,15613,15613,4,0
2023-05-10 15:03:20,15613,15613,15613,6,0
2023-05-10 15:03:20,15614,15614,15614,2,2
2023-05-10 15:03:21,15614,15614,15614,10,0
2023-05-10 15:03:22,15613,15613,15613,2,-2
2023-05-10 15:03:24,15613,15613,15613,2,0
2023-05-10 15:03:32,15614,15614,15614,4,4
2023-05-10 15:03:33,15614,15614,15614,2,0
2023-05-10 15:03:36,15613,15613,15613,2,-2
2023-05-10 15:03:36,15613,15613,15613,2,0
2023-05-10 15:03:37,15613,15613,15613,2,0
2023-05-10 15:03:37,15613,15613,15613,2,0
2023-05-10 15:03:37,15613,15613,15613,2,0
2023-05-10 15:03:37,15614,15614,15614,2,2
2023-05-10 15:03:39,15613,15613,15613,2,-2
2023-05-10 15:03:39,15613,15613,15613,2,0
2023-05-10 15:03:40,15613,15613,15613,2,0
2023-05-10 15:03:40,15613,15613,15613,2,0
2023-05-10 15:03:40,15613,15613,15613,2,0
2023-05-10 15:03:40,15613,15613,15613,2,0
2023-05-10 15:03:40,15613,15613,15613,2,0
2023-05-10 15:03:40,15613,15613,15613,4,0
2023-05-10 15:03:43,15613,15613,15613,2,0
2023-05-10 15:03:43,15612,15612,15612,2,-2
2023-05-10 15:03:43,15612,15612,15612,2,0
2023-05-10 15:03:45,15611,15611,15611,2,-2
2023-05-10 15:03:45,15611,15611,15611,2,0
2023-05-10 15:03:49,15611,15611,15611,2,0
2023-05-10 15:03:49,15611,15611,15611,2,0
2023-05-10 15:03:50,15612,15612,15612,2,2
2023-05-10 15:03:52,15611,15611,15611,2,-2
2023-05-10 15:03:53,15611,15611,15611,2,0
2023-05-10 15:03:53,15612,15612,15612,2,2
2023-05-10 15:03:53,15612,15612,15612,2,0
2023-05-10 15:03:53,15611,15611,15611,6,-6
2023-05-10 15:03:53,15612,15612,15612,4,4
2023-05-10 15:03:53,15611,15611,15611,2,-2
2023-05-10 15:03:54,15612,15612,15612,2,2
2023-05-10 15:03:54,15612,15612,15612,2,0
2023-05-10 15:03:54,15612,15612,15612,2,0
2023-05-10 15:03:54,15613,15613,15613,2,2
2023-05-10 15:03:54,15612,15612,15612,2,-2
2023-05-10 15:03:54,15611,15611,15611,2,-2
2023-05-10 15:03:55,15611,15611,15611,2,0
2023-05-10 15:03:55,15612,15612,15612,2,2
2023-05-10 15:03:55,15613,15613,15613,12,12
2023-05-10 15:03:58,15611,15611,15611,2,-2
2023-05-10 15:04:01,15611,15611,15611,2,0
2023-05-10 15:04:01,15611,15611,15611,8,0
2023-05-10 15:04:01,15611,15611,15611,10,0
2023-05-10 15:04:05,15611,15611,15611,2,0
2023-05-10 15:04:07,15611,15611,15611,2,0
2023-05-10 15:04:11,15612,15612,15612,2,2
2023-05-10 15:04:11,15611,15611,15611,2,-2
2023-05-10 15:04:11,15610,15610,15610,2,-2
2023-05-10 15:04:13,15611,15611,15611,6,6
2023-05-10 15:04:14,15610,15610,15610,2,-2
2023-05-10 15:04:15,15611,15611,15611,2,2
2023-05-10 15:04:21,15611,15611,15611,2,0
2023-05-10 15:04:21,15611,15611,15611,2,0
2023-05-10 15:04:30,15610,15610,15610,2,-2
2023-05-10 15:04:32,15610,15610,15610,40,0
2023-05-10 15:04:32,15610,15610,15610,2,0
2023-05-10 15:04:32,15610,15610,15610,20,0
2023-05-10 15:04:32,15610,15610,15610,20,0
2023-05-10 15:04:32,15610,15610,15610,2,0
2023-05-10 15:04:32,15610,15610,15610,2,0
2023-05-10 15:04:32,15610,15610,15610,2,0
2023-05-10 15:04:32,15610,15610,15610,12,0
2023-05-10 15:04:32,15610,15610,15610,2,0
2023-05-10 15:04:32,15610,15610,15610,2,0
2023-05-10 15:04:32,15610,15610,15610,2,0
2023-05-10 15:04:32,15610,15610,15610,2,0
2023-05-10 15:04:32,15609,15609,15609,2,-2
2023-05-10 15:04:32,15609,15609,15609,2,0
2023-05-10 15:04:32,15609,15609,15609,2,0
2023-05-10 15:04:32,15609,15609,15609,2,0
2023-05-10 15:04:32,15609,15609,15609,2,0
2023-05-10 15:04:35,15608,15608,15608,2,-2
2023-05-10 15:04:35,15608,15608,15608,2,0
2023-05-10 15:04:35,15608,15608,15608,4,0
2023-05-10 15:04:35,15608,15608,15608,2,0
2023-05-10 15:04:35,15608,15608,15608,2,0
2023-05-10 15:04:35,15608,15608,15608,6,0
2023-05-10 15:04:35,15608,15608,15608,2,0
2023-05-10 15:04:35,15608,15608,15608,2,0
2023-05-10 15:04:35,15608,15608,15608,2,0
2023-05-10 15:04:35,15608,15608,15608,2,0
2023-05-10 15:04:35,15608,15608,15608,2,0
2023-05-10 15:04:36,15607,15607,15607,2,-2
2023-05-10 15:04:36,15607,15607,15607,2,0
2023-05-10 15:04:40,15607,15607,15607,2,0
2023-05-10 15:04:41,15608,15608,15608,4,4
2023-05-10 15:04:41,15608,15608,15608,18,0
2023-05-10 15:04:41,15608,15608,15608,4,0
2023-05-10 15:04:41,15608,15608,15608,2,0
2023-05-10 15:04:41,15608,15608,15608,20,0
2023-05-10 15:04:41,15608,15608,15608,2,0
2023-05-10 15:04:42,15608,15608,15608,2,0
2023-05-10 15:04:43,15609,15609,15609,8,8
2023-05-10 15:04:43,15609,15609,15609,8,0
2023-05-10 15:04:43,15610,15610,15610,8,8
2023-05-10 15:04:47,15609,15609,15609,2,-2
2023-05-10 15:04:48,15610,15610,15610,2,2
2023-05-10 15:04:51,15610,15610,15610,2,0
2023-05-10 15:04:51,15609,15609,15609,2,-2
2023-05-10 15:04:51,15608,15608,15608,2,-2
2023-05-10 15:04:51,15608,15608,15608,4,0
2023-05-10 15:04:54,15608,15608,15608,2,0
2023-05-10 15:04:55,15607,15607,15607,2,-2
2023-05-10 15:04:55,15607,15607,15607,4,0
2023-05-10 15:04:55,15607,15607,15607,4,0
2023-05-10 15:04:55,15607,15607,15607,8,0
2023-05-10 15:04:55,15607,15607,15607,2,0
2023-05-10 15:04:55,15607,15607,15607,2,0
2023-05-10 15:04:56,15607,15607,15607,2,0
2023-05-10 15:04:58,15607,15607,15607,2,0
2023-05-10 15:04:58,15607,15607,15607,4,0
2023-05-10 15:05:00,15608,15608,15608,4,4
2023-05-10 15:05:00,15606,15606,15606,2,-2
2023-05-10 15:05:00,15606,15606,15606,2,0
2023-05-10 15:05:00,15606,15606,15606,2,0
2023-05-10 15:05:01,15606,15606,15606,2,0
2023-05-10 15:05:01,15606,15606,15606,2,0
2023-05-10 15:05:01,15607,15607,15607,2,2
2023-05-10 15:05:01,15606,15606,15606,2,-2
2023-05-10 15:05:02,15606,15606,15606,4,0
2023-05-10 15:05:02,15605,15605,15605,2,-2
2023-05-10 15:05:03,15606,15606,15606,2,2
2023-05-10 15:05:04,15605,15605,15605,4,-4
2023-05-10 15:05:05,15605,15605,15605,2,0
2023-05-10 15:05:07,15605,15605,15605,2,0
2023-05-10 15:05:07,15605,15605,15605,2,0
2023-05-10 15:05:07,15606,15606,15606,2,2
2023-05-10 15:05:07,15606,15606,15606,2,0
2023-05-10 15:05:07,15605,15605,15605,2,-2
2023-05-10 15:05:09,15605,15605,15605,8,0
2023-05-10 15:05:10,15605,15605,15605,4,0
2023-05-10 15:05:10,15606,15606,15606,2,2
2023-05-10 15:05:10,15605,15605,15605,2,-2
2023-05-10 15:05:11,15606,15606,15606,4,4
2023-05-10 15:05:12,15607,15607,15607,6,6
2023-05-10 15:05:15,15607,15607,15607,2,0
2023-05-10 15:05:17,15607,15607,15607,2,0
2023-05-10 15:05:19,15607,15607,15607,2,0
2023-05-10 15:05:19,15607,15607,15607,4,0
2023-05-10 15:05:20,15608,15608,15608,2,2
2023-05-10 15:05:23,15608,15608,15608,4,0
2023-05-10 15:05:23,15608,15608,15608,2,0
2023-05-10 15:05:25,15608,15608,15608,2,0
2023-05-10 15:05:27,15608,15608,15608,2,0
2023-05-10 15:05:28,15609,15609,15609,14,14
2023-05-10 15:05:29,15608,15608,15608,2,-2
2023-05-10 15:05:30,15608,15608,15608,4,0
2023-05-10 15:05:30,15608,15608,15608,4,0
2023-05-10 15:05:30,15608,15608,15608,6,0
2023-05-10 15:05:30,15608,15608,15608,4,0
2023-05-10 15:05:30,15608,15608,15608,2,0
2023-05-10 15:05:30,15608,15608,15608,4,0
2023-05-10 15:05:30,15608,15608,15608,2,0
2023-05-10 15:05:30,15608,15608,15608,2,0
2023-05-10 15:05:30,15608,15608,15608,2,0
2023-05-10 15:05:30,15607,15607,15607,2,-2
2023-05-10 15:05:35,15608,15608,15608,2,2
2023-05-10 15:05:35,15608,15608,15608,2,0
2023-05-10 15:05:35,15608,15608,15608,4,0
2023-05-10 15:05:35,15608,15608,15608,4,0
2023-05-10 15:05:38,15608,15608,15608,2,0
2023-05-10 15:05:44,15608,15608,15608,2,0
2023-05-10 15:05:49,15608,15608,15608,2,0
2023-05-10 15:05:50,15608,15608,15608,2,0
2023-05-10 15:05:53,15608,15608,15608,4,0
2023-05-10 15:05:53,15608,15608,15608,4,0
2023-05-10 15:05:53,15608,15608,15608,4,0
2023-05-10 15:05:53,15608,15608,15608,4,0
2023-05-10 15:05:53,15608,15608,15608,4,0
2023-05-10 15:05:53,15608,15608,15608,2,0
2023-05-10 15:05:53,15608,15608,15608,2,0
2023-05-10 15:05:53,15608,15608,15608,2,0
2023-05-10 15:05:54,15608,15608,15608,2,0
2023-05-10 15:05:54,15607,15607,15607,2,-2
2023-05-10 15:05:55,15608,15608,15608,12,12
2023-05-10 15:05:57,15608,15608,15608,2,0
2023-05-10 15:06:00,15609,15609,15609,28,28
2023-05-10 15:06:00,15609,15609,15609,2,0
2023-05-10 15:06:00,15610,15610,15610,2,2
2023-05-10 15:06:00,15610,15610,15610,2,0
2023-05-10 15:06:00,15610,15610,15610,10,0
2023-05-10 15:06:00,15610,15610,15610,28,0
2023-05-10 15:06:00,15610,15610,15610,2,0
2023-05-10 15:06:00,15611,15611,15611,2,2
2023-05-10 15:06:00,15611,15611,15611,2,0
2023-05-10 15:06:00,15610,15610,15610,4,-4
2023-05-10 15:06:00,15610,15610,15610,4,0
2023-05-10 15:06:01,15610,15610,15610,4,0
2023-05-10 15:06:02,15610,15610,15610,2,0
2023-05-10 15:06:03,15609,15609,15609,4,-4
2023-05-10 15:06:03,15609,15609,15609,2,0
2023-05-10 15:06:03,15609,15609,15609,2,0
2023-05-10 15:06:03,15609,15609,15609,4,0
2023-05-10 15:06:03,15609,15609,15609,4,0
2023-05-10 15:06:03,15608,15608,15608,2,-2
2023-05-10 15:06:03,15609,15609,15609,2,2
2023-05-10 15:06:04,15608,15608,15608,4,-4
2023-05-10 15:06:04,15608,15608,15608,4,0
2023-05-10 15:06:04,15608,15608,15608,4,0
2023-05-10 15:06:04,15608,15608,15608,2,0
2023-05-10 15:06:04,15608,15608,15608,2,0
2023-05-10 15:06:05,15608,15608,15608,2,0
2023-05-10 15:06:06,15607,15607,15607,2,-2
2023-05-10 15:06:06,15607,15607,15607,10,0
2023-05-10 15:06:06,15606,15606,15606,4,-4
2023-05-10 15:06:06,15606,15606,15606,2,0
2023-05-10 15:06:08,15606,15606,15606,2,0
2023-05-10 15:06:08,15606,15606,15606,2,0
2023-05-10 15:06:12,15606,15606,15606,4,0
2023-05-10 15:06:12,15606,15606,15606,4,0
2023-05-10 15:06:12,15606,15606,15606,2,0
2023-05-10 15:06:12,15606,15606,15606,2,0
2023-05-10 15:06:12,15606,15606,15606,2,0
2023-05-10 15:06:12,15606,15606,15606,2,0
2023-05-10 15:06:12,15606,15606,15606,2,0
2023-05-10 15:06:12,15605,15605,15605,2,-2
2023-05-10 15:06:12,15605,15605,15605,2,0
2023-05-10 15:06:12,15605,15605,15605,2,0
2023-05-10 15:06:12,15605,15605,15605,2,0
2023-05-10 15:06:12,15605,15605,15605,2,0
2023-05-10 15:06:12,15605,15605,15605,2,0
2023-05-10 15:06:12,15605,15605,15605,2,0
2023-05-10 15:06:12,15605,15605,15605,2,0
2023-05-10 15:06:12,15605,15605,15605,10,0
2023-05-10 15:06:12,15605,15605,15605,2,0
2023-05-10 15:06:14,15605,15605,15605,2,0
2023-05-10 15:06:14,15605,15605,15605,2,0
2023-05-10 15:06:15,15604,15604,15604,2,-2
2023-05-10 15:06:15,15604,15604,15604,2,0
2023-05-10 15:06:16,15604,15604,15604,10,0
2023-05-10 15:06:18,15604,15604,15604,4,0
2023-05-10 15:06:20,15604,15604,15604,2,0
2023-05-10 15:06:20,15604,15604,15604,4,0
2023-05-10 15:06:20,15604,15604,15604,4,0
2023-05-10 15:06:21,15604,15604,15604,2,0
2023-05-10 15:06:22,15604,15604,15604,2,0
2023-05-10 15:06:24,15605,15605,15605,2,2
2023-05-10 15:06:24,15604,15604,15604,2,-2
2023-05-10 15:06:24,15604,15604,15604,6,0
2023-05-10 15:06:24,15604,15604,15604,2,0
2023-05-10 15:06:24,15604,15604,15604,2,0
2023-05-10 15:06:24,15604,15604,15604,2,0
2023-05-10 15:06:25,15604,15604,15604,2,0
2023-05-10 15:06:25,15604,15604,15604,6,0
2023-05-10 15:06:25,15604,15604,15604,2,0
2023-05-10 15:06:25,15604,15604,15604,8,0
2023-05-10 15:06:25,15604,15604,15604,2,0
2023-05-10 15:06:25,15604,15604,15604,2,0
2023-05-10 15:06:26,15604,15604,15604,2,0
2023-05-10 15:06:26,15604,15604,15604,2,0
2023-05-10 15:06:28,15605,15605,15605,4,4
2023-05-10 15:06:28,15605,15605,15605,16,0
2023-05-10 15:06:28,15605,15605,15605,2,0
2023-05-10 15:06:30,15605,15605,15605,2,0
2023-05-10 15:06:30,15605,15605,15605,2,0
2023-05-10 15:06:30,15605,15605,15605,2,0
2023-05-10 15:06:31,15604,15604,15604,2,-2
2023-05-10 15:06:33,15604,15604,15604,2,0
2023-05-10 15:06:33,15604,15604,15604,2,0
2023-05-10 15:06:34,15604,15604,15604,2,0
2023-05-10 15:06:34,15604,15604,15604,2,0
2023-05-10 15:06:35,15605,15605,15605,2,2
2023-05-10 15:06:35,15605,15605,15605,2,0
2023-05-10 15:06:36,15605,15605,15605,2,0
2023-05-10 15:06:36,15605,15605,15605,4,0
2023-05-10 15:06:40,15606,15606,15606,8,8
2023-05-10 15:06:41,15605,15605,15605,2,-2
2023-05-10 15:06:42,15605,15605,15605,2,0
2023-05-10 15:06:43,15605,15605,15605,2,0
2023-05-10 15:06:44,15605,15605,15605,2,0
2023-05-10 15:06:44,15605,15605,15605,2,0
2023-05-10 15:06:44,15605,15605,15605,4,0
2023-05-10 15:06:44,15605,15605,15605,2,0
2023-05-10 15:06:45,15605,15605,15605,2,0
2023-05-10 15:06:45,15605,15605,15605,2,0
2023-05-10 15:06:45,15605,15605,15605,2,0
2023-05-10 15:06:45,15605,15605,15605,2,0
2023-05-10 15:06:45,15604,15604,15604,2,-2
2023-05-10 15:06:46,15606,15606,15606,20,20
2023-05-10 15:06:46,15606,15606,15606,2,0
2023-05-10 15:06:46,15606,15606,15606,2,0
2023-05-10 15:06:50,15606,15606,15606,2,0
2023-05-10 15:06:50,15605,15605,15605,6,-6
2023-05-10 15:06:50,15605,15605,15605,2,0
2023-05-10 15:06:51,15604,15604,15604,2,-2
2023-05-10 15:06:51,15604,15604,15604,4,0
2023-05-10 15:06:51,15604,15604,15604,2,0
2023-05-10 15:06:52,15604,15604,15604,2,0
2023-05-10 15:06:52,15604,15604,15604,2,0
2023-05-10 15:06:52,15604,15604,15604,4,0
2023-05-10 15:06:52,15604,15604,15604,4,0
2023-05-10 15:06:52,15604,15604,15604,4,0
2023-05-10 15:06:52,15604,15604,15604,4,0
2023-05-10 15:06:54,15604,15604,15604,2,0
2023-05-10 15:06:59,15605,15605,15605,2,2
2023-05-10 15:07:00,15605,15605,15605,4,0
2023-05-10 15:07:02,15605,15605,15605,2,0
2023-05-10 15:07:03,15605,15605,15605,4,0
2023-05-10 15:07:03,15606,15606,15606,4,4
2023-05-10 15:07:05,15606,15606,15606,2,0
2023-05-10 15:07:05,15605,15605,15605,2,-2
2023-05-10 15:07:06,15606,15606,15606,4,4
2023-05-10 15:07:06,15607,15607,15607,2,2
2023-05-10 15:07:06,15606,15606,15606,2,-2
2023-05-10 15:07:07,15606,15606,15606,2,0
2023-05-10 15:07:08,15607,15607,15607,4,4
2023-05-10 15:07:08,15607,15607,15607,4,0
2023-05-10 15:07:08,15607,15607,15607,4,0
2023-05-10 15:07:08,15607,15607,15607,2,0
2023-05-10 15:07:08,15607,15607,15607,2,0
2023-05-10 15:07:08,15607,15607,15607,6,0
2023-05-10 15:07:08,15607,15607,15607,2,0
2023-05-10 15:07:12,15607,15607,15607,2,0
2023-05-10 15:07:13,15606,15606,15606,4,-4
2023-05-10 15:07:14,15606,15606,15606,4,0
2023-05-10 15:07:14,15606,15606,15606,2,0
2023-05-10 15:07:14,15606,15606,15606,2,0
2023-05-10 15:07:18,15605,15605,15605,2,-2
2023-05-10 15:07:23,15605,15605,15605,2,0
2023-05-10 15:07:23,15605,15605,15605,2,0
2023-05-10 15:07:23,15605,15605,15605,2,0
2023-05-10 15:07:23,15605,15605,15605,2,0
2023-05-10 15:07:23,15604,15604,15604,10,-10
2023-05-10 15:07:25,15604,15604,15604,2,0
2023-05-10 15:07:25,15604,15604,15604,2,0
2023-05-10 15:07:25,15605,15605,15605,2,2
2023-05-10 15:07:29,15605,15605,15605,2,0
2023-05-10 15:07:29,15605,15605,15605,2,0
2023-05-10 15:07:30,15605,15605,15605,2,0
2023-05-10 15:07:30,15605,15605,15605,18,0
2023-05-10 15:07:37,15605,15605,15605,2,0
2023-05-10 15:07:39,15605,15605,15605,2,0
2023-05-10 15:07:39,15605,15605,15605,2,0
2023-05-10 15:07:39,15605,15605,15605,2,0
2023-05-10 15:07:39,15605,15605,15605,2,0
2023-05-10 15:07:42,15605,15605,15605,2,0
2023-05-10 15:07:44,15606,15606,15606,4,4
2023-05-10 15:07:47,15606,15606,15606,4,0
2023-05-10 15:07:49,15607,15607,15607,4,4
2023-05-10 15:07:49,15607,15607,15607,2,0
2023-05-10 15:07:53,15608,15608,15608,4,4
2023-05-10 15:07:53,15608,15608,15608,2,0
2023-05-10 15:07:54,15609,15609,15609,6,6
2023-05-10 15:07:58,15608,15608,15608,2,-2
2023-05-10 15:08:00,15609,15609,15609,18,18
2023-05-10 15:08:03,15609,15609,15609,2,0
2023-05-10 15:08:04,15610,15610,15610,10,10
2023-05-10 15:08:04,15610,15610,15610,6,0
2023-05-10 15:08:06,15610,15610,15610,2,0
2023-05-10 15:08:07,15610,15610,15610,2,0
2023-05-10 15:08:07,15610,15610,15610,2,0
2023-05-10 15:08:07,15610,15610,15610,2,0
2023-05-10 15:08:07,15610,15610,15610,4,0
2023-05-10 15:08:07,15610,15610,15610,2,0
2023-05-10 15:08:07,15610,15610,15610,2,0
2023-05-10 15:08:08,15611,15611,15611,2,2
2023-05-10 15:08:09,15610,15610,15610,2,-2
2023-05-10 15:08:09,15610,15610,15610,2,0
2023-05-10 15:08:10,15610,15610,15610,2,0
2023-05-10 15:08:12,15609,15609,15609,2,-2
2023-05-10 15:08:14,15608,15608,15608,2,-2
2023-05-10 15:08:16,15608,15608,15608,2,0
2023-05-10 15:08:16,15608,15608,15608,2,0
2023-05-10 15:08:25,15609,15609,15609,4,4
2023-05-10 15:08:25,15609,15609,15609,2,0
2023-05-10 15:08:27,15609,15609,15609,2,0
2023-05-10 15:08:28,15610,15610,15610,4,4
2023-05-10 15:08:28,15610,15610,15610,6,0
2023-05-10 15:08:32,15610,15610,15610,2,0
2023-05-10 15:08:32,15610,15610,15610,2,0
2023-05-10 15:08:37,15610,15610,15610,4,0
2023-05-10 15:08:39,15610,15610,15610,2,0
2023-05-10 15:08:41,15611,15611,15611,4,4
2023-05-10 15:08:41,15611,15611,15611,4,0
2023-05-10 15:08:41,15611,15611,15611,30,0
2023-05-10 15:08:42,15611,15611,15611,2,0
2023-05-10 15:08:49,15611,15611,15611,2,0
2023-05-10 15:08:51,15610,15610,15610,2,-2
2023-05-10 15:08:51,15610,15610,15610,2,0
2023-05-10 15:08:57,15610,15610,15610,2,0
2023-05-10 15:08:57,15610,15610,15610,2,0
2023-05-10 15:08:57,15609,15609,15609,2,-2
2023-05-10 15:08:57,15610,15610,15610,2,2
2023-05-10 15:08:57,15610,15610,15610,2,0
2023-05-10 15:09:00,15609,15609,15609,2,-2
2023-05-10 15:09:00,15609,15609,15609,2,0
2023-05-10 15:09:00,15609,15609,15609,2,0
2023-05-10 15:09:03,15610,15610,15610,2,2
2023-05-10 15:09:05,15609,15609,15609,4,-4
2023-05-10 15:09:07,15610,15610,15610,2,2
2023-05-10 15:09:07,15610,15610,15610,2,0
2023-05-10 15:09:07,15610,15610,15610,2,0
2023-05-10 15:09:07,15610,15610,15610,30,0
2023-05-10 15:09:07,15611,15611,15611,2,2
2023-05-10 15:09:07,15611,15611,15611,2,0
2023-05-10 15:09:07,15610,15610,15610,4,-4
2023-05-10 15:09:07,15610,15610,15610,2,0
2023-05-10 15:09:08,15611,15611,15611,2,2
2023-05-10 15:09:08,15610,15610,15610,2,-2
2023-05-10 15:09:08,15610,15610,15610,2,0
2023-05-10 15:09:08,15611,15611,15611,2,2
2023-05-10 15:09:08,15611,15611,15611,2,0
2023-05-10 15:09:09,15610,15610,15610,2,-2
2023-05-10 15:09:09,15610,15610,15610,2,0
2023-05-10 15:09:10,15610,15610,15610,2,0
2023-05-10 15:09:10,15610,15610,15610,2,0
2023-05-10 15:09:12,15610,15610,15610,10,0
2023-05-10 15:09:13,15610,15610,15610,2,0
2023-05-10 15:09:14,15609,15609,15609,2,-2
2023-05-10 15:09:17,15610,15610,15610,4,4
2023-05-10 15:09:17,15610,15610,15610,2,0
2023-05-10 15:09:17,15611,15611,15611,2,2
2023-05-10 15:09:17,15611,15611,15611,44,0
2023-05-10 15:09:17,15612,15612,15612,2,2
2023-05-10 15:09:17,15612,15612,15612,32,0
2023-05-10 15:09:18,15612,15612,15612,2,0
2023-05-10 15:09:18,15612,15612,15612,2,0
2023-05-10 15:09:21,15612,15612,15612,2,0
2023-05-10 15:09:21,15612,15612,15612,4,0
2023-05-10 15:09:21,15612,15612,15612,2,0
2023-05-10 15:09:22,15611,15611,15611,2,-2
2023-05-10 15:09:22,15611,15611,15611,2,0
2023-05-10 15:09:22,15612,15612,15612,6,6
2023-05-10 15:09:23,15611,15611,15611,2,-2
2023-05-10 15:09:23,15611,15611,15611,2,0
2023-05-10 15:09:23,15611,15611,15611,2,0
2023-05-10 15:09:24,15610,15610,15610,2,-2
2023-05-10 15:09:24,15610,15610,15610,2,0
2023-05-10 15:09:24,15610,15610,15610,2,0
2023-05-10 15:09:25,15611,15611,15611,2,2
2023-05-10 15:09:25,15611,15611,15611,2,0
2023-05-10 15:09:25,15611,15611,15611,2,0
2023-05-10 15:09:28,15612,15612,15612,2,2
2023-05-10 15:09:30,15612,15612,15612,8,0
2023-05-10 15:09:30,15612,15612,15612,6,0
2023-05-10 15:09:30,15612,15612,15612,4,0
2023-05-10 15:09:30,15612,15612,15612,2,0
2023-05-10 15:09:30,15612,15612,15612,8,0
2023-05-10 15:09:31,15611,15611,15611,2,-2
2023-05-10 15:09:32,15611,15611,15611,2,0
2023-05-10 15:09:33,15611,15611,15611,4,0
2023-05-10 15:09:33,15612,15612,15612,40,40
2023-05-10 15:09:33,15612,15612,15612,2,0
2023-05-10 15:09:33,15612,15612,15612,2,0
2023-05-10 15:09:33,15612,15612,15612,2,0
2023-05-10 15:09:33,15612,15612,15612,2,0
2023-05-10 15:09:33,15612,15612,15612,2,0
2023-05-10 15:09:34,15611,15611,15611,2,-2
2023-05-10 15:09:34,15611,15611,15611,2,0
2023-05-10 15:09:34,15611,15611,15611,2,0
2023-05-10 15:09:36,15612,15612,15612,2,2
2023-05-10 15:09:36,15612,15612,15612,2,0
2023-05-10 15:09:40,15611,15611,15611,6,-6
2023-05-10 15:09:40,15611,15611,15611,2,0
2023-05-10 15:09:40,15611,15611,15611,4,0
2023-05-10 15:09:40,15611,15611,15611,2,0
2023-05-10 15:09:40,15611,15611,15611,2,0
2023-05-10 15:09:40,15612,15612,15612,2,2
2023-05-10 15:09:41,15611,15611,15611,2,-2
2023-05-10 15:09:41,15611,15611,15611,2,0
2023-05-10 15:09:41,15612,15612,15612,6,6
2023-05-10 15:09:42,15611,15611,15611,2,-2
2023-05-10 15:09:42,15611,15611,15611,2,0
2023-05-10 15:09:43,15612,15612,15612,2,2
2023-05-10 15:09:45,15612,15612,15612,2,0
2023-05-10 15:09:45,15612,15612,15612,8,0
2023-05-10 15:09:50,15613,15613,15613,2,2
2023-05-10 15:09:50,15613,15613,15613,10,0
2023-05-10 15:09:50,15613,15613,15613,4,0
2023-05-10 15:09:50,15613,15613,15613,4,0
2023-05-10 15:09:50,15613,15613,15613,2,0
2023-05-10 15:09:50,15613,15613,15613,2,0
2023-05-10 15:09:52,15613,15613,15613,2,0
2023-05-10 15:09:53,15614,15614,15614,2,2
2023-05-10 15:09:53,15614,15614,15614,2,0
2023-05-10 15:09:53,15614,15614,15614,24,0
2023-05-10 15:09:54,15614,15614,15614,2,0
2023-05-10 15:09:55,15615,15615,15615,2,2
2023-05-10 15:09:55,15615,15615,15615,2,0
2023-05-10 15:09:56,15615,15615,15615,4,0
2023-05-10 15:09:56,15614,15614,15614,2,-2
2023-05-10 15:09:58,15614,15614,15614,2,0
2023-05-10 15:09:59,15613,15613,15613,2,-2
2023-05-10 15:10:02,15613,15613,15613,2,0
2023-05-10 15:10:02,15613,15613,15613,2,0
2023-05-10 15:10:03,15614,15614,15614,2,2
2023-05-10 15:10:03,15614,15614,15614,2,0
2023-05-10 15:10:10,15614,15614,15614,2,0
2023-05-10 15:10:11,15613,15613,15613,2,-2
2023-05-10 15:10:11,15613,15613,15613,2,0
2023-05-10 15:10:13,15612,15612,15612,2,-2
2023-05-10 15:10:14,15613,15613,15613,2,2
2023-05-10 15:10:19,15612,15612,15612,2,-2
2023-05-10 15:10:19,15613,15613,15613,2,2
2023-05-10 15:10:20,15613,15613,15613,2,0
2023-05-10 15:10:25,15613,15613,15613,2,0
2023-05-10 15:10:30,15614,15614,15614,16,16
2023-05-10 15:10:36,15613,15613,15613,2,-2
2023-05-10 15:10:36,15613,15613,15613,4,0
2023-05-10 15:10:37,15613,15613,15613,16,0
2023-05-10 15:10:40,15612,15612,15612,2,-2
2023-05-10 15:10:50,15612,15612,15612,2,0
2023-05-10 15:10:52,15611,15611,15611,4,-4
2023-05-10 15:10:52,15611,15611,15611,2,0
2023-05-10 15:10:52,15611,15611,15611,2,0
2023-05-10 15:10:52,15611,15611,15611,2,0
2023-05-10 15:10:52,15611,15611,15611,2,0
2023-05-10 15:10:52,15611,15611,15611,2,0
2023-05-10 15:10:54,15611,15611,15611,2,0
2023-05-10 15:10:57,15611,15611,15611,2,0
2023-05-10 15:11:00,15612,15612,15612,8,8
2023-05-10 15:11:02,15613,15613,15613,2,2
2023-05-10 15:11:04,15613,15613,15613,2,0
2023-05-10 15:11:06,15613,15613,15613,2,0
2023-05-10 15:11:09,15613,15613,15613,2,0
2023-05-10 15:11:12,15613,15613,15613,2,0
2023-05-10 15:11:12,15613,15613,15613,2,0
2023-05-10 15:11:12,15614,15614,15614,2,2
2023-05-10 15:11:17,15614,15614,15614,2,0
2023-05-10 15:11:18,15614,15614,15614,2,0
2023-05-10 15:11:18,15614,15614,15614,24,0
2023-05-10 15:11:22,15614,15614,15614,2,0
2023-05-10 15:11:22,15614,15614,15614,2,0
2023-05-10 15:11:25,15614,15614,15614,2,0
2023-05-10 15:11:25,15614,15614,15614,2,0
2023-05-10 15:11:25,15614,15614,15614,2,0
2023-05-10 15:11:28,15614,15614,15614,2,0
2023-05-10 15:11:29,15614,15614,15614,2,0
2023-05-10 15:11:29,15614,15614,15614,2,0
2023-05-10 15:11:29,15614,15614,15614,4,0
2023-05-10 15:11:29,15614,15614,15614,4,0
2023-05-10 15:11:30,15615,15615,15615,2,2
2023-05-10 15:11:31,15615,15615,15615,16,0
2023-05-10 15:11:31,15614,15614,15614,2,-2
2023-05-10 15:11:37,15614,15614,15614,2,0
2023-05-10 15:11:37,15614,15614,15614,2,0
2023-05-10 15:11:37,15614,15614,15614,2,0
2023-05-10 15:11:39,15613,15613,15613,2,-2
2023-05-10 15:11:39,15613,15613,15613,2,0
2023-05-10 15:11:39,15613,15613,15613,6,0
2023-05-10 15:11:39,15613,15613,15613,2,0
2023-05-10 15:11:41,15613,15613,15613,2,0
2023-05-10 15:11:41,15613,15613,15613,2,0
2023-05-10 15:11:43,15613,15613,15613,2,0
2023-05-10 15:11:49,15613,15613,15613,2,0
2023-05-10 15:11:51,15613,15613,15613,2,0
2023-05-10 15:11:53,15612,15612,15612,2,-2
2023-05-10 15:11:54,15612,15612,15612,2,0
2023-05-10 15:11:54,15612,15612,15612,2,0
2023-05-10 15:12:00,15611,15611,15611,2,-2
2023-05-10 15:12:04,15611,15611,15611,2,0
2023-05-10 15:12:04,15611,15611,15611,2,0
2023-05-10 15:12:04,15611,15611,15611,2,0
2023-05-10 15:12:04,15611,15611,15611,2,0
2023-05-10 15:12:04,15611,15611,15611,4,0
2023-05-10 15:12:04,15610,15610,15610,2,-2
2023-05-10 15:12:04,15610,15610,15610,2,0
2023-05-10 15:12:04,15610,15610,15610,2,0
2023-05-10 15:12:04,15610,15610,15610,4,0
2023-05-10 15:12:04,15610,15610,15610,2,0
2023-05-10 15:12:04,15610,15610,15610,10,0
2023-05-10 15:12:04,15610,15610,15610,2,0
2023-05-10 15:12:04,15610,15610,15610,2,0
2023-05-10 15:12:04,15610,15610,15610,6,0
2023-05-10 15:12:04,15610,15610,15610,2,0
2023-05-10 15:12:04,15610,15610,15610,2,0
2023-05-10 15:12:04,15610,15610,15610,2,0
2023-05-10 15:12:04,15610,15610,15610,6,0
2023-05-10 15:12:04,15610,15610,15610,2,0
2023-05-10 15:12:04,15610,15610,15610,2,0
2023-05-10 15:12:04,15610,15610,15610,2,0
2023-05-10 15:12:04,15610,15610,15610,2,0
2023-05-10 15:12:04,15610,15610,15610,2,0
2023-05-10 15:12:04,15610,15610,15610,10,0
2023-05-10 15:12:04,15610,15610,15610,4,0
2023-05-10 15:12:04,15609,15609,15609,2,-2
2023-05-10 15:12:04,15609,15609,15609,2,0
2023-05-10 15:12:04,15609,15609,15609,2,0
2023-05-10 15:12:04,15609,15609,15609,2,0
2023-05-10 15:12:04,15610,15610,15610,4,4
2023-05-10 15:12:04,15609,15609,15609,2,-2
2023-05-10 15:12:04,15609,15609,15609,6,0
2023-05-10 15:12:05,15609,15609,15609,6,0
2023-05-10 15:12:05,15609,15609,15609,2,0
2023-05-10 15:12:06,15609,15609,15609,2,0
2023-05-10 15:12:06,15610,15610,15610,2,2
2023-05-10 15:12:08,15609,15609,15609,2,-2
2023-05-10 15:12:10,15609,15609,15609,2,0
2023-05-10 15:12:10,15610,15610,15610,2,2
2023-05-10 15:12:11,15610,15610,15610,2,0
2023-05-10 15:12:13,15609,15609,15609,2,-2
2023-05-10 15:12:13,15609,15609,15609,2,0
2023-05-10 15:12:13,15609,15609,15609,4,0
2023-05-10 15:12:13,15609,15609,15609,6,0
2023-05-10 15:12:13,15609,15609,15609,2,0
2023-05-10 15:12:13,15609,15609,15609,6,0
2023-05-10 15:12:13,15609,15609,15609,2,0
2023-05-10 15:12:17,15609,15609,15609,2,0
2023-05-10 15:12:18,15608,15608,15608,2,-2
2023-05-10 15:12:18,15608,15608,15608,2,0
2023-05-10 15:12:18,15608,15608,15608,4,0
2023-05-10 15:12:22,15608,15608,15608,2,0
2023-05-10 15:12:24,15608,15608,15608,2,0
2023-05-10 15:12:26,15608,15608,15608,10,0
2023-05-10 15:12:26,15608,15608,15608,2,0
2023-05-10 15:12:29,15608,15608,15608,6,0
2023-05-10 15:12:31,15609,15609,15609,2,2
2023-05-10 15:12:31,15609,15609,15609,2,0
2023-05-10 15:12:32,15609,15609,15609,2,0
2023-05-10 15:12:33,15609,15609,15609,4,0
2023-05-10 15:12:37,15609,15609,15609,10,0
2023-05-10 15:12:47,15609,15609,15609,2,0
2023-05-10 15:13:02,15608,15608,15608,2,-2
2023-05-10 15:13:05,15609,15609,15609,4,4
2023-05-10 15:13:07,15608,15608,15608,2,-2
2023-05-10 15:13:07,15608,15608,15608,4,0
2023-05-10 15:13:07,15608,15608,15608,2,0
2023-05-10 15:13:10,15609,15609,15609,2,2
2023-05-10 15:13:10,15609,15609,15609,2,0
2023-05-10 15:13:11,15608,15608,15608,2,-2
2023-05-10 15:13:14,15608,15608,15608,2,0
2023-05-10 15:13:15,15608,15608,15608,2,0
2023-05-10 15:13:15,15608,15608,15608,2,0
2023-05-10 15:13:15,15608,15608,15608,2,0
2023-05-10 15:13:15,15608,15608,15608,2,0
2023-05-10 15:13:15,15608,15608,15608,2,0
2023-05-10 15:13:15,15608,15608,15608,2,0
2023-05-10 15:13:17,15608,15608,15608,2,0
2023-05-10 15:13:17,15607,15607,15607,2,-2
2023-05-10 15:13:17,15607,15607,15607,2,0
2023-05-10 15:13:17,15607,15607,15607,2,0
2023-05-10 15:13:20,15606,15606,15606,2,-2
2023-05-10 15:13:20,15606,15606,15606,2,0
2023-05-10 15:13:20,15606,15606,15606,2,0
2023-05-10 15:13:20,15606,15606,15606,2,0
2023-05-10 15:13:20,15606,15606,15606,2,0
2023-05-10 15:13:20,15606,15606,15606,2,0
2023-05-10 15:13:20,15606,15606,15606,2,0
2023-05-10 15:13:20,15606,15606,15606,2,0
2023-05-10 15:13:21,15606,15606,15606,2,0
2023-05-10 15:13:21,15606,15606,15606,2,0
2023-05-10 15:13:22,15606,15606,15606,2,0
2023-05-10 15:13:22,15606,15606,15606,2,0
2023-05-10 15:13:22,15606,15606,15606,2,0
2023-05-10 15:13:22,15606,15606,15606,2,0
2023-05-10 15:13:22,15606,15606,15606,2,0
2023-05-10 15:13:22,15606,15606,15606,2,0
2023-05-10 15:13:22,15606,15606,15606,2,0
2023-05-10 15:13:22,15606,15606,15606,2,0
2023-05-10 15:13:22,15606,15606,15606,2,0
2023-05-10 15:13:22,15606,15606,15606,2,0
2023-05-10 15:13:25,15607,15607,15607,4,4
2023-05-10 15:13:28,15607,15607,15607,2,0
2023-05-10 15:13:28,15607,15607,15607,2,0
2023-05-10 15:13:29,15607,15607,15607,2,0
2023-05-10 15:13:29,15607,15607,15607,2,0
2023-05-10 15:13:29,15607,15607,15607,2,0
2023-05-10 15:13:29,15607,15607,15607,2,0
2023-05-10 15:13:29,15606,15606,15606,2,-2
2023-05-10 15:13:29,15606,15606,15606,6,0
2023-05-10 15:13:29,15606,15606,15606,2,0
2023-05-10 15:13:29,15606,15606,15606,6,0
2023-05-10 15:13:29,15606,15606,15606,2,0
2023-05-10 15:13:29,15606,15606,15606,2,0
2023-05-10 15:13:29,15606,15606,15606,2,0
2023-05-10 15:13:29,15606,15606,15606,4,0
2023-05-10 15:13:29,15606,15606,15606,4,0
2023-05-10 15:13:29,15606,15606,15606,4,0
2023-05-10 15:13:30,15606,15606,15606,2,0
2023-05-10 15:13:32,15606,15606,15606,2,0
2023-05-10 15:13:32,15606,15606,15606,18,0
2023-05-10 15:13:32,15606,15606,15606,6,0
2023-05-10 15:13:32,15606,15606,15606,2,0
2023-05-10 15:13:32,15606,15606,15606,4,0
2023-05-10 15:13:33,15605,15605,15605,2,-2
2023-05-10 15:13:35,15606,15606,15606,10,10
2023-05-10 15:13:35,15607,15607,15607,2,2
2023-05-10 15:13:35,15607,15607,15607,2,0
2023-05-10 15:13:35,15607,15607,15607,2,0
2023-05-10 15:13:35,15607,15607,15607,2,0
2023-05-10 15:13:35,15607,15607,15607,2,0
2023-05-10 15:13:35,15607,15607,15607,2,0
2023-05-10 15:13:36,15606,15606,15606,2,-2
2023-05-10 15:13:36,15606,15606,15606,2,0
2023-05-10 15:13:39,15605,15605,15605,2,-2
2023-05-10 15:13:39,15605,15605,15605,2,0
2023-05-10 15:13:39,15605,15605,15605,2,0
2023-05-10 15:13:39,15605,15605,15605,2,0
2023-05-10 15:13:39,15605,15605,15605,2,0
2023-05-10 15:13:39,15605,15605,15605,2,0
2023-05-10 15:13:39,15605,15605,15605,2,0
2023-05-10 15:13:39,15605,15605,15605,2,0
2023-05-10 15:13:39,15605,15605,15605,2,0
2023-05-10 15:13:42,15606,15606,15606,2,2
2023-05-10 15:13:44,15605,15605,15605,2,-2
2023-05-10 15:13:45,15606,15606,15606,2,2
2023-05-10 15:13:45,15606,15606,15606,2,0
2023-05-10 15:13:47,15605,15605,15605,2,-2
2023-05-10 15:13:48,15604,15604,15604,2,-2
2023-05-10 15:13:49,15604,15604,15604,2,0
2023-05-10 15:13:49,15604,15604,15604,2,0
2023-05-10 15:13:49,15604,15604,15604,2,0
2023-05-10 15:13:49,15604,15604,15604,2,0
2023-05-10 15:13:49,15604,15604,15604,2,0
2023-05-10 15:13:50,15604,15604,15604,2,0
2023-05-10 15:13:50,15603,15603,15603,2,-2
2023-05-10 15:13:52,15604,15604,15604,6,6
2023-05-10 15:14:01,15604,15604,15604,2,0
2023-05-10 15:14:02,15604,15604,15604,2,0
2023-05-10 15:14:03,15604,15604,15604,2,0
2023-05-10 15:14:06,15604,15604,15604,6,0
2023-05-10 15:14:10,15604,15604,15604,2,0
2023-05-10 15:14:10,15604,15604,15604,2,0
2023-05-10 15:14:16,15604,15604,15604,4,0
2023-05-10 15:14:16,15604,15604,15604,2,0
2023-05-10 15:14:19,15604,15604,15604,2,0
2023-05-10 15:14:26,15604,15604,15604,2,0
2023-05-10 15:14:26,15604,15604,15604,2,0
2023-05-10 15:14:26,15604,15604,15604,2,0
2023-05-10 15:14:29,15604,15604,15604,2,0
2023-05-10 15:14:31,15605,15605,15605,2,2
2023-05-10 15:14:31,15605,15605,15605,2,0
2023-05-10 15:14:33,15605,15605,15605,8,0
2023-05-10 15:14:34,15605,15605,15605,2,0
2023-05-10 15:14:36,15605,15605,15605,2,0
2023-05-10 15:14:39,15606,15606,15606,2,2
2023-05-10 15:14:40,15607,15607,15607,2,2
2023-05-10 15:14:45,15607,15607,15607,2,0
2023-05-10 15:14:52,15608,15608,15608,2,2
2023-05-10 15:14:57,15608,15608,15608,6,0
2023-05-10 15:14:57,15607,15607,15607,2,-2
2023-05-10 15:15:00,15608,15608,15608,2,2
2023-05-10 15:15:00,15608,15608,15608,2,0
2023-05-10 15:15:02,15608,15608,15608,2,0
2023-05-10 15:15:07,15609,15609,15609,6,6
2023-05-10 15:15:15,15608,15608,15608,2,-2
2023-05-10 15:15:15,15608,15608,15608,10,0
2023-05-10 15:15:15,15608,15608,15608,4,0
2023-05-10 15:15:15,15608,15608,15608,2,0
2023-05-10 15:15:15,15608,15608,15608,2,0
2023-05-10 15:15:19,15607,15607,15607,2,-2
2023-05-10 15:15:19,15607,15607,15607,2,0
2023-05-10 15:15:20,15608,15608,15608,2,2
2023-05-10 15:15:30,15608,15608,15608,2,0
2023-05-10 15:15:42,15608,15608,15608,18,0
2023-05-10 15:15:45,15609,15609,15609,6,6
2023-05-10 15:15:46,15610,15610,15610,4,4
2023-05-10 15:15:53,15610,15610,15610,2,0
2023-05-10 15:15:56,15610,15610,15610,4,0
2023-05-10 15:16:02,15609,15609,15609,2,-2
2023-05-10 15:16:02,15609,15609,15609,2,0
2023-05-10 15:16:02,15609,15609,15609,2,0
2023-05-10 15:16:02,15610,15610,15610,2,2
2023-05-10 15:16:02,15610,15610,15610,2,0
2023-05-10 15:16:02,15610,15610,15610,2,0
2023-05-10 15:16:02,15610,15610,15610,6,0
2023-05-10 15:16:02,15610,15610,15610,4,0
2023-05-10 15:16:03,15609,15609,15609,2,-2
2023-05-10 15:16:03,15608,15608,15608,2,-2
2023-05-10 15:16:03,15610,15610,15610,2,2
2023-05-10 15:16:03,15610,15610,15610,2,0
2023-05-10 15:16:03,15610,15610,15610,2,0
2023-05-10 15:16:03,15610,15610,15610,2,0
2023-05-10 15:16:05,15610,15610,15610,4,0
2023-05-10 15:16:07,15610,15610,15610,2,0
2023-05-10 15:16:14,15610,15610,15610,2,0
2023-05-10 15:16:14,15610,15610,15610,2,0
2023-05-10 15:16:14,15611,15611,15611,2,2
2023-05-10 15:16:18,15611,15611,15611,2,0
2023-05-10 15:16:18,15611,15611,15611,2,0
2023-05-10 15:16:18,15611,15611,15611,2,0
2023-05-10 15:16:18,15611,15611,15611,2,0
2023-05-10 15:16:18,15611,15611,15611,2,0
2023-05-10 15:16:20,15611,15611,15611,4,0
2023-05-10 15:16:20,15611,15611,15611,4,0
2023-05-10 15:16:20,15611,15611,15611,22,0
2023-05-10 15:16:20,15612,15612,15612,2,2
2023-05-10 15:16:20,15612,15612,15612,2,0
2023-05-10 15:16:20,15612,15612,15612,2,0
2023-05-10 15:16:20,15612,15612,15612,2,0
2023-05-10 15:16:25,15612,15612,15612,2,0
2023-05-10 15:16:28,15612,15612,15612,2,0
2023-05-10 15:16:29,15611,15611,15611,2,-2
2023-05-10 15:16:29,15611,15611,15611,2,0
2023-05-10 15:16:29,15611,15611,15611,2,0
2023-05-10 15:16:29,15611,15611,15611,2,0
2023-05-10 15:16:29,15611,15611,15611,2,0
2023-05-10 15:16:29,15611,15611,15611,2,0
2023-05-10 15:16:29,15612,15612,15612,2,2
2023-05-10 15:16:29,15612,15612,15612,2,0
2023-05-10 15:16:29,15612,15612,15612,2,0
2023-05-10 15:16:32,15611,15611,15611,2,-2
2023-05-10 15:16:33,15610,15610,15610,4,-4
2023-05-10 15:16:33,15610,15610,15610,4,0
2023-05-10 15:16:33,15610,15610,15610,6,0
2023-05-10 15:16:33,15610,15610,15610,4,0
2023-05-10 15:16:33,15610,15610,15610,2,0
2023-05-10 15:16:33,15610,15610,15610,2,0
2023-05-10 15:16:36,15611,15611,15611,10,10
2023-05-10 15:16:40,15612,15612,15612,10,10
2023-05-10 15:16:43,15612,15612,15612,10,0
2023-05-10 15:16:43,15612,15612,15612,20,0
2023-05-10 15:16:43,15613,15613,15613,2,2
2023-05-10 15:16:44,15613,15613,15613,24,0
2023-05-10 15:16:44,15613,15613,15613,4,0
2023-05-10 15:16:44,15613,15613,15613,4,0
2023-05-10 15:16:45,15612,15612,15612,2,-2
2023-05-10 15:16:52,15613,15613,15613,2,2
2023-05-10 15:16:52,15613,15613,15613,2,0
2023-05-10 15:16:55,15613,15613,15613,10,0
2023-05-10 15:16:56,15613,15613,15613,2,0
2023-05-10 15:16:56,15612,15612,15612,2,-2
2023-05-10 15:16:56,15612,15612,15612,2,0
2023-05-10 15:16:56,15612,15612,15612,2,0
2023-05-10 15:16:56,15612,15612,15612,2,0
2023-05-10 15:16:56,15612,15612,15612,4,0
2023-05-10 15:16:56,15612,15612,15612,2,0
2023-05-10 15:16:56,15612,15612,15612,2,0
2023-05-10 15:16:58,15612,15612,15612,4,0
2023-05-10 15:17:01,15613,15613,15613,6,6
2023-05-10 15:17:05,15613,15613,15613,2,0
2023-05-10 15:17:10,15612,15612,15612,4,-4
2023-05-10 15:17:10,15612,15612,15612,2,0
2023-05-10 15:17:10,15612,15612,15612,4,0
2023-05-10 15:17:11,15611,15611,15611,2,-2
2023-05-10 15:17:12,15612,15612,15612,6,6
2023-05-10 15:17:26,15612,15612,15612,2,0
2023-05-10 15:17:26,15612,15612,15612,2,0
2023-05-10 15:17:29,15612,15612,15612,6,0
2023-05-10 15:17:30,15612,15612,15612,6,0
2023-05-10 15:17:33,15612,15612,15612,6,0
2023-05-10 15:17:33,15612,15612,15612,2,0
2023-05-10 15:17:36,15612,15612,15612,2,0
2023-05-10 15:17:36,15613,15613,15613,6,6
2023-05-10 15:17:36,15613,15613,15613,4,0
2023-05-10 15:17:42,15613,15613,15613,4,0
2023-05-10 15:17:50,15613,15613,15613,2,0
2023-05-10 15:17:51,15613,15613,15613,2,0
2023-05-10 15:17:52,15613,15613,15613,4,0
2023-05-10 15:17:52,15613,15613,15613,4,0
2023-05-10 15:17:52,15613,15613,15613,4,0
2023-05-10 15:17:52,15613,15613,15613,4,0
2023-05-10 15:17:52,15613,15613,15613,4,0
2023-05-10 15:17:52,15613,15613,15613,16,0
2023-05-10 15:17:56,15612,15612,15612,2,-2
2023-05-10 15:17:56,15612,15612,15612,2,0
2023-05-10 15:18:07,15613,15613,15613,2,2
2023-05-10 15:18:10,15614,15614,15614,2,2
2023-05-10 15:18:10,15613,15613,15613,2,-2
2023-05-10 15:18:25,15612,15612,15612,2,-2
2023-05-10 15:18:45,15612,15612,15612,2,0
2023-05-10 15:18:53,15612,15612,15612,2,0
2023-05-10 15:18:59,15612,15612,15612,2,0
2023-05-10 15:19:07,15613,15613,15613,6,6
2023-05-10 15:19:08,15613,15613,15613,6,0
2023-05-10 15:19:08,15613,15613,15613,8,0
2023-05-10 15:19:08,15614,15614,15614,2,2
2023-05-10 15:19:10,15613,15613,15613,2,-2
2023-05-10 15:19:14,15614,15614,15614,4,4
2023-05-10 15:19:14,15614,15614,15614,4,0
2023-05-10 15:19:14,15614,15614,15614,14,0
2023-05-10 15:19:14,15614,15614,15614,4,0
2023-05-10 15:19:16,15615,15615,15615,4,4
2023-05-10 15:19:20,15615,15615,15615,4,0
2023-05-10 15:19:23,15614,15614,15614,2,-2
2023-05-10 15:19:31,15614,15614,15614,2,0
2023-05-10 15:19:43,15614,15614,15614,2,0
2023-05-10 15:19:44,15614,15614,15614,2,0
2023-05-10 15:19:46,15614,15614,15614,2,0
2023-05-10 15:19:51,15614,15614,15614,2,0
2023-05-10 15:20:00,15614,15614,15614,2,0
2023-05-10 15:20:04,15613,15613,15613,2,-2
2023-05-10 15:20:04,15613,15613,15613,2,0
2023-05-10 15:20:06,15613,15613,15613,4,0
2023-05-10 15:20:08,15613,15613,15613,4,0
2023-05-10 15:20:11,15612,15612,15612,4,-4
2023-05-10 15:20:15,15613,15613,15613,4,4
2023-05-10 15:20:18,15613,15613,15613,4,0
2023-05-10 15:20:19,15613,15613,15613,4,0
2023-05-10 15:20:30,15613,15613,15613,2,0
2023-05-10 15:20:34,15614,15614,15614,4,4
2023-05-10 15:20:34,15614,15614,15614,24,0
2023-05-10 15:20:42,15615,15615,15615,46,46
2023-05-10 15:20:42,15616,15616,15616,4,4
2023-05-10 15:20:42,15616,15616,15616,4,0
2023-05-10 15:20:42,15616,15616,15616,38,0
2023-05-10 15:20:42,15617,15617,15617,2,2
2023-05-10 15:20:42,15617,15617,15617,2,0
2023-05-10 15:20:42,15616,15616,15616,4,-4
2023-05-10 15:20:42,15616,15616,15616,4,0
2023-05-10 15:20:42,15616,15616,15616,2,0
2023-05-10 15:20:42,15616,15616,15616,2,0
2023-05-10 15:20:43,15616,15616,15616,2,0
2023-05-10 15:20:53,15615,15615,15615,2,-2
2023-05-10 15:20:53,15615,15615,15615,2,0
2023-05-10 15:20:58,15615,15615,15615,2,0
2023-05-10 15:21:01,15615,15615,15615,2,0
2023-05-10 15:21:02,15616,15616,15616,2,2
2023-05-10 15:21:02,15616,15616,15616,2,0
2023-05-10 15:21:02,15616,15616,15616,2,0
2023-05-10 15:21:02,15616,15616,15616,2,0
2023-05-10 15:21:02,15616,15616,15616,2,0
2023-05-10 15:21:02,15616,15616,15616,10,0
2023-05-10 15:21:02,15617,15617,15617,2,2
2023-05-10 15:21:02,15617,15617,15617,2,0
2023-05-10 15:21:02,15617,15617,15617,2,0
2023-05-10 15:21:02,15617,15617,15617,2,0
2023-05-10 15:21:02,15617,15617,15617,2,0
2023-05-10 15:21:02,15617,15617,15617,2,0
2023-05-10 15:21:02,15617,15617,15617,2,0
2023-05-10 15:21:02,15617,15617,15617,2,0
2023-05-10 15:21:02,15616,15616,15616,2,-2
2023-05-10 15:21:02,15617,15617,15617,2,2
2023-05-10 15:21:02,15617,15617,15617,2,0
2023-05-10 15:21:02,15617,15617,15617,2,0
2023-05-10 15:21:02,15617,15617,15617,2,0
2023-05-10 15:21:04,15616,15616,15616,4,-4
2023-05-10 15:21:04,15616,15616,15616,2,0
2023-05-10 15:21:05,15616,15616,15616,6,0
2023-05-10 15:21:08,15616,15616,15616,6,0
2023-05-10 15:21:12,15616,15616,15616,6,0
2023-05-10 15:21:15,15616,15616,15616,4,0
2023-05-10 15:21:15,15616,15616,15616,4,0
2023-05-10 15:21:15,15616,15616,15616,4,0
2023-05-10 15:21:15,15616,15616,15616,2,0
2023-05-10 15:21:18,15616,15616,15616,2,0
2023-05-10 15:21:18,15616,15616,15616,2,0
2023-05-10 15:21:18,15616,15616,15616,2,0
2023-05-10 15:21:23,15615,15615,15615,2,-2
2023-05-10 15:21:23,15615,15615,15615,6,0
2023-05-10 15:21:23,15615,15615,15615,2,0
2023-05-10 15:21:23,15615,15615,15615,2,0
2023-05-10 15:21:23,15615,15615,15615,2,0
2023-05-10 15:21:23,15614,15614,15614,2,-2
2023-05-10 15:21:24,15615,15615,15615,2,2
2023-05-10 15:21:28,15615,15615,15615,4,0
2023-05-10 15:21:35,15615,15615,15615,4,0
2023-05-10 15:21:35,15615,15615,15615,2,0
2023-05-10 15:21:35,15615,15615,15615,2,0
2023-05-10 15:21:36,15616,15616,15616,2,2
2023-05-10 15:21:36,15614,15614,15614,4,-4
2023-05-10 15:21:38,15615,15615,15615,4,4
2023-05-10 15:21:40,15615,15615,15615,2,0
2023-05-10 15:21:42,15615,15615,15615,2,0
2023-05-10 15:21:43,15615,15615,15615,2,0
2023-05-10 15:21:43,15615,15615,15615,2,0
2023-05-10 15:21:46,15614,15614,15614,2,-2
2023-05-10 15:21:46,15614,15614,15614,2,0
2023-05-10 15:21:46,15614,15614,15614,2,0
2023-05-10 15:21:47,15613,15613,15613,2,-2
2023-05-10 15:21:47,15614,15614,15614,2,2
2023-05-10 15:21:54,15614,15614,15614,4,0
2023-05-10 15:21:57,15614,15614,15614,6,0
2023-05-10 15:22:01,15614,15614,15614,4,0
2023-05-10 15:22:05,15613,15613,15613,4,-4
2023-05-10 15:22:09,15613,15613,15613,2,0
2023-05-10 15:22:09,15613,15613,15613,2,0
2023-05-10 15:22:14,15613,15613,15613,2,0
2023-05-10 15:22:14,15614,15614,15614,2,2
2023-05-10 15:22:16,15613,15613,15613,2,-2
2023-05-10 15:22:19,15613,15613,15613,2,0
2023-05-10 15:22:22,15613,15613,15613,2,0
2023-05-10 15:22:23,15613,15613,15613,2,0
2023-05-10 15:22:24,15613,15613,15613,2,0
2023-05-10 15:22:27,15613,15613,15613,2,0
2023-05-10 15:22:27,15613,15613,15613,2,0
2023-05-10 15:22:27,15613,15613,15613,2,0
2023-05-10 15:22:33,15613,15613,15613,2,0
2023-05-10 15:22:33,15613,15613,15613,2,0
2023-05-10 15:22:33,15612,15612,15612,2,-2
2023-05-10 15:22:38,15613,15613,15613,4,4
2023-05-10 15:22:42,15613,15613,15613,4,0
2023-05-10 15:22:47,15613,15613,15613,2,0
2023-05-10 15:22:50,15613,15613,15613,2,0
2023-05-10 15:23:01,15613,15613,15613,4,0
2023-05-10 15:23:03,15613,15613,15613,4,0
2023-05-10 15:23:05,15613,15613,15613,4,0
2023-05-10 15:23:05,15613,15613,15613,2,0
2023-05-10 15:23:08,15613,15613,15613,4,0
2023-05-10 15:23:10,15614,15614,15614,8,8
2023-05-10 15:23:10,15614,15614,15614,2,0
2023-05-10 15:23:10,15614,15614,15614,2,0
2023-05-10 15:23:10,15614,15614,15614,2,0
2023-05-10 15:23:14,15614,15614,15614,2,0
2023-05-10 15:23:26,15614,15614,15614,8,0
2023-05-10 15:23:26,15614,15614,15614,12,0
2023-05-10 15:23:35,15614,15614,15614,2,0
2023-05-10 15:23:35,15615,15615,15615,2,2
2023-05-10 15:23:35,15615,15615,15615,2,0
2023-05-10 15:23:35,15615,15615,15615,2,0
2023-05-10 15:23:35,15615,15615,15615,12,0
2023-05-10 15:23:39,15615,15615,15615,2,0
2023-05-10 15:23:41,15615,15615,15615,2,0
2023-05-10 15:23:41,15615,15615,15615,2,0
2023-05-10 15:23:42,15615,15615,15615,4,0
2023-05-10 15:23:42,15615,15615,15615,4,0
2023-05-10 15:23:43,15615,15615,15615,2,0
2023-05-10 15:23:47,15613,15613,15613,2,-2
2023-05-10 15:23:59,15613,15613,15613,2,0
2023-05-10 15:24:00,15612,15612,15612,2,-2
2023-05-10 15:24:00,15612,15612,15612,2,0
2023-05-10 15:24:08,15612,15612,15612,2,0
2023-05-10 15:24:09,15612,15612,15612,2,0
2023-05-10 15:24:09,15612,15612,15612,2,0
2023-05-10 15:24:09,15612,15612,15612,2,0
2023-05-10 15:24:09,15612,15612,15612,6,0
2023-05-10 15:24:09,15612,15612,15612,2,0
2023-05-10 15:24:09,15612,15612,15612,2,0
2023-05-10 15:24:09,15612,15612,15612,2,0
2023-05-10 15:24:09,15611,15611,15611,2,-2
2023-05-10 15:24:09,15611,15611,15611,2,0
2023-05-10 15:24:09,15610,15610,15610,2,-2
2023-05-10 15:24:09,15610,15610,15610,2,0
2023-05-10 15:24:10,15610,15610,15610,2,0
2023-05-10 15:24:10,15610,15610,15610,2,0
2023-05-10 15:24:10,15610,15610,15610,4,0
2023-05-10 15:24:10,15610,15610,15610,4,0
2023-05-10 15:24:10,15610,15610,15610,2,0
2023-05-10 15:24:10,15610,15610,15610,2,0
2023-05-10 15:24:11,15611,15611,15611,2,2
2023-05-10 15:24:12,15612,15612,15612,4,4
2023-05-10 15:24:14,15612,15612,15612,2,0
2023-05-10 15:24:14,15612,15612,15612,2,0
2023-05-10 15:24:20,15612,15612,15612,4,0
2023-05-10 15:24:20,15612,15612,15612,2,0
2023-05-10 15:24:20,15613,15613,15613,4,4
2023-05-10 15:24:21,15613,15613,15613,4,0
2023-05-10 15:24:22,15612,15612,15612,4,-4
2023-05-10 15:24:44,15612,15612,15612,4,0
2023-05-10 15:24:51,15612,15612,15612,4,0
2023-05-10 15:24:54,15611,15611,15611,4,-4
2023-05-10 15:24:54,15611,15611,15611,4,0
2023-05-10 15:24:54,15611,15611,15611,4,0
2023-05-10 15:24:54,15611,15611,15611,4,0
2023-05-10 15:24:54,15611,15611,15611,2,0
2023-05-10 15:24:54,15611,15611,15611,2,0
2023-05-10 15:25:12,15611,15611,15611,2,0
2023-05-10 15:25:12,15612,15612,15612,4,4
2023-05-10 15:25:15,15611,15611,15611,2,-2
2023-05-10 15:25:20,15610,15610,15610,4,-4
2023-05-10 15:25:20,15610,15610,15610,2,0
2023-05-10 15:25:25,15610,15610,15610,2,0
2023-05-10 15:25:25,15610,15610,15610,2,0
2023-05-10 15:25:25,15610,15610,15610,2,0
2023-05-10 15:25:25,15610,15610,15610,2,0
2023-05-10 15:25:25,15610,15610,15610,2,0
2023-05-10 15:25:44,15610,15610,15610,4,0
2023-05-10 15:25:44,15610,15610,15610,4,0
2023-05-10 15:26:13,15612,15612,15612,2,2
2023-05-10 15:26:13,15613,15613,15613,2,2
2023-05-10 15:26:16,15612,15612,15612,4,-4
2023-05-10 15:26:17,15612,15612,15612,4,0
2023-05-10 15:26:24,15612,15612,15612,4,0
2023-05-10 15:26:25,15613,15613,15613,18,18
2023-05-10 15:26:25,15613,15613,15613,4,0
2023-05-10 15:26:25,15613,15613,15613,4,0
2023-05-10 15:26:25,15613,15613,15613,6,0
2023-05-10 15:26:25,15613,15613,15613,2,0
2023-05-10 15:26:28,15613,15613,15613,4,0
2023-05-10 15:26:29,15612,15612,15612,4,-4
2023-05-10 15:26:29,15612,15612,15612,2,0
2023-05-10 15:26:29,15612,15612,15612,2,0
2023-05-10 15:26:30,15613,15613,15613,4,4
2023-05-10 15:26:32,15613,15613,15613,4,0
2023-05-10 15:26:38,15614,15614,15614,4,4
2023-05-10 15:26:39,15614,15614,15614,4,0
2023-05-10 15:26:46,15613,15613,15613,4,-4
2023-05-10 15:26:56,15613,15613,15613,4,0
2023-05-10 15:26:56,15613,15613,15613,4,0
2023-05-10 15:26:56,15613,15613,15613,2,0
2023-05-10 15:26:56,15613,15613,15613,2,0
2023-05-10 15:26:57,15613,15613,15613,4,0
2023-05-10 15:26:57,15613,15613,15613,2,0
2023-05-10 15:26:57,15613,15613,15613,2,0
2023-05-10 15:26:57,15613,15613,15613,2,0
2023-05-10 15:26:57,15613,15613,15613,2,0
2023-05-10 15:27:16,15613,15613,15613,2,0
2023-05-10 15:27:29,15612,15612,15612,2,-2
2023-05-10 15:27:32,15612,15612,15612,2,0
2023-05-10 15:27:32,15612,15612,15612,2,0
2023-05-10 15:27:33,15612,15612,15612,6,0
2023-05-10 15:27:51,15612,15612,15612,2,0
2023-05-10 15:27:51,15612,15612,15612,2,0
2023-05-10 15:28:23,15612,15612,15612,6,0
2023-05-10 15:28:24,15612,15612,15612,2,0
2023-05-10 15:28:25,15613,15613,15613,2,2
2023-05-10 15:28:25,15611,15611,15611,2,-2
2023-05-10 15:28:25,15611,15611,15611,2,0
2023-05-10 15:28:27,15611,15611,15611,4,0
2023-05-10 15:28:27,15611,15611,15611,2,0
2023-05-10 15:28:33,15612,15612,15612,2,2
2023-05-10 15:28:34,15611,15611,15611,4,-4
2023-05-10 15:28:40,15611,15611,15611,2,0
2023-05-10 15:28:40,15611,15611,15611,2,0
2023-05-10 15:28:40,15611,15611,15611,2,0
2023-05-10 15:28:41,15612,15612,15612,4,4
2023-05-10 15:28:52,15612,15612,15612,20,0
2023-05-10 15:28:52,15612,15612,15612,2,0
2023-05-10 15:28:52,15612,15612,15612,2,0
2023-05-10 15:29:06,15613,15613,15613,2,2
2023-05-10 15:29:06,15612,15612,15612,2,-2
2023-05-10 15:29:09,15612,15612,15612,2,0
2023-05-10 15:29:09,15613,15613,15613,2,2
2023-05-10 15:29:12,15612,15612,15612,4,-4
2023-05-10 15:29:17,15612,15612,15612,2,0
2023-05-10 15:29:17,15612,15612,15612,6,0
2023-05-10 15:29:17,15612,15612,15612,4,0
2023-05-10 15:29:21,15612,15612,15612,2,0
2023-05-10 15:29:45,15612,15612,15612,2,0
2023-05-10 15:29:46,15612,15612,15612,2,0
2023-05-10 15:29:46,15613,15613,15613,2,2
2023-05-10 15:29:48,15612,15612,15612,2,-2
2023-05-10 15:29:49,15612,15612,15612,2,0
2023-05-10 15:29:52,15613,15613,15613,2,2
2023-05-10 15:29:53,15612,15612,15612,2,-2
2023-05-10 15:29:55,15612,15612,15612,2,0
2023-05-10 15:29:55,15612,15612,15612,2,0
2023-05-10 15:29:55,15612,15612,15612,2,0
2023-05-10 15:29:55,15612,15612,15612,2,0
2023-05-10 15:29:55,15612,15612,15612,2,0
2023-05-10 15:29:55,15612,15612,15612,4,0
2023-05-10 15:30:01,15612,15612,15612,2,0
2023-05-10 15:30:02,15611,15611,15611,4,-4
2023-05-10 15:30:02,15611,15611,15611,2,0
2023-05-10 15:30:02,15611,15611,15611,2,0
2023-05-10 15:30:02,15611,15611,15611,2,0
2023-05-10 15:30:02,15610,15610,15610,4,-4
2023-05-10 15:30:02,15610,15610,15610,2,0
2023-05-10 15:30:02,15610,15610,15610,4,0
2023-05-10 15:30:02,15611,15611,15611,2,2
2023-05-10 15:30:02,15612,15612,15612,2,2
2023-05-10 15:30:02,15611,15611,15611,4,-4
2023-05-10 15:30:17,15612,15612,15612,6,6
2023-05-10 15:30:17,15612,15612,15612,2,0
2023-05-10 15:30:22,15611,15611,15611,6,-6
2023-05-10 15:30:22,15611,15611,15611,2,0
2023-05-10 15:30:27,15611,15611,15611,6,0
2023-05-10 15:30:31,15611,15611,15611,2,0
2023-05-10 15:30:31,15611,15611,15611,2,0
2023-05-10 15:30:45,15611,15611,15611,2,0
2023-05-10 15:30:58,15610,15610,15610,2,-2
2023-05-10 15:30:58,15610,15610,15610,2,0
2023-05-10 15:30:58,15610,15610,15610,2,0
2023-05-10 15:30:58,15610,15610,15610,2,0
2023-05-10 15:30:58,15610,15610,15610,2,0
2023-05-10 15:30:58,15610,15610,15610,2,0
2023-05-10 15:30:58,15610,15610,15610,2,0
2023-05-10 15:30:58,15610,15610,15610,2,0
2023-05-10 15:30:58,15610,15610,15610,2,0
2023-05-10 15:30:58,15610,15610,15610,2,0
2023-05-10 15:30:58,15611,15611,15611,2,2
2023-05-10 15:31:00,15610,15610,15610,2,-2
2023-05-10 15:31:00,15610,15610,15610,2,0
2023-05-10 15:31:04,15610,15610,15610,2,0
2023-05-10 15:31:06,15610,15610,15610,2,0
2023-05-10 15:31:06,15610,15610,15610,2,0
2023-05-10 15:31:06,15610,15610,15610,2,0
2023-05-10 15:31:06,15610,15610,15610,2,0
2023-05-10 15:31:08,15610,15610,15610,2,0
2023-05-10 15:32:13,15610,15610,15610,2,0
2023-05-10 15:32:13,15610,15610,15610,2,0
2023-05-10 15:32:13,15610,15610,15610,10,0
2023-05-10 15:32:28,15609,15609,15609,2,-2
2023-05-10 15:32:28,15609,15609,15609,2,0
2023-05-10 15:32:28,15609,15609,15609,2,0
2023-05-10 15:32:28,15609,15609,15609,2,0
2023-05-10 15:32:28,15609,15609,15609,2,0
2023-05-10 15:32:28,15609,15609,15609,6,0
2023-05-10 15:32:28,15609,15609,15609,2,0
2023-05-10 15:32:28,15609,15609,15609,2,0
2023-05-10 15:32:30,15608,15608,15608,2,-2
2023-05-10 15:32:30,15609,15609,15609,2,2
2023-05-10 15:32:31,15608,15608,15608,2,-2
2023-05-10 15:32:31,15608,15608,15608,2,0
2023-05-10 15:32:31,15608,15608,15608,2,0
2023-05-10 15:32:31,15608,15608,15608,12,0
2023-05-10 15:32:45,15607,15607,15607,2,-2
2023-05-10 15:32:50,15608,15608,15608,16,16
2023-05-10 15:32:50,15609,15609,15609,2,2
2023-05-10 15:32:50,15607,15607,15607,4,-4
2023-05-10 15:33:01,15608,15608,15608,2,2
2023-05-10 15:33:01,15608,15608,15608,4,0
2023-05-10 15:33:05,15608,15608,15608,2,0
2023-05-10 15:33:06,15608,15608,15608,2,0
2023-05-10 15:33:06,15608,15608,15608,2,0
2023-05-10 15:33:06,15608,15608,15608,2,0
2023-05-10 15:33:06,15608,15608,15608,4,0
2023-05-10 15:33:06,15608,15608,15608,6,0
2023-05-10 15:33:06,15608,15608,15608,4,0
2023-05-10 15:33:07,15607,15607,15607,2,-2
2023-05-10 15:33:11,15608,15608,15608,2,2
2023-05-10 15:33:20,15607,15607,15607,8,-8
2023-05-10 15:33:26,15607,15607,15607,2,0
2023-05-10 15:33:26,15607,15607,15607,6,0
2023-05-10 15:33:26,15607,15607,15607,2,0
2023-05-10 15:33:26,15607,15607,15607,2,0
2023-05-10 15:33:26,15607,15607,15607,2,0
2023-05-10 15:33:28,15607,15607,15607,4,0
2023-05-10 15:33:31,15607,15607,15607,2,0
2023-05-10 15:33:32,15607,15607,15607,4,0
2023-05-10 15:33:37,15607,15607,15607,6,0
2023-05-10 15:33:40,15607,15607,15607,4,0
2023-05-10 15:33:47,15607,15607,15607,4,0
2023-05-10 15:33:52,15608,15608,15608,2,2
2023-05-10 15:33:53,15607,15607,15607,2,-2
2023-05-10 15:33:54,15608,15608,15608,4,4
2023-05-10 15:33:54,15608,15608,15608,2,0
2023-05-10 15:33:54,15608,15608,15608,4,0
2023-05-10 15:34:06,15609,15609,15609,2,2
2023-05-10 15:34:07,15610,15610,15610,2,2
2023-05-10 15:34:07,15610,15610,15610,2,0
2023-05-10 15:34:12,15609,15609,15609,4,-4
2023-05-10 15:34:12,15609,15609,15609,2,0
2023-05-10 15:34:13,15609,15609,15609,2,0
2023-05-10 15:34:20,15610,15610,15610,2,2
2023-05-10 15:34:21,15609,15609,15609,4,-4
2023-05-10 15:34:36,15608,15608,15608,4,-4
2023-05-10 15:34:38,15609,15609,15609,2,2
2023-05-10 15:34:44,15608,15608,15608,2,-2
2023-05-10 15:34:55,15608,15608,15608,4,0
2023-05-10 15:34:55,15608,15608,15608,2,0
2023-05-10 15:35:02,15609,15609,15609,4,4
2023-05-10 15:35:02,15609,15609,15609,4,0
2023-05-10 15:35:02,15609,15609,15609,2,0
2023-05-10 15:35:02,15610,15610,15610,8,8
2023-05-10 15:35:05,15608,15608,15608,2,-2
2023-05-10 15:35:09,15608,15608,15608,4,0
2023-05-10 15:35:14,15608,15608,15608,10,0
2023-05-10 15:35:29,15607,15607,15607,8,-8
2023-05-10 15:35:29,15607,15607,15607,4,0
2023-05-10 15:35:29,15607,15607,15607,2,0
2023-05-10 15:35:29,15607,15607,15607,4,0
2023-05-10 15:35:29,15607,15607,15607,2,0
2023-05-10 15:35:29,15607,15607,15607,2,0
2023-05-10 15:35:29,15607,15607,15607,4,0
2023-05-10 15:35:29,15607,15607,15607,8,0
2023-05-10 15:35:29,15607,15607,15607,6,0
2023-05-10 15:35:39,15606,15606,15606,2,-2
2023-05-10 15:35:40,15606,15606,15606,2,0
2023-05-10 15:35:43,15606,15606,15606,2,0
2023-05-10 15:35:48,15607,15607,15607,2,2
2023-05-10 15:36:00,15606,15606,15606,2,-2
2023-05-10 15:36:03,15606,15606,15606,2,0
2023-05-10 15:36:03,15606,15606,15606,2,0
2023-05-10 15:36:03,15606,15606,15606,2,0
2023-05-10 15:36:03,15606,15606,15606,2,0
2023-05-10 15:36:03,15606,15606,15606,2,0
2023-05-10 15:36:03,15606,15606,15606,2,0
2023-05-10 15:36:03,15606,15606,15606,2,0
2023-05-10 15:36:03,15606,15606,15606,2,0
2023-05-10 15:36:03,15606,15606,15606,2,0
2023-05-10 15:36:03,15606,15606,15606,2,0
2023-05-10 15:36:03,15606,15606,15606,2,0
2023-05-10 15:36:11,15606,15606,15606,2,0
2023-05-10 15:36:19,15605,15605,15605,2,-2
2023-05-10 15:36:19,15605,15605,15605,2,0
2023-05-10 15:36:19,15605,15605,15605,2,0
2023-05-10 15:36:21,15605,15605,15605,4,0
2023-05-10 15:36:22,15605,15605,15605,2,0
2023-05-10 15:36:23,15605,15605,15605,2,0
2023-05-10 15:36:24,15605,15605,15605,2,0
2023-05-10 15:36:25,15605,15605,15605,2,0
2023-05-10 15:36:25,15605,15605,15605,2,0
2023-05-10 15:36:25,15605,15605,15605,2,0
2023-05-10 15:36:27,15605,15605,15605,2,0
2023-05-10 15:36:27,15605,15605,15605,2,0
2023-05-10 15:36:32,15604,15604,15604,2,-2
2023-05-10 15:36:40,15604,15604,15604,4,0
2023-05-10 15:36:40,15604,15604,15604,2,0
2023-05-10 15:36:46,15604,15604,15604,4,0
2023-05-10 15:36:48,15604,15604,15604,2,0
2023-05-10 15:36:48,15604,15604,15604,2,0
2023-05-10 15:36:51,15604,15604,15604,4,0
2023-05-10 15:36:56,15604,15604,15604,2,0
2023-05-10 15:37:00,15604,15604,15604,4,0
2023-05-10 15:37:00,15604,15604,15604,4,0
2023-05-10 15:37:03,15604,15604,15604,2,0
2023-05-10 15:37:03,15604,15604,15604,2,0
2023-05-10 15:37:03,15604,15604,15604,2,0
2023-05-10 15:37:03,15604,15604,15604,2,0
2023-05-10 15:37:03,15604,15604,15604,2,0
2023-05-10 15:37:03,15604,15604,15604,2,0
2023-05-10 15:37:04,15604,15604,15604,2,0
2023-05-10 15:37:05,15604,15604,15604,2,0
2023-05-10 15:37:11,15603,15603,15603,2,-2
2023-05-10 15:37:11,15603,15603,15603,2,0
2023-05-10 15:37:11,15603,15603,15603,2,0
2023-05-10 15:37:11,15603,15603,15603,2,0
2023-05-10 15:37:11,15603,15603,15603,2,0
2023-05-10 15:37:11,15603,15603,15603,2,0
2023-05-10 15:37:11,15603,15603,15603,2,0
2023-05-10 15:37:12,15603,15603,15603,2,0
2023-05-10 15:37:12,15603,15603,15603,2,0
2023-05-10 15:37:13,15603,15603,15603,2,0
2023-05-10 15:37:13,15603,15603,15603,2,0
2023-05-10 15:37:14,15603,15603,15603,2,0
2023-05-10 15:37:14,15603,15603,15603,2,0
2023-05-10 15:37:20,15603,15603,15603,2,0
2023-05-10 15:37:20,15603,15603,15603,2,0
2023-05-10 15:37:22,15603,15603,15603,2,0
2023-05-10 15:37:22,15602,15602,15602,2,-2
2023-05-10 15:37:29,15602,15602,15602,2,0
2023-05-10 15:37:29,15602,15602,15602,2,0
2023-05-10 15:37:29,15602,15602,15602,2,0
2023-05-10 15:37:30,15602,15602,15602,2,0
2023-05-10 15:37:30,15602,15602,15602,2,0
2023-05-10 15:37:35,15602,15602,15602,2,0
2023-05-10 15:37:38,15602,15602,15602,2,0
2023-05-10 15:37:40,15602,15602,15602,8,0
2023-05-10 15:37:41,15602,15602,15602,2,0
2023-05-10 15:37:41,15602,15602,15602,2,0
2023-05-10 15:37:42,15602,15602,15602,10,0
2023-05-10 15:37:42,15602,15602,15602,2,0
2023-05-10 15:37:42,15602,15602,15602,2,0
2023-05-10 15:37:42,15602,15602,15602,2,0
2023-05-10 15:37:42,15602,15602,15602,2,0
2023-05-10 15:37:42,15602,15602,15602,2,0
2023-05-10 15:37:42,15601,15601,15601,6,-6
2023-05-10 15:37:42,15601,15601,15601,2,0
2023-05-10 15:37:42,15601,15601,15601,2,0
2023-05-10 15:37:43,15602,15602,15602,2,2
2023-05-10 15:37:45,15601,15601,15601,2,-2
2023-05-10 15:37:45,15601,15601,15601,2,0
2023-05-10 15:37:47,15601,15601,15601,6,0
2023-05-10 15:37:49,15601,15601,15601,6,0
2023-05-10 15:37:49,15601,15601,15601,2,0
2023-05-10 15:37:50,15601,15601,15601,2,0
2023-05-10 15:37:51,15601,15601,15601,2,0
2023-05-10 15:37:53,15601,15601,15601,2,0
2023-05-10 15:37:54,15601,15601,15601,2,0
2023-05-10 15:37:58,15601,15601,15601,2,0
2023-05-10 15:37:58,15601,15601,15601,2,0
2023-05-10 15:37:58,15601,15601,15601,2,0
2023-05-10 15:37:58,15602,15602,15602,2,2
2023-05-10 15:37:59,15601,15601,15601,2,-2
2023-05-10 15:37:59,15601,15601,15601,2,0
2023-05-10 15:37:59,15601,15601,15601,4,0
2023-05-10 15:37:59,15601,15601,15601,4,0
2023-05-10 15:38:00,15600,15600,15600,2,-2
2023-05-10 15:38:00,15600,15600,15600,2,0
2023-05-10 15:38:00,15600,15600,15600,2,0
2023-05-10 15:38:00,15600,15600,15600,2,0
2023-05-10 15:38:00,15600,15600,15600,2,0
2023-05-10 15:38:00,15600,15600,15600,2,0
2023-05-10 15:38:00,15601,15601,15601,2,2
2023-05-10 15:38:04,15600,15600,15600,2,-2
2023-05-10 15:38:06,15600,15600,15600,2,0
2023-05-10 15:38:06,15600,15600,15600,2,0
2023-05-10 15:38:08,15600,15600,15600,2,0
2023-05-10 15:38:09,15600,15600,15600,2,0
2023-05-10 15:38:10,15600,15600,15600,2,0
2023-05-10 15:38:12,15600,15600,15600,6,0
2023-05-10 15:38:12,15600,15600,15600,6,0
2023-05-10 15:38:12,15600,15600,15600,2,0
2023-05-10 15:38:12,15600,15600,15600,2,0
2023-05-10 15:38:12,15600,15600,15600,2,0
2023-05-10 15:38:12,15600,15600,15600,2,0
2023-05-10 15:38:12,15600,15600,15600,2,0
2023-05-10 15:38:12,15600,15600,15600,2,0
2023-05-10 15:38:13,15600,15600,15600,2,0
2023-05-10 15:38:15,15600,15600,15600,2,0
2023-05-10 15:38:15,15600,15600,15600,2,0
2023-05-10 15:38:18,15600,15600,15600,2,0
2023-05-10 15:38:18,15600,15600,15600,2,0
2023-05-10 15:38:19,15600,15600,15600,2,0
2023-05-10 15:38:20,15600,15600,15600,2,0
2023-05-10 15:38:21,15600,15600,15600,2,0
2023-05-10 15:38:21,15600,15600,15600,2,0
2023-05-10 15:38:23,15600,15600,15600,2,0
2023-05-10 15:38:23,15600,15600,15600,2,0
2023-05-10 15:38:24,15600,15600,15600,8,0
2023-05-10 15:38:24,15600,15600,15600,2,0
2023-05-10 15:38:28,15599,15599,15599,2,-2
2023-05-10 15:38:28,15599,15599,15599,2,0
2023-05-10 15:38:28,15599,15599,15599,2,0
2023-05-10 15:38:28,15599,15599,15599,2,0
2023-05-10 15:38:28,15599,15599,15599,2,0
2023-05-10 15:38:28,15599,15599,15599,2,0
2023-05-10 15:38:28,15598,15598,15598,6,-6
2023-05-10 15:38:28,15598,15598,15598,6,0
2023-05-10 15:38:28,15598,15598,15598,2,0
2023-05-10 15:38:28,15598,15598,15598,2,0
2023-05-10 15:38:28,15598,15598,15598,2,0
2023-05-10 15:38:28,15598,15598,15598,6,0
2023-05-10 15:38:28,15598,15598,15598,4,0
2023-05-10 15:38:28,15598,15598,15598,2,0
2023-05-10 15:38:28,15598,15598,15598,4,0
2023-05-10 15:38:28,15598,15598,15598,2,0
2023-05-10 15:38:28,15598,15598,15598,2,0
2023-05-10 15:38:28,15598,15598,15598,2,0
2023-05-10 15:38:28,15598,15598,15598,2,0
2023-05-10 15:38:28,15598,15598,15598,2,0
2023-05-10 15:38:28,15598,15598,15598,10,0
2023-05-10 15:38:28,15598,15598,15598,2,0
2023-05-10 15:38:28,15597,15597,15597,4,-4
2023-05-10 15:38:28,15597,15597,15597,6,0
2023-05-10 15:38:28,15597,15597,15597,2,0
2023-05-10 15:38:28,15597,15597,15597,6,0
2023-05-10 15:38:28,15597,15597,15597,2,0
2023-05-10 15:38:28,15597,15597,15597,4,0
2023-05-10 15:38:28,15597,15597,15597,2,0
2023-05-10 15:38:28,15597,15597,15597,2,0
2023-05-10 15:38:28,15597,15597,15597,2,0
2023-05-10 15:38:28,15597,15597,15597,2,0
2023-05-10 15:38:28,15597,15597,15597,2,0
2023-05-10 15:38:28,15597,15597,15597,2,0
2023-05-10 15:38:28,15597,15597,15597,2,0
2023-05-10 15:38:28,15597,15597,15597,2,0
2023-05-10 15:38:28,15597,15597,15597,2,0
2023-05-10 15:38:28,15597,15597,15597,2,0
2023-05-10 15:38:28,15597,15597,15597,2,0
2023-05-10 15:38:28,15598,15598,15598,2,2
2023-05-10 15:38:28,15598,15598,15598,2,0
2023-05-10 15:38:28,15598,15598,15598,2,0
2023-05-10 15:38:28,15598,15598,15598,2,0
2023-05-10 15:38:28,15597,15597,15597,2,-2
2023-05-10 15:38:28,15597,15597,15597,2,0
2023-05-10 15:38:29,15597,15597,15597,2,0
2023-05-10 15:38:29,15597,15597,15597,2,0
2023-05-10 15:38:30,15597,15597,15597,2,0
2023-05-10 15:38:30,15597,15597,15597,2,0
2023-05-10 15:38:30,15597,15597,15597,2,0
2023-05-10 15:38:30,15597,15597,15597,2,0
2023-05-10 15:38:30,15597,15597,15597,2,0
2023-05-10 15:38:32,15597,15597,15597,2,0
2023-05-10 15:38:33,15597,15597,15597,4,0
2023-05-10 15:38:36,15597,15597,15597,2,0
2023-05-10 15:38:37,15598,15598,15598,2,2
2023-05-10 15:38:38,15597,15597,15597,2,-2
2023-05-10 15:38:38,15597,15597,15597,2,0
2023-05-10 15:38:39,15597,15597,15597,2,0
2023-05-10 15:38:39,15597,15597,15597,4,0
2023-05-10 15:38:39,15597,15597,15597,2,0
2023-05-10 15:38:39,15597,15597,15597,2,0
2023-05-10 15:38:39,15598,15598,15598,2,2
2023-05-10 15:38:39,15597,15597,15597,2,-2
2023-05-10 15:38:40,15597,15597,15597,4,0
2023-05-10 15:38:43,15597,15597,15597,2,0
2023-05-10 15:38:45,15598,15598,15598,2,2
2023-05-10 15:38:45,15597,15597,15597,2,-2
2023-05-10 15:38:45,15597,15597,15597,2,0
2023-05-10 15:38:45,15597,15597,15597,2,0
2023-05-10 15:38:45,15597,15597,15597,2,0
2023-05-10 15:38:45,15597,15597,15597,2,0
2023-05-10 15:38:47,15597,15597,15597,2,0
2023-05-10 15:38:47,15597,15597,15597,2,0
2023-05-10 15:38:48,15598,15598,15598,2,2
2023-05-10 15:38:48,15598,15598,15598,2,0
2023-05-10 15:38:52,15597,15597,15597,2,-2
2023-05-10 15:38:58,15598,15598,15598,2,2
2023-05-10 15:38:59,15598,15598,15598,2,0
2023-05-10 15:38:59,15598,15598,15598,2,0
2023-05-10 15:39:00,15597,15597,15597,2,-2
2023-05-10 15:39:00,15597,15597,15597,2,0
2023-05-10 15:39:00,15597,15597,15597,2,0
2023-05-10 15:39:00,15597,15597,15597,2,0
2023-05-10 15:39:00,15597,15597,15597,2,0
2023-05-10 15:39:00,15597,15597,15597,2,0
2023-05-10 15:39:00,15597,15597,15597,2,0
2023-05-10 15:39:00,15597,15597,15597,2,0
2023-05-10 15:39:00,15597,15597,15597,2,0
2023-05-10 15:39:00,15597,15597,15597,2,0
2023-05-10 15:39:00,15597,15597,15597,2,0
2023-05-10 15:39:00,15597,15597,15597,2,0
2023-05-10 15:39:00,15597,15597,15597,2,0
2023-05-10 15:39:00,15597,15597,15597,2,0
2023-05-10 15:39:00,15597,15597,15597,2,0
2023-05-10 15:39:00,15597,15597,15597,2,0
2023-05-10 15:39:00,15597,15597,15597,2,0
2023-05-10 15:39:01,15597,15597,15597,2,0
2023-05-10 15:39:01,15597,15597,15597,2,0
2023-05-10 15:39:02,15597,15597,15597,2,0
2023-05-10 15:39:05,15597,15597,15597,2,0
2023-05-10 15:39:05,15596,15596,15596,2,-2
2023-05-10 15:39:05,15596,15596,15596,2,0
2023-05-10 15:39:05,15596,15596,15596,2,0
2023-05-10 15:39:06,15596,15596,15596,2,0
2023-05-10 15:39:06,15596,15596,15596,2,0
2023-05-10 15:39:06,15596,15596,15596,2,0
2023-05-10 15:39:06,15596,15596,15596,2,0
2023-05-10 15:39:07,15595,15595,15595,2,-2
2023-05-10 15:39:07,15595,15595,15595,2,0
2023-05-10 15:39:08,15595,15595,15595,2,0
2023-05-10 15:39:09,15596,15596,15596,2,2
2023-05-10 15:39:10,15595,15595,15595,2,-2
2023-05-10 15:39:12,15595,15595,15595,2,0
2023-05-10 15:39:12,15595,15595,15595,2,0
2023-05-10 15:39:12,15595,15595,15595,2,0
2023-05-10 15:39:12,15595,15595,15595,2,0
2023-05-10 15:39:13,15595,15595,15595,4,0
2023-05-10 15:39:13,15595,15595,15595,4,0
2023-05-10 15:39:15,15595,15595,15595,2,0
2023-05-10 15:39:18,15595,15595,15595,2,0
2023-05-10 15:39:18,15595,15595,15595,2,0
2023-05-10 15:39:19,15595,15595,15595,6,0
2023-05-10 15:39:20,15595,15595,15595,4,0
2023-05-10 15:39:20,15595,15595,15595,2,0
2023-05-10 15:39:20,15595,15595,15595,4,0
2023-05-10 15:39:21,15595,15595,15595,4,0
2023-05-10 15:39:21,15595,15595,15595,2,0
2023-05-10 15:39:21,15595,15595,15595,6,0
2023-05-10 15:39:21,15595,15595,15595,8,0
2023-05-10 15:39:21,15595,15595,15595,2,0
2023-05-10 15:39:22,15595,15595,15595,2,0
2023-05-10 15:39:22,15596,15596,15596,6,6
2023-05-10 15:39:22,15596,15596,15596,4,0
2023-05-10 15:39:22,15596,15596,15596,2,0
2023-05-10 15:39:22,15596,15596,15596,4,0
2023-05-10 15:39:23,15595,15595,15595,2,-2
2023-05-10 15:39:23,15595,15595,15595,2,0
2023-05-10 15:39:23,15595,15595,15595,2,0
2023-05-10 15:39:23,15595,15595,15595,6,0
2023-05-10 15:39:23,15595,15595,15595,2,0
2023-05-10 15:39:23,15595,15595,15595,2,0
2023-05-10 15:39:23,15595,15595,15595,4,0
2023-05-10 15:39:23,15595,15595,15595,2,0
2023-05-10 15:39:23,15595,15595,15595,2,0
2023-05-10 15:39:23,15595,15595,15595,4,0
2023-05-10 15:39:23,15595,15595,15595,2,0
2023-05-10 15:39:24,15595,15595,15595,2,0
2023-05-10 15:39:28,15594,15594,15594,2,-2
2023-05-10 15:39:28,15594,15594,15594,2,0
2023-05-10 15:39:28,15594,15594,15594,2,0
2023-05-10 15:39:29,15594,15594,15594,2,0
2023-05-10 15:39:29,15594,15594,15594,2,0
2023-05-10 15:39:29,15594,15594,15594,2,0
2023-05-10 15:39:29,15594,15594,15594,6,0
2023-05-10 15:39:29,15594,15594,15594,2,0
2023-05-10 15:39:29,15594,15594,15594,2,0
2023-05-10 15:39:29,15593,15593,15593,2,-2
2023-05-10 15:39:29,15593,15593,15593,2,0
2023-05-10 15:39:29,15593,15593,15593,2,0
2023-05-10 15:39:29,15593,15593,15593,2,0
2023-05-10 15:39:32,15594,15594,15594,4,4
2023-05-10 15:39:33,15593,15593,15593,2,-2
2023-05-10 15:39:34,15593,15593,15593,2,0
2023-05-10 15:39:36,15593,15593,15593,2,0
2023-05-10 15:39:36,15593,15593,15593,2,0
2023-05-10 15:39:37,15594,15594,15594,8,8
2023-05-10 15:39:38,15593,15593,15593,2,-2
2023-05-10 15:39:38,15593,15593,15593,2,0
2023-05-10 15:39:38,15593,15593,15593,2,0
2023-05-10 15:39:38,15593,15593,15593,2,0
2023-05-10 15:39:41,15594,15594,15594,2,2
2023-05-10 15:39:42,15594,15594,15594,2,0
2023-05-10 15:39:42,15594,15594,15594,2,0
2023-05-10 15:39:42,15594,15594,15594,2,0
2023-05-10 15:39:42,15594,15594,15594,2,0
2023-05-10 15:39:42,15594,15594,15594,2,0
2023-05-10 15:39:42,15594,15594,15594,2,0
2023-05-10 15:39:42,15594,15594,15594,2,0
2023-05-10 15:39:43,15594,15594,15594,2,0
2023-05-10 15:39:49,15595,15595,15595,2,2
2023-05-10 15:39:49,15594,15594,15594,2,-2
2023-05-10 15:39:50,15594,15594,15594,2,0
2023-05-10 15:39:55,15594,15594,15594,4,0
2023-05-10 15:39:56,15594,15594,15594,2,0
2023-05-10 15:39:56,15594,15594,15594,2,0
2023-05-10 15:39:58,15594,15594,15594,2,0
2023-05-10 15:39:59,15593,15593,15593,10,-10
2023-05-10 15:40:00,15593,15593,15593,6,0
2023-05-10 15:40:00,15593,15593,15593,2,0
2023-05-10 15:40:00,15593,15593,15593,2,0
2023-05-10 15:40:00,15593,15593,15593,2,0
2023-05-10 15:40:01,15593,15593,15593,2,0
2023-05-10 15:40:02,15593,15593,15593,10,0
2023-05-10 15:40:02,15594,15594,15594,50,50
2023-05-10 15:40:02,15593,15593,15593,2,-2
2023-05-10 15:40:02,15593,15593,15593,4,0
2023-05-10 15:40:02,15593,15593,15593,2,0
2023-05-10 15:40:02,15593,15593,15593,2,0
2023-05-10 15:40:02,15593,15593,15593,2,0
2023-05-10 15:40:02,15593,15593,15593,2,0
2023-05-10 15:40:02,15593,15593,15593,2,0
2023-05-10 15:40:02,15593,15593,15593,2,0
2023-05-10 15:40:02,15593,15593,15593,2,0
2023-05-10 15:40:07,15593,15593,15593,2,0
2023-05-10 15:40:08,15593,15593,15593,2,0
2023-05-10 15:40:08,15593,15593,15593,2,0
2023-05-10 15:40:08,15593,15593,15593,4,0
2023-05-10 15:40:08,15593,15593,15593,2,0
2023-05-10 15:40:08,15593,15593,15593,2,0
2023-05-10 15:40:09,15594,15594,15594,10,10
2023-05-10 15:40:14,15594,15594,15594,4,0
2023-05-10 15:40:15,15594,15594,15594,2,0
2023-05-10 15:40:15,15594,15594,15594,2,0
2023-05-10 15:40:15,15594,15594,15594,2,0
2023-05-10 15:40:16,15593,15593,15593,2,-2
2023-05-10 15:40:16,15593,15593,15593,2,0
2023-05-10 15:40:16,15593,15593,15593,2,0
2023-05-10 15:40:16,15593,15593,15593,2,0
2023-05-10 15:40:16,15593,15593,15593,4,0
2023-05-10 15:40:16,15593,15593,15593,2,0
2023-05-10 15:40:16,15593,15593,15593,2,0
2023-05-10 15:40:17,15594,15594,15594,2,2
2023-05-10 15:40:18,15593,15593,15593,2,-2
2023-05-10 15:40:18,15593,15593,15593,2,0
2023-05-10 15:40:18,15593,15593,15593,2,0
2023-05-10 15:40:19,15593,15593,15593,2,0
2023-05-10 15:40:21,15592,15592,15592,2,-2
2023-05-10 15:40:22,15592,15592,15592,2,0
2023-05-10 15:40:22,15592,15592,15592,2,0
2023-05-10 15:40:24,15592,15592,15592,2,0
2023-05-10 15:40:24,15592,15592,15592,2,0
2023-05-10 15:40:30,15592,15592,15592,2,0
2023-05-10 15:40:31,15592,15592,15592,2,0
2023-05-10 15:40:34,15592,15592,15592,2,0
2023-05-10 15:40:35,15592,15592,15592,2,0
2023-05-10 15:40:37,15593,15593,15593,10,10
2023-05-10 15:40:40,15592,15592,15592,2,-2
2023-05-10 15:40:40,15592,15592,15592,2,0
2023-05-10 15:40:40,15592,15592,15592,2,0
2023-05-10 15:40:41,15592,15592,15592,2,0
2023-05-10 15:40:41,15592,15592,15592,4,0
2023-05-10 15:40:42,15592,15592,15592,2,0
2023-05-10 15:40:45,15592,15592,15592,2,0
2023-05-10 15:40:45,15592,15592,15592,2,0
2023-05-10 15:40:46,15592,15592,15592,2,0
2023-05-10 15:40:47,15592,15592,15592,2,0
2023-05-10 15:40:48,15592,15592,15592,2,0
2023-05-10 15:40:48,15592,15592,15592,2,0
2023-05-10 15:40:50,15592,15592,15592,2,0
2023-05-10 15:40:50,15592,15592,15592,2,0
2023-05-10 15:40:50,15592,15592,15592,2,0
2023-05-10 15:40:50,15592,15592,15592,2,0
2023-05-10 15:40:50,15592,15592,15592,2,0
2023-05-10 15:40:50,15592,15592,15592,2,0
2023-05-10 15:40:51,15592,15592,15592,2,0
2023-05-10 15:40:52,15593,15593,15593,6,6
2023-05-10 15:40:53,15594,15594,15594,18,18
2023-05-10 15:40:53,15594,15594,15594,2,0
2023-05-10 15:40:53,15593,15593,15593,2,-2
2023-05-10 15:40:55,15593,15593,15593,2,0
2023-05-10 15:40:55,15593,15593,15593,2,0
