2023-01-30 15:00:00,15456,15456,15456,72,0
2023-01-30 15:00:00,15456,15456,15456,4,0
2023-01-30 15:00:00,15457,15457,15457,4,4
2023-01-30 15:00:00,15455,15455,15455,2,-2
2023-01-30 15:00:00,15455,15455,15455,2,0
2023-01-30 15:00:00,15455,15455,15455,8,0
2023-01-30 15:00:00,15455,15455,15455,2,0
2023-01-30 15:00:00,15455,15455,15455,2,0
2023-01-30 15:00:00,15454,15454,15454,2,-2
2023-01-30 15:00:00,15454,15454,15454,2,0
2023-01-30 15:00:00,15454,15454,15454,2,0
2023-01-30 15:00:00,15454,15454,15454,2,0
2023-01-30 15:00:00,15457,15457,15457,4,4
2023-01-30 15:00:00,15457,15457,15457,2,0
2023-01-30 15:00:00,15457,15457,15457,4,0
2023-01-30 15:00:00,15457,15457,15457,4,0
2023-01-30 15:00:00,15457,15457,15457,4,0
2023-01-30 15:00:00,15457,15457,15457,8,0
2023-01-30 15:00:00,15457,15457,15457,4,0
2023-01-30 15:00:00,15457,15457,15457,6,0
2023-01-30 15:00:00,15457,15457,15457,8,0
2023-01-30 15:00:00,15453,15453,15453,2,-2
2023-01-30 15:00:00,15457,15457,15457,6,6
2023-01-30 15:00:00,15458,15458,15458,2,2
2023-01-30 15:00:00,15457,15457,15457,2,-2
2023-01-30 15:00:00,15457,15457,15457,2,0
2023-01-30 15:00:00,15454,15454,15454,2,-2
2023-01-30 15:00:00,15456,15456,15456,2,2
2023-01-30 15:00:00,15456,15456,15456,2,0
2023-01-30 15:00:00,15457,15457,15457,4,4
2023-01-30 15:00:00,15458,15458,15458,2,2
2023-01-30 15:00:00,15454,15454,15454,2,-2
2023-01-30 15:00:00,15453,15453,15453,2,-2
2023-01-30 15:00:00,15453,15453,15453,2,0
2023-01-30 15:00:00,15454,15454,15454,2,2
2023-01-30 15:00:00,15455,15455,15455,2,2
2023-01-30 15:00:01,15455,15455,15455,2,0
2023-01-30 15:00:01,15455,15455,15455,2,0
2023-01-30 15:00:01,15455,15455,15455,4,0
2023-01-30 15:00:01,15456,15456,15456,2,2
2023-01-30 15:00:01,15454,15454,15454,2,-2
2023-01-30 15:00:01,15454,15454,15454,2,0
2023-01-30 15:00:01,15453,15453,15453,2,-2
2023-01-30 15:00:01,15453,15453,15453,2,0
2023-01-30 15:00:01,15454,15454,15454,2,2
2023-01-30 15:00:01,15455,15455,15455,2,2
2023-01-30 15:00:01,15452,15452,15452,4,-4
2023-01-30 15:00:03,15453,15453,15453,2,2
2023-01-30 15:00:03,15453,15453,15453,2,0
2023-01-30 15:00:03,15453,15453,15453,2,0
2023-01-30 15:00:03,15454,15454,15454,2,2
2023-01-30 15:00:03,15454,15454,15454,2,0
2023-01-30 15:00:04,15452,15452,15452,2,-2
2023-01-30 15:00:04,15454,15454,15454,2,2
2023-01-30 15:00:04,15452,15452,15452,2,-2
2023-01-30 15:00:04,15453,15453,15453,4,4
2023-01-30 15:00:05,15453,15453,15453,4,0
2023-01-30 15:00:05,15453,15453,15453,4,0
2023-01-30 15:00:05,15453,15453,15453,2,0
2023-01-30 15:00:05,15453,15453,15453,2,0
2023-01-30 15:00:06,15453,15453,15453,2,0
2023-01-30 15:00:06,15453,15453,15453,2,0
2023-01-30 15:00:06,15452,15452,15452,2,-2
2023-01-30 15:00:09,15452,15452,15452,2,0
2023-01-30 15:00:12,15451,15451,15451,2,-2
2023-01-30 15:00:12,15451,15451,15451,2,0
2023-01-30 15:00:12,15452,15452,15452,2,2
2023-01-30 15:00:12,15452,15452,15452,4,0
2023-01-30 15:00:13,15452,15452,15452,2,0
2023-01-30 15:00:13,15453,15453,15453,2,2
2023-01-30 15:00:13,15453,15453,15453,4,0
2023-01-30 15:00:14,15453,15453,15453,2,0
2023-01-30 15:00:15,15452,15452,15452,2,-2
2023-01-30 15:00:15,15453,15453,15453,4,4
2023-01-30 15:00:15,15454,15454,15454,4,4
2023-01-30 15:00:15,15454,15454,15454,2,0
2023-01-30 15:00:15,15453,15453,15453,2,-2
2023-01-30 15:00:15,15455,15455,15455,4,4
2023-01-30 15:00:15,15453,15453,15453,2,-2
2023-01-30 15:00:16,15454,15454,15454,2,2
2023-01-30 15:00:16,15455,15455,15455,2,2
2023-01-30 15:00:17,15455,15455,15455,2,0
2023-01-30 15:00:17,15455,15455,15455,10,0
2023-01-30 15:00:17,15454,15454,15454,2,-2
2023-01-30 15:00:18,15455,15455,15455,4,4
2023-01-30 15:00:18,15456,15456,15456,22,22
2023-01-30 15:00:18,15457,15457,15457,14,14
2023-01-30 15:00:18,15456,15456,15456,2,-2
2023-01-30 15:00:18,15456,15456,15456,2,0
2023-01-30 15:00:18,15454,15454,15454,2,-2
2023-01-30 15:00:19,15455,15455,15455,2,2
2023-01-30 15:00:20,15454,15454,15454,2,-2
2023-01-30 15:00:20,15454,15454,15454,2,0
2023-01-30 15:00:20,15453,15453,15453,2,-2
2023-01-30 15:00:21,15455,15455,15455,2,2
2023-01-30 15:00:21,15454,15454,15454,2,-2
2023-01-30 15:00:21,15453,15453,15453,2,-2
2023-01-30 15:00:21,15453,15453,15453,4,0
2023-01-30 15:00:22,15454,15454,15454,2,2
2023-01-30 15:00:23,15453,15453,15453,2,-2
2023-01-30 15:00:23,15453,15453,15453,2,0
2023-01-30 15:00:23,15453,15453,15453,2,0
2023-01-30 15:00:23,15452,15452,15452,2,-2
2023-01-30 15:00:23,15452,15452,15452,2,0
2023-01-30 15:00:23,15452,15452,15452,2,0
2023-01-30 15:00:23,15452,15452,15452,2,0
2023-01-30 15:00:23,15452,15452,15452,2,0
2023-01-30 15:00:23,15452,15452,15452,2,0
2023-01-30 15:00:23,15452,15452,15452,2,0
2023-01-30 15:00:24,15451,15451,15451,2,-2
2023-01-30 15:00:24,15451,15451,15451,2,0
2023-01-30 15:00:24,15451,15451,15451,2,0
2023-01-30 15:00:24,15451,15451,15451,2,0
2023-01-30 15:00:24,15451,15451,15451,2,0
2023-01-30 15:00:24,15451,15451,15451,2,0
2023-01-30 15:00:24,15451,15451,15451,26,0
2023-01-30 15:00:24,15451,15451,15451,2,0
2023-01-30 15:00:24,15451,15451,15451,2,0
2023-01-30 15:00:24,15451,15451,15451,2,0
2023-01-30 15:00:24,15451,15451,15451,2,0
2023-01-30 15:00:24,15451,15451,15451,2,0
2023-01-30 15:00:24,15450,15450,15450,2,-2
2023-01-30 15:00:24,15450,15450,15450,2,0
2023-01-30 15:00:24,15450,15450,15450,2,0
2023-01-30 15:00:24,15451,15451,15451,2,2
2023-01-30 15:00:24,15450,15450,15450,2,-2
2023-01-30 15:00:24,15450,15450,15450,2,0
2023-01-30 15:00:24,15451,15451,15451,2,2
2023-01-30 15:00:24,15451,15451,15451,2,0
2023-01-30 15:00:25,15450,15450,15450,2,-2
2023-01-30 15:00:25,15450,15450,15450,2,0
2023-01-30 15:00:25,15450,15450,15450,2,0
2023-01-30 15:00:25,15450,15450,15450,2,0
2023-01-30 15:00:25,15450,15450,15450,2,0
2023-01-30 15:00:26,15449,15449,15449,4,-4
2023-01-30 15:00:26,15449,15449,15449,2,0
2023-01-30 15:00:26,15449,15449,15449,2,0
2023-01-30 15:00:27,15449,15449,15449,2,0
2023-01-30 15:00:27,15450,15450,15450,12,12
2023-01-30 15:00:27,15450,15450,15450,6,0
2023-01-30 15:00:27,15450,15450,15450,2,0
2023-01-30 15:00:27,15450,15450,15450,2,0
2023-01-30 15:00:27,15450,15450,15450,2,0
2023-01-30 15:00:27,15449,15449,15449,2,-2
2023-01-30 15:00:28,15449,15449,15449,4,0
2023-01-30 15:00:29,15450,15450,15450,2,2
2023-01-30 15:00:30,15451,15451,15451,6,6
2023-01-30 15:00:30,15452,15452,15452,2,2
2023-01-30 15:00:30,15450,15450,15450,2,-2
2023-01-30 15:00:31,15450,15450,15450,2,0
2023-01-30 15:00:32,15452,15452,15452,2,2
2023-01-30 15:00:34,15451,15451,15451,2,-2
2023-01-30 15:00:36,15452,15452,15452,2,2
2023-01-30 15:00:36,15451,15451,15451,2,-2
2023-01-30 15:00:36,15451,15451,15451,2,0
2023-01-30 15:00:37,15452,15452,15452,2,2
2023-01-30 15:00:38,15452,15452,15452,6,0
2023-01-30 15:00:38,15453,15453,15453,2,2
2023-01-30 15:00:38,15452,15452,15452,2,-2
2023-01-30 15:00:39,15454,15454,15454,2,2
2023-01-30 15:00:39,15451,15451,15451,2,-2
2023-01-30 15:00:39,15454,15454,15454,10,10
2023-01-30 15:00:40,15452,15452,15452,2,-2
2023-01-30 15:00:41,15450,15450,15450,2,-2
2023-01-30 15:00:41,15450,15450,15450,2,0
2023-01-30 15:00:41,15451,15451,15451,2,2
2023-01-30 15:00:42,15450,15450,15450,2,-2
2023-01-30 15:00:42,15450,15450,15450,2,0
2023-01-30 15:00:42,15450,15450,15450,2,0
2023-01-30 15:00:42,15450,15450,15450,2,0
2023-01-30 15:00:45,15453,15453,15453,4,4
2023-01-30 15:00:46,15452,15452,15452,2,-2
2023-01-30 15:00:46,15452,15452,15452,2,0
2023-01-30 15:00:48,15452,15452,15452,2,0
2023-01-30 15:00:48,15453,15453,15453,2,2
2023-01-30 15:00:50,15453,15453,15453,18,0
2023-01-30 15:00:50,15452,15452,15452,2,-2
2023-01-30 15:00:50,15452,15452,15452,2,0
2023-01-30 15:00:52,15453,15453,15453,2,2
2023-01-30 15:00:53,15453,15453,15453,2,0
2023-01-30 15:00:57,15454,15454,15454,8,8
2023-01-30 15:01:00,15455,15455,15455,14,14
2023-01-30 15:01:00,15456,15456,15456,28,28
2023-01-30 15:01:00,15457,15457,15457,44,44
2023-01-30 15:01:00,15458,15458,15458,10,10
2023-01-30 15:01:00,15458,15458,15458,6,0
2023-01-30 15:01:00,15458,15458,15458,34,0
2023-01-30 15:01:00,15459,15459,15459,4,4
2023-01-30 15:01:00,15459,15459,15459,6,0
2023-01-30 15:01:00,15459,15459,15459,2,0
2023-01-30 15:01:00,15459,15459,15459,6,0
2023-01-30 15:01:00,15459,15459,15459,8,0
2023-01-30 15:01:00,15459,15459,15459,2,0
2023-01-30 15:01:00,15459,15459,15459,6,0
2023-01-30 15:01:00,15459,15459,15459,4,0
2023-01-30 15:01:00,15460,15460,15460,12,12
2023-01-30 15:01:00,15460,15460,15460,6,0
2023-01-30 15:01:00,15460,15460,15460,2,0
2023-01-30 15:01:00,15460,15460,15460,2,0
2023-01-30 15:01:00,15460,15460,15460,10,0
2023-01-30 15:01:00,15460,15460,15460,2,0
2023-01-30 15:01:00,15459,15459,15459,2,-2
2023-01-30 15:01:00,15459,15459,15459,2,0
2023-01-30 15:01:00,15459,15459,15459,2,0
2023-01-30 15:01:00,15459,15459,15459,4,0
2023-01-30 15:01:00,15459,15459,15459,2,0
2023-01-30 15:01:00,15460,15460,15460,2,2
2023-01-30 15:01:00,15458,15458,15458,8,-8
2023-01-30 15:01:00,15458,15458,15458,2,0
2023-01-30 15:01:00,15458,15458,15458,14,0
2023-01-30 15:01:00,15459,15459,15459,4,4
2023-01-30 15:01:00,15458,15458,15458,2,-2
2023-01-30 15:01:00,15457,15457,15457,4,-4
2023-01-30 15:01:00,15457,15457,15457,2,0
2023-01-30 15:01:00,15457,15457,15457,4,0
2023-01-30 15:01:00,15459,15459,15459,16,16
2023-01-30 15:01:00,15460,15460,15460,2,2
2023-01-30 15:01:00,15459,15459,15459,2,-2
2023-01-30 15:01:00,15459,15459,15459,2,0
2023-01-30 15:01:00,15458,15458,15458,4,-4
2023-01-30 15:01:00,15459,15459,15459,2,2
2023-01-30 15:01:00,15457,15457,15457,2,-2
2023-01-30 15:01:00,15457,15457,15457,2,0
2023-01-30 15:01:00,15459,15459,15459,2,2
2023-01-30 15:01:01,15459,15459,15459,2,0
2023-01-30 15:01:01,15459,15459,15459,2,0
2023-01-30 15:01:01,15459,15459,15459,2,0
2023-01-30 15:01:01,15457,15457,15457,4,-4
2023-01-30 15:01:01,15457,15457,15457,2,0
2023-01-30 15:01:02,15458,15458,15458,2,2
2023-01-30 15:01:03,15456,15456,15456,4,-4
2023-01-30 15:01:03,15456,15456,15456,2,0
2023-01-30 15:01:03,15456,15456,15456,4,0
2023-01-30 15:01:03,15456,15456,15456,2,0
2023-01-30 15:01:04,15455,15455,15455,4,-4
2023-01-30 15:01:04,15455,15455,15455,2,0
2023-01-30 15:01:07,15455,15455,15455,2,0
2023-01-30 15:01:08,15456,15456,15456,2,2
2023-01-30 15:01:08,15455,15455,15455,2,-2
2023-01-30 15:01:08,15455,15455,15455,2,0
2023-01-30 15:01:08,15455,15455,15455,2,0
2023-01-30 15:01:08,15454,15454,15454,2,-2
2023-01-30 15:01:08,15454,15454,15454,2,0
2023-01-30 15:01:08,15453,15453,15453,2,-2
2023-01-30 15:01:08,15453,15453,15453,2,0
2023-01-30 15:01:08,15453,15453,15453,2,0
2023-01-30 15:01:08,15453,15453,15453,2,0
2023-01-30 15:01:08,15452,15452,15452,2,-2
2023-01-30 15:01:08,15452,15452,15452,2,0
2023-01-30 15:01:08,15451,15451,15451,2,-2
2023-01-30 15:01:08,15451,15451,15451,2,0
2023-01-30 15:01:08,15451,15451,15451,2,0
2023-01-30 15:01:08,15451,15451,15451,2,0
2023-01-30 15:01:08,15451,15451,15451,2,0
2023-01-30 15:01:08,15451,15451,15451,2,0
2023-01-30 15:01:08,15451,15451,15451,2,0
2023-01-30 15:01:08,15451,15451,15451,2,0
2023-01-30 15:01:08,15451,15451,15451,2,0
2023-01-30 15:01:08,15451,15451,15451,2,0
2023-01-30 15:01:08,15452,15452,15452,2,2
2023-01-30 15:01:08,15452,15452,15452,2,0
2023-01-30 15:01:08,15452,15452,15452,8,0
2023-01-30 15:01:08,15452,15452,15452,2,0
2023-01-30 15:01:08,15453,15453,15453,2,2
2023-01-30 15:01:09,15451,15451,15451,2,-2
2023-01-30 15:01:09,15451,15451,15451,2,0
2023-01-30 15:01:09,15453,15453,15453,2,2
2023-01-30 15:01:09,15453,15453,15453,2,0
2023-01-30 15:01:09,15453,15453,15453,2,0
2023-01-30 15:01:09,15453,15453,15453,4,0
2023-01-30 15:01:10,15453,15453,15453,4,0
2023-01-30 15:01:11,15454,15454,15454,2,2
2023-01-30 15:01:12,15452,15452,15452,2,-2
2023-01-30 15:01:15,15452,15452,15452,2,0
2023-01-30 15:01:16,15452,15452,15452,6,0
2023-01-30 15:01:16,15451,15451,15451,2,-2
2023-01-30 15:01:16,15451,15451,15451,2,0
2023-01-30 15:01:16,15451,15451,15451,2,0
2023-01-30 15:01:16,15451,15451,15451,2,0
2023-01-30 15:01:16,15451,15451,15451,2,0
2023-01-30 15:01:16,15450,15450,15450,2,-2
2023-01-30 15:01:16,15450,15450,15450,2,0
2023-01-30 15:01:16,15450,15450,15450,2,0
2023-01-30 15:01:16,15450,15450,15450,2,0
2023-01-30 15:01:16,15450,15450,15450,4,0
2023-01-30 15:01:16,15450,15450,15450,2,0
2023-01-30 15:01:16,15450,15450,15450,2,0
2023-01-30 15:01:16,15450,15450,15450,2,0
2023-01-30 15:01:16,15450,15450,15450,2,0
2023-01-30 15:01:16,15450,15450,15450,2,0
2023-01-30 15:01:16,15450,15450,15450,4,0
2023-01-30 15:01:16,15450,15450,15450,2,0
2023-01-30 15:01:16,15450,15450,15450,2,0
2023-01-30 15:01:16,15450,15450,15450,2,0
2023-01-30 15:01:16,15449,15449,15449,2,-2
2023-01-30 15:01:16,15449,15449,15449,6,0
2023-01-30 15:01:16,15449,15449,15449,2,0
2023-01-30 15:01:16,15449,15449,15449,2,0
2023-01-30 15:01:16,15449,15449,15449,2,0
2023-01-30 15:01:16,15449,15449,15449,2,0
2023-01-30 15:01:16,15449,15449,15449,2,0
2023-01-30 15:01:16,15449,15449,15449,2,0
2023-01-30 15:01:16,15449,15449,15449,2,0
2023-01-30 15:01:16,15449,15449,15449,2,0
2023-01-30 15:01:16,15449,15449,15449,2,0
2023-01-30 15:01:16,15448,15448,15448,2,-2
2023-01-30 15:01:17,15448,15448,15448,2,0
2023-01-30 15:01:17,15448,15448,15448,2,0
2023-01-30 15:01:17,15449,15449,15449,2,2
2023-01-30 15:01:17,15449,15449,15449,2,0
2023-01-30 15:01:17,15448,15448,15448,2,-2
2023-01-30 15:01:17,15448,15448,15448,2,0
2023-01-30 15:01:17,15448,15448,15448,2,0
2023-01-30 15:01:17,15448,15448,15448,2,0
2023-01-30 15:01:17,15448,15448,15448,2,0
2023-01-30 15:01:17,15448,15448,15448,2,0
2023-01-30 15:01:17,15448,15448,15448,2,0
2023-01-30 15:01:17,15449,15449,15449,2,2
2023-01-30 15:01:17,15448,15448,15448,2,-2
2023-01-30 15:01:17,15448,15448,15448,2,0
2023-01-30 15:01:17,15448,15448,15448,4,0
2023-01-30 15:01:17,15448,15448,15448,2,0
2023-01-30 15:01:17,15447,15447,15447,4,-4
2023-01-30 15:01:17,15447,15447,15447,2,0
2023-01-30 15:01:17,15447,15447,15447,2,0
2023-01-30 15:01:17,15447,15447,15447,2,0
2023-01-30 15:01:17,15447,15447,15447,2,0
2023-01-30 15:01:17,15449,15449,15449,2,2
2023-01-30 15:01:17,15447,15447,15447,2,-2
2023-01-30 15:01:17,15447,15447,15447,4,0
2023-01-30 15:01:17,15447,15447,15447,2,0
2023-01-30 15:01:17,15447,15447,15447,2,0
2023-01-30 15:01:17,15447,15447,15447,2,0
2023-01-30 15:01:17,15447,15447,15447,4,0
2023-01-30 15:01:17,15447,15447,15447,2,0
2023-01-30 15:01:17,15449,15449,15449,2,2
2023-01-30 15:01:17,15447,15447,15447,2,-2
2023-01-30 15:01:17,15447,15447,15447,2,0
2023-01-30 15:01:18,15449,15449,15449,4,4
2023-01-30 15:01:18,15448,15448,15448,2,-2
2023-01-30 15:01:18,15448,15448,15448,2,0
2023-01-30 15:01:18,15448,15448,15448,4,0
2023-01-30 15:01:18,15447,15447,15447,2,-2
2023-01-30 15:01:18,15447,15447,15447,2,0
2023-01-30 15:01:18,15447,15447,15447,4,0
2023-01-30 15:01:18,15447,15447,15447,2,0
2023-01-30 15:01:18,15447,15447,15447,4,0
2023-01-30 15:01:18,15446,15446,15446,2,-2
2023-01-30 15:01:18,15446,15446,15446,2,0
2023-01-30 15:01:20,15448,15448,15448,2,2
2023-01-30 15:01:20,15448,15448,15448,10,0
2023-01-30 15:01:20,15447,15447,15447,2,-2
2023-01-30 15:01:20,15447,15447,15447,4,0
2023-01-30 15:01:20,15447,15447,15447,2,0
2023-01-30 15:01:20,15449,15449,15449,4,4
2023-01-30 15:01:20,15447,15447,15447,2,-2
2023-01-30 15:01:22,15449,15449,15449,8,8
2023-01-30 15:01:23,15451,15451,15451,2,2
2023-01-30 15:01:23,15451,15451,15451,4,0
2023-01-30 15:01:23,15452,15452,15452,2,2
2023-01-30 15:01:25,15452,15452,15452,2,0
2023-01-30 15:01:26,15453,15453,15453,2,2
2023-01-30 15:01:26,15453,15453,15453,2,0
2023-01-30 15:01:26,15453,15453,15453,4,0
2023-01-30 15:01:27,15451,15451,15451,2,-2
2023-01-30 15:01:28,15453,15453,15453,4,4
2023-01-30 15:01:28,15453,15453,15453,2,0
2023-01-30 15:01:29,15452,15452,15452,2,-2
2023-01-30 15:01:29,15453,15453,15453,6,6
2023-01-30 15:01:30,15453,15453,15453,4,0
2023-01-30 15:01:30,15453,15453,15453,4,0
2023-01-30 15:01:31,15454,15454,15454,2,2
2023-01-30 15:01:32,15454,15454,15454,2,0
2023-01-30 15:01:32,15454,15454,15454,2,0
2023-01-30 15:01:32,15454,15454,15454,4,0
2023-01-30 15:01:33,15454,15454,15454,2,0
2023-01-30 15:01:33,15454,15454,15454,2,0
2023-01-30 15:01:33,15454,15454,15454,4,0
2023-01-30 15:01:33,15454,15454,15454,4,0
2023-01-30 15:01:33,15454,15454,15454,12,0
2023-01-30 15:01:33,15455,15455,15455,10,10
2023-01-30 15:01:34,15457,15457,15457,2,2
2023-01-30 15:01:34,15456,15456,15456,2,-2
2023-01-30 15:01:34,15456,15456,15456,4,0
2023-01-30 15:01:35,15458,15458,15458,2,2
2023-01-30 15:01:35,15456,15456,15456,2,-2
2023-01-30 15:01:35,15456,15456,15456,2,0
2023-01-30 15:01:35,15458,15458,15458,4,4
2023-01-30 15:01:35,15458,15458,15458,2,0
2023-01-30 15:01:35,15458,15458,15458,4,0
2023-01-30 15:01:35,15458,15458,15458,2,0
2023-01-30 15:01:35,15459,15459,15459,2,2
2023-01-30 15:01:36,15459,15459,15459,2,0
2023-01-30 15:01:36,15457,15457,15457,2,-2
2023-01-30 15:01:36,15459,15459,15459,8,8
2023-01-30 15:01:36,15458,15458,15458,2,-2
2023-01-30 15:01:38,15459,15459,15459,4,4
2023-01-30 15:01:38,15457,15457,15457,2,-2
2023-01-30 15:01:38,15459,15459,15459,2,2
2023-01-30 15:01:40,15457,15457,15457,2,-2
2023-01-30 15:01:40,15457,15457,15457,2,0
2023-01-30 15:01:40,15454,15454,15454,2,-2
2023-01-30 15:01:40,15454,15454,15454,2,0
2023-01-30 15:01:41,15453,15453,15453,2,-2
2023-01-30 15:01:41,15456,15456,15456,2,2
2023-01-30 15:01:42,15456,15456,15456,2,0
2023-01-30 15:01:42,15455,15455,15455,2,-2
2023-01-30 15:01:43,15455,15455,15455,2,0
2023-01-30 15:01:44,15454,15454,15454,2,-2
2023-01-30 15:01:45,15455,15455,15455,2,2
2023-01-30 15:01:45,15455,15455,15455,2,0
2023-01-30 15:01:46,15456,15456,15456,4,4
2023-01-30 15:01:47,15457,15457,15457,2,2
2023-01-30 15:01:50,15457,15457,15457,6,0
2023-01-30 15:01:51,15456,15456,15456,4,-4
2023-01-30 15:01:55,15456,15456,15456,2,0
2023-01-30 15:01:55,15454,15454,15454,2,-2
2023-01-30 15:01:55,15454,15454,15454,2,0
2023-01-30 15:01:55,15454,15454,15454,4,0
2023-01-30 15:02:00,15455,15455,15455,4,4
2023-01-30 15:02:00,15455,15455,15455,12,0
2023-01-30 15:02:00,15455,15455,15455,2,0
2023-01-30 15:02:00,15455,15455,15455,2,0
2023-01-30 15:02:03,15456,15456,15456,2,2
2023-01-30 15:02:03,15454,15454,15454,2,-2
2023-01-30 15:02:03,15454,15454,15454,4,0
2023-01-30 15:02:04,15453,15453,15453,2,-2
2023-01-30 15:02:04,15453,15453,15453,4,0
2023-01-30 15:02:04,15453,15453,15453,4,0
2023-01-30 15:02:06,15453,15453,15453,2,0
2023-01-30 15:02:07,15453,15453,15453,4,0
2023-01-30 15:02:07,15453,15453,15453,2,0
2023-01-30 15:02:07,15453,15453,15453,4,0
2023-01-30 15:02:08,15452,15452,15452,2,-2
2023-01-30 15:02:09,15452,15452,15452,2,0
2023-01-30 15:02:09,15452,15452,15452,2,0
2023-01-30 15:02:10,15451,15451,15451,2,-2
2023-01-30 15:02:17,15452,15452,15452,2,2
2023-01-30 15:02:18,15452,15452,15452,2,0
2023-01-30 15:02:26,15451,15451,15451,8,-8
2023-01-30 15:02:28,15452,15452,15452,4,4
2023-01-30 15:02:30,15451,15451,15451,2,-2
2023-01-30 15:02:33,15451,15451,15451,2,0
2023-01-30 15:02:35,15451,15451,15451,2,0
2023-01-30 15:02:35,15451,15451,15451,4,0
2023-01-30 15:02:40,15451,15451,15451,2,0
2023-01-30 15:02:40,15451,15451,15451,2,0
2023-01-30 15:02:40,15451,15451,15451,2,0
2023-01-30 15:02:40,15451,15451,15451,6,0
2023-01-30 15:02:44,15451,15451,15451,4,0
2023-01-30 15:02:44,15451,15451,15451,2,0
2023-01-30 15:02:44,15451,15451,15451,2,0
2023-01-30 15:02:44,15451,15451,15451,2,0
2023-01-30 15:02:44,15451,15451,15451,2,0
2023-01-30 15:02:44,15451,15451,15451,2,0
2023-01-30 15:02:44,15451,15451,15451,2,0
2023-01-30 15:02:44,15450,15450,15450,10,-10
2023-01-30 15:02:44,15450,15450,15450,10,0
2023-01-30 15:02:44,15450,15450,15450,2,0
2023-01-30 15:02:44,15450,15450,15450,2,0
2023-01-30 15:02:44,15450,15450,15450,2,0
2023-01-30 15:02:44,15450,15450,15450,2,0
2023-01-30 15:02:44,15450,15450,15450,2,0
2023-01-30 15:02:45,15449,15449,15449,2,-2
2023-01-30 15:02:45,15450,15450,15450,4,4
2023-01-30 15:02:48,15450,15450,15450,2,0
2023-01-30 15:02:48,15450,15450,15450,2,0
2023-01-30 15:02:48,15450,15450,15450,2,0
2023-01-30 15:02:50,15449,15449,15449,2,-2
2023-01-30 15:02:51,15451,15451,15451,2,2
2023-01-30 15:02:52,15451,15451,15451,2,0
2023-01-30 15:02:52,15452,15452,15452,2,2
2023-01-30 15:02:53,15450,15450,15450,2,-2
2023-01-30 15:02:54,15450,15450,15450,2,0
2023-01-30 15:02:57,15451,15451,15451,2,2
2023-01-30 15:03:00,15450,15450,15450,2,-2
2023-01-30 15:03:00,15450,15450,15450,2,0
2023-01-30 15:03:00,15450,15450,15450,2,0
2023-01-30 15:03:00,15450,15450,15450,2,0
2023-01-30 15:03:00,15450,15450,15450,2,0
2023-01-30 15:03:00,15450,15450,15450,6,0
2023-01-30 15:03:00,15450,15450,15450,2,0
2023-01-30 15:03:00,15450,15450,15450,2,0
2023-01-30 15:03:00,15450,15450,15450,4,0
2023-01-30 15:03:00,15450,15450,15450,2,0
2023-01-30 15:03:00,15450,15450,15450,2,0
2023-01-30 15:03:00,15450,15450,15450,2,0
2023-01-30 15:03:00,15450,15450,15450,2,0
2023-01-30 15:03:00,15450,15450,15450,2,0
2023-01-30 15:03:00,15450,15450,15450,2,0
2023-01-30 15:03:00,15449,15449,15449,2,-2
2023-01-30 15:03:02,15449,15449,15449,6,0
2023-01-30 15:03:02,15449,15449,15449,8,0
2023-01-30 15:03:02,15449,15449,15449,2,0
2023-01-30 15:03:02,15449,15449,15449,10,0
2023-01-30 15:03:02,15449,15449,15449,4,0
2023-01-30 15:03:02,15449,15449,15449,2,0
2023-01-30 15:03:04,15448,15448,15448,2,-2
2023-01-30 15:03:04,15448,15448,15448,2,0
2023-01-30 15:03:04,15448,15448,15448,2,0
2023-01-30 15:03:06,15447,15447,15447,2,-2
2023-01-30 15:03:08,15447,15447,15447,2,0
2023-01-30 15:03:09,15446,15446,15446,2,-2
2023-01-30 15:03:11,15446,15446,15446,2,0
2023-01-30 15:03:12,15446,15446,15446,2,0
2023-01-30 15:03:13,15447,15447,15447,2,2
2023-01-30 15:03:15,15446,15446,15446,4,-4
2023-01-30 15:03:15,15446,15446,15446,2,0
2023-01-30 15:03:15,15446,15446,15446,2,0
2023-01-30 15:03:15,15446,15446,15446,2,0
2023-01-30 15:03:17,15446,15446,15446,4,0
2023-01-30 15:03:17,15446,15446,15446,2,0
2023-01-30 15:03:19,15446,15446,15446,2,0
2023-01-30 15:03:21,15445,15445,15445,2,-2
2023-01-30 15:03:21,15445,15445,15445,2,0
2023-01-30 15:03:21,15446,15446,15446,4,4
2023-01-30 15:03:22,15445,15445,15445,2,-2
2023-01-30 15:03:23,15445,15445,15445,2,0
2023-01-30 15:03:24,15446,15446,15446,2,2
2023-01-30 15:03:25,15446,15446,15446,2,0
2023-01-30 15:03:26,15445,15445,15445,2,-2
2023-01-30 15:03:27,15445,15445,15445,2,0
2023-01-30 15:03:29,15445,15445,15445,2,0
2023-01-30 15:03:29,15445,15445,15445,2,0
2023-01-30 15:03:29,15445,15445,15445,6,0
2023-01-30 15:03:29,15445,15445,15445,4,0
2023-01-30 15:03:29,15445,15445,15445,2,0
2023-01-30 15:03:29,15445,15445,15445,2,0
2023-01-30 15:03:29,15445,15445,15445,2,0
2023-01-30 15:03:29,15445,15445,15445,2,0
2023-01-30 15:03:29,15445,15445,15445,2,0
2023-01-30 15:03:29,15445,15445,15445,2,0
2023-01-30 15:03:31,15444,15444,15444,2,-2
2023-01-30 15:03:31,15444,15444,15444,2,0
2023-01-30 15:03:33,15445,15445,15445,2,2
2023-01-30 15:03:33,15444,15444,15444,4,-4
2023-01-30 15:03:33,15444,15444,15444,2,0
2023-01-30 15:03:33,15444,15444,15444,2,0
2023-01-30 15:03:33,15444,15444,15444,2,0
2023-01-30 15:03:34,15444,15444,15444,2,0
2023-01-30 15:03:35,15443,15443,15443,2,-2
2023-01-30 15:03:35,15443,15443,15443,2,0
2023-01-30 15:03:36,15443,15443,15443,2,0
2023-01-30 15:03:37,15443,15443,15443,2,0
2023-01-30 15:03:37,15443,15443,15443,2,0
2023-01-30 15:03:37,15443,15443,15443,2,0
2023-01-30 15:03:38,15443,15443,15443,4,0
2023-01-30 15:03:40,15443,15443,15443,2,0
2023-01-30 15:03:40,15444,15444,15444,2,2
2023-01-30 15:03:40,15443,15443,15443,2,-2
2023-01-30 15:03:41,15444,15444,15444,6,6
2023-01-30 15:03:41,15444,15444,15444,2,0
2023-01-30 15:03:41,15444,15444,15444,2,0
2023-01-30 15:03:42,15444,15444,15444,2,0
2023-01-30 15:03:42,15444,15444,15444,2,0
2023-01-30 15:03:45,15444,15444,15444,4,0
2023-01-30 15:03:45,15445,15445,15445,2,2
2023-01-30 15:03:45,15445,15445,15445,2,0
2023-01-30 15:03:45,15445,15445,15445,2,0
2023-01-30 15:03:49,15445,15445,15445,6,0
2023-01-30 15:03:50,15445,15445,15445,2,0
2023-01-30 15:03:50,15445,15445,15445,2,0
2023-01-30 15:03:51,15445,15445,15445,2,0
2023-01-30 15:03:55,15444,15444,15444,6,-6
2023-01-30 15:03:56,15445,15445,15445,2,2
2023-01-30 15:03:56,15444,15444,15444,2,-2
2023-01-30 15:04:00,15444,15444,15444,2,0
2023-01-30 15:04:01,15445,15445,15445,2,2
2023-01-30 15:04:01,15445,15445,15445,2,0
2023-01-30 15:04:02,15446,15446,15446,20,20
2023-01-30 15:04:02,15447,15447,15447,2,2
2023-01-30 15:04:02,15448,15448,15448,2,2
2023-01-30 15:04:05,15447,15447,15447,2,-2
2023-01-30 15:04:07,15448,15448,15448,2,2
2023-01-30 15:04:09,15446,15446,15446,2,-2
2023-01-30 15:04:09,15446,15446,15446,2,0
2023-01-30 15:04:09,15446,15446,15446,2,0
2023-01-30 15:04:09,15446,15446,15446,4,0
2023-01-30 15:04:13,15447,15447,15447,2,2
2023-01-30 15:04:14,15448,15448,15448,2,2
2023-01-30 15:04:14,15448,15448,15448,2,0
2023-01-30 15:04:15,15447,15447,15447,2,-2
2023-01-30 15:04:18,15447,15447,15447,2,0
2023-01-30 15:04:19,15448,15448,15448,2,2
2023-01-30 15:04:21,15447,15447,15447,2,-2
2023-01-30 15:04:21,15448,15448,15448,2,2
2023-01-30 15:04:23,15447,15447,15447,2,-2
2023-01-30 15:04:23,15448,15448,15448,4,4
2023-01-30 15:04:23,15448,15448,15448,2,0
2023-01-30 15:04:25,15448,15448,15448,2,0
2023-01-30 15:04:25,15447,15447,15447,2,-2
2023-01-30 15:04:25,15447,15447,15447,2,0
2023-01-30 15:04:25,15447,15447,15447,2,0
2023-01-30 15:04:27,15446,15446,15446,2,-2
2023-01-30 15:04:27,15446,15446,15446,2,0
2023-01-30 15:04:28,15447,15447,15447,6,6
2023-01-30 15:04:30,15446,15446,15446,2,-2
2023-01-30 15:04:30,15446,15446,15446,2,0
2023-01-30 15:04:32,15445,15445,15445,2,-2
2023-01-30 15:04:35,15445,15445,15445,2,0
2023-01-30 15:04:35,15445,15445,15445,2,0
2023-01-30 15:04:40,15445,15445,15445,2,0
2023-01-30 15:04:42,15445,15445,15445,2,0
2023-01-30 15:04:48,15445,15445,15445,2,0
2023-01-30 15:04:50,15445,15445,15445,2,0
2023-01-30 15:04:50,15445,15445,15445,6,0
2023-01-30 15:04:50,15445,15445,15445,4,0
2023-01-30 15:04:50,15445,15445,15445,2,0
2023-01-30 15:04:50,15445,15445,15445,6,0
2023-01-30 15:04:51,15446,15446,15446,4,4
2023-01-30 15:04:52,15445,15445,15445,8,-8
2023-01-30 15:04:52,15445,15445,15445,6,0
2023-01-30 15:04:52,15445,15445,15445,2,0
2023-01-30 15:04:53,15446,15446,15446,4,4
2023-01-30 15:05:01,15444,15444,15444,2,-2
2023-01-30 15:05:01,15446,15446,15446,2,2
2023-01-30 15:05:01,15444,15444,15444,2,-2
2023-01-30 15:05:01,15444,15444,15444,2,0
2023-01-30 15:05:01,15444,15444,15444,2,0
2023-01-30 15:05:01,15444,15444,15444,2,0
2023-01-30 15:05:02,15445,15445,15445,4,4
2023-01-30 15:05:03,15446,15446,15446,2,2
2023-01-30 15:05:05,15444,15444,15444,2,-2
2023-01-30 15:05:05,15446,15446,15446,6,6
2023-01-30 15:05:08,15443,15443,15443,4,-4
2023-01-30 15:05:08,15443,15443,15443,2,0
2023-01-30 15:05:11,15444,15444,15444,2,2
2023-01-30 15:05:11,15444,15444,15444,2,0
2023-01-30 15:05:11,15444,15444,15444,4,0
2023-01-30 15:05:11,15444,15444,15444,2,0
2023-01-30 15:05:11,15443,15443,15443,2,-2
2023-01-30 15:05:11,15443,15443,15443,2,0
2023-01-30 15:05:11,15443,15443,15443,2,0
2023-01-30 15:05:11,15443,15443,15443,2,0
2023-01-30 15:05:11,15443,15443,15443,4,0
2023-01-30 15:05:12,15445,15445,15445,4,4
2023-01-30 15:05:16,15446,15446,15446,20,20
2023-01-30 15:05:27,15445,15445,15445,2,-2
2023-01-30 15:05:27,15444,15444,15444,2,-2
2023-01-30 15:05:27,15445,15445,15445,2,2
2023-01-30 15:05:31,15444,15444,15444,2,-2
2023-01-30 15:05:38,15446,15446,15446,22,22
2023-01-30 15:05:38,15447,15447,15447,2,2
2023-01-30 15:05:39,15447,15447,15447,2,0
2023-01-30 15:05:41,15447,15447,15447,2,0
2023-01-30 15:05:49,15447,15447,15447,2,0
2023-01-30 15:05:52,15448,15448,15448,2,2
2023-01-30 15:06:00,15448,15448,15448,4,0
2023-01-30 15:06:01,15448,15448,15448,2,0
2023-01-30 15:06:01,15448,15448,15448,2,0
2023-01-30 15:06:01,15448,15448,15448,2,0
2023-01-30 15:06:03,15447,15447,15447,2,-2
2023-01-30 15:06:05,15448,15448,15448,2,2
2023-01-30 15:06:10,15447,15447,15447,4,-4
2023-01-30 15:06:10,15447,15447,15447,2,0
2023-01-30 15:06:10,15447,15447,15447,2,0
2023-01-30 15:06:10,15447,15447,15447,4,0
2023-01-30 15:06:10,15447,15447,15447,4,0
2023-01-30 15:06:10,15447,15447,15447,2,0
2023-01-30 15:06:10,15447,15447,15447,2,0
2023-01-30 15:06:12,15447,15447,15447,2,0
2023-01-30 15:06:12,15447,15447,15447,4,0
2023-01-30 15:06:19,15446,15446,15446,2,-2
2023-01-30 15:06:19,15446,15446,15446,2,0
2023-01-30 15:06:19,15446,15446,15446,2,0
2023-01-30 15:06:40,15446,15446,15446,2,0
2023-01-30 15:06:40,15447,15447,15447,2,2
2023-01-30 15:06:50,15447,15447,15447,2,0
2023-01-30 15:06:51,15446,15446,15446,2,-2
2023-01-30 15:06:53,15447,15447,15447,2,2
2023-01-30 15:07:03,15447,15447,15447,6,0
2023-01-30 15:07:04,15447,15447,15447,2,0
2023-01-30 15:07:07,15447,15447,15447,4,0
2023-01-30 15:07:07,15447,15447,15447,2,0
2023-01-30 15:07:07,15447,15447,15447,8,0
2023-01-30 15:07:07,15447,15447,15447,2,0
2023-01-30 15:07:08,15447,15447,15447,2,0
2023-01-30 15:07:13,15447,15447,15447,4,0
2023-01-30 15:07:16,15446,15446,15446,2,-2
2023-01-30 15:07:21,15446,15446,15446,2,0
2023-01-30 15:07:21,15446,15446,15446,4,0
2023-01-30 15:07:21,15446,15446,15446,2,0
2023-01-30 15:07:21,15446,15446,15446,2,0
2023-01-30 15:07:21,15446,15446,15446,20,0
2023-01-30 15:07:21,15445,15445,15445,2,-2
2023-01-30 15:07:21,15445,15445,15445,2,0
2023-01-30 15:07:26,15445,15445,15445,2,0
2023-01-30 15:07:28,15445,15445,15445,2,0
2023-01-30 15:07:41,15446,15446,15446,2,2
2023-01-30 15:07:43,15446,15446,15446,2,0
2023-01-30 15:07:43,15447,15447,15447,4,4
2023-01-30 15:07:44,15445,15445,15445,2,-2
2023-01-30 15:07:46,15445,15445,15445,2,0
2023-01-30 15:07:46,15445,15445,15445,4,0
2023-01-30 15:07:47,15445,15445,15445,2,0
2023-01-30 15:07:48,15445,15445,15445,4,0
2023-01-30 15:07:51,15445,15445,15445,2,0
2023-01-30 15:07:58,15445,15445,15445,2,0
2023-01-30 15:08:10,15445,15445,15445,2,0
2023-01-30 15:08:10,15445,15445,15445,4,0
2023-01-30 15:08:10,15445,15445,15445,10,0
2023-01-30 15:08:10,15445,15445,15445,4,0
2023-01-30 15:08:10,15445,15445,15445,10,0
2023-01-30 15:08:10,15445,15445,15445,10,0
2023-01-30 15:08:10,15445,15445,15445,2,0
2023-01-30 15:08:10,15445,15445,15445,2,0
2023-01-30 15:08:10,15445,15445,15445,2,0
2023-01-30 15:08:10,15445,15445,15445,2,0
2023-01-30 15:08:10,15445,15445,15445,2,0
2023-01-30 15:08:10,15445,15445,15445,6,0
2023-01-30 15:08:10,15445,15445,15445,4,0
2023-01-30 15:08:10,15445,15445,15445,2,0
2023-01-30 15:08:10,15445,15445,15445,4,0
2023-01-30 15:08:10,15445,15445,15445,2,0
2023-01-30 15:08:10,15445,15445,15445,2,0
2023-01-30 15:08:10,15445,15445,15445,2,0
2023-01-30 15:08:10,15445,15445,15445,4,0
2023-01-30 15:08:10,15445,15445,15445,10,0
2023-01-30 15:08:10,15445,15445,15445,6,0
2023-01-30 15:08:10,15444,15444,15444,2,-2
2023-01-30 15:08:10,15444,15444,15444,2,0
2023-01-30 15:08:10,15444,15444,15444,2,0
2023-01-30 15:08:12,15443,15443,15443,2,-2
2023-01-30 15:08:12,15443,15443,15443,2,0
2023-01-30 15:08:12,15443,15443,15443,2,0
2023-01-30 15:08:14,15443,15443,15443,4,0
2023-01-30 15:08:15,15442,15442,15442,2,-2
2023-01-30 15:08:15,15442,15442,15442,2,0
2023-01-30 15:08:15,15442,15442,15442,10,0
2023-01-30 15:08:15,15441,15441,15441,2,-2
2023-01-30 15:08:17,15441,15441,15441,2,0
2023-01-30 15:08:17,15441,15441,15441,2,0
2023-01-30 15:08:17,15441,15441,15441,6,0
2023-01-30 15:08:18,15441,15441,15441,2,0
2023-01-30 15:08:19,15441,15441,15441,2,0
2023-01-30 15:08:21,15441,15441,15441,2,0
2023-01-30 15:08:21,15441,15441,15441,2,0
2023-01-30 15:08:21,15441,15441,15441,2,0
2023-01-30 15:08:21,15441,15441,15441,2,0
2023-01-30 15:08:21,15441,15441,15441,2,0
2023-01-30 15:08:21,15441,15441,15441,4,0
2023-01-30 15:08:22,15440,15440,15440,2,-2
2023-01-30 15:08:23,15440,15440,15440,2,0
2023-01-30 15:08:23,15440,15440,15440,2,0
2023-01-30 15:08:24,15441,15441,15441,8,8
2023-01-30 15:08:24,15440,15440,15440,2,-2
2023-01-30 15:08:24,15440,15440,15440,2,0
2023-01-30 15:08:24,15440,15440,15440,2,0
2023-01-30 15:08:24,15440,15440,15440,2,0
2023-01-30 15:08:24,15440,15440,15440,20,0
2023-01-30 15:08:24,15440,15440,15440,2,0
2023-01-30 15:08:24,15440,15440,15440,2,0
2023-01-30 15:08:24,15440,15440,15440,2,0
2023-01-30 15:08:24,15440,15440,15440,2,0
2023-01-30 15:08:27,15440,15440,15440,2,0
2023-01-30 15:08:29,15440,15440,15440,2,0
2023-01-30 15:08:32,15440,15440,15440,2,0
2023-01-30 15:08:32,15440,15440,15440,2,0
2023-01-30 15:08:33,15440,15440,15440,2,0
2023-01-30 15:08:33,15440,15440,15440,2,0
2023-01-30 15:08:33,15440,15440,15440,2,0
2023-01-30 15:08:37,15440,15440,15440,2,0
2023-01-30 15:08:40,15441,15441,15441,2,2
2023-01-30 15:08:41,15441,15441,15441,10,0
2023-01-30 15:08:44,15441,15441,15441,2,0
2023-01-30 15:08:44,15441,15441,15441,8,0
2023-01-30 15:08:45,15440,15440,15440,2,-2
2023-01-30 15:08:46,15441,15441,15441,2,2
2023-01-30 15:08:46,15441,15441,15441,8,0
2023-01-30 15:08:46,15440,15440,15440,8,-8
2023-01-30 15:08:46,15440,15440,15440,2,0
2023-01-30 15:08:46,15440,15440,15440,2,0
2023-01-30 15:08:46,15440,15440,15440,2,0
2023-01-30 15:08:46,15440,15440,15440,2,0
2023-01-30 15:08:47,15439,15439,15439,2,-2
2023-01-30 15:08:47,15440,15440,15440,2,2
2023-01-30 15:08:48,15439,15439,15439,2,-2
2023-01-30 15:08:48,15439,15439,15439,2,0
2023-01-30 15:08:48,15439,15439,15439,2,0
2023-01-30 15:08:49,15440,15440,15440,4,4
2023-01-30 15:08:49,15440,15440,15440,2,0
2023-01-30 15:08:51,15439,15439,15439,2,-2
2023-01-30 15:08:51,15439,15439,15439,2,0
2023-01-30 15:08:51,15439,15439,15439,2,0
2023-01-30 15:08:51,15439,15439,15439,4,0
2023-01-30 15:08:54,15439,15439,15439,2,0
2023-01-30 15:08:55,15440,15440,15440,2,2
2023-01-30 15:08:56,15440,15440,15440,4,0
2023-01-30 15:08:57,15439,15439,15439,2,-2
2023-01-30 15:08:57,15439,15439,15439,2,0
2023-01-30 15:08:57,15438,15438,15438,2,-2
2023-01-30 15:08:57,15438,15438,15438,2,0
2023-01-30 15:08:57,15438,15438,15438,2,0
2023-01-30 15:08:57,15438,15438,15438,2,0
2023-01-30 15:08:57,15438,15438,15438,2,0
2023-01-30 15:08:57,15438,15438,15438,2,0
2023-01-30 15:08:57,15438,15438,15438,4,0
2023-01-30 15:08:57,15438,15438,15438,4,0
2023-01-30 15:08:57,15438,15438,15438,2,0
2023-01-30 15:08:57,15437,15437,15437,10,-10
2023-01-30 15:08:58,15438,15438,15438,6,6
2023-01-30 15:08:58,15437,15437,15437,2,-2
2023-01-30 15:09:00,15439,15439,15439,2,2
2023-01-30 15:09:02,15437,15437,15437,2,-2
2023-01-30 15:09:02,15437,15437,15437,2,0
2023-01-30 15:09:03,15437,15437,15437,2,0
2023-01-30 15:09:03,15437,15437,15437,2,0
2023-01-30 15:09:03,15437,15437,15437,2,0
2023-01-30 15:09:03,15437,15437,15437,2,0
2023-01-30 15:09:03,15437,15437,15437,2,0
2023-01-30 15:09:03,15437,15437,15437,4,0
2023-01-30 15:09:05,15437,15437,15437,2,0
2023-01-30 15:09:05,15437,15437,15437,2,0
2023-01-30 15:09:05,15438,15438,15438,2,2
2023-01-30 15:09:07,15438,15438,15438,6,0
2023-01-30 15:09:09,15439,15439,15439,2,2
2023-01-30 15:09:09,15439,15439,15439,4,0
2023-01-30 15:09:09,15440,15440,15440,2,2
2023-01-30 15:09:09,15440,15440,15440,6,0
2023-01-30 15:09:09,15440,15440,15440,2,0
2023-01-30 15:09:11,15440,15440,15440,2,0
2023-01-30 15:09:11,15439,15439,15439,2,-2
2023-01-30 15:09:12,15439,15439,15439,2,0
2023-01-30 15:09:12,15439,15439,15439,2,0
2023-01-30 15:09:13,15439,15439,15439,2,0
2023-01-30 15:09:13,15439,15439,15439,2,0
2023-01-30 15:09:13,15440,15440,15440,2,2
2023-01-30 15:09:13,15440,15440,15440,2,0
2023-01-30 15:09:14,15439,15439,15439,2,-2
2023-01-30 15:09:15,15440,15440,15440,2,2
2023-01-30 15:09:17,15440,15440,15440,2,0
2023-01-30 15:09:18,15440,15440,15440,2,0
2023-01-30 15:09:18,15440,15440,15440,2,0
2023-01-30 15:09:18,15440,15440,15440,4,0
2023-01-30 15:09:18,15441,15441,15441,2,2
2023-01-30 15:09:18,15441,15441,15441,2,0
2023-01-30 15:09:18,15441,15441,15441,4,0
2023-01-30 15:09:18,15441,15441,15441,6,0
2023-01-30 15:09:20,15441,15441,15441,2,0
2023-01-30 15:09:20,15440,15440,15440,2,-2
2023-01-30 15:09:24,15441,15441,15441,2,2
2023-01-30 15:09:27,15442,15442,15442,10,10
2023-01-30 15:09:28,15441,15441,15441,4,-4
2023-01-30 15:09:28,15441,15441,15441,2,0
2023-01-30 15:09:28,15441,15441,15441,2,0
2023-01-30 15:09:28,15441,15441,15441,2,0
2023-01-30 15:09:28,15441,15441,15441,2,0
2023-01-30 15:09:28,15440,15440,15440,2,-2
2023-01-30 15:09:28,15440,15440,15440,2,0
2023-01-30 15:09:37,15441,15441,15441,2,2
2023-01-30 15:09:38,15440,15440,15440,2,-2
2023-01-30 15:09:39,15440,15440,15440,2,0
2023-01-30 15:09:44,15441,15441,15441,2,2
2023-01-30 15:09:51,15440,15440,15440,2,-2
2023-01-30 15:09:56,15441,15441,15441,24,24
2023-01-30 15:09:57,15441,15441,15441,2,0
2023-01-30 15:09:57,15441,15441,15441,2,0
2023-01-30 15:09:57,15441,15441,15441,2,0
2023-01-30 15:09:57,15441,15441,15441,2,0
2023-01-30 15:09:58,15442,15442,15442,36,36
2023-01-30 15:09:58,15442,15442,15442,2,0
2023-01-30 15:09:58,15442,15442,15442,2,0
2023-01-30 15:09:59,15442,15442,15442,2,0
2023-01-30 15:09:59,15442,15442,15442,4,0
2023-01-30 15:09:59,15442,15442,15442,2,0
2023-01-30 15:10:00,15442,15442,15442,2,0
2023-01-30 15:10:00,15442,15442,15442,2,0
2023-01-30 15:10:00,15443,15443,15443,2,2
2023-01-30 15:10:00,15443,15443,15443,2,0
2023-01-30 15:10:01,15443,15443,15443,2,0
2023-01-30 15:10:02,15442,15442,15442,2,-2
2023-01-30 15:10:02,15442,15442,15442,2,0
2023-01-30 15:10:02,15442,15442,15442,2,0
2023-01-30 15:10:02,15441,15441,15441,4,-4
2023-01-30 15:10:07,15442,15442,15442,2,2
2023-01-30 15:10:07,15443,15443,15443,2,2
2023-01-30 15:10:11,15440,15440,15440,2,-2
2023-01-30 15:10:11,15440,15440,15440,4,0
2023-01-30 15:10:11,15440,15440,15440,2,0
2023-01-30 15:10:11,15440,15440,15440,6,0
2023-01-30 15:10:11,15440,15440,15440,6,0
2023-01-30 15:10:11,15440,15440,15440,2,0
2023-01-30 15:10:11,15440,15440,15440,2,0
2023-01-30 15:10:11,15440,15440,15440,2,0
2023-01-30 15:10:11,15440,15440,15440,2,0
2023-01-30 15:10:15,15439,15439,15439,6,-6
2023-01-30 15:10:15,15439,15439,15439,4,0
2023-01-30 15:10:17,15438,15438,15438,2,-2
2023-01-30 15:10:17,15438,15438,15438,2,0
2023-01-30 15:10:17,15440,15440,15440,2,2
2023-01-30 15:10:20,15440,15440,15440,2,0
2023-01-30 15:10:20,15440,15440,15440,2,0
2023-01-30 15:10:22,15440,15440,15440,2,0
2023-01-30 15:10:23,15440,15440,15440,2,0
2023-01-30 15:10:25,15440,15440,15440,2,0
2023-01-30 15:10:27,15440,15440,15440,2,0
2023-01-30 15:10:28,15440,15440,15440,2,0
2023-01-30 15:10:29,15440,15440,15440,8,0
2023-01-30 15:10:29,15441,15441,15441,4,4
2023-01-30 15:10:30,15439,15439,15439,2,-2
2023-01-30 15:10:32,15440,15440,15440,6,6
2023-01-30 15:10:34,15440,15440,15440,2,0
2023-01-30 15:10:34,15441,15441,15441,10,10
2023-01-30 15:10:34,15439,15439,15439,4,-4
2023-01-30 15:10:34,15439,15439,15439,2,0
2023-01-30 15:10:34,15439,15439,15439,2,0
2023-01-30 15:10:42,15438,15438,15438,2,-2
2023-01-30 15:10:42,15439,15439,15439,2,2
2023-01-30 15:10:43,15438,15438,15438,2,-2
2023-01-30 15:10:44,15439,15439,15439,6,6
2023-01-30 15:10:44,15440,15440,15440,8,8
2023-01-30 15:10:46,15439,15439,15439,2,-2
2023-01-30 15:10:49,15440,15440,15440,2,2
2023-01-30 15:10:56,15438,15438,15438,2,-2
2023-01-30 15:10:56,15438,15438,15438,2,0
2023-01-30 15:10:56,15438,15438,15438,2,0
2023-01-30 15:10:56,15438,15438,15438,2,0
2023-01-30 15:10:56,15438,15438,15438,2,0
2023-01-30 15:10:56,15438,15438,15438,4,0
2023-01-30 15:10:56,15438,15438,15438,2,0
2023-01-30 15:10:56,15438,15438,15438,2,0
2023-01-30 15:10:56,15438,15438,15438,2,0
2023-01-30 15:10:56,15438,15438,15438,2,0
2023-01-30 15:11:02,15438,15438,15438,2,0
2023-01-30 15:11:02,15438,15438,15438,2,0
2023-01-30 15:11:02,15440,15440,15440,2,2
2023-01-30 15:11:07,15439,15439,15439,2,-2
2023-01-30 15:11:11,15438,15438,15438,2,-2
2023-01-30 15:11:11,15438,15438,15438,2,0
2023-01-30 15:11:11,15438,15438,15438,2,0
2023-01-30 15:11:11,15437,15437,15437,2,-2
2023-01-30 15:11:13,15439,15439,15439,2,2
2023-01-30 15:11:14,15438,15438,15438,2,-2
2023-01-30 15:11:14,15438,15438,15438,4,0
2023-01-30 15:11:14,15438,15438,15438,2,0
2023-01-30 15:11:14,15437,15437,15437,2,-2
2023-01-30 15:11:14,15437,15437,15437,4,0
2023-01-30 15:11:14,15437,15437,15437,2,0
2023-01-30 15:11:14,15437,15437,15437,2,0
2023-01-30 15:11:14,15437,15437,15437,2,0
2023-01-30 15:11:16,15437,15437,15437,2,0
2023-01-30 15:11:17,15437,15437,15437,6,0
2023-01-30 15:11:17,15436,15436,15436,2,-2
2023-01-30 15:11:17,15436,15436,15436,2,0
2023-01-30 15:11:18,15436,15436,15436,2,0
2023-01-30 15:11:19,15436,15436,15436,2,0
2023-01-30 15:11:19,15436,15436,15436,4,0
2023-01-30 15:11:19,15436,15436,15436,2,0
2023-01-30 15:11:20,15436,15436,15436,2,0
2023-01-30 15:11:20,15436,15436,15436,2,0
2023-01-30 15:11:20,15436,15436,15436,2,0
2023-01-30 15:11:20,15435,15435,15435,2,-2
2023-01-30 15:11:20,15435,15435,15435,2,0
2023-01-30 15:11:20,15435,15435,15435,2,0
2023-01-30 15:11:20,15435,15435,15435,2,0
2023-01-30 15:11:20,15435,15435,15435,2,0
2023-01-30 15:11:21,15436,15436,15436,2,2
2023-01-30 15:11:21,15435,15435,15435,2,-2
2023-01-30 15:11:22,15435,15435,15435,2,0
2023-01-30 15:11:22,15437,15437,15437,4,4
2023-01-30 15:11:22,15437,15437,15437,2,0
2023-01-30 15:11:24,15437,15437,15437,4,0
2023-01-30 15:11:28,15436,15436,15436,2,-2
2023-01-30 15:11:28,15436,15436,15436,2,0
2023-01-30 15:11:31,15436,15436,15436,2,0
2023-01-30 15:11:31,15436,15436,15436,2,0
2023-01-30 15:11:33,15436,15436,15436,2,0
2023-01-30 15:11:34,15437,15437,15437,6,6
2023-01-30 15:11:36,15436,15436,15436,10,-10
2023-01-30 15:11:41,15437,15437,15437,2,2
2023-01-30 15:11:45,15436,15436,15436,2,-2
2023-01-30 15:11:45,15436,15436,15436,2,0
2023-01-30 15:11:45,15436,15436,15436,4,0
2023-01-30 15:11:45,15436,15436,15436,2,0
2023-01-30 15:11:45,15436,15436,15436,2,0
2023-01-30 15:11:45,15437,15437,15437,2,2
2023-01-30 15:11:49,15436,15436,15436,2,-2
2023-01-30 15:11:51,15435,15435,15435,2,-2
2023-01-30 15:11:51,15435,15435,15435,2,0
2023-01-30 15:11:51,15435,15435,15435,2,0
2023-01-30 15:11:51,15435,15435,15435,2,0
2023-01-30 15:11:51,15435,15435,15435,10,0
2023-01-30 15:11:51,15435,15435,15435,2,0
2023-01-30 15:11:51,15435,15435,15435,18,0
2023-01-30 15:11:51,15435,15435,15435,20,0
2023-01-30 15:11:51,15435,15435,15435,2,0
2023-01-30 15:11:51,15435,15435,15435,2,0
2023-01-30 15:11:52,15435,15435,15435,2,0
2023-01-30 15:11:53,15435,15435,15435,2,0
2023-01-30 15:11:54,15436,15436,15436,2,2
2023-01-30 15:11:54,15436,15436,15436,2,0
2023-01-30 15:11:54,15436,15436,15436,16,0
2023-01-30 15:11:57,15437,15437,15437,14,14
2023-01-30 15:11:59,15437,15437,15437,2,0
2023-01-30 15:11:59,15437,15437,15437,2,0
2023-01-30 15:11:59,15437,15437,15437,2,0
2023-01-30 15:11:59,15437,15437,15437,2,0
2023-01-30 15:11:59,15437,15437,15437,2,0
2023-01-30 15:11:59,15437,15437,15437,18,0
2023-01-30 15:11:59,15437,15437,15437,2,0
2023-01-30 15:11:59,15437,15437,15437,2,0
2023-01-30 15:11:59,15437,15437,15437,2,0
2023-01-30 15:11:59,15437,15437,15437,2,0
2023-01-30 15:11:59,15436,15436,15436,2,-2
2023-01-30 15:11:59,15436,15436,15436,2,0
2023-01-30 15:11:59,15436,15436,15436,2,0
2023-01-30 15:11:59,15436,15436,15436,2,0
2023-01-30 15:11:59,15436,15436,15436,2,0
2023-01-30 15:11:59,15436,15436,15436,6,0
2023-01-30 15:11:59,15436,15436,15436,2,0
2023-01-30 15:11:59,15436,15436,15436,2,0
2023-01-30 15:11:59,15436,15436,15436,2,0
2023-01-30 15:11:59,15436,15436,15436,2,0
2023-01-30 15:12:00,15438,15438,15438,4,4
2023-01-30 15:12:06,15437,15437,15437,2,-2
2023-01-30 15:12:06,15437,15437,15437,2,0
2023-01-30 15:12:06,15436,15436,15436,2,-2
2023-01-30 15:12:06,15437,15437,15437,6,6
2023-01-30 15:12:06,15437,15437,15437,2,0
2023-01-30 15:12:07,15438,15438,15438,2,2
2023-01-30 15:12:07,15439,15439,15439,2,2
2023-01-30 15:12:07,15439,15439,15439,6,0
2023-01-30 15:12:07,15439,15439,15439,2,0
2023-01-30 15:12:07,15440,15440,15440,2,2
2023-01-30 15:12:07,15440,15440,15440,4,0
2023-01-30 15:12:07,15440,15440,15440,2,0
2023-01-30 15:12:07,15440,15440,15440,4,0
2023-01-30 15:12:07,15440,15440,15440,2,0
2023-01-30 15:12:10,15437,15437,15437,2,-2
2023-01-30 15:12:10,15437,15437,15437,2,0
2023-01-30 15:12:10,15437,15437,15437,2,0
2023-01-30 15:12:10,15437,15437,15437,2,0
2023-01-30 15:12:17,15436,15436,15436,2,-2
2023-01-30 15:12:20,15436,15436,15436,2,0
2023-01-30 15:12:24,15435,15435,15435,2,-2
2023-01-30 15:12:24,15435,15435,15435,2,0
2023-01-30 15:12:24,15435,15435,15435,2,0
2023-01-30 15:12:25,15434,15434,15434,2,-2
2023-01-30 15:12:25,15434,15434,15434,2,0
2023-01-30 15:12:25,15434,15434,15434,2,0
2023-01-30 15:12:28,15433,15433,15433,2,-2
2023-01-30 15:12:28,15433,15433,15433,4,0
2023-01-30 15:12:28,15433,15433,15433,2,0
2023-01-30 15:12:28,15433,15433,15433,2,0
2023-01-30 15:12:28,15433,15433,15433,4,0
2023-01-30 15:12:28,15433,15433,15433,2,0
2023-01-30 15:12:28,15433,15433,15433,2,0
2023-01-30 15:12:28,15433,15433,15433,2,0
2023-01-30 15:12:28,15433,15433,15433,4,0
2023-01-30 15:12:28,15433,15433,15433,2,0
2023-01-30 15:12:28,15433,15433,15433,2,0
2023-01-30 15:12:28,15433,15433,15433,2,0
2023-01-30 15:12:29,15432,15432,15432,2,-2
2023-01-30 15:12:29,15432,15432,15432,2,0
2023-01-30 15:12:29,15432,15432,15432,2,0
2023-01-30 15:12:29,15432,15432,15432,2,0
2023-01-30 15:12:29,15432,15432,15432,2,0
2023-01-30 15:12:29,15432,15432,15432,2,0
2023-01-30 15:12:29,15433,15433,15433,2,2
2023-01-30 15:12:31,15434,15434,15434,2,2
2023-01-30 15:12:31,15434,15434,15434,4,0
2023-01-30 15:12:31,15434,15434,15434,2,0
2023-01-30 15:12:32,15434,15434,15434,2,0
2023-01-30 15:12:32,15434,15434,15434,2,0
2023-01-30 15:12:32,15434,15434,15434,2,0
2023-01-30 15:12:32,15434,15434,15434,2,0
2023-01-30 15:12:34,15434,15434,15434,2,0
2023-01-30 15:12:37,15434,15434,15434,2,0
2023-01-30 15:12:37,15434,15434,15434,2,0
2023-01-30 15:12:44,15433,15433,15433,4,-4
2023-01-30 15:12:44,15433,15433,15433,2,0
2023-01-30 15:12:44,15433,15433,15433,4,0
2023-01-30 15:12:45,15432,15432,15432,2,-2
2023-01-30 15:12:45,15432,15432,15432,2,0
2023-01-30 15:12:48,15432,15432,15432,2,0
2023-01-30 15:12:50,15431,15431,15431,4,-4
2023-01-30 15:12:50,15431,15431,15431,2,0
2023-01-30 15:12:50,15431,15431,15431,2,0
2023-01-30 15:12:50,15431,15431,15431,2,0
2023-01-30 15:12:50,15431,15431,15431,8,0
2023-01-30 15:12:50,15431,15431,15431,2,0
2023-01-30 15:12:50,15431,15431,15431,2,0
2023-01-30 15:12:51,15431,15431,15431,2,0
2023-01-30 15:12:51,15432,15432,15432,4,4
2023-01-30 15:12:54,15430,15430,15430,2,-2
2023-01-30 15:12:54,15430,15430,15430,4,0
2023-01-30 15:12:54,15430,15430,15430,2,0
2023-01-30 15:12:55,15430,15430,15430,2,0
2023-01-30 15:12:57,15430,15430,15430,10,0
2023-01-30 15:12:57,15430,15430,15430,2,0
2023-01-30 15:12:57,15430,15430,15430,2,0
2023-01-30 15:12:57,15430,15430,15430,2,0
2023-01-30 15:12:57,15430,15430,15430,2,0
2023-01-30 15:12:57,15430,15430,15430,2,0
2023-01-30 15:12:57,15430,15430,15430,2,0
2023-01-30 15:12:57,15430,15430,15430,2,0
2023-01-30 15:12:57,15430,15430,15430,2,0
2023-01-30 15:12:57,15430,15430,15430,2,0
2023-01-30 15:12:57,15430,15430,15430,2,0
2023-01-30 15:12:57,15430,15430,15430,2,0
2023-01-30 15:12:57,15430,15430,15430,2,0
2023-01-30 15:12:57,15430,15430,15430,2,0
2023-01-30 15:12:57,15430,15430,15430,2,0
2023-01-30 15:12:57,15429,15429,15429,2,-2
2023-01-30 15:12:57,15429,15429,15429,2,0
2023-01-30 15:12:57,15429,15429,15429,2,0
2023-01-30 15:12:58,15429,15429,15429,2,0
2023-01-30 15:13:00,15428,15428,15428,2,-2
2023-01-30 15:13:00,15428,15428,15428,2,0
2023-01-30 15:13:00,15428,15428,15428,2,0
2023-01-30 15:13:00,15428,15428,15428,2,0
2023-01-30 15:13:00,15428,15428,15428,2,0
2023-01-30 15:13:00,15427,15427,15427,2,-2
2023-01-30 15:13:00,15427,15427,15427,2,0
2023-01-30 15:13:00,15427,15427,15427,2,0
2023-01-30 15:13:00,15427,15427,15427,2,0
2023-01-30 15:13:00,15427,15427,15427,2,0
2023-01-30 15:13:00,15426,15426,15426,2,-2
2023-01-30 15:13:00,15428,15428,15428,6,6
2023-01-30 15:13:00,15427,15427,15427,2,-2
2023-01-30 15:13:00,15427,15427,15427,2,0
2023-01-30 15:13:00,15427,15427,15427,2,0
2023-01-30 15:13:00,15427,15427,15427,2,0
2023-01-30 15:13:00,15427,15427,15427,2,0
2023-01-30 15:13:00,15426,15426,15426,8,-8
2023-01-30 15:13:00,15426,15426,15426,2,0
2023-01-30 15:13:00,15426,15426,15426,2,0
2023-01-30 15:13:00,15426,15426,15426,2,0
2023-01-30 15:13:00,15426,15426,15426,2,0
2023-01-30 15:13:00,15426,15426,15426,4,0
2023-01-30 15:13:00,15426,15426,15426,2,0
2023-01-30 15:13:00,15426,15426,15426,2,0
2023-01-30 15:13:00,15426,15426,15426,2,0
2023-01-30 15:13:01,15427,15427,15427,2,2
2023-01-30 15:13:01,15427,15427,15427,2,0
2023-01-30 15:13:02,15428,15428,15428,8,8
2023-01-30 15:13:02,15428,15428,15428,2,0
2023-01-30 15:13:02,15429,15429,15429,8,8
2023-01-30 15:13:04,15429,15429,15429,2,0
2023-01-30 15:13:04,15429,15429,15429,2,0
2023-01-30 15:13:04,15428,15428,15428,2,-2
2023-01-30 15:13:04,15428,15428,15428,2,0
2023-01-30 15:13:04,15428,15428,15428,2,0
2023-01-30 15:13:04,15428,15428,15428,2,0
2023-01-30 15:13:04,15428,15428,15428,2,0
2023-01-30 15:13:04,15428,15428,15428,2,0
2023-01-30 15:13:06,15428,15428,15428,2,0
2023-01-30 15:13:07,15428,15428,15428,2,0
2023-01-30 15:13:10,15429,15429,15429,2,2
2023-01-30 15:13:14,15428,15428,15428,2,-2
2023-01-30 15:13:14,15429,15429,15429,2,2
2023-01-30 15:13:18,15428,15428,15428,18,-18
2023-01-30 15:13:18,15428,15428,15428,2,0
2023-01-30 15:13:18,15428,15428,15428,2,0
2023-01-30 15:13:18,15428,15428,15428,2,0
2023-01-30 15:13:18,15428,15428,15428,2,0
2023-01-30 15:13:18,15428,15428,15428,2,0
2023-01-30 15:13:18,15427,15427,15427,2,-2
2023-01-30 15:13:18,15427,15427,15427,2,0
2023-01-30 15:13:18,15427,15427,15427,4,0
2023-01-30 15:13:18,15427,15427,15427,2,0
2023-01-30 15:13:18,15427,15427,15427,2,0
2023-01-30 15:13:18,15427,15427,15427,2,0
2023-01-30 15:13:19,15426,15426,15426,2,-2
2023-01-30 15:13:20,15425,15425,15425,2,-2
2023-01-30 15:13:20,15425,15425,15425,2,0
2023-01-30 15:13:20,15425,15425,15425,2,0
2023-01-30 15:13:20,15425,15425,15425,2,0
2023-01-30 15:13:20,15425,15425,15425,2,0
2023-01-30 15:13:20,15425,15425,15425,2,0
2023-01-30 15:13:20,15425,15425,15425,2,0
2023-01-30 15:13:20,15425,15425,15425,2,0
2023-01-30 15:13:20,15426,15426,15426,2,2
2023-01-30 15:13:20,15425,15425,15425,2,-2
2023-01-30 15:13:20,15425,15425,15425,2,0
2023-01-30 15:13:20,15425,15425,15425,4,0
2023-01-30 15:13:20,15425,15425,15425,2,0
2023-01-30 15:13:20,15424,15424,15424,2,-2
2023-01-30 15:13:21,15426,15426,15426,2,2
2023-01-30 15:13:22,15425,15425,15425,2,-2
2023-01-30 15:13:23,15425,15425,15425,2,0
2023-01-30 15:13:23,15425,15425,15425,2,0
2023-01-30 15:13:23,15424,15424,15424,4,-4
2023-01-30 15:13:25,15425,15425,15425,2,2
2023-01-30 15:13:25,15424,15424,15424,2,-2
2023-01-30 15:13:25,15424,15424,15424,2,0
2023-01-30 15:13:25,15424,15424,15424,2,0
2023-01-30 15:13:25,15425,15425,15425,2,2
2023-01-30 15:13:25,15424,15424,15424,4,-4
2023-01-30 15:13:26,15425,15425,15425,10,10
2023-01-30 15:13:28,15425,15425,15425,2,0
2023-01-30 15:13:30,15425,15425,15425,2,0
2023-01-30 15:13:30,15425,15425,15425,2,0
2023-01-30 15:13:30,15426,15426,15426,50,50
2023-01-30 15:13:30,15426,15426,15426,2,0
2023-01-30 15:13:30,15426,15426,15426,4,0
2023-01-30 15:13:30,15426,15426,15426,2,0
2023-01-30 15:13:30,15426,15426,15426,2,0
2023-01-30 15:13:31,15425,15425,15425,2,-2
2023-01-30 15:13:31,15425,15425,15425,6,0
2023-01-30 15:13:31,15425,15425,15425,2,0
2023-01-30 15:13:33,15426,15426,15426,2,2
2023-01-30 15:13:35,15426,15426,15426,2,0
2023-01-30 15:13:35,15426,15426,15426,2,0
2023-01-30 15:13:36,15426,15426,15426,2,0
2023-01-30 15:13:36,15426,15426,15426,2,0
2023-01-30 15:13:36,15425,15425,15425,2,-2
2023-01-30 15:13:38,15426,15426,15426,2,2
2023-01-30 15:13:38,15425,15425,15425,2,-2
2023-01-30 15:13:40,15425,15425,15425,6,0
2023-01-30 15:13:41,15426,15426,15426,4,4
2023-01-30 15:13:42,15425,15425,15425,2,-2
2023-01-30 15:13:42,15425,15425,15425,2,0
2023-01-30 15:13:42,15425,15425,15425,2,0
2023-01-30 15:13:42,15425,15425,15425,2,0
2023-01-30 15:13:44,15425,15425,15425,4,0
2023-01-30 15:13:47,15426,15426,15426,2,2
2023-01-30 15:13:47,15425,15425,15425,2,-2
2023-01-30 15:13:48,15424,15424,15424,2,-2
2023-01-30 15:13:48,15424,15424,15424,2,0
2023-01-30 15:13:48,15424,15424,15424,2,0
2023-01-30 15:13:48,15424,15424,15424,4,0
2023-01-30 15:13:48,15424,15424,15424,2,0
2023-01-30 15:13:52,15425,15425,15425,2,2
2023-01-30 15:13:52,15424,15424,15424,2,-2
2023-01-30 15:13:52,15424,15424,15424,4,0
2023-01-30 15:13:52,15424,15424,15424,2,0
2023-01-30 15:13:52,15424,15424,15424,2,0
2023-01-30 15:13:54,15424,15424,15424,2,0
2023-01-30 15:13:55,15424,15424,15424,2,0
2023-01-30 15:13:58,15425,15425,15425,4,4
2023-01-30 15:13:58,15425,15425,15425,16,0
2023-01-30 15:14:03,15426,15426,15426,2,2
2023-01-30 15:14:03,15426,15426,15426,2,0
2023-01-30 15:14:03,15426,15426,15426,2,0
2023-01-30 15:14:03,15425,15425,15425,2,-2
2023-01-30 15:14:03,15425,15425,15425,2,0
2023-01-30 15:14:03,15425,15425,15425,2,0
2023-01-30 15:14:04,15425,15425,15425,2,0
2023-01-30 15:14:04,15425,15425,15425,2,0
2023-01-30 15:14:04,15425,15425,15425,2,0
2023-01-30 15:14:04,15425,15425,15425,2,0
2023-01-30 15:14:04,15425,15425,15425,2,0
2023-01-30 15:14:06,15424,15424,15424,2,-2
2023-01-30 15:14:06,15424,15424,15424,4,0
2023-01-30 15:14:06,15424,15424,15424,6,0
2023-01-30 15:14:06,15424,15424,15424,2,0
2023-01-30 15:14:06,15424,15424,15424,4,0
2023-01-30 15:14:06,15424,15424,15424,2,0
2023-01-30 15:14:06,15423,15423,15423,2,-2
2023-01-30 15:14:06,15423,15423,15423,2,0
2023-01-30 15:14:06,15423,15423,15423,2,0
2023-01-30 15:14:06,15423,15423,15423,2,0
2023-01-30 15:14:06,15423,15423,15423,2,0
2023-01-30 15:14:06,15424,15424,15424,2,2
2023-01-30 15:14:06,15424,15424,15424,2,0
2023-01-30 15:14:08,15425,15425,15425,10,10
2023-01-30 15:14:09,15424,15424,15424,2,-2
2023-01-30 15:14:14,15424,15424,15424,10,0
2023-01-30 15:14:15,15423,15423,15423,2,-2
2023-01-30 15:14:15,15423,15423,15423,4,0
2023-01-30 15:14:15,15423,15423,15423,4,0
2023-01-30 15:14:15,15423,15423,15423,2,0
2023-01-30 15:14:20,15422,15422,15422,2,-2
2023-01-30 15:14:20,15422,15422,15422,2,0
2023-01-30 15:14:20,15422,15422,15422,4,0
2023-01-30 15:14:21,15422,15422,15422,2,0
2023-01-30 15:14:25,15422,15422,15422,4,0
2023-01-30 15:14:26,15422,15422,15422,2,0
2023-01-30 15:14:28,15422,15422,15422,4,0
2023-01-30 15:14:28,15422,15422,15422,2,0
2023-01-30 15:14:28,15422,15422,15422,4,0
2023-01-30 15:14:28,15422,15422,15422,2,0
2023-01-30 15:14:28,15421,15421,15421,2,-2
2023-01-30 15:14:28,15421,15421,15421,2,0
2023-01-30 15:14:28,15421,15421,15421,2,0
2023-01-30 15:14:28,15421,15421,15421,2,0
2023-01-30 15:14:28,15421,15421,15421,2,0
2023-01-30 15:14:28,15421,15421,15421,4,0
2023-01-30 15:14:28,15421,15421,15421,2,0
2023-01-30 15:14:28,15421,15421,15421,6,0
2023-01-30 15:14:28,15421,15421,15421,2,0
2023-01-30 15:14:28,15421,15421,15421,4,0
2023-01-30 15:14:28,15421,15421,15421,2,0
2023-01-30 15:14:28,15421,15421,15421,2,0
2023-01-30 15:14:28,15421,15421,15421,2,0
2023-01-30 15:14:28,15421,15421,15421,2,0
2023-01-30 15:14:28,15421,15421,15421,2,0
2023-01-30 15:14:28,15421,15421,15421,8,0
2023-01-30 15:14:28,15421,15421,15421,2,0
2023-01-30 15:14:28,15422,15422,15422,6,6
2023-01-30 15:14:29,15422,15422,15422,2,0
2023-01-30 15:14:29,15423,15423,15423,4,4
2023-01-30 15:14:32,15421,15421,15421,4,-4
2023-01-30 15:14:32,15421,15421,15421,2,0
2023-01-30 15:14:32,15421,15421,15421,2,0
2023-01-30 15:14:32,15421,15421,15421,2,0
2023-01-30 15:14:32,15421,15421,15421,2,0
2023-01-30 15:14:32,15421,15421,15421,2,0
2023-01-30 15:14:33,15422,15422,15422,2,2
2023-01-30 15:14:34,15422,15422,15422,2,0
2023-01-30 15:14:34,15422,15422,15422,2,0
2023-01-30 15:14:34,15422,15422,15422,2,0
2023-01-30 15:14:35,15422,15422,15422,2,0
2023-01-30 15:14:35,15421,15421,15421,2,-2
2023-01-30 15:14:35,15421,15421,15421,2,0
2023-01-30 15:14:36,15421,15421,15421,2,0
2023-01-30 15:14:36,15421,15421,15421,2,0
2023-01-30 15:14:36,15421,15421,15421,2,0
2023-01-30 15:14:36,15421,15421,15421,6,0
2023-01-30 15:14:37,15421,15421,15421,2,0
2023-01-30 15:14:37,15421,15421,15421,2,0
2023-01-30 15:14:38,15421,15421,15421,96,0
2023-01-30 15:14:38,15421,15421,15421,2,0
2023-01-30 15:14:38,15421,15421,15421,2,0
2023-01-30 15:14:40,15420,15420,15420,2,-2
2023-01-30 15:14:40,15420,15420,15420,2,0
2023-01-30 15:14:40,15420,15420,15420,2,0
2023-01-30 15:14:42,15420,15420,15420,2,0
2023-01-30 15:14:42,15421,15421,15421,4,4
2023-01-30 15:14:42,15421,15421,15421,2,0
2023-01-30 15:14:43,15420,15420,15420,6,-6
2023-01-30 15:14:43,15420,15420,15420,10,0
2023-01-30 15:14:46,15420,15420,15420,2,0
2023-01-30 15:14:46,15421,15421,15421,2,2
2023-01-30 15:14:46,15421,15421,15421,4,0
2023-01-30 15:14:46,15421,15421,15421,2,0
2023-01-30 15:14:46,15421,15421,15421,10,0
2023-01-30 15:14:47,15421,15421,15421,2,0
2023-01-30 15:14:47,15422,15422,15422,10,10
2023-01-30 15:14:47,15420,15420,15420,4,-4
2023-01-30 15:14:47,15420,15420,15420,2,0
2023-01-30 15:14:47,15420,15420,15420,2,0
2023-01-30 15:14:47,15420,15420,15420,2,0
2023-01-30 15:14:50,15421,15421,15421,2,2
2023-01-30 15:14:50,15421,15421,15421,2,0
2023-01-30 15:14:51,15420,15420,15420,2,-2
2023-01-30 15:14:52,15421,15421,15421,4,4
2023-01-30 15:14:52,15421,15421,15421,6,0
2023-01-30 15:14:53,15422,15422,15422,12,12
2023-01-30 15:14:56,15421,15421,15421,2,-2
2023-01-30 15:14:59,15421,15421,15421,2,0
2023-01-30 15:15:02,15422,15422,15422,2,2
2023-01-30 15:15:02,15423,15423,15423,2,2
2023-01-30 15:15:02,15422,15422,15422,2,-2
2023-01-30 15:15:02,15422,15422,15422,2,0
2023-01-30 15:15:02,15422,15422,15422,2,0
2023-01-30 15:15:02,15422,15422,15422,2,0
2023-01-30 15:15:02,15421,15421,15421,2,-2
2023-01-30 15:15:02,15421,15421,15421,2,0
2023-01-30 15:15:02,15421,15421,15421,2,0
2023-01-30 15:15:02,15421,15421,15421,2,0
2023-01-30 15:15:02,15421,15421,15421,2,0
2023-01-30 15:15:02,15421,15421,15421,2,0
2023-01-30 15:15:02,15421,15421,15421,2,0
2023-01-30 15:15:02,15423,15423,15423,8,8
2023-01-30 15:15:03,15421,15421,15421,2,-2
2023-01-30 15:15:03,15423,15423,15423,4,4
2023-01-30 15:15:10,15424,15424,15424,2,2
2023-01-30 15:15:10,15424,15424,15424,4,0
2023-01-30 15:15:10,15424,15424,15424,2,0
2023-01-30 15:15:10,15424,15424,15424,2,0
2023-01-30 15:15:10,15424,15424,15424,14,0
2023-01-30 15:15:11,15425,15425,15425,4,4
2023-01-30 15:15:13,15425,15425,15425,2,0
2023-01-30 15:15:15,15425,15425,15425,4,0
2023-01-30 15:15:18,15424,15424,15424,2,-2
2023-01-30 15:15:21,15424,15424,15424,2,0
2023-01-30 15:15:22,15424,15424,15424,2,0
2023-01-30 15:15:22,15425,15425,15425,2,2
2023-01-30 15:15:23,15423,15423,15423,2,-2
2023-01-30 15:15:24,15423,15423,15423,2,0
2023-01-30 15:15:28,15423,15423,15423,2,0
2023-01-30 15:15:30,15424,15424,15424,2,2
2023-01-30 15:15:33,15423,15423,15423,2,-2
2023-01-30 15:15:34,15424,15424,15424,2,2
2023-01-30 15:15:35,15424,15424,15424,2,0
2023-01-30 15:15:35,15424,15424,15424,2,0
2023-01-30 15:15:40,15424,15424,15424,10,0
2023-01-30 15:15:40,15424,15424,15424,2,0
2023-01-30 15:15:40,15424,15424,15424,2,0
2023-01-30 15:15:43,15424,15424,15424,2,0
2023-01-30 15:15:43,15424,15424,15424,2,0
2023-01-30 15:15:43,15424,15424,15424,2,0
2023-01-30 15:15:44,15424,15424,15424,2,0
2023-01-30 15:15:45,15423,15423,15423,2,-2
2023-01-30 15:15:48,15424,15424,15424,6,6
2023-01-30 15:15:51,15424,15424,15424,6,0
2023-01-30 15:15:52,15425,15425,15425,2,2
2023-01-30 15:15:55,15424,15424,15424,2,-2
2023-01-30 15:16:01,15425,15425,15425,2,2
2023-01-30 15:16:01,15425,15425,15425,2,0
2023-01-30 15:16:01,15425,15425,15425,2,0
2023-01-30 15:16:01,15425,15425,15425,2,0
2023-01-30 15:16:01,15425,15425,15425,4,0
2023-01-30 15:16:01,15425,15425,15425,10,0
2023-01-30 15:16:01,15425,15425,15425,6,0
2023-01-30 15:16:01,15425,15425,15425,30,0
2023-01-30 15:16:01,15426,15426,15426,2,2
2023-01-30 15:16:10,15426,15426,15426,2,0
2023-01-30 15:16:11,15426,15426,15426,2,0
2023-01-30 15:16:11,15426,15426,15426,2,0
2023-01-30 15:16:12,15426,15426,15426,2,0
2023-01-30 15:16:14,15425,15425,15425,2,-2
2023-01-30 15:16:14,15425,15425,15425,2,0
2023-01-30 15:16:14,15425,15425,15425,2,0
2023-01-30 15:16:14,15425,15425,15425,2,0
2023-01-30 15:16:14,15425,15425,15425,20,0
2023-01-30 15:16:14,15425,15425,15425,2,0
2023-01-30 15:16:14,15425,15425,15425,2,0
2023-01-30 15:16:14,15425,15425,15425,2,0
2023-01-30 15:16:15,15425,15425,15425,2,0
2023-01-30 15:16:17,15425,15425,15425,2,0
2023-01-30 15:16:24,15425,15425,15425,2,0
2023-01-30 15:16:25,15424,15424,15424,4,-4
2023-01-30 15:16:26,15425,15425,15425,2,2
2023-01-30 15:16:34,15425,15425,15425,2,0
2023-01-30 15:16:38,15426,15426,15426,2,2
2023-01-30 15:16:39,15426,15426,15426,2,0
2023-01-30 15:16:45,15426,15426,15426,2,0
2023-01-30 15:16:47,15426,15426,15426,2,0
2023-01-30 15:16:47,15426,15426,15426,2,0
2023-01-30 15:16:47,15426,15426,15426,2,0
2023-01-30 15:16:50,15427,15427,15427,6,6
2023-01-30 15:16:51,15427,15427,15427,2,0
2023-01-30 15:16:52,15428,15428,15428,2,2
2023-01-30 15:16:52,15426,15426,15426,2,-2
2023-01-30 15:16:53,15428,15428,15428,2,2
2023-01-30 15:16:55,15429,15429,15429,2,2
2023-01-30 15:16:55,15429,15429,15429,2,0
2023-01-30 15:16:58,15428,15428,15428,4,-4
2023-01-30 15:17:00,15428,15428,15428,8,0
2023-01-30 15:17:04,15428,15428,15428,2,0
2023-01-30 15:17:05,15427,15427,15427,2,-2
2023-01-30 15:17:08,15427,15427,15427,2,0
2023-01-30 15:17:13,15429,15429,15429,4,4
2023-01-30 15:17:16,15428,15428,15428,6,-6
2023-01-30 15:17:16,15428,15428,15428,2,0
2023-01-30 15:17:16,15428,15428,15428,2,0
2023-01-30 15:17:16,15428,15428,15428,2,0
2023-01-30 15:17:16,15428,15428,15428,2,0
2023-01-30 15:17:16,15428,15428,15428,2,0
2023-01-30 15:17:16,15428,15428,15428,4,0
2023-01-30 15:17:18,15429,15429,15429,4,4
2023-01-30 15:17:20,15429,15429,15429,2,0
2023-01-30 15:17:20,15429,15429,15429,2,0
2023-01-30 15:17:21,15430,15430,15430,2,2
2023-01-30 15:17:23,15429,15429,15429,4,-4
2023-01-30 15:17:23,15429,15429,15429,2,0
2023-01-30 15:17:23,15429,15429,15429,2,0
2023-01-30 15:17:23,15428,15428,15428,2,-2
2023-01-30 15:17:23,15428,15428,15428,2,0
2023-01-30 15:17:23,15428,15428,15428,2,0
2023-01-30 15:17:23,15428,15428,15428,2,0
2023-01-30 15:17:23,15428,15428,15428,2,0
2023-01-30 15:17:23,15428,15428,15428,2,0
2023-01-30 15:17:24,15430,15430,15430,2,2
2023-01-30 15:17:28,15430,15430,15430,2,0
2023-01-30 15:17:29,15429,15429,15429,2,-2
2023-01-30 15:17:29,15430,15430,15430,2,2
2023-01-30 15:17:31,15430,15430,15430,2,0
2023-01-30 15:17:36,15430,15430,15430,2,0
2023-01-30 15:17:46,15429,15429,15429,2,-2
2023-01-30 15:17:46,15429,15429,15429,2,0
2023-01-30 15:17:51,15430,15430,15430,2,2
2023-01-30 15:17:54,15429,15429,15429,4,-4
2023-01-30 15:17:57,15430,15430,15430,2,2
2023-01-30 15:17:57,15429,15429,15429,2,-2
2023-01-30 15:17:57,15429,15429,15429,2,0
2023-01-30 15:17:57,15429,15429,15429,4,0
2023-01-30 15:17:57,15429,15429,15429,2,0
2023-01-30 15:17:57,15429,15429,15429,8,0
2023-01-30 15:17:57,15429,15429,15429,2,0
2023-01-30 15:17:57,15429,15429,15429,2,0
2023-01-30 15:17:57,15429,15429,15429,4,0
2023-01-30 15:17:57,15428,15428,15428,6,-6
2023-01-30 15:17:57,15428,15428,15428,2,0
2023-01-30 15:17:57,15428,15428,15428,2,0
2023-01-30 15:17:59,15427,15427,15427,4,-4
2023-01-30 15:18:09,15428,15428,15428,2,2
2023-01-30 15:18:09,15428,15428,15428,2,0
2023-01-30 15:18:09,15428,15428,15428,2,0
2023-01-30 15:18:09,15428,15428,15428,2,0
2023-01-30 15:18:09,15428,15428,15428,2,0
2023-01-30 15:18:09,15428,15428,15428,2,0
2023-01-30 15:18:09,15428,15428,15428,2,0
2023-01-30 15:18:09,15428,15428,15428,2,0
2023-01-30 15:18:09,15428,15428,15428,2,0
2023-01-30 15:18:09,15428,15428,15428,4,0
2023-01-30 15:18:13,15427,15427,15427,2,-2
2023-01-30 15:18:13,15427,15427,15427,2,0
2023-01-30 15:18:22,15430,15430,15430,20,20
2023-01-30 15:18:22,15430,15430,15430,10,0
2023-01-30 15:18:27,15429,15429,15429,2,-2
2023-01-30 15:18:28,15431,15431,15431,2,2
2023-01-30 15:18:36,15430,15430,15430,2,-2
2023-01-30 15:18:45,15430,15430,15430,4,0
2023-01-30 15:18:51,15430,15430,15430,4,0
2023-01-30 15:18:55,15429,15429,15429,2,-2
2023-01-30 15:18:55,15429,15429,15429,2,0
2023-01-30 15:18:56,15431,15431,15431,2,2
2023-01-30 15:18:59,15430,15430,15430,2,-2
2023-01-30 15:19:00,15431,15431,15431,6,6
2023-01-30 15:19:00,15430,15430,15430,2,-2
2023-01-30 15:19:00,15430,15430,15430,2,0
2023-01-30 15:19:00,15430,15430,15430,2,0
2023-01-30 15:19:05,15431,15431,15431,2,2
2023-01-30 15:19:05,15431,15431,15431,8,0
2023-01-30 15:19:11,15431,15431,15431,2,0
2023-01-30 15:19:19,15432,15432,15432,4,4
2023-01-30 15:19:21,15432,15432,15432,2,0
2023-01-30 15:19:24,15432,15432,15432,14,0
2023-01-30 15:19:28,15433,15433,15433,2,2
2023-01-30 15:19:31,15432,15432,15432,2,-2
2023-01-30 15:19:31,15432,15432,15432,2,0
2023-01-30 15:19:31,15432,15432,15432,8,0
2023-01-30 15:19:33,15432,15432,15432,2,0
2023-01-30 15:19:33,15432,15432,15432,2,0
2023-01-30 15:19:37,15433,15433,15433,10,10
2023-01-30 15:19:40,15433,15433,15433,2,0
2023-01-30 15:19:40,15433,15433,15433,6,0
2023-01-30 15:19:40,15433,15433,15433,2,0
2023-01-30 15:19:46,15433,15433,15433,10,0
2023-01-30 15:19:47,15433,15433,15433,2,0
2023-01-30 15:19:52,15434,15434,15434,2,2
2023-01-30 15:19:52,15434,15434,15434,2,0
2023-01-30 15:19:54,15434,15434,15434,4,0
2023-01-30 15:19:57,15434,15434,15434,2,0
2023-01-30 15:19:58,15433,15433,15433,2,-2
2023-01-30 15:20:00,15433,15433,15433,6,0
2023-01-30 15:20:00,15433,15433,15433,6,0
2023-01-30 15:20:00,15433,15433,15433,2,0
2023-01-30 15:20:00,15433,15433,15433,2,0
2023-01-30 15:20:00,15432,15432,15432,2,-2
2023-01-30 15:20:03,15432,15432,15432,4,0
2023-01-30 15:20:03,15432,15432,15432,2,0
2023-01-30 15:20:03,15432,15432,15432,2,0
2023-01-30 15:20:03,15432,15432,15432,2,0
2023-01-30 15:20:05,15432,15432,15432,6,0
2023-01-30 15:20:10,15432,15432,15432,2,0
2023-01-30 15:20:13,15433,15433,15433,2,2
2023-01-30 15:20:14,15433,15433,15433,8,0
2023-01-30 15:20:14,15433,15433,15433,2,0
2023-01-30 15:20:14,15433,15433,15433,2,0
2023-01-30 15:20:15,15434,15434,15434,2,2
2023-01-30 15:20:16,15435,15435,15435,16,16
2023-01-30 15:20:16,15435,15435,15435,26,0
2023-01-30 15:20:16,15435,15435,15435,2,0
2023-01-30 15:20:17,15435,15435,15435,2,0
2023-01-30 15:20:18,15435,15435,15435,2,0
2023-01-30 15:20:18,15435,15435,15435,2,0
2023-01-30 15:20:18,15435,15435,15435,2,0
2023-01-30 15:20:18,15435,15435,15435,2,0
2023-01-30 15:20:18,15434,15434,15434,2,-2
2023-01-30 15:20:18,15434,15434,15434,2,0
2023-01-30 15:20:18,15434,15434,15434,2,0
2023-01-30 15:20:18,15434,15434,15434,2,0
2023-01-30 15:20:18,15434,15434,15434,4,0
2023-01-30 15:20:19,15434,15434,15434,2,0
2023-01-30 15:20:22,15433,15433,15433,2,-2
2023-01-30 15:20:38,15434,15434,15434,2,2
2023-01-30 15:20:42,15433,15433,15433,2,-2
2023-01-30 15:20:44,15433,15433,15433,2,0
2023-01-30 15:20:45,15433,15433,15433,2,0
2023-01-30 15:20:46,15432,15432,15432,2,-2
2023-01-30 15:20:46,15432,15432,15432,2,0
2023-01-30 15:20:50,15432,15432,15432,2,0
2023-01-30 15:21:04,15432,15432,15432,4,0
2023-01-30 15:21:06,15432,15432,15432,20,0
2023-01-30 15:21:07,15431,15431,15431,2,-2
2023-01-30 15:21:07,15431,15431,15431,2,0
2023-01-30 15:21:07,15431,15431,15431,14,0
2023-01-30 15:21:07,15431,15431,15431,2,0
2023-01-30 15:21:07,15431,15431,15431,2,0
2023-01-30 15:21:08,15431,15431,15431,2,0
2023-01-30 15:21:11,15430,15430,15430,2,-2
2023-01-30 15:21:11,15430,15430,15430,4,0
2023-01-30 15:21:11,15430,15430,15430,10,0
2023-01-30 15:21:11,15430,15430,15430,2,0
2023-01-30 15:21:11,15430,15430,15430,6,0
2023-01-30 15:21:11,15430,15430,15430,2,0
2023-01-30 15:21:11,15429,15429,15429,2,-2
2023-01-30 15:21:11,15429,15429,15429,2,0
2023-01-30 15:21:11,15429,15429,15429,2,0
2023-01-30 15:21:13,15429,15429,15429,16,0
2023-01-30 15:21:13,15430,15430,15430,4,4
2023-01-30 15:21:20,15430,15430,15430,20,0
2023-01-30 15:21:25,15430,15430,15430,2,0
2023-01-30 15:21:27,15431,15431,15431,2,2
2023-01-30 15:21:30,15431,15431,15431,2,0
2023-01-30 15:21:37,15431,15431,15431,2,0
2023-01-30 15:21:38,15431,15431,15431,2,0
2023-01-30 15:21:38,15431,15431,15431,2,0
2023-01-30 15:21:40,15431,15431,15431,2,0
2023-01-30 15:21:40,15431,15431,15431,2,0
2023-01-30 15:21:41,15431,15431,15431,2,0
2023-01-30 15:21:51,15431,15431,15431,4,0
2023-01-30 15:21:51,15431,15431,15431,2,0
2023-01-30 15:21:58,15430,15430,15430,2,-2
2023-01-30 15:21:58,15430,15430,15430,2,0
2023-01-30 15:22:00,15430,15430,15430,2,0
2023-01-30 15:22:00,15430,15430,15430,2,0
2023-01-30 15:22:00,15430,15430,15430,2,0
2023-01-30 15:22:00,15430,15430,15430,2,0
2023-01-30 15:22:01,15429,15429,15429,2,-2
2023-01-30 15:22:01,15429,15429,15429,6,0
2023-01-30 15:22:01,15429,15429,15429,4,0
2023-01-30 15:22:01,15429,15429,15429,4,0
2023-01-30 15:22:01,15429,15429,15429,2,0
2023-01-30 15:22:01,15429,15429,15429,2,0
2023-01-30 15:22:01,15429,15429,15429,4,0
2023-01-30 15:22:01,15429,15429,15429,2,0
2023-01-30 15:22:01,15429,15429,15429,2,0
2023-01-30 15:22:01,15429,15429,15429,2,0
2023-01-30 15:22:01,15429,15429,15429,2,0
2023-01-30 15:22:01,15429,15429,15429,2,0
2023-01-30 15:22:01,15428,15428,15428,2,-2
2023-01-30 15:22:01,15428,15428,15428,2,0
2023-01-30 15:22:01,15428,15428,15428,2,0
2023-01-30 15:22:06,15430,15430,15430,6,6
2023-01-30 15:22:10,15428,15428,15428,2,-2
2023-01-30 15:22:10,15428,15428,15428,2,0
2023-01-30 15:22:10,15428,15428,15428,4,0
2023-01-30 15:22:10,15428,15428,15428,2,0
2023-01-30 15:22:10,15428,15428,15428,2,0
2023-01-30 15:22:10,15428,15428,15428,2,0
2023-01-30 15:22:10,15428,15428,15428,2,0
2023-01-30 15:22:10,15428,15428,15428,2,0
2023-01-30 15:22:10,15428,15428,15428,2,0
2023-01-30 15:22:10,15428,15428,15428,2,0
2023-01-30 15:22:12,15427,15427,15427,6,-6
2023-01-30 15:22:14,15426,15426,15426,2,-2
2023-01-30 15:22:15,15426,15426,15426,2,0
2023-01-30 15:22:15,15426,15426,15426,2,0
2023-01-30 15:22:17,15427,15427,15427,2,2
2023-01-30 15:22:17,15426,15426,15426,2,-2
2023-01-30 15:22:18,15427,15427,15427,4,4
2023-01-30 15:22:18,15427,15427,15427,4,0
2023-01-30 15:22:19,15427,15427,15427,4,0
2023-01-30 15:22:19,15427,15427,15427,2,0
2023-01-30 15:22:19,15426,15426,15426,2,-2
2023-01-30 15:22:19,15426,15426,15426,2,0
2023-01-30 15:22:19,15426,15426,15426,2,0
2023-01-30 15:22:19,15426,15426,15426,2,0
2023-01-30 15:22:19,15426,15426,15426,4,0
2023-01-30 15:22:19,15426,15426,15426,2,0
2023-01-30 15:22:19,15426,15426,15426,4,0
2023-01-30 15:22:19,15426,15426,15426,2,0
2023-01-30 15:22:19,15426,15426,15426,6,0
2023-01-30 15:22:19,15426,15426,15426,4,0
2023-01-30 15:22:19,15426,15426,15426,4,0
2023-01-30 15:22:20,15426,15426,15426,2,0
2023-01-30 15:22:22,15426,15426,15426,2,0
2023-01-30 15:22:22,15426,15426,15426,4,0
2023-01-30 15:22:22,15426,15426,15426,4,0
2023-01-30 15:22:22,15426,15426,15426,2,0
2023-01-30 15:22:23,15427,15427,15427,4,4
2023-01-30 15:22:24,15426,15426,15426,2,-2
2023-01-30 15:22:27,15425,15425,15425,2,-2
2023-01-30 15:22:27,15425,15425,15425,2,0
2023-01-30 15:22:30,15425,15425,15425,2,0
2023-01-30 15:22:30,15425,15425,15425,2,0
2023-01-30 15:22:30,15425,15425,15425,2,0
2023-01-30 15:22:30,15425,15425,15425,4,0
2023-01-30 15:22:30,15426,15426,15426,4,4
2023-01-30 15:22:30,15425,15425,15425,2,-2
2023-01-30 15:22:32,15425,15425,15425,2,0
2023-01-30 15:22:40,15425,15425,15425,2,0
2023-01-30 15:22:40,15425,15425,15425,2,0
2023-01-30 15:22:48,15425,15425,15425,2,0
2023-01-30 15:22:51,15425,15425,15425,2,0
2023-01-30 15:22:51,15425,15425,15425,2,0
2023-01-30 15:22:51,15425,15425,15425,2,0
2023-01-30 15:22:51,15424,15424,15424,2,-2
2023-01-30 15:22:56,15424,15424,15424,2,0
2023-01-30 15:22:56,15424,15424,15424,2,0
2023-01-30 15:22:57,15425,15425,15425,10,10
2023-01-30 15:23:01,15424,15424,15424,2,-2
2023-01-30 15:23:03,15425,15425,15425,2,2
2023-01-30 15:23:04,15426,15426,15426,2,2
2023-01-30 15:23:05,15425,15425,15425,2,-2
2023-01-30 15:23:05,15425,15425,15425,4,0
2023-01-30 15:23:06,15425,15425,15425,2,0
2023-01-30 15:23:07,15426,15426,15426,2,2
2023-01-30 15:23:09,15425,15425,15425,2,-2
2023-01-30 15:23:10,15425,15425,15425,2,0
2023-01-30 15:23:10,15425,15425,15425,2,0
2023-01-30 15:23:11,15425,15425,15425,2,0
2023-01-30 15:23:12,15424,15424,15424,2,-2
2023-01-30 15:23:12,15425,15425,15425,10,10
2023-01-30 15:23:33,15425,15425,15425,2,0
2023-01-30 15:23:34,15425,15425,15425,2,0
2023-01-30 15:23:34,15426,15426,15426,18,18
2023-01-30 15:23:34,15425,15425,15425,2,-2
2023-01-30 15:23:36,15425,15425,15425,2,0
2023-01-30 15:23:36,15425,15425,15425,2,0
2023-01-30 15:23:36,15424,15424,15424,2,-2
2023-01-30 15:23:39,15426,15426,15426,4,4
2023-01-30 15:23:49,15426,15426,15426,2,0
2023-01-30 15:23:53,15426,15426,15426,2,0
2023-01-30 15:23:53,15426,15426,15426,10,0
2023-01-30 15:23:54,15426,15426,15426,4,0
2023-01-30 15:23:59,15426,15426,15426,2,0
2023-01-30 15:24:00,15426,15426,15426,2,0
2023-01-30 15:24:03,15427,15427,15427,2,2
2023-01-30 15:24:06,15427,15427,15427,2,0
2023-01-30 15:24:15,15427,15427,15427,6,0
2023-01-30 15:24:16,15428,15428,15428,8,8
2023-01-30 15:24:16,15427,15427,15427,2,-2
2023-01-30 15:24:17,15428,15428,15428,2,2
2023-01-30 15:24:17,15428,15428,15428,2,0
2023-01-30 15:24:20,15427,15427,15427,2,-2
2023-01-30 15:24:24,15426,15426,15426,2,-2
2023-01-30 15:24:34,15427,15427,15427,2,2
2023-01-30 15:24:45,15428,15428,15428,2,2
2023-01-30 15:24:48,15426,15426,15426,2,-2
2023-01-30 15:24:48,15426,15426,15426,4,0
2023-01-30 15:24:48,15426,15426,15426,20,0
2023-01-30 15:24:48,15426,15426,15426,2,0
2023-01-30 15:24:48,15426,15426,15426,2,0
2023-01-30 15:24:48,15426,15426,15426,2,0
2023-01-30 15:24:48,15426,15426,15426,2,0
2023-01-30 15:24:49,15426,15426,15426,2,0
2023-01-30 15:24:52,15425,15425,15425,2,-2
2023-01-30 15:24:52,15427,15427,15427,8,8
2023-01-30 15:24:57,15425,15425,15425,2,-2
2023-01-30 15:25:06,15425,15425,15425,4,0
2023-01-30 15:25:06,15425,15425,15425,2,0
2023-01-30 15:25:06,15425,15425,15425,2,0
2023-01-30 15:25:06,15425,15425,15425,2,0
2023-01-30 15:25:06,15425,15425,15425,2,0
2023-01-30 15:25:06,15425,15425,15425,2,0
2023-01-30 15:25:06,15425,15425,15425,4,0
2023-01-30 15:25:06,15425,15425,15425,2,0
2023-01-30 15:25:09,15425,15425,15425,2,0
2023-01-30 15:25:12,15424,15424,15424,2,-2
2023-01-30 15:25:14,15424,15424,15424,2,0
2023-01-30 15:25:16,15424,15424,15424,2,0
2023-01-30 15:25:17,15425,15425,15425,2,2
2023-01-30 15:25:18,15425,15425,15425,2,0
2023-01-30 15:25:18,15425,15425,15425,4,0
2023-01-30 15:25:20,15425,15425,15425,2,0
2023-01-30 15:25:26,15426,15426,15426,2,2
2023-01-30 15:25:28,15427,15427,15427,4,4
2023-01-30 15:25:36,15427,15427,15427,2,0
2023-01-30 15:25:36,15427,15427,15427,2,0
2023-01-30 15:25:36,15427,15427,15427,2,0
2023-01-30 15:25:40,15427,15427,15427,2,0
2023-01-30 15:25:40,15427,15427,15427,2,0
2023-01-30 15:25:40,15427,15427,15427,2,0
2023-01-30 15:25:41,15427,15427,15427,2,0
2023-01-30 15:25:42,15428,15428,15428,2,2
2023-01-30 15:25:54,15427,15427,15427,2,-2
2023-01-30 15:25:56,15427,15427,15427,2,0
2023-01-30 15:26:00,15428,15428,15428,8,8
2023-01-30 15:26:00,15427,15427,15427,2,-2
2023-01-30 15:26:05,15427,15427,15427,2,0
2023-01-30 15:26:05,15428,15428,15428,2,2
2023-01-30 15:26:08,15427,15427,15427,2,-2
2023-01-30 15:26:15,15427,15427,15427,2,0
2023-01-30 15:26:16,15428,15428,15428,2,2
2023-01-30 15:26:20,15427,15427,15427,2,-2
2023-01-30 15:26:24,15427,15427,15427,2,0
2023-01-30 15:26:28,15428,15428,15428,2,2
2023-01-30 15:26:32,15428,15428,15428,2,0
2023-01-30 15:26:33,15427,15427,15427,6,-6
2023-01-30 15:26:33,15427,15427,15427,2,0
2023-01-30 15:26:33,15427,15427,15427,2,0
2023-01-30 15:26:37,15428,15428,15428,6,6
2023-01-30 15:26:37,15428,15428,15428,12,0
2023-01-30 15:26:37,15428,15428,15428,2,0
2023-01-30 15:26:46,15427,15427,15427,2,-2
2023-01-30 15:26:46,15427,15427,15427,4,0
2023-01-30 15:26:46,15427,15427,15427,2,0
2023-01-30 15:26:48,15426,15426,15426,2,-2
2023-01-30 15:26:50,15426,15426,15426,2,0
2023-01-30 15:26:50,15426,15426,15426,2,0
2023-01-30 15:26:50,15426,15426,15426,2,0
2023-01-30 15:26:50,15426,15426,15426,2,0
2023-01-30 15:26:50,15426,15426,15426,2,0
2023-01-30 15:27:06,15427,15427,15427,4,4
2023-01-30 15:27:12,15426,15426,15426,2,-2
2023-01-30 15:27:19,15426,15426,15426,2,0
2023-01-30 15:27:19,15426,15426,15426,6,0
2023-01-30 15:27:19,15426,15426,15426,2,0
2023-01-30 15:27:19,15426,15426,15426,6,0
2023-01-30 15:27:19,15426,15426,15426,6,0
2023-01-30 15:27:19,15426,15426,15426,2,0
2023-01-30 15:27:19,15426,15426,15426,2,0
2023-01-30 15:27:19,15426,15426,15426,2,0
2023-01-30 15:27:23,15425,15425,15425,2,-2
2023-01-30 15:27:24,15425,15425,15425,2,0
2023-01-30 15:27:24,15425,15425,15425,16,0
2023-01-30 15:27:24,15425,15425,15425,2,0
2023-01-30 15:27:24,15425,15425,15425,2,0
2023-01-30 15:27:24,15425,15425,15425,2,0
2023-01-30 15:27:24,15425,15425,15425,2,0
2023-01-30 15:27:24,15425,15425,15425,2,0
2023-01-30 15:27:24,15425,15425,15425,2,0
2023-01-30 15:27:24,15425,15425,15425,4,0
2023-01-30 15:27:25,15425,15425,15425,2,0
2023-01-30 15:27:32,15426,15426,15426,8,8
2023-01-30 15:27:33,15425,15425,15425,2,-2
2023-01-30 15:27:34,15425,15425,15425,2,0
2023-01-30 15:27:36,15425,15425,15425,2,0
2023-01-30 15:27:43,15425,15425,15425,2,0
2023-01-30 15:27:58,15426,15426,15426,2,2
2023-01-30 15:28:00,15426,15426,15426,2,0
2023-01-30 15:28:16,15426,15426,15426,2,0
2023-01-30 15:28:16,15426,15426,15426,2,0
2023-01-30 15:28:17,15427,15427,15427,14,14
2023-01-30 15:28:20,15427,15427,15427,2,0
2023-01-30 15:28:23,15427,15427,15427,2,0
2023-01-30 15:28:24,15426,15426,15426,2,-2
2023-01-30 15:28:24,15426,15426,15426,2,0
2023-01-30 15:28:24,15425,15425,15425,2,-2
2023-01-30 15:28:25,15426,15426,15426,2,2
2023-01-30 15:28:27,15425,15425,15425,2,-2
2023-01-30 15:28:30,15425,15425,15425,2,0
2023-01-30 15:28:35,15426,15426,15426,2,2
2023-01-30 15:28:38,15426,15426,15426,2,0
2023-01-30 15:28:42,15427,15427,15427,6,6
2023-01-30 15:28:43,15426,15426,15426,2,-2
2023-01-30 15:28:44,15426,15426,15426,2,0
2023-01-30 15:28:44,15426,15426,15426,6,0
2023-01-30 15:28:48,15426,15426,15426,2,0
2023-01-30 15:28:48,15425,15425,15425,2,-2
2023-01-30 15:28:49,15425,15425,15425,2,0
2023-01-30 15:28:58,15427,15427,15427,2,2
2023-01-30 15:28:58,15427,15427,15427,2,0
2023-01-30 15:28:59,15428,15428,15428,6,6
2023-01-30 15:29:00,15429,15429,15429,2,2
2023-01-30 15:29:04,15429,15429,15429,10,0
2023-01-30 15:29:05,15428,15428,15428,2,-2
2023-01-30 15:29:11,15428,15428,15428,2,0
2023-01-30 15:29:12,15428,15428,15428,2,0
2023-01-30 15:29:17,15427,15427,15427,2,-2
2023-01-30 15:29:20,15426,15426,15426,2,-2
2023-01-30 15:29:31,15428,15428,15428,2,2
2023-01-30 15:29:33,15428,15428,15428,2,0
2023-01-30 15:29:36,15427,15427,15427,2,-2
2023-01-30 15:29:46,15426,15426,15426,2,-2
2023-01-30 15:29:46,15426,15426,15426,2,0
2023-01-30 15:29:49,15425,15425,15425,2,-2
2023-01-30 15:29:49,15426,15426,15426,2,2
2023-01-30 15:29:51,15426,15426,15426,2,0
2023-01-30 15:29:54,15426,15426,15426,6,0
2023-01-30 15:30:00,15427,15427,15427,4,4
2023-01-30 15:30:00,15426,15426,15426,2,-2
2023-01-30 15:30:00,15428,15428,15428,2,2
2023-01-30 15:30:00,15428,15428,15428,2,0
2023-01-30 15:30:00,15426,15426,15426,2,-2
2023-01-30 15:30:02,15428,15428,15428,2,2
2023-01-30 15:30:02,15428,15428,15428,2,0
2023-01-30 15:30:02,15429,15429,15429,2,2
2023-01-30 15:30:11,15426,15426,15426,2,-2
2023-01-30 15:30:11,15426,15426,15426,2,0
2023-01-30 15:30:24,15426,15426,15426,4,0
2023-01-30 15:30:24,15426,15426,15426,4,0
2023-01-30 15:30:24,15425,15425,15425,2,-2
2023-01-30 15:30:25,15425,15425,15425,2,0
2023-01-30 15:30:36,15426,15426,15426,2,2
2023-01-30 15:30:40,15425,15425,15425,4,-4
2023-01-30 15:30:42,15426,15426,15426,2,2
2023-01-30 15:30:43,15426,15426,15426,2,0
2023-01-30 15:30:44,15426,15426,15426,2,0
2023-01-30 15:30:49,15425,15425,15425,2,-2
2023-01-30 15:30:51,15426,15426,15426,2,2
2023-01-30 15:31:00,15426,15426,15426,6,0
2023-01-30 15:31:01,15425,15425,15425,2,-2
2023-01-30 15:31:03,15425,15425,15425,4,0
2023-01-30 15:31:03,15425,15425,15425,4,0
2023-01-30 15:31:03,15425,15425,15425,12,0
2023-01-30 15:31:08,15426,15426,15426,2,2
2023-01-30 15:31:08,15426,15426,15426,2,0
2023-01-30 15:31:12,15425,15425,15425,2,-2
2023-01-30 15:31:12,15425,15425,15425,2,0
2023-01-30 15:31:12,15425,15425,15425,2,0
2023-01-30 15:31:12,15425,15425,15425,2,0
2023-01-30 15:31:12,15425,15425,15425,2,0
2023-01-30 15:31:12,15425,15425,15425,4,0
2023-01-30 15:31:12,15425,15425,15425,2,0
2023-01-30 15:31:12,15425,15425,15425,4,0
2023-01-30 15:31:13,15425,15425,15425,2,0
2023-01-30 15:31:15,15425,15425,15425,2,0
2023-01-30 15:31:15,15425,15425,15425,2,0
2023-01-30 15:31:15,15425,15425,15425,6,0
2023-01-30 15:31:15,15426,15426,15426,2,2
2023-01-30 15:31:19,15426,15426,15426,2,0
2023-01-30 15:31:19,15427,15427,15427,2,2
2023-01-30 15:31:19,15427,15427,15427,2,0
2023-01-30 15:31:37,15426,15426,15426,2,-2
2023-01-30 15:31:44,15426,15426,15426,2,0
2023-01-30 15:31:45,15427,15427,15427,8,8
2023-01-30 15:31:47,15427,15427,15427,2,0
2023-01-30 15:31:50,15428,15428,15428,10,10
2023-01-30 15:32:00,15429,15429,15429,2,2
2023-01-30 15:32:00,15428,15428,15428,2,-2
2023-01-30 15:32:01,15428,15428,15428,2,0
2023-01-30 15:32:02,15428,15428,15428,2,0
2023-01-30 15:32:10,15428,15428,15428,2,0
2023-01-30 15:32:12,15429,15429,15429,6,6
2023-01-30 15:32:25,15428,15428,15428,2,-2
2023-01-30 15:32:26,15429,15429,15429,2,2
2023-01-30 15:32:33,15430,15430,15430,2,2
2023-01-30 15:32:35,15430,15430,15430,2,0
2023-01-30 15:32:37,15430,15430,15430,2,0
2023-01-30 15:32:37,15430,15430,15430,8,0
2023-01-30 15:32:37,15430,15430,15430,8,0
2023-01-30 15:32:37,15430,15430,15430,2,0
2023-01-30 15:32:37,15430,15430,15430,2,0
2023-01-30 15:32:37,15430,15430,15430,4,0
2023-01-30 15:32:37,15430,15430,15430,4,0
2023-01-30 15:32:37,15430,15430,15430,2,0
2023-01-30 15:32:40,15430,15430,15430,2,0
2023-01-30 15:32:40,15430,15430,15430,2,0
2023-01-30 15:32:40,15431,15431,15431,2,2
2023-01-30 15:32:40,15432,15432,15432,2,2
2023-01-30 15:32:41,15430,15430,15430,2,-2
2023-01-30 15:32:41,15432,15432,15432,2,2
2023-01-30 15:32:41,15431,15431,15431,2,-2
2023-01-30 15:32:41,15430,15430,15430,2,-2
2023-01-30 15:32:41,15432,15432,15432,6,6
2023-01-30 15:32:43,15431,15431,15431,2,-2
2023-01-30 15:32:43,15432,15432,15432,2,2
2023-01-30 15:32:44,15432,15432,15432,2,0
2023-01-30 15:32:44,15433,15433,15433,2,2
2023-01-30 15:32:44,15433,15433,15433,2,0
2023-01-30 15:32:44,15431,15431,15431,2,-2
2023-01-30 15:32:45,15433,15433,15433,2,2
2023-01-30 15:32:49,15431,15431,15431,2,-2
2023-01-30 15:32:50,15431,15431,15431,2,0
2023-01-30 15:32:55,15431,15431,15431,2,0
2023-01-30 15:32:58,15431,15431,15431,4,0
2023-01-30 15:33:00,15431,15431,15431,2,0
2023-01-30 15:33:13,15432,15432,15432,10,10
2023-01-30 15:33:13,15431,15431,15431,2,-2
2023-01-30 15:33:19,15433,15433,15433,2,2
2023-01-30 15:33:24,15432,15432,15432,2,-2
2023-01-30 15:33:24,15432,15432,15432,2,0
2023-01-30 15:33:25,15432,15432,15432,2,0
2023-01-30 15:33:27,15432,15432,15432,2,0
2023-01-30 15:33:37,15432,15432,15432,2,0
2023-01-30 15:33:40,15433,15433,15433,2,2
2023-01-30 15:33:46,15433,15433,15433,6,0
2023-01-30 15:33:50,15433,15433,15433,6,0
2023-01-30 15:33:50,15433,15433,15433,4,0
2023-01-30 15:33:52,15433,15433,15433,4,0
2023-01-30 15:33:59,15433,15433,15433,2,0
2023-01-30 15:34:00,15433,15433,15433,2,0
2023-01-30 15:34:01,15433,15433,15433,2,0
2023-01-30 15:34:20,15433,15433,15433,2,0
2023-01-30 15:34:22,15434,15434,15434,2,2
2023-01-30 15:34:25,15432,15432,15432,2,-2
2023-01-30 15:34:49,15433,15433,15433,2,2
2023-01-30 15:34:51,15433,15433,15433,2,0
2023-01-30 15:34:51,15433,15433,15433,2,0
2023-01-30 15:34:53,15432,15432,15432,2,-2
2023-01-30 15:34:53,15432,15432,15432,2,0
2023-01-30 15:34:53,15432,15432,15432,2,0
2023-01-30 15:35:00,15433,15433,15433,2,2
2023-01-30 15:35:01,15434,15434,15434,10,10
2023-01-30 15:35:02,15434,15434,15434,2,0
2023-01-30 15:35:05,15434,15434,15434,10,0
2023-01-30 15:35:08,15433,15433,15433,4,-4
2023-01-30 15:35:13,15432,15432,15432,2,-2
2023-01-30 15:35:13,15432,15432,15432,2,0
2023-01-30 15:35:14,15431,15431,15431,2,-2
2023-01-30 15:35:14,15432,15432,15432,6,6
2023-01-30 15:35:14,15433,15433,15433,2,2
2023-01-30 15:35:25,15434,15434,15434,2,2
2023-01-30 15:35:37,15433,15433,15433,2,-2
2023-01-30 15:35:45,15433,15433,15433,4,0
2023-01-30 15:36:00,15434,15434,15434,4,4
2023-01-30 15:36:01,15434,15434,15434,8,0
2023-01-30 15:36:01,15433,15433,15433,2,-2
2023-01-30 15:36:18,15433,15433,15433,2,0
2023-01-30 15:36:20,15434,15434,15434,2,2
2023-01-30 15:36:25,15433,15433,15433,2,-2
2023-01-30 15:36:25,15433,15433,15433,6,0
2023-01-30 15:36:25,15433,15433,15433,4,0
2023-01-30 15:36:26,15433,15433,15433,6,0
2023-01-30 15:36:47,15433,15433,15433,2,0
2023-01-30 15:36:49,15432,15432,15432,2,-2
2023-01-30 15:36:59,15433,15433,15433,2,2
2023-01-30 15:37:00,15433,15433,15433,4,0
2023-01-30 15:37:10,15433,15433,15433,2,0
2023-01-30 15:37:13,15432,15432,15432,2,-2
2023-01-30 15:37:31,15433,15433,15433,2,2
2023-01-30 15:37:31,15433,15433,15433,6,0
2023-01-30 15:37:37,15432,15432,15432,2,-2
2023-01-30 15:37:59,15434,15434,15434,2,2
2023-01-30 15:38:00,15434,15434,15434,2,0
2023-01-30 15:38:01,15434,15434,15434,2,0
2023-01-30 15:38:10,15434,15434,15434,4,0
2023-01-30 15:38:11,15434,15434,15434,2,0
2023-01-30 15:38:25,15434,15434,15434,2,0
2023-01-30 15:38:40,15435,15435,15435,2,2
2023-01-30 15:38:40,15435,15435,15435,6,0
2023-01-30 15:38:40,15435,15435,15435,2,0
2023-01-30 15:38:40,15435,15435,15435,2,0
2023-01-30 15:38:40,15435,15435,15435,2,0
2023-01-30 15:38:40,15435,15435,15435,2,0
2023-01-30 15:38:40,15435,15435,15435,2,0
2023-01-30 15:38:40,15435,15435,15435,2,0
2023-01-30 15:38:47,15435,15435,15435,4,0
2023-01-30 15:38:49,15434,15434,15434,2,-2
2023-01-30 15:38:59,15435,15435,15435,2,2
2023-01-30 15:39:00,15435,15435,15435,2,0
2023-01-30 15:39:00,15435,15435,15435,2,0
2023-01-30 15:39:00,15435,15435,15435,2,0
2023-01-30 15:39:00,15435,15435,15435,2,0
2023-01-30 15:39:07,15435,15435,15435,2,0
2023-01-30 15:39:13,15434,15434,15434,2,-2
2023-01-30 15:39:14,15435,15435,15435,2,2
2023-01-30 15:39:14,15435,15435,15435,14,0
2023-01-30 15:39:17,15436,15436,15436,6,6
2023-01-30 15:39:17,15436,15436,15436,4,0
2023-01-30 15:39:19,15435,15435,15435,2,-2
2023-01-30 15:39:19,15437,15437,15437,4,4
2023-01-30 15:39:20,15437,15437,15437,2,0
2023-01-30 15:39:21,15436,15436,15436,2,-2
2023-01-30 15:39:21,15435,15435,15435,2,-2
2023-01-30 15:39:32,15436,15436,15436,2,2
2023-01-30 15:39:37,15435,15435,15435,2,-2
2023-01-30 15:39:38,15436,15436,15436,4,4
2023-01-30 15:39:48,15436,15436,15436,2,0
2023-01-30 15:39:49,15437,15437,15437,4,4
2023-01-30 15:39:54,15437,15437,15437,2,0
2023-01-30 15:40:00,15437,15437,15437,2,0
2023-01-30 15:40:01,15435,15435,15435,2,-2
2023-01-30 15:40:01,15435,15435,15435,2,0
2023-01-30 15:40:08,15437,15437,15437,2,2
2023-01-30 15:40:13,15438,15438,15438,2,2
2023-01-30 15:40:13,15438,15438,15438,2,0
2023-01-30 15:40:13,15437,15437,15437,2,-2
2023-01-30 15:40:13,15436,15436,15436,2,-2
2023-01-30 15:40:22,15437,15437,15437,2,2
2023-01-30 15:40:25,15436,15436,15436,2,-2
2023-01-30 15:40:37,15437,15437,15437,4,4
2023-01-30 15:40:37,15438,15438,15438,16,16
2023-01-30 15:40:37,15438,15438,15438,6,0
2023-01-30 15:40:44,15438,15438,15438,2,0
2023-01-30 15:40:44,15436,15436,15436,2,-2
2023-01-30 15:40:45,15437,15437,15437,6,6
2023-01-30 15:40:47,15437,15437,15437,2,0
2023-01-30 15:40:49,15436,15436,15436,2,-2
2023-01-30 15:40:56,15436,15436,15436,2,0
2023-01-30 15:40:57,15436,15436,15436,8,0
2023-01-30 15:40:57,15437,15437,15437,4,4
2023-01-30 15:40:58,15436,15436,15436,2,-2
2023-01-30 15:40:58,15437,15437,15437,8,8
2023-01-30 15:41:13,15436,15436,15436,2,-2
2023-01-30 15:41:15,15436,15436,15436,4,0
2023-01-30 15:41:15,15436,15436,15436,2,0
2023-01-30 15:41:21,15436,15436,15436,2,0
2023-01-30 15:41:21,15436,15436,15436,4,0
2023-01-30 15:41:34,15437,15437,15437,6,6
2023-01-30 15:41:35,15436,15436,15436,2,-2
2023-01-30 15:41:35,15436,15436,15436,2,0
2023-01-30 15:41:35,15436,15436,15436,2,0
2023-01-30 15:41:35,15436,15436,15436,2,0
2023-01-30 15:41:35,15436,15436,15436,2,0
2023-01-30 15:41:35,15436,15436,15436,2,0
2023-01-30 15:41:35,15436,15436,15436,2,0
2023-01-30 15:41:37,15435,15435,15435,2,-2
2023-01-30 15:41:38,15435,15435,15435,2,0
2023-01-30 15:41:38,15435,15435,15435,2,0
2023-01-30 15:41:38,15435,15435,15435,2,0
2023-01-30 15:41:38,15435,15435,15435,4,0
2023-01-30 15:41:38,15435,15435,15435,2,0
2023-01-30 15:41:38,15435,15435,15435,2,0
2023-01-30 15:41:38,15435,15435,15435,2,0
2023-01-30 15:41:38,15435,15435,15435,2,0
2023-01-30 15:41:38,15435,15435,15435,2,0
2023-01-30 15:41:38,15435,15435,15435,6,0
2023-01-30 15:41:42,15434,15434,15434,2,-2
2023-01-30 15:41:42,15434,15434,15434,2,0
2023-01-30 15:41:42,15434,15434,15434,2,0
2023-01-30 15:41:42,15434,15434,15434,2,0
2023-01-30 15:41:42,15434,15434,15434,2,0
2023-01-30 15:41:43,15434,15434,15434,2,0
2023-01-30 15:41:46,15433,15433,15433,2,-2
2023-01-30 15:41:46,15433,15433,15433,2,0
2023-01-30 15:41:46,15433,15433,15433,2,0
2023-01-30 15:41:46,15433,15433,15433,2,0
2023-01-30 15:41:46,15433,15433,15433,6,0
2023-01-30 15:41:46,15433,15433,15433,2,0
2023-01-30 15:41:46,15433,15433,15433,2,0
2023-01-30 15:41:46,15433,15433,15433,6,0
2023-01-30 15:41:46,15433,15433,15433,2,0
2023-01-30 15:41:47,15433,15433,15433,2,0
2023-01-30 15:41:47,15432,15432,15432,2,-2
2023-01-30 15:41:47,15432,15432,15432,2,0
2023-01-30 15:41:48,15432,15432,15432,2,0
2023-01-30 15:42:00,15432,15432,15432,6,0
2023-01-30 15:42:00,15431,15431,15431,2,-2
2023-01-30 15:42:01,15431,15431,15431,2,0
2023-01-30 15:42:05,15431,15431,15431,2,0
2023-01-30 15:42:07,15431,15431,15431,10,0
2023-01-30 15:42:07,15431,15431,15431,2,0
2023-01-30 15:42:07,15431,15431,15431,2,0
2023-01-30 15:42:12,15430,15430,15430,2,-2
2023-01-30 15:42:12,15430,15430,15430,2,0
2023-01-30 15:42:12,15431,15431,15431,2,2
2023-01-30 15:42:12,15431,15431,15431,2,0
2023-01-30 15:42:12,15430,15430,15430,2,-2
2023-01-30 15:42:12,15431,15431,15431,2,2
2023-01-30 15:42:12,15430,15430,15430,2,-2
2023-01-30 15:42:15,15431,15431,15431,2,2
2023-01-30 15:42:16,15431,15431,15431,2,0
2023-01-30 15:42:16,15431,15431,15431,2,0
2023-01-30 15:42:17,15431,15431,15431,2,0
2023-01-30 15:42:20,15431,15431,15431,2,0
2023-01-30 15:42:22,15432,15432,15432,10,10
2023-01-30 15:42:25,15432,15432,15432,2,0
2023-01-30 15:42:27,15432,15432,15432,2,0
2023-01-30 15:42:27,15432,15432,15432,2,0
2023-01-30 15:42:27,15432,15432,15432,2,0
2023-01-30 15:42:27,15432,15432,15432,2,0
2023-01-30 15:42:31,15431,15431,15431,2,-2
2023-01-30 15:42:31,15431,15431,15431,2,0
2023-01-30 15:42:31,15431,15431,15431,2,0
2023-01-30 15:42:31,15431,15431,15431,2,0
2023-01-30 15:42:35,15432,15432,15432,4,4
2023-01-30 15:42:37,15431,15431,15431,2,-2
2023-01-30 15:42:37,15430,15430,15430,2,-2
2023-01-30 15:42:43,15430,15430,15430,2,0
2023-01-30 15:42:43,15430,15430,15430,2,0
2023-01-30 15:42:49,15430,15430,15430,2,0
2023-01-30 15:42:49,15431,15431,15431,2,2
2023-01-30 15:42:51,15430,15430,15430,2,-2
2023-01-30 15:42:57,15431,15431,15431,2,2
2023-01-30 15:42:58,15430,15430,15430,20,-20
2023-01-30 15:42:58,15430,15430,15430,2,0
2023-01-30 15:42:58,15430,15430,15430,2,0
2023-01-30 15:42:58,15430,15430,15430,4,0
2023-01-30 15:42:58,15430,15430,15430,2,0
2023-01-30 15:42:58,15430,15430,15430,2,0
2023-01-30 15:42:58,15430,15430,15430,2,0
2023-01-30 15:42:58,15430,15430,15430,6,0
2023-01-30 15:42:58,15430,15430,15430,10,0
2023-01-30 15:42:58,15430,15430,15430,2,0
2023-01-30 15:42:58,15429,15429,15429,6,-6
2023-01-30 15:42:59,15429,15429,15429,4,0
2023-01-30 15:43:05,15429,15429,15429,2,0
2023-01-30 15:43:06,15428,15428,15428,2,-2
2023-01-30 15:43:06,15428,15428,15428,2,0
2023-01-30 15:43:07,15428,15428,15428,6,0
2023-01-30 15:43:07,15428,15428,15428,2,0
2023-01-30 15:43:07,15428,15428,15428,2,0
2023-01-30 15:43:07,15428,15428,15428,2,0
2023-01-30 15:43:07,15428,15428,15428,2,0
2023-01-30 15:43:10,15429,15429,15429,4,4
2023-01-30 15:43:12,15428,15428,15428,2,-2
2023-01-30 15:43:12,15428,15428,15428,4,0
2023-01-30 15:43:13,15427,15427,15427,2,-2
2023-01-30 15:43:16,15428,15428,15428,2,2
2023-01-30 15:43:22,15428,15428,15428,2,0
2023-01-30 15:43:30,15427,15427,15427,2,-2
2023-01-30 15:43:37,15427,15427,15427,2,0
2023-01-30 15:43:37,15427,15427,15427,2,0
2023-01-30 15:43:40,15428,15428,15428,2,2
2023-01-30 15:43:40,15428,15428,15428,2,0
2023-01-30 15:43:40,15428,15428,15428,6,0
2023-01-30 15:43:40,15429,15429,15429,2,2
2023-01-30 15:43:44,15427,15427,15427,2,-2
2023-01-30 15:43:55,15427,15427,15427,2,0
2023-01-30 15:43:55,15427,15427,15427,2,0
2023-01-30 15:43:55,15427,15427,15427,4,0
2023-01-30 15:43:55,15427,15427,15427,2,0
2023-01-30 15:44:00,15428,15428,15428,2,2
2023-01-30 15:44:01,15428,15428,15428,2,0
2023-01-30 15:44:04,15429,15429,15429,4,4
2023-01-30 15:44:16,15430,15430,15430,2,2
2023-01-30 15:44:25,15429,15429,15429,2,-2
2023-01-30 15:44:30,15429,15429,15429,2,0
2023-01-30 15:44:32,15429,15429,15429,2,0
2023-01-30 15:44:49,15429,15429,15429,2,0
2023-01-30 15:44:51,15429,15429,15429,2,0
2023-01-30 15:44:51,15429,15429,15429,2,0
2023-01-30 15:44:51,15429,15429,15429,2,0
2023-01-30 15:44:51,15429,15429,15429,2,0
2023-01-30 15:44:58,15427,15427,15427,2,-2
2023-01-30 15:45:01,15430,15430,15430,6,6
2023-01-30 15:45:12,15429,15429,15429,2,-2
2023-01-30 15:45:15,15429,15429,15429,6,0
2023-01-30 15:45:20,15429,15429,15429,4,0
2023-01-30 15:45:20,15430,15430,15430,2,2
2023-01-30 15:45:20,15430,15430,15430,2,0
2023-01-30 15:45:21,15431,15431,15431,2,2
2023-01-30 15:45:24,15431,15431,15431,4,0
2023-01-30 15:45:36,15431,15431,15431,2,0
2023-01-30 15:45:37,15432,15432,15432,2,2
2023-01-30 15:45:50,15432,15432,15432,10,0
2023-01-30 15:45:58,15432,15432,15432,6,0
2023-01-30 15:45:58,15433,15433,15433,2,2
2023-01-30 15:45:58,15433,15433,15433,2,0
2023-01-30 15:45:58,15433,15433,15433,2,0
2023-01-30 15:45:59,15433,15433,15433,2,0
2023-01-30 15:45:59,15433,15433,15433,2,0
2023-01-30 15:45:59,15433,15433,15433,2,0
2023-01-30 15:45:59,15433,15433,15433,2,0
2023-01-30 15:45:59,15433,15433,15433,4,0
2023-01-30 15:46:00,15432,15432,15432,2,-2
2023-01-30 15:46:00,15432,15432,15432,4,0
2023-01-30 15:46:20,15432,15432,15432,2,0
2023-01-30 15:46:24,15432,15432,15432,2,0
2023-01-30 15:46:26,15433,15433,15433,2,2
2023-01-30 15:46:28,15433,15433,15433,10,0
2023-01-30 15:46:28,15433,15433,15433,2,0
2023-01-30 15:46:30,15433,15433,15433,2,0
2023-01-30 15:46:31,15435,15435,15435,2,2
2023-01-30 15:46:31,15435,15435,15435,8,0
2023-01-30 15:46:32,15435,15435,15435,14,0
2023-01-30 15:46:32,15435,15435,15435,6,0
2023-01-30 15:46:32,15435,15435,15435,2,0
2023-01-30 15:46:35,15435,15435,15435,2,0
2023-01-30 15:46:39,15435,15435,15435,2,0
2023-01-30 15:46:44,15435,15435,15435,4,0
2023-01-30 15:46:46,15435,15435,15435,2,0
2023-01-30 15:46:46,15434,15434,15434,2,-2
2023-01-30 15:46:46,15434,15434,15434,2,0
2023-01-30 15:46:46,15434,15434,15434,2,0
2023-01-30 15:46:47,15434,15434,15434,4,0
2023-01-30 15:46:47,15435,15435,15435,4,4
2023-01-30 15:46:48,15433,15433,15433,2,-2
2023-01-30 15:46:50,15435,15435,15435,4,4
2023-01-30 15:46:52,15434,15434,15434,2,-2
2023-01-30 15:46:53,15434,15434,15434,2,0
2023-01-30 15:47:00,15434,15434,15434,2,0
2023-01-30 15:47:00,15435,15435,15435,8,8
2023-01-30 15:47:03,15436,15436,15436,10,10
2023-01-30 15:47:12,15435,15435,15435,2,-2
2023-01-30 15:47:13,15435,15435,15435,2,0
2023-01-30 15:47:19,15434,15434,15434,2,-2
2023-01-30 15:47:19,15434,15434,15434,2,0
2023-01-30 15:47:19,15434,15434,15434,2,0
2023-01-30 15:47:19,15434,15434,15434,2,0
2023-01-30 15:47:19,15434,15434,15434,2,0
2023-01-30 15:47:23,15435,15435,15435,2,2
2023-01-30 15:47:36,15434,15434,15434,2,-2
2023-01-30 15:47:37,15434,15434,15434,6,0
2023-01-30 15:47:37,15434,15434,15434,2,0
2023-01-30 15:47:37,15434,15434,15434,2,0
2023-01-30 15:47:37,15434,15434,15434,4,0
2023-01-30 15:47:37,15434,15434,15434,2,0
2023-01-30 15:47:54,15434,15434,15434,2,0
2023-01-30 15:47:58,15434,15434,15434,2,0
2023-01-30 15:48:00,15433,15433,15433,2,-2
2023-01-30 15:48:15,15433,15433,15433,2,0
2023-01-30 15:48:18,15434,15434,15434,2,2
2023-01-30 15:48:22,15434,15434,15434,2,0
2023-01-30 15:48:22,15433,15433,15433,14,-14
2023-01-30 15:48:24,15433,15433,15433,2,0
2023-01-30 15:48:34,15434,15434,15434,2,2
2023-01-30 15:48:48,15433,15433,15433,2,-2
2023-01-30 15:48:48,15434,15434,15434,2,2
2023-01-30 15:48:50,15433,15433,15433,2,-2
2023-01-30 15:48:52,15433,15433,15433,10,0
2023-01-30 15:48:52,15433,15433,15433,2,0
2023-01-30 15:48:52,15433,15433,15433,2,0
2023-01-30 15:48:54,15432,15432,15432,2,-2
2023-01-30 15:48:54,15432,15432,15432,2,0
2023-01-30 15:48:56,15431,15431,15431,2,-2
2023-01-30 15:49:00,15432,15432,15432,2,2
2023-01-30 15:49:02,15434,15434,15434,14,14
2023-01-30 15:49:02,15435,15435,15435,12,12
2023-01-30 15:49:06,15435,15435,15435,2,0
2023-01-30 15:49:06,15435,15435,15435,2,0
2023-01-30 15:49:10,15437,15437,15437,4,4
2023-01-30 15:49:12,15435,15435,15435,2,-2
2023-01-30 15:49:14,15436,15436,15436,6,6
2023-01-30 15:49:19,15436,15436,15436,2,0
2023-01-30 15:49:19,15435,15435,15435,2,-2
2023-01-30 15:49:24,15435,15435,15435,2,0
2023-01-30 15:49:36,15434,15434,15434,2,-2
2023-01-30 15:49:36,15434,15434,15434,2,0
2023-01-30 15:49:36,15433,15433,15433,2,-2
2023-01-30 15:49:37,15434,15434,15434,2,2
2023-01-30 15:49:45,15435,15435,15435,2,2
2023-01-30 15:49:46,15435,15435,15435,8,0
2023-01-30 15:49:46,15436,15436,15436,52,52
2023-01-30 15:49:46,15436,15436,15436,30,0
2023-01-30 15:49:50,15435,15435,15435,2,-2
2023-01-30 15:49:59,15436,15436,15436,10,10
2023-01-30 15:49:59,15436,15436,15436,8,0
2023-01-30 15:49:59,15437,15437,15437,2,2
2023-01-30 15:50:00,15435,15435,15435,2,-2
2023-01-30 15:50:06,15436,15436,15436,2,2
2023-01-30 15:50:06,15437,15437,15437,2,2
2023-01-30 15:50:08,15436,15436,15436,2,-2
2023-01-30 15:50:23,15435,15435,15435,2,-2
2023-01-30 15:50:25,15435,15435,15435,2,0
2023-01-30 15:50:25,15435,15435,15435,2,0
2023-01-30 15:50:25,15435,15435,15435,2,0
2023-01-30 15:50:25,15435,15435,15435,4,0
2023-01-30 15:50:27,15436,15436,15436,4,4
2023-01-30 15:50:35,15436,15436,15436,2,0
2023-01-30 15:50:35,15436,15436,15436,4,0
2023-01-30 15:50:35,15436,15436,15436,6,0
2023-01-30 15:50:35,15436,15436,15436,2,0
2023-01-30 15:50:35,15435,15435,15435,2,-2
2023-01-30 15:50:35,15435,15435,15435,4,0
2023-01-30 15:50:35,15435,15435,15435,2,0
2023-01-30 15:50:35,15435,15435,15435,4,0
2023-01-30 15:50:35,15435,15435,15435,2,0
2023-01-30 15:50:35,15435,15435,15435,2,0
2023-01-30 15:50:40,15437,15437,15437,2,2
2023-01-30 15:50:47,15435,15435,15435,2,-2
2023-01-30 15:50:48,15437,15437,15437,2,2
2023-01-30 15:51:02,15435,15435,15435,2,-2
2023-01-30 15:51:05,15435,15435,15435,2,0
2023-01-30 15:51:05,15435,15435,15435,2,0
2023-01-30 15:51:05,15435,15435,15435,2,0
2023-01-30 15:51:05,15435,15435,15435,2,0
2023-01-30 15:51:07,15435,15435,15435,2,0
2023-01-30 15:51:10,15435,15435,15435,2,0
2023-01-30 15:51:11,15434,15434,15434,2,-2
2023-01-30 15:51:12,15436,15436,15436,2,2
2023-01-30 15:51:30,15436,15436,15436,2,0
2023-01-30 15:51:35,15435,15435,15435,2,-2
2023-01-30 15:51:59,15435,15435,15435,2,0
2023-01-30 15:52:00,15436,15436,15436,2,2
2023-01-30 15:52:02,15435,15435,15435,2,-2
2023-01-30 15:52:02,15435,15435,15435,2,0
2023-01-30 15:52:02,15435,15435,15435,2,0
2023-01-30 15:52:02,15435,15435,15435,2,0
2023-01-30 15:52:06,15435,15435,15435,2,0
2023-01-30 15:52:16,15435,15435,15435,2,0
2023-01-30 15:52:16,15434,15434,15434,2,-2
2023-01-30 15:52:16,15434,15434,15434,2,0
2023-01-30 15:52:16,15434,15434,15434,2,0
2023-01-30 15:52:17,15433,15433,15433,2,-2
2023-01-30 15:52:17,15433,15433,15433,2,0
2023-01-30 15:52:17,15433,15433,15433,2,0
2023-01-30 15:52:19,15434,15434,15434,2,2
2023-01-30 15:52:23,15432,15432,15432,2,-2
2023-01-30 15:52:25,15433,15433,15433,2,2
2023-01-30 15:52:25,15433,15433,15433,2,0
2023-01-30 15:52:29,15433,15433,15433,2,0
2023-01-30 15:52:36,15433,15433,15433,2,0
2023-01-30 15:52:40,15433,15433,15433,2,0
2023-01-30 15:52:47,15432,15432,15432,2,-2
2023-01-30 15:52:52,15435,15435,15435,2,2
2023-01-30 15:53:08,15433,15433,15433,2,-2
2023-01-30 15:53:10,15433,15433,15433,2,0
2023-01-30 15:53:10,15433,15433,15433,2,0
2023-01-30 15:53:12,15433,15433,15433,2,0
2023-01-30 15:53:14,15434,15434,15434,2,2
2023-01-30 15:53:14,15433,15433,15433,2,-2
2023-01-30 15:53:17,15433,15433,15433,2,0
2023-01-30 15:53:20,15434,15434,15434,2,2
2023-01-30 15:53:22,15434,15434,15434,2,0
2023-01-30 15:53:22,15434,15434,15434,2,0
2023-01-30 15:53:24,15435,15435,15435,2,2
2023-01-30 15:53:29,15433,15433,15433,2,-2
2023-01-30 15:53:30,15433,15433,15433,2,0
2023-01-30 15:53:31,15435,15435,15435,6,6
2023-01-30 15:53:34,15434,15434,15434,2,-2
2023-01-30 15:53:34,15434,15434,15434,2,0
2023-01-30 15:53:45,15434,15434,15434,2,0
2023-01-30 15:53:53,15436,15436,15436,4,4
2023-01-30 15:53:56,15435,15435,15435,2,-2
2023-01-30 15:53:58,15435,15435,15435,2,0
2023-01-30 15:54:00,15435,15435,15435,2,0
2023-01-30 15:54:11,15435,15435,15435,2,0
