2022-04-01 15:00:00.004,17568,17569,17568,92,-92
2022-04-01 15:00:00.006,17568,17569,17568,6,-6
2022-04-01 15:00:00.006,17568,17569,17568,5,-5
2022-04-01 15:00:00.006,17568,17569,17567,1,-1
2022-04-01 15:00:00.006,17568,17569,17569,10,10
2022-04-01 15:00:00.007,17568,17569,17569,1,1
2022-04-01 15:00:00.019,17566,17570,17566,1,-1
2022-04-01 15:00:00.026,17566,17570,17566,1,-1
2022-04-01 15:00:00.033,17566,17570,17566,1,-1
2022-04-01 15:00:00.042,17566,17570,17566,1,-1
2022-04-01 15:00:00.063,17566,17570,17566,1,-1
2022-04-01 15:00:00.077,17566,17570,17566,1,-1
2022-04-01 15:00:00.135,17566,17570,17566,1,-1
2022-04-01 15:00:00.141,17565,17567,17567,1,1
2022-04-01 15:00:00.141,17565,17567,17570,1,1
2022-04-01 15:00:00.150,17565,17567,17570,1,1
2022-04-01 15:00:00.150,17565,17567,17570,1,1
2022-04-01 15:00:00.198,17565,17567,17570,1,1
2022-04-01 15:00:00.223,17565,17567,17570,1,1
2022-04-01 15:00:00.255,17565,17567,17570,2,2
2022-04-01 15:00:00.260,17565,17567,17569,2,2
2022-04-01 15:00:00.260,17565,17567,17568,1,1
2022-04-01 15:00:00.265,17566,17570,17570,1,1
2022-04-01 15:00:00.277,17566,17570,17570,1,1
2022-04-01 15:00:00.279,17566,17570,17570,2,2
2022-04-01 15:00:00.305,17566,17570,17566,1,-1
2022-04-01 15:00:00.335,17566,17570,17570,1,1
2022-04-01 15:00:00.336,17566,17570,17571,1,1
2022-04-01 15:00:00.353,17566,17570,17570,2,2
2022-04-01 15:00:00.354,17566,17570,17571,1,1
2022-04-01 15:00:00.354,17566,17570,17571,5,5
2022-04-01 15:00:00.355,17566,17570,17571,3,3
2022-04-01 15:00:00.355,17566,17570,17572,2,2
2022-04-01 15:00:00.355,17566,17570,17572,1,1
2022-04-01 15:00:00.370,17566,17570,17572,5,5
2022-04-01 15:00:00.426,17566,17572,17566,2,-2
2022-04-01 15:00:00.426,17566,17572,17565,3,-3
2022-04-01 15:00:00.430,17566,17572,17572,3,3
2022-04-01 15:00:00.443,17566,17572,17565,1,-1
2022-04-01 15:00:00.443,17566,17572,17564,1,-1
2022-04-01 15:00:00.443,17566,17572,17563,3,-3
2022-04-01 15:00:00.492,17566,17572,17573,4,4
2022-04-01 15:00:00.507,17566,17572,17573,3,3
2022-04-01 15:00:00.513,17562,17573,17573,1,1
2022-04-01 15:00:00.574,17562,17573,17573,2,2
2022-04-01 15:00:00.578,17562,17573,17573,1,1
2022-04-01 15:00:00.583,17562,17573,17562,2,-2
2022-04-01 15:00:00.595,17562,17573,17573,1,1
2022-04-01 15:00:00.596,17562,17573,17562,1,-1
2022-04-01 15:00:00.604,17562,17573,17562,2,-2
2022-04-01 15:00:00.605,17562,17573,17573,1,1
2022-04-01 15:00:00.605,17562,17573,17574,1,1
2022-04-01 15:00:00.616,17562,17573,17568,1,1
2022-04-01 15:00:00.617,17562,17573,17569,1,1
2022-04-01 15:00:00.617,17562,17573,17570,2,2
2022-04-01 15:00:00.619,17562,17573,17574,1,1
2022-04-01 15:00:00.638,17571,17574,17574,1,1
2022-04-01 15:00:00.642,17571,17574,17574,1,1
2022-04-01 15:00:00.648,17571,17574,17574,2,2
2022-04-01 15:00:00.651,17571,17574,17573,2,2
2022-04-01 15:00:00.674,17571,17574,17574,1,1
2022-04-01 15:00:00.680,17571,17574,17571,1,-1
2022-04-01 15:00:00.691,17571,17574,17574,1,1
2022-04-01 15:00:00.692,17571,17574,17574,1,1
2022-04-01 15:00:00.697,17571,17574,17571,2,-2
2022-04-01 15:00:00.704,17571,17574,17571,2,-2
2022-04-01 15:00:00.711,17571,17574,17570,2,-2
2022-04-01 15:00:00.718,17571,17574,17574,1,1
2022-04-01 15:00:00.721,17571,17574,17570,1,-1
2022-04-01 15:00:00.729,17571,17574,17574,1,1
2022-04-01 15:00:00.730,17571,17574,17570,2,-2
2022-04-01 15:00:00.739,17571,17574,17572,1,-1
2022-04-01 15:00:00.739,17571,17574,17574,1,1
2022-04-01 15:00:00.755,17571,17574,17573,1,1
2022-04-01 15:00:00.757,17571,17574,17574,1,1
2022-04-01 15:00:00.776,17571,17574,17574,1,1
2022-04-01 15:00:00.779,17571,17574,17571,1,-1
2022-04-01 15:00:00.779,17571,17574,17571,1,-1
2022-04-01 15:00:00.785,17571,17574,17574,1,1
2022-04-01 15:00:00.795,17571,17574,17574,1,1
2022-04-01 15:00:00.795,17571,17574,17575,4,4
2022-04-01 15:00:00.800,17571,17574,17575,1,1
2022-04-01 15:00:00.802,17571,17574,17575,1,1
2022-04-01 15:00:00.802,17571,17574,17575,1,1
2022-04-01 15:00:00.803,17571,17574,17575,2,2
2022-04-01 15:00:00.813,17571,17574,17571,1,-1
2022-04-01 15:00:00.813,17571,17574,17570,1,-1
2022-04-01 15:00:00.833,17571,17574,17570,1,-1
2022-04-01 15:00:00.833,17571,17574,17569,1,-1
2022-04-01 15:00:00.834,17571,17574,17571,1,-1
2022-04-01 15:00:00.853,17571,17574,17572,1,-1
2022-04-01 15:00:00.860,17571,17574,17571,1,-1
2022-04-01 15:00:00.860,17571,17574,17570,1,-1
2022-04-01 15:00:00.860,17571,17574,17570,1,-1
2022-04-01 15:00:00.860,17571,17574,17569,1,-1
2022-04-01 15:00:00.879,17571,17574,17573,1,1
2022-04-01 15:00:00.880,17571,17574,17573,1,1
2022-04-01 15:00:00.884,17571,17574,17573,2,2
2022-04-01 15:00:00.887,17570,17574,17574,1,1
2022-04-01 15:00:00.889,17570,17574,17574,1,1
2022-04-01 15:00:00.891,17570,17574,17575,1,1
2022-04-01 15:00:00.891,17570,17574,17575,1,1
2022-04-01 15:00:00.959,17570,17574,17575,1,1
2022-04-01 15:00:00.965,17570,17574,17575,2,2
2022-04-01 15:00:00.970,17570,17574,17575,1,1
2022-04-01 15:00:00.975,17570,17574,17575,2,2
2022-04-01 15:00:00.976,17570,17574,17575,2,2
2022-04-01 15:00:00.979,17570,17574,17576,1,1
2022-04-01 15:00:00.987,17570,17574,17576,1,1
2022-04-01 15:00:00.994,17570,17574,17576,1,1
2022-04-01 15:00:00.996,17570,17574,17576,1,1
2022-04-01 15:00:01.011,17574,17576,17576,2,2
2022-04-01 15:00:01.013,17574,17576,17576,1,1
2022-04-01 15:00:01.013,17574,17576,17576,1,1
2022-04-01 15:00:01.014,17574,17576,17577,1,1
2022-04-01 15:00:01.036,17574,17576,17577,1,1
2022-04-01 15:00:01.036,17574,17576,17577,1,1
2022-04-01 15:00:01.152,17575,17577,17576,1,1
2022-04-01 15:00:01.167,17575,17577,17577,1,1
2022-04-01 15:00:01.170,17575,17577,17577,1,1
2022-04-01 15:00:01.260,17575,17577,17577,1,1
2022-04-01 15:00:01.280,17575,17577,17575,1,-1
2022-04-01 15:00:01.280,17575,17577,17574,3,-3
2022-04-01 15:00:01.281,17575,17577,17574,1,-1
2022-04-01 15:00:01.352,17575,17577,17575,1,-1
2022-04-01 15:00:01.378,17575,17577,17576,1,1
2022-04-01 15:00:01.390,17573,17575,17575,1,1
2022-04-01 15:00:01.478,17573,17575,17573,3,-3
2022-04-01 15:00:01.483,17573,17575,17572,1,-1
2022-04-01 15:00:01.483,17573,17575,17571,2,-2
2022-04-01 15:00:01.634,17570,17573,17570,1,-1
2022-04-01 15:00:01.730,17569,17572,17572,1,1
2022-04-01 15:00:01.789,17569,17572,17572,1,1
2022-04-01 15:00:01.789,17569,17572,17573,3,3
2022-04-01 15:00:01.832,17569,17572,17570,1,-1
2022-04-01 15:00:01.834,17569,17572,17569,2,-2
2022-04-01 15:00:01.834,17569,17572,17569,1,-1
2022-04-01 15:00:01.834,17569,17572,17568,2,-2
2022-04-01 15:00:01.834,17569,17572,17568,1,-1
2022-04-01 15:00:02.144,17567,17568,17567,2,-2
2022-04-01 15:00:02.145,17567,17568,17566,1,-1
2022-04-01 15:00:02.146,17567,17568,17565,1,-1
2022-04-01 15:00:02.146,17567,17568,17565,1,-1
2022-04-01 15:00:02.146,17567,17568,17566,1,-1
2022-04-01 15:00:02.147,17567,17568,17566,1,-1
2022-04-01 15:00:02.191,17567,17568,17568,1,1
2022-04-01 15:00:02.192,17567,17568,17568,2,2
2022-04-01 15:00:02.227,17567,17568,17569,1,1
2022-04-01 15:00:02.260,17568,17571,17571,2,2
2022-04-01 15:00:02.318,17568,17571,17572,1,1
2022-04-01 15:00:02.870,17571,17573,17573,1,1
2022-04-01 15:00:02.873,17571,17573,17573,1,1
2022-04-01 15:00:02.881,17571,17573,17573,1,1
2022-04-01 15:00:02.881,17571,17573,17572,1,1
2022-04-01 15:00:02.882,17571,17573,17571,2,-2
2022-04-01 15:00:02.886,17570,17573,17573,1,1
2022-04-01 15:00:02.887,17570,17573,17573,1,1
2022-04-01 15:00:02.898,17570,17573,17573,1,1
2022-04-01 15:00:02.898,17570,17573,17574,1,1
2022-04-01 15:00:02.899,17570,17573,17572,1,1
2022-04-01 15:00:03.185,17571,17574,17571,2,-2
2022-04-01 15:00:03.903,17568,17570,17570,1,1
2022-04-01 15:00:03.903,17568,17570,17571,2,2
2022-04-01 15:00:03.903,17568,17570,17572,3,3
2022-04-01 15:00:03.904,17568,17570,17572,5,5
2022-04-01 15:00:04.352,17570,17572,17572,1,1
2022-04-01 15:00:04.389,17570,17572,17571,1,1
2022-04-01 15:00:04.428,17570,17572,17572,1,1
2022-04-01 15:00:04.755,17571,17572,17571,2,-2
2022-04-01 15:00:04.806,17570,17572,17570,1,-1
2022-04-01 15:00:04.929,17570,17572,17570,1,-1
2022-04-01 15:00:04.987,17570,17572,17572,1,1
2022-04-01 15:00:05.231,17570,17571,17571,1,1
2022-04-01 15:00:06.283,17569,17570,17570,1,1
2022-04-01 15:00:06.283,17569,17570,17571,1,1
2022-04-01 15:00:06.425,17569,17572,17572,3,3
2022-04-01 15:00:06.612,17570,17573,17570,2,-2
2022-04-01 15:00:06.925,17570,17572,17572,3,3
2022-04-01 15:00:06.925,17570,17572,17573,4,4
2022-04-01 15:00:06.925,17570,17572,17574,3,3
2022-04-01 15:00:07.226,17571,17572,17572,1,1
2022-04-01 15:00:07.336,17572,17573,17571,1,-1
2022-04-01 15:00:07.701,17571,17572,17572,1,1
2022-04-01 15:00:07.937,17571,17573,17573,2,2
2022-04-01 15:00:07.937,17571,17573,17574,5,5
2022-04-01 15:00:07.937,17571,17573,17574,4,4
2022-04-01 15:00:09.520,17572,17573,17573,2,2
2022-04-01 15:00:10.487,17572,17573,17573,1,1
2022-04-01 15:00:10.590,17572,17573,17572,1,-1
2022-04-01 15:00:10.590,17572,17573,17571,4,-4
2022-04-01 15:00:12.045,17571,17572,17571,1,-1
2022-04-01 15:00:12.325,17571,17572,17571,1,-1
2022-04-01 15:00:12.547,17571,17572,17572,4,4
2022-04-01 15:00:12.547,17571,17572,17573,4,4
2022-04-01 15:00:12.548,17571,17572,17573,3,3
2022-04-01 15:00:12.807,17571,17573,17573,1,1
2022-04-01 15:00:12.916,17571,17573,17574,3,3
2022-04-01 15:00:13.014,17572,17574,17574,1,1
2022-04-01 15:00:13.014,17572,17574,17575,4,4
2022-04-01 15:00:13.064,17572,17574,17573,2,2
2022-04-01 15:00:13.113,17572,17574,17572,1,-1
2022-04-01 15:00:13.276,17572,17573,17573,1,1
2022-04-01 15:00:13.605,17572,17574,17572,2,-2
2022-04-01 15:00:14.668,17572,17573,17572,1,-1
2022-04-01 15:00:15.769,17572,17573,17573,1,1
2022-04-01 15:00:15.854,17572,17573,17573,1,1
2022-04-01 15:00:15.913,17572,17574,17574,2,2
2022-04-01 15:00:15.913,17572,17574,17575,3,3
2022-04-01 15:00:15.929,17572,17574,17574,1,1
2022-04-01 15:00:16.110,17573,17574,17574,1,1
2022-04-01 15:00:16.110,17573,17574,17575,1,1
2022-04-01 15:00:16.179,17574,17576,17576,2,2
2022-04-01 15:00:16.799,17574,17576,17574,1,-1
2022-04-01 15:00:16.993,17573,17575,17575,1,1
2022-04-01 15:00:17.003,17573,17575,17576,2,2
2022-04-01 15:00:17.024,17574,17576,17576,1,1
2022-04-01 15:00:17.027,17574,17576,17574,1,-1
2022-04-01 15:00:17.037,17574,17576,17576,2,2
2022-04-01 15:00:17.049,17574,17576,17575,1,1
2022-04-01 15:00:17.049,17574,17576,17576,1,1
2022-04-01 15:00:17.063,17574,17576,17576,1,1
2022-04-01 15:00:17.095,17574,17576,17574,1,-1
2022-04-01 15:00:17.152,17574,17576,17576,1,1
2022-04-01 15:00:17.169,17574,17576,17576,11,11
2022-04-01 15:00:18.031,17574,17576,17574,1,-1
2022-04-01 15:00:19.008,17573,17575,17575,1,1
2022-04-01 15:00:19.231,17574,17575,17574,1,-1
2022-04-01 15:00:19.572,17574,17575,17574,2,-2
2022-04-01 15:00:19.880,17573,17575,17573,1,-1
2022-04-01 15:00:20.765,17574,17575,17575,2,2
2022-04-01 15:00:20.926,17575,17576,17575,2,-2
2022-04-01 15:00:21.058,17574,17575,17575,1,1
2022-04-01 15:00:21.058,17574,17575,17576,3,3
2022-04-01 15:00:21.654,17574,17575,17574,3,-3
2022-04-01 15:00:22.347,17573,17574,17574,2,2
2022-04-01 15:00:22.347,17573,17574,17575,1,1
2022-04-01 15:00:22.487,17573,17575,17573,2,-2
2022-04-01 15:00:23.646,17573,17574,17574,1,1
2022-04-01 15:00:23.967,17573,17574,17574,1,1
2022-04-01 15:00:24.045,17573,17574,17574,4,4
2022-04-01 15:00:24.072,17573,17574,17575,1,1
2022-04-01 15:00:25.987,17574,17575,17574,1,-1
2022-04-01 15:00:25.988,17574,17575,17574,3,-3
2022-04-01 15:00:25.988,17574,17575,17573,2,-2
2022-04-01 15:00:26.651,17574,17575,17575,16,16
2022-04-01 15:00:27.090,17574,17576,17576,2,2
2022-04-01 15:00:27.370,17575,17577,17576,2,2
2022-04-01 15:00:27.370,17575,17577,17577,3,3
2022-04-01 15:00:27.594,17575,17577,17575,1,-1
2022-04-01 15:00:27.611,17575,17577,17575,1,-1
2022-04-01 15:00:28.707,17575,17576,17575,1,-1
2022-04-01 15:00:28.707,17575,17576,17574,3,-3
2022-04-01 15:00:29.252,17574,17575,17575,3,3
2022-04-01 15:00:29.654,17574,17575,17575,2,2
2022-04-01 15:00:29.654,17574,17575,17576,1,1
2022-04-01 15:00:31.219,17574,17575,17574,1,-1
2022-04-01 15:00:31.539,17573,17575,17575,2,2
2022-04-01 15:00:31.734,17573,17575,17575,1,1
2022-04-01 15:00:31.835,17574,17576,17575,2,2
2022-04-01 15:00:31.886,17575,17576,17575,8,-8
2022-04-01 15:00:32.212,17574,17575,17574,1,-1
2022-04-01 15:00:32.766,17574,17575,17574,1,-1
2022-04-01 15:00:34.403,17574,17575,17574,3,-3
2022-04-01 15:00:35.584,17573,17574,17574,1,1
2022-04-01 15:00:36.841,17573,17574,17574,1,1
2022-04-01 15:00:37.909,17573,17574,17574,1,1
2022-04-01 15:00:37.909,17573,17574,17573,4,-4
2022-04-01 15:00:37.910,17573,17574,17573,6,-6
2022-04-01 15:00:38.110,17572,17573,17573,1,1
2022-04-01 15:00:39.425,17572,17573,17573,1,1
2022-04-01 15:00:39.629,17572,17574,17572,1,-1
2022-04-01 15:00:39.801,17572,17574,17572,1,-1
2022-04-01 15:00:40.403,17572,17573,17573,1,1
2022-04-01 15:00:40.564,17572,17574,17572,1,-1
2022-04-01 15:00:40.747,17572,17574,17574,1,1
2022-04-01 15:00:40.832,17572,17574,17572,1,-1
2022-04-01 15:00:43.118,17572,17574,17572,1,-1
2022-04-01 15:00:44.323,17572,17573,17573,2,2
2022-04-01 15:00:44.587,17572,17574,17573,1,1
2022-04-01 15:00:45.471,17573,17574,17573,1,-1
2022-04-01 15:00:45.997,17573,17574,17573,1,-1
2022-04-01 15:00:46.451,17573,17574,17574,1,1
2022-04-01 15:00:46.453,17573,17574,17574,2,2
2022-04-01 15:00:46.668,17573,17575,17573,1,-1
2022-04-01 15:00:46.823,17573,17575,17573,1,-1
2022-04-01 15:00:47.817,17574,17575,17575,1,1
2022-04-01 15:00:47.844,17574,17575,17575,3,3
2022-04-01 15:00:47.845,17574,17575,17575,8,8
2022-04-01 15:00:48.206,17574,17576,17574,1,-1
2022-04-01 15:00:48.476,17574,17576,17576,1,1
2022-04-01 15:00:48.825,17574,17576,17574,5,-5
2022-04-01 15:00:48.825,17574,17576,17573,4,-4
2022-04-01 15:00:49.525,17573,17575,17575,1,1
2022-04-01 15:00:49.646,17573,17575,17575,1,1
2022-04-01 15:00:50.888,17574,17575,17575,2,2
2022-04-01 15:00:51.304,17574,17576,17576,1,1
2022-04-01 15:00:51.582,17575,17576,17576,2,2
2022-04-01 15:00:51.583,17575,17576,17576,10,10
2022-04-01 15:00:51.583,17575,17576,17576,6,6
2022-04-01 15:00:51.678,17575,17577,17577,1,1
2022-04-01 15:00:51.743,17575,17577,17577,1,1
2022-04-01 15:00:52.354,17575,17577,17577,1,1
2022-04-01 15:00:52.354,17575,17577,17577,2,2
2022-04-01 15:00:52.354,17575,17577,17577,7,7
2022-04-01 15:00:52.355,17575,17577,17577,7,7
2022-04-01 15:00:52.356,17575,17577,17578,4,4
2022-04-01 15:00:52.356,17575,17577,17578,4,4
2022-04-01 15:00:52.358,17575,17577,17578,4,4
2022-04-01 15:00:53.154,17577,17578,17577,1,-1
2022-04-01 15:00:53.308,17577,17578,17577,1,-1
2022-04-01 15:00:54.192,17577,17578,17577,1,-1
2022-04-01 15:00:56.448,17577,17578,17577,2,-2
2022-04-01 15:00:56.713,17576,17578,17578,1,1
2022-04-01 15:00:56.853,17576,17578,17578,1,1
2022-04-01 15:00:57.459,17576,17577,17577,1,1
2022-04-01 15:00:58.201,17576,17578,17578,6,6
2022-04-01 15:00:58.847,17577,17578,17578,1,1
2022-04-01 15:00:59.195,17577,17578,17578,1,1
2022-04-01 15:00:59.484,17577,17579,17577,4,-4
2022-04-01 15:00:59.982,17577,17579,17579,5,5
2022-04-01 15:01:00.056,17577,17579,17579,5,5
2022-04-01 15:01:00.057,17577,17579,17579,5,5
2022-04-01 15:01:00.158,17578,17580,17580,2,2
2022-04-01 15:01:00.163,17578,17580,17580,1,1
2022-04-01 15:01:00.163,17578,17580,17580,1,1
2022-04-01 15:01:00.164,17578,17580,17580,5,5
2022-04-01 15:01:00.164,17578,17580,17580,4,4
2022-04-01 15:01:00.164,17578,17580,17580,3,3
2022-04-01 15:01:00.164,17578,17580,17580,1,1
2022-04-01 15:01:00.232,17578,17580,17581,1,1
2022-04-01 15:01:00.249,17578,17580,17581,1,1
2022-04-01 15:01:00.336,17580,17581,17581,1,1
2022-04-01 15:01:00.336,17580,17581,17581,1,1
2022-04-01 15:01:00.338,17580,17581,17581,1,1
2022-04-01 15:01:00.405,17580,17581,17580,1,-1
2022-04-01 15:01:00.432,17580,17581,17581,3,3
2022-04-01 15:01:00.477,17580,17581,17580,2,-2
2022-04-01 15:01:00.492,17580,17581,17582,1,1
2022-04-01 15:01:00.556,17579,17582,17582,1,1
2022-04-01 15:01:00.567,17579,17582,17582,1,1
2022-04-01 15:01:00.579,17579,17582,17582,1,1
2022-04-01 15:01:00.585,17579,17582,17582,1,1
2022-04-01 15:01:00.595,17579,17582,17582,1,1
2022-04-01 15:01:00.621,17579,17582,17582,1,1
2022-04-01 15:01:00.621,17579,17582,17582,1,1
2022-04-01 15:01:00.670,17580,17582,17580,3,-3
2022-04-01 15:01:00.851,17580,17581,17581,1,1
2022-04-01 15:01:00.851,17580,17581,17582,1,1
2022-04-01 15:01:00.949,17580,17582,17582,1,1
2022-04-01 15:01:00.992,17580,17582,17582,1,1
2022-04-01 15:01:00.993,17580,17582,17582,1,1
2022-04-01 15:01:00.995,17580,17582,17583,1,1
2022-04-01 15:01:01.014,17580,17583,17583,1,1
2022-04-01 15:01:01.118,17580,17583,17583,1,1
2022-04-01 15:01:01.167,17580,17583,17583,4,4
2022-04-01 15:01:01.477,17580,17582,17580,4,-4
2022-04-01 15:01:01.895,17581,17582,17581,1,-1
2022-04-01 15:01:01.906,17581,17582,17582,1,1
2022-04-01 15:01:01.929,17581,17582,17582,1,1
2022-04-01 15:01:02.275,17580,17583,17583,1,1
2022-04-01 15:01:04.568,17581,17583,17581,1,-1
2022-04-01 15:01:04.598,17581,17583,17583,1,1
2022-04-01 15:01:04.601,17581,17583,17583,4,4
2022-04-01 15:01:05.720,17582,17583,17583,1,1
2022-04-01 15:01:07.458,17582,17583,17582,1,-1
2022-04-01 15:01:07.460,17582,17583,17581,1,-1
2022-04-01 15:01:07.460,17582,17583,17581,1,-1
2022-04-01 15:01:07.618,17580,17581,17580,1,-1
2022-04-01 15:01:08.807,17579,17581,17579,2,-2
2022-04-01 15:01:08.807,17579,17581,17579,1,-1
2022-04-01 15:01:08.807,17579,17581,17578,1,-1
2022-04-01 15:01:09.545,17579,17581,17581,1,1
2022-04-01 15:01:09.810,17579,17581,17579,4,-4
2022-04-01 15:01:11.034,17578,17580,17580,1,1
2022-04-01 15:01:12.681,17578,17579,17579,1,1
2022-04-01 15:01:13.984,17579,17580,17580,10,10
2022-04-01 15:01:14.331,17579,17580,17579,1,-1
2022-04-01 15:01:15.277,17579,17580,17580,2,2
2022-04-01 15:01:15.332,17579,17580,17580,2,2
2022-04-01 15:01:15.679,17579,17581,17581,1,1
2022-04-01 15:01:15.743,17579,17581,17579,3,-3
2022-04-01 15:01:16.387,17580,17581,17580,1,-1
2022-04-01 15:01:16.557,17579,17580,17580,1,1
2022-04-01 15:01:17.990,17580,17581,17580,1,-1
2022-04-01 15:01:18.013,17579,17580,17579,1,-1
2022-04-01 15:01:18.390,17579,17580,17579,2,-2
2022-04-01 15:01:18.534,17578,17579,17579,1,1
2022-04-01 15:01:20.188,17579,17580,17580,2,2
2022-04-01 15:01:20.422,17579,17580,17580,1,1
2022-04-01 15:01:20.607,17579,17580,17580,1,1
2022-04-01 15:01:24.299,17579,17580,17579,4,-4
2022-04-01 15:01:24.535,17578,17579,17578,3,-3
2022-04-01 15:01:24.610,17578,17579,17579,1,1
2022-04-01 15:01:24.736,17577,17579,17579,1,1
2022-04-01 15:01:24.785,17577,17579,17579,2,2
2022-04-01 15:01:24.785,17577,17579,17579,2,2
2022-04-01 15:01:26.325,17577,17579,17579,5,5
2022-04-01 15:01:26.325,17577,17579,17580,5,5
2022-04-01 15:01:28.193,17579,17580,17580,1,1
2022-04-01 15:01:28.218,17579,17580,17580,1,1
2022-04-01 15:01:28.831,17579,17580,17580,1,1
2022-04-01 15:01:29.874,17579,17580,17579,4,-4
2022-04-01 15:01:30.121,17578,17580,17578,1,-1
2022-04-01 15:01:32.994,17579,17580,17579,2,-2
2022-04-01 15:01:32.995,17579,17580,17579,6,-6
2022-04-01 15:01:33.671,17578,17580,17579,1,1
2022-04-01 15:01:34.920,17579,17580,17580,1,1
2022-04-01 15:01:35.638,17579,17580,17580,10,10
2022-04-01 15:01:36.209,17579,17580,17579,1,-1
2022-04-01 15:01:37.671,17579,17580,17579,1,-1
2022-04-01 15:01:38.260,17578,17579,17579,1,1
2022-04-01 15:01:39.531,17579,17580,17579,2,-2
2022-04-01 15:01:39.547,17579,17580,17580,9,9
2022-04-01 15:01:40.579,17580,17581,17580,1,-1
2022-04-01 15:01:41.194,17579,17581,17579,1,-1
2022-04-01 15:01:43.116,17579,17580,17579,3,-3
2022-04-01 15:01:43.332,17578,17579,17579,2,2
2022-04-01 15:01:43.332,17578,17579,17579,1,1
2022-04-01 15:01:44.564,17578,17579,17579,2,2
2022-04-01 15:01:44.564,17578,17579,17580,8,8
2022-04-01 15:01:45.328,17578,17579,17579,2,2
2022-04-01 15:01:47.490,17579,17580,17579,3,-3
2022-04-01 15:01:49.083,17578,17580,17578,1,-1
2022-04-01 15:01:52.214,17578,17579,17578,1,-1
2022-04-01 15:01:53.407,17578,17579,17578,11,-11
2022-04-01 15:01:53.832,17577,17578,17578,1,1
2022-04-01 15:01:54.773,17577,17579,17579,1,1
2022-04-01 15:01:54.797,17577,17579,17577,1,-1
2022-04-01 15:01:55.789,17578,17579,17579,1,1
2022-04-01 15:01:56.427,17578,17579,17579,4,4
2022-04-01 15:01:56.757,17578,17580,17578,1,-1
2022-04-01 15:01:59.588,17578,17579,17578,1,-1
2022-04-01 15:01:59.588,17578,17579,17578,1,-1
2022-04-01 15:01:59.922,17578,17579,17578,2,-2
2022-04-01 15:02:00.080,17577,17578,17578,1,1
2022-04-01 15:02:00.093,17577,17578,17578,1,1
2022-04-01 15:02:00.781,17577,17578,17578,1,1
2022-04-01 15:02:01.306,17577,17579,17578,1,1
2022-04-01 15:02:04.982,17578,17579,17578,1,-1
2022-04-01 15:02:05.123,17577,17579,17577,1,-1
2022-04-01 15:02:07.400,17578,17579,17578,1,-1
2022-04-01 15:02:07.750,17578,17579,17578,1,-1
2022-04-01 15:02:08.265,17577,17578,17577,10,-10
2022-04-01 15:02:08.266,17577,17578,17577,8,-8
2022-04-01 15:02:08.912,17576,17577,17576,4,-4
2022-04-01 15:02:08.913,17576,17577,17576,1,-1
2022-04-01 15:02:09.238,17576,17577,17577,1,1
2022-04-01 15:02:09.364,17576,17577,17576,2,-2
2022-04-01 15:02:09.946,17575,17576,17575,4,-4
2022-04-01 15:02:12.486,17574,17575,17575,4,4
2022-04-01 15:02:12.486,17574,17575,17576,6,6
2022-04-01 15:02:14.127,17574,17575,17575,3,3
2022-04-01 15:02:16.697,17575,17577,17577,1,1
2022-04-01 15:02:18.326,17575,17576,17576,1,1
2022-04-01 15:02:19.546,17576,17578,17576,4,-4
2022-04-01 15:02:19.901,17576,17577,17577,1,1
2022-04-01 15:02:20.593,17576,17578,17576,1,-1
2022-04-01 15:02:23.632,17574,17575,17574,5,-5
2022-04-01 15:02:23.633,17574,17575,17574,8,-8
2022-04-01 15:02:25.658,17573,17574,17573,1,-1
2022-04-01 15:02:25.851,17573,17574,17573,3,-3
2022-04-01 15:02:28.300,17572,17573,17573,1,1
2022-04-01 15:02:29.761,17572,17573,17572,2,-2
2022-04-01 15:02:30.005,17572,17573,17572,2,-2
2022-04-01 15:02:31.293,17572,17573,17573,1,1
2022-04-01 15:02:32.039,17572,17574,17572,1,-1
2022-04-01 15:02:32.838,17572,17573,17573,2,2
2022-04-01 15:02:32.903,17572,17573,17572,1,-1
2022-04-01 15:02:33.364,17572,17573,17572,4,-4
2022-04-01 15:02:33.366,17572,17573,17571,1,-1
2022-04-01 15:02:33.370,17572,17573,17571,1,-1
2022-04-01 15:02:33.370,17572,17573,17571,1,-1
2022-04-01 15:02:33.395,17571,17572,17571,1,-1
2022-04-01 15:02:33.395,17571,17572,17571,2,-2
2022-04-01 15:02:34.873,17570,17572,17570,1,-1
2022-04-01 15:02:34.991,17570,17572,17570,1,-1
2022-04-01 15:02:35.449,17570,17572,17571,1,1
2022-04-01 15:02:35.794,17571,17573,17573,2,2
2022-04-01 15:02:36.038,17572,17574,17574,1,1
2022-04-01 15:02:37.634,17572,17574,17574,1,1
2022-04-01 15:02:37.640,17572,17574,17574,2,2
2022-04-01 15:02:37.709,17572,17574,17574,1,1
2022-04-01 15:02:38.918,17572,17574,17572,1,-1
2022-04-01 15:02:39.160,17572,17574,17572,1,-1
2022-04-01 15:02:41.567,17571,17572,17572,1,1
2022-04-01 15:02:43.061,17571,17572,17572,1,1
2022-04-01 15:02:46.116,17572,17573,17572,1,-1
2022-04-01 15:02:48.407,17572,17573,17572,2,-2
2022-04-01 15:02:53.123,17572,17573,17572,1,-1
2022-04-01 15:02:53.304,17572,17573,17572,1,-1
2022-04-01 15:02:53.817,17572,17573,17573,1,1
2022-04-01 15:02:54.719,17572,17573,17573,1,1
2022-04-01 15:02:54.719,17572,17573,17573,1,1
2022-04-01 15:02:54.720,17572,17573,17573,3,3
2022-04-01 15:02:54.721,17572,17573,17574,10,10
2022-04-01 15:02:55.339,17574,17575,17575,1,1
2022-04-01 15:02:55.340,17574,17575,17575,14,14
2022-04-01 15:02:55.340,17574,17575,17575,7,7
2022-04-01 15:02:55.340,17574,17575,17575,5,5
2022-04-01 15:02:55.340,17574,17575,17575,2,2
2022-04-01 15:02:57.665,17574,17575,17574,1,-1
2022-04-01 15:02:59.890,17572,17574,17574,1,1
2022-04-01 15:02:59.890,17572,17574,17575,5,5
2022-04-01 15:03:00.131,17573,17575,17574,1,1
2022-04-01 15:03:00.725,17572,17575,17575,3,3
2022-04-01 15:03:01.008,17573,17575,17573,2,-2
2022-04-01 15:03:01.746,17572,17574,17574,3,3
2022-04-01 15:03:03.314,17573,17574,17573,2,-2
2022-04-01 15:03:03.984,17572,17574,17572,1,-1
2022-04-01 15:03:04.900,17572,17573,17573,1,1
2022-04-01 15:03:07.759,17573,17574,17574,3,3
2022-04-01 15:03:13.235,17574,17575,17575,4,4
2022-04-01 15:03:13.235,17574,17575,17575,1,1
2022-04-01 15:03:13.235,17574,17575,17575,1,1
2022-04-01 15:03:13.235,17574,17575,17575,11,11
2022-04-01 15:03:13.235,17574,17575,17575,5,5
2022-04-01 15:03:13.921,17574,17576,17574,1,-1
2022-04-01 15:03:14.928,17574,17576,17574,1,-1
2022-04-01 15:03:15.355,17575,17576,17575,1,-1
2022-04-01 15:03:16.299,17573,17575,17573,1,-1
2022-04-01 15:03:17.446,17573,17574,17574,1,1
2022-04-01 15:03:22.658,17573,17574,17573,1,-1
2022-04-01 15:03:23.252,17573,17574,17573,2,-2
2022-04-01 15:03:23.252,17573,17574,17573,1,-1
2022-04-01 15:03:23.863,17572,17573,17572,3,-3
2022-04-01 15:03:27.486,17572,17573,17572,2,-2
2022-04-01 15:03:27.828,17572,17573,17572,1,-1
2022-04-01 15:03:28.298,17571,17573,17571,2,-2
2022-04-01 15:03:33.735,17572,17574,17572,2,-2
2022-04-01 15:03:33.735,17572,17574,17571,2,-2
2022-04-01 15:03:34.393,17573,17574,17574,4,4
2022-04-01 15:03:39.611,17573,17574,17573,1,-1
2022-04-01 15:03:43.973,17572,17573,17572,2,-2
2022-04-01 15:03:46.555,17572,17573,17572,2,-2
2022-04-01 15:03:51.874,17571,17572,17572,1,1
2022-04-01 15:04:00.894,17571,17572,17572,1,1
2022-04-01 15:04:01.816,17571,17572,17572,1,1
2022-04-01 15:04:01.816,17571,17572,17572,3,3
2022-04-01 15:04:02.112,17572,17573,17572,1,-1
2022-04-01 15:04:02.876,17572,17573,17573,5,5
2022-04-01 15:04:02.876,17572,17573,17573,3,3
2022-04-01 15:04:02.876,17572,17573,17573,1,1
2022-04-01 15:04:02.876,17572,17573,17573,2,2
2022-04-01 15:04:02.876,17572,17573,17573,3,3
2022-04-01 15:04:02.876,17572,17573,17573,1,1
2022-04-01 15:04:06.028,17573,17574,17573,1,-1
2022-04-01 15:04:06.956,17573,17574,17574,3,3
2022-04-01 15:04:08.562,17573,17575,17573,1,-1
2022-04-01 15:04:22.821,17573,17574,17573,1,-1
2022-04-01 15:04:24.575,17573,17574,17573,1,-1
2022-04-01 15:04:24.576,17573,17574,17574,1,1
2022-04-01 15:04:31.577,17573,17575,17575,10,10
2022-04-01 15:04:31.578,17573,17575,17575,3,3
2022-04-01 15:04:34.061,17574,17575,17574,1,-1
2022-04-01 15:04:34.062,17574,17575,17574,1,-1
2022-04-01 15:04:43.558,17573,17574,17573,1,-1
2022-04-01 15:04:43.558,17573,17574,17573,4,-4
2022-04-01 15:04:45.693,17572,17573,17573,1,1
2022-04-01 15:04:48.957,17572,17573,17573,2,2
2022-04-01 15:04:51.022,17572,17573,17572,2,-2
2022-04-01 15:04:51.023,17572,17573,17572,1,-1
2022-04-01 15:04:51.023,17572,17573,17572,1,-1
2022-04-01 15:04:51.287,17571,17572,17572,1,1
2022-04-01 15:04:51.896,17571,17573,17573,1,1
2022-04-01 15:04:55.689,17572,17573,17572,1,-1
2022-04-01 15:04:55.697,17572,17573,17572,1,-1
2022-04-01 15:04:58.502,17571,17572,17571,2,-2
2022-04-01 15:04:58.552,17571,17572,17571,1,-1
2022-04-01 15:05:00.037,17571,17572,17572,2,2
2022-04-01 15:05:00.058,17571,17572,17573,4,4
2022-04-01 15:05:00.058,17571,17572,17574,1,1
2022-04-01 15:05:01.259,17573,17574,17573,1,-1
2022-04-01 15:05:01.528,17573,17574,17574,3,3
2022-04-01 15:05:01.529,17573,17574,17575,4,4
2022-04-01 15:05:02.168,17574,17576,17575,1,1
2022-04-01 15:05:03.801,17574,17576,17576,1,1
2022-04-01 15:05:04.830,17574,17576,17574,1,-1
2022-04-01 15:05:06.799,17574,17576,17576,1,1
2022-04-01 15:05:07.443,17574,17576,17576,3,3
2022-04-01 15:05:07.443,17574,17576,17577,2,2
2022-04-01 15:05:10.457,17575,17576,17576,1,1
2022-04-01 15:05:10.827,17575,17577,17577,1,1
2022-04-01 15:05:14.232,17574,17576,17576,1,1
2022-04-01 15:05:15.033,17574,17576,17576,1,1
2022-04-01 15:05:21.382,17574,17575,17575,1,1
2022-04-01 15:05:21.382,17574,17575,17576,4,4
2022-04-01 15:05:22.028,17574,17576,17576,1,1
2022-04-01 15:05:27.519,17574,17575,17574,4,-4
2022-04-01 15:05:29.023,17573,17574,17574,1,1
2022-04-01 15:05:35.151,17573,17574,17573,1,-1
2022-04-01 15:05:36.056,17571,17572,17572,1,1
2022-04-01 15:05:36.948,17571,17572,17571,3,-3
2022-04-01 15:05:38.273,17570,17572,17570,12,-12
2022-04-01 15:05:38.274,17570,17572,17570,35,-35
2022-04-01 15:05:38.274,17570,17572,17570,3,-3
2022-04-01 15:05:38.274,17570,17572,17570,3,-3
2022-04-01 15:05:38.275,17570,17572,17569,1,-1
2022-04-01 15:05:38.323,17570,17572,17569,2,-2
2022-04-01 15:05:38.427,17569,17570,17569,2,-2
2022-04-01 15:05:38.427,17569,17570,17568,1,-1
2022-04-01 15:05:38.450,17569,17570,17569,1,-1
2022-04-01 15:05:38.482,17569,17570,17568,1,-1
2022-04-01 15:05:40.968,17568,17569,17569,1,1
2022-04-01 15:05:40.968,17568,17569,17570,1,1
2022-04-01 15:05:41.050,17568,17570,17570,1,1
2022-04-01 15:05:43.029,17568,17569,17569,1,1
2022-04-01 15:05:44.401,17568,17569,17568,1,-1
2022-04-01 15:05:44.874,17568,17569,17569,1,1
2022-04-01 15:05:45.352,17568,17569,17569,1,1
2022-04-01 15:05:45.511,17568,17569,17569,1,1
2022-04-01 15:05:48.449,17568,17569,17568,2,-2
2022-04-01 15:05:48.449,17568,17569,17568,13,-13
2022-04-01 15:05:48.449,17568,17569,17568,5,-5
2022-04-01 15:05:48.449,17568,17569,17568,2,-2
2022-04-01 15:05:48.449,17568,17569,17568,1,-1
2022-04-01 15:05:48.450,17568,17569,17568,1,-1
2022-04-01 15:05:48.450,17568,17569,17568,1,-1
2022-04-01 15:05:49.854,17567,17568,17567,1,-1
2022-04-01 15:05:49.961,17567,17568,17567,1,-1
2022-04-01 15:05:50.607,17567,17568,17567,1,-1
2022-04-01 15:05:51.041,17567,17568,17568,1,1
2022-04-01 15:05:51.161,17567,17568,17567,1,-1
2022-04-01 15:05:51.283,17566,17568,17568,1,1
2022-04-01 15:05:52.250,17566,17567,17567,1,1
2022-04-01 15:05:54.319,17565,17566,17566,1,1
2022-04-01 15:05:54.399,17565,17566,17565,9,-9
2022-04-01 15:05:54.857,17564,17565,17565,1,1
2022-04-01 15:05:55.114,17565,17567,17566,1,1
2022-04-01 15:05:55.623,17565,17567,17567,1,1
2022-04-01 15:05:55.935,17565,17567,17565,2,-2
2022-04-01 15:05:56.137,17565,17566,17566,1,1
2022-04-01 15:05:56.233,17565,17566,17565,1,-1
2022-04-01 15:05:56.589,17564,17566,17566,5,5
2022-04-01 15:05:56.590,17564,17566,17566,5,5
2022-04-01 15:05:56.764,17564,17566,17566,1,1
2022-04-01 15:05:57.674,17565,17566,17565,1,-1
2022-04-01 15:05:58.029,17564,17566,17566,1,1
2022-04-01 15:06:01.022,17564,17565,17564,1,-1
2022-04-01 15:06:01.455,17564,17565,17565,1,1
2022-04-01 15:06:01.640,17564,17565,17565,1,1
2022-04-01 15:06:01.640,17564,17565,17565,6,6
2022-04-01 15:06:01.707,17564,17565,17566,1,1
2022-04-01 15:06:01.707,17564,17565,17567,1,1
2022-04-01 15:06:04.027,17564,17565,17564,2,-2
2022-04-01 15:06:05.022,17564,17565,17565,1,1
2022-04-01 15:06:05.040,17564,17565,17566,1,1
2022-04-01 15:06:12.045,17564,17565,17565,1,1
2022-04-01 15:06:14.164,17564,17565,17565,1,1
2022-04-01 15:06:17.286,17564,17565,17564,5,-5
2022-04-01 15:06:19.839,17564,17565,17565,1,1
2022-04-01 15:06:20.040,17564,17565,17565,1,1
2022-04-01 15:06:20.531,17564,17565,17564,1,-1
2022-04-01 15:06:20.532,17564,17565,17564,4,-4
2022-04-01 15:06:22.110,17564,17565,17564,1,-1
2022-04-01 15:06:24.714,17563,17565,17564,1,1
2022-04-01 15:06:25.629,17564,17565,17564,4,-4
2022-04-01 15:06:25.639,17564,17565,17565,10,10
2022-04-01 15:06:25.783,17565,17566,17566,1,1
2022-04-01 15:06:25.926,17566,17567,17566,1,-1
2022-04-01 15:06:26.559,17566,17567,17567,1,1
2022-04-01 15:06:27.037,17567,17569,17569,1,1
2022-04-01 15:06:28.083,17568,17570,17570,1,1
2022-04-01 15:06:28.096,17568,17570,17570,2,2
2022-04-01 15:06:32.787,17569,17570,17569,1,-1
2022-04-01 15:06:34.038,17569,17570,17570,1,1
2022-04-01 15:06:34.403,17569,17570,17570,1,1
2022-04-01 15:06:34.404,17569,17570,17570,1,1
2022-04-01 15:06:37.598,17567,17568,17567,1,-1
2022-04-01 15:06:41.038,17566,17567,17567,1,1
2022-04-01 15:06:45.131,17566,17567,17567,2,2
2022-04-01 15:06:48.035,17565,17567,17567,1,1
2022-04-01 15:06:49.098,17565,17567,17565,2,-2
2022-04-01 15:06:51.514,17565,17566,17566,1,1
2022-04-01 15:06:51.514,17565,17566,17567,1,1
2022-04-01 15:06:56.040,17566,17568,17568,1,1
2022-04-01 15:06:58.520,17566,17567,17567,1,1
2022-04-01 15:07:02.040,17565,17566,17566,1,1
2022-04-01 15:07:03.043,17565,17566,17566,1,1
2022-04-01 15:07:03.477,17565,17566,17565,3,-3
2022-04-01 15:07:03.631,17564,17566,17566,1,1
2022-04-01 15:07:04.435,17564,17565,17565,1,1
2022-04-01 15:07:05.022,17564,17566,17564,2,-2
2022-04-01 15:07:05.079,17564,17566,17565,1,1
2022-04-01 15:07:05.079,17564,17566,17566,4,4
2022-04-01 15:07:09.873,17565,17566,17566,1,1
2022-04-01 15:07:09.893,17566,17567,17567,2,2
2022-04-01 15:07:10.046,17566,17568,17568,1,1
2022-04-01 15:07:10.093,17566,17568,17566,1,-1
2022-04-01 15:07:12.315,17566,17568,17566,1,-1
2022-04-01 15:07:16.547,17566,17568,17568,1,1
2022-04-01 15:07:17.058,17566,17568,17568,1,1
2022-04-01 15:07:18.341,17566,17568,17566,1,-1
2022-04-01 15:07:24.262,17566,17568,17566,10,-10
2022-04-01 15:07:24.615,17565,17567,17567,2,2
2022-04-01 15:07:25.038,17565,17567,17567,1,1
2022-04-01 15:07:28.095,17565,17566,17566,1,1
2022-04-01 15:07:28.918,17565,17566,17565,1,-1
2022-04-01 15:07:28.918,17565,17566,17565,1,-1
2022-04-01 15:07:29.142,17564,17565,17564,2,-2
2022-04-01 15:07:32.037,17563,17565,17565,1,1
2022-04-01 15:07:34.110,17563,17565,17563,1,-1
2022-04-01 15:07:35.101,17563,17564,17563,3,-3
2022-04-01 15:07:35.102,17563,17564,17563,3,-3
2022-04-01 15:07:35.102,17563,17564,17563,1,-1
2022-04-01 15:07:35.102,17563,17564,17563,9,-9
2022-04-01 15:07:35.941,17562,17564,17562,2,-2
2022-04-01 15:07:37.106,17562,17563,17562,3,-3
2022-04-01 15:07:37.895,17562,17564,17562,1,-1
2022-04-01 15:07:38.758,17562,17563,17563,1,1
2022-04-01 15:07:38.791,17562,17563,17562,1,-1
2022-04-01 15:07:39.019,17562,17563,17563,1,1
2022-04-01 15:07:40.180,17562,17563,17562,1,-1
2022-04-01 15:07:42.092,17562,17563,17563,1,1
2022-04-01 15:07:42.468,17562,17564,17563,1,1
2022-04-01 15:07:46.022,17563,17564,17564,1,1
2022-04-01 15:07:46.554,17563,17565,17563,1,-1
2022-04-01 15:07:47.986,17563,17565,17565,1,1
2022-04-01 15:07:48.889,17564,17565,17565,16,16
2022-04-01 15:07:50.595,17564,17566,17564,1,-1
2022-04-01 15:07:53.029,17564,17565,17565,1,1
2022-04-01 15:07:53.458,17564,17565,17564,1,-1
2022-04-01 15:07:55.182,17563,17564,17563,1,-1
2022-04-01 15:07:57.028,17563,17565,17563,2,-2
2022-04-01 15:08:00.334,17563,17565,17563,1,-1
2022-04-01 15:08:00.966,17564,17566,17564,1,-1
2022-04-01 15:08:00.966,17564,17566,17563,2,-2
2022-04-01 15:08:01.033,17563,17565,17565,1,1
2022-04-01 15:08:06.834,17564,17565,17564,1,-1
2022-04-01 15:08:08.022,17563,17564,17564,1,1
2022-04-01 15:08:13.150,17563,17564,17564,1,1
2022-04-01 15:08:15.023,17564,17565,17565,1,1
2022-04-01 15:08:22.026,17564,17565,17565,1,1
2022-04-01 15:08:22.489,17564,17565,17565,9,9
2022-04-01 15:08:23.076,17565,17566,17565,1,-1
2022-04-01 15:08:25.216,17564,17566,17566,1,1
2022-04-01 15:08:26.277,17565,17566,17565,1,-1
2022-04-01 15:08:29.530,17565,17566,17565,1,-1
2022-04-01 15:08:29.745,17565,17566,17565,1,-1
2022-04-01 15:08:30.027,17565,17566,17566,1,1
2022-04-01 15:08:30.790,17565,17566,17565,2,-2
2022-04-01 15:08:32.596,17565,17566,17565,1,-1
2022-04-01 15:08:34.256,17564,17566,17566,1,1
2022-04-01 15:08:37.027,17564,17566,17566,1,1
2022-04-01 15:08:44.027,17565,17566,17566,1,1
2022-04-01 15:08:45.248,17565,17566,17565,1,-1
2022-04-01 15:08:45.249,17565,17566,17565,1,-1
2022-04-01 15:08:47.746,17564,17565,17564,1,-1
2022-04-01 15:08:51.029,17564,17565,17565,1,1
2022-04-01 15:08:55.145,17565,17566,17565,1,-1
2022-04-01 15:08:58.030,17564,17565,17565,1,1
2022-04-01 15:09:01.698,17564,17565,17565,1,1
2022-04-01 15:09:02.054,17564,17565,17565,1,1
2022-04-01 15:09:02.060,17564,17565,17565,1,1
2022-04-01 15:09:02.081,17564,17565,17565,1,1
2022-04-01 15:09:03.018,17564,17565,17565,1,1
2022-04-01 15:09:03.179,17564,17565,17565,1,1
2022-04-01 15:09:04.153,17564,17566,17566,1,1
2022-04-01 15:09:05.822,17564,17565,17565,1,1
2022-04-01 15:09:06.033,17564,17566,17566,1,1
2022-04-01 15:09:13.052,17565,17566,17566,1,1
2022-04-01 15:09:13.131,17565,17566,17565,5,-5
2022-04-01 15:09:14.328,17565,17566,17565,1,-1
2022-04-01 15:09:15.122,17564,17565,17564,1,-1
2022-04-01 15:09:15.122,17564,17565,17564,4,-4
2022-04-01 15:09:15.122,17564,17565,17564,7,-7
2022-04-01 15:09:15.181,17563,17564,17563,3,-3
2022-04-01 15:09:15.775,17563,17564,17564,1,1
2022-04-01 15:09:20.035,17563,17565,17565,1,1
2022-04-01 15:09:20.634,17563,17565,17563,1,-1
2022-04-01 15:09:27.034,17564,17565,17565,1,1
2022-04-01 15:09:29.455,17564,17565,17565,2,2
2022-04-01 15:09:29.816,17565,17566,17565,2,-2
2022-04-01 15:09:29.819,17565,17566,17566,17,17
2022-04-01 15:09:30.986,17566,17567,17567,10,10
2022-04-01 15:09:35.039,17566,17567,17567,1,1
2022-04-01 15:09:35.415,17566,17567,17567,2,2
2022-04-01 15:09:42.034,17567,17568,17568,1,1
2022-04-01 15:09:42.341,17567,17568,17567,1,-1
2022-04-01 15:09:42.448,17566,17568,17568,1,1
2022-04-01 15:09:46.364,17566,17568,17568,1,1
2022-04-01 15:09:49.039,17566,17568,17568,1,1
2022-04-01 15:09:54.505,17566,17567,17567,1,1
2022-04-01 15:09:56.025,17566,17567,17567,1,1
2022-04-01 15:09:58.546,17566,17567,17567,1,1
2022-04-01 15:10:00.869,17566,17567,17566,5,-5
2022-04-01 15:10:00.899,17565,17566,17566,1,1
2022-04-01 15:10:03.035,17565,17567,17567,1,1
2022-04-01 15:10:06.732,17565,17566,17566,1,1
2022-04-01 15:10:07.031,17566,17567,17567,1,1
2022-04-01 15:10:07.188,17566,17567,17566,1,-1
2022-04-01 15:10:07.548,17566,17567,17566,1,-1
2022-04-01 15:10:07.555,17566,17567,17567,6,6
2022-04-01 15:10:10.718,17567,17568,17568,14,14
2022-04-01 15:10:10.718,17567,17568,17568,5,5
2022-04-01 15:10:10.719,17567,17568,17568,1,1
2022-04-01 15:10:10.719,17567,17568,17568,1,1
2022-04-01 15:10:11.032,17568,17569,17569,1,1
2022-04-01 15:10:11.389,17568,17569,17569,5,5
2022-04-01 15:10:11.389,17568,17569,17569,1,1
2022-04-01 15:10:11.389,17568,17569,17569,1,1
2022-04-01 15:10:11.390,17568,17569,17569,2,2
2022-04-01 15:10:11.390,17568,17569,17569,1,1
2022-04-01 15:10:11.390,17568,17569,17569,1,1
2022-04-01 15:10:13.779,17569,17570,17569,1,-1
2022-04-01 15:10:14.661,17569,17570,17569,1,-1
2022-04-01 15:10:15.247,17569,17570,17569,1,-1
2022-04-01 15:10:17.368,17567,17569,17567,1,-1
2022-04-01 15:10:18.033,17567,17568,17568,1,1
2022-04-01 15:10:18.138,17567,17568,17568,1,1
2022-04-01 15:10:19.864,17567,17569,17569,1,1
2022-04-01 15:10:20.323,17568,17569,17569,2,2
2022-04-01 15:10:25.034,17567,17569,17569,1,1
2022-04-01 15:10:31.251,17568,17569,17569,1,1
2022-04-01 15:10:32.032,17568,17569,17569,1,1
2022-04-01 15:10:32.615,17569,17570,17569,1,-1
2022-04-01 15:10:39.206,17568,17569,17568,6,-6
2022-04-01 15:10:40.010,17567,17568,17568,1,1
2022-04-01 15:10:40.035,17567,17568,17568,1,1
2022-04-01 15:10:44.891,17568,17569,17568,1,-1
2022-04-01 15:10:45.236,17568,17569,17569,2,2
2022-04-01 15:10:46.212,17569,17570,17569,2,-2
2022-04-01 15:10:47.033,17569,17570,17570,1,1
2022-04-01 15:10:48.983,17569,17570,17569,1,-1
2022-04-01 15:10:52.682,17569,17570,17570,5,5
2022-04-01 15:10:52.683,17569,17570,17570,1,1
2022-04-01 15:10:52.683,17569,17570,17570,1,1
2022-04-01 15:10:52.683,17569,17570,17570,1,1
2022-04-01 15:10:52.683,17569,17570,17570,2,2
2022-04-01 15:10:52.683,17569,17570,17570,1,1
2022-04-01 15:10:54.036,17569,17571,17571,1,1
2022-04-01 15:11:01.042,17569,17570,17570,1,1
2022-04-01 15:11:01.104,17569,17570,17570,1,1
2022-04-01 15:11:02.325,17569,17570,17570,1,1
2022-04-01 15:11:06.944,17569,17570,17570,1,1
2022-04-01 15:11:08.020,17569,17571,17571,1,1
2022-04-01 15:11:08.794,17569,17570,17570,1,1
2022-04-01 15:11:10.232,17570,17571,17571,7,7
2022-04-01 15:11:11.248,17571,17572,17572,10,10
2022-04-01 15:11:11.272,17571,17572,17572,1,1
2022-04-01 15:11:11.304,17571,17572,17573,2,2
2022-04-01 15:11:11.492,17572,17573,17573,1,1
2022-04-01 15:11:14.120,17573,17574,17574,2,2
2022-04-01 15:11:14.743,17574,17575,17575,13,13
2022-04-01 15:11:16.024,17574,17576,17576,1,1
2022-04-01 15:11:17.531,17574,17575,17575,1,1
2022-04-01 15:11:19.536,17575,17576,17576,1,1
2022-04-01 15:11:21.171,17575,17576,17576,1,1
2022-04-01 15:11:21.453,17575,17576,17576,3,3
2022-04-01 15:11:21.453,17575,17576,17577,2,2
2022-04-01 15:11:23.024,17575,17577,17577,1,1
2022-04-01 15:11:23.816,17576,17577,17576,2,-2
2022-04-01 15:11:24.638,17576,17577,17576,1,-1
2022-04-01 15:11:27.168,17575,17577,17576,1,1
2022-04-01 15:11:28.147,17575,17576,17575,4,-4
2022-04-01 15:11:29.702,17574,17575,17574,2,-2
2022-04-01 15:11:30.024,17573,17574,17574,1,1
2022-04-01 15:11:30.710,17573,17575,17575,1,1
2022-04-01 15:11:32.060,17574,17575,17575,3,3
2022-04-01 15:11:32.060,17574,17575,17576,2,2
2022-04-01 15:11:32.755,17573,17574,17574,1,1
2022-04-01 15:11:33.878,17574,17575,17575,1,1
2022-04-01 15:11:34.667,17574,17575,17575,1,1
2022-04-01 15:11:35.398,17574,17575,17574,3,-3
2022-04-01 15:11:37.031,17573,17574,17574,1,1
2022-04-01 15:11:39.018,17573,17574,17574,1,1
2022-04-01 15:11:40.553,17573,17574,17574,1,1
2022-04-01 15:11:45.035,17574,17576,17576,1,1
2022-04-01 15:11:48.710,17575,17576,17575,3,-3
2022-04-01 15:11:49.924,17574,17575,17575,2,2
2022-04-01 15:11:51.530,17575,17576,17575,1,-1
2022-04-01 15:11:51.929,17575,17576,17576,5,5
2022-04-01 15:11:52.029,17575,17576,17576,1,1
2022-04-01 15:11:53.667,17575,17576,17576,1,1
2022-04-01 15:11:59.033,17575,17577,17577,1,1
2022-04-01 15:12:04.824,17575,17577,17576,1,1
2022-04-01 15:12:04.926,17575,17576,17575,1,-1
2022-04-01 15:12:06.039,17575,17577,17577,1,1
2022-04-01 15:12:06.235,17575,17577,17577,1,1
2022-04-01 15:12:06.235,17575,17577,17577,5,5
2022-04-01 15:12:06.245,17575,17577,17577,1,1
2022-04-01 15:12:07.497,17576,17577,17577,4,4
2022-04-01 15:12:08.043,17577,17578,17577,3,-3
2022-04-01 15:12:08.319,17576,17577,17576,1,-1
2022-04-01 15:12:11.684,17575,17576,17576,1,1
2022-04-01 15:12:13.033,17576,17577,17577,1,1
2022-04-01 15:12:16.371,17576,17577,17577,1,1
2022-04-01 15:12:16.736,17577,17578,17577,5,-5
2022-04-01 15:12:19.362,17577,17578,17578,5,5
2022-04-01 15:12:19.362,17577,17578,17578,1,1
2022-04-01 15:12:19.362,17577,17578,17578,3,3
2022-04-01 15:12:19.362,17577,17578,17578,1,1
2022-04-01 15:12:19.362,17577,17578,17578,6,6
2022-04-01 15:12:21.039,17578,17579,17579,1,1
2022-04-01 15:12:22.064,17578,17579,17578,1,-1
2022-04-01 15:12:23.040,17578,17579,17579,1,1
2022-04-01 15:12:28.033,17578,17579,17579,1,1
2022-04-01 15:12:29.584,17578,17579,17578,1,-1
2022-04-01 15:12:29.829,17578,17579,17579,5,5
2022-04-01 15:12:30.154,17578,17579,17578,5,-5
2022-04-01 15:12:32.883,17576,17578,17578,1,1
2022-04-01 15:12:35.023,17577,17578,17578,1,1
2022-04-01 15:12:35.214,17577,17578,17577,6,-6
2022-04-01 15:12:35.214,17577,17578,17577,1,-1
2022-04-01 15:12:35.214,17577,17578,17577,7,-7
2022-04-01 15:12:35.407,17576,17577,17576,2,-2
2022-04-01 15:12:35.407,17576,17577,17576,1,-1
2022-04-01 15:12:35.407,17576,17577,17576,2,-2
2022-04-01 15:12:36.916,17575,17576,17576,1,1
2022-04-01 15:12:38.855,17575,17576,17576,2,2
2022-04-01 15:12:39.260,17576,17577,17576,1,-1
2022-04-01 15:12:42.032,17576,17577,17577,1,1
2022-04-01 15:12:50.033,17577,17578,17578,1,1
2022-04-01 15:12:50.168,17577,17579,17577,2,-2
2022-04-01 15:12:50.541,17577,17578,17578,1,1
2022-04-01 15:12:54.120,17577,17578,17577,1,-1
2022-04-01 15:12:55.286,17577,17578,17577,1,-1
2022-04-01 15:12:55.345,17577,17578,17578,3,3
2022-04-01 15:12:57.025,17577,17578,17578,1,1
2022-04-01 15:12:57.564,17577,17579,17577,1,-1
2022-04-01 15:13:02.948,17577,17578,17578,2,2
2022-04-01 15:13:02.949,17577,17578,17578,3,3
2022-04-01 15:13:03.240,17577,17579,17578,1,1
2022-04-01 15:13:04.026,17577,17578,17578,1,1
2022-04-01 15:13:06.054,17578,17579,17579,3,3
2022-04-01 15:13:06.054,17578,17579,17579,2,2
2022-04-01 15:13:06.288,17579,17580,17580,1,1
2022-04-01 15:13:06.333,17579,17580,17580,5,5
2022-04-01 15:13:06.333,17579,17580,17580,1,1
2022-04-01 15:13:06.334,17579,17580,17580,13,13
2022-04-01 15:13:06.336,17579,17580,17581,5,5
2022-04-01 15:13:06.417,17581,17582,17582,1,1
2022-04-01 15:13:06.443,17581,17582,17582,1,1
2022-04-01 15:13:06.535,17581,17582,17582,1,1
2022-04-01 15:13:07.153,17580,17581,17580,1,-1
2022-04-01 15:13:07.181,17580,17581,17581,1,1
2022-04-01 15:13:07.616,17580,17581,17580,1,-1
2022-04-01 15:13:10.140,17580,17582,17580,1,-1
2022-04-01 15:13:10.328,17580,17581,17580,1,-1
2022-04-01 15:13:11.039,17581,17582,17582,1,1
2022-04-01 15:13:11.505,17580,17582,17580,2,-2
2022-04-01 15:13:12.376,17579,17581,17579,1,-1
2022-04-01 15:13:13.076,17580,17581,17582,2,2
2022-04-01 15:13:13.245,17580,17582,17580,2,-2
2022-04-01 15:13:16.447,17579,17581,17581,2,2
2022-04-01 15:13:18.032,17579,17581,17581,1,1
2022-04-01 15:13:19.792,17580,17581,17580,1,-1
2022-04-01 15:13:22.642,17579,17580,17580,1,1
2022-04-01 15:13:22.983,17579,17581,17581,2,2
2022-04-01 15:13:26.032,17579,17580,17580,1,1
2022-04-01 15:13:29.818,17580,17581,17580,5,-5
2022-04-01 15:13:31.026,17579,17580,17580,1,1
2022-04-01 15:13:32.335,17579,17580,17580,1,1
2022-04-01 15:13:33.035,17579,17580,17580,1,1
2022-04-01 15:13:33.753,17579,17580,17579,1,-1
2022-04-01 15:13:33.753,17579,17580,17579,12,-12
2022-04-01 15:13:35.123,17578,17579,17578,1,-1
2022-04-01 15:13:36.403,17578,17579,17578,1,-1
2022-04-01 15:13:37.698,17578,17579,17578,3,-3
2022-04-01 15:13:37.763,17578,17579,17578,3,-3
2022-04-01 15:13:38.753,17578,17579,17579,1,1
2022-04-01 15:13:38.754,17578,17579,17578,3,-3
2022-04-01 15:13:38.993,17577,17578,17578,1,1
2022-04-01 15:13:39.057,17577,17579,17579,1,1
2022-04-01 15:13:40.078,17577,17579,17579,1,1
2022-04-01 15:13:42.577,17577,17579,17579,2,2
2022-04-01 15:13:46.820,17577,17578,17578,1,1
2022-04-01 15:13:46.820,17577,17578,17579,1,1
2022-04-01 15:13:47.037,17577,17579,17579,1,1
2022-04-01 15:13:47.199,17577,17579,17579,1,1
2022-04-01 15:13:53.629,17577,17578,17577,2,-2
2022-04-01 15:13:55.051,17576,17578,17578,1,1
2022-04-01 15:13:57.278,17577,17578,17577,1,-1
2022-04-01 15:14:01.701,17576,17578,17578,1,1
2022-04-01 15:14:02.045,17577,17578,17578,1,1
2022-04-01 15:14:03.278,17576,17577,17576,10,-10
2022-04-01 15:14:06.988,17575,17576,17575,10,-10
2022-04-01 15:14:07.774,17574,17575,17574,1,-1
2022-04-01 15:14:08.140,17574,17575,17575,1,1
2022-04-01 15:14:08.278,17574,17576,17574,1,-1
2022-04-01 15:14:09.028,17574,17576,17576,1,1
2022-04-01 15:14:10.475,17574,17575,17574,4,-4
2022-04-01 15:14:11.434,17573,17574,17573,1,-1
2022-04-01 15:14:11.997,17573,17574,17573,13,-13
2022-04-01 15:14:12.163,17572,17573,17572,1,-1
2022-04-01 15:14:12.164,17572,17573,17572,5,-5
2022-04-01 15:14:12.291,17571,17572,17572,1,1
2022-04-01 15:14:12.951,17571,17573,17573,1,1
2022-04-01 15:14:14.542,17572,17573,17572,2,-2
2022-04-01 15:14:16.027,17571,17572,17572,1,1
2022-04-01 15:14:16.244,17571,17572,17571,3,-3
2022-04-01 15:14:17.911,17571,17572,17572,1,1
2022-04-01 15:14:18.661,17571,17572,17572,2,2
2022-04-01 15:14:19.211,17571,17572,17571,1,-1
2022-04-01 15:14:20.195,17571,17572,17571,2,-2
2022-04-01 15:14:20.267,17571,17572,17571,1,-1
2022-04-01 15:14:21.107,17571,17572,17571,3,-3
2022-04-01 15:14:21.108,17571,17572,17570,1,-1
2022-04-01 15:14:21.108,17571,17572,17570,7,-7
2022-04-01 15:14:21.166,17569,17570,17569,7,-7
2022-04-01 15:14:21.167,17569,17570,17568,1,-1
2022-04-01 15:14:21.310,17568,17569,17569,1,1
2022-04-01 15:14:22.627,17568,17570,17570,1,1
2022-04-01 15:14:23.032,17568,17570,17570,1,1
2022-04-01 15:14:23.727,17569,17571,17569,1,-1
2022-04-01 15:14:24.519,17568,17571,17571,2,2
2022-04-01 15:14:24.672,17569,17571,17569,1,-1
2022-04-01 15:14:26.506,17569,17571,17569,1,-1
2022-04-01 15:14:27.762,17569,17570,17569,1,-1
2022-04-01 15:14:28.290,17568,17569,17569,1,1
2022-04-01 15:14:28.816,17568,17570,17569,1,1
2022-04-01 15:14:29.772,17568,17569,17568,2,-2
2022-04-01 15:14:29.772,17568,17569,17568,2,-2
2022-04-01 15:14:30.051,17567,17569,17569,2,2
2022-04-01 15:14:30.176,17567,17569,17569,1,1
2022-04-01 15:14:30.503,17567,17569,17569,1,1
2022-04-01 15:14:31.032,17567,17569,17569,1,1
2022-04-01 15:14:31.365,17567,17568,17567,3,-3
2022-04-01 15:14:31.840,17567,17568,17568,1,1
2022-04-01 15:14:31.954,17567,17568,17567,3,-3
2022-04-01 15:14:32.540,17566,17567,17567,1,1
2022-04-01 15:14:32.541,17566,17567,17567,1,1
2022-04-01 15:14:33.066,17566,17567,17566,1,-1
2022-04-01 15:14:33.533,17566,17567,17566,1,-1
2022-04-01 15:14:34.197,17566,17567,17566,1,-1
2022-04-01 15:14:35.991,17566,17567,17566,1,-1
2022-04-01 15:14:37.514,17566,17567,17567,3,3
2022-04-01 15:14:37.514,17566,17567,17567,1,1
2022-04-01 15:14:37.515,17566,17567,17567,1,1
2022-04-01 15:14:38.033,17567,17569,17569,1,1
2022-04-01 15:14:39.777,17568,17569,17569,1,1
2022-04-01 15:14:39.777,17568,17569,17569,1,1
2022-04-01 15:14:45.034,17568,17570,17569,1,1
2022-04-01 15:14:47.369,17569,17570,17569,2,-2
2022-04-01 15:14:49.228,17569,17570,17569,1,-1
2022-04-01 15:14:51.867,17568,17569,17568,1,-1
2022-04-01 15:14:52.057,17568,17569,17569,1,1
2022-04-01 15:14:52.143,17568,17569,17568,3,-3
2022-04-01 15:14:54.584,17567,17568,17568,1,1
2022-04-01 15:14:55.797,17567,17568,17567,2,-2
2022-04-01 15:14:56.937,17567,17568,17567,1,-1
2022-04-01 15:14:56.937,17567,17568,17566,1,-1
2022-04-01 15:14:59.343,17567,17568,17568,2,2
2022-04-01 15:15:00.021,17568,17569,17569,1,1
2022-04-01 15:15:00.121,17568,17569,17568,1,-1
2022-04-01 15:15:00.175,17568,17570,17570,1,1
2022-04-01 15:15:01.558,17568,17569,17568,1,-1
2022-04-01 15:15:08.461,17569,17570,17570,3,3
2022-04-01 15:15:08.611,17570,17571,17571,4,4
2022-04-01 15:15:09.706,17571,17572,17572,2,2
2022-04-01 15:15:09.772,17572,17574,17572,1,-1
2022-04-01 15:15:11.051,17572,17574,17572,1,-1
2022-04-01 15:15:11.828,17572,17574,17574,1,1
2022-04-01 15:15:12.186,17572,17574,17574,1,1
2022-04-01 15:15:14.582,17574,17575,17574,1,-1
2022-04-01 15:15:15.954,17574,17575,17575,1,1
2022-04-01 15:15:22.038,17575,17576,17575,1,-1
2022-04-01 15:15:22.510,17575,17576,17575,1,-1
2022-04-01 15:15:28.163,17573,17574,17574,2,2
2022-04-01 15:15:28.221,17573,17574,17573,1,-1
2022-04-01 15:15:33.040,17568,17570,17569,1,1
2022-04-01 15:15:33.308,17568,17570,17570,1,1
2022-04-01 15:15:33.587,17568,17570,17568,1,-1
2022-04-01 15:15:37.821,17568,17569,17568,4,-4
2022-04-01 15:15:41.139,17568,17569,17569,1,1
2022-04-01 15:15:44.050,17568,17570,17568,1,-1
2022-04-01 15:15:47.140,17569,17570,17570,1,1
2022-04-01 15:15:53.288,17569,17570,17570,1,1
2022-04-01 15:15:55.043,17569,17570,17569,1,-1
2022-04-01 15:15:57.581,17569,17570,17569,1,-1
2022-04-01 15:16:02.715,17568,17570,17570,2,2
2022-04-01 15:16:03.198,17568,17570,17570,1,1
2022-04-01 15:16:03.409,17568,17570,17570,1,1
2022-04-01 15:16:06.051,17569,17571,17569,1,-1
2022-04-01 15:16:10.923,17569,17571,17571,3,3
2022-04-01 15:16:11.053,17569,17571,17571,2,2
2022-04-01 15:16:17.054,17570,17572,17570,1,-1
2022-04-01 15:16:23.160,17570,17571,17570,2,-2
2022-04-01 15:16:23.880,17569,17570,17570,1,1
2022-04-01 15:16:27.905,17571,17573,17573,3,3
2022-04-01 15:16:28.038,17571,17573,17571,1,-1
2022-04-01 15:16:28.276,17571,17573,17573,3,3
2022-04-01 15:16:28.328,17571,17573,17573,2,2
2022-04-01 15:16:28.345,17571,17573,17572,1,1
2022-04-01 15:16:30.821,17573,17574,17573,2,-2
2022-04-01 15:16:31.366,17573,17574,17574,4,4
2022-04-01 15:16:32.812,17574,17575,17575,3,3
2022-04-01 15:16:33.320,17574,17575,17575,3,3
2022-04-01 15:16:33.843,17574,17575,17575,3,3
2022-04-01 15:16:33.862,17574,17575,17576,2,2
2022-04-01 15:16:34.131,17576,17577,17577,1,1
2022-04-01 15:16:35.490,17575,17577,17575,1,-1
2022-04-01 15:16:37.724,17575,17577,17575,1,-1
2022-04-01 15:16:37.888,17575,17577,17577,2,2
2022-04-01 15:16:38.276,17576,17577,17577,2,2
2022-04-01 15:16:39.609,17575,17577,17577,1,1
2022-04-01 15:16:40.039,17576,17577,17576,1,-1
2022-04-01 15:16:40.491,17576,17577,17577,5,5
2022-04-01 15:16:40.492,17576,17577,17577,1,1
2022-04-01 15:16:40.953,17577,17578,17578,9,9
2022-04-01 15:16:41.042,17578,17579,17578,1,-1
2022-04-01 15:16:41.212,17578,17579,17579,4,4
2022-04-01 15:16:41.213,17578,17579,17579,1,1
2022-04-01 15:16:41.213,17578,17579,17579,1,1
2022-04-01 15:16:41.213,17578,17579,17579,1,1
2022-04-01 15:16:42.121,17578,17579,17579,1,1
2022-04-01 15:16:42.693,17578,17579,17578,2,-2
2022-04-01 15:16:42.992,17577,17579,17577,1,-1
2022-04-01 15:16:43.253,17577,17579,17579,2,2
2022-04-01 15:16:44.068,17578,17579,17579,2,2
2022-04-01 15:16:45.388,17578,17579,17579,2,2
2022-04-01 15:16:45.812,17579,17580,17580,2,2
2022-04-01 15:16:45.913,17579,17580,17579,1,-1
2022-04-01 15:16:46.610,17579,17580,17580,19,19
2022-04-01 15:16:46.692,17580,17581,17581,1,1
2022-04-01 15:16:48.255,17581,17582,17582,6,6
2022-04-01 15:16:48.255,17581,17582,17583,4,4
2022-04-01 15:16:48.290,17581,17583,17583,1,1
2022-04-01 15:16:48.317,17581,17583,17583,1,1
2022-04-01 15:16:48.325,17581,17583,17583,1,1
2022-04-01 15:16:48.480,17582,17583,17583,12,12
2022-04-01 15:16:48.488,17582,17583,17584,5,5
2022-04-01 15:16:48.494,17582,17583,17584,1,1
2022-04-01 15:16:48.494,17582,17583,17584,1,1
2022-04-01 15:16:48.547,17582,17584,17584,1,1
2022-04-01 15:16:48.573,17582,17584,17584,3,3
2022-04-01 15:16:48.657,17582,17584,17584,6,6
2022-04-01 15:16:48.691,17582,17584,17584,1,1
2022-04-01 15:16:48.880,17583,17584,17584,1,1
2022-04-01 15:16:48.880,17583,17584,17585,1,1
2022-04-01 15:16:48.881,17583,17584,17585,1,1
2022-04-01 15:16:48.905,17583,17585,17585,5,5
2022-04-01 15:16:48.907,17583,17585,17585,2,2
2022-04-01 15:16:48.933,17583,17585,17585,1,1
2022-04-01 15:16:49.044,17584,17585,17584,1,-1
2022-04-01 15:16:49.050,17584,17585,17585,1,1
2022-04-01 15:16:49.055,17584,17585,17585,1,1
2022-04-01 15:16:49.082,17584,17585,17584,3,-3
2022-04-01 15:16:49.145,17583,17585,17585,2,2
2022-04-01 15:16:49.173,17583,17585,17583,2,-2
2022-04-01 15:16:49.211,17583,17585,17585,1,1
2022-04-01 15:16:49.242,17583,17585,17585,1,1
2022-04-01 15:16:49.332,17583,17585,17585,2,2
2022-04-01 15:16:49.356,17583,17585,17583,1,-1
2022-04-01 15:16:49.365,17583,17585,17584,1,1
2022-04-01 15:16:49.689,17582,17584,17584,1,1
2022-04-01 15:16:49.708,17582,17584,17584,1,1
2022-04-01 15:16:49.709,17582,17584,17584,1,1
2022-04-01 15:16:49.709,17582,17584,17584,1,1
2022-04-01 15:16:50.040,17582,17584,17584,2,2
2022-04-01 15:16:50.857,17582,17584,17584,3,3
2022-04-01 15:16:51.047,17583,17585,17583,1,-1
2022-04-01 15:16:51.728,17583,17585,17584,2,2
2022-04-01 15:16:51.774,17583,17584,17584,2,2
2022-04-01 15:16:51.944,17583,17585,17584,1,1
2022-04-01 15:16:51.944,17583,17585,17585,1,1
2022-04-01 15:16:52.241,17583,17585,17585,2,2
2022-04-01 15:16:52.791,17583,17585,17583,2,-2
2022-04-01 15:16:54.348,17583,17584,17584,2,2
2022-04-01 15:16:54.529,17584,17585,17584,1,-1
2022-04-01 15:16:55.144,17584,17585,17585,2,2
2022-04-01 15:16:55.504,17584,17585,17585,2,2
2022-04-01 15:16:55.768,17584,17585,17585,2,2
2022-04-01 15:16:56.157,17584,17585,17585,2,2
2022-04-01 15:16:56.488,17584,17585,17585,2,2
2022-04-01 15:16:56.930,17584,17585,17584,1,-1
2022-04-01 15:16:57.822,17584,17585,17584,2,-2
2022-04-01 15:16:58.997,17584,17585,17584,1,-1
2022-04-01 15:17:00.271,17584,17585,17585,18,18
2022-04-01 15:17:00.332,17584,17585,17586,3,3
2022-04-01 15:17:00.333,17584,17585,17586,5,5
2022-04-01 15:17:00.333,17584,17585,17586,4,4
2022-04-01 15:17:00.368,17584,17585,17586,1,1
2022-04-01 15:17:00.490,17585,17587,17586,1,1
2022-04-01 15:17:00.569,17586,17587,17587,2,2
2022-04-01 15:17:00.669,17586,17587,17587,1,1
2022-04-01 15:17:00.680,17586,17587,17587,1,1
2022-04-01 15:17:00.729,17586,17587,17587,1,1
2022-04-01 15:17:00.740,17586,17587,17587,1,1
2022-04-01 15:17:00.744,17586,17587,17587,2,2
2022-04-01 15:17:00.745,17586,17587,17587,1,1
2022-04-01 15:17:00.747,17586,17587,17588,1,1
2022-04-01 15:17:00.753,17586,17587,17588,1,1
2022-04-01 15:17:00.758,17586,17587,17588,2,2
2022-04-01 15:17:00.760,17587,17588,17588,2,2
2022-04-01 15:17:00.761,17587,17588,17588,11,11
2022-04-01 15:17:00.762,17587,17588,17588,3,3
2022-04-01 15:17:00.763,17587,17588,17589,1,1
2022-04-01 15:17:00.763,17587,17588,17589,1,1
2022-04-01 15:17:00.763,17587,17588,17589,1,1
2022-04-01 15:17:00.763,17587,17588,17589,1,1
2022-04-01 15:17:00.763,17587,17588,17589,1,1
2022-04-01 15:17:00.774,17587,17588,17589,4,4
2022-04-01 15:17:00.774,17587,17588,17589,2,2
2022-04-01 15:17:00.775,17587,17588,17589,3,3
2022-04-01 15:17:00.775,17587,17588,17589,7,7
2022-04-01 15:17:00.775,17587,17588,17589,6,6
2022-04-01 15:17:00.775,17587,17588,17589,1,1
2022-04-01 15:17:00.775,17587,17588,17589,1,1
2022-04-01 15:17:00.775,17587,17588,17589,2,2
2022-04-01 15:17:00.775,17587,17588,17589,1,1
2022-04-01 15:17:00.775,17587,17588,17589,1,1
2022-04-01 15:17:00.775,17587,17588,17589,1,1
2022-04-01 15:17:00.775,17587,17588,17589,1,1
2022-04-01 15:17:00.775,17587,17588,17589,7,7
2022-04-01 15:17:00.775,17587,17588,17589,1,1
2022-04-01 15:17:00.776,17587,17588,17589,1,1
2022-04-01 15:17:00.776,17587,17588,17589,2,2
2022-04-01 15:17:00.777,17587,17588,17590,3,3
2022-04-01 15:17:00.783,17587,17588,17590,1,1
2022-04-01 15:17:00.790,17587,17588,17590,5,5
2022-04-01 15:17:00.790,17587,17588,17590,6,6
2022-04-01 15:17:00.790,17587,17588,17590,1,1
2022-04-01 15:17:00.790,17587,17588,17590,1,1
2022-04-01 15:17:00.791,17587,17588,17590,1,1
2022-04-01 15:17:00.802,17587,17588,17590,2,2
2022-04-01 15:17:00.815,17587,17588,17590,1,1
2022-04-01 15:17:00.815,17587,17588,17590,1,1
2022-04-01 15:17:00.816,17587,17588,17590,1,1
2022-04-01 15:17:00.817,17587,17588,17590,1,1
2022-04-01 15:17:00.817,17587,17588,17590,4,4
2022-04-01 15:17:00.823,17587,17588,17590,1,1
2022-04-01 15:17:00.826,17587,17588,17590,1,1
2022-04-01 15:17:00.826,17587,17588,17590,1,1
2022-04-01 15:17:00.831,17587,17588,17590,2,2
2022-04-01 15:17:00.837,17587,17588,17590,1,1
2022-04-01 15:17:00.850,17587,17588,17590,1,1
2022-04-01 15:17:00.851,17587,17588,17590,1,1
2022-04-01 15:17:00.854,17587,17588,17590,1,1
2022-04-01 15:17:00.856,17587,17588,17590,2,2
2022-04-01 15:17:00.858,17587,17588,17590,1,1
2022-04-01 15:17:00.868,17587,17588,17590,1,1
2022-04-01 15:17:00.872,17587,17588,17590,8,8
2022-04-01 15:17:00.875,17587,17588,17590,1,1
2022-04-01 15:17:00.876,17587,17588,17590,1,1
2022-04-01 15:17:00.883,17587,17588,17590,1,1
2022-04-01 15:17:00.893,17589,17590,17590,1,1
2022-04-01 15:17:00.900,17589,17590,17590,1,1
2022-04-01 15:17:00.903,17589,17590,17591,1,1
2022-04-01 15:17:00.907,17589,17590,17591,1,1
2022-04-01 15:17:00.907,17589,17590,17591,1,1
2022-04-01 15:17:00.910,17589,17590,17591,1,1
2022-04-01 15:17:00.922,17589,17590,17589,1,-1
2022-04-01 15:17:00.932,17589,17590,17591,1,1
2022-04-01 15:17:00.962,17589,17590,17591,1,1
2022-04-01 15:17:00.981,17589,17590,17591,1,1
2022-04-01 15:17:00.992,17589,17590,17591,2,2
2022-04-01 15:17:00.997,17589,17590,17591,1,1
2022-04-01 15:17:01.027,17590,17591,17591,1,1
2022-04-01 15:17:01.029,17590,17591,17591,2,2
2022-04-01 15:17:01.045,17590,17591,17591,1,1
2022-04-01 15:17:01.064,17590,17591,17591,1,1
2022-04-01 15:17:01.068,17590,17591,17591,1,1
2022-04-01 15:17:01.070,17590,17591,17591,1,1
2022-04-01 15:17:01.071,17590,17591,17591,1,1
2022-04-01 15:17:01.075,17590,17591,17591,1,1
2022-04-01 15:17:01.079,17590,17591,17591,2,2
2022-04-01 15:17:01.082,17590,17591,17592,1,1
2022-04-01 15:17:01.089,17590,17591,17590,8,-8
2022-04-01 15:17:01.089,17590,17591,17589,13,-13
2022-04-01 15:17:01.090,17590,17591,17589,19,-19
2022-04-01 15:17:01.091,17590,17591,17589,1,-1
2022-04-01 15:17:01.094,17590,17591,17590,2,-2
2022-04-01 15:17:01.099,17590,17591,17590,1,-1
2022-04-01 15:17:01.116,17590,17591,17591,1,1
2022-04-01 15:17:01.124,17590,17591,17591,1,1
2022-04-01 15:17:01.124,17590,17591,17591,1,1
2022-04-01 15:17:01.163,17589,17591,17591,1,1
2022-04-01 15:17:01.163,17589,17591,17591,1,1
2022-04-01 15:17:01.180,17589,17591,17591,2,2
2022-04-01 15:17:01.205,17589,17591,17591,1,1
2022-04-01 15:17:01.222,17589,17591,17591,1,1
2022-04-01 15:17:01.224,17589,17591,17591,1,1
2022-04-01 15:17:01.238,17589,17591,17591,1,1
2022-04-01 15:17:01.239,17589,17591,17591,2,2
2022-04-01 15:17:01.244,17589,17591,17591,1,1
2022-04-01 15:17:01.245,17589,17591,17591,1,1
2022-04-01 15:17:01.246,17589,17591,17591,1,1
2022-04-01 15:17:01.247,17589,17591,17591,2,2
2022-04-01 15:17:01.248,17589,17591,17591,1,1
2022-04-01 15:17:01.250,17589,17591,17591,1,1
2022-04-01 15:17:01.251,17589,17591,17589,1,-1
2022-04-01 15:17:01.260,17589,17591,17591,1,1
2022-04-01 15:17:01.260,17589,17591,17591,1,1
2022-04-01 15:17:01.260,17589,17591,17591,1,1
2022-04-01 15:17:01.269,17589,17591,17589,1,-1
2022-04-01 15:17:01.289,17589,17591,17591,1,1
2022-04-01 15:17:01.291,17589,17591,17591,1,1
2022-04-01 15:17:01.297,17589,17591,17591,1,1
2022-04-01 15:17:01.322,17589,17591,17591,1,1
2022-04-01 15:17:01.331,17589,17591,17591,1,1
2022-04-01 15:17:01.358,17589,17591,17591,1,1
2022-04-01 15:17:01.361,17589,17591,17591,1,1
2022-04-01 15:17:01.361,17589,17591,17591,1,1
2022-04-01 15:17:01.396,17589,17591,17591,2,2
2022-04-01 15:17:01.441,17589,17591,17591,1,1
2022-04-01 15:17:01.441,17589,17591,17591,1,1
2022-04-01 15:17:01.449,17589,17591,17591,1,1
2022-04-01 15:17:01.470,17589,17591,17591,1,1
2022-04-01 15:17:01.479,17589,17591,17591,1,1
2022-04-01 15:17:01.501,17589,17591,17591,2,2
2022-04-01 15:17:01.523,17589,17592,17592,1,1
2022-04-01 15:17:01.544,17589,17592,17590,1,-1
2022-04-01 15:17:01.607,17589,17592,17591,1,1
2022-04-01 15:17:01.676,17589,17591,17591,1,1
2022-04-01 15:17:01.677,17589,17591,17591,1,1
2022-04-01 15:17:01.680,17589,17591,17591,1,1
2022-04-01 15:17:01.682,17589,17591,17591,1,1
2022-04-01 15:17:01.683,17589,17591,17590,1,1
2022-04-01 15:17:01.688,17589,17591,17590,1,1
2022-04-01 15:17:01.722,17589,17591,17591,1,1
2022-04-01 15:17:01.735,17589,17591,17591,1,1
2022-04-01 15:17:01.736,17589,17591,17591,1,1
2022-04-01 15:17:01.736,17589,17591,17591,1,1
2022-04-01 15:17:01.736,17589,17591,17591,1,1
2022-04-01 15:17:01.737,17589,17591,17591,1,1
2022-04-01 15:17:01.747,17589,17591,17591,1,1
2022-04-01 15:17:01.749,17589,17591,17591,1,1
2022-04-01 15:17:01.749,17589,17591,17590,1,1
2022-04-01 15:17:01.756,17589,17591,17591,1,1
2022-04-01 15:17:01.761,17589,17591,17590,1,1
2022-04-01 15:17:01.777,17589,17591,17591,1,1
2022-04-01 15:17:01.845,17589,17591,17591,1,1
2022-04-01 15:17:01.845,17589,17591,17591,1,1
2022-04-01 15:17:01.845,17589,17591,17591,1,1
2022-04-01 15:17:01.854,17589,17591,17591,1,1
2022-04-01 15:17:01.856,17589,17591,17591,1,1
2022-04-01 15:17:01.906,17589,17591,17591,1,1
2022-04-01 15:17:01.909,17589,17591,17591,1,1
2022-04-01 15:17:01.971,17589,17591,17591,2,2
2022-04-01 15:17:01.991,17589,17591,17591,1,1
2022-04-01 15:17:02.000,17589,17591,17589,1,-1
2022-04-01 15:17:02.018,17589,17591,17590,1,1
2022-04-01 15:17:02.021,17589,17591,17590,1,1
2022-04-01 15:17:02.059,17589,17591,17589,1,-1
2022-04-01 15:17:02.076,17589,17591,17589,2,-2
2022-04-01 15:17:02.076,17589,17591,17588,2,-2
2022-04-01 15:17:02.111,17589,17591,17590,1,1
2022-04-01 15:17:02.112,17589,17591,17590,1,1
2022-04-01 15:17:02.112,17589,17591,17591,1,1
2022-04-01 15:17:02.232,17589,17591,17591,1,1
2022-04-01 15:17:02.239,17589,17591,17591,1,1
2022-04-01 15:17:02.239,17589,17591,17591,1,1
2022-04-01 15:17:02.240,17589,17591,17590,1,1
2022-04-01 15:17:02.243,17589,17591,17591,1,1
2022-04-01 15:17:02.245,17589,17591,17591,1,1
2022-04-01 15:17:02.245,17589,17591,17591,1,1
2022-04-01 15:17:02.247,17589,17591,17591,1,1
2022-04-01 15:17:02.274,17590,17591,17591,2,2
2022-04-01 15:17:02.303,17590,17591,17591,1,1
2022-04-01 15:17:02.347,17590,17591,17592,1,1
2022-04-01 15:17:02.600,17590,17592,17590,2,-2
2022-04-01 15:17:02.732,17589,17591,17591,1,1
2022-04-01 15:17:02.732,17589,17591,17591,1,1
2022-04-01 15:17:02.734,17589,17591,17591,1,1
2022-04-01 15:17:02.850,17589,17590,17590,1,1
2022-04-01 15:17:02.880,17589,17590,17590,1,1
2022-04-01 15:17:02.918,17589,17591,17590,2,2
2022-04-01 15:17:02.924,17589,17591,17590,1,1
2022-04-01 15:17:02.965,17589,17591,17590,1,1
2022-04-01 15:17:02.991,17589,17591,17591,1,1
2022-04-01 15:17:02.994,17589,17591,17591,1,1
2022-04-01 15:17:03.224,17589,17591,17591,1,1
2022-04-01 15:17:03.226,17589,17591,17591,1,1
2022-04-01 15:17:03.229,17589,17591,17591,1,1
2022-04-01 15:17:03.234,17589,17591,17592,1,1
2022-04-01 15:17:03.372,17590,17592,17591,1,1
2022-04-01 15:17:03.396,17589,17591,17591,1,1
2022-04-01 15:17:03.451,17589,17591,17591,1,1
2022-04-01 15:17:03.690,17589,17591,17591,1,1
2022-04-01 15:17:03.703,17589,17591,17589,2,-2
2022-04-01 15:17:03.961,17589,17591,17591,5,5
2022-04-01 15:17:03.961,17589,17591,17592,11,11
2022-04-01 15:17:04.950,17590,17592,17592,1,1
2022-04-01 15:17:05.225,17591,17592,17592,2,2
2022-04-01 15:17:05.395,17591,17593,17593,1,1
2022-04-01 15:17:05.530,17591,17593,17591,1,-1
2022-04-01 15:17:05.640,17590,17592,17591,1,1
2022-04-01 15:17:05.703,17590,17592,17593,1,1
2022-04-01 15:17:06.074,17591,17593,17593,1,1
2022-04-01 15:17:08.227,17590,17592,17592,1,1
2022-04-01 15:17:08.796,17589,17591,17591,2,2
2022-04-01 15:17:08.952,17590,17592,17589,1,-1
2022-04-01 15:17:09.136,17589,17591,17591,1,1
2022-04-01 15:17:10.256,17589,17591,17589,5,-5
2022-04-01 15:17:11.113,17588,17590,17588,5,-5
2022-04-01 15:17:11.511,17588,17590,17590,1,1
2022-04-01 15:17:11.681,17588,17590,17590,1,1
2022-04-01 15:17:13.054,17589,17590,17589,1,-1
2022-04-01 15:17:14.108,17589,17590,17589,1,-1
2022-04-01 15:17:16.186,17588,17590,17590,1,1
2022-04-01 15:17:16.679,17589,17590,17590,1,1
2022-04-01 15:17:16.679,17589,17590,17590,1,1
2022-04-01 15:17:18.016,17590,17591,17590,1,-1
2022-04-01 15:17:18.512,17589,17590,17590,1,1
2022-04-01 15:17:19.292,17589,17590,17590,1,1
2022-04-01 15:17:19.660,17589,17590,17590,1,1
2022-04-01 15:17:19.957,17590,17591,17590,1,-1
2022-04-01 15:17:20.053,17589,17591,17591,2,2
2022-04-01 15:17:20.210,17589,17591,17591,1,1
2022-04-01 15:17:20.214,17589,17591,17592,1,1
2022-04-01 15:17:20.510,17591,17592,17591,1,-1
2022-04-01 15:17:20.601,17590,17592,17590,1,-1
2022-04-01 15:17:20.784,17590,17592,17590,5,-5
2022-04-01 15:17:20.988,17589,17592,17590,1,-1
2022-04-01 15:17:21.456,17590,17592,17590,1,-1
2022-04-01 15:17:22.391,17590,17591,17590,2,-2
2022-04-01 15:17:23.010,17589,17590,17590,4,4
2022-04-01 15:17:23.010,17589,17590,17591,6,6
2022-04-01 15:17:23.473,17590,17591,17591,1,1
2022-04-01 15:17:23.560,17590,17591,17590,3,-3
2022-04-01 15:17:23.561,17590,17591,17590,3,-3
2022-04-01 15:17:24.046,17589,17591,17589,1,-1
2022-04-01 15:17:24.217,17589,17591,17591,2,2
2022-04-01 15:17:24.430,17589,17591,17591,1,1
2022-04-01 15:17:24.508,17589,17591,17591,1,1
2022-04-01 15:17:25.204,17589,17590,17590,1,1
2022-04-01 15:17:25.250,17589,17590,17590,1,1
2022-04-01 15:17:25.782,17589,17590,17589,1,-1
2022-04-01 15:17:26.193,17588,17590,17590,3,3
2022-04-01 15:17:26.703,17589,17590,17590,1,1
2022-04-01 15:17:26.965,17589,17590,17589,1,-1
2022-04-01 15:17:27.121,17588,17590,17590,1,1
2022-04-01 15:17:27.280,17588,17590,17589,1,1
2022-04-01 15:17:28.109,17588,17590,17590,2,2
2022-04-01 15:17:29.743,17589,17590,17590,5,5
2022-04-01 15:17:32.213,17589,17590,17590,1,1
2022-04-01 15:17:32.214,17589,17590,17590,1,1
2022-04-01 15:17:32.282,17590,17591,17590,5,-5
2022-04-01 15:17:33.667,17590,17591,17591,1,1
2022-04-01 15:17:35.044,17590,17591,17590,1,-1
2022-04-01 15:17:35.060,17590,17591,17590,2,-2
2022-04-01 15:17:37.114,17589,17591,17591,4,4
2022-04-01 15:17:39.582,17590,17591,17591,2,2
2022-04-01 15:17:39.841,17590,17591,17591,1,1
2022-04-01 15:17:39.870,17590,17591,17590,3,-3
2022-04-01 15:17:42.795,17590,17591,17591,1,1
2022-04-01 15:17:43.597,17591,17592,17591,1,-1
2022-04-01 15:17:45.272,17591,17592,17591,1,-1
2022-04-01 15:17:46.051,17590,17592,17590,1,-1
2022-04-01 15:17:48.746,17590,17591,17591,1,1
2022-04-01 15:17:50.397,17590,17591,17591,1,1
2022-04-01 15:17:50.653,17591,17592,17592,1,1
2022-04-01 15:17:50.951,17591,17592,17592,3,3
2022-04-01 15:17:51.001,17591,17592,17592,8,8
2022-04-01 15:17:51.001,17591,17592,17592,1,1
2022-04-01 15:17:51.001,17591,17592,17592,4,4
2022-04-01 15:17:51.618,17592,17593,17592,2,-2
2022-04-01 15:17:52.779,17592,17593,17593,1,1
2022-04-01 15:17:53.492,17592,17593,17592,1,-1
2022-04-01 15:17:54.917,17592,17593,17592,2,-2
2022-04-01 15:17:55.193,17591,17592,17591,3,-3
2022-04-01 15:17:55.771,17591,17592,17592,1,1
2022-04-01 15:17:56.245,17591,17592,17592,1,1
2022-04-01 15:17:56.245,17591,17592,17592,1,1
2022-04-01 15:17:56.245,17591,17592,17592,1,1
2022-04-01 15:17:56.246,17591,17592,17592,1,1
2022-04-01 15:17:56.246,17591,17592,17592,1,1
2022-04-01 15:17:56.295,17591,17592,17592,1,1
2022-04-01 15:17:56.534,17591,17592,17592,1,1
2022-04-01 15:17:57.046,17591,17592,17591,1,-1
2022-04-01 15:17:58.577,17592,17593,17593,1,1
2022-04-01 15:17:59.355,17592,17593,17592,1,-1
2022-04-01 15:17:59.740,17591,17592,17592,1,1
2022-04-01 15:17:59.981,17592,17593,17592,5,-5
2022-04-01 15:18:00.190,17591,17593,17593,1,1
2022-04-01 15:18:00.412,17592,17593,17592,1,-1
2022-04-01 15:18:00.644,17591,17592,17592,1,1
2022-04-01 15:18:00.864,17591,17593,17593,1,1
2022-04-01 15:18:00.867,17591,17593,17593,1,1
2022-04-01 15:18:02.737,17592,17593,17593,2,2
2022-04-01 15:18:02.805,17592,17593,17592,1,-1
2022-04-01 15:18:02.873,17592,17593,17593,1,1
2022-04-01 15:18:03.658,17592,17593,17592,1,-1
2022-04-01 15:18:04.541,17591,17593,17593,1,1
2022-04-01 15:18:05.118,17591,17593,17593,1,1
2022-04-01 15:18:06.098,17591,17592,17591,5,-5
2022-04-01 15:18:07.548,17591,17592,17592,1,1
2022-04-01 15:18:07.548,17591,17592,17592,1,1
2022-04-01 15:18:07.548,17591,17592,17593,1,1
2022-04-01 15:18:07.638,17591,17593,17593,1,1
2022-04-01 15:18:08.041,17591,17593,17591,1,-1
2022-04-01 15:18:10.802,17591,17593,17592,1,1
2022-04-01 15:18:13.233,17591,17592,17591,11,-11
2022-04-01 15:18:15.917,17590,17591,17590,2,-2
2022-04-01 15:18:16.966,17590,17591,17590,1,-1
2022-04-01 15:18:16.967,17590,17591,17590,1,-1
2022-04-01 15:18:16.967,17590,17591,17590,6,-6
2022-04-01 15:18:16.967,17590,17591,17590,13,-13
2022-04-01 15:18:16.968,17590,17591,17590,1,-1
2022-04-01 15:18:16.968,17590,17591,17590,1,-1
2022-04-01 15:18:18.595,17589,17590,17590,1,1
2022-04-01 15:18:19.597,17589,17590,17590,1,1
2022-04-01 15:18:19.747,17589,17590,17589,1,-1
2022-04-01 15:18:20.044,17589,17590,17589,1,-1
2022-04-01 15:18:20.984,17589,17590,17589,1,-1
2022-04-01 15:18:21.907,17589,17590,17590,1,1
2022-04-01 15:18:22.596,17589,17590,17590,1,1
2022-04-01 15:18:22.596,17589,17590,17590,6,6
2022-04-01 15:18:22.597,17589,17590,17590,1,1
2022-04-01 15:18:23.587,17590,17591,17590,1,-1
2022-04-01 15:18:24.053,17589,17590,17590,1,1
2022-04-01 15:18:24.053,17589,17590,17591,2,2
2022-04-01 15:18:24.071,17589,17590,17590,1,1
2022-04-01 15:18:24.883,17589,17591,17589,1,-1
2022-04-01 15:18:25.096,17590,17591,17590,1,-1
2022-04-01 15:18:25.295,17589,17591,17590,1,1
2022-04-01 15:18:25.593,17589,17590,17590,1,1
2022-04-01 15:18:26.609,17589,17590,17590,3,3
2022-04-01 15:18:26.612,17589,17590,17590,1,1
2022-04-01 15:18:27.089,17589,17590,17590,4,4
2022-04-01 15:18:27.726,17589,17590,17589,4,-4
2022-04-01 15:18:27.762,17588,17589,17589,1,1
2022-04-01 15:18:27.881,17588,17589,17589,3,3
2022-04-01 15:18:31.051,17589,17590,17589,1,-1
2022-04-01 15:18:31.616,17588,17590,17590,1,1
2022-04-01 15:18:35.684,17589,17590,17590,2,2
2022-04-01 15:18:36.125,17589,17590,17589,3,-3
2022-04-01 15:18:38.919,17588,17589,17588,3,-3
2022-04-01 15:18:38.919,17588,17589,17588,1,-1
2022-04-01 15:18:38.919,17588,17589,17588,1,-1
2022-04-01 15:18:38.919,17588,17589,17588,1,-1
2022-04-01 15:18:38.919,17588,17589,17588,1,-1
2022-04-01 15:18:38.919,17588,17589,17588,28,-28
2022-04-01 15:18:38.919,17588,17589,17588,2,-2
2022-04-01 15:18:38.921,17588,17589,17588,2,-2
2022-04-01 15:18:38.928,17588,17589,17587,1,-1
2022-04-01 15:18:39.263,17587,17588,17587,1,-1
2022-04-01 15:18:39.467,17586,17587,17587,1,1
2022-04-01 15:18:40.343,17586,17587,17586,1,-1
2022-04-01 15:18:42.044,17586,17587,17586,1,-1
2022-04-01 15:18:43.148,17586,17587,17587,2,2
2022-04-01 15:18:43.148,17586,17587,17588,2,2
2022-04-01 15:18:46.653,17587,17588,17588,1,1
2022-04-01 15:18:51.573,17587,17588,17587,1,-1
2022-04-01 15:18:52.142,17587,17588,17587,3,-3
2022-04-01 15:18:53.033,17587,17588,17587,1,-1
2022-04-01 15:18:53.254,17587,17588,17587,1,-1
2022-04-01 15:18:53.921,17586,17588,17586,2,-2
2022-04-01 15:18:55.666,17586,17587,17587,1,1
2022-04-01 15:18:56.719,17587,17588,17588,3,3
2022-04-01 15:18:56.719,17587,17588,17588,2,2
2022-04-01 15:18:56.719,17587,17588,17588,3,3
2022-04-01 15:18:56.719,17587,17588,17588,1,1
2022-04-01 15:18:56.719,17587,17588,17588,1,1
2022-04-01 15:18:56.719,17587,17588,17588,4,4
2022-04-01 15:18:58.405,17587,17589,17589,1,1
2022-04-01 15:19:04.040,17588,17589,17588,1,-1
2022-04-01 15:19:05.500,17588,17589,17588,6,-6
2022-04-01 15:19:07.869,17587,17588,17588,2,2
2022-04-01 15:19:13.003,17587,17588,17587,1,-1
2022-04-01 15:19:14.060,17587,17588,17588,3,3
2022-04-01 15:19:14.061,17587,17588,17588,1,1
2022-04-01 15:19:14.061,17587,17588,17588,8,8
2022-04-01 15:19:15.044,17588,17589,17588,1,-1
2022-04-01 15:19:15.495,17588,17589,17588,1,-1
2022-04-01 15:19:15.763,17588,17589,17588,1,-1
2022-04-01 15:19:15.774,17588,17589,17588,4,-4
2022-04-01 15:19:15.776,17588,17589,17588,2,-2
2022-04-01 15:19:15.776,17588,17589,17588,2,-2
2022-04-01 15:19:15.895,17588,17589,17589,1,1
2022-04-01 15:19:16.034,17588,17589,17588,1,-1
2022-04-01 15:19:16.061,17588,17589,17589,1,1
2022-04-01 15:19:16.258,17588,17589,17589,1,1
2022-04-01 15:19:17.731,17588,17589,17589,4,4
2022-04-01 15:19:19.004,17588,17589,17589,1,1
2022-04-01 15:19:19.215,17588,17589,17589,1,1
2022-04-01 15:19:19.410,17588,17589,17589,1,1
2022-04-01 15:19:21.556,17589,17590,17589,1,-1
2022-04-01 15:19:23.820,17589,17590,17590,7,7
2022-04-01 15:19:23.821,17589,17590,17590,3,3
2022-04-01 15:19:26.043,17590,17591,17590,1,-1
2022-04-01 15:19:27.189,17590,17591,17591,1,1
2022-04-01 15:19:27.985,17590,17591,17591,2,2
2022-04-01 15:19:34.595,17590,17591,17590,1,-1
2022-04-01 15:19:37.045,17589,17590,17589,1,-1
2022-04-01 15:19:41.886,17589,17590,17590,1,1
2022-04-01 15:19:44.362,17590,17591,17590,1,-1
2022-04-01 15:19:45.213,17590,17591,17590,1,-1
2022-04-01 15:19:48.045,17589,17591,17589,1,-1
2022-04-01 15:19:49.467,17589,17590,17590,1,1
2022-04-01 15:19:51.948,17589,17590,17590,1,1
2022-04-01 15:19:51.948,17589,17590,17591,2,2
2022-04-01 15:19:54.964,17589,17590,17590,2,2
2022-04-01 15:19:56.021,17589,17590,17590,1,1
2022-04-01 15:19:56.090,17589,17590,17589,5,-5
2022-04-01 15:20:00.049,17589,17590,17589,1,-1
2022-04-01 15:20:00.183,17589,17590,17590,1,1
2022-04-01 15:20:00.226,17589,17590,17590,1,1
2022-04-01 15:20:00.231,17589,17590,17590,5,5
2022-04-01 15:20:00.245,17589,17590,17591,1,1
2022-04-01 15:20:00.317,17589,17591,17590,1,1
2022-04-01 15:20:00.703,17589,17590,17590,1,1
2022-04-01 15:20:09.745,17589,17590,17590,5,5
2022-04-01 15:20:10.666,17589,17590,17590,1,1
2022-04-01 15:20:11.045,17589,17591,17589,1,-1
2022-04-01 15:20:13.656,17589,17590,17590,2,2
2022-04-01 15:20:13.825,17590,17591,17590,1,-1
2022-04-01 15:20:14.976,17589,17590,17590,1,1
2022-04-01 15:20:16.920,17589,17591,17589,1,-1
2022-04-01 15:20:19.493,17589,17590,17589,2,-2
2022-04-01 15:20:22.046,17588,17590,17588,1,-1
2022-04-01 15:20:32.174,17589,17590,17590,1,1
2022-04-01 15:20:33.049,17589,17590,17589,1,-1
2022-04-01 15:20:34.468,17589,17590,17589,3,-3
2022-04-01 15:20:35.402,17589,17590,17589,2,-2
2022-04-01 15:20:40.597,17589,17590,17590,1,1
2022-04-01 15:20:41.693,17589,17590,17590,2,2
2022-04-01 15:20:41.693,17589,17590,17590,1,1
2022-04-01 15:20:41.693,17589,17590,17590,1,1
2022-04-01 15:20:41.693,17589,17590,17590,11,11
2022-04-01 15:20:43.570,17590,17591,17590,1,-1
2022-04-01 15:20:43.832,17590,17591,17590,1,-1
2022-04-01 15:20:44.046,17589,17590,17589,1,-1
2022-04-01 15:20:45.474,17589,17590,17590,1,1
2022-04-01 15:20:46.098,17589,17590,17590,2,2
2022-04-01 15:20:48.320,17589,17590,17590,3,3
2022-04-01 15:20:48.320,17589,17590,17591,7,7
2022-04-01 15:20:50.404,17590,17591,17590,1,-1
2022-04-01 15:20:50.404,17590,17591,17589,4,-4
2022-04-01 15:20:52.839,17590,17591,17590,3,-3
2022-04-01 15:20:55.046,17589,17590,17589,1,-1
2022-04-01 15:20:58.129,17589,17590,17590,1,1
2022-04-01 15:21:00.186,17590,17591,17591,1,1
2022-04-01 15:21:02.457,17590,17591,17591,1,1
2022-04-01 15:21:04.058,17590,17591,17591,1,1
2022-04-01 15:21:04.058,17590,17591,17591,5,5
2022-04-01 15:21:06.034,17590,17591,17590,1,-1
2022-04-01 15:21:10.219,17590,17591,17590,2,-2
2022-04-01 15:21:15.100,17590,17592,17590,1,-1
2022-04-01 15:21:15.297,17590,17592,17590,5,-5
2022-04-01 15:21:17.042,17590,17592,17590,1,-1
2022-04-01 15:21:24.060,17590,17591,17591,2,2
2022-04-01 15:21:24.746,17590,17592,17592,1,1
2022-04-01 15:21:24.746,17590,17592,17592,7,7
2022-04-01 15:21:24.747,17590,17592,17592,5,5
2022-04-01 15:21:28.041,17591,17593,17591,1,-1
2022-04-01 15:21:33.238,17592,17593,17593,1,1
2022-04-01 15:21:33.283,17592,17593,17593,1,1
2022-04-01 15:21:33.290,17592,17593,17593,1,1
2022-04-01 15:21:33.357,17592,17593,17593,1,1
2022-04-01 15:21:33.363,17592,17593,17593,2,2
2022-04-01 15:21:33.370,17592,17593,17593,5,5
2022-04-01 15:21:33.394,17592,17593,17593,1,1
2022-04-01 15:21:33.793,17592,17594,17594,1,1
2022-04-01 15:21:34.131,17592,17594,17594,1,1
2022-04-01 15:21:34.175,17592,17594,17594,1,1
2022-04-01 15:21:34.176,17592,17594,17594,1,1
2022-04-01 15:21:34.203,17592,17594,17594,1,1
2022-04-01 15:21:34.358,17592,17594,17594,2,2
2022-04-01 15:21:34.366,17592,17594,17594,1,1
2022-04-01 15:21:34.482,17592,17594,17594,2,2
2022-04-01 15:21:34.495,17592,17594,17594,1,1
2022-04-01 15:21:34.507,17592,17594,17594,1,1
2022-04-01 15:21:34.560,17593,17594,17594,1,1
2022-04-01 15:21:35.947,17592,17594,17594,2,2
2022-04-01 15:21:36.473,17592,17594,17594,1,1
2022-04-01 15:21:36.507,17592,17594,17594,1,1
2022-04-01 15:21:37.268,17593,17594,17594,1,1
2022-04-01 15:21:37.347,17593,17594,17595,2,2
2022-04-01 15:21:40.046,17594,17595,17594,1,-1
2022-04-01 15:21:40.385,17594,17595,17595,2,2
2022-04-01 15:21:40.973,17594,17595,17594,2,-2
2022-04-01 15:21:41.320,17594,17595,17594,1,-1
2022-04-01 15:21:42.180,17594,17595,17595,1,1
2022-04-01 15:21:43.679,17594,17595,17595,1,1
2022-04-01 15:21:44.435,17594,17595,17595,1,1
2022-04-01 15:21:47.547,17594,17595,17594,1,-1
2022-04-01 15:21:47.679,17594,17595,17595,1,1
2022-04-01 15:21:49.489,17594,17595,17595,2,2
2022-04-01 15:21:49.670,17594,17595,17595,1,1
2022-04-01 15:21:51.053,17594,17595,17594,1,-1
2022-04-01 15:21:54.298,17594,17595,17594,1,-1
2022-04-01 15:21:54.457,17594,17595,17594,2,-2
2022-04-01 15:21:57.302,17594,17595,17595,2,2
2022-04-01 15:21:57.302,17594,17595,17595,2,2
2022-04-01 15:21:57.302,17594,17595,17595,5,5
2022-04-01 15:21:57.302,17594,17595,17595,3,3
2022-04-01 15:21:57.303,17594,17595,17595,2,2
2022-04-01 15:21:57.303,17594,17595,17595,1,1
2022-04-01 15:22:00.184,17595,17596,17596,2,2
2022-04-01 15:22:00.951,17595,17596,17596,1,1
2022-04-01 15:22:00.956,17595,17596,17596,22,22
2022-04-01 15:22:01.079,17596,17597,17597,1,1
2022-04-01 15:22:01.079,17596,17597,17597,1,1
2022-04-01 15:22:02.043,17596,17597,17596,1,-1
2022-04-01 15:22:02.657,17596,17597,17597,1,1
2022-04-01 15:22:02.658,17596,17597,17597,2,2
2022-04-01 15:22:04.988,17596,17597,17597,22,22
2022-04-01 15:22:04.989,17596,17597,17597,1,1
2022-04-01 15:22:04.989,17596,17597,17597,1,1
2022-04-01 15:22:05.685,17596,17597,17597,1,1
2022-04-01 15:22:08.172,17596,17597,17597,2,2
2022-04-01 15:22:08.971,17596,17597,17597,1,1
2022-04-01 15:22:09.008,17596,17597,17597,2,2
2022-04-01 15:22:09.595,17596,17597,17597,7,7
2022-04-01 15:22:09.597,17596,17597,17597,5,5
2022-04-01 15:22:09.784,17596,17597,17597,4,4
2022-04-01 15:22:10.906,17596,17597,17597,1,1
2022-04-01 15:22:10.907,17596,17597,17597,1,1
2022-04-01 15:22:11.052,17596,17597,17597,2,2
2022-04-01 15:22:11.052,17596,17597,17598,2,2
2022-04-01 15:22:12.065,17596,17597,17597,1,1
2022-04-01 15:22:12.184,17596,17597,17597,1,1
2022-04-01 15:22:12.184,17596,17597,17598,1,1
2022-04-01 15:22:13.047,17596,17597,17596,1,-1
2022-04-01 15:22:13.230,17596,17597,17597,1,1
2022-04-01 15:22:13.543,17596,17597,17597,1,1
2022-04-01 15:22:13.548,17596,17597,17597,1,1
2022-04-01 15:22:13.548,17596,17597,17598,2,2
2022-04-01 15:22:13.991,17596,17597,17597,1,1
2022-04-01 15:22:16.041,17597,17598,17597,4,-4
2022-04-01 15:22:16.041,17597,17598,17596,1,-1
2022-04-01 15:22:16.076,17597,17598,17598,4,4
2022-04-01 15:22:18.588,17597,17598,17598,1,1
2022-04-01 15:22:20.058,17597,17598,17597,1,-1
2022-04-01 15:22:20.186,17597,17598,17598,2,2
2022-04-01 15:22:20.448,17597,17598,17598,1,1
2022-04-01 15:22:20.919,17597,17598,17598,5,5
2022-04-01 15:22:21.959,17597,17598,17598,1,1
2022-04-01 15:22:22.306,17597,17598,17598,1,1
2022-04-01 15:22:22.306,17597,17598,17598,2,2
2022-04-01 15:22:22.306,17597,17598,17598,1,1
2022-04-01 15:22:22.307,17597,17598,17598,1,1
2022-04-01 15:22:22.307,17597,17598,17598,3,3
2022-04-01 15:22:22.307,17597,17598,17598,1,1
2022-04-01 15:22:22.307,17597,17598,17598,2,2
2022-04-01 15:22:22.307,17597,17598,17598,2,2
2022-04-01 15:22:22.307,17597,17598,17598,1,1
2022-04-01 15:22:22.840,17598,17599,17598,2,-2
2022-04-01 15:22:24.050,17598,17599,17598,1,-1
2022-04-01 15:22:24.445,17598,17599,17599,1,1
2022-04-01 15:22:24.530,17598,17599,17599,3,3
2022-04-01 15:22:24.601,17598,17599,17598,1,-1
2022-04-01 15:22:24.616,17598,17599,17599,3,3
2022-04-01 15:22:24.963,17598,17599,17599,1,1
2022-04-01 15:22:25.283,17598,17599,17599,1,1
2022-04-01 15:22:25.706,17598,17599,17598,1,-1
2022-04-01 15:22:25.739,17598,17599,17598,2,-2
2022-04-01 15:22:26.392,17597,17599,17599,1,1
2022-04-01 15:22:26.432,17597,17599,17599,5,5
2022-04-01 15:22:26.892,17597,17599,17597,1,-1
2022-04-01 15:22:27.431,17597,17598,17598,1,1
2022-04-01 15:22:28.240,17597,17599,17599,4,4
2022-04-01 15:22:28.281,17598,17599,17599,1,1
2022-04-01 15:22:28.293,17598,17599,17598,1,-1
2022-04-01 15:22:28.376,17598,17599,17599,1,1
2022-04-01 15:22:29.647,17598,17599,17599,3,3
2022-04-01 15:22:31.843,17598,17599,17598,5,-5
2022-04-01 15:22:32.663,17598,17599,17599,1,1
2022-04-01 15:22:32.792,17598,17599,17599,1,1
2022-04-01 15:22:35.035,17598,17599,17598,1,-1
2022-04-01 15:22:39.848,17598,17599,17598,1,-1
2022-04-01 15:22:41.577,17598,17599,17598,1,-1
2022-04-01 15:22:42.233,17598,17599,17599,3,3
2022-04-01 15:22:43.306,17598,17599,17599,1,1
2022-04-01 15:22:44.350,17598,17599,17599,2,2
2022-04-01 15:22:44.689,17598,17599,17599,1,1
2022-04-01 15:22:45.155,17598,17599,17599,7,7
2022-04-01 15:22:46.040,17599,17600,17599,1,-1
2022-04-01 15:22:49.883,17598,17599,17599,1,1
2022-04-01 15:22:50.563,17598,17599,17599,1,1
2022-04-01 15:22:52.835,17598,17599,17599,1,1
2022-04-01 15:22:54.393,17598,17599,17599,1,1
2022-04-01 15:22:54.653,17599,17600,17600,2,2
2022-04-01 15:22:54.800,17599,17600,17600,2,2
2022-04-01 15:22:54.851,17599,17600,17599,3,-3
2022-04-01 15:22:54.896,17599,17600,17600,2,2
2022-04-01 15:22:54.905,17599,17600,17600,1,1
2022-04-01 15:22:54.973,17599,17600,17599,1,-1
2022-04-01 15:22:55.165,17599,17600,17600,1,1
2022-04-01 15:22:55.944,17599,17600,17600,1,1
2022-04-01 15:22:56.063,17599,17600,17600,1,1
2022-04-01 15:22:56.068,17599,17600,17600,6,6
2022-04-01 15:22:56.069,17599,17600,17600,2,2
2022-04-01 15:22:56.069,17599,17600,17600,3,3
2022-04-01 15:22:56.069,17599,17600,17600,2,2
2022-04-01 15:22:56.069,17599,17600,17600,1,1
2022-04-01 15:22:56.069,17599,17600,17600,2,2
2022-04-01 15:22:56.069,17599,17600,17600,1,1
2022-04-01 15:22:56.070,17599,17600,17600,1,1
2022-04-01 15:22:56.070,17599,17600,17600,1,1
2022-04-01 15:22:56.070,17599,17600,17600,1,1
2022-04-01 15:22:56.070,17599,17600,17600,1,1
2022-04-01 15:22:56.070,17599,17600,17600,1,1
2022-04-01 15:22:56.070,17599,17600,17600,1,1
2022-04-01 15:22:56.070,17599,17600,17600,1,1
2022-04-01 15:22:56.071,17599,17600,17600,1,1
2022-04-01 15:22:56.071,17599,17600,17600,1,1
2022-04-01 15:22:56.071,17599,17600,17600,4,4
2022-04-01 15:22:56.076,17599,17600,17601,9,9
2022-04-01 15:22:56.481,17601,17602,17601,2,-2
2022-04-01 15:22:56.662,17601,17602,17601,1,-1
2022-04-01 15:22:56.769,17600,17602,17600,1,-1
2022-04-01 15:22:57.226,17599,17600,17600,1,1
2022-04-01 15:22:57.226,17599,17600,17601,6,6
2022-04-01 15:22:57.368,17600,17601,17601,1,1
2022-04-01 15:22:57.899,17600,17602,17602,2,2
2022-04-01 15:22:58.055,17600,17602,17600,1,-1
2022-04-01 15:22:58.133,17600,17602,17602,2,2
2022-04-01 15:22:58.136,17600,17602,17602,1,1
2022-04-01 15:22:58.142,17600,17602,17602,2,2
2022-04-01 15:22:58.227,17600,17602,17602,1,1
2022-04-01 15:22:58.802,17601,17603,17601,2,-2
2022-04-01 15:22:58.852,17601,17603,17601,1,-1
2022-04-01 15:22:58.925,17601,17602,17602,1,1
2022-04-01 15:23:00.411,17600,17602,17602,2,2
2022-04-01 15:23:00.711,17600,17602,17602,1,1
2022-04-01 15:23:01.176,17600,17603,17603,1,1
2022-04-01 15:23:01.286,17600,17603,17603,2,2
2022-04-01 15:23:01.289,17600,17603,17603,4,4
2022-04-01 15:23:01.306,17600,17603,17603,1,1
2022-04-01 15:23:02.124,17601,17603,17601,1,-1
2022-04-01 15:23:02.402,17601,17602,17602,1,1
2022-04-01 15:23:02.985,17601,17603,17603,5,5
2022-04-01 15:23:02.985,17601,17603,17603,1,1
2022-04-01 15:23:03.133,17602,17604,17603,1,1
2022-04-01 15:23:04.662,17601,17602,17602,1,1
2022-04-01 15:23:04.662,17601,17602,17602,1,1
2022-04-01 15:23:04.662,17601,17602,17603,1,1
2022-04-01 15:23:04.847,17601,17603,17603,1,1
2022-04-01 15:23:04.999,17601,17603,17602,1,1
2022-04-01 15:23:06.861,17601,17603,17602,1,1
2022-04-01 15:23:07.324,17601,17603,17603,1,1
2022-04-01 15:23:08.050,17602,17603,17602,1,-1
2022-04-01 15:23:09.675,17601,17602,17602,1,1
2022-04-01 15:23:10.225,17601,17602,17602,2,2
2022-04-01 15:23:10.277,17601,17602,17602,2,2
2022-04-01 15:23:10.278,17601,17602,17602,1,1
2022-04-01 15:23:11.120,17602,17603,17602,1,-1
2022-04-01 15:23:11.138,17602,17603,17603,1,1
2022-04-01 15:23:14.028,17602,17603,17603,1,1
2022-04-01 15:23:14.790,17602,17603,17603,2,2
2022-04-01 15:23:15.169,17602,17603,17603,1,1
2022-04-01 15:23:15.790,17602,17603,17603,1,1
2022-04-01 15:23:15.790,17602,17603,17603,1,1
2022-04-01 15:23:15.790,17602,17603,17603,1,1
2022-04-01 15:23:17.281,17602,17604,17602,1,-1
2022-04-01 15:23:18.279,17602,17604,17604,1,1
2022-04-01 15:23:18.450,17603,17604,17604,1,1
2022-04-01 15:23:18.520,17603,17604,17604,1,1
2022-04-01 15:23:18.564,17603,17604,17603,1,-1
2022-04-01 15:23:19.015,17602,17604,17602,2,-2
2022-04-01 15:23:20.034,17602,17604,17602,1,-1
2022-04-01 15:23:20.754,17603,17604,17603,2,-2
2022-04-01 15:23:20.960,17602,17604,17604,1,1
2022-04-01 15:23:21.181,17602,17604,17603,1,1
2022-04-01 15:23:21.423,17602,17603,17603,1,1
2022-04-01 15:23:21.859,17602,17603,17603,1,1
2022-04-01 15:23:22.184,17602,17603,17602,5,-5
2022-04-01 15:23:22.184,17602,17603,17602,1,-1
2022-04-01 15:23:22.210,17602,17603,17601,2,-2
2022-04-01 15:23:22.211,17602,17603,17601,10,-10
2022-04-01 15:23:22.212,17602,17603,17601,1,-1
2022-04-01 15:23:23.231,17600,17602,17602,1,1
2022-04-01 15:23:23.382,17600,17602,17602,1,1
2022-04-01 15:23:23.760,17600,17602,17602,3,3
2022-04-01 15:23:23.790,17600,17602,17600,1,-1
2022-04-01 15:23:23.865,17600,17602,17602,2,2
2022-04-01 15:23:24.221,17600,17602,17602,1,1
2022-04-01 15:23:24.231,17600,17602,17602,1,1
2022-04-01 15:23:24.979,17600,17601,17600,3,-3
2022-04-01 15:23:25.369,17600,17601,17600,4,-4
2022-04-01 15:23:26.367,17600,17601,17601,1,1
2022-04-01 15:23:27.588,17600,17601,17600,1,-1
2022-04-01 15:23:31.034,17600,17601,17600,5,-5
2022-04-01 15:23:31.035,17600,17601,17600,1,-1
2022-04-01 15:23:32.602,17600,17601,17601,4,4
2022-04-01 15:23:32.603,17600,17601,17601,1,1
2022-04-01 15:23:34.375,17600,17601,17600,4,-4
2022-04-01 15:23:34.791,17599,17601,17599,1,-1
2022-04-01 15:23:34.857,17599,17601,17600,1,1
2022-04-01 15:23:34.972,17599,17601,17599,2,-2
2022-04-01 15:23:36.136,17599,17600,17600,1,1
2022-04-01 15:23:37.256,17599,17601,17599,3,-3
2022-04-01 15:23:37.792,17600,17601,17600,1,-1
2022-04-01 15:23:40.776,17599,17601,17599,1,-1
2022-04-01 15:23:41.274,17599,17600,17600,1,1
2022-04-01 15:23:41.527,17599,17601,17600,1,1
2022-04-01 15:23:41.539,17599,17601,17601,3,3
2022-04-01 15:23:42.034,17599,17601,17599,1,-1
2022-04-01 15:23:46.343,17599,17600,17599,1,-1
2022-04-01 15:23:49.018,17599,17600,17600,1,1
2022-04-01 15:23:49.312,17599,17600,17600,1,1
2022-04-01 15:23:51.310,17599,17600,17600,1,1
2022-04-01 15:23:51.759,17599,17600,17599,11,-11
2022-04-01 15:23:52.065,17598,17599,17600,1,1
2022-04-01 15:23:53.036,17598,17600,17598,1,-1
2022-04-01 15:23:56.250,17598,17599,17598,2,-2
2022-04-01 15:23:56.625,17598,17599,17599,2,2
2022-04-01 15:23:59.249,17599,17600,17599,1,-1
2022-04-01 15:23:59.653,17599,17600,17599,1,-1
2022-04-01 15:24:00.883,17598,17599,17599,1,1
2022-04-01 15:24:02.627,17598,17599,17599,1,1
2022-04-01 15:24:03.178,17598,17600,17600,2,2
2022-04-01 15:24:04.035,17598,17599,17598,1,-1
2022-04-01 15:24:05.218,17598,17599,17598,1,-1
2022-04-01 15:24:05.536,17598,17599,17599,1,1
2022-04-01 15:24:09.052,17598,17599,17598,38,-38
2022-04-01 15:24:09.053,17598,17599,17597,1,-1
2022-04-01 15:24:09.053,17598,17599,17597,1,-1
2022-04-01 15:24:09.053,17598,17599,17597,1,-1
2022-04-01 15:24:09.054,17598,17599,17597,18,-18
2022-04-01 15:24:09.054,17598,17599,17597,1,-1
2022-04-01 15:24:09.372,17596,17597,17597,1,1
2022-04-01 15:24:10.685,17596,17597,17596,2,-2
2022-04-01 15:24:10.840,17596,17597,17597,1,1
2022-04-01 15:24:10.923,17596,17597,17597,1,1
2022-04-01 15:24:11.516,17596,17597,17597,1,1
2022-04-01 15:24:12.387,17596,17597,17596,1,-1
2022-04-01 15:24:12.909,17596,17597,17596,1,-1
2022-04-01 15:24:12.909,17596,17597,17596,1,-1
2022-04-01 15:24:12.909,17596,17597,17596,1,-1
2022-04-01 15:24:12.913,17596,17597,17596,1,-1
2022-04-01 15:24:12.914,17596,17597,17596,1,-1
2022-04-01 15:24:15.040,17596,17597,17596,1,-1
2022-04-01 15:24:15.520,17595,17597,17597,1,1
2022-04-01 15:24:17.660,17596,17597,17596,1,-1
2022-04-01 15:24:23.227,17596,17597,17597,1,1
2022-04-01 15:24:23.627,17596,17597,17597,2,2
2022-04-01 15:24:24.049,17597,17598,17597,4,-4
2022-04-01 15:24:24.157,17596,17597,17597,1,1
2022-04-01 15:24:26.038,17597,17598,17597,1,-1
2022-04-01 15:24:26.269,17596,17598,17596,1,-1
2022-04-01 15:24:27.295,17596,17597,17596,1,-1
2022-04-01 15:24:28.615,17596,17598,17596,1,-1
2022-04-01 15:24:28.726,17596,17597,17596,1,-1
2022-04-01 15:24:30.593,17596,17598,17596,1,-1
2022-04-01 15:24:32.389,17596,17598,17598,1,1
2022-04-01 15:24:32.560,17596,17598,17596,1,-1
2022-04-01 15:24:33.746,17597,17598,17597,2,-2
2022-04-01 15:24:37.042,17597,17598,17597,1,-1
2022-04-01 15:24:40.326,17597,17598,17597,1,-1
2022-04-01 15:24:40.326,17597,17598,17597,1,-1
2022-04-01 15:24:41.442,17596,17597,17597,2,2
2022-04-01 15:24:43.617,17597,17598,17597,4,-4
2022-04-01 15:24:43.890,17597,17598,17597,1,-1
2022-04-01 15:24:44.128,17597,17598,17597,1,-1
2022-04-01 15:24:48.038,17597,17598,17597,9,-9
2022-04-01 15:24:48.040,17597,17598,17596,1,-1
2022-04-01 15:24:50.539,17596,17597,17597,1,1
2022-04-01 15:24:51.858,17597,17598,17597,2,-2
2022-04-01 15:24:51.858,17597,17598,17596,2,-2
2022-04-01 15:24:52.810,17596,17597,17597,1,1
2022-04-01 15:24:53.802,17597,17598,17597,1,-1
2022-04-01 15:24:56.666,17596,17597,17596,17,-17
2022-04-01 15:24:56.666,17596,17597,17595,33,-33
2022-04-01 15:24:59.037,17594,17595,17594,1,-1
2022-04-01 15:24:59.244,17594,17595,17594,1,-1
2022-04-01 15:24:59.244,17594,17595,17594,1,-1
2022-04-01 15:24:59.780,17593,17595,17595,1,1
2022-04-01 15:24:59.973,17593,17595,17595,1,1
2022-04-01 15:25:00.043,17593,17595,17593,1,-1
2022-04-01 15:25:00.243,17593,17595,17593,1,-1
2022-04-01 15:25:00.371,17593,17595,17595,1,1
2022-04-01 15:25:00.468,17593,17595,17595,1,1
2022-04-01 15:25:00.646,17594,17596,17594,1,-1
2022-04-01 15:25:04.111,17594,17595,17594,1,-1
2022-04-01 15:25:04.659,17594,17595,17595,1,1
2022-04-01 15:25:04.783,17594,17596,17596,1,1
2022-04-01 15:25:04.892,17594,17596,17596,1,1
2022-04-01 15:25:05.376,17594,17596,17596,2,2
2022-04-01 15:25:05.973,17594,17596,17594,2,-2
2022-04-01 15:25:06.911,17594,17596,17596,1,1
2022-04-01 15:25:07.739,17594,17596,17594,1,-1
2022-04-01 15:25:08.202,17594,17595,17594,1,-1
2022-04-01 15:25:10.168,17594,17595,17595,1,1
2022-04-01 15:25:11.046,17594,17596,17594,1,-1
2022-04-01 15:25:12.508,17595,17596,17595,1,-1
2022-04-01 15:25:12.508,17595,17596,17595,1,-1
2022-04-01 15:25:15.265,17593,17594,17594,1,1
2022-04-01 15:25:15.355,17593,17594,17593,1,-1
2022-04-01 15:25:15.635,17593,17594,17593,1,-1
2022-04-01 15:25:16.521,17593,17594,17594,1,1
2022-04-01 15:25:16.602,17593,17594,17594,1,1
2022-04-01 15:25:16.686,17593,17595,17593,4,-4
2022-04-01 15:25:17.304,17593,17595,17595,2,2
2022-04-01 15:25:20.181,17594,17595,17594,3,-3
2022-04-01 15:25:20.554,17594,17595,17594,1,-1
2022-04-01 15:25:22.043,17594,17595,17594,1,-1
2022-04-01 15:25:22.923,17594,17595,17595,2,2
2022-04-01 15:25:22.923,17594,17595,17595,1,1
2022-04-01 15:25:29.651,17595,17596,17595,1,-1
2022-04-01 15:25:31.858,17594,17595,17595,1,1
2022-04-01 15:25:33.045,17594,17596,17594,1,-1
2022-04-01 15:25:35.269,17594,17595,17595,1,1
2022-04-01 15:25:40.978,17594,17595,17594,1,-1
2022-04-01 15:25:44.043,17594,17595,17594,1,-1
2022-04-01 15:25:45.742,17594,17595,17594,1,-1
2022-04-01 15:25:47.262,17594,17595,17594,2,-2
2022-04-01 15:25:48.469,17594,17595,17595,2,2
2022-04-01 15:25:49.277,17594,17595,17594,1,-1
2022-04-01 15:25:52.069,17594,17595,17594,1,-1
2022-04-01 15:25:52.069,17594,17595,17593,1,-1
2022-04-01 15:25:52.069,17594,17595,17593,3,-3
2022-04-01 15:25:55.030,17593,17594,17593,1,-1
2022-04-01 15:25:59.628,17593,17594,17594,1,1
2022-04-01 15:26:00.756,17593,17595,17593,2,-2
2022-04-01 15:26:04.914,17593,17595,17595,1,1
2022-04-01 15:26:05.034,17594,17596,17596,4,4
2022-04-01 15:26:05.035,17594,17596,17596,2,2
2022-04-01 15:26:05.407,17595,17597,17595,1,-1
2022-04-01 15:26:05.732,17595,17597,17595,1,-1
2022-04-01 15:26:06.034,17595,17597,17595,1,-1
2022-04-01 15:26:06.250,17595,17597,17595,3,-3
2022-04-01 15:26:09.939,17595,17597,17595,1,-1
2022-04-01 15:26:10.821,17595,17597,17595,1,-1
2022-04-01 15:26:15.694,17596,17597,17596,1,-1
2022-04-01 15:26:16.170,17595,17597,17597,1,1
2022-04-01 15:26:17.034,17595,17597,17595,1,-1
2022-04-01 15:26:28.041,17595,17596,17595,1,-1
2022-04-01 15:26:28.435,17595,17596,17595,7,-7
2022-04-01 15:26:30.458,17595,17596,17595,1,-1
2022-04-01 15:26:32.288,17595,17596,17595,1,-1
2022-04-01 15:26:32.785,17593,17594,17594,1,1
2022-04-01 15:26:40.058,17594,17595,17594,1,-1
2022-04-01 15:26:40.942,17594,17595,17594,1,-1
2022-04-01 15:26:48.708,17593,17594,17594,1,1
2022-04-01 15:26:51.049,17593,17594,17593,1,-1
2022-04-01 15:26:53.972,17593,17594,17593,1,-1
2022-04-01 15:26:54.718,17593,17594,17593,1,-1
2022-04-01 15:26:54.719,17593,17594,17593,9,-9
2022-04-01 15:26:54.719,17593,17594,17593,1,-1
2022-04-01 15:26:54.720,17593,17594,17593,3,-3
2022-04-01 15:26:54.720,17593,17594,17593,1,-1
2022-04-01 15:26:55.130,17592,17593,17593,2,2
2022-04-01 15:26:55.130,17592,17593,17593,1,1
2022-04-01 15:26:56.005,17592,17593,17593,1,1
2022-04-01 15:27:00.202,17592,17593,17592,2,-2
2022-04-01 15:27:00.516,17592,17593,17592,5,-5
2022-04-01 15:27:02.050,17591,17592,17591,1,-1
2022-04-01 15:27:03.360,17591,17593,17591,1,-1
2022-04-01 15:27:05.206,17591,17592,17592,1,1
2022-04-01 15:27:05.323,17591,17592,17591,1,-1
2022-04-01 15:27:06.117,17591,17592,17591,1,-1
2022-04-01 15:27:13.049,17591,17592,17591,1,-1
2022-04-01 15:27:15.034,17591,17592,17592,1,1
2022-04-01 15:27:15.034,17591,17592,17592,1,1
2022-04-01 15:27:20.898,17593,17594,17593,2,-2
2022-04-01 15:27:22.070,17593,17594,17594,1,1
2022-04-01 15:27:24.032,17593,17594,17593,1,-1
2022-04-01 15:27:24.598,17593,17594,17594,1,1
2022-04-01 15:27:35.029,17593,17594,17593,1,-1
2022-04-01 15:27:39.942,17593,17595,17595,5,5
2022-04-01 15:27:40.729,17594,17595,17595,2,2
2022-04-01 15:27:42.602,17595,17596,17595,1,-1
2022-04-01 15:27:45.440,17594,17595,17595,1,1
2022-04-01 15:27:46.030,17594,17596,17594,1,-1
2022-04-01 15:27:51.212,17594,17595,17595,1,1
2022-04-01 15:27:51.438,17594,17595,17594,1,-1
2022-04-01 15:27:52.492,17593,17594,17593,1,-1
2022-04-01 15:27:52.918,17593,17594,17594,1,1
2022-04-01 15:27:57.033,17593,17594,17593,1,-1
2022-04-01 15:28:06.076,17593,17594,17593,1,-1
2022-04-01 15:28:07.621,17593,17594,17594,1,1
2022-04-01 15:28:08.039,17593,17594,17593,1,-1
2022-04-01 15:28:13.899,17593,17594,17594,1,1
2022-04-01 15:28:19.156,17593,17594,17594,1,1
2022-04-01 15:28:20.043,17593,17594,17593,1,-1
2022-04-01 15:28:28.752,17593,17594,17593,1,-1
2022-04-01 15:28:31.041,17593,17594,17593,1,-1
2022-04-01 15:28:31.806,17593,17594,17593,1,-1
2022-04-01 15:28:33.029,17592,17593,17592,1,-1
2022-04-01 15:28:33.029,17592,17593,17592,1,-1
2022-04-01 15:28:35.643,17591,17592,17592,1,1
2022-04-01 15:28:36.981,17592,17594,17592,5,-5
2022-04-01 15:28:40.715,17592,17593,17592,1,-1
2022-04-01 15:28:40.715,17592,17593,17591,1,-1
2022-04-01 15:28:42.051,17591,17592,17591,1,-1
2022-04-01 15:28:42.937,17591,17593,17593,1,1
2022-04-01 15:28:50.728,17591,17592,17591,5,-5
2022-04-01 15:28:53.043,17591,17592,17591,1,-1
2022-04-01 15:28:54.649,17591,17592,17591,1,-1
2022-04-01 15:28:54.650,17591,17592,17591,6,-6
2022-04-01 15:28:54.650,17591,17592,17591,1,-1
2022-04-01 15:28:55.534,17590,17591,17590,2,-2
2022-04-01 15:28:55.534,17590,17591,17590,2,-2
2022-04-01 15:28:55.691,17590,17591,17590,1,-1
2022-04-01 15:28:56.700,17590,17591,17590,2,-2
2022-04-01 15:28:56.744,17590,17591,17590,1,-1
2022-04-01 15:28:59.474,17590,17591,17590,14,-14
2022-04-01 15:28:59.475,17590,17591,17589,1,-1
2022-04-01 15:28:59.548,17589,17590,17589,1,-1
2022-04-01 15:29:00.198,17589,17590,17589,1,-1
2022-04-01 15:29:00.198,17589,17590,17588,1,-1
2022-04-01 15:29:03.837,17589,17590,17589,3,-3
2022-04-01 15:29:03.920,17589,17590,17589,6,-6
2022-04-01 15:29:03.920,17589,17590,17588,8,-8
2022-04-01 15:29:03.921,17589,17590,17589,1,-1
2022-04-01 15:29:04.048,17588,17590,17588,1,-1
2022-04-01 15:29:04.428,17588,17590,17590,2,2
2022-04-01 15:29:04.437,17588,17590,17591,2,2
2022-04-01 15:29:04.526,17589,17591,17591,1,1
2022-04-01 15:29:04.527,17589,17591,17591,2,2
2022-04-01 15:29:04.527,17589,17591,17591,2,2
2022-04-01 15:29:06.690,17590,17592,17590,1,-1
2022-04-01 15:29:08.916,17590,17592,17590,1,-1
2022-04-01 15:29:11.979,17590,17591,17591,1,1
2022-04-01 15:29:15.037,17591,17592,17591,1,-1
2022-04-01 15:29:20.059,17590,17592,17590,2,-2
2022-04-01 15:29:25.296,17591,17592,17592,1,1
2022-04-01 15:29:26.028,17591,17592,17591,1,-1
2022-04-01 15:29:26.550,17591,17592,17592,7,7
2022-04-01 15:29:27.223,17591,17593,17591,2,-2
2022-04-01 15:29:29.966,17591,17592,17592,1,1
2022-04-01 15:29:31.650,17591,17592,17591,2,-2
2022-04-01 15:29:37.033,17591,17592,17591,1,-1
2022-04-01 15:29:40.395,17591,17592,17592,1,1
2022-04-01 15:29:44.540,17591,17592,17592,1,1
2022-04-01 15:29:45.865,17591,17592,17592,1,1
2022-04-01 15:29:47.804,17592,17593,17592,3,-3
2022-04-01 15:29:48.030,17591,17592,17591,1,-1
2022-04-01 15:29:48.068,17591,17592,17592,5,5
2022-04-01 15:29:57.176,17591,17592,17591,5,-5
2022-04-01 15:30:00.058,17590,17591,17590,1,-1
2022-04-01 15:30:00.136,17590,17591,17591,1,1
2022-04-01 15:30:00.137,17590,17591,17591,1,1
2022-04-01 15:30:00.235,17590,17591,17591,1,1
2022-04-01 15:30:00.235,17590,17591,17592,1,1
2022-04-01 15:30:00.353,17590,17592,17592,1,1
2022-04-01 15:30:00.478,17590,17592,17592,1,1
2022-04-01 15:30:00.801,17590,17591,17591,1,1
2022-04-01 15:30:00.805,17590,17591,17591,1,1
2022-04-01 15:30:01.183,17590,17592,17590,2,-2
2022-04-01 15:30:01.333,17590,17591,17590,1,-1
2022-04-01 15:30:01.333,17590,17591,17590,1,-1
2022-04-01 15:30:01.465,17589,17590,17590,1,1
2022-04-01 15:30:01.519,17589,17590,17590,1,1
2022-04-01 15:30:01.746,17589,17591,17591,1,1
2022-04-01 15:30:01.885,17590,17591,17591,1,1
2022-04-01 15:30:01.885,17590,17591,17592,1,1
2022-04-01 15:30:02.014,17590,17591,17591,1,1
2022-04-01 15:30:02.014,17590,17591,17592,1,1
2022-04-01 15:30:02.096,17590,17591,17591,1,1
2022-04-01 15:30:02.185,17590,17592,17590,1,-1
2022-04-01 15:30:02.876,17591,17592,17592,1,1
2022-04-01 15:30:05.745,17590,17592,17592,1,1
2022-04-01 15:30:07.000,17591,17592,17592,1,1
2022-04-01 15:30:09.024,17591,17592,17592,1,1
2022-04-01 15:30:14.998,17591,17592,17592,1,1
2022-04-01 15:30:20.182,17591,17592,17591,1,-1
2022-04-01 15:30:24.048,17591,17592,17592,1,1
2022-04-01 15:30:27.634,17591,17592,17592,1,1
2022-04-01 15:30:30.929,17591,17592,17591,2,-2
2022-04-01 15:30:35.112,17590,17591,17591,1,1
2022-04-01 15:30:40.200,17590,17591,17590,2,-2
2022-04-01 15:30:41.177,17590,17591,17590,2,-2
2022-04-01 15:30:41.178,17590,17591,17589,1,-1
2022-04-01 15:30:41.178,17590,17591,17589,1,-1
2022-04-01 15:30:44.461,17589,17590,17589,1,-1
2022-04-01 15:30:49.671,17589,17590,17590,5,5
2022-04-01 15:30:51.087,17590,17591,17590,1,-1
2022-04-01 15:30:54.971,17589,17591,17589,1,-1
2022-04-01 15:30:58.097,17590,17591,17590,1,-1
2022-04-01 15:30:59.626,17589,17591,17591,1,1
