2022-11-28 15:00:00,14495,14495,14495,182,0
2022-11-28 15:00:00,14495,14495,14495,2,0
2022-11-28 15:00:00,14495,14495,14495,20,0
2022-11-28 15:00:00,14495,14495,14495,4,0
2022-11-28 15:00:00,14495,14495,14495,2,0
2022-11-28 15:00:00,14496,14496,14496,14,14
2022-11-28 15:00:00,14495,14495,14495,2,-2
2022-11-28 15:00:00,14497,14497,14497,2,2
2022-11-28 15:00:00,14497,14497,14497,2,0
2022-11-28 15:00:00,14496,14496,14496,2,-2
2022-11-28 15:00:00,14497,14497,14497,6,6
2022-11-28 15:00:01,14497,14497,14497,24,0
2022-11-28 15:00:01,14496,14496,14496,2,-2
2022-11-28 15:00:01,14496,14496,14496,2,0
2022-11-28 15:00:01,14497,14497,14497,2,2
2022-11-28 15:00:01,14497,14497,14497,2,0
2022-11-28 15:00:01,14497,14497,14497,4,0
2022-11-28 15:00:01,14496,14496,14496,2,-2
2022-11-28 15:00:01,14498,14498,14498,6,6
2022-11-28 15:00:01,14497,14497,14497,2,-2
2022-11-28 15:00:01,14497,14497,14497,2,0
2022-11-28 15:00:01,14498,14498,14498,14,14
2022-11-28 15:00:01,14498,14498,14498,2,0
2022-11-28 15:00:02,14497,14497,14497,6,-6
2022-11-28 15:00:02,14498,14498,14498,2,2
2022-11-28 15:00:02,14498,14498,14498,4,0
2022-11-28 15:00:02,14498,14498,14498,2,0
2022-11-28 15:00:02,14498,14498,14498,4,0
2022-11-28 15:00:02,14498,14498,14498,10,0
2022-11-28 15:00:03,14497,14497,14497,2,-2
2022-11-28 15:00:03,14497,14497,14497,2,0
2022-11-28 15:00:03,14497,14497,14497,2,0
2022-11-28 15:00:04,14499,14499,14499,2,2
2022-11-28 15:00:04,14499,14499,14499,20,0
2022-11-28 15:00:04,14498,14498,14498,2,-2
2022-11-28 15:00:04,14498,14498,14498,2,0
2022-11-28 15:00:04,14498,14498,14498,4,0
2022-11-28 15:00:04,14500,14500,14500,14,14
2022-11-28 15:00:04,14501,14501,14501,8,8
2022-11-28 15:00:04,14501,14501,14501,2,0
2022-11-28 15:00:04,14500,14500,14500,2,-2
2022-11-28 15:00:04,14500,14500,14500,2,0
2022-11-28 15:00:05,14501,14501,14501,2,2
2022-11-28 15:00:05,14501,14501,14501,10,0
2022-11-28 15:00:05,14500,14500,14500,2,-2
2022-11-28 15:00:05,14500,14500,14500,2,0
2022-11-28 15:00:05,14500,14500,14500,2,0
2022-11-28 15:00:06,14500,14500,14500,4,0
2022-11-28 15:00:06,14499,14499,14499,2,-2
2022-11-28 15:00:06,14500,14500,14500,2,2
2022-11-28 15:00:06,14500,14500,14500,2,0
2022-11-28 15:00:06,14499,14499,14499,2,-2
2022-11-28 15:00:06,14499,14499,14499,2,0
2022-11-28 15:00:06,14499,14499,14499,2,0
2022-11-28 15:00:06,14499,14499,14499,4,0
2022-11-28 15:00:06,14499,14499,14499,4,0
2022-11-28 15:00:06,14499,14499,14499,2,0
2022-11-28 15:00:06,14498,14498,14498,4,-4
2022-11-28 15:00:06,14498,14498,14498,2,0
2022-11-28 15:00:06,14498,14498,14498,2,0
2022-11-28 15:00:06,14498,14498,14498,10,0
2022-11-28 15:00:06,14498,14498,14498,2,0
2022-11-28 15:00:06,14498,14498,14498,2,0
2022-11-28 15:00:06,14498,14498,14498,2,0
2022-11-28 15:00:06,14498,14498,14498,2,0
2022-11-28 15:00:06,14498,14498,14498,2,0
2022-11-28 15:00:06,14498,14498,14498,6,0
2022-11-28 15:00:06,14498,14498,14498,2,0
2022-11-28 15:00:06,14498,14498,14498,4,0
2022-11-28 15:00:06,14499,14499,14499,6,6
2022-11-28 15:00:06,14499,14499,14499,2,0
2022-11-28 15:00:06,14500,14500,14500,2,2
2022-11-28 15:00:06,14500,14500,14500,8,0
2022-11-28 15:00:06,14500,14500,14500,2,0
2022-11-28 15:00:06,14500,14500,14500,4,0
2022-11-28 15:00:07,14500,14500,14500,2,0
2022-11-28 15:00:07,14499,14499,14499,2,-2
2022-11-28 15:00:07,14500,14500,14500,2,2
2022-11-28 15:00:07,14499,14499,14499,4,-4
2022-11-28 15:00:07,14501,14501,14501,8,8
2022-11-28 15:00:08,14501,14501,14501,2,0
2022-11-28 15:00:08,14501,14501,14501,6,0
2022-11-28 15:00:08,14499,14499,14499,2,-2
2022-11-28 15:00:08,14501,14501,14501,6,6
2022-11-28 15:00:09,14500,14500,14500,2,-2
2022-11-28 15:00:09,14502,14502,14502,12,12
2022-11-28 15:00:10,14501,14501,14501,2,-2
2022-11-28 15:00:10,14502,14502,14502,12,12
2022-11-28 15:00:10,14501,14501,14501,2,-2
2022-11-28 15:00:10,14501,14501,14501,2,0
2022-11-28 15:00:10,14502,14502,14502,8,8
2022-11-28 15:00:11,14501,14501,14501,2,-2
2022-11-28 15:00:11,14501,14501,14501,2,0
2022-11-28 15:00:11,14502,14502,14502,2,2
2022-11-28 15:00:12,14502,14502,14502,2,0
2022-11-28 15:00:12,14503,14503,14503,2,2
2022-11-28 15:00:13,14501,14501,14501,2,-2
2022-11-28 15:00:13,14501,14501,14501,2,0
2022-11-28 15:00:13,14503,14503,14503,2,2
2022-11-28 15:00:13,14503,14503,14503,14,0
2022-11-28 15:00:13,14501,14501,14501,2,-2
2022-11-28 15:00:13,14501,14501,14501,2,0
2022-11-28 15:00:13,14502,14502,14502,2,2
2022-11-28 15:00:14,14501,14501,14501,2,-2
2022-11-28 15:00:14,14501,14501,14501,2,0
2022-11-28 15:00:15,14502,14502,14502,2,2
2022-11-28 15:00:15,14503,14503,14503,20,20
2022-11-28 15:00:15,14502,14502,14502,2,-2
2022-11-28 15:00:15,14502,14502,14502,2,0
2022-11-28 15:00:16,14502,14502,14502,2,0
2022-11-28 15:00:16,14504,14504,14504,2,2
2022-11-28 15:00:16,14502,14502,14502,2,-2
2022-11-28 15:00:16,14503,14503,14503,2,2
2022-11-28 15:00:16,14503,14503,14503,2,0
2022-11-28 15:00:16,14503,14503,14503,2,0
2022-11-28 15:00:16,14504,14504,14504,2,2
2022-11-28 15:00:16,14504,14504,14504,2,0
2022-11-28 15:00:16,14502,14502,14502,2,-2
2022-11-28 15:00:16,14502,14502,14502,2,0
2022-11-28 15:00:16,14502,14502,14502,2,0
2022-11-28 15:00:17,14503,14503,14503,4,4
2022-11-28 15:00:17,14503,14503,14503,4,0
2022-11-28 15:00:17,14504,14504,14504,2,2
2022-11-28 15:00:18,14502,14502,14502,2,-2
2022-11-28 15:00:20,14503,14503,14503,2,2
2022-11-28 15:00:20,14503,14503,14503,4,0
2022-11-28 15:00:20,14503,14503,14503,2,0
2022-11-28 15:00:20,14503,14503,14503,2,0
2022-11-28 15:00:20,14504,14504,14504,2,2
2022-11-28 15:00:20,14502,14502,14502,2,-2
2022-11-28 15:00:21,14503,14503,14503,4,4
2022-11-28 15:00:22,14503,14503,14503,4,0
2022-11-28 15:00:22,14503,14503,14503,2,0
2022-11-28 15:00:24,14502,14502,14502,2,-2
2022-11-28 15:00:24,14502,14502,14502,2,0
2022-11-28 15:00:24,14502,14502,14502,16,0
2022-11-28 15:00:24,14502,14502,14502,2,0
2022-11-28 15:00:24,14502,14502,14502,2,0
2022-11-28 15:00:24,14502,14502,14502,2,0
2022-11-28 15:00:24,14501,14501,14501,2,-2
2022-11-28 15:00:24,14501,14501,14501,4,0
2022-11-28 15:00:24,14501,14501,14501,4,0
2022-11-28 15:00:24,14501,14501,14501,2,0
2022-11-28 15:00:24,14501,14501,14501,4,0
2022-11-28 15:00:24,14501,14501,14501,2,0
2022-11-28 15:00:24,14501,14501,14501,2,0
2022-11-28 15:00:24,14501,14501,14501,2,0
2022-11-28 15:00:24,14501,14501,14501,4,0
2022-11-28 15:00:24,14501,14501,14501,2,0
2022-11-28 15:00:24,14501,14501,14501,2,0
2022-11-28 15:00:24,14501,14501,14501,2,0
2022-11-28 15:00:24,14501,14501,14501,4,0
2022-11-28 15:00:24,14501,14501,14501,2,0
2022-11-28 15:00:24,14501,14501,14501,2,0
2022-11-28 15:00:24,14501,14501,14501,2,0
2022-11-28 15:00:24,14501,14501,14501,2,0
2022-11-28 15:00:25,14501,14501,14501,4,0
2022-11-28 15:00:25,14502,14502,14502,2,2
2022-11-28 15:00:25,14502,14502,14502,2,0
2022-11-28 15:00:25,14502,14502,14502,2,0
2022-11-28 15:00:25,14503,14503,14503,6,6
2022-11-28 15:00:26,14502,14502,14502,2,-2
2022-11-28 15:00:26,14501,14501,14501,2,-2
2022-11-28 15:00:26,14501,14501,14501,2,0
2022-11-28 15:00:27,14502,14502,14502,2,2
2022-11-28 15:00:27,14502,14502,14502,2,0
2022-11-28 15:00:27,14502,14502,14502,2,0
2022-11-28 15:00:27,14502,14502,14502,2,0
2022-11-28 15:00:28,14502,14502,14502,2,0
2022-11-28 15:00:28,14501,14501,14501,2,-2
2022-11-28 15:00:28,14501,14501,14501,2,0
2022-11-28 15:00:28,14501,14501,14501,4,0
2022-11-28 15:00:28,14501,14501,14501,2,0
2022-11-28 15:00:30,14502,14502,14502,2,2
2022-11-28 15:00:30,14502,14502,14502,2,0
2022-11-28 15:00:30,14502,14502,14502,2,0
2022-11-28 15:00:31,14501,14501,14501,2,-2
2022-11-28 15:00:31,14501,14501,14501,2,0
2022-11-28 15:00:31,14501,14501,14501,2,0
2022-11-28 15:00:32,14500,14500,14500,2,-2
2022-11-28 15:00:32,14500,14500,14500,2,0
2022-11-28 15:00:32,14500,14500,14500,2,0
2022-11-28 15:00:32,14500,14500,14500,4,0
2022-11-28 15:00:32,14500,14500,14500,10,0
2022-11-28 15:00:32,14500,14500,14500,2,0
2022-11-28 15:00:33,14499,14499,14499,6,-6
2022-11-28 15:00:33,14499,14499,14499,2,0
2022-11-28 15:00:33,14498,14498,14498,4,-4
2022-11-28 15:00:33,14498,14498,14498,2,0
2022-11-28 15:00:33,14498,14498,14498,2,0
2022-11-28 15:00:33,14498,14498,14498,2,0
2022-11-28 15:00:33,14498,14498,14498,2,0
2022-11-28 15:00:33,14500,14500,14500,10,10
2022-11-28 15:00:33,14498,14498,14498,2,-2
2022-11-28 15:00:34,14498,14498,14498,2,0
2022-11-28 15:00:35,14500,14500,14500,2,2
2022-11-28 15:00:35,14498,14498,14498,4,-4
2022-11-28 15:00:38,14499,14499,14499,2,2
2022-11-28 15:00:40,14500,14500,14500,18,18
2022-11-28 15:00:41,14501,14501,14501,4,4
2022-11-28 15:00:41,14501,14501,14501,4,0
2022-11-28 15:00:42,14502,14502,14502,2,2
2022-11-28 15:00:42,14502,14502,14502,2,0
2022-11-28 15:00:42,14502,14502,14502,4,0
2022-11-28 15:00:42,14501,14501,14501,2,-2
2022-11-28 15:00:42,14501,14501,14501,2,0
2022-11-28 15:00:43,14501,14501,14501,2,0
2022-11-28 15:00:43,14501,14501,14501,2,0
2022-11-28 15:00:44,14501,14501,14501,2,0
2022-11-28 15:00:44,14501,14501,14501,2,0
2022-11-28 15:00:45,14503,14503,14503,18,18
2022-11-28 15:00:46,14503,14503,14503,2,0
2022-11-28 15:00:48,14502,14502,14502,2,-2
2022-11-28 15:00:50,14502,14502,14502,2,0
2022-11-28 15:00:50,14503,14503,14503,2,2
2022-11-28 15:00:53,14503,14503,14503,2,0
2022-11-28 15:00:53,14502,14502,14502,2,-2
2022-11-28 15:00:53,14503,14503,14503,2,2
2022-11-28 15:00:56,14502,14502,14502,2,-2
2022-11-28 15:00:58,14502,14502,14502,2,0
2022-11-28 15:00:58,14503,14503,14503,2,2
2022-11-28 15:00:59,14503,14503,14503,4,0
2022-11-28 15:00:59,14502,14502,14502,2,-2
2022-11-28 15:00:59,14502,14502,14502,2,0
2022-11-28 15:00:59,14502,14502,14502,4,0
2022-11-28 15:00:59,14502,14502,14502,2,0
2022-11-28 15:01:00,14503,14503,14503,8,8
2022-11-28 15:01:00,14502,14502,14502,4,-4
2022-11-28 15:01:00,14502,14502,14502,6,0
2022-11-28 15:01:00,14504,14504,14504,10,10
2022-11-28 15:01:00,14504,14504,14504,10,0
2022-11-28 15:01:00,14504,14504,14504,2,0
2022-11-28 15:01:00,14503,14503,14503,2,-2
2022-11-28 15:01:03,14503,14503,14503,8,0
2022-11-28 15:01:03,14503,14503,14503,2,0
2022-11-28 15:01:03,14504,14504,14504,2,2
2022-11-28 15:01:04,14502,14502,14502,2,-2
2022-11-28 15:01:04,14502,14502,14502,2,0
2022-11-28 15:01:05,14501,14501,14501,2,-2
2022-11-28 15:01:05,14501,14501,14501,2,0
2022-11-28 15:01:08,14501,14501,14501,2,0
2022-11-28 15:01:08,14501,14501,14501,2,0
2022-11-28 15:01:08,14500,14500,14500,2,-2
2022-11-28 15:01:09,14500,14500,14500,2,0
2022-11-28 15:01:09,14502,14502,14502,2,2
2022-11-28 15:01:09,14502,14502,14502,2,0
2022-11-28 15:01:11,14500,14500,14500,2,-2
2022-11-28 15:01:11,14500,14500,14500,2,0
2022-11-28 15:01:11,14500,14500,14500,2,0
2022-11-28 15:01:11,14500,14500,14500,34,0
2022-11-28 15:01:11,14500,14500,14500,8,0
2022-11-28 15:01:11,14500,14500,14500,2,0
2022-11-28 15:01:11,14500,14500,14500,2,0
2022-11-28 15:01:11,14500,14500,14500,2,0
2022-11-28 15:01:11,14500,14500,14500,4,0
2022-11-28 15:01:11,14500,14500,14500,2,0
2022-11-28 15:01:11,14500,14500,14500,2,0
2022-11-28 15:01:11,14500,14500,14500,2,0
2022-11-28 15:01:12,14501,14501,14501,2,2
2022-11-28 15:01:12,14501,14501,14501,2,0
2022-11-28 15:01:13,14500,14500,14500,2,-2
2022-11-28 15:01:14,14500,14500,14500,2,0
2022-11-28 15:01:14,14500,14500,14500,2,0
2022-11-28 15:01:15,14500,14500,14500,2,0
2022-11-28 15:01:15,14500,14500,14500,2,0
2022-11-28 15:01:17,14501,14501,14501,10,10
2022-11-28 15:01:17,14501,14501,14501,4,0
2022-11-28 15:01:19,14502,14502,14502,14,14
2022-11-28 15:01:20,14502,14502,14502,2,0
2022-11-28 15:01:20,14502,14502,14502,4,0
2022-11-28 15:01:20,14502,14502,14502,2,0
2022-11-28 15:01:20,14503,14503,14503,2,2
2022-11-28 15:01:20,14502,14502,14502,4,-4
2022-11-28 15:01:21,14503,14503,14503,4,4
2022-11-28 15:01:21,14504,14504,14504,2,2
2022-11-28 15:01:21,14504,14504,14504,2,0
2022-11-28 15:01:21,14504,14504,14504,14,0
2022-11-28 15:01:21,14505,14505,14505,26,26
2022-11-28 15:01:21,14505,14505,14505,2,0
2022-11-28 15:01:22,14505,14505,14505,26,0
2022-11-28 15:01:22,14505,14505,14505,2,0
2022-11-28 15:01:22,14505,14505,14505,2,0
2022-11-28 15:01:22,14506,14506,14506,2,2
2022-11-28 15:01:22,14506,14506,14506,2,0
2022-11-28 15:01:22,14506,14506,14506,10,0
2022-11-28 15:01:22,14507,14507,14507,16,16
2022-11-28 15:01:22,14506,14506,14506,2,-2
2022-11-28 15:01:22,14506,14506,14506,2,0
2022-11-28 15:01:22,14506,14506,14506,2,0
2022-11-28 15:01:22,14506,14506,14506,4,0
2022-11-28 15:01:22,14506,14506,14506,6,0
2022-11-28 15:01:22,14505,14505,14505,4,-4
2022-11-28 15:01:22,14505,14505,14505,2,0
2022-11-28 15:01:22,14507,14507,14507,2,2
2022-11-28 15:01:22,14507,14507,14507,2,0
2022-11-28 15:01:22,14507,14507,14507,2,0
2022-11-28 15:01:22,14505,14505,14505,2,-2
2022-11-28 15:01:24,14504,14504,14504,2,-2
2022-11-28 15:01:26,14506,14506,14506,2,2
2022-11-28 15:01:26,14506,14506,14506,4,0
2022-11-28 15:01:28,14507,14507,14507,12,12
2022-11-28 15:01:28,14508,14508,14508,2,2
2022-11-28 15:01:28,14506,14506,14506,2,-2
2022-11-28 15:01:28,14506,14506,14506,2,0
2022-11-28 15:01:28,14508,14508,14508,2,2
2022-11-28 15:01:28,14506,14506,14506,2,-2
2022-11-28 15:01:28,14508,14508,14508,2,2
2022-11-28 15:01:28,14508,14508,14508,2,0
2022-11-28 15:01:28,14508,14508,14508,48,0
2022-11-28 15:01:29,14507,14507,14507,2,-2
2022-11-28 15:01:29,14507,14507,14507,4,0
2022-11-28 15:01:29,14507,14507,14507,2,0
2022-11-28 15:01:29,14506,14506,14506,2,-2
2022-11-28 15:01:29,14506,14506,14506,2,0
2022-11-28 15:01:29,14506,14506,14506,2,0
2022-11-28 15:01:29,14506,14506,14506,2,0
2022-11-28 15:01:29,14506,14506,14506,2,0
2022-11-28 15:01:29,14505,14505,14505,4,-4
2022-11-28 15:01:29,14505,14505,14505,2,0
2022-11-28 15:01:29,14505,14505,14505,2,0
2022-11-28 15:01:29,14506,14506,14506,2,2
2022-11-28 15:01:29,14506,14506,14506,2,0
2022-11-28 15:01:31,14505,14505,14505,2,-2
2022-11-28 15:01:32,14505,14505,14505,2,0
2022-11-28 15:01:33,14506,14506,14506,6,6
2022-11-28 15:01:33,14506,14506,14506,2,0
2022-11-28 15:01:33,14506,14506,14506,2,0
2022-11-28 15:01:33,14506,14506,14506,2,0
2022-11-28 15:01:33,14506,14506,14506,6,0
2022-11-28 15:01:33,14506,14506,14506,2,0
2022-11-28 15:01:34,14506,14506,14506,2,0
2022-11-28 15:01:36,14506,14506,14506,2,0
2022-11-28 15:01:37,14505,14505,14505,2,-2
2022-11-28 15:01:37,14507,14507,14507,8,8
2022-11-28 15:01:37,14508,14508,14508,2,2
2022-11-28 15:01:38,14508,14508,14508,2,0
2022-11-28 15:01:39,14507,14507,14507,2,-2
2022-11-28 15:01:40,14508,14508,14508,2,2
2022-11-28 15:01:41,14508,14508,14508,4,0
2022-11-28 15:01:42,14507,14507,14507,2,-2
2022-11-28 15:01:42,14507,14507,14507,2,0
2022-11-28 15:01:42,14507,14507,14507,4,0
2022-11-28 15:01:44,14507,14507,14507,2,0
2022-11-28 15:01:44,14506,14506,14506,2,-2
2022-11-28 15:01:44,14507,14507,14507,32,32
2022-11-28 15:01:44,14508,14508,14508,18,18
2022-11-28 15:01:46,14507,14507,14507,2,-2
2022-11-28 15:01:46,14507,14507,14507,2,0
2022-11-28 15:01:46,14507,14507,14507,2,0
2022-11-28 15:01:46,14508,14508,14508,2,2
2022-11-28 15:01:47,14508,14508,14508,2,0
2022-11-28 15:01:47,14506,14506,14506,2,-2
2022-11-28 15:01:47,14506,14506,14506,2,0
2022-11-28 15:01:48,14507,14507,14507,4,4
2022-11-28 15:01:49,14508,14508,14508,2,2
2022-11-28 15:01:49,14508,14508,14508,2,0
2022-11-28 15:01:51,14507,14507,14507,10,-10
2022-11-28 15:01:51,14508,14508,14508,10,10
2022-11-28 15:01:51,14508,14508,14508,2,0
2022-11-28 15:01:51,14508,14508,14508,4,0
2022-11-28 15:01:51,14508,14508,14508,32,0
2022-11-28 15:01:52,14509,14509,14509,4,4
2022-11-28 15:01:52,14507,14507,14507,2,-2
2022-11-28 15:01:52,14509,14509,14509,2,2
2022-11-28 15:01:54,14508,14508,14508,2,-2
2022-11-28 15:01:54,14508,14508,14508,2,0
2022-11-28 15:01:55,14508,14508,14508,2,0
2022-11-28 15:01:56,14508,14508,14508,4,0
2022-11-28 15:01:57,14509,14509,14509,30,30
2022-11-28 15:01:57,14508,14508,14508,2,-2
2022-11-28 15:01:58,14508,14508,14508,2,0
2022-11-28 15:01:59,14509,14509,14509,2,2
2022-11-28 15:02:00,14509,14509,14509,2,0
2022-11-28 15:02:00,14509,14509,14509,10,0
2022-11-28 15:02:00,14508,14508,14508,4,-4
2022-11-28 15:02:00,14509,14509,14509,2,2
2022-11-28 15:02:00,14509,14509,14509,2,0
2022-11-28 15:02:01,14509,14509,14509,2,0
2022-11-28 15:02:01,14509,14509,14509,2,0
2022-11-28 15:02:03,14508,14508,14508,2,-2
2022-11-28 15:02:04,14509,14509,14509,2,2
2022-11-28 15:02:06,14510,14510,14510,2,2
2022-11-28 15:02:06,14510,14510,14510,2,0
2022-11-28 15:02:07,14508,14508,14508,2,-2
2022-11-28 15:02:08,14509,14509,14509,2,2
2022-11-28 15:02:10,14509,14509,14509,8,0
2022-11-28 15:02:10,14510,14510,14510,2,2
2022-11-28 15:02:11,14509,14509,14509,2,-2
2022-11-28 15:02:11,14508,14508,14508,2,-2
2022-11-28 15:02:12,14508,14508,14508,2,0
2022-11-28 15:02:12,14508,14508,14508,2,0
2022-11-28 15:02:12,14508,14508,14508,2,0
2022-11-28 15:02:12,14508,14508,14508,2,0
2022-11-28 15:02:12,14509,14509,14509,2,2
2022-11-28 15:02:13,14509,14509,14509,8,0
2022-11-28 15:02:15,14509,14509,14509,2,0
2022-11-28 15:02:16,14510,14510,14510,10,10
2022-11-28 15:02:17,14509,14509,14509,4,-4
2022-11-28 15:02:17,14510,14510,14510,4,4
2022-11-28 15:02:17,14510,14510,14510,8,0
2022-11-28 15:02:17,14510,14510,14510,4,0
2022-11-28 15:02:17,14510,14510,14510,6,0
2022-11-28 15:02:18,14511,14511,14511,6,6
2022-11-28 15:02:18,14510,14510,14510,2,-2
2022-11-28 15:02:18,14512,14512,14512,4,4
2022-11-28 15:02:18,14512,14512,14512,10,0
2022-11-28 15:02:18,14512,14512,14512,2,0
2022-11-28 15:02:18,14512,14512,14512,26,0
2022-11-28 15:02:18,14511,14511,14511,2,-2
2022-11-28 15:02:18,14511,14511,14511,2,0
2022-11-28 15:02:18,14513,14513,14513,2,2
2022-11-28 15:02:19,14511,14511,14511,2,-2
2022-11-28 15:02:21,14512,14512,14512,2,2
2022-11-28 15:02:21,14512,14512,14512,2,0
2022-11-28 15:02:22,14511,14511,14511,2,-2
2022-11-28 15:02:22,14511,14511,14511,2,0
2022-11-28 15:02:24,14509,14509,14509,2,-2
2022-11-28 15:02:25,14511,14511,14511,2,2
2022-11-28 15:02:26,14509,14509,14509,2,-2
2022-11-28 15:02:28,14510,14510,14510,2,2
2022-11-28 15:02:28,14509,14509,14509,2,-2
2022-11-28 15:02:28,14510,14510,14510,24,24
2022-11-28 15:02:30,14510,14510,14510,2,0
2022-11-28 15:02:31,14510,14510,14510,2,0
2022-11-28 15:02:33,14509,14509,14509,14,-14
2022-11-28 15:02:33,14509,14509,14509,2,0
2022-11-28 15:02:33,14509,14509,14509,2,0
2022-11-28 15:02:34,14510,14510,14510,4,4
2022-11-28 15:02:35,14510,14510,14510,2,0
2022-11-28 15:02:39,14509,14509,14509,2,-2
2022-11-28 15:02:43,14509,14509,14509,2,0
2022-11-28 15:02:43,14509,14509,14509,2,0
2022-11-28 15:02:43,14509,14509,14509,2,0
2022-11-28 15:02:44,14510,14510,14510,2,2
2022-11-28 15:02:46,14508,14508,14508,2,-2
2022-11-28 15:02:46,14508,14508,14508,2,0
2022-11-28 15:02:46,14508,14508,14508,2,0
2022-11-28 15:02:46,14508,14508,14508,2,0
2022-11-28 15:02:46,14508,14508,14508,2,0
2022-11-28 15:02:46,14509,14509,14509,2,2
2022-11-28 15:02:47,14508,14508,14508,2,-2
2022-11-28 15:02:47,14508,14508,14508,4,0
2022-11-28 15:02:47,14508,14508,14508,2,0
2022-11-28 15:02:47,14508,14508,14508,12,0
2022-11-28 15:02:47,14508,14508,14508,2,0
2022-11-28 15:02:47,14508,14508,14508,2,0
2022-11-28 15:02:47,14508,14508,14508,2,0
2022-11-28 15:02:47,14508,14508,14508,6,0
2022-11-28 15:02:47,14508,14508,14508,2,0
2022-11-28 15:02:47,14507,14507,14507,2,-2
2022-11-28 15:02:47,14507,14507,14507,2,0
2022-11-28 15:02:47,14507,14507,14507,2,0
2022-11-28 15:02:48,14506,14506,14506,2,-2
2022-11-28 15:02:50,14506,14506,14506,2,0
2022-11-28 15:02:50,14506,14506,14506,2,0
2022-11-28 15:02:50,14507,14507,14507,2,2
2022-11-28 15:02:52,14507,14507,14507,2,0
2022-11-28 15:02:52,14506,14506,14506,2,-2
2022-11-28 15:02:52,14506,14506,14506,2,0
2022-11-28 15:02:52,14506,14506,14506,2,0
2022-11-28 15:02:52,14506,14506,14506,2,0
2022-11-28 15:02:52,14506,14506,14506,2,0
2022-11-28 15:02:52,14506,14506,14506,2,0
2022-11-28 15:02:52,14506,14506,14506,2,0
2022-11-28 15:02:52,14506,14506,14506,4,0
2022-11-28 15:02:52,14506,14506,14506,2,0
2022-11-28 15:02:52,14506,14506,14506,2,0
2022-11-28 15:02:53,14507,14507,14507,2,2
2022-11-28 15:02:54,14506,14506,14506,2,-2
2022-11-28 15:02:55,14506,14506,14506,2,0
2022-11-28 15:02:55,14507,14507,14507,2,2
2022-11-28 15:02:55,14507,14507,14507,4,0
2022-11-28 15:02:55,14507,14507,14507,2,0
2022-11-28 15:02:55,14507,14507,14507,2,0
2022-11-28 15:02:56,14508,14508,14508,4,4
2022-11-28 15:02:56,14508,14508,14508,2,0
2022-11-28 15:02:56,14508,14508,14508,2,0
2022-11-28 15:02:56,14508,14508,14508,4,0
2022-11-28 15:02:56,14508,14508,14508,10,0
2022-11-28 15:02:56,14508,14508,14508,8,0
2022-11-28 15:02:56,14509,14509,14509,14,14
2022-11-28 15:02:56,14509,14509,14509,2,0
2022-11-28 15:02:56,14509,14509,14509,2,0
2022-11-28 15:02:58,14510,14510,14510,16,16
2022-11-28 15:02:59,14509,14509,14509,2,-2
2022-11-28 15:02:59,14509,14509,14509,2,0
2022-11-28 15:03:04,14510,14510,14510,4,4
2022-11-28 15:03:04,14511,14511,14511,2,2
2022-11-28 15:03:04,14511,14511,14511,2,0
2022-11-28 15:03:08,14510,14510,14510,2,-2
2022-11-28 15:03:09,14510,14510,14510,8,0
2022-11-28 15:03:10,14511,14511,14511,2,2
2022-11-28 15:03:10,14510,14510,14510,4,-4
2022-11-28 15:03:10,14510,14510,14510,2,0
2022-11-28 15:03:11,14510,14510,14510,2,0
2022-11-28 15:03:11,14510,14510,14510,2,0
2022-11-28 15:03:17,14510,14510,14510,2,0
2022-11-28 15:03:17,14510,14510,14510,6,0
2022-11-28 15:03:18,14511,14511,14511,4,4
2022-11-28 15:03:18,14511,14511,14511,2,0
2022-11-28 15:03:19,14510,14510,14510,2,-2
2022-11-28 15:03:20,14511,14511,14511,10,10
2022-11-28 15:03:20,14510,14510,14510,2,-2
2022-11-28 15:03:21,14511,14511,14511,2,2
2022-11-28 15:03:21,14512,14512,14512,8,8
2022-11-28 15:03:21,14510,14510,14510,2,-2
2022-11-28 15:03:21,14510,14510,14510,2,0
2022-11-28 15:03:22,14512,14512,14512,2,2
2022-11-28 15:03:24,14510,14510,14510,2,-2
2022-11-28 15:03:25,14510,14510,14510,8,0
2022-11-28 15:03:25,14511,14511,14511,2,2
2022-11-28 15:03:26,14511,14511,14511,2,0
2022-11-28 15:03:26,14511,14511,14511,10,0
2022-11-28 15:03:27,14511,14511,14511,2,0
2022-11-28 15:03:28,14510,14510,14510,2,-2
2022-11-28 15:03:29,14510,14510,14510,4,0
2022-11-28 15:03:30,14511,14511,14511,2,2
2022-11-28 15:03:33,14510,14510,14510,2,-2
2022-11-28 15:03:33,14510,14510,14510,6,0
2022-11-28 15:03:34,14510,14510,14510,2,0
2022-11-28 15:03:35,14509,14509,14509,2,-2
2022-11-28 15:03:35,14509,14509,14509,2,0
2022-11-28 15:03:35,14509,14509,14509,4,0
2022-11-28 15:03:35,14509,14509,14509,10,0
2022-11-28 15:03:35,14509,14509,14509,2,0
2022-11-28 15:03:35,14509,14509,14509,14,0
2022-11-28 15:03:35,14509,14509,14509,2,0
2022-11-28 15:03:35,14509,14509,14509,2,0
2022-11-28 15:03:35,14509,14509,14509,2,0
2022-11-28 15:03:35,14509,14509,14509,8,0
2022-11-28 15:03:37,14508,14508,14508,2,-2
2022-11-28 15:03:37,14508,14508,14508,2,0
2022-11-28 15:03:37,14508,14508,14508,2,0
2022-11-28 15:03:38,14508,14508,14508,4,0
2022-11-28 15:03:38,14508,14508,14508,2,0
2022-11-28 15:03:39,14508,14508,14508,2,0
2022-11-28 15:03:39,14508,14508,14508,4,0
2022-11-28 15:03:39,14508,14508,14508,2,0
2022-11-28 15:03:44,14508,14508,14508,8,0
2022-11-28 15:03:44,14508,14508,14508,2,0
2022-11-28 15:03:44,14508,14508,14508,2,0
2022-11-28 15:03:44,14508,14508,14508,2,0
2022-11-28 15:03:46,14508,14508,14508,12,0
2022-11-28 15:03:48,14508,14508,14508,2,0
2022-11-28 15:03:51,14509,14509,14509,16,16
2022-11-28 15:03:55,14509,14509,14509,2,0
2022-11-28 15:03:55,14509,14509,14509,2,0
2022-11-28 15:03:55,14510,14510,14510,2,2
2022-11-28 15:03:55,14510,14510,14510,8,0
2022-11-28 15:03:59,14511,14511,14511,4,4
2022-11-28 15:03:59,14511,14511,14511,4,0
2022-11-28 15:03:59,14511,14511,14511,2,0
2022-11-28 15:03:59,14511,14511,14511,4,0
2022-11-28 15:03:59,14511,14511,14511,104,0
2022-11-28 15:03:59,14512,14512,14512,24,24
2022-11-28 15:03:59,14512,14512,14512,4,0
2022-11-28 15:03:59,14512,14512,14512,6,0
2022-11-28 15:03:59,14512,14512,14512,2,0
2022-11-28 15:04:01,14511,14511,14511,2,-2
2022-11-28 15:04:03,14512,14512,14512,2,2
2022-11-28 15:04:03,14513,14513,14513,4,4
2022-11-28 15:04:05,14511,14511,14511,2,-2
2022-11-28 15:04:05,14512,14512,14512,2,2
2022-11-28 15:04:05,14512,14512,14512,2,0
2022-11-28 15:04:07,14511,14511,14511,2,-2
2022-11-28 15:04:07,14512,14512,14512,4,4
2022-11-28 15:04:07,14512,14512,14512,10,0
2022-11-28 15:04:07,14512,14512,14512,4,0
2022-11-28 15:04:08,14513,14513,14513,6,6
2022-11-28 15:04:08,14512,14512,14512,2,-2
2022-11-28 15:04:08,14512,14512,14512,2,0
2022-11-28 15:04:09,14511,14511,14511,2,-2
2022-11-28 15:04:12,14512,14512,14512,2,2
2022-11-28 15:04:15,14511,14511,14511,2,-2
2022-11-28 15:04:17,14512,14512,14512,2,2
2022-11-28 15:04:18,14511,14511,14511,2,-2
2022-11-28 15:04:18,14511,14511,14511,2,0
2022-11-28 15:04:18,14511,14511,14511,2,0
2022-11-28 15:04:18,14511,14511,14511,6,0
2022-11-28 15:04:18,14511,14511,14511,2,0
2022-11-28 15:04:18,14511,14511,14511,2,0
2022-11-28 15:04:18,14511,14511,14511,4,0
2022-11-28 15:04:18,14511,14511,14511,2,0
2022-11-28 15:04:18,14511,14511,14511,2,0
2022-11-28 15:04:18,14511,14511,14511,2,0
2022-11-28 15:04:18,14511,14511,14511,2,0
2022-11-28 15:04:18,14511,14511,14511,2,0
2022-11-28 15:04:19,14510,14510,14510,2,-2
2022-11-28 15:04:19,14510,14510,14510,2,0
2022-11-28 15:04:19,14510,14510,14510,8,0
2022-11-28 15:04:19,14510,14510,14510,8,0
2022-11-28 15:04:19,14510,14510,14510,2,0
2022-11-28 15:04:20,14510,14510,14510,10,0
2022-11-28 15:04:20,14511,14511,14511,14,14
2022-11-28 15:04:22,14510,14510,14510,2,-2
2022-11-28 15:04:24,14510,14510,14510,4,0
2022-11-28 15:04:25,14511,14511,14511,10,10
2022-11-28 15:04:25,14511,14511,14511,2,0
2022-11-28 15:04:27,14510,14510,14510,6,-6
2022-11-28 15:04:27,14510,14510,14510,2,0
2022-11-28 15:04:27,14510,14510,14510,4,0
2022-11-28 15:04:27,14509,14509,14509,2,-2
2022-11-28 15:04:27,14509,14509,14509,2,0
2022-11-28 15:04:27,14509,14509,14509,4,0
2022-11-28 15:04:27,14509,14509,14509,4,0
2022-11-28 15:04:27,14509,14509,14509,2,0
2022-11-28 15:04:27,14509,14509,14509,4,0
2022-11-28 15:04:27,14509,14509,14509,4,0
2022-11-28 15:04:27,14509,14509,14509,2,0
2022-11-28 15:04:27,14509,14509,14509,2,0
2022-11-28 15:04:27,14509,14509,14509,2,0
2022-11-28 15:04:29,14510,14510,14510,2,2
2022-11-28 15:04:32,14510,14510,14510,2,0
2022-11-28 15:04:33,14510,14510,14510,2,0
2022-11-28 15:04:33,14510,14510,14510,2,0
2022-11-28 15:04:33,14510,14510,14510,2,0
2022-11-28 15:04:33,14510,14510,14510,8,0
2022-11-28 15:04:33,14510,14510,14510,2,0
2022-11-28 15:04:34,14509,14509,14509,2,-2
2022-11-28 15:04:34,14510,14510,14510,4,4
2022-11-28 15:04:35,14509,14509,14509,4,-4
2022-11-28 15:04:35,14509,14509,14509,6,0
2022-11-28 15:04:37,14508,14508,14508,2,-2
2022-11-28 15:04:40,14509,14509,14509,4,4
2022-11-28 15:04:45,14510,14510,14510,10,10
2022-11-28 15:04:48,14509,14509,14509,4,-4
2022-11-28 15:04:48,14509,14509,14509,2,0
2022-11-28 15:04:53,14510,14510,14510,6,6
2022-11-28 15:04:53,14510,14510,14510,2,0
2022-11-28 15:04:53,14511,14511,14511,2,2
2022-11-28 15:04:53,14510,14510,14510,2,-2
2022-11-28 15:04:54,14510,14510,14510,2,0
2022-11-28 15:04:57,14510,14510,14510,4,0
2022-11-28 15:04:58,14510,14510,14510,6,0
2022-11-28 15:04:58,14510,14510,14510,4,0
2022-11-28 15:04:59,14510,14510,14510,4,0
2022-11-28 15:04:59,14509,14509,14509,2,-2
2022-11-28 15:05:00,14509,14509,14509,2,0
2022-11-28 15:05:00,14509,14509,14509,10,0
2022-11-28 15:05:00,14509,14509,14509,2,0
2022-11-28 15:05:00,14508,14508,14508,2,-2
2022-11-28 15:05:00,14509,14509,14509,2,2
2022-11-28 15:05:00,14509,14509,14509,2,0
2022-11-28 15:05:00,14509,14509,14509,2,0
2022-11-28 15:05:00,14508,14508,14508,2,-2
2022-11-28 15:05:01,14509,14509,14509,2,2
2022-11-28 15:05:01,14509,14509,14509,2,0
2022-11-28 15:05:01,14509,14509,14509,2,0
2022-11-28 15:05:01,14509,14509,14509,2,0
2022-11-28 15:05:02,14509,14509,14509,2,0
2022-11-28 15:05:03,14510,14510,14510,8,8
2022-11-28 15:05:03,14510,14510,14510,2,0
2022-11-28 15:05:03,14510,14510,14510,8,0
2022-11-28 15:05:03,14510,14510,14510,6,0
2022-11-28 15:05:03,14510,14510,14510,2,0
2022-11-28 15:05:05,14510,14510,14510,10,0
2022-11-28 15:05:05,14511,14511,14511,4,4
2022-11-28 15:05:05,14510,14510,14510,2,-2
2022-11-28 15:05:06,14510,14510,14510,4,0
2022-11-28 15:05:06,14511,14511,14511,4,4
2022-11-28 15:05:06,14511,14511,14511,4,0
2022-11-28 15:05:07,14511,14511,14511,6,0
2022-11-28 15:05:16,14510,14510,14510,2,-2
2022-11-28 15:05:17,14510,14510,14510,4,0
2022-11-28 15:05:17,14509,14509,14509,4,-4
2022-11-28 15:05:20,14510,14510,14510,2,2
2022-11-28 15:05:26,14510,14510,14510,4,0
2022-11-28 15:05:28,14510,14510,14510,2,0
2022-11-28 15:05:29,14509,14509,14509,2,-2
2022-11-28 15:05:29,14510,14510,14510,6,6
2022-11-28 15:05:29,14510,14510,14510,4,0
2022-11-28 15:05:32,14510,14510,14510,2,0
2022-11-28 15:05:33,14510,14510,14510,2,0
2022-11-28 15:05:33,14510,14510,14510,2,0
2022-11-28 15:05:33,14510,14510,14510,2,0
2022-11-28 15:05:34,14510,14510,14510,2,0
2022-11-28 15:05:34,14510,14510,14510,4,0
2022-11-28 15:05:34,14510,14510,14510,2,0
2022-11-28 15:05:34,14510,14510,14510,2,0
2022-11-28 15:05:34,14510,14510,14510,4,0
2022-11-28 15:05:34,14510,14510,14510,2,0
2022-11-28 15:05:34,14510,14510,14510,2,0
2022-11-28 15:05:34,14510,14510,14510,2,0
2022-11-28 15:05:34,14511,14511,14511,18,18
2022-11-28 15:05:34,14509,14509,14509,2,-2
2022-11-28 15:05:35,14510,14510,14510,2,2
2022-11-28 15:05:36,14510,14510,14510,8,0
2022-11-28 15:05:36,14510,14510,14510,2,0
2022-11-28 15:05:36,14510,14510,14510,2,0
2022-11-28 15:05:37,14510,14510,14510,4,0
2022-11-28 15:05:39,14510,14510,14510,8,0
2022-11-28 15:05:40,14509,14509,14509,2,-2
2022-11-28 15:05:41,14510,14510,14510,4,4
2022-11-28 15:05:43,14509,14509,14509,2,-2
2022-11-28 15:05:46,14510,14510,14510,10,10
2022-11-28 15:05:46,14510,14510,14510,4,0
2022-11-28 15:05:46,14510,14510,14510,2,0
2022-11-28 15:05:51,14510,14510,14510,2,0
2022-11-28 15:05:55,14511,14511,14511,2,2
2022-11-28 15:05:57,14510,14510,14510,2,-2
2022-11-28 15:05:57,14509,14509,14509,2,-2
2022-11-28 15:05:58,14510,14510,14510,4,4
2022-11-28 15:05:59,14510,14510,14510,6,0
2022-11-28 15:05:59,14509,14509,14509,2,-2
2022-11-28 15:05:59,14509,14509,14509,2,0
2022-11-28 15:05:59,14509,14509,14509,2,0
2022-11-28 15:05:59,14509,14509,14509,8,0
2022-11-28 15:06:00,14510,14510,14510,2,2
2022-11-28 15:06:00,14511,14511,14511,2,2
2022-11-28 15:06:03,14510,14510,14510,2,-2
2022-11-28 15:06:03,14510,14510,14510,2,0
2022-11-28 15:06:03,14510,14510,14510,2,0
2022-11-28 15:06:08,14510,14510,14510,2,0
2022-11-28 15:06:09,14510,14510,14510,2,0
2022-11-28 15:06:09,14510,14510,14510,2,0
2022-11-28 15:06:09,14510,14510,14510,2,0
2022-11-28 15:06:09,14510,14510,14510,2,0
2022-11-28 15:06:09,14510,14510,14510,2,0
2022-11-28 15:06:11,14509,14509,14509,2,-2
2022-11-28 15:06:14,14509,14509,14509,2,0
2022-11-28 15:06:14,14509,14509,14509,8,0
2022-11-28 15:06:22,14509,14509,14509,2,0
2022-11-28 15:06:22,14509,14509,14509,2,0
2022-11-28 15:06:23,14509,14509,14509,2,0
2022-11-28 15:06:24,14509,14509,14509,2,0
2022-11-28 15:06:24,14510,14510,14510,2,2
2022-11-28 15:06:24,14510,14510,14510,10,0
2022-11-28 15:06:25,14510,14510,14510,2,0
2022-11-28 15:06:25,14510,14510,14510,4,0
2022-11-28 15:06:25,14510,14510,14510,2,0
2022-11-28 15:06:25,14510,14510,14510,2,0
2022-11-28 15:06:25,14509,14509,14509,2,-2
2022-11-28 15:06:25,14509,14509,14509,2,0
2022-11-28 15:06:25,14511,14511,14511,6,6
2022-11-28 15:06:25,14511,14511,14511,2,0
2022-11-28 15:06:25,14511,14511,14511,2,0
2022-11-28 15:06:25,14511,14511,14511,2,0
2022-11-28 15:06:25,14511,14511,14511,2,0
2022-11-28 15:06:25,14511,14511,14511,6,0
2022-11-28 15:06:26,14509,14509,14509,2,-2
2022-11-28 15:06:26,14509,14509,14509,2,0
2022-11-28 15:06:27,14509,14509,14509,4,0
2022-11-28 15:06:27,14510,14510,14510,2,2
2022-11-28 15:06:27,14510,14510,14510,2,0
2022-11-28 15:06:28,14510,14510,14510,4,0
2022-11-28 15:06:28,14509,14509,14509,4,-4
2022-11-28 15:06:28,14509,14509,14509,6,0
2022-11-28 15:06:28,14509,14509,14509,16,0
2022-11-28 15:06:28,14509,14509,14509,2,0
2022-11-28 15:06:29,14508,14508,14508,2,-2
2022-11-28 15:06:29,14508,14508,14508,4,0
2022-11-28 15:06:29,14508,14508,14508,4,0
2022-11-28 15:06:29,14508,14508,14508,2,0
2022-11-28 15:06:29,14508,14508,14508,2,0
2022-11-28 15:06:29,14508,14508,14508,2,0
2022-11-28 15:06:29,14508,14508,14508,6,0
2022-11-28 15:06:32,14507,14507,14507,2,-2
2022-11-28 15:06:32,14507,14507,14507,2,0
2022-11-28 15:06:32,14507,14507,14507,2,0
2022-11-28 15:06:32,14506,14506,14506,2,-2
2022-11-28 15:06:32,14506,14506,14506,4,0
2022-11-28 15:06:32,14506,14506,14506,2,0
2022-11-28 15:06:32,14506,14506,14506,4,0
2022-11-28 15:06:32,14506,14506,14506,2,0
2022-11-28 15:06:32,14506,14506,14506,2,0
2022-11-28 15:06:35,14507,14507,14507,10,10
2022-11-28 15:06:38,14507,14507,14507,2,0
2022-11-28 15:06:38,14507,14507,14507,2,0
2022-11-28 15:06:38,14508,14508,14508,2,2
2022-11-28 15:06:44,14507,14507,14507,2,-2
2022-11-28 15:06:51,14507,14507,14507,2,0
2022-11-28 15:06:52,14506,14506,14506,4,-4
2022-11-28 15:06:52,14506,14506,14506,2,0
2022-11-28 15:06:52,14506,14506,14506,2,0
2022-11-28 15:06:52,14506,14506,14506,10,0
2022-11-28 15:06:55,14505,14505,14505,2,-2
2022-11-28 15:06:55,14505,14505,14505,2,0
2022-11-28 15:06:55,14505,14505,14505,2,0
2022-11-28 15:06:55,14505,14505,14505,2,0
2022-11-28 15:06:55,14505,14505,14505,6,0
2022-11-28 15:06:55,14505,14505,14505,2,0
2022-11-28 15:06:55,14505,14505,14505,2,0
2022-11-28 15:06:55,14505,14505,14505,2,0
2022-11-28 15:06:55,14505,14505,14505,2,0
2022-11-28 15:06:55,14505,14505,14505,2,0
2022-11-28 15:06:55,14505,14505,14505,2,0
2022-11-28 15:06:58,14505,14505,14505,2,0
2022-11-28 15:06:58,14504,14504,14504,2,-2
2022-11-28 15:06:58,14504,14504,14504,2,0
2022-11-28 15:06:59,14503,14503,14503,2,-2
2022-11-28 15:07:01,14504,14504,14504,2,2
2022-11-28 15:07:04,14503,14503,14503,2,-2
2022-11-28 15:07:04,14503,14503,14503,2,0
2022-11-28 15:07:05,14503,14503,14503,2,0
2022-11-28 15:07:06,14502,14502,14502,8,-8
2022-11-28 15:07:06,14502,14502,14502,2,0
2022-11-28 15:07:06,14503,14503,14503,2,2
2022-11-28 15:07:07,14502,14502,14502,2,-2
2022-11-28 15:07:10,14502,14502,14502,2,0
2022-11-28 15:07:11,14502,14502,14502,4,0
2022-11-28 15:07:11,14502,14502,14502,2,0
2022-11-28 15:07:11,14502,14502,14502,2,0
2022-11-28 15:07:11,14503,14503,14503,2,2
2022-11-28 15:07:12,14503,14503,14503,2,0
2022-11-28 15:07:13,14501,14501,14501,2,-2
2022-11-28 15:07:13,14502,14502,14502,2,2
2022-11-28 15:07:14,14502,14502,14502,2,0
2022-11-28 15:07:16,14502,14502,14502,2,0
2022-11-28 15:07:16,14502,14502,14502,4,0
2022-11-28 15:07:17,14501,14501,14501,2,-2
2022-11-28 15:07:18,14502,14502,14502,2,2
2022-11-28 15:07:18,14502,14502,14502,6,0
2022-11-28 15:07:19,14501,14501,14501,2,-2
2022-11-28 15:07:19,14501,14501,14501,2,0
2022-11-28 15:07:19,14501,14501,14501,2,0
2022-11-28 15:07:19,14501,14501,14501,2,0
2022-11-28 15:07:21,14501,14501,14501,2,0
2022-11-28 15:07:22,14502,14502,14502,8,8
2022-11-28 15:07:22,14502,14502,14502,2,0
2022-11-28 15:07:22,14502,14502,14502,6,0
2022-11-28 15:07:22,14502,14502,14502,2,0
2022-11-28 15:07:22,14503,14503,14503,2,2
2022-11-28 15:07:22,14503,14503,14503,2,0
2022-11-28 15:07:22,14502,14502,14502,4,-4
2022-11-28 15:07:22,14503,14503,14503,2,2
2022-11-28 15:07:22,14502,14502,14502,2,-2
2022-11-28 15:07:23,14503,14503,14503,2,2
2022-11-28 15:07:24,14503,14503,14503,2,0
2022-11-28 15:07:24,14503,14503,14503,8,0
2022-11-28 15:07:24,14503,14503,14503,2,0
2022-11-28 15:07:24,14504,14504,14504,2,2
2022-11-28 15:07:24,14504,14504,14504,2,0
2022-11-28 15:07:24,14504,14504,14504,2,0
2022-11-28 15:07:24,14504,14504,14504,8,0
2022-11-28 15:07:24,14504,14504,14504,2,0
2022-11-28 15:07:25,14504,14504,14504,2,0
2022-11-28 15:07:25,14504,14504,14504,2,0
2022-11-28 15:07:25,14503,14503,14503,2,-2
2022-11-28 15:07:26,14504,14504,14504,4,4
2022-11-28 15:07:26,14504,14504,14504,2,0
2022-11-28 15:07:26,14504,14504,14504,2,0
2022-11-28 15:07:26,14504,14504,14504,2,0
2022-11-28 15:07:32,14505,14505,14505,4,4
2022-11-28 15:07:32,14506,14506,14506,2,2
2022-11-28 15:07:32,14506,14506,14506,2,0
2022-11-28 15:07:41,14504,14504,14504,2,-2
2022-11-28 15:07:51,14505,14505,14505,2,2
2022-11-28 15:07:57,14504,14504,14504,2,-2
2022-11-28 15:08:03,14504,14504,14504,2,0
2022-11-28 15:08:05,14504,14504,14504,2,0
2022-11-28 15:08:08,14504,14504,14504,2,0
2022-11-28 15:08:08,14504,14504,14504,2,0
2022-11-28 15:08:08,14504,14504,14504,2,0
2022-11-28 15:08:08,14503,14503,14503,2,-2
2022-11-28 15:08:09,14504,14504,14504,2,2
2022-11-28 15:08:13,14503,14503,14503,2,-2
2022-11-28 15:08:14,14503,14503,14503,4,0
2022-11-28 15:08:20,14503,14503,14503,2,0
2022-11-28 15:08:21,14503,14503,14503,2,0
2022-11-28 15:08:26,14503,14503,14503,2,0
2022-11-28 15:08:26,14503,14503,14503,2,0
2022-11-28 15:08:27,14504,14504,14504,2,2
2022-11-28 15:08:30,14504,14504,14504,2,0
2022-11-28 15:08:30,14504,14504,14504,2,0
2022-11-28 15:08:30,14504,14504,14504,4,0
2022-11-28 15:08:32,14505,14505,14505,8,8
2022-11-28 15:08:38,14506,14506,14506,2,2
2022-11-28 15:08:42,14504,14504,14504,2,-2
2022-11-28 15:08:42,14504,14504,14504,2,0
2022-11-28 15:08:42,14504,14504,14504,2,0
2022-11-28 15:08:42,14504,14504,14504,4,0
2022-11-28 15:08:42,14504,14504,14504,2,0
2022-11-28 15:08:42,14504,14504,14504,2,0
2022-11-28 15:08:42,14505,14505,14505,2,2
2022-11-28 15:08:47,14505,14505,14505,4,0
2022-11-28 15:08:48,14505,14505,14505,2,0
2022-11-28 15:08:54,14505,14505,14505,2,0
2022-11-28 15:08:55,14505,14505,14505,2,0
2022-11-28 15:08:58,14505,14505,14505,2,0
2022-11-28 15:08:58,14506,14506,14506,8,8
2022-11-28 15:09:00,14505,14505,14505,10,-10
2022-11-28 15:09:09,14506,14506,14506,36,36
2022-11-28 15:09:09,14506,14506,14506,2,0
2022-11-28 15:09:09,14506,14506,14506,6,0
2022-11-28 15:09:09,14506,14506,14506,6,0
2022-11-28 15:09:25,14506,14506,14506,2,0
2022-11-28 15:09:25,14506,14506,14506,2,0
2022-11-28 15:09:30,14505,14505,14505,2,-2
2022-11-28 15:09:30,14505,14505,14505,2,0
2022-11-28 15:09:30,14505,14505,14505,2,0
2022-11-28 15:09:36,14504,14504,14504,2,-2
2022-11-28 15:09:36,14504,14504,14504,8,0
2022-11-28 15:09:47,14503,14503,14503,2,-2
2022-11-28 15:09:47,14503,14503,14503,4,0
2022-11-28 15:09:47,14503,14503,14503,2,0
2022-11-28 15:09:47,14503,14503,14503,2,0
2022-11-28 15:09:47,14503,14503,14503,2,0
2022-11-28 15:09:47,14503,14503,14503,2,0
2022-11-28 15:09:47,14503,14503,14503,2,0
2022-11-28 15:09:47,14502,14502,14502,2,-2
2022-11-28 15:09:47,14502,14502,14502,2,0
2022-11-28 15:09:51,14502,14502,14502,2,0
2022-11-28 15:09:51,14502,14502,14502,2,0
2022-11-28 15:09:51,14502,14502,14502,4,0
2022-11-28 15:09:56,14502,14502,14502,2,0
2022-11-28 15:09:56,14502,14502,14502,2,0
2022-11-28 15:09:56,14502,14502,14502,2,0
2022-11-28 15:09:56,14502,14502,14502,2,0
2022-11-28 15:09:56,14502,14502,14502,2,0
2022-11-28 15:10:00,14502,14502,14502,2,0
2022-11-28 15:10:00,14502,14502,14502,2,0
2022-11-28 15:10:00,14502,14502,14502,2,0
2022-11-28 15:10:00,14502,14502,14502,2,0
2022-11-28 15:10:03,14502,14502,14502,2,0
2022-11-28 15:10:03,14501,14501,14501,2,-2
2022-11-28 15:10:03,14501,14501,14501,2,0
2022-11-28 15:10:03,14501,14501,14501,2,0
2022-11-28 15:10:03,14501,14501,14501,2,0
2022-11-28 15:10:03,14501,14501,14501,2,0
2022-11-28 15:10:03,14501,14501,14501,2,0
2022-11-28 15:10:03,14501,14501,14501,8,0
2022-11-28 15:10:03,14501,14501,14501,4,0
2022-11-28 15:10:03,14501,14501,14501,6,0
2022-11-28 15:10:03,14501,14501,14501,2,0
2022-11-28 15:10:03,14501,14501,14501,2,0
2022-11-28 15:10:03,14501,14501,14501,2,0
2022-11-28 15:10:03,14500,14500,14500,2,-2
2022-11-28 15:10:03,14500,14500,14500,4,0
2022-11-28 15:10:03,14500,14500,14500,2,0
2022-11-28 15:10:03,14500,14500,14500,2,0
2022-11-28 15:10:03,14500,14500,14500,10,0
2022-11-28 15:10:03,14500,14500,14500,2,0
2022-11-28 15:10:03,14500,14500,14500,2,0
2022-11-28 15:10:03,14500,14500,14500,2,0
2022-11-28 15:10:03,14500,14500,14500,2,0
2022-11-28 15:10:03,14500,14500,14500,2,0
2022-11-28 15:10:03,14500,14500,14500,2,0
2022-11-28 15:10:03,14500,14500,14500,10,0
2022-11-28 15:10:03,14500,14500,14500,2,0
2022-11-28 15:10:03,14500,14500,14500,2,0
2022-11-28 15:10:03,14500,14500,14500,4,0
2022-11-28 15:10:03,14500,14500,14500,4,0
2022-11-28 15:10:03,14500,14500,14500,2,0
2022-11-28 15:10:04,14500,14500,14500,2,0
2022-11-28 15:10:04,14500,14500,14500,2,0
2022-11-28 15:10:11,14502,14502,14502,4,4
2022-11-28 15:10:11,14503,14503,14503,2,2
2022-11-28 15:10:11,14503,14503,14503,4,0
2022-11-28 15:10:11,14501,14501,14501,2,-2
2022-11-28 15:10:13,14502,14502,14502,2,2
2022-11-28 15:10:14,14502,14502,14502,2,0
2022-11-28 15:10:20,14502,14502,14502,2,0
2022-11-28 15:10:42,14502,14502,14502,2,0
2022-11-28 15:10:50,14501,14501,14501,2,-2
2022-11-28 15:10:50,14501,14501,14501,2,0
2022-11-28 15:10:50,14501,14501,14501,2,0
2022-11-28 15:10:50,14501,14501,14501,2,0
2022-11-28 15:10:50,14501,14501,14501,2,0
2022-11-28 15:10:50,14502,14502,14502,2,2
2022-11-28 15:10:50,14502,14502,14502,2,0
2022-11-28 15:11:02,14501,14501,14501,2,-2
2022-11-28 15:11:02,14501,14501,14501,2,0
2022-11-28 15:11:02,14501,14501,14501,2,0
2022-11-28 15:11:02,14501,14501,14501,2,0
2022-11-28 15:11:02,14501,14501,14501,2,0
2022-11-28 15:11:02,14501,14501,14501,2,0
2022-11-28 15:11:02,14501,14501,14501,2,0
2022-11-28 15:11:02,14501,14501,14501,2,0
2022-11-28 15:11:02,14501,14501,14501,2,0
2022-11-28 15:11:03,14501,14501,14501,2,0
2022-11-28 15:11:05,14502,14502,14502,18,18
2022-11-28 15:11:05,14502,14502,14502,6,0
2022-11-28 15:11:05,14502,14502,14502,4,0
2022-11-28 15:11:06,14503,14503,14503,18,18
2022-11-28 15:11:07,14503,14503,14503,2,0
2022-11-28 15:11:15,14502,14502,14502,2,-2
2022-11-28 15:11:16,14503,14503,14503,2,2
2022-11-28 15:11:17,14503,14503,14503,2,0
2022-11-28 15:11:18,14503,14503,14503,2,0
2022-11-28 15:11:20,14503,14503,14503,2,0
2022-11-28 15:11:24,14503,14503,14503,4,0
2022-11-28 15:11:26,14504,14504,14504,4,4
2022-11-28 15:11:28,14504,14504,14504,2,0
2022-11-28 15:11:29,14505,14505,14505,4,4
2022-11-28 15:11:30,14505,14505,14505,2,0
2022-11-28 15:11:31,14506,14506,14506,10,10
2022-11-28 15:11:31,14505,14505,14505,2,-2
2022-11-28 15:11:31,14505,14505,14505,2,0
2022-11-28 15:11:33,14505,14505,14505,4,0
2022-11-28 15:11:34,14506,14506,14506,10,10
2022-11-28 15:11:34,14506,14506,14506,16,0
2022-11-28 15:11:38,14506,14506,14506,10,0
2022-11-28 15:11:40,14505,14505,14505,4,-4
2022-11-28 15:11:40,14505,14505,14505,4,0
2022-11-28 15:11:42,14507,14507,14507,2,2
2022-11-28 15:11:46,14507,14507,14507,2,0
2022-11-28 15:11:49,14507,14507,14507,2,0
2022-11-28 15:11:51,14506,14506,14506,2,-2
2022-11-28 15:11:53,14507,14507,14507,14,14
2022-11-28 15:11:56,14507,14507,14507,8,0
2022-11-28 15:11:57,14507,14507,14507,2,0
2022-11-28 15:11:57,14508,14508,14508,2,2
2022-11-28 15:11:57,14507,14507,14507,2,-2
2022-11-28 15:11:59,14507,14507,14507,2,0
2022-11-28 15:11:59,14507,14507,14507,2,0
2022-11-28 15:11:59,14507,14507,14507,2,0
2022-11-28 15:11:59,14507,14507,14507,2,0
2022-11-28 15:11:59,14507,14507,14507,2,0
2022-11-28 15:11:59,14507,14507,14507,2,0
2022-11-28 15:11:59,14507,14507,14507,2,0
2022-11-28 15:11:59,14507,14507,14507,2,0
2022-11-28 15:11:59,14507,14507,14507,2,0
2022-11-28 15:12:01,14508,14508,14508,2,2
2022-11-28 15:12:04,14508,14508,14508,14,0
2022-11-28 15:12:04,14508,14508,14508,2,0
2022-11-28 15:12:04,14508,14508,14508,6,0
2022-11-28 15:12:04,14508,14508,14508,8,0
2022-11-28 15:12:04,14508,14508,14508,2,0
2022-11-28 15:12:04,14508,14508,14508,2,0
2022-11-28 15:12:04,14508,14508,14508,2,0
2022-11-28 15:12:04,14508,14508,14508,4,0
2022-11-28 15:12:04,14508,14508,14508,2,0
2022-11-28 15:12:04,14508,14508,14508,22,0
2022-11-28 15:12:04,14509,14509,14509,18,18
2022-11-28 15:12:04,14509,14509,14509,4,0
2022-11-28 15:12:05,14509,14509,14509,4,0
2022-11-28 15:12:08,14510,14510,14510,8,8
2022-11-28 15:12:08,14510,14510,14510,4,0
2022-11-28 15:12:10,14510,14510,14510,2,0
2022-11-28 15:12:10,14511,14511,14511,2,2
2022-11-28 15:12:10,14511,14511,14511,2,0
2022-11-28 15:12:14,14510,14510,14510,18,-18
2022-11-28 15:12:14,14510,14510,14510,4,0
2022-11-28 15:12:14,14510,14510,14510,2,0
2022-11-28 15:12:16,14510,14510,14510,2,0
2022-11-28 15:12:16,14511,14511,14511,2,2
2022-11-28 15:12:20,14510,14510,14510,2,-2
2022-11-28 15:12:27,14510,14510,14510,2,0
2022-11-28 15:12:28,14510,14510,14510,4,0
2022-11-28 15:12:29,14509,14509,14509,2,-2
2022-11-28 15:12:30,14510,14510,14510,2,2
2022-11-28 15:12:30,14510,14510,14510,2,0
2022-11-28 15:12:30,14510,14510,14510,4,0
2022-11-28 15:12:33,14510,14510,14510,2,0
2022-11-28 15:12:39,14510,14510,14510,2,0
2022-11-28 15:12:40,14510,14510,14510,2,0
2022-11-28 15:12:40,14511,14511,14511,2,2
2022-11-28 15:12:44,14510,14510,14510,2,-2
2022-11-28 15:12:45,14510,14510,14510,2,0
2022-11-28 15:12:46,14510,14510,14510,2,0
2022-11-28 15:12:47,14510,14510,14510,2,0
2022-11-28 15:12:47,14510,14510,14510,2,0
2022-11-28 15:12:47,14510,14510,14510,4,0
2022-11-28 15:12:47,14509,14509,14509,2,-2
2022-11-28 15:12:47,14509,14509,14509,2,0
2022-11-28 15:13:03,14510,14510,14510,2,2
2022-11-28 15:13:03,14510,14510,14510,2,0
2022-11-28 15:13:03,14510,14510,14510,2,0
2022-11-28 15:13:04,14510,14510,14510,2,0
2022-11-28 15:13:04,14510,14510,14510,2,0
2022-11-28 15:13:07,14510,14510,14510,2,0
2022-11-28 15:13:09,14510,14510,14510,2,0
2022-11-28 15:13:09,14510,14510,14510,6,0
2022-11-28 15:13:10,14510,14510,14510,4,0
2022-11-28 15:13:10,14510,14510,14510,2,0
2022-11-28 15:13:11,14510,14510,14510,4,0
2022-11-28 15:13:11,14511,14511,14511,46,46
2022-11-28 15:13:12,14510,14510,14510,2,-2
2022-11-28 15:13:12,14510,14510,14510,2,0
2022-11-28 15:13:15,14510,14510,14510,2,0
2022-11-28 15:13:17,14511,14511,14511,2,2
2022-11-28 15:13:20,14511,14511,14511,4,0
2022-11-28 15:13:20,14511,14511,14511,14,0
2022-11-28 15:13:21,14511,14511,14511,2,0
2022-11-28 15:13:22,14511,14511,14511,2,0
2022-11-28 15:13:22,14512,14512,14512,2,2
2022-11-28 15:13:22,14510,14510,14510,4,-4
2022-11-28 15:13:22,14510,14510,14510,4,0
2022-11-28 15:13:22,14510,14510,14510,2,0
2022-11-28 15:13:22,14510,14510,14510,10,0
2022-11-28 15:13:22,14510,14510,14510,2,0
2022-11-28 15:13:24,14511,14511,14511,8,8
2022-11-28 15:13:31,14510,14510,14510,2,-2
2022-11-28 15:13:34,14510,14510,14510,2,0
2022-11-28 15:13:35,14510,14510,14510,2,0
2022-11-28 15:13:40,14510,14510,14510,6,0
2022-11-28 15:13:42,14509,14509,14509,2,-2
2022-11-28 15:13:46,14510,14510,14510,4,4
2022-11-28 15:13:52,14510,14510,14510,4,0
2022-11-28 15:13:53,14511,14511,14511,2,2
2022-11-28 15:13:53,14511,14511,14511,2,0
2022-11-28 15:13:53,14511,14511,14511,10,0
2022-11-28 15:13:53,14511,14511,14511,2,0
2022-11-28 15:13:55,14511,14511,14511,2,0
2022-11-28 15:13:56,14511,14511,14511,8,0
2022-11-28 15:13:56,14511,14511,14511,2,0
2022-11-28 15:13:57,14511,14511,14511,2,0
2022-11-28 15:13:58,14511,14511,14511,2,0
2022-11-28 15:14:01,14511,14511,14511,8,0
2022-11-28 15:14:01,14511,14511,14511,2,0
2022-11-28 15:14:01,14511,14511,14511,18,0
2022-11-28 15:14:01,14511,14511,14511,2,0
2022-11-28 15:14:01,14511,14511,14511,2,0
2022-11-28 15:14:01,14511,14511,14511,8,0
2022-11-28 15:14:01,14511,14511,14511,4,0
2022-11-28 15:14:01,14511,14511,14511,4,0
2022-11-28 15:14:01,14511,14511,14511,4,0
2022-11-28 15:14:01,14512,14512,14512,4,4
2022-11-28 15:14:01,14512,14512,14512,2,0
2022-11-28 15:14:02,14512,14512,14512,10,0
2022-11-28 15:14:02,14511,14511,14511,2,-2
2022-11-28 15:14:02,14511,14511,14511,2,0
2022-11-28 15:14:02,14511,14511,14511,2,0
2022-11-28 15:14:03,14511,14511,14511,6,0
2022-11-28 15:14:04,14512,14512,14512,2,2
2022-11-28 15:14:06,14511,14511,14511,2,-2
2022-11-28 15:14:08,14512,14512,14512,4,4
2022-11-28 15:14:10,14511,14511,14511,2,-2
2022-11-28 15:14:11,14512,14512,14512,10,10
2022-11-28 15:14:13,14511,14511,14511,8,-8
2022-11-28 15:14:13,14511,14511,14511,2,0
2022-11-28 15:14:17,14510,14510,14510,2,-2
2022-11-28 15:14:17,14510,14510,14510,2,0
2022-11-28 15:14:17,14510,14510,14510,2,0
2022-11-28 15:14:17,14510,14510,14510,2,0
2022-11-28 15:14:21,14509,14509,14509,2,-2
2022-11-28 15:14:21,14510,14510,14510,2,2
2022-11-28 15:14:22,14510,14510,14510,2,0
2022-11-28 15:14:27,14510,14510,14510,2,0
2022-11-28 15:14:31,14510,14510,14510,2,0
2022-11-28 15:14:44,14510,14510,14510,2,0
2022-11-28 15:14:55,14510,14510,14510,4,0
2022-11-28 15:15:04,14510,14510,14510,2,0
2022-11-28 15:15:04,14511,14511,14511,4,4
2022-11-28 15:15:06,14509,14509,14509,2,-2
2022-11-28 15:15:07,14509,14509,14509,4,0
2022-11-28 15:15:11,14510,14510,14510,2,2
2022-11-28 15:15:11,14511,14511,14511,8,8
2022-11-28 15:15:12,14511,14511,14511,10,0
2022-11-28 15:15:14,14511,14511,14511,8,0
2022-11-28 15:15:14,14512,14512,14512,2,2
2022-11-28 15:15:14,14512,14512,14512,10,0
2022-11-28 15:15:16,14512,14512,14512,10,0
2022-11-28 15:15:16,14511,14511,14511,2,-2
2022-11-28 15:15:16,14511,14511,14511,2,0
2022-11-28 15:15:16,14511,14511,14511,4,0
2022-11-28 15:15:16,14511,14511,14511,2,0
2022-11-28 15:15:17,14512,14512,14512,6,6
2022-11-28 15:15:17,14512,14512,14512,4,0
2022-11-28 15:15:20,14512,14512,14512,4,0
2022-11-28 15:15:21,14511,14511,14511,2,-2
2022-11-28 15:15:22,14512,14512,14512,2,2
2022-11-28 15:15:23,14511,14511,14511,2,-2
2022-11-28 15:15:24,14512,14512,14512,2,2
2022-11-28 15:15:24,14512,14512,14512,2,0
2022-11-28 15:15:30,14512,14512,14512,8,0
2022-11-28 15:15:38,14512,14512,14512,8,0
2022-11-28 15:15:38,14512,14512,14512,2,0
2022-11-28 15:15:39,14511,14511,14511,2,-2
2022-11-28 15:15:41,14510,14510,14510,2,-2
2022-11-28 15:15:43,14510,14510,14510,8,0
2022-11-28 15:15:43,14510,14510,14510,4,0
2022-11-28 15:15:45,14509,14509,14509,2,-2
2022-11-28 15:15:45,14509,14509,14509,2,0
2022-11-28 15:15:45,14509,14509,14509,2,0
2022-11-28 15:15:57,14510,14510,14510,2,2
2022-11-28 15:15:57,14510,14510,14510,4,0
2022-11-28 15:15:57,14510,14510,14510,2,0
2022-11-28 15:15:57,14510,14510,14510,2,0
2022-11-28 15:15:57,14510,14510,14510,2,0
2022-11-28 15:15:57,14510,14510,14510,2,0
2022-11-28 15:15:57,14510,14510,14510,2,0
2022-11-28 15:15:57,14510,14510,14510,4,0
2022-11-28 15:15:58,14510,14510,14510,2,0
2022-11-28 15:16:18,14510,14510,14510,2,0
2022-11-28 15:16:18,14511,14511,14511,2,2
2022-11-28 15:16:18,14511,14511,14511,2,0
2022-11-28 15:16:18,14511,14511,14511,2,0
2022-11-28 15:16:19,14511,14511,14511,4,0
2022-11-28 15:16:19,14511,14511,14511,2,0
2022-11-28 15:16:21,14510,14510,14510,2,-2
2022-11-28 15:16:23,14509,14509,14509,2,-2
2022-11-28 15:16:26,14510,14510,14510,2,2
2022-11-28 15:16:34,14509,14509,14509,2,-2
2022-11-28 15:16:36,14509,14509,14509,2,0
2022-11-28 15:16:36,14509,14509,14509,2,0
2022-11-28 15:16:36,14509,14509,14509,2,0
2022-11-28 15:16:36,14509,14509,14509,2,0
2022-11-28 15:16:44,14509,14509,14509,2,0
2022-11-28 15:16:44,14510,14510,14510,2,2
2022-11-28 15:16:49,14510,14510,14510,2,0
2022-11-28 15:16:50,14510,14510,14510,2,0
2022-11-28 15:16:50,14510,14510,14510,2,0
2022-11-28 15:16:50,14510,14510,14510,2,0
2022-11-28 15:16:50,14510,14510,14510,22,0
2022-11-28 15:16:50,14510,14510,14510,8,0
2022-11-28 15:16:50,14510,14510,14510,2,0
2022-11-28 15:16:50,14510,14510,14510,2,0
2022-11-28 15:16:50,14510,14510,14510,4,0
2022-11-28 15:17:00,14511,14511,14511,2,2
2022-11-28 15:17:00,14512,14512,14512,6,6
2022-11-28 15:17:00,14512,14512,14512,2,0
2022-11-28 15:17:05,14511,14511,14511,2,-2
2022-11-28 15:17:07,14512,14512,14512,8,8
2022-11-28 15:17:09,14512,14512,14512,4,0
2022-11-28 15:17:09,14512,14512,14512,2,0
2022-11-28 15:17:09,14512,14512,14512,2,0
2022-11-28 15:17:09,14512,14512,14512,2,0
2022-11-28 15:17:09,14512,14512,14512,2,0
2022-11-28 15:17:09,14512,14512,14512,2,0
2022-11-28 15:17:10,14512,14512,14512,2,0
2022-11-28 15:17:10,14512,14512,14512,2,0
2022-11-28 15:17:19,14512,14512,14512,2,0
2022-11-28 15:17:20,14513,14513,14513,2,2
2022-11-28 15:17:21,14513,14513,14513,2,0
2022-11-28 15:17:21,14513,14513,14513,2,0
2022-11-28 15:17:21,14513,14513,14513,2,0
2022-11-28 15:17:21,14513,14513,14513,2,0
2022-11-28 15:17:21,14513,14513,14513,6,0
2022-11-28 15:17:21,14513,14513,14513,2,0
2022-11-28 15:17:21,14512,14512,14512,2,-2
2022-11-28 15:17:22,14512,14512,14512,2,0
2022-11-28 15:17:22,14512,14512,14512,10,0
2022-11-28 15:17:27,14511,14511,14511,2,-2
2022-11-28 15:17:40,14512,14512,14512,4,4
2022-11-28 15:17:42,14512,14512,14512,2,0
2022-11-28 15:17:42,14512,14512,14512,2,0
2022-11-28 15:17:42,14512,14512,14512,2,0
2022-11-28 15:17:46,14512,14512,14512,2,0
2022-11-28 15:18:00,14512,14512,14512,2,0
2022-11-28 15:18:00,14513,14513,14513,6,6
2022-11-28 15:18:00,14513,14513,14513,2,0
2022-11-28 15:18:05,14512,14512,14512,2,-2
2022-11-28 15:18:05,14512,14512,14512,2,0
2022-11-28 15:18:05,14512,14512,14512,6,0
2022-11-28 15:18:05,14512,14512,14512,2,0
2022-11-28 15:18:05,14512,14512,14512,2,0
2022-11-28 15:18:06,14513,14513,14513,4,4
2022-11-28 15:18:14,14512,14512,14512,2,-2
2022-11-28 15:18:16,14512,14512,14512,2,0
2022-11-28 15:18:18,14512,14512,14512,2,0
2022-11-28 15:18:19,14512,14512,14512,2,0
2022-11-28 15:18:22,14513,14513,14513,2,2
2022-11-28 15:18:29,14512,14512,14512,2,-2
2022-11-28 15:18:29,14512,14512,14512,2,0
2022-11-28 15:18:29,14512,14512,14512,2,0
2022-11-28 15:18:33,14511,14511,14511,2,-2
2022-11-28 15:18:33,14513,14513,14513,6,6
2022-11-28 15:18:33,14513,14513,14513,2,0
2022-11-28 15:18:50,14513,14513,14513,8,0
2022-11-28 15:18:52,14513,14513,14513,4,0
2022-11-28 15:18:54,14513,14513,14513,2,0
2022-11-28 15:18:55,14513,14513,14513,42,0
2022-11-28 15:18:55,14513,14513,14513,4,0
2022-11-28 15:18:55,14513,14513,14513,2,0
2022-11-28 15:18:56,14514,14514,14514,16,16
2022-11-28 15:18:56,14515,14515,14515,4,4
2022-11-28 15:18:56,14515,14515,14515,2,0
2022-11-28 15:18:56,14515,14515,14515,2,0
2022-11-28 15:18:56,14515,14515,14515,4,0
2022-11-28 15:18:56,14515,14515,14515,4,0
2022-11-28 15:18:56,14515,14515,14515,18,0
2022-11-28 15:18:56,14515,14515,14515,2,0
2022-11-28 15:18:56,14516,14516,14516,2,2
2022-11-28 15:18:56,14516,14516,14516,6,0
2022-11-28 15:18:56,14516,14516,14516,2,0
2022-11-28 15:18:56,14516,14516,14516,2,0
2022-11-28 15:18:56,14516,14516,14516,2,0
2022-11-28 15:18:56,14516,14516,14516,2,0
2022-11-28 15:18:58,14515,14515,14515,2,-2
2022-11-28 15:18:58,14516,14516,14516,2,2
2022-11-28 15:18:58,14516,14516,14516,2,0
2022-11-28 15:18:58,14515,14515,14515,2,-2
2022-11-28 15:19:00,14516,14516,14516,2,2
2022-11-28 15:19:00,14516,14516,14516,2,0
2022-11-28 15:19:00,14516,14516,14516,2,0
2022-11-28 15:19:00,14516,14516,14516,2,0
2022-11-28 15:19:00,14516,14516,14516,2,0
2022-11-28 15:19:00,14516,14516,14516,2,0
2022-11-28 15:19:00,14516,14516,14516,2,0
2022-11-28 15:19:00,14516,14516,14516,2,0
2022-11-28 15:19:00,14516,14516,14516,6,0
2022-11-28 15:19:00,14516,14516,14516,2,0
2022-11-28 15:19:00,14516,14516,14516,2,0
2022-11-28 15:19:01,14517,14517,14517,24,24
2022-11-28 15:19:01,14516,14516,14516,2,-2
2022-11-28 15:19:01,14516,14516,14516,2,0
2022-11-28 15:19:01,14516,14516,14516,2,0
2022-11-28 15:19:01,14516,14516,14516,2,0
2022-11-28 15:19:01,14516,14516,14516,2,0
2022-11-28 15:19:01,14517,14517,14517,4,4
2022-11-28 15:19:02,14516,14516,14516,2,-2
2022-11-28 15:19:03,14516,14516,14516,4,0
2022-11-28 15:19:03,14516,14516,14516,2,0
2022-11-28 15:19:03,14517,14517,14517,4,4
2022-11-28 15:19:04,14517,14517,14517,2,0
2022-11-28 15:19:06,14517,14517,14517,10,0
2022-11-28 15:19:07,14517,14517,14517,2,0
2022-11-28 15:19:07,14517,14517,14517,2,0
2022-11-28 15:19:07,14517,14517,14517,2,0
2022-11-28 15:19:07,14518,14518,14518,2,2
2022-11-28 15:19:07,14518,14518,14518,12,0
2022-11-28 15:19:07,14517,14517,14517,2,-2
2022-11-28 15:19:07,14517,14517,14517,2,0
2022-11-28 15:19:07,14517,14517,14517,2,0
2022-11-28 15:19:07,14517,14517,14517,2,0
2022-11-28 15:19:07,14517,14517,14517,2,0
2022-11-28 15:19:07,14519,14519,14519,2,2
2022-11-28 15:19:07,14519,14519,14519,20,0
2022-11-28 15:19:08,14518,14518,14518,2,-2
2022-11-28 15:19:08,14517,14517,14517,2,-2
2022-11-28 15:19:08,14517,14517,14517,2,0
2022-11-28 15:19:09,14518,14518,14518,4,4
2022-11-28 15:19:10,14517,14517,14517,4,-4
2022-11-28 15:19:10,14517,14517,14517,2,0
2022-11-28 15:19:10,14517,14517,14517,2,0
2022-11-28 15:19:11,14517,14517,14517,2,0
2022-11-28 15:19:12,14517,14517,14517,2,0
2022-11-28 15:19:12,14517,14517,14517,2,0
2022-11-28 15:19:15,14516,14516,14516,2,-2
2022-11-28 15:19:15,14516,14516,14516,2,0
2022-11-28 15:19:19,14516,14516,14516,2,0
2022-11-28 15:19:19,14516,14516,14516,2,0
2022-11-28 15:19:21,14515,14515,14515,2,-2
2022-11-28 15:19:21,14515,14515,14515,2,0
2022-11-28 15:19:21,14515,14515,14515,2,0
2022-11-28 15:19:21,14515,14515,14515,8,0
2022-11-28 15:19:23,14515,14515,14515,2,0
2022-11-28 15:19:27,14516,14516,14516,4,4
2022-11-28 15:19:28,14517,14517,14517,2,2
2022-11-28 15:19:29,14517,14517,14517,2,0
2022-11-28 15:19:34,14518,14518,14518,2,2
2022-11-28 15:19:34,14518,14518,14518,6,0
2022-11-28 15:19:34,14519,14519,14519,2,2
2022-11-28 15:19:38,14519,14519,14519,2,0
2022-11-28 15:19:40,14519,14519,14519,2,0
2022-11-28 15:19:41,14519,14519,14519,2,0
2022-11-28 15:19:41,14518,14518,14518,2,-2
2022-11-28 15:19:41,14518,14518,14518,2,0
2022-11-28 15:19:41,14518,14518,14518,2,0
2022-11-28 15:19:41,14519,14519,14519,10,10
2022-11-28 15:19:42,14519,14519,14519,6,0
2022-11-28 15:19:43,14519,14519,14519,4,0
2022-11-28 15:19:45,14519,14519,14519,4,0
2022-11-28 15:19:46,14518,14518,14518,2,-2
2022-11-28 15:19:46,14518,14518,14518,2,0
2022-11-28 15:19:48,14517,14517,14517,2,-2
2022-11-28 15:19:49,14517,14517,14517,22,0
2022-11-28 15:19:49,14518,14518,14518,8,8
2022-11-28 15:19:54,14517,14517,14517,2,-2
2022-11-28 15:19:54,14517,14517,14517,2,0
2022-11-28 15:19:55,14517,14517,14517,2,0
2022-11-28 15:19:59,14516,14516,14516,2,-2
2022-11-28 15:20:04,14517,14517,14517,6,6
2022-11-28 15:20:04,14518,14518,14518,2,2
2022-11-28 15:20:06,14517,14517,14517,6,-6
2022-11-28 15:20:09,14518,14518,14518,2,2
2022-11-28 15:20:09,14518,14518,14518,4,0
2022-11-28 15:20:09,14518,14518,14518,2,0
2022-11-28 15:20:09,14518,14518,14518,2,0
2022-11-28 15:20:09,14518,14518,14518,6,0
2022-11-28 15:20:10,14518,14518,14518,10,0
2022-11-28 15:20:10,14518,14518,14518,2,0
2022-11-28 15:20:11,14519,14519,14519,16,16
2022-11-28 15:20:11,14519,14519,14519,6,0
2022-11-28 15:20:11,14519,14519,14519,2,0
2022-11-28 15:20:11,14519,14519,14519,4,0
2022-11-28 15:20:11,14518,14518,14518,2,-2
2022-11-28 15:20:12,14520,14520,14520,8,8
2022-11-28 15:20:15,14520,14520,14520,4,0
2022-11-28 15:20:15,14519,14519,14519,4,-4
2022-11-28 15:20:15,14520,14520,14520,48,48
2022-11-28 15:20:18,14521,14521,14521,4,4
2022-11-28 15:20:18,14521,14521,14521,2,0
2022-11-28 15:20:18,14520,14520,14520,2,-2
2022-11-28 15:20:18,14520,14520,14520,2,0
2022-11-28 15:20:19,14521,14521,14521,2,2
2022-11-28 15:20:24,14521,14521,14521,2,0
2022-11-28 15:20:26,14522,14522,14522,10,10
2022-11-28 15:20:29,14521,14521,14521,2,-2
2022-11-28 15:20:29,14521,14521,14521,2,0
2022-11-28 15:20:29,14522,14522,14522,2,2
2022-11-28 15:20:30,14521,14521,14521,2,-2
2022-11-28 15:20:31,14522,14522,14522,4,4
2022-11-28 15:20:31,14522,14522,14522,2,0
2022-11-28 15:20:34,14522,14522,14522,2,0
2022-11-28 15:20:35,14521,14521,14521,2,-2
2022-11-28 15:20:35,14522,14522,14522,2,2
2022-11-28 15:20:35,14522,14522,14522,2,0
2022-11-28 15:20:35,14522,14522,14522,2,0
2022-11-28 15:20:36,14522,14522,14522,2,0
2022-11-28 15:20:38,14522,14522,14522,32,0
2022-11-28 15:20:39,14522,14522,14522,2,0
2022-11-28 15:20:39,14523,14523,14523,2,2
2022-11-28 15:20:39,14523,14523,14523,6,0
2022-11-28 15:20:40,14523,14523,14523,4,0
2022-11-28 15:20:41,14522,14522,14522,2,-2
2022-11-28 15:20:42,14522,14522,14522,2,0
2022-11-28 15:20:44,14523,14523,14523,2,2
2022-11-28 15:20:47,14524,14524,14524,2,2
2022-11-28 15:20:47,14524,14524,14524,4,0
2022-11-28 15:20:47,14524,14524,14524,4,0
2022-11-28 15:20:49,14525,14525,14525,6,6
2022-11-28 15:20:49,14523,14523,14523,2,-2
2022-11-28 15:20:49,14525,14525,14525,2,2
2022-11-28 15:20:50,14525,14525,14525,6,0
2022-11-28 15:20:50,14524,14524,14524,2,-2
2022-11-28 15:20:50,14524,14524,14524,2,0
2022-11-28 15:20:50,14525,14525,14525,4,4
2022-11-28 15:20:52,14524,14524,14524,2,-2
2022-11-28 15:20:52,14524,14524,14524,2,0
2022-11-28 15:20:52,14525,14525,14525,2,2
2022-11-28 15:20:56,14523,14523,14523,2,-2
2022-11-28 15:20:56,14523,14523,14523,2,0
2022-11-28 15:20:56,14523,14523,14523,2,0
2022-11-28 15:20:56,14523,14523,14523,2,0
2022-11-28 15:20:56,14523,14523,14523,2,0
2022-11-28 15:20:56,14523,14523,14523,2,0
2022-11-28 15:20:56,14523,14523,14523,28,0
2022-11-28 15:20:56,14522,14522,14522,2,-2
2022-11-28 15:20:56,14522,14522,14522,2,0
2022-11-28 15:20:56,14522,14522,14522,2,0
2022-11-28 15:20:56,14522,14522,14522,2,0
2022-11-28 15:20:56,14522,14522,14522,2,0
2022-11-28 15:20:57,14522,14522,14522,2,0
2022-11-28 15:20:58,14522,14522,14522,2,0
2022-11-28 15:20:59,14523,14523,14523,6,6
2022-11-28 15:21:00,14523,14523,14523,4,0
2022-11-28 15:21:02,14523,14523,14523,8,0
2022-11-28 15:21:03,14523,14523,14523,2,0
2022-11-28 15:21:04,14523,14523,14523,2,0
2022-11-28 15:21:08,14522,14522,14522,2,-2
2022-11-28 15:21:08,14523,14523,14523,2,2
2022-11-28 15:21:10,14522,14522,14522,2,-2
2022-11-28 15:21:10,14523,14523,14523,2,2
2022-11-28 15:21:13,14522,14522,14522,4,-4
2022-11-28 15:21:13,14522,14522,14522,2,0
2022-11-28 15:21:13,14522,14522,14522,2,0
2022-11-28 15:21:13,14522,14522,14522,2,0
2022-11-28 15:21:15,14522,14522,14522,2,0
2022-11-28 15:21:15,14522,14522,14522,4,0
2022-11-28 15:21:16,14522,14522,14522,10,0
2022-11-28 15:21:16,14522,14522,14522,4,0
2022-11-28 15:21:17,14522,14522,14522,2,0
2022-11-28 15:21:17,14522,14522,14522,2,0
2022-11-28 15:21:21,14522,14522,14522,2,0
2022-11-28 15:21:21,14522,14522,14522,2,0
2022-11-28 15:21:24,14521,14521,14521,2,-2
2022-11-28 15:21:28,14521,14521,14521,2,0
2022-11-28 15:21:29,14522,14522,14522,8,8
2022-11-28 15:21:29,14521,14521,14521,2,-2
2022-11-28 15:21:29,14521,14521,14521,2,0
2022-11-28 15:21:29,14521,14521,14521,2,0
2022-11-28 15:21:29,14521,14521,14521,2,0
2022-11-28 15:21:29,14521,14521,14521,2,0
2022-11-28 15:21:31,14521,14521,14521,2,0
2022-11-28 15:21:37,14522,14522,14522,4,4
2022-11-28 15:21:37,14522,14522,14522,4,0
2022-11-28 15:21:37,14523,14523,14523,2,2
2022-11-28 15:21:37,14523,14523,14523,36,0
2022-11-28 15:21:39,14524,14524,14524,2,2
2022-11-28 15:21:40,14524,14524,14524,2,0
2022-11-28 15:21:42,14523,14523,14523,2,-2
2022-11-28 15:21:44,14523,14523,14523,2,0
2022-11-28 15:21:46,14523,14523,14523,2,0
2022-11-28 15:21:49,14523,14523,14523,4,0
2022-11-28 15:21:50,14522,14522,14522,2,-2
2022-11-28 15:21:55,14522,14522,14522,4,0
2022-11-28 15:21:55,14522,14522,14522,2,0
2022-11-28 15:21:55,14521,14521,14521,2,-2
2022-11-28 15:21:56,14522,14522,14522,2,2
2022-11-28 15:22:01,14522,14522,14522,4,0
2022-11-28 15:22:01,14523,14523,14523,2,2
2022-11-28 15:22:01,14523,14523,14523,2,0
2022-11-28 15:22:02,14523,14523,14523,2,0
2022-11-28 15:22:03,14522,14522,14522,2,-2
2022-11-28 15:22:04,14522,14522,14522,2,0
2022-11-28 15:22:09,14521,14521,14521,2,-2
2022-11-28 15:22:09,14521,14521,14521,2,0
2022-11-28 15:22:11,14521,14521,14521,2,0
2022-11-28 15:22:24,14521,14521,14521,2,0
2022-11-28 15:22:24,14521,14521,14521,2,0
2022-11-28 15:22:30,14522,14522,14522,2,2
2022-11-28 15:22:32,14522,14522,14522,2,0
2022-11-28 15:22:32,14522,14522,14522,2,0
2022-11-28 15:22:34,14521,14521,14521,2,-2
2022-11-28 15:22:34,14523,14523,14523,2,2
2022-11-28 15:22:43,14521,14521,14521,2,-2
2022-11-28 15:22:43,14521,14521,14521,8,0
2022-11-28 15:22:43,14521,14521,14521,2,0
2022-11-28 15:22:43,14521,14521,14521,4,0
2022-11-28 15:22:43,14521,14521,14521,2,0
2022-11-28 15:22:43,14521,14521,14521,2,0
2022-11-28 15:22:43,14521,14521,14521,2,0
2022-11-28 15:22:44,14521,14521,14521,2,0
2022-11-28 15:22:44,14521,14521,14521,10,0
2022-11-28 15:22:53,14520,14520,14520,2,-2
2022-11-28 15:22:53,14520,14520,14520,2,0
2022-11-28 15:22:54,14520,14520,14520,2,0
2022-11-28 15:22:55,14520,14520,14520,2,0
2022-11-28 15:22:55,14520,14520,14520,2,0
2022-11-28 15:22:55,14520,14520,14520,2,0
2022-11-28 15:22:55,14520,14520,14520,16,0
2022-11-28 15:22:55,14520,14520,14520,4,0
2022-11-28 15:22:55,14520,14520,14520,2,0
2022-11-28 15:22:55,14520,14520,14520,2,0
2022-11-28 15:22:55,14520,14520,14520,2,0
2022-11-28 15:22:58,14518,14518,14518,2,-2
2022-11-28 15:22:58,14518,14518,14518,2,0
2022-11-28 15:23:00,14518,14518,14518,2,0
2022-11-28 15:23:04,14518,14518,14518,2,0
2022-11-28 15:23:04,14518,14518,14518,10,0
2022-11-28 15:23:04,14519,14519,14519,2,2
2022-11-28 15:23:05,14518,14518,14518,4,-4
2022-11-28 15:23:05,14518,14518,14518,2,0
2022-11-28 15:23:05,14518,14518,14518,2,0
2022-11-28 15:23:05,14518,14518,14518,2,0
2022-11-28 15:23:05,14518,14518,14518,2,0
2022-11-28 15:23:05,14517,14517,14517,2,-2
2022-11-28 15:23:10,14516,14516,14516,2,-2
2022-11-28 15:23:10,14516,14516,14516,2,0
2022-11-28 15:23:10,14517,14517,14517,2,2
2022-11-28 15:23:11,14517,14517,14517,2,0
2022-11-28 15:23:11,14517,14517,14517,2,0
2022-11-28 15:23:22,14518,14518,14518,10,10
2022-11-28 15:23:23,14519,14519,14519,2,2
2022-11-28 15:23:25,14518,14518,14518,2,-2
2022-11-28 15:23:33,14519,14519,14519,4,4
2022-11-28 15:23:37,14518,14518,14518,2,-2
2022-11-28 15:23:40,14520,14520,14520,2,2
2022-11-28 15:24:03,14519,14519,14519,2,-2
2022-11-28 15:24:08,14519,14519,14519,2,0
2022-11-28 15:24:10,14519,14519,14519,2,0
2022-11-28 15:24:17,14519,14519,14519,2,0
2022-11-28 15:24:20,14519,14519,14519,2,0
2022-11-28 15:24:20,14520,14520,14520,14,14
2022-11-28 15:24:21,14519,14519,14519,2,-2
2022-11-28 15:24:23,14519,14519,14519,2,0
2022-11-28 15:24:27,14519,14519,14519,2,0
2022-11-28 15:24:37,14520,14520,14520,6,6
2022-11-28 15:24:38,14519,14519,14519,2,-2
2022-11-28 15:24:39,14519,14519,14519,2,0
2022-11-28 15:24:48,14518,14518,14518,2,-2
2022-11-28 15:24:50,14519,14519,14519,2,2
2022-11-28 15:24:56,14519,14519,14519,2,0
2022-11-28 15:25:03,14519,14519,14519,2,0
2022-11-28 15:25:07,14518,14518,14518,2,-2
2022-11-28 15:25:07,14519,14519,14519,8,8
2022-11-28 15:25:07,14519,14519,14519,6,0
2022-11-28 15:25:07,14519,14519,14519,4,0
2022-11-28 15:25:07,14519,14519,14519,6,0
2022-11-28 15:25:08,14519,14519,14519,2,0
2022-11-28 15:25:09,14518,14518,14518,2,-2
2022-11-28 15:25:09,14518,14518,14518,2,0
2022-11-28 15:25:09,14518,14518,14518,2,0
2022-11-28 15:25:17,14517,14517,14517,2,-2
2022-11-28 15:25:20,14517,14517,14517,2,0
2022-11-28 15:25:20,14517,14517,14517,2,0
2022-11-28 15:25:20,14517,14517,14517,4,0
2022-11-28 15:25:28,14516,14516,14516,2,-2
2022-11-28 15:25:31,14515,14515,14515,2,-2
2022-11-28 15:25:36,14515,14515,14515,2,0
2022-11-28 15:25:37,14515,14515,14515,2,0
2022-11-28 15:25:37,14515,14515,14515,2,0
2022-11-28 15:25:40,14515,14515,14515,2,0
2022-11-28 15:25:40,14515,14515,14515,2,0
2022-11-28 15:25:53,14516,14516,14516,2,2
2022-11-28 15:25:57,14516,14516,14516,2,0
2022-11-28 15:25:59,14516,14516,14516,2,0
2022-11-28 15:25:59,14516,14516,14516,2,0
2022-11-28 15:25:59,14517,14517,14517,2,2
2022-11-28 15:26:07,14517,14517,14517,4,0
2022-11-28 15:26:20,14516,14516,14516,2,-2
2022-11-28 15:26:20,14516,14516,14516,10,0
2022-11-28 15:26:20,14516,14516,14516,2,0
2022-11-28 15:26:20,14516,14516,14516,2,0
2022-11-28 15:26:20,14516,14516,14516,2,0
2022-11-28 15:26:26,14516,14516,14516,2,0
2022-11-28 15:26:35,14516,14516,14516,2,0
2022-11-28 15:26:36,14516,14516,14516,2,0
2022-11-28 15:26:40,14516,14516,14516,2,0
2022-11-28 15:26:46,14516,14516,14516,2,0
2022-11-28 15:26:49,14516,14516,14516,2,0
2022-11-28 15:26:50,14517,14517,14517,2,2
2022-11-28 15:26:54,14517,14517,14517,4,0
2022-11-28 15:26:59,14517,14517,14517,2,0
2022-11-28 15:27:02,14517,14517,14517,2,0
2022-11-28 15:27:09,14517,14517,14517,6,0
2022-11-28 15:27:09,14517,14517,14517,2,0
2022-11-28 15:27:09,14517,14517,14517,2,0
2022-11-28 15:27:09,14518,14518,14518,2,2
2022-11-28 15:27:09,14518,14518,14518,4,0
2022-11-28 15:27:09,14518,14518,14518,2,0
2022-11-28 15:27:14,14518,14518,14518,2,0
2022-11-28 15:27:17,14519,14519,14519,6,6
2022-11-28 15:27:26,14519,14519,14519,2,0
2022-11-28 15:27:28,14519,14519,14519,2,0
2022-11-28 15:27:28,14519,14519,14519,2,0
2022-11-28 15:27:32,14518,14518,14518,2,-2
2022-11-28 15:27:32,14518,14518,14518,2,0
2022-11-28 15:27:32,14518,14518,14518,2,0
2022-11-28 15:27:33,14520,14520,14520,2,2
2022-11-28 15:27:36,14520,14520,14520,2,0
2022-11-28 15:27:39,14519,14519,14519,2,-2
2022-11-28 15:27:47,14517,14517,14517,2,-2
2022-11-28 15:28:03,14517,14517,14517,2,0
2022-11-28 15:28:05,14518,14518,14518,2,2
2022-11-28 15:28:18,14519,14519,14519,2,2
2022-11-28 15:28:25,14518,14518,14518,2,-2
2022-11-28 15:28:25,14519,14519,14519,4,4
2022-11-28 15:28:29,14518,14518,14518,2,-2
2022-11-28 15:28:31,14518,14518,14518,2,0
2022-11-28 15:28:35,14518,14518,14518,2,0
2022-11-28 15:28:38,14518,14518,14518,2,0
2022-11-28 15:28:38,14518,14518,14518,2,0
2022-11-28 15:28:41,14517,14517,14517,2,-2
2022-11-28 15:28:41,14517,14517,14517,2,0
2022-11-28 15:28:41,14517,14517,14517,2,0
2022-11-28 15:28:41,14517,14517,14517,2,0
2022-11-28 15:28:41,14517,14517,14517,2,0
2022-11-28 15:28:41,14517,14517,14517,2,0
2022-11-28 15:28:47,14516,14516,14516,2,-2
2022-11-28 15:28:47,14516,14516,14516,2,0
2022-11-28 15:28:47,14516,14516,14516,2,0
2022-11-28 15:28:47,14516,14516,14516,2,0
2022-11-28 15:28:50,14515,14515,14515,2,-2
2022-11-28 15:28:50,14515,14515,14515,2,0
2022-11-28 15:28:50,14515,14515,14515,2,0
2022-11-28 15:28:50,14515,14515,14515,10,0
2022-11-28 15:28:50,14515,14515,14515,2,0
2022-11-28 15:28:50,14515,14515,14515,2,0
2022-11-28 15:28:50,14516,14516,14516,2,2
2022-11-28 15:28:54,14515,14515,14515,20,-20
2022-11-28 15:28:55,14516,14516,14516,2,2
2022-11-28 15:29:00,14516,14516,14516,2,0
2022-11-28 15:29:02,14516,14516,14516,2,0
2022-11-28 15:29:10,14516,14516,14516,2,0
2022-11-28 15:29:14,14515,14515,14515,2,-2
2022-11-28 15:29:14,14515,14515,14515,10,0
2022-11-28 15:29:14,14515,14515,14515,2,0
2022-11-28 15:29:14,14515,14515,14515,4,0
2022-11-28 15:29:14,14515,14515,14515,2,0
2022-11-28 15:29:14,14515,14515,14515,2,0
2022-11-28 15:29:14,14515,14515,14515,2,0
2022-11-28 15:29:14,14515,14515,14515,2,0
2022-11-28 15:29:14,14515,14515,14515,2,0
2022-11-28 15:29:14,14515,14515,14515,8,0
2022-11-28 15:29:14,14515,14515,14515,2,0
2022-11-28 15:29:14,14515,14515,14515,2,0
2022-11-28 15:29:14,14515,14515,14515,2,0
2022-11-28 15:29:14,14515,14515,14515,2,0
2022-11-28 15:29:14,14515,14515,14515,2,0
2022-11-28 15:29:18,14514,14514,14514,2,-2
2022-11-28 15:29:19,14515,14515,14515,4,4
2022-11-28 15:29:20,14515,14515,14515,2,0
2022-11-28 15:29:43,14515,14515,14515,2,0
2022-11-28 15:29:54,14515,14515,14515,4,0
2022-11-28 15:30:05,14515,14515,14515,24,0
2022-11-28 15:30:05,14515,14515,14515,2,0
2022-11-28 15:30:05,14516,14516,14516,10,10
2022-11-28 15:30:05,14516,14516,14516,2,0
2022-11-28 15:30:06,14515,14515,14515,2,-2
2022-11-28 15:30:09,14515,14515,14515,2,0
2022-11-28 15:30:14,14515,14515,14515,2,0
2022-11-28 15:30:22,14515,14515,14515,2,0
2022-11-28 15:30:27,14515,14515,14515,2,0
2022-11-28 15:30:27,14516,14516,14516,2,2
2022-11-28 15:30:32,14516,14516,14516,2,0
2022-11-28 15:30:33,14516,14516,14516,2,0
2022-11-28 15:30:33,14516,14516,14516,6,0
2022-11-28 15:30:41,14515,14515,14515,2,-2
2022-11-28 15:30:41,14515,14515,14515,2,0
2022-11-28 15:30:45,14514,14514,14514,10,-10
2022-11-28 15:30:46,14514,14514,14514,4,0
2022-11-28 15:30:46,14514,14514,14514,2,0
2022-11-28 15:30:46,14514,14514,14514,2,0
2022-11-28 15:30:46,14514,14514,14514,2,0
2022-11-28 15:30:47,14514,14514,14514,2,0
2022-11-28 15:30:49,14514,14514,14514,2,0
2022-11-28 15:30:49,14514,14514,14514,2,0
2022-11-28 15:30:49,14514,14514,14514,2,0
2022-11-28 15:30:49,14514,14514,14514,6,0
2022-11-28 15:30:51,14514,14514,14514,2,0
2022-11-28 15:30:51,14513,14513,14513,2,-2
2022-11-28 15:30:51,14513,14513,14513,2,0
2022-11-28 15:30:51,14513,14513,14513,2,0
2022-11-28 15:30:55,14514,14514,14514,2,2
2022-11-28 15:30:56,14514,14514,14514,2,0
2022-11-28 15:31:02,14514,14514,14514,2,0
2022-11-28 15:31:02,14514,14514,14514,2,0
2022-11-28 15:31:03,14514,14514,14514,2,0
2022-11-28 15:31:05,14514,14514,14514,4,0
2022-11-28 15:31:05,14514,14514,14514,2,0
2022-11-28 15:31:09,14513,14513,14513,2,-2
2022-11-28 15:31:09,14514,14514,14514,2,2
2022-11-28 15:31:14,14513,14513,14513,2,-2
2022-11-28 15:31:16,14513,14513,14513,2,0
2022-11-28 15:31:21,14513,14513,14513,2,0
2022-11-28 15:31:22,14514,14514,14514,2,2
2022-11-28 15:31:22,14514,14514,14514,4,0
2022-11-28 15:31:22,14515,14515,14515,2,2
2022-11-28 15:31:22,14515,14515,14515,2,0
2022-11-28 15:31:23,14513,14513,14513,2,-2
2022-11-28 15:31:27,14513,14513,14513,2,0
2022-11-28 15:31:27,14513,14513,14513,8,0
2022-11-28 15:31:28,14513,14513,14513,2,0
2022-11-28 15:31:30,14513,14513,14513,2,0
2022-11-28 15:31:33,14515,14515,14515,2,2
2022-11-28 15:31:42,14515,14515,14515,10,0
2022-11-28 15:31:43,14515,14515,14515,2,0
2022-11-28 15:31:43,14516,14516,14516,2,2
2022-11-28 15:31:44,14516,14516,14516,2,0
2022-11-28 15:31:44,14516,14516,14516,2,0
2022-11-28 15:31:46,14517,14517,14517,2,2
2022-11-28 15:31:50,14517,14517,14517,2,0
2022-11-28 15:31:50,14517,14517,14517,14,0
2022-11-28 15:31:50,14517,14517,14517,8,0
2022-11-28 15:31:51,14517,14517,14517,2,0
2022-11-28 15:32:27,14516,14516,14516,2,-2
2022-11-28 15:32:27,14516,14516,14516,2,0
2022-11-28 15:32:27,14515,14515,14515,8,-8
2022-11-28 15:32:27,14515,14515,14515,2,0
2022-11-28 15:32:32,14515,14515,14515,4,0
2022-11-28 15:32:32,14515,14515,14515,4,0
2022-11-28 15:32:32,14515,14515,14515,2,0
2022-11-28 15:32:42,14515,14515,14515,2,0
2022-11-28 15:32:42,14515,14515,14515,4,0
2022-11-28 15:32:47,14515,14515,14515,6,0
2022-11-28 15:32:49,14515,14515,14515,6,0
2022-11-28 15:32:56,14516,14516,14516,2,2
2022-11-28 15:32:56,14516,14516,14516,2,0
2022-11-28 15:32:56,14515,14515,14515,6,-6
2022-11-28 15:33:01,14515,14515,14515,10,0
2022-11-28 15:33:06,14515,14515,14515,2,0
2022-11-28 15:33:07,14515,14515,14515,10,0
2022-11-28 15:33:07,14516,14516,14516,6,6
2022-11-28 15:33:11,14515,14515,14515,6,-6
2022-11-28 15:33:11,14515,14515,14515,2,0
2022-11-28 15:33:11,14515,14515,14515,2,0
2022-11-28 15:33:11,14515,14515,14515,10,0
2022-11-28 15:33:11,14515,14515,14515,2,0
2022-11-28 15:33:11,14515,14515,14515,2,0
2022-11-28 15:33:11,14515,14515,14515,2,0
2022-11-28 15:33:11,14515,14515,14515,2,0
2022-11-28 15:33:18,14515,14515,14515,2,0
2022-11-28 15:33:21,14515,14515,14515,2,0
2022-11-28 15:33:22,14515,14515,14515,2,0
2022-11-28 15:33:22,14515,14515,14515,2,0
2022-11-28 15:33:22,14516,14516,14516,2,2
2022-11-28 15:33:45,14515,14515,14515,2,-2
2022-11-28 15:33:48,14514,14514,14514,2,-2
2022-11-28 15:33:48,14514,14514,14514,2,0
2022-11-28 15:33:48,14514,14514,14514,2,0
2022-11-28 15:33:48,14514,14514,14514,2,0
2022-11-28 15:33:55,14515,14515,14515,2,2
2022-11-28 15:33:58,14516,14516,14516,36,36
2022-11-28 15:33:58,14517,14517,14517,64,64
2022-11-28 15:33:58,14517,14517,14517,2,0
2022-11-28 15:34:01,14516,14516,14516,2,-2
2022-11-28 15:34:09,14516,14516,14516,2,0
2022-11-28 15:34:11,14517,14517,14517,2,2
2022-11-28 15:34:12,14516,14516,14516,2,-2
2022-11-28 15:34:14,14516,14516,14516,2,0
2022-11-28 15:34:16,14516,14516,14516,2,0
2022-11-28 15:34:25,14516,14516,14516,2,0
2022-11-28 15:34:25,14516,14516,14516,2,0
2022-11-28 15:34:31,14516,14516,14516,2,0
2022-11-28 15:34:31,14517,14517,14517,2,2
2022-11-28 15:34:34,14517,14517,14517,2,0
2022-11-28 15:34:34,14516,14516,14516,2,-2
2022-11-28 15:34:40,14517,14517,14517,4,4
2022-11-28 15:34:51,14517,14517,14517,6,0
2022-11-28 15:35:00,14516,14516,14516,2,-2
2022-11-28 15:35:18,14515,14515,14515,2,-2
2022-11-28 15:35:18,14515,14515,14515,2,0
2022-11-28 15:35:21,14515,14515,14515,2,0
2022-11-28 15:35:21,14514,14514,14514,2,-2
2022-11-28 15:35:21,14514,14514,14514,2,0
2022-11-28 15:35:21,14514,14514,14514,2,0
2022-11-28 15:35:21,14514,14514,14514,2,0
2022-11-28 15:35:28,14513,14513,14513,2,-2
2022-11-28 15:35:28,14513,14513,14513,2,0
2022-11-28 15:35:28,14513,14513,14513,2,0
2022-11-28 15:35:28,14513,14513,14513,2,0
2022-11-28 15:35:28,14513,14513,14513,4,0
2022-11-28 15:35:28,14513,14513,14513,20,0
2022-11-28 15:35:28,14513,14513,14513,10,0
2022-11-28 15:35:28,14513,14513,14513,2,0
2022-11-28 15:35:28,14513,14513,14513,2,0
2022-11-28 15:35:28,14513,14513,14513,2,0
2022-11-28 15:35:28,14513,14513,14513,2,0
2022-11-28 15:35:28,14513,14513,14513,2,0
2022-11-28 15:35:28,14513,14513,14513,2,0
2022-11-28 15:35:37,14513,14513,14513,10,0
2022-11-28 15:35:50,14513,14513,14513,2,0
2022-11-28 15:36:01,14513,14513,14513,2,0
2022-11-28 15:36:03,14514,14514,14514,2,2
2022-11-28 15:36:13,14514,14514,14514,6,0
2022-11-28 15:36:13,14514,14514,14514,2,0
2022-11-28 15:36:17,14514,14514,14514,2,0
2022-11-28 15:36:22,14513,14513,14513,2,-2
2022-11-28 15:36:29,14513,14513,14513,2,0
2022-11-28 15:36:29,14513,14513,14513,2,0
2022-11-28 15:36:33,14513,14513,14513,6,0
2022-11-28 15:36:35,14513,14513,14513,2,0
2022-11-28 15:36:59,14513,14513,14513,2,0
2022-11-28 15:37:00,14512,14512,14512,2,-2
2022-11-28 15:37:00,14512,14512,14512,2,0
2022-11-28 15:37:00,14512,14512,14512,2,0
2022-11-28 15:37:00,14512,14512,14512,8,0
2022-11-28 15:37:00,14512,14512,14512,2,0
2022-11-28 15:37:00,14512,14512,14512,2,0
2022-11-28 15:37:01,14512,14512,14512,2,0
2022-11-28 15:37:02,14513,14513,14513,12,12
2022-11-28 15:37:10,14513,14513,14513,2,0
2022-11-28 15:37:12,14513,14513,14513,2,0
2022-11-28 15:37:18,14513,14513,14513,2,0
2022-11-28 15:37:31,14513,14513,14513,2,0
2022-11-28 15:37:31,14513,14513,14513,2,0
2022-11-28 15:37:32,14513,14513,14513,2,0
2022-11-28 15:37:42,14513,14513,14513,4,0
2022-11-28 15:37:44,14512,14512,14512,2,-2
2022-11-28 15:37:44,14512,14512,14512,2,0
2022-11-28 15:37:44,14512,14512,14512,2,0
2022-11-28 15:37:44,14512,14512,14512,2,0
2022-11-28 15:37:44,14512,14512,14512,2,0
2022-11-28 15:37:44,14512,14512,14512,2,0
2022-11-28 15:37:48,14513,14513,14513,4,4
2022-11-28 15:37:49,14512,14512,14512,2,-2
2022-11-28 15:37:49,14512,14512,14512,2,0
2022-11-28 15:37:49,14512,14512,14512,2,0
2022-11-28 15:37:49,14512,14512,14512,2,0
2022-11-28 15:37:56,14512,14512,14512,2,0
2022-11-28 15:38:10,14513,14513,14513,2,2
2022-11-28 15:38:21,14513,14513,14513,2,0
2022-11-28 15:38:30,14512,14512,14512,2,-2
2022-11-28 15:38:30,14512,14512,14512,2,0
2022-11-28 15:38:30,14512,14512,14512,2,0
2022-11-28 15:38:33,14512,14512,14512,2,0
2022-11-28 15:38:33,14512,14512,14512,2,0
2022-11-28 15:38:34,14511,14511,14511,2,-2
2022-11-28 15:38:34,14511,14511,14511,2,0
2022-11-28 15:38:34,14511,14511,14511,2,0
2022-11-28 15:38:34,14511,14511,14511,2,0
2022-11-28 15:38:34,14511,14511,14511,2,0
2022-11-28 15:38:34,14511,14511,14511,2,0
2022-11-28 15:38:34,14511,14511,14511,2,0
2022-11-28 15:38:34,14511,14511,14511,2,0
2022-11-28 15:38:34,14511,14511,14511,2,0
2022-11-28 15:38:34,14511,14511,14511,2,0
2022-11-28 15:38:34,14510,14510,14510,2,-2
2022-11-28 15:38:34,14511,14511,14511,2,2
2022-11-28 15:38:35,14509,14509,14509,2,-2
2022-11-28 15:38:38,14510,14510,14510,2,2
2022-11-28 15:38:40,14509,14509,14509,2,-2
2022-11-28 15:38:44,14509,14509,14509,2,0
2022-11-28 15:38:48,14510,14510,14510,4,4
2022-11-28 15:38:48,14510,14510,14510,2,0
2022-11-28 15:38:48,14510,14510,14510,2,0
2022-11-28 15:38:48,14510,14510,14510,2,0
2022-11-28 15:38:49,14510,14510,14510,2,0
2022-11-28 15:38:50,14510,14510,14510,2,0
2022-11-28 15:38:50,14510,14510,14510,2,0
2022-11-28 15:38:50,14511,14511,14511,2,2
2022-11-28 15:38:51,14511,14511,14511,2,0
2022-11-28 15:38:58,14510,14510,14510,2,-2
2022-11-28 15:38:58,14510,14510,14510,6,0
2022-11-28 15:38:59,14510,14510,14510,2,0
2022-11-28 15:39:09,14510,14510,14510,2,0
2022-11-28 15:39:15,14510,14510,14510,2,0
2022-11-28 15:39:16,14511,14511,14511,2,2
2022-11-28 15:39:19,14510,14510,14510,2,-2
2022-11-28 15:39:19,14511,14511,14511,6,6
2022-11-28 15:39:23,14512,14512,14512,2,2
2022-11-28 15:39:23,14511,14511,14511,2,-2
2022-11-28 15:39:25,14512,14512,14512,2,2
2022-11-28 15:39:33,14512,14512,14512,2,0
2022-11-28 15:39:38,14512,14512,14512,4,0
2022-11-28 15:39:38,14512,14512,14512,2,0
2022-11-28 15:39:38,14512,14512,14512,8,0
2022-11-28 15:39:39,14512,14512,14512,2,0
2022-11-28 15:39:39,14512,14512,14512,2,0
2022-11-28 15:39:40,14512,14512,14512,6,0
2022-11-28 15:39:45,14512,14512,14512,2,0
2022-11-28 15:39:52,14511,14511,14511,2,-2
2022-11-28 15:39:52,14511,14511,14511,2,0
2022-11-28 15:39:52,14511,14511,14511,2,0
2022-11-28 15:39:52,14511,14511,14511,2,0
2022-11-28 15:39:52,14511,14511,14511,2,0
2022-11-28 15:39:54,14510,14510,14510,2,-2
2022-11-28 15:39:54,14510,14510,14510,2,0
2022-11-28 15:39:54,14510,14510,14510,2,0
2022-11-28 15:39:54,14510,14510,14510,4,0
2022-11-28 15:39:54,14511,14511,14511,4,4
2022-11-28 15:39:54,14509,14509,14509,2,-2
2022-11-28 15:39:57,14511,14511,14511,2,2
2022-11-28 15:40:01,14510,14510,14510,2,-2
2022-11-28 15:40:01,14510,14510,14510,2,0
2022-11-28 15:40:01,14510,14510,14510,2,0
2022-11-28 15:40:01,14510,14510,14510,4,0
2022-11-28 15:40:01,14511,14511,14511,2,2
2022-11-28 15:40:07,14510,14510,14510,2,-2
2022-11-28 15:40:07,14510,14510,14510,2,0
2022-11-28 15:40:07,14510,14510,14510,2,0
2022-11-28 15:40:07,14511,14511,14511,2,2
2022-11-28 15:40:07,14510,14510,14510,2,-2
2022-11-28 15:40:07,14510,14510,14510,2,0
2022-11-28 15:40:07,14510,14510,14510,2,0
2022-11-28 15:40:14,14511,14511,14511,2,2
2022-11-28 15:40:14,14510,14510,14510,2,-2
2022-11-28 15:40:16,14510,14510,14510,4,0
2022-11-28 15:40:16,14509,14509,14509,2,-2
2022-11-28 15:40:22,14509,14509,14509,2,0
2022-11-28 15:40:22,14509,14509,14509,4,0
2022-11-28 15:40:22,14509,14509,14509,2,0
2022-11-28 15:40:23,14509,14509,14509,2,0
2022-11-28 15:40:23,14510,14510,14510,2,2
2022-11-28 15:40:23,14510,14510,14510,2,0
2022-11-28 15:40:23,14510,14510,14510,2,0
2022-11-28 15:40:24,14509,14509,14509,2,-2
2022-11-28 15:40:25,14509,14509,14509,2,0
2022-11-28 15:40:25,14509,14509,14509,2,0
2022-11-28 15:40:29,14510,14510,14510,4,4
2022-11-28 15:40:30,14509,14509,14509,2,-2
2022-11-28 15:40:30,14511,14511,14511,2,2
2022-11-28 15:40:30,14511,14511,14511,2,0
2022-11-28 15:40:30,14511,14511,14511,2,0
2022-11-28 15:40:38,14512,14512,14512,2,2
2022-11-28 15:40:52,14510,14510,14510,2,-2
2022-11-28 15:40:57,14510,14510,14510,2,0
2022-11-28 15:41:08,14511,14511,14511,4,4
2022-11-28 15:41:12,14512,14512,14512,16,16
2022-11-28 15:41:12,14512,14512,14512,2,0
2022-11-28 15:41:12,14512,14512,14512,2,0
2022-11-28 15:41:12,14512,14512,14512,2,0
2022-11-28 15:41:22,14511,14511,14511,2,-2
2022-11-28 15:41:34,14512,14512,14512,18,18
2022-11-28 15:41:34,14513,14513,14513,40,40
2022-11-28 15:41:34,14513,14513,14513,4,0
2022-11-28 15:41:40,14512,14512,14512,4,-4
2022-11-28 15:41:40,14512,14512,14512,6,0
2022-11-28 15:41:40,14513,14513,14513,8,8
2022-11-28 15:41:43,14512,14512,14512,8,-8
2022-11-28 15:41:43,14513,14513,14513,2,2
2022-11-28 15:41:43,14513,14513,14513,10,0
2022-11-28 15:41:54,14513,14513,14513,2,0
2022-11-28 15:42:00,14513,14513,14513,12,0
2022-11-28 15:42:12,14514,14514,14514,6,6
2022-11-28 15:42:12,14514,14514,14514,4,0
2022-11-28 15:42:12,14514,14514,14514,2,0
2022-11-28 15:42:12,14515,14515,14515,2,2
2022-11-28 15:42:12,14515,14515,14515,2,0
2022-11-28 15:42:12,14515,14515,14515,4,0
2022-11-28 15:42:12,14515,14515,14515,2,0
2022-11-28 15:42:20,14515,14515,14515,2,0
2022-11-28 15:42:20,14515,14515,14515,2,0
2022-11-28 15:42:20,14516,14516,14516,8,8
2022-11-28 15:42:25,14516,14516,14516,2,0
2022-11-28 15:42:25,14516,14516,14516,4,0
2022-11-28 15:42:26,14516,14516,14516,4,0
2022-11-28 15:42:33,14517,14517,14517,2,2
2022-11-28 15:42:39,14517,14517,14517,10,0
2022-11-28 15:42:40,14517,14517,14517,4,0
2022-11-28 15:42:41,14517,14517,14517,2,0
2022-11-28 15:42:42,14517,14517,14517,2,0
2022-11-28 15:42:47,14516,14516,14516,2,-2
2022-11-28 15:42:48,14516,14516,14516,2,0
2022-11-28 15:43:07,14516,14516,14516,2,0
2022-11-28 15:43:09,14516,14516,14516,2,0
2022-11-28 15:43:15,14516,14516,14516,2,0
2022-11-28 15:43:15,14516,14516,14516,2,0
2022-11-28 15:43:15,14516,14516,14516,2,0
2022-11-28 15:43:15,14516,14516,14516,2,0
2022-11-28 15:43:15,14516,14516,14516,4,0
2022-11-28 15:43:15,14516,14516,14516,2,0
2022-11-28 15:43:15,14516,14516,14516,2,0
2022-11-28 15:43:15,14516,14516,14516,2,0
2022-11-28 15:43:15,14516,14516,14516,2,0
2022-11-28 15:43:24,14515,14515,14515,2,-2
2022-11-28 15:43:24,14515,14515,14515,2,0
2022-11-28 15:43:24,14515,14515,14515,2,0
2022-11-28 15:43:24,14515,14515,14515,2,0
2022-11-28 15:43:24,14515,14515,14515,2,0
2022-11-28 15:43:24,14515,14515,14515,2,0
2022-11-28 15:43:24,14515,14515,14515,2,0
2022-11-28 15:43:28,14515,14515,14515,2,0
2022-11-28 15:43:31,14515,14515,14515,4,0
2022-11-28 15:43:34,14515,14515,14515,22,0
2022-11-28 15:43:34,14516,14516,14516,12,12
2022-11-28 15:43:54,14515,14515,14515,2,-2
2022-11-28 15:43:55,14515,14515,14515,2,0
2022-11-28 15:43:57,14515,14515,14515,6,0
2022-11-28 15:44:00,14515,14515,14515,2,0
2022-11-28 15:44:00,14515,14515,14515,2,0
2022-11-28 15:44:01,14515,14515,14515,2,0
2022-11-28 15:44:02,14515,14515,14515,4,0
2022-11-28 15:44:02,14515,14515,14515,2,0
2022-11-28 15:44:02,14515,14515,14515,2,0
2022-11-28 15:44:11,14516,14516,14516,4,4
2022-11-28 15:44:11,14516,14516,14516,2,0
2022-11-28 15:44:11,14516,14516,14516,2,0
2022-11-28 15:44:11,14516,14516,14516,2,0
2022-11-28 15:44:18,14516,14516,14516,8,0
2022-11-28 15:44:18,14517,14517,14517,2,2
2022-11-28 15:44:18,14517,14517,14517,2,0
2022-11-28 15:44:18,14517,14517,14517,2,0
2022-11-28 15:44:18,14517,14517,14517,4,0
2022-11-28 15:44:42,14516,14516,14516,2,-2
2022-11-28 15:44:45,14516,14516,14516,2,0
2022-11-28 15:44:57,14516,14516,14516,2,0
2022-11-28 15:45:00,14516,14516,14516,2,0
2022-11-28 15:45:00,14516,14516,14516,2,0
2022-11-28 15:45:02,14516,14516,14516,2,0
2022-11-28 15:45:15,14516,14516,14516,2,0
2022-11-28 15:45:22,14516,14516,14516,2,0
2022-11-28 15:45:23,14515,14515,14515,2,-2
2022-11-28 15:45:23,14515,14515,14515,4,0
2022-11-28 15:45:23,14515,14515,14515,2,0
2022-11-28 15:45:23,14515,14515,14515,2,0
2022-11-28 15:45:23,14515,14515,14515,2,0
2022-11-28 15:45:23,14515,14515,14515,2,0
2022-11-28 15:45:23,14514,14514,14514,2,-2
2022-11-28 15:45:23,14514,14514,14514,4,0
2022-11-28 15:45:24,14516,14516,14516,2,2
2022-11-28 15:45:40,14515,14515,14515,2,-2
2022-11-28 15:45:53,14514,14514,14514,2,-2
2022-11-28 15:45:53,14514,14514,14514,2,0
2022-11-28 15:45:53,14514,14514,14514,2,0
2022-11-28 15:45:58,14515,14515,14515,30,30
2022-11-28 15:46:09,14516,14516,14516,2,2
2022-11-28 15:46:09,14516,14516,14516,2,0
2022-11-28 15:46:09,14516,14516,14516,2,0
2022-11-28 15:46:09,14515,14515,14515,22,-22
2022-11-28 15:46:09,14516,14516,14516,2,2
2022-11-28 15:46:09,14516,14516,14516,2,0
2022-11-28 15:46:11,14516,14516,14516,20,0
2022-11-28 15:46:19,14516,14516,14516,2,0
2022-11-28 15:46:46,14515,14515,14515,2,-2
2022-11-28 15:47:05,14515,14515,14515,2,0
2022-11-28 15:47:06,14516,14516,14516,2,2
2022-11-28 15:47:33,14515,14515,14515,2,-2
2022-11-28 15:47:33,14515,14515,14515,16,0
2022-11-28 15:47:33,14515,14515,14515,2,0
2022-11-28 15:47:33,14515,14515,14515,4,0
2022-11-28 15:47:33,14515,14515,14515,2,0
2022-11-28 15:47:33,14515,14515,14515,18,0
2022-11-28 15:47:33,14515,14515,14515,10,0
2022-11-28 15:47:33,14515,14515,14515,2,0
2022-11-28 15:47:33,14515,14515,14515,2,0
2022-11-28 15:47:33,14514,14514,14514,2,-2
2022-11-28 15:47:33,14514,14514,14514,2,0
2022-11-28 15:47:34,14514,14514,14514,2,0
2022-11-28 15:47:41,14515,14515,14515,12,12
2022-11-28 15:47:41,14514,14514,14514,2,-2
2022-11-28 15:48:00,14514,14514,14514,2,0
2022-11-28 15:48:03,14514,14514,14514,2,0
2022-11-28 15:48:19,14513,14513,14513,2,-2
2022-11-28 15:48:19,14513,14513,14513,2,0
2022-11-28 15:48:19,14513,14513,14513,6,0
2022-11-28 15:48:19,14513,14513,14513,2,0
2022-11-28 15:48:19,14513,14513,14513,2,0
2022-11-28 15:48:19,14513,14513,14513,2,0
2022-11-28 15:48:32,14512,14512,14512,2,-2
2022-11-28 15:48:32,14512,14512,14512,2,0
2022-11-28 15:48:33,14513,14513,14513,2,2
2022-11-28 15:48:53,14512,14512,14512,2,-2
2022-11-28 15:48:54,14513,14513,14513,2,2
2022-11-28 15:49:05,14512,14512,14512,2,-2
2022-11-28 15:49:14,14512,14512,14512,2,0
2022-11-28 15:49:14,14512,14512,14512,2,0
2022-11-28 15:49:18,14512,14512,14512,2,0
2022-11-28 15:49:23,14511,14511,14511,2,-2
2022-11-28 15:49:23,14511,14511,14511,2,0
2022-11-28 15:49:29,14511,14511,14511,2,0
2022-11-28 15:49:35,14512,14512,14512,4,4
2022-11-28 15:49:35,14512,14512,14512,2,0
2022-11-28 15:49:35,14512,14512,14512,2,0
2022-11-28 15:49:35,14512,14512,14512,2,0
2022-11-28 15:50:00,14511,14511,14511,2,-2
2022-11-28 15:50:00,14511,14511,14511,2,0
2022-11-28 15:50:00,14511,14511,14511,2,0
2022-11-28 15:50:07,14511,14511,14511,2,0
2022-11-28 15:50:17,14511,14511,14511,2,0
2022-11-28 15:50:20,14511,14511,14511,2,0
2022-11-28 15:50:20,14511,14511,14511,6,0
2022-11-28 15:50:24,14511,14511,14511,2,0
2022-11-28 15:50:25,14511,14511,14511,2,0
2022-11-28 15:50:32,14512,14512,14512,2,2
2022-11-28 15:50:36,14513,14513,14513,2,2
2022-11-28 15:50:36,14513,14513,14513,2,0
2022-11-28 15:50:36,14513,14513,14513,2,0
2022-11-28 15:50:36,14513,14513,14513,2,0
2022-11-28 15:50:36,14513,14513,14513,2,0
2022-11-28 15:50:38,14513,14513,14513,2,0
2022-11-28 15:50:50,14513,14513,14513,2,0
2022-11-28 15:51:00,14513,14513,14513,6,0
2022-11-28 15:51:00,14514,14514,14514,2,2
2022-11-28 15:51:01,14513,14513,14513,2,-2
2022-11-28 15:51:05,14513,14513,14513,2,0
2022-11-28 15:51:14,14512,14512,14512,2,-2
2022-11-28 15:51:14,14512,14512,14512,2,0
2022-11-28 15:51:22,14512,14512,14512,4,0
2022-11-28 15:51:25,14512,14512,14512,2,0
2022-11-28 15:51:48,14511,14511,14511,2,-2
2022-11-28 15:51:48,14511,14511,14511,2,0
2022-11-28 15:51:48,14511,14511,14511,2,0
2022-11-28 15:51:48,14511,14511,14511,2,0
2022-11-28 15:51:48,14511,14511,14511,2,0
2022-11-28 15:51:48,14511,14511,14511,2,0
2022-11-28 15:51:48,14511,14511,14511,2,0
2022-11-28 15:51:48,14511,14511,14511,2,0
2022-11-28 15:51:54,14511,14511,14511,2,0
2022-11-28 15:52:02,14511,14511,14511,6,0
2022-11-28 15:52:07,14510,14510,14510,2,-2
2022-11-28 15:52:08,14510,14510,14510,2,0
2022-11-28 15:52:14,14510,14510,14510,2,0
2022-11-28 15:52:30,14510,14510,14510,2,0
2022-11-28 15:52:30,14510,14510,14510,2,0
2022-11-28 15:52:30,14510,14510,14510,2,0
2022-11-28 15:52:30,14510,14510,14510,4,0
2022-11-28 15:52:30,14510,14510,14510,6,0
2022-11-28 15:52:32,14511,14511,14511,20,20
2022-11-28 15:52:41,14511,14511,14511,2,0
2022-11-28 15:52:41,14511,14511,14511,6,0
2022-11-28 15:52:53,14512,14512,14512,4,4
2022-11-28 15:53:03,14512,14512,14512,2,0
2022-11-28 15:53:12,14512,14512,14512,8,0
2022-11-28 15:53:15,14512,14512,14512,2,0
2022-11-28 15:53:25,14511,14511,14511,2,-2
2022-11-28 15:53:25,14511,14511,14511,2,0
2022-11-28 15:54:00,14510,14510,14510,2,-2
2022-11-28 15:54:00,14510,14510,14510,2,0
2022-11-28 15:54:00,14510,14510,14510,4,0
2022-11-28 15:54:00,14510,14510,14510,2,0
2022-11-28 15:54:00,14510,14510,14510,8,0
2022-11-28 15:54:00,14510,14510,14510,4,0
2022-11-28 15:54:00,14510,14510,14510,4,0
2022-11-28 15:54:00,14510,14510,14510,6,0
2022-11-28 15:54:00,14510,14510,14510,2,0
2022-11-28 15:54:00,14510,14510,14510,4,0
2022-11-28 15:54:00,14510,14510,14510,2,0
2022-11-28 15:54:00,14510,14510,14510,2,0
2022-11-28 15:54:02,14510,14510,14510,2,0
2022-11-28 15:54:06,14510,14510,14510,4,0
2022-11-28 15:54:12,14511,14511,14511,2,2
2022-11-28 15:54:12,14511,14511,14511,2,0
2022-11-28 15:54:12,14511,14511,14511,20,0
2022-11-28 15:54:18,14510,14510,14510,2,-2
2022-11-28 15:54:18,14510,14510,14510,40,0
2022-11-28 15:54:18,14510,14510,14510,2,0
2022-11-28 15:54:18,14510,14510,14510,2,0
2022-11-28 15:54:18,14510,14510,14510,2,0
2022-11-28 15:54:18,14510,14510,14510,2,0
2022-11-28 15:54:18,14510,14510,14510,2,0
2022-11-28 15:54:20,14509,14509,14509,2,-2
2022-11-28 15:54:20,14509,14509,14509,2,0
2022-11-28 15:54:29,14510,14510,14510,2,2
2022-11-28 15:54:29,14510,14510,14510,2,0
2022-11-28 15:54:37,14509,14509,14509,2,-2
2022-11-28 15:54:42,14509,14509,14509,2,0
2022-11-28 15:55:04,14510,14510,14510,10,10
2022-11-28 15:55:06,14510,14510,14510,2,0
2022-11-28 15:55:10,14512,14512,14512,6,6
2022-11-28 15:55:31,14512,14512,14512,8,0
2022-11-28 15:55:35,14512,14512,14512,2,0
2022-11-28 15:55:44,14511,14511,14511,2,-2
2022-11-28 15:55:44,14511,14511,14511,2,0
2022-11-28 15:55:44,14511,14511,14511,2,0
2022-11-28 15:55:44,14511,14511,14511,2,0
2022-11-28 15:55:49,14512,14512,14512,2,2
2022-11-28 15:55:50,14512,14512,14512,2,0
2022-11-28 15:55:59,14511,14511,14511,2,-2
2022-11-28 15:56:01,14511,14511,14511,2,0
2022-11-28 15:56:01,14510,14510,14510,2,-2
2022-11-28 15:56:02,14510,14510,14510,2,0
2022-11-28 15:56:20,14511,14511,14511,4,4
2022-11-28 15:56:26,14511,14511,14511,2,0
2022-11-28 15:56:39,14510,14510,14510,2,-2
2022-11-28 15:56:39,14510,14510,14510,2,0
2022-11-28 15:56:41,14511,14511,14511,4,4
2022-11-28 15:56:48,14510,14510,14510,2,-2
2022-11-28 15:57:03,14510,14510,14510,2,0
2022-11-28 15:57:04,14509,14509,14509,4,-4
2022-11-28 15:57:04,14509,14509,14509,2,0
2022-11-28 15:57:04,14509,14509,14509,2,0
2022-11-28 15:57:05,14509,14509,14509,2,0
2022-11-28 15:57:05,14509,14509,14509,2,0
2022-11-28 15:57:05,14509,14509,14509,2,0
2022-11-28 15:57:05,14508,14508,14508,2,-2
2022-11-28 15:57:05,14508,14508,14508,2,0
2022-11-28 15:57:05,14508,14508,14508,2,0
2022-11-28 15:57:05,14508,14508,14508,2,0
2022-11-28 15:57:05,14508,14508,14508,2,0
2022-11-28 15:57:05,14508,14508,14508,2,0
2022-11-28 15:57:11,14509,14509,14509,2,2
2022-11-28 15:57:16,14509,14509,14509,2,0
2022-11-28 15:57:17,14510,14510,14510,2,2
2022-11-28 15:57:25,14508,14508,14508,2,-2
2022-11-28 15:57:28,14508,14508,14508,2,0
2022-11-28 15:57:36,14509,14509,14509,2,2
2022-11-28 15:57:42,14509,14509,14509,2,0
2022-11-28 15:57:42,14510,14510,14510,4,4
2022-11-28 15:57:47,14510,14510,14510,20,0
2022-11-28 15:57:50,14510,14510,14510,4,0
2022-11-28 15:57:54,14510,14510,14510,10,0
2022-11-28 15:57:54,14510,14510,14510,2,0
2022-11-28 15:58:02,14509,14509,14509,2,-2
2022-11-28 15:58:19,14508,14508,14508,4,-4
2022-11-28 15:58:23,14508,14508,14508,2,0
2022-11-28 15:58:24,14508,14508,14508,2,0
2022-11-28 15:58:24,14508,14508,14508,6,0
2022-11-28 15:58:24,14508,14508,14508,10,0
2022-11-28 15:58:24,14508,14508,14508,6,0
2022-11-28 15:58:24,14508,14508,14508,2,0
2022-11-28 15:58:24,14508,14508,14508,2,0
2022-11-28 15:58:24,14508,14508,14508,2,0
2022-11-28 15:58:24,14508,14508,14508,2,0
2022-11-28 15:58:24,14508,14508,14508,2,0
2022-11-28 15:58:24,14508,14508,14508,2,0
2022-11-28 15:58:24,14507,14507,14507,2,-2
2022-11-28 15:58:24,14507,14507,14507,2,0
2022-11-28 15:58:24,14507,14507,14507,2,0
2022-11-28 15:58:24,14506,14506,14506,2,-2
2022-11-28 15:58:24,14506,14506,14506,2,0
2022-11-28 15:58:24,14506,14506,14506,2,0
2022-11-28 15:58:28,14506,14506,14506,2,0
2022-11-28 15:58:29,14507,14507,14507,2,2
2022-11-28 15:58:30,14506,14506,14506,2,-2
2022-11-28 15:58:30,14506,14506,14506,2,0
2022-11-28 15:58:31,14506,14506,14506,2,0
2022-11-28 15:58:31,14506,14506,14506,2,0
2022-11-28 15:58:31,14506,14506,14506,2,0
2022-11-28 15:58:34,14507,14507,14507,2,2
2022-11-28 15:58:34,14507,14507,14507,2,0
2022-11-28 15:58:35,14507,14507,14507,2,0
2022-11-28 15:58:35,14507,14507,14507,2,0
2022-11-28 15:58:36,14506,14506,14506,2,-2
2022-11-28 15:58:40,14506,14506,14506,2,0
2022-11-28 15:58:44,14508,14508,14508,2,2
2022-11-28 15:58:53,14508,14508,14508,2,0
2022-11-28 15:58:56,14508,14508,14508,2,0
2022-11-28 15:58:59,14508,14508,14508,2,0
2022-11-28 15:59:00,14507,14507,14507,2,-2
2022-11-28 15:59:03,14507,14507,14507,4,0
2022-11-28 15:59:06,14507,14507,14507,4,0
2022-11-28 15:59:06,14507,14507,14507,2,0
2022-11-28 15:59:17,14507,14507,14507,4,0
2022-11-28 15:59:20,14507,14507,14507,2,0
2022-11-28 15:59:26,14506,14506,14506,2,-2
2022-11-28 15:59:27,14506,14506,14506,2,0
2022-11-28 15:59:27,14506,14506,14506,2,0
2022-11-28 15:59:34,14507,14507,14507,8,8
2022-11-28 15:59:41,14506,14506,14506,2,-2
2022-11-28 15:59:41,14506,14506,14506,2,0
2022-11-28 15:59:41,14506,14506,14506,2,0
2022-11-28 15:59:44,14506,14506,14506,2,0
2022-11-28 15:59:45,14505,14505,14505,2,-2
2022-11-28 15:59:45,14505,14505,14505,2,0
2022-11-28 15:59:45,14505,14505,14505,2,0
2022-11-28 15:59:45,14505,14505,14505,2,0
2022-11-28 15:59:45,14505,14505,14505,2,0
2022-11-28 15:59:46,14505,14505,14505,2,0
2022-11-28 15:59:46,14505,14505,14505,2,0
2022-11-28 15:59:49,14505,14505,14505,2,0
2022-11-28 15:59:49,14505,14505,14505,2,0
2022-11-28 15:59:49,14505,14505,14505,2,0
2022-11-28 15:59:51,14505,14505,14505,2,0
2022-11-28 15:59:53,14505,14505,14505,6,0
2022-11-28 15:59:53,14505,14505,14505,2,0
2022-11-28 15:59:55,14506,14506,14506,2,2
2022-11-28 15:59:59,14505,14505,14505,20,-20
2022-11-28 16:00:00,14505,14505,14505,8,0
2022-11-28 16:00:00,14505,14505,14505,2,0
2022-11-28 16:00:00,14505,14505,14505,8,0
2022-11-28 16:00:00,14506,14506,14506,2,2
2022-11-28 16:00:00,14506,14506,14506,2,0
2022-11-28 16:00:00,14506,14506,14506,2,0
2022-11-28 16:00:00,14506,14506,14506,2,0
2022-11-28 16:00:00,14506,14506,14506,2,0
2022-11-28 16:00:00,14506,14506,14506,2,0
2022-11-28 16:00:00,14506,14506,14506,2,0
2022-11-28 16:00:00,14506,14506,14506,2,0
2022-11-28 16:00:00,14506,14506,14506,2,0
2022-11-28 16:00:00,14506,14506,14506,2,0
2022-11-28 16:00:00,14506,14506,14506,2,0
2022-11-28 16:00:00,14506,14506,14506,2,0
2022-11-28 16:00:00,14506,14506,14506,2,0
2022-11-28 16:00:00,14506,14506,14506,4,0
2022-11-28 16:00:00,14506,14506,14506,4,0
2022-11-28 16:00:00,14506,14506,14506,2,0
2022-11-28 16:00:01,14506,14506,14506,2,0
2022-11-28 16:00:02,14507,14507,14507,2,2
2022-11-28 16:00:02,14506,14506,14506,2,-2
2022-11-28 16:00:02,14506,14506,14506,2,0
2022-11-28 16:00:12,14506,14506,14506,2,0
2022-11-28 16:00:12,14505,14505,14505,2,-2
2022-11-28 16:00:17,14507,14507,14507,2,2
2022-11-28 16:00:17,14507,14507,14507,16,0
2022-11-28 16:00:17,14507,14507,14507,2,0
2022-11-28 16:00:17,14507,14507,14507,2,0
2022-11-28 16:00:17,14507,14507,14507,2,0
2022-11-28 16:00:17,14507,14507,14507,2,0
2022-11-28 16:00:17,14507,14507,14507,2,0
2022-11-28 16:00:22,14508,14508,14508,2,2
2022-11-28 16:00:22,14508,14508,14508,4,0
2022-11-28 16:00:25,14507,14507,14507,10,-10
2022-11-28 16:00:25,14507,14507,14507,2,0
2022-11-28 16:00:27,14508,14508,14508,4,4
2022-11-28 16:00:27,14508,14508,14508,2,0
2022-11-28 16:00:27,14508,14508,14508,16,0
2022-11-28 16:00:28,14508,14508,14508,2,0
2022-11-28 16:00:28,14509,14509,14509,8,8
2022-11-28 16:00:32,14509,14509,14509,2,0
2022-11-28 16:00:32,14509,14509,14509,2,0
2022-11-28 16:00:32,14508,14508,14508,2,-2
2022-11-28 16:00:32,14508,14508,14508,2,0
2022-11-28 16:00:37,14506,14506,14506,2,-2
2022-11-28 16:00:37,14506,14506,14506,2,0
2022-11-28 16:00:37,14506,14506,14506,2,0
2022-11-28 16:00:37,14505,14505,14505,2,-2
2022-11-28 16:00:37,14505,14505,14505,18,0
2022-11-28 16:00:37,14505,14505,14505,2,0
2022-11-28 16:00:37,14505,14505,14505,4,0
2022-11-28 16:00:37,14505,14505,14505,4,0
2022-11-28 16:00:37,14505,14505,14505,2,0
2022-11-28 16:00:37,14505,14505,14505,4,0
2022-11-28 16:00:37,14505,14505,14505,2,0
2022-11-28 16:00:37,14505,14505,14505,2,0
2022-11-28 16:00:37,14505,14505,14505,2,0
2022-11-28 16:00:37,14505,14505,14505,2,0
2022-11-28 16:00:37,14505,14505,14505,2,0
2022-11-28 16:00:37,14505,14505,14505,2,0
2022-11-28 16:00:37,14505,14505,14505,16,0
2022-11-28 16:00:39,14504,14504,14504,2,-2
2022-11-28 16:00:40,14504,14504,14504,2,0
2022-11-28 16:00:40,14504,14504,14504,2,0
2022-11-28 16:00:40,14504,14504,14504,2,0
2022-11-28 16:00:40,14504,14504,14504,4,0
2022-11-28 16:00:46,14504,14504,14504,2,0
2022-11-28 16:00:49,14504,14504,14504,2,0
2022-11-28 16:00:49,14504,14504,14504,6,0
2022-11-28 16:00:49,14504,14504,14504,2,0
2022-11-28 16:00:52,14504,14504,14504,2,0
2022-11-28 16:00:53,14504,14504,14504,2,0
2022-11-28 16:00:54,14505,14505,14505,8,8
2022-11-28 16:00:54,14505,14505,14505,2,0
2022-11-28 16:00:54,14505,14505,14505,2,0
2022-11-28 16:00:56,14505,14505,14505,2,0
2022-11-28 16:00:57,14505,14505,14505,2,0
2022-11-28 16:01:00,14506,14506,14506,2,2
2022-11-28 16:01:03,14506,14506,14506,2,0
2022-11-28 16:01:03,14505,14505,14505,2,-2
2022-11-28 16:01:03,14507,14507,14507,6,6
2022-11-28 16:01:04,14506,14506,14506,2,-2
2022-11-28 16:01:05,14505,14505,14505,2,-2
2022-11-28 16:01:05,14505,14505,14505,4,0
2022-11-28 16:01:05,14505,14505,14505,4,0
2022-11-28 16:01:05,14505,14505,14505,2,0
2022-11-28 16:01:05,14505,14505,14505,8,0
2022-11-28 16:01:05,14505,14505,14505,2,0
2022-11-28 16:01:05,14505,14505,14505,2,0
2022-11-28 16:01:05,14505,14505,14505,2,0
2022-11-28 16:01:06,14505,14505,14505,2,0
2022-11-28 16:01:06,14504,14504,14504,2,-2
2022-11-28 16:01:07,14504,14504,14504,8,0
2022-11-28 16:01:07,14504,14504,14504,6,0
