2023-03-27 15:00:00,15815,15815,15815,190,0
2023-03-27 15:00:00,15816,15816,15816,2,2
2023-03-27 15:00:00,15816,15816,15816,2,0
2023-03-27 15:00:00,15816,15816,15816,2,0
2023-03-27 15:00:00,15815,15815,15815,2,-2
2023-03-27 15:00:00,15815,15815,15815,2,0
2023-03-27 15:00:00,15815,15815,15815,2,0
2023-03-27 15:00:00,15815,15815,15815,2,0
2023-03-27 15:00:00,15815,15815,15815,4,0
2023-03-27 15:00:00,15816,15816,15816,4,4
2023-03-27 15:00:00,15817,15817,15817,2,2
2023-03-27 15:00:00,15817,15817,15817,6,0
2023-03-27 15:00:00,15817,15817,15817,2,0
2023-03-27 15:00:00,15818,15818,15818,4,4
2023-03-27 15:00:00,15817,15817,15817,2,-2
2023-03-27 15:00:00,15816,15816,15816,2,-2
2023-03-27 15:00:00,15816,15816,15816,2,0
2023-03-27 15:00:00,15817,15817,15817,2,2
2023-03-27 15:00:00,15818,15818,15818,4,4
2023-03-27 15:00:00,15815,15815,15815,4,-4
2023-03-27 15:00:00,15815,15815,15815,2,0
2023-03-27 15:00:00,15815,15815,15815,2,0
2023-03-27 15:00:00,15815,15815,15815,2,0
2023-03-27 15:00:00,15817,15817,15817,2,2
2023-03-27 15:00:00,15815,15815,15815,2,-2
2023-03-27 15:00:00,15815,15815,15815,2,0
2023-03-27 15:00:00,15818,15818,15818,2,2
2023-03-27 15:00:00,15815,15815,15815,2,-2
2023-03-27 15:00:00,15815,15815,15815,2,0
2023-03-27 15:00:00,15815,15815,15815,2,0
2023-03-27 15:00:00,15815,15815,15815,2,0
2023-03-27 15:00:00,15815,15815,15815,2,0
2023-03-27 15:00:00,15814,15814,15814,2,-2
2023-03-27 15:00:00,15814,15814,15814,2,0
2023-03-27 15:00:00,15817,15817,15817,4,4
2023-03-27 15:00:00,15816,15816,15816,2,-2
2023-03-27 15:00:00,15815,15815,15815,2,-2
2023-03-27 15:00:00,15818,15818,15818,2,2
2023-03-27 15:00:00,15815,15815,15815,2,-2
2023-03-27 15:00:00,15816,15816,15816,2,2
2023-03-27 15:00:00,15815,15815,15815,2,-2
2023-03-27 15:00:00,15818,15818,15818,6,6
2023-03-27 15:00:00,15816,15816,15816,2,-2
2023-03-27 15:00:00,15816,15816,15816,2,0
2023-03-27 15:00:00,15816,15816,15816,2,0
2023-03-27 15:00:00,15816,15816,15816,2,0
2023-03-27 15:00:00,15815,15815,15815,2,-2
2023-03-27 15:00:00,15815,15815,15815,2,0
2023-03-27 15:00:01,15817,15817,15817,4,4
2023-03-27 15:00:01,15815,15815,15815,2,-2
2023-03-27 15:00:01,15815,15815,15815,2,0
2023-03-27 15:00:01,15817,15817,15817,2,2
2023-03-27 15:00:01,15816,15816,15816,2,-2
2023-03-27 15:00:01,15817,15817,15817,2,2
2023-03-27 15:00:01,15818,15818,15818,8,8
2023-03-27 15:00:01,15817,15817,15817,2,-2
2023-03-27 15:00:01,15819,15819,15819,2,2
2023-03-27 15:00:01,15819,15819,15819,2,0
2023-03-27 15:00:01,15817,15817,15817,2,-2
2023-03-27 15:00:02,15819,15819,15819,4,4
2023-03-27 15:00:02,15817,15817,15817,2,-2
2023-03-27 15:00:02,15817,15817,15817,2,0
2023-03-27 15:00:02,15817,15817,15817,2,0
2023-03-27 15:00:02,15816,15816,15816,2,-2
2023-03-27 15:00:02,15816,15816,15816,2,0
2023-03-27 15:00:02,15818,15818,15818,4,4
2023-03-27 15:00:02,15819,15819,15819,6,6
2023-03-27 15:00:02,15820,15820,15820,2,2
2023-03-27 15:00:03,15817,15817,15817,2,-2
2023-03-27 15:00:03,15817,15817,15817,2,0
2023-03-27 15:00:03,15817,15817,15817,2,0
2023-03-27 15:00:03,15817,15817,15817,2,0
2023-03-27 15:00:03,15819,15819,15819,8,8
2023-03-27 15:00:03,15820,15820,15820,2,2
2023-03-27 15:00:03,15819,15819,15819,6,-6
2023-03-27 15:00:04,15820,15820,15820,6,6
2023-03-27 15:00:04,15820,15820,15820,2,0
2023-03-27 15:00:06,15819,15819,15819,4,-4
2023-03-27 15:00:06,15820,15820,15820,2,2
2023-03-27 15:00:06,15820,15820,15820,2,0
2023-03-27 15:00:07,15820,15820,15820,2,0
2023-03-27 15:00:07,15818,15818,15818,2,-2
2023-03-27 15:00:07,15818,15818,15818,4,0
2023-03-27 15:00:07,15818,15818,15818,2,0
2023-03-27 15:00:07,15818,15818,15818,2,0
2023-03-27 15:00:07,15818,15818,15818,2,0
2023-03-27 15:00:08,15819,15819,15819,2,2
2023-03-27 15:00:08,15819,15819,15819,2,0
2023-03-27 15:00:08,15819,15819,15819,2,0
2023-03-27 15:00:09,15818,15818,15818,2,-2
2023-03-27 15:00:09,15818,15818,15818,2,0
2023-03-27 15:00:10,15819,15819,15819,8,8
2023-03-27 15:00:10,15819,15819,15819,4,0
2023-03-27 15:00:10,15819,15819,15819,2,0
2023-03-27 15:00:10,15820,15820,15820,2,2
2023-03-27 15:00:10,15821,15821,15821,8,8
2023-03-27 15:00:10,15819,15819,15819,2,-2
2023-03-27 15:00:10,15820,15820,15820,2,2
2023-03-27 15:00:11,15820,15820,15820,6,0
2023-03-27 15:00:12,15820,15820,15820,2,0
2023-03-27 15:00:12,15820,15820,15820,2,0
2023-03-27 15:00:12,15820,15820,15820,2,0
2023-03-27 15:00:15,15819,15819,15819,2,-2
2023-03-27 15:00:15,15819,15819,15819,8,0
2023-03-27 15:00:15,15819,15819,15819,2,0
2023-03-27 15:00:15,15818,15818,15818,2,-2
2023-03-27 15:00:15,15820,15820,15820,6,6
2023-03-27 15:00:16,15820,15820,15820,2,0
2023-03-27 15:00:16,15820,15820,15820,2,0
2023-03-27 15:00:16,15820,15820,15820,2,0
2023-03-27 15:00:17,15819,15819,15819,2,-2
2023-03-27 15:00:19,15821,15821,15821,2,2
2023-03-27 15:00:21,15820,15820,15820,2,-2
2023-03-27 15:00:21,15821,15821,15821,2,2
2023-03-27 15:00:21,15821,15821,15821,10,0
2023-03-27 15:00:21,15821,15821,15821,6,0
2023-03-27 15:00:22,15822,15822,15822,4,4
2023-03-27 15:00:23,15822,15822,15822,2,0
2023-03-27 15:00:23,15821,15821,15821,2,-2
2023-03-27 15:00:23,15821,15821,15821,2,0
2023-03-27 15:00:23,15821,15821,15821,2,0
2023-03-27 15:00:23,15821,15821,15821,2,0
2023-03-27 15:00:23,15822,15822,15822,2,2
2023-03-27 15:00:25,15821,15821,15821,2,-2
2023-03-27 15:00:25,15821,15821,15821,2,0
2023-03-27 15:00:25,15821,15821,15821,2,0
2023-03-27 15:00:25,15821,15821,15821,2,0
2023-03-27 15:00:25,15821,15821,15821,2,0
2023-03-27 15:00:26,15822,15822,15822,2,2
2023-03-27 15:00:26,15823,15823,15823,2,2
2023-03-27 15:00:28,15823,15823,15823,2,0
2023-03-27 15:00:28,15823,15823,15823,2,0
2023-03-27 15:00:28,15823,15823,15823,12,0
2023-03-27 15:00:28,15823,15823,15823,2,0
2023-03-27 15:00:28,15823,15823,15823,2,0
2023-03-27 15:00:28,15823,15823,15823,2,0
2023-03-27 15:00:28,15823,15823,15823,2,0
2023-03-27 15:00:28,15823,15823,15823,4,0
2023-03-27 15:00:28,15823,15823,15823,10,0
2023-03-27 15:00:28,15823,15823,15823,4,0
2023-03-27 15:00:28,15823,15823,15823,2,0
2023-03-27 15:00:28,15822,15822,15822,2,-2
2023-03-27 15:00:29,15823,15823,15823,2,2
2023-03-27 15:00:29,15823,15823,15823,2,0
2023-03-27 15:00:30,15824,15824,15824,2,2
2023-03-27 15:00:30,15824,15824,15824,22,0
2023-03-27 15:00:30,15822,15822,15822,2,-2
2023-03-27 15:00:30,15823,15823,15823,2,2
2023-03-27 15:00:31,15824,15824,15824,4,4
2023-03-27 15:00:31,15823,15823,15823,2,-2
2023-03-27 15:00:32,15824,15824,15824,2,2
2023-03-27 15:00:32,15825,15825,15825,2,2
2023-03-27 15:00:32,15823,15823,15823,2,-2
2023-03-27 15:00:33,15824,15824,15824,8,8
2023-03-27 15:00:33,15824,15824,15824,6,0
2023-03-27 15:00:34,15824,15824,15824,6,0
2023-03-27 15:00:34,15823,15823,15823,4,-4
2023-03-27 15:00:34,15823,15823,15823,2,0
2023-03-27 15:00:34,15823,15823,15823,2,0
2023-03-27 15:00:35,15823,15823,15823,6,0
2023-03-27 15:00:35,15823,15823,15823,8,0
2023-03-27 15:00:35,15824,15824,15824,8,8
2023-03-27 15:00:36,15824,15824,15824,6,0
2023-03-27 15:00:37,15823,15823,15823,8,-8
2023-03-27 15:00:37,15822,15822,15822,4,-4
2023-03-27 15:00:37,15822,15822,15822,4,0
2023-03-27 15:00:37,15822,15822,15822,2,0
2023-03-27 15:00:37,15822,15822,15822,2,0
2023-03-27 15:00:37,15822,15822,15822,2,0
2023-03-27 15:00:37,15822,15822,15822,2,0
2023-03-27 15:00:37,15822,15822,15822,2,0
2023-03-27 15:00:37,15823,15823,15823,2,2
2023-03-27 15:00:37,15823,15823,15823,2,0
2023-03-27 15:00:38,15822,15822,15822,2,-2
2023-03-27 15:00:39,15822,15822,15822,2,0
2023-03-27 15:00:39,15822,15822,15822,2,0
2023-03-27 15:00:40,15822,15822,15822,12,0
2023-03-27 15:00:40,15821,15821,15821,2,-2
2023-03-27 15:00:40,15823,15823,15823,2,2
2023-03-27 15:00:41,15821,15821,15821,4,-4
2023-03-27 15:00:41,15821,15821,15821,2,0
2023-03-27 15:00:41,15821,15821,15821,2,0
2023-03-27 15:00:41,15822,15822,15822,16,16
2023-03-27 15:00:42,15823,15823,15823,4,4
2023-03-27 15:00:43,15821,15821,15821,2,-2
2023-03-27 15:00:46,15822,15822,15822,2,2
2023-03-27 15:00:47,15821,15821,15821,2,-2
2023-03-27 15:00:47,15822,15822,15822,2,2
2023-03-27 15:00:48,15822,15822,15822,4,0
2023-03-27 15:00:48,15822,15822,15822,2,0
2023-03-27 15:00:51,15822,15822,15822,2,0
2023-03-27 15:00:51,15822,15822,15822,2,0
2023-03-27 15:00:54,15822,15822,15822,4,0
2023-03-27 15:00:54,15821,15821,15821,2,-2
2023-03-27 15:00:54,15821,15821,15821,2,0
2023-03-27 15:00:54,15821,15821,15821,2,0
2023-03-27 15:00:54,15821,15821,15821,2,0
2023-03-27 15:00:54,15821,15821,15821,2,0
2023-03-27 15:00:54,15821,15821,15821,2,0
2023-03-27 15:00:58,15821,15821,15821,2,0
2023-03-27 15:00:58,15821,15821,15821,2,0
2023-03-27 15:00:58,15822,15822,15822,6,6
2023-03-27 15:01:00,15822,15822,15822,2,0
2023-03-27 15:01:00,15823,15823,15823,6,6
2023-03-27 15:01:00,15821,15821,15821,2,-2
2023-03-27 15:01:00,15821,15821,15821,2,0
2023-03-27 15:01:00,15821,15821,15821,4,0
2023-03-27 15:01:00,15821,15821,15821,2,0
2023-03-27 15:01:00,15821,15821,15821,2,0
2023-03-27 15:01:00,15820,15820,15820,2,-2
2023-03-27 15:01:00,15820,15820,15820,2,0
2023-03-27 15:01:00,15822,15822,15822,10,10
2023-03-27 15:01:00,15821,15821,15821,2,-2
2023-03-27 15:01:00,15822,15822,15822,8,8
2023-03-27 15:01:00,15821,15821,15821,2,-2
2023-03-27 15:01:01,15821,15821,15821,2,0
2023-03-27 15:01:01,15820,15820,15820,4,-4
2023-03-27 15:01:01,15820,15820,15820,2,0
2023-03-27 15:01:01,15820,15820,15820,2,0
2023-03-27 15:01:01,15820,15820,15820,2,0
2023-03-27 15:01:01,15820,15820,15820,4,0
2023-03-27 15:01:01,15820,15820,15820,2,0
2023-03-27 15:01:01,15820,15820,15820,8,0
2023-03-27 15:01:01,15820,15820,15820,2,0
2023-03-27 15:01:01,15820,15820,15820,2,0
2023-03-27 15:01:01,15819,15819,15819,4,-4
2023-03-27 15:01:02,15819,15819,15819,2,0
2023-03-27 15:01:04,15820,15820,15820,2,2
2023-03-27 15:01:04,15819,15819,15819,2,-2
2023-03-27 15:01:06,15820,15820,15820,2,2
2023-03-27 15:01:06,15819,15819,15819,10,-10
2023-03-27 15:01:07,15820,15820,15820,10,10
2023-03-27 15:01:07,15819,15819,15819,2,-2
2023-03-27 15:01:08,15819,15819,15819,2,0
2023-03-27 15:01:08,15819,15819,15819,2,0
2023-03-27 15:01:09,15820,15820,15820,2,2
2023-03-27 15:01:09,15820,15820,15820,2,0
2023-03-27 15:01:10,15819,15819,15819,2,-2
2023-03-27 15:01:10,15819,15819,15819,2,0
2023-03-27 15:01:12,15820,15820,15820,2,2
2023-03-27 15:01:14,15819,15819,15819,2,-2
2023-03-27 15:01:15,15819,15819,15819,2,0
2023-03-27 15:01:15,15819,15819,15819,2,0
2023-03-27 15:01:15,15819,15819,15819,4,0
2023-03-27 15:01:15,15819,15819,15819,2,0
2023-03-27 15:01:16,15818,15818,15818,2,-2
2023-03-27 15:01:16,15818,15818,15818,6,0
2023-03-27 15:01:16,15818,15818,15818,12,0
2023-03-27 15:01:16,15818,15818,15818,2,0
2023-03-27 15:01:16,15818,15818,15818,2,0
2023-03-27 15:01:16,15818,15818,15818,2,0
2023-03-27 15:01:16,15818,15818,15818,2,0
2023-03-27 15:01:16,15818,15818,15818,4,0
2023-03-27 15:01:16,15818,15818,15818,2,0
2023-03-27 15:01:16,15818,15818,15818,2,0
2023-03-27 15:01:16,15817,15817,15817,2,-2
2023-03-27 15:01:16,15817,15817,15817,4,0
2023-03-27 15:01:16,15817,15817,15817,2,0
2023-03-27 15:01:16,15817,15817,15817,4,0
2023-03-27 15:01:16,15817,15817,15817,2,0
2023-03-27 15:01:16,15817,15817,15817,6,0
2023-03-27 15:01:16,15817,15817,15817,2,0
2023-03-27 15:01:16,15817,15817,15817,2,0
2023-03-27 15:01:16,15817,15817,15817,2,0
2023-03-27 15:01:16,15817,15817,15817,2,0
2023-03-27 15:01:16,15817,15817,15817,10,0
2023-03-27 15:01:16,15817,15817,15817,2,0
2023-03-27 15:01:16,15817,15817,15817,4,0
2023-03-27 15:01:16,15817,15817,15817,6,0
2023-03-27 15:01:16,15817,15817,15817,2,0
2023-03-27 15:01:16,15817,15817,15817,2,0
2023-03-27 15:01:16,15817,15817,15817,2,0
2023-03-27 15:01:16,15817,15817,15817,2,0
2023-03-27 15:01:16,15817,15817,15817,2,0
2023-03-27 15:01:16,15816,15816,15816,2,-2
2023-03-27 15:01:16,15816,15816,15816,2,0
2023-03-27 15:01:16,15816,15816,15816,2,0
2023-03-27 15:01:16,15816,15816,15816,2,0
2023-03-27 15:01:16,15816,15816,15816,2,0
2023-03-27 15:01:16,15816,15816,15816,6,0
2023-03-27 15:01:16,15816,15816,15816,2,0
2023-03-27 15:01:16,15816,15816,15816,8,0
2023-03-27 15:01:16,15816,15816,15816,2,0
2023-03-27 15:01:16,15816,15816,15816,2,0
2023-03-27 15:01:16,15816,15816,15816,4,0
2023-03-27 15:01:16,15816,15816,15816,4,0
2023-03-27 15:01:16,15816,15816,15816,2,0
2023-03-27 15:01:16,15816,15816,15816,2,0
2023-03-27 15:01:16,15816,15816,15816,2,0
2023-03-27 15:01:16,15816,15816,15816,2,0
2023-03-27 15:01:16,15816,15816,15816,2,0
2023-03-27 15:01:16,15816,15816,15816,2,0
2023-03-27 15:01:16,15815,15815,15815,2,-2
2023-03-27 15:01:16,15815,15815,15815,2,0
2023-03-27 15:01:16,15815,15815,15815,2,0
2023-03-27 15:01:16,15815,15815,15815,2,0
2023-03-27 15:01:17,15815,15815,15815,4,0
2023-03-27 15:01:17,15815,15815,15815,4,0
2023-03-27 15:01:17,15815,15815,15815,4,0
2023-03-27 15:01:19,15816,15816,15816,2,2
2023-03-27 15:01:19,15815,15815,15815,2,-2
2023-03-27 15:01:21,15815,15815,15815,2,0
2023-03-27 15:01:21,15815,15815,15815,4,0
2023-03-27 15:01:21,15815,15815,15815,2,0
2023-03-27 15:01:22,15816,15816,15816,4,4
2023-03-27 15:01:22,15816,15816,15816,2,0
2023-03-27 15:01:22,15817,15817,15817,2,2
2023-03-27 15:01:24,15816,15816,15816,2,-2
2023-03-27 15:01:25,15815,15815,15815,4,-4
2023-03-27 15:01:26,15815,15815,15815,6,0
2023-03-27 15:01:27,15815,15815,15815,2,0
2023-03-27 15:01:28,15815,15815,15815,2,0
2023-03-27 15:01:28,15814,15814,15814,2,-2
2023-03-27 15:01:28,15815,15815,15815,2,2
2023-03-27 15:01:28,15814,15814,15814,2,-2
2023-03-27 15:01:28,15814,15814,15814,2,0
2023-03-27 15:01:28,15814,15814,15814,2,0
2023-03-27 15:01:28,15814,15814,15814,2,0
2023-03-27 15:01:28,15814,15814,15814,2,0
2023-03-27 15:01:28,15814,15814,15814,2,0
2023-03-27 15:01:28,15813,15813,15813,6,-6
2023-03-27 15:01:28,15813,15813,15813,6,0
2023-03-27 15:01:28,15813,15813,15813,2,0
2023-03-27 15:01:28,15815,15815,15815,2,2
2023-03-27 15:01:28,15815,15815,15815,20,0
2023-03-27 15:01:28,15813,15813,15813,4,-4
2023-03-27 15:01:28,15813,15813,15813,4,0
2023-03-27 15:01:28,15813,15813,15813,2,0
2023-03-27 15:01:28,15813,15813,15813,2,0
2023-03-27 15:01:29,15814,15814,15814,4,4
2023-03-27 15:01:29,15814,15814,15814,2,0
2023-03-27 15:01:31,15815,15815,15815,4,4
2023-03-27 15:01:33,15814,15814,15814,2,-2
2023-03-27 15:01:36,15814,15814,15814,4,0
2023-03-27 15:01:36,15815,15815,15815,2,2
2023-03-27 15:01:36,15815,15815,15815,2,0
2023-03-27 15:01:38,15814,15814,15814,4,-4
2023-03-27 15:01:39,15814,15814,15814,2,0
2023-03-27 15:01:40,15814,15814,15814,4,0
2023-03-27 15:01:40,15814,15814,15814,2,0
2023-03-27 15:01:40,15815,15815,15815,4,4
2023-03-27 15:01:42,15814,15814,15814,2,-2
2023-03-27 15:01:42,15815,15815,15815,4,4
2023-03-27 15:01:43,15815,15815,15815,2,0
2023-03-27 15:01:43,15815,15815,15815,4,0
2023-03-27 15:01:43,15815,15815,15815,8,0
2023-03-27 15:01:44,15816,15816,15816,4,4
2023-03-27 15:01:44,15816,15816,15816,2,0
2023-03-27 15:01:44,15816,15816,15816,2,0
2023-03-27 15:01:45,15816,15816,15816,2,0
2023-03-27 15:01:47,15815,15815,15815,2,-2
2023-03-27 15:01:49,15815,15815,15815,2,0
2023-03-27 15:01:51,15815,15815,15815,2,0
2023-03-27 15:01:54,15816,15816,15816,2,2
2023-03-27 15:01:57,15816,15816,15816,2,0
2023-03-27 15:02:00,15815,15815,15815,2,-2
2023-03-27 15:02:00,15816,15816,15816,2,2
2023-03-27 15:02:00,15816,15816,15816,10,0
2023-03-27 15:02:00,15816,15816,15816,2,0
2023-03-27 15:02:02,15816,15816,15816,2,0
2023-03-27 15:02:05,15816,15816,15816,4,0
2023-03-27 15:02:05,15815,15815,15815,2,-2
2023-03-27 15:02:05,15815,15815,15815,6,0
2023-03-27 15:02:05,15815,15815,15815,2,0
2023-03-27 15:02:05,15815,15815,15815,2,0
2023-03-27 15:02:05,15815,15815,15815,2,0
2023-03-27 15:02:05,15815,15815,15815,2,0
2023-03-27 15:02:05,15815,15815,15815,8,0
2023-03-27 15:02:05,15815,15815,15815,2,0
2023-03-27 15:02:06,15815,15815,15815,2,0
2023-03-27 15:02:06,15815,15815,15815,2,0
2023-03-27 15:02:06,15815,15815,15815,4,0
2023-03-27 15:02:07,15815,15815,15815,2,0
2023-03-27 15:02:10,15815,15815,15815,2,0
2023-03-27 15:02:12,15814,15814,15814,2,-2
2023-03-27 15:02:13,15814,15814,15814,2,0
2023-03-27 15:02:13,15814,15814,15814,6,0
2023-03-27 15:02:13,15814,15814,15814,2,0
2023-03-27 15:02:13,15814,15814,15814,2,0
2023-03-27 15:02:13,15814,15814,15814,2,0
2023-03-27 15:02:14,15814,15814,15814,2,0
2023-03-27 15:02:14,15813,15813,15813,2,-2
2023-03-27 15:02:17,15814,15814,15814,4,4
2023-03-27 15:02:18,15814,15814,15814,2,0
2023-03-27 15:02:18,15814,15814,15814,2,0
2023-03-27 15:02:18,15814,15814,15814,2,0
2023-03-27 15:02:21,15815,15815,15815,4,4
2023-03-27 15:02:22,15816,15816,15816,2,2
2023-03-27 15:02:24,15816,15816,15816,2,0
2023-03-27 15:02:24,15816,15816,15816,4,0
2023-03-27 15:02:27,15817,15817,15817,14,14
2023-03-27 15:02:27,15817,15817,15817,4,0
2023-03-27 15:02:27,15817,15817,15817,8,0
2023-03-27 15:02:27,15817,15817,15817,10,0
2023-03-27 15:02:27,15817,15817,15817,4,0
2023-03-27 15:02:27,15817,15817,15817,6,0
2023-03-27 15:02:27,15817,15817,15817,8,0
2023-03-27 15:02:27,15817,15817,15817,60,0
2023-03-27 15:02:27,15818,15818,15818,8,8
2023-03-27 15:02:27,15818,15818,15818,2,0
2023-03-27 15:02:27,15818,15818,15818,2,0
2023-03-27 15:02:27,15818,15818,15818,2,0
2023-03-27 15:02:27,15817,15817,15817,2,-2
2023-03-27 15:02:28,15817,15817,15817,2,0
2023-03-27 15:02:28,15818,15818,15818,2,2
2023-03-27 15:02:30,15819,15819,15819,4,4
2023-03-27 15:02:33,15819,15819,15819,2,0
2023-03-27 15:02:34,15818,15818,15818,2,-2
2023-03-27 15:02:34,15818,15818,15818,2,0
2023-03-27 15:02:34,15818,15818,15818,2,0
2023-03-27 15:02:34,15818,15818,15818,2,0
2023-03-27 15:02:34,15818,15818,15818,2,0
2023-03-27 15:02:34,15819,15819,15819,2,2
2023-03-27 15:02:34,15819,15819,15819,4,0
2023-03-27 15:02:35,15818,15818,15818,2,-2
2023-03-27 15:02:35,15818,15818,15818,2,0
2023-03-27 15:02:36,15819,15819,15819,2,2
2023-03-27 15:02:39,15819,15819,15819,2,0
2023-03-27 15:02:39,15819,15819,15819,2,0
2023-03-27 15:02:39,15819,15819,15819,2,0
2023-03-27 15:02:39,15818,15818,15818,2,-2
2023-03-27 15:02:39,15819,15819,15819,2,2
2023-03-27 15:02:40,15819,15819,15819,2,0
2023-03-27 15:02:40,15819,15819,15819,2,0
2023-03-27 15:02:41,15819,15819,15819,2,0
2023-03-27 15:02:43,15820,15820,15820,6,6
2023-03-27 15:02:43,15820,15820,15820,64,0
2023-03-27 15:02:43,15821,15821,15821,14,14
2023-03-27 15:02:43,15822,15822,15822,16,16
2023-03-27 15:02:45,15822,15822,15822,2,0
2023-03-27 15:02:45,15822,15822,15822,2,0
2023-03-27 15:02:46,15822,15822,15822,2,0
2023-03-27 15:02:47,15822,15822,15822,2,0
2023-03-27 15:02:47,15822,15822,15822,2,0
2023-03-27 15:02:48,15823,15823,15823,2,2
2023-03-27 15:02:48,15823,15823,15823,2,0
2023-03-27 15:02:48,15823,15823,15823,2,0
2023-03-27 15:02:48,15823,15823,15823,2,0
2023-03-27 15:02:48,15823,15823,15823,8,0
2023-03-27 15:02:48,15824,15824,15824,2,2
2023-03-27 15:02:50,15824,15824,15824,4,0
2023-03-27 15:02:51,15824,15824,15824,2,0
2023-03-27 15:02:52,15824,15824,15824,2,0
2023-03-27 15:02:53,15824,15824,15824,2,0
2023-03-27 15:02:55,15823,15823,15823,6,-6
2023-03-27 15:02:55,15823,15823,15823,4,0
2023-03-27 15:02:55,15823,15823,15823,2,0
2023-03-27 15:02:55,15823,15823,15823,2,0
2023-03-27 15:02:55,15823,15823,15823,2,0
2023-03-27 15:02:55,15823,15823,15823,2,0
2023-03-27 15:02:55,15823,15823,15823,2,0
2023-03-27 15:02:55,15823,15823,15823,2,0
2023-03-27 15:02:57,15823,15823,15823,2,0
2023-03-27 15:02:59,15824,15824,15824,6,6
2023-03-27 15:02:59,15824,15824,15824,4,0
2023-03-27 15:02:59,15824,15824,15824,2,0
2023-03-27 15:02:59,15824,15824,15824,2,0
2023-03-27 15:02:59,15824,15824,15824,14,0
2023-03-27 15:03:00,15823,15823,15823,2,-2
2023-03-27 15:03:00,15824,15824,15824,2,2
2023-03-27 15:03:02,15824,15824,15824,2,0
2023-03-27 15:03:04,15824,15824,15824,2,0
2023-03-27 15:03:04,15824,15824,15824,2,0
2023-03-27 15:03:04,15824,15824,15824,2,0
2023-03-27 15:03:06,15825,15825,15825,2,2
2023-03-27 15:03:06,15825,15825,15825,2,0
2023-03-27 15:03:06,15825,15825,15825,2,0
2023-03-27 15:03:06,15825,15825,15825,10,0
2023-03-27 15:03:06,15825,15825,15825,2,0
2023-03-27 15:03:06,15825,15825,15825,2,0
2023-03-27 15:03:06,15825,15825,15825,2,0
2023-03-27 15:03:06,15825,15825,15825,20,0
2023-03-27 15:03:06,15825,15825,15825,2,0
2023-03-27 15:03:06,15826,15826,15826,10,10
2023-03-27 15:03:06,15826,15826,15826,14,0
2023-03-27 15:03:07,15826,15826,15826,2,0
2023-03-27 15:03:09,15827,15827,15827,10,10
2023-03-27 15:03:10,15827,15827,15827,2,0
2023-03-27 15:03:11,15826,15826,15826,2,-2
2023-03-27 15:03:11,15827,15827,15827,2,2
2023-03-27 15:03:12,15827,15827,15827,2,0
2023-03-27 15:03:12,15827,15827,15827,10,0
2023-03-27 15:03:14,15826,15826,15826,2,-2
2023-03-27 15:03:16,15827,15827,15827,4,4
2023-03-27 15:03:16,15827,15827,15827,2,0
2023-03-27 15:03:16,15827,15827,15827,2,0
2023-03-27 15:03:16,15827,15827,15827,32,0
2023-03-27 15:03:16,15827,15827,15827,2,0
2023-03-27 15:03:16,15827,15827,15827,6,0
2023-03-27 15:03:16,15827,15827,15827,2,0
2023-03-27 15:03:16,15827,15827,15827,4,0
2023-03-27 15:03:16,15828,15828,15828,4,4
2023-03-27 15:03:17,15827,15827,15827,2,-2
2023-03-27 15:03:20,15828,15828,15828,8,8
2023-03-27 15:03:20,15828,15828,15828,2,0
2023-03-27 15:03:20,15828,15828,15828,4,0
2023-03-27 15:03:20,15828,15828,15828,6,0
2023-03-27 15:03:21,15828,15828,15828,2,0
2023-03-27 15:03:21,15828,15828,15828,2,0
2023-03-27 15:03:21,15828,15828,15828,2,0
2023-03-27 15:03:21,15828,15828,15828,2,0
2023-03-27 15:03:21,15828,15828,15828,4,0
2023-03-27 15:03:21,15829,15829,15829,4,4
2023-03-27 15:03:22,15829,15829,15829,2,0
2023-03-27 15:03:22,15829,15829,15829,2,0
2023-03-27 15:03:23,15829,15829,15829,2,0
2023-03-27 15:03:23,15827,15827,15827,2,-2
2023-03-27 15:03:25,15829,15829,15829,2,2
2023-03-27 15:03:26,15828,15828,15828,2,-2
2023-03-27 15:03:26,15829,15829,15829,2,2
2023-03-27 15:03:27,15828,15828,15828,2,-2
2023-03-27 15:03:31,15829,15829,15829,16,16
2023-03-27 15:03:32,15828,15828,15828,2,-2
2023-03-27 15:03:32,15829,15829,15829,2,2
2023-03-27 15:03:33,15829,15829,15829,18,0
2023-03-27 15:03:35,15829,15829,15829,2,0
2023-03-27 15:03:35,15829,15829,15829,12,0
2023-03-27 15:03:35,15829,15829,15829,2,0
2023-03-27 15:03:35,15829,15829,15829,2,0
2023-03-27 15:03:36,15829,15829,15829,2,0
2023-03-27 15:03:36,15829,15829,15829,2,0
2023-03-27 15:03:36,15828,15828,15828,2,-2
2023-03-27 15:03:38,15829,15829,15829,2,2
2023-03-27 15:03:38,15829,15829,15829,2,0
2023-03-27 15:03:38,15829,15829,15829,2,0
2023-03-27 15:03:38,15829,15829,15829,2,0
2023-03-27 15:03:39,15829,15829,15829,2,0
2023-03-27 15:03:39,15830,15830,15830,2,2
2023-03-27 15:03:39,15830,15830,15830,6,0
2023-03-27 15:03:39,15829,15829,15829,2,-2
2023-03-27 15:03:40,15830,15830,15830,10,10
2023-03-27 15:03:41,15830,15830,15830,2,0
2023-03-27 15:03:41,15830,15830,15830,6,0
2023-03-27 15:03:41,15830,15830,15830,2,0
2023-03-27 15:03:41,15829,15829,15829,2,-2
2023-03-27 15:03:41,15829,15829,15829,2,0
2023-03-27 15:03:41,15829,15829,15829,2,0
2023-03-27 15:03:41,15829,15829,15829,2,0
2023-03-27 15:03:42,15830,15830,15830,2,2
2023-03-27 15:03:43,15830,15830,15830,2,0
2023-03-27 15:03:43,15831,15831,15831,4,4
2023-03-27 15:03:44,15829,15829,15829,2,-2
2023-03-27 15:03:46,15830,15830,15830,2,2
2023-03-27 15:03:46,15830,15830,15830,8,0
2023-03-27 15:03:46,15829,15829,15829,2,-2
2023-03-27 15:03:49,15830,15830,15830,2,2
2023-03-27 15:03:49,15830,15830,15830,2,0
2023-03-27 15:03:51,15830,15830,15830,2,0
2023-03-27 15:03:54,15831,15831,15831,6,6
2023-03-27 15:03:54,15831,15831,15831,2,0
2023-03-27 15:03:54,15831,15831,15831,2,0
2023-03-27 15:03:54,15831,15831,15831,2,0
2023-03-27 15:03:54,15831,15831,15831,30,0
2023-03-27 15:03:54,15831,15831,15831,2,0
2023-03-27 15:03:54,15831,15831,15831,2,0
2023-03-27 15:03:54,15831,15831,15831,4,0
2023-03-27 15:03:54,15831,15831,15831,2,0
2023-03-27 15:03:54,15831,15831,15831,6,0
2023-03-27 15:03:55,15831,15831,15831,2,0
2023-03-27 15:03:58,15831,15831,15831,2,0
2023-03-27 15:03:58,15831,15831,15831,2,0
2023-03-27 15:03:58,15831,15831,15831,4,0
2023-03-27 15:03:58,15831,15831,15831,2,0
2023-03-27 15:03:58,15831,15831,15831,2,0
2023-03-27 15:03:58,15831,15831,15831,2,0
2023-03-27 15:03:59,15831,15831,15831,2,0
2023-03-27 15:04:00,15830,15830,15830,2,-2
2023-03-27 15:04:00,15831,15831,15831,8,8
2023-03-27 15:04:00,15831,15831,15831,2,0
2023-03-27 15:04:00,15831,15831,15831,16,0
2023-03-27 15:04:00,15831,15831,15831,2,0
2023-03-27 15:04:02,15831,15831,15831,4,0
2023-03-27 15:04:03,15831,15831,15831,2,0
2023-03-27 15:04:03,15830,15830,15830,2,-2
2023-03-27 15:04:03,15830,15830,15830,2,0
2023-03-27 15:04:03,15830,15830,15830,2,0
2023-03-27 15:04:03,15830,15830,15830,2,0
2023-03-27 15:04:03,15830,15830,15830,2,0
2023-03-27 15:04:06,15831,15831,15831,8,8
2023-03-27 15:04:06,15831,15831,15831,2,0
2023-03-27 15:04:07,15831,15831,15831,2,0
2023-03-27 15:04:07,15831,15831,15831,2,0
2023-03-27 15:04:09,15831,15831,15831,2,0
2023-03-27 15:04:10,15830,15830,15830,2,-2
2023-03-27 15:04:14,15831,15831,15831,2,2
2023-03-27 15:04:14,15831,15831,15831,2,0
2023-03-27 15:04:14,15831,15831,15831,6,0
2023-03-27 15:04:14,15831,15831,15831,4,0
2023-03-27 15:04:14,15830,15830,15830,2,-2
2023-03-27 15:04:14,15830,15830,15830,20,0
2023-03-27 15:04:14,15830,15830,15830,2,0
2023-03-27 15:04:14,15830,15830,15830,2,0
2023-03-27 15:04:17,15829,15829,15829,8,-8
2023-03-27 15:04:17,15829,15829,15829,2,0
2023-03-27 15:04:17,15829,15829,15829,2,0
2023-03-27 15:04:17,15829,15829,15829,2,0
2023-03-27 15:04:17,15829,15829,15829,2,0
2023-03-27 15:04:17,15829,15829,15829,2,0
2023-03-27 15:04:17,15829,15829,15829,2,0
2023-03-27 15:04:17,15829,15829,15829,2,0
2023-03-27 15:04:17,15830,15830,15830,2,2
2023-03-27 15:04:21,15828,15828,15828,2,-2
2023-03-27 15:04:21,15828,15828,15828,2,0
2023-03-27 15:04:21,15828,15828,15828,2,0
2023-03-27 15:04:21,15828,15828,15828,4,0
2023-03-27 15:04:21,15829,15829,15829,6,6
2023-03-27 15:04:24,15828,15828,15828,2,-2
2023-03-27 15:04:24,15828,15828,15828,2,0
2023-03-27 15:04:24,15828,15828,15828,2,0
2023-03-27 15:04:24,15828,15828,15828,2,0
2023-03-27 15:04:24,15828,15828,15828,2,0
2023-03-27 15:04:24,15828,15828,15828,2,0
2023-03-27 15:04:24,15828,15828,15828,2,0
2023-03-27 15:04:26,15827,15827,15827,2,-2
2023-03-27 15:04:28,15827,15827,15827,4,0
2023-03-27 15:04:29,15827,15827,15827,2,0
2023-03-27 15:04:31,15827,15827,15827,2,0
2023-03-27 15:04:31,15827,15827,15827,2,0
2023-03-27 15:04:31,15827,15827,15827,2,0
2023-03-27 15:04:32,15828,15828,15828,24,24
2023-03-27 15:04:33,15828,15828,15828,2,0
2023-03-27 15:04:33,15828,15828,15828,2,0
2023-03-27 15:04:34,15828,15828,15828,2,0
2023-03-27 15:04:36,15827,15827,15827,2,-2
2023-03-27 15:04:37,15827,15827,15827,2,0
2023-03-27 15:04:37,15827,15827,15827,2,0
2023-03-27 15:04:45,15828,15828,15828,2,2
2023-03-27 15:04:53,15828,15828,15828,2,0
2023-03-27 15:04:55,15828,15828,15828,2,0
2023-03-27 15:04:57,15828,15828,15828,2,0
2023-03-27 15:04:58,15828,15828,15828,2,0
2023-03-27 15:04:59,15828,15828,15828,2,0
2023-03-27 15:04:59,15828,15828,15828,2,0
2023-03-27 15:05:00,15829,15829,15829,2,2
2023-03-27 15:05:00,15829,15829,15829,6,0
2023-03-27 15:05:02,15828,15828,15828,2,-2
2023-03-27 15:05:03,15828,15828,15828,2,0
2023-03-27 15:05:03,15828,15828,15828,2,0
2023-03-27 15:05:03,15828,15828,15828,2,0
2023-03-27 15:05:03,15828,15828,15828,2,0
2023-03-27 15:05:03,15828,15828,15828,2,0
2023-03-27 15:05:03,15828,15828,15828,2,0
2023-03-27 15:05:06,15827,15827,15827,2,-2
2023-03-27 15:05:06,15828,15828,15828,2,2
2023-03-27 15:05:06,15827,15827,15827,2,-2
2023-03-27 15:05:06,15827,15827,15827,2,0
2023-03-27 15:05:06,15827,15827,15827,2,0
2023-03-27 15:05:06,15827,15827,15827,2,0
2023-03-27 15:05:06,15827,15827,15827,2,0
2023-03-27 15:05:06,15827,15827,15827,2,0
2023-03-27 15:05:08,15826,15826,15826,2,-2
2023-03-27 15:05:08,15826,15826,15826,2,0
2023-03-27 15:05:08,15826,15826,15826,2,0
2023-03-27 15:05:08,15826,15826,15826,2,0
2023-03-27 15:05:10,15827,15827,15827,4,4
2023-03-27 15:05:12,15826,15826,15826,2,-2
2023-03-27 15:05:13,15825,15825,15825,2,-2
2023-03-27 15:05:13,15825,15825,15825,2,0
2023-03-27 15:05:13,15825,15825,15825,4,0
2023-03-27 15:05:13,15825,15825,15825,6,0
2023-03-27 15:05:13,15825,15825,15825,2,0
2023-03-27 15:05:13,15825,15825,15825,4,0
2023-03-27 15:05:13,15825,15825,15825,4,0
2023-03-27 15:05:13,15825,15825,15825,2,0
2023-03-27 15:05:13,15825,15825,15825,2,0
2023-03-27 15:05:13,15825,15825,15825,2,0
2023-03-27 15:05:13,15825,15825,15825,4,0
2023-03-27 15:05:17,15825,15825,15825,2,0
2023-03-27 15:05:18,15825,15825,15825,2,0
2023-03-27 15:05:18,15825,15825,15825,4,0
2023-03-27 15:05:19,15824,15824,15824,2,-2
2023-03-27 15:05:20,15825,15825,15825,2,2
2023-03-27 15:05:22,15825,15825,15825,2,0
2023-03-27 15:05:25,15825,15825,15825,4,0
2023-03-27 15:05:25,15825,15825,15825,2,0
2023-03-27 15:05:25,15825,15825,15825,2,0
2023-03-27 15:05:25,15825,15825,15825,2,0
2023-03-27 15:05:25,15825,15825,15825,8,0
2023-03-27 15:05:25,15825,15825,15825,10,0
2023-03-27 15:05:25,15825,15825,15825,14,0
2023-03-27 15:05:25,15825,15825,15825,2,0
2023-03-27 15:05:25,15825,15825,15825,4,0
2023-03-27 15:05:25,15825,15825,15825,4,0
2023-03-27 15:05:25,15825,15825,15825,2,0
2023-03-27 15:05:25,15825,15825,15825,2,0
2023-03-27 15:05:37,15825,15825,15825,2,0
2023-03-27 15:05:37,15825,15825,15825,2,0
2023-03-27 15:05:37,15825,15825,15825,2,0
2023-03-27 15:05:38,15825,15825,15825,2,0
2023-03-27 15:05:38,15825,15825,15825,2,0
2023-03-27 15:05:43,15826,15826,15826,2,2
2023-03-27 15:05:45,15825,15825,15825,2,-2
2023-03-27 15:05:46,15826,15826,15826,2,2
2023-03-27 15:05:55,15826,15826,15826,2,0
2023-03-27 15:05:56,15825,15825,15825,2,-2
2023-03-27 15:05:56,15825,15825,15825,8,0
2023-03-27 15:05:56,15825,15825,15825,10,0
2023-03-27 15:05:56,15825,15825,15825,2,0
2023-03-27 15:05:56,15825,15825,15825,2,0
2023-03-27 15:05:56,15825,15825,15825,2,0
2023-03-27 15:05:56,15825,15825,15825,2,0
2023-03-27 15:05:56,15825,15825,15825,2,0
2023-03-27 15:05:56,15825,15825,15825,2,0
2023-03-27 15:06:02,15824,15824,15824,2,-2
2023-03-27 15:06:02,15824,15824,15824,2,0
2023-03-27 15:06:02,15824,15824,15824,4,0
2023-03-27 15:06:02,15824,15824,15824,2,0
2023-03-27 15:06:02,15824,15824,15824,2,0
2023-03-27 15:06:04,15824,15824,15824,4,0
2023-03-27 15:06:04,15823,15823,15823,2,-2
2023-03-27 15:06:04,15823,15823,15823,2,0
2023-03-27 15:06:04,15823,15823,15823,2,0
2023-03-27 15:06:05,15822,15822,15822,2,-2
2023-03-27 15:06:06,15822,15822,15822,2,0
2023-03-27 15:06:09,15822,15822,15822,2,0
2023-03-27 15:06:10,15822,15822,15822,2,0
2023-03-27 15:06:11,15821,15821,15821,8,-8
2023-03-27 15:06:13,15821,15821,15821,2,0
2023-03-27 15:06:13,15821,15821,15821,2,0
2023-03-27 15:06:13,15821,15821,15821,2,0
2023-03-27 15:06:13,15821,15821,15821,2,0
2023-03-27 15:06:13,15820,15820,15820,2,-2
2023-03-27 15:06:13,15820,15820,15820,2,0
2023-03-27 15:06:13,15820,15820,15820,4,0
2023-03-27 15:06:13,15820,15820,15820,2,0
2023-03-27 15:06:13,15820,15820,15820,2,0
2023-03-27 15:06:13,15819,15819,15819,6,-6
2023-03-27 15:06:13,15819,15819,15819,2,0
2023-03-27 15:06:13,15818,15818,15818,2,-2
2023-03-27 15:06:13,15818,15818,15818,2,0
2023-03-27 15:06:15,15818,15818,15818,2,0
2023-03-27 15:06:18,15818,15818,15818,2,0
2023-03-27 15:06:18,15818,15818,15818,2,0
2023-03-27 15:06:22,15817,15817,15817,2,-2
2023-03-27 15:06:22,15817,15817,15817,2,0
2023-03-27 15:06:22,15817,15817,15817,2,0
2023-03-27 15:06:23,15818,15818,15818,10,10
2023-03-27 15:06:23,15817,15817,15817,2,-2
2023-03-27 15:06:24,15817,15817,15817,4,0
2023-03-27 15:06:24,15817,15817,15817,2,0
2023-03-27 15:06:24,15817,15817,15817,2,0
2023-03-27 15:06:24,15817,15817,15817,2,0
2023-03-27 15:06:25,15816,15816,15816,2,-2
2023-03-27 15:06:26,15815,15815,15815,4,-4
2023-03-27 15:06:28,15817,15817,15817,2,2
2023-03-27 15:06:29,15815,15815,15815,2,-2
2023-03-27 15:06:29,15815,15815,15815,2,0
2023-03-27 15:06:30,15816,15816,15816,2,2
2023-03-27 15:06:34,15817,15817,15817,2,2
2023-03-27 15:06:35,15818,15818,15818,2,2
2023-03-27 15:06:37,15818,15818,15818,2,0
2023-03-27 15:06:37,15818,15818,15818,2,0
2023-03-27 15:06:37,15818,15818,15818,4,0
2023-03-27 15:06:37,15818,15818,15818,2,0
2023-03-27 15:06:43,15818,15818,15818,2,0
2023-03-27 15:06:44,15817,15817,15817,2,-2
2023-03-27 15:06:45,15818,15818,15818,2,2
2023-03-27 15:06:49,15818,15818,15818,2,0
2023-03-27 15:06:49,15818,15818,15818,2,0
2023-03-27 15:06:49,15818,15818,15818,2,0
2023-03-27 15:06:51,15818,15818,15818,2,0
2023-03-27 15:06:51,15818,15818,15818,2,0
2023-03-27 15:06:54,15819,15819,15819,8,8
2023-03-27 15:06:54,15818,15818,15818,4,-4
2023-03-27 15:06:54,15818,15818,15818,2,0
2023-03-27 15:06:54,15818,15818,15818,6,0
2023-03-27 15:06:54,15818,15818,15818,4,0
2023-03-27 15:06:54,15818,15818,15818,2,0
2023-03-27 15:06:54,15818,15818,15818,2,0
2023-03-27 15:06:56,15818,15818,15818,2,0
2023-03-27 15:06:56,15818,15818,15818,2,0
2023-03-27 15:06:56,15817,15817,15817,4,-4
2023-03-27 15:06:56,15817,15817,15817,2,0
2023-03-27 15:06:57,15818,15818,15818,2,2
2023-03-27 15:06:57,15817,15817,15817,2,-2
2023-03-27 15:06:57,15817,15817,15817,2,0
2023-03-27 15:06:57,15816,15816,15816,2,-2
2023-03-27 15:06:57,15816,15816,15816,4,0
2023-03-27 15:06:58,15816,15816,15816,2,0
2023-03-27 15:06:58,15816,15816,15816,2,0
2023-03-27 15:06:59,15816,15816,15816,2,0
2023-03-27 15:06:59,15816,15816,15816,4,0
2023-03-27 15:06:59,15816,15816,15816,2,0
2023-03-27 15:06:59,15816,15816,15816,2,0
2023-03-27 15:06:59,15818,15818,15818,10,10
2023-03-27 15:07:06,15817,15817,15817,2,-2
2023-03-27 15:07:07,15818,15818,15818,2,2
2023-03-27 15:07:11,15818,15818,15818,2,0
2023-03-27 15:07:11,15818,15818,15818,2,0
2023-03-27 15:07:16,15818,15818,15818,2,0
2023-03-27 15:07:19,15817,15817,15817,2,-2
2023-03-27 15:07:19,15817,15817,15817,2,0
2023-03-27 15:07:20,15817,15817,15817,2,0
2023-03-27 15:07:21,15817,15817,15817,2,0
2023-03-27 15:07:23,15818,15818,15818,8,8
2023-03-27 15:07:31,15818,15818,15818,4,0
2023-03-27 15:07:31,15818,15818,15818,2,0
2023-03-27 15:07:32,15817,15817,15817,2,-2
2023-03-27 15:07:34,15817,15817,15817,2,0
2023-03-27 15:07:37,15817,15817,15817,2,0
2023-03-27 15:07:38,15817,15817,15817,2,0
2023-03-27 15:07:39,15818,15818,15818,2,2
2023-03-27 15:07:39,15818,15818,15818,6,0
2023-03-27 15:07:48,15819,15819,15819,10,10
2023-03-27 15:07:48,15818,15818,15818,2,-2
2023-03-27 15:07:48,15818,15818,15818,2,0
2023-03-27 15:07:52,15819,15819,15819,2,2
2023-03-27 15:07:54,15818,15818,15818,2,-2
2023-03-27 15:07:54,15818,15818,15818,2,0
2023-03-27 15:07:54,15818,15818,15818,2,0
2023-03-27 15:07:54,15818,15818,15818,2,0
2023-03-27 15:07:58,15818,15818,15818,2,0
2023-03-27 15:07:59,15818,15818,15818,6,0
2023-03-27 15:07:59,15818,15818,15818,4,0
2023-03-27 15:07:59,15818,15818,15818,2,0
2023-03-27 15:07:59,15818,15818,15818,2,0
2023-03-27 15:08:00,15817,15817,15817,2,-2
2023-03-27 15:08:00,15817,15817,15817,2,0
2023-03-27 15:08:02,15818,15818,15818,2,2
2023-03-27 15:08:04,15817,15817,15817,2,-2
2023-03-27 15:08:07,15818,15818,15818,8,8
2023-03-27 15:08:07,15818,15818,15818,2,0
2023-03-27 15:08:08,15818,15818,15818,2,0
2023-03-27 15:08:08,15818,15818,15818,6,0
2023-03-27 15:08:08,15818,15818,15818,8,0
2023-03-27 15:08:08,15818,15818,15818,2,0
2023-03-27 15:08:08,15818,15818,15818,2,0
2023-03-27 15:08:08,15818,15818,15818,2,0
2023-03-27 15:08:08,15818,15818,15818,2,0
2023-03-27 15:08:08,15818,15818,15818,4,0
2023-03-27 15:08:08,15818,15818,15818,2,0
2023-03-27 15:08:08,15818,15818,15818,2,0
2023-03-27 15:08:08,15818,15818,15818,2,0
2023-03-27 15:08:08,15818,15818,15818,2,0
2023-03-27 15:08:12,15818,15818,15818,2,0
2023-03-27 15:08:12,15818,15818,15818,2,0
2023-03-27 15:08:12,15818,15818,15818,4,0
2023-03-27 15:08:12,15818,15818,15818,2,0
2023-03-27 15:08:19,15818,15818,15818,2,0
2023-03-27 15:08:19,15817,15817,15817,2,-2
2023-03-27 15:08:24,15819,15819,15819,6,6
2023-03-27 15:08:25,15817,15817,15817,4,-4
2023-03-27 15:08:30,15818,15818,15818,2,2
2023-03-27 15:08:31,15818,15818,15818,2,0
2023-03-27 15:08:32,15818,15818,15818,2,0
2023-03-27 15:08:35,15819,15819,15819,2,2
2023-03-27 15:08:54,15818,15818,15818,2,-2
2023-03-27 15:08:54,15818,15818,15818,2,0
2023-03-27 15:08:54,15818,15818,15818,2,0
2023-03-27 15:08:54,15818,15818,15818,4,0
2023-03-27 15:08:54,15818,15818,15818,2,0
2023-03-27 15:08:54,15818,15818,15818,2,0
2023-03-27 15:08:54,15818,15818,15818,2,0
2023-03-27 15:08:54,15818,15818,15818,2,0
2023-03-27 15:08:54,15818,15818,15818,2,0
2023-03-27 15:08:57,15818,15818,15818,2,0
2023-03-27 15:08:57,15818,15818,15818,2,0
2023-03-27 15:09:02,15818,15818,15818,2,0
2023-03-27 15:09:03,15818,15818,15818,4,0
2023-03-27 15:09:05,15818,15818,15818,2,0
2023-03-27 15:09:06,15817,15817,15817,2,-2
2023-03-27 15:09:09,15817,15817,15817,2,0
2023-03-27 15:09:19,15818,15818,15818,8,8
2023-03-27 15:09:21,15817,15817,15817,2,-2
2023-03-27 15:09:21,15817,15817,15817,10,0
2023-03-27 15:09:21,15817,15817,15817,2,0
2023-03-27 15:09:21,15817,15817,15817,2,0
2023-03-27 15:09:21,15817,15817,15817,2,0
2023-03-27 15:09:21,15817,15817,15817,2,0
2023-03-27 15:09:21,15817,15817,15817,6,0
2023-03-27 15:09:21,15817,15817,15817,2,0
2023-03-27 15:09:21,15817,15817,15817,4,0
2023-03-27 15:09:21,15817,15817,15817,2,0
2023-03-27 15:09:21,15817,15817,15817,2,0
2023-03-27 15:09:24,15816,15816,15816,2,-2
2023-03-27 15:09:24,15816,15816,15816,2,0
2023-03-27 15:09:24,15816,15816,15816,10,0
2023-03-27 15:09:24,15816,15816,15816,6,0
2023-03-27 15:09:24,15816,15816,15816,2,0
2023-03-27 15:09:24,15816,15816,15816,2,0
2023-03-27 15:09:24,15816,15816,15816,2,0
2023-03-27 15:09:24,15816,15816,15816,2,0
2023-03-27 15:09:24,15816,15816,15816,2,0
2023-03-27 15:09:24,15816,15816,15816,2,0
2023-03-27 15:09:24,15816,15816,15816,2,0
2023-03-27 15:09:24,15815,15815,15815,2,-2
2023-03-27 15:09:24,15816,15816,15816,2,2
2023-03-27 15:09:27,15815,15815,15815,2,-2
2023-03-27 15:09:27,15815,15815,15815,2,0
2023-03-27 15:09:27,15815,15815,15815,2,0
2023-03-27 15:09:27,15815,15815,15815,2,0
2023-03-27 15:09:28,15816,15816,15816,2,2
2023-03-27 15:09:28,15815,15815,15815,8,-8
2023-03-27 15:09:28,15815,15815,15815,2,0
2023-03-27 15:09:28,15815,15815,15815,2,0
2023-03-27 15:09:28,15815,15815,15815,8,0
2023-03-27 15:09:28,15815,15815,15815,10,0
2023-03-27 15:09:28,15815,15815,15815,2,0
2023-03-27 15:09:29,15815,15815,15815,2,0
2023-03-27 15:09:30,15815,15815,15815,2,0
2023-03-27 15:09:30,15815,15815,15815,2,0
2023-03-27 15:09:30,15815,15815,15815,2,0
2023-03-27 15:09:31,15815,15815,15815,2,0
2023-03-27 15:09:32,15815,15815,15815,2,0
2023-03-27 15:09:34,15815,15815,15815,2,0
2023-03-27 15:09:36,15814,15814,15814,2,-2
2023-03-27 15:09:38,15814,15814,15814,2,0
2023-03-27 15:09:38,15814,15814,15814,2,0
2023-03-27 15:09:38,15814,15814,15814,2,0
2023-03-27 15:09:38,15814,15814,15814,2,0
2023-03-27 15:09:39,15814,15814,15814,2,0
2023-03-27 15:09:39,15813,15813,15813,2,-2
2023-03-27 15:09:39,15813,15813,15813,2,0
2023-03-27 15:09:40,15813,15813,15813,4,0
2023-03-27 15:09:40,15813,15813,15813,2,0
2023-03-27 15:09:40,15813,15813,15813,4,0
2023-03-27 15:09:40,15813,15813,15813,2,0
2023-03-27 15:09:40,15813,15813,15813,6,0
2023-03-27 15:09:40,15814,15814,15814,2,2
2023-03-27 15:09:41,15813,15813,15813,2,-2
2023-03-27 15:09:42,15813,15813,15813,2,0
2023-03-27 15:09:43,15813,15813,15813,4,0
2023-03-27 15:09:43,15813,15813,15813,6,0
2023-03-27 15:09:44,15813,15813,15813,2,0
2023-03-27 15:09:45,15813,15813,15813,2,0
2023-03-27 15:09:46,15813,15813,15813,2,0
2023-03-27 15:09:47,15812,15812,15812,2,-2
2023-03-27 15:09:47,15812,15812,15812,2,0
2023-03-27 15:09:47,15812,15812,15812,2,0
2023-03-27 15:09:47,15812,15812,15812,2,0
2023-03-27 15:09:47,15812,15812,15812,2,0
2023-03-27 15:09:47,15811,15811,15811,2,-2
2023-03-27 15:09:47,15811,15811,15811,2,0
2023-03-27 15:09:47,15811,15811,15811,2,0
2023-03-27 15:09:47,15811,15811,15811,2,0
2023-03-27 15:09:47,15811,15811,15811,2,0
2023-03-27 15:09:47,15811,15811,15811,2,0
2023-03-27 15:09:47,15811,15811,15811,2,0
2023-03-27 15:09:47,15811,15811,15811,2,0
2023-03-27 15:09:47,15811,15811,15811,2,0
2023-03-27 15:09:47,15811,15811,15811,2,0
2023-03-27 15:09:47,15811,15811,15811,2,0
2023-03-27 15:09:47,15810,15810,15810,4,-4
2023-03-27 15:09:47,15810,15810,15810,16,0
2023-03-27 15:09:47,15810,15810,15810,4,0
2023-03-27 15:09:47,15810,15810,15810,6,0
2023-03-27 15:09:47,15810,15810,15810,4,0
2023-03-27 15:09:47,15810,15810,15810,20,0
2023-03-27 15:09:47,15810,15810,15810,2,0
2023-03-27 15:09:47,15810,15810,15810,2,0
2023-03-27 15:09:47,15810,15810,15810,2,0
2023-03-27 15:09:47,15810,15810,15810,2,0
2023-03-27 15:09:47,15810,15810,15810,2,0
2023-03-27 15:09:47,15810,15810,15810,6,0
2023-03-27 15:09:47,15810,15810,15810,4,0
2023-03-27 15:09:47,15809,15809,15809,2,-2
2023-03-27 15:09:48,15809,15809,15809,2,0
2023-03-27 15:09:48,15809,15809,15809,4,0
2023-03-27 15:09:48,15809,15809,15809,4,0
2023-03-27 15:09:48,15809,15809,15809,2,0
2023-03-27 15:09:48,15809,15809,15809,2,0
2023-03-27 15:09:48,15809,15809,15809,2,0
2023-03-27 15:09:49,15811,15811,15811,2,2
2023-03-27 15:09:52,15809,15809,15809,2,-2
2023-03-27 15:09:52,15809,15809,15809,2,0
2023-03-27 15:09:53,15810,15810,15810,6,6
2023-03-27 15:09:54,15810,15810,15810,2,0
2023-03-27 15:09:55,15809,15809,15809,4,-4
2023-03-27 15:09:55,15809,15809,15809,2,0
2023-03-27 15:09:55,15809,15809,15809,2,0
2023-03-27 15:09:55,15809,15809,15809,2,0
2023-03-27 15:09:56,15809,15809,15809,2,0
2023-03-27 15:09:57,15809,15809,15809,4,0
2023-03-27 15:09:57,15809,15809,15809,2,0
2023-03-27 15:09:57,15809,15809,15809,2,0
2023-03-27 15:09:57,15808,15808,15808,2,-2
2023-03-27 15:09:59,15808,15808,15808,2,0
2023-03-27 15:10:00,15808,15808,15808,6,0
2023-03-27 15:10:00,15808,15808,15808,2,0
2023-03-27 15:10:00,15808,15808,15808,2,0
2023-03-27 15:10:00,15808,15808,15808,2,0
2023-03-27 15:10:00,15808,15808,15808,2,0
2023-03-27 15:10:00,15808,15808,15808,2,0
2023-03-27 15:10:00,15808,15808,15808,2,0
2023-03-27 15:10:00,15808,15808,15808,2,0
2023-03-27 15:10:00,15807,15807,15807,2,-2
2023-03-27 15:10:00,15807,15807,15807,2,0
2023-03-27 15:10:00,15807,15807,15807,2,0
2023-03-27 15:10:00,15807,15807,15807,2,0
2023-03-27 15:10:00,15806,15806,15806,2,-2
2023-03-27 15:10:02,15806,15806,15806,4,0
2023-03-27 15:10:03,15806,15806,15806,2,0
2023-03-27 15:10:03,15806,15806,15806,2,0
2023-03-27 15:10:03,15806,15806,15806,2,0
2023-03-27 15:10:03,15806,15806,15806,2,0
2023-03-27 15:10:03,15806,15806,15806,2,0
2023-03-27 15:10:04,15806,15806,15806,2,0
2023-03-27 15:10:04,15807,15807,15807,2,2
2023-03-27 15:10:04,15806,15806,15806,2,-2
2023-03-27 15:10:04,15806,15806,15806,2,0
2023-03-27 15:10:04,15806,15806,15806,2,0
2023-03-27 15:10:04,15806,15806,15806,2,0
2023-03-27 15:10:04,15806,15806,15806,2,0
2023-03-27 15:10:05,15808,15808,15808,8,8
2023-03-27 15:10:07,15807,15807,15807,2,-2
2023-03-27 15:10:08,15807,15807,15807,2,0
2023-03-27 15:10:08,15807,15807,15807,2,0
2023-03-27 15:10:08,15807,15807,15807,4,0
2023-03-27 15:10:09,15806,15806,15806,2,-2
2023-03-27 15:10:09,15806,15806,15806,2,0
2023-03-27 15:10:10,15807,15807,15807,2,2
2023-03-27 15:10:11,15806,15806,15806,2,-2
2023-03-27 15:10:11,15806,15806,15806,2,0
2023-03-27 15:10:11,15806,15806,15806,2,0
2023-03-27 15:10:12,15806,15806,15806,2,0
2023-03-27 15:10:13,15807,15807,15807,2,2
2023-03-27 15:10:14,15807,15807,15807,2,0
2023-03-27 15:10:14,15807,15807,15807,12,0
2023-03-27 15:10:14,15806,15806,15806,2,-2
2023-03-27 15:10:15,15806,15806,15806,2,0
2023-03-27 15:10:15,15806,15806,15806,2,0
2023-03-27 15:10:15,15806,15806,15806,2,0
2023-03-27 15:10:15,15806,15806,15806,2,0
2023-03-27 15:10:15,15806,15806,15806,2,0
2023-03-27 15:10:15,15806,15806,15806,2,0
2023-03-27 15:10:16,15807,15807,15807,2,2
2023-03-27 15:10:16,15806,15806,15806,2,-2
2023-03-27 15:10:16,15806,15806,15806,4,0
2023-03-27 15:10:17,15806,15806,15806,2,0
2023-03-27 15:10:17,15806,15806,15806,4,0
2023-03-27 15:10:17,15806,15806,15806,4,0
2023-03-27 15:10:18,15806,15806,15806,2,0
2023-03-27 15:10:18,15806,15806,15806,2,0
2023-03-27 15:10:18,15806,15806,15806,2,0
2023-03-27 15:10:19,15807,15807,15807,2,2
2023-03-27 15:10:19,15807,15807,15807,2,0
2023-03-27 15:10:20,15807,15807,15807,2,0
2023-03-27 15:10:20,15807,15807,15807,4,0
2023-03-27 15:10:20,15807,15807,15807,2,0
2023-03-27 15:10:20,15807,15807,15807,2,0
2023-03-27 15:10:20,15807,15807,15807,2,0
2023-03-27 15:10:23,15807,15807,15807,2,0
2023-03-27 15:10:23,15807,15807,15807,2,0
2023-03-27 15:10:23,15807,15807,15807,4,0
2023-03-27 15:10:24,15807,15807,15807,2,0
2023-03-27 15:10:24,15807,15807,15807,2,0
2023-03-27 15:10:29,15807,15807,15807,2,0
2023-03-27 15:10:32,15808,15808,15808,6,6
2023-03-27 15:10:33,15808,15808,15808,2,0
2023-03-27 15:10:33,15807,15807,15807,2,-2
2023-03-27 15:10:34,15807,15807,15807,2,0
2023-03-27 15:10:35,15807,15807,15807,2,0
2023-03-27 15:10:35,15807,15807,15807,2,0
2023-03-27 15:10:36,15806,15806,15806,2,-2
2023-03-27 15:10:36,15807,15807,15807,2,2
2023-03-27 15:10:36,15807,15807,15807,8,0
2023-03-27 15:10:36,15807,15807,15807,2,0
2023-03-27 15:10:37,15807,15807,15807,2,0
2023-03-27 15:10:38,15808,15808,15808,2,2
2023-03-27 15:10:39,15807,15807,15807,2,-2
2023-03-27 15:10:44,15806,15806,15806,2,-2
2023-03-27 15:10:44,15806,15806,15806,10,0
2023-03-27 15:10:44,15806,15806,15806,2,0
2023-03-27 15:10:44,15806,15806,15806,2,0
2023-03-27 15:10:44,15806,15806,15806,2,0
2023-03-27 15:10:44,15806,15806,15806,2,0
2023-03-27 15:10:44,15807,15807,15807,30,30
2023-03-27 15:10:47,15807,15807,15807,2,0
2023-03-27 15:10:48,15807,15807,15807,2,0
2023-03-27 15:10:49,15806,15806,15806,2,-2
2023-03-27 15:10:50,15806,15806,15806,2,0
2023-03-27 15:10:50,15806,15806,15806,2,0
2023-03-27 15:10:51,15806,15806,15806,2,0
2023-03-27 15:10:54,15806,15806,15806,4,0
2023-03-27 15:10:55,15806,15806,15806,20,0
2023-03-27 15:10:55,15805,15805,15805,2,-2
2023-03-27 15:10:55,15805,15805,15805,2,0
2023-03-27 15:10:55,15805,15805,15805,2,0
2023-03-27 15:10:55,15805,15805,15805,2,0
2023-03-27 15:10:55,15805,15805,15805,2,0
2023-03-27 15:10:55,15805,15805,15805,2,0
2023-03-27 15:10:55,15805,15805,15805,2,0
2023-03-27 15:10:55,15805,15805,15805,2,0
2023-03-27 15:10:55,15805,15805,15805,2,0
2023-03-27 15:10:55,15805,15805,15805,2,0
2023-03-27 15:10:55,15804,15804,15804,2,-2
2023-03-27 15:10:55,15804,15804,15804,2,0
2023-03-27 15:10:55,15804,15804,15804,2,0
2023-03-27 15:10:55,15804,15804,15804,4,0
2023-03-27 15:10:55,15804,15804,15804,2,0
2023-03-27 15:10:55,15806,15806,15806,2,2
2023-03-27 15:10:55,15804,15804,15804,2,-2
2023-03-27 15:10:56,15804,15804,15804,2,0
2023-03-27 15:10:58,15806,15806,15806,2,2
2023-03-27 15:10:59,15805,15805,15805,2,-2
2023-03-27 15:10:59,15805,15805,15805,2,0
2023-03-27 15:10:59,15805,15805,15805,2,0
2023-03-27 15:11:01,15804,15804,15804,2,-2
2023-03-27 15:11:01,15805,15805,15805,2,2
2023-03-27 15:11:02,15804,15804,15804,2,-2
2023-03-27 15:11:03,15804,15804,15804,2,0
2023-03-27 15:11:05,15804,15804,15804,4,0
2023-03-27 15:11:05,15804,15804,15804,10,0
2023-03-27 15:11:05,15804,15804,15804,2,0
2023-03-27 15:11:05,15804,15804,15804,2,0
2023-03-27 15:11:06,15804,15804,15804,2,0
2023-03-27 15:11:06,15805,15805,15805,2,2
2023-03-27 15:11:07,15804,15804,15804,2,-2
2023-03-27 15:11:07,15805,15805,15805,2,2
2023-03-27 15:11:08,15805,15805,15805,6,0
2023-03-27 15:11:08,15805,15805,15805,4,0
2023-03-27 15:11:08,15805,15805,15805,2,0
2023-03-27 15:11:08,15805,15805,15805,4,0
2023-03-27 15:11:08,15805,15805,15805,4,0
2023-03-27 15:11:08,15805,15805,15805,2,0
2023-03-27 15:11:08,15806,15806,15806,2,2
2023-03-27 15:11:08,15806,15806,15806,16,0
2023-03-27 15:11:09,15806,15806,15806,2,0
2023-03-27 15:11:10,15807,15807,15807,8,8
2023-03-27 15:11:10,15807,15807,15807,2,0
2023-03-27 15:11:10,15807,15807,15807,2,0
2023-03-27 15:11:10,15807,15807,15807,4,0
2023-03-27 15:11:10,15807,15807,15807,4,0
2023-03-27 15:11:10,15807,15807,15807,4,0
2023-03-27 15:11:12,15806,15806,15806,2,-2
2023-03-27 15:11:12,15806,15806,15806,2,0
2023-03-27 15:11:12,15806,15806,15806,2,0
2023-03-27 15:11:12,15806,15806,15806,2,0
2023-03-27 15:11:13,15807,15807,15807,2,2
2023-03-27 15:11:16,15806,15806,15806,4,-4
2023-03-27 15:11:17,15807,15807,15807,4,4
2023-03-27 15:11:17,15808,15808,15808,2,2
2023-03-27 15:11:17,15807,15807,15807,2,-2
2023-03-27 15:11:17,15807,15807,15807,2,0
2023-03-27 15:11:18,15807,15807,15807,2,0
2023-03-27 15:11:18,15807,15807,15807,6,0
2023-03-27 15:11:18,15808,15808,15808,2,2
2023-03-27 15:11:19,15807,15807,15807,2,-2
2023-03-27 15:11:21,15808,15808,15808,10,10
2023-03-27 15:11:21,15807,15807,15807,2,-2
2023-03-27 15:11:21,15807,15807,15807,2,0
2023-03-27 15:11:23,15808,15808,15808,2,2
2023-03-27 15:11:25,15807,15807,15807,2,-2
2023-03-27 15:11:28,15807,15807,15807,2,0
2023-03-27 15:11:28,15808,15808,15808,2,2
2023-03-27 15:11:32,15807,15807,15807,2,-2
2023-03-27 15:11:34,15806,15806,15806,2,-2
2023-03-27 15:11:34,15806,15806,15806,2,0
2023-03-27 15:11:34,15806,15806,15806,2,0
2023-03-27 15:11:34,15806,15806,15806,2,0
2023-03-27 15:11:34,15806,15806,15806,4,0
2023-03-27 15:11:34,15806,15806,15806,6,0
2023-03-27 15:11:34,15806,15806,15806,2,0
2023-03-27 15:11:34,15806,15806,15806,4,0
2023-03-27 15:11:35,15806,15806,15806,2,0
2023-03-27 15:11:35,15806,15806,15806,20,0
2023-03-27 15:11:35,15806,15806,15806,2,0
2023-03-27 15:11:37,15806,15806,15806,8,0
2023-03-27 15:11:39,15806,15806,15806,2,0
2023-03-27 15:11:39,15807,15807,15807,28,28
2023-03-27 15:11:41,15806,15806,15806,2,-2
2023-03-27 15:11:41,15806,15806,15806,2,0
2023-03-27 15:11:41,15806,15806,15806,10,0
2023-03-27 15:11:41,15807,15807,15807,20,20
2023-03-27 15:11:43,15808,15808,15808,2,2
2023-03-27 15:11:44,15808,15808,15808,22,0
2023-03-27 15:11:44,15808,15808,15808,8,0
2023-03-27 15:11:49,15808,15808,15808,26,0
2023-03-27 15:11:50,15808,15808,15808,2,0
2023-03-27 15:11:51,15807,15807,15807,2,-2
2023-03-27 15:11:51,15807,15807,15807,2,0
2023-03-27 15:11:55,15807,15807,15807,2,0
2023-03-27 15:11:56,15807,15807,15807,2,0
2023-03-27 15:11:56,15808,15808,15808,6,6
2023-03-27 15:11:57,15807,15807,15807,2,-2
2023-03-27 15:11:57,15808,15808,15808,2,2
2023-03-27 15:11:58,15809,15809,15809,2,2
2023-03-27 15:11:58,15809,15809,15809,2,0
2023-03-27 15:11:59,15809,15809,15809,2,0
2023-03-27 15:12:06,15811,15811,15811,6,6
2023-03-27 15:12:06,15811,15811,15811,12,0
2023-03-27 15:12:06,15811,15811,15811,2,0
2023-03-27 15:12:06,15812,15812,15812,2,2
2023-03-27 15:12:06,15812,15812,15812,2,0
2023-03-27 15:12:06,15812,15812,15812,2,0
2023-03-27 15:12:06,15812,15812,15812,4,0
2023-03-27 15:12:08,15812,15812,15812,2,0
2023-03-27 15:12:08,15811,15811,15811,2,-2
2023-03-27 15:12:08,15811,15811,15811,2,0
2023-03-27 15:12:08,15811,15811,15811,2,0
2023-03-27 15:12:08,15811,15811,15811,2,0
2023-03-27 15:12:08,15811,15811,15811,2,0
2023-03-27 15:12:09,15811,15811,15811,4,0
2023-03-27 15:12:09,15811,15811,15811,2,0
2023-03-27 15:12:10,15811,15811,15811,2,0
2023-03-27 15:12:11,15812,15812,15812,2,2
2023-03-27 15:12:11,15812,15812,15812,2,0
2023-03-27 15:12:14,15812,15812,15812,2,0
2023-03-27 15:12:17,15812,15812,15812,2,0
2023-03-27 15:12:17,15812,15812,15812,2,0
2023-03-27 15:12:17,15811,15811,15811,4,-4
2023-03-27 15:12:19,15813,15813,15813,2,2
2023-03-27 15:12:19,15813,15813,15813,4,0
2023-03-27 15:12:19,15813,15813,15813,18,0
2023-03-27 15:12:19,15813,15813,15813,8,0
2023-03-27 15:12:20,15812,15812,15812,2,-2
2023-03-27 15:12:21,15812,15812,15812,6,0
2023-03-27 15:12:21,15812,15812,15812,2,0
2023-03-27 15:12:23,15813,15813,15813,2,2
2023-03-27 15:12:32,15812,15812,15812,2,-2
2023-03-27 15:12:33,15813,15813,15813,2,2
2023-03-27 15:12:33,15812,15812,15812,2,-2
2023-03-27 15:12:33,15811,15811,15811,2,-2
2023-03-27 15:12:33,15811,15811,15811,2,0
2023-03-27 15:12:34,15812,15812,15812,2,2
2023-03-27 15:12:35,15811,15811,15811,2,-2
2023-03-27 15:12:35,15811,15811,15811,2,0
2023-03-27 15:12:36,15812,15812,15812,2,2
2023-03-27 15:12:36,15812,15812,15812,2,0
2023-03-27 15:12:36,15812,15812,15812,2,0
2023-03-27 15:12:43,15811,15811,15811,2,-2
2023-03-27 15:12:46,15812,15812,15812,2,2
2023-03-27 15:12:46,15811,15811,15811,2,-2
2023-03-27 15:12:51,15811,15811,15811,2,0
2023-03-27 15:12:51,15811,15811,15811,2,0
2023-03-27 15:13:02,15812,15812,15812,2,2
2023-03-27 15:13:07,15812,15812,15812,2,0
2023-03-27 15:13:08,15812,15812,15812,2,0
2023-03-27 15:13:12,15811,15811,15811,2,-2
2023-03-27 15:13:18,15812,15812,15812,2,2
2023-03-27 15:13:20,15811,15811,15811,2,-2
2023-03-27 15:13:21,15810,15810,15810,2,-2
2023-03-27 15:13:21,15810,15810,15810,2,0
2023-03-27 15:13:21,15810,15810,15810,2,0
2023-03-27 15:13:22,15811,15811,15811,2,2
2023-03-27 15:13:23,15811,15811,15811,2,0
2023-03-27 15:13:23,15811,15811,15811,2,0
2023-03-27 15:13:25,15810,15810,15810,2,-2
2023-03-27 15:13:26,15811,15811,15811,2,2
2023-03-27 15:13:27,15810,15810,15810,8,-8
2023-03-27 15:13:28,15811,15811,15811,2,2
2023-03-27 15:13:28,15811,15811,15811,2,0
2023-03-27 15:13:28,15811,15811,15811,2,0
2023-03-27 15:13:28,15811,15811,15811,2,0
2023-03-27 15:13:30,15810,15810,15810,8,-8
2023-03-27 15:13:30,15810,15810,15810,2,0
2023-03-27 15:13:33,15810,15810,15810,2,0
2023-03-27 15:13:34,15811,15811,15811,2,2
2023-03-27 15:13:47,15810,15810,15810,56,-56
2023-03-27 15:13:47,15810,15810,15810,2,0
2023-03-27 15:13:47,15810,15810,15810,2,0
2023-03-27 15:13:47,15810,15810,15810,2,0
2023-03-27 15:13:47,15810,15810,15810,2,0
2023-03-27 15:13:47,15810,15810,15810,2,0
2023-03-27 15:13:47,15810,15810,15810,2,0
2023-03-27 15:13:48,15810,15810,15810,2,0
2023-03-27 15:14:03,15809,15809,15809,2,-2
2023-03-27 15:14:03,15809,15809,15809,2,0
2023-03-27 15:14:03,15809,15809,15809,2,0
2023-03-27 15:14:03,15808,15808,15808,2,-2
2023-03-27 15:14:03,15808,15808,15808,2,0
2023-03-27 15:14:03,15808,15808,15808,2,0
2023-03-27 15:14:03,15808,15808,15808,2,0
2023-03-27 15:14:16,15807,15807,15807,2,-2
2023-03-27 15:14:21,15807,15807,15807,2,0
2023-03-27 15:14:22,15808,15808,15808,2,2
2023-03-27 15:14:25,15807,15807,15807,2,-2
2023-03-27 15:14:26,15807,15807,15807,2,0
2023-03-27 15:14:26,15807,15807,15807,2,0
2023-03-27 15:14:26,15807,15807,15807,2,0
2023-03-27 15:14:27,15807,15807,15807,2,0
2023-03-27 15:14:27,15807,15807,15807,2,0
2023-03-27 15:14:29,15807,15807,15807,2,0
2023-03-27 15:14:30,15807,15807,15807,2,0
2023-03-27 15:14:30,15806,15806,15806,2,-2
2023-03-27 15:14:31,15808,15808,15808,2,2
2023-03-27 15:14:34,15806,15806,15806,4,-4
2023-03-27 15:14:37,15807,15807,15807,6,6
2023-03-27 15:14:38,15806,15806,15806,2,-2
2023-03-27 15:14:38,15806,15806,15806,2,0
2023-03-27 15:14:40,15807,15807,15807,2,2
2023-03-27 15:14:41,15807,15807,15807,2,0
2023-03-27 15:14:42,15806,15806,15806,4,-4
2023-03-27 15:14:42,15806,15806,15806,2,0
2023-03-27 15:14:42,15806,15806,15806,2,0
2023-03-27 15:14:42,15806,15806,15806,2,0
2023-03-27 15:14:42,15806,15806,15806,2,0
2023-03-27 15:14:42,15806,15806,15806,2,0
2023-03-27 15:14:42,15806,15806,15806,6,0
2023-03-27 15:14:42,15806,15806,15806,2,0
2023-03-27 15:14:42,15806,15806,15806,2,0
2023-03-27 15:14:42,15806,15806,15806,20,0
2023-03-27 15:14:42,15806,15806,15806,2,0
2023-03-27 15:14:42,15806,15806,15806,2,0
2023-03-27 15:14:42,15806,15806,15806,6,0
2023-03-27 15:14:45,15806,15806,15806,4,0
2023-03-27 15:14:49,15805,15805,15805,2,-2
2023-03-27 15:14:51,15806,15806,15806,2,2
2023-03-27 15:14:51,15805,15805,15805,2,-2
2023-03-27 15:14:51,15805,15805,15805,2,0
2023-03-27 15:14:51,15805,15805,15805,2,0
2023-03-27 15:14:51,15805,15805,15805,2,0
2023-03-27 15:14:51,15805,15805,15805,2,0
2023-03-27 15:14:51,15805,15805,15805,2,0
2023-03-27 15:14:51,15805,15805,15805,2,0
2023-03-27 15:14:54,15804,15804,15804,2,-2
2023-03-27 15:14:54,15804,15804,15804,2,0
2023-03-27 15:14:54,15804,15804,15804,2,0
2023-03-27 15:14:54,15804,15804,15804,2,0
2023-03-27 15:14:56,15805,15805,15805,2,2
2023-03-27 15:14:57,15804,15804,15804,2,-2
2023-03-27 15:14:57,15806,15806,15806,2,2
2023-03-27 15:15:00,15804,15804,15804,2,-2
2023-03-27 15:15:00,15804,15804,15804,8,0
2023-03-27 15:15:00,15804,15804,15804,4,0
2023-03-27 15:15:00,15804,15804,15804,2,0
2023-03-27 15:15:00,15804,15804,15804,2,0
2023-03-27 15:15:01,15804,15804,15804,2,0
2023-03-27 15:15:02,15804,15804,15804,2,0
2023-03-27 15:15:02,15803,15803,15803,2,-2
2023-03-27 15:15:02,15803,15803,15803,2,0
2023-03-27 15:15:02,15803,15803,15803,2,0
2023-03-27 15:15:03,15803,15803,15803,2,0
2023-03-27 15:15:03,15803,15803,15803,2,0
2023-03-27 15:15:03,15803,15803,15803,4,0
2023-03-27 15:15:03,15803,15803,15803,2,0
2023-03-27 15:15:03,15804,15804,15804,8,8
2023-03-27 15:15:04,15804,15804,15804,2,0
2023-03-27 15:15:05,15804,15804,15804,2,0
2023-03-27 15:15:05,15803,15803,15803,2,-2
2023-03-27 15:15:07,15803,15803,15803,2,0
2023-03-27 15:15:08,15803,15803,15803,2,0
2023-03-27 15:15:08,15803,15803,15803,2,0
2023-03-27 15:15:08,15803,15803,15803,2,0
2023-03-27 15:15:08,15803,15803,15803,2,0
2023-03-27 15:15:08,15803,15803,15803,2,0
2023-03-27 15:15:09,15803,15803,15803,8,0
2023-03-27 15:15:11,15803,15803,15803,2,0
2023-03-27 15:15:13,15804,15804,15804,8,8
2023-03-27 15:15:13,15804,15804,15804,4,0
2023-03-27 15:15:13,15804,15804,15804,2,0
2023-03-27 15:15:13,15804,15804,15804,10,0
2023-03-27 15:15:13,15804,15804,15804,6,0
2023-03-27 15:15:14,15805,15805,15805,4,4
2023-03-27 15:15:16,15805,15805,15805,2,0
2023-03-27 15:15:17,15805,15805,15805,2,0
2023-03-27 15:15:17,15805,15805,15805,2,0
2023-03-27 15:15:19,15806,15806,15806,2,2
2023-03-27 15:15:19,15806,15806,15806,2,0
2023-03-27 15:15:19,15806,15806,15806,8,0
2023-03-27 15:15:19,15806,15806,15806,2,0
2023-03-27 15:15:19,15806,15806,15806,2,0
2023-03-27 15:15:19,15806,15806,15806,2,0
2023-03-27 15:15:19,15806,15806,15806,2,0
2023-03-27 15:15:19,15806,15806,15806,4,0
2023-03-27 15:15:19,15806,15806,15806,24,0
2023-03-27 15:15:20,15807,15807,15807,4,4
2023-03-27 15:15:25,15806,15806,15806,2,-2
2023-03-27 15:15:26,15806,15806,15806,2,0
2023-03-27 15:15:26,15806,15806,15806,4,0
2023-03-27 15:15:26,15806,15806,15806,6,0
2023-03-27 15:15:26,15806,15806,15806,6,0
2023-03-27 15:15:29,15805,15805,15805,2,-2
2023-03-27 15:15:29,15805,15805,15805,10,0
2023-03-27 15:15:29,15805,15805,15805,10,0
2023-03-27 15:15:29,15805,15805,15805,2,0
2023-03-27 15:15:31,15804,15804,15804,2,-2
2023-03-27 15:15:31,15804,15804,15804,4,0
2023-03-27 15:15:31,15804,15804,15804,2,0
2023-03-27 15:15:31,15804,15804,15804,2,0
2023-03-27 15:15:31,15804,15804,15804,4,0
2023-03-27 15:15:34,15803,15803,15803,2,-2
2023-03-27 15:15:34,15803,15803,15803,2,0
2023-03-27 15:15:34,15803,15803,15803,2,0
2023-03-27 15:15:34,15803,15803,15803,2,0
2023-03-27 15:15:34,15803,15803,15803,2,0
2023-03-27 15:15:35,15803,15803,15803,2,0
2023-03-27 15:15:37,15804,15804,15804,2,2
2023-03-27 15:15:40,15804,15804,15804,2,0
2023-03-27 15:15:52,15804,15804,15804,2,0
2023-03-27 15:15:52,15804,15804,15804,8,0
2023-03-27 15:15:52,15804,15804,15804,4,0
2023-03-27 15:15:52,15804,15804,15804,2,0
2023-03-27 15:15:52,15804,15804,15804,8,0
2023-03-27 15:15:52,15804,15804,15804,4,0
2023-03-27 15:15:53,15805,15805,15805,2,2
2023-03-27 15:15:54,15805,15805,15805,2,0
2023-03-27 15:15:58,15803,15803,15803,2,-2
2023-03-27 15:15:58,15803,15803,15803,2,0
2023-03-27 15:15:58,15803,15803,15803,2,0
2023-03-27 15:15:58,15803,15803,15803,2,0
2023-03-27 15:15:58,15803,15803,15803,8,0
2023-03-27 15:15:58,15803,15803,15803,2,0
2023-03-27 15:15:58,15803,15803,15803,2,0
2023-03-27 15:15:59,15803,15803,15803,2,0
2023-03-27 15:15:59,15802,15802,15802,2,-2
2023-03-27 15:16:00,15802,15802,15802,4,0
2023-03-27 15:16:00,15802,15802,15802,2,0
2023-03-27 15:16:00,15802,15802,15802,2,0
2023-03-27 15:16:00,15802,15802,15802,2,0
2023-03-27 15:16:00,15802,15802,15802,2,0
2023-03-27 15:16:00,15802,15802,15802,2,0
2023-03-27 15:16:00,15802,15802,15802,4,0
2023-03-27 15:16:00,15802,15802,15802,2,0
2023-03-27 15:16:00,15803,15803,15803,2,2
2023-03-27 15:16:00,15803,15803,15803,2,0
2023-03-27 15:16:00,15803,15803,15803,2,0
2023-03-27 15:16:00,15802,15802,15802,8,-8
2023-03-27 15:16:00,15802,15802,15802,2,0
2023-03-27 15:16:00,15802,15802,15802,2,0
2023-03-27 15:16:00,15802,15802,15802,2,0
2023-03-27 15:16:00,15802,15802,15802,2,0
2023-03-27 15:16:00,15802,15802,15802,2,0
2023-03-27 15:16:00,15802,15802,15802,2,0
2023-03-27 15:16:00,15802,15802,15802,2,0
2023-03-27 15:16:00,15802,15802,15802,2,0
2023-03-27 15:16:04,15802,15802,15802,4,0
2023-03-27 15:16:04,15802,15802,15802,2,0
2023-03-27 15:16:10,15802,15802,15802,2,0
2023-03-27 15:16:12,15803,15803,15803,8,8
2023-03-27 15:16:12,15804,15804,15804,2,2
2023-03-27 15:16:12,15803,15803,15803,2,-2
2023-03-27 15:16:12,15803,15803,15803,2,0
2023-03-27 15:16:17,15804,15804,15804,2,2
2023-03-27 15:16:17,15804,15804,15804,2,0
2023-03-27 15:16:17,15805,15805,15805,2,2
2023-03-27 15:16:19,15805,15805,15805,2,0
2023-03-27 15:16:19,15805,15805,15805,2,0
2023-03-27 15:16:19,15805,15805,15805,2,0
2023-03-27 15:16:21,15805,15805,15805,4,0
2023-03-27 15:16:22,15805,15805,15805,10,0
2023-03-27 15:16:25,15805,15805,15805,2,0
2023-03-27 15:16:25,15805,15805,15805,2,0
2023-03-27 15:16:25,15804,15804,15804,2,-2
2023-03-27 15:16:25,15805,15805,15805,2,2
2023-03-27 15:16:26,15803,15803,15803,2,-2
2023-03-27 15:16:26,15803,15803,15803,4,0
2023-03-27 15:16:30,15803,15803,15803,2,0
2023-03-27 15:16:30,15803,15803,15803,2,0
2023-03-27 15:16:30,15802,15802,15802,2,-2
2023-03-27 15:16:30,15802,15802,15802,2,0
2023-03-27 15:16:30,15802,15802,15802,2,0
2023-03-27 15:16:32,15803,15803,15803,6,6
2023-03-27 15:16:32,15803,15803,15803,2,0
2023-03-27 15:16:32,15803,15803,15803,4,0
2023-03-27 15:16:32,15802,15802,15802,2,-2
2023-03-27 15:16:32,15802,15802,15802,2,0
2023-03-27 15:16:33,15802,15802,15802,2,0
2023-03-27 15:16:33,15802,15802,15802,2,0
2023-03-27 15:16:33,15802,15802,15802,2,0
2023-03-27 15:16:33,15802,15802,15802,2,0
2023-03-27 15:16:33,15802,15802,15802,2,0
2023-03-27 15:16:33,15802,15802,15802,2,0
2023-03-27 15:16:33,15802,15802,15802,2,0
2023-03-27 15:16:33,15802,15802,15802,2,0
2023-03-27 15:16:36,15801,15801,15801,2,-2
2023-03-27 15:16:36,15801,15801,15801,2,0
2023-03-27 15:16:36,15801,15801,15801,2,0
2023-03-27 15:16:36,15801,15801,15801,2,0
2023-03-27 15:16:36,15801,15801,15801,2,0
2023-03-27 15:16:37,15802,15802,15802,2,2
2023-03-27 15:16:39,15802,15802,15802,4,0
2023-03-27 15:16:40,15801,15801,15801,2,-2
2023-03-27 15:16:40,15801,15801,15801,8,0
2023-03-27 15:16:44,15801,15801,15801,4,0
2023-03-27 15:16:45,15801,15801,15801,4,0
2023-03-27 15:16:45,15801,15801,15801,2,0
2023-03-27 15:16:45,15802,15802,15802,2,2
2023-03-27 15:16:48,15801,15801,15801,2,-2
2023-03-27 15:16:50,15801,15801,15801,2,0
2023-03-27 15:16:50,15801,15801,15801,2,0
2023-03-27 15:16:50,15801,15801,15801,2,0
2023-03-27 15:16:50,15801,15801,15801,2,0
2023-03-27 15:16:50,15801,15801,15801,2,0
2023-03-27 15:16:50,15801,15801,15801,2,0
2023-03-27 15:16:50,15801,15801,15801,2,0
2023-03-27 15:16:50,15801,15801,15801,2,0
2023-03-27 15:16:50,15801,15801,15801,2,0
2023-03-27 15:16:50,15801,15801,15801,4,0
2023-03-27 15:16:50,15801,15801,15801,2,0
2023-03-27 15:16:50,15801,15801,15801,2,0
2023-03-27 15:16:50,15801,15801,15801,2,0
2023-03-27 15:16:50,15801,15801,15801,2,0
2023-03-27 15:16:50,15801,15801,15801,2,0
2023-03-27 15:16:50,15801,15801,15801,2,0
2023-03-27 15:16:51,15800,15800,15800,2,-2
2023-03-27 15:16:51,15800,15800,15800,2,0
2023-03-27 15:16:51,15800,15800,15800,2,0
2023-03-27 15:16:51,15800,15800,15800,2,0
2023-03-27 15:16:51,15800,15800,15800,2,0
2023-03-27 15:16:51,15800,15800,15800,2,0
2023-03-27 15:16:51,15800,15800,15800,2,0
2023-03-27 15:16:51,15800,15800,15800,2,0
2023-03-27 15:16:51,15800,15800,15800,6,0
2023-03-27 15:16:54,15801,15801,15801,6,6
2023-03-27 15:16:54,15800,15800,15800,2,-2
2023-03-27 15:16:54,15800,15800,15800,10,0
2023-03-27 15:16:55,15800,15800,15800,2,0
2023-03-27 15:16:55,15800,15800,15800,2,0
2023-03-27 15:16:55,15800,15800,15800,4,0
2023-03-27 15:16:55,15800,15800,15800,2,0
2023-03-27 15:16:55,15800,15800,15800,2,0
2023-03-27 15:16:55,15800,15800,15800,2,0
2023-03-27 15:16:55,15800,15800,15800,2,0
2023-03-27 15:16:55,15800,15800,15800,2,0
2023-03-27 15:16:55,15800,15800,15800,2,0
2023-03-27 15:16:55,15800,15800,15800,2,0
2023-03-27 15:16:55,15800,15800,15800,2,0
2023-03-27 15:16:55,15800,15800,15800,2,0
2023-03-27 15:16:55,15800,15800,15800,2,0
2023-03-27 15:16:55,15800,15800,15800,2,0
2023-03-27 15:16:55,15800,15800,15800,2,0
2023-03-27 15:16:55,15800,15800,15800,6,0
2023-03-27 15:16:55,15800,15800,15800,2,0
2023-03-27 15:16:55,15800,15800,15800,2,0
2023-03-27 15:16:55,15800,15800,15800,2,0
2023-03-27 15:16:55,15800,15800,15800,2,0
2023-03-27 15:16:56,15800,15800,15800,2,0
2023-03-27 15:16:57,15800,15800,15800,2,0
2023-03-27 15:16:58,15799,15799,15799,2,-2
2023-03-27 15:16:58,15799,15799,15799,2,0
2023-03-27 15:16:58,15799,15799,15799,4,0
2023-03-27 15:16:58,15799,15799,15799,2,0
2023-03-27 15:16:58,15799,15799,15799,2,0
2023-03-27 15:16:58,15799,15799,15799,2,0
2023-03-27 15:16:58,15799,15799,15799,6,0
2023-03-27 15:16:58,15799,15799,15799,4,0
2023-03-27 15:16:58,15799,15799,15799,10,0
2023-03-27 15:16:58,15798,15798,15798,2,-2
2023-03-27 15:16:58,15798,15798,15798,4,0
2023-03-27 15:16:58,15798,15798,15798,2,0
2023-03-27 15:16:58,15798,15798,15798,2,0
2023-03-27 15:16:58,15800,15800,15800,2,2
2023-03-27 15:16:58,15798,15798,15798,2,-2
2023-03-27 15:16:58,15798,15798,15798,2,0
2023-03-27 15:16:59,15798,15798,15798,2,0
2023-03-27 15:16:59,15798,15798,15798,2,0
2023-03-27 15:16:59,15798,15798,15798,2,0
2023-03-27 15:16:59,15798,15798,15798,2,0
2023-03-27 15:16:59,15798,15798,15798,2,0
2023-03-27 15:17:00,15798,15798,15798,2,0
2023-03-27 15:17:00,15798,15798,15798,2,0
2023-03-27 15:17:00,15798,15798,15798,2,0
2023-03-27 15:17:00,15798,15798,15798,2,0
2023-03-27 15:17:00,15798,15798,15798,2,0
2023-03-27 15:17:01,15798,15798,15798,2,0
2023-03-27 15:17:01,15798,15798,15798,2,0
2023-03-27 15:17:01,15798,15798,15798,2,0
2023-03-27 15:17:03,15798,15798,15798,2,0
2023-03-27 15:17:03,15798,15798,15798,2,0
2023-03-27 15:17:04,15798,15798,15798,2,0
2023-03-27 15:17:05,15798,15798,15798,2,0
2023-03-27 15:17:06,15797,15797,15797,2,-2
2023-03-27 15:17:06,15797,15797,15797,2,0
2023-03-27 15:17:06,15797,15797,15797,4,0
2023-03-27 15:17:06,15797,15797,15797,2,0
2023-03-27 15:17:08,15798,15798,15798,8,8
2023-03-27 15:17:08,15798,15798,15798,2,0
2023-03-27 15:17:09,15798,15798,15798,2,0
2023-03-27 15:17:09,15798,15798,15798,2,0
2023-03-27 15:17:12,15798,15798,15798,4,0
2023-03-27 15:17:12,15798,15798,15798,2,0
2023-03-27 15:17:13,15799,15799,15799,8,8
2023-03-27 15:17:13,15799,15799,15799,4,0
2023-03-27 15:17:14,15800,15800,15800,8,8
2023-03-27 15:17:14,15800,15800,15800,4,0
2023-03-27 15:17:14,15800,15800,15800,2,0
2023-03-27 15:17:14,15800,15800,15800,12,0
2023-03-27 15:17:14,15800,15800,15800,4,0
2023-03-27 15:17:14,15800,15800,15800,4,0
2023-03-27 15:17:14,15800,15800,15800,18,0
2023-03-27 15:17:14,15800,15800,15800,2,0
2023-03-27 15:17:14,15801,15801,15801,2,2
2023-03-27 15:17:14,15801,15801,15801,2,0
2023-03-27 15:17:14,15801,15801,15801,2,0
2023-03-27 15:17:14,15801,15801,15801,2,0
2023-03-27 15:17:14,15801,15801,15801,4,0
2023-03-27 15:17:16,15801,15801,15801,2,0
2023-03-27 15:17:16,15801,15801,15801,2,0
2023-03-27 15:17:16,15801,15801,15801,2,0
2023-03-27 15:17:16,15801,15801,15801,4,0
2023-03-27 15:17:19,15802,15802,15802,2,2
2023-03-27 15:17:19,15802,15802,15802,4,0
2023-03-27 15:17:19,15802,15802,15802,2,0
2023-03-27 15:17:19,15802,15802,15802,2,0
2023-03-27 15:17:19,15802,15802,15802,2,0
2023-03-27 15:17:19,15802,15802,15802,2,0
2023-03-27 15:17:20,15802,15802,15802,2,0
2023-03-27 15:17:24,15802,15802,15802,2,0
2023-03-27 15:17:25,15802,15802,15802,2,0
2023-03-27 15:17:25,15802,15802,15802,2,0
2023-03-27 15:17:25,15802,15802,15802,4,0
2023-03-27 15:17:25,15802,15802,15802,2,0
2023-03-27 15:17:25,15802,15802,15802,6,0
2023-03-27 15:17:25,15802,15802,15802,2,0
2023-03-27 15:17:25,15802,15802,15802,2,0
2023-03-27 15:17:25,15802,15802,15802,2,0
2023-03-27 15:17:25,15802,15802,15802,2,0
2023-03-27 15:17:25,15803,15803,15803,2,2
2023-03-27 15:17:25,15803,15803,15803,4,0
2023-03-27 15:17:28,15802,15802,15802,4,-4
2023-03-27 15:17:28,15802,15802,15802,2,0
2023-03-27 15:17:28,15802,15802,15802,2,0
2023-03-27 15:17:28,15802,15802,15802,2,0
2023-03-27 15:17:28,15802,15802,15802,2,0
2023-03-27 15:17:28,15802,15802,15802,2,0
2023-03-27 15:17:28,15802,15802,15802,6,0
2023-03-27 15:17:30,15801,15801,15801,2,-2
2023-03-27 15:17:31,15801,15801,15801,2,0
2023-03-27 15:17:31,15801,15801,15801,2,0
2023-03-27 15:17:31,15802,15802,15802,4,4
2023-03-27 15:17:32,15802,15802,15802,2,0
2023-03-27 15:17:33,15802,15802,15802,2,0
2023-03-27 15:17:33,15802,15802,15802,2,0
2023-03-27 15:17:33,15802,15802,15802,16,0
2023-03-27 15:17:33,15802,15802,15802,4,0
2023-03-27 15:17:34,15801,15801,15801,2,-2
2023-03-27 15:17:35,15801,15801,15801,2,0
2023-03-27 15:17:35,15801,15801,15801,2,0
2023-03-27 15:17:35,15801,15801,15801,2,0
2023-03-27 15:17:35,15801,15801,15801,6,0
2023-03-27 15:17:35,15800,15800,15800,2,-2
2023-03-27 15:17:35,15800,15800,15800,22,0
2023-03-27 15:17:35,15800,15800,15800,4,0
2023-03-27 15:17:35,15800,15800,15800,6,0
2023-03-27 15:17:35,15800,15800,15800,2,0
2023-03-27 15:17:35,15800,15800,15800,2,0
2023-03-27 15:17:35,15800,15800,15800,2,0
2023-03-27 15:17:36,15801,15801,15801,2,2
2023-03-27 15:17:39,15801,15801,15801,2,0
2023-03-27 15:17:40,15800,15800,15800,18,-18
2023-03-27 15:17:40,15800,15800,15800,2,0
2023-03-27 15:17:41,15801,15801,15801,2,2
2023-03-27 15:17:41,15800,15800,15800,2,-2
2023-03-27 15:17:41,15800,15800,15800,4,0
2023-03-27 15:17:41,15800,15800,15800,2,0
2023-03-27 15:17:41,15800,15800,15800,6,0
2023-03-27 15:17:41,15800,15800,15800,2,0
2023-03-27 15:17:41,15800,15800,15800,4,0
2023-03-27 15:17:41,15800,15800,15800,2,0
2023-03-27 15:17:42,15799,15799,15799,2,-2
2023-03-27 15:17:42,15799,15799,15799,4,0
2023-03-27 15:17:42,15799,15799,15799,2,0
2023-03-27 15:17:42,15799,15799,15799,4,0
2023-03-27 15:17:42,15799,15799,15799,2,0
2023-03-27 15:17:42,15799,15799,15799,4,0
2023-03-27 15:17:42,15799,15799,15799,2,0
2023-03-27 15:17:42,15799,15799,15799,2,0
2023-03-27 15:17:42,15799,15799,15799,2,0
2023-03-27 15:17:42,15799,15799,15799,2,0
2023-03-27 15:17:42,15799,15799,15799,2,0
2023-03-27 15:17:42,15798,15798,15798,2,-2
2023-03-27 15:17:42,15798,15798,15798,2,0
2023-03-27 15:17:42,15798,15798,15798,6,0
2023-03-27 15:17:45,15798,15798,15798,2,0
2023-03-27 15:17:46,15799,15799,15799,2,2
2023-03-27 15:17:46,15798,15798,15798,2,-2
2023-03-27 15:17:47,15798,15798,15798,2,0
2023-03-27 15:17:47,15800,15800,15800,4,4
2023-03-27 15:17:48,15799,15799,15799,2,-2
2023-03-27 15:17:48,15799,15799,15799,2,0
2023-03-27 15:17:49,15799,15799,15799,2,0
2023-03-27 15:17:50,15798,15798,15798,2,-2
2023-03-27 15:17:51,15799,15799,15799,2,2
2023-03-27 15:17:52,15799,15799,15799,2,0
2023-03-27 15:17:54,15798,15798,15798,2,-2
2023-03-27 15:17:54,15798,15798,15798,2,0
2023-03-27 15:17:54,15798,15798,15798,2,0
2023-03-27 15:17:54,15798,15798,15798,4,0
2023-03-27 15:17:54,15798,15798,15798,2,0
2023-03-27 15:17:54,15798,15798,15798,2,0
2023-03-27 15:17:54,15798,15798,15798,4,0
2023-03-27 15:17:55,15797,15797,15797,2,-2
2023-03-27 15:17:55,15798,15798,15798,4,4
2023-03-27 15:17:56,15798,15798,15798,2,0
2023-03-27 15:17:58,15798,15798,15798,2,0
2023-03-27 15:17:58,15798,15798,15798,2,0
2023-03-27 15:17:59,15797,15797,15797,8,-8
2023-03-27 15:17:59,15797,15797,15797,2,0
2023-03-27 15:17:59,15797,15797,15797,2,0
2023-03-27 15:17:59,15797,15797,15797,2,0
2023-03-27 15:17:59,15797,15797,15797,4,0
2023-03-27 15:17:59,15797,15797,15797,2,0
2023-03-27 15:17:59,15797,15797,15797,2,0
2023-03-27 15:17:59,15797,15797,15797,2,0
2023-03-27 15:17:59,15797,15797,15797,2,0
2023-03-27 15:17:59,15797,15797,15797,2,0
2023-03-27 15:17:59,15797,15797,15797,2,0
2023-03-27 15:17:59,15797,15797,15797,2,0
2023-03-27 15:17:59,15797,15797,15797,2,0
2023-03-27 15:17:59,15797,15797,15797,2,0
2023-03-27 15:17:59,15797,15797,15797,4,0
2023-03-27 15:17:59,15797,15797,15797,2,0
2023-03-27 15:18:00,15797,15797,15797,2,0
2023-03-27 15:18:00,15796,15796,15796,2,-2
2023-03-27 15:18:00,15797,15797,15797,4,4
2023-03-27 15:18:00,15796,15796,15796,2,-2
2023-03-27 15:18:00,15796,15796,15796,2,0
2023-03-27 15:18:01,15796,15796,15796,2,0
2023-03-27 15:18:01,15796,15796,15796,2,0
2023-03-27 15:18:01,15797,15797,15797,4,4
2023-03-27 15:18:01,15796,15796,15796,2,-2
2023-03-27 15:18:01,15796,15796,15796,2,0
2023-03-27 15:18:01,15796,15796,15796,4,0
2023-03-27 15:18:02,15796,15796,15796,2,0
2023-03-27 15:18:02,15796,15796,15796,2,0
2023-03-27 15:18:02,15796,15796,15796,2,0
2023-03-27 15:18:02,15796,15796,15796,2,0
2023-03-27 15:18:02,15796,15796,15796,2,0
2023-03-27 15:18:02,15796,15796,15796,2,0
2023-03-27 15:18:02,15796,15796,15796,2,0
2023-03-27 15:18:02,15795,15795,15795,2,-2
2023-03-27 15:18:02,15795,15795,15795,2,0
2023-03-27 15:18:02,15795,15795,15795,2,0
2023-03-27 15:18:02,15795,15795,15795,2,0
2023-03-27 15:18:02,15795,15795,15795,2,0
2023-03-27 15:18:03,15795,15795,15795,2,0
2023-03-27 15:18:03,15795,15795,15795,2,0
2023-03-27 15:18:03,15795,15795,15795,2,0
2023-03-27 15:18:03,15795,15795,15795,2,0
2023-03-27 15:18:03,15795,15795,15795,2,0
2023-03-27 15:18:03,15794,15794,15794,2,-2
2023-03-27 15:18:03,15794,15794,15794,2,0
2023-03-27 15:18:03,15794,15794,15794,4,0
2023-03-27 15:18:03,15794,15794,15794,2,0
2023-03-27 15:18:03,15794,15794,15794,2,0
2023-03-27 15:18:03,15794,15794,15794,2,0
2023-03-27 15:18:03,15793,15793,15793,2,-2
2023-03-27 15:18:03,15793,15793,15793,2,0
2023-03-27 15:18:03,15793,15793,15793,2,0
2023-03-27 15:18:03,15793,15793,15793,2,0
2023-03-27 15:18:03,15793,15793,15793,2,0
2023-03-27 15:18:03,15793,15793,15793,2,0
2023-03-27 15:18:03,15793,15793,15793,2,0
2023-03-27 15:18:03,15793,15793,15793,2,0
2023-03-27 15:18:03,15793,15793,15793,12,0
2023-03-27 15:18:03,15793,15793,15793,4,0
2023-03-27 15:18:03,15793,15793,15793,4,0
2023-03-27 15:18:03,15793,15793,15793,4,0
2023-03-27 15:18:03,15793,15793,15793,4,0
2023-03-27 15:18:03,15793,15793,15793,2,0
2023-03-27 15:18:03,15793,15793,15793,2,0
2023-03-27 15:18:03,15792,15792,15792,2,-2
2023-03-27 15:18:03,15792,15792,15792,2,0
2023-03-27 15:18:03,15792,15792,15792,2,0
2023-03-27 15:18:03,15792,15792,15792,4,0
2023-03-27 15:18:03,15792,15792,15792,4,0
2023-03-27 15:18:03,15792,15792,15792,2,0
2023-03-27 15:18:03,15792,15792,15792,2,0
2023-03-27 15:18:03,15792,15792,15792,4,0
2023-03-27 15:18:03,15792,15792,15792,2,0
2023-03-27 15:18:03,15792,15792,15792,24,0
2023-03-27 15:18:03,15792,15792,15792,2,0
2023-03-27 15:18:03,15792,15792,15792,2,0
2023-03-27 15:18:03,15792,15792,15792,8,0
2023-03-27 15:18:03,15791,15791,15791,2,-2
2023-03-27 15:18:03,15791,15791,15791,2,0
2023-03-27 15:18:03,15791,15791,15791,2,0
2023-03-27 15:18:03,15791,15791,15791,2,0
2023-03-27 15:18:03,15791,15791,15791,4,0
2023-03-27 15:18:03,15791,15791,15791,2,0
2023-03-27 15:18:03,15791,15791,15791,4,0
2023-03-27 15:18:03,15791,15791,15791,6,0
2023-03-27 15:18:03,15791,15791,15791,2,0
2023-03-27 15:18:03,15791,15791,15791,2,0
2023-03-27 15:18:03,15791,15791,15791,2,0
2023-03-27 15:18:03,15791,15791,15791,2,0
2023-03-27 15:18:03,15791,15791,15791,4,0
2023-03-27 15:18:03,15791,15791,15791,16,0
2023-03-27 15:18:03,15791,15791,15791,2,0
2023-03-27 15:18:03,15791,15791,15791,2,0
2023-03-27 15:18:03,15790,15790,15790,2,-2
2023-03-27 15:18:03,15790,15790,15790,4,0
2023-03-27 15:18:03,15790,15790,15790,6,0
2023-03-27 15:18:03,15790,15790,15790,6,0
2023-03-27 15:18:03,15790,15790,15790,2,0
2023-03-27 15:18:03,15790,15790,15790,2,0
2023-03-27 15:18:03,15790,15790,15790,2,0
2023-03-27 15:18:03,15790,15790,15790,2,0
2023-03-27 15:18:03,15790,15790,15790,4,0
2023-03-27 15:18:03,15790,15790,15790,2,0
2023-03-27 15:18:03,15790,15790,15790,2,0
2023-03-27 15:18:03,15790,15790,15790,2,0
2023-03-27 15:18:03,15790,15790,15790,2,0
2023-03-27 15:18:03,15790,15790,15790,2,0
2023-03-27 15:18:03,15790,15790,15790,2,0
2023-03-27 15:18:03,15790,15790,15790,2,0
2023-03-27 15:18:03,15790,15790,15790,2,0
2023-03-27 15:18:03,15790,15790,15790,2,0
2023-03-27 15:18:03,15790,15790,15790,2,0
2023-03-27 15:18:03,15790,15790,15790,2,0
2023-03-27 15:18:03,15790,15790,15790,2,0
2023-03-27 15:18:03,15790,15790,15790,2,0
2023-03-27 15:18:03,15790,15790,15790,10,0
2023-03-27 15:18:03,15790,15790,15790,2,0
2023-03-27 15:18:03,15789,15789,15789,2,-2
2023-03-27 15:18:03,15789,15789,15789,2,0
2023-03-27 15:18:03,15789,15789,15789,2,0
2023-03-27 15:18:03,15789,15789,15789,2,0
2023-03-27 15:18:03,15789,15789,15789,2,0
2023-03-27 15:18:03,15789,15789,15789,2,0
2023-03-27 15:18:03,15789,15789,15789,2,0
2023-03-27 15:18:03,15789,15789,15789,2,0
2023-03-27 15:18:03,15788,15788,15788,2,-2
2023-03-27 15:18:03,15788,15788,15788,2,0
2023-03-27 15:18:03,15788,15788,15788,2,0
2023-03-27 15:18:03,15788,15788,15788,2,0
2023-03-27 15:18:03,15788,15788,15788,2,0
2023-03-27 15:18:03,15788,15788,15788,2,0
2023-03-27 15:18:03,15788,15788,15788,4,0
2023-03-27 15:18:03,15788,15788,15788,2,0
2023-03-27 15:18:03,15788,15788,15788,2,0
2023-03-27 15:18:03,15788,15788,15788,2,0
2023-03-27 15:18:03,15788,15788,15788,2,0
2023-03-27 15:18:03,15788,15788,15788,2,0
2023-03-27 15:18:03,15788,15788,15788,2,0
2023-03-27 15:18:03,15788,15788,15788,2,0
2023-03-27 15:18:03,15788,15788,15788,2,0
2023-03-27 15:18:03,15788,15788,15788,2,0
2023-03-27 15:18:03,15788,15788,15788,2,0
2023-03-27 15:18:03,15788,15788,15788,4,0
2023-03-27 15:18:03,15788,15788,15788,2,0
2023-03-27 15:18:03,15788,15788,15788,2,0
2023-03-27 15:18:03,15788,15788,15788,2,0
2023-03-27 15:18:03,15788,15788,15788,2,0
2023-03-27 15:18:03,15788,15788,15788,2,0
2023-03-27 15:18:03,15788,15788,15788,2,0
2023-03-27 15:18:03,15788,15788,15788,2,0
2023-03-27 15:18:03,15788,15788,15788,2,0
2023-03-27 15:18:03,15788,15788,15788,2,0
2023-03-27 15:18:03,15788,15788,15788,2,0
2023-03-27 15:18:03,15788,15788,15788,2,0
2023-03-27 15:18:03,15787,15787,15787,8,-8
2023-03-27 15:18:03,15787,15787,15787,2,0
2023-03-27 15:18:03,15787,15787,15787,2,0
2023-03-27 15:18:03,15787,15787,15787,4,0
2023-03-27 15:18:03,15787,15787,15787,4,0
2023-03-27 15:18:03,15786,15786,15786,2,-2
2023-03-27 15:18:03,15786,15786,15786,2,0
2023-03-27 15:18:03,15786,15786,15786,2,0
2023-03-27 15:18:03,15786,15786,15786,2,0
2023-03-27 15:18:03,15786,15786,15786,4,0
2023-03-27 15:18:03,15786,15786,15786,2,0
2023-03-27 15:18:03,15786,15786,15786,2,0
2023-03-27 15:18:03,15786,15786,15786,2,0
2023-03-27 15:18:03,15787,15787,15787,4,4
2023-03-27 15:18:03,15786,15786,15786,2,-2
2023-03-27 15:18:03,15786,15786,15786,2,0
2023-03-27 15:18:03,15786,15786,15786,2,0
2023-03-27 15:18:03,15786,15786,15786,2,0
2023-03-27 15:18:03,15786,15786,15786,4,0
2023-03-27 15:18:03,15786,15786,15786,2,0
2023-03-27 15:18:03,15786,15786,15786,2,0
2023-03-27 15:18:03,15786,15786,15786,2,0
2023-03-27 15:18:03,15785,15785,15785,2,-2
2023-03-27 15:18:03,15785,15785,15785,2,0
2023-03-27 15:18:03,15785,15785,15785,2,0
2023-03-27 15:18:03,15785,15785,15785,2,0
2023-03-27 15:18:03,15785,15785,15785,2,0
2023-03-27 15:18:03,15785,15785,15785,2,0
2023-03-27 15:18:03,15785,15785,15785,2,0
2023-03-27 15:18:03,15787,15787,15787,4,4
2023-03-27 15:18:03,15785,15785,15785,2,-2
2023-03-27 15:18:03,15785,15785,15785,4,0
2023-03-27 15:18:03,15785,15785,15785,2,0
2023-03-27 15:18:03,15786,15786,15786,2,2
2023-03-27 15:18:04,15786,15786,15786,2,0
2023-03-27 15:18:04,15786,15786,15786,2,0
2023-03-27 15:18:04,15786,15786,15786,2,0
2023-03-27 15:18:04,15786,15786,15786,2,0
2023-03-27 15:18:04,15786,15786,15786,2,0
2023-03-27 15:18:04,15786,15786,15786,2,0
2023-03-27 15:18:04,15786,15786,15786,2,0
2023-03-27 15:18:04,15786,15786,15786,2,0
2023-03-27 15:18:04,15785,15785,15785,2,-2
2023-03-27 15:18:04,15785,15785,15785,2,0
2023-03-27 15:18:04,15787,15787,15787,26,26
2023-03-27 15:18:04,15788,15788,15788,50,50
2023-03-27 15:18:04,15789,15789,15789,4,4
2023-03-27 15:18:04,15787,15787,15787,2,-2
2023-03-27 15:18:04,15788,15788,15788,2,2
2023-03-27 15:18:04,15788,15788,15788,2,0
2023-03-27 15:18:04,15788,15788,15788,6,0
2023-03-27 15:18:04,15789,15789,15789,14,14
2023-03-27 15:18:04,15787,15787,15787,2,-2
2023-03-27 15:18:04,15787,15787,15787,2,0
2023-03-27 15:18:04,15787,15787,15787,6,0
2023-03-27 15:18:04,15787,15787,15787,2,0
2023-03-27 15:18:04,15787,15787,15787,4,0
2023-03-27 15:18:04,15787,15787,15787,2,0
2023-03-27 15:18:04,15786,15786,15786,4,-4
2023-03-27 15:18:04,15786,15786,15786,2,0
2023-03-27 15:18:04,15786,15786,15786,2,0
2023-03-27 15:18:04,15785,15785,15785,2,-2
2023-03-27 15:18:04,15785,15785,15785,4,0
2023-03-27 15:18:04,15785,15785,15785,2,0
2023-03-27 15:18:04,15785,15785,15785,2,0
2023-03-27 15:18:04,15786,15786,15786,2,2
2023-03-27 15:18:04,15786,15786,15786,2,0
2023-03-27 15:18:04,15786,15786,15786,2,0
2023-03-27 15:18:04,15785,15785,15785,2,-2
2023-03-27 15:18:04,15785,15785,15785,4,0
2023-03-27 15:18:04,15785,15785,15785,4,0
2023-03-27 15:18:04,15785,15785,15785,2,0
2023-03-27 15:18:04,15785,15785,15785,2,0
2023-03-27 15:18:04,15785,15785,15785,2,0
2023-03-27 15:18:04,15785,15785,15785,2,0
2023-03-27 15:18:04,15787,15787,15787,4,4
2023-03-27 15:18:04,15787,15787,15787,2,0
2023-03-27 15:18:04,15787,15787,15787,2,0
2023-03-27 15:18:04,15785,15785,15785,2,-2
2023-03-27 15:18:04,15785,15785,15785,2,0
2023-03-27 15:18:04,15785,15785,15785,2,0
2023-03-27 15:18:04,15787,15787,15787,2,2
2023-03-27 15:18:04,15787,15787,15787,2,0
2023-03-27 15:18:04,15786,15786,15786,2,-2
2023-03-27 15:18:04,15785,15785,15785,2,-2
2023-03-27 15:18:04,15785,15785,15785,2,0
2023-03-27 15:18:04,15785,15785,15785,2,0
2023-03-27 15:18:04,15785,15785,15785,2,0
2023-03-27 15:18:04,15784,15784,15784,2,-2
2023-03-27 15:18:04,15784,15784,15784,2,0
2023-03-27 15:18:04,15787,15787,15787,2,2
2023-03-27 15:18:04,15787,15787,15787,2,0
2023-03-27 15:18:04,15786,15786,15786,2,-2
2023-03-27 15:18:04,15785,15785,15785,2,-2
2023-03-27 15:18:04,15786,15786,15786,2,2
2023-03-27 15:18:04,15787,15787,15787,2,2
2023-03-27 15:18:04,15785,15785,15785,2,-2
2023-03-27 15:18:04,15787,15787,15787,2,2
2023-03-27 15:18:04,15786,15786,15786,2,-2
2023-03-27 15:18:04,15786,15786,15786,2,0
2023-03-27 15:18:04,15787,15787,15787,2,2
2023-03-27 15:18:04,15787,15787,15787,2,0
2023-03-27 15:18:04,15787,15787,15787,2,0
2023-03-27 15:18:04,15787,15787,15787,2,0
2023-03-27 15:18:04,15786,15786,15786,2,-2
2023-03-27 15:18:04,15785,15785,15785,2,-2
2023-03-27 15:18:04,15785,15785,15785,2,0
2023-03-27 15:18:04,15786,15786,15786,2,2
2023-03-27 15:18:04,15785,15785,15785,2,-2
2023-03-27 15:18:04,15785,15785,15785,2,0
2023-03-27 15:18:04,15785,15785,15785,2,0
2023-03-27 15:18:04,15785,15785,15785,2,0
2023-03-27 15:18:04,15785,15785,15785,2,0
2023-03-27 15:18:04,15785,15785,15785,2,0
2023-03-27 15:18:04,15784,15784,15784,2,-2
2023-03-27 15:18:04,15784,15784,15784,2,0
2023-03-27 15:18:04,15784,15784,15784,2,0
2023-03-27 15:18:04,15784,15784,15784,2,0
2023-03-27 15:18:04,15784,15784,15784,4,0
2023-03-27 15:18:04,15784,15784,15784,2,0
2023-03-27 15:18:04,15784,15784,15784,2,0
2023-03-27 15:18:04,15784,15784,15784,2,0
2023-03-27 15:18:04,15784,15784,15784,2,0
2023-03-27 15:18:04,15784,15784,15784,2,0
2023-03-27 15:18:04,15784,15784,15784,2,0
2023-03-27 15:18:04,15784,15784,15784,2,0
2023-03-27 15:18:04,15784,15784,15784,2,0
2023-03-27 15:18:04,15783,15783,15783,2,-2
2023-03-27 15:18:04,15783,15783,15783,2,0
2023-03-27 15:18:04,15783,15783,15783,2,0
2023-03-27 15:18:04,15783,15783,15783,2,0
2023-03-27 15:18:04,15784,15784,15784,2,2
2023-03-27 15:18:04,15784,15784,15784,2,0
2023-03-27 15:18:04,15783,15783,15783,2,-2
2023-03-27 15:18:04,15783,15783,15783,2,0
2023-03-27 15:18:04,15783,15783,15783,4,0
2023-03-27 15:18:04,15783,15783,15783,2,0
2023-03-27 15:18:04,15783,15783,15783,2,0
2023-03-27 15:18:04,15783,15783,15783,6,0
2023-03-27 15:18:04,15783,15783,15783,2,0
2023-03-27 15:18:04,15783,15783,15783,2,0
2023-03-27 15:18:04,15783,15783,15783,2,0
2023-03-27 15:18:04,15783,15783,15783,2,0
2023-03-27 15:18:04,15783,15783,15783,2,0
2023-03-27 15:18:04,15783,15783,15783,2,0
2023-03-27 15:18:04,15783,15783,15783,2,0
2023-03-27 15:18:04,15783,15783,15783,2,0
2023-03-27 15:18:04,15783,15783,15783,2,0
2023-03-27 15:18:04,15782,15782,15782,2,-2
2023-03-27 15:18:04,15782,15782,15782,2,0
2023-03-27 15:18:04,15782,15782,15782,2,0
2023-03-27 15:18:04,15782,15782,15782,2,0
2023-03-27 15:18:04,15782,15782,15782,2,0
2023-03-27 15:18:04,15782,15782,15782,2,0
2023-03-27 15:18:04,15782,15782,15782,2,0
2023-03-27 15:18:04,15782,15782,15782,2,0
2023-03-27 15:18:04,15782,15782,15782,6,0
2023-03-27 15:18:04,15782,15782,15782,2,0
2023-03-27 15:18:04,15782,15782,15782,2,0
2023-03-27 15:18:04,15782,15782,15782,6,0
2023-03-27 15:18:04,15782,15782,15782,4,0
2023-03-27 15:18:04,15782,15782,15782,2,0
2023-03-27 15:18:04,15782,15782,15782,4,0
2023-03-27 15:18:04,15781,15781,15781,2,-2
2023-03-27 15:18:04,15781,15781,15781,2,0
2023-03-27 15:18:04,15781,15781,15781,2,0
2023-03-27 15:18:04,15781,15781,15781,2,0
2023-03-27 15:18:04,15781,15781,15781,2,0
2023-03-27 15:18:04,15781,15781,15781,2,0
2023-03-27 15:18:04,15781,15781,15781,2,0
2023-03-27 15:18:04,15782,15782,15782,2,2
2023-03-27 15:18:04,15781,15781,15781,2,-2
2023-03-27 15:18:04,15781,15781,15781,4,0
2023-03-27 15:18:04,15781,15781,15781,2,0
2023-03-27 15:18:04,15782,15782,15782,2,2
2023-03-27 15:18:04,15780,15780,15780,2,-2
2023-03-27 15:18:04,15780,15780,15780,2,0
2023-03-27 15:18:04,15780,15780,15780,2,0
2023-03-27 15:18:04,15780,15780,15780,4,0
2023-03-27 15:18:04,15780,15780,15780,2,0
2023-03-27 15:18:04,15782,15782,15782,2,2
2023-03-27 15:18:04,15781,15781,15781,2,-2
2023-03-27 15:18:04,15781,15781,15781,2,0
2023-03-27 15:18:04,15781,15781,15781,2,0
2023-03-27 15:18:04,15781,15781,15781,2,0
2023-03-27 15:18:04,15780,15780,15780,4,-4
2023-03-27 15:18:04,15780,15780,15780,2,0
2023-03-27 15:18:04,15780,15780,15780,2,0
2023-03-27 15:18:04,15781,15781,15781,4,4
2023-03-27 15:18:04,15781,15781,15781,2,0
2023-03-27 15:18:04,15780,15780,15780,2,-2
2023-03-27 15:18:04,15780,15780,15780,2,0
2023-03-27 15:18:04,15781,15781,15781,2,2
2023-03-27 15:18:04,15783,15783,15783,2,2
2023-03-27 15:18:04,15782,15782,15782,2,-2
2023-03-27 15:18:04,15783,15783,15783,4,4
2023-03-27 15:18:04,15781,15781,15781,2,-2
2023-03-27 15:18:04,15781,15781,15781,2,0
2023-03-27 15:18:04,15781,15781,15781,2,0
2023-03-27 15:18:04,15781,15781,15781,2,0
2023-03-27 15:18:04,15781,15781,15781,2,0
2023-03-27 15:18:04,15781,15781,15781,2,0
2023-03-27 15:18:04,15781,15781,15781,2,0
2023-03-27 15:18:04,15781,15781,15781,4,0
2023-03-27 15:18:04,15781,15781,15781,6,0
2023-03-27 15:18:04,15781,15781,15781,2,0
2023-03-27 15:18:04,15781,15781,15781,2,0
2023-03-27 15:18:04,15780,15780,15780,2,-2
2023-03-27 15:18:04,15780,15780,15780,2,0
2023-03-27 15:18:04,15780,15780,15780,4,0
2023-03-27 15:18:04,15780,15780,15780,2,0
2023-03-27 15:18:04,15780,15780,15780,2,0
2023-03-27 15:18:04,15780,15780,15780,2,0
2023-03-27 15:18:04,15780,15780,15780,2,0
2023-03-27 15:18:04,15780,15780,15780,2,0
2023-03-27 15:18:04,15780,15780,15780,2,0
2023-03-27 15:18:04,15780,15780,15780,2,0
2023-03-27 15:18:04,15780,15780,15780,2,0
2023-03-27 15:18:04,15782,15782,15782,6,6
2023-03-27 15:18:04,15783,15783,15783,2,2
2023-03-27 15:18:04,15783,15783,15783,4,0
2023-03-27 15:18:04,15781,15781,15781,2,-2
2023-03-27 15:18:04,15781,15781,15781,4,0
2023-03-27 15:18:04,15781,15781,15781,2,0
2023-03-27 15:18:04,15781,15781,15781,2,0
2023-03-27 15:18:04,15782,15782,15782,8,8
2023-03-27 15:18:04,15783,15783,15783,2,2
2023-03-27 15:18:04,15780,15780,15780,12,-12
2023-03-27 15:18:04,15783,15783,15783,2,2
2023-03-27 15:18:04,15781,15781,15781,2,-2
2023-03-27 15:18:04,15781,15781,15781,2,0
2023-03-27 15:18:04,15783,15783,15783,2,2
2023-03-27 15:18:04,15783,15783,15783,4,0
2023-03-27 15:18:04,15783,15783,15783,2,0
2023-03-27 15:18:04,15781,15781,15781,2,-2
2023-03-27 15:18:04,15781,15781,15781,2,0
2023-03-27 15:18:04,15781,15781,15781,2,0
2023-03-27 15:18:04,15781,15781,15781,2,0
2023-03-27 15:18:04,15783,15783,15783,2,2
2023-03-27 15:18:04,15783,15783,15783,4,0
2023-03-27 15:18:04,15783,15783,15783,4,0
2023-03-27 15:18:04,15783,15783,15783,2,0
2023-03-27 15:18:04,15783,15783,15783,2,0
2023-03-27 15:18:04,15783,15783,15783,2,0
2023-03-27 15:18:04,15783,15783,15783,2,0
2023-03-27 15:18:04,15783,15783,15783,2,0
2023-03-27 15:18:04,15782,15782,15782,2,-2
2023-03-27 15:18:04,15782,15782,15782,2,0
2023-03-27 15:18:04,15782,15782,15782,2,0
2023-03-27 15:18:04,15782,15782,15782,2,0
2023-03-27 15:18:04,15782,15782,15782,2,0
2023-03-27 15:18:04,15781,15781,15781,2,-2
2023-03-27 15:18:04,15783,15783,15783,2,2
2023-03-27 15:18:04,15781,15781,15781,2,-2
2023-03-27 15:18:04,15783,15783,15783,6,6
2023-03-27 15:18:04,15783,15783,15783,2,0
2023-03-27 15:18:04,15783,15783,15783,2,0
2023-03-27 15:18:04,15783,15783,15783,2,0
2023-03-27 15:18:04,15783,15783,15783,4,0
2023-03-27 15:18:04,15783,15783,15783,2,0
2023-03-27 15:18:04,15782,15782,15782,2,-2
2023-03-27 15:18:04,15782,15782,15782,2,0
2023-03-27 15:18:05,15781,15781,15781,2,-2
2023-03-27 15:18:05,15781,15781,15781,2,0
2023-03-27 15:18:05,15781,15781,15781,2,0
2023-03-27 15:18:05,15781,15781,15781,2,0
2023-03-27 15:18:05,15781,15781,15781,2,0
2023-03-27 15:18:05,15781,15781,15781,2,0
2023-03-27 15:18:05,15780,15780,15780,4,-4
2023-03-27 15:18:05,15783,15783,15783,2,2
2023-03-27 15:18:05,15781,15781,15781,2,-2
2023-03-27 15:18:05,15783,15783,15783,2,2
2023-03-27 15:18:05,15781,15781,15781,2,-2
2023-03-27 15:18:05,15781,15781,15781,2,0
2023-03-27 15:18:05,15781,15781,15781,2,0
2023-03-27 15:18:05,15781,15781,15781,2,0
2023-03-27 15:18:05,15781,15781,15781,4,0
2023-03-27 15:18:05,15781,15781,15781,2,0
2023-03-27 15:18:05,15781,15781,15781,2,0
2023-03-27 15:18:05,15780,15780,15780,2,-2
2023-03-27 15:18:05,15780,15780,15780,10,0
2023-03-27 15:18:05,15780,15780,15780,2,0
2023-03-27 15:18:05,15780,15780,15780,2,0
2023-03-27 15:18:05,15782,15782,15782,4,4
2023-03-27 15:18:05,15782,15782,15782,2,0
2023-03-27 15:18:05,15783,15783,15783,2,2
2023-03-27 15:18:05,15783,15783,15783,8,0
2023-03-27 15:18:05,15783,15783,15783,2,0
2023-03-27 15:18:05,15783,15783,15783,4,0
2023-03-27 15:18:05,15784,15784,15784,4,4
2023-03-27 15:18:05,15784,15784,15784,2,0
2023-03-27 15:18:05,15783,15783,15783,2,-2
2023-03-27 15:18:05,15783,15783,15783,2,0
2023-03-27 15:18:05,15783,15783,15783,2,0
2023-03-27 15:18:05,15782,15782,15782,2,-2
2023-03-27 15:18:05,15782,15782,15782,2,0
2023-03-27 15:18:05,15782,15782,15782,2,0
2023-03-27 15:18:05,15782,15782,15782,2,0
2023-03-27 15:18:05,15781,15781,15781,2,-2
2023-03-27 15:18:05,15781,15781,15781,2,0
2023-03-27 15:18:05,15782,15782,15782,4,4
2023-03-27 15:18:05,15783,15783,15783,2,2
2023-03-27 15:18:05,15783,15783,15783,2,0
2023-03-27 15:18:05,15781,15781,15781,2,-2
2023-03-27 15:18:05,15781,15781,15781,2,0
2023-03-27 15:18:05,15781,15781,15781,2,0
2023-03-27 15:18:05,15780,15780,15780,2,-2
2023-03-27 15:18:05,15782,15782,15782,2,2
2023-03-27 15:18:05,15782,15782,15782,2,0
2023-03-27 15:18:05,15782,15782,15782,2,0
2023-03-27 15:18:05,15782,15782,15782,2,0
2023-03-27 15:18:05,15783,15783,15783,2,2
2023-03-27 15:18:05,15783,15783,15783,2,0
2023-03-27 15:18:05,15783,15783,15783,4,0
2023-03-27 15:18:05,15783,15783,15783,2,0
2023-03-27 15:18:05,15782,15782,15782,2,-2
2023-03-27 15:18:05,15781,15781,15781,2,-2
2023-03-27 15:18:05,15781,15781,15781,2,0
2023-03-27 15:18:05,15781,15781,15781,2,0
2023-03-27 15:18:05,15781,15781,15781,2,0
2023-03-27 15:18:05,15781,15781,15781,2,0
2023-03-27 15:18:05,15780,15780,15780,2,-2
2023-03-27 15:18:05,15780,15780,15780,2,0
2023-03-27 15:18:05,15781,15781,15781,2,2
2023-03-27 15:18:05,15782,15782,15782,2,2
2023-03-27 15:18:05,15780,15780,15780,2,-2
2023-03-27 15:18:05,15781,15781,15781,2,2
2023-03-27 15:18:05,15780,15780,15780,2,-2
2023-03-27 15:18:05,15780,15780,15780,2,0
2023-03-27 15:18:05,15780,15780,15780,2,0
2023-03-27 15:18:05,15780,15780,15780,2,0
2023-03-27 15:18:05,15780,15780,15780,2,0
2023-03-27 15:18:05,15780,15780,15780,2,0
2023-03-27 15:18:06,15781,15781,15781,4,4
2023-03-27 15:18:06,15780,15780,15780,2,-2
2023-03-27 15:18:06,15780,15780,15780,2,0
2023-03-27 15:18:06,15780,15780,15780,2,0
2023-03-27 15:18:06,15782,15782,15782,2,2
2023-03-27 15:18:06,15782,15782,15782,4,0
2023-03-27 15:18:06,15780,15780,15780,2,-2
2023-03-27 15:18:06,15780,15780,15780,2,0
2023-03-27 15:18:06,15779,15779,15779,2,-2
2023-03-27 15:18:06,15779,15779,15779,2,0
2023-03-27 15:18:06,15779,15779,15779,2,0
2023-03-27 15:18:06,15779,15779,15779,2,0
2023-03-27 15:18:06,15781,15781,15781,4,4
2023-03-27 15:18:06,15779,15779,15779,2,-2
2023-03-27 15:18:06,15779,15779,15779,2,0
2023-03-27 15:18:06,15779,15779,15779,2,0
2023-03-27 15:18:06,15780,15780,15780,2,2
2023-03-27 15:18:06,15780,15780,15780,2,0
2023-03-27 15:18:06,15779,15779,15779,4,-4
2023-03-27 15:18:06,15779,15779,15779,2,0
2023-03-27 15:18:06,15779,15779,15779,2,0
2023-03-27 15:18:06,15779,15779,15779,2,0
2023-03-27 15:18:06,15779,15779,15779,2,0
2023-03-27 15:18:06,15779,15779,15779,2,0
2023-03-27 15:18:06,15779,15779,15779,2,0
2023-03-27 15:18:06,15779,15779,15779,4,0
2023-03-27 15:18:06,15778,15778,15778,2,-2
2023-03-27 15:18:06,15778,15778,15778,2,0
2023-03-27 15:18:06,15778,15778,15778,2,0
2023-03-27 15:18:06,15778,15778,15778,8,0
2023-03-27 15:18:06,15778,15778,15778,2,0
2023-03-27 15:18:06,15778,15778,15778,4,0
2023-03-27 15:18:06,15780,15780,15780,2,2
2023-03-27 15:18:06,15778,15778,15778,2,-2
2023-03-27 15:18:06,15779,15779,15779,2,2
2023-03-27 15:18:06,15778,15778,15778,2,-2
2023-03-27 15:18:06,15778,15778,15778,8,0
2023-03-27 15:18:06,15779,15779,15779,2,2
2023-03-27 15:18:06,15778,15778,15778,2,-2
2023-03-27 15:18:06,15778,15778,15778,2,0
2023-03-27 15:18:06,15778,15778,15778,2,0
2023-03-27 15:18:06,15778,15778,15778,2,0
2023-03-27 15:18:06,15777,15777,15777,2,-2
2023-03-27 15:18:06,15777,15777,15777,2,0
2023-03-27 15:18:06,15778,15778,15778,4,4
2023-03-27 15:18:06,15777,15777,15777,2,-2
2023-03-27 15:18:06,15777,15777,15777,2,0
2023-03-27 15:18:06,15777,15777,15777,2,0
2023-03-27 15:18:06,15777,15777,15777,2,0
2023-03-27 15:18:06,15777,15777,15777,2,0
2023-03-27 15:18:06,15778,15778,15778,2,2
2023-03-27 15:18:06,15778,15778,15778,2,0
2023-03-27 15:18:06,15777,15777,15777,2,-2
2023-03-27 15:18:06,15777,15777,15777,4,0
2023-03-27 15:18:06,15777,15777,15777,2,0
2023-03-27 15:18:06,15777,15777,15777,2,0
2023-03-27 15:18:06,15777,15777,15777,2,0
2023-03-27 15:18:06,15777,15777,15777,2,0
2023-03-27 15:18:06,15777,15777,15777,4,0
2023-03-27 15:18:06,15777,15777,15777,2,0
2023-03-27 15:18:06,15777,15777,15777,2,0
2023-03-27 15:18:06,15777,15777,15777,2,0
2023-03-27 15:18:06,15776,15776,15776,2,-2
2023-03-27 15:18:06,15777,15777,15777,2,2
2023-03-27 15:18:06,15778,15778,15778,2,2
2023-03-27 15:18:06,15778,15778,15778,2,0
2023-03-27 15:18:06,15777,15777,15777,2,-2
2023-03-27 15:18:06,15776,15776,15776,2,-2
2023-03-27 15:18:06,15776,15776,15776,2,0
2023-03-27 15:18:06,15776,15776,15776,6,0
2023-03-27 15:18:06,15776,15776,15776,2,0
2023-03-27 15:18:06,15776,15776,15776,2,0
2023-03-27 15:18:07,15776,15776,15776,4,0
2023-03-27 15:18:07,15776,15776,15776,4,0
2023-03-27 15:18:07,15776,15776,15776,4,0
2023-03-27 15:18:07,15777,15777,15777,4,4
2023-03-27 15:18:07,15777,15777,15777,4,0
2023-03-27 15:18:07,15776,15776,15776,2,-2
2023-03-27 15:18:07,15778,15778,15778,4,4
2023-03-27 15:18:07,15776,15776,15776,2,-2
2023-03-27 15:18:07,15776,15776,15776,2,0
2023-03-27 15:18:07,15776,15776,15776,2,0
2023-03-27 15:18:07,15776,15776,15776,2,0
2023-03-27 15:18:07,15777,15777,15777,2,2
2023-03-27 15:18:07,15776,15776,15776,2,-2
2023-03-27 15:18:07,15775,15775,15775,2,-2
2023-03-27 15:18:07,15775,15775,15775,2,0
2023-03-27 15:18:07,15776,15776,15776,2,2
2023-03-27 15:18:07,15776,15776,15776,2,0
2023-03-27 15:18:07,15775,15775,15775,4,-4
2023-03-27 15:18:07,15775,15775,15775,2,0
2023-03-27 15:18:07,15777,15777,15777,2,2
2023-03-27 15:18:07,15775,15775,15775,2,-2
2023-03-27 15:18:07,15775,15775,15775,2,0
2023-03-27 15:18:08,15775,15775,15775,2,0
2023-03-27 15:18:08,15777,15777,15777,2,2
2023-03-27 15:18:08,15777,15777,15777,2,0
2023-03-27 15:18:08,15775,15775,15775,2,-2
2023-03-27 15:18:08,15777,15777,15777,12,12
2023-03-27 15:18:08,15777,15777,15777,2,0
2023-03-27 15:18:08,15777,15777,15777,2,0
2023-03-27 15:18:08,15779,15779,15779,2,2
2023-03-27 15:18:08,15779,15779,15779,2,0
2023-03-27 15:18:08,15780,15780,15780,2,2
2023-03-27 15:18:08,15780,15780,15780,2,0
2023-03-27 15:18:09,15778,15778,15778,2,-2
2023-03-27 15:18:09,15778,15778,15778,4,0
2023-03-27 15:18:09,15778,15778,15778,2,0
2023-03-27 15:18:09,15778,15778,15778,2,0
2023-03-27 15:18:09,15780,15780,15780,12,12
2023-03-27 15:18:09,15778,15778,15778,2,-2
2023-03-27 15:18:09,15778,15778,15778,2,0
2023-03-27 15:18:09,15778,15778,15778,6,0
2023-03-27 15:18:09,15778,15778,15778,2,0
2023-03-27 15:18:09,15778,15778,15778,4,0
2023-03-27 15:18:09,15777,15777,15777,2,-2
2023-03-27 15:18:09,15777,15777,15777,2,0
2023-03-27 15:18:09,15777,15777,15777,2,0
2023-03-27 15:18:09,15776,15776,15776,2,-2
2023-03-27 15:18:09,15776,15776,15776,2,0
2023-03-27 15:18:09,15778,15778,15778,2,2
2023-03-27 15:18:09,15778,15778,15778,2,0
2023-03-27 15:18:09,15778,15778,15778,2,0
2023-03-27 15:18:09,15778,15778,15778,2,0
2023-03-27 15:18:09,15780,15780,15780,8,8
2023-03-27 15:18:09,15780,15780,15780,2,0
2023-03-27 15:18:09,15780,15780,15780,2,0
2023-03-27 15:18:09,15780,15780,15780,2,0
2023-03-27 15:18:09,15780,15780,15780,2,0
2023-03-27 15:18:09,15778,15778,15778,2,-2
2023-03-27 15:18:09,15778,15778,15778,2,0
2023-03-27 15:18:09,15778,15778,15778,2,0
2023-03-27 15:18:09,15778,15778,15778,2,0
2023-03-27 15:18:10,15780,15780,15780,6,6
2023-03-27 15:18:10,15781,15781,15781,2,2
2023-03-27 15:18:10,15781,15781,15781,2,0
2023-03-27 15:18:10,15781,15781,15781,2,0
2023-03-27 15:18:10,15781,15781,15781,4,0
2023-03-27 15:18:11,15781,15781,15781,2,0
2023-03-27 15:18:11,15781,15781,15781,2,0
2023-03-27 15:18:11,15781,15781,15781,2,0
2023-03-27 15:18:11,15783,15783,15783,2,2
2023-03-27 15:18:11,15781,15781,15781,2,-2
2023-03-27 15:18:11,15783,15783,15783,4,4
2023-03-27 15:18:12,15783,15783,15783,2,0
2023-03-27 15:18:12,15781,15781,15781,2,-2
2023-03-27 15:18:12,15781,15781,15781,2,0
2023-03-27 15:18:12,15782,15782,15782,2,2
2023-03-27 15:18:12,15781,15781,15781,2,-2
2023-03-27 15:18:12,15780,15780,15780,2,-2
2023-03-27 15:18:12,15782,15782,15782,2,2
2023-03-27 15:18:12,15782,15782,15782,2,0
2023-03-27 15:18:13,15782,15782,15782,2,0
2023-03-27 15:18:13,15783,15783,15783,2,2
2023-03-27 15:18:13,15782,15782,15782,2,-2
2023-03-27 15:18:14,15782,15782,15782,2,0
2023-03-27 15:18:14,15783,15783,15783,2,2
2023-03-27 15:18:14,15783,15783,15783,4,0
2023-03-27 15:18:15,15782,15782,15782,2,-2
2023-03-27 15:18:15,15781,15781,15781,2,-2
2023-03-27 15:18:16,15781,15781,15781,2,0
2023-03-27 15:18:16,15780,15780,15780,2,-2
2023-03-27 15:18:16,15780,15780,15780,2,0
2023-03-27 15:18:16,15779,15779,15779,2,-2
2023-03-27 15:18:16,15780,15780,15780,2,2
2023-03-27 15:18:17,15779,15779,15779,2,-2
2023-03-27 15:18:17,15780,15780,15780,2,2
2023-03-27 15:18:17,15780,15780,15780,2,0
2023-03-27 15:18:17,15780,15780,15780,2,0
2023-03-27 15:18:17,15780,15780,15780,2,0
2023-03-27 15:18:18,15780,15780,15780,2,0
2023-03-27 15:18:19,15779,15779,15779,2,-2
2023-03-27 15:18:19,15779,15779,15779,4,0
2023-03-27 15:18:19,15779,15779,15779,2,0
2023-03-27 15:18:19,15778,15778,15778,4,-4
2023-03-27 15:18:19,15779,15779,15779,2,2
2023-03-27 15:18:19,15779,15779,15779,4,0
2023-03-27 15:18:19,15779,15779,15779,2,0
2023-03-27 15:18:19,15779,15779,15779,2,0
2023-03-27 15:18:19,15781,15781,15781,2,2
2023-03-27 15:18:19,15781,15781,15781,2,0
2023-03-27 15:18:19,15781,15781,15781,2,0
2023-03-27 15:18:19,15781,15781,15781,2,0
2023-03-27 15:18:19,15780,15780,15780,2,-2
2023-03-27 15:18:19,15779,15779,15779,2,-2
2023-03-27 15:18:20,15781,15781,15781,10,10
2023-03-27 15:18:20,15781,15781,15781,2,0
2023-03-27 15:18:20,15779,15779,15779,2,-2
2023-03-27 15:18:20,15780,15780,15780,2,2
2023-03-27 15:18:20,15780,15780,15780,2,0
2023-03-27 15:18:20,15781,15781,15781,2,2
2023-03-27 15:18:21,15780,15780,15780,2,-2
2023-03-27 15:18:21,15780,15780,15780,2,0
2023-03-27 15:18:21,15781,15781,15781,4,4
2023-03-27 15:18:21,15782,15782,15782,2,2
2023-03-27 15:18:21,15782,15782,15782,2,0
2023-03-27 15:18:21,15782,15782,15782,2,0
2023-03-27 15:18:21,15782,15782,15782,2,0
2023-03-27 15:18:21,15782,15782,15782,2,0
2023-03-27 15:18:22,15782,15782,15782,2,0
2023-03-27 15:18:22,15782,15782,15782,2,0
2023-03-27 15:18:22,15782,15782,15782,2,0
2023-03-27 15:18:22,15782,15782,15782,4,0
2023-03-27 15:18:22,15782,15782,15782,4,0
