2023-03-30 15:00:00.064,15830,15831,15830,46,-46
2023-03-30 15:00:00.065,15829,15830,15829,2,-2
2023-03-30 15:00:00.094,15828,15830,15830,1,1
2023-03-30 15:00:00.094,15828,15830,15830,1,1
2023-03-30 15:00:00.095,15828,15830,15829,1,1
2023-03-30 15:00:00.101,15828,15830,15830,2,2
2023-03-30 15:00:00.101,15828,15830,15829,1,1
2023-03-30 15:00:00.101,15828,15830,15829,1,1
2023-03-30 15:00:00.108,15829,15831,15829,2,-2
2023-03-30 15:00:00.108,15829,15831,15828,8,-8
2023-03-30 15:00:00.108,15829,15831,15827,1,-1
2023-03-30 15:00:00.109,15829,15831,15828,1,-1
2023-03-30 15:00:00.109,15829,15831,15827,1,-1
2023-03-30 15:00:00.110,15829,15831,15827,1,-1
2023-03-30 15:00:00.110,15829,15831,15827,1,-1
2023-03-30 15:00:00.113,15829,15831,15827,1,-1
2023-03-30 15:00:00.113,15829,15831,15827,1,-1
2023-03-30 15:00:00.277,15826,15829,15827,1,-1
2023-03-30 15:00:00.289,15826,15829,15827,1,-1
2023-03-30 15:00:00.290,15826,15829,15827,1,-1
2023-03-30 15:00:00.290,15826,15829,15826,4,-4
2023-03-30 15:00:00.291,15826,15829,15826,1,-1
2023-03-30 15:00:00.291,15826,15829,15826,1,-1
2023-03-30 15:00:00.506,15825,15828,15825,2,-2
2023-03-30 15:00:00.565,15825,15828,15825,1,-1
2023-03-30 15:00:00.565,15825,15828,15825,1,-1
2023-03-30 15:00:00.565,15825,15828,15824,2,-2
2023-03-30 15:00:00.566,15823,15826,15823,3,-3
2023-03-30 15:00:00.567,15823,15826,15823,1,-1
2023-03-30 15:00:00.693,15823,15825,15825,1,1
2023-03-30 15:00:00.695,15823,15825,15824,4,4
2023-03-30 15:00:00.730,15823,15825,15825,1,1
2023-03-30 15:00:00.730,15823,15825,15824,1,1
2023-03-30 15:00:00.812,15823,15825,15825,1,1
2023-03-30 15:00:00.812,15823,15825,15826,1,1
2023-03-30 15:00:00.889,15824,15826,15824,1,-1
2023-03-30 15:00:00.889,15824,15826,15823,3,-3
2023-03-30 15:00:00.889,15824,15826,15822,2,-2
2023-03-30 15:00:00.889,15824,15826,15822,2,-2
2023-03-30 15:00:00.889,15824,15826,15821,3,-3
2023-03-30 15:00:00.889,15824,15826,15820,1,-1
2023-03-30 15:00:00.926,15824,15826,15822,3,-3
2023-03-30 15:00:00.926,15824,15826,15821,1,-1
2023-03-30 15:00:00.926,15824,15826,15821,1,-1
2023-03-30 15:00:00.926,15824,15826,15820,3,-3
2023-03-30 15:00:00.932,15824,15826,15822,1,-1
2023-03-30 15:00:01.208,15822,15823,15822,1,-1
2023-03-30 15:00:01.437,15821,15822,15822,1,1
2023-03-30 15:00:01.437,15821,15822,15822,1,1
2023-03-30 15:00:01.765,15821,15823,15823,1,1
2023-03-30 15:00:01.829,15821,15823,15823,2,2
2023-03-30 15:00:02.044,15822,15824,15824,4,4
2023-03-30 15:00:02.610,15823,15825,15825,2,2
2023-03-30 15:00:03.159,15823,15825,15824,3,3
2023-03-30 15:00:03.370,15823,15824,15823,1,-1
2023-03-30 15:00:03.860,15822,15824,15824,1,1
2023-03-30 15:00:05.377,15823,15825,15824,1,1
2023-03-30 15:00:05.633,15823,15825,15825,1,1
2023-03-30 15:00:06.105,15824,15825,15824,1,-1
2023-03-30 15:00:06.812,15823,15825,15825,2,2
2023-03-30 15:00:06.884,15823,15825,15823,4,-4
2023-03-30 15:00:07.037,15824,15825,15824,1,-1
2023-03-30 15:00:07.136,15822,15825,15825,1,1
2023-03-30 15:00:07.549,15823,15825,15825,2,2
2023-03-30 15:00:07.793,15823,15826,15826,1,1
2023-03-30 15:00:07.851,15823,15826,15823,1,-1
2023-03-30 15:00:08.812,15824,15826,15825,1,-1
2023-03-30 15:00:10.091,15824,15826,15826,13,13
2023-03-30 15:00:10.093,15824,15826,15827,1,1
2023-03-30 15:00:10.100,15824,15826,15826,1,1
2023-03-30 15:00:12.111,15825,15826,15826,1,1
2023-03-30 15:00:12.237,15825,15827,15827,2,2
2023-03-30 15:00:12.237,15825,15827,15828,1,1
2023-03-30 15:00:13.442,15827,15828,15828,2,2
2023-03-30 15:00:14.568,15827,15829,15827,1,-1
2023-03-30 15:00:15.517,15827,15829,15827,1,-1
2023-03-30 15:00:15.747,15826,15828,15826,1,-1
2023-03-30 15:00:15.773,15826,15828,15826,1,-1
2023-03-30 15:00:17.828,15826,15828,15826,1,-1
2023-03-30 15:00:18.818,15826,15828,15828,1,1
2023-03-30 15:00:20.193,15827,15828,15828,2,2
2023-03-30 15:00:20.948,15827,15828,15828,1,1
2023-03-30 15:00:21.424,15828,15829,15829,5,5
2023-03-30 15:00:21.424,15828,15829,15829,2,2
2023-03-30 15:00:22.415,15828,15830,15828,1,-1
2023-03-30 15:00:22.449,15828,15830,15828,1,-1
2023-03-30 15:00:23.382,15829,15830,15830,1,1
2023-03-30 15:00:23.586,15829,15830,15829,2,-2
2023-03-30 15:00:23.675,15829,15830,15828,1,-1
2023-03-30 15:00:23.892,15828,15830,15830,2,2
2023-03-30 15:00:25.431,15828,15829,15828,1,-1
2023-03-30 15:00:26.575,15828,15829,15829,1,1
2023-03-30 15:00:31.479,15828,15829,15829,1,1
2023-03-30 15:00:31.700,15828,15829,15828,1,-1
2023-03-30 15:00:31.700,15828,15829,15828,1,-1
2023-03-30 15:00:31.701,15828,15829,15828,3,-3
2023-03-30 15:00:31.701,15828,15829,15828,6,-6
2023-03-30 15:00:32.403,15827,15829,15829,1,1
2023-03-30 15:00:33.401,15827,15829,15829,2,2
2023-03-30 15:00:33.879,15827,15829,15829,5,5
2023-03-30 15:00:35.650,15828,15829,15829,2,2
2023-03-30 15:00:38.946,15828,15830,15829,1,1
2023-03-30 15:00:40.206,15828,15829,15829,3,3
2023-03-30 15:00:43.020,15828,15829,15829,3,3
2023-03-30 15:00:47.545,15828,15829,15828,2,-2
2023-03-30 15:00:47.580,15828,15829,15828,1,-1
2023-03-30 15:00:47.580,15828,15829,15828,1,-1
2023-03-30 15:00:47.580,15828,15829,15828,3,-3
2023-03-30 15:00:48.047,15827,15829,15829,1,1
2023-03-30 15:00:51.926,15827,15829,15829,2,2
2023-03-30 15:00:53.336,15827,15829,15829,2,2
2023-03-30 15:00:53.461,15828,15829,15829,1,1
2023-03-30 15:00:54.541,15828,15829,15828,1,-1
2023-03-30 15:00:55.404,15828,15829,15829,1,1
2023-03-30 15:00:55.545,15828,15829,15829,2,2
2023-03-30 15:01:00.217,15828,15829,15829,6,6
2023-03-30 15:01:00.217,15828,15829,15829,1,1
2023-03-30 15:01:00.337,15829,15830,15830,4,4
2023-03-30 15:01:00.375,15829,15830,15830,5,5
2023-03-30 15:01:00.577,15829,15830,15830,6,6
2023-03-30 15:01:01.047,15829,15830,15829,2,-2
2023-03-30 15:01:01.239,15829,15830,15830,3,3
2023-03-30 15:01:01.239,15829,15830,15830,1,1
2023-03-30 15:01:01.239,15829,15830,15830,2,2
2023-03-30 15:01:01.240,15829,15830,15830,5,5
2023-03-30 15:01:02.149,15830,15831,15831,1,1
2023-03-30 15:01:02.149,15830,15831,15831,1,1
2023-03-30 15:01:02.149,15830,15831,15831,1,1
2023-03-30 15:01:02.149,15830,15831,15831,2,2
2023-03-30 15:01:02.149,15830,15831,15831,1,1
2023-03-30 15:01:02.149,15830,15831,15831,9,9
2023-03-30 15:01:02.404,15830,15832,15832,12,12
2023-03-30 15:01:03.104,15830,15832,15832,1,1
2023-03-30 15:01:03.954,15830,15831,15831,1,1
2023-03-30 15:01:04.233,15830,15832,15830,1,-1
2023-03-30 15:01:05.528,15831,15832,15831,1,-1
2023-03-30 15:01:09.087,15831,15832,15832,2,2
2023-03-30 15:01:09.916,15831,15832,15832,1,1
2023-03-30 15:01:11.532,15831,15832,15831,1,-1
2023-03-30 15:01:13.762,15831,15832,15831,1,-1
2023-03-30 15:01:16.914,15831,15832,15832,2,2
2023-03-30 15:01:20.216,15831,15832,15832,2,2
2023-03-30 15:01:25.051,15831,15832,15832,4,4
2023-03-30 15:01:28.484,15831,15832,15832,1,1
2023-03-30 15:01:28.491,15831,15832,15832,1,1
2023-03-30 15:01:32.134,15831,15832,15831,6,-6
2023-03-30 15:01:32.135,15831,15832,15831,1,-1
2023-03-30 15:01:32.135,15831,15832,15831,5,-5
2023-03-30 15:01:32.135,15831,15832,15831,1,-1
2023-03-30 15:01:32.135,15831,15832,15831,6,-6
2023-03-30 15:01:33.507,15830,15831,15830,1,-1
2023-03-30 15:01:33.507,15830,15831,15830,1,-1
2023-03-30 15:01:33.507,15830,15831,15830,2,-2
2023-03-30 15:01:33.507,15830,15831,15830,3,-3
2023-03-30 15:01:33.507,15830,15831,15830,1,-1
2023-03-30 15:01:33.508,15830,15831,15830,2,-2
2023-03-30 15:01:33.508,15830,15831,15830,1,-1
2023-03-30 15:01:33.508,15830,15831,15830,2,-2
2023-03-30 15:01:35.458,15830,15831,15830,35,-35
2023-03-30 15:01:35.458,15830,15831,15830,1,-1
2023-03-30 15:01:35.458,15830,15831,15830,1,-1
2023-03-30 15:01:35.458,15830,15831,15830,43,-43
2023-03-30 15:01:35.458,15830,15831,15830,3,-3
2023-03-30 15:01:35.458,15830,15831,15830,4,-4
2023-03-30 15:01:35.458,15830,15831,15830,1,-1
2023-03-30 15:01:35.458,15830,15831,15830,2,-2
2023-03-30 15:01:35.458,15830,15831,15830,1,-1
2023-03-30 15:01:35.458,15830,15831,15830,1,-1
2023-03-30 15:01:35.458,15830,15831,15830,1,-1
2023-03-30 15:01:35.459,15830,15831,15830,1,-1
2023-03-30 15:01:35.459,15830,15831,15830,14,-14
2023-03-30 15:01:35.459,15830,15831,15829,1,-1
2023-03-30 15:01:35.459,15830,15831,15829,1,-1
2023-03-30 15:01:35.460,15830,15831,15829,2,-2
2023-03-30 15:01:35.460,15830,15831,15829,3,-3
2023-03-30 15:01:35.460,15830,15831,15829,2,-2
2023-03-30 15:01:35.460,15830,15831,15829,1,-1
2023-03-30 15:01:35.461,15830,15831,15829,1,-1
2023-03-30 15:01:35.461,15830,15831,15829,1,-1
2023-03-30 15:01:35.461,15830,15831,15829,1,-1
2023-03-30 15:01:35.463,15830,15831,15830,2,-2
2023-03-30 15:01:35.464,15830,15831,15830,1,-1
2023-03-30 15:01:35.464,15830,15831,15830,1,-1
2023-03-30 15:01:35.684,15830,15831,15830,1,-1
2023-03-30 15:01:35.689,15830,15831,15830,1,-1
2023-03-30 15:01:36.970,15829,15830,15829,1,-1
2023-03-30 15:01:37.165,15828,15830,15830,3,3
2023-03-30 15:01:40.250,15829,15831,15829,1,-1
2023-03-30 15:01:41.364,15829,15831,15830,2,-2
2023-03-30 15:01:41.364,15829,15831,15830,1,-1
2023-03-30 15:01:41.365,15829,15831,15830,1,-1
2023-03-30 15:01:41.662,15829,15831,15830,1,-1
2023-03-30 15:01:41.686,15829,15831,15829,3,-3
2023-03-30 15:01:43.048,15829,15831,15830,1,-1
2023-03-30 15:01:45.427,15829,15831,15831,1,1
2023-03-30 15:01:48.007,15829,15832,15831,1,1
2023-03-30 15:01:53.851,15830,15831,15831,1,1
2023-03-30 15:01:54.461,15830,15832,15832,2,2
2023-03-30 15:01:54.461,15830,15832,15832,2,2
2023-03-30 15:01:54.461,15830,15832,15832,1,1
2023-03-30 15:01:54.461,15830,15832,15832,2,2
2023-03-30 15:01:54.461,15830,15832,15832,4,4
2023-03-30 15:01:54.462,15830,15832,15832,1,1
2023-03-30 15:01:54.526,15830,15832,15832,1,1
2023-03-30 15:01:55.103,15832,15833,15832,1,-1
2023-03-30 15:01:57.711,15832,15833,15833,1,1
2023-03-30 15:01:57.751,15832,15833,15833,6,6
2023-03-30 15:01:57.751,15832,15833,15833,3,3
2023-03-30 15:01:57.752,15832,15833,15833,5,5
2023-03-30 15:01:58.086,15833,15834,15833,1,-1
2023-03-30 15:02:00.335,15833,15834,15834,4,4
2023-03-30 15:02:00.335,15833,15834,15834,12,12
2023-03-30 15:02:00.385,15833,15834,15834,1,1
2023-03-30 15:02:00.467,15834,15835,15835,4,4
2023-03-30 15:02:00.799,15834,15835,15834,1,-1
2023-03-30 15:02:00.867,15834,15835,15834,1,-1
2023-03-30 15:02:00.901,15834,15835,15835,1,1
2023-03-30 15:02:01.099,15834,15835,15835,4,4
2023-03-30 15:02:01.415,15834,15835,15835,1,1
2023-03-30 15:02:01.433,15834,15835,15835,3,3
2023-03-30 15:02:01.595,15834,15835,15835,1,1
2023-03-30 15:02:01.654,15834,15835,15834,1,-1
2023-03-30 15:02:03.160,15834,15835,15834,2,-2
2023-03-30 15:02:03.253,15834,15835,15834,1,-1
2023-03-30 15:02:03.337,15834,15835,15835,1,1
2023-03-30 15:02:03.439,15834,15835,15835,1,1
2023-03-30 15:02:03.440,15834,15835,15835,1,1
2023-03-30 15:02:03.440,15834,15835,15835,1,1
2023-03-30 15:02:04.954,15834,15835,15835,2,2
2023-03-30 15:02:04.954,15834,15835,15835,1,1
2023-03-30 15:02:05.788,15834,15835,15835,1,1
2023-03-30 15:02:06.888,15834,15835,15834,2,-2
2023-03-30 15:02:09.559,15834,15835,15835,4,4
2023-03-30 15:02:09.560,15834,15835,15835,3,3
2023-03-30 15:02:11.184,15835,15836,15836,1,1
2023-03-30 15:02:11.785,15835,15836,15836,27,27
2023-03-30 15:02:11.786,15835,15836,15837,1,1
2023-03-30 15:02:11.786,15835,15836,15837,1,1
2023-03-30 15:02:11.786,15835,15836,15837,4,4
2023-03-30 15:02:11.786,15835,15836,15837,1,1
2023-03-30 15:02:11.786,15835,15836,15837,1,1
2023-03-30 15:02:11.871,15837,15838,15838,2,2
2023-03-30 15:02:12.008,15837,15838,15838,1,1
2023-03-30 15:02:12.142,15837,15838,15837,1,-1
2023-03-30 15:02:12.258,15837,15838,15838,4,4
2023-03-30 15:02:12.498,15837,15838,15838,1,1
2023-03-30 15:02:13.576,15837,15838,15837,1,-1
2023-03-30 15:02:14.464,15837,15838,15838,6,6
2023-03-30 15:02:14.465,15837,15838,15838,4,4
2023-03-30 15:02:15.339,15837,15838,15838,1,1
2023-03-30 15:02:15.927,15837,15838,15837,2,-2
2023-03-30 15:02:15.927,15837,15838,15836,1,-1
2023-03-30 15:02:16.893,15836,15837,15837,1,1
2023-03-30 15:02:17.376,15836,15837,15837,1,1
2023-03-30 15:02:18.572,15836,15837,15836,1,-1
2023-03-30 15:02:18.572,15836,15837,15836,1,-1
2023-03-30 15:02:20.441,15836,15837,15837,3,3
2023-03-30 15:02:21.037,15836,15837,15837,1,1
2023-03-30 15:02:23.526,15836,15837,15836,1,-1
2023-03-30 15:02:24.147,15836,15837,15836,5,-5
2023-03-30 15:02:24.991,15836,15837,15836,1,-1
2023-03-30 15:02:28.913,15836,15837,15836,1,-1
2023-03-30 15:02:29.261,15836,15837,15836,1,-1
2023-03-30 15:02:32.542,15836,15837,15836,1,-1
2023-03-30 15:02:35.538,15836,15837,15836,1,-1
2023-03-30 15:02:38.507,15836,15837,15836,1,-1
2023-03-30 15:02:38.816,15836,15837,15836,1,-1
2023-03-30 15:02:41.091,15836,15837,15836,1,-1
2023-03-30 15:02:42.887,15836,15837,15837,1,1
2023-03-30 15:02:43.878,15836,15837,15836,1,-1
2023-03-30 15:02:44.571,15836,15837,15836,1,-1
2023-03-30 15:02:44.698,15836,15837,15837,1,1
2023-03-30 15:02:44.989,15836,15837,15836,1,-1
2023-03-30 15:02:44.989,15836,15837,15836,1,-1
2023-03-30 15:02:44.989,15836,15837,15836,1,-1
2023-03-30 15:02:44.995,15836,15837,15836,1,-1
2023-03-30 15:02:44.995,15836,15837,15836,3,-3
2023-03-30 15:02:44.995,15836,15837,15836,1,-1
2023-03-30 15:02:44.995,15836,15837,15836,1,-1
2023-03-30 15:02:44.995,15836,15837,15836,1,-1
2023-03-30 15:02:44.995,15836,15837,15836,1,-1
2023-03-30 15:02:44.996,15836,15837,15836,1,-1
2023-03-30 15:02:45.133,15836,15837,15836,1,-1
2023-03-30 15:02:45.174,15836,15837,15836,1,-1
2023-03-30 15:02:45.332,15836,15837,15836,1,-1
2023-03-30 15:02:46.876,15836,15837,15836,1,-1
2023-03-30 15:02:48.033,15836,15837,15836,1,-1
2023-03-30 15:02:48.373,15836,15837,15837,3,3
2023-03-30 15:02:48.527,15836,15837,15836,1,-1
2023-03-30 15:02:49.364,15836,15837,15837,2,2
2023-03-30 15:02:49.569,15836,15837,15836,4,-4
2023-03-30 15:02:51.492,15836,15837,15837,8,8
2023-03-30 15:02:51.533,15836,15837,15836,1,-1
2023-03-30 15:02:52.327,15836,15837,15836,1,-1
2023-03-30 15:02:52.481,15836,15837,15836,3,-3
2023-03-30 15:02:53.068,15836,15837,15836,1,-1
2023-03-30 15:02:53.477,15836,15837,15836,2,-2
2023-03-30 15:02:53.478,15836,15837,15836,3,-3
2023-03-30 15:02:53.507,15836,15837,15836,1,-1
2023-03-30 15:02:53.509,15836,15837,15836,1,-1
2023-03-30 15:02:53.512,15836,15837,15836,1,-1
2023-03-30 15:02:55.805,15836,15837,15837,1,1
2023-03-30 15:02:56.544,15836,15837,15837,1,1
2023-03-30 15:02:58.670,15836,15837,15837,1,1
2023-03-30 15:02:58.670,15836,15837,15837,3,3
2023-03-30 15:02:58.670,15836,15837,15837,1,1
2023-03-30 15:02:58.670,15836,15837,15837,1,1
2023-03-30 15:02:59.944,15837,15838,15837,1,-1
2023-03-30 15:02:59.987,15837,15838,15837,1,-1
2023-03-30 15:03:00.059,15837,15838,15837,2,-2
2023-03-30 15:03:00.095,15836,15837,15836,1,-1
2023-03-30 15:03:00.098,15836,15837,15836,1,-1
2023-03-30 15:03:00.109,15836,15837,15836,2,-2
2023-03-30 15:03:00.109,15836,15837,15836,3,-3
2023-03-30 15:03:00.109,15836,15837,15836,3,-3
2023-03-30 15:03:00.125,15836,15837,15836,1,-1
2023-03-30 15:03:00.135,15836,15837,15835,1,-1
2023-03-30 15:03:00.150,15836,15837,15836,2,-2
2023-03-30 15:03:00.156,15836,15837,15836,1,-1
2023-03-30 15:03:00.171,15836,15837,15836,2,-2
2023-03-30 15:03:00.187,15836,15837,15836,1,-1
2023-03-30 15:03:00.252,15836,15837,15837,3,3
2023-03-30 15:03:00.252,15836,15837,15838,1,1
2023-03-30 15:03:00.268,15836,15837,15838,1,1
2023-03-30 15:03:00.268,15836,15837,15838,1,1
2023-03-30 15:03:00.285,15836,15837,15836,1,-1
2023-03-30 15:03:00.327,15836,15838,15836,1,-1
2023-03-30 15:03:00.397,15836,15838,15838,1,1
2023-03-30 15:03:00.449,15837,15838,15837,1,-1
2023-03-30 15:03:03.301,15837,15838,15838,1,1
2023-03-30 15:03:03.385,15837,15838,15838,1,1
2023-03-30 15:03:03.385,15837,15838,15838,1,1
2023-03-30 15:03:03.435,15837,15838,15838,1,1
2023-03-30 15:03:05.146,15838,15839,15838,1,-1
2023-03-30 15:03:05.245,15838,15839,15838,1,-1
2023-03-30 15:03:05.706,15838,15839,15839,1,1
2023-03-30 15:03:05.839,15838,15839,15839,1,1
2023-03-30 15:03:05.848,15838,15839,15839,2,2
2023-03-30 15:03:05.849,15838,15839,15839,1,1
2023-03-30 15:03:05.877,15838,15839,15839,1,1
2023-03-30 15:03:06.114,15838,15839,15839,10,10
2023-03-30 15:03:06.115,15838,15839,15839,1,1
2023-03-30 15:03:06.757,15838,15839,15839,1,1
2023-03-30 15:03:07.501,15839,15840,15839,1,-1
2023-03-30 15:03:07.501,15839,15840,15839,1,-1
2023-03-30 15:03:07.543,15839,15840,15839,1,-1
2023-03-30 15:03:07.572,15838,15839,15839,1,1
2023-03-30 15:03:08.090,15838,15839,15839,1,1
2023-03-30 15:03:08.527,15838,15840,15840,4,4
2023-03-30 15:03:08.597,15838,15840,15840,1,1
2023-03-30 15:03:08.611,15838,15840,15840,1,1
2023-03-30 15:03:08.650,15838,15840,15840,1,1
2023-03-30 15:03:08.731,15839,15840,15840,2,2
2023-03-30 15:03:08.771,15839,15840,15840,16,16
2023-03-30 15:03:08.771,15839,15840,15841,10,10
2023-03-30 15:03:08.841,15839,15841,15841,1,1
2023-03-30 15:03:08.852,15839,15841,15841,1,1
2023-03-30 15:03:10.252,15839,15840,15839,1,-1
2023-03-30 15:03:10.318,15839,15840,15840,1,1
2023-03-30 15:03:11.466,15839,15840,15840,1,1
2023-03-30 15:03:11.500,15839,15840,15840,2,2
2023-03-30 15:03:12.037,15839,15840,15839,1,-1
2023-03-30 15:03:12.068,15838,15839,15839,1,1
2023-03-30 15:03:12.097,15838,15839,15839,1,1
2023-03-30 15:03:12.546,15838,15839,15839,1,1
2023-03-30 15:03:13.384,15838,15839,15839,1,1
2023-03-30 15:03:14.993,15838,15839,15838,1,-1
2023-03-30 15:03:15.549,15838,15839,15838,3,-3
2023-03-30 15:03:16.252,15838,15839,15839,8,8
2023-03-30 15:03:16.617,15838,15840,15838,3,-3
2023-03-30 15:03:17.275,15838,15840,15840,1,1
2023-03-30 15:03:21.778,15838,15839,15838,1,-1
2023-03-30 15:03:21.778,15838,15839,15838,1,-1
2023-03-30 15:03:21.778,15838,15839,15838,1,-1
2023-03-30 15:03:21.779,15838,15839,15838,1,-1
2023-03-30 15:03:21.779,15838,15839,15838,8,-8
2023-03-30 15:03:21.780,15838,15839,15837,1,-1
2023-03-30 15:03:25.328,15838,15839,15838,1,-1
2023-03-30 15:03:30.920,15838,15839,15839,1,1
2023-03-30 15:03:31.618,15838,15839,15838,4,-4
2023-03-30 15:03:32.442,15837,15839,15837,3,-3
2023-03-30 15:03:32.498,15837,15839,15837,2,-2
2023-03-30 15:03:38.989,15836,15837,15837,1,1
2023-03-30 15:03:39.916,15836,15837,15837,1,1
2023-03-30 15:03:40.720,15836,15837,15836,5,-5
2023-03-30 15:03:40.721,15836,15837,15836,1,-1
2023-03-30 15:03:42.074,15836,15837,15836,7,-7
2023-03-30 15:03:47.127,15835,15836,15836,2,2
2023-03-30 15:03:49.945,15835,15836,15836,5,5
2023-03-30 15:03:52.376,15835,15836,15836,1,1
2023-03-30 15:03:52.641,15835,15836,15836,1,1
2023-03-30 15:03:52.642,15835,15836,15836,1,1
2023-03-30 15:03:53.611,15835,15837,15835,2,-2
2023-03-30 15:03:56.502,15835,15836,15835,1,-1
2023-03-30 15:03:59.188,15835,15836,15835,1,-1
2023-03-30 15:04:00.207,15835,15836,15836,4,4
2023-03-30 15:04:00.276,15835,15836,15836,6,6
2023-03-30 15:04:00.357,15835,15836,15836,1,1
2023-03-30 15:04:00.611,15835,15836,15836,1,1
2023-03-30 15:04:00.611,15835,15836,15837,5,5
2023-03-30 15:04:02.187,15836,15838,15836,3,-3
2023-03-30 15:04:03.068,15835,15836,15835,3,-3
2023-03-30 15:04:06.630,15835,15836,15836,1,1
2023-03-30 15:04:07.054,15835,15836,15835,4,-4
2023-03-30 15:04:10.634,15835,15836,15835,1,-1
2023-03-30 15:04:10.634,15835,15836,15835,1,-1
2023-03-30 15:04:10.634,15835,15836,15835,1,-1
2023-03-30 15:04:11.652,15834,15835,15835,1,1
2023-03-30 15:04:13.351,15834,15835,15834,1,-1
2023-03-30 15:04:16.695,15834,15835,15835,1,1
2023-03-30 15:04:17.232,15834,15835,15834,2,-2
2023-03-30 15:04:18.197,15834,15835,15835,2,2
2023-03-30 15:04:18.555,15834,15835,15835,2,2
2023-03-30 15:04:18.597,15835,15836,15835,1,-1
2023-03-30 15:04:20.490,15835,15836,15836,1,1
2023-03-30 15:04:21.854,15836,15837,15836,1,-1
2023-03-30 15:04:21.885,15836,15837,15836,1,-1
2023-03-30 15:04:23.290,15835,15836,15836,1,1
2023-03-30 15:04:32.973,15835,15836,15836,1,1
2023-03-30 15:04:33.505,15836,15837,15836,1,-1
2023-03-30 15:04:37.724,15836,15837,15837,1,1
2023-03-30 15:04:38.114,15836,15837,15837,1,1
2023-03-30 15:04:43.950,15837,15838,15838,14,14
2023-03-30 15:04:44.753,15838,15839,15838,1,-1
2023-03-30 15:04:49.864,15838,15839,15839,1,1
2023-03-30 15:04:50.105,15838,15839,15839,1,1
2023-03-30 15:04:50.662,15838,15839,15839,1,1
2023-03-30 15:04:50.662,15838,15839,15840,1,1
2023-03-30 15:04:51.436,15839,15840,15839,4,-4
2023-03-30 15:04:52.920,15838,15840,15840,3,3
2023-03-30 15:04:55.986,15838,15839,15839,1,1
2023-03-30 15:04:58.452,15838,15839,15838,2,-2
2023-03-30 15:04:58.452,15838,15839,15838,1,-1
2023-03-30 15:04:59.462,15837,15838,15838,1,1
2023-03-30 15:04:59.972,15837,15838,15838,1,1
2023-03-30 15:04:59.972,15837,15838,15839,1,1
2023-03-30 15:05:08.731,15837,15839,15837,2,-2
2023-03-30 15:05:10.642,15838,15839,15839,1,1
2023-03-30 15:05:16.469,15838,15839,15839,1,1
2023-03-30 15:05:16.789,15838,15839,15838,1,-1
2023-03-30 15:05:18.781,15838,15839,15838,1,-1
2023-03-30 15:05:18.781,15838,15839,15838,2,-2
2023-03-30 15:05:25.638,15836,15837,15837,1,1
2023-03-30 15:05:28.798,15836,15837,15837,4,4
2023-03-30 15:05:34.569,15836,15837,15836,1,-1
2023-03-30 15:05:40.448,15837,15838,15837,3,-3
2023-03-30 15:05:42.368,15837,15838,15837,1,-1
2023-03-30 15:05:42.368,15837,15838,15836,2,-2
2023-03-30 15:05:50.074,15836,15837,15836,3,-3
2023-03-30 15:05:51.996,15836,15837,15836,1,-1
2023-03-30 15:05:51.996,15836,15837,15836,1,-1
2023-03-30 15:05:51.996,15836,15837,15836,2,-2
2023-03-30 15:05:52.026,15836,15837,15836,1,-1
2023-03-30 15:05:52.056,15836,15837,15836,1,-1
2023-03-30 15:05:55.217,15835,15837,15837,1,1
2023-03-30 15:05:58.289,15835,15836,15836,3,3
2023-03-30 15:05:58.289,15835,15836,15836,2,2
2023-03-30 15:05:59.318,15836,15837,15836,2,-2
2023-03-30 15:05:59.318,15836,15837,15835,1,-1
2023-03-30 15:06:00.553,15835,15837,15835,3,-3
2023-03-30 15:06:05.243,15835,15836,15836,1,1
2023-03-30 15:06:07.868,15835,15836,15835,6,-6
2023-03-30 15:06:08.068,15834,15835,15834,1,-1
2023-03-30 15:06:09.840,15834,15835,15834,2,-2
2023-03-30 15:06:09.840,15834,15835,15834,1,-1
2023-03-30 15:06:09.945,15833,15834,15834,1,1
2023-03-30 15:06:11.928,15833,15834,15833,3,-3
2023-03-30 15:06:12.064,15833,15834,15833,5,-5
2023-03-30 15:06:12.429,15833,15834,15833,3,-3
2023-03-30 15:06:14.396,15832,15833,15833,1,1
2023-03-30 15:06:26.153,15832,15833,15832,3,-3
2023-03-30 15:06:26.215,15832,15833,15832,2,-2
2023-03-30 15:06:26.215,15832,15833,15832,1,-1
2023-03-30 15:06:28.339,15832,15833,15832,2,-2
2023-03-30 15:06:28.339,15832,15833,15831,1,-1
2023-03-30 15:06:28.946,15832,15833,15832,1,-1
2023-03-30 15:06:30.823,15832,15833,15832,1,-1
2023-03-30 15:06:32.435,15832,15833,15833,3,3
2023-03-30 15:06:33.182,15832,15833,15832,1,-1
2023-03-30 15:06:33.182,15832,15833,15831,2,-2
2023-03-30 15:06:34.948,15832,15833,15832,3,-3
2023-03-30 15:06:37.789,15832,15833,15832,3,-3
2023-03-30 15:06:38.712,15832,15833,15832,5,-5
2023-03-30 15:06:38.713,15832,15833,15832,1,-1
2023-03-30 15:06:38.713,15832,15833,15832,2,-2
2023-03-30 15:06:39.478,15832,15833,15832,3,-3
2023-03-30 15:06:41.435,15832,15833,15832,2,-2
2023-03-30 15:06:41.435,15832,15833,15831,1,-1
2023-03-30 15:06:41.464,15831,15832,15832,1,1
2023-03-30 15:06:42.256,15831,15832,15831,2,-2
2023-03-30 15:06:44.073,15830,15831,15830,1,-1
2023-03-30 15:06:44.404,15830,15831,15831,1,1
2023-03-30 15:06:44.809,15830,15831,15831,3,3
2023-03-30 15:06:46.901,15831,15832,15831,3,-3
2023-03-30 15:06:48.001,15831,15832,15831,1,-1
2023-03-30 15:06:48.171,15831,15832,15831,1,-1
2023-03-30 15:06:49.295,15831,15832,15831,3,-3
2023-03-30 15:06:53.166,15830,15831,15830,3,-3
2023-03-30 15:06:53.736,15830,15831,15830,1,-1
2023-03-30 15:06:55.015,15830,15831,15830,3,-3
2023-03-30 15:06:55.406,15830,15831,15830,1,-1
2023-03-30 15:07:01.492,15830,15831,15831,1,1
2023-03-30 15:07:01.942,15830,15831,15831,1,1
2023-03-30 15:07:01.942,15830,15831,15831,1,1
2023-03-30 15:07:04.645,15831,15832,15831,1,-1
2023-03-30 15:07:04.882,15831,15832,15831,3,-3
2023-03-30 15:07:04.987,15830,15832,15830,8,-8
2023-03-30 15:07:06.585,15830,15831,15831,1,1
2023-03-30 15:07:07.170,15830,15832,15830,3,-3
2023-03-30 15:07:09.301,15830,15832,15830,3,-3
2023-03-30 15:07:10.367,15831,15832,15831,1,-1
2023-03-30 15:07:13.595,15831,15832,15831,1,-1
2023-03-30 15:07:18.981,15831,15832,15831,1,-1
2023-03-30 15:07:19.467,15831,15832,15831,7,-7
2023-03-30 15:07:21.308,15830,15831,15830,3,-3
2023-03-30 15:07:25.297,15830,15831,15830,1,-1
2023-03-30 15:07:25.298,15830,15831,15830,3,-3
2023-03-30 15:07:25.298,15830,15831,15830,1,-1
2023-03-30 15:07:25.298,15830,15831,15830,1,-1
2023-03-30 15:07:25.298,15830,15831,15830,1,-1
2023-03-30 15:07:25.298,15830,15831,15830,2,-2
2023-03-30 15:07:25.298,15830,15831,15830,1,-1
2023-03-30 15:07:25.298,15830,15831,15830,1,-1
2023-03-30 15:07:25.299,15830,15831,15830,1,-1
2023-03-30 15:07:25.299,15830,15831,15830,2,-2
2023-03-30 15:07:25.299,15830,15831,15830,53,-53
2023-03-30 15:07:25.299,15830,15831,15829,1,-1
2023-03-30 15:07:25.299,15830,15831,15829,1,-1
2023-03-30 15:07:25.299,15830,15831,15829,1,-1
2023-03-30 15:07:25.299,15830,15831,15829,9,-9
2023-03-30 15:07:25.300,15830,15831,15829,1,-1
2023-03-30 15:07:25.300,15830,15831,15829,3,-3
2023-03-30 15:07:25.300,15830,15831,15829,1,-1
2023-03-30 15:07:25.300,15830,15831,15829,3,-3
2023-03-30 15:07:25.300,15830,15831,15829,1,-1
2023-03-30 15:07:28.176,15828,15829,15828,1,-1
2023-03-30 15:07:29.123,15828,15829,15828,1,-1
2023-03-30 15:07:29.628,15828,15829,15829,1,1
2023-03-30 15:07:30.181,15828,15830,15828,3,-3
2023-03-30 15:07:30.253,15828,15830,15828,1,-1
2023-03-30 15:07:31.657,15828,15830,15828,2,-2
2023-03-30 15:07:31.657,15828,15830,15828,3,-3
2023-03-30 15:07:32.678,15827,15829,15827,1,-1
2023-03-30 15:07:32.787,15827,15829,15829,2,2
2023-03-30 15:07:35.637,15827,15828,15827,3,-3
2023-03-30 15:07:37.049,15827,15828,15828,3,3
2023-03-30 15:07:39.448,15827,15828,15827,8,-8
2023-03-30 15:07:39.449,15827,15828,15827,2,-2
2023-03-30 15:07:39.954,15826,15828,15828,3,3
2023-03-30 15:07:41.586,15827,15828,15828,2,2
2023-03-30 15:07:41.587,15827,15828,15827,1,-1
2023-03-30 15:07:42.543,15826,15827,15826,1,-1
2023-03-30 15:07:42.779,15826,15827,15826,1,-1
2023-03-30 15:07:42.779,15826,15827,15826,5,-5
2023-03-30 15:07:43.779,15825,15826,15825,1,-1
2023-03-30 15:07:47.155,15825,15826,15825,1,-1
2023-03-30 15:07:47.969,15825,15826,15825,5,-5
2023-03-30 15:07:50.835,15825,15826,15825,1,-1
2023-03-30 15:07:51.365,15825,15826,15826,1,1
2023-03-30 15:07:52.084,15825,15826,15825,1,-1
2023-03-30 15:07:52.486,15825,15826,15826,1,1
2023-03-30 15:07:53.064,15825,15826,15826,2,2
2023-03-30 15:07:54.366,15826,15828,15828,1,1
2023-03-30 15:07:58.454,15827,15828,15827,1,-1
2023-03-30 15:08:00.201,15827,15828,15827,2,-2
2023-03-30 15:08:04.795,15827,15828,15827,1,-1
2023-03-30 15:08:05.127,15827,15828,15827,1,-1
2023-03-30 15:08:07.292,15827,15828,15827,1,-1
2023-03-30 15:08:07.321,15827,15828,15827,2,-2
2023-03-30 15:08:08.111,15827,15828,15828,1,1
2023-03-30 15:08:08.111,15827,15828,15828,1,1
2023-03-30 15:08:08.111,15827,15828,15828,1,1
2023-03-30 15:08:08.111,15827,15828,15828,2,2
2023-03-30 15:08:08.111,15827,15828,15828,1,1
2023-03-30 15:08:08.111,15827,15828,15828,1,1
2023-03-30 15:08:08.111,15827,15828,15828,1,1
2023-03-30 15:08:08.111,15827,15828,15828,1,1
2023-03-30 15:08:08.749,15828,15829,15828,1,-1
2023-03-30 15:08:08.892,15828,15829,15828,2,-2
2023-03-30 15:08:09.486,15828,15829,15828,1,-1
2023-03-30 15:08:10.337,15828,15829,15828,1,-1
2023-03-30 15:08:12.393,15828,15829,15828,1,-1
2023-03-30 15:08:12.561,15828,15829,15828,1,-1
2023-03-30 15:08:12.590,15827,15828,15828,1,1
2023-03-30 15:08:15.307,15828,15829,15828,1,-1
2023-03-30 15:08:15.961,15828,15829,15829,1,1
2023-03-30 15:08:15.961,15828,15829,15829,4,4
2023-03-30 15:08:15.961,15828,15829,15829,1,1
2023-03-30 15:08:15.961,15828,15829,15829,3,3
2023-03-30 15:08:15.961,15828,15829,15829,1,1
2023-03-30 15:08:15.961,15828,15829,15829,1,1
2023-03-30 15:08:15.962,15828,15829,15829,1,1
2023-03-30 15:08:15.962,15828,15829,15829,2,2
2023-03-30 15:08:16.483,15829,15830,15830,1,1
2023-03-30 15:08:16.571,15829,15830,15829,1,-1
2023-03-30 15:08:32.668,15829,15830,15830,4,4
2023-03-30 15:08:36.828,15829,15830,15830,1,1
2023-03-30 15:08:38.830,15830,15831,15831,1,1
2023-03-30 15:08:44.283,15830,15831,15831,2,2
2023-03-30 15:08:45.552,15830,15831,15831,8,8
2023-03-30 15:08:54.743,15830,15831,15831,1,1
2023-03-30 15:09:00.006,15830,15831,15830,1,-1
2023-03-30 15:09:00.263,15830,15831,15831,1,1
2023-03-30 15:09:01.673,15830,15831,15831,1,1
2023-03-30 15:09:06.039,15830,15831,15830,1,-1
2023-03-30 15:09:06.039,15830,15831,15830,1,-1
2023-03-30 15:09:06.040,15830,15831,15830,4,-4
2023-03-30 15:09:06.040,15830,15831,15830,3,-3
2023-03-30 15:09:06.072,15829,15830,15830,1,1
2023-03-30 15:09:09.230,15829,15830,15829,1,-1
2023-03-30 15:09:10.383,15829,15830,15829,1,-1
2023-03-30 15:09:10.383,15829,15830,15829,4,-4
2023-03-30 15:09:10.383,15829,15830,15829,1,-1
2023-03-30 15:09:10.444,15829,15830,15829,1,-1
2023-03-30 15:09:10.916,15829,15830,15829,1,-1
2023-03-30 15:09:10.945,15828,15829,15829,1,1
2023-03-30 15:09:10.973,15828,15829,15829,1,1
2023-03-30 15:09:13.388,15828,15829,15829,1,1
2023-03-30 15:09:15.652,15829,15830,15829,1,-1
2023-03-30 15:09:17.370,15829,15830,15829,1,-1
2023-03-30 15:09:23.441,15828,15829,15828,1,-1
2023-03-30 15:09:25.263,15828,15830,15828,1,-1
2023-03-30 15:09:38.060,15829,15830,15829,5,-5
2023-03-30 15:09:44.137,15829,15830,15829,1,-1
2023-03-30 15:09:44.137,15829,15830,15829,1,-1
2023-03-30 15:09:44.137,15829,15830,15829,4,-4
2023-03-30 15:09:44.169,15829,15830,15829,1,-1
2023-03-30 15:09:44.400,15829,15830,15829,1,-1
2023-03-30 15:09:44.995,15829,15830,15829,4,-4
2023-03-30 15:09:50.754,15828,15829,15829,1,1
2023-03-30 15:09:56.075,15828,15829,15829,3,3
2023-03-30 15:09:56.075,15828,15829,15829,3,3
2023-03-30 15:09:56.075,15828,15829,15829,1,1
2023-03-30 15:09:56.352,15829,15830,15829,1,-1
2023-03-30 15:09:56.352,15829,15830,15829,1,-1
2023-03-30 15:09:56.588,15828,15830,15828,1,-1
2023-03-30 15:09:59.436,15828,15830,15830,3,3
2023-03-30 15:10:00.513,15829,15830,15830,1,1
2023-03-30 15:10:00.705,15829,15830,15829,1,-1
2023-03-30 15:10:00.705,15829,15830,15829,1,-1
2023-03-30 15:10:10.434,15829,15830,15830,3,3
2023-03-30 15:10:10.712,15829,15831,15829,10,-10
2023-03-30 15:10:21.082,15829,15830,15830,5,5
2023-03-30 15:10:21.433,15830,15831,15830,2,-2
2023-03-30 15:10:26.040,15830,15831,15831,2,2
2023-03-30 15:10:26.041,15830,15831,15831,3,3
2023-03-30 15:10:29.554,15831,15832,15831,3,-3
2023-03-30 15:10:34.999,15831,15832,15832,5,5
2023-03-30 15:10:36.885,15831,15832,15832,1,1
2023-03-30 15:10:39.041,15831,15832,15832,1,1
2023-03-30 15:10:39.828,15831,15832,15831,1,-1
2023-03-30 15:10:54.790,15831,15832,15831,3,-3
2023-03-30 15:10:56.239,15831,15832,15832,2,2
2023-03-30 15:10:56.239,15831,15832,15832,1,1
2023-03-30 15:10:56.239,15831,15832,15832,1,1
2023-03-30 15:10:56.239,15831,15832,15832,1,1
2023-03-30 15:10:56.239,15831,15832,15832,1,1
2023-03-30 15:10:56.239,15831,15832,15832,1,1
2023-03-30 15:10:56.239,15831,15832,15832,7,7
2023-03-30 15:10:58.538,15832,15833,15832,2,-2
2023-03-30 15:10:59.814,15832,15833,15832,3,-3
2023-03-30 15:11:00.035,15831,15832,15832,1,1
2023-03-30 15:11:00.212,15831,15832,15832,1,1
2023-03-30 15:11:00.323,15831,15832,15832,1,1
2023-03-30 15:11:00.331,15831,15832,15831,1,-1
2023-03-30 15:11:00.392,15831,15832,15832,1,1
2023-03-30 15:11:01.073,15831,15832,15832,5,5
2023-03-30 15:11:03.427,15832,15833,15833,1,1
2023-03-30 15:11:03.558,15833,15834,15833,1,-1
2023-03-30 15:11:06.662,15833,15834,15834,1,1
2023-03-30 15:11:06.667,15833,15834,15834,1,1
2023-03-30 15:11:07.414,15834,15835,15834,2,-2
2023-03-30 15:11:10.771,15833,15835,15833,3,-3
2023-03-30 15:11:10.955,15833,15835,15835,5,5
2023-03-30 15:11:12.695,15834,15836,15834,3,-3
2023-03-30 15:11:13.681,15835,15836,15835,1,-1
2023-03-30 15:11:13.681,15835,15836,15834,1,-1
2023-03-30 15:11:14.746,15834,15836,15834,2,-2
2023-03-30 15:11:14.746,15834,15836,15833,1,-1
2023-03-30 15:11:16.769,15834,15835,15834,3,-3
2023-03-30 15:11:20.228,15834,15835,15834,1,-1
2023-03-30 15:11:21.417,15833,15835,15835,1,1
2023-03-30 15:11:21.552,15833,15835,15833,1,-1
2023-03-30 15:11:25.594,15833,15834,15833,1,-1
2023-03-30 15:11:27.542,15833,15834,15833,1,-1
2023-03-30 15:11:27.542,15833,15834,15833,2,-2
2023-03-30 15:11:27.543,15833,15834,15833,2,-2
2023-03-30 15:11:27.543,15833,15834,15833,3,-3
2023-03-30 15:11:27.543,15833,15834,15833,1,-1
2023-03-30 15:11:27.543,15833,15834,15833,1,-1
2023-03-30 15:11:27.543,15833,15834,15833,1,-1
2023-03-30 15:11:32.623,15833,15834,15833,1,-1
2023-03-30 15:11:44.759,15833,15834,15834,1,1
2023-03-30 15:11:56.420,15833,15834,15833,3,-3
2023-03-30 15:11:58.264,15833,15834,15833,3,-3
2023-03-30 15:12:00.209,15833,15834,15834,2,2
2023-03-30 15:12:00.321,15833,15834,15834,1,1
2023-03-30 15:12:00.351,15833,15834,15834,1,1
2023-03-30 15:12:00.370,15833,15834,15833,3,-3
2023-03-30 15:12:02.460,15833,15834,15833,3,-3
2023-03-30 15:12:03.538,15833,15834,15833,5,-5
2023-03-30 15:12:05.641,15833,15834,15833,5,-5
2023-03-30 15:12:07.505,15833,15834,15834,19,19
2023-03-30 15:12:07.537,15833,15834,15834,1,1
2023-03-30 15:12:10.522,15834,15835,15835,7,7
2023-03-30 15:12:10.522,15834,15835,15835,2,2
2023-03-30 15:12:10.522,15834,15835,15835,1,1
2023-03-30 15:12:13.848,15835,15836,15835,1,-1
2023-03-30 15:12:16.605,15835,15836,15835,2,-2
2023-03-30 15:12:16.749,15835,15836,15835,1,-1
2023-03-30 15:12:17.270,15835,15836,15836,1,1
2023-03-30 15:12:17.343,15835,15836,15836,1,1
2023-03-30 15:12:18.151,15835,15836,15835,1,-1
2023-03-30 15:12:18.717,15835,15836,15836,1,1
2023-03-30 15:12:18.979,15836,15837,15837,3,3
2023-03-30 15:12:24.165,15836,15837,15837,1,1
2023-03-30 15:12:25.126,15836,15837,15836,1,-1
2023-03-30 15:12:25.126,15836,15837,15836,3,-3
2023-03-30 15:12:26.155,15835,15837,15837,1,1
2023-03-30 15:12:30.418,15836,15837,15836,1,-1
2023-03-30 15:12:35.184,15835,15837,15835,3,-3
2023-03-30 15:12:38.455,15835,15836,15835,3,-3
2023-03-30 15:12:39.234,15835,15836,15836,1,1
2023-03-30 15:12:46.048,15836,15837,15837,1,1
2023-03-30 15:12:46.049,15836,15837,15837,2,2
2023-03-30 15:12:46.966,15837,15838,15837,4,-4
2023-03-30 15:12:46.966,15837,15838,15836,1,-1
2023-03-30 15:12:47.580,15837,15838,15837,3,-3
2023-03-30 15:12:47.580,15837,15838,15836,2,-2
2023-03-30 15:12:48.675,15836,15838,15836,1,-1
2023-03-30 15:12:50.070,15837,15838,15837,1,-1
2023-03-30 15:12:52.779,15837,15838,15837,1,-1
2023-03-30 15:12:54.160,15837,15838,15837,5,-5
2023-03-30 15:12:54.711,15837,15838,15837,4,-4
2023-03-30 15:12:54.712,15837,15838,15837,1,-1
2023-03-30 15:12:56.124,15837,15838,15837,4,-4
2023-03-30 15:13:00.093,15836,15837,15837,13,13
2023-03-30 15:13:00.201,15837,15838,15838,1,1
2023-03-30 15:13:00.395,15837,15838,15838,1,1
2023-03-30 15:13:00.464,15837,15838,15838,1,1
2023-03-30 15:13:00.464,15837,15838,15838,5,5
2023-03-30 15:13:03.314,15837,15838,15837,1,-1
2023-03-30 15:13:03.621,15837,15838,15837,1,-1
2023-03-30 15:13:03.696,15837,15838,15837,5,-5
2023-03-30 15:13:04.457,15837,15838,15837,3,-3
2023-03-30 15:13:04.491,15837,15838,15837,2,-2
2023-03-30 15:13:04.491,15837,15838,15838,14,14
2023-03-30 15:13:05.029,15837,15838,15837,5,-5
2023-03-30 15:13:07.598,15837,15838,15837,4,-4
2023-03-30 15:13:11.142,15837,15838,15838,1,1
2023-03-30 15:13:11.428,15837,15838,15838,1,1
2023-03-30 15:13:14.465,15837,15838,15837,4,-4
2023-03-30 15:13:15.734,15836,15837,15837,1,1
2023-03-30 15:13:15.734,15836,15837,15838,14,14
2023-03-30 15:13:19.314,15837,15838,15837,5,-5
2023-03-30 15:13:20.204,15837,15838,15838,2,2
2023-03-30 15:13:21.946,15837,15838,15837,5,-5
2023-03-30 15:13:22.579,15837,15838,15837,1,-1
2023-03-30 15:13:24.090,15836,15837,15837,1,1
2023-03-30 15:13:32.036,15836,15837,15837,3,3
2023-03-30 15:13:32.036,15836,15837,15837,1,1
2023-03-30 15:13:32.100,15837,15838,15838,1,1
2023-03-30 15:13:35.238,15836,15838,15836,5,-5
2023-03-30 15:13:35.623,15836,15838,15836,1,-1
2023-03-30 15:13:35.806,15836,15838,15836,5,-5
2023-03-30 15:13:36.344,15836,15838,15838,1,1
2023-03-30 15:13:37.969,15837,15838,15837,1,-1
2023-03-30 15:13:41.342,15836,15838,15836,5,-5
2023-03-30 15:13:41.869,15836,15838,15836,4,-4
2023-03-30 15:13:41.869,15836,15838,15836,1,-1
2023-03-30 15:13:42.620,15836,15837,15836,1,-1
2023-03-30 15:13:42.620,15836,15837,15835,4,-4
2023-03-30 15:13:43.146,15835,15837,15837,1,1
2023-03-30 15:13:48.892,15835,15837,15837,4,4
2023-03-30 15:13:50.703,15837,15838,15837,1,-1
2023-03-30 15:13:51.396,15835,15837,15837,3,3
2023-03-30 15:13:51.396,15835,15837,15838,2,2
2023-03-30 15:13:57.411,15837,15838,15838,12,12
2023-03-30 15:13:57.411,15837,15838,15839,15,15
2023-03-30 15:14:00.203,15837,15838,15838,1,1
2023-03-30 15:14:00.260,15837,15838,15838,2,2
2023-03-30 15:14:00.306,15837,15838,15838,2,2
2023-03-30 15:14:00.389,15837,15838,15838,1,1
2023-03-30 15:14:03.818,15837,15839,15837,11,-11
2023-03-30 15:14:03.818,15837,15839,15836,12,-12
2023-03-30 15:14:05.048,15836,15837,15837,1,1
2023-03-30 15:14:08.038,15836,15837,15837,4,4
2023-03-30 15:14:16.376,15837,15838,15838,2,2
2023-03-30 15:14:16.376,15837,15838,15839,16,16
2023-03-30 15:14:23.631,15838,15839,15839,1,1
2023-03-30 15:14:25.719,15839,15840,15839,1,-1
2023-03-30 15:14:26.070,15839,15840,15839,3,-3
2023-03-30 15:14:26.511,15839,15840,15840,1,1
2023-03-30 15:14:26.512,15839,15840,15840,28,28
2023-03-30 15:14:26.512,15839,15840,15840,6,6
2023-03-30 15:14:26.512,15839,15840,15840,1,1
2023-03-30 15:14:26.512,15839,15840,15840,2,2
2023-03-30 15:14:26.512,15839,15840,15840,1,1
2023-03-30 15:14:26.513,15839,15840,15840,2,2
2023-03-30 15:14:26.990,15840,15841,15840,1,-1
2023-03-30 15:14:28.104,15840,15841,15840,1,-1
2023-03-30 15:14:28.105,15840,15841,15840,2,-2
2023-03-30 15:14:28.105,15840,15841,15840,1,-1
2023-03-30 15:14:30.032,15839,15840,15840,6,6
2023-03-30 15:14:30.783,15839,15840,15840,2,2
2023-03-30 15:14:32.738,15839,15840,15839,1,-1
2023-03-30 15:14:33.064,15839,15840,15840,1,1
2023-03-30 15:14:33.825,15839,15840,15840,4,4
2023-03-30 15:14:38.557,15840,15841,15841,1,1
2023-03-30 15:14:38.635,15840,15841,15841,2,2
2023-03-30 15:14:38.698,15840,15841,15841,2,2
2023-03-30 15:14:38.715,15840,15841,15841,3,3
2023-03-30 15:14:38.724,15840,15841,15842,1,1
2023-03-30 15:14:40.470,15841,15842,15842,1,1
2023-03-30 15:14:41.301,15841,15842,15841,1,-1
2023-03-30 15:14:45.674,15841,15842,15841,2,-2
2023-03-30 15:14:49.862,15841,15842,15841,2,-2
2023-03-30 15:14:56.827,15841,15842,15841,1,-1
2023-03-30 15:14:58.081,15841,15842,15842,1,1
2023-03-30 15:14:59.570,15841,15842,15842,2,2
2023-03-30 15:15:00.035,15841,15842,15842,8,8
2023-03-30 15:15:00.049,15841,15842,15842,1,1
2023-03-30 15:15:00.188,15841,15842,15842,1,1
2023-03-30 15:15:00.195,15841,15842,15842,1,1
2023-03-30 15:15:00.319,15841,15842,15842,1,1
2023-03-30 15:15:00.588,15841,15843,15841,2,-2
2023-03-30 15:15:00.734,15841,15843,15843,1,1
2023-03-30 15:15:00.734,15841,15843,15843,1,1
2023-03-30 15:15:00.899,15841,15843,15843,1,1
2023-03-30 15:15:00.925,15841,15843,15843,2,2
2023-03-30 15:15:00.961,15841,15843,15843,2,2
2023-03-30 15:15:01.041,15841,15843,15843,1,1
2023-03-30 15:15:01.216,15841,15842,15842,1,1
2023-03-30 15:15:01.216,15841,15842,15842,1,1
2023-03-30 15:15:01.370,15841,15842,15842,5,5
2023-03-30 15:15:01.370,15841,15842,15843,3,3
2023-03-30 15:15:05.258,15841,15842,15842,2,2
2023-03-30 15:15:06.931,15841,15842,15842,5,5
2023-03-30 15:15:09.606,15841,15842,15842,1,1
2023-03-30 15:15:09.698,15841,15842,15842,1,1
2023-03-30 15:15:10.519,15841,15842,15842,1,1
2023-03-30 15:15:11.327,15841,15842,15842,6,6
2023-03-30 15:15:11.327,15841,15842,15843,1,1
2023-03-30 15:15:14.609,15842,15843,15842,11,-11
2023-03-30 15:15:15.642,15841,15842,15841,2,-2
2023-03-30 15:15:15.643,15841,15842,15841,2,-2
2023-03-30 15:15:15.643,15841,15842,15841,2,-2
2023-03-30 15:15:15.643,15841,15842,15841,2,-2
2023-03-30 15:15:15.643,15841,15842,15841,2,-2
2023-03-30 15:15:18.652,15840,15842,15842,1,1
2023-03-30 15:15:21.902,15841,15842,15842,1,1
2023-03-30 15:15:22.011,15841,15842,15842,3,3
2023-03-30 15:15:27.953,15841,15842,15842,1,1
2023-03-30 15:15:28.448,15842,15843,15843,2,2
2023-03-30 15:15:34.898,15841,15842,15842,1,1
2023-03-30 15:15:35.927,15841,15842,15842,1,1
2023-03-30 15:15:37.054,15841,15842,15842,1,1
2023-03-30 15:15:37.291,15841,15843,15843,1,1
2023-03-30 15:15:38.416,15841,15843,15843,2,2
2023-03-30 15:15:43.705,15841,15842,15842,9,9
2023-03-30 15:15:44.103,15841,15842,15842,1,1
2023-03-30 15:15:44.153,15841,15842,15842,1,1
2023-03-30 15:15:49.392,15841,15842,15841,4,-4
2023-03-30 15:15:51.303,15840,15841,15841,1,1
2023-03-30 15:15:52.483,15840,15841,15841,2,2
2023-03-30 15:15:52.842,15840,15842,15842,1,1
2023-03-30 15:15:56.500,15841,15842,15841,1,-1
2023-03-30 15:15:59.957,15840,15841,15840,1,-1
2023-03-30 15:16:00.250,15840,15841,15841,1,1
2023-03-30 15:16:05.760,15840,15841,15840,1,-1
2023-03-30 15:16:09.424,15840,15841,15841,1,1
2023-03-30 15:16:19.654,15840,15841,15840,1,-1
2023-03-30 15:16:19.694,15840,15841,15841,1,1
2023-03-30 15:16:20.458,15840,15841,15841,1,1
2023-03-30 15:16:20.568,15840,15841,15841,1,1
2023-03-30 15:16:20.796,15840,15841,15840,1,-1
2023-03-30 15:16:28.574,15840,15841,15841,1,1
2023-03-30 15:16:28.574,15840,15841,15841,3,3
2023-03-30 15:16:29.567,15841,15842,15841,1,-1
2023-03-30 15:16:31.023,15841,15842,15841,1,-1
2023-03-30 15:16:31.341,15840,15842,15842,2,2
2023-03-30 15:16:31.769,15840,15842,15842,1,1
2023-03-30 15:16:36.124,15841,15842,15841,1,-1
2023-03-30 15:16:37.660,15840,15841,15840,1,-1
2023-03-30 15:16:39.369,15840,15841,15840,6,-6
2023-03-30 15:16:39.369,15840,15841,15840,2,-2
2023-03-30 15:16:39.369,15840,15841,15840,3,-3
2023-03-30 15:16:39.369,15840,15841,15840,1,-1
2023-03-30 15:16:39.369,15840,15841,15840,6,-6
2023-03-30 15:16:39.441,15839,15840,15839,3,-3
2023-03-30 15:16:44.005,15838,15839,15840,2,2
2023-03-30 15:16:44.189,15838,15840,15840,1,1
2023-03-30 15:16:48.509,15838,15839,15839,1,1
2023-03-30 15:16:53.368,15838,15839,15839,1,1
2023-03-30 15:16:53.373,15838,15839,15839,1,1
2023-03-30 15:17:00.351,15839,15840,15840,1,1
2023-03-30 15:17:00.775,15839,15841,15841,1,1
2023-03-30 15:17:00.832,15840,15842,15842,1,1
2023-03-30 15:17:10.503,15841,15842,15841,2,-2
2023-03-30 15:17:10.833,15840,15842,15840,1,-1
2023-03-30 15:17:13.680,15840,15841,15840,3,-3
2023-03-30 15:17:15.097,15840,15841,15840,3,-3
2023-03-30 15:17:17.799,15839,15840,15839,1,-1
2023-03-30 15:17:19.794,15839,15840,15839,1,-1
2023-03-30 15:17:20.604,15839,15840,15840,1,1
2023-03-30 15:17:21.992,15840,15841,15839,1,-1
2023-03-30 15:17:22.172,15839,15841,15839,1,-1
2023-03-30 15:17:24.543,15840,15841,15840,3,-3
2023-03-30 15:17:25.609,15839,15840,15840,2,2
2023-03-30 15:17:26.181,15839,15840,15839,1,-1
2023-03-30 15:17:26.619,15839,15840,15840,3,3
2023-03-30 15:17:27.815,15839,15840,15839,3,-3
2023-03-30 15:17:32.700,15838,15839,15839,2,2
2023-03-30 15:17:33.359,15838,15839,15839,1,1
2023-03-30 15:17:35.208,15838,15839,15838,1,-1
2023-03-30 15:17:35.208,15838,15839,15838,2,-2
2023-03-30 15:17:36.899,15837,15839,15837,3,-3
2023-03-30 15:17:39.319,15838,15839,15839,1,1
2023-03-30 15:17:39.895,15838,15840,15838,10,-10
2023-03-30 15:17:43.545,15838,15839,15838,1,-1
2023-03-30 15:17:48.171,15837,15838,15837,3,-3
2023-03-30 15:17:51.249,15837,15838,15838,3,3
2023-03-30 15:17:52.081,15837,15838,15838,1,1
2023-03-30 15:17:52.082,15837,15838,15838,6,6
2023-03-30 15:17:53.976,15838,15840,15838,3,-3
2023-03-30 15:18:00.206,15838,15839,15839,1,1
2023-03-30 15:18:00.281,15838,15839,15839,5,5
2023-03-30 15:18:03.626,15838,15839,15839,1,1
2023-03-30 15:18:06.023,15839,15840,15839,1,-1
2023-03-30 15:18:06.517,15839,15840,15839,1,-1
2023-03-30 15:18:08.932,15839,15840,15840,1,1
2023-03-30 15:18:12.034,15839,15840,15839,1,-1
2023-03-30 15:18:19.994,15839,15840,15840,1,1
2023-03-30 15:19:00.254,15839,15840,15840,1,1
2023-03-30 15:19:00.336,15839,15840,15840,1,1
2023-03-30 15:19:05.892,15839,15840,15839,1,-1
2023-03-30 15:19:06.391,15839,15840,15839,1,-1
2023-03-30 15:19:16.535,15839,15840,15839,1,-1
2023-03-30 15:19:20.387,15839,15840,15839,4,-4
2023-03-30 15:19:20.387,15839,15840,15839,2,-2
2023-03-30 15:19:20.387,15839,15840,15839,3,-3
2023-03-30 15:19:20.387,15839,15840,15839,1,-1
2023-03-30 15:19:20.387,15839,15840,15839,1,-1
2023-03-30 15:19:20.387,15839,15840,15839,1,-1
2023-03-30 15:19:27.232,15838,15839,15838,2,-2
2023-03-30 15:19:28.143,15838,15839,15839,1,1
2023-03-30 15:19:32.178,15839,15840,15839,1,-1
2023-03-30 15:19:32.178,15839,15840,15838,1,-1
2023-03-30 15:19:36.457,15838,15840,15840,1,1
2023-03-30 15:19:38.970,15838,15840,15840,8,8
2023-03-30 15:19:39.348,15839,15840,15840,1,1
2023-03-30 15:19:39.349,15839,15840,15840,2,2
2023-03-30 15:19:54.865,15840,15841,15841,1,1
2023-03-30 15:19:59.927,15840,15841,15841,1,1
2023-03-30 15:20:00.289,15840,15841,15841,1,1
2023-03-30 15:20:00.370,15841,15842,15842,1,1
2023-03-30 15:20:00.418,15841,15842,15842,1,1
2023-03-30 15:20:10.632,15841,15842,15842,5,5
2023-03-30 15:20:11.151,15841,15842,15842,1,1
2023-03-30 15:20:11.371,15841,15842,15842,8,8
2023-03-30 15:20:11.371,15841,15842,15842,1,1
2023-03-30 15:20:11.371,15841,15842,15842,2,2
2023-03-30 15:20:11.494,15842,15843,15842,6,-6
2023-03-30 15:20:19.413,15842,15843,15843,1,1
2023-03-30 15:20:31.058,15842,15843,15843,2,2
2023-03-30 15:20:34.792,15842,15843,15843,1,1
2023-03-30 15:20:39.109,15842,15843,15843,1,1
2023-03-30 15:20:45.466,15842,15843,15843,4,4
2023-03-30 15:20:49.082,15842,15843,15843,3,3
2023-03-30 15:20:50.440,15842,15843,15843,1,1
2023-03-30 15:20:50.746,15842,15843,15842,1,-1
2023-03-30 15:20:51.014,15842,15843,15843,1,1
2023-03-30 15:20:54.038,15842,15843,15843,2,2
2023-03-30 15:20:55.205,15842,15843,15843,1,1
2023-03-30 15:20:55.403,15842,15843,15843,1,1
2023-03-30 15:20:55.769,15842,15843,15843,1,1
2023-03-30 15:20:58.339,15842,15843,15842,3,-3
2023-03-30 15:20:58.339,15842,15843,15842,1,-1
2023-03-30 15:20:58.339,15842,15843,15842,1,-1
2023-03-30 15:20:58.339,15842,15843,15842,1,-1
2023-03-30 15:20:58.339,15842,15843,15842,2,-2
2023-03-30 15:20:58.339,15842,15843,15842,6,-6
2023-03-30 15:20:58.371,15842,15843,15842,1,-1
2023-03-30 15:20:58.401,15842,15843,15842,1,-1
2023-03-30 15:20:59.453,15841,15842,15842,3,3
2023-03-30 15:20:59.522,15841,15842,15842,1,1
2023-03-30 15:20:59.984,15841,15842,15842,1,1
2023-03-30 15:21:00.217,15841,15842,15842,1,1
2023-03-30 15:21:00.324,15841,15842,15842,1,1
2023-03-30 15:21:00.822,15842,15843,15843,3,3
2023-03-30 15:21:00.835,15842,15843,15843,1,1
2023-03-30 15:21:02.375,15842,15843,15843,3,3
2023-03-30 15:21:02.868,15842,15844,15842,2,-2
2023-03-30 15:21:03.631,15842,15844,15842,2,-2
2023-03-30 15:21:06.220,15843,15844,15844,2,2
2023-03-30 15:21:06.221,15843,15844,15844,1,1
2023-03-30 15:21:06.221,15843,15844,15844,1,1
2023-03-30 15:21:06.221,15843,15844,15844,2,2
2023-03-30 15:21:06.221,15843,15844,15844,2,2
2023-03-30 15:21:06.221,15843,15844,15844,4,4
2023-03-30 15:21:08.376,15844,15845,15844,1,-1
2023-03-30 15:21:08.883,15844,15845,15844,1,-1
2023-03-30 15:21:09.169,15844,15845,15844,4,-4
2023-03-30 15:21:14.649,15843,15844,15844,1,1
2023-03-30 15:21:18.390,15843,15844,15844,1,1
2023-03-30 15:21:26.716,15843,15844,15843,1,-1
2023-03-30 15:21:26.716,15843,15844,15843,2,-2
2023-03-30 15:21:28.201,15842,15843,15843,1,1
2023-03-30 15:21:41.259,15842,15843,15842,1,-1
2023-03-30 15:21:41.474,15842,15843,15842,1,-1
2023-03-30 15:21:41.474,15842,15843,15842,1,-1
2023-03-30 15:21:41.474,15842,15843,15842,3,-3
2023-03-30 15:21:42.165,15841,15842,15842,1,1
2023-03-30 15:21:42.610,15841,15842,15842,2,2
2023-03-30 15:21:43.708,15841,15843,15843,1,1
2023-03-30 15:21:44.164,15841,15843,15841,3,-3
2023-03-30 15:21:49.500,15842,15843,15842,1,-1
2023-03-30 15:22:00.343,15841,15842,15842,1,1
2023-03-30 15:22:00.776,15841,15842,15842,1,1
2023-03-30 15:22:08.286,15841,15842,15842,1,1
2023-03-30 15:22:08.286,15841,15842,15842,1,1
2023-03-30 15:22:08.286,15841,15842,15842,2,2
2023-03-30 15:22:14.953,15841,15842,15841,1,-1
2023-03-30 15:22:24.456,15841,15842,15842,5,5
2023-03-30 15:22:31.955,15841,15842,15841,5,-5
2023-03-30 15:22:33.156,15841,15842,15841,1,-1
2023-03-30 15:22:36.531,15841,15842,15841,1,-1
2023-03-30 15:22:44.476,15841,15842,15842,1,1
2023-03-30 15:22:44.477,15841,15842,15842,1,1
2023-03-30 15:22:44.477,15841,15842,15842,4,4
2023-03-30 15:22:44.477,15841,15842,15842,2,2
2023-03-30 15:22:44.477,15841,15842,15842,3,3
2023-03-30 15:22:44.477,15841,15842,15842,1,1
2023-03-30 15:22:52.113,15842,15843,15842,3,-3
2023-03-30 15:23:00.697,15842,15843,15843,1,1
2023-03-30 15:23:01.446,15842,15843,15843,1,1
2023-03-30 15:23:01.907,15842,15843,15843,1,1
2023-03-30 15:23:15.232,15842,15843,15843,1,1
2023-03-30 15:23:15.990,15842,15843,15842,1,-1
2023-03-30 15:23:15.991,15842,15843,15842,3,-3
2023-03-30 15:23:15.991,15842,15843,15842,1,-1
2023-03-30 15:23:21.738,15840,15842,15842,1,1
2023-03-30 15:23:32.383,15840,15841,15840,3,-3
2023-03-30 15:23:33.261,15840,15841,15841,1,1
2023-03-30 15:23:33.388,15840,15842,15842,1,1
2023-03-30 15:23:33.398,15840,15842,15842,1,1
2023-03-30 15:23:33.468,15841,15842,15842,1,1
2023-03-30 15:23:33.472,15841,15842,15843,1,1
2023-03-30 15:23:33.497,15841,15842,15843,1,1
2023-03-30 15:23:34.170,15841,15843,15841,2,-2
2023-03-30 15:23:34.471,15841,15842,15841,3,-3
2023-03-30 15:23:38.914,15840,15842,15842,1,1
2023-03-30 15:23:51.887,15841,15842,15842,1,1
2023-03-30 15:23:56.245,15841,15842,15842,1,1
2023-03-30 15:23:58.029,15841,15842,15842,1,1
2023-03-30 15:24:00.533,15841,15842,15841,1,-1
2023-03-30 15:24:00.617,15841,15842,15842,1,1
2023-03-30 15:24:00.882,15841,15842,15842,2,2
2023-03-30 15:24:01.869,15841,15842,15841,1,-1
2023-03-30 15:24:03.318,15841,15842,15841,3,-3
2023-03-30 15:24:03.318,15841,15842,15841,1,-1
2023-03-30 15:24:05.679,15840,15841,15840,3,-3
2023-03-30 15:24:05.680,15840,15841,15840,1,-1
2023-03-30 15:24:05.680,15840,15841,15840,5,-5
2023-03-30 15:24:05.680,15840,15841,15840,1,-1
2023-03-30 15:24:05.680,15840,15841,15840,1,-1
2023-03-30 15:24:05.680,15840,15841,15840,1,-1
2023-03-30 15:24:05.680,15840,15841,15840,1,-1
2023-03-30 15:24:08.634,15839,15840,15839,7,-7
2023-03-30 15:24:10.050,15839,15840,15839,1,-1
2023-03-30 15:24:13.252,15838,15840,15838,2,-2
2023-03-30 15:24:13.343,15838,15839,15838,2,-2
2023-03-30 15:24:19.398,15838,15839,15838,1,-1
2023-03-30 15:24:19.573,15838,15839,15838,1,-1
2023-03-30 15:24:22.450,15838,15839,15838,1,-1
2023-03-30 15:24:25.343,15838,15839,15839,1,1
2023-03-30 15:24:30.141,15839,15840,15839,4,-4
2023-03-30 15:24:35.326,15838,15839,15838,1,-1
2023-03-30 15:24:36.100,15838,15839,15838,1,-1
2023-03-30 15:24:45.234,15838,15839,15838,1,-1
2023-03-30 15:24:46.299,15838,15839,15839,10,10
2023-03-30 15:24:49.353,15839,15840,15839,1,-1
2023-03-30 15:24:55.978,15839,15840,15839,2,-2
2023-03-30 15:25:24.078,15839,15840,15839,1,-1
2023-03-30 15:25:28.716,15839,15840,15839,1,-1
2023-03-30 15:25:33.799,15839,15840,15839,1,-1
2023-03-30 15:25:33.948,15839,15840,15839,2,-2
2023-03-30 15:25:38.070,15839,15840,15840,2,2
2023-03-30 15:25:38.071,15839,15840,15840,6,6
2023-03-30 15:25:38.071,15839,15840,15840,1,1
2023-03-30 15:25:38.071,15839,15840,15840,6,6
2023-03-30 15:25:38.071,15839,15840,15840,1,1
2023-03-30 15:25:38.071,15839,15840,15840,1,1
2023-03-30 15:26:00.150,15839,15840,15839,1,-1
2023-03-30 15:26:00.150,15839,15840,15839,1,-1
2023-03-30 15:26:00.150,15839,15840,15839,1,-1
2023-03-30 15:26:00.150,15839,15840,15839,3,-3
2023-03-30 15:26:00.150,15839,15840,15839,5,-5
2023-03-30 15:26:00.150,15839,15840,15839,14,-14
2023-03-30 15:26:00.392,15839,15840,15839,2,-2
2023-03-30 15:26:03.192,15838,15839,15838,15,-15
2023-03-30 15:26:13.413,15838,15839,15838,1,-1
2023-03-30 15:26:13.729,15838,15839,15838,1,-1
2023-03-30 15:26:15.530,15838,15839,15838,1,-1
2023-03-30 15:26:16.058,15838,15839,15839,1,1
2023-03-30 15:26:16.058,15838,15839,15839,1,1
2023-03-30 15:26:25.866,15838,15839,15839,1,1
2023-03-30 15:26:25.866,15838,15839,15839,1,1
2023-03-30 15:26:25.866,15838,15839,15839,2,2
2023-03-30 15:26:26.429,15839,15840,15839,1,-1
2023-03-30 15:26:41.431,15839,15840,15840,5,5
2023-03-30 15:26:45.311,15839,15840,15839,1,-1
2023-03-30 15:26:49.232,15839,15840,15840,5,5
2023-03-30 15:26:51.255,15839,15840,15839,1,-1
2023-03-30 15:26:53.598,15839,15841,15839,1,-1
2023-03-30 15:27:04.952,15839,15840,15840,1,1
2023-03-30 15:27:05.840,15839,15840,15839,1,-1
2023-03-30 15:27:06.424,15838,15840,15840,1,1
2023-03-30 15:27:09.173,15838,15839,15839,3,3
2023-03-30 15:27:09.174,15838,15839,15839,1,1
2023-03-30 15:27:21.922,15840,15841,15840,1,-1
2023-03-30 15:27:23.287,15840,15841,15840,1,-1
2023-03-30 15:27:25.662,15840,15841,15840,2,-2
2023-03-30 15:27:27.789,15840,15841,15841,2,2
2023-03-30 15:27:27.789,15840,15841,15841,2,2
2023-03-30 15:27:27.789,15840,15841,15841,3,3
2023-03-30 15:27:27.789,15840,15841,15841,3,3
2023-03-30 15:27:32.587,15841,15842,15842,4,4
2023-03-30 15:27:32.587,15841,15842,15842,6,6
2023-03-30 15:27:32.588,15841,15842,15842,1,1
2023-03-30 15:27:32.588,15841,15842,15842,1,1
2023-03-30 15:27:32.588,15841,15842,15842,1,1
2023-03-30 15:27:32.588,15841,15842,15842,1,1
2023-03-30 15:27:36.661,15842,15843,15842,2,-2
2023-03-30 15:27:42.178,15842,15843,15843,9,9
2023-03-30 15:27:42.178,15842,15843,15844,1,1
2023-03-30 15:27:42.309,15843,15844,15843,1,-1
2023-03-30 15:27:43.631,15842,15844,15842,1,-1
2023-03-30 15:27:45.264,15842,15844,15844,2,2
2023-03-30 15:27:51.854,15843,15844,15844,1,1
2023-03-30 15:27:53.669,15843,15844,15844,4,4
2023-03-30 15:27:54.627,15843,15844,15844,1,1
2023-03-30 15:27:56.523,15844,15845,15844,1,-1
2023-03-30 15:27:58.754,15844,15845,15845,4,4
2023-03-30 15:27:59.033,15844,15845,15845,1,1
2023-03-30 15:28:00.362,15844,15845,15845,1,1
2023-03-30 15:28:00.544,15844,15845,15845,1,1
2023-03-30 15:28:03.371,15844,15845,15845,2,2
2023-03-30 15:28:03.664,15844,15845,15845,2,2
2023-03-30 15:28:10.400,15844,15845,15845,2,2
2023-03-30 15:28:10.400,15844,15845,15845,2,2
2023-03-30 15:28:10.400,15844,15845,15845,1,1
2023-03-30 15:28:10.400,15844,15845,15845,4,4
2023-03-30 15:28:10.400,15844,15845,15845,1,1
2023-03-30 15:28:10.400,15844,15845,15845,4,4
2023-03-30 15:28:10.403,15844,15845,15846,19,19
2023-03-30 15:28:10.404,15844,15845,15846,1,1
2023-03-30 15:28:10.404,15844,15845,15846,1,1
2023-03-30 15:28:10.404,15844,15845,15846,2,2
2023-03-30 15:28:10.404,15844,15845,15846,3,3
2023-03-30 15:28:10.404,15844,15845,15846,1,1
2023-03-30 15:28:14.517,15846,15847,15846,2,-2
2023-03-30 15:28:19.383,15846,15847,15846,5,-5
2023-03-30 15:28:23.410,15845,15846,15846,1,1
2023-03-30 15:28:29.378,15846,15847,15846,1,-1
2023-03-30 15:28:29.389,15846,15847,15846,2,-2
2023-03-30 15:28:31.240,15845,15846,15846,1,1
2023-03-30 15:28:32.181,15845,15846,15846,7,7
2023-03-30 15:28:32.181,15845,15846,15847,3,3
2023-03-30 15:28:32.665,15845,15847,15847,3,3
2023-03-30 15:28:33.097,15845,15847,15847,1,1
2023-03-30 15:28:34.044,15845,15847,15846,1,1
2023-03-30 15:28:34.195,15845,15846,15846,6,6
2023-03-30 15:28:34.571,15846,15847,15846,4,-4
2023-03-30 15:28:37.468,15845,15846,15846,3,3
2023-03-30 15:28:39.095,15845,15847,15845,3,-3
2023-03-30 15:28:40.629,15846,15847,15846,2,-2
2023-03-30 15:28:41.597,15846,15847,15846,1,-1
2023-03-30 15:28:42.131,15845,15847,15846,1,-1
2023-03-30 15:28:49.816,15845,15846,15845,5,-5
2023-03-30 15:29:00.667,15845,15846,15845,2,-2
2023-03-30 15:29:10.211,15845,15846,15846,1,1
2023-03-30 15:29:21.424,15845,15846,15846,1,1
2023-03-30 15:29:28.426,15845,15846,15845,1,-1
2023-03-30 15:29:32.183,15845,15846,15846,1,1
2023-03-30 15:29:35.740,15845,15846,15846,1,1
2023-03-30 15:29:37.320,15845,15846,15845,1,-1
2023-03-30 15:29:40.884,15845,15846,15846,1,1
2023-03-30 15:29:47.080,15845,15846,15846,1,1
2023-03-30 15:29:48.312,15845,15846,15845,2,-2
2023-03-30 15:29:48.313,15845,15846,15844,1,-1
2023-03-30 15:29:48.312,15845,15846,15845,3,-3
2023-03-30 15:29:48.312,15845,15846,15845,1,-1
2023-03-30 15:29:48.312,15845,15846,15845,6,-6
2023-03-30 15:29:50.793,15844,15845,15845,1,1
2023-03-30 15:29:52.743,15844,15845,15844,1,-1
2023-03-30 15:29:53.614,15844,15845,15844,1,-1
2023-03-30 15:29:53.614,15844,15845,15844,2,-2
2023-03-30 15:29:55.357,15843,15844,15844,1,1
2023-03-30 15:29:58.240,15843,15844,15843,1,-1
2023-03-30 15:29:58.240,15843,15844,15843,4,-4
2023-03-30 15:29:58.241,15843,15844,15843,1,-1
2023-03-30 15:29:58.241,15843,15844,15843,1,-1
2023-03-30 15:29:58.241,15843,15844,15843,1,-1
2023-03-30 15:29:58.241,15843,15844,15843,7,-7
2023-03-30 15:29:58.517,15842,15843,15842,1,-1
2023-03-30 15:29:59.877,15841,15843,15843,1,1
2023-03-30 15:30:00.340,15842,15843,15843,1,1
2023-03-30 15:30:00.477,15842,15843,15843,1,1
2023-03-30 15:30:00.477,15842,15843,15843,1,1
2023-03-30 15:30:00.783,15843,15844,15844,2,2
2023-03-30 15:30:05.776,15844,15845,15845,1,1
2023-03-30 15:30:25.849,15845,15846,15846,2,2
2023-03-30 15:30:25.849,15845,15846,15846,1,1
2023-03-30 15:30:25.849,15845,15846,15846,2,2
2023-03-30 15:30:25.850,15845,15846,15846,1,1
2023-03-30 15:30:25.850,15845,15846,15846,3,3
2023-03-30 15:30:30.494,15845,15847,15847,2,2
2023-03-30 15:30:35.409,15845,15847,15845,8,-8
2023-03-30 15:30:35.445,15844,15846,15846,1,1
2023-03-30 15:30:54.271,15844,15846,15845,1,1
2023-03-30 15:31:06.776,15843,15845,15845,1,1
2023-03-30 15:31:08.016,15844,15845,15844,1,-1
2023-03-30 15:31:09.516,15844,15845,15844,2,-2
2023-03-30 15:31:10.212,15843,15845,15845,14,14
2023-03-30 15:31:12.251,15845,15846,15845,1,-1
2023-03-30 15:31:16.332,15845,15846,15846,1,1
2023-03-30 15:31:24.676,15845,15846,15845,1,-1
2023-03-30 15:31:27.507,15845,15846,15845,1,-1
2023-03-30 15:31:40.619,15845,15846,15846,1,1
2023-03-30 15:31:41.470,15845,15846,15846,1,1
2023-03-30 15:31:41.654,15845,15846,15846,1,1
2023-03-30 15:31:45.917,15846,15847,15846,1,-1
2023-03-30 15:31:53.578,15845,15847,15847,2,2
2023-03-30 15:32:00.195,15845,15846,15846,1,1
2023-03-30 15:32:00.847,15845,15846,15846,3,3
2023-03-30 15:32:01.509,15845,15846,15846,1,1
2023-03-30 15:32:07.943,15845,15846,15846,2,2
2023-03-30 15:32:18.379,15845,15846,15846,1,1
2023-03-30 15:32:18.379,15845,15846,15847,3,3
2023-03-30 15:32:19.210,15845,15846,15845,1,-1
2023-03-30 15:32:26.743,15845,15846,15845,1,-1
2023-03-30 15:32:26.968,15845,15846,15846,1,1
2023-03-30 15:32:27.243,15845,15847,15847,4,4
2023-03-30 15:32:30.579,15846,15847,15847,1,1
2023-03-30 15:32:31.147,15846,15847,15847,1,1
2023-03-30 15:32:31.147,15846,15847,15847,2,2
2023-03-30 15:32:31.147,15846,15847,15847,2,2
2023-03-30 15:32:31.147,15846,15847,15847,1,1
2023-03-30 15:32:31.147,15846,15847,15847,5,5
2023-03-30 15:32:31.147,15846,15847,15847,1,1
2023-03-30 15:32:31.147,15846,15847,15847,1,1
2023-03-30 15:32:35.424,15847,15848,15847,1,-1
2023-03-30 15:32:35.724,15847,15848,15848,4,4
2023-03-30 15:32:35.827,15847,15848,15848,6,6
2023-03-30 15:32:35.834,15847,15848,15848,6,6
2023-03-30 15:32:35.996,15847,15848,15848,3,3
2023-03-30 15:32:36.126,15847,15848,15847,1,-1
2023-03-30 15:32:36.555,15847,15848,15848,2,2
2023-03-30 15:32:42.352,15847,15848,15847,5,-5
2023-03-30 15:32:50.760,15846,15847,15847,1,1
2023-03-30 15:32:53.955,15847,15848,15848,1,1
2023-03-30 15:32:53.955,15847,15848,15848,1,1
2023-03-30 15:32:53.956,15847,15848,15848,1,1
2023-03-30 15:32:53.956,15847,15848,15848,1,1
2023-03-30 15:32:54.157,15847,15848,15847,1,-1
2023-03-30 15:32:54.956,15847,15848,15848,1,1
2023-03-30 15:32:54.957,15847,15848,15848,1,1
2023-03-30 15:32:54.957,15847,15848,15848,1,1
2023-03-30 15:32:54.957,15847,15848,15848,1,1
2023-03-30 15:32:54.957,15847,15848,15848,1,1
2023-03-30 15:32:54.957,15847,15848,15848,1,1
2023-03-30 15:32:54.957,15847,15848,15848,1,1
2023-03-30 15:32:54.957,15847,15848,15848,1,1
2023-03-30 15:32:56.982,15847,15848,15848,1,1
2023-03-30 15:32:59.512,15847,15848,15848,1,1
2023-03-30 15:33:02.973,15847,15849,15849,3,3
2023-03-30 15:33:03.076,15847,15849,15847,2,-2
2023-03-30 15:33:03.130,15847,15849,15849,1,1
2023-03-30 15:33:06.357,15848,15849,15849,1,1
2023-03-30 15:33:07.421,15848,15849,15848,1,-1
2023-03-30 15:33:09.921,15847,15849,15848,1,-1
2023-03-30 15:33:12.148,15848,15849,15849,1,1
2023-03-30 15:33:14.307,15848,15849,15849,1,1
2023-03-30 15:33:15.194,15848,15849,15848,2,-2
2023-03-30 15:33:17.325,15848,15849,15849,32,32
2023-03-30 15:33:17.327,15848,15849,15849,18,18
2023-03-30 15:33:17.327,15848,15849,15849,1,1
2023-03-30 15:33:21.337,15848,15849,15848,1,-1
2023-03-30 15:33:21.337,15848,15849,15848,3,-3
2023-03-30 15:33:21.338,15848,15849,15848,1,-1
2023-03-30 15:33:23.024,15847,15848,15848,1,1
2023-03-30 15:33:24.214,15847,15848,15848,1,1
2023-03-30 15:33:26.830,15847,15848,15848,1,1
2023-03-30 15:33:27.152,15847,15848,15848,1,1
2023-03-30 15:33:27.303,15847,15848,15848,1,1
2023-03-30 15:33:27.723,15847,15848,15848,1,1
2023-03-30 15:33:29.527,15847,15848,15848,2,2
2023-03-30 15:33:30.578,15847,15848,15848,1,1
2023-03-30 15:33:30.850,15847,15848,15848,1,1
2023-03-30 15:33:40.957,15848,15849,15848,1,-1
2023-03-30 15:33:41.558,15848,15849,15849,3,3
2023-03-30 15:33:45.134,15848,15849,15848,1,-1
2023-03-30 15:33:47.118,15848,15849,15848,3,-3
2023-03-30 15:34:00.310,15848,15849,15849,1,1
2023-03-30 15:34:00.550,15848,15849,15849,1,1
2023-03-30 15:34:00.610,15848,15849,15849,4,4
2023-03-30 15:34:00.650,15848,15849,15849,1,1
2023-03-30 15:34:00.693,15848,15849,15849,1,1
2023-03-30 15:34:02.076,15848,15849,15849,3,3
2023-03-30 15:34:02.435,15848,15850,15848,1,-1
2023-03-30 15:34:08.302,15848,15849,15849,1,1
2023-03-30 15:34:10.204,15848,15849,15849,1,1
2023-03-30 15:34:10.888,15848,15849,15849,1,1
2023-03-30 15:34:12.377,15848,15849,15848,1,-1
2023-03-30 15:34:12.377,15848,15849,15848,4,-4
2023-03-30 15:34:14.664,15847,15848,15847,1,-1
2023-03-30 15:34:14.665,15847,15848,15847,5,-5
2023-03-30 15:34:14.665,15847,15848,15847,1,-1
2023-03-30 15:34:14.665,15847,15848,15847,1,-1
2023-03-30 15:34:14.665,15847,15848,15847,5,-5
2023-03-30 15:34:20.140,15846,15847,15847,1,1
2023-03-30 15:34:23.312,15846,15847,15847,1,1
2023-03-30 15:34:26.130,15846,15847,15847,1,1
2023-03-30 15:34:26.762,15846,15847,15847,1,1
2023-03-30 15:34:30.304,15846,15847,15847,1,1
2023-03-30 15:34:30.485,15846,15847,15847,1,1
2023-03-30 15:34:31.738,15846,15847,15846,3,-3
2023-03-30 15:34:35.607,15846,15847,15847,3,3
2023-03-30 15:34:37.964,15846,15847,15846,1,-1
2023-03-30 15:34:40.210,15846,15847,15846,1,-1
2023-03-30 15:34:40.245,15846,15847,15846,1,-1
2023-03-30 15:34:45.433,15846,15847,15847,1,1
2023-03-30 15:34:46.025,15846,15848,15846,1,-1
2023-03-30 15:34:50.104,15847,15848,15847,5,-5
2023-03-30 15:34:55.872,15846,15848,15846,5,-5
2023-03-30 15:35:01.321,15846,15847,15847,1,1
2023-03-30 15:35:01.447,15846,15847,15847,1,1
2023-03-30 15:35:01.447,15846,15847,15847,1,1
2023-03-30 15:35:01.562,15846,15847,15847,1,1
2023-03-30 15:35:01.989,15846,15848,15848,3,3
2023-03-30 15:35:02.788,15847,15848,15848,1,1
2023-03-30 15:35:03.144,15846,15848,15848,1,1
2023-03-30 15:35:14.783,15847,15848,15848,1,1
2023-03-30 15:35:16.588,15847,15848,15847,1,-1
2023-03-30 15:35:19.292,15847,15848,15848,1,1
2023-03-30 15:35:19.292,15847,15848,15848,1,1
2023-03-30 15:35:20.065,15848,15849,15848,1,-1
2023-03-30 15:35:20.065,15848,15849,15847,2,-2
2023-03-30 15:35:23.917,15847,15849,15849,1,1
2023-03-30 15:35:27.105,15847,15849,15849,3,3
2023-03-30 15:35:40.284,15847,15849,15849,1,1
2023-03-30 15:35:40.318,15847,15849,15849,1,1
2023-03-30 15:35:43.028,15847,15848,15848,1,1
2023-03-30 15:35:49.205,15847,15848,15848,1,1
2023-03-30 15:35:56.282,15847,15848,15848,1,1
2023-03-30 15:35:58.597,15847,15848,15848,1,1
2023-03-30 15:35:58.751,15847,15848,15847,1,-1
2023-03-30 15:35:59.001,15847,15848,15848,1,1
2023-03-30 15:36:08.808,15847,15848,15848,14,14
2023-03-30 15:36:12.436,15847,15848,15848,5,5
2023-03-30 15:36:13.967,15847,15848,15847,4,-4
2023-03-30 15:36:24.287,15846,15847,15846,1,-1
2023-03-30 15:36:24.287,15846,15847,15846,9,-9
2023-03-30 15:36:30.369,15845,15846,15845,1,-1
2023-03-30 15:36:34.999,15845,15846,15845,4,-4
2023-03-30 15:36:40.202,15845,15846,15845,1,-1
2023-03-30 15:36:42.252,15845,15846,15845,1,-1
2023-03-30 15:36:43.963,15845,15846,15845,1,-1
2023-03-30 15:36:46.414,15845,15846,15845,5,-5
2023-03-30 15:36:53.127,15845,15846,15846,1,1
2023-03-30 15:36:53.128,15845,15846,15846,1,1
2023-03-30 15:37:00.202,15846,15847,15847,1,1
2023-03-30 15:37:00.204,15846,15847,15846,1,-1
2023-03-30 15:37:02.302,15845,15847,15847,1,1
2023-03-30 15:37:03.426,15846,15848,15846,1,-1
2023-03-30 15:37:13.079,15847,15848,15847,2,-2
2023-03-30 15:37:21.123,15847,15848,15847,5,-5
2023-03-30 15:37:22.048,15847,15848,15848,4,4
2023-03-30 15:37:22.048,15847,15848,15848,1,1
2023-03-30 15:37:25.194,15848,15849,15848,1,-1
2023-03-30 15:37:33.412,15848,15849,15848,1,-1
2023-03-30 15:37:35.418,15848,15849,15849,3,3
2023-03-30 15:37:43.029,15848,15849,15849,1,1
2023-03-30 15:37:43.029,15848,15849,15849,3,3
2023-03-30 15:37:43.029,15848,15849,15849,1,1
2023-03-30 15:37:43.030,15848,15849,15849,3,3
2023-03-30 15:37:50.820,15848,15849,15849,2,2
2023-03-30 15:38:02.317,15848,15850,15848,1,-1
2023-03-30 15:38:08.421,15848,15849,15849,1,1
2023-03-30 15:38:08.593,15849,15850,15849,1,-1
2023-03-30 15:38:10.994,15849,15850,15850,1,1
2023-03-30 15:38:11.073,15849,15850,15849,5,-5
2023-03-30 15:38:11.165,15849,15850,15849,5,-5
2023-03-30 15:38:11.295,15848,15850,15850,8,8
2023-03-30 15:38:11.862,15848,15850,15850,1,1
2023-03-30 15:38:33.504,15849,15850,15849,1,-1
2023-03-30 15:38:33.645,15849,15850,15850,1,1
2023-03-30 15:38:35.671,15849,15850,15850,1,1
2023-03-30 15:38:39.346,15849,15850,15850,1,1
2023-03-30 15:38:43.875,15849,15850,15850,1,1
2023-03-30 15:38:44.434,15849,15850,15850,4,4
2023-03-30 15:38:45.636,15849,15850,15849,3,-3
2023-03-30 15:38:56.427,15849,15850,15849,1,-1
2023-03-30 15:38:57.890,15849,15850,15850,1,1
2023-03-30 15:39:00.218,15849,15850,15850,1,1
2023-03-30 15:39:02.778,15849,15850,15849,1,-1
2023-03-30 15:39:14.838,15849,15850,15850,1,1
2023-03-30 15:39:36.972,15849,15850,15849,5,-5
2023-03-30 15:39:39.330,15849,15850,15849,1,-1
2023-03-30 15:39:42.960,15849,15850,15850,1,1
2023-03-30 15:39:43.458,15849,15850,15849,1,-1
2023-03-30 15:39:57.394,15849,15850,15849,1,-1
2023-03-30 15:40:01.265,15849,15850,15850,1,1
2023-03-30 15:40:01.293,15849,15850,15850,3,3
2023-03-30 15:40:01.349,15849,15850,15850,1,1
2023-03-30 15:40:01.606,15849,15850,15850,6,6
2023-03-30 15:40:01.689,15849,15850,15850,1,1
2023-03-30 15:40:01.700,15849,15850,15850,1,1
2023-03-30 15:40:01.806,15849,15850,15850,2,2
2023-03-30 15:40:01.807,15849,15850,15850,2,2
2023-03-30 15:40:01.807,15849,15850,15850,3,3
2023-03-30 15:40:01.808,15849,15850,15850,17,17
2023-03-30 15:40:01.856,15850,15851,15851,1,1
2023-03-30 15:40:03.225,15850,15851,15851,1,1
2023-03-30 15:40:08.551,15850,15851,15850,1,-1
2023-03-30 15:40:09.968,15850,15851,15850,1,-1
2023-03-30 15:40:15.706,15850,15851,15851,1,1
2023-03-30 15:40:17.236,15850,15851,15851,2,2
2023-03-30 15:40:17.650,15850,15851,15851,1,1
2023-03-30 15:40:19.878,15850,15851,15851,1,1
2023-03-30 15:40:21.633,15850,15851,15851,8,8
2023-03-30 15:40:21.633,15850,15851,15851,1,1
2023-03-30 15:40:21.633,15850,15851,15851,1,1
2023-03-30 15:40:21.633,15850,15851,15851,1,1
2023-03-30 15:40:21.633,15850,15851,15851,1,1
2023-03-30 15:40:21.635,15850,15851,15852,2,2
2023-03-30 15:40:21.635,15850,15851,15852,2,2
2023-03-30 15:40:21.635,15850,15851,15852,1,1
2023-03-30 15:40:21.636,15850,15851,15852,4,4
2023-03-30 15:40:21.636,15850,15851,15852,2,2
2023-03-30 15:40:21.636,15850,15851,15852,2,2
2023-03-30 15:40:21.636,15850,15851,15852,1,1
2023-03-30 15:40:21.636,15850,15851,15852,1,1
2023-03-30 15:40:21.636,15850,15851,15852,2,2
2023-03-30 15:40:21.636,15850,15851,15852,2,2
2023-03-30 15:40:21.640,15850,15851,15853,2,2
2023-03-30 15:40:21.640,15850,15851,15853,1,1
2023-03-30 15:40:21.640,15850,15851,15853,1,1
2023-03-30 15:40:21.641,15850,15851,15853,1,1
2023-03-30 15:40:21.641,15850,15851,15853,1,1
2023-03-30 15:40:21.643,15850,15851,15853,1,1
2023-03-30 15:40:21.643,15850,15851,15853,1,1
2023-03-30 15:40:21.657,15850,15851,15853,1,1
2023-03-30 15:40:21.703,15851,15853,15853,5,5
2023-03-30 15:40:21.735,15851,15853,15853,1,1
2023-03-30 15:40:21.763,15851,15853,15853,2,2
2023-03-30 15:40:21.788,15851,15853,15853,2,2
2023-03-30 15:40:21.790,15851,15853,15854,3,3
2023-03-30 15:40:21.908,15852,15854,15854,1,1
2023-03-30 15:40:21.929,15852,15854,15854,1,1
2023-03-30 15:40:22.046,15852,15854,15853,1,1
2023-03-30 15:40:22.179,15852,15853,15853,2,2
2023-03-30 15:40:22.224,15851,15853,15853,2,2
2023-03-30 15:40:22.245,15851,15853,15853,2,2
2023-03-30 15:40:22.250,15851,15853,15853,3,3
2023-03-30 15:40:22.272,15851,15853,15853,3,3
2023-03-30 15:40:24.234,15852,15853,15853,1,1
2023-03-30 15:40:24.886,15852,15853,15852,1,-1
2023-03-30 15:40:24.886,15852,15853,15852,1,-1
2023-03-30 15:40:28.623,15852,15853,15853,1,1
2023-03-30 15:40:29.911,15852,15853,15852,1,-1
2023-03-30 15:40:32.888,15852,15853,15853,1,1
2023-03-30 15:40:33.353,15852,15853,15853,1,1
2023-03-30 15:40:45.341,15853,15854,15854,1,1
2023-03-30 15:40:45.854,15853,15854,15853,1,-1
2023-03-30 15:40:48.394,15853,15854,15854,1,1
2023-03-30 15:40:51.642,15853,15854,15853,1,-1
2023-03-30 15:40:55.544,15853,15854,15854,4,4
2023-03-30 15:40:55.545,15853,15854,15854,1,1
2023-03-30 15:40:55.545,15853,15854,15854,1,1
2023-03-30 15:40:56.083,15853,15854,15853,1,-1
2023-03-30 15:40:59.131,15853,15854,15853,1,-1
2023-03-30 15:40:59.131,15853,15854,15853,2,-2
2023-03-30 15:40:59.131,15853,15854,15853,3,-3
2023-03-30 15:40:59.131,15853,15854,15853,8,-8
2023-03-30 15:40:59.182,15853,15854,15853,2,-2
2023-03-30 15:40:59.249,15852,15853,15853,2,2
2023-03-30 15:40:59.639,15852,15853,15853,1,1
2023-03-30 15:40:59.639,15852,15853,15854,1,1
2023-03-30 15:40:59.878,15852,15854,15854,1,1
2023-03-30 15:41:00.360,15853,15854,15854,1,1
2023-03-30 15:41:00.462,15853,15854,15853,2,-2
2023-03-30 15:41:03.691,15852,15853,15853,1,1
2023-03-30 15:41:03.982,15852,15853,15853,1,1
2023-03-30 15:41:05.735,15852,15853,15852,3,-3
2023-03-30 15:41:05.736,15852,15853,15852,6,-6
2023-03-30 15:41:05.736,15852,15853,15852,1,-1
2023-03-30 15:41:05.736,15852,15853,15852,1,-1
2023-03-30 15:41:05.736,15852,15853,15852,1,-1
2023-03-30 15:41:05.838,15851,15852,15851,1,-1
2023-03-30 15:41:05.838,15851,15852,15851,3,-3
2023-03-30 15:41:05.920,15851,15852,15852,1,1
2023-03-30 15:41:07.418,15851,15852,15851,1,-1
2023-03-30 15:41:08.722,15850,15852,15852,1,1
2023-03-30 15:41:10.065,15851,15853,15853,1,1
2023-03-30 15:41:12.912,15851,15852,15852,2,2
2023-03-30 15:41:14.390,15852,15853,15852,3,-3
2023-03-30 15:41:15.452,15852,15853,15852,3,-3
2023-03-30 15:41:15.454,15852,15853,15852,1,-1
2023-03-30 15:41:18.365,15852,15853,15853,2,2
2023-03-30 15:41:18.365,15852,15853,15854,1,1
2023-03-30 15:41:21.857,15852,15853,15853,1,1
2023-03-30 15:41:21.857,15852,15853,15853,3,3
2023-03-30 15:41:22.544,15853,15854,15854,1,1
2023-03-30 15:41:23.691,15853,15855,15853,1,-1
2023-03-30 15:41:23.784,15853,15855,15855,2,2
2023-03-30 15:41:23.897,15853,15855,15855,5,5
2023-03-30 15:41:24.063,15854,15855,15855,1,1
2023-03-30 15:41:27.240,15854,15855,15855,1,1
2023-03-30 15:41:28.014,15854,15855,15854,1,-1
2023-03-30 15:41:30.075,15854,15855,15855,2,2
2023-03-30 15:41:31.119,15854,15855,15855,1,1
2023-03-30 15:41:37.525,15854,15855,15854,1,-1
2023-03-30 15:41:38.215,15854,15855,15854,1,-1
2023-03-30 15:41:38.255,15854,15855,15854,1,-1
2023-03-30 15:41:44.986,15854,15855,15854,4,-4
2023-03-30 15:42:00.774,15854,15855,15855,1,1
2023-03-30 15:42:01.221,15854,15855,15855,1,1
2023-03-30 15:42:01.380,15854,15855,15855,1,1
2023-03-30 15:42:02.593,15854,15855,15855,1,1
2023-03-30 15:42:02.756,15854,15855,15855,1,1
2023-03-30 15:42:03.167,15854,15855,15854,1,-1
2023-03-30 15:42:08.486,15854,15855,15854,3,-3
2023-03-30 15:42:08.486,15854,15855,15854,2,-2
2023-03-30 15:42:08.486,15854,15855,15854,1,-1
2023-03-30 15:42:08.486,15854,15855,15854,1,-1
2023-03-30 15:42:08.486,15854,15855,15854,1,-1
2023-03-30 15:42:08.486,15854,15855,15854,3,-3
2023-03-30 15:42:08.487,15854,15855,15854,1,-1
2023-03-30 15:42:08.487,15854,15855,15854,1,-1
2023-03-30 15:42:08.487,15854,15855,15854,1,-1
2023-03-30 15:42:08.487,15854,15855,15854,1,-1
2023-03-30 15:42:08.487,15854,15855,15854,1,-1
2023-03-30 15:42:12.909,15853,15854,15854,1,1
2023-03-30 15:42:13.768,15853,15854,15854,1,1
2023-03-30 15:42:18.943,15853,15854,15854,1,1
2023-03-30 15:42:19.775,15853,15854,15854,1,1
2023-03-30 15:42:31.950,15853,15854,15854,1,1
2023-03-30 15:42:34.280,15853,15854,15853,1,-1
2023-03-30 15:42:34.280,15853,15854,15853,1,-1
2023-03-30 15:42:34.281,15853,15854,15853,3,-3
2023-03-30 15:42:34.281,15853,15854,15853,1,-1
2023-03-30 15:42:42.108,15852,15853,15852,4,-4
2023-03-30 15:42:44.370,15851,15852,15852,1,1
2023-03-30 15:42:45.445,15851,15852,15851,6,-6
2023-03-30 15:42:48.126,15850,15851,15851,1,1
2023-03-30 15:42:50.034,15850,15851,15850,1,-1
2023-03-30 15:42:50.487,15850,15851,15850,1,-1
2023-03-30 15:42:50.516,15850,15851,15850,1,-1
2023-03-30 15:42:50.516,15850,15851,15850,1,-1
2023-03-30 15:42:50.522,15850,15851,15850,2,-2
2023-03-30 15:42:50.522,15850,15851,15850,4,-4
2023-03-30 15:42:50.524,15850,15851,15849,1,-1
2023-03-30 15:42:50.529,15850,15851,15849,1,-1
2023-03-30 15:42:50.539,15850,15851,15849,2,-2
2023-03-30 15:42:50.544,15850,15851,15849,1,-1
2023-03-30 15:42:50.545,15850,15851,15849,1,-1
2023-03-30 15:42:50.567,15848,15850,15848,1,-1
2023-03-30 15:42:50.575,15848,15850,15849,6,-6
2023-03-30 15:42:50.605,15848,15850,15850,7,7
2023-03-30 15:42:50.719,15849,15851,15849,1,-1
2023-03-30 15:42:50.790,15849,15851,15849,1,-1
2023-03-30 15:42:52.546,15849,15851,15849,1,-1
2023-03-30 15:42:53.484,15849,15851,15849,2,-2
2023-03-30 15:42:53.826,15849,15851,15849,1,-1
2023-03-30 15:42:55.958,15850,15852,15850,1,-1
2023-03-30 15:42:56.832,15850,15852,15850,1,-1
2023-03-30 15:43:00.293,15850,15851,15850,4,-4
2023-03-30 15:43:03.051,15850,15851,15851,1,1
2023-03-30 15:43:03.371,15851,15852,15851,1,-1
2023-03-30 15:43:04.124,15851,15852,15852,1,1
2023-03-30 15:43:04.283,15851,15852,15852,1,1
2023-03-30 15:43:04.602,15851,15852,15851,8,-8
2023-03-30 15:43:10.337,15851,15852,15852,1,1
2023-03-30 15:43:10.338,15851,15852,15852,1,1
2023-03-30 15:43:10.660,15851,15853,15853,2,2
2023-03-30 15:43:10.949,15852,15854,15854,14,14
2023-03-30 15:43:10.949,15852,15854,15854,1,1
2023-03-30 15:43:10.949,15852,15854,15854,2,2
2023-03-30 15:43:13.123,15853,15854,15853,3,-3
2023-03-30 15:43:13.123,15853,15854,15852,2,-2
2023-03-30 15:43:24.673,15854,15855,15855,1,1
2023-03-30 15:43:25.024,15854,15855,15855,2,2
2023-03-30 15:43:28.200,15854,15855,15854,3,-3
2023-03-30 15:44:00.469,15853,15854,15854,1,1
2023-03-30 15:44:08.069,15853,15854,15853,1,-1
2023-03-30 15:44:08.069,15853,15854,15853,1,-1
2023-03-30 15:44:08.070,15853,15854,15853,1,-1
2023-03-30 15:44:08.949,15853,15854,15854,1,1
2023-03-30 15:44:09.125,15853,15854,15854,2,2
2023-03-30 15:44:13.478,15853,15854,15854,3,3
2023-03-30 15:44:13.479,15853,15854,15854,2,2
2023-03-30 15:44:13.479,15853,15854,15854,2,2
2023-03-30 15:44:13.648,15854,15855,15855,1,1
2023-03-30 15:44:15.986,15854,15855,15855,3,3
2023-03-30 15:44:17.879,15854,15856,15854,15,-15
2023-03-30 15:44:43.727,15853,15855,15855,3,3
2023-03-30 15:44:45.300,15853,15855,15855,3,3
2023-03-30 15:44:49.500,15853,15855,15855,1,1
2023-03-30 15:44:57.168,15854,15855,15854,1,-1
2023-03-30 15:44:58.298,15854,15855,15854,1,-1
2023-03-30 15:44:59.298,15854,15855,15854,1,-1
2023-03-30 15:44:59.301,15854,15855,15854,1,-1
2023-03-30 15:45:01.073,15853,15855,15855,3,3
2023-03-30 15:45:01.503,15853,15855,15855,7,7
2023-03-30 15:45:01.504,15853,15855,15855,3,3
2023-03-30 15:45:01.784,15854,15855,15855,6,6
2023-03-30 15:45:01.784,15854,15855,15855,3,3
2023-03-30 15:45:02.356,15854,15855,15855,1,1
2023-03-30 15:45:02.443,15854,15856,15856,1,1
2023-03-30 15:45:02.636,15854,15856,15856,1,1
2023-03-30 15:45:02.648,15854,15856,15856,1,1
2023-03-30 15:45:02.709,15854,15856,15855,1,1
2023-03-30 15:45:02.720,15854,15856,15856,1,1
2023-03-30 15:45:02.726,15854,15856,15856,1,1
2023-03-30 15:45:03.017,15854,15856,15856,1,1
2023-03-30 15:45:08.743,15854,15855,15855,1,1
2023-03-30 15:45:10.215,15854,15855,15855,1,1
2023-03-30 15:45:10.362,15854,15856,15856,5,5
2023-03-30 15:45:10.983,15854,15856,15856,28,28
2023-03-30 15:45:15.857,15856,15857,15856,1,-1
2023-03-30 15:45:17.788,15856,15857,15856,1,-1
2023-03-30 15:45:20.464,15856,15857,15856,2,-2
2023-03-30 15:45:20.464,15856,15857,15856,7,-7
2023-03-30 15:45:20.746,15854,15856,15856,1,1
2023-03-30 15:45:20.746,15854,15856,15856,1,1
2023-03-30 15:45:21.933,15855,15856,15856,1,1
2023-03-30 15:45:22.084,15854,15856,15856,2,2
2023-03-30 15:45:24.072,15854,15856,15854,1,-1
2023-03-30 15:45:26.723,15854,15856,15856,3,3
2023-03-30 15:45:30.743,15855,15856,15855,8,-8
2023-03-30 15:45:37.373,15855,15856,15855,1,-1
2023-03-30 15:45:37.373,15855,15856,15855,1,-1
2023-03-30 15:45:37.373,15855,15856,15855,1,-1
2023-03-30 15:45:37.373,15855,15856,15855,1,-1
2023-03-30 15:45:37.373,15855,15856,15855,1,-1
2023-03-30 15:45:39.060,15854,15855,15855,1,1
2023-03-30 15:45:39.194,15854,15855,15855,1,1
2023-03-30 15:45:40.870,15854,15855,15855,1,1
2023-03-30 15:45:40.883,15854,15855,15855,1,1
2023-03-30 15:45:47.085,15854,15855,15855,1,1
2023-03-30 15:45:54.074,15854,15855,15855,1,1
2023-03-30 15:45:58.484,15854,15855,15855,1,1
2023-03-30 15:46:00.256,15854,15855,15855,2,2
2023-03-30 15:46:00.462,15855,15856,15856,1,1
2023-03-30 15:46:06.229,15855,15856,15856,1,1
2023-03-30 15:46:06.697,15855,15856,15855,1,-1
2023-03-30 15:46:09.058,15855,15856,15856,1,1
2023-03-30 15:46:11.081,15855,15856,15856,5,5
2023-03-30 15:46:12.898,15856,15857,15856,1,-1
2023-03-30 15:46:14.539,15856,15857,15856,1,-1
2023-03-30 15:46:18.359,15856,15857,15857,1,1
2023-03-30 15:46:18.565,15856,15857,15857,1,1
2023-03-30 15:46:22.282,15856,15857,15856,2,-2
2023-03-30 15:46:22.319,15856,15857,15857,1,1
2023-03-30 15:46:24.306,15856,15857,15856,3,-3
2023-03-30 15:46:24.306,15856,15857,15856,2,-2
2023-03-30 15:46:24.306,15856,15857,15856,1,-1
2023-03-30 15:46:24.543,15855,15856,15856,1,1
2023-03-30 15:46:25.297,15855,15856,15855,3,-3
2023-03-30 15:46:25.297,15855,15856,15855,1,-1
2023-03-30 15:46:25.297,15855,15856,15855,1,-1
2023-03-30 15:46:25.742,15854,15855,15855,1,1
2023-03-30 15:46:26.938,15854,15855,15855,1,1
2023-03-30 15:46:30.140,15854,15855,15855,1,1
2023-03-30 15:46:30.193,15854,15855,15855,1,1
2023-03-30 15:46:31.008,15854,15855,15855,1,1
2023-03-30 15:46:36.376,15854,15855,15854,14,-14
2023-03-30 15:46:36.376,15854,15855,15854,2,-2
2023-03-30 15:46:39.360,15853,15854,15854,1,1
2023-03-30 15:46:39.466,15853,15854,15854,1,1
2023-03-30 15:46:40.775,15853,15854,15854,1,1
2023-03-30 15:46:43.207,15853,15855,15853,5,-5
2023-03-30 15:46:43.339,15853,15854,15854,1,1
2023-03-30 15:46:44.974,15853,15854,15853,2,-2
2023-03-30 15:46:44.974,15853,15854,15853,2,-2
2023-03-30 15:46:44.975,15853,15854,15853,1,-1
2023-03-30 15:46:46.091,15852,15853,15852,11,-11
2023-03-30 15:46:46.325,15851,15852,15851,1,-1
2023-03-30 15:46:46.325,15851,15852,15851,3,-3
2023-03-30 15:46:47.333,15850,15852,15850,3,-3
2023-03-30 15:46:50.249,15850,15852,15850,1,-1
2023-03-30 15:46:50.786,15850,15852,15850,1,-1
2023-03-30 15:46:50.831,15850,15852,15850,2,-2
2023-03-30 15:46:52.644,15851,15853,15851,1,-1
2023-03-30 15:47:00.953,15851,15852,15852,1,1
2023-03-30 15:47:02.272,15852,15853,15852,2,-2
2023-03-30 15:47:04.223,15852,15853,15852,2,-2
2023-03-30 15:47:05.023,15852,15853,15852,1,-1
2023-03-30 15:47:05.023,15852,15853,15851,1,-1
2023-03-30 15:47:06.036,15851,15853,15853,3,3
2023-03-30 15:47:10.129,15852,15853,15853,3,3
2023-03-30 15:47:10.145,15852,15853,15853,1,1
2023-03-30 15:47:20.968,15852,15853,15852,2,-2
2023-03-30 15:47:20.969,15852,15853,15852,2,-2
2023-03-30 15:47:32.722,15851,15852,15852,1,1
2023-03-30 15:47:38.874,15851,15852,15852,1,1
2023-03-30 15:47:39.787,15851,15852,15852,2,2
2023-03-30 15:47:42.986,15851,15852,15851,1,-1
2023-03-30 15:47:45.217,15851,15852,15852,1,1
2023-03-30 15:47:46.121,15851,15852,15852,1,1
2023-03-30 15:47:47.871,15851,15852,15851,1,-1
2023-03-30 15:47:48.650,15851,15852,15852,1,1
2023-03-30 15:47:50.590,15851,15852,15851,2,-2
2023-03-30 15:47:54.220,15851,15852,15852,1,1
2023-03-30 15:47:54.550,15852,15853,15852,1,-1
2023-03-30 15:48:02.627,15852,15853,15852,2,-2
2023-03-30 15:48:04.138,15851,15852,15852,1,1
2023-03-30 15:48:12.999,15852,15853,15852,1,-1
2023-03-30 15:48:13.000,15852,15853,15852,1,-1
2023-03-30 15:48:14.791,15851,15852,15851,2,-2
2023-03-30 15:48:16.042,15851,15852,15852,1,1
2023-03-30 15:48:21.582,15851,15852,15851,1,-1
2023-03-30 15:48:25.293,15851,15852,15851,3,-3
2023-03-30 15:48:25.293,15851,15852,15851,4,-4
2023-03-30 15:48:25.293,15851,15852,15851,2,-2
2023-03-30 15:48:29.124,15851,15852,15851,1,-1
2023-03-30 15:48:38.558,15850,15851,15851,1,1
2023-03-30 15:48:40.202,15850,15851,15850,2,-2
2023-03-30 15:48:44.246,15850,15851,15850,1,-1
2023-03-30 15:48:53.155,15850,15851,15850,1,-1
2023-03-30 15:48:54.556,15850,15851,15851,1,1
2023-03-30 15:48:55.156,15850,15851,15850,2,-2
2023-03-30 15:48:56.032,15850,15851,15851,1,1
2023-03-30 15:48:59.136,15850,15851,15851,1,1
2023-03-30 15:49:00.206,15850,15851,15850,1,-1
2023-03-30 15:49:03.471,15850,15851,15850,1,-1
2023-03-30 15:49:06.302,15850,15851,15851,3,3
2023-03-30 15:49:12.146,15850,15852,15850,1,-1
2023-03-30 15:49:18.513,15851,15852,15851,1,-1
2023-03-30 15:49:40.203,15851,15852,15851,3,-3
2023-03-30 15:49:45.798,15851,15852,15851,2,-2
2023-03-30 15:49:46.439,15851,15852,15851,2,-2
2023-03-30 15:49:51.544,15851,15852,15852,1,1
2023-03-30 15:49:52.866,15851,15852,15851,1,-1
2023-03-30 15:49:59.203,15851,15852,15851,2,-2
2023-03-30 15:49:59.203,15851,15852,15850,30,-30
2023-03-30 15:50:00.201,15849,15850,15849,2,-2
2023-03-30 15:50:00.591,15849,15850,15850,1,1
2023-03-30 15:50:00.882,15849,15850,15850,2,2
2023-03-30 15:50:00.900,15849,15850,15850,3,3
2023-03-30 15:50:06.106,15849,15850,15850,1,1
2023-03-30 15:50:22.476,15850,15851,15851,5,5
2023-03-30 15:50:22.793,15851,15852,15852,2,2
2023-03-30 15:50:24.139,15851,15852,15851,1,-1
2023-03-30 15:50:26.119,15851,15852,15852,1,1
2023-03-30 15:50:26.192,15851,15852,15852,1,1
2023-03-30 15:50:32.287,15850,15851,15851,1,1
2023-03-30 15:50:32.287,15850,15851,15852,1,1
2023-03-30 15:50:41.788,15850,15851,15850,14,-14
2023-03-30 15:50:41.789,15850,15851,15850,1,-1
2023-03-30 15:50:41.789,15850,15851,15850,8,-8
2023-03-30 15:50:47.921,15849,15851,15851,1,1
2023-03-30 15:50:55.764,15849,15850,15850,1,1
2023-03-30 15:50:59.593,15849,15850,15849,1,-1
2023-03-30 15:51:02.237,15849,15850,15849,1,-1
2023-03-30 15:51:10.613,15849,15850,15849,1,-1
2023-03-30 15:51:11.082,15849,15850,15849,1,-1
2023-03-30 15:51:15.228,15849,15850,15849,1,-1
2023-03-30 15:51:15.228,15849,15850,15849,2,-2
2023-03-30 15:51:15.228,15849,15850,15849,10,-10
2023-03-30 15:51:18.168,15848,15849,15848,4,-4
2023-03-30 15:51:18.168,15848,15849,15848,3,-3
2023-03-30 15:51:18.168,15848,15849,15848,2,-2
2023-03-30 15:51:18.169,15848,15849,15848,4,-4
2023-03-30 15:51:18.169,15848,15849,15848,3,-3
2023-03-30 15:51:20.106,15847,15849,15847,22,-22
2023-03-30 15:51:20.108,15847,15849,15847,5,-5
2023-03-30 15:51:20.108,15847,15849,15847,2,-2
2023-03-30 15:51:24.862,15848,15849,15848,1,-1
2023-03-30 15:51:29.144,15847,15848,15848,1,1
2023-03-30 15:51:29.363,15847,15848,15847,1,-1
2023-03-30 15:51:29.363,15847,15848,15847,1,-1
2023-03-30 15:51:32.082,15847,15848,15847,1,-1
2023-03-30 15:51:33.651,15847,15848,15847,1,-1
2023-03-30 15:51:34.151,15847,15848,15847,1,-1
2023-03-30 15:51:34.265,15847,15848,15847,5,-5
2023-03-30 15:51:34.302,15847,15848,15847,1,-1
2023-03-30 15:51:36.147,15847,15848,15847,1,-1
2023-03-30 15:51:37.449,15847,15848,15847,2,-2
2023-03-30 15:51:37.633,15847,15848,15847,2,-2
2023-03-30 15:51:38.016,15847,15848,15848,1,1
2023-03-30 15:51:46.555,15847,15848,15848,1,1
2023-03-30 15:52:09.902,15847,15848,15847,1,-1
2023-03-30 15:52:13.342,15847,15848,15848,1,1
2023-03-30 15:52:18.696,15847,15848,15848,1,1
2023-03-30 15:52:18.696,15847,15848,15848,1,1
2023-03-30 15:52:18.696,15847,15848,15848,4,4
2023-03-30 15:52:18.697,15847,15848,15848,1,1
2023-03-30 15:52:37.732,15847,15848,15848,1,1
2023-03-30 15:52:44.219,15848,15849,15849,1,1
2023-03-30 15:52:52.501,15848,15849,15849,3,3
2023-03-30 15:52:57.546,15848,15849,15848,1,-1
2023-03-30 15:52:57.546,15848,15849,15848,3,-3
2023-03-30 15:53:03.830,15847,15849,15847,1,-1
2023-03-30 15:53:12.230,15848,15849,15848,1,-1
2023-03-30 15:53:20.632,15848,15849,15848,1,-1
2023-03-30 15:53:20.632,15848,15849,15848,2,-2
2023-03-30 15:53:29.787,15848,15849,15848,1,-1
2023-03-30 15:53:33.808,15847,15848,15848,1,1
2023-03-30 15:53:49.066,15847,15848,15847,4,-4
2023-03-30 15:54:01.162,15847,15848,15848,5,5
2023-03-30 15:54:08.081,15848,15849,15848,1,-1
2023-03-30 15:54:18.509,15847,15848,15848,1,1
2023-03-30 15:54:25.332,15848,15849,15848,3,-3
2023-03-30 15:54:25.332,15848,15849,15847,1,-1
2023-03-30 15:54:38.182,15847,15848,15848,1,1
2023-03-30 15:54:40.454,15847,15848,15848,3,3
2023-03-30 15:54:54.526,15847,15848,15847,12,-12
2023-03-30 15:54:54.527,15847,15848,15847,1,-1
2023-03-30 15:54:54.527,15847,15848,15847,1,-1
2023-03-30 15:54:54.528,15847,15848,15847,1,-1
2023-03-30 15:54:55.768,15847,15848,15848,1,1
2023-03-30 15:55:10.748,15847,15848,15848,2,2
2023-03-30 15:55:11.086,15847,15848,15847,4,-4
2023-03-30 15:55:28.974,15847,15848,15848,1,1
2023-03-30 15:55:33.400,15847,15848,15848,2,2
2023-03-30 15:55:33.550,15848,15849,15849,1,1
2023-03-30 15:55:43.354,15848,15849,15848,1,-1
2023-03-30 15:55:43.354,15848,15849,15848,1,-1
2023-03-30 15:55:43.354,15848,15849,15848,1,-1
2023-03-30 15:55:43.354,15848,15849,15848,3,-3
2023-03-30 15:56:14.179,15847,15849,15847,2,-2
2023-03-30 15:56:20.212,15847,15848,15847,1,-1
2023-03-30 15:56:22.272,15847,15848,15848,1,1
2023-03-30 15:56:31.841,15848,15849,15848,11,-11
2023-03-30 15:56:31.842,15848,15849,15848,2,-2
2023-03-30 15:56:31.842,15848,15849,15848,2,-2
2023-03-30 15:56:35.827,15848,15849,15848,1,-1
2023-03-30 15:56:38.314,15848,15849,15848,1,-1
2023-03-30 15:56:38.314,15848,15849,15848,1,-1
2023-03-30 15:56:58.427,15848,15849,15848,1,-1
2023-03-30 15:57:00.196,15848,15849,15848,1,-1
2023-03-30 15:57:00.319,15848,15849,15849,1,1
2023-03-30 15:57:08.577,15848,15849,15848,1,-1
2023-03-30 15:57:08.941,15848,15849,15848,1,-1
2023-03-30 15:57:08.941,15848,15849,15848,3,-3
2023-03-30 15:57:10.549,15847,15848,15848,1,1
2023-03-30 15:57:26.331,15848,15849,15849,1,1
2023-03-30 15:57:40.200,15848,15849,15848,1,-1
2023-03-30 15:57:40.319,15848,15849,15849,1,1
2023-03-30 15:57:43.852,15848,15849,15849,1,1
2023-03-30 15:57:43.944,15848,15849,15849,1,1
2023-03-30 15:57:44.312,15848,15849,15849,1,1
2023-03-30 15:57:45.184,15849,15850,15849,1,-1
2023-03-30 15:57:45.806,15849,15850,15849,1,-1
2023-03-30 15:58:00.202,15848,15849,15848,1,-1
2023-03-30 15:58:21.166,15848,15849,15848,2,-2
2023-03-30 15:58:29.248,15848,15849,15848,1,-1
2023-03-30 15:58:32.582,15848,15849,15848,1,-1
2023-03-30 15:58:32.583,15848,15849,15848,3,-3
2023-03-30 15:59:01.615,15848,15849,15848,2,-2
2023-03-30 15:59:01.615,15848,15849,15848,3,-3
2023-03-30 15:59:01.615,15848,15849,15848,1,-1
2023-03-30 15:59:01.615,15848,15849,15848,3,-3
2023-03-30 15:59:05.305,15847,15848,15847,3,-3
2023-03-30 15:59:21.121,15846,15847,15847,1,1
2023-03-30 15:59:40.011,15846,15847,15846,1,-1
2023-03-30 15:59:40.012,15846,15847,15846,4,-4
2023-03-30 15:59:40.012,15846,15847,15846,1,-1
2023-03-30 15:59:40.012,15846,15847,15846,7,-7
2023-03-30 15:59:45.259,15845,15846,15846,1,1
2023-03-30 15:59:49.588,15846,15847,15846,2,-2
2023-03-30 15:59:51.556,15846,15847,15846,1,-1
2023-03-30 15:59:52.506,15846,15847,15846,3,-3
2023-03-30 15:59:53.380,15846,15847,15846,1,-1
2023-03-30 15:59:53.418,15846,15847,15847,3,3
2023-03-30 16:00:03.094,15846,15847,15847,1,1
2023-03-30 16:00:03.095,15846,15847,15847,1,1
2023-03-30 16:00:03.095,15846,15847,15847,3,3
2023-03-30 16:00:03.095,15846,15847,15847,2,2
2023-03-30 16:00:03.095,15846,15847,15847,1,1
2023-03-30 16:00:03.095,15846,15847,15847,1,1
2023-03-30 16:00:03.096,15846,15847,15847,1,1
2023-03-30 16:00:03.096,15846,15847,15847,1,1
2023-03-30 16:00:03.096,15846,15847,15847,1,1
2023-03-30 16:00:03.096,15846,15847,15847,1,1
2023-03-30 16:00:03.223,15846,15847,15847,1,1
2023-03-30 16:00:03.223,15846,15847,15847,1,1
2023-03-30 16:00:03.367,15846,15847,15847,1,1
2023-03-30 16:00:03.398,15846,15847,15847,1,1
2023-03-30 16:00:03.399,15846,15847,15847,1,1
2023-03-30 16:00:03.402,15846,15847,15847,1,1
2023-03-30 16:00:03.445,15846,15847,15847,2,2
2023-03-30 16:00:03.445,15846,15847,15847,2,2
2023-03-30 16:00:03.481,15846,15847,15848,2,2
2023-03-30 16:00:03.485,15846,15847,15848,2,2
2023-03-30 16:00:03.492,15846,15847,15849,2,2
2023-03-30 16:00:03.685,15847,15849,15849,2,2
2023-03-30 16:00:03.725,15847,15849,15849,2,2
2023-03-30 16:00:08.784,15847,15848,15847,1,-1
2023-03-30 16:00:08.929,15847,15848,15848,2,2
2023-03-30 16:00:09.012,15847,15849,15849,1,1
2023-03-30 16:00:09.014,15847,15849,15849,2,2
2023-03-30 16:00:25.477,15847,15848,15847,1,-1
2023-03-30 16:00:26.770,15846,15847,15846,1,-1
2023-03-30 16:00:26.770,15846,15847,15846,5,-5
2023-03-30 16:00:26.770,15846,15847,15846,4,-4
2023-03-30 16:00:26.775,15846,15847,15845,1,-1
2023-03-30 16:00:27.843,15845,15846,15845,1,-1
2023-03-30 16:00:27.843,15845,15846,15845,15,-15
2023-03-30 16:00:27.943,15844,15845,15845,1,1
2023-03-30 16:00:38.587,15845,15846,15846,1,1
2023-03-30 16:00:41.644,15846,15848,15846,1,-1
2023-03-30 16:00:46.821,15846,15847,15846,1,-1
2023-03-30 16:00:46.850,15846,15847,15846,1,-1
2023-03-30 16:00:46.880,15846,15847,15846,1,-1
2023-03-30 16:00:46.911,15846,15847,15846,1,-1
2023-03-30 16:00:47.310,15845,15846,15846,1,1
2023-03-30 16:00:49.654,15845,15846,15845,11,-11
2023-03-30 16:00:57.147,15844,15845,15845,1,1
2023-03-30 16:01:00.246,15844,15845,15844,3,-3
2023-03-30 16:01:02.549,15844,15845,15844,15,-15
2023-03-30 16:01:02.550,15844,15845,15844,1,-1
2023-03-30 16:01:02.550,15844,15845,15844,5,-5
2023-03-30 16:01:03.409,15843,15845,15843,2,-2
2023-03-30 16:01:03.468,15843,15844,15843,14,-14
2023-03-30 16:01:03.530,15843,15844,15844,1,1
2023-03-30 16:01:03.617,15842,15844,15842,1,-1
2023-03-30 16:01:03.729,15842,15844,15842,1,-1
2023-03-30 16:01:03.729,15842,15844,15842,1,-1
2023-03-30 16:01:03.744,15842,15844,15842,2,-2
2023-03-30 16:01:03.794,15842,15844,15842,1,-1
2023-03-30 16:01:04.776,15842,15844,15842,1,-1
2023-03-30 16:01:07.389,15843,15844,15843,1,-1
2023-03-30 16:01:07.896,15842,15843,15843,1,1
2023-03-30 16:01:07.926,15842,15843,15843,1,1
2023-03-30 16:01:08.359,15843,15844,15843,9,-9
2023-03-30 16:01:13.668,15842,15843,15843,1,1
2023-03-30 16:01:18.833,15842,15843,15843,1,1
2023-03-30 16:01:19.654,15842,15843,15842,1,-1
2023-03-30 16:01:22.202,15842,15843,15842,1,-1
2023-03-30 16:01:22.250,15842,15843,15842,3,-3
2023-03-30 16:01:22.350,15842,15843,15842,1,-1
2023-03-30 16:01:28.181,15842,15843,15842,1,-1
2023-03-30 16:01:31.650,15842,15843,15842,1,-1
2023-03-30 16:01:36.715,15842,15843,15842,1,-1
2023-03-30 16:01:40.676,15842,15843,15842,1,-1
2023-03-30 16:01:41.881,15842,15843,15842,1,-1
2023-03-30 16:01:44.864,15842,15843,15842,1,-1
2023-03-30 16:01:46.399,15842,15843,15842,1,-1
2023-03-30 16:01:48.606,15842,15843,15842,1,-1
2023-03-30 16:01:49.586,15842,15843,15842,1,-1
2023-03-30 16:01:50.371,15842,15843,15843,1,1
2023-03-30 16:01:53.650,15842,15843,15842,2,-2
2023-03-30 16:01:55.534,15842,15843,15843,1,1
2023-03-30 16:02:02.571,15842,15843,15842,1,-1
2023-03-30 16:02:06.496,15842,15843,15843,1,1
2023-03-30 16:02:07.897,15842,15843,15842,4,-4
2023-03-30 16:02:07.897,15842,15843,15842,3,-3
2023-03-30 16:02:13.583,15842,15843,15842,1,-1
2023-03-30 16:02:16.988,15842,15843,15842,1,-1
2023-03-30 16:02:18.866,15842,15843,15842,1,-1
2023-03-30 16:02:20.495,15842,15843,15842,1,-1
2023-03-30 16:02:21.055,15842,15843,15843,2,2
2023-03-30 16:02:21.055,15842,15843,15843,5,5
2023-03-30 16:02:21.370,15843,15844,15844,1,1
2023-03-30 16:02:22.437,15843,15844,15844,1,1
2023-03-30 16:02:22.879,15843,15845,15843,1,-1
2023-03-30 16:02:23.828,15843,15845,15843,1,-1
2023-03-30 16:02:43.560,15843,15845,15845,1,1
2023-03-30 16:02:51.755,15843,15845,15845,1,1
2023-03-30 16:02:56.312,15844,15845,15845,1,1
2023-03-30 16:03:04.180,15845,15846,15845,1,-1
2023-03-30 16:03:04.195,15845,15846,15846,1,1
2023-03-30 16:03:09.683,15846,15847,15846,1,-1
2023-03-30 16:03:16.916,15846,15847,15846,1,-1
2023-03-30 16:03:16.944,15845,15847,15847,1,1
2023-03-30 16:03:19.237,15846,15847,15846,1,-1
2023-03-30 16:03:19.318,15845,15847,15847,1,1
2023-03-30 16:03:19.319,15845,15847,15847,1,1
2023-03-30 16:03:19.326,15845,15847,15847,1,1
2023-03-30 16:03:22.419,15845,15847,15845,1,-1
2023-03-30 16:03:22.443,15845,15847,15847,1,1
2023-03-30 16:03:27.421,15846,15847,15846,1,-1
2023-03-30 16:03:41.961,15845,15846,15846,1,1
2023-03-30 16:04:09.230,15845,15846,15846,2,2
2023-03-30 16:04:17.200,15845,15846,15846,1,1
2023-03-30 16:04:17.446,15846,15847,15846,1,-1
2023-03-30 16:04:19.139,15845,15846,15846,1,1
2023-03-30 16:04:33.756,15846,15847,15847,1,1
2023-03-30 16:04:36.627,15847,15848,15848,1,1
2023-03-30 16:04:40.521,15847,15848,15848,1,1
2023-03-30 16:04:44.716,15847,15848,15848,1,1
2023-03-30 16:04:47.100,15847,15848,15848,7,7
2023-03-30 16:05:07.430,15847,15848,15848,11,11
2023-03-30 16:05:07.431,15847,15848,15848,1,1
2023-03-30 16:05:07.431,15847,15848,15848,1,1
2023-03-30 16:05:07.854,15848,15849,15848,1,-1
2023-03-30 16:05:08.855,15848,15849,15848,1,-1
2023-03-30 16:05:10.341,15848,15849,15848,1,-1
2023-03-30 16:05:12.741,15848,15849,15849,1,1
2023-03-30 16:05:18.207,15848,15849,15849,1,1
2023-03-30 16:05:19.145,15848,15849,15849,3,3
2023-03-30 16:05:26.873,15848,15849,15849,1,1
2023-03-30 16:05:31.114,15848,15849,15849,1,1
2023-03-30 16:05:35.748,15848,15849,15849,1,1
2023-03-30 16:05:36.794,15848,15849,15849,1,1
2023-03-30 16:05:37.601,15848,15849,15849,1,1
2023-03-30 16:05:38.575,15848,15850,15850,1,1
2023-03-30 16:05:39.890,15848,15849,15849,1,1
2023-03-30 16:05:48.555,15849,15850,15849,2,-2
2023-03-30 16:05:51.584,15849,15850,15849,1,-1
2023-03-30 16:05:51.584,15849,15850,15849,1,-1
2023-03-30 16:05:51.585,15849,15850,15849,3,-3
2023-03-30 16:05:55.829,15848,15849,15848,2,-2
2023-03-30 16:05:55.829,15848,15849,15848,4,-4
2023-03-30 16:05:55.829,15848,15849,15848,1,-1
2023-03-30 16:05:55.829,15848,15849,15848,6,-6
2023-03-30 16:05:55.829,15848,15849,15848,13,-13
2023-03-30 16:05:55.829,15848,15849,15848,12,-12
2023-03-30 16:05:55.830,15848,15849,15847,1,-1
2023-03-30 16:06:03.860,15847,15848,15847,1,-1
2023-03-30 16:06:04.615,15846,15847,15847,1,1
2023-03-30 16:06:05.234,15845,15847,15847,1,1
2023-03-30 16:06:15.518,15846,15847,15847,1,1
2023-03-30 16:06:16.162,15846,15847,15847,1,1
2023-03-30 16:06:20.203,15846,15847,15846,2,-2
2023-03-30 16:06:22.057,15845,15847,15847,1,1
2023-03-30 16:06:25.790,15845,15846,15846,1,1
2023-03-30 16:06:35.410,15845,15846,15846,2,2
2023-03-30 16:06:35.411,15845,15846,15846,1,1
2023-03-30 16:06:35.463,15846,15847,15846,1,-1
2023-03-30 16:06:43.052,15846,15847,15847,1,1
2023-03-30 16:06:43.052,15846,15847,15847,2,2
2023-03-30 16:07:02.142,15848,15849,15848,1,-1
2023-03-30 16:07:02.327,15848,15849,15848,1,-1
2023-03-30 16:07:18.391,15847,15848,15848,2,2
2023-03-30 16:07:29.571,15847,15848,15848,1,1
2023-03-30 16:07:31.876,15847,15848,15848,1,1
2023-03-30 16:07:33.055,15847,15848,15848,2,2
2023-03-30 16:07:39.547,15847,15848,15848,1,1
2023-03-30 16:07:49.956,15847,15848,15848,1,1
2023-03-30 16:08:06.183,15847,15848,15848,1,1
2023-03-30 16:08:06.190,15847,15848,15848,1,1
2023-03-30 16:08:06.191,15847,15848,15848,1,1
2023-03-30 16:08:17.167,15848,15849,15848,1,-1
2023-03-30 16:08:35.286,15848,15849,15849,14,14
2023-03-30 16:08:35.286,15848,15849,15849,4,4
2023-03-30 16:08:35.286,15848,15849,15849,1,1
2023-03-30 16:08:35.286,15848,15849,15849,1,1
2023-03-30 16:08:35.287,15848,15849,15849,1,1
2023-03-30 16:08:35.287,15848,15849,15849,2,2
2023-03-30 16:08:35.287,15848,15849,15849,2,2
2023-03-30 16:08:36.905,15849,15850,15849,1,-1
2023-03-30 16:08:38.571,15849,15850,15850,2,2
2023-03-30 16:08:44.204,15849,15850,15850,1,1
2023-03-30 16:08:51.058,15849,15850,15850,1,1
2023-03-30 16:08:51.207,15849,15850,15850,1,1
2023-03-30 16:08:55.663,15849,15850,15850,1,1
2023-03-30 16:08:55.663,15849,15850,15850,1,1
2023-03-30 16:08:55.663,15849,15850,15850,1,1
2023-03-30 16:08:55.663,15849,15850,15850,3,3
2023-03-30 16:08:55.663,15849,15850,15850,1,1
2023-03-30 16:08:55.663,15849,15850,15850,1,1
2023-03-30 16:08:57.093,15850,15851,15851,5,5
2023-03-30 16:08:57.093,15850,15851,15852,25,25
2023-03-30 16:09:04.291,15850,15852,15852,1,1
2023-03-30 16:09:09.241,15850,15852,15852,1,1
2023-03-30 16:09:10.367,15851,15852,15852,1,1
2023-03-30 16:09:12.870,15851,15852,15852,2,2
2023-03-30 16:09:15.111,15851,15852,15852,1,1
2023-03-30 16:09:17.273,15851,15852,15852,1,1
2023-03-30 16:09:22.732,15851,15852,15852,1,1
2023-03-30 16:09:22.863,15851,15853,15853,5,5
2023-03-30 16:09:26.200,15852,15853,15852,1,-1
2023-03-30 16:09:27.849,15851,15852,15852,1,1
2023-03-30 16:09:29.655,15851,15852,15852,5,5
2023-03-30 16:09:31.142,15851,15852,15852,1,1
2023-03-30 16:09:35.556,15851,15852,15852,5,5
2023-03-30 16:09:39.200,15851,15852,15852,1,1
2023-03-30 16:09:41.421,15851,15852,15852,1,1
2023-03-30 16:09:42.035,15851,15853,15853,5,5
2023-03-30 16:09:45.104,15851,15853,15852,1,1
2023-03-30 16:09:47.668,15851,15852,15852,1,1
2023-03-30 16:10:01.781,15852,15853,15852,1,-1
2023-03-30 16:10:02.315,15852,15853,15853,1,1
2023-03-30 16:10:02.364,15852,15853,15853,1,1
2023-03-30 16:10:08.507,15852,15853,15852,1,-1
2023-03-30 16:10:10.701,15852,15853,15853,1,1
2023-03-30 16:10:10.701,15852,15853,15853,3,3
2023-03-30 16:10:10.701,15852,15853,15853,1,1
2023-03-30 16:10:10.701,15852,15853,15853,4,4
2023-03-30 16:10:10.701,15852,15853,15853,1,1
2023-03-30 16:10:10.701,15852,15853,15853,4,4
2023-03-30 16:10:10.701,15852,15853,15853,1,1
2023-03-30 16:10:10.702,15852,15853,15853,3,3
2023-03-30 16:10:10.702,15852,15853,15853,3,3
2023-03-30 16:10:10.702,15852,15853,15853,1,1
2023-03-30 16:10:10.702,15852,15853,15853,2,2
2023-03-30 16:10:10.702,15852,15853,15853,1,1
2023-03-30 16:10:12.357,15852,15854,15854,2,2
2023-03-30 16:10:14.364,15852,15854,15854,9,9
2023-03-30 16:10:18.449,15853,15854,15854,1,1
2023-03-30 16:10:18.699,15853,15854,15853,1,-1
2023-03-30 16:10:18.699,15853,15854,15853,1,-1
2023-03-30 16:10:18.699,15853,15854,15853,1,-1
2023-03-30 16:10:23.292,15851,15853,15853,8,8
2023-03-30 16:10:27.187,15851,15853,15853,1,1
2023-03-30 16:10:27.378,15852,15853,15853,3,3
2023-03-30 16:10:28.428,15851,15853,15853,1,1
2023-03-30 16:10:30.139,15852,15853,15853,1,1
2023-03-30 16:10:30.201,15852,15853,15852,1,-1
2023-03-30 16:10:32.365,15852,15853,15853,1,1
2023-03-30 16:10:32.585,15852,15853,15853,1,1
2023-03-30 16:10:34.939,15852,15853,15853,1,1
2023-03-30 16:10:39.215,15852,15853,15852,1,-1
2023-03-30 16:10:39.568,15851,15853,15853,2,2
2023-03-30 16:10:42.723,15851,15853,15853,1,1
2023-03-30 16:10:44.073,15851,15853,15853,1,1
2023-03-30 16:10:44.806,15851,15853,15851,1,-1
2023-03-30 16:10:59.351,15851,15852,15851,1,-1
2023-03-30 16:11:02.836,15851,15852,15851,2,-2
2023-03-30 16:11:04.083,15850,15852,15852,3,3
2023-03-30 16:11:06.260,15850,15852,15850,2,-2
2023-03-30 16:11:11.882,15850,15852,15850,1,-1
2023-03-30 16:11:12.405,15850,15852,15850,1,-1
2023-03-30 16:11:15.230,15850,15852,15850,3,-3
2023-03-30 16:11:19.716,15850,15851,15850,3,-3
2023-03-30 16:11:19.717,15850,15851,15850,12,-12
2023-03-30 16:11:21.989,15849,15850,15849,1,-1
2023-03-30 16:11:28.767,15850,15851,15850,1,-1
2023-03-30 16:11:30.671,15849,15851,15849,3,-3
2023-03-30 16:11:53.812,15849,15850,15850,1,1
2023-03-30 16:12:13.802,15850,15851,15851,1,1
2023-03-30 16:12:13.802,15850,15851,15851,1,1
2023-03-30 16:12:58.333,15851,15852,15852,1,1
2023-03-30 16:12:58.333,15851,15852,15852,1,1
2023-03-30 16:13:21.022,15852,15853,15852,1,-1
2023-03-30 16:13:23.322,15852,15853,15853,1,1
2023-03-30 16:13:25.359,15853,15854,15853,1,-1
2023-03-30 16:13:38.299,15853,15854,15854,3,3
2023-03-30 16:13:38.306,15853,15854,15853,1,-1
2023-03-30 16:13:39.915,15853,15854,15854,1,1
2023-03-30 16:13:40.740,15853,15854,15854,1,1
2023-03-30 16:13:47.014,15853,15854,15854,1,1
2023-03-30 16:13:47.014,15853,15854,15854,1,1
2023-03-30 16:13:47.014,15853,15854,15854,1,1
