2021-08-25 15:00:00.056,16986,16987,16990,167,167
2021-08-25 15:00:00.058,16990,16991,16990,3,-3
2021-08-25 15:00:00.058,16990,16991,16990,2,-2
2021-08-25 15:00:00.076,16990,16991,16989,1,-1
2021-08-25 15:00:00.077,16990,16991,16989,1,-1
2021-08-25 15:00:00.083,16989,16991,16989,1,-1
2021-08-25 15:00:00.084,16989,16991,16989,1,-1
2021-08-25 15:00:00.102,16989,16991,16989,2,-2
2021-08-25 15:00:00.146,16989,16991,16990,1,1
2021-08-25 15:00:00.146,16989,16991,16991,3,3
2021-08-25 15:00:00.204,16989,16991,16992,3,3
2021-08-25 15:00:00.216,16989,16992,16992,1,1
2021-08-25 15:00:00.260,16989,16992,16993,1,1
2021-08-25 15:00:00.267,16989,16992,16991,1,-1
2021-08-25 15:00:00.277,16989,16992,16991,1,-1
2021-08-25 15:00:00.287,16989,16992,16991,1,-1
2021-08-25 15:00:00.291,16989,16992,16993,3,3
2021-08-25 15:00:00.297,16989,16992,16989,1,-1
2021-08-25 15:00:00.300,16989,16992,16993,5,5
2021-08-25 15:00:00.304,16989,16992,16989,1,-1
2021-08-25 15:00:00.385,16989,16993,16993,1,1
2021-08-25 15:00:00.385,16989,16993,16993,1,1
2021-08-25 15:00:00.385,16989,16993,16994,1,1
2021-08-25 15:00:00.483,16989,16994,16994,1,1
2021-08-25 15:00:00.483,16989,16994,16995,2,2
2021-08-25 15:00:00.500,16989,16994,16989,1,-1
2021-08-25 15:00:00.545,16989,16994,16995,2,2
2021-08-25 15:00:00.561,16989,16994,16995,2,2
2021-08-25 15:00:00.597,16989,16994,16989,1,-1
2021-08-25 15:00:00.639,16989,16994,16994,2,2
2021-08-25 15:00:00.696,16989,16994,16991,1,-1
2021-08-25 15:00:00.717,16988,16992,16990,1,-1
2021-08-25 15:00:00.744,16988,16992,16992,1,1
2021-08-25 15:00:00.744,16988,16992,16992,1,1
2021-08-25 15:00:00.744,16988,16992,16992,1,1
2021-08-25 15:00:00.749,16988,16992,16989,2,-2
2021-08-25 15:00:00.757,16988,16992,16988,1,-1
2021-08-25 15:00:00.761,16988,16992,16988,1,-1
2021-08-25 15:00:00.793,16988,16992,16990,1,1
2021-08-25 15:00:00.803,16988,16992,16988,13,-13
2021-08-25 15:00:00.805,16988,16992,16987,7,-7
2021-08-25 15:00:00.838,16987,16989,16987,5,-5
2021-08-25 15:00:00.957,16987,16989,16986,3,-3
2021-08-25 15:00:01.053,16986,16989,16987,1,1
2021-08-25 15:00:01.085,16986,16988,16988,1,1
2021-08-25 15:00:01.163,16986,16988,16988,1,1
2021-08-25 15:00:01.201,16986,16988,16987,1,-1
2021-08-25 15:00:01.210,16986,16988,16988,1,1
2021-08-25 15:00:01.222,16986,16988,16986,2,-2
2021-08-25 15:00:01.335,16986,16988,16988,1,1
2021-08-25 15:00:01.343,16986,16988,16989,1,1
2021-08-25 15:00:01.406,16986,16988,16989,4,4
2021-08-25 15:00:01.460,16988,16989,16989,1,1
2021-08-25 15:00:01.484,16988,16989,16988,2,-2
2021-08-25 15:00:01.498,16988,16989,16988,1,-1
2021-08-25 15:00:01.585,16987,16988,16988,5,5
2021-08-25 15:00:01.599,16987,16988,16987,1,-1
2021-08-25 15:00:01.602,16987,16988,16987,1,-1
2021-08-25 15:00:01.602,16987,16988,16986,1,-1
2021-08-25 15:00:01.652,16987,16988,16986,2,-2
2021-08-25 15:00:01.723,16987,16990,16989,2,2
2021-08-25 15:00:01.751,16987,16990,16990,1,1
2021-08-25 15:00:01.752,16987,16990,16987,2,-2
2021-08-25 15:00:01.957,16986,16989,16989,2,2
2021-08-25 15:00:01.989,16986,16989,16988,1,-1
2021-08-25 15:00:01.989,16986,16989,16989,1,1
2021-08-25 15:00:01.989,16986,16989,16990,3,3
2021-08-25 15:00:01.989,16986,16989,16991,1,1
2021-08-25 15:00:02.040,16986,16989,16988,3,-3
2021-08-25 15:00:02.040,16986,16989,16987,1,-1
2021-08-25 15:00:02.185,16986,16989,16989,1,1
2021-08-25 15:00:02.622,16986,16989,16986,4,-4
2021-08-25 15:00:02.765,16986,16989,16986,2,-2
2021-08-25 15:00:02.765,16986,16989,16985,1,-1
2021-08-25 15:00:03.053,16985,16989,16989,1,1
2021-08-25 15:00:03.140,16985,16989,16985,1,-1
2021-08-25 15:00:03.351,16985,16988,16988,1,1
2021-08-25 15:00:03.351,16985,16988,16989,3,3
2021-08-25 15:00:03.420,16985,16988,16986,1,-1
2021-08-25 15:00:03.420,16985,16988,16985,2,-2
2021-08-25 15:00:03.585,16985,16986,16986,1,1
2021-08-25 15:00:03.686,16985,16986,16985,2,-2
2021-08-25 15:00:03.791,16985,16987,16987,1,1
2021-08-25 15:00:03.813,16985,16987,16987,1,1
2021-08-25 15:00:04.335,16985,16986,16985,5,-5
2021-08-25 15:00:04.471,16984,16986,16986,1,1
2021-08-25 15:00:04.714,16985,16987,16987,1,1
2021-08-25 15:00:04.818,16985,16987,16987,1,1
2021-08-25 15:00:04.841,16985,16987,16986,3,-3
2021-08-25 15:00:04.963,16985,16986,16986,1,1
2021-08-25 15:00:05.196,16985,16987,16987,1,1
2021-08-25 15:00:05.473,16985,16986,16985,1,-1
2021-08-25 15:00:05.789,16985,16986,16985,1,-1
2021-08-25 15:00:05.818,16985,16986,16985,2,-2
2021-08-25 15:00:05.833,16985,16986,16985,3,-3
2021-08-25 15:00:06.032,16984,16985,16985,1,1
2021-08-25 15:00:06.357,16984,16985,16984,1,-1
2021-08-25 15:00:06.712,16984,16985,16984,1,-1
2021-08-25 15:00:06.712,16984,16985,16984,6,-6
2021-08-25 15:00:06.809,16984,16985,16985,1,1
2021-08-25 15:00:07.400,16984,16985,16985,1,1
2021-08-25 15:00:07.528,16984,16985,16984,3,-3
2021-08-25 15:00:07.528,16984,16985,16983,8,-8
2021-08-25 15:00:07.529,16984,16985,16983,2,-2
2021-08-25 15:00:07.823,16982,16984,16982,2,-2
2021-08-25 15:00:08.849,16983,16984,16983,1,1
2021-08-25 15:00:09.233,16983,16984,16983,2,-2
2021-08-25 15:00:09.233,16983,16984,16982,1,-1
2021-08-25 15:00:09.330,16983,16984,16982,6,-6
2021-08-25 15:00:09.594,16982,16983,16983,1,1
2021-08-25 15:00:09.595,16982,16983,16984,1,1
2021-08-25 15:00:10.044,16982,16983,16982,1,-1
2021-08-25 15:00:10.169,16982,16983,16983,1,1
2021-08-25 15:00:10.210,16982,16983,16982,5,-5
2021-08-25 15:00:10.210,16982,16983,16982,1,-1
2021-08-25 15:00:10.464,16981,16982,16981,1,-1
2021-08-25 15:00:10.802,16981,16982,16981,1,-1
2021-08-25 15:00:10.802,16981,16982,16981,9,-9
2021-08-25 15:00:10.815,16981,16982,16980,1,-1
2021-08-25 15:00:11.108,16980,16981,16981,3,3
2021-08-25 15:00:11.351,16980,16981,16981,1,1
2021-08-25 15:00:11.459,16980,16981,16980,1,-1
2021-08-25 15:00:12.267,16980,16981,16980,1,-1
2021-08-25 15:00:12.332,16980,16981,16981,1,1
2021-08-25 15:00:12.541,16980,16981,16980,1,-1
2021-08-25 15:00:12.542,16980,16981,16980,7,-7
2021-08-25 15:00:12.543,16980,16981,16979,1,-1
2021-08-25 15:00:12.807,16978,16979,16978,1,-1
2021-08-25 15:00:13.210,16978,16979,16979,4,4
2021-08-25 15:00:13.210,16978,16979,16980,6,6
2021-08-25 15:00:13.211,16978,16979,16978,1,-1
2021-08-25 15:00:13.220,16978,16979,16979,2,2
2021-08-25 15:00:13.221,16978,16979,16979,5,5
2021-08-25 15:00:13.666,16979,16980,16979,1,-1
2021-08-25 15:00:13.772,16979,16980,16980,1,1
2021-08-25 15:00:14.127,16979,16980,16980,1,1
2021-08-25 15:00:14.136,16979,16980,16980,6,6
2021-08-25 15:00:14.313,16980,16981,16980,4,-4
2021-08-25 15:00:14.313,16980,16981,16979,5,-5
2021-08-25 15:00:14.313,16980,16981,16979,1,-1
2021-08-25 15:00:14.521,16978,16981,16981,1,1
2021-08-25 15:00:14.796,16978,16980,16980,1,1
2021-08-25 15:00:15.051,16978,16981,16981,1,1
2021-08-25 15:00:15.076,16978,16981,16980,1,-1
2021-08-25 15:00:15.136,16980,16982,16980,1,-1
2021-08-25 15:00:15.272,16978,16982,16982,1,1
2021-08-25 15:00:15.748,16980,16983,16981,1,-1
2021-08-25 15:00:15.887,16980,16983,16980,1,-1
2021-08-25 15:00:15.909,16980,16983,16981,1,1
2021-08-25 15:00:16.799,16980,16982,16981,1,-1
2021-08-25 15:00:16.901,16980,16982,16982,1,1
2021-08-25 15:00:17.106,16980,16983,16983,1,1
2021-08-25 15:00:18.748,16981,16982,16981,1,-1
2021-08-25 15:00:19.147,16980,16982,16980,2,-2
2021-08-25 15:00:19.579,16979,16980,16980,3,3
2021-08-25 15:00:19.772,16979,16980,16980,1,1
2021-08-25 15:00:19.998,16979,16980,16980,1,1
2021-08-25 15:00:21.336,16979,16980,16980,6,6
2021-08-25 15:00:21.339,16979,16980,16980,1,1
2021-08-25 15:00:22.583,16979,16980,16980,1,1
2021-08-25 15:00:22.585,16980,16981,16980,2,-2
2021-08-25 15:00:22.851,16979,16981,16981,1,1
2021-08-25 15:00:23.589,16979,16980,16980,4,4
2021-08-25 15:00:23.589,16979,16980,16981,2,2
2021-08-25 15:00:23.598,16979,16980,16981,2,2
2021-08-25 15:00:23.598,16979,16980,16982,4,4
2021-08-25 15:00:23.782,16980,16982,16982,6,6
2021-08-25 15:00:23.890,16980,16982,16982,1,1
2021-08-25 15:00:24.126,16980,16983,16980,2,-2
2021-08-25 15:00:25.717,16981,16982,16981,1,1
2021-08-25 15:00:25.928,16980,16982,16980,1,-1
2021-08-25 15:00:26.514,16980,16982,16980,1,-1
2021-08-25 15:00:26.532,16980,16982,16981,1,1
2021-08-25 15:00:27.221,16980,16982,16980,2,-2
2021-08-25 15:00:28.484,16980,16981,16981,1,1
2021-08-25 15:00:28.613,16980,16981,16980,1,-1
2021-08-25 15:00:28.789,16980,16981,16981,1,1
2021-08-25 15:00:30.326,16980,16981,16981,1,1
2021-08-25 15:00:30.327,16980,16981,16981,1,1
2021-08-25 15:00:30.885,16981,16982,16981,1,-1
2021-08-25 15:00:30.885,16981,16982,16980,1,-1
2021-08-25 15:00:30.942,16981,16982,16980,1,-1
2021-08-25 15:00:34.971,16981,16982,16981,1,1
2021-08-25 15:00:34.971,16981,16982,16980,16,-16
2021-08-25 15:00:34.971,16981,16982,16979,14,-14
2021-08-25 15:00:35.197,16979,16981,16979,1,-1
2021-08-25 15:00:35.320,16979,16981,16980,1,1
2021-08-25 15:00:35.473,16979,16981,16981,1,1
2021-08-25 15:00:36.114,16979,16982,16982,1,1
2021-08-25 15:00:36.480,16980,16982,16982,1,1
2021-08-25 15:00:36.718,16979,16980,16979,1,-1
2021-08-25 15:00:36.781,16979,16980,16979,1,-1
2021-08-25 15:00:36.781,16979,16980,16979,1,-1
2021-08-25 15:00:36.823,16979,16980,16980,1,1
2021-08-25 15:00:38.964,16979,16980,16980,1,1
2021-08-25 15:00:41.620,16978,16980,16980,2,2
2021-08-25 15:00:42.036,16978,16980,16978,1,-1
2021-08-25 15:00:42.315,16978,16979,16978,1,-1
2021-08-25 15:00:42.315,16978,16979,16978,4,-4
2021-08-25 15:00:42.335,16978,16979,16978,6,-6
2021-08-25 15:00:42.411,16978,16979,16977,1,-1
2021-08-25 15:00:42.567,16977,16978,16977,1,-1
2021-08-25 15:00:42.859,16977,16978,16978,1,1
2021-08-25 15:00:43.384,16977,16978,16978,1,1
2021-08-25 15:00:44.341,16977,16978,16977,1,-1
2021-08-25 15:00:44.711,16977,16978,16978,1,1
2021-08-25 15:00:46.828,16977,16978,16977,9,-9
2021-08-25 15:00:47.077,16976,16977,16976,3,-3
2021-08-25 15:00:47.168,16976,16977,16976,1,-1
2021-08-25 15:00:47.997,16976,16978,16978,1,1
2021-08-25 15:00:48.559,16976,16978,16977,1,-1
2021-08-25 15:00:50.095,16976,16977,16977,1,1
2021-08-25 15:00:51.242,16976,16978,16976,1,-1
2021-08-25 15:00:53.862,16976,16977,16977,2,2
2021-08-25 15:00:54.646,16976,16978,16978,2,2
2021-08-25 15:00:56.116,16976,16978,16976,9,-9
2021-08-25 15:00:56.284,16975,16976,16975,1,-1
2021-08-25 15:00:56.403,16975,16976,16975,4,-4
2021-08-25 15:00:56.433,16975,16976,16975,4,-4
2021-08-25 15:00:56.435,16975,16976,16975,1,-1
2021-08-25 15:00:56.435,16975,16976,16975,1,-1
2021-08-25 15:00:57.270,16975,16976,16975,1,-1
2021-08-25 15:00:57.533,16975,16976,16975,1,-1
2021-08-25 15:00:57.748,16974,16976,16976,1,1
2021-08-25 15:00:58.340,16974,16977,16977,2,2
2021-08-25 15:00:58.645,16976,16977,16976,1,-1
2021-08-25 15:00:58.645,16976,16977,16974,3,-3
2021-08-25 15:00:58.870,16974,16975,16975,1,1
2021-08-25 15:00:58.967,16974,16977,16977,1,1
2021-08-25 15:00:59.990,16975,16977,16977,2,2
2021-08-25 15:01:00.016,16975,16977,16977,2,2
2021-08-25 15:01:00.046,16975,16977,16975,2,-2
2021-08-25 15:01:00.073,16975,16977,16977,2,2
2021-08-25 15:01:00.079,16975,16977,16977,2,2
2021-08-25 15:01:00.081,16975,16977,16977,2,2
2021-08-25 15:01:00.084,16975,16977,16977,2,2
2021-08-25 15:01:00.221,16975,16977,16975,1,-1
2021-08-25 15:01:00.273,16975,16977,16977,1,1
2021-08-25 15:01:00.563,16977,16978,16978,2,2
2021-08-25 15:01:00.621,16977,16978,16977,1,-1
2021-08-25 15:01:00.699,16977,16978,16978,6,6
2021-08-25 15:01:00.706,16977,16978,16978,9,9
2021-08-25 15:01:00.706,16977,16978,16979,1,1
2021-08-25 15:01:01.253,16978,16980,16980,1,1
2021-08-25 15:01:01.389,16978,16980,16979,1,-1
2021-08-25 15:01:01.858,16978,16980,16978,2,-2
2021-08-25 15:01:02.101,16977,16979,16979,1,1
2021-08-25 15:01:03.045,16977,16979,16977,1,-1
2021-08-25 15:01:03.063,16977,16979,16976,5,-5
2021-08-25 15:01:03.063,16977,16979,16976,3,-3
2021-08-25 15:01:03.064,16977,16979,16976,1,-1
2021-08-25 15:01:03.064,16977,16979,16976,1,-1
2021-08-25 15:01:03.753,16975,16976,16975,1,-1
2021-08-25 15:01:03.754,16975,16976,16975,1,-1
2021-08-25 15:01:03.840,16974,16975,16975,1,1
2021-08-25 15:01:04.006,16974,16975,16975,1,1
2021-08-25 15:01:04.725,16974,16975,16974,11,-11
2021-08-25 15:01:04.725,16974,16975,16973,1,-1
2021-08-25 15:01:04.726,16974,16975,16973,2,-2
2021-08-25 15:01:04.726,16974,16975,16973,2,-2
2021-08-25 15:01:04.727,16974,16975,16973,2,-2
2021-08-25 15:01:07.708,16974,16975,16974,1,1
2021-08-25 15:01:14.286,16974,16975,16974,1,-1
2021-08-25 15:01:14.337,16974,16975,16974,1,-1
2021-08-25 15:01:14.337,16974,16975,16973,1,-1
2021-08-25 15:01:14.337,16974,16975,16973,1,-1
2021-08-25 15:01:14.337,16974,16975,16973,1,-1
2021-08-25 15:01:14.337,16974,16975,16973,1,-1
2021-08-25 15:01:14.338,16974,16975,16973,1,-1
2021-08-25 15:01:14.338,16974,16975,16973,1,-1
2021-08-25 15:01:14.338,16974,16975,16973,1,-1
2021-08-25 15:01:14.339,16974,16975,16973,1,-1
2021-08-25 15:01:14.340,16974,16975,16973,1,-1
2021-08-25 15:01:14.340,16974,16975,16973,1,-1
2021-08-25 15:01:14.340,16974,16975,16973,1,-1
2021-08-25 15:01:14.340,16974,16975,16973,1,-1
2021-08-25 15:01:16.756,16973,16975,16974,1,1
2021-08-25 15:01:17.753,16973,16975,16975,1,1
2021-08-25 15:01:17.836,16973,16975,16973,1,-1
2021-08-25 15:01:18.136,16973,16975,16973,2,-2
2021-08-25 15:01:18.255,16974,16975,16975,13,13
2021-08-25 15:01:20.311,16975,16977,16977,1,1
2021-08-25 15:01:24.003,16975,16976,16976,5,5
2021-08-25 15:01:25.089,16975,16977,16977,1,1
2021-08-25 15:01:26.386,16975,16977,16975,1,-1
2021-08-25 15:01:27.215,16975,16976,16976,1,1
2021-08-25 15:01:27.337,16975,16976,16975,1,-1
2021-08-25 15:01:27.337,16975,16976,16974,1,-1
2021-08-25 15:01:27.337,16975,16976,16974,1,-1
2021-08-25 15:01:27.423,16975,16976,16974,1,-1
2021-08-25 15:01:28.047,16974,16976,16974,9,-9
2021-08-25 15:01:28.086,16973,16974,16974,2,2
2021-08-25 15:01:28.239,16973,16974,16974,1,1
2021-08-25 15:01:29.009,16973,16974,16974,1,1
2021-08-25 15:01:29.009,16973,16974,16974,3,3
2021-08-25 15:01:29.013,16973,16974,16974,4,4
2021-08-25 15:01:29.588,16973,16976,16973,1,-1
2021-08-25 15:01:29.772,16973,16975,16973,1,-1
2021-08-25 15:01:34.161,16973,16975,16973,1,-1
2021-08-25 15:01:34.984,16973,16974,16973,1,-1
2021-08-25 15:01:36.338,16973,16974,16973,6,-6
2021-08-25 15:01:36.338,16973,16974,16972,10,-10
2021-08-25 15:01:40.412,16971,16972,16971,2,-2
2021-08-25 15:01:40.420,16971,16972,16971,1,-1
2021-08-25 15:01:40.464,16971,16972,16971,1,-1
2021-08-25 15:01:40.724,16971,16972,16971,3,-3
2021-08-25 15:01:40.725,16971,16972,16971,2,-2
2021-08-25 15:01:40.725,16971,16972,16971,3,-3
2021-08-25 15:01:40.726,16971,16972,16971,7,-7
2021-08-25 15:01:41.071,16970,16971,16970,1,-1
2021-08-25 15:01:41.669,16970,16971,16970,1,-1
2021-08-25 15:01:42.468,16970,16971,16970,1,-1
2021-08-25 15:01:42.615,16970,16971,16970,1,-1
2021-08-25 15:01:43.333,16970,16972,16970,10,-10
2021-08-25 15:01:45.461,16970,16972,16972,2,2
2021-08-25 15:01:46.512,16971,16972,16971,1,-1
2021-08-25 15:01:48.753,16971,16972,16972,1,1
2021-08-25 15:01:49.710,16971,16972,16972,1,1
2021-08-25 15:01:50.222,16971,16972,16972,3,3
2021-08-25 15:01:51.305,16971,16973,16971,1,-1
2021-08-25 15:01:51.870,16971,16972,16972,1,1
2021-08-25 15:01:52.907,16971,16973,16973,4,4
2021-08-25 15:01:53.712,16971,16973,16972,1,-1
2021-08-25 15:01:56.377,16971,16973,16973,6,6
2021-08-25 15:01:56.378,16971,16973,16973,2,2
2021-08-25 15:01:56.686,16973,16974,16973,17,-17
2021-08-25 15:02:00.141,16972,16973,16973,1,1
2021-08-25 15:02:00.214,16972,16974,16972,1,-1
2021-08-25 15:02:00.274,16972,16974,16974,4,4
2021-08-25 15:02:00.330,16972,16974,16974,1,1
2021-08-25 15:02:00.624,16972,16974,16974,1,1
2021-08-25 15:02:00.691,16972,16974,16974,1,1
2021-08-25 15:02:00.766,16972,16974,16974,1,1
2021-08-25 15:02:00.887,16972,16974,16974,2,2
2021-08-25 15:02:01.016,16972,16975,16975,2,2
2021-08-25 15:02:01.069,16972,16975,16975,1,1
2021-08-25 15:02:01.117,16973,16975,16975,1,1
2021-08-25 15:02:01.289,16973,16975,16975,1,1
2021-08-25 15:02:01.421,16973,16975,16975,1,1
2021-08-25 15:02:01.711,16973,16975,16975,2,2
2021-08-25 15:02:01.741,16973,16975,16975,1,1
2021-08-25 15:02:01.802,16973,16975,16975,1,1
2021-08-25 15:02:01.833,16973,16975,16975,1,1
2021-08-25 15:02:01.873,16973,16975,16975,1,1
2021-08-25 15:02:01.908,16973,16975,16975,1,1
2021-08-25 15:02:02.744,16973,16974,16974,1,1
2021-08-25 15:02:03.020,16973,16975,16975,1,1
2021-08-25 15:02:03.125,16973,16975,16975,7,7
2021-08-25 15:02:04.684,16975,16976,16975,1,-1
2021-08-25 15:02:05.569,16973,16975,16974,2,-2
2021-08-25 15:02:05.569,16973,16975,16973,10,-10
2021-08-25 15:02:05.570,16973,16975,16973,13,-13
2021-08-25 15:02:06.128,16973,16975,16975,1,1
2021-08-25 15:02:08.942,16974,16975,16975,1,1
2021-08-25 15:02:09.722,16974,16976,16974,3,-3
2021-08-25 15:02:09.722,16974,16976,16973,9,-9
2021-08-25 15:02:09.723,16974,16976,16973,4,-4
2021-08-25 15:02:09.723,16974,16976,16973,1,-1
2021-08-25 15:02:09.723,16974,16976,16973,1,-1
2021-08-25 15:02:09.723,16974,16976,16973,5,-5
2021-08-25 15:02:09.723,16974,16976,16973,1,-1
2021-08-25 15:02:09.724,16974,16976,16973,1,-1
2021-08-25 15:02:10.048,16973,16975,16975,1,1
2021-08-25 15:02:11.387,16973,16975,16975,1,1
2021-08-25 15:02:11.484,16973,16975,16975,2,2
2021-08-25 15:02:11.711,16973,16975,16973,1,-1
2021-08-25 15:02:12.213,16973,16975,16975,1,1
2021-08-25 15:02:20.794,16973,16975,16973,1,-1
2021-08-25 15:02:21.263,16973,16975,16973,1,-1
2021-08-25 15:02:21.337,16973,16975,16975,1,1
2021-08-25 15:02:23.687,16973,16975,16975,1,1
2021-08-25 15:02:27.518,16974,16975,16975,1,1
2021-08-25 15:02:27.557,16974,16975,16975,1,1
2021-08-25 15:02:29.767,16974,16975,16975,1,1
2021-08-25 15:02:30.361,16974,16976,16976,1,1
2021-08-25 15:02:31.988,16974,16976,16976,1,1
2021-08-25 15:02:32.891,16975,16976,16975,1,-1
2021-08-25 15:02:34.520,16974,16975,16974,1,-1
2021-08-25 15:02:35.716,16974,16975,16975,1,1
2021-08-25 15:02:35.746,16974,16975,16975,1,1
2021-08-25 15:02:36.370,16974,16975,16975,1,1
2021-08-25 15:02:36.477,16974,16975,16975,1,1
2021-08-25 15:02:36.481,16974,16975,16975,1,1
2021-08-25 15:02:36.481,16974,16975,16975,1,1
2021-08-25 15:02:36.902,16974,16976,16974,1,-1
2021-08-25 15:02:37.388,16974,16976,16974,1,-1
2021-08-25 15:02:39.368,16975,16976,16975,2,2
2021-08-25 15:02:40.896,16974,16976,16976,1,1
2021-08-25 15:02:41.504,16975,16976,16975,1,-1
2021-08-25 15:02:41.815,16975,16976,16975,1,-1
2021-08-25 15:02:41.821,16975,16976,16976,1,1
2021-08-25 15:02:44.502,16976,16977,16976,1,-1
2021-08-25 15:02:44.502,16976,16977,16977,5,5
2021-08-25 15:02:44.990,16976,16978,16978,1,1
2021-08-25 15:02:46.052,16976,16978,16976,1,-1
2021-08-25 15:02:47.708,16977,16978,16978,1,1
2021-08-25 15:02:47.917,16977,16978,16978,4,4
2021-08-25 15:02:47.919,16977,16978,16979,3,3
2021-08-25 15:02:48.035,16979,16980,16979,1,-1
2021-08-25 15:02:48.348,16978,16980,16980,2,2
2021-08-25 15:02:48.960,16978,16980,16980,8,8
2021-08-25 15:02:49.645,16979,16980,16980,1,1
2021-08-25 15:02:49.949,16979,16980,16980,1,1
2021-08-25 15:02:49.949,16979,16980,16981,2,2
2021-08-25 15:02:50.262,16979,16981,16981,1,1
2021-08-25 15:02:50.364,16979,16981,16981,1,1
2021-08-25 15:02:51.108,16980,16981,16980,1,-1
2021-08-25 15:02:51.596,16979,16981,16981,1,1
2021-08-25 15:02:53.631,16979,16981,16981,1,1
2021-08-25 15:02:54.167,16979,16981,16981,1,1
2021-08-25 15:02:54.764,16980,16982,16982,1,1
2021-08-25 15:02:55.799,16980,16982,16982,1,1
2021-08-25 15:02:56.463,16980,16982,16980,1,-1
2021-08-25 15:02:58.982,16980,16982,16982,1,1
2021-08-25 15:03:00.068,16980,16982,16980,1,-1
2021-08-25 15:03:00.081,16980,16982,16982,1,1
2021-08-25 15:03:00.659,16981,16982,16982,4,4
2021-08-25 15:03:00.721,16982,16983,16982,1,-1
2021-08-25 15:03:00.823,16982,16983,16982,6,-6
2021-08-25 15:03:00.824,16982,16983,16983,6,6
2021-08-25 15:03:00.834,16983,16984,16983,1,-1
2021-08-25 15:03:00.834,16983,16984,16982,2,-2
2021-08-25 15:03:00.834,16983,16984,16981,3,-3
2021-08-25 15:03:00.845,16983,16984,16981,3,-3
2021-08-25 15:03:00.845,16983,16984,16980,3,-3
2021-08-25 15:03:01.562,16981,16983,16984,1,1
2021-08-25 15:03:01.606,16981,16984,16984,1,1
2021-08-25 15:03:01.611,16981,16984,16984,1,1
2021-08-25 15:03:01.615,16981,16984,16984,1,1
2021-08-25 15:03:02.646,16983,16985,16983,1,-1
2021-08-25 15:03:03.441,16984,16985,16985,5,5
2021-08-25 15:03:03.544,16984,16985,16984,2,-2
2021-08-25 15:03:03.590,16983,16985,16985,1,1
2021-08-25 15:03:03.592,16983,16985,16985,5,5
2021-08-25 15:03:03.639,16983,16985,16985,1,1
2021-08-25 15:03:03.704,16983,16985,16986,1,1
2021-08-25 15:03:05.162,16984,16986,16985,1,-1
2021-08-25 15:03:05.554,16984,16985,16984,1,-1
2021-08-25 15:03:05.623,16984,16986,16986,3,3
2021-08-25 15:03:05.634,16984,16986,16984,1,-1
2021-08-25 15:03:07.706,16985,16987,16987,3,3
2021-08-25 15:03:08.044,16985,16986,16986,1,1
2021-08-25 15:03:08.677,16985,16986,16986,2,2
2021-08-25 15:03:09.356,16985,16987,16985,1,-1
2021-08-25 15:03:10.561,16985,16987,16986,1,1
2021-08-25 15:03:10.615,16985,16987,16985,2,-2
2021-08-25 15:03:10.733,16984,16986,16986,3,3
2021-08-25 15:03:11.159,16986,16988,16988,5,5
2021-08-25 15:03:11.162,16986,16988,16988,4,4
2021-08-25 15:03:11.167,16986,16988,16988,1,1
2021-08-25 15:03:11.167,16986,16988,16988,1,1
2021-08-25 15:03:11.273,16987,16989,16989,1,1
2021-08-25 15:03:11.288,16987,16989,16987,1,-1
2021-08-25 15:03:11.398,16987,16989,16989,2,2
2021-08-25 15:03:11.717,16987,16988,16988,1,1
2021-08-25 15:03:12.530,16987,16989,16987,1,-1
2021-08-25 15:03:13.168,16987,16989,16989,4,4
2021-08-25 15:03:13.168,16987,16989,16990,2,2
2021-08-25 15:03:13.168,16987,16989,16990,2,2
2021-08-25 15:03:13.168,16987,16989,16990,2,2
2021-08-25 15:03:13.193,16987,16989,16990,3,3
2021-08-25 15:03:13.218,16988,16990,16990,2,2
2021-08-25 15:03:13.218,16988,16990,16990,3,3
2021-08-25 15:03:13.243,16988,16990,16990,4,4
2021-08-25 15:03:13.243,16988,16990,16990,1,1
2021-08-25 15:03:13.243,16988,16990,16990,3,3
2021-08-25 15:03:13.268,16988,16990,16990,1,1
2021-08-25 15:03:13.318,16988,16990,16990,7,7
2021-08-25 15:03:13.369,16989,16991,16990,3,-3
2021-08-25 15:03:13.943,16989,16991,16991,1,1
2021-08-25 15:03:14.608,16989,16991,16991,2,2
2021-08-25 15:03:15.239,16989,16991,16989,1,-1
2021-08-25 15:03:15.409,16989,16991,16991,1,1
2021-08-25 15:03:15.419,16989,16991,16989,1,-1
2021-08-25 15:03:15.636,16989,16991,16989,1,-1
2021-08-25 15:03:15.902,16989,16991,16990,1,1
2021-08-25 15:03:16.356,16990,16991,16990,1,-1
2021-08-25 15:03:16.361,16990,16991,16991,1,1
2021-08-25 15:03:16.670,16989,16991,16991,2,2
2021-08-25 15:03:17.597,16989,16991,16991,1,1
2021-08-25 15:03:18.387,16990,16991,16991,1,1
2021-08-25 15:03:18.852,16991,16992,16991,3,-3
2021-08-25 15:03:19.047,16991,16992,16992,1,1
2021-08-25 15:03:19.117,16991,16992,16991,2,-2
2021-08-25 15:03:19.271,16991,16992,16991,3,-3
2021-08-25 15:03:19.279,16991,16992,16991,7,-7
2021-08-25 15:03:19.360,16990,16991,16990,2,-2
2021-08-25 15:03:19.368,16990,16991,16991,1,1
2021-08-25 15:03:19.427,16990,16991,16990,2,-2
2021-08-25 15:03:19.427,16990,16991,16989,1,-1
2021-08-25 15:03:19.552,16989,16991,16991,4,4
2021-08-25 15:03:19.552,16989,16991,16992,1,1
2021-08-25 15:03:19.657,16990,16992,16990,2,-2
2021-08-25 15:03:21.726,16989,16991,16989,1,-1
2021-08-25 15:03:22.989,16989,16991,16991,1,1
2021-08-25 15:03:23.217,16989,16991,16989,1,-1
2021-08-25 15:03:24.265,16989,16990,16989,1,-1
2021-08-25 15:03:26.400,16989,16990,16989,1,-1
2021-08-25 15:03:27.636,16989,16990,16990,1,1
2021-08-25 15:03:28.338,16989,16990,16990,5,5
2021-08-25 15:03:28.488,16989,16991,16991,5,5
2021-08-25 15:03:28.813,16989,16991,16991,3,3
2021-08-25 15:03:29.119,16991,16992,16991,3,-3
2021-08-25 15:03:29.119,16991,16992,16991,3,-3
2021-08-25 15:03:29.120,16991,16992,16991,1,-1
2021-08-25 15:03:29.379,16989,16991,16989,1,-1
2021-08-25 15:03:29.820,16989,16990,16989,2,-2
2021-08-25 15:03:29.820,16989,16990,16988,1,-1
2021-08-25 15:03:30.357,16988,16990,16990,2,2
2021-08-25 15:03:31.702,16988,16989,16988,1,-1
2021-08-25 15:03:32.203,16987,16989,16989,1,1
2021-08-25 15:03:33.231,16987,16989,16987,1,-1
2021-08-25 15:03:33.297,16987,16989,16989,1,1
2021-08-25 15:03:34.833,16987,16989,16988,1,-1
2021-08-25 15:03:34.834,16987,16989,16988,2,-2
2021-08-25 15:03:36.528,16988,16989,16989,1,1
2021-08-25 15:03:37.713,16988,16990,16990,5,5
2021-08-25 15:03:37.714,16988,16990,16990,1,1
2021-08-25 15:03:39.081,16989,16991,16989,1,-1
2021-08-25 15:03:39.277,16988,16991,16991,1,1
2021-08-25 15:03:40.129,16989,16991,16989,1,-1
2021-08-25 15:03:43.096,16988,16989,16988,1,-1
2021-08-25 15:03:46.133,16988,16989,16989,2,2
2021-08-25 15:03:47.509,16989,16990,16990,3,3
2021-08-25 15:03:47.509,16989,16990,16990,1,1
2021-08-25 15:03:49.430,16990,16991,16991,3,3
2021-08-25 15:03:51.007,16990,16992,16992,1,1
2021-08-25 15:03:52.105,16990,16992,16990,1,-1
2021-08-25 15:03:54.116,16990,16992,16991,1,1
2021-08-25 15:03:55.919,16991,16992,16991,1,-1
2021-08-25 15:03:55.919,16991,16992,16990,17,-17
2021-08-25 15:03:55.960,16989,16990,16989,2,-2
2021-08-25 15:03:56.068,16989,16990,16989,7,-7
2021-08-25 15:03:56.068,16989,16990,16989,2,-2
2021-08-25 15:03:56.069,16989,16990,16989,2,-2
2021-08-25 15:03:56.079,16989,16990,16988,3,-3
2021-08-25 15:03:56.141,16988,16989,16988,1,-1
2021-08-25 15:03:57.453,16988,16990,16990,1,1
2021-08-25 15:03:57.527,16988,16990,16990,1,1
2021-08-25 15:04:00.016,16988,16990,16990,1,1
2021-08-25 15:04:00.097,16988,16990,16988,1,-1
2021-08-25 15:04:00.457,16988,16990,16990,2,2
2021-08-25 15:04:00.802,16988,16991,16991,2,2
2021-08-25 15:04:02.943,16989,16991,16991,1,1
2021-08-25 15:04:03.073,16989,16991,16991,4,4
2021-08-25 15:04:05.177,16990,16991,16990,1,-1
2021-08-25 15:04:06.861,16990,16991,16990,1,-1
2021-08-25 15:04:07.786,16990,16991,16991,3,3
2021-08-25 15:04:08.748,16990,16992,16992,2,2
2021-08-25 15:04:11.412,16991,16992,16991,1,-1
2021-08-25 15:04:11.664,16991,16992,16991,1,-1
2021-08-25 15:04:12.591,16990,16991,16991,1,1
2021-08-25 15:04:12.656,16990,16991,16990,1,-1
2021-08-25 15:04:13.389,16990,16991,16991,1,1
2021-08-25 15:04:13.407,16990,16991,16990,1,-1
2021-08-25 15:04:14.509,16990,16991,16990,1,-1
2021-08-25 15:04:14.877,16989,16991,16991,1,1
2021-08-25 15:04:15.657,16990,16991,16990,1,-1
2021-08-25 15:04:17.175,16990,16991,16990,1,-1
2021-08-25 15:04:19.922,16989,16990,16990,1,1
2021-08-25 15:04:20.193,16990,16991,16990,1,-1
2021-08-25 15:04:21.406,16990,16991,16990,1,-1
2021-08-25 15:04:22.906,16990,16991,16990,1,-1
2021-08-25 15:04:23.893,16990,16991,16991,1,1
2021-08-25 15:04:25.925,16990,16991,16990,1,-1
2021-08-25 15:04:26.457,16990,16991,16991,1,1
2021-08-25 15:04:27.767,16990,16991,16991,1,1
2021-08-25 15:04:28.023,16990,16991,16990,8,-8
2021-08-25 15:04:28.024,16990,16991,16990,1,-1
2021-08-25 15:04:29.817,16989,16990,16990,1,1
2021-08-25 15:04:30.416,16989,16990,16989,1,-1
2021-08-25 15:04:32.220,16989,16990,16989,1,-1
2021-08-25 15:04:34.860,16988,16990,16990,3,3
2021-08-25 15:04:35.450,16988,16990,16988,1,-1
2021-08-25 15:04:36.110,16988,16989,16988,1,-1
2021-08-25 15:04:37.050,16988,16989,16989,1,1
2021-08-25 15:04:37.122,16988,16989,16989,2,2
2021-08-25 15:04:45.092,16988,16989,16989,3,3
2021-08-25 15:04:45.092,16988,16989,16990,1,1
2021-08-25 15:04:45.408,16988,16990,16988,1,-1
2021-08-25 15:04:46.185,16988,16990,16990,4,4
2021-08-25 15:04:46.625,16989,16990,16989,2,-2
2021-08-25 15:04:46.914,16988,16990,16990,1,1
2021-08-25 15:04:46.961,16989,16990,16989,1,-1
2021-08-25 15:04:47.472,16989,16990,16990,1,1
2021-08-25 15:04:47.472,16989,16990,16991,3,3
2021-08-25 15:04:47.665,16989,16991,16989,1,-1
2021-08-25 15:04:48.585,16990,16991,16991,1,1
2021-08-25 15:04:48.612,16990,16991,16991,1,1
2021-08-25 15:04:48.895,16990,16991,16990,3,-3
2021-08-25 15:04:49.458,16989,16991,16989,1,-1
2021-08-25 15:04:51.116,16989,16990,16990,1,1
2021-08-25 15:04:51.481,16989,16991,16990,1,-1
2021-08-25 15:04:51.674,16990,16991,16990,1,-1
2021-08-25 15:04:52.628,16990,16991,16991,11,11
2021-08-25 15:04:52.630,16990,16991,16992,1,1
2021-08-25 15:04:52.631,16990,16991,16992,3,3
2021-08-25 15:04:53.648,16991,16992,16992,1,1
2021-08-25 15:04:53.649,16991,16992,16992,3,3
2021-08-25 15:04:53.650,16991,16992,16992,11,11
2021-08-25 15:04:53.650,16991,16992,16993,6,6
2021-08-25 15:04:54.143,16993,16994,16994,2,2
2021-08-25 15:04:54.189,16993,16994,16993,2,-2
2021-08-25 15:04:55.713,16993,16994,16994,2,2
2021-08-25 15:04:55.867,16993,16994,16994,2,2
2021-08-25 15:04:55.936,16993,16994,16994,1,1
2021-08-25 15:04:55.947,16993,16994,16994,1,1
2021-08-25 15:04:56.310,16993,16995,16995,2,2
2021-08-25 15:04:56.418,16993,16995,16995,1,1
2021-08-25 15:04:56.456,16993,16995,16993,1,-1
2021-08-25 15:04:56.579,16993,16995,16993,1,-1
2021-08-25 15:04:56.944,16993,16994,16994,2,2
2021-08-25 15:04:56.944,16993,16994,16995,3,3
2021-08-25 15:04:57.895,16993,16994,16994,1,1
2021-08-25 15:04:58.100,16993,16995,16995,4,4
2021-08-25 15:04:58.101,16993,16995,16995,1,1
2021-08-25 15:04:58.156,16993,16995,16995,1,1
2021-08-25 15:04:58.156,16993,16995,16995,3,3
2021-08-25 15:04:58.156,16993,16995,16995,1,1
2021-08-25 15:04:59.801,16993,16994,16994,1,1
2021-08-25 15:05:00.922,16993,16995,16993,2,-2
2021-08-25 15:05:02.643,16993,16994,16994,1,1
2021-08-25 15:05:02.939,16993,16994,16993,1,-1
2021-08-25 15:05:02.940,16993,16994,16993,2,-2
2021-08-25 15:05:02.940,16993,16994,16993,2,-2
2021-08-25 15:05:02.940,16993,16994,16993,1,-1
2021-08-25 15:05:02.940,16993,16994,16993,1,-1
2021-08-25 15:05:02.940,16993,16994,16993,1,-1
2021-08-25 15:05:02.940,16993,16994,16993,2,-2
2021-08-25 15:05:03.248,16991,16993,16991,3,-3
2021-08-25 15:05:03.771,16991,16993,16993,1,1
2021-08-25 15:05:03.843,16991,16993,16993,1,1
2021-08-25 15:05:04.924,16990,16993,16990,1,-1
2021-08-25 15:05:05.096,16990,16992,16992,1,1
2021-08-25 15:05:05.357,16990,16993,16993,1,1
2021-08-25 15:05:05.584,16990,16992,16992,1,1
2021-08-25 15:05:05.624,16990,16992,16990,2,-2
2021-08-25 15:05:09.780,16990,16991,16991,1,1
2021-08-25 15:05:12.959,16991,16992,16991,1,-1
2021-08-25 15:05:14.017,16990,16991,16990,1,-1
2021-08-25 15:05:14.587,16990,16991,16990,1,-1
2021-08-25 15:05:14.588,16990,16991,16990,4,-4
2021-08-25 15:05:14.707,16990,16991,16991,1,1
2021-08-25 15:05:16.135,16989,16990,16990,1,1
2021-08-25 15:05:16.920,16989,16990,16990,1,1
2021-08-25 15:05:18.277,16989,16990,16990,2,2
2021-08-25 15:05:21.623,16990,16991,16990,2,-2
2021-08-25 15:05:24.578,16990,16991,16991,1,1
2021-08-25 15:05:27.305,16990,16991,16991,2,2
2021-08-25 15:05:27.415,16990,16991,16991,1,1
2021-08-25 15:05:28.171,16991,16992,16992,1,1
2021-08-25 15:05:28.539,16991,16992,16991,1,-1
2021-08-25 15:05:30.422,16991,16992,16992,1,1
2021-08-25 15:05:31.619,16991,16992,16992,1,1
2021-08-25 15:05:32.542,16991,16993,16993,1,1
2021-08-25 15:05:40.033,16991,16992,16992,1,1
2021-08-25 15:05:40.216,16991,16992,16992,1,1
2021-08-25 15:05:40.436,16991,16992,16992,1,1
2021-08-25 15:05:42.920,16991,16992,16991,1,-1
2021-08-25 15:05:43.073,16991,16992,16992,2,2
2021-08-25 15:05:45.706,16991,16992,16991,10,-10
2021-08-25 15:05:45.707,16991,16992,16990,1,-1
2021-08-25 15:05:45.707,16991,16992,16990,22,-22
2021-08-25 15:05:45.707,16991,16992,16990,1,-1
2021-08-25 15:05:45.707,16991,16992,16990,1,-1
2021-08-25 15:05:45.708,16991,16992,16990,6,-6
2021-08-25 15:05:45.708,16991,16992,16990,3,-3
2021-08-25 15:05:45.710,16989,16990,16989,5,-5
2021-08-25 15:05:46.943,16989,16991,16991,1,1
2021-08-25 15:05:47.553,16988,16990,16990,1,1
2021-08-25 15:05:52.885,16989,16990,16989,1,-1
2021-08-25 15:05:54.130,16989,16990,16989,1,-1
2021-08-25 15:05:56.859,16989,16990,16990,1,1
2021-08-25 15:05:57.078,16989,16990,16989,1,-1
2021-08-25 15:05:57.779,16989,16990,16989,1,-1
2021-08-25 15:06:00.871,16989,16990,16990,1,1
2021-08-25 15:06:00.871,16989,16990,16990,5,5
2021-08-25 15:06:01.366,16990,16992,16990,1,-1
2021-08-25 15:06:01.509,16990,16992,16990,2,-2
2021-08-25 15:06:01.861,16990,16992,16990,1,-1
2021-08-25 15:06:03.826,16989,16990,16990,1,1
2021-08-25 15:06:05.419,16989,16990,16990,1,1
2021-08-25 15:06:08.480,16991,16992,16991,1,1
2021-08-25 15:06:10.989,16990,16991,16990,1,-1
2021-08-25 15:06:12.470,16990,16991,16990,1,-1
2021-08-25 15:06:12.661,16989,16991,16991,1,1
2021-08-25 15:06:14.990,16989,16991,16991,1,1
2021-08-25 15:06:17.689,16990,16991,16990,1,-1
2021-08-25 15:06:20.122,16990,16991,16991,2,2
2021-08-25 15:06:21.728,16990,16991,16990,1,-1
2021-08-25 15:06:23.594,16990,16991,16990,1,-1
2021-08-25 15:06:25.353,16990,16991,16990,1,-1
2021-08-25 15:06:26.021,16989,16990,16990,1,1
2021-08-25 15:06:26.095,16989,16990,16990,4,4
2021-08-25 15:06:26.285,16990,16991,16991,1,1
2021-08-25 15:06:27.373,16990,16991,16990,1,-1
2021-08-25 15:06:27.801,16990,16991,16990,2,-2
2021-08-25 15:06:30.303,16989,16991,16990,1,-1
2021-08-25 15:06:31.431,16989,16990,16989,3,-3
2021-08-25 15:06:32.918,16990,16991,16990,1,1
2021-08-25 15:06:34.155,16989,16990,16990,1,1
2021-08-25 15:06:36.086,16989,16990,16989,5,-5
2021-08-25 15:06:37.608,16988,16990,16988,15,-15
2021-08-25 15:06:37.609,16988,16990,16987,2,-2
2021-08-25 15:06:37.609,16988,16990,16987,1,-1
2021-08-25 15:06:37.609,16988,16990,16987,1,-1
2021-08-25 15:06:37.609,16988,16990,16987,2,-2
2021-08-25 15:06:38.826,16987,16988,16987,2,-2
2021-08-25 15:06:38.826,16987,16988,16987,2,-2
2021-08-25 15:06:38.827,16987,16988,16987,1,-1
2021-08-25 15:06:43.898,16987,16988,16987,1,-1
2021-08-25 15:06:45.992,16986,16988,16986,1,-1
2021-08-25 15:06:49.796,16986,16988,16986,2,-2
2021-08-25 15:06:50.058,16986,16988,16986,1,-1
2021-08-25 15:06:55.065,16986,16988,16986,1,-1
2021-08-25 15:06:57.273,16987,16988,16987,4,4
2021-08-25 15:07:00.450,16987,16988,16987,1,-1
2021-08-25 15:07:01.835,16987,16988,16987,4,-4
2021-08-25 15:07:01.871,16987,16988,16986,2,-2
2021-08-25 15:07:03.448,16986,16988,16986,6,-6
2021-08-25 15:07:03.967,16986,16988,16986,1,-1
2021-08-25 15:07:04.504,16986,16988,16988,1,1
2021-08-25 15:07:04.885,16986,16988,16988,1,1
2021-08-25 15:07:06.923,16986,16988,16986,1,-1
2021-08-25 15:07:07.194,16986,16988,16986,1,-1
2021-08-25 15:07:07.204,16986,16988,16987,1,1
2021-08-25 15:07:07.694,16986,16987,16986,2,-2
2021-08-25 15:07:12.444,16985,16987,16985,1,-1
2021-08-25 15:07:12.494,16985,16987,16985,1,-1
2021-08-25 15:07:15.106,16986,16987,16986,1,1
2021-08-25 15:07:15.595,16986,16987,16986,1,-1
2021-08-25 15:07:16.868,16986,16987,16986,1,-1
2021-08-25 15:07:17.230,16986,16987,16987,2,2
2021-08-25 15:07:17.230,16986,16987,16987,1,1
2021-08-25 15:07:19.122,16987,16988,16987,1,-1
2021-08-25 15:07:22.042,16986,16987,16986,2,-2
2021-08-25 15:07:22.969,16985,16986,16985,1,-1
2021-08-25 15:07:22.970,16985,16986,16985,5,-5
2021-08-25 15:07:22.970,16985,16986,16985,1,-1
2021-08-25 15:07:22.970,16985,16986,16985,3,-3
2021-08-25 15:07:26.903,16984,16985,16985,1,1
2021-08-25 15:07:27.437,16984,16985,16984,7,-7
2021-08-25 15:07:27.753,16983,16984,16983,1,-1
2021-08-25 15:07:29.033,16983,16984,16984,1,1
2021-08-25 15:07:29.166,16983,16984,16983,1,-1
2021-08-25 15:07:29.966,16983,16984,16984,1,1
2021-08-25 15:07:29.966,16983,16984,16984,1,1
2021-08-25 15:07:34.087,16984,16985,16984,1,-1
2021-08-25 15:07:34.262,16984,16985,16984,1,-1
2021-08-25 15:07:37.458,16984,16985,16985,2,2
2021-08-25 15:07:38.170,16984,16985,16985,1,1
2021-08-25 15:07:38.172,16984,16985,16985,1,1
2021-08-25 15:07:38.172,16984,16985,16985,2,2
2021-08-25 15:07:40.325,16984,16986,16984,1,-1
2021-08-25 15:07:42.897,16985,16987,16987,1,1
2021-08-25 15:07:43.348,16985,16987,16985,1,-1
2021-08-25 15:07:44.728,16984,16986,16984,2,-2
2021-08-25 15:07:44.815,16984,16986,16984,3,-3
2021-08-25 15:07:48.918,16985,16986,16986,1,1
2021-08-25 15:07:49.115,16985,16986,16985,1,-1
2021-08-25 15:07:50.990,16984,16986,16984,1,-1
2021-08-25 15:07:55.762,16984,16985,16985,2,2
2021-08-25 15:08:00.033,16984,16986,16984,1,-1
2021-08-25 15:08:00.042,16984,16986,16984,1,-1
2021-08-25 15:08:00.054,16984,16986,16984,1,-1
2021-08-25 15:08:02.039,16984,16985,16985,1,1
2021-08-25 15:08:02.039,16984,16985,16985,1,1
2021-08-25 15:08:03.192,16985,16986,16986,6,6
2021-08-25 15:08:06.477,16986,16987,16987,1,1
2021-08-25 15:08:07.533,16986,16987,16986,1,-1
2021-08-25 15:08:08.982,16986,16987,16986,1,-1
2021-08-25 15:08:12.162,16986,16987,16987,1,1
2021-08-25 15:08:12.167,16986,16987,16987,1,1
2021-08-25 15:08:12.167,16986,16987,16987,6,6
2021-08-25 15:08:12.167,16986,16987,16987,1,1
2021-08-25 15:08:12.168,16986,16987,16987,33,33
2021-08-25 15:08:12.169,16986,16987,16988,1,1
2021-08-25 15:08:12.169,16986,16987,16988,1,1
2021-08-25 15:08:13.033,16988,16989,16987,5,-5
2021-08-25 15:08:13.777,16987,16989,16989,1,1
2021-08-25 15:08:14.497,16987,16989,16989,1,1
2021-08-25 15:08:19.145,16986,16988,16988,2,2
2021-08-25 15:08:19.583,16986,16988,16988,1,1
2021-08-25 15:08:23.378,16986,16988,16986,3,-3
2021-08-25 15:08:27.505,16987,16988,16987,1,1
2021-08-25 15:08:31.365,16987,16988,16988,1,1
2021-08-25 15:08:33.163,16986,16988,16988,1,1
2021-08-25 15:08:40.445,16987,16988,16988,1,1
2021-08-25 15:08:42.099,16987,16988,16988,1,1
2021-08-25 15:08:42.207,16987,16988,16988,3,3
2021-08-25 15:08:50.366,16987,16988,16988,1,1
2021-08-25 15:08:50.909,16988,16989,16989,1,1
2021-08-25 15:08:53.148,16988,16989,16988,1,-1
2021-08-25 15:08:54.677,16987,16989,16989,1,1
2021-08-25 15:08:55.703,16988,16989,16989,1,1
2021-08-25 15:08:56.488,16988,16989,16988,1,-1
2021-08-25 15:08:56.489,16988,16989,16988,3,-3
2021-08-25 15:08:57.723,16987,16988,16988,1,1
2021-08-25 15:08:58.245,16987,16989,16989,1,1
2021-08-25 15:08:58.344,16988,16989,16988,1,-1
2021-08-25 15:09:00.061,16987,16989,16987,1,-1
2021-08-25 15:09:00.065,16987,16989,16987,1,-1
2021-08-25 15:09:02.346,16987,16988,16988,1,1
2021-08-25 15:09:02.935,16987,16989,16987,5,-5
2021-08-25 15:09:11.638,16986,16987,16986,1,-1
2021-08-25 15:09:11.638,16986,16987,16986,2,-2
2021-08-25 15:09:12.345,16985,16987,16987,1,1
2021-08-25 15:09:13.455,16986,16987,16986,1,-1
2021-08-25 15:09:14.697,16985,16987,16985,2,-2
2021-08-25 15:09:14.898,16985,16986,16985,1,-1
2021-08-25 15:09:15.185,16985,16986,16985,1,-1
2021-08-25 15:09:15.186,16985,16986,16985,6,-6
2021-08-25 15:09:16.175,16984,16985,16984,1,-1
2021-08-25 15:09:16.175,16984,16985,16984,1,-1
2021-08-25 15:09:16.175,16984,16985,16984,5,-5
2021-08-25 15:09:16.636,16983,16985,16983,1,-1
2021-08-25 15:09:16.942,16983,16985,16983,1,-1
2021-08-25 15:09:18.351,16983,16984,16984,1,1
2021-08-25 15:09:18.351,16983,16984,16984,1,1
2021-08-25 15:09:28.674,16985,16986,16985,3,3
2021-08-25 15:09:29.247,16984,16985,16985,2,2
2021-08-25 15:09:30.719,16984,16986,16984,1,-1
2021-08-25 15:09:33.125,16984,16986,16984,1,-1
2021-08-25 15:09:41.109,16984,16985,16984,1,-1
2021-08-25 15:09:43.921,16984,16985,16984,2,-2
2021-08-25 15:09:44.103,16984,16985,16984,2,-2
2021-08-25 15:09:44.275,16984,16985,16984,2,-2
2021-08-25 15:09:49.038,16984,16985,16985,1,1
2021-08-25 15:09:49.109,16984,16985,16985,1,1
2021-08-25 15:09:49.109,16984,16985,16985,1,1
2021-08-25 15:09:51.957,16984,16985,16985,1,1
2021-08-25 15:09:52.494,16985,16986,16985,1,-1
2021-08-25 15:09:54.353,16985,16986,16985,1,-1
2021-08-25 15:10:00.029,16984,16985,16984,1,-1
2021-08-25 15:10:00.052,16984,16985,16984,1,-1
2021-08-25 15:10:00.064,16984,16985,16984,1,-1
2021-08-25 15:10:00.345,16983,16985,16985,1,1
2021-08-25 15:10:00.345,16983,16985,16986,1,1
2021-08-25 15:10:00.346,16983,16985,16986,1,1
2021-08-25 15:10:00.356,16983,16985,16986,1,1
2021-08-25 15:10:00.366,16983,16985,16987,4,4
2021-08-25 15:10:00.375,16983,16985,16987,1,1
2021-08-25 15:10:00.376,16983,16985,16987,1,1
2021-08-25 15:10:00.376,16983,16985,16987,1,1
2021-08-25 15:10:00.377,16983,16985,16987,1,1
2021-08-25 15:10:00.388,16983,16985,16987,1,1
2021-08-25 15:10:00.390,16983,16985,16987,1,1
2021-08-25 15:10:00.424,16983,16985,16987,1,1
2021-08-25 15:10:00.432,16983,16985,16987,1,1
2021-08-25 15:10:00.444,16983,16985,16987,1,1
2021-08-25 15:10:00.447,16983,16985,16988,1,1
2021-08-25 15:10:00.460,16985,16988,16988,1,1
2021-08-25 15:10:00.468,16985,16988,16988,1,1
2021-08-25 15:10:00.469,16985,16988,16988,1,1
2021-08-25 15:10:00.470,16985,16988,16988,1,1
2021-08-25 15:10:00.480,16985,16988,16988,1,1
2021-08-25 15:10:00.702,16986,16988,16988,1,1
2021-08-25 15:10:00.875,16986,16988,16987,1,-1
2021-08-25 15:10:00.994,16986,16987,16987,1,1
2021-08-25 15:10:03.225,16986,16988,16986,2,-2
2021-08-25 15:10:03.721,16985,16988,16987,1,1
2021-08-25 15:10:04.435,16985,16987,16985,1,-1
2021-08-25 15:10:04.768,16985,16987,16985,1,-1
2021-08-25 15:10:04.832,16985,16987,16986,1,1
2021-08-25 15:10:05.876,16984,16986,16984,1,-1
2021-08-25 15:10:05.884,16984,16986,16984,1,-1
2021-08-25 15:10:05.904,16984,16986,16984,1,-1
2021-08-25 15:10:12.243,16983,16985,16985,1,1
2021-08-25 15:10:12.898,16984,16985,16984,1,-1
2021-08-25 15:10:18.715,16984,16985,16984,1,-1
2021-08-25 15:10:23.895,16984,16985,16984,1,-1
2021-08-25 15:10:23.895,16984,16985,16984,3,-3
2021-08-25 15:10:25.872,16983,16984,16983,2,-2
2021-08-25 15:10:25.873,16983,16984,16983,1,-1
2021-08-25 15:10:25.873,16983,16984,16983,5,-5
2021-08-25 15:10:25.873,16983,16984,16983,3,-3
2021-08-25 15:10:26.251,16982,16983,16982,1,-1
2021-08-25 15:10:26.251,16982,16983,16982,6,-6
2021-08-25 15:10:26.251,16982,16983,16982,5,-5
2021-08-25 15:10:26.252,16982,16983,16982,3,-3
2021-08-25 15:10:26.556,16981,16982,16981,2,-2
2021-08-25 15:10:26.561,16981,16982,16981,1,-1
2021-08-25 15:10:26.571,16981,16982,16981,1,-1
2021-08-25 15:10:26.573,16981,16982,16981,1,-1
2021-08-25 15:10:26.574,16981,16982,16981,4,-4
2021-08-25 15:10:26.579,16981,16982,16981,1,-1
2021-08-25 15:10:26.580,16981,16982,16981,1,-1
2021-08-25 15:10:26.591,16981,16982,16981,1,-1
2021-08-25 15:10:26.595,16981,16982,16981,1,-1
2021-08-25 15:10:26.596,16981,16982,16981,1,-1
2021-08-25 15:10:26.605,16981,16982,16981,1,-1
2021-08-25 15:10:26.632,16981,16982,16981,1,-1
2021-08-25 15:10:26.633,16981,16982,16981,1,-1
2021-08-25 15:10:26.637,16981,16982,16980,1,-1
2021-08-25 15:10:26.641,16981,16982,16980,1,-1
2021-08-25 15:10:26.648,16981,16982,16980,1,-1
2021-08-25 15:10:26.649,16981,16982,16980,1,-1
2021-08-25 15:10:26.656,16981,16982,16980,1,-1
2021-08-25 15:10:26.790,16980,16982,16980,2,-2
2021-08-25 15:10:26.792,16980,16982,16980,2,-2
2021-08-25 15:10:26.810,16980,16982,16980,2,-2
2021-08-25 15:10:26.831,16980,16982,16980,1,-1
2021-08-25 15:10:26.874,16980,16981,16980,1,-1
2021-08-25 15:10:26.898,16980,16981,16981,1,1
2021-08-25 15:10:26.951,16980,16981,16980,1,-1
2021-08-25 15:10:27.060,16980,16982,16980,1,-1
2021-08-25 15:10:27.080,16980,16982,16980,1,-1
2021-08-25 15:10:27.107,16980,16982,16980,1,-1
2021-08-25 15:10:27.130,16980,16982,16982,1,1
2021-08-25 15:10:27.533,16981,16982,16982,1,1
2021-08-25 15:10:31.152,16980,16982,16980,1,-1
2021-08-25 15:10:34.068,16980,16983,16980,1,-1
2021-08-25 15:10:34.614,16980,16983,16980,2,-2
2021-08-25 15:10:35.294,16980,16982,16980,9,-9
2021-08-25 15:10:35.295,16980,16982,16980,1,-1
2021-08-25 15:10:44.487,16980,16981,16981,1,1
2021-08-25 15:10:48.952,16980,16981,16981,1,1
2021-08-25 15:10:48.952,16980,16981,16981,1,1
2021-08-25 15:10:50.392,16981,16982,16982,1,1
2021-08-25 15:10:50.881,16981,16982,16982,1,1
2021-08-25 15:10:56.085,16983,16984,16983,4,4
2021-08-25 15:11:00.047,16981,16984,16981,1,-1
2021-08-25 15:11:00.059,16981,16984,16981,1,-1
2021-08-25 15:11:00.063,16981,16984,16981,1,-1
2021-08-25 15:11:00.123,16981,16983,16981,1,-1
2021-08-25 15:11:04.935,16981,16984,16981,1,-1
2021-08-25 15:11:11.649,16982,16984,16984,4,4
2021-08-25 15:11:16.384,16983,16984,16984,1,1
2021-08-25 15:11:19.299,16983,16984,16984,1,1
2021-08-25 15:11:35.320,16984,16985,16984,1,-1
2021-08-25 15:11:51.592,16983,16984,16984,1,1
2021-08-25 15:11:53.241,16983,16985,16985,1,1
2021-08-25 15:11:53.754,16983,16985,16985,5,5
2021-08-25 15:12:06.186,16985,16986,16985,1,-1
2021-08-25 15:12:06.364,16985,16986,16985,1,-1
2021-08-25 15:12:07.106,16985,16986,16986,2,2
2021-08-25 15:12:08.006,16985,16986,16985,1,-1
2021-08-25 15:12:08.006,16985,16986,16986,2,2
2021-08-25 15:12:14.848,16986,16987,16986,1,-1
2021-08-25 15:12:18.501,16985,16986,16986,1,1
2021-08-25 15:12:20.428,16985,16986,16986,1,1
2021-08-25 15:12:22.394,16985,16986,16986,2,2
2021-08-25 15:12:22.540,16985,16986,16986,1,1
2021-08-25 15:12:23.489,16985,16986,16985,1,-1
2021-08-25 15:12:33.189,16984,16986,16985,5,-5
2021-08-25 15:12:33.447,16984,16986,16984,3,-3
2021-08-25 15:12:34.634,16984,16985,16985,1,1
2021-08-25 15:12:45.777,16984,16986,16986,2,2
2021-08-25 15:13:04.994,16985,16986,16986,1,1
2021-08-25 15:13:07.290,16986,16987,16987,2,2
2021-08-25 15:13:07.290,16986,16987,16988,8,8
2021-08-25 15:13:07.291,16986,16987,16988,1,1
2021-08-25 15:13:08.855,16988,16989,16989,3,3
2021-08-25 15:13:16.226,16989,16990,16989,1,-1
2021-08-25 15:13:19.180,16988,16990,16988,2,-2
2021-08-25 15:13:24.997,16988,16990,16989,1,1
2021-08-25 15:13:26.098,16989,16990,16989,1,-1
2021-08-25 15:13:34.207,16988,16989,16989,1,1
2021-08-25 15:13:38.246,16988,16989,16989,1,1
2021-08-25 15:13:41.219,16988,16989,16988,1,-1
2021-08-25 15:13:41.220,16988,16989,16988,3,-3
2021-08-25 15:13:41.264,16988,16989,16988,14,-14
2021-08-25 15:13:41.415,16986,16988,16986,1,-1
2021-08-25 15:13:42.397,16986,16987,16987,2,2
2021-08-25 15:13:45.404,16986,16988,16988,1,1
2021-08-25 15:13:52.967,16986,16988,16986,1,-1
2021-08-25 15:13:53.474,16986,16988,16988,1,1
2021-08-25 15:13:55.675,16986,16987,16987,1,1
2021-08-25 15:13:58.948,16986,16987,16987,2,2
2021-08-25 15:14:00.294,16987,16988,16988,4,4
2021-08-25 15:14:00.389,16987,16989,16988,1,-1
2021-08-25 15:14:01.374,16987,16989,16987,1,-1
2021-08-25 15:14:02.145,16987,16989,16987,1,-1
2021-08-25 15:14:03.944,16986,16988,16986,5,-5
2021-08-25 15:14:06.739,16987,16988,16987,1,1
2021-08-25 15:14:14.734,16984,16985,16984,1,-1
2021-08-25 15:14:20.400,16984,16985,16984,1,-1
2021-08-25 15:14:23.416,16982,16985,16985,1,1
2021-08-25 15:14:24.162,16984,16985,16984,1,-1
2021-08-25 15:14:26.170,16984,16985,16985,1,1
2021-08-25 15:14:26.170,16984,16985,16985,1,1
2021-08-25 15:14:30.809,16985,16986,16985,1,-1
2021-08-25 15:14:31.161,16985,16986,16986,1,1
2021-08-25 15:14:31.792,16985,16987,16985,1,-1
2021-08-25 15:14:33.554,16985,16987,16985,1,-1
2021-08-25 15:14:38.019,16983,16985,16985,1,1
2021-08-25 15:14:45.311,16986,16987,16986,1,1
2021-08-25 15:14:49.414,16985,16986,16986,1,1
2021-08-25 15:14:55.431,16985,16986,16985,1,-1
2021-08-25 15:14:58.971,16985,16986,16986,1,1
2021-08-25 15:15:02.084,16985,16986,16986,1,1
2021-08-25 15:15:02.653,16986,16987,16986,1,-1
2021-08-25 15:15:02.752,16986,16987,16986,1,-1
2021-08-25 15:15:04.812,16986,16987,16987,6,6
2021-08-25 15:15:06.919,16987,16988,16988,1,1
2021-08-25 15:15:07.373,16987,16988,16988,3,3
2021-08-25 15:15:07.373,16987,16988,16988,4,4
2021-08-25 15:15:09.078,16988,16989,16989,1,1
2021-08-25 15:15:09.078,16988,16989,16989,5,5
2021-08-25 15:15:09.078,16988,16989,16989,1,1
2021-08-25 15:15:10.897,16989,16990,16990,10,10
2021-08-25 15:15:11.034,16989,16990,16990,5,5
2021-08-25 15:15:11.034,16989,16990,16990,1,1
2021-08-25 15:15:11.034,16989,16990,16990,5,5
2021-08-25 15:15:11.084,16989,16990,16991,3,3
2021-08-25 15:15:11.812,16991,16992,16992,1,1
2021-08-25 15:15:11.820,16991,16992,16992,1,1
2021-08-25 15:15:11.825,16991,16992,16992,1,1
2021-08-25 15:15:12.140,16991,16993,16993,1,1
2021-08-25 15:15:13.275,16992,16993,16993,16,16
2021-08-25 15:15:14.385,16992,16994,16992,1,-1
2021-08-25 15:15:14.585,16993,16994,16993,2,2
2021-08-25 15:15:15.165,16992,16994,16994,2,2
2021-08-25 15:15:16.577,16992,16994,16994,1,1
2021-08-25 15:15:19.049,16992,16994,16994,1,1
2021-08-25 15:15:22.215,16993,16994,16993,4,-4
2021-08-25 15:15:22.832,16993,16994,16994,5,5
2021-08-25 15:15:22.833,16993,16994,16994,1,1
2021-08-25 15:15:24.036,16993,16995,16995,1,1
2021-08-25 15:15:24.101,16993,16995,16995,5,5
2021-08-25 15:15:24.106,16993,16995,16995,1,1
2021-08-25 15:15:24.107,16993,16995,16995,1,1
2021-08-25 15:15:24.111,16993,16995,16995,1,1
2021-08-25 15:15:24.117,16993,16995,16995,1,1
2021-08-25 15:15:24.226,16994,16995,16995,1,1
2021-08-25 15:15:24.468,16994,16995,16995,1,1
2021-08-25 15:15:24.588,16994,16995,16995,1,1
2021-08-25 15:15:24.627,16994,16995,16995,1,1
2021-08-25 15:15:25.574,16994,16995,16995,1,1
2021-08-25 15:15:25.628,16994,16995,16995,1,1
2021-08-25 15:15:25.903,16994,16995,16995,1,1
2021-08-25 15:15:26.858,16994,16995,16995,1,1
2021-08-25 15:15:27.491,16994,16995,16994,1,-1
2021-08-25 15:15:30.517,16993,16994,16993,1,-1
2021-08-25 15:15:30.944,16993,16994,16994,1,1
2021-08-25 15:15:31.047,16993,16994,16994,1,1
2021-08-25 15:15:32.750,16994,16995,16994,1,-1
2021-08-25 15:15:36.151,16993,16994,16993,5,-5
2021-08-25 15:15:36.151,16993,16994,16993,1,-1
2021-08-25 15:15:36.152,16993,16994,16993,2,-2
2021-08-25 15:15:36.152,16993,16994,16993,3,-3
2021-08-25 15:15:36.152,16993,16994,16993,3,-3
2021-08-25 15:15:36.352,16992,16994,16994,1,1
2021-08-25 15:15:37.428,16992,16994,16994,1,1
2021-08-25 15:15:41.148,16993,16994,16994,1,1
2021-08-25 15:15:42.014,16994,16995,16995,4,4
2021-08-25 15:15:46.560,16994,16996,16995,1,-1
2021-08-25 15:15:47.042,16995,16996,16995,1,-1
2021-08-25 15:15:50.217,16994,16995,16995,1,1
2021-08-25 15:15:53.143,16994,16995,16995,1,1
2021-08-25 15:15:53.210,16995,16996,16995,1,-1
2021-08-25 15:15:53.386,16994,16996,16996,10,10
2021-08-25 15:15:53.396,16994,16996,16996,1,1
2021-08-25 15:15:53.396,16994,16996,16997,9,9
2021-08-25 15:15:53.397,16994,16996,16997,6,6
2021-08-25 15:15:53.398,16994,16996,16997,3,3
2021-08-25 15:15:53.519,16997,16998,16998,1,1
2021-08-25 15:15:53.619,16997,16998,16998,1,1
2021-08-25 15:15:53.836,16997,16998,16998,3,3
2021-08-25 15:15:53.837,16997,16998,16997,1,-1
2021-08-25 15:15:53.876,16997,16998,16998,3,3
2021-08-25 15:15:54.493,16996,16998,16998,2,2
2021-08-25 15:15:54.631,16996,16998,16998,1,1
2021-08-25 15:15:54.640,16996,16998,16996,1,-1
2021-08-25 15:15:54.994,16996,16998,16998,1,1
2021-08-25 15:15:55.688,16996,16998,16998,1,1
2021-08-25 15:15:56.114,16996,16998,16998,1,1
2021-08-25 15:15:56.252,16996,16998,16998,1,1
2021-08-25 15:15:56.908,16996,16998,16998,2,2
2021-08-25 15:15:58.294,16995,16997,16997,2,2
2021-08-25 15:15:58.779,16995,16997,16997,4,4
2021-08-25 15:15:58.779,16995,16997,16998,1,1
2021-08-25 15:16:00.319,16995,16997,16997,2,2
2021-08-25 15:16:00.319,16995,16997,16998,3,3
2021-08-25 15:16:00.339,16997,16998,16998,1,1
2021-08-25 15:16:00.687,16997,16998,16997,1,-1
2021-08-25 15:16:01.133,16995,16997,16997,5,5
2021-08-25 15:16:01.212,16995,16997,16997,1,1
2021-08-25 15:16:01.212,16995,16997,16997,1,1
2021-08-25 15:16:01.212,16995,16997,16997,1,1
2021-08-25 15:16:01.213,16995,16997,16997,1,1
2021-08-25 15:16:03.304,16996,16998,16998,5,5
2021-08-25 15:16:03.346,16996,16998,16998,4,4
2021-08-25 15:16:03.346,16996,16998,16999,1,1
2021-08-25 15:16:03.356,16996,16998,16998,3,3
2021-08-25 15:16:03.357,16996,16998,16998,2,2
2021-08-25 15:16:03.460,16997,16998,16997,5,-5
2021-08-25 15:16:03.460,16997,16998,16996,5,-5
2021-08-25 15:16:04.108,16996,16998,16998,3,3
2021-08-25 15:16:06.631,16996,16998,16996,1,-1
2021-08-25 15:16:07.628,16996,16998,16998,1,1
2021-08-25 15:16:07.701,16996,16998,16998,1,1
2021-08-25 15:16:07.711,16996,16998,16998,1,1
2021-08-25 15:16:09.032,16996,16998,16996,5,-5
2021-08-25 15:16:09.318,16995,16996,16995,5,-5
2021-08-25 15:16:09.318,16995,16996,16995,1,-1
2021-08-25 15:16:09.318,16995,16996,16995,1,-1
2021-08-25 15:16:09.318,16995,16996,16995,4,-4
2021-08-25 15:16:09.428,16994,16995,16996,1,1
2021-08-25 15:16:10.165,16994,16996,16996,5,5
2021-08-25 15:16:10.782,16995,16997,16997,1,1
2021-08-25 15:16:11.502,16995,16997,16997,8,8
2021-08-25 15:16:13.627,16996,16997,16997,1,1
2021-08-25 15:16:20.403,16994,16997,16996,2,-2
2021-08-25 15:16:23.835,16996,16997,16996,1,-1
2021-08-25 15:16:23.962,16995,16997,16997,1,1
2021-08-25 15:16:23.962,16995,16997,16997,1,1
2021-08-25 15:16:23.962,16995,16997,16997,1,1
2021-08-25 15:16:23.962,16995,16997,16997,1,1
2021-08-25 15:16:23.962,16995,16997,16997,1,1
2021-08-25 15:16:23.963,16995,16997,16997,1,1
2021-08-25 15:16:23.963,16995,16997,16997,1,1
2021-08-25 15:16:23.964,16995,16997,16998,1,1
2021-08-25 15:16:23.964,16995,16997,16998,1,1
2021-08-25 15:16:23.964,16995,16997,16998,1,1
2021-08-25 15:16:23.965,16995,16997,16998,1,1
2021-08-25 15:16:23.965,16995,16997,16998,1,1
2021-08-25 15:16:23.965,16995,16997,16998,1,1
2021-08-25 15:16:24.915,16995,16998,16995,1,-1
2021-08-25 15:16:27.615,16995,16996,16996,1,1
2021-08-25 15:16:32.563,16995,16997,16997,4,4
2021-08-25 15:16:32.565,16995,16997,16997,16,16
2021-08-25 15:16:32.586,16995,16997,16997,1,1
2021-08-25 15:16:35.761,16995,16997,16997,1,1
2021-08-25 15:16:37.606,16995,16996,16996,1,1
2021-08-25 15:16:37.715,16995,16996,16995,1,-1
2021-08-25 15:16:41.786,16994,16995,16995,1,1
2021-08-25 15:16:41.838,16995,16996,16996,1,1
2021-08-25 15:16:43.208,16995,16996,16995,1,-1
2021-08-25 15:16:50.139,16994,16995,16995,1,1
2021-08-25 15:16:50.851,16994,16995,16995,1,1
2021-08-25 15:16:50.851,16994,16995,16996,1,1
2021-08-25 15:16:57.908,16994,16995,16994,10,-10
2021-08-25 15:16:57.909,16994,16995,16994,1,-1
2021-08-25 15:16:57.962,16993,16994,16994,1,1
2021-08-25 15:16:58.015,16993,16994,16993,1,-1
2021-08-25 15:16:58.087,16993,16994,16994,1,1
2021-08-25 15:17:00.508,16993,16994,16994,1,1
2021-08-25 15:17:00.982,16994,16995,16995,1,1
2021-08-25 15:17:11.139,16994,16995,16995,1,1
2021-08-25 15:17:12.576,16994,16995,16995,1,1
2021-08-25 15:17:14.831,16994,16995,16995,1,1
2021-08-25 15:17:14.832,16994,16995,16995,3,3
2021-08-25 15:17:14.960,16995,16996,16995,2,-2
2021-08-25 15:17:21.579,16995,16996,16996,4,4
2021-08-25 15:17:21.579,16995,16996,16997,4,4
2021-08-25 15:17:26.961,16997,16998,16998,1,1
2021-08-25 15:17:27.063,16997,16998,16998,1,1
2021-08-25 15:17:30.700,16997,16998,16997,1,-1
2021-08-25 15:17:30.733,16997,16998,16998,2,2
2021-08-25 15:17:36.975,16997,16998,16998,1,1
2021-08-25 15:17:38.062,16997,16998,16998,2,2
2021-08-25 15:17:39.211,16997,16998,16998,1,1
2021-08-25 15:17:41.650,16997,16998,16998,3,3
2021-08-25 15:17:43.300,16997,16998,16998,1,1
2021-08-25 15:17:45.328,16997,16998,16998,1,1
2021-08-25 15:17:46.484,16997,16998,16998,1,1
2021-08-25 15:17:48.095,16997,16998,16997,6,-6
2021-08-25 15:17:48.096,16997,16998,16997,2,-2
2021-08-25 15:17:48.096,16997,16998,16997,1,-1
2021-08-25 15:17:48.096,16997,16998,16997,1,-1
2021-08-25 15:17:48.098,16997,16998,16997,7,-7
2021-08-25 15:17:49.942,16997,16998,16998,2,2
2021-08-25 15:17:51.760,16997,16998,16997,1,-1
2021-08-25 15:17:53.099,16997,16998,16997,4,-4
2021-08-25 15:17:57.550,16995,16996,16996,1,1
2021-08-25 15:17:58.689,16995,16996,16996,1,1
2021-08-25 15:18:03.098,16995,16996,16995,5,-5
2021-08-25 15:18:06.210,16994,16995,16994,3,-3
2021-08-25 15:18:06.456,16993,16995,16993,5,-5
2021-08-25 15:18:06.460,16993,16995,16993,5,-5
2021-08-25 15:18:19.774,16994,16995,16995,1,1
2021-08-25 15:18:30.088,16995,16996,16995,1,-1
2021-08-25 15:18:32.914,16995,16996,16996,1,1
2021-08-25 15:18:32.914,16995,16996,16996,2,2
2021-08-25 15:18:32.914,16995,16996,16996,1,1
2021-08-25 15:18:33.863,16996,16997,16996,3,-3
2021-08-25 15:18:33.863,16996,16997,16995,2,-2
2021-08-25 15:18:34.254,16995,16997,16995,2,-2
2021-08-25 15:18:37.175,16995,16997,16995,2,-2
2021-08-25 15:18:38.351,16995,16997,16995,2,-2
2021-08-25 15:18:40.841,16996,16997,16996,1,1
2021-08-25 15:18:48.858,16996,16997,16996,1,-1
2021-08-25 15:18:52.353,16996,16997,16997,5,5
2021-08-25 15:18:57.460,16997,16998,16998,3,3
2021-08-25 15:19:00.223,16998,16999,16998,1,-1
2021-08-25 15:19:01.608,16997,16999,16997,1,-1
2021-08-25 15:19:03.359,16997,16998,16997,1,-1
2021-08-25 15:19:05.175,16997,16998,16997,1,-1
2021-08-25 15:19:09.462,16996,16997,16997,1,1
2021-08-25 15:19:18.147,16997,16998,16997,4,-4
2021-08-25 15:19:18.375,16996,16997,16997,1,1
2021-08-25 15:19:19.713,16996,16997,16997,1,1
2021-08-25 15:19:22.378,16996,16997,16996,3,-3
2021-08-25 15:19:22.378,16996,16997,16996,2,-2
2021-08-25 15:19:23.165,16995,16997,16997,2,2
2021-08-25 15:19:25.518,16995,16996,16996,1,1
2021-08-25 15:19:28.194,16995,16996,16996,1,1
2021-08-25 15:19:33.917,16995,16996,16995,1,-1
2021-08-25 15:19:33.918,16995,16996,16995,1,-1
2021-08-25 15:19:33.918,16995,16996,16995,2,-2
2021-08-25 15:19:33.918,16995,16996,16995,12,-12
2021-08-25 15:19:34.585,16994,16995,16994,1,-1
2021-08-25 15:19:36.292,16994,16995,16994,2,-2
2021-08-25 15:19:41.112,16993,16994,16994,1,1
2021-08-25 15:19:42.583,16994,16996,16994,1,-1
2021-08-25 15:19:44.169,16994,16996,16994,3,-3
2021-08-25 15:19:46.457,16994,16995,16995,1,1
2021-08-25 15:19:46.998,16995,16996,16996,1,1
2021-08-25 15:19:46.998,16995,16996,16996,4,4
2021-08-25 15:19:47.295,16996,16998,16996,1,-1
2021-08-25 15:19:49.157,16996,16997,16996,1,-1
2021-08-25 15:19:49.585,16995,16996,16995,2,-2
2021-08-25 15:19:55.902,16995,16996,16995,1,-1
2021-08-25 15:20:02.642,16995,16996,16996,2,2
2021-08-25 15:20:02.642,16995,16996,16997,3,3
2021-08-25 15:20:03.039,16996,16997,16997,1,1
2021-08-25 15:20:03.048,16996,16997,16997,1,1
2021-08-25 15:20:03.273,16996,16997,16997,1,1
2021-08-25 15:20:03.911,16996,16997,16997,1,1
2021-08-25 15:20:18.548,16996,16997,16996,2,-2
2021-08-25 15:20:20.578,16995,16996,16996,1,1
2021-08-25 15:20:20.578,16995,16996,16997,7,7
2021-08-25 15:20:25.131,16997,16998,16997,1,-1
2021-08-25 15:20:27.805,16997,16998,16997,1,-1
2021-08-25 15:20:31.017,16997,16998,16997,1,-1
2021-08-25 15:20:41.942,16996,16997,16997,1,1
2021-08-25 15:20:42.049,16996,16997,16997,1,1
2021-08-25 15:20:42.262,16996,16997,16997,1,1
2021-08-25 15:20:42.503,16996,16997,16997,1,1
2021-08-25 15:20:43.736,16997,16998,16998,3,3
2021-08-25 15:20:47.261,16997,16998,16998,1,1
2021-08-25 15:20:47.261,16997,16998,16998,1,1
2021-08-25 15:20:47.585,16998,16999,16999,6,6
2021-08-25 15:20:47.586,16998,16999,16999,8,8
2021-08-25 15:20:47.586,16998,16999,16999,10,10
2021-08-25 15:20:47.737,16999,17000,17000,1,1
2021-08-25 15:20:47.741,16999,17000,17000,2,2
2021-08-25 15:20:47.741,16999,17000,17000,1,1
2021-08-25 15:20:47.859,16999,17000,17000,1,1
2021-08-25 15:20:47.900,16999,17000,17000,1,1
2021-08-25 15:20:48.042,16999,17000,17000,1,1
2021-08-25 15:20:48.057,16999,17000,16999,1,-1
2021-08-25 15:20:48.064,16999,17000,16999,2,-2
2021-08-25 15:20:48.079,16999,17000,16999,1,-1
2021-08-25 15:20:48.085,16998,17000,16998,1,-1
2021-08-25 15:20:48.085,16998,17000,16998,1,-1
2021-08-25 15:20:48.085,16998,17000,16998,2,-2
2021-08-25 15:20:48.101,16998,17000,16998,1,-1
2021-08-25 15:20:48.122,16998,17000,17000,1,1
2021-08-25 15:20:48.166,16998,17000,16998,3,-3
2021-08-25 15:20:48.184,16998,17000,16997,3,-3
2021-08-25 15:20:48.451,16997,16998,16996,1,-1
2021-08-25 15:20:48.454,16997,16998,16996,1,-1
2021-08-25 15:20:48.458,16997,16998,16996,1,-1
2021-08-25 15:20:48.522,16996,16997,16995,1,-1
2021-08-25 15:20:48.527,16996,16997,16995,1,-1
2021-08-25 15:20:48.604,16995,16997,16995,1,-1
2021-08-25 15:20:48.735,16995,16997,16997,1,1
2021-08-25 15:20:48.735,16995,16997,16995,1,-1
2021-08-25 15:20:48.750,16995,16997,16995,2,-2
2021-08-25 15:20:48.811,16995,16997,16995,1,-1
2021-08-25 15:20:48.969,16995,16997,16995,1,-1
2021-08-25 15:20:48.985,16995,16997,16995,1,-1
2021-08-25 15:20:49.005,16995,16997,16995,1,-1
2021-08-25 15:20:49.027,16995,16997,16994,2,-2
2021-08-25 15:20:49.218,16994,16996,16996,2,2
2021-08-25 15:20:50.218,16996,16998,16998,1,1
2021-08-25 15:20:50.369,16996,16998,16997,1,-1
2021-08-25 15:20:50.614,16996,16998,16996,1,-1
2021-08-25 15:20:50.679,16996,16998,16998,3,3
2021-08-25 15:20:50.710,16996,16998,16996,7,-7
2021-08-25 15:20:50.710,16996,16998,16995,5,-5
2021-08-25 15:20:50.801,16996,16998,16995,1,-1
2021-08-25 15:20:50.831,16996,16998,16995,1,-1
2021-08-25 15:20:50.947,16995,16997,16997,1,1
2021-08-25 15:20:51.095,16995,16997,16997,1,1
2021-08-25 15:20:53.048,16995,16997,16997,1,1
2021-08-25 15:20:53.745,16996,16997,16997,2,2
2021-08-25 15:20:54.752,16996,16997,16996,1,-1
2021-08-25 15:20:58.330,16995,16996,16995,1,-1
2021-08-25 15:20:58.331,16995,16996,16995,1,-1
2021-08-25 15:21:00.830,16994,16995,16995,1,1
2021-08-25 15:21:03.610,16994,16996,16995,1,-1
2021-08-25 15:21:08.002,16994,16995,16994,1,-1
2021-08-25 15:21:08.482,16994,16995,16994,3,-3
2021-08-25 15:21:08.820,16993,16994,16994,2,2
2021-08-25 15:21:11.006,16993,16994,16994,1,1
2021-08-25 15:21:11.585,16993,16994,16993,7,-7
2021-08-25 15:21:17.164,16994,16995,16994,1,1
2021-08-25 15:21:23.290,16993,16995,16995,4,4
2021-08-25 15:21:23.549,16995,16996,16995,6,-6
2021-08-25 15:21:34.094,16993,16995,16994,1,-1
2021-08-25 15:21:35.520,16994,16995,16995,1,1
2021-08-25 15:21:36.950,16994,16995,16995,1,1
2021-08-25 15:21:42.411,16994,16995,16995,1,1
2021-08-25 15:21:44.941,16995,16996,16996,1,1
2021-08-25 15:21:48.182,16995,16996,16996,4,4
2021-08-25 15:21:50.354,16996,16997,16997,1,1
2021-08-25 15:21:51.631,16997,16998,16997,1,-1
2021-08-25 15:21:57.188,16996,16998,16996,2,-2
2021-08-25 15:22:02.825,16997,16998,16997,1,1
2021-08-25 15:22:03.007,16996,16997,16996,7,-7
2021-08-25 15:22:13.593,16995,16996,16996,1,1
2021-08-25 15:22:16.778,16995,16996,16996,1,1
2021-08-25 15:22:19.536,16995,16996,16995,1,-1
2021-08-25 15:22:31.099,16994,16995,16995,1,1
2021-08-25 15:22:35.365,16994,16995,16994,1,-1
2021-08-25 15:22:39.113,16994,16995,16994,1,-1
2021-08-25 15:22:40.305,16994,16995,16994,2,-2
2021-08-25 15:22:41.006,16993,16995,16993,2,-2
2021-08-25 15:22:50.111,16993,16994,16994,2,2
2021-08-25 15:22:50.514,16993,16994,16994,1,1
2021-08-25 15:22:53.388,16994,16995,16994,1,-1
2021-08-25 15:22:58.792,16994,16995,16994,1,-1
2021-08-25 15:22:59.054,16994,16995,16994,1,-1
2021-08-25 15:23:03.693,16994,16995,16994,2,-2
2021-08-25 15:23:06.545,16994,16995,16994,2,-2
2021-08-25 15:23:10.062,16994,16995,16994,2,-2
2021-08-25 15:23:11.672,16994,16995,16994,1,-1
2021-08-25 15:23:14.741,16993,16995,16993,2,-2
2021-08-25 15:23:16.293,16993,16994,16993,2,-2
2021-08-25 15:23:17.969,16993,16994,16993,2,-2
2021-08-25 15:23:19.480,16993,16994,16993,1,-1
2021-08-25 15:23:21.984,16993,16994,16994,1,1
2021-08-25 15:23:22.433,16994,16995,16994,2,-2
2021-08-25 15:23:25.941,16993,16995,16993,1,-1
2021-08-25 15:23:26.537,16993,16995,16993,2,-2
2021-08-25 15:23:37.571,16993,16995,16993,1,-1
2021-08-25 15:23:40.207,16994,16995,16994,1,1
2021-08-25 15:23:40.247,16994,16995,16994,1,-1
2021-08-25 15:23:42.265,16993,16994,16993,2,-2
2021-08-25 15:23:50.894,16993,16994,16994,2,2
2021-08-25 15:23:52.418,16993,16994,16994,1,1
2021-08-25 15:23:54.631,16994,16995,16994,1,-1
2021-08-25 15:24:00.185,16993,16994,16993,6,-6
2021-08-25 15:24:01.793,16992,16994,16992,1,-1
2021-08-25 15:24:02.135,16992,16994,16992,1,-1
2021-08-25 15:24:03.593,16992,16994,16992,1,-1
2021-08-25 15:24:07.839,16992,16993,16992,3,-3
2021-08-25 15:24:08.258,16992,16993,16992,1,-1
2021-08-25 15:24:10.013,16992,16993,16993,1,1
2021-08-25 15:24:10.477,16994,16995,16995,3,3
2021-08-25 15:24:10.590,16994,16995,16995,1,1
2021-08-25 15:24:10.976,16993,16995,16995,2,2
2021-08-25 15:24:33.348,16993,16995,16995,1,1
2021-08-25 15:24:33.573,16993,16995,16995,1,1
2021-08-25 15:24:49.484,16994,16995,16994,2,-2
2021-08-25 15:24:55.043,16993,16994,16994,1,1
2021-08-25 15:24:56.368,16993,16994,16993,1,-1
2021-08-25 15:24:56.369,16993,16994,16993,5,-5
2021-08-25 15:24:56.369,16993,16994,16993,1,-1
2021-08-25 15:24:56.375,16993,16994,16992,3,-3
2021-08-25 15:24:56.376,16993,16994,16992,3,-3
2021-08-25 15:24:56.483,16991,16992,16991,5,-5
2021-08-25 15:24:56.485,16991,16992,16991,1,-1
2021-08-25 15:24:56.669,16990,16991,16992,1,1
2021-08-25 15:25:05.887,16991,16992,16992,2,2
2021-08-25 15:25:06.707,16993,16994,16994,1,1
2021-08-25 15:25:13.292,16993,16994,16994,1,1
2021-08-25 15:25:13.293,16993,16994,16994,1,1
2021-08-25 15:25:13.774,16994,16995,16994,1,-1
2021-08-25 15:25:22.178,16994,16995,16994,1,-1
2021-08-25 15:25:27.154,16993,16994,16994,1,1
2021-08-25 15:25:36.345,16993,16994,16994,1,1
2021-08-25 15:25:56.041,16993,16994,16994,1,1
2021-08-25 15:26:01.791,16993,16994,16994,1,1
2021-08-25 15:26:01.792,16993,16994,16994,2,2
2021-08-25 15:26:02.731,16994,16995,16995,1,1
2021-08-25 15:26:04.220,16994,16995,16995,1,1
2021-08-25 15:26:14.425,16994,16995,16994,3,-3
2021-08-25 15:26:17.928,16993,16994,16994,1,1
2021-08-25 15:26:20.252,16993,16995,16993,5,-5
2021-08-25 15:26:21.634,16993,16994,16994,5,5
2021-08-25 15:26:25.804,16994,16995,16995,10,10
2021-08-25 15:26:25.806,16994,16995,16995,2,2
2021-08-25 15:26:30.231,16994,16995,16995,1,1
2021-08-25 15:26:30.877,16994,16995,16994,1,-1
2021-08-25 15:26:32.545,16993,16995,16993,1,-1
2021-08-25 15:26:40.433,16994,16995,16995,1,1
2021-08-25 15:26:48.574,16994,16995,16995,1,1
2021-08-25 15:26:51.676,16995,16996,16995,1,-1
2021-08-25 15:26:52.234,16995,16996,16996,1,1
2021-08-25 15:26:52.922,16995,16996,16995,1,-1
2021-08-25 15:26:57.396,16994,16995,16995,1,1
2021-08-25 15:26:58.477,16994,16995,16995,1,1
2021-08-25 15:26:58.477,16994,16995,16996,1,1
2021-08-25 15:27:01.911,16995,16996,16995,1,-1
2021-08-25 15:27:02.034,16994,16996,16995,1,-1
2021-08-25 15:27:05.542,16995,16996,16995,1,-1
2021-08-25 15:27:08.851,16995,16996,16995,1,-1
2021-08-25 15:27:09.043,16994,16995,16995,1,1
2021-08-25 15:27:09.087,16994,16995,16995,1,1
2021-08-25 15:27:09.087,16994,16995,16995,1,1
2021-08-25 15:27:09.087,16994,16995,16995,1,1
2021-08-25 15:27:09.087,16994,16995,16996,1,1
2021-08-25 15:27:09.087,16994,16995,16996,1,1
2021-08-25 15:27:09.087,16994,16995,16996,1,1
2021-08-25 15:27:09.088,16994,16995,16996,1,1
2021-08-25 15:27:09.088,16994,16995,16996,1,1
2021-08-25 15:27:09.088,16994,16995,16996,1,1
2021-08-25 15:27:09.088,16994,16995,16996,1,1
2021-08-25 15:27:14.057,16994,16995,16995,1,1
2021-08-25 15:27:18.166,16993,16995,16995,1,1
2021-08-25 15:27:23.175,16994,16995,16995,1,1
2021-08-25 15:27:27.085,16994,16995,16994,1,-1
2021-08-25 15:27:28.382,16993,16995,16995,1,1
2021-08-25 15:27:31.397,16993,16995,16995,1,1
2021-08-25 15:27:35.834,16993,16994,16994,1,1
2021-08-25 15:27:43.563,16994,16995,16994,1,-1
2021-08-25 15:27:57.452,16993,16995,16993,1,-1
2021-08-25 15:28:13.464,16993,16994,16994,3,3
2021-08-25 15:28:13.622,16994,16995,16993,2,-2
2021-08-25 15:28:23.452,16994,16995,16995,1,1
2021-08-25 15:28:29.736,16994,16995,16994,1,-1
2021-08-25 15:28:44.558,16994,16995,16994,1,-1
2021-08-25 15:28:47.506,16994,16995,16994,1,-1
2021-08-25 15:29:01.169,16993,16994,16993,1,-1
2021-08-25 15:29:01.339,16993,16994,16993,2,-2
2021-08-25 15:29:02.535,16993,16994,16994,1,1
2021-08-25 15:29:04.222,16993,16994,16994,3,3
2021-08-25 15:29:04.548,16994,16995,16994,1,-1
2021-08-25 15:29:07.498,16994,16995,16994,1,-1
2021-08-25 15:29:16.545,16993,16994,16994,10,10
2021-08-25 15:29:16.546,16993,16994,16995,1,1
2021-08-25 15:29:16.585,16994,16995,16995,1,1
2021-08-25 15:29:16.586,16994,16995,16995,2,2
2021-08-25 15:29:16.586,16994,16995,16995,1,1
2021-08-25 15:29:16.586,16994,16995,16995,1,1
2021-08-25 15:29:21.181,16995,16996,16995,1,-1
2021-08-25 15:29:27.055,16995,16996,16996,1,1
2021-08-25 15:29:27.055,16995,16996,16996,4,4
2021-08-25 15:29:32.786,16995,16997,16997,1,1
2021-08-25 15:29:33.087,16995,16997,16997,1,1
2021-08-25 15:29:35.675,16996,16997,16997,1,1
2021-08-25 15:29:39.959,16996,16997,16997,1,1
2021-08-25 15:29:42.209,16996,16997,16997,1,1
2021-08-25 15:29:44.357,16996,16997,16997,1,1
2021-08-25 15:29:48.769,16995,16997,16995,1,-1
2021-08-25 15:29:51.053,16996,16997,16996,2,2
2021-08-25 15:29:56.574,16995,16997,16995,5,-5
2021-08-25 15:29:57.618,16995,16997,16995,4,-4
2021-08-25 15:29:57.618,16995,16997,16994,1,-1
2021-08-25 15:29:59.665,16995,16996,16995,1,1
2021-08-25 15:30:02.044,16994,16995,16995,1,1
2021-08-25 15:30:02.366,16994,16996,16996,1,1
2021-08-25 15:30:02.462,16994,16997,16997,4,4
2021-08-25 15:30:02.462,16994,16997,16997,1,1
2021-08-25 15:30:02.636,16995,16996,16996,1,1
2021-08-25 15:30:02.637,16995,16996,16997,1,1
2021-08-25 15:30:02.714,16995,16997,16997,1,1
2021-08-25 15:30:02.867,16995,16997,16997,1,1
2021-08-25 15:30:02.882,16995,16997,16997,1,1
2021-08-25 15:30:03.252,16995,16997,16997,1,1
2021-08-25 15:30:11.904,16995,16997,16997,3,3
2021-08-25 15:30:28.256,16997,16998,16998,1,1
2021-08-25 15:30:30.006,16997,16998,16997,2,-2
2021-08-25 15:30:39.873,16996,16998,16998,1,1
2021-08-25 15:30:43.089,16996,16998,16998,1,1
2021-08-25 15:30:43.231,16996,16998,16998,1,1
2021-08-25 15:30:46.912,16997,16998,16997,1,-1
2021-08-25 15:30:56.005,16996,16997,16997,1,1
2021-08-25 15:31:06.733,16996,16997,16997,1,1
2021-08-25 15:31:07.587,16997,16998,16997,1,-1
2021-08-25 15:31:11.899,16996,16998,16998,2,2
2021-08-25 15:31:15.062,16996,16997,16996,5,-5
2021-08-25 15:31:17.363,16996,16997,16997,1,1
2021-08-25 15:31:28.593,16996,16997,16997,3,3
2021-08-25 15:31:28.989,16996,16997,16997,2,2
2021-08-25 15:31:30.641,16996,16997,16997,5,5
2021-08-25 15:31:36.425,16997,16998,16998,2,2
2021-08-25 15:31:43.206,16997,16998,16997,1,-1
2021-08-25 15:31:44.923,16997,16998,16998,1,1
2021-08-25 15:31:45.087,16997,16998,16998,1,1
2021-08-25 15:31:45.340,16997,16998,16998,1,1
2021-08-25 15:31:54.917,16997,16998,16997,2,-2
2021-08-25 15:31:57.926,16997,16998,16998,1,1
2021-08-25 15:32:00.998,16997,16998,16998,2,2
2021-08-25 15:32:01.266,16997,16998,16998,1,1
2021-08-25 15:32:05.422,16997,16998,16998,1,1
2021-08-25 15:32:05.423,16997,16998,16998,10,10
2021-08-25 15:32:05.423,16997,16998,16998,1,1
2021-08-25 15:32:05.423,16997,16998,16998,4,4
2021-08-25 15:32:05.424,16997,16998,16999,8,8
2021-08-25 15:32:05.659,16999,17000,17000,2,2
2021-08-25 15:32:05.661,16999,17000,17000,1,1
2021-08-25 15:32:05.661,16999,17000,17000,1,1
2021-08-25 15:32:05.661,16999,17000,17000,4,4
2021-08-25 15:32:05.661,16999,17000,17000,5,5
2021-08-25 15:32:05.661,16999,17000,17000,11,11
2021-08-25 15:32:05.661,16999,17000,17000,50,50
2021-08-25 15:32:05.663,16999,17000,17001,5,5
2021-08-25 15:32:05.663,16999,17000,17002,1,1
2021-08-25 15:32:05.663,16999,17000,17002,1,1
2021-08-25 15:32:05.664,16999,17000,17002,1,1
2021-08-25 15:32:05.675,16999,17000,17002,1,1
2021-08-25 15:32:05.684,16999,17000,17002,2,2
2021-08-25 15:32:05.874,17001,17003,17003,1,1
2021-08-25 15:32:05.944,17001,17003,17003,1,1
2021-08-25 15:32:05.954,17001,17003,17003,1,1
2021-08-25 15:32:06.017,17001,17003,17003,1,1
2021-08-25 15:32:06.112,17001,17003,17001,2,-2
2021-08-25 15:32:06.112,17001,17003,17002,1,1
2021-08-25 15:32:06.113,17001,17003,17000,3,-3
2021-08-25 15:32:06.114,17001,17003,16999,1,-1
2021-08-25 15:32:06.148,17001,17003,17001,1,1
2021-08-25 15:32:06.149,17001,17003,17001,1,-1
2021-08-25 15:32:06.210,16999,17001,17001,1,1
2021-08-25 15:32:06.736,16998,17000,16998,1,-1
2021-08-25 15:32:06.753,16998,17000,16998,1,-1
2021-08-25 15:32:07.945,16997,16999,16999,1,1
2021-08-25 15:32:08.362,16998,16999,16999,1,1
2021-08-25 15:32:08.935,16998,16999,16999,1,1
2021-08-25 15:32:08.935,16998,16999,17000,15,15
2021-08-25 15:32:08.936,16998,16999,17000,1,1
2021-08-25 15:32:08.936,16998,16999,17000,3,3
2021-08-25 15:32:08.936,16998,16999,17001,1,1
2021-08-25 15:32:09.523,17000,17002,17001,1,-1
2021-08-25 15:32:10.792,17000,17001,17001,1,1
2021-08-25 15:32:10.792,17000,17001,17001,4,4
2021-08-25 15:32:11.003,17000,17001,17001,1,1
2021-08-25 15:32:11.004,17000,17001,17001,1,1
2021-08-25 15:32:11.004,17000,17001,17001,1,1
2021-08-25 15:32:11.004,17000,17001,17001,2,2
2021-08-25 15:32:14.607,17001,17002,17002,1,1
2021-08-25 15:32:16.956,17002,17003,17003,1,1
2021-08-25 15:32:17.386,17002,17003,17003,1,1
2021-08-25 15:32:17.676,17002,17003,17003,1,1
2021-08-25 15:32:17.921,17002,17003,17003,5,5
2021-08-25 15:32:18.154,17002,17003,17003,5,5
2021-08-25 15:32:18.156,17002,17003,17003,10,10
2021-08-25 15:32:18.250,17003,17004,17003,1,-1
2021-08-25 15:32:18.589,17003,17004,17003,2,-2
2021-08-25 15:32:18.919,17003,17004,17004,4,4
2021-08-25 15:32:18.998,17003,17004,17004,1,1
2021-08-25 15:32:19.124,17003,17004,17004,3,3
2021-08-25 15:32:19.194,17003,17004,17004,1,1
2021-08-25 15:32:20.630,17004,17005,17004,5,-5
2021-08-25 15:32:20.750,17003,17004,17003,1,-1
2021-08-25 15:32:20.750,17003,17004,17003,5,-5
2021-08-25 15:32:20.750,17003,17004,17003,1,-1
2021-08-25 15:32:20.751,17003,17004,17003,13,-13
2021-08-25 15:32:20.751,17003,17004,17003,2,-2
2021-08-25 15:32:20.751,17003,17004,17003,5,-5
2021-08-25 15:32:20.751,17003,17004,17003,1,-1
2021-08-25 15:32:20.751,17003,17004,17003,2,-2
2021-08-25 15:32:20.751,17003,17004,17003,1,-1
2021-08-25 15:32:21.133,17002,17004,17004,1,1
2021-08-25 15:32:21.179,17002,17004,17004,1,1
2021-08-25 15:32:21.876,17003,17004,17004,1,1
2021-08-25 15:32:24.100,17003,17004,17004,2,2
2021-08-25 15:32:24.100,17003,17004,17005,1,1
2021-08-25 15:32:24.277,17003,17005,17005,1,1
2021-08-25 15:32:24.466,17004,17005,17005,3,3
2021-08-25 15:32:26.428,17004,17005,17004,1,-1
2021-08-25 15:32:27.012,17003,17005,17005,1,1
2021-08-25 15:32:27.018,17003,17005,17005,1,1
2021-08-25 15:32:27.166,17003,17005,17004,1,-1
2021-08-25 15:32:28.421,17004,17005,17005,1,1
2021-08-25 15:32:29.510,17004,17005,17005,2,2
2021-08-25 15:32:30.872,17004,17005,17005,10,10
2021-08-25 15:32:31.179,17004,17005,17004,1,-1
2021-08-25 15:32:31.996,17004,17005,17005,4,4
2021-08-25 15:32:32.752,17004,17006,17006,1,1
2021-08-25 15:32:33.079,17004,17006,17006,1,1
2021-08-25 15:32:33.178,17004,17006,17006,1,1
2021-08-25 15:32:33.639,17004,17006,17006,1,1
2021-08-25 15:32:34.954,17004,17006,17004,4,-4
2021-08-25 15:32:35.745,17003,17005,17005,2,2
2021-08-25 15:32:35.745,17003,17005,17006,3,3
2021-08-25 15:32:37.097,17004,17005,17005,2,2
2021-08-25 15:32:38.373,17004,17005,17005,1,1
2021-08-25 15:32:39.270,17004,17005,17005,1,1
2021-08-25 15:32:40.184,17004,17005,17005,2,2
2021-08-25 15:32:40.250,17004,17005,17005,1,1
2021-08-25 15:32:41.687,17004,17005,17005,1,1
2021-08-25 15:32:41.764,17004,17006,17005,1,-1
2021-08-25 15:32:45.050,17005,17006,17006,1,1
2021-08-25 15:32:47.627,17005,17006,17005,1,-1
2021-08-25 15:32:49.721,17005,17006,17005,1,-1
2021-08-25 15:32:50.268,17005,17006,17006,3,3
2021-08-25 15:32:50.275,17005,17006,17006,1,1
2021-08-25 15:32:50.388,17005,17006,17006,2,2
2021-08-25 15:32:52.605,17005,17006,17006,1,1
2021-08-25 15:32:54.039,17005,17006,17006,1,1
2021-08-25 15:32:55.585,17005,17006,17006,1,1
2021-08-25 15:32:56.460,17005,17006,17006,1,1
2021-08-25 15:32:59.171,17005,17006,17006,1,1
2021-08-25 15:32:59.770,17005,17006,17005,4,-4
2021-08-25 15:33:00.801,17005,17006,17006,3,3
2021-08-25 15:33:02.737,17005,17006,17006,1,1
2021-08-25 15:33:02.737,17005,17006,17006,1,1
2021-08-25 15:33:02.737,17005,17006,17006,4,4
2021-08-25 15:33:02.737,17005,17006,17006,9,9
2021-08-25 15:33:02.737,17005,17006,17006,18,18
2021-08-25 15:33:02.737,17005,17006,17006,2,2
2021-08-25 15:33:02.738,17005,17006,17006,1,1
2021-08-25 15:33:02.738,17005,17006,17006,3,3
2021-08-25 15:33:02.738,17005,17006,17006,1,1
2021-08-25 15:33:04.735,17006,17007,17006,1,-1
2021-08-25 15:33:06.260,17006,17007,17006,1,-1
2021-08-25 15:33:07.372,17006,17007,17006,1,-1
2021-08-25 15:33:07.768,17006,17007,17007,2,2
2021-08-25 15:33:07.880,17006,17007,17007,1,1
2021-08-25 15:33:08.571,17006,17007,17006,1,-1
2021-08-25 15:33:08.574,17006,17007,17006,1,-1
2021-08-25 15:33:08.753,17005,17007,17007,1,1
2021-08-25 15:33:09.321,17005,17007,17007,5,5
2021-08-25 15:33:10.667,17006,17007,17006,1,-1
2021-08-25 15:33:10.807,17006,17007,17007,5,5
2021-08-25 15:33:12.337,17006,17008,17006,1,-1
2021-08-25 15:33:13.019,17006,17007,17007,1,1
2021-08-25 15:33:13.394,17006,17007,17007,1,1
2021-08-25 15:33:13.553,17006,17007,17007,3,3
2021-08-25 15:33:13.824,17006,17008,17006,1,-1
2021-08-25 15:33:13.981,17006,17008,17007,1,1
2021-08-25 15:33:14.227,17006,17007,17007,1,1
2021-08-25 15:33:16.329,17006,17008,17007,1,-1
2021-08-25 15:33:17.772,17006,17007,17007,1,1
2021-08-25 15:33:18.889,17006,17007,17006,8,-8
2021-08-25 15:33:20.960,17006,17007,17007,1,1
2021-08-25 15:33:21.660,17006,17007,17007,1,1
2021-08-25 15:33:22.262,17006,17007,17007,4,4
2021-08-25 15:33:25.963,17007,17008,17008,1,1
2021-08-25 15:33:26.093,17007,17008,17007,1,-1
2021-08-25 15:33:26.172,17007,17008,17008,2,2
2021-08-25 15:33:26.301,17007,17008,17008,14,14
2021-08-25 15:33:27.398,17008,17009,17008,1,-1
2021-08-25 15:33:29.950,17008,17009,17009,1,1
2021-08-25 15:33:30.124,17008,17009,17008,1,-1
2021-08-25 15:33:31.058,17008,17009,17009,1,1
2021-08-25 15:33:32.020,17008,17009,17008,4,-4
2021-08-25 15:33:32.168,17007,17008,17008,1,1
2021-08-25 15:33:33.460,17008,17009,17009,1,1
2021-08-25 15:33:33.634,17008,17009,17009,3,3
2021-08-25 15:33:33.842,17008,17009,17009,1,1
2021-08-25 15:33:34.747,17008,17009,17009,2,2
2021-08-25 15:33:34.871,17008,17009,17009,1,1
2021-08-25 15:33:34.961,17008,17009,17008,2,-2
2021-08-25 15:33:35.800,17008,17009,17008,1,-1
2021-08-25 15:33:36.387,17007,17009,17009,4,4
2021-08-25 15:33:37.664,17007,17008,17008,1,1
2021-08-25 15:33:39.911,17007,17008,17008,1,1
2021-08-25 15:33:39.911,17007,17008,17009,2,2
2021-08-25 15:33:40.104,17008,17009,17009,1,1
2021-08-25 15:33:43.590,17008,17009,17009,1,1
2021-08-25 15:33:45.609,17008,17009,17008,1,-1
2021-08-25 15:33:45.610,17008,17009,17008,3,-3
2021-08-25 15:33:51.262,17008,17009,17008,1,-1
2021-08-25 15:33:51.278,17008,17009,17009,2,2
2021-08-25 15:33:51.594,17008,17009,17008,1,-1
2021-08-25 15:33:52.560,17008,17009,17008,2,-2
2021-08-25 15:33:53.961,17008,17009,17008,1,-1
2021-08-25 15:33:54.669,17007,17008,17008,1,1
2021-08-25 15:33:55.985,17007,17008,17007,9,-9
2021-08-25 15:33:56.522,17006,17007,17007,3,3
2021-08-25 15:33:57.423,17006,17008,17008,2,2
2021-08-25 15:33:58.206,17006,17008,17008,6,6
2021-08-25 15:34:04.240,17007,17008,17008,1,1
2021-08-25 15:34:04.320,17007,17008,17008,1,1
2021-08-25 15:34:05.459,17008,17009,17009,1,1
2021-08-25 15:34:11.444,17006,17008,17008,4,4
2021-08-25 15:34:11.445,17006,17008,17008,1,1
2021-08-25 15:34:12.266,17007,17009,17009,12,12
2021-08-25 15:34:14.344,17008,17010,17010,4,4
2021-08-25 15:34:14.524,17009,17010,17009,2,-2
2021-08-25 15:34:17.816,17008,17010,17009,1,-1
2021-08-25 15:34:18.103,17008,17010,17008,1,-1
2021-08-25 15:34:24.725,17008,17009,17008,1,-1
2021-08-25 15:34:25.176,17008,17009,17008,1,-1
2021-08-25 15:34:26.456,17008,17009,17009,1,1
2021-08-25 15:34:27.334,17008,17009,17009,3,3
2021-08-25 15:34:31.519,17009,17010,17010,1,1
2021-08-25 15:34:31.519,17009,17010,17010,24,24
2021-08-25 15:34:31.519,17009,17010,17010,3,3
2021-08-25 15:34:31.519,17009,17010,17010,6,6
2021-08-25 15:34:31.519,17009,17010,17010,2,2
2021-08-25 15:34:31.519,17009,17010,17010,5,5
2021-08-25 15:34:31.519,17009,17010,17010,1,1
2021-08-25 15:34:31.519,17009,17010,17010,1,1
2021-08-25 15:34:31.520,17009,17010,17010,1,1
2021-08-25 15:34:31.520,17009,17010,17010,5,5
2021-08-25 15:34:31.520,17009,17010,17010,1,1
2021-08-25 15:34:31.520,17009,17010,17010,46,46
2021-08-25 15:34:31.520,17009,17010,17010,5,5
2021-08-25 15:34:31.521,17009,17010,17010,1,1
2021-08-25 15:34:31.521,17009,17010,17010,2,2
2021-08-25 15:34:31.521,17009,17010,17010,2,2
2021-08-25 15:34:31.521,17009,17010,17010,2,2
2021-08-25 15:34:31.521,17009,17010,17010,4,4
2021-08-25 15:34:31.521,17009,17010,17010,1,1
2021-08-25 15:34:31.521,17009,17010,17010,8,8
2021-08-25 15:34:31.521,17009,17010,17010,3,3
2021-08-25 15:34:31.521,17009,17010,17010,4,4
2021-08-25 15:34:31.521,17009,17010,17010,1,1
2021-08-25 15:34:32.487,17010,17011,17010,1,-1
2021-08-25 15:34:33.136,17009,17011,17009,1,-1
2021-08-25 15:34:34.149,17010,17011,17010,1,1
2021-08-25 15:34:35.626,17010,17011,17010,1,-1
2021-08-25 15:34:36.674,17010,17011,17010,10,-10
2021-08-25 15:34:37.189,17009,17010,17010,1,1
2021-08-25 15:34:38.336,17009,17010,17009,1,-1
2021-08-25 15:34:38.336,17009,17010,17009,7,-7
2021-08-25 15:34:38.666,17008,17010,17008,8,-8
2021-08-25 15:34:39.591,17007,17008,17008,1,1
2021-08-25 15:34:41.923,17007,17008,17007,3,-3
2021-08-25 15:34:42.362,17006,17008,17008,2,2
2021-08-25 15:34:42.553,17006,17008,17008,2,2
2021-08-25 15:34:44.070,17006,17008,17008,1,1
2021-08-25 15:34:45.541,17007,17008,17008,1,1
2021-08-25 15:34:46.353,17007,17009,17008,1,-1
2021-08-25 15:34:49.053,17007,17008,17008,1,1
2021-08-25 15:34:49.056,17007,17008,17008,1,1
2021-08-25 15:34:52.977,17008,17009,17009,1,1
2021-08-25 15:34:52.977,17008,17009,17009,2,2
2021-08-25 15:34:56.602,17008,17009,17008,5,-5
2021-08-25 15:34:56.602,17008,17009,17008,2,-2
2021-08-25 15:35:00.288,17008,17009,17008,1,-1
2021-08-25 15:35:00.288,17008,17009,17008,1,-1
2021-08-25 15:35:00.374,17007,17008,17008,1,1
2021-08-25 15:35:00.374,17007,17008,17008,4,4
2021-08-25 15:35:00.659,17007,17009,17008,1,-1
2021-08-25 15:35:04.209,17008,17009,17009,1,1
2021-08-25 15:35:04.210,17008,17009,17009,1,1
2021-08-25 15:35:07.877,17008,17009,17008,1,-1
2021-08-25 15:35:08.351,17008,17009,17009,3,3
2021-08-25 15:35:09.428,17009,17010,17009,1,-1
2021-08-25 15:35:12.523,17009,17010,17010,1,1
2021-08-25 15:35:14.699,17009,17010,17010,1,1
2021-08-25 15:35:15.717,17009,17010,17009,3,-3
2021-08-25 15:35:16.519,17009,17010,17010,4,4
2021-08-25 15:35:17.414,17009,17010,17009,3,-3
2021-08-25 15:35:17.632,17009,17010,17010,1,1
2021-08-25 15:35:18.510,17009,17010,17009,1,-1
2021-08-25 15:35:19.074,17008,17010,17010,2,2
2021-08-25 15:35:19.282,17008,17010,17010,1,1
2021-08-25 15:35:20.804,17009,17010,17009,2,-2
2021-08-25 15:35:22.567,17009,17010,17010,1,1
2021-08-25 15:35:22.672,17009,17010,17010,2,2
2021-08-25 15:35:28.706,17009,17010,17010,7,7
2021-08-25 15:35:29.992,17010,17011,17010,3,-3
2021-08-25 15:35:30.793,17010,17011,17010,1,-1
2021-08-25 15:35:31.744,17010,17011,17010,2,-2
2021-08-25 15:35:31.844,17010,17011,17010,4,-4
2021-08-25 15:35:34.287,17010,17011,17010,1,-1
2021-08-25 15:35:39.493,17010,17011,17010,1,-1
2021-08-25 15:35:39.762,17010,17011,17010,1,-1
2021-08-25 15:35:42.528,17010,17011,17010,1,-1
2021-08-25 15:35:43.188,17010,17011,17011,10,10
2021-08-25 15:35:43.189,17010,17011,17011,1,1
2021-08-25 15:35:43.189,17010,17011,17011,5,5
2021-08-25 15:35:43.190,17010,17011,17011,1,1
2021-08-25 15:35:43.307,17011,17012,17011,1,-1
2021-08-25 15:35:43.645,17011,17012,17011,1,-1
2021-08-25 15:35:43.740,17010,17012,17010,1,-1
2021-08-25 15:35:44.794,17010,17012,17010,1,-1
2021-08-25 15:35:51.480,17011,17012,17012,1,1
2021-08-25 15:35:51.626,17011,17012,17011,1,-1
2021-08-25 15:35:51.897,17010,17012,17010,1,-1
2021-08-25 15:35:52.001,17010,17012,17012,1,1
2021-08-25 15:35:52.102,17010,17012,17012,1,1
2021-08-25 15:35:52.283,17010,17012,17012,1,1
2021-08-25 15:35:52.407,17010,17012,17012,1,1
2021-08-25 15:35:54.642,17010,17011,17011,2,2
2021-08-25 15:35:55.867,17011,17012,17011,2,-2
2021-08-25 15:35:58.247,17011,17012,17012,2,2
2021-08-25 15:35:59.159,17011,17012,17011,1,-1
2021-08-25 15:36:01.465,17011,17012,17012,4,4
2021-08-25 15:36:01.825,17012,17013,17013,2,2
2021-08-25 15:36:01.838,17012,17013,17013,3,3
2021-08-25 15:36:01.847,17012,17013,17013,1,1
2021-08-25 15:36:01.868,17012,17013,17013,1,1
2021-08-25 15:36:01.883,17012,17013,17013,1,1
2021-08-25 15:36:01.910,17012,17013,17012,1,-1
2021-08-25 15:36:01.919,17012,17013,17014,1,1
2021-08-25 15:36:01.961,17012,17014,17014,1,1
2021-08-25 15:36:01.965,17012,17014,17012,1,-1
2021-08-25 15:36:02.048,17012,17014,17014,1,1
2021-08-25 15:36:02.084,17012,17014,17014,8,8
2021-08-25 15:36:02.192,17012,17014,17012,1,-1
2021-08-25 15:36:02.219,17012,17014,17012,1,-1
2021-08-25 15:36:02.416,17012,17014,17012,1,-1
2021-08-25 15:36:02.418,17012,17014,17011,3,-3
2021-08-25 15:36:02.421,17012,17014,17011,2,-2
2021-08-25 15:36:02.428,17012,17014,17011,2,-2
2021-08-25 15:36:02.443,17012,17014,17011,2,-2
2021-08-25 15:36:02.446,17012,17014,17010,1,-1
2021-08-25 15:36:02.457,17012,17014,17010,2,-2
2021-08-25 15:36:02.462,17010,17013,17010,2,-2
2021-08-25 15:36:02.470,17010,17013,17010,1,-1
2021-08-25 15:36:02.511,17010,17013,17010,1,-1
2021-08-25 15:36:02.827,17010,17012,17010,1,-1
2021-08-25 15:36:05.016,17010,17012,17012,3,3
2021-08-25 15:36:06.200,17010,17012,17010,13,-13
2021-08-25 15:36:06.200,17010,17012,17009,1,-1
2021-08-25 15:36:06.321,17009,17011,17009,1,-1
2021-08-25 15:36:07.301,17009,17011,17011,4,4
2021-08-25 15:36:07.302,17009,17011,17011,2,2
2021-08-25 15:36:07.729,17009,17012,17012,1,1
2021-08-25 15:36:08.594,17010,17012,17012,1,1
2021-08-25 15:36:12.173,17011,17012,17012,1,1
2021-08-25 15:36:15.185,17012,17013,17012,1,-1
2021-08-25 15:36:20.922,17011,17012,17012,1,1
2021-08-25 15:36:20.938,17011,17012,17012,2,2
2021-08-25 15:36:21.294,17011,17013,17011,10,-10
2021-08-25 15:36:33.582,17010,17011,17011,1,1
2021-08-25 15:36:33.950,17010,17011,17010,5,-5
2021-08-25 15:36:36.012,17010,17011,17010,1,-1
2021-08-25 15:36:43.066,17010,17011,17010,5,-5
2021-08-25 15:36:51.799,17010,17011,17010,1,-1
2021-08-25 15:36:59.837,17010,17011,17010,1,-1
2021-08-25 15:36:59.837,17010,17011,17010,10,-10
2021-08-25 15:36:59.837,17010,17011,17010,1,-1
2021-08-25 15:36:59.838,17010,17011,17010,1,-1
2021-08-25 15:37:00.302,17009,17010,17010,1,1
2021-08-25 15:37:02.494,17010,17011,17010,1,-1
2021-08-25 15:37:04.015,17009,17010,17010,1,1
2021-08-25 15:37:08.682,17009,17010,17010,3,3
2021-08-25 15:37:08.817,17010,17011,17010,1,-1
2021-08-25 15:37:11.271,17010,17011,17010,1,-1
2021-08-25 15:37:20.225,17010,17011,17011,1,1
2021-08-25 15:37:20.227,17010,17011,17011,1,1
2021-08-25 15:37:24.674,17010,17011,17010,1,-1
2021-08-25 15:37:25.936,17010,17011,17010,2,-2
2021-08-25 15:37:32.432,17010,17011,17010,2,-2
2021-08-25 15:37:33.419,17010,17011,17011,1,1
2021-08-25 15:37:33.537,17010,17011,17010,1,-1
2021-08-25 15:37:35.733,17010,17011,17010,1,-1
2021-08-25 15:37:35.758,17010,17011,17010,4,-4
2021-08-25 15:37:36.946,17009,17010,17010,1,1
2021-08-25 15:37:38.494,17010,17011,17011,4,4
2021-08-25 15:37:38.818,17010,17011,17011,1,1
2021-08-25 15:37:42.074,17010,17011,17011,1,1
2021-08-25 15:37:43.053,17010,17011,17011,1,1
2021-08-25 15:37:46.561,17010,17011,17011,2,2
2021-08-25 15:37:49.146,17010,17011,17010,1,-1
2021-08-25 15:37:52.221,17010,17011,17010,6,-6
2021-08-25 15:37:52.222,17010,17011,17010,4,-4
2021-08-25 15:37:54.639,17010,17011,17011,2,2
2021-08-25 15:37:54.639,17010,17011,17011,2,2
2021-08-25 15:37:54.703,17010,17011,17012,5,5
2021-08-25 15:37:54.703,17010,17011,17012,1,1
2021-08-25 15:37:54.704,17010,17011,17012,2,2
2021-08-25 15:37:59.957,17012,17013,17012,1,-1
2021-08-25 15:38:00.168,17011,17012,17011,1,-1
2021-08-25 15:38:01.586,17011,17012,17012,1,1
2021-08-25 15:38:01.629,17011,17012,17012,1,1
2021-08-25 15:38:03.653,17011,17013,17013,2,2
2021-08-25 15:38:04.578,17013,17014,17014,1,1
2021-08-25 15:38:07.110,17013,17014,17014,2,2
2021-08-25 15:38:08.167,17013,17014,17013,1,-1
2021-08-25 15:38:10.122,17012,17014,17014,1,1
2021-08-25 15:38:17.506,17013,17014,17014,1,1
2021-08-25 15:38:18.273,17013,17014,17013,1,-1
2021-08-25 15:38:23.250,17013,17014,17013,1,-1
2021-08-25 15:38:23.250,17013,17014,17013,2,-2
2021-08-25 15:38:23.643,17012,17014,17012,5,-5
2021-08-25 15:38:29.660,17012,17014,17014,7,7
2021-08-25 15:38:31.581,17013,17014,17014,3,3
2021-08-25 15:38:31.581,17013,17014,17014,2,2
2021-08-25 15:38:32.573,17014,17015,17014,1,-1
2021-08-25 15:38:34.803,17013,17014,17014,3,3
2021-08-25 15:38:34.803,17013,17014,17014,1,1
2021-08-25 15:38:40.458,17013,17015,17015,5,5
2021-08-25 15:38:43.648,17013,17014,17014,1,1
2021-08-25 15:38:44.001,17013,17014,17014,1,1
2021-08-25 15:38:47.834,17013,17014,17014,2,2
2021-08-25 15:38:48.788,17013,17014,17014,1,1
2021-08-25 15:38:49.171,17013,17015,17015,2,2
2021-08-25 15:38:51.788,17013,17015,17015,1,1
2021-08-25 15:38:51.812,17013,17015,17015,1,1
2021-08-25 15:38:54.969,17013,17015,17015,1,1
2021-08-25 15:38:59.510,17014,17015,17015,5,5
2021-08-25 15:39:01.640,17014,17015,17014,1,-1
2021-08-25 15:39:01.957,17014,17015,17015,2,2
2021-08-25 15:39:02.146,17014,17015,17015,1,1
2021-08-25 15:39:02.229,17014,17015,17015,1,1
2021-08-25 15:39:02.533,17014,17015,17015,1,1
2021-08-25 15:39:03.194,17014,17015,17014,1,-1
2021-08-25 15:39:05.067,17014,17015,17015,1,1
2021-08-25 15:39:05.067,17014,17015,17015,5,5
2021-08-25 15:39:05.067,17014,17015,17015,2,2
2021-08-25 15:39:05.067,17014,17015,17015,1,1
2021-08-25 15:39:05.067,17014,17015,17015,3,3
2021-08-25 15:39:05.244,17015,17016,17016,1,1
2021-08-25 15:39:15.178,17015,17016,17016,2,2
2021-08-25 15:39:16.545,17015,17016,17016,1,1
2021-08-25 15:39:19.213,17015,17016,17016,1,1
2021-08-25 15:39:21.759,17015,17016,17015,1,-1
2021-08-25 15:39:24.929,17015,17016,17016,10,10
2021-08-25 15:39:24.930,17015,17016,17016,4,4
2021-08-25 15:39:24.930,17015,17016,17016,6,6
2021-08-25 15:39:25.233,17015,17016,17015,8,-8
2021-08-25 15:39:27.712,17014,17016,17016,1,1
2021-08-25 15:39:29.725,17014,17016,17015,1,-1
2021-08-25 15:39:30.674,17014,17015,17015,1,1
2021-08-25 15:39:31.149,17014,17015,17015,1,1
2021-08-25 15:39:33.243,17014,17015,17015,1,1
2021-08-25 15:39:34.142,17014,17015,17014,1,-1
2021-08-25 15:39:34.142,17014,17015,17014,3,-3
2021-08-25 15:39:34.142,17014,17015,17014,1,-1
2021-08-25 15:39:34.142,17014,17015,17014,2,-2
2021-08-25 15:39:34.142,17014,17015,17014,5,-5
2021-08-25 15:39:34.961,17013,17015,17015,2,2
2021-08-25 15:39:39.040,17013,17014,17014,1,1
2021-08-25 15:39:42.540,17013,17014,17014,2,2
2021-08-25 15:39:42.946,17014,17015,17014,1,-1
2021-08-25 15:39:45.293,17014,17015,17015,1,1
2021-08-25 15:39:47.916,17014,17015,17014,1,-1
2021-08-25 15:39:50.256,17014,17015,17015,2,2
2021-08-25 15:39:50.256,17014,17015,17015,1,1
2021-08-25 15:39:55.615,17014,17015,17015,2,2
2021-08-25 15:39:55.617,17014,17015,17015,2,2
2021-08-25 15:39:55.666,17014,17015,17014,1,-1
2021-08-25 15:39:55.923,17014,17015,17015,1,1
2021-08-25 15:39:58.268,17014,17015,17014,3,-3
2021-08-25 15:39:58.268,17014,17015,17013,16,-16
2021-08-25 15:39:58.268,17014,17015,17012,4,-4
2021-08-25 15:40:09.046,17013,17014,17013,1,1
2021-08-25 15:40:09.500,17013,17014,17014,1,1
2021-08-25 15:40:09.506,17013,17014,17014,1,1
2021-08-25 15:40:09.507,17013,17014,17014,1,1
2021-08-25 15:40:09.507,17013,17014,17015,1,1
2021-08-25 15:40:09.512,17013,17014,17015,1,1
2021-08-25 15:40:09.512,17013,17014,17016,1,1
2021-08-25 15:40:09.572,17013,17014,17016,1,1
2021-08-25 15:40:10.059,17014,17015,17015,1,1
2021-08-25 15:40:10.137,17014,17015,17015,4,4
2021-08-25 15:40:10.137,17014,17015,17016,2,2
2021-08-25 15:40:10.163,17014,17015,17016,2,2
2021-08-25 15:40:10.166,17014,17015,17016,10,10
2021-08-25 15:40:10.166,17014,17015,17017,2,2
2021-08-25 15:40:10.168,17014,17015,17016,1,1
2021-08-25 15:40:10.168,17014,17015,17017,1,1
2021-08-25 15:40:10.192,17014,17015,17016,1,1
2021-08-25 15:40:10.220,17015,17016,17016,2,2
2021-08-25 15:40:10.221,17015,17016,17016,2,2
2021-08-25 15:40:10.257,17015,17016,17016,1,1
2021-08-25 15:40:10.272,17015,17016,17016,2,2
2021-08-25 15:40:10.272,17015,17016,17017,2,2
2021-08-25 15:40:10.285,17015,17016,17017,2,2
2021-08-25 15:40:10.475,17015,17017,17017,7,7
2021-08-25 15:40:10.489,17015,17017,17017,1,1
2021-08-25 15:40:10.513,17015,17017,17017,1,1
2021-08-25 15:40:10.716,17016,17017,17017,2,2
2021-08-25 15:40:10.813,17016,17017,17015,1,-1
2021-08-25 15:40:10.813,17016,17017,17015,1,-1
2021-08-25 15:40:11.131,17014,17016,17014,3,-3
2021-08-25 15:40:17.535,17014,17015,17014,1,-1
2021-08-25 15:40:17.773,17014,17015,17015,1,1
2021-08-25 15:40:18.427,17015,17016,17015,1,-1
2021-08-25 15:40:20.452,17014,17015,17015,1,1
2021-08-25 15:40:22.890,17014,17015,17015,1,1
2021-08-25 15:40:25.013,17014,17015,17015,2,2
2021-08-25 15:40:25.689,17014,17015,17015,1,1
2021-08-25 15:40:26.709,17014,17015,17014,3,-3
2021-08-25 15:40:27.066,17014,17015,17015,1,1
2021-08-25 15:40:27.067,17014,17015,17015,4,4
2021-08-25 15:40:27.067,17014,17015,17015,1,1
2021-08-25 15:40:27.067,17014,17015,17015,1,1
2021-08-25 15:40:27.067,17014,17015,17015,2,2
2021-08-25 15:40:29.744,17016,17017,17016,1,1
2021-08-25 15:40:29.744,17016,17017,17015,1,-1
2021-08-25 15:40:40.236,17014,17015,17015,1,1
2021-08-25 15:40:41.907,17014,17015,17015,1,1
2021-08-25 15:40:42.675,17015,17016,17016,1,1
2021-08-25 15:40:42.758,17015,17016,17015,1,-1
2021-08-25 15:40:47.476,17015,17016,17015,2,-2
2021-08-25 15:40:50.825,17015,17016,17015,1,-1
2021-08-25 15:40:51.754,17015,17016,17015,1,-1
2021-08-25 15:40:54.492,17015,17016,17016,3,3
2021-08-25 15:40:56.294,17016,17017,17016,1,-1
2021-08-25 15:41:03.951,17015,17016,17016,10,10
2021-08-25 15:41:03.951,17015,17016,17017,4,4
2021-08-25 15:41:05.608,17016,17017,17016,1,-1
2021-08-25 15:41:09.413,17015,17016,17016,1,1
2021-08-25 15:41:09.743,17016,17017,17016,1,-1
2021-08-25 15:41:13.000,17015,17016,17016,12,12
2021-08-25 15:41:16.710,17016,17017,17017,1,1
2021-08-25 15:41:16.710,17016,17017,17017,8,8
2021-08-25 15:41:16.711,17016,17017,17017,4,4
2021-08-25 15:41:18.890,17016,17018,17016,1,-1
2021-08-25 15:41:22.969,17016,17018,17018,2,2
2021-08-25 15:41:26.085,17017,17018,17017,1,-1
2021-08-25 15:41:26.210,17016,17017,17016,16,-16
2021-08-25 15:41:26.210,17016,17017,17016,7,-7
2021-08-25 15:41:26.210,17016,17017,17016,16,-16
2021-08-25 15:41:26.210,17016,17017,17016,3,-3
2021-08-25 15:41:26.299,17016,17017,17016,1,-1
2021-08-25 15:41:26.516,17015,17016,17016,1,1
2021-08-25 15:41:27.992,17015,17017,17017,1,1
2021-08-25 15:41:31.443,17016,17017,17017,8,8
2021-08-25 15:41:31.443,17016,17017,17018,2,2
2021-08-25 15:41:37.102,17016,17017,17017,2,2
2021-08-25 15:41:37.102,17016,17017,17018,3,3
2021-08-25 15:41:38.465,17016,17018,17016,1,-1
2021-08-25 15:41:42.405,17016,17017,17017,1,1
2021-08-25 15:41:47.892,17016,17017,17016,2,-2
2021-08-25 15:41:49.652,17016,17017,17016,1,-1
2021-08-25 15:41:51.222,17016,17017,17016,1,-1
2021-08-25 15:41:51.222,17016,17017,17016,4,-4
2021-08-25 15:41:52.031,17015,17016,17015,10,-10
2021-08-25 15:41:52.032,17015,17016,17015,3,-3
2021-08-25 15:41:56.886,17014,17015,17015,1,1
2021-08-25 15:41:58.081,17014,17015,17015,1,1
2021-08-25 15:42:03.120,17015,17016,17015,1,-1
2021-08-25 15:42:03.379,17015,17016,17016,6,6
2021-08-25 15:42:03.379,17015,17016,17017,2,2
2021-08-25 15:42:03.488,17015,17017,17017,1,1
2021-08-25 15:42:16.865,17015,17016,17016,1,1
2021-08-25 15:42:16.978,17015,17016,17016,1,1
2021-08-25 15:42:18.855,17015,17016,17015,5,-5
2021-08-25 15:42:18.855,17015,17016,17015,1,-1
2021-08-25 15:42:18.855,17015,17016,17015,5,-5
2021-08-25 15:42:18.855,17015,17016,17015,1,-1
2021-08-25 15:42:18.855,17015,17016,17015,1,-1
2021-08-25 15:42:19.096,17014,17015,17014,6,-6
2021-08-25 15:42:19.096,17014,17015,17014,1,-1
2021-08-25 15:42:19.220,17013,17014,17013,3,-3
2021-08-25 15:42:19.359,17013,17014,17013,1,-1
2021-08-25 15:42:19.817,17013,17014,17013,1,-1
2021-08-25 15:42:20.047,17013,17014,17013,1,-1
2021-08-25 15:42:20.160,17013,17014,17013,3,-3
2021-08-25 15:42:20.697,17012,17013,17013,1,1
2021-08-25 15:42:20.697,17012,17013,17014,1,1
2021-08-25 15:42:23.418,17012,17014,17012,1,-1
2021-08-25 15:42:23.450,17012,17014,17012,1,-1
2021-08-25 15:42:26.176,17013,17015,17015,2,2
2021-08-25 15:42:27.637,17013,17014,17014,1,1
2021-08-25 15:42:27.637,17013,17014,17015,4,4
2021-08-25 15:42:27.637,17013,17014,17016,30,30
2021-08-25 15:42:27.637,17013,17014,17017,13,13
2021-08-25 15:42:27.637,17013,17014,17018,32,32
2021-08-25 15:42:27.640,17013,17014,17018,1,1
2021-08-25 15:42:27.641,17013,17014,17017,1,1
2021-08-25 15:42:27.641,17013,17014,17018,3,3
2021-08-25 15:42:27.641,17013,17014,17017,1,1
2021-08-25 15:42:27.647,17013,17014,17018,1,1
2021-08-25 15:42:27.886,17017,17019,17017,6,-6
2021-08-25 15:42:27.886,17017,17019,17017,4,-4
2021-08-25 15:42:27.962,17016,17019,17016,8,-8
2021-08-25 15:42:27.962,17016,17019,17016,2,-2
2021-08-25 15:42:27.962,17016,17019,17016,30,-30
2021-08-25 15:42:28.397,17015,17017,17017,1,1
2021-08-25 15:42:28.511,17015,17017,17015,1,-1
2021-08-25 15:42:36.429,17013,17015,17015,2,2
2021-08-25 15:42:36.429,17013,17015,17016,8,8
2021-08-25 15:42:36.429,17013,17015,17017,14,14
2021-08-25 15:42:36.431,17013,17015,17017,1,1
2021-08-25 15:42:36.431,17013,17015,17018,1,1
2021-08-25 15:42:36.431,17013,17015,17018,1,1
2021-08-25 15:42:36.431,17013,17015,17017,2,2
2021-08-25 15:42:36.431,17013,17015,17018,1,1
2021-08-25 15:42:36.431,17013,17015,17018,1,1
2021-08-25 15:42:36.432,17013,17015,17017,53,53
2021-08-25 15:42:36.432,17013,17015,17017,1,1
2021-08-25 15:42:36.433,17013,17015,17016,1,1
2021-08-25 15:42:36.611,17015,17017,17017,1,1
2021-08-25 15:42:40.554,17016,17017,17016,5,-5
2021-08-25 15:42:44.275,17016,17017,17016,1,-1
2021-08-25 15:42:44.628,17016,17017,17017,1,1
2021-08-25 15:42:44.628,17016,17017,17017,5,5
2021-08-25 15:42:44.977,17016,17018,17018,1,1
2021-08-25 15:42:50.015,17017,17018,17017,3,-3
2021-08-25 15:42:50.111,17017,17018,17017,3,-3
2021-08-25 15:42:50.111,17017,17018,17016,2,-2
2021-08-25 15:42:57.154,17017,17018,17017,1,1
2021-08-25 15:43:02.162,17017,17018,17017,1,-1
2021-08-25 15:43:05.093,17017,17018,17017,1,-1
2021-08-25 15:43:07.462,17017,17018,17017,1,-1
2021-08-25 15:43:11.632,17017,17018,17017,2,-2
2021-08-25 15:43:14.984,17016,17017,17016,3,-3
2021-08-25 15:43:16.187,17016,17017,17017,2,2
2021-08-25 15:43:16.198,17016,17017,17017,1,1
2021-08-25 15:43:24.176,17016,17017,17016,2,-2
2021-08-25 15:43:24.654,17016,17017,17016,2,-2
2021-08-25 15:43:28.072,17016,17017,17016,2,-2
2021-08-25 15:43:29.664,17016,17017,17016,2,-2
2021-08-25 15:43:30.339,17016,17017,17017,1,1
2021-08-25 15:43:31.116,17016,17017,17016,2,-2
2021-08-25 15:43:31.588,17015,17016,17016,1,1
2021-08-25 15:43:32.303,17015,17016,17016,1,1
2021-08-25 15:43:32.809,17015,17016,17016,1,1
2021-08-25 15:43:33.036,17015,17017,17015,2,-2
2021-08-25 15:43:38.580,17015,17016,17015,2,-2
2021-08-25 15:43:42.176,17014,17015,17014,1,-1
2021-08-25 15:43:42.951,17014,17015,17014,2,-2
2021-08-25 15:43:43.343,17013,17014,17014,1,1
2021-08-25 15:43:44.484,17013,17014,17013,3,-3
2021-08-25 15:43:45.049,17013,17014,17014,1,1
2021-08-25 15:43:45.049,17013,17014,17015,4,4
2021-08-25 15:43:46.046,17013,17015,17015,1,1
2021-08-25 15:43:47.928,17013,17014,17014,1,1
2021-08-25 15:43:49.516,17014,17015,17015,5,5
2021-08-25 15:43:49.702,17015,17016,17016,2,2
2021-08-25 15:43:49.782,17015,17017,17015,1,-1
2021-08-25 15:43:54.702,17014,17015,17014,1,-1
2021-08-25 15:43:57.932,17013,17014,17013,4,-4
2021-08-25 15:43:57.932,17013,17014,17012,1,-1
2021-08-25 15:44:02.706,17012,17014,17012,1,-1
2021-08-25 15:44:06.495,17013,17014,17013,1,1
2021-08-25 15:44:07.597,17013,17014,17014,3,3
2021-08-25 15:44:08.643,17014,17015,17014,1,-1
2021-08-25 15:44:08.980,17014,17015,17014,1,-1
2021-08-25 15:44:10.783,17013,17014,17013,1,-1
2021-08-25 15:44:10.814,17013,17014,17014,1,1
2021-08-25 15:44:21.671,17013,17014,17014,1,1
2021-08-25 15:44:23.328,17013,17014,17013,1,-1
2021-08-25 15:44:23.756,17013,17014,17013,2,-2
2021-08-25 15:44:24.908,17013,17014,17013,2,-2
2021-08-25 15:44:26.184,17013,17014,17014,4,4
2021-08-25 15:44:27.280,17013,17015,17014,1,-1
2021-08-25 15:44:28.136,17013,17015,17013,1,-1
2021-08-25 15:44:33.840,17013,17014,17013,3,-3
2021-08-25 15:44:36.344,17013,17014,17014,1,1
2021-08-25 15:44:39.080,17013,17014,17013,2,-2
2021-08-25 15:44:40.356,17013,17014,17013,2,-2
2021-08-25 15:44:45.348,17013,17014,17013,2,-2
2021-08-25 15:44:47.076,17013,17014,17013,2,-2
2021-08-25 15:44:47.743,17013,17014,17013,1,-1
2021-08-25 15:44:48.413,17013,17014,17013,1,-1
2021-08-25 15:44:50.313,17013,17014,17014,1,1
2021-08-25 15:45:03.220,17013,17014,17013,1,-1
2021-08-25 15:45:03.814,17013,17014,17014,5,5
2021-08-25 15:45:03.815,17013,17014,17014,9,9
2021-08-25 15:45:05.367,17014,17015,17015,2,2
2021-08-25 15:45:05.462,17014,17015,17014,1,-1
2021-08-25 15:45:05.462,17014,17015,17014,1,-1
2021-08-25 15:45:05.462,17014,17015,17014,1,-1
2021-08-25 15:45:05.462,17014,17015,17014,1,-1
2021-08-25 15:45:05.462,17014,17015,17014,1,-1
2021-08-25 15:45:05.462,17014,17015,17014,1,-1
2021-08-25 15:45:05.463,17014,17015,17014,1,-1
2021-08-25 15:45:05.463,17014,17015,17013,1,-1
2021-08-25 15:45:05.463,17014,17015,17013,1,-1
2021-08-25 15:45:05.463,17014,17015,17013,1,-1
2021-08-25 15:45:05.464,17014,17015,17014,1,1
2021-08-25 15:45:05.762,17014,17015,17014,1,-1
2021-08-25 15:45:14.551,17014,17015,17015,1,1
2021-08-25 15:45:14.551,17014,17015,17015,8,8
2021-08-25 15:45:17.787,17015,17016,17015,1,-1
2021-08-25 15:45:17.837,17014,17016,17014,1,-1
2021-08-25 15:45:23.207,17015,17016,17015,1,1
2021-08-25 15:45:23.211,17014,17015,17014,1,-1
2021-08-25 15:45:23.213,17014,17015,17014,1,-1
2021-08-25 15:45:25.199,17014,17015,17014,1,-1
2021-08-25 15:45:33.516,17014,17015,17014,3,-3
2021-08-25 15:45:45.763,17013,17014,17014,1,1
2021-08-25 15:45:48.825,17014,17015,17014,1,-1
2021-08-25 15:45:48.826,17014,17015,17014,1,-1
