2023-02-24 15:00:00,15540,15540,15540,82,0
2023-02-24 15:00:00,15540,15540,15540,4,0
2023-02-24 15:00:00,15538,15538,15538,2,-2
2023-02-24 15:00:00,15538,15538,15538,4,0
2023-02-24 15:00:00,15538,15538,15538,2,0
2023-02-24 15:00:00,15541,15541,15541,2,2
2023-02-24 15:00:00,15538,15538,15538,2,-2
2023-02-24 15:00:00,15541,15541,15541,4,4
2023-02-24 15:00:00,15541,15541,15541,4,0
2023-02-24 15:00:00,15541,15541,15541,4,0
2023-02-24 15:00:00,15538,15538,15538,4,-4
2023-02-24 15:00:00,15541,15541,15541,2,2
2023-02-24 15:00:00,15538,15538,15538,4,-4
2023-02-24 15:00:00,15538,15538,15538,4,0
2023-02-24 15:00:00,15538,15538,15538,2,0
2023-02-24 15:00:00,15538,15538,15538,4,0
2023-02-24 15:00:00,15538,15538,15538,4,0
2023-02-24 15:00:00,15539,15539,15539,6,6
2023-02-24 15:00:00,15540,15540,15540,4,4
2023-02-24 15:00:00,15538,15538,15538,10,-10
2023-02-24 15:00:00,15538,15538,15538,2,0
2023-02-24 15:00:00,15538,15538,15538,4,0
2023-02-24 15:00:00,15539,15539,15539,8,8
2023-02-24 15:00:00,15540,15540,15540,6,6
2023-02-24 15:00:01,15538,15538,15538,2,-2
2023-02-24 15:00:01,15537,15537,15537,2,-2
2023-02-24 15:00:01,15540,15540,15540,8,8
2023-02-24 15:00:01,15538,15538,15538,2,-2
2023-02-24 15:00:01,15537,15537,15537,2,-2
2023-02-24 15:00:01,15539,15539,15539,2,2
2023-02-24 15:00:01,15537,15537,15537,2,-2
2023-02-24 15:00:01,15537,15537,15537,2,0
2023-02-24 15:00:02,15537,15537,15537,4,0
2023-02-24 15:00:02,15537,15537,15537,4,0
2023-02-24 15:00:02,15537,15537,15537,4,0
2023-02-24 15:00:02,15538,15538,15538,2,2
2023-02-24 15:00:02,15537,15537,15537,2,-2
2023-02-24 15:00:02,15538,15538,15538,2,2
2023-02-24 15:00:02,15538,15538,15538,2,0
2023-02-24 15:00:02,15536,15536,15536,2,-2
2023-02-24 15:00:02,15536,15536,15536,2,0
2023-02-24 15:00:02,15536,15536,15536,2,0
2023-02-24 15:00:02,15536,15536,15536,2,0
2023-02-24 15:00:02,15536,15536,15536,2,0
2023-02-24 15:00:02,15536,15536,15536,2,0
2023-02-24 15:00:02,15535,15535,15535,2,-2
2023-02-24 15:00:02,15535,15535,15535,2,0
2023-02-24 15:00:02,15535,15535,15535,2,0
2023-02-24 15:00:02,15535,15535,15535,2,0
2023-02-24 15:00:02,15535,15535,15535,2,0
2023-02-24 15:00:02,15535,15535,15535,2,0
2023-02-24 15:00:02,15535,15535,15535,8,0
2023-02-24 15:00:04,15535,15535,15535,2,0
2023-02-24 15:00:04,15536,15536,15536,2,2
2023-02-24 15:00:05,15535,15535,15535,2,-2
2023-02-24 15:00:08,15537,15537,15537,4,4
2023-02-24 15:00:08,15537,15537,15537,6,0
2023-02-24 15:00:09,15538,15538,15538,10,10
2023-02-24 15:00:09,15539,15539,15539,4,4
2023-02-24 15:00:11,15539,15539,15539,2,0
2023-02-24 15:00:11,15539,15539,15539,2,0
2023-02-24 15:00:11,15539,15539,15539,2,0
2023-02-24 15:00:11,15538,15538,15538,2,-2
2023-02-24 15:00:11,15538,15538,15538,10,0
2023-02-24 15:00:12,15538,15538,15538,4,0
2023-02-24 15:00:12,15538,15538,15538,44,0
2023-02-24 15:00:12,15537,15537,15537,2,-2
2023-02-24 15:00:12,15537,15537,15537,2,0
2023-02-24 15:00:12,15536,15536,15536,4,-4
2023-02-24 15:00:14,15537,15537,15537,2,2
2023-02-24 15:00:18,15536,15536,15536,2,-2
2023-02-24 15:00:18,15536,15536,15536,2,0
2023-02-24 15:00:18,15536,15536,15536,2,0
2023-02-24 15:00:18,15536,15536,15536,8,0
2023-02-24 15:00:20,15536,15536,15536,2,0
2023-02-24 15:00:20,15537,15537,15537,4,4
2023-02-24 15:00:20,15537,15537,15537,2,0
2023-02-24 15:00:21,15536,15536,15536,2,-2
2023-02-24 15:00:21,15536,15536,15536,2,0
2023-02-24 15:00:21,15536,15536,15536,2,0
2023-02-24 15:00:21,15536,15536,15536,2,0
2023-02-24 15:00:21,15536,15536,15536,2,0
2023-02-24 15:00:21,15536,15536,15536,2,0
2023-02-24 15:00:24,15537,15537,15537,2,2
2023-02-24 15:00:24,15537,15537,15537,2,0
2023-02-24 15:00:24,15538,15538,15538,2,2
2023-02-24 15:00:27,15538,15538,15538,2,0
2023-02-24 15:00:28,15537,15537,15537,2,-2
2023-02-24 15:00:28,15537,15537,15537,2,0
2023-02-24 15:00:28,15537,15537,15537,2,0
2023-02-24 15:00:28,15537,15537,15537,2,0
2023-02-24 15:00:28,15537,15537,15537,2,0
2023-02-24 15:00:29,15537,15537,15537,4,0
2023-02-24 15:00:30,15536,15536,15536,4,-4
2023-02-24 15:00:30,15536,15536,15536,2,0
2023-02-24 15:00:30,15536,15536,15536,2,0
2023-02-24 15:00:30,15536,15536,15536,2,0
2023-02-24 15:00:30,15536,15536,15536,2,0
2023-02-24 15:00:30,15536,15536,15536,2,0
2023-02-24 15:00:31,15536,15536,15536,2,0
2023-02-24 15:00:34,15536,15536,15536,10,0
2023-02-24 15:00:34,15536,15536,15536,2,0
2023-02-24 15:00:35,15536,15536,15536,2,0
2023-02-24 15:00:35,15536,15536,15536,2,0
2023-02-24 15:00:40,15536,15536,15536,2,0
2023-02-24 15:00:44,15536,15536,15536,2,0
2023-02-24 15:00:45,15536,15536,15536,2,0
2023-02-24 15:00:46,15536,15536,15536,2,0
2023-02-24 15:00:51,15535,15535,15535,8,-8
2023-02-24 15:00:51,15535,15535,15535,2,0
2023-02-24 15:00:51,15535,15535,15535,2,0
2023-02-24 15:00:51,15535,15535,15535,2,0
2023-02-24 15:00:51,15535,15535,15535,2,0
2023-02-24 15:00:51,15535,15535,15535,2,0
2023-02-24 15:00:51,15535,15535,15535,2,0
2023-02-24 15:00:51,15535,15535,15535,4,0
2023-02-24 15:00:51,15535,15535,15535,2,0
2023-02-24 15:00:51,15535,15535,15535,2,0
2023-02-24 15:00:51,15535,15535,15535,4,0
2023-02-24 15:00:54,15534,15534,15534,2,-2
2023-02-24 15:00:55,15534,15534,15534,2,0
2023-02-24 15:00:56,15534,15534,15534,2,0
2023-02-24 15:00:56,15534,15534,15534,2,0
2023-02-24 15:00:56,15534,15534,15534,2,0
2023-02-24 15:00:56,15534,15534,15534,2,0
2023-02-24 15:00:56,15534,15534,15534,2,0
2023-02-24 15:00:56,15534,15534,15534,2,0
2023-02-24 15:00:56,15535,15535,15535,2,2
2023-02-24 15:00:57,15533,15533,15533,2,-2
2023-02-24 15:00:57,15533,15533,15533,2,0
2023-02-24 15:00:58,15534,15534,15534,2,2
2023-02-24 15:00:58,15534,15534,15534,6,0
2023-02-24 15:00:59,15534,15534,15534,6,0
2023-02-24 15:00:59,15535,15535,15535,2,2
2023-02-24 15:00:59,15534,15534,15534,2,-2
2023-02-24 15:01:00,15533,15533,15533,2,-2
2023-02-24 15:01:00,15534,15534,15534,2,2
2023-02-24 15:01:00,15534,15534,15534,2,0
2023-02-24 15:01:00,15534,15534,15534,2,0
2023-02-24 15:01:00,15535,15535,15535,2,2
2023-02-24 15:01:01,15535,15535,15535,2,0
2023-02-24 15:01:04,15534,15534,15534,2,-2
2023-02-24 15:01:04,15533,15533,15533,2,-2
2023-02-24 15:01:06,15534,15534,15534,2,2
2023-02-24 15:01:06,15534,15534,15534,10,0
2023-02-24 15:01:08,15533,15533,15533,2,-2
2023-02-24 15:01:08,15533,15533,15533,2,0
2023-02-24 15:01:08,15533,15533,15533,2,0
2023-02-24 15:01:08,15533,15533,15533,2,0
2023-02-24 15:01:08,15534,15534,15534,4,4
2023-02-24 15:01:11,15534,15534,15534,2,0
2023-02-24 15:01:15,15535,15535,15535,2,2
2023-02-24 15:01:23,15535,15535,15535,6,0
2023-02-24 15:01:24,15535,15535,15535,8,0
2023-02-24 15:01:30,15535,15535,15535,2,0
2023-02-24 15:01:31,15535,15535,15535,4,0
2023-02-24 15:01:31,15535,15535,15535,2,0
2023-02-24 15:01:31,15535,15535,15535,2,0
2023-02-24 15:01:31,15535,15535,15535,6,0
2023-02-24 15:01:31,15535,15535,15535,30,0
2023-02-24 15:01:31,15536,15536,15536,14,14
2023-02-24 15:01:31,15536,15536,15536,2,0
2023-02-24 15:01:31,15536,15536,15536,2,0
2023-02-24 15:01:31,15536,15536,15536,2,0
2023-02-24 15:01:31,15536,15536,15536,4,0
2023-02-24 15:01:31,15536,15536,15536,20,0
2023-02-24 15:01:31,15537,15537,15537,2,2
2023-02-24 15:01:31,15537,15537,15537,2,0
2023-02-24 15:01:31,15538,15538,15538,2,2
2023-02-24 15:01:32,15537,15537,15537,2,-2
2023-02-24 15:01:35,15539,15539,15539,2,2
2023-02-24 15:01:48,15537,15537,15537,2,-2
2023-02-24 15:01:50,15536,15536,15536,2,-2
2023-02-24 15:01:53,15536,15536,15536,2,0
2023-02-24 15:01:57,15537,15537,15537,4,4
2023-02-24 15:02:00,15535,15535,15535,2,-2
2023-02-24 15:02:01,15536,15536,15536,2,2
2023-02-24 15:02:06,15535,15535,15535,4,-4
2023-02-24 15:02:06,15534,15534,15534,2,-2
2023-02-24 15:02:06,15534,15534,15534,4,0
2023-02-24 15:02:06,15534,15534,15534,4,0
2023-02-24 15:02:06,15534,15534,15534,4,0
2023-02-24 15:02:06,15533,15533,15533,2,-2
2023-02-24 15:02:08,15533,15533,15533,2,0
2023-02-24 15:02:10,15533,15533,15533,2,0
2023-02-24 15:02:20,15533,15533,15533,2,0
2023-02-24 15:02:28,15532,15532,15532,2,-2
2023-02-24 15:02:30,15533,15533,15533,2,2
2023-02-24 15:02:33,15533,15533,15533,2,0
2023-02-24 15:02:37,15532,15532,15532,2,-2
2023-02-24 15:02:37,15532,15532,15532,2,0
2023-02-24 15:02:37,15533,15533,15533,4,4
2023-02-24 15:02:38,15532,15532,15532,2,-2
2023-02-24 15:02:40,15533,15533,15533,4,4
2023-02-24 15:02:41,15534,15534,15534,4,4
2023-02-24 15:02:43,15534,15534,15534,2,0
2023-02-24 15:02:47,15534,15534,15534,2,0
2023-02-24 15:02:47,15534,15534,15534,2,0
2023-02-24 15:02:49,15534,15534,15534,2,0
2023-02-24 15:02:50,15534,15534,15534,2,0
2023-02-24 15:02:52,15534,15534,15534,2,0
2023-02-24 15:02:54,15533,15533,15533,2,-2
2023-02-24 15:02:55,15535,15535,15535,2,2
2023-02-24 15:03:00,15533,15533,15533,2,-2
2023-02-24 15:03:00,15533,15533,15533,4,0
2023-02-24 15:03:00,15533,15533,15533,2,0
2023-02-24 15:03:00,15533,15533,15533,4,0
2023-02-24 15:03:01,15533,15533,15533,2,0
2023-02-24 15:03:05,15533,15533,15533,2,0
2023-02-24 15:03:05,15532,15532,15532,2,-2
2023-02-24 15:03:05,15533,15533,15533,2,2
2023-02-24 15:03:15,15533,15533,15533,2,0
2023-02-24 15:03:15,15533,15533,15533,10,0
2023-02-24 15:03:15,15533,15533,15533,2,0
2023-02-24 15:03:15,15533,15533,15533,4,0
2023-02-24 15:03:18,15533,15533,15533,2,0
2023-02-24 15:03:18,15533,15533,15533,4,0
2023-02-24 15:03:19,15533,15533,15533,2,0
2023-02-24 15:03:19,15533,15533,15533,2,0
2023-02-24 15:03:24,15532,15532,15532,2,-2
2023-02-24 15:03:24,15532,15532,15532,2,0
2023-02-24 15:03:24,15532,15532,15532,2,0
2023-02-24 15:03:24,15532,15532,15532,2,0
2023-02-24 15:03:24,15532,15532,15532,2,0
2023-02-24 15:03:24,15532,15532,15532,2,0
2023-02-24 15:03:24,15532,15532,15532,8,0
2023-02-24 15:03:24,15532,15532,15532,2,0
2023-02-24 15:03:24,15532,15532,15532,2,0
2023-02-24 15:03:24,15532,15532,15532,2,0
2023-02-24 15:03:24,15532,15532,15532,4,0
2023-02-24 15:03:24,15532,15532,15532,2,0
2023-02-24 15:03:24,15531,15531,15531,2,-2
2023-02-24 15:03:24,15532,15532,15532,2,2
2023-02-24 15:03:24,15531,15531,15531,2,-2
2023-02-24 15:03:24,15531,15531,15531,2,0
2023-02-24 15:03:24,15531,15531,15531,2,0
2023-02-24 15:03:24,15531,15531,15531,2,0
2023-02-24 15:03:26,15532,15532,15532,2,2
2023-02-24 15:03:26,15531,15531,15531,2,-2
2023-02-24 15:03:28,15531,15531,15531,2,0
2023-02-24 15:03:28,15531,15531,15531,2,0
2023-02-24 15:03:29,15531,15531,15531,2,0
2023-02-24 15:03:29,15531,15531,15531,2,0
2023-02-24 15:03:29,15531,15531,15531,4,0
2023-02-24 15:03:29,15532,15532,15532,2,2
2023-02-24 15:03:31,15531,15531,15531,2,-2
2023-02-24 15:03:31,15531,15531,15531,2,0
2023-02-24 15:03:31,15531,15531,15531,2,0
2023-02-24 15:03:31,15531,15531,15531,2,0
2023-02-24 15:03:31,15530,15530,15530,2,-2
2023-02-24 15:03:31,15530,15530,15530,2,0
2023-02-24 15:03:34,15530,15530,15530,2,0
2023-02-24 15:03:34,15530,15530,15530,2,0
2023-02-24 15:03:39,15530,15530,15530,4,0
2023-02-24 15:03:39,15530,15530,15530,6,0
2023-02-24 15:03:39,15530,15530,15530,4,0
2023-02-24 15:03:39,15530,15530,15530,2,0
2023-02-24 15:03:39,15530,15530,15530,2,0
2023-02-24 15:03:39,15530,15530,15530,2,0
2023-02-24 15:03:39,15530,15530,15530,10,0
2023-02-24 15:03:39,15530,15530,15530,2,0
2023-02-24 15:03:39,15530,15530,15530,2,0
2023-02-24 15:03:39,15530,15530,15530,4,0
2023-02-24 15:03:41,15529,15529,15529,2,-2
2023-02-24 15:03:41,15529,15529,15529,2,0
2023-02-24 15:03:41,15529,15529,15529,2,0
2023-02-24 15:03:41,15529,15529,15529,4,0
2023-02-24 15:03:41,15529,15529,15529,2,0
2023-02-24 15:03:41,15530,15530,15530,2,2
2023-02-24 15:03:42,15529,15529,15529,2,-2
2023-02-24 15:03:44,15529,15529,15529,4,0
2023-02-24 15:03:44,15529,15529,15529,2,0
2023-02-24 15:03:44,15529,15529,15529,2,0
2023-02-24 15:03:46,15529,15529,15529,2,0
2023-02-24 15:03:46,15529,15529,15529,2,0
2023-02-24 15:03:46,15529,15529,15529,2,0
2023-02-24 15:03:46,15529,15529,15529,4,0
2023-02-24 15:03:47,15529,15529,15529,2,0
2023-02-24 15:03:51,15529,15529,15529,2,0
2023-02-24 15:03:51,15529,15529,15529,2,0
2023-02-24 15:03:51,15529,15529,15529,2,0
2023-02-24 15:03:51,15529,15529,15529,4,0
2023-02-24 15:03:52,15529,15529,15529,2,0
2023-02-24 15:03:57,15529,15529,15529,2,0
2023-02-24 15:04:00,15530,15530,15530,2,2
2023-02-24 15:04:01,15529,15529,15529,2,-2
2023-02-24 15:04:01,15529,15529,15529,2,0
2023-02-24 15:04:01,15529,15529,15529,4,0
2023-02-24 15:04:01,15530,15530,15530,10,10
2023-02-24 15:04:09,15530,15530,15530,2,0
2023-02-24 15:04:09,15529,15529,15529,2,-2
2023-02-24 15:04:13,15529,15529,15529,2,0
2023-02-24 15:04:13,15529,15529,15529,2,0
2023-02-24 15:04:16,15529,15529,15529,4,0
2023-02-24 15:04:16,15529,15529,15529,2,0
2023-02-24 15:04:16,15529,15529,15529,4,0
2023-02-24 15:04:16,15529,15529,15529,2,0
2023-02-24 15:04:16,15528,15528,15528,6,-6
2023-02-24 15:04:16,15528,15528,15528,2,0
2023-02-24 15:04:16,15528,15528,15528,2,0
2023-02-24 15:04:16,15528,15528,15528,2,0
2023-02-24 15:04:16,15528,15528,15528,2,0
2023-02-24 15:04:16,15528,15528,15528,2,0
2023-02-24 15:04:16,15528,15528,15528,2,0
2023-02-24 15:04:16,15528,15528,15528,2,0
2023-02-24 15:04:16,15528,15528,15528,2,0
2023-02-24 15:04:16,15528,15528,15528,2,0
2023-02-24 15:04:16,15528,15528,15528,2,0
2023-02-24 15:04:16,15528,15528,15528,2,0
2023-02-24 15:04:16,15528,15528,15528,2,0
2023-02-24 15:04:16,15528,15528,15528,2,0
2023-02-24 15:04:16,15528,15528,15528,2,0
2023-02-24 15:04:16,15528,15528,15528,2,0
2023-02-24 15:04:16,15528,15528,15528,2,0
2023-02-24 15:04:16,15528,15528,15528,2,0
2023-02-24 15:04:16,15528,15528,15528,2,0
2023-02-24 15:04:16,15528,15528,15528,4,0
2023-02-24 15:04:16,15527,15527,15527,2,-2
2023-02-24 15:04:16,15528,15528,15528,4,4
2023-02-24 15:04:16,15527,15527,15527,2,-2
2023-02-24 15:04:20,15529,15529,15529,4,4
2023-02-24 15:04:21,15530,15530,15530,2,2
2023-02-24 15:04:22,15529,15529,15529,2,-2
2023-02-24 15:04:29,15529,15529,15529,2,0
2023-02-24 15:04:30,15530,15530,15530,2,2
2023-02-24 15:04:33,15529,15529,15529,2,-2
2023-02-24 15:04:34,15530,15530,15530,2,2
2023-02-24 15:04:39,15530,15530,15530,10,0
2023-02-24 15:04:39,15530,15530,15530,2,0
2023-02-24 15:04:39,15530,15530,15530,20,0
2023-02-24 15:04:39,15530,15530,15530,2,0
2023-02-24 15:04:42,15530,15530,15530,2,0
2023-02-24 15:04:50,15530,15530,15530,2,0
2023-02-24 15:04:50,15530,15530,15530,2,0
2023-02-24 15:04:50,15531,15531,15531,2,2
2023-02-24 15:04:52,15531,15531,15531,2,0
2023-02-24 15:04:52,15531,15531,15531,2,0
2023-02-24 15:04:56,15531,15531,15531,4,0
2023-02-24 15:04:56,15531,15531,15531,2,0
2023-02-24 15:04:56,15531,15531,15531,2,0
2023-02-24 15:04:56,15530,15530,15530,2,-2
2023-02-24 15:05:01,15532,15532,15532,4,4
2023-02-24 15:05:01,15532,15532,15532,2,0
2023-02-24 15:05:01,15532,15532,15532,2,0
2023-02-24 15:05:01,15533,15533,15533,2,2
2023-02-24 15:05:02,15531,15531,15531,2,-2
2023-02-24 15:05:02,15531,15531,15531,2,0
2023-02-24 15:05:02,15531,15531,15531,2,0
2023-02-24 15:05:02,15531,15531,15531,2,0
2023-02-24 15:05:02,15531,15531,15531,2,0
2023-02-24 15:05:02,15531,15531,15531,2,0
2023-02-24 15:05:02,15532,15532,15532,2,2
2023-02-24 15:05:02,15531,15531,15531,2,-2
2023-02-24 15:05:02,15530,15530,15530,2,-2
2023-02-24 15:05:02,15530,15530,15530,2,0
2023-02-24 15:05:02,15530,15530,15530,2,0
2023-02-24 15:05:02,15530,15530,15530,2,0
2023-02-24 15:05:02,15530,15530,15530,2,0
2023-02-24 15:05:02,15530,15530,15530,2,0
2023-02-24 15:05:02,15530,15530,15530,2,0
2023-02-24 15:05:03,15530,15530,15530,2,0
2023-02-24 15:05:03,15530,15530,15530,2,0
2023-02-24 15:05:04,15530,15530,15530,2,0
2023-02-24 15:05:11,15532,15532,15532,2,2
2023-02-24 15:05:11,15532,15532,15532,2,0
2023-02-24 15:05:13,15532,15532,15532,2,0
2023-02-24 15:05:17,15532,15532,15532,2,0
2023-02-24 15:05:24,15532,15532,15532,2,0
2023-02-24 15:05:32,15532,15532,15532,2,0
2023-02-24 15:05:39,15532,15532,15532,2,0
2023-02-24 15:05:41,15533,15533,15533,2,2
2023-02-24 15:05:42,15532,15532,15532,2,-2
2023-02-24 15:05:42,15532,15532,15532,2,0
2023-02-24 15:05:42,15533,15533,15533,2,2
2023-02-24 15:05:50,15531,15531,15531,2,-2
2023-02-24 15:05:50,15531,15531,15531,2,0
2023-02-24 15:05:50,15532,15532,15532,8,8
2023-02-24 15:05:50,15532,15532,15532,2,0
2023-02-24 15:05:50,15531,15531,15531,2,-2
2023-02-24 15:05:50,15531,15531,15531,2,0
2023-02-24 15:06:09,15533,15533,15533,4,4
2023-02-24 15:06:10,15533,15533,15533,2,0
2023-02-24 15:06:13,15531,15531,15531,2,-2
2023-02-24 15:06:17,15532,15532,15532,2,2
2023-02-24 15:06:25,15531,15531,15531,2,-2
2023-02-24 15:06:25,15531,15531,15531,2,0
2023-02-24 15:06:30,15531,15531,15531,2,0
2023-02-24 15:06:31,15532,15532,15532,2,2
2023-02-24 15:06:33,15530,15530,15530,2,-2
2023-02-24 15:06:33,15530,15530,15530,2,0
2023-02-24 15:06:33,15530,15530,15530,2,0
2023-02-24 15:06:33,15530,15530,15530,2,0
2023-02-24 15:06:33,15530,15530,15530,2,0
2023-02-24 15:06:33,15530,15530,15530,2,0
2023-02-24 15:06:33,15530,15530,15530,2,0
2023-02-24 15:06:33,15530,15530,15530,2,0
2023-02-24 15:06:33,15530,15530,15530,4,0
2023-02-24 15:06:33,15529,15529,15529,2,-2
2023-02-24 15:06:33,15529,15529,15529,2,0
2023-02-24 15:06:33,15529,15529,15529,2,0
2023-02-24 15:06:33,15529,15529,15529,2,0
2023-02-24 15:06:34,15529,15529,15529,2,0
2023-02-24 15:06:38,15529,15529,15529,2,0
2023-02-24 15:06:41,15529,15529,15529,2,0
2023-02-24 15:06:52,15529,15529,15529,2,0
2023-02-24 15:06:57,15530,15530,15530,4,4
2023-02-24 15:07:11,15530,15530,15530,4,0
2023-02-24 15:07:11,15530,15530,15530,2,0
2023-02-24 15:07:11,15529,15529,15529,2,-2
2023-02-24 15:07:11,15529,15529,15529,2,0
2023-02-24 15:07:11,15528,15528,15528,2,-2
2023-02-24 15:07:11,15529,15529,15529,4,4
2023-02-24 15:07:15,15529,15529,15529,2,0
2023-02-24 15:07:21,15529,15529,15529,4,0
2023-02-24 15:07:23,15529,15529,15529,6,0
2023-02-24 15:07:25,15530,15530,15530,10,10
2023-02-24 15:07:26,15529,15529,15529,4,-4
2023-02-24 15:07:28,15529,15529,15529,2,0
2023-02-24 15:07:29,15529,15529,15529,2,0
2023-02-24 15:07:35,15529,15529,15529,2,0
2023-02-24 15:07:38,15529,15529,15529,4,0
2023-02-24 15:07:41,15529,15529,15529,4,0
2023-02-24 15:07:44,15529,15529,15529,4,0
2023-02-24 15:07:47,15529,15529,15529,2,0
2023-02-24 15:07:47,15529,15529,15529,2,0
2023-02-24 15:07:49,15529,15529,15529,2,0
2023-02-24 15:07:49,15529,15529,15529,4,0
2023-02-24 15:07:50,15530,15530,15530,8,8
2023-02-24 15:07:52,15529,15529,15529,2,-2
2023-02-24 15:07:54,15529,15529,15529,2,0
2023-02-24 15:08:00,15529,15529,15529,4,0
2023-02-24 15:08:00,15529,15529,15529,2,0
2023-02-24 15:08:00,15529,15529,15529,2,0
2023-02-24 15:08:00,15529,15529,15529,2,0
2023-02-24 15:08:00,15529,15529,15529,2,0
2023-02-24 15:08:01,15529,15529,15529,2,0
2023-02-24 15:08:01,15529,15529,15529,4,0
2023-02-24 15:08:01,15529,15529,15529,4,0
2023-02-24 15:08:03,15529,15529,15529,6,0
2023-02-24 15:08:03,15529,15529,15529,2,0
2023-02-24 15:08:03,15529,15529,15529,4,0
2023-02-24 15:08:04,15529,15529,15529,2,0
2023-02-24 15:08:05,15529,15529,15529,2,0
2023-02-24 15:08:08,15529,15529,15529,2,0
2023-02-24 15:08:08,15529,15529,15529,4,0
2023-02-24 15:08:08,15528,15528,15528,2,-2
2023-02-24 15:08:08,15528,15528,15528,2,0
2023-02-24 15:08:10,15529,15529,15529,12,12
2023-02-24 15:08:12,15529,15529,15529,2,0
2023-02-24 15:08:14,15529,15529,15529,2,0
2023-02-24 15:08:14,15529,15529,15529,4,0
2023-02-24 15:08:14,15529,15529,15529,4,0
2023-02-24 15:08:14,15529,15529,15529,2,0
2023-02-24 15:08:18,15529,15529,15529,4,0
2023-02-24 15:08:18,15529,15529,15529,8,0
2023-02-24 15:08:18,15529,15529,15529,4,0
2023-02-24 15:08:18,15528,15528,15528,2,-2
2023-02-24 15:08:18,15528,15528,15528,2,0
2023-02-24 15:08:19,15528,15528,15528,2,0
2023-02-24 15:08:21,15528,15528,15528,2,0
2023-02-24 15:08:21,15528,15528,15528,2,0
2023-02-24 15:08:25,15528,15528,15528,2,0
2023-02-24 15:08:25,15528,15528,15528,2,0
2023-02-24 15:08:25,15528,15528,15528,2,0
2023-02-24 15:08:25,15528,15528,15528,2,0
2023-02-24 15:08:25,15528,15528,15528,8,0
2023-02-24 15:08:25,15528,15528,15528,2,0
2023-02-24 15:08:25,15528,15528,15528,2,0
2023-02-24 15:08:25,15528,15528,15528,2,0
2023-02-24 15:08:25,15528,15528,15528,4,0
2023-02-24 15:08:25,15528,15528,15528,4,0
2023-02-24 15:08:25,15527,15527,15527,8,-8
2023-02-24 15:08:25,15527,15527,15527,2,0
2023-02-24 15:08:26,15527,15527,15527,2,0
2023-02-24 15:08:29,15528,15528,15528,2,2
2023-02-24 15:08:31,15527,15527,15527,2,-2
2023-02-24 15:08:32,15528,15528,15528,18,18
2023-02-24 15:08:32,15529,15529,15529,8,8
2023-02-24 15:08:34,15528,15528,15528,2,-2
2023-02-24 15:08:35,15528,15528,15528,2,0
2023-02-24 15:08:35,15528,15528,15528,2,0
2023-02-24 15:08:35,15528,15528,15528,2,0
2023-02-24 15:08:35,15528,15528,15528,2,0
2023-02-24 15:08:38,15527,15527,15527,4,-4
2023-02-24 15:08:38,15527,15527,15527,2,0
2023-02-24 15:08:38,15527,15527,15527,2,0
2023-02-24 15:08:38,15527,15527,15527,4,0
2023-02-24 15:08:38,15527,15527,15527,2,0
2023-02-24 15:08:38,15527,15527,15527,2,0
2023-02-24 15:08:38,15527,15527,15527,6,0
2023-02-24 15:08:40,15528,15528,15528,2,2
2023-02-24 15:08:42,15527,15527,15527,2,-2
2023-02-24 15:08:42,15527,15527,15527,2,0
2023-02-24 15:08:45,15527,15527,15527,2,0
2023-02-24 15:08:46,15527,15527,15527,8,0
2023-02-24 15:08:46,15527,15527,15527,20,0
2023-02-24 15:08:46,15527,15527,15527,4,0
2023-02-24 15:08:46,15527,15527,15527,2,0
2023-02-24 15:08:47,15527,15527,15527,2,0
2023-02-24 15:08:47,15527,15527,15527,2,0
2023-02-24 15:08:48,15527,15527,15527,2,0
2023-02-24 15:08:48,15528,15528,15528,2,2
2023-02-24 15:08:48,15527,15527,15527,4,-4
2023-02-24 15:08:56,15528,15528,15528,2,2
2023-02-24 15:08:58,15528,15528,15528,2,0
2023-02-24 15:08:58,15527,15527,15527,2,-2
2023-02-24 15:09:00,15528,15528,15528,8,8
2023-02-24 15:09:01,15528,15528,15528,2,0
2023-02-24 15:09:01,15528,15528,15528,2,0
2023-02-24 15:09:02,15529,15529,15529,2,2
2023-02-24 15:09:02,15529,15529,15529,34,0
2023-02-24 15:09:02,15529,15529,15529,2,0
2023-02-24 15:09:02,15529,15529,15529,2,0
2023-02-24 15:09:02,15530,15530,15530,2,2
2023-02-24 15:09:03,15530,15530,15530,2,0
2023-02-24 15:09:03,15530,15530,15530,2,0
2023-02-24 15:09:03,15531,15531,15531,2,2
2023-02-24 15:09:03,15530,15530,15530,2,-2
2023-02-24 15:09:04,15531,15531,15531,2,2
2023-02-24 15:09:04,15531,15531,15531,6,0
2023-02-24 15:09:04,15530,15530,15530,2,-2
2023-02-24 15:09:04,15531,15531,15531,8,8
2023-02-24 15:09:04,15531,15531,15531,2,0
2023-02-24 15:09:04,15530,15530,15530,2,-2
2023-02-24 15:09:06,15531,15531,15531,2,2
2023-02-24 15:09:06,15531,15531,15531,2,0
2023-02-24 15:09:08,15531,15531,15531,2,0
2023-02-24 15:09:09,15530,15530,15530,2,-2
2023-02-24 15:09:09,15531,15531,15531,2,2
2023-02-24 15:09:13,15530,15530,15530,2,-2
2023-02-24 15:09:14,15530,15530,15530,4,0
2023-02-24 15:09:14,15530,15530,15530,2,0
2023-02-24 15:09:14,15530,15530,15530,2,0
2023-02-24 15:09:17,15530,15530,15530,2,0
2023-02-24 15:09:21,15530,15530,15530,2,0
2023-02-24 15:09:21,15530,15530,15530,2,0
2023-02-24 15:09:22,15530,15530,15530,2,0
2023-02-24 15:09:32,15529,15529,15529,2,-2
2023-02-24 15:09:33,15529,15529,15529,2,0
2023-02-24 15:09:33,15529,15529,15529,4,0
2023-02-24 15:09:33,15529,15529,15529,2,0
2023-02-24 15:09:33,15530,15530,15530,2,2
2023-02-24 15:09:33,15529,15529,15529,2,-2
2023-02-24 15:09:33,15529,15529,15529,2,0
2023-02-24 15:09:33,15529,15529,15529,4,0
2023-02-24 15:09:33,15529,15529,15529,4,0
2023-02-24 15:09:34,15529,15529,15529,4,0
2023-02-24 15:09:34,15529,15529,15529,2,0
2023-02-24 15:09:36,15529,15529,15529,2,0
2023-02-24 15:09:38,15529,15529,15529,2,0
2023-02-24 15:09:39,15529,15529,15529,2,0
2023-02-24 15:09:40,15529,15529,15529,8,0
2023-02-24 15:09:43,15530,15530,15530,4,4
2023-02-24 15:09:46,15529,15529,15529,2,-2
2023-02-24 15:09:46,15529,15529,15529,2,0
2023-02-24 15:09:46,15529,15529,15529,2,0
2023-02-24 15:09:46,15529,15529,15529,2,0
2023-02-24 15:09:50,15530,15530,15530,8,8
2023-02-24 15:09:51,15529,15529,15529,2,-2
2023-02-24 15:09:51,15529,15529,15529,4,0
2023-02-24 15:09:51,15529,15529,15529,2,0
2023-02-24 15:09:52,15530,15530,15530,4,4
2023-02-24 15:09:53,15530,15530,15530,2,0
2023-02-24 15:09:55,15530,15530,15530,2,0
2023-02-24 15:09:58,15530,15530,15530,4,0
2023-02-24 15:10:06,15530,15530,15530,2,0
2023-02-24 15:10:07,15529,15529,15529,2,-2
2023-02-24 15:10:07,15529,15529,15529,2,0
2023-02-24 15:10:07,15530,15530,15530,2,2
2023-02-24 15:10:07,15530,15530,15530,2,0
2023-02-24 15:10:07,15530,15530,15530,4,0
2023-02-24 15:10:13,15531,15531,15531,2,2
2023-02-24 15:10:17,15531,15531,15531,4,0
2023-02-24 15:10:20,15531,15531,15531,4,0
2023-02-24 15:10:26,15531,15531,15531,2,0
2023-02-24 15:10:29,15531,15531,15531,2,0
2023-02-24 15:10:29,15531,15531,15531,2,0
2023-02-24 15:10:32,15530,15530,15530,2,-2
2023-02-24 15:10:34,15530,15530,15530,2,0
2023-02-24 15:10:38,15530,15530,15530,2,0
2023-02-24 15:10:38,15530,15530,15530,2,0
2023-02-24 15:10:40,15531,15531,15531,4,4
2023-02-24 15:10:40,15530,15530,15530,2,-2
2023-02-24 15:10:42,15530,15530,15530,2,0
2023-02-24 15:10:45,15530,15530,15530,2,0
2023-02-24 15:10:45,15531,15531,15531,2,2
2023-02-24 15:10:48,15531,15531,15531,20,0
2023-02-24 15:10:51,15531,15531,15531,2,0
2023-02-24 15:10:54,15531,15531,15531,2,0
2023-02-24 15:10:56,15531,15531,15531,2,0
2023-02-24 15:11:03,15531,15531,15531,2,0
2023-02-24 15:11:04,15531,15531,15531,2,0
2023-02-24 15:11:06,15531,15531,15531,2,0
2023-02-24 15:11:08,15531,15531,15531,2,0
2023-02-24 15:11:11,15531,15531,15531,2,0
2023-02-24 15:11:13,15531,15531,15531,2,0
2023-02-24 15:11:14,15531,15531,15531,2,0
2023-02-24 15:11:18,15531,15531,15531,2,0
2023-02-24 15:11:19,15531,15531,15531,2,0
2023-02-24 15:11:20,15532,15532,15532,2,2
2023-02-24 15:11:20,15531,15531,15531,2,-2
2023-02-24 15:11:22,15531,15531,15531,2,0
2023-02-24 15:11:24,15531,15531,15531,2,0
2023-02-24 15:11:26,15531,15531,15531,2,0
2023-02-24 15:11:28,15531,15531,15531,2,0
2023-02-24 15:11:28,15531,15531,15531,2,0
2023-02-24 15:11:30,15531,15531,15531,2,0
2023-02-24 15:11:32,15531,15531,15531,2,0
2023-02-24 15:11:34,15531,15531,15531,2,0
2023-02-24 15:11:37,15531,15531,15531,2,0
2023-02-24 15:11:39,15531,15531,15531,2,0
2023-02-24 15:11:41,15532,15532,15532,2,2
2023-02-24 15:11:41,15531,15531,15531,2,-2
2023-02-24 15:11:46,15531,15531,15531,2,0
2023-02-24 15:11:49,15531,15531,15531,2,0
2023-02-24 15:11:51,15532,15532,15532,4,4
2023-02-24 15:11:51,15532,15532,15532,4,0
2023-02-24 15:11:51,15532,15532,15532,2,0
2023-02-24 15:11:51,15532,15532,15532,2,0
2023-02-24 15:11:51,15532,15532,15532,8,0
2023-02-24 15:11:51,15532,15532,15532,2,0
2023-02-24 15:11:53,15532,15532,15532,2,0
2023-02-24 15:11:54,15533,15533,15533,2,2
2023-02-24 15:11:56,15532,15532,15532,2,-2
2023-02-24 15:11:56,15532,15532,15532,2,0
2023-02-24 15:11:58,15532,15532,15532,2,0
2023-02-24 15:12:00,15533,15533,15533,2,2
2023-02-24 15:12:00,15533,15533,15533,4,0
2023-02-24 15:12:01,15532,15532,15532,2,-2
2023-02-24 15:12:01,15533,15533,15533,6,6
2023-02-24 15:12:03,15532,15532,15532,2,-2
2023-02-24 15:12:05,15532,15532,15532,2,0
2023-02-24 15:12:05,15532,15532,15532,2,0
2023-02-24 15:12:14,15531,15531,15531,2,-2
2023-02-24 15:12:14,15531,15531,15531,2,0
2023-02-24 15:12:14,15531,15531,15531,4,0
2023-02-24 15:12:14,15531,15531,15531,2,0
2023-02-24 15:12:15,15530,15530,15530,4,-4
2023-02-24 15:12:16,15530,15530,15530,2,0
2023-02-24 15:12:17,15530,15530,15530,2,0
2023-02-24 15:12:17,15530,15530,15530,2,0
2023-02-24 15:12:19,15530,15530,15530,2,0
2023-02-24 15:12:27,15530,15530,15530,2,0
2023-02-24 15:12:27,15530,15530,15530,2,0
2023-02-24 15:12:29,15530,15530,15530,2,0
2023-02-24 15:12:31,15530,15530,15530,2,0
2023-02-24 15:12:32,15530,15530,15530,2,0
2023-02-24 15:12:34,15530,15530,15530,2,0
2023-02-24 15:12:35,15531,15531,15531,2,2
2023-02-24 15:12:37,15531,15531,15531,2,0
2023-02-24 15:12:39,15530,15530,15530,2,-2
2023-02-24 15:12:40,15531,15531,15531,2,2
2023-02-24 15:12:41,15530,15530,15530,2,-2
2023-02-24 15:12:42,15531,15531,15531,2,2
2023-02-24 15:12:45,15530,15530,15530,2,-2
2023-02-24 15:12:48,15531,15531,15531,2,2
2023-02-24 15:12:49,15530,15530,15530,2,-2
2023-02-24 15:12:51,15530,15530,15530,2,0
2023-02-24 15:12:53,15530,15530,15530,2,0
2023-02-24 15:12:55,15530,15530,15530,2,0
2023-02-24 15:12:57,15530,15530,15530,2,0
2023-02-24 15:12:58,15530,15530,15530,2,0
2023-02-24 15:12:59,15530,15530,15530,2,0
2023-02-24 15:13:01,15530,15530,15530,2,0
2023-02-24 15:13:03,15530,15530,15530,2,0
2023-02-24 15:13:06,15530,15530,15530,2,0
2023-02-24 15:13:06,15530,15530,15530,2,0
2023-02-24 15:13:08,15530,15530,15530,2,0
2023-02-24 15:13:09,15530,15530,15530,2,0
2023-02-24 15:13:11,15530,15530,15530,2,0
2023-02-24 15:13:13,15530,15530,15530,4,0
2023-02-24 15:13:13,15530,15530,15530,4,0
2023-02-24 15:13:14,15529,15529,15529,2,-2
2023-02-24 15:13:14,15529,15529,15529,2,0
2023-02-24 15:13:15,15529,15529,15529,2,0
2023-02-24 15:13:19,15528,15528,15528,2,-2
2023-02-24 15:13:19,15528,15528,15528,2,0
2023-02-24 15:13:19,15528,15528,15528,2,0
2023-02-24 15:13:19,15528,15528,15528,2,0
2023-02-24 15:13:19,15528,15528,15528,2,0
2023-02-24 15:13:19,15528,15528,15528,2,0
2023-02-24 15:13:21,15528,15528,15528,6,0
2023-02-24 15:13:21,15528,15528,15528,2,0
2023-02-24 15:13:21,15528,15528,15528,2,0
2023-02-24 15:13:21,15528,15528,15528,2,0
2023-02-24 15:13:23,15527,15527,15527,2,-2
2023-02-24 15:13:24,15527,15527,15527,6,0
2023-02-24 15:13:24,15527,15527,15527,2,0
2023-02-24 15:13:24,15527,15527,15527,2,0
2023-02-24 15:13:24,15527,15527,15527,6,0
2023-02-24 15:13:24,15527,15527,15527,2,0
2023-02-24 15:13:24,15527,15527,15527,2,0
2023-02-24 15:13:27,15526,15526,15526,2,-2
2023-02-24 15:13:27,15526,15526,15526,6,0
2023-02-24 15:13:27,15526,15526,15526,2,0
2023-02-24 15:13:27,15526,15526,15526,2,0
2023-02-24 15:13:27,15526,15526,15526,2,0
2023-02-24 15:13:27,15526,15526,15526,2,0
2023-02-24 15:13:28,15526,15526,15526,2,0
2023-02-24 15:13:28,15526,15526,15526,2,0
2023-02-24 15:13:28,15526,15526,15526,2,0
2023-02-24 15:13:28,15526,15526,15526,4,0
2023-02-24 15:13:28,15526,15526,15526,2,0
2023-02-24 15:13:28,15526,15526,15526,2,0
2023-02-24 15:13:28,15526,15526,15526,2,0
2023-02-24 15:13:28,15526,15526,15526,2,0
2023-02-24 15:13:28,15526,15526,15526,2,0
2023-02-24 15:13:28,15526,15526,15526,2,0
2023-02-24 15:13:28,15526,15526,15526,2,0
2023-02-24 15:13:28,15526,15526,15526,2,0
2023-02-24 15:13:28,15526,15526,15526,12,0
2023-02-24 15:13:28,15526,15526,15526,2,0
2023-02-24 15:13:28,15525,15525,15525,2,-2
2023-02-24 15:13:28,15525,15525,15525,2,0
2023-02-24 15:13:28,15525,15525,15525,2,0
2023-02-24 15:13:28,15525,15525,15525,2,0
2023-02-24 15:13:28,15525,15525,15525,2,0
2023-02-24 15:13:28,15525,15525,15525,2,0
2023-02-24 15:13:28,15525,15525,15525,4,0
2023-02-24 15:13:28,15525,15525,15525,2,0
2023-02-24 15:13:28,15525,15525,15525,2,0
2023-02-24 15:13:28,15525,15525,15525,2,0
2023-02-24 15:13:28,15525,15525,15525,2,0
2023-02-24 15:13:28,15525,15525,15525,2,0
2023-02-24 15:13:28,15525,15525,15525,2,0
2023-02-24 15:13:28,15525,15525,15525,2,0
2023-02-24 15:13:28,15525,15525,15525,4,0
2023-02-24 15:13:28,15525,15525,15525,2,0
2023-02-24 15:13:28,15525,15525,15525,2,0
2023-02-24 15:13:28,15525,15525,15525,2,0
2023-02-24 15:13:28,15525,15525,15525,2,0
2023-02-24 15:13:28,15525,15525,15525,2,0
2023-02-24 15:13:28,15525,15525,15525,2,0
2023-02-24 15:13:28,15524,15524,15524,4,-4
2023-02-24 15:13:28,15525,15525,15525,2,2
2023-02-24 15:13:28,15526,15526,15526,2,2
2023-02-24 15:13:28,15524,15524,15524,6,-6
2023-02-24 15:13:28,15524,15524,15524,2,0
2023-02-24 15:13:28,15524,15524,15524,2,0
2023-02-24 15:13:28,15524,15524,15524,2,0
2023-02-24 15:13:28,15524,15524,15524,2,0
2023-02-24 15:13:28,15524,15524,15524,2,0
2023-02-24 15:13:28,15524,15524,15524,2,0
2023-02-24 15:13:28,15524,15524,15524,2,0
2023-02-24 15:13:28,15524,15524,15524,4,0
2023-02-24 15:13:28,15524,15524,15524,2,0
2023-02-24 15:13:28,15524,15524,15524,2,0
2023-02-24 15:13:28,15524,15524,15524,2,0
2023-02-24 15:13:28,15524,15524,15524,4,0
2023-02-24 15:13:28,15523,15523,15523,2,-2
2023-02-24 15:13:28,15523,15523,15523,2,0
2023-02-24 15:13:28,15523,15523,15523,2,0
2023-02-24 15:13:28,15523,15523,15523,2,0
2023-02-24 15:13:28,15524,15524,15524,2,2
2023-02-24 15:13:28,15524,15524,15524,2,0
2023-02-24 15:13:28,15524,15524,15524,2,0
2023-02-24 15:13:28,15524,15524,15524,2,0
2023-02-24 15:13:28,15524,15524,15524,2,0
2023-02-24 15:13:28,15524,15524,15524,2,0
2023-02-24 15:13:28,15524,15524,15524,2,0
2023-02-24 15:13:28,15524,15524,15524,2,0
2023-02-24 15:13:28,15524,15524,15524,2,0
2023-02-24 15:13:28,15525,15525,15525,2,2
2023-02-24 15:13:28,15526,15526,15526,2,2
2023-02-24 15:13:28,15525,15525,15525,2,-2
2023-02-24 15:13:28,15525,15525,15525,2,0
2023-02-24 15:13:28,15524,15524,15524,2,-2
2023-02-24 15:13:28,15525,15525,15525,2,2
2023-02-24 15:13:28,15524,15524,15524,2,-2
2023-02-24 15:13:28,15524,15524,15524,2,0
2023-02-24 15:13:28,15524,15524,15524,2,0
2023-02-24 15:13:28,15524,15524,15524,2,0
2023-02-24 15:13:28,15524,15524,15524,2,0
2023-02-24 15:13:28,15524,15524,15524,2,0
2023-02-24 15:13:29,15524,15524,15524,2,0
2023-02-24 15:13:30,15526,15526,15526,2,2
2023-02-24 15:13:30,15525,15525,15525,2,-2
2023-02-24 15:13:31,15524,15524,15524,2,-2
2023-02-24 15:13:31,15524,15524,15524,2,0
2023-02-24 15:13:35,15524,15524,15524,2,0
2023-02-24 15:13:35,15524,15524,15524,2,0
2023-02-24 15:13:35,15524,15524,15524,2,0
2023-02-24 15:13:36,15525,15525,15525,4,4
2023-02-24 15:13:38,15524,15524,15524,2,-2
2023-02-24 15:13:39,15524,15524,15524,2,0
2023-02-24 15:13:39,15525,15525,15525,2,2
2023-02-24 15:13:39,15526,15526,15526,2,2
2023-02-24 15:13:40,15524,15524,15524,2,-2
2023-02-24 15:13:40,15524,15524,15524,2,0
2023-02-24 15:13:41,15525,15525,15525,2,2
2023-02-24 15:13:42,15525,15525,15525,2,0
2023-02-24 15:13:44,15525,15525,15525,2,0
2023-02-24 15:13:45,15525,15525,15525,2,0
2023-02-24 15:13:47,15526,15526,15526,4,4
2023-02-24 15:13:48,15525,15525,15525,2,-2
2023-02-24 15:13:49,15525,15525,15525,2,0
2023-02-24 15:13:51,15526,15526,15526,2,2
2023-02-24 15:13:52,15525,15525,15525,2,-2
2023-02-24 15:13:53,15526,15526,15526,2,2
2023-02-24 15:13:55,15526,15526,15526,2,0
2023-02-24 15:13:56,15526,15526,15526,2,0
2023-02-24 15:13:57,15526,15526,15526,2,0
2023-02-24 15:13:58,15526,15526,15526,2,0
2023-02-24 15:13:59,15526,15526,15526,2,0
2023-02-24 15:13:59,15526,15526,15526,2,0
2023-02-24 15:14:00,15526,15526,15526,2,0
2023-02-24 15:14:02,15526,15526,15526,2,0
2023-02-24 15:14:02,15526,15526,15526,2,0
2023-02-24 15:14:02,15526,15526,15526,2,0
2023-02-24 15:14:02,15526,15526,15526,2,0
2023-02-24 15:14:03,15526,15526,15526,2,0
2023-02-24 15:14:03,15526,15526,15526,2,0
2023-02-24 15:14:04,15526,15526,15526,2,0
2023-02-24 15:14:06,15525,15525,15525,2,-2
2023-02-24 15:14:07,15525,15525,15525,2,0
2023-02-24 15:14:08,15525,15525,15525,2,0
2023-02-24 15:14:08,15525,15525,15525,2,0
2023-02-24 15:14:09,15525,15525,15525,4,0
2023-02-24 15:14:10,15525,15525,15525,2,0
2023-02-24 15:14:10,15525,15525,15525,2,0
2023-02-24 15:14:12,15525,15525,15525,2,0
2023-02-24 15:14:12,15525,15525,15525,2,0
2023-02-24 15:14:13,15525,15525,15525,6,0
2023-02-24 15:14:13,15525,15525,15525,4,0
2023-02-24 15:14:13,15525,15525,15525,2,0
2023-02-24 15:14:13,15525,15525,15525,2,0
2023-02-24 15:14:13,15525,15525,15525,2,0
2023-02-24 15:14:13,15525,15525,15525,2,0
2023-02-24 15:14:13,15525,15525,15525,2,0
2023-02-24 15:14:13,15525,15525,15525,2,0
2023-02-24 15:14:13,15525,15525,15525,4,0
2023-02-24 15:14:13,15525,15525,15525,2,0
2023-02-24 15:14:13,15525,15525,15525,10,0
2023-02-24 15:14:17,15525,15525,15525,2,0
2023-02-24 15:14:20,15524,15524,15524,2,-2
2023-02-24 15:14:20,15525,15525,15525,2,2
2023-02-24 15:14:24,15524,15524,15524,2,-2
2023-02-24 15:14:24,15525,15525,15525,2,2
2023-02-24 15:14:24,15524,15524,15524,2,-2
2023-02-24 15:14:26,15524,15524,15524,2,0
2023-02-24 15:14:26,15524,15524,15524,2,0
2023-02-24 15:14:28,15524,15524,15524,2,0
2023-02-24 15:14:29,15525,15525,15525,18,18
2023-02-24 15:14:31,15524,15524,15524,2,-2
2023-02-24 15:14:35,15524,15524,15524,2,0
2023-02-24 15:14:44,15524,15524,15524,8,0
2023-02-24 15:14:44,15524,15524,15524,2,0
2023-02-24 15:14:44,15524,15524,15524,2,0
2023-02-24 15:14:44,15524,15524,15524,2,0
2023-02-24 15:14:44,15524,15524,15524,2,0
2023-02-24 15:14:44,15524,15524,15524,2,0
2023-02-24 15:14:44,15524,15524,15524,2,0
2023-02-24 15:14:48,15524,15524,15524,2,0
2023-02-24 15:14:48,15524,15524,15524,4,0
2023-02-24 15:14:48,15524,15524,15524,2,0
2023-02-24 15:14:48,15524,15524,15524,2,0
2023-02-24 15:14:55,15524,15524,15524,2,0
2023-02-24 15:14:57,15523,15523,15523,2,-2
2023-02-24 15:14:57,15523,15523,15523,8,0
2023-02-24 15:14:57,15523,15523,15523,10,0
2023-02-24 15:14:57,15523,15523,15523,2,0
2023-02-24 15:14:57,15523,15523,15523,4,0
2023-02-24 15:14:57,15523,15523,15523,2,0
2023-02-24 15:14:57,15523,15523,15523,20,0
2023-02-24 15:14:57,15523,15523,15523,6,0
2023-02-24 15:14:57,15523,15523,15523,2,0
2023-02-24 15:14:57,15523,15523,15523,2,0
2023-02-24 15:14:57,15523,15523,15523,2,0
2023-02-24 15:14:57,15523,15523,15523,2,0
2023-02-24 15:15:02,15522,15522,15522,2,-2
2023-02-24 15:15:02,15522,15522,15522,10,0
2023-02-24 15:15:02,15522,15522,15522,2,0
2023-02-24 15:15:02,15522,15522,15522,2,0
2023-02-24 15:15:02,15522,15522,15522,2,0
2023-02-24 15:15:02,15522,15522,15522,2,0
2023-02-24 15:15:02,15522,15522,15522,4,0
2023-02-24 15:15:02,15522,15522,15522,2,0
2023-02-24 15:15:02,15522,15522,15522,2,0
2023-02-24 15:15:02,15522,15522,15522,4,0
2023-02-24 15:15:02,15522,15522,15522,2,0
2023-02-24 15:15:02,15522,15522,15522,2,0
2023-02-24 15:15:02,15522,15522,15522,4,0
2023-02-24 15:15:02,15522,15522,15522,2,0
2023-02-24 15:15:02,15522,15522,15522,4,0
2023-02-24 15:15:02,15522,15522,15522,2,0
2023-02-24 15:15:02,15522,15522,15522,2,0
2023-02-24 15:15:02,15522,15522,15522,2,0
2023-02-24 15:15:02,15522,15522,15522,2,0
2023-02-24 15:15:02,15522,15522,15522,2,0
2023-02-24 15:15:02,15522,15522,15522,2,0
2023-02-24 15:15:02,15522,15522,15522,2,0
2023-02-24 15:15:02,15522,15522,15522,2,0
2023-02-24 15:15:02,15522,15522,15522,2,0
2023-02-24 15:15:02,15522,15522,15522,2,0
2023-02-24 15:15:02,15521,15521,15521,2,-2
2023-02-24 15:15:02,15521,15521,15521,8,0
2023-02-24 15:15:02,15521,15521,15521,2,0
2023-02-24 15:15:02,15521,15521,15521,4,0
2023-02-24 15:15:02,15521,15521,15521,2,0
2023-02-24 15:15:02,15521,15521,15521,2,0
2023-02-24 15:15:02,15521,15521,15521,2,0
2023-02-24 15:15:02,15521,15521,15521,2,0
2023-02-24 15:15:02,15521,15521,15521,16,0
2023-02-24 15:15:02,15521,15521,15521,2,0
2023-02-24 15:15:02,15521,15521,15521,2,0
2023-02-24 15:15:02,15521,15521,15521,2,0
2023-02-24 15:15:02,15521,15521,15521,2,0
2023-02-24 15:15:02,15521,15521,15521,2,0
2023-02-24 15:15:02,15521,15521,15521,2,0
2023-02-24 15:15:02,15521,15521,15521,2,0
2023-02-24 15:15:02,15521,15521,15521,2,0
2023-02-24 15:15:02,15521,15521,15521,2,0
2023-02-24 15:15:02,15521,15521,15521,2,0
2023-02-24 15:15:02,15521,15521,15521,2,0
2023-02-24 15:15:02,15521,15521,15521,2,0
2023-02-24 15:15:02,15521,15521,15521,2,0
2023-02-24 15:15:02,15521,15521,15521,2,0
2023-02-24 15:15:02,15520,15520,15520,2,-2
2023-02-24 15:15:02,15520,15520,15520,2,0
2023-02-24 15:15:02,15520,15520,15520,2,0
2023-02-24 15:15:02,15520,15520,15520,2,0
2023-02-24 15:15:02,15520,15520,15520,2,0
2023-02-24 15:15:02,15520,15520,15520,4,0
2023-02-24 15:15:02,15520,15520,15520,2,0
2023-02-24 15:15:02,15520,15520,15520,2,0
2023-02-24 15:15:02,15520,15520,15520,2,0
2023-02-24 15:15:02,15520,15520,15520,6,0
2023-02-24 15:15:02,15520,15520,15520,2,0
2023-02-24 15:15:02,15520,15520,15520,2,0
2023-02-24 15:15:02,15520,15520,15520,8,0
2023-02-24 15:15:02,15520,15520,15520,4,0
2023-02-24 15:15:02,15520,15520,15520,2,0
2023-02-24 15:15:02,15520,15520,15520,2,0
2023-02-24 15:15:02,15520,15520,15520,6,0
2023-02-24 15:15:02,15520,15520,15520,2,0
2023-02-24 15:15:02,15520,15520,15520,2,0
2023-02-24 15:15:02,15520,15520,15520,2,0
2023-02-24 15:15:02,15520,15520,15520,4,0
2023-02-24 15:15:02,15520,15520,15520,2,0
2023-02-24 15:15:02,15520,15520,15520,2,0
2023-02-24 15:15:02,15520,15520,15520,2,0
2023-02-24 15:15:02,15519,15519,15519,2,-2
2023-02-24 15:15:02,15519,15519,15519,2,0
2023-02-24 15:15:02,15519,15519,15519,2,0
2023-02-24 15:15:02,15519,15519,15519,2,0
2023-02-24 15:15:02,15520,15520,15520,2,2
2023-02-24 15:15:02,15519,15519,15519,2,-2
2023-02-24 15:15:02,15519,15519,15519,4,0
2023-02-24 15:15:02,15519,15519,15519,2,0
2023-02-24 15:15:02,15519,15519,15519,2,0
2023-02-24 15:15:02,15521,15521,15521,2,2
2023-02-24 15:15:02,15521,15521,15521,4,0
2023-02-24 15:15:02,15520,15520,15520,2,-2
2023-02-24 15:15:02,15521,15521,15521,2,2
2023-02-24 15:15:02,15521,15521,15521,4,0
2023-02-24 15:15:02,15520,15520,15520,2,-2
2023-02-24 15:15:02,15520,15520,15520,2,0
2023-02-24 15:15:02,15520,15520,15520,2,0
2023-02-24 15:15:02,15520,15520,15520,2,0
2023-02-24 15:15:03,15520,15520,15520,2,0
2023-02-24 15:15:03,15520,15520,15520,2,0
2023-02-24 15:15:03,15520,15520,15520,2,0
2023-02-24 15:15:03,15520,15520,15520,2,0
2023-02-24 15:15:03,15520,15520,15520,2,0
2023-02-24 15:15:03,15520,15520,15520,2,0
2023-02-24 15:15:03,15520,15520,15520,4,0
2023-02-24 15:15:03,15520,15520,15520,2,0
2023-02-24 15:15:03,15520,15520,15520,2,0
2023-02-24 15:15:03,15520,15520,15520,2,0
2023-02-24 15:15:04,15521,15521,15521,4,4
2023-02-24 15:15:05,15520,15520,15520,2,-2
2023-02-24 15:15:05,15520,15520,15520,2,0
2023-02-24 15:15:05,15520,15520,15520,2,0
2023-02-24 15:15:06,15521,15521,15521,2,2
2023-02-24 15:15:06,15521,15521,15521,2,0
2023-02-24 15:15:06,15521,15521,15521,2,0
2023-02-24 15:15:06,15521,15521,15521,2,0
2023-02-24 15:15:07,15521,15521,15521,2,0
2023-02-24 15:15:07,15522,15522,15522,2,2
2023-02-24 15:15:10,15522,15522,15522,2,0
2023-02-24 15:15:11,15522,15522,15522,2,0
2023-02-24 15:15:11,15523,15523,15523,8,8
2023-02-24 15:15:12,15524,15524,15524,2,2
2023-02-24 15:15:13,15524,15524,15524,2,0
2023-02-24 15:15:13,15523,15523,15523,2,-2
2023-02-24 15:15:16,15524,15524,15524,2,2
2023-02-24 15:15:17,15524,15524,15524,2,0
2023-02-24 15:15:19,15523,15523,15523,2,-2
2023-02-24 15:15:20,15524,15524,15524,2,2
2023-02-24 15:15:21,15525,15525,15525,2,2
2023-02-24 15:15:21,15524,15524,15524,6,-6
2023-02-24 15:15:23,15524,15524,15524,4,0
2023-02-24 15:15:24,15523,15523,15523,2,-2
2023-02-24 15:15:25,15523,15523,15523,2,0
2023-02-24 15:15:29,15523,15523,15523,2,0
2023-02-24 15:15:35,15523,15523,15523,2,0
2023-02-24 15:15:35,15524,15524,15524,2,2
2023-02-24 15:15:40,15523,15523,15523,2,-2
2023-02-24 15:15:40,15524,15524,15524,2,2
2023-02-24 15:15:40,15523,15523,15523,2,-2
2023-02-24 15:15:42,15524,15524,15524,2,2
2023-02-24 15:15:45,15524,15524,15524,2,0
2023-02-24 15:15:47,15524,15524,15524,2,0
2023-02-24 15:15:49,15524,15524,15524,2,0
2023-02-24 15:15:51,15524,15524,15524,2,0
2023-02-24 15:15:51,15524,15524,15524,2,0
2023-02-24 15:15:53,15523,15523,15523,2,-2
2023-02-24 15:15:55,15523,15523,15523,2,0
2023-02-24 15:15:56,15523,15523,15523,2,0
2023-02-24 15:15:58,15523,15523,15523,2,0
2023-02-24 15:16:00,15523,15523,15523,2,0
2023-02-24 15:16:00,15524,15524,15524,2,2
2023-02-24 15:16:00,15525,15525,15525,2,2
2023-02-24 15:16:00,15524,15524,15524,2,-2
2023-02-24 15:16:02,15524,15524,15524,2,0
2023-02-24 15:16:05,15524,15524,15524,2,0
2023-02-24 15:16:07,15524,15524,15524,2,0
2023-02-24 15:16:09,15524,15524,15524,2,0
2023-02-24 15:16:11,15524,15524,15524,2,0
2023-02-24 15:16:11,15525,15525,15525,4,4
2023-02-24 15:16:11,15525,15525,15525,4,0
2023-02-24 15:16:17,15524,15524,15524,2,-2
2023-02-24 15:16:17,15523,15523,15523,2,-2
2023-02-24 15:16:19,15525,15525,15525,4,4
2023-02-24 15:16:20,15524,15524,15524,2,-2
2023-02-24 15:16:20,15525,15525,15525,2,2
2023-02-24 15:16:25,15524,15524,15524,2,-2
2023-02-24 15:16:26,15525,15525,15525,2,2
2023-02-24 15:16:28,15524,15524,15524,2,-2
2023-02-24 15:16:28,15525,15525,15525,4,4
2023-02-24 15:16:29,15526,15526,15526,2,2
2023-02-24 15:16:31,15526,15526,15526,2,0
2023-02-24 15:16:33,15525,15525,15525,2,-2
2023-02-24 15:16:34,15526,15526,15526,2,2
2023-02-24 15:16:35,15526,15526,15526,2,0
2023-02-24 15:16:36,15526,15526,15526,2,0
2023-02-24 15:16:37,15527,15527,15527,10,10
2023-02-24 15:16:38,15527,15527,15527,2,0
2023-02-24 15:16:40,15527,15527,15527,2,0
2023-02-24 15:16:42,15527,15527,15527,2,0
2023-02-24 15:16:43,15528,15528,15528,4,4
2023-02-24 15:16:43,15527,15527,15527,2,-2
2023-02-24 15:16:47,15527,15527,15527,2,0
2023-02-24 15:16:48,15527,15527,15527,2,0
2023-02-24 15:16:48,15527,15527,15527,2,0
2023-02-24 15:16:51,15527,15527,15527,2,0
2023-02-24 15:16:52,15527,15527,15527,8,0
2023-02-24 15:16:58,15526,15526,15526,2,-2
2023-02-24 15:16:59,15527,15527,15527,2,2
2023-02-24 15:16:59,15526,15526,15526,2,-2
2023-02-24 15:16:59,15525,15525,15525,2,-2
2023-02-24 15:16:59,15525,15525,15525,2,0
2023-02-24 15:16:59,15525,15525,15525,2,0
2023-02-24 15:16:59,15525,15525,15525,2,0
2023-02-24 15:16:59,15525,15525,15525,4,0
2023-02-24 15:16:59,15525,15525,15525,2,0
2023-02-24 15:16:59,15525,15525,15525,2,0
2023-02-24 15:16:59,15525,15525,15525,2,0
2023-02-24 15:16:59,15525,15525,15525,4,0
2023-02-24 15:16:59,15525,15525,15525,2,0
2023-02-24 15:16:59,15525,15525,15525,2,0
2023-02-24 15:16:59,15525,15525,15525,2,0
2023-02-24 15:17:04,15525,15525,15525,2,0
2023-02-24 15:17:10,15525,15525,15525,2,0
2023-02-24 15:17:10,15525,15525,15525,2,0
2023-02-24 15:17:11,15525,15525,15525,2,0
2023-02-24 15:17:11,15525,15525,15525,2,0
2023-02-24 15:17:15,15525,15525,15525,2,0
2023-02-24 15:17:15,15526,15526,15526,4,4
2023-02-24 15:17:15,15526,15526,15526,2,0
2023-02-24 15:17:17,15525,15525,15525,2,-2
2023-02-24 15:17:18,15524,15524,15524,2,-2
2023-02-24 15:17:20,15524,15524,15524,2,0
2023-02-24 15:17:20,15525,15525,15525,8,8
2023-02-24 15:17:22,15525,15525,15525,2,0
2023-02-24 15:17:27,15524,15524,15524,2,-2
2023-02-24 15:17:29,15524,15524,15524,2,0
2023-02-24 15:17:29,15524,15524,15524,2,0
2023-02-24 15:17:31,15523,15523,15523,2,-2
2023-02-24 15:17:34,15524,15524,15524,2,2
2023-02-24 15:17:35,15523,15523,15523,2,-2
2023-02-24 15:17:37,15523,15523,15523,2,0
2023-02-24 15:17:37,15523,15523,15523,2,0
2023-02-24 15:17:37,15523,15523,15523,2,0
2023-02-24 15:17:37,15523,15523,15523,16,0
2023-02-24 15:17:37,15523,15523,15523,10,0
2023-02-24 15:17:37,15523,15523,15523,2,0
2023-02-24 15:17:37,15523,15523,15523,2,0
2023-02-24 15:17:37,15523,15523,15523,2,0
2023-02-24 15:17:37,15523,15523,15523,2,0
2023-02-24 15:17:42,15522,15522,15522,2,-2
2023-02-24 15:17:44,15522,15522,15522,2,0
2023-02-24 15:17:45,15522,15522,15522,2,0
2023-02-24 15:17:45,15523,15523,15523,2,2
2023-02-24 15:17:46,15523,15523,15523,2,0
2023-02-24 15:17:47,15523,15523,15523,2,0
2023-02-24 15:17:51,15523,15523,15523,4,0
2023-02-24 15:17:55,15523,15523,15523,4,0
2023-02-24 15:17:56,15523,15523,15523,2,0
2023-02-24 15:17:56,15523,15523,15523,2,0
2023-02-24 15:17:56,15523,15523,15523,2,0
2023-02-24 15:17:58,15523,15523,15523,6,0
2023-02-24 15:17:59,15523,15523,15523,2,0
2023-02-24 15:17:59,15522,15522,15522,2,-2
2023-02-24 15:17:59,15522,15522,15522,2,0
2023-02-24 15:17:59,15522,15522,15522,2,0
2023-02-24 15:17:59,15522,15522,15522,2,0
2023-02-24 15:17:59,15522,15522,15522,4,0
2023-02-24 15:17:59,15522,15522,15522,2,0
2023-02-24 15:18:01,15522,15522,15522,2,0
2023-02-24 15:18:01,15522,15522,15522,2,0
2023-02-24 15:18:02,15523,15523,15523,10,10
2023-02-24 15:18:03,15522,15522,15522,2,-2
2023-02-24 15:18:03,15523,15523,15523,4,4
2023-02-24 15:18:07,15523,15523,15523,6,0
2023-02-24 15:18:08,15523,15523,15523,4,0
2023-02-24 15:18:11,15523,15523,15523,10,0
2023-02-24 15:18:12,15522,15522,15522,2,-2
2023-02-24 15:18:12,15522,15522,15522,2,0
2023-02-24 15:18:13,15523,15523,15523,10,10
2023-02-24 15:18:15,15523,15523,15523,10,0
2023-02-24 15:18:18,15522,15522,15522,2,-2
2023-02-24 15:18:19,15523,15523,15523,2,2
2023-02-24 15:18:20,15522,15522,15522,2,-2
2023-02-24 15:18:22,15522,15522,15522,2,0
2023-02-24 15:18:23,15522,15522,15522,2,0
2023-02-24 15:18:24,15522,15522,15522,2,0
2023-02-24 15:18:24,15522,15522,15522,2,0
2023-02-24 15:18:28,15522,15522,15522,2,0
2023-02-24 15:18:29,15522,15522,15522,2,0
2023-02-24 15:18:30,15523,15523,15523,6,6
2023-02-24 15:18:32,15523,15523,15523,2,0
2023-02-24 15:18:32,15523,15523,15523,2,0
2023-02-24 15:18:33,15523,15523,15523,2,0
2023-02-24 15:18:33,15523,15523,15523,2,0
2023-02-24 15:18:35,15522,15522,15522,2,-2
2023-02-24 15:18:36,15523,15523,15523,6,6
2023-02-24 15:18:36,15523,15523,15523,6,0
2023-02-24 15:18:37,15523,15523,15523,2,0
2023-02-24 15:18:37,15524,15524,15524,6,6
2023-02-24 15:18:39,15522,15522,15522,2,-2
2023-02-24 15:18:39,15523,15523,15523,2,2
2023-02-24 15:18:42,15523,15523,15523,2,0
2023-02-24 15:18:45,15523,15523,15523,2,0
2023-02-24 15:18:47,15523,15523,15523,4,0
2023-02-24 15:18:49,15523,15523,15523,2,0
2023-02-24 15:18:51,15522,15522,15522,2,-2
2023-02-24 15:18:51,15523,15523,15523,2,2
2023-02-24 15:18:59,15522,15522,15522,2,-2
2023-02-24 15:18:59,15522,15522,15522,2,0
2023-02-24 15:19:01,15522,15522,15522,4,0
2023-02-24 15:19:01,15522,15522,15522,2,0
2023-02-24 15:19:09,15523,15523,15523,10,10
2023-02-24 15:19:09,15522,15522,15522,2,-2
2023-02-24 15:19:11,15523,15523,15523,2,2
2023-02-24 15:19:13,15523,15523,15523,2,0
2023-02-24 15:19:15,15523,15523,15523,2,0
2023-02-24 15:19:16,15523,15523,15523,2,0
2023-02-24 15:19:19,15523,15523,15523,2,0
2023-02-24 15:19:19,15524,15524,15524,2,2
2023-02-24 15:19:19,15524,15524,15524,2,0
2023-02-24 15:19:21,15524,15524,15524,4,0
2023-02-24 15:19:21,15524,15524,15524,2,0
2023-02-24 15:19:21,15524,15524,15524,2,0
2023-02-24 15:19:23,15524,15524,15524,2,0
2023-02-24 15:19:24,15524,15524,15524,2,0
2023-02-24 15:19:24,15524,15524,15524,2,0
2023-02-24 15:19:25,15524,15524,15524,2,0
2023-02-24 15:19:26,15524,15524,15524,2,0
2023-02-24 15:19:28,15524,15524,15524,2,0
2023-02-24 15:19:29,15524,15524,15524,2,0
2023-02-24 15:19:31,15524,15524,15524,2,0
2023-02-24 15:19:32,15524,15524,15524,2,0
2023-02-24 15:19:33,15524,15524,15524,2,0
2023-02-24 15:19:34,15524,15524,15524,2,0
2023-02-24 15:19:35,15524,15524,15524,2,0
2023-02-24 15:19:36,15524,15524,15524,2,0
2023-02-24 15:19:36,15523,15523,15523,4,-4
2023-02-24 15:19:36,15523,15523,15523,2,0
2023-02-24 15:19:37,15524,15524,15524,2,2
2023-02-24 15:19:37,15524,15524,15524,2,0
2023-02-24 15:19:38,15524,15524,15524,2,0
2023-02-24 15:19:40,15524,15524,15524,2,0
2023-02-24 15:19:41,15524,15524,15524,2,0
2023-02-24 15:19:55,15523,15523,15523,4,-4
2023-02-24 15:20:00,15523,15523,15523,2,0
2023-02-24 15:20:01,15523,15523,15523,2,0
2023-02-24 15:20:01,15523,15523,15523,2,0
2023-02-24 15:20:01,15523,15523,15523,2,0
2023-02-24 15:20:05,15522,15522,15522,2,-2
2023-02-24 15:20:08,15522,15522,15522,2,0
2023-02-24 15:20:08,15523,15523,15523,2,2
2023-02-24 15:20:15,15522,15522,15522,2,-2
2023-02-24 15:20:15,15522,15522,15522,2,0
2023-02-24 15:20:36,15522,15522,15522,2,0
2023-02-24 15:20:36,15522,15522,15522,2,0
2023-02-24 15:20:36,15522,15522,15522,2,0
2023-02-24 15:20:36,15522,15522,15522,2,0
2023-02-24 15:20:36,15522,15522,15522,2,0
2023-02-24 15:20:36,15521,15521,15521,2,-2
2023-02-24 15:20:36,15521,15521,15521,2,0
2023-02-24 15:20:36,15521,15521,15521,2,0
2023-02-24 15:20:37,15521,15521,15521,4,0
2023-02-24 15:20:37,15521,15521,15521,2,0
2023-02-24 15:20:37,15521,15521,15521,4,0
2023-02-24 15:20:37,15521,15521,15521,2,0
2023-02-24 15:20:37,15521,15521,15521,2,0
2023-02-24 15:20:37,15521,15521,15521,2,0
2023-02-24 15:20:37,15521,15521,15521,2,0
2023-02-24 15:20:37,15521,15521,15521,4,0
2023-02-24 15:20:37,15521,15521,15521,4,0
2023-02-24 15:20:37,15521,15521,15521,2,0
2023-02-24 15:20:37,15521,15521,15521,4,0
2023-02-24 15:20:37,15521,15521,15521,4,0
2023-02-24 15:20:37,15521,15521,15521,2,0
2023-02-24 15:20:37,15521,15521,15521,2,0
2023-02-24 15:20:37,15521,15521,15521,2,0
2023-02-24 15:20:37,15521,15521,15521,2,0
2023-02-24 15:20:37,15521,15521,15521,2,0
2023-02-24 15:20:37,15521,15521,15521,2,0
2023-02-24 15:20:42,15520,15520,15520,2,-2
2023-02-24 15:20:42,15520,15520,15520,2,0
2023-02-24 15:20:42,15520,15520,15520,2,0
2023-02-24 15:20:44,15520,15520,15520,2,0
2023-02-24 15:20:44,15521,15521,15521,2,2
2023-02-24 15:20:45,15520,15520,15520,2,-2
2023-02-24 15:20:46,15520,15520,15520,2,0
2023-02-24 15:20:46,15520,15520,15520,2,0
2023-02-24 15:20:47,15520,15520,15520,2,0
2023-02-24 15:20:47,15520,15520,15520,2,0
2023-02-24 15:20:48,15520,15520,15520,2,0
2023-02-24 15:20:48,15520,15520,15520,2,0
2023-02-24 15:20:48,15520,15520,15520,2,0
2023-02-24 15:20:49,15520,15520,15520,2,0
2023-02-24 15:20:49,15520,15520,15520,2,0
2023-02-24 15:20:49,15520,15520,15520,2,0
2023-02-24 15:20:49,15520,15520,15520,4,0
2023-02-24 15:20:49,15520,15520,15520,2,0
2023-02-24 15:20:49,15520,15520,15520,2,0
2023-02-24 15:20:49,15520,15520,15520,2,0
2023-02-24 15:20:49,15520,15520,15520,2,0
2023-02-24 15:20:49,15520,15520,15520,2,0
2023-02-24 15:20:49,15520,15520,15520,2,0
2023-02-24 15:20:49,15520,15520,15520,2,0
2023-02-24 15:20:49,15520,15520,15520,2,0
2023-02-24 15:20:49,15520,15520,15520,2,0
2023-02-24 15:20:49,15520,15520,15520,2,0
2023-02-24 15:20:49,15520,15520,15520,2,0
2023-02-24 15:20:49,15520,15520,15520,2,0
2023-02-24 15:20:49,15520,15520,15520,2,0
2023-02-24 15:20:54,15519,15519,15519,2,-2
2023-02-24 15:20:54,15519,15519,15519,2,0
2023-02-24 15:20:54,15519,15519,15519,2,0
2023-02-24 15:20:56,15519,15519,15519,2,0
2023-02-24 15:20:56,15520,15520,15520,2,2
2023-02-24 15:20:59,15520,15520,15520,2,0
2023-02-24 15:21:00,15520,15520,15520,2,0
2023-02-24 15:21:00,15520,15520,15520,2,0
2023-02-24 15:21:01,15519,15519,15519,2,-2
2023-02-24 15:21:01,15519,15519,15519,2,0
2023-02-24 15:21:01,15519,15519,15519,18,0
2023-02-24 15:21:01,15519,15519,15519,2,0
2023-02-24 15:21:01,15519,15519,15519,2,0
2023-02-24 15:21:01,15519,15519,15519,2,0
2023-02-24 15:21:01,15519,15519,15519,2,0
2023-02-24 15:21:01,15519,15519,15519,4,0
2023-02-24 15:21:01,15519,15519,15519,2,0
2023-02-24 15:21:01,15519,15519,15519,2,0
2023-02-24 15:21:01,15519,15519,15519,2,0
2023-02-24 15:21:01,15519,15519,15519,20,0
2023-02-24 15:21:01,15519,15519,15519,2,0
2023-02-24 15:21:01,15518,15518,15518,2,-2
2023-02-24 15:21:01,15518,15518,15518,2,0
2023-02-24 15:21:01,15518,15518,15518,2,0
2023-02-24 15:21:01,15518,15518,15518,2,0
2023-02-24 15:21:01,15518,15518,15518,2,0
2023-02-24 15:21:02,15518,15518,15518,2,0
2023-02-24 15:21:02,15518,15518,15518,2,0
2023-02-24 15:21:02,15518,15518,15518,2,0
2023-02-24 15:21:02,15518,15518,15518,2,0
2023-02-24 15:21:02,15518,15518,15518,2,0
2023-02-24 15:21:02,15518,15518,15518,2,0
2023-02-24 15:21:02,15517,15517,15517,2,-2
2023-02-24 15:21:02,15517,15517,15517,2,0
2023-02-24 15:21:02,15517,15517,15517,2,0
2023-02-24 15:21:02,15517,15517,15517,2,0
2023-02-24 15:21:02,15517,15517,15517,2,0
2023-02-24 15:21:02,15517,15517,15517,4,0
2023-02-24 15:21:02,15517,15517,15517,2,0
2023-02-24 15:21:02,15517,15517,15517,2,0
2023-02-24 15:21:02,15517,15517,15517,2,0
2023-02-24 15:21:02,15517,15517,15517,2,0
2023-02-24 15:21:02,15516,15516,15516,2,-2
2023-02-24 15:21:02,15516,15516,15516,4,0
2023-02-24 15:21:02,15516,15516,15516,2,0
2023-02-24 15:21:02,15516,15516,15516,2,0
2023-02-24 15:21:02,15516,15516,15516,2,0
2023-02-24 15:21:02,15516,15516,15516,2,0
2023-02-24 15:21:02,15516,15516,15516,2,0
2023-02-24 15:21:02,15516,15516,15516,2,0
2023-02-24 15:21:02,15516,15516,15516,2,0
2023-02-24 15:21:02,15517,15517,15517,2,2
2023-02-24 15:21:02,15516,15516,15516,2,-2
2023-02-24 15:21:02,15517,15517,15517,2,2
2023-02-24 15:21:03,15517,15517,15517,2,0
2023-02-24 15:21:03,15517,15517,15517,2,0
2023-02-24 15:21:03,15517,15517,15517,2,0
2023-02-24 15:21:03,15517,15517,15517,2,0
2023-02-24 15:21:03,15516,15516,15516,2,-2
2023-02-24 15:21:03,15516,15516,15516,2,0
2023-02-24 15:21:06,15516,15516,15516,2,0
2023-02-24 15:21:06,15516,15516,15516,2,0
2023-02-24 15:21:06,15516,15516,15516,6,0
2023-02-24 15:21:06,15516,15516,15516,2,0
2023-02-24 15:21:06,15516,15516,15516,2,0
2023-02-24 15:21:06,15516,15516,15516,4,0
2023-02-24 15:21:06,15516,15516,15516,2,0
2023-02-24 15:21:06,15516,15516,15516,2,0
2023-02-24 15:21:06,15516,15516,15516,2,0
2023-02-24 15:21:08,15516,15516,15516,2,0
2023-02-24 15:21:08,15516,15516,15516,2,0
2023-02-24 15:21:08,15516,15516,15516,8,0
2023-02-24 15:21:08,15516,15516,15516,8,0
2023-02-24 15:21:08,15516,15516,15516,2,0
2023-02-24 15:21:08,15516,15516,15516,2,0
2023-02-24 15:21:08,15516,15516,15516,2,0
2023-02-24 15:21:10,15515,15515,15515,2,-2
2023-02-24 15:21:10,15515,15515,15515,2,0
2023-02-24 15:21:10,15515,15515,15515,2,0
2023-02-24 15:21:10,15515,15515,15515,2,0
2023-02-24 15:21:10,15515,15515,15515,2,0
2023-02-24 15:21:10,15515,15515,15515,2,0
2023-02-24 15:21:11,15515,15515,15515,2,0
2023-02-24 15:21:11,15515,15515,15515,2,0
2023-02-24 15:21:11,15515,15515,15515,2,0
2023-02-24 15:21:12,15515,15515,15515,2,0
2023-02-24 15:21:12,15515,15515,15515,2,0
2023-02-24 15:21:13,15515,15515,15515,2,0
2023-02-24 15:21:14,15515,15515,15515,2,0
2023-02-24 15:21:15,15515,15515,15515,2,0
2023-02-24 15:21:15,15515,15515,15515,2,0
2023-02-24 15:21:15,15515,15515,15515,2,0
2023-02-24 15:21:15,15515,15515,15515,2,0
2023-02-24 15:21:15,15515,15515,15515,2,0
2023-02-24 15:21:16,15514,15514,15514,2,-2
2023-02-24 15:21:16,15514,15514,15514,2,0
2023-02-24 15:21:16,15514,15514,15514,2,0
2023-02-24 15:21:16,15514,15514,15514,2,0
2023-02-24 15:21:16,15514,15514,15514,6,0
2023-02-24 15:21:16,15514,15514,15514,4,0
2023-02-24 15:21:16,15514,15514,15514,2,0
2023-02-24 15:21:16,15514,15514,15514,2,0
2023-02-24 15:21:16,15514,15514,15514,2,0
2023-02-24 15:21:16,15514,15514,15514,2,0
2023-02-24 15:21:16,15514,15514,15514,2,0
2023-02-24 15:21:16,15513,15513,15513,2,-2
2023-02-24 15:21:16,15513,15513,15513,2,0
2023-02-24 15:21:16,15513,15513,15513,2,0
2023-02-24 15:21:16,15513,15513,15513,2,0
2023-02-24 15:21:17,15514,15514,15514,2,2
2023-02-24 15:21:17,15513,15513,15513,2,-2
2023-02-24 15:21:17,15513,15513,15513,2,0
2023-02-24 15:21:17,15512,15512,15512,2,-2
2023-02-24 15:21:18,15513,15513,15513,2,2
2023-02-24 15:21:18,15512,15512,15512,2,-2
2023-02-24 15:21:19,15512,15512,15512,2,0
2023-02-24 15:21:19,15512,15512,15512,2,0
2023-02-24 15:21:21,15512,15512,15512,2,0
2023-02-24 15:21:21,15512,15512,15512,2,0
2023-02-24 15:21:21,15512,15512,15512,2,0
2023-02-24 15:21:23,15512,15512,15512,2,0
2023-02-24 15:21:23,15513,15513,15513,2,2
2023-02-24 15:21:25,15513,15513,15513,2,0
2023-02-24 15:21:26,15513,15513,15513,2,0
2023-02-24 15:21:26,15514,15514,15514,8,8
2023-02-24 15:21:27,15513,15513,15513,2,-2
2023-02-24 15:21:27,15514,15514,15514,2,2
2023-02-24 15:21:27,15513,15513,15513,2,-2
2023-02-24 15:21:28,15513,15513,15513,2,0
2023-02-24 15:21:31,15513,15513,15513,2,0
2023-02-24 15:21:31,15512,15512,15512,2,-2
2023-02-24 15:21:33,15512,15512,15512,2,0
2023-02-24 15:21:35,15512,15512,15512,2,0
2023-02-24 15:21:37,15512,15512,15512,2,0
2023-02-24 15:21:37,15512,15512,15512,2,0
2023-02-24 15:21:37,15512,15512,15512,2,0
2023-02-24 15:21:37,15512,15512,15512,4,0
2023-02-24 15:21:37,15512,15512,15512,2,0
2023-02-24 15:21:37,15512,15512,15512,6,0
2023-02-24 15:21:37,15512,15512,15512,2,0
2023-02-24 15:21:37,15512,15512,15512,2,0
2023-02-24 15:21:37,15512,15512,15512,2,0
2023-02-24 15:21:37,15511,15511,15511,2,-2
2023-02-24 15:21:37,15511,15511,15511,2,0
2023-02-24 15:21:37,15511,15511,15511,2,0
2023-02-24 15:21:37,15511,15511,15511,2,0
2023-02-24 15:21:37,15511,15511,15511,2,0
2023-02-24 15:21:37,15511,15511,15511,2,0
2023-02-24 15:21:37,15511,15511,15511,4,0
2023-02-24 15:21:37,15511,15511,15511,2,0
2023-02-24 15:21:37,15511,15511,15511,4,0
2023-02-24 15:21:37,15511,15511,15511,2,0
2023-02-24 15:21:37,15511,15511,15511,2,0
2023-02-24 15:21:37,15511,15511,15511,2,0
2023-02-24 15:21:37,15510,15510,15510,2,-2
2023-02-24 15:21:38,15510,15510,15510,2,0
2023-02-24 15:21:38,15510,15510,15510,2,0
2023-02-24 15:21:38,15510,15510,15510,2,0
2023-02-24 15:21:39,15512,15512,15512,6,6
2023-02-24 15:21:39,15511,15511,15511,2,-2
2023-02-24 15:21:40,15511,15511,15511,2,0
2023-02-24 15:21:40,15512,15512,15512,2,2
2023-02-24 15:21:41,15511,15511,15511,2,-2
2023-02-24 15:21:41,15511,15511,15511,2,0
2023-02-24 15:21:42,15511,15511,15511,2,0
2023-02-24 15:21:42,15511,15511,15511,2,0
2023-02-24 15:21:43,15511,15511,15511,2,0
2023-02-24 15:21:43,15511,15511,15511,2,0
2023-02-24 15:21:44,15512,15512,15512,2,2
2023-02-24 15:21:45,15512,15512,15512,2,0
2023-02-24 15:21:45,15512,15512,15512,2,0
2023-02-24 15:21:46,15512,15512,15512,2,0
2023-02-24 15:21:46,15512,15512,15512,2,0
2023-02-24 15:21:46,15512,15512,15512,2,0
2023-02-24 15:21:46,15511,15511,15511,2,-2
2023-02-24 15:21:46,15511,15511,15511,4,0
2023-02-24 15:21:46,15511,15511,15511,2,0
2023-02-24 15:21:46,15511,15511,15511,2,0
2023-02-24 15:21:46,15511,15511,15511,2,0
2023-02-24 15:21:46,15511,15511,15511,2,0
2023-02-24 15:21:46,15511,15511,15511,4,0
2023-02-24 15:21:46,15511,15511,15511,4,0
2023-02-24 15:21:46,15511,15511,15511,2,0
2023-02-24 15:21:47,15512,15512,15512,2,2
2023-02-24 15:21:47,15512,15512,15512,2,0
2023-02-24 15:21:48,15513,15513,15513,6,6
2023-02-24 15:21:49,15513,15513,15513,2,0
2023-02-24 15:21:50,15513,15513,15513,2,0
2023-02-24 15:21:51,15512,15512,15512,2,-2
2023-02-24 15:21:52,15513,15513,15513,2,2
2023-02-24 15:21:54,15513,15513,15513,2,0
2023-02-24 15:21:54,15513,15513,15513,2,0
2023-02-24 15:21:55,15513,15513,15513,2,0
2023-02-24 15:21:56,15513,15513,15513,2,0
2023-02-24 15:21:58,15513,15513,15513,2,0
2023-02-24 15:21:59,15514,15514,15514,2,2
2023-02-24 15:21:59,15514,15514,15514,4,0
2023-02-24 15:22:00,15514,15514,15514,2,0
2023-02-24 15:22:01,15514,15514,15514,2,0
2023-02-24 15:22:01,15513,15513,15513,2,-2
2023-02-24 15:22:01,15513,15513,15513,2,0
2023-02-24 15:22:02,15514,15514,15514,2,2
2023-02-24 15:22:03,15514,15514,15514,2,0
2023-02-24 15:22:04,15514,15514,15514,4,0
2023-02-24 15:22:05,15514,15514,15514,2,0
2023-02-24 15:22:05,15514,15514,15514,2,0
2023-02-24 15:22:05,15514,15514,15514,2,0
2023-02-24 15:22:06,15514,15514,15514,2,0
2023-02-24 15:22:06,15514,15514,15514,2,0
2023-02-24 15:22:07,15514,15514,15514,2,0
2023-02-24 15:22:08,15514,15514,15514,2,0
2023-02-24 15:22:08,15515,15515,15515,2,2
2023-02-24 15:22:09,15514,15514,15514,2,-2
2023-02-24 15:22:11,15515,15515,15515,2,2
2023-02-24 15:22:14,15515,15515,15515,10,0
2023-02-24 15:22:17,15514,15514,15514,2,-2
2023-02-24 15:22:21,15514,15514,15514,2,0
2023-02-24 15:22:22,15514,15514,15514,2,0
2023-02-24 15:22:22,15515,15515,15515,6,6
2023-02-24 15:22:28,15514,15514,15514,2,-2
2023-02-24 15:22:29,15515,15515,15515,2,2
2023-02-24 15:22:30,15514,15514,15514,2,-2
2023-02-24 15:22:33,15513,15513,15513,4,-4
2023-02-24 15:22:33,15513,15513,15513,2,0
2023-02-24 15:22:35,15513,15513,15513,2,0
2023-02-24 15:22:36,15513,15513,15513,2,0
2023-02-24 15:22:36,15513,15513,15513,2,0
2023-02-24 15:22:36,15513,15513,15513,2,0
2023-02-24 15:22:36,15513,15513,15513,4,0
2023-02-24 15:22:36,15513,15513,15513,4,0
2023-02-24 15:22:36,15513,15513,15513,2,0
2023-02-24 15:22:36,15513,15513,15513,2,0
2023-02-24 15:22:36,15513,15513,15513,2,0
2023-02-24 15:22:37,15513,15513,15513,2,0
2023-02-24 15:22:41,15512,15512,15512,2,-2
2023-02-24 15:22:41,15513,15513,15513,2,2
2023-02-24 15:22:42,15513,15513,15513,2,0
2023-02-24 15:22:43,15513,15513,15513,2,0
2023-02-24 15:22:43,15513,15513,15513,2,0
2023-02-24 15:22:44,15513,15513,15513,2,0
2023-02-24 15:22:45,15513,15513,15513,2,0
2023-02-24 15:22:46,15514,15514,15514,10,10
2023-02-24 15:22:46,15514,15514,15514,2,0
2023-02-24 15:22:47,15513,15513,15513,2,-2
2023-02-24 15:22:47,15513,15513,15513,2,0
2023-02-24 15:22:49,15513,15513,15513,2,0
2023-02-24 15:22:51,15513,15513,15513,2,0
2023-02-24 15:22:56,15513,15513,15513,2,0
2023-02-24 15:22:56,15513,15513,15513,2,0
2023-02-24 15:22:58,15514,15514,15514,2,2
2023-02-24 15:22:58,15513,15513,15513,2,-2
2023-02-24 15:23:00,15513,15513,15513,2,0
2023-02-24 15:23:00,15514,15514,15514,6,6
2023-02-24 15:23:01,15514,15514,15514,4,0
2023-02-24 15:23:06,15514,15514,15514,2,0
2023-02-24 15:23:11,15513,15513,15513,2,-2
2023-02-24 15:23:12,15513,15513,15513,2,0
2023-02-24 15:23:13,15513,15513,15513,2,0
2023-02-24 15:23:14,15513,15513,15513,2,0
2023-02-24 15:23:14,15513,15513,15513,2,0
2023-02-24 15:23:15,15513,15513,15513,2,0
2023-02-24 15:23:15,15513,15513,15513,2,0
2023-02-24 15:23:15,15513,15513,15513,2,0
2023-02-24 15:23:15,15513,15513,15513,2,0
2023-02-24 15:23:17,15513,15513,15513,2,0
2023-02-24 15:23:18,15513,15513,15513,2,0
2023-02-24 15:23:19,15512,15512,15512,2,-2
2023-02-24 15:23:19,15512,15512,15512,2,0
2023-02-24 15:23:21,15512,15512,15512,2,0
2023-02-24 15:23:21,15512,15512,15512,2,0
2023-02-24 15:23:21,15512,15512,15512,2,0
2023-02-24 15:23:23,15514,15514,15514,2,2
2023-02-24 15:23:25,15513,15513,15513,2,-2
2023-02-24 15:23:27,15512,15512,15512,2,-2
2023-02-24 15:23:27,15513,15513,15513,10,10
2023-02-24 15:23:29,15514,15514,15514,2,2
2023-02-24 15:23:31,15514,15514,15514,4,0
2023-02-24 15:23:36,15514,15514,15514,2,0
2023-02-24 15:23:38,15513,15513,15513,2,-2
2023-02-24 15:23:44,15513,15513,15513,4,0
2023-02-24 15:23:44,15514,15514,15514,2,2
2023-02-24 15:23:47,15514,15514,15514,2,0
2023-02-24 15:23:54,15513,15513,15513,2,-2
2023-02-24 15:23:59,15514,15514,15514,2,2
2023-02-24 15:24:02,15514,15514,15514,2,0
2023-02-24 15:24:03,15513,15513,15513,2,-2
2023-02-24 15:24:05,15513,15513,15513,2,0
2023-02-24 15:24:09,15513,15513,15513,2,0
2023-02-24 15:24:09,15513,15513,15513,2,0
2023-02-24 15:24:09,15513,15513,15513,2,0
2023-02-24 15:24:09,15513,15513,15513,6,0
2023-02-24 15:24:09,15513,15513,15513,2,0
2023-02-24 15:24:09,15513,15513,15513,2,0
2023-02-24 15:24:09,15513,15513,15513,2,0
2023-02-24 15:24:09,15513,15513,15513,2,0
2023-02-24 15:24:09,15513,15513,15513,2,0
2023-02-24 15:24:09,15513,15513,15513,2,0
2023-02-24 15:24:09,15513,15513,15513,2,0
2023-02-24 15:24:09,15513,15513,15513,8,0
2023-02-24 15:24:13,15512,15512,15512,2,-2
2023-02-24 15:24:21,15513,15513,15513,6,6
2023-02-24 15:24:21,15513,15513,15513,2,0
2023-02-24 15:24:22,15513,15513,15513,2,0
2023-02-24 15:24:22,15513,15513,15513,2,0
2023-02-24 15:24:22,15513,15513,15513,4,0
2023-02-24 15:24:26,15513,15513,15513,2,0
2023-02-24 15:24:27,15513,15513,15513,2,0
2023-02-24 15:24:27,15513,15513,15513,4,0
2023-02-24 15:24:27,15513,15513,15513,2,0
2023-02-24 15:24:27,15513,15513,15513,2,0
2023-02-24 15:24:28,15514,15514,15514,4,4
2023-02-24 15:24:28,15514,15514,15514,32,0
2023-02-24 15:24:28,15514,15514,15514,2,0
2023-02-24 15:24:29,15514,15514,15514,2,0
2023-02-24 15:24:31,15514,15514,15514,2,0
2023-02-24 15:24:32,15514,15514,15514,2,0
2023-02-24 15:24:34,15514,15514,15514,2,0
2023-02-24 15:24:34,15515,15515,15515,6,6
2023-02-24 15:24:34,15515,15515,15515,2,0
2023-02-24 15:24:35,15515,15515,15515,8,0
2023-02-24 15:24:35,15515,15515,15515,2,0
2023-02-24 15:24:37,15515,15515,15515,2,0
2023-02-24 15:24:39,15515,15515,15515,2,0
2023-02-24 15:24:40,15515,15515,15515,2,0
2023-02-24 15:24:42,15515,15515,15515,2,0
2023-02-24 15:24:42,15516,15516,15516,8,8
2023-02-24 15:24:44,15516,15516,15516,2,0
2023-02-24 15:24:45,15515,15515,15515,2,-2
2023-02-24 15:24:49,15515,15515,15515,2,0
2023-02-24 15:24:53,15514,15514,15514,2,-2
2023-02-24 15:24:55,15514,15514,15514,2,0
2023-02-24 15:25:00,15515,15515,15515,2,2
2023-02-24 15:25:00,15514,15514,15514,2,-2
2023-02-24 15:25:00,15514,15514,15514,2,0
2023-02-24 15:25:00,15514,15514,15514,2,0
2023-02-24 15:25:00,15514,15514,15514,4,0
2023-02-24 15:25:00,15514,15514,15514,2,0
2023-02-24 15:25:00,15514,15514,15514,2,0
2023-02-24 15:25:00,15513,15513,15513,2,-2
2023-02-24 15:25:00,15513,15513,15513,2,0
2023-02-24 15:25:00,15513,15513,15513,2,0
2023-02-24 15:25:00,15513,15513,15513,2,0
2023-02-24 15:25:00,15513,15513,15513,2,0
2023-02-24 15:25:00,15513,15513,15513,4,0
2023-02-24 15:25:00,15513,15513,15513,2,0
2023-02-24 15:25:00,15513,15513,15513,2,0
2023-02-24 15:25:00,15513,15513,15513,2,0
2023-02-24 15:25:00,15513,15513,15513,2,0
2023-02-24 15:25:00,15512,15512,15512,2,-2
2023-02-24 15:25:00,15512,15512,15512,2,0
2023-02-24 15:25:00,15512,15512,15512,2,0
2023-02-24 15:25:00,15512,15512,15512,6,0
2023-02-24 15:25:00,15512,15512,15512,6,0
2023-02-24 15:25:06,15513,15513,15513,4,4
2023-02-24 15:25:07,15513,15513,15513,2,0
2023-02-24 15:25:11,15512,15512,15512,2,-2
2023-02-24 15:25:13,15512,15512,15512,2,0
2023-02-24 15:25:16,15513,15513,15513,2,2
2023-02-24 15:25:19,15514,15514,15514,2,2
2023-02-24 15:25:21,15514,15514,15514,2,0
2023-02-24 15:25:22,15514,15514,15514,2,0
2023-02-24 15:25:23,15514,15514,15514,2,0
2023-02-24 15:25:25,15514,15514,15514,2,0
2023-02-24 15:25:27,15514,15514,15514,2,0
2023-02-24 15:25:30,15515,15515,15515,4,4
2023-02-24 15:25:32,15516,15516,15516,2,2
2023-02-24 15:25:36,15516,15516,15516,2,0
2023-02-24 15:25:36,15516,15516,15516,2,0
2023-02-24 15:25:38,15516,15516,15516,2,0
2023-02-24 15:25:39,15516,15516,15516,2,0
2023-02-24 15:25:40,15516,15516,15516,2,0
2023-02-24 15:25:44,15515,15515,15515,2,-2
2023-02-24 15:25:45,15515,15515,15515,2,0
2023-02-24 15:25:47,15515,15515,15515,2,0
2023-02-24 15:25:47,15515,15515,15515,2,0
2023-02-24 15:25:48,15515,15515,15515,2,0
2023-02-24 15:25:50,15515,15515,15515,2,0
2023-02-24 15:25:51,15516,15516,15516,2,2
2023-02-24 15:25:51,15516,15516,15516,2,0
2023-02-24 15:25:52,15516,15516,15516,2,0
2023-02-24 15:25:54,15515,15515,15515,2,-2
2023-02-24 15:25:56,15515,15515,15515,2,0
2023-02-24 15:25:58,15516,15516,15516,6,6
2023-02-24 15:26:00,15515,15515,15515,2,-2
2023-02-24 15:26:01,15515,15515,15515,2,0
2023-02-24 15:26:01,15515,15515,15515,2,0
2023-02-24 15:26:01,15514,15514,15514,2,-2
2023-02-24 15:26:01,15514,15514,15514,2,0
2023-02-24 15:26:01,15514,15514,15514,2,0
2023-02-24 15:26:01,15514,15514,15514,2,0
2023-02-24 15:26:01,15514,15514,15514,2,0
2023-02-24 15:26:01,15513,15513,15513,2,-2
2023-02-24 15:26:01,15513,15513,15513,2,0
2023-02-24 15:26:01,15513,15513,15513,2,0
2023-02-24 15:26:01,15513,15513,15513,2,0
2023-02-24 15:26:01,15513,15513,15513,2,0
2023-02-24 15:26:01,15513,15513,15513,2,0
2023-02-24 15:26:01,15513,15513,15513,2,0
2023-02-24 15:26:01,15513,15513,15513,4,0
2023-02-24 15:26:01,15513,15513,15513,2,0
2023-02-24 15:26:01,15513,15513,15513,4,0
2023-02-24 15:26:01,15513,15513,15513,2,0
2023-02-24 15:26:02,15513,15513,15513,2,0
2023-02-24 15:26:04,15513,15513,15513,2,0
2023-02-24 15:26:05,15513,15513,15513,2,0
2023-02-24 15:26:08,15513,15513,15513,2,0
2023-02-24 15:26:13,15514,15514,15514,4,4
2023-02-24 15:26:18,15515,15515,15515,2,2
2023-02-24 15:26:20,15514,15514,15514,2,-2
2023-02-24 15:26:20,15513,15513,15513,2,-2
2023-02-24 15:26:21,15514,15514,15514,2,2
2023-02-24 15:26:21,15514,15514,15514,2,0
2023-02-24 15:26:22,15514,15514,15514,2,0
2023-02-24 15:26:25,15513,15513,15513,2,-2
2023-02-24 15:26:28,15513,15513,15513,2,0
2023-02-24 15:26:29,15513,15513,15513,2,0
2023-02-24 15:26:29,15513,15513,15513,2,0
2023-02-24 15:26:29,15513,15513,15513,2,0
2023-02-24 15:26:29,15513,15513,15513,2,0
2023-02-24 15:26:31,15514,15514,15514,2,2
2023-02-24 15:26:33,15513,15513,15513,2,-2
2023-02-24 15:26:44,15513,15513,15513,2,0
2023-02-24 15:26:48,15513,15513,15513,6,0
2023-02-24 15:26:50,15512,15512,15512,2,-2
2023-02-24 15:26:51,15512,15512,15512,4,0
2023-02-24 15:26:51,15512,15512,15512,2,0
2023-02-24 15:26:52,15512,15512,15512,2,0
2023-02-24 15:26:53,15512,15512,15512,2,0
2023-02-24 15:26:53,15512,15512,15512,2,0
2023-02-24 15:26:53,15512,15512,15512,2,0
2023-02-24 15:26:53,15512,15512,15512,2,0
2023-02-24 15:26:53,15512,15512,15512,8,0
2023-02-24 15:26:53,15512,15512,15512,2,0
2023-02-24 15:26:53,15512,15512,15512,2,0
2023-02-24 15:26:53,15512,15512,15512,2,0
2023-02-24 15:26:53,15512,15512,15512,2,0
2023-02-24 15:26:53,15512,15512,15512,2,0
2023-02-24 15:26:53,15512,15512,15512,4,0
2023-02-24 15:26:53,15512,15512,15512,2,0
2023-02-24 15:26:53,15512,15512,15512,2,0
2023-02-24 15:26:55,15511,15511,15511,2,-2
2023-02-24 15:26:57,15512,15512,15512,2,2
2023-02-24 15:26:59,15511,15511,15511,2,-2
2023-02-24 15:26:59,15511,15511,15511,2,0
2023-02-24 15:27:01,15511,15511,15511,2,0
2023-02-24 15:27:02,15511,15511,15511,2,0
2023-02-24 15:27:03,15511,15511,15511,2,0
2023-02-24 15:27:04,15511,15511,15511,2,0
2023-02-24 15:27:04,15511,15511,15511,2,0
2023-02-24 15:27:08,15511,15511,15511,2,0
2023-02-24 15:27:11,15511,15511,15511,2,0
2023-02-24 15:27:14,15512,15512,15512,2,2
2023-02-24 15:27:17,15513,15513,15513,4,4
2023-02-24 15:27:21,15512,15512,15512,2,-2
2023-02-24 15:27:27,15513,15513,15513,2,2
2023-02-24 15:27:29,15514,15514,15514,2,2
2023-02-24 15:27:40,15513,15513,15513,2,-2
2023-02-24 15:27:52,15513,15513,15513,2,0
2023-02-24 15:28:12,15514,15514,15514,2,2
2023-02-24 15:28:12,15513,15513,15513,2,-2
2023-02-24 15:28:12,15513,15513,15513,2,0
2023-02-24 15:28:12,15513,15513,15513,2,0
2023-02-24 15:28:13,15514,15514,15514,2,2
2023-02-24 15:28:17,15514,15514,15514,2,0
2023-02-24 15:28:19,15514,15514,15514,2,0
2023-02-24 15:28:26,15513,15513,15513,2,-2
2023-02-24 15:28:26,15513,15513,15513,4,0
2023-02-24 15:28:26,15513,15513,15513,2,0
2023-02-24 15:28:26,15513,15513,15513,2,0
2023-02-24 15:28:28,15513,15513,15513,2,0
2023-02-24 15:28:29,15513,15513,15513,2,0
2023-02-24 15:28:34,15514,15514,15514,2,2
2023-02-24 15:28:34,15512,15512,15512,2,-2
2023-02-24 15:28:42,15513,15513,15513,2,2
2023-02-24 15:28:43,15513,15513,15513,2,0
2023-02-24 15:28:44,15513,15513,15513,2,0
2023-02-24 15:28:44,15512,15512,15512,2,-2
2023-02-24 15:28:45,15513,15513,15513,2,2
2023-02-24 15:28:46,15513,15513,15513,2,0
2023-02-24 15:28:53,15512,15512,15512,2,-2
2023-02-24 15:28:54,15512,15512,15512,2,0
2023-02-24 15:28:56,15512,15512,15512,2,0
2023-02-24 15:28:57,15512,15512,15512,2,0
2023-02-24 15:28:58,15512,15512,15512,2,0
2023-02-24 15:28:58,15512,15512,15512,2,0
2023-02-24 15:28:58,15512,15512,15512,2,0
2023-02-24 15:29:00,15512,15512,15512,2,0
2023-02-24 15:29:00,15512,15512,15512,2,0
2023-02-24 15:29:01,15512,15512,15512,2,0
2023-02-24 15:29:02,15512,15512,15512,2,0
2023-02-24 15:29:03,15512,15512,15512,2,0
2023-02-24 15:29:13,15513,15513,15513,6,6
2023-02-24 15:29:25,15512,15512,15512,2,-2
2023-02-24 15:29:25,15512,15512,15512,2,0
2023-02-24 15:29:25,15512,15512,15512,2,0
2023-02-24 15:29:25,15512,15512,15512,2,0
2023-02-24 15:29:25,15512,15512,15512,2,0
2023-02-24 15:29:25,15512,15512,15512,2,0
2023-02-24 15:29:25,15511,15511,15511,2,-2
2023-02-24 15:29:25,15511,15511,15511,2,0
2023-02-24 15:29:25,15511,15511,15511,2,0
2023-02-24 15:29:25,15511,15511,15511,2,0
2023-02-24 15:29:25,15511,15511,15511,4,0
2023-02-24 15:29:25,15511,15511,15511,6,0
2023-02-24 15:29:27,15511,15511,15511,2,0
2023-02-24 15:29:27,15511,15511,15511,2,0
2023-02-24 15:29:29,15512,15512,15512,4,4
2023-02-24 15:29:29,15511,15511,15511,2,-2
2023-02-24 15:29:30,15511,15511,15511,2,0
2023-02-24 15:29:31,15511,15511,15511,10,0
2023-02-24 15:29:32,15512,15512,15512,2,2
2023-02-24 15:29:39,15512,15512,15512,2,0
2023-02-24 15:29:42,15512,15512,15512,2,0
2023-02-24 15:29:47,15512,15512,15512,2,0
2023-02-24 15:29:54,15511,15511,15511,10,-10
2023-02-24 15:29:57,15513,15513,15513,4,4
2023-02-24 15:29:58,15513,15513,15513,4,0
2023-02-24 15:30:06,15512,15512,15512,2,-2
2023-02-24 15:30:06,15511,15511,15511,2,-2
2023-02-24 15:30:06,15511,15511,15511,2,0
2023-02-24 15:30:06,15511,15511,15511,2,0
2023-02-24 15:30:06,15511,15511,15511,2,0
2023-02-24 15:30:06,15511,15511,15511,2,0
2023-02-24 15:30:06,15511,15511,15511,2,0
2023-02-24 15:30:07,15511,15511,15511,2,0
2023-02-24 15:30:07,15511,15511,15511,2,0
2023-02-24 15:30:07,15511,15511,15511,2,0
2023-02-24 15:30:07,15511,15511,15511,2,0
2023-02-24 15:30:07,15511,15511,15511,4,0
2023-02-24 15:30:07,15511,15511,15511,8,0
2023-02-24 15:30:07,15511,15511,15511,4,0
2023-02-24 15:30:07,15511,15511,15511,2,0
2023-02-24 15:30:07,15511,15511,15511,2,0
2023-02-24 15:30:07,15511,15511,15511,2,0
2023-02-24 15:30:07,15511,15511,15511,2,0
2023-02-24 15:30:07,15511,15511,15511,2,0
2023-02-24 15:30:07,15511,15511,15511,2,0
2023-02-24 15:30:07,15511,15511,15511,12,0
2023-02-24 15:30:07,15511,15511,15511,2,0
2023-02-24 15:30:07,15511,15511,15511,2,0
2023-02-24 15:30:07,15510,15510,15510,2,-2
2023-02-24 15:30:07,15510,15510,15510,2,0
2023-02-24 15:30:07,15510,15510,15510,2,0
2023-02-24 15:30:07,15510,15510,15510,2,0
2023-02-24 15:30:07,15510,15510,15510,2,0
2023-02-24 15:30:07,15510,15510,15510,2,0
2023-02-24 15:30:07,15510,15510,15510,2,0
2023-02-24 15:30:07,15510,15510,15510,12,0
2023-02-24 15:30:07,15510,15510,15510,2,0
2023-02-24 15:30:07,15510,15510,15510,6,0
2023-02-24 15:30:08,15510,15510,15510,2,0
2023-02-24 15:30:08,15511,15511,15511,2,2
2023-02-24 15:30:10,15510,15510,15510,8,-8
2023-02-24 15:30:12,15511,15511,15511,2,2
2023-02-24 15:30:12,15511,15511,15511,2,0
2023-02-24 15:30:12,15511,15511,15511,2,0
2023-02-24 15:30:13,15512,15512,15512,4,4
2023-02-24 15:30:13,15512,15512,15512,2,0
2023-02-24 15:30:18,15511,15511,15511,4,-4
2023-02-24 15:30:18,15511,15511,15511,2,0
2023-02-24 15:30:21,15511,15511,15511,2,0
2023-02-24 15:30:23,15511,15511,15511,2,0
2023-02-24 15:30:23,15511,15511,15511,2,0
2023-02-24 15:30:26,15511,15511,15511,2,0
2023-02-24 15:30:30,15511,15511,15511,2,0
2023-02-24 15:30:34,15511,15511,15511,2,0
2023-02-24 15:30:42,15510,15510,15510,8,-8
2023-02-24 15:30:44,15510,15510,15510,2,0
2023-02-24 15:30:44,15510,15510,15510,2,0
2023-02-24 15:30:44,15510,15510,15510,4,0
2023-02-24 15:30:44,15510,15510,15510,2,0
2023-02-24 15:30:44,15510,15510,15510,2,0
2023-02-24 15:30:47,15510,15510,15510,2,0
2023-02-24 15:30:48,15510,15510,15510,2,0
2023-02-24 15:30:50,15510,15510,15510,2,0
2023-02-24 15:30:50,15510,15510,15510,2,0
2023-02-24 15:30:50,15510,15510,15510,2,0
2023-02-24 15:30:50,15510,15510,15510,2,0
2023-02-24 15:30:50,15510,15510,15510,2,0
2023-02-24 15:30:50,15510,15510,15510,2,0
2023-02-24 15:30:50,15510,15510,15510,2,0
2023-02-24 15:30:50,15510,15510,15510,2,0
2023-02-24 15:30:50,15510,15510,15510,2,0
2023-02-24 15:30:56,15510,15510,15510,2,0
2023-02-24 15:30:58,15510,15510,15510,2,0
2023-02-24 15:31:00,15510,15510,15510,2,0
2023-02-24 15:31:00,15510,15510,15510,2,0
2023-02-24 15:31:01,15510,15510,15510,6,0
2023-02-24 15:31:01,15510,15510,15510,4,0
2023-02-24 15:31:01,15509,15509,15509,2,-2
2023-02-24 15:31:01,15509,15509,15509,2,0
2023-02-24 15:31:02,15509,15509,15509,2,0
2023-02-24 15:31:02,15509,15509,15509,2,0
2023-02-24 15:31:02,15510,15510,15510,2,2
2023-02-24 15:31:05,15509,15509,15509,2,-2
2023-02-24 15:31:05,15509,15509,15509,2,0
2023-02-24 15:31:05,15509,15509,15509,2,0
2023-02-24 15:31:06,15509,15509,15509,2,0
2023-02-24 15:31:12,15509,15509,15509,2,0
2023-02-24 15:31:13,15509,15509,15509,2,0
2023-02-24 15:31:13,15509,15509,15509,2,0
2023-02-24 15:31:13,15510,15510,15510,4,4
2023-02-24 15:31:17,15510,15510,15510,2,0
2023-02-24 15:31:18,15510,15510,15510,2,0
2023-02-24 15:31:18,15510,15510,15510,4,0
2023-02-24 15:31:20,15510,15510,15510,2,0
2023-02-24 15:31:20,15510,15510,15510,2,0
2023-02-24 15:31:20,15509,15509,15509,2,-2
2023-02-24 15:31:20,15509,15509,15509,2,0
2023-02-24 15:31:20,15509,15509,15509,2,0
2023-02-24 15:31:20,15509,15509,15509,2,0
2023-02-24 15:31:20,15509,15509,15509,2,0
2023-02-24 15:31:20,15509,15509,15509,2,0
2023-02-24 15:31:20,15511,15511,15511,2,2
2023-02-24 15:31:28,15511,15511,15511,2,0
2023-02-24 15:31:32,15510,15510,15510,2,-2
2023-02-24 15:31:33,15510,15510,15510,2,0
2023-02-24 15:31:35,15509,15509,15509,2,-2
2023-02-24 15:31:40,15510,15510,15510,2,2
2023-02-24 15:31:42,15510,15510,15510,2,0
2023-02-24 15:31:54,15509,15509,15509,2,-2
2023-02-24 15:32:05,15511,15511,15511,2,2
2023-02-24 15:32:07,15510,15510,15510,2,-2
2023-02-24 15:32:08,15511,15511,15511,18,18
2023-02-24 15:32:26,15511,15511,15511,2,0
2023-02-24 15:32:30,15511,15511,15511,2,0
2023-02-24 15:32:30,15511,15511,15511,2,0
2023-02-24 15:32:30,15511,15511,15511,2,0
2023-02-24 15:32:31,15511,15511,15511,2,0
2023-02-24 15:32:31,15511,15511,15511,2,0
2023-02-24 15:32:35,15511,15511,15511,2,0
2023-02-24 15:32:48,15512,15512,15512,6,6
2023-02-24 15:32:50,15510,15510,15510,2,-2
2023-02-24 15:32:52,15512,15512,15512,2,2
2023-02-24 15:32:54,15510,15510,15510,2,-2
2023-02-24 15:32:56,15510,15510,15510,2,0
2023-02-24 15:32:56,15510,15510,15510,2,0
2023-02-24 15:32:56,15510,15510,15510,2,0
2023-02-24 15:32:59,15510,15510,15510,2,0
2023-02-24 15:33:03,15510,15510,15510,2,0
2023-02-24 15:33:03,15510,15510,15510,2,0
2023-02-24 15:33:03,15510,15510,15510,2,0
2023-02-24 15:33:03,15510,15510,15510,2,0
2023-02-24 15:33:21,15510,15510,15510,2,0
2023-02-24 15:33:21,15510,15510,15510,2,0
2023-02-24 15:33:21,15510,15510,15510,2,0
2023-02-24 15:33:21,15510,15510,15510,2,0
2023-02-24 15:33:31,15510,15510,15510,2,0
2023-02-24 15:33:37,15510,15510,15510,4,0
2023-02-24 15:33:37,15510,15510,15510,2,0
2023-02-24 15:33:37,15510,15510,15510,2,0
2023-02-24 15:33:37,15510,15510,15510,2,0
2023-02-24 15:33:37,15510,15510,15510,2,0
2023-02-24 15:33:37,15510,15510,15510,2,0
2023-02-24 15:33:37,15510,15510,15510,4,0
2023-02-24 15:33:37,15510,15510,15510,2,0
2023-02-24 15:33:37,15510,15510,15510,2,0
2023-02-24 15:33:37,15510,15510,15510,2,0
2023-02-24 15:33:37,15510,15510,15510,6,0
2023-02-24 15:33:37,15510,15510,15510,2,0
2023-02-24 15:33:37,15509,15509,15509,10,-10
2023-02-24 15:33:37,15509,15509,15509,2,0
2023-02-24 15:33:37,15509,15509,15509,2,0
2023-02-24 15:33:37,15509,15509,15509,2,0
2023-02-24 15:33:37,15509,15509,15509,10,0
2023-02-24 15:33:37,15509,15509,15509,2,0
2023-02-24 15:33:37,15509,15509,15509,2,0
2023-02-24 15:33:37,15509,15509,15509,4,0
2023-02-24 15:33:37,15509,15509,15509,2,0
2023-02-24 15:33:37,15509,15509,15509,2,0
2023-02-24 15:33:37,15509,15509,15509,2,0
2023-02-24 15:33:37,15509,15509,15509,2,0
2023-02-24 15:33:37,15509,15509,15509,2,0
2023-02-24 15:33:37,15509,15509,15509,2,0
2023-02-24 15:33:37,15509,15509,15509,2,0
2023-02-24 15:33:41,15510,15510,15510,2,2
2023-02-24 15:33:48,15510,15510,15510,2,0
2023-02-24 15:33:51,15510,15510,15510,2,0
2023-02-24 15:33:51,15509,15509,15509,2,-2
2023-02-24 15:34:04,15511,15511,15511,2,2
2023-02-24 15:34:06,15511,15511,15511,2,0
2023-02-24 15:34:16,15511,15511,15511,2,0
2023-02-24 15:34:17,15511,15511,15511,2,0
2023-02-24 15:34:19,15512,15512,15512,2,2
2023-02-24 15:34:23,15512,15512,15512,2,0
2023-02-24 15:34:23,15512,15512,15512,12,0
2023-02-24 15:34:25,15513,15513,15513,2,2
2023-02-24 15:34:29,15513,15513,15513,2,0
2023-02-24 15:34:34,15513,15513,15513,2,0
2023-02-24 15:34:35,15513,15513,15513,2,0
2023-02-24 15:34:36,15513,15513,15513,2,0
2023-02-24 15:34:40,15513,15513,15513,2,0
2023-02-24 15:34:40,15513,15513,15513,6,0
2023-02-24 15:34:40,15513,15513,15513,2,0
2023-02-24 15:34:40,15513,15513,15513,2,0
2023-02-24 15:34:40,15513,15513,15513,12,0
2023-02-24 15:34:40,15513,15513,15513,2,0
2023-02-24 15:34:40,15513,15513,15513,2,0
2023-02-24 15:34:40,15513,15513,15513,4,0
2023-02-24 15:34:55,15513,15513,15513,2,0
2023-02-24 15:34:56,15513,15513,15513,2,0
2023-02-24 15:34:58,15513,15513,15513,2,0
2023-02-24 15:35:00,15513,15513,15513,4,0
2023-02-24 15:35:01,15514,15514,15514,2,2
2023-02-24 15:35:05,15514,15514,15514,2,0
2023-02-24 15:35:07,15513,15513,15513,2,-2
2023-02-24 15:35:07,15513,15513,15513,2,0
2023-02-24 15:35:07,15513,15513,15513,4,0
2023-02-24 15:35:07,15513,15513,15513,2,0
2023-02-24 15:35:08,15514,15514,15514,2,2
2023-02-24 15:35:19,15514,15514,15514,2,0
2023-02-24 15:35:20,15514,15514,15514,2,0
2023-02-24 15:35:23,15513,15513,15513,2,-2
2023-02-24 15:35:23,15513,15513,15513,2,0
2023-02-24 15:35:23,15513,15513,15513,2,0
2023-02-24 15:35:23,15513,15513,15513,2,0
2023-02-24 15:35:23,15513,15513,15513,2,0
2023-02-24 15:35:32,15514,15514,15514,2,2
2023-02-24 15:35:37,15513,15513,15513,2,-2
2023-02-24 15:35:37,15513,15513,15513,4,0
2023-02-24 15:35:37,15513,15513,15513,2,0
2023-02-24 15:35:37,15513,15513,15513,2,0
2023-02-24 15:35:42,15513,15513,15513,2,0
2023-02-24 15:35:47,15514,15514,15514,2,2
2023-02-24 15:35:51,15513,15513,15513,2,-2
2023-02-24 15:35:51,15513,15513,15513,2,0
2023-02-24 15:35:51,15513,15513,15513,4,0
2023-02-24 15:35:51,15513,15513,15513,2,0
2023-02-24 15:35:53,15514,15514,15514,4,4
2023-02-24 15:35:57,15514,15514,15514,2,0
2023-02-24 15:35:57,15514,15514,15514,2,0
2023-02-24 15:35:58,15515,15515,15515,2,2
2023-02-24 15:35:58,15514,15514,15514,2,-2
2023-02-24 15:36:00,15515,15515,15515,16,16
2023-02-24 15:36:01,15515,15515,15515,2,0
2023-02-24 15:36:06,15515,15515,15515,2,0
2023-02-24 15:36:09,15515,15515,15515,4,0
2023-02-24 15:36:12,15515,15515,15515,8,0
2023-02-24 15:36:14,15514,15514,15514,2,-2
2023-02-24 15:36:14,15514,15514,15514,6,0
2023-02-24 15:36:14,15514,15514,15514,2,0
2023-02-24 15:36:16,15515,15515,15515,2,2
2023-02-24 15:36:17,15514,15514,15514,2,-2
2023-02-24 15:36:17,15515,15515,15515,2,2
2023-02-24 15:36:18,15514,15514,15514,2,-2
2023-02-24 15:36:18,15514,15514,15514,4,0
2023-02-24 15:36:18,15514,15514,15514,2,0
2023-02-24 15:36:18,15514,15514,15514,2,0
2023-02-24 15:36:19,15513,15513,15513,2,-2
2023-02-24 15:36:27,15514,15514,15514,2,2
2023-02-24 15:36:27,15514,15514,15514,2,0
2023-02-24 15:36:27,15514,15514,15514,4,0
2023-02-24 15:36:27,15514,15514,15514,2,0
2023-02-24 15:36:28,15514,15514,15514,2,0
2023-02-24 15:36:32,15513,15513,15513,2,-2
2023-02-24 15:36:32,15513,15513,15513,2,0
2023-02-24 15:36:32,15513,15513,15513,2,0
2023-02-24 15:36:40,15513,15513,15513,2,0
2023-02-24 15:36:40,15513,15513,15513,2,0
2023-02-24 15:36:40,15513,15513,15513,2,0
2023-02-24 15:36:40,15513,15513,15513,4,0
2023-02-24 15:36:50,15514,15514,15514,2,2
2023-02-24 15:36:50,15514,15514,15514,2,0
2023-02-24 15:36:52,15513,15513,15513,2,-2
2023-02-24 15:36:52,15513,15513,15513,4,0
2023-02-24 15:36:52,15513,15513,15513,2,0
2023-02-24 15:36:52,15513,15513,15513,2,0
2023-02-24 15:37:03,15513,15513,15513,2,0
2023-02-24 15:37:03,15513,15513,15513,2,0
2023-02-24 15:37:04,15513,15513,15513,2,0
2023-02-24 15:37:07,15513,15513,15513,2,0
2023-02-24 15:37:10,15513,15513,15513,2,0
2023-02-24 15:37:39,15512,15512,15512,2,-2
2023-02-24 15:37:39,15512,15512,15512,2,0
2023-02-24 15:37:39,15512,15512,15512,2,0
2023-02-24 15:37:39,15512,15512,15512,4,0
2023-02-24 15:37:51,15512,15512,15512,4,0
2023-02-24 15:37:51,15512,15512,15512,2,0
2023-02-24 15:37:51,15512,15512,15512,2,0
2023-02-24 15:37:51,15512,15512,15512,2,0
2023-02-24 15:37:51,15512,15512,15512,2,0
2023-02-24 15:37:51,15512,15512,15512,2,0
2023-02-24 15:38:00,15513,15513,15513,2,2
2023-02-24 15:38:11,15513,15513,15513,2,0
2023-02-24 15:38:23,15513,15513,15513,2,0
2023-02-24 15:38:43,15512,15512,15512,2,-2
2023-02-24 15:38:43,15512,15512,15512,2,0
2023-02-24 15:38:43,15512,15512,15512,2,0
2023-02-24 15:38:44,15511,15511,15511,2,-2
2023-02-24 15:38:44,15512,15512,15512,2,2
2023-02-24 15:38:50,15511,15511,15511,2,-2
2023-02-24 15:38:50,15511,15511,15511,2,0
2023-02-24 15:38:50,15511,15511,15511,2,0
2023-02-24 15:38:50,15511,15511,15511,2,0
2023-02-24 15:38:50,15511,15511,15511,2,0
2023-02-24 15:38:50,15511,15511,15511,4,0
2023-02-24 15:38:50,15511,15511,15511,2,0
2023-02-24 15:38:51,15510,15510,15510,2,-2
2023-02-24 15:38:51,15510,15510,15510,6,0
2023-02-24 15:38:51,15510,15510,15510,2,0
2023-02-24 15:38:51,15510,15510,15510,2,0
2023-02-24 15:38:51,15510,15510,15510,2,0
2023-02-24 15:38:51,15510,15510,15510,2,0
2023-02-24 15:38:51,15510,15510,15510,2,0
2023-02-24 15:38:51,15510,15510,15510,4,0
2023-02-24 15:38:51,15510,15510,15510,2,0
2023-02-24 15:38:51,15510,15510,15510,2,0
2023-02-24 15:38:51,15510,15510,15510,4,0
2023-02-24 15:38:51,15510,15510,15510,4,0
2023-02-24 15:38:52,15510,15510,15510,2,0
2023-02-24 15:38:56,15510,15510,15510,6,0
2023-02-24 15:39:02,15510,15510,15510,4,0
2023-02-24 15:39:03,15509,15509,15509,2,-2
2023-02-24 15:39:03,15509,15509,15509,2,0
2023-02-24 15:39:03,15509,15509,15509,2,0
2023-02-24 15:39:03,15509,15509,15509,8,0
2023-02-24 15:39:03,15509,15509,15509,2,0
2023-02-24 15:39:03,15509,15509,15509,2,0
2023-02-24 15:39:03,15509,15509,15509,2,0
2023-02-24 15:39:03,15509,15509,15509,2,0
2023-02-24 15:39:03,15509,15509,15509,2,0
2023-02-24 15:39:03,15509,15509,15509,2,0
2023-02-24 15:39:03,15509,15509,15509,2,0
2023-02-24 15:39:03,15509,15509,15509,2,0
2023-02-24 15:39:04,15509,15509,15509,2,0
2023-02-24 15:39:09,15509,15509,15509,2,0
2023-02-24 15:39:09,15509,15509,15509,2,0
2023-02-24 15:39:11,15508,15508,15508,2,-2
2023-02-24 15:39:11,15508,15508,15508,2,0
2023-02-24 15:39:11,15508,15508,15508,2,0
2023-02-24 15:39:11,15509,15509,15509,2,2
2023-02-24 15:39:12,15509,15509,15509,2,0
2023-02-24 15:39:12,15508,15508,15508,4,-4
2023-02-24 15:39:17,15510,15510,15510,2,2
2023-02-24 15:39:20,15509,15509,15509,2,-2
2023-02-24 15:39:21,15510,15510,15510,2,2
2023-02-24 15:39:25,15510,15510,15510,2,0
2023-02-24 15:39:27,15509,15509,15509,2,-2
2023-02-24 15:39:31,15509,15509,15509,2,0
2023-02-24 15:39:34,15509,15509,15509,2,0
2023-02-24 15:39:34,15509,15509,15509,2,0
2023-02-24 15:39:37,15509,15509,15509,2,0
2023-02-24 15:39:39,15509,15509,15509,2,0
2023-02-24 15:39:41,15509,15509,15509,4,0
2023-02-24 15:39:48,15509,15509,15509,2,0
2023-02-24 15:39:48,15509,15509,15509,2,0
2023-02-24 15:39:48,15509,15509,15509,2,0
2023-02-24 15:39:48,15509,15509,15509,2,0
2023-02-24 15:39:48,15509,15509,15509,2,0
2023-02-24 15:39:56,15510,15510,15510,14,14
2023-02-24 15:39:56,15510,15510,15510,2,0
2023-02-24 15:39:56,15510,15510,15510,2,0
2023-02-24 15:39:56,15510,15510,15510,2,0
2023-02-24 15:39:56,15510,15510,15510,2,0
2023-02-24 15:39:56,15510,15510,15510,2,0
2023-02-24 15:39:56,15510,15510,15510,2,0
2023-02-24 15:39:56,15510,15510,15510,2,0
2023-02-24 15:39:56,15510,15510,15510,2,0
2023-02-24 15:39:56,15510,15510,15510,2,0
2023-02-24 15:39:56,15510,15510,15510,6,0
2023-02-24 15:39:56,15510,15510,15510,2,0
2023-02-24 15:39:57,15510,15510,15510,2,0
2023-02-24 15:39:57,15510,15510,15510,2,0
2023-02-24 15:39:57,15510,15510,15510,16,0
2023-02-24 15:39:57,15510,15510,15510,2,0
2023-02-24 15:39:58,15510,15510,15510,2,0
2023-02-24 15:40:06,15510,15510,15510,2,0
2023-02-24 15:40:06,15510,15510,15510,2,0
2023-02-24 15:40:06,15509,15509,15509,2,-2
2023-02-24 15:40:06,15509,15509,15509,2,0
2023-02-24 15:40:06,15509,15509,15509,2,0
2023-02-24 15:40:07,15509,15509,15509,2,0
2023-02-24 15:40:14,15510,15510,15510,2,2
2023-02-24 15:40:14,15510,15510,15510,2,0
2023-02-24 15:40:15,15510,15510,15510,2,0
2023-02-24 15:40:17,15510,15510,15510,2,0
2023-02-24 15:40:21,15511,15511,15511,2,2
2023-02-24 15:40:22,15511,15511,15511,2,0
2023-02-24 15:40:26,15511,15511,15511,2,0
2023-02-24 15:40:36,15510,15510,15510,2,-2
2023-02-24 15:40:36,15510,15510,15510,2,0
2023-02-24 15:40:36,15509,15509,15509,2,-2
2023-02-24 15:40:36,15509,15509,15509,2,0
2023-02-24 15:40:37,15510,15510,15510,2,2
2023-02-24 15:40:44,15509,15509,15509,2,-2
2023-02-24 15:40:44,15509,15509,15509,2,0
2023-02-24 15:40:48,15509,15509,15509,2,0
2023-02-24 15:40:48,15509,15509,15509,2,0
2023-02-24 15:40:48,15509,15509,15509,2,0
2023-02-24 15:40:56,15509,15509,15509,4,0
2023-02-24 15:41:01,15510,15510,15510,2,2
2023-02-24 15:41:01,15509,15509,15509,2,-2
2023-02-24 15:41:02,15509,15509,15509,2,0
2023-02-24 15:41:02,15509,15509,15509,2,0
2023-02-24 15:41:03,15509,15509,15509,2,0
2023-02-24 15:41:03,15509,15509,15509,2,0
2023-02-24 15:41:07,15509,15509,15509,2,0
2023-02-24 15:41:18,15509,15509,15509,2,0
2023-02-24 15:41:24,15510,15510,15510,6,6
2023-02-24 15:41:28,15511,15511,15511,2,2
2023-02-24 15:41:36,15512,15512,15512,2,2
2023-02-24 15:41:36,15512,15512,15512,2,0
2023-02-24 15:41:39,15513,15513,15513,2,2
2023-02-24 15:41:39,15512,15512,15512,2,-2
2023-02-24 15:41:39,15513,15513,15513,2,2
2023-02-24 15:41:41,15514,15514,15514,6,6
2023-02-24 15:41:53,15514,15514,15514,2,0
2023-02-24 15:41:54,15514,15514,15514,2,0
2023-02-24 15:41:58,15514,15514,15514,2,0
2023-02-24 15:42:03,15515,15515,15515,8,8
2023-02-24 15:42:04,15514,15514,15514,4,-4
2023-02-24 15:42:11,15514,15514,15514,2,0
2023-02-24 15:42:11,15514,15514,15514,2,0
2023-02-24 15:42:13,15514,15514,15514,2,0
2023-02-24 15:42:18,15514,15514,15514,2,0
2023-02-24 15:42:20,15515,15515,15515,2,2
2023-02-24 15:42:22,15515,15515,15515,2,0
2023-02-24 15:42:31,15515,15515,15515,2,0
2023-02-24 15:42:35,15515,15515,15515,2,0
2023-02-24 15:42:36,15515,15515,15515,6,0
2023-02-24 15:42:36,15515,15515,15515,4,0
2023-02-24 15:42:43,15515,15515,15515,8,0
2023-02-24 15:42:43,15515,15515,15515,2,0
2023-02-24 15:42:44,15514,15514,15514,2,-2
2023-02-24 15:42:44,15514,15514,15514,2,0
2023-02-24 15:42:44,15514,15514,15514,2,0
2023-02-24 15:42:44,15514,15514,15514,2,0
2023-02-24 15:42:44,15514,15514,15514,2,0
2023-02-24 15:42:44,15514,15514,15514,6,0
2023-02-24 15:42:45,15516,15516,15516,2,2
2023-02-24 15:42:47,15516,15516,15516,2,0
2023-02-24 15:42:52,15516,15516,15516,2,0
2023-02-24 15:42:54,15516,15516,15516,4,0
2023-02-24 15:43:00,15516,15516,15516,4,0
2023-02-24 15:43:01,15515,15515,15515,2,-2
2023-02-24 15:43:03,15516,15516,15516,4,4
2023-02-24 15:43:03,15515,15515,15515,2,-2
2023-02-24 15:43:08,15515,15515,15515,2,0
2023-02-24 15:43:13,15516,15516,15516,2,2
2023-02-24 15:43:13,15516,15516,15516,2,0
2023-02-24 15:43:14,15516,15516,15516,2,0
2023-02-24 15:43:20,15516,15516,15516,2,0
2023-02-24 15:43:32,15517,15517,15517,6,6
2023-02-24 15:43:32,15517,15517,15517,2,0
2023-02-24 15:43:32,15516,15516,15516,2,-2
2023-02-24 15:43:32,15516,15516,15516,2,0
2023-02-24 15:43:33,15516,15516,15516,8,0
2023-02-24 15:43:35,15516,15516,15516,2,0
2023-02-24 15:43:40,15516,15516,15516,2,0
2023-02-24 15:44:02,15516,15516,15516,2,0
2023-02-24 15:44:04,15516,15516,15516,2,0
2023-02-24 15:44:07,15517,15517,15517,2,2
2023-02-24 15:44:13,15517,15517,15517,2,0
2023-02-24 15:44:15,15516,15516,15516,2,-2
2023-02-24 15:44:15,15517,15517,15517,8,8
2023-02-24 15:44:22,15517,15517,15517,2,0
2023-02-24 15:44:27,15517,15517,15517,2,0
2023-02-24 15:44:31,15517,15517,15517,2,0
2023-02-24 15:44:32,15518,15518,15518,10,10
2023-02-24 15:44:32,15518,15518,15518,2,0
2023-02-24 15:44:38,15518,15518,15518,2,0
2023-02-24 15:44:39,15518,15518,15518,2,0
2023-02-24 15:44:39,15518,15518,15518,2,0
2023-02-24 15:44:40,15518,15518,15518,2,0
2023-02-24 15:44:40,15518,15518,15518,2,0
2023-02-24 15:44:40,15518,15518,15518,2,0
2023-02-24 15:44:41,15518,15518,15518,4,0
2023-02-24 15:44:42,15518,15518,15518,6,0
2023-02-24 15:44:44,15517,15517,15517,2,-2
2023-02-24 15:44:44,15517,15517,15517,2,0
2023-02-24 15:44:44,15517,15517,15517,2,0
2023-02-24 15:44:49,15518,15518,15518,4,4
2023-02-24 15:44:50,15517,15517,15517,2,-2
2023-02-24 15:44:58,15517,15517,15517,2,0
2023-02-24 15:44:58,15517,15517,15517,2,0
2023-02-24 15:44:58,15517,15517,15517,4,0
2023-02-24 15:44:58,15517,15517,15517,2,0
2023-02-24 15:45:01,15516,15516,15516,4,-4
2023-02-24 15:45:01,15516,15516,15516,2,0
2023-02-24 15:45:04,15516,15516,15516,2,0
2023-02-24 15:45:05,15515,15515,15515,2,-2
2023-02-24 15:45:05,15515,15515,15515,2,0
2023-02-24 15:45:05,15515,15515,15515,2,0
2023-02-24 15:45:05,15515,15515,15515,2,0
2023-02-24 15:45:05,15515,15515,15515,4,0
2023-02-24 15:45:05,15515,15515,15515,2,0
2023-02-24 15:45:12,15514,15514,15514,2,-2
2023-02-24 15:45:12,15514,15514,15514,2,0
2023-02-24 15:45:13,15514,15514,15514,2,0
2023-02-24 15:45:14,15514,15514,15514,2,0
2023-02-24 15:45:14,15514,15514,15514,2,0
2023-02-24 15:45:14,15514,15514,15514,2,0
2023-02-24 15:45:14,15513,15513,15513,2,-2
2023-02-24 15:45:14,15513,15513,15513,2,0
2023-02-24 15:45:14,15513,15513,15513,4,0
2023-02-24 15:45:14,15512,15512,15512,2,-2
2023-02-24 15:45:14,15512,15512,15512,2,0
2023-02-24 15:45:15,15512,15512,15512,2,0
2023-02-24 15:45:17,15514,15514,15514,2,2
2023-02-24 15:45:20,15512,15512,15512,2,-2
2023-02-24 15:45:21,15512,15512,15512,2,0
2023-02-24 15:45:21,15513,15513,15513,2,2
2023-02-24 15:45:32,15513,15513,15513,2,0
2023-02-24 15:45:33,15512,15512,15512,2,-2
2023-02-24 15:45:33,15512,15512,15512,2,0
2023-02-24 15:45:52,15512,15512,15512,2,0
2023-02-24 15:45:52,15511,15511,15511,2,-2
2023-02-24 15:45:52,15511,15511,15511,2,0
2023-02-24 15:45:55,15512,15512,15512,2,2
2023-02-24 15:45:55,15511,15511,15511,4,-4
2023-02-24 15:45:55,15511,15511,15511,2,0
2023-02-24 15:45:55,15511,15511,15511,2,0
2023-02-24 15:45:55,15511,15511,15511,4,0
2023-02-24 15:45:55,15511,15511,15511,2,0
2023-02-24 15:45:55,15511,15511,15511,2,0
2023-02-24 15:45:57,15512,15512,15512,2,2
2023-02-24 15:46:04,15511,15511,15511,2,-2
2023-02-24 15:46:05,15511,15511,15511,2,0
2023-02-24 15:46:05,15511,15511,15511,2,0
2023-02-24 15:46:05,15511,15511,15511,2,0
2023-02-24 15:46:05,15511,15511,15511,2,0
2023-02-24 15:46:10,15511,15511,15511,2,0
2023-02-24 15:46:11,15511,15511,15511,2,0
2023-02-24 15:46:11,15511,15511,15511,2,0
2023-02-24 15:46:11,15511,15511,15511,2,0
2023-02-24 15:46:17,15511,15511,15511,2,0
2023-02-24 15:46:25,15511,15511,15511,2,0
2023-02-24 15:46:25,15511,15511,15511,2,0
2023-02-24 15:46:27,15511,15511,15511,2,0
2023-02-24 15:46:27,15511,15511,15511,2,0
2023-02-24 15:46:27,15511,15511,15511,4,0
2023-02-24 15:46:33,15511,15511,15511,2,0
2023-02-24 15:46:34,15511,15511,15511,4,0
2023-02-24 15:46:34,15511,15511,15511,2,0
2023-02-24 15:46:34,15510,15510,15510,2,-2
2023-02-24 15:46:34,15510,15510,15510,2,0
2023-02-24 15:46:34,15510,15510,15510,2,0
2023-02-24 15:46:34,15510,15510,15510,2,0
2023-02-24 15:46:34,15510,15510,15510,2,0
2023-02-24 15:46:34,15510,15510,15510,2,0
2023-02-24 15:46:34,15510,15510,15510,2,0
2023-02-24 15:46:34,15510,15510,15510,2,0
2023-02-24 15:46:43,15511,15511,15511,2,2
2023-02-24 15:46:44,15511,15511,15511,4,0
2023-02-24 15:46:50,15511,15511,15511,2,0
2023-02-24 15:46:51,15511,15511,15511,2,0
2023-02-24 15:46:51,15511,15511,15511,2,0
2023-02-24 15:47:02,15512,15512,15512,2,2
2023-02-24 15:47:02,15511,15511,15511,2,-2
2023-02-24 15:47:02,15511,15511,15511,2,0
2023-02-24 15:47:02,15510,15510,15510,2,-2
2023-02-24 15:47:03,15512,15512,15512,2,2
2023-02-24 15:47:03,15512,15512,15512,2,0
2023-02-24 15:47:03,15512,15512,15512,2,0
2023-02-24 15:47:20,15512,15512,15512,2,0
2023-02-24 15:47:23,15511,15511,15511,2,-2
2023-02-24 15:47:23,15511,15511,15511,2,0
2023-02-24 15:47:23,15510,15510,15510,2,-2
2023-02-24 15:47:26,15510,15510,15510,2,0
2023-02-24 15:47:26,15510,15510,15510,2,0
2023-02-24 15:47:29,15510,15510,15510,2,0
2023-02-24 15:47:37,15510,15510,15510,4,0
2023-02-24 15:47:39,15511,15511,15511,2,2
2023-02-24 15:47:39,15512,15512,15512,4,4
2023-02-24 15:47:39,15510,15510,15510,2,-2
2023-02-24 15:48:01,15511,15511,15511,2,2
2023-02-24 15:48:02,15510,15510,15510,2,-2
2023-02-24 15:48:02,15510,15510,15510,2,0
2023-02-24 15:48:02,15510,15510,15510,2,0
2023-02-24 15:48:12,15512,15512,15512,2,2
2023-02-24 15:48:15,15512,15512,15512,2,0
2023-02-24 15:48:15,15513,15513,15513,2,2
2023-02-24 15:48:15,15513,15513,15513,2,0
2023-02-24 15:48:15,15513,15513,15513,2,0
2023-02-24 15:48:15,15513,15513,15513,2,0
2023-02-24 15:48:18,15514,15514,15514,2,2
2023-02-24 15:48:22,15513,15513,15513,2,-2
2023-02-24 15:48:27,15515,15515,15515,2,2
2023-02-24 15:48:32,15515,15515,15515,2,0
2023-02-24 15:48:32,15515,15515,15515,12,0
2023-02-24 15:48:32,15515,15515,15515,2,0
2023-02-24 15:48:36,15516,15516,15516,8,8
2023-02-24 15:48:40,15517,15517,15517,2,2
2023-02-24 15:48:40,15517,15517,15517,2,0
2023-02-24 15:48:44,15518,15518,15518,4,4
2023-02-24 15:48:47,15517,15517,15517,2,-2
2023-02-24 15:48:47,15517,15517,15517,2,0
2023-02-24 15:48:47,15517,15517,15517,2,0
2023-02-24 15:48:58,15517,15517,15517,2,0
2023-02-24 15:49:05,15517,15517,15517,2,0
2023-02-24 15:49:15,15518,15518,15518,2,2
2023-02-24 15:49:15,15519,15519,15519,2,2
2023-02-24 15:49:15,15518,15518,15518,2,-2
2023-02-24 15:49:15,15517,15517,15517,2,-2
2023-02-24 15:49:15,15517,15517,15517,2,0
2023-02-24 15:49:20,15519,15519,15519,34,34
2023-02-24 15:49:28,15519,15519,15519,2,0
2023-02-24 15:49:29,15519,15519,15519,2,0
2023-02-24 15:49:33,15520,15520,15520,10,10
2023-02-24 15:49:33,15520,15520,15520,2,0
2023-02-24 15:49:33,15520,15520,15520,2,0
2023-02-24 15:49:33,15520,15520,15520,2,0
2023-02-24 15:49:44,15520,15520,15520,2,0
2023-02-24 15:49:44,15519,15519,15519,2,-2
2023-02-24 15:49:44,15519,15519,15519,2,0
2023-02-24 15:49:47,15519,15519,15519,2,0
2023-02-24 15:49:48,15519,15519,15519,2,0
2023-02-24 15:49:48,15519,15519,15519,4,0
2023-02-24 15:49:50,15520,15520,15520,2,2
2023-02-24 15:50:00,15519,15519,15519,2,-2
2023-02-24 15:50:00,15519,15519,15519,2,0
2023-02-24 15:50:00,15519,15519,15519,2,0
2023-02-24 15:50:04,15518,15518,15518,2,-2
2023-02-24 15:50:05,15518,15518,15518,2,0
2023-02-24 15:50:06,15518,15518,15518,2,0
2023-02-24 15:50:10,15518,15518,15518,2,0
2023-02-24 15:50:17,15518,15518,15518,2,0
2023-02-24 15:50:17,15518,15518,15518,2,0
2023-02-24 15:50:17,15518,15518,15518,2,0
2023-02-24 15:50:17,15518,15518,15518,2,0
2023-02-24 15:50:17,15518,15518,15518,2,0
