2023-02-01 13:40:01.258,15387,15388,15387,1,-1
2023-02-01 13:40:01.460,15387,15388,15388,1,1
2023-02-01 13:40:01.593,15387,15388,15388,2,2
2023-02-01 13:40:01.593,15387,15388,15389,3,3
2023-02-01 13:40:01.674,15388,15389,15389,1,1
2023-02-01 13:40:01.712,15388,15389,15389,1,1
2023-02-01 13:40:01.731,15388,15389,15389,1,1
2023-02-01 13:40:02.025,15388,15389,15389,2,2
2023-02-01 13:40:02.223,15388,15389,15389,1,1
2023-02-01 13:40:02.223,15388,15389,15390,7,7
2023-02-01 13:40:02.224,15388,15389,15389,1,1
2023-02-01 13:40:02.309,15388,15389,15389,2,2
2023-02-01 13:40:02.365,15388,15389,15388,2,-2
2023-02-01 13:40:02.372,15388,15389,15388,1,-1
2023-02-01 13:40:02.419,15388,15389,15389,4,4
2023-02-01 13:40:04.102,15388,15390,15390,2,2
2023-02-01 13:40:04.885,15389,15390,15390,3,3
2023-02-01 13:40:04.885,15389,15390,15391,2,2
2023-02-01 13:40:04.969,15389,15390,15389,1,-1
2023-02-01 13:40:07.385,15389,15390,15390,1,1
2023-02-01 13:40:08.044,15389,15390,15390,2,2
2023-02-01 13:40:08.045,15389,15390,15389,1,-1
2023-02-01 13:40:10.959,15388,15390,15388,1,-1
2023-02-01 13:40:10.990,15388,15390,15388,1,-1
2023-02-01 13:40:11.949,15388,15389,15389,1,1
2023-02-01 13:40:11.949,15388,15389,15390,1,1
2023-02-01 13:40:13.489,15388,15389,15388,1,-1
2023-02-01 13:40:14.711,15388,15389,15388,2,-2
2023-02-01 13:40:15.277,15388,15389,15389,4,4
2023-02-01 13:40:15.870,15388,15390,15390,2,2
2023-02-01 13:40:16.353,15388,15390,15388,1,-1
2023-02-01 13:40:16.771,15389,15390,15389,1,-1
2023-02-01 13:40:16.870,15389,15390,15389,2,-2
2023-02-01 13:40:18.975,15388,15389,15389,3,3
2023-02-01 13:40:19.766,15388,15389,15389,1,1
2023-02-01 13:40:19.766,15388,15389,15390,1,1
2023-02-01 13:40:20.901,15388,15390,15388,2,-2
2023-02-01 13:40:20.948,15388,15390,15388,2,-2
2023-02-01 13:40:21.464,15388,15389,15388,1,-1
2023-02-01 13:40:21.692,15387,15389,15389,1,1
2023-02-01 13:40:22.453,15387,15389,15389,3,3
2023-02-01 13:40:23.708,15387,15389,15389,2,2
2023-02-01 13:40:23.916,15387,15389,15389,1,1
2023-02-01 13:40:24.221,15387,15389,15388,1,1
2023-02-01 13:40:24.280,15387,15389,15387,10,-10
2023-02-01 13:40:24.752,15386,15388,15388,1,1
2023-02-01 13:40:26.218,15386,15388,15388,1,1
2023-02-01 13:40:26.453,15386,15388,15388,5,5
2023-02-01 13:40:26.832,15387,15388,15387,4,-4
2023-02-01 13:40:27.321,15387,15388,15387,3,-3
2023-02-01 13:40:27.655,15386,15388,15388,2,2
2023-02-01 13:40:28.518,15386,15388,15388,3,3
2023-02-01 13:40:28.560,15386,15388,15388,1,1
2023-02-01 13:40:30.439,15386,15387,15387,3,3
2023-02-01 13:40:30.440,15386,15387,15387,2,2
2023-02-01 13:40:30.799,15386,15387,15387,1,1
2023-02-01 13:40:30.804,15386,15387,15387,1,1
2023-02-01 13:40:31.022,15386,15387,15386,2,-2
2023-02-01 13:40:31.084,15386,15387,15386,1,-1
2023-02-01 13:40:31.461,15386,15387,15387,1,1
2023-02-01 13:40:31.582,15386,15387,15387,2,2
2023-02-01 13:40:32.014,15386,15387,15387,5,5
2023-02-01 13:40:35.374,15386,15387,15387,1,1
2023-02-01 13:40:35.374,15386,15387,15388,1,1
2023-02-01 13:40:36.949,15386,15388,15388,2,2
2023-02-01 13:40:37.185,15386,15388,15387,1,1
2023-02-01 13:40:39.283,15386,15388,15388,2,2
2023-02-01 13:40:41.732,15386,15387,15387,1,1
2023-02-01 13:40:43.073,15386,15387,15387,2,2
2023-02-01 13:40:44.199,15386,15387,15386,24,-24
2023-02-01 13:40:44.307,15385,15387,15385,1,-1
2023-02-01 13:40:45.349,15385,15386,15386,2,2
2023-02-01 13:40:45.351,15385,15386,15386,1,1
2023-02-01 13:40:45.587,15385,15386,15386,2,2
2023-02-01 13:40:46.671,15385,15386,15385,1,-1
2023-02-01 13:40:46.809,15385,15386,15385,3,-3
2023-02-01 13:40:47.026,15385,15386,15386,2,2
2023-02-01 13:40:47.551,15385,15386,15385,1,-1
2023-02-01 13:40:48.033,15385,15386,15385,1,-1
2023-02-01 13:40:48.476,15385,15386,15385,30,-30
2023-02-01 13:40:48.686,15384,15385,15384,2,-2
2023-02-01 13:40:48.736,15384,15385,15384,2,-2
2023-02-01 13:40:49.646,15384,15385,15384,11,-11
2023-02-01 13:40:49.830,15383,15385,15384,1,-1
2023-02-01 13:40:49.912,15383,15385,15385,1,1
2023-02-01 13:40:50.837,15384,15385,15385,2,2
2023-02-01 13:40:51.242,15384,15385,15384,1,-1
2023-02-01 13:40:51.301,15384,15385,15384,1,-1
2023-02-01 13:40:53.795,15384,15385,15384,1,-1
2023-02-01 13:40:54.765,15384,15385,15385,2,2
2023-02-01 13:40:54.786,15384,15385,15384,1,-1
2023-02-01 13:40:56.499,15384,15385,15384,1,-1
2023-02-01 13:40:56.869,15384,15385,15385,2,2
2023-02-01 13:40:57.632,15384,15385,15385,2,2
2023-02-01 13:40:57.989,15384,15385,15385,1,1
2023-02-01 13:40:58.120,15384,15385,15385,1,1
2023-02-01 13:40:58.570,15384,15385,15385,2,2
2023-02-01 13:41:00.312,15384,15385,15385,1,1
2023-02-01 13:41:00.491,15384,15385,15384,1,-1
2023-02-01 13:41:00.898,15384,15385,15385,4,4
2023-02-01 13:41:00.936,15384,15385,15384,1,-1
2023-02-01 13:41:01.516,15384,15386,15386,1,1
2023-02-01 13:41:02.270,15384,15385,15384,2,-2
2023-02-01 13:41:02.313,15384,15385,15384,2,-2
2023-02-01 13:41:02.377,15384,15385,15385,2,2
2023-02-01 13:41:06.148,15384,15385,15385,2,2
2023-02-01 13:41:06.526,15384,15385,15385,2,2
2023-02-01 13:41:10.067,15384,15385,15385,2,2
2023-02-01 13:41:11.018,15384,15385,15384,2,-2
2023-02-01 13:41:11.047,15384,15385,15384,1,-1
2023-02-01 13:41:11.496,15384,15385,15385,1,1
2023-02-01 13:41:13.984,15384,15385,15385,2,2
2023-02-01 13:41:14.610,15384,15385,15385,1,1
2023-02-01 13:41:14.622,15384,15385,15385,6,6
2023-02-01 13:41:14.623,15384,15385,15385,4,4
2023-02-01 13:41:14.623,15384,15385,15385,1,1
2023-02-01 13:41:14.857,15384,15385,15385,1,1
2023-02-01 13:41:14.857,15384,15385,15386,42,42
2023-02-01 13:41:14.857,15384,15385,15387,17,17
2023-02-01 13:41:15.160,15386,15387,15386,1,-1
2023-02-01 13:41:15.163,15386,15387,15386,1,-1
2023-02-01 13:41:17.931,15386,15387,15387,2,2
2023-02-01 13:41:18.914,15386,15387,15387,1,1
2023-02-01 13:41:19.531,15386,15387,15387,1,1
2023-02-01 13:41:20.927,15386,15387,15386,1,-1
2023-02-01 13:41:20.982,15386,15387,15386,2,-2
2023-02-01 13:41:21.717,15386,15387,15387,2,2
2023-02-01 13:41:23.008,15386,15387,15387,1,1
2023-02-01 13:41:23.193,15386,15387,15386,1,-1
2023-02-01 13:41:24.169,15386,15387,15387,3,3
2023-02-01 13:41:24.169,15386,15387,15388,1,1
2023-02-01 13:41:24.219,15386,15387,15388,4,4
2023-02-01 13:41:24.269,15387,15388,15388,4,4
2023-02-01 13:41:24.452,15387,15388,15387,1,-1
2023-02-01 13:41:24.456,15387,15388,15387,1,-1
2023-02-01 13:41:24.469,15387,15388,15387,1,-1
2023-02-01 13:41:25.227,15387,15388,15388,1,1
2023-02-01 13:41:25.667,15387,15388,15388,2,2
2023-02-01 13:41:26.401,15387,15388,15388,2,2
2023-02-01 13:41:26.401,15387,15388,15389,4,4
2023-02-01 13:41:27.022,15387,15388,15388,2,2
2023-02-01 13:41:28.057,15387,15388,15388,1,1
2023-02-01 13:41:28.057,15387,15388,15389,1,1
2023-02-01 13:41:28.693,15387,15388,15387,1,-1
2023-02-01 13:41:29.547,15387,15388,15388,2,2
2023-02-01 13:41:30.878,15387,15389,15387,2,-2
2023-02-01 13:41:30.914,15387,15389,15387,1,-1
2023-02-01 13:41:31.122,15387,15389,15387,1,-1
2023-02-01 13:41:31.122,15387,15389,15387,1,-1
2023-02-01 13:41:32.533,15388,15389,15389,2,2
2023-02-01 13:41:33.419,15388,15389,15389,2,2
2023-02-01 13:41:34.942,15388,15389,15389,1,1
2023-02-01 13:41:36.039,15388,15389,15388,1,-1
2023-02-01 13:41:36.684,15388,15389,15388,10,-10
2023-02-01 13:41:37.279,15388,15389,15389,2,2
2023-02-01 13:41:38.386,15388,15389,15388,1,-1
2023-02-01 13:41:38.424,15388,15389,15388,10,-10
2023-02-01 13:41:40.870,15387,15388,15387,1,-1
2023-02-01 13:41:41.141,15387,15388,15388,2,2
2023-02-01 13:41:41.977,15387,15388,15387,9,-9
2023-02-01 13:41:42.028,15386,15388,15387,4,-4
2023-02-01 13:41:43.654,15386,15387,15386,1,-1
2023-02-01 13:41:44.968,15386,15387,15386,5,-5
2023-02-01 13:41:45.019,15386,15387,15387,2,2
2023-02-01 13:41:45.706,15386,15387,15386,7,-7
2023-02-01 13:41:48.651,15385,15387,15385,2,-2
2023-02-01 13:41:48.680,15385,15387,15385,2,-2
2023-02-01 13:41:48.886,15385,15386,15386,1,1
2023-02-01 13:41:48.886,15385,15386,15387,1,1
2023-02-01 13:41:50.918,15385,15387,15385,1,-1
2023-02-01 13:41:50.978,15385,15387,15385,1,-1
2023-02-01 13:41:51.895,15385,15387,15386,1,-1
2023-02-01 13:41:52.253,15386,15387,15387,1,1
2023-02-01 13:41:52.444,15386,15387,15387,1,1
2023-02-01 13:41:52.775,15386,15387,15387,2,2
2023-02-01 13:41:54.929,15386,15387,15386,6,-6
2023-02-01 13:41:56.638,15385,15386,15386,2,2
2023-02-01 13:41:58.236,15385,15386,15386,4,4
2023-02-01 13:41:58.237,15385,15386,15386,1,1
2023-02-01 13:41:59.885,15385,15386,15385,1,-1
2023-02-01 13:41:59.946,15385,15386,15385,2,-2
2023-02-01 13:41:59.991,15385,15386,15385,1,-1
2023-02-01 13:42:00.273,15385,15386,15385,1,-1
2023-02-01 13:42:00.502,15385,15386,15386,2,2
2023-02-01 13:42:00.522,15385,15386,15385,1,-1
2023-02-01 13:42:00.523,15385,15386,15385,4,-4
2023-02-01 13:42:00.524,15385,15386,15385,4,-4
2023-02-01 13:42:00.538,15385,15386,15385,1,-1
2023-02-01 13:42:00.552,15385,15386,15385,1,-1
2023-02-01 13:42:00.574,15385,15386,15386,1,1
2023-02-01 13:42:00.574,15385,15386,15387,1,1
2023-02-01 13:42:00.587,15385,15386,15385,4,-4
2023-02-01 13:42:00.620,15385,15387,15385,1,-1
2023-02-01 13:42:00.663,15385,15387,15385,1,-1
2023-02-01 13:42:00.911,15385,15387,15385,1,-1
2023-02-01 13:42:00.911,15385,15387,15385,1,-1
2023-02-01 13:42:00.936,15385,15387,15385,2,-2
2023-02-01 13:42:01.520,15385,15386,15386,3,3
2023-02-01 13:42:01.520,15385,15386,15387,1,1
2023-02-01 13:42:01.565,15385,15386,15385,2,-2
2023-02-01 13:42:02.285,15385,15387,15385,2,-2
2023-02-01 13:42:02.357,15385,15387,15385,2,-2
2023-02-01 13:42:02.501,15385,15387,15385,1,-1
2023-02-01 13:42:02.516,15385,15387,15385,1,-1
2023-02-01 13:42:04.387,15384,15387,15387,2,2
2023-02-01 13:42:04.798,15384,15386,15384,10,-10
2023-02-01 13:42:04.800,15384,15386,15384,13,-13
2023-02-01 13:42:05.492,15383,15386,15385,2,2
2023-02-01 13:42:05.601,15383,15386,15383,3,-3
2023-02-01 13:42:05.649,15383,15386,15383,1,-1
2023-02-01 13:42:07.840,15383,15386,15383,2,-2
2023-02-01 13:42:08.216,15383,15385,15383,1,-1
2023-02-01 13:42:08.266,15383,15385,15385,2,2
2023-02-01 13:42:08.489,15384,15386,15386,1,1
2023-02-01 13:42:09.204,15384,15386,15386,1,1
2023-02-01 13:42:11.018,15384,15386,15384,2,-2
2023-02-01 13:42:11.062,15384,15386,15384,1,-1
2023-02-01 13:42:12.150,15384,15386,15386,2,2
2023-02-01 13:42:12.506,15384,15385,15384,1,-1
2023-02-01 13:42:12.545,15384,15385,15384,11,-11
2023-02-01 13:42:13.001,15383,15385,15383,1,-1
2023-02-01 13:42:13.840,15383,15385,15385,4,4
2023-02-01 13:42:13.856,15383,15385,15383,2,-2
2023-02-01 13:42:15.247,15383,15385,15385,1,1
2023-02-01 13:42:15.247,15383,15385,15385,1,1
2023-02-01 13:42:15.733,15383,15384,15383,2,-2
2023-02-01 13:42:15.899,15383,15384,15384,1,1
2023-02-01 13:42:16.017,15383,15385,15385,2,2
2023-02-01 13:42:16.255,15383,15385,15385,2,2
2023-02-01 13:42:16.540,15383,15384,15384,3,3
2023-02-01 13:42:16.654,15383,15385,15383,1,-1
2023-02-01 13:42:16.687,15383,15385,15383,1,-1
2023-02-01 13:42:16.738,15383,15385,15383,1,-1
2023-02-01 13:42:17.018,15383,15384,15383,2,-2
2023-02-01 13:42:17.149,15383,15384,15384,2,2
2023-02-01 13:42:17.149,15383,15384,15385,9,9
2023-02-01 13:42:17.653,15383,15384,15384,1,1
2023-02-01 13:42:17.679,15383,15384,15383,1,-1
2023-02-01 13:42:18.213,15383,15385,15384,2,-2
2023-02-01 13:42:18.659,15383,15384,15384,1,1
2023-02-01 13:42:19.549,15383,15384,15384,1,1
2023-02-01 13:42:19.886,15383,15385,15385,2,2
2023-02-01 13:42:20.384,15383,15385,15385,1,1
2023-02-01 13:42:20.977,15383,15385,15383,2,-2
2023-02-01 13:42:21.015,15383,15385,15383,2,-2
2023-02-01 13:42:21.962,15383,15385,15383,3,-3
2023-02-01 13:42:23.531,15383,15385,15383,1,-1
2023-02-01 13:42:23.627,15383,15385,15383,2,-2
2023-02-01 13:42:23.771,15383,15385,15385,2,2
2023-02-01 13:42:24.036,15383,15385,15383,1,-1
2023-02-01 13:42:24.184,15383,15385,15385,1,1
2023-02-01 13:42:24.527,15383,15385,15385,1,1
2023-02-01 13:42:26.401,15383,15385,15385,6,6
2023-02-01 13:42:26.487,15383,15385,15384,1,1
2023-02-01 13:42:26.665,15383,15385,15385,6,6
2023-02-01 13:42:26.665,15383,15385,15386,22,22
2023-02-01 13:42:27.639,15385,15386,15386,2,2
2023-02-01 13:42:27.737,15385,15386,15385,1,-1
2023-02-01 13:42:27.799,15385,15386,15386,1,1
2023-02-01 13:42:27.799,15385,15386,15387,2,2
2023-02-01 13:42:29.366,15385,15387,15386,1,1
2023-02-01 13:42:29.744,15386,15387,15387,10,10
2023-02-01 13:42:30.878,15386,15388,15386,1,-1
2023-02-01 13:42:30.890,15386,15388,15388,1,1
2023-02-01 13:42:30.924,15386,15388,15386,1,-1
2023-02-01 13:42:31.512,15386,15388,15388,2,2
2023-02-01 13:42:31.520,15386,15388,15386,2,-2
2023-02-01 13:42:31.942,15386,15388,15388,1,1
2023-02-01 13:42:32.159,15386,15388,15386,1,-1
2023-02-01 13:42:32.457,15386,15388,15388,2,2
2023-02-01 13:42:33.322,15386,15388,15386,1,-1
2023-02-01 13:42:34.158,15386,15388,15387,1,-1
2023-02-01 13:42:35.389,15386,15388,15388,2,2
2023-02-01 13:42:35.484,15386,15388,15386,1,-1
2023-02-01 13:42:35.621,15386,15388,15386,1,-1
2023-02-01 13:42:36.408,15386,15388,15387,1,-1
2023-02-01 13:42:36.791,15386,15388,15388,2,2
2023-02-01 13:42:39.267,15386,15388,15388,2,2
2023-02-01 13:42:39.419,15386,15388,15386,2,-2
2023-02-01 13:42:39.941,15386,15388,15386,1,-1
2023-02-01 13:42:40.755,15386,15388,15388,1,1
2023-02-01 13:42:41.002,15386,15388,15388,1,1
2023-02-01 13:42:42.247,15386,15388,15386,1,-1
2023-02-01 13:42:42.247,15386,15388,15386,1,-1
2023-02-01 13:42:43.154,15386,15388,15388,2,2
2023-02-01 13:42:46.372,15386,15388,15386,1,-1
2023-02-01 13:42:46.372,15386,15388,15386,1,-1
2023-02-01 13:42:46.549,15386,15388,15386,1,-1
2023-02-01 13:42:47.030,15386,15388,15388,2,2
2023-02-01 13:42:47.306,15386,15388,15386,2,-2
2023-02-01 13:42:48.602,15386,15388,15386,2,-2
2023-02-01 13:42:48.647,15386,15388,15386,2,-2
2023-02-01 13:42:49.991,15386,15388,15386,1,-1
2023-02-01 13:42:50.803,15386,15388,15387,6,-6
2023-02-01 13:42:50.867,15386,15388,15386,2,-2
2023-02-01 13:42:50.897,15386,15388,15386,1,-1
2023-02-01 13:42:50.902,15386,15388,15387,2,-2
2023-02-01 13:42:50.907,15386,15388,15386,12,-12
2023-02-01 13:42:51.854,15386,15387,15386,1,-1
2023-02-01 13:42:53.278,15385,15387,15385,1,-1
2023-02-01 13:42:53.538,15385,15387,15385,2,-2
2023-02-01 13:42:54.231,15385,15386,15385,5,-5
2023-02-01 13:42:54.283,15385,15386,15386,2,2
2023-02-01 13:42:54.591,15385,15387,15387,2,2
2023-02-01 13:42:55.208,15385,15387,15385,2,-2
2023-02-01 13:42:58.469,15386,15387,15387,2,2
2023-02-01 13:42:58.516,15386,15387,15386,1,-1
2023-02-01 13:42:59.977,15386,15387,15386,10,-10
2023-02-01 13:43:00.080,15385,15387,15387,2,2
2023-02-01 13:43:00.369,15386,15387,15386,1,-1
2023-02-01 13:43:00.468,15386,15387,15386,1,-1
2023-02-01 13:43:02.137,15386,15387,15387,2,2
2023-02-01 13:43:02.142,15386,15387,15386,1,-1
2023-02-01 13:43:02.345,15386,15387,15386,1,-1
2023-02-01 13:43:02.405,15386,15387,15386,2,-2
2023-02-01 13:43:02.787,15386,15387,15386,2,-2
2023-02-01 13:43:03.095,15385,15387,15385,2,-2
2023-02-01 13:43:03.662,15385,15387,15386,1,-1
2023-02-01 13:43:04.524,15386,15387,15387,1,1
2023-02-01 13:43:05.996,15386,15387,15387,2,2
2023-02-01 13:43:06.655,15385,15387,15385,1,-1
2023-02-01 13:43:08.034,15385,15387,15385,14,-14
2023-02-01 13:43:09.569,15385,15386,15385,1,-1
2023-02-01 13:43:09.667,15385,15386,15386,2,2
2023-02-01 13:43:10.317,15385,15386,15386,1,1
2023-02-01 13:43:10.947,15385,15386,15385,2,-2
2023-02-01 13:43:10.998,15385,15386,15385,2,-2
2023-02-01 13:43:11.012,15385,15386,15385,1,-1
2023-02-01 13:43:11.080,15385,15386,15385,1,-1
2023-02-01 13:43:12.035,15385,15386,15385,1,-1
2023-02-01 13:43:12.545,15385,15386,15386,1,1
2023-02-01 13:43:13.321,15385,15386,15386,2,2
2023-02-01 13:43:16.984,15385,15386,15386,2,2
2023-02-01 13:43:16.984,15385,15386,15386,4,4
2023-02-01 13:43:17.037,15386,15387,15386,3,-3
2023-02-01 13:43:17.051,15386,15387,15386,1,-1
2023-02-01 13:43:17.052,15386,15387,15386,1,-1
2023-02-01 13:43:17.718,15385,15387,15385,1,-1
2023-02-01 13:43:18.885,15386,15387,15386,2,-2
2023-02-01 13:43:20.709,15386,15387,15387,2,2
2023-02-01 13:43:20.937,15386,15387,15386,2,-2
2023-02-01 13:43:20.939,15386,15387,15387,12,12
2023-02-01 13:43:21.007,15387,15388,15387,2,-2
2023-02-01 13:43:21.043,15387,15388,15387,1,-1
2023-02-01 13:43:21.557,15386,15388,15387,1,-1
2023-02-01 13:43:23.321,15387,15388,15387,1,-1
2023-02-01 13:43:24.496,15387,15388,15388,2,2
2023-02-01 13:43:25.192,15387,15388,15387,1,-1
2023-02-01 13:43:26.056,15387,15388,15388,5,5
2023-02-01 13:43:26.472,15386,15387,15387,1,1
2023-02-01 13:43:26.472,15386,15387,15388,5,5
2023-02-01 13:43:26.781,15387,15388,15387,1,-1
2023-02-01 13:43:26.781,15387,15388,15386,1,-1
2023-02-01 13:43:28.230,15386,15388,15388,2,2
2023-02-01 13:43:28.879,15386,15388,15386,1,-1
2023-02-01 13:43:30.904,15386,15387,15386,1,-1
2023-02-01 13:43:30.972,15386,15387,15386,1,-1
2023-02-01 13:43:31.525,15386,15387,15386,12,-12
2023-02-01 13:43:31.946,15385,15386,15387,2,2
2023-02-01 13:43:31.974,15385,15386,15386,1,1
2023-02-01 13:43:32.239,15385,15386,15386,1,1
2023-02-01 13:43:32.610,15385,15387,15386,1,1
2023-02-01 13:43:33.122,15385,15387,15385,1,-1
2023-02-01 13:43:34.331,15385,15386,15385,21,-21
2023-02-01 13:43:34.445,15384,15386,15384,1,-1
2023-02-01 13:43:34.451,15384,15386,15384,6,-6
2023-02-01 13:43:34.549,15384,15385,15384,4,-4
2023-02-01 13:43:34.549,15384,15385,15384,16,-16
2023-02-01 13:43:34.612,15384,15385,15385,1,1
2023-02-01 13:43:34.679,15383,15385,15383,2,-2
2023-02-01 13:43:34.686,15383,15385,15383,2,-2
2023-02-01 13:43:34.687,15383,15385,15383,2,-2
2023-02-01 13:43:34.924,15383,15386,15385,1,1
2023-02-01 13:43:35.325,15383,15386,15385,1,1
2023-02-01 13:43:35.647,15383,15385,15385,1,1
2023-02-01 13:43:35.670,15383,15385,15385,2,2
2023-02-01 13:43:36.332,15383,15386,15385,1,1
2023-02-01 13:43:36.332,15383,15386,15386,1,1
2023-02-01 13:43:37.144,15383,15385,15385,1,1
2023-02-01 13:43:38.493,15384,15385,15384,1,-1
2023-02-01 13:43:39.269,15384,15385,15385,1,1
2023-02-01 13:43:39.434,15384,15385,15385,2,2
2023-02-01 13:43:39.987,15384,15385,15384,1,-1
2023-02-01 13:43:40.170,15384,15385,15384,1,-1
2023-02-01 13:43:40.380,15384,15385,15384,3,-3
2023-02-01 13:43:40.661,15384,15385,15385,1,1
2023-02-01 13:43:40.819,15384,15385,15384,1,-1
2023-02-01 13:43:40.969,15383,15384,15384,1,1
2023-02-01 13:43:42.408,15383,15384,15385,5,5
2023-02-01 13:43:42.577,15383,15385,15383,2,-2
2023-02-01 13:43:43.143,15383,15385,15385,2,2
2023-02-01 13:43:43.790,15383,15384,15384,1,1
2023-02-01 13:43:44.204,15383,15384,15383,1,-1
2023-02-01 13:43:44.493,15383,15384,15383,1,-1
2023-02-01 13:43:44.639,15383,15384,15383,1,-1
2023-02-01 13:43:44.958,15383,15384,15383,1,-1
2023-02-01 13:43:44.959,15383,15384,15384,3,3
2023-02-01 13:43:46.390,15383,15384,15383,1,-1
2023-02-01 13:43:46.569,15383,15384,15384,1,1
2023-02-01 13:43:46.684,15383,15384,15383,1,-1
2023-02-01 13:43:46.870,15383,15384,15384,1,1
2023-02-01 13:43:46.870,15383,15384,15385,1,1
2023-02-01 13:43:47.141,15383,15384,15384,1,1
2023-02-01 13:43:48.558,15383,15384,15383,2,-2
2023-02-01 13:43:49.017,15383,15384,15383,2,-2
2023-02-01 13:43:49.067,15383,15384,15383,2,-2
2023-02-01 13:43:49.678,15383,15384,15384,3,3
2023-02-01 13:43:50.471,15383,15384,15383,2,-2
2023-02-01 13:43:50.555,15383,15384,15383,5,-5
2023-02-01 13:43:50.579,15383,15384,15384,2,2
2023-02-01 13:43:50.862,15383,15384,15384,2,2
2023-02-01 13:43:50.906,15383,15385,15383,2,-2
2023-02-01 13:43:50.988,15383,15385,15383,1,-1
2023-02-01 13:43:54.263,15383,15384,15384,2,2
2023-02-01 13:43:54.396,15383,15384,15383,1,-1
2023-02-01 13:43:54.989,15383,15384,15384,1,1
2023-02-01 13:43:55.576,15383,15384,15383,1,-1
2023-02-01 13:43:55.939,15383,15384,15384,1,1
2023-02-01 13:43:56.654,15383,15384,15383,1,-1
2023-02-01 13:43:57.790,15383,15384,15383,1,-1
2023-02-01 13:43:57.964,15383,15384,15384,2,2
2023-02-01 13:43:57.978,15383,15384,15383,1,-1
2023-02-01 13:43:58.361,15383,15384,15383,2,-2
2023-02-01 13:43:59.354,15383,15384,15384,1,1
2023-02-01 13:43:59.708,15383,15384,15384,1,1
2023-02-01 13:43:59.708,15383,15384,15384,1,1
2023-02-01 13:43:59.888,15383,15384,15384,1,1
2023-02-01 13:44:00.007,15384,15385,15384,1,-1
2023-02-01 13:44:00.039,15384,15385,15384,2,-2
2023-02-01 13:44:00.041,15384,15385,15384,1,-1
2023-02-01 13:44:00.054,15384,15385,15384,1,-1
2023-02-01 13:44:00.057,15384,15385,15384,1,-1
2023-02-01 13:44:00.164,15384,15385,15385,1,1
2023-02-01 13:44:00.164,15384,15385,15385,2,2
2023-02-01 13:44:00.190,15384,15385,15385,16,16
2023-02-01 13:44:00.201,15384,15385,15384,1,-1
2023-02-01 13:44:00.204,15384,15385,15386,3,3
2023-02-01 13:44:00.284,15384,15386,15384,1,-1
2023-02-01 13:44:00.307,15384,15386,15384,1,-1
2023-02-01 13:44:00.320,15384,15386,15384,2,-2
2023-02-01 13:44:00.330,15384,15386,15384,2,-2
2023-02-01 13:44:00.344,15384,15386,15384,2,-2
2023-02-01 13:44:00.390,15384,15385,15384,1,-1
2023-02-01 13:44:00.393,15384,15385,15384,2,-2
2023-02-01 13:44:00.588,15384,15385,15385,1,1
2023-02-01 13:44:00.811,15384,15385,15385,1,1
2023-02-01 13:44:00.865,15384,15385,15385,4,4
2023-02-01 13:44:01.041,15384,15385,15384,1,-1
2023-02-01 13:44:01.058,15384,15385,15385,6,6
2023-02-01 13:44:01.058,15384,15385,15385,1,1
2023-02-01 13:44:01.114,15384,15385,15384,1,-1
2023-02-01 13:44:01.115,15384,15385,15385,1,1
2023-02-01 13:44:01.141,15384,15385,15384,1,-1
2023-02-01 13:44:01.168,15384,15385,15384,1,-1
2023-02-01 13:44:01.209,15384,15385,15385,1,1
2023-02-01 13:44:01.217,15384,15385,15384,11,-11
2023-02-01 13:44:01.292,15384,15386,15386,1,1
2023-02-01 13:44:01.300,15384,15386,15386,1,1
2023-02-01 13:44:01.350,15384,15386,15384,1,-1
2023-02-01 13:44:01.395,15384,15385,15385,1,1
2023-02-01 13:44:01.406,15384,15385,15386,1,1
2023-02-01 13:44:01.427,15384,15385,15386,1,1
2023-02-01 13:44:01.447,15384,15385,15386,1,1
2023-02-01 13:44:01.458,15384,15385,15386,1,1
2023-02-01 13:44:01.485,15384,15385,15386,1,1
2023-02-01 13:44:01.672,15384,15386,15386,2,2
2023-02-01 13:44:01.769,15384,15386,15384,1,-1
2023-02-01 13:44:01.791,15384,15386,15385,1,-1
2023-02-01 13:44:02.182,15384,15386,15384,1,-1
2023-02-01 13:44:02.335,15384,15386,15386,2,2
2023-02-01 13:44:02.473,15385,15386,15385,1,-1
2023-02-01 13:44:02.700,15385,15386,15385,2,-2
2023-02-01 13:44:02.794,15385,15386,15385,2,-2
2023-02-01 13:44:02.812,15385,15386,15385,2,-2
2023-02-01 13:44:02.940,15384,15386,15384,1,-1
2023-02-01 13:44:03.042,15384,15386,15385,1,-1
2023-02-01 13:44:03.254,15385,15386,15385,1,-1
2023-02-01 13:44:03.474,15385,15386,15385,5,-5
2023-02-01 13:44:03.721,15385,15386,15385,1,-1
2023-02-01 13:44:04.306,15385,15386,15385,1,-1
2023-02-01 13:44:04.326,15385,15386,15385,1,-1
2023-02-01 13:44:04.480,15385,15386,15385,1,-1
2023-02-01 13:44:05.045,15385,15386,15385,1,-1
2023-02-01 13:44:05.121,15385,15386,15385,1,-1
2023-02-01 13:44:05.396,15385,15386,15385,1,-1
2023-02-01 13:44:05.407,15385,15386,15386,2,2
2023-02-01 13:44:05.420,15385,15386,15385,2,-2
2023-02-01 13:44:05.705,15385,15386,15385,1,-1
2023-02-01 13:44:05.769,15385,15386,15385,2,-2
2023-02-01 13:44:06.043,15385,15386,15385,1,-1
2023-02-01 13:44:06.254,15385,15386,15385,2,-2
2023-02-01 13:44:06.467,15385,15386,15385,1,-1
2023-02-01 13:44:07.025,15385,15386,15385,1,-1
2023-02-01 13:44:07.397,15385,15386,15385,1,-1
2023-02-01 13:44:07.475,15385,15386,15385,1,-1
2023-02-01 13:44:07.538,15385,15386,15385,1,-1
2023-02-01 13:44:07.738,15385,15386,15385,1,-1
2023-02-01 13:44:07.777,15385,15386,15385,8,-8
2023-02-01 13:44:08.044,15384,15385,15384,1,-1
2023-02-01 13:44:08.109,15384,15385,15384,2,-2
2023-02-01 13:44:08.342,15384,15385,15384,1,-1
2023-02-01 13:44:08.383,15384,15385,15384,1,-1
2023-02-01 13:44:08.609,15384,15385,15384,1,-1
2023-02-01 13:44:08.609,15384,15385,15384,10,-10
2023-02-01 13:44:08.797,15383,15385,15383,3,-3
2023-02-01 13:44:09.002,15384,15385,15384,3,-3
2023-02-01 13:44:09.086,15384,15385,15384,2,-2
2023-02-01 13:44:09.136,15384,15385,15385,2,2
2023-02-01 13:44:09.680,15384,15385,15384,1,-1
2023-02-01 13:44:09.759,15384,15385,15384,1,-1
2023-02-01 13:44:10.044,15384,15385,15384,1,-1
2023-02-01 13:44:10.073,15384,15385,15385,1,1
2023-02-01 13:44:10.129,15384,15385,15385,2,2
2023-02-01 13:44:10.415,15384,15385,15384,1,-1
2023-02-01 13:44:10.751,15384,15385,15384,1,-1
2023-02-01 13:44:10.776,15384,15385,15385,6,6
2023-02-01 13:44:10.820,15384,15385,15384,2,-2
2023-02-01 13:44:10.962,15384,15385,15384,1,-1
2023-02-01 13:44:10.990,15384,15385,15384,1,-1
2023-02-01 13:44:11.028,15384,15385,15384,1,-1
2023-02-01 13:44:11.050,15384,15385,15384,1,-1
2023-02-01 13:44:11.090,15384,15385,15384,1,-1
2023-02-01 13:44:11.173,15384,15385,15384,1,-1
2023-02-01 13:44:11.174,15384,15385,15384,5,-5
2023-02-01 13:44:11.226,15384,15385,15384,11,-11
2023-02-01 13:44:11.226,15384,15385,15383,13,-13
2023-02-01 13:44:11.823,15384,15385,15384,1,-1
2023-02-01 13:44:12.474,15383,15384,15383,1,-1
2023-02-01 13:44:12.477,15383,15384,15383,2,-2
2023-02-01 13:44:12.680,15383,15385,15385,2,2
2023-02-01 13:44:12.893,15383,15385,15383,1,-1
2023-02-01 13:44:12.979,15383,15385,15383,1,-1
2023-02-01 13:44:13.031,15383,15385,15383,1,-1
2023-02-01 13:44:13.173,15383,15385,15383,24,-24
2023-02-01 13:44:13.298,15383,15385,15384,1,-1
2023-02-01 13:44:13.321,15383,15385,15383,1,-1
2023-02-01 13:44:13.513,15383,15384,15383,2,-2
2023-02-01 13:44:13.840,15383,15384,15383,1,-1
2023-02-01 13:44:13.964,15383,15384,15383,1,-1
2023-02-01 13:44:14.024,15383,15384,15384,1,1
2023-02-01 13:44:14.154,15383,15384,15383,2,-2
2023-02-01 13:44:14.172,15383,15384,15383,3,-3
2023-02-01 13:44:14.172,15383,15384,15382,1,-1
2023-02-01 13:44:14.392,15382,15384,15382,1,-1
2023-02-01 13:44:14.847,15383,15384,15384,1,1
2023-02-01 13:44:15.035,15383,15384,15383,1,-1
2023-02-01 13:44:15.036,15383,15384,15383,1,-1
2023-02-01 13:44:15.130,15383,15384,15384,1,1
2023-02-01 13:44:15.253,15383,15384,15383,1,-1
2023-02-01 13:44:15.451,15383,15384,15383,1,-1
2023-02-01 13:44:16.031,15383,15384,15383,2,-2
2023-02-01 13:44:16.039,15383,15384,15383,1,-1
2023-02-01 13:44:16.106,15383,15384,15382,1,-1
2023-02-01 13:44:16.228,15382,15384,15384,2,2
2023-02-01 13:44:16.371,15382,15383,15382,2,-2
2023-02-01 13:44:16.565,15382,15383,15382,1,-1
2023-02-01 13:44:16.729,15382,15383,15382,1,-1
2023-02-01 13:44:17.045,15382,15383,15382,1,-1
2023-02-01 13:44:17.177,15382,15383,15382,1,-1
2023-02-01 13:44:17.833,15382,15383,15382,6,-6
2023-02-01 13:44:17.929,15382,15383,15382,1,-1
2023-02-01 13:44:18.041,15382,15383,15382,1,-1
2023-02-01 13:44:18.248,15382,15383,15382,1,-1
2023-02-01 13:44:18.488,15382,15383,15382,1,-1
2023-02-01 13:44:18.614,15382,15383,15382,15,-15
2023-02-01 13:44:18.701,15382,15383,15382,2,-2
2023-02-01 13:44:18.707,15382,15383,15382,2,-2
2023-02-01 13:44:19.206,15381,15382,15382,1,1
2023-02-01 13:44:19.206,15381,15382,15383,6,6
2023-02-01 13:44:19.291,15381,15383,15381,1,-1
2023-02-01 13:44:19.320,15381,15383,15381,1,-1
2023-02-01 13:44:19.423,15381,15383,15381,1,-1
2023-02-01 13:44:19.955,15381,15383,15383,2,2
2023-02-01 13:44:19.955,15381,15383,15383,7,7
2023-02-01 13:44:19.985,15381,15383,15383,2,2
2023-02-01 13:44:20.043,15381,15384,15381,1,-1
2023-02-01 13:44:20.128,15381,15383,15383,1,1
2023-02-01 13:44:20.128,15381,15383,15384,1,1
2023-02-01 13:44:20.391,15381,15383,15381,1,-1
2023-02-01 13:44:20.614,15381,15383,15383,1,1
2023-02-01 13:44:20.676,15381,15383,15381,1,-1
2023-02-01 13:44:20.803,15381,15383,15382,2,-2
2023-02-01 13:44:20.917,15382,15383,15382,1,-1
2023-02-01 13:44:20.917,15382,15383,15381,1,-1
2023-02-01 13:44:20.988,15382,15383,15382,2,-2
2023-02-01 13:44:21.029,15381,15383,15382,1,-1
2023-02-01 13:44:21.315,15382,15383,15382,2,-2
2023-02-01 13:44:21.463,15382,15383,15382,1,-1
2023-02-01 13:44:22.032,15382,15383,15382,1,-1
2023-02-01 13:44:22.047,15382,15383,15382,2,-2
2023-02-01 13:44:22.280,15382,15383,15382,1,-1
2023-02-01 13:44:22.338,15382,15383,15382,1,-1
2023-02-01 13:44:22.533,15382,15383,15382,1,-1
2023-02-01 13:44:23.029,15382,15383,15382,1,-1
2023-02-01 13:44:23.386,15382,15383,15382,1,-1
2023-02-01 13:44:23.541,15382,15383,15382,6,-6
2023-02-01 13:44:23.572,15382,15383,15383,1,1
2023-02-01 13:44:23.572,15382,15383,15384,1,1
2023-02-01 13:44:23.604,15382,15383,15382,1,-1
2023-02-01 13:44:23.810,15382,15384,15382,2,-2
2023-02-01 13:44:24.001,15382,15384,15384,1,1
2023-02-01 13:44:24.673,15383,15384,15384,1,1
2023-02-01 13:44:24.675,15383,15384,15383,1,-1
2023-02-01 13:44:24.737,15383,15384,15383,1,-1
2023-02-01 13:44:24.764,15383,15384,15383,4,-4
2023-02-01 13:44:24.764,15383,15384,15382,6,-6
2023-02-01 13:44:24.785,15383,15384,15382,1,-1
2023-02-01 13:44:24.809,15383,15384,15383,2,-2
2023-02-01 13:44:24.875,15382,15383,15383,5,5
2023-02-01 13:44:25.017,15382,15383,15383,2,2
2023-02-01 13:44:25.037,15382,15383,15382,1,-1
2023-02-01 13:44:25.159,15382,15383,15383,5,5
2023-02-01 13:44:25.746,15382,15383,15382,1,-1
2023-02-01 13:44:26.032,15382,15383,15382,1,-1
2023-02-01 13:44:26.129,15382,15383,15382,1,-1
2023-02-01 13:44:26.315,15382,15383,15382,2,-2
2023-02-01 13:44:26.412,15382,15383,15382,4,-4
2023-02-01 13:44:26.818,15382,15383,15382,1,-1
2023-02-01 13:44:27.141,15382,15383,15383,2,2
2023-02-01 13:44:27.476,15382,15384,15382,1,-1
2023-02-01 13:44:27.888,15382,15383,15382,1,-1
2023-02-01 13:44:28.034,15382,15383,15382,1,-1
2023-02-01 13:44:28.681,15382,15383,15383,1,1
2023-02-01 13:44:28.701,15382,15383,15382,13,-13
2023-02-01 13:44:28.820,15381,15382,15381,2,-2
2023-02-01 13:44:28.832,15381,15382,15381,1,-1
2023-02-01 13:44:28.864,15381,15382,15382,5,5
2023-02-01 13:44:28.897,15381,15382,15381,1,-1
2023-02-01 13:44:28.959,15381,15382,15381,1,-1
2023-02-01 13:44:28.961,15381,15382,15382,2,2
2023-02-01 13:44:28.977,15381,15382,15382,2,2
2023-02-01 13:44:29.040,15381,15382,15382,3,3
2023-02-01 13:44:29.282,15381,15382,15382,1,1
2023-02-01 13:44:29.283,15381,15382,15382,1,1
2023-02-01 13:44:29.360,15381,15382,15381,1,-1
2023-02-01 13:44:29.942,15381,15383,15381,2,-2
2023-02-01 13:44:29.987,15381,15383,15381,1,-1
2023-02-01 13:44:30.033,15381,15383,15381,1,-1
2023-02-01 13:44:30.036,15381,15383,15381,1,-1
2023-02-01 13:44:30.170,15381,15383,15383,1,1
2023-02-01 13:44:30.170,15381,15383,15383,3,3
2023-02-01 13:44:30.552,15381,15383,15381,12,-12
2023-02-01 13:44:30.583,15381,15383,15381,1,-1
2023-02-01 13:44:30.752,15381,15382,15382,1,1
2023-02-01 13:44:30.752,15381,15382,15383,1,1
2023-02-01 13:44:30.898,15381,15383,15381,2,-2
2023-02-01 13:44:30.981,15381,15383,15381,1,-1
2023-02-01 13:44:31.337,15381,15383,15382,1,-1
2023-02-01 13:44:31.853,15381,15383,15383,2,2
2023-02-01 13:44:31.981,15381,15383,15383,2,2
2023-02-01 13:44:32.206,15381,15383,15381,6,-6
2023-02-01 13:44:32.407,15381,15382,15381,2,-2
2023-02-01 13:44:33.514,15381,15382,15382,1,1
2023-02-01 13:44:33.585,15381,15382,15381,25,-25
2023-02-01 13:44:33.802,15381,15382,15382,1,1
2023-02-01 13:44:33.802,15381,15382,15383,2,2
2023-02-01 13:44:33.827,15381,15382,15381,12,-12
2023-02-01 13:44:34.077,15381,15383,15382,1,-1
2023-02-01 13:44:34.243,15381,15383,15383,2,2
2023-02-01 13:44:35.039,15381,15383,15381,6,-6
2023-02-01 13:44:35.814,15381,15383,15381,12,-12
2023-02-01 13:44:36.139,15380,15383,15381,1,-1
2023-02-01 13:44:36.683,15381,15382,15382,1,1
2023-02-01 13:44:36.872,15381,15382,15382,2,2
2023-02-01 13:44:37.092,15381,15383,15382,2,2
2023-02-01 13:44:37.161,15382,15383,15382,1,-1
2023-02-01 13:44:37.447,15382,15383,15382,1,-1
2023-02-01 13:44:37.489,15382,15383,15382,1,-1
2023-02-01 13:44:37.489,15382,15383,15381,5,-5
2023-02-01 13:44:37.489,15382,15383,15380,6,-6
2023-02-01 13:44:37.530,15380,15383,15383,1,1
2023-02-01 13:44:37.533,15380,15383,15380,1,-1
2023-02-01 13:44:37.572,15380,15383,15380,1,-1
2023-02-01 13:44:37.687,15380,15383,15381,1,-1
2023-02-01 13:44:37.807,15381,15382,15382,2,2
2023-02-01 13:44:38.469,15381,15382,15382,2,2
2023-02-01 13:44:38.638,15381,15382,15382,1,1
2023-02-01 13:44:38.977,15381,15382,15382,1,1
2023-02-01 13:44:39.000,15381,15382,15381,1,-1
2023-02-01 13:44:39.040,15381,15382,15381,4,-4
2023-02-01 13:44:39.300,15380,15382,15380,2,-2
2023-02-01 13:44:39.441,15380,15382,15380,12,-12
2023-02-01 13:44:39.951,15381,15382,15381,1,-1
2023-02-01 13:44:39.951,15381,15382,15380,18,-18
2023-02-01 13:44:39.951,15381,15382,15379,11,-11
2023-02-01 13:44:40.083,15379,15382,15381,10,10
2023-02-01 13:44:40.085,15379,15382,15381,1,1
2023-02-01 13:44:40.104,15379,15382,15382,2,2
2023-02-01 13:44:40.173,15381,15382,15382,22,22
2023-02-01 13:44:40.173,15381,15382,15383,5,5
2023-02-01 13:44:40.350,15381,15383,15381,1,-1
2023-02-01 13:44:40.521,15381,15383,15381,3,-3
2023-02-01 13:44:41.701,15381,15382,15382,1,1
2023-02-01 13:44:41.798,15381,15382,15382,1,1
2023-02-01 13:44:42.033,15381,15382,15381,12,-12
2023-02-01 13:44:42.137,15381,15382,15381,1,-1
2023-02-01 13:44:42.318,15381,15382,15382,2,2
2023-02-01 13:44:42.697,15381,15382,15381,1,-1
2023-02-01 13:44:44.359,15381,15382,15382,1,1
2023-02-01 13:44:44.503,15381,15382,15381,1,-1
2023-02-01 13:44:44.680,15381,15382,15381,1,-1
2023-02-01 13:44:44.822,15381,15382,15381,2,-2
2023-02-01 13:44:45.003,15381,15382,15382,1,1
2023-02-01 13:44:45.620,15381,15382,15382,1,1
2023-02-01 13:44:45.992,15381,15382,15381,1,-1
2023-02-01 13:44:46.013,15381,15382,15382,7,7
2023-02-01 13:44:46.019,15381,15382,15381,1,-1
2023-02-01 13:44:46.030,15381,15382,15381,1,-1
2023-02-01 13:44:46.034,15381,15382,15381,3,-3
2023-02-01 13:44:46.043,15381,15382,15381,1,-1
2023-02-01 13:44:46.048,15381,15382,15381,1,-1
2023-02-01 13:44:46.050,15381,15382,15381,1,-1
2023-02-01 13:44:46.092,15381,15382,15381,1,-1
2023-02-01 13:44:46.131,15380,15382,15380,2,-2
2023-02-01 13:44:46.170,15380,15382,15380,2,-2
2023-02-01 13:44:46.415,15380,15382,15381,1,-1
2023-02-01 13:44:46.571,15380,15382,15381,1,-1
2023-02-01 13:44:46.750,15380,15382,15381,1,-1
2023-02-01 13:44:46.786,15380,15382,15380,4,-4
2023-02-01 13:44:46.786,15380,15382,15379,8,-8
2023-02-01 13:44:46.833,15380,15382,15381,1,-1
2023-02-01 13:44:47.123,15379,15382,15381,2,2
2023-02-01 13:44:47.302,15380,15382,15382,1,1
2023-02-01 13:44:47.965,15380,15381,15381,1,1
2023-02-01 13:44:48.130,15381,15382,15382,1,1
2023-02-01 13:44:48.524,15381,15382,15381,1,-1
2023-02-01 13:44:48.560,15381,15382,15381,2,-2
2023-02-01 13:44:49.529,15381,15382,15381,2,-2
2023-02-01 13:44:49.681,15381,15382,15381,6,-6
2023-02-01 13:44:50.042,15380,15381,15380,1,-1
2023-02-01 13:44:50.046,15380,15381,15381,2,2
2023-02-01 13:44:50.099,15380,15381,15381,6,6
2023-02-01 13:44:50.128,15380,15381,15380,1,-1
2023-02-01 13:44:50.129,15380,15381,15381,2,2
2023-02-01 13:44:50.257,15380,15381,15381,1,1
2023-02-01 13:44:50.391,15380,15381,15380,4,-4
2023-02-01 13:44:50.649,15380,15381,15381,2,2
2023-02-01 13:44:50.986,15380,15381,15380,2,-2
2023-02-01 13:44:51.057,15380,15381,15380,1,-1
2023-02-01 13:44:51.537,15380,15381,15381,2,2
2023-02-01 13:44:51.877,15380,15381,15381,1,1
2023-02-01 13:44:51.915,15380,15381,15381,5,5
2023-02-01 13:44:52.405,15381,15382,15381,1,-1
2023-02-01 13:44:53.190,15381,15382,15381,4,-4
2023-02-01 13:44:53.278,15381,15382,15382,1,1
2023-02-01 13:44:53.426,15381,15382,15381,1,-1
2023-02-01 13:44:53.500,15381,15382,15382,1,1
2023-02-01 13:44:53.664,15381,15382,15382,1,1
2023-02-01 13:44:54.123,15381,15382,15382,1,1
2023-02-01 13:44:54.133,15381,15382,15381,8,-8
2023-02-01 13:44:54.272,15381,15382,15381,1,-1
2023-02-01 13:44:54.664,15381,15382,15381,1,-1
2023-02-01 13:44:55.228,15381,15382,15381,1,-1
2023-02-01 13:44:55.891,15381,15382,15381,5,-5
2023-02-01 13:44:56.060,15381,15382,15382,1,1
2023-02-01 13:44:56.134,15381,15382,15382,1,1
2023-02-01 13:44:56.155,15381,15382,15382,3,3
2023-02-01 13:44:56.206,15381,15382,15382,2,2
2023-02-01 13:44:56.679,15381,15382,15382,1,1
2023-02-01 13:44:56.696,15381,15382,15381,30,-30
2023-02-01 13:44:56.696,15381,15382,15380,28,-28
2023-02-01 13:44:56.696,15381,15382,15379,2,-2
2023-02-01 13:44:56.784,15379,15382,15381,3,3
2023-02-01 13:44:57.135,15379,15382,15382,9,9
2023-02-01 13:44:57.283,15379,15382,15382,1,1
2023-02-01 13:44:57.285,15379,15382,15382,1,1
2023-02-01 13:44:57.303,15379,15382,15380,1,-1
2023-02-01 13:44:57.454,15379,15381,15381,2,2
2023-02-01 13:44:57.642,15379,15381,15381,1,1
2023-02-01 13:44:57.642,15379,15381,15382,1,1
2023-02-01 13:44:57.876,15380,15382,15380,1,-1
2023-02-01 13:44:58.127,15380,15381,15380,5,-5
2023-02-01 13:44:58.137,15380,15381,15381,2,2
2023-02-01 13:44:58.137,15380,15381,15382,5,5
2023-02-01 13:44:58.276,15381,15382,15382,6,6
2023-02-01 13:44:58.294,15381,15382,15382,1,1
2023-02-01 13:44:58.294,15381,15382,15383,4,4
2023-02-01 13:44:58.338,15381,15382,15383,1,1
2023-02-01 13:44:58.349,15381,15382,15383,1,1
2023-02-01 13:44:58.648,15381,15382,15382,1,1
2023-02-01 13:44:58.701,15381,15382,15381,1,-1
2023-02-01 13:44:58.745,15381,15383,15381,2,-2
2023-02-01 13:44:59.141,15381,15383,15381,2,-2
2023-02-01 13:44:59.141,15381,15383,15380,3,-3
2023-02-01 13:44:59.338,15380,15383,15383,6,6
2023-02-01 13:44:59.367,15380,15383,15383,4,4
2023-02-01 13:44:59.442,15380,15383,15380,2,-2
2023-02-01 13:44:59.619,15381,15383,15383,1,1
2023-02-01 13:44:59.726,15381,15383,15383,1,1
2023-02-01 13:44:59.760,15382,15383,15383,4,4
2023-02-01 13:44:59.763,15382,15383,15382,1,-1
2023-02-01 13:44:59.980,15381,15384,15381,2,-2
2023-02-01 13:45:00.021,15380,15383,15383,1,1
