2022-07-20 15:00:00.066,14603,14605,14605,59,59
2022-07-20 15:00:00.067,14604,14605,14605,14,14
2022-07-20 15:00:00.068,14604,14605,14607,1,1
2022-07-20 15:00:00.068,14604,14605,14604,8,-8
2022-07-20 15:00:00.068,14604,14605,14604,3,-3
2022-07-20 15:00:00.068,14604,14605,14603,1,-1
2022-07-20 15:00:00.125,14605,14608,14608,1,1
2022-07-20 15:00:00.175,14605,14608,14608,1,1
2022-07-20 15:00:00.176,14605,14608,14608,3,3
2022-07-20 15:00:00.316,14605,14609,14605,1,-1
2022-07-20 15:00:00.371,14605,14609,14604,1,-1
2022-07-20 15:00:00.396,14605,14609,14609,1,1
2022-07-20 15:00:00.410,14605,14609,14609,1,1
2022-07-20 15:00:00.415,14605,14609,14604,1,-1
2022-07-20 15:00:00.419,14605,14609,14605,1,-1
2022-07-20 15:00:00.421,14605,14609,14608,2,2
2022-07-20 15:00:00.426,14605,14609,14604,1,-1
2022-07-20 15:00:00.432,14605,14609,14607,1,-1
2022-07-20 15:00:00.432,14605,14609,14608,1,1
2022-07-20 15:00:00.433,14605,14609,14606,1,-1
2022-07-20 15:00:00.434,14605,14609,14606,1,-1
2022-07-20 15:00:00.452,14605,14607,14605,1,-1
2022-07-20 15:00:00.479,14605,14607,14604,2,-2
2022-07-20 15:00:00.481,14605,14607,14606,1,-1
2022-07-20 15:00:00.484,14605,14607,14604,2,-2
2022-07-20 15:00:00.484,14605,14607,14603,6,-6
2022-07-20 15:00:00.535,14605,14607,14604,1,-1
2022-07-20 15:00:00.554,14605,14607,14605,1,-1
2022-07-20 15:00:00.562,14605,14607,14606,1,-1
2022-07-20 15:00:00.563,14604,14606,14607,1,1
2022-07-20 15:00:00.564,14604,14606,14607,1,1
2022-07-20 15:00:00.582,14604,14606,14604,1,-1
2022-07-20 15:00:00.600,14604,14606,14607,1,1
2022-07-20 15:00:00.608,14604,14606,14605,1,1
2022-07-20 15:00:00.684,14604,14606,14603,1,-1
2022-07-20 15:00:00.697,14603,14606,14603,1,-1
2022-07-20 15:00:00.759,14603,14606,14606,1,1
2022-07-20 15:00:00.786,14603,14606,14605,1,1
2022-07-20 15:00:00.827,14603,14605,14603,1,-1
2022-07-20 15:00:00.844,14603,14605,14605,1,1
2022-07-20 15:00:00.871,14603,14605,14605,1,1
2022-07-20 15:00:00.884,14603,14605,14603,1,-1
2022-07-20 15:00:00.891,14603,14605,14605,1,1
2022-07-20 15:00:00.901,14603,14605,14605,2,2
2022-07-20 15:00:00.918,14603,14605,14605,1,1
2022-07-20 15:00:00.965,14603,14605,14605,1,1
2022-07-20 15:00:00.980,14603,14605,14603,1,-1
2022-07-20 15:00:01.025,14603,14605,14603,1,-1
2022-07-20 15:00:01.035,14603,14605,14603,2,-2
2022-07-20 15:00:01.050,14603,14605,14604,1,-1
2022-07-20 15:00:01.173,14604,14605,14604,1,-1
2022-07-20 15:00:01.270,14603,14605,14604,2,-2
2022-07-20 15:00:01.513,14604,14605,14604,1,-1
2022-07-20 15:00:01.605,14603,14604,14604,1,1
2022-07-20 15:00:01.640,14603,14604,14603,1,-1
2022-07-20 15:00:01.722,14603,14605,14603,1,-1
2022-07-20 15:00:01.841,14603,14605,14603,1,-1
2022-07-20 15:00:01.933,14603,14605,14603,2,-2
2022-07-20 15:00:01.970,14603,14604,14603,1,-1
2022-07-20 15:00:01.970,14603,14604,14603,1,-1
2022-07-20 15:00:01.979,14603,14604,14603,1,-1
2022-07-20 15:00:01.979,14603,14604,14603,1,-1
2022-07-20 15:00:01.979,14603,14604,14603,1,-1
2022-07-20 15:00:01.981,14603,14604,14603,7,-7
2022-07-20 15:00:02.222,14602,14603,14604,2,2
2022-07-20 15:00:02.474,14603,14604,14604,1,1
2022-07-20 15:00:02.811,14603,14604,14603,1,-1
2022-07-20 15:00:02.811,14603,14604,14602,7,-7
2022-07-20 15:00:02.812,14602,14603,14603,1,1
2022-07-20 15:00:02.839,14602,14603,14604,1,1
2022-07-20 15:00:02.839,14602,14603,14604,2,2
2022-07-20 15:00:02.961,14604,14605,14605,1,1
2022-07-20 15:00:03.287,14604,14605,14604,1,-1
2022-07-20 15:00:03.287,14604,14605,14605,7,7
2022-07-20 15:00:03.318,14604,14606,14604,1,-1
2022-07-20 15:00:03.318,14604,14606,14603,1,-1
2022-07-20 15:00:03.400,14604,14606,14605,2,-2
2022-07-20 15:00:03.493,14603,14605,14605,1,1
2022-07-20 15:00:03.538,14603,14605,14605,1,1
2022-07-20 15:00:03.633,14603,14605,14603,2,-2
2022-07-20 15:00:03.701,14603,14605,14603,1,-1
2022-07-20 15:00:03.806,14603,14605,14603,1,-1
2022-07-20 15:00:03.806,14603,14605,14602,1,-1
2022-07-20 15:00:04.005,14602,14604,14602,1,-1
2022-07-20 15:00:04.042,14602,14604,14604,2,2
2022-07-20 15:00:04.142,14602,14604,14604,1,1
2022-07-20 15:00:04.718,14602,14604,14602,1,-1
2022-07-20 15:00:04.775,14602,14604,14602,1,-1
2022-07-20 15:00:05.324,14603,14604,14603,1,-1
2022-07-20 15:00:05.445,14603,14604,14603,1,-1
2022-07-20 15:00:05.468,14603,14604,14603,1,-1
2022-07-20 15:00:05.703,14602,14604,14602,1,-1
2022-07-20 15:00:05.732,14602,14604,14602,1,-1
2022-07-20 15:00:05.736,14602,14604,14602,1,-1
2022-07-20 15:00:05.977,14603,14604,14604,1,1
2022-07-20 15:00:06.001,14603,14604,14604,4,4
2022-07-20 15:00:06.271,14603,14605,14603,1,-1
2022-07-20 15:00:06.745,14602,14604,14602,1,-1
2022-07-20 15:00:07.201,14603,14605,14605,1,1
2022-07-20 15:00:08.967,14604,14606,14605,2,2
2022-07-20 15:00:08.995,14604,14606,14606,2,2
2022-07-20 15:00:10.357,14604,14605,14605,1,1
2022-07-20 15:00:10.554,14605,14606,14605,1,-1
2022-07-20 15:00:10.932,14605,14606,14605,1,-1
2022-07-20 15:00:11.321,14604,14605,14604,1,-1
2022-07-20 15:00:11.321,14604,14605,14604,1,-1
2022-07-20 15:00:12.444,14604,14605,14604,1,-1
2022-07-20 15:00:12.544,14604,14605,14605,1,1
2022-07-20 15:00:12.549,14604,14605,14605,1,1
2022-07-20 15:00:12.549,14604,14605,14606,1,1
2022-07-20 15:00:13.119,14604,14607,14605,1,-1
2022-07-20 15:00:13.487,14605,14606,14605,1,-1
2022-07-20 15:00:14.050,14605,14606,14606,1,1
2022-07-20 15:00:14.050,14605,14606,14606,1,1
2022-07-20 15:00:14.051,14605,14606,14606,1,1
2022-07-20 15:00:15.389,14605,14607,14606,1,1
2022-07-20 15:00:15.462,14605,14607,14605,1,-1
2022-07-20 15:00:15.555,14605,14607,14605,4,-4
2022-07-20 15:00:15.961,14604,14605,14604,1,-1
2022-07-20 15:00:16.117,14604,14606,14604,1,-1
2022-07-20 15:00:16.419,14604,14605,14604,3,-3
2022-07-20 15:00:16.420,14604,14605,14603,3,-3
2022-07-20 15:00:16.520,14603,14604,14604,1,1
2022-07-20 15:00:16.520,14603,14604,14604,3,3
2022-07-20 15:00:16.521,14603,14604,14603,1,-1
2022-07-20 15:00:16.602,14603,14605,14603,2,-2
2022-07-20 15:00:16.729,14603,14604,14603,1,-1
2022-07-20 15:00:17.138,14602,14604,14604,1,1
2022-07-20 15:00:17.182,14602,14604,14602,7,-7
2022-07-20 15:00:17.297,14602,14603,14603,1,1
2022-07-20 15:00:17.310,14602,14603,14603,2,2
2022-07-20 15:00:18.048,14601,14602,14602,1,1
2022-07-20 15:00:18.091,14601,14602,14602,1,1
2022-07-20 15:00:18.150,14601,14602,14603,2,2
2022-07-20 15:00:18.430,14602,14603,14603,1,1
2022-07-20 15:00:18.484,14602,14603,14602,1,-1
2022-07-20 15:00:18.654,14601,14603,14602,3,-3
2022-07-20 15:00:18.795,14601,14603,14601,1,-1
2022-07-20 15:00:19.051,14601,14603,14601,9,-9
2022-07-20 15:00:19.061,14601,14603,14601,1,-1
2022-07-20 15:00:19.061,14601,14603,14600,1,-1
2022-07-20 15:00:19.653,14601,14602,14601,1,-1
2022-07-20 15:00:20.126,14600,14601,14600,1,-1
2022-07-20 15:00:20.176,14600,14601,14601,1,1
2022-07-20 15:00:20.222,14600,14601,14601,1,1
2022-07-20 15:00:20.231,14600,14601,14601,1,1
2022-07-20 15:00:20.426,14601,14602,14601,1,-1
2022-07-20 15:00:20.597,14601,14602,14601,1,-1
2022-07-20 15:00:20.716,14601,14602,14601,1,-1
2022-07-20 15:00:21.603,14600,14601,14600,2,-2
2022-07-20 15:00:21.604,14600,14601,14600,8,-8
2022-07-20 15:00:21.604,14600,14601,14600,5,-5
2022-07-20 15:00:21.962,14599,14600,14599,1,-1
2022-07-20 15:00:22.484,14599,14600,14599,1,-1
2022-07-20 15:00:22.498,14599,14600,14599,1,-1
2022-07-20 15:00:22.498,14599,14600,14599,1,-1
2022-07-20 15:00:22.971,14599,14600,14600,4,4
2022-07-20 15:00:23.247,14600,14601,14601,2,2
2022-07-20 15:00:23.535,14600,14602,14600,2,-2
2022-07-20 15:00:24.400,14601,14602,14602,1,1
2022-07-20 15:00:24.401,14601,14602,14602,3,3
2022-07-20 15:00:25.442,14601,14602,14601,1,-1
2022-07-20 15:00:25.800,14600,14602,14600,1,-1
2022-07-20 15:00:26.144,14600,14602,14600,1,-1
2022-07-20 15:00:26.144,14600,14602,14600,1,-1
2022-07-20 15:00:26.750,14600,14601,14600,1,-1
2022-07-20 15:00:27.161,14599,14600,14600,1,1
2022-07-20 15:00:27.507,14599,14600,14600,1,1
2022-07-20 15:00:27.777,14600,14601,14601,4,4
2022-07-20 15:00:28.076,14600,14601,14600,1,-1
2022-07-20 15:00:28.076,14600,14601,14599,3,-3
2022-07-20 15:00:28.248,14599,14601,14601,2,2
2022-07-20 15:00:28.823,14599,14601,14601,1,1
2022-07-20 15:00:28.860,14599,14601,14599,1,-1
2022-07-20 15:00:29.627,14599,14600,14600,1,1
2022-07-20 15:00:29.628,14599,14600,14600,1,1
2022-07-20 15:00:30.281,14600,14601,14600,1,-1
2022-07-20 15:00:30.707,14599,14600,14599,4,-4
2022-07-20 15:00:30.866,14598,14599,14598,14,-14
2022-07-20 15:00:30.866,14598,14599,14598,1,-1
2022-07-20 15:00:30.866,14598,14599,14598,3,-3
2022-07-20 15:00:30.866,14598,14599,14597,1,-1
2022-07-20 15:00:30.867,14598,14599,14597,1,-1
2022-07-20 15:00:30.867,14598,14599,14597,3,-3
2022-07-20 15:00:31.031,14596,14598,14598,1,1
2022-07-20 15:00:31.237,14596,14598,14598,3,3
2022-07-20 15:00:32.231,14596,14598,14598,1,1
2022-07-20 15:00:32.518,14596,14598,14598,2,2
2022-07-20 15:00:34.201,14596,14597,14596,1,-1
2022-07-20 15:00:34.201,14596,14597,14596,3,-3
2022-07-20 15:00:34.582,14595,14596,14595,6,-6
2022-07-20 15:00:34.582,14595,14596,14595,1,-1
2022-07-20 15:00:34.582,14595,14596,14595,2,-2
2022-07-20 15:00:35.701,14594,14596,14594,1,-1
2022-07-20 15:00:36.109,14594,14595,14595,1,1
2022-07-20 15:00:36.844,14594,14597,14594,4,-4
2022-07-20 15:00:36.844,14594,14597,14593,1,-1
2022-07-20 15:00:37.006,14593,14595,14593,2,-2
2022-07-20 15:00:37.244,14593,14595,14595,1,1
2022-07-20 15:00:37.613,14593,14595,14593,4,-4
2022-07-20 15:00:37.613,14593,14595,14592,1,-1
2022-07-20 15:00:37.846,14593,14595,14595,1,1
2022-07-20 15:00:38.127,14593,14595,14593,3,-3
2022-07-20 15:00:38.481,14593,14595,14593,1,-1
2022-07-20 15:00:38.821,14593,14595,14593,1,-1
2022-07-20 15:00:38.821,14593,14595,14592,1,-1
2022-07-20 15:00:39.871,14593,14595,14595,4,4
2022-07-20 15:00:40.066,14595,14596,14595,1,-1
2022-07-20 15:00:40.269,14595,14596,14595,2,-2
2022-07-20 15:00:40.686,14595,14596,14596,1,1
2022-07-20 15:00:41.235,14595,14597,14597,2,2
2022-07-20 15:00:41.463,14596,14598,14596,1,-1
2022-07-20 15:00:41.508,14596,14598,14596,1,-1
2022-07-20 15:00:41.850,14596,14598,14598,8,8
2022-07-20 15:00:42.981,14597,14598,14597,2,-2
2022-07-20 15:00:43.027,14597,14598,14597,1,-1
2022-07-20 15:00:46.073,14597,14598,14598,1,1
2022-07-20 15:00:46.876,14596,14598,14596,1,-1
2022-07-20 15:00:50.953,14596,14598,14596,1,-1
2022-07-20 15:00:51.483,14596,14598,14596,2,-2
2022-07-20 15:00:52.286,14597,14598,14597,1,-1
2022-07-20 15:00:53.142,14596,14598,14598,5,5
2022-07-20 15:00:53.390,14597,14599,14597,1,-1
2022-07-20 15:00:54.058,14597,14599,14599,1,1
2022-07-20 15:00:55.114,14597,14599,14597,3,-3
2022-07-20 15:00:55.273,14597,14599,14599,2,2
2022-07-20 15:00:55.541,14597,14599,14599,1,1
2022-07-20 15:00:57.491,14598,14599,14599,1,1
2022-07-20 15:00:57.491,14598,14599,14600,4,4
2022-07-20 15:00:57.523,14598,14599,14599,1,1
2022-07-20 15:00:58.437,14598,14600,14600,1,1
2022-07-20 15:00:59.438,14599,14601,14599,1,-1
2022-07-20 15:00:59.895,14599,14601,14599,1,-1
2022-07-20 15:00:59.939,14599,14601,14600,1,-1
2022-07-20 15:01:00.013,14599,14601,14599,2,-2
2022-07-20 15:01:00.069,14599,14601,14601,2,2
2022-07-20 15:01:00.069,14599,14601,14601,3,3
2022-07-20 15:01:00.090,14599,14601,14600,3,3
2022-07-20 15:01:00.090,14599,14601,14599,2,-2
2022-07-20 15:01:00.286,14600,14601,14601,2,2
2022-07-20 15:01:00.298,14600,14601,14601,1,1
2022-07-20 15:01:00.298,14600,14601,14602,5,5
2022-07-20 15:01:00.350,14600,14602,14602,12,12
2022-07-20 15:01:00.369,14600,14602,14602,3,3
2022-07-20 15:01:00.387,14600,14602,14601,3,3
2022-07-20 15:01:00.387,14600,14602,14600,3,-3
2022-07-20 15:01:00.387,14600,14602,14602,10,10
2022-07-20 15:01:00.391,14600,14602,14602,1,1
2022-07-20 15:01:00.540,14601,14603,14601,1,-1
2022-07-20 15:01:00.678,14601,14602,14602,1,1
2022-07-20 15:01:00.678,14601,14602,14603,2,2
2022-07-20 15:01:00.919,14600,14602,14600,1,-1
2022-07-20 15:01:00.938,14600,14602,14600,1,-1
2022-07-20 15:01:00.947,14600,14602,14600,1,-1
2022-07-20 15:01:00.960,14600,14602,14599,1,-1
2022-07-20 15:01:01.494,14600,14601,14601,1,1
2022-07-20 15:01:01.776,14600,14602,14600,1,-1
2022-07-20 15:01:01.836,14600,14602,14600,1,-1
2022-07-20 15:01:02.074,14600,14601,14601,1,1
2022-07-20 15:01:02.076,14600,14601,14602,2,2
2022-07-20 15:01:02.274,14600,14602,14600,3,-3
2022-07-20 15:01:02.275,14600,14602,14600,6,-6
2022-07-20 15:01:02.275,14600,14602,14600,1,-1
2022-07-20 15:01:02.721,14600,14602,14602,1,1
2022-07-20 15:01:03.343,14600,14602,14600,1,-1
2022-07-20 15:01:03.691,14599,14600,14600,2,2
2022-07-20 15:01:03.691,14599,14600,14599,2,-2
2022-07-20 15:01:03.706,14599,14600,14600,2,2
2022-07-20 15:01:04.784,14598,14600,14600,2,2
2022-07-20 15:01:05.083,14599,14600,14599,1,-1
2022-07-20 15:01:06.185,14598,14600,14600,2,2
2022-07-20 15:01:06.186,14598,14600,14598,1,-1
2022-07-20 15:01:06.651,14597,14599,14599,1,1
2022-07-20 15:01:06.709,14597,14599,14597,1,-1
2022-07-20 15:01:07.036,14597,14599,14599,2,2
2022-07-20 15:01:07.244,14597,14600,14600,2,2
2022-07-20 15:01:07.537,14598,14600,14598,1,-1
2022-07-20 15:01:07.851,14597,14600,14600,2,2
2022-07-20 15:01:08.075,14598,14600,14600,1,1
2022-07-20 15:01:08.158,14598,14600,14598,1,-1
2022-07-20 15:01:10.076,14599,14600,14600,1,1
2022-07-20 15:01:10.484,14599,14600,14600,1,1
2022-07-20 15:01:11.175,14600,14601,14600,2,-2
2022-07-20 15:01:11.175,14600,14601,14600,1,-1
2022-07-20 15:01:11.175,14600,14601,14600,1,-1
2022-07-20 15:01:11.175,14600,14601,14600,1,-1
2022-07-20 15:01:11.175,14600,14601,14600,2,-2
2022-07-20 15:01:12.798,14600,14602,14600,1,-1
2022-07-20 15:01:13.119,14599,14600,14600,1,1
2022-07-20 15:01:13.131,14599,14600,14600,8,8
2022-07-20 15:01:13.806,14600,14602,14600,1,-1
2022-07-20 15:01:14.073,14600,14602,14602,1,1
2022-07-20 15:01:14.074,14600,14602,14602,1,1
2022-07-20 15:01:14.323,14601,14602,14601,1,-1
2022-07-20 15:01:15.075,14600,14602,14602,1,1
2022-07-20 15:01:15.075,14600,14602,14602,3,3
2022-07-20 15:01:15.451,14600,14601,14600,2,-2
2022-07-20 15:01:16.145,14599,14600,14599,1,-1
2022-07-20 15:01:17.074,14599,14600,14600,1,1
2022-07-20 15:01:17.514,14599,14600,14600,1,1
2022-07-20 15:01:17.757,14599,14600,14600,1,1
2022-07-20 15:01:17.932,14599,14600,14600,1,1
2022-07-20 15:01:18.076,14599,14601,14599,1,-1
2022-07-20 15:01:18.078,14599,14601,14601,4,4
2022-07-20 15:01:18.078,14599,14601,14602,1,1
2022-07-20 15:01:18.389,14600,14601,14601,1,1
2022-07-20 15:01:19.076,14601,14602,14602,2,2
2022-07-20 15:01:19.259,14601,14602,14601,3,-3
2022-07-20 15:01:19.259,14601,14602,14600,3,-3
2022-07-20 15:01:19.259,14601,14602,14600,4,-4
2022-07-20 15:01:19.767,14600,14602,14602,1,1
2022-07-20 15:01:19.991,14601,14603,14601,2,-2
2022-07-20 15:01:20.075,14601,14603,14603,1,1
2022-07-20 15:01:20.183,14601,14603,14603,2,2
2022-07-20 15:01:20.183,14601,14603,14603,9,9
2022-07-20 15:01:20.263,14603,14604,14603,1,-1
2022-07-20 15:01:21.073,14602,14603,14603,1,1
2022-07-20 15:01:21.073,14602,14603,14602,1,-1
2022-07-20 15:01:21.134,14602,14603,14602,1,-1
2022-07-20 15:01:22.652,14603,14604,14603,1,-1
2022-07-20 15:01:23.075,14602,14604,14604,1,1
2022-07-20 15:01:23.495,14602,14604,14604,1,1
2022-07-20 15:01:23.673,14602,14604,14604,1,1
2022-07-20 15:01:24.076,14602,14605,14605,1,1
2022-07-20 15:01:25.560,14602,14603,14604,1,1
2022-07-20 15:01:26.613,14602,14604,14604,1,1
2022-07-20 15:01:27.078,14603,14604,14603,1,-1
2022-07-20 15:01:29.392,14603,14604,14604,1,1
2022-07-20 15:01:29.569,14603,14604,14604,8,8
2022-07-20 15:01:29.569,14603,14604,14604,1,1
2022-07-20 15:01:29.701,14604,14605,14605,1,1
2022-07-20 15:01:29.810,14604,14605,14605,1,1
2022-07-20 15:01:29.868,14604,14605,14605,4,4
2022-07-20 15:01:29.998,14603,14605,14605,2,2
2022-07-20 15:01:30.624,14604,14606,14606,1,1
2022-07-20 15:01:30.798,14605,14606,14606,2,2
2022-07-20 15:01:30.804,14605,14606,14604,1,-1
2022-07-20 15:01:33.426,14604,14606,14605,2,-2
2022-07-20 15:01:33.527,14604,14606,14606,3,3
2022-07-20 15:01:33.549,14604,14606,14605,3,3
2022-07-20 15:01:33.569,14605,14607,14605,1,-1
2022-07-20 15:01:33.973,14605,14607,14605,2,-2
2022-07-20 15:01:34.003,14605,14607,14605,2,-2
2022-07-20 15:01:34.005,14605,14607,14606,1,-1
2022-07-20 15:01:34.005,14605,14607,14607,1,1
2022-07-20 15:01:34.011,14605,14607,14607,2,2
2022-07-20 15:01:34.013,14605,14607,14607,2,2
2022-07-20 15:01:34.018,14605,14607,14608,2,2
2022-07-20 15:01:34.024,14605,14607,14608,2,2
2022-07-20 15:01:34.028,14605,14607,14606,3,3
2022-07-20 15:01:34.041,14605,14607,14606,1,1
2022-07-20 15:01:34.041,14605,14607,14605,2,-2
2022-07-20 15:01:34.057,14605,14607,14607,2,2
2022-07-20 15:01:34.057,14605,14607,14608,1,1
2022-07-20 15:01:34.075,14606,14608,14608,3,3
2022-07-20 15:01:34.090,14606,14608,14608,3,3
2022-07-20 15:01:34.116,14606,14608,14608,1,1
2022-07-20 15:01:34.116,14606,14608,14609,2,2
2022-07-20 15:01:34.125,14606,14608,14607,3,3
2022-07-20 15:01:34.125,14606,14608,14606,5,-5
2022-07-20 15:01:34.125,14606,14608,14605,2,-2
2022-07-20 15:01:34.133,14606,14608,14608,3,3
2022-07-20 15:01:34.186,14606,14608,14606,1,-1
2022-07-20 15:01:35.006,14607,14609,14609,1,1
2022-07-20 15:01:35.073,14607,14609,14609,1,1
2022-07-20 15:01:35.274,14607,14609,14609,2,2
2022-07-20 15:01:35.486,14609,14610,14609,6,-6
2022-07-20 15:01:37.075,14607,14608,14608,1,1
2022-07-20 15:01:37.483,14608,14610,14608,2,-2
2022-07-20 15:01:38.102,14608,14610,14608,1,-1
2022-07-20 15:01:38.662,14607,14609,14609,1,1
2022-07-20 15:01:39.215,14607,14610,14609,1,1
2022-07-20 15:01:39.957,14608,14609,14609,1,1
2022-07-20 15:01:40.185,14608,14609,14609,2,2
2022-07-20 15:01:40.367,14609,14610,14610,5,5
2022-07-20 15:01:40.981,14609,14610,14609,1,-1
2022-07-20 15:01:41.109,14608,14610,14610,1,1
2022-07-20 15:01:41.759,14608,14610,14608,1,-1
2022-07-20 15:01:41.849,14608,14610,14608,2,-2
2022-07-20 15:01:41.966,14607,14608,14608,1,1
2022-07-20 15:01:43.855,14607,14608,14608,1,1
2022-07-20 15:01:43.893,14607,14608,14607,1,-1
2022-07-20 15:01:43.894,14607,14608,14607,4,-4
2022-07-20 15:01:44.373,14606,14607,14607,1,1
2022-07-20 15:01:44.727,14606,14607,14607,1,1
2022-07-20 15:01:44.728,14606,14607,14607,1,1
2022-07-20 15:01:46.191,14606,14607,14606,2,-2
2022-07-20 15:01:46.405,14605,14606,14605,3,-3
2022-07-20 15:01:47.302,14604,14605,14604,6,-6
2022-07-20 15:01:49.146,14603,14605,14605,1,1
2022-07-20 15:01:50.144,14603,14605,14603,2,-2
2022-07-20 15:01:50.679,14603,14604,14603,2,-2
2022-07-20 15:01:51.948,14602,14603,14603,1,1
2022-07-20 15:01:51.949,14602,14603,14602,1,-1
2022-07-20 15:01:54.060,14601,14602,14601,2,-2
2022-07-20 15:01:54.060,14601,14602,14600,19,-19
2022-07-20 15:01:54.225,14599,14600,14600,1,1
2022-07-20 15:01:54.874,14599,14600,14600,1,1
2022-07-20 15:01:55.433,14600,14601,14601,1,1
2022-07-20 15:01:55.932,14600,14601,14601,1,1
2022-07-20 15:01:57.270,14600,14601,14600,4,-4
2022-07-20 15:01:57.691,14599,14600,14600,2,2
2022-07-20 15:01:58.534,14599,14600,14600,1,1
2022-07-20 15:01:58.534,14599,14600,14600,1,1
2022-07-20 15:01:58.534,14599,14600,14600,1,1
2022-07-20 15:01:58.534,14599,14600,14600,1,1
2022-07-20 15:01:58.762,14600,14601,14600,1,-1
2022-07-20 15:02:00.185,14600,14601,14601,1,1
2022-07-20 15:02:00.390,14600,14602,14600,1,-1
2022-07-20 15:02:00.443,14600,14602,14600,1,-1
2022-07-20 15:02:00.498,14600,14602,14600,1,-1
2022-07-20 15:02:00.630,14600,14602,14600,1,-1
2022-07-20 15:02:00.679,14600,14602,14600,2,-2
2022-07-20 15:02:00.720,14600,14602,14600,1,-1
2022-07-20 15:02:00.753,14600,14602,14600,1,-1
2022-07-20 15:02:00.794,14600,14602,14600,1,-1
2022-07-20 15:02:01.567,14600,14601,14600,1,-1
2022-07-20 15:02:02.322,14600,14601,14600,1,-1
2022-07-20 15:02:02.608,14600,14601,14601,1,1
2022-07-20 15:02:03.796,14600,14602,14602,1,1
2022-07-20 15:02:04.790,14600,14602,14600,1,-1
2022-07-20 15:02:06.129,14600,14602,14602,1,1
2022-07-20 15:02:06.917,14600,14602,14602,1,1
2022-07-20 15:02:09.840,14600,14602,14600,1,-1
2022-07-20 15:02:10.700,14600,14601,14600,15,-15
2022-07-20 15:02:10.974,14599,14600,14600,4,4
2022-07-20 15:02:10.976,14599,14600,14600,1,1
2022-07-20 15:02:12.102,14599,14601,14600,1,1
2022-07-20 15:02:12.193,14599,14600,14599,6,-6
2022-07-20 15:02:12.193,14599,14600,14599,1,-1
2022-07-20 15:02:12.193,14599,14600,14599,5,-5
2022-07-20 15:02:12.194,14599,14600,14598,1,-1
2022-07-20 15:02:12.194,14599,14600,14598,1,-1
2022-07-20 15:02:12.194,14599,14600,14598,1,-1
2022-07-20 15:02:12.291,14599,14600,14597,1,-1
2022-07-20 15:02:12.300,14599,14600,14597,4,-4
2022-07-20 15:02:12.457,14596,14598,14596,2,-2
2022-07-20 15:02:13.292,14596,14598,14596,5,-5
2022-07-20 15:02:13.292,14596,14598,14596,8,-8
2022-07-20 15:02:14.798,14595,14596,14595,3,-3
2022-07-20 15:02:14.798,14595,14596,14595,3,-3
2022-07-20 15:02:14.798,14595,14596,14595,1,-1
2022-07-20 15:02:14.798,14595,14596,14595,1,-1
2022-07-20 15:02:14.798,14595,14596,14595,3,-3
2022-07-20 15:02:14.799,14595,14596,14594,2,-2
2022-07-20 15:02:15.858,14593,14594,14594,1,1
2022-07-20 15:02:16.631,14593,14594,14593,7,-7
2022-07-20 15:02:16.726,14592,14593,14592,10,-10
2022-07-20 15:02:17.317,14591,14592,14591,6,-6
2022-07-20 15:02:17.665,14590,14591,14590,1,-1
2022-07-20 15:02:18.375,14590,14591,14590,2,-2
2022-07-20 15:02:18.456,14590,14591,14590,6,-6
2022-07-20 15:02:20.066,14590,14591,14590,1,-1
2022-07-20 15:02:20.560,14590,14591,14590,1,-1
2022-07-20 15:02:21.497,14590,14591,14590,1,-1
2022-07-20 15:02:22.389,14590,14591,14591,2,2
2022-07-20 15:02:22.947,14591,14592,14592,1,1
2022-07-20 15:02:23.136,14591,14592,14591,1,-1
2022-07-20 15:02:23.220,14591,14592,14591,2,-2
2022-07-20 15:02:23.355,14591,14592,14591,1,-1
2022-07-20 15:02:23.544,14591,14592,14592,2,2
2022-07-20 15:02:23.908,14592,14593,14592,1,-1
2022-07-20 15:02:23.934,14592,14593,14592,3,-3
2022-07-20 15:02:24.000,14592,14593,14592,3,-3
2022-07-20 15:02:24.000,14592,14593,14591,2,-2
2022-07-20 15:02:24.708,14592,14593,14593,1,1
2022-07-20 15:02:25.178,14593,14594,14593,4,-4
2022-07-20 15:02:25.193,14593,14594,14594,1,1
2022-07-20 15:02:25.193,14593,14594,14594,1,1
2022-07-20 15:02:27.195,14594,14595,14595,2,2
2022-07-20 15:02:27.554,14595,14597,14595,1,-1
2022-07-20 15:02:28.614,14595,14597,14595,2,-2
2022-07-20 15:02:29.185,14595,14597,14597,1,1
2022-07-20 15:02:29.837,14597,14598,14598,1,1
2022-07-20 15:02:30.269,14597,14598,14596,3,-3
2022-07-20 15:02:30.365,14596,14597,14596,6,-6
2022-07-20 15:02:30.365,14596,14597,14596,1,-1
2022-07-20 15:02:30.366,14596,14597,14596,2,-2
2022-07-20 15:02:33.482,14594,14595,14595,1,1
2022-07-20 15:02:33.482,14594,14595,14596,3,3
2022-07-20 15:02:37.510,14596,14597,14596,1,-1
2022-07-20 15:02:38.966,14596,14598,14596,2,-2
2022-07-20 15:02:40.076,14596,14597,14596,1,-1
2022-07-20 15:02:40.182,14596,14597,14597,1,1
2022-07-20 15:02:43.187,14597,14598,14597,1,-1
2022-07-20 15:02:43.200,14597,14598,14597,1,-1
2022-07-20 15:02:44.811,14597,14598,14597,2,-2
2022-07-20 15:02:44.812,14596,14597,14597,2,2
2022-07-20 15:02:45.190,14597,14598,14598,1,1
2022-07-20 15:02:46.163,14598,14599,14598,1,-1
2022-07-20 15:02:46.164,14598,14599,14599,2,2
2022-07-20 15:02:47.272,14599,14600,14599,1,-1
2022-07-20 15:02:47.455,14599,14600,14600,4,4
2022-07-20 15:02:48.025,14600,14601,14601,1,1
2022-07-20 15:02:48.235,14600,14602,14600,1,-1
2022-07-20 15:02:49.782,14600,14602,14602,17,17
2022-07-20 15:02:50.167,14602,14603,14602,2,-2
2022-07-20 15:02:51.126,14602,14603,14603,1,1
2022-07-20 15:02:51.126,14602,14603,14603,4,4
2022-07-20 15:02:52.065,14603,14604,14603,3,-3
2022-07-20 15:02:52.065,14603,14604,14602,5,-5
2022-07-20 15:02:52.066,14603,14604,14602,1,-1
2022-07-20 15:02:52.066,14603,14604,14602,1,-1
2022-07-20 15:02:52.504,14602,14604,14604,1,1
2022-07-20 15:02:55.212,14601,14603,14603,1,1
2022-07-20 15:02:55.392,14602,14604,14602,1,-1
2022-07-20 15:02:58.420,14601,14602,14602,2,2
2022-07-20 15:03:00.179,14601,14602,14601,2,-2
2022-07-20 15:03:00.184,14601,14602,14601,2,-2
2022-07-20 15:03:00.184,14601,14602,14602,1,1
2022-07-20 15:03:00.279,14600,14602,14600,1,-1
2022-07-20 15:03:00.279,14600,14602,14599,2,-2
2022-07-20 15:03:01.806,14600,14602,14600,1,-1
2022-07-20 15:03:03.618,14601,14602,14601,1,-1
2022-07-20 15:03:03.825,14601,14602,14602,1,1
2022-07-20 15:03:04.131,14601,14602,14601,2,-2
2022-07-20 15:03:05.156,14600,14601,14601,6,6
2022-07-20 15:03:05.157,14600,14601,14601,4,4
2022-07-20 15:03:05.157,14600,14601,14602,2,2
2022-07-20 15:03:06.071,14602,14603,14603,1,1
2022-07-20 15:03:06.071,14602,14603,14603,18,18
2022-07-20 15:03:06.071,14602,14603,14604,4,4
2022-07-20 15:03:06.166,14602,14603,14605,1,1
2022-07-20 15:03:06.166,14602,14603,14605,5,5
2022-07-20 15:03:06.718,14603,14605,14603,7,-7
2022-07-20 15:03:06.718,14603,14605,14602,2,-2
2022-07-20 15:03:07.321,14603,14604,14603,1,-1
2022-07-20 15:03:12.232,14602,14603,14603,1,1
2022-07-20 15:03:12.390,14602,14603,14602,3,-3
2022-07-20 15:03:12.829,14601,14602,14602,1,1
2022-07-20 15:03:12.829,14601,14602,14603,2,2
2022-07-20 15:03:13.300,14601,14603,14601,1,-1
2022-07-20 15:03:18.780,14600,14601,14601,1,1
2022-07-20 15:03:19.047,14600,14602,14600,1,-1
2022-07-20 15:03:20.578,14599,14600,14599,1,-1
2022-07-20 15:03:20.700,14598,14599,14598,2,-2
2022-07-20 15:03:21.632,14598,14599,14599,1,1
2022-07-20 15:03:22.955,14597,14600,14600,1,1
2022-07-20 15:03:23.687,14597,14599,14597,16,-16
2022-07-20 15:03:23.934,14596,14597,14597,1,1
2022-07-20 15:03:24.052,14596,14597,14597,1,1
2022-07-20 15:03:24.077,14596,14597,14596,1,-1
2022-07-20 15:03:24.401,14596,14597,14596,4,-4
2022-07-20 15:03:27.065,14597,14599,14597,3,-3
2022-07-20 15:03:27.521,14598,14600,14600,1,1
2022-07-20 15:03:28.428,14598,14600,14600,1,1
2022-07-20 15:03:29.037,14598,14600,14599,1,1
2022-07-20 15:03:30.838,14597,14599,14597,2,-2
2022-07-20 15:03:30.888,14597,14599,14599,1,1
2022-07-20 15:03:32.863,14597,14599,14599,4,4
2022-07-20 15:03:34.192,14598,14600,14600,4,4
2022-07-20 15:03:34.397,14598,14600,14600,1,1
2022-07-20 15:03:34.397,14598,14600,14600,2,2
2022-07-20 15:03:34.459,14599,14601,14599,1,-1
2022-07-20 15:03:40.421,14598,14599,14599,1,1
2022-07-20 15:03:42.319,14598,14599,14599,1,1
2022-07-20 15:03:43.076,14598,14599,14598,1,-1
2022-07-20 15:03:49.385,14597,14598,14598,2,2
2022-07-20 15:03:50.537,14598,14599,14598,1,-1
2022-07-20 15:03:50.753,14597,14599,14597,2,-2
2022-07-20 15:03:53.674,14598,14599,14598,1,-1
2022-07-20 15:03:53.711,14598,14599,14598,2,-2
2022-07-20 15:03:56.324,14597,14598,14598,1,1
2022-07-20 15:03:57.377,14597,14598,14597,2,-2
2022-07-20 15:03:57.389,14597,14598,14597,2,-2
2022-07-20 15:03:57.389,14597,14598,14597,1,-1
2022-07-20 15:03:57.543,14597,14598,14598,1,1
2022-07-20 15:03:59.896,14598,14599,14598,1,-1
2022-07-20 15:04:00.126,14598,14599,14598,1,-1
2022-07-20 15:04:00.284,14598,14599,14599,8,8
2022-07-20 15:04:00.881,14599,14600,14600,1,1
2022-07-20 15:04:00.881,14599,14600,14600,7,7
2022-07-20 15:04:01.175,14600,14601,14600,1,-1
2022-07-20 15:04:01.706,14600,14601,14601,1,1
2022-07-20 15:04:01.830,14600,14601,14601,2,2
2022-07-20 15:04:01.913,14600,14601,14602,1,1
2022-07-20 15:04:02.277,14601,14602,14601,1,-1
2022-07-20 15:04:02.344,14601,14602,14601,1,-1
2022-07-20 15:04:02.408,14601,14602,14601,1,-1
2022-07-20 15:04:02.438,14601,14602,14601,1,-1
2022-07-20 15:04:02.445,14601,14602,14602,1,1
2022-07-20 15:04:02.469,14601,14602,14601,1,-1
2022-07-20 15:04:04.276,14601,14602,14601,1,-1
2022-07-20 15:04:04.276,14601,14602,14600,4,-4
2022-07-20 15:04:04.276,14601,14602,14600,5,-5
2022-07-20 15:04:04.861,14600,14602,14602,1,1
2022-07-20 15:04:05.769,14600,14601,14601,1,1
2022-07-20 15:04:08.777,14599,14601,14599,1,-1
2022-07-20 15:04:11.251,14598,14600,14598,2,-2
2022-07-20 15:04:11.770,14598,14600,14600,3,3
2022-07-20 15:04:15.923,14598,14600,14599,1,1
2022-07-20 15:04:16.003,14598,14600,14600,1,1
2022-07-20 15:04:17.890,14598,14599,14599,1,1
2022-07-20 15:04:19.082,14599,14600,14600,1,1
2022-07-20 15:04:20.007,14598,14600,14600,1,1
2022-07-20 15:04:22.126,14598,14600,14600,1,1
2022-07-20 15:04:24.436,14598,14600,14598,1,-1
2022-07-20 15:04:24.595,14598,14600,14600,1,1
2022-07-20 15:04:24.599,14598,14600,14601,2,2
2022-07-20 15:04:24.825,14601,14602,14601,1,-1
2022-07-20 15:04:24.825,14601,14602,14600,1,-1
2022-07-20 15:04:24.826,14601,14602,14601,1,-1
2022-07-20 15:04:25.030,14600,14602,14600,4,-4
2022-07-20 15:04:25.030,14600,14602,14600,1,-1
2022-07-20 15:04:25.482,14600,14602,14600,1,-1
2022-07-20 15:04:27.498,14601,14602,14601,1,-1
2022-07-20 15:04:27.498,14601,14602,14600,1,-1
2022-07-20 15:04:31.931,14601,14602,14602,9,9
2022-07-20 15:04:31.932,14601,14602,14602,1,1
2022-07-20 15:04:31.932,14601,14602,14602,2,2
2022-07-20 15:04:37.920,14603,14604,14604,1,1
2022-07-20 15:04:37.920,14603,14604,14604,6,6
2022-07-20 15:04:37.920,14603,14604,14604,4,4
2022-07-20 15:04:37.920,14603,14604,14604,1,1
2022-07-20 15:04:37.920,14603,14604,14604,4,4
2022-07-20 15:04:37.920,14603,14604,14604,5,5
2022-07-20 15:04:38.132,14604,14605,14605,11,11
2022-07-20 15:04:38.133,14604,14605,14606,1,1
2022-07-20 15:04:39.012,14605,14606,14605,1,-1
2022-07-20 15:04:40.152,14604,14606,14604,2,-2
2022-07-20 15:04:46.743,14604,14605,14604,2,-2
2022-07-20 15:04:46.752,14604,14605,14604,7,-7
2022-07-20 15:04:49.947,14603,14604,14603,1,-1
2022-07-20 15:04:49.947,14603,14604,14603,2,-2
2022-07-20 15:04:50.593,14602,14603,14603,1,1
2022-07-20 15:04:50.593,14602,14603,14604,1,1
2022-07-20 15:04:52.062,14602,14603,14603,1,1
2022-07-20 15:04:54.952,14602,14603,14602,1,-1
2022-07-20 15:04:55.154,14602,14603,14602,1,-1
2022-07-20 15:05:00.181,14602,14603,14603,3,3
2022-07-20 15:05:00.300,14602,14603,14602,1,-1
2022-07-20 15:05:00.319,14602,14603,14602,1,-1
2022-07-20 15:05:00.342,14602,14603,14601,1,-1
2022-07-20 15:05:00.352,14602,14603,14601,1,-1
2022-07-20 15:05:00.359,14602,14603,14601,1,-1
2022-07-20 15:05:00.381,14602,14603,14601,1,-1
2022-07-20 15:05:00.433,14602,14603,14601,1,-1
2022-07-20 15:05:00.445,14601,14603,14601,1,-1
2022-07-20 15:05:00.461,14601,14603,14601,1,-1
2022-07-20 15:05:00.461,14601,14603,14600,1,-1
2022-07-20 15:05:00.463,14601,14603,14600,1,-1
2022-07-20 15:05:00.478,14601,14603,14600,1,-1
2022-07-20 15:05:00.499,14601,14603,14600,1,-1
2022-07-20 15:05:00.501,14601,14603,14600,1,-1
2022-07-20 15:05:00.515,14601,14603,14600,1,-1
2022-07-20 15:05:00.515,14601,14603,14600,1,-1
2022-07-20 15:05:00.522,14601,14603,14600,1,-1
2022-07-20 15:05:00.558,14601,14603,14600,1,-1
2022-07-20 15:05:00.563,14600,14602,14600,1,-1
2022-07-20 15:05:00.585,14600,14602,14600,1,-1
2022-07-20 15:05:00.627,14600,14602,14600,1,-1
2022-07-20 15:05:00.635,14600,14602,14600,1,-1
2022-07-20 15:05:00.639,14600,14602,14600,1,-1
2022-07-20 15:05:00.660,14600,14602,14600,1,-1
2022-07-20 15:05:00.685,14600,14602,14600,1,-1
2022-07-20 15:05:00.735,14600,14601,14600,1,-1
2022-07-20 15:05:04.384,14599,14601,14601,1,1
2022-07-20 15:05:04.777,14599,14601,14599,2,-2
2022-07-20 15:05:04.786,14599,14601,14599,2,-2
2022-07-20 15:05:05.194,14599,14601,14599,1,-1
2022-07-20 15:05:05.194,14599,14601,14598,2,-2
2022-07-20 15:05:05.329,14598,14600,14600,1,1
2022-07-20 15:05:06.714,14598,14600,14600,1,1
2022-07-20 15:05:06.715,14598,14600,14600,1,1
2022-07-20 15:05:07.369,14600,14602,14602,1,1
2022-07-20 15:05:08.194,14600,14602,14601,1,1
2022-07-20 15:05:08.966,14601,14602,14602,1,1
2022-07-20 15:05:08.966,14601,14602,14602,1,1
2022-07-20 15:05:09.579,14602,14603,14602,1,-1
2022-07-20 15:05:10.122,14601,14603,14601,1,-1
2022-07-20 15:05:10.273,14601,14603,14603,3,3
2022-07-20 15:05:10.273,14601,14603,14603,2,2
2022-07-20 15:05:10.426,14603,14604,14603,1,-1
2022-07-20 15:05:10.426,14603,14604,14602,4,-4
2022-07-20 15:05:10.426,14603,14604,14602,1,-1
2022-07-20 15:05:11.496,14603,14604,14604,1,1
2022-07-20 15:05:11.499,14603,14604,14605,14,14
2022-07-20 15:05:12.102,14605,14606,14606,2,2
2022-07-20 15:05:14.320,14606,14607,14606,1,-1
2022-07-20 15:05:14.320,14606,14607,14605,6,-6
2022-07-20 15:05:14.320,14606,14607,14604,2,-2
2022-07-20 15:05:14.694,14604,14606,14604,1,-1
2022-07-20 15:05:19.754,14605,14606,14606,3,3
2022-07-20 15:05:19.755,14605,14606,14606,9,9
2022-07-20 15:05:20.074,14606,14607,14606,1,-1
2022-07-20 15:05:22.157,14606,14607,14606,2,-2
2022-07-20 15:05:22.804,14605,14606,14606,1,1
2022-07-20 15:05:23.709,14605,14607,14607,1,1
2022-07-20 15:05:26.998,14605,14606,14605,5,-5
2022-07-20 15:05:27.047,14605,14606,14605,2,-2
2022-07-20 15:05:27.074,14604,14605,14604,1,-1
2022-07-20 15:05:27.075,14604,14605,14604,1,-1
2022-07-20 15:05:28.193,14604,14605,14605,2,2
2022-07-20 15:05:28.193,14604,14605,14606,2,2
2022-07-20 15:05:32.178,14604,14606,14606,1,1
2022-07-20 15:05:32.242,14604,14606,14606,5,5
2022-07-20 15:05:35.547,14605,14606,14606,1,1
2022-07-20 15:05:38.775,14605,14606,14605,3,-3
2022-07-20 15:05:40.103,14605,14606,14605,1,-1
2022-07-20 15:05:40.103,14605,14606,14605,1,-1
2022-07-20 15:05:40.192,14604,14605,14605,1,1
2022-07-20 15:05:40.849,14604,14605,14605,1,1
2022-07-20 15:05:41.409,14604,14605,14604,4,-4
2022-07-20 15:05:45.282,14603,14604,14603,1,-1
2022-07-20 15:05:47.243,14602,14604,14604,2,2
2022-07-20 15:05:48.125,14602,14604,14602,3,-3
2022-07-20 15:05:48.125,14602,14604,14601,6,-6
2022-07-20 15:05:48.125,14602,14604,14600,9,-9
2022-07-20 15:05:48.126,14602,14604,14600,1,-1
2022-07-20 15:05:48.126,14602,14604,14600,2,-2
2022-07-20 15:05:48.127,14602,14604,14600,3,-3
2022-07-20 15:05:48.127,14602,14604,14600,1,-1
2022-07-20 15:05:48.128,14602,14604,14601,1,-1
2022-07-20 15:05:49.549,14600,14602,14602,4,4
2022-07-20 15:05:50.674,14602,14603,14603,1,1
2022-07-20 15:05:52.158,14601,14603,14601,3,-3
2022-07-20 15:05:59.628,14601,14603,14603,1,1
2022-07-20 15:06:08.087,14602,14603,14603,2,2
2022-07-20 15:06:08.513,14602,14604,14604,1,1
2022-07-20 15:06:09.277,14603,14604,14604,1,1
2022-07-20 15:06:09.277,14603,14604,14604,3,3
2022-07-20 15:06:12.192,14603,14604,14604,1,1
2022-07-20 15:06:17.670,14603,14604,14604,1,1
2022-07-20 15:06:19.035,14603,14604,14603,1,-1
2022-07-20 15:06:21.265,14602,14604,14602,2,-2
2022-07-20 15:06:21.265,14602,14604,14601,11,-11
2022-07-20 15:06:21.265,14602,14604,14600,11,-11
2022-07-20 15:06:21.266,14602,14604,14600,1,-1
2022-07-20 15:06:21.800,14600,14602,14602,1,1
2022-07-20 15:06:29.240,14602,14603,14602,2,-2
2022-07-20 15:06:30.790,14602,14603,14602,2,-2
2022-07-20 15:06:31.149,14601,14603,14603,1,1
2022-07-20 15:06:31.705,14601,14603,14603,2,2
2022-07-20 15:06:32.046,14603,14604,14603,3,-3
2022-07-20 15:06:35.510,14600,14602,14600,6,-6
2022-07-20 15:06:35.584,14599,14600,14599,2,-2
2022-07-20 15:06:43.120,14602,14603,14602,1,-1
2022-07-20 15:06:43.921,14602,14603,14603,3,3
2022-07-20 15:06:47.214,14602,14604,14602,2,-2
2022-07-20 15:06:49.839,14602,14603,14602,1,-1
2022-07-20 15:06:51.601,14601,14604,14604,1,1
2022-07-20 15:06:54.480,14602,14603,14603,1,1
2022-07-20 15:06:56.446,14602,14603,14602,1,-1
2022-07-20 15:06:58.929,14602,14603,14602,1,-1
2022-07-20 15:06:58.929,14602,14603,14602,1,-1
2022-07-20 15:07:02.701,14601,14602,14602,1,1
2022-07-20 15:07:03.082,14601,14603,14603,1,1
2022-07-20 15:07:03.096,14601,14603,14603,1,1
2022-07-20 15:07:03.097,14601,14603,14603,1,1
2022-07-20 15:07:03.157,14601,14603,14603,1,1
2022-07-20 15:07:03.385,14602,14603,14603,1,1
2022-07-20 15:07:04.354,14602,14604,14602,1,-1
2022-07-20 15:07:05.034,14602,14603,14602,1,-1
2022-07-20 15:07:07.140,14602,14604,14602,1,-1
2022-07-20 15:07:09.035,14602,14604,14604,1,1
2022-07-20 15:07:09.035,14602,14604,14604,12,12
2022-07-20 15:07:09.036,14602,14604,14604,1,1
2022-07-20 15:07:09.772,14604,14605,14604,1,-1
2022-07-20 15:07:10.604,14603,14605,14605,16,16
2022-07-20 15:07:10.605,14603,14605,14606,6,6
2022-07-20 15:07:12.447,14606,14607,14607,10,10
2022-07-20 15:07:12.575,14606,14608,14608,1,1
2022-07-20 15:07:13.028,14606,14608,14606,1,-1
2022-07-20 15:07:13.344,14606,14608,14606,5,-5
2022-07-20 15:07:13.634,14605,14607,14605,1,-1
2022-07-20 15:07:15.651,14606,14607,14606,1,-1
2022-07-20 15:07:15.726,14606,14607,14607,1,1
2022-07-20 15:07:15.726,14606,14607,14607,6,6
2022-07-20 15:07:15.726,14606,14607,14607,3,3
2022-07-20 15:07:15.968,14607,14608,14608,1,1
2022-07-20 15:07:15.968,14607,14608,14608,6,6
2022-07-20 15:07:15.969,14607,14608,14608,1,1
2022-07-20 15:07:15.969,14607,14608,14608,1,1
2022-07-20 15:07:15.969,14607,14608,14608,2,2
2022-07-20 15:07:15.969,14607,14608,14608,4,4
2022-07-20 15:07:16.424,14607,14609,14607,1,-1
2022-07-20 15:07:19.367,14608,14609,14608,1,-1
2022-07-20 15:07:20.188,14608,14609,14609,2,2
2022-07-20 15:07:21.297,14608,14609,14609,1,1
2022-07-20 15:07:21.298,14608,14609,14609,4,4
2022-07-20 15:07:21.391,14608,14610,14610,1,1
2022-07-20 15:07:21.534,14608,14610,14610,1,1
2022-07-20 15:07:21.535,14608,14610,14610,7,7
2022-07-20 15:07:21.916,14609,14611,14609,1,-1
2022-07-20 15:07:22.238,14608,14610,14609,1,-1
2022-07-20 15:07:22.737,14608,14609,14608,1,-1
2022-07-20 15:07:27.920,14608,14609,14608,1,-1
2022-07-20 15:07:29.299,14608,14609,14608,3,-3
2022-07-20 15:07:29.948,14608,14609,14608,3,-3
2022-07-20 15:07:33.902,14606,14607,14606,1,-1
2022-07-20 15:07:33.902,14606,14607,14606,2,-2
2022-07-20 15:07:35.991,14604,14605,14605,1,1
2022-07-20 15:07:36.830,14604,14606,14604,1,-1
2022-07-20 15:07:38.164,14604,14605,14604,5,-5
2022-07-20 15:07:38.371,14603,14605,14605,1,1
2022-07-20 15:07:41.551,14604,14606,14606,1,1
2022-07-20 15:07:41.617,14604,14606,14606,1,1
2022-07-20 15:07:42.870,14605,14607,14607,2,2
2022-07-20 15:07:42.954,14605,14607,14605,2,-2
2022-07-20 15:07:42.954,14605,14607,14604,3,-3
2022-07-20 15:07:48.148,14605,14606,14606,1,1
2022-07-20 15:07:53.725,14607,14608,14607,1,-1
2022-07-20 15:08:05.113,14607,14608,14608,2,2
2022-07-20 15:08:05.190,14607,14608,14607,1,-1
2022-07-20 15:08:05.191,14607,14608,14607,1,-1
2022-07-20 15:08:05.191,14607,14608,14607,1,-1
2022-07-20 15:08:05.192,14607,14608,14607,2,-2
2022-07-20 15:08:05.192,14607,14608,14606,1,-1
2022-07-20 15:08:05.192,14607,14608,14607,1,-1
2022-07-20 15:08:10.969,14606,14607,14607,1,1
2022-07-20 15:08:11.069,14606,14607,14606,1,-1
2022-07-20 15:08:11.895,14606,14607,14607,1,1
2022-07-20 15:08:12.243,14606,14607,14607,1,1
2022-07-20 15:08:14.148,14607,14608,14608,1,1
2022-07-20 15:08:21.334,14608,14609,14609,3,3
2022-07-20 15:08:22.418,14609,14610,14610,1,1
2022-07-20 15:08:22.441,14609,14610,14609,1,-1
2022-07-20 15:08:22.526,14609,14610,14610,1,1
2022-07-20 15:08:22.793,14608,14610,14610,4,4
2022-07-20 15:08:23.667,14609,14611,14611,8,8
2022-07-20 15:08:23.667,14609,14611,14611,1,1
2022-07-20 15:08:24.077,14611,14612,14612,5,5
2022-07-20 15:08:24.077,14611,14612,14612,5,5
2022-07-20 15:08:24.077,14611,14612,14612,1,1
2022-07-20 15:08:24.077,14611,14612,14612,1,1
2022-07-20 15:08:24.077,14611,14612,14612,1,1
2022-07-20 15:08:24.081,14611,14612,14613,2,2
2022-07-20 15:08:24.239,14612,14613,14613,4,4
2022-07-20 15:08:24.240,14612,14613,14613,1,1
2022-07-20 15:08:24.671,14612,14614,14612,1,-1
2022-07-20 15:08:24.983,14612,14614,14612,1,-1
2022-07-20 15:08:26.281,14611,14612,14612,1,1
2022-07-20 15:08:26.506,14612,14613,14612,1,-1
2022-07-20 15:08:26.626,14611,14613,14611,1,-1
2022-07-20 15:08:28.543,14611,14612,14612,1,1
2022-07-20 15:08:28.566,14611,14612,14611,1,-1
2022-07-20 15:08:28.596,14611,14612,14611,1,-1
2022-07-20 15:08:28.677,14611,14612,14611,1,-1
2022-07-20 15:08:29.003,14610,14611,14610,1,-1
2022-07-20 15:08:29.834,14609,14610,14610,1,1
2022-07-20 15:08:29.835,14609,14610,14610,1,1
2022-07-20 15:08:30.754,14609,14610,14610,1,1
2022-07-20 15:08:31.414,14609,14611,14611,1,1
2022-07-20 15:08:31.443,14609,14611,14611,2,2
2022-07-20 15:08:31.589,14609,14611,14611,1,1
2022-07-20 15:08:33.032,14609,14611,14611,1,1
2022-07-20 15:08:34.447,14611,14612,14611,2,-2
2022-07-20 15:08:35.443,14611,14612,14612,1,1
2022-07-20 15:08:35.523,14611,14612,14612,2,2
2022-07-20 15:08:35.713,14611,14613,14613,5,5
2022-07-20 15:08:39.562,14611,14613,14613,1,1
2022-07-20 15:08:46.212,14612,14613,14613,1,1
2022-07-20 15:08:46.635,14612,14613,14612,1,-1
2022-07-20 15:08:47.628,14611,14613,14611,5,-5
2022-07-20 15:08:50.894,14611,14613,14613,10,10
2022-07-20 15:08:50.894,14611,14613,14614,7,7
2022-07-20 15:08:55.483,14613,14614,14614,1,1
2022-07-20 15:08:55.493,14613,14614,14614,4,4
2022-07-20 15:08:55.872,14613,14615,14615,6,6
2022-07-20 15:08:55.873,14613,14615,14615,1,1
2022-07-20 15:08:55.873,14613,14615,14615,3,3
2022-07-20 15:09:00.032,14615,14616,14615,1,-1
2022-07-20 15:09:00.186,14615,14616,14616,1,1
2022-07-20 15:09:03.185,14615,14616,14615,2,-2
2022-07-20 15:09:03.381,14615,14616,14616,1,1
2022-07-20 15:09:03.751,14615,14616,14616,4,4
2022-07-20 15:09:03.751,14615,14616,14617,1,1
2022-07-20 15:09:04.943,14615,14617,14617,2,2
2022-07-20 15:09:07.091,14616,14617,14617,1,1
2022-07-20 15:09:08.202,14616,14618,14618,1,1
2022-07-20 15:09:08.835,14616,14618,14618,10,10
2022-07-20 15:09:09.435,14616,14618,14618,1,1
2022-07-20 15:09:09.651,14616,14618,14616,1,-1
2022-07-20 15:09:09.827,14616,14618,14616,5,-5
2022-07-20 15:09:09.878,14616,14618,14617,1,-1
2022-07-20 15:09:09.892,14616,14618,14617,1,-1
2022-07-20 15:09:09.897,14616,14618,14617,1,-1
2022-07-20 15:09:10.451,14616,14618,14618,1,1
2022-07-20 15:09:11.670,14617,14618,14617,1,-1
2022-07-20 15:09:11.969,14616,14618,14618,1,1
2022-07-20 15:09:12.175,14616,14618,14618,1,1
2022-07-20 15:09:12.524,14616,14618,14616,3,-3
2022-07-20 15:09:13.488,14616,14617,14616,1,-1
2022-07-20 15:09:14.696,14615,14616,14615,1,-1
2022-07-20 15:09:14.800,14615,14616,14616,1,1
2022-07-20 15:09:14.963,14615,14616,14616,1,1
2022-07-20 15:09:15.812,14615,14616,14616,1,1
2022-07-20 15:09:16.362,14615,14616,14615,5,-5
2022-07-20 15:09:17.660,14614,14616,14616,1,1
2022-07-20 15:09:17.715,14614,14615,14615,1,1
2022-07-20 15:09:17.913,14614,14616,14616,2,2
2022-07-20 15:09:18.166,14614,14616,14614,3,-3
2022-07-20 15:09:18.190,14614,14616,14614,1,-1
2022-07-20 15:09:20.658,14613,14614,14614,3,3
2022-07-20 15:09:20.658,14613,14614,14615,2,2
2022-07-20 15:09:25.088,14613,14615,14613,3,-3
2022-07-20 15:09:29.851,14613,14615,14615,2,2
2022-07-20 15:09:31.851,14613,14614,14614,1,1
2022-07-20 15:09:32.334,14613,14614,14614,1,1
2022-07-20 15:09:32.377,14613,14614,14614,2,2
2022-07-20 15:09:33.726,14614,14615,14614,1,-1
2022-07-20 15:09:33.726,14614,14615,14613,2,-2
2022-07-20 15:09:34.957,14613,14615,14615,2,2
2022-07-20 15:09:35.688,14613,14615,14613,1,-1
2022-07-20 15:09:36.530,14613,14614,14614,1,1
2022-07-20 15:09:38.605,14613,14614,14613,3,-3
2022-07-20 15:09:39.139,14613,14614,14613,1,-1
2022-07-20 15:09:40.648,14613,14614,14614,1,1
2022-07-20 15:09:44.725,14614,14615,14614,1,-1
2022-07-20 15:09:47.778,14613,14614,14614,2,2
2022-07-20 15:09:48.167,14613,14614,14614,2,2
2022-07-20 15:09:49.798,14613,14614,14613,6,-6
2022-07-20 15:09:54.704,14613,14614,14613,1,-1
2022-07-20 15:09:55.633,14613,14614,14613,1,-1
2022-07-20 15:09:57.273,14613,14614,14613,3,-3
2022-07-20 15:09:57.274,14613,14614,14613,1,-1
2022-07-20 15:09:58.311,14612,14613,14613,2,2
2022-07-20 15:10:01.631,14612,14614,14612,2,-2
2022-07-20 15:10:01.714,14612,14614,14612,2,-2
2022-07-20 15:10:01.715,14612,14614,14612,6,-6
2022-07-20 15:10:01.974,14611,14612,14612,2,2
2022-07-20 15:10:02.029,14611,14612,14613,2,2
2022-07-20 15:10:02.089,14611,14613,14613,1,1
2022-07-20 15:10:02.093,14611,14613,14613,1,1
2022-07-20 15:10:03.051,14611,14612,14611,8,-8
2022-07-20 15:10:03.342,14610,14611,14611,1,1
2022-07-20 15:10:03.765,14610,14611,14611,3,3
2022-07-20 15:10:04.341,14610,14612,14610,7,-7
2022-07-20 15:10:05.193,14609,14610,14609,1,-1
2022-07-20 15:10:05.533,14608,14610,14610,1,1
2022-07-20 15:10:06.206,14608,14609,14608,1,-1
2022-07-20 15:10:06.903,14608,14609,14608,1,-1
2022-07-20 15:10:07.113,14608,14609,14608,1,-1
2022-07-20 15:10:07.150,14608,14609,14609,1,1
2022-07-20 15:10:07.150,14608,14609,14609,1,1
2022-07-20 15:10:07.175,14608,14609,14610,1,1
2022-07-20 15:10:10.031,14608,14610,14608,1,-1
2022-07-20 15:10:10.990,14609,14610,14609,2,-2
2022-07-20 15:10:10.990,14609,14610,14608,4,-4
2022-07-20 15:10:11.389,14608,14610,14608,1,-1
2022-07-20 15:10:12.324,14609,14610,14609,1,-1
2022-07-20 15:10:13.379,14609,14610,14609,1,-1
2022-07-20 15:10:13.379,14609,14610,14608,4,-4
2022-07-20 15:10:13.558,14608,14610,14610,4,4
2022-07-20 15:10:13.620,14610,14611,14611,2,2
2022-07-20 15:10:13.620,14610,14611,14612,1,1
2022-07-20 15:10:14.636,14610,14612,14610,1,-1
2022-07-20 15:10:15.659,14610,14612,14612,1,1
2022-07-20 15:10:20.286,14610,14611,14610,1,-1
2022-07-20 15:10:21.434,14609,14610,14609,5,-5
2022-07-20 15:10:22.726,14608,14609,14609,1,1
2022-07-20 15:10:23.219,14608,14609,14609,1,1
2022-07-20 15:10:23.453,14608,14609,14608,4,-4
2022-07-20 15:10:23.453,14608,14609,14607,10,-10
2022-07-20 15:10:24.136,14607,14609,14607,3,-3
2022-07-20 15:10:25.358,14609,14610,14610,1,1
2022-07-20 15:10:25.688,14609,14610,14609,1,-1
2022-07-20 15:10:27.966,14609,14610,14609,2,-2
2022-07-20 15:10:29.496,14607,14609,14609,1,1
2022-07-20 15:10:32.028,14608,14609,14609,1,1
2022-07-20 15:10:32.041,14608,14609,14609,1,1
2022-07-20 15:10:32.065,14608,14610,14610,2,2
2022-07-20 15:10:35.835,14608,14609,14609,4,4
2022-07-20 15:10:36.337,14608,14609,14608,6,-6
2022-07-20 15:10:39.288,14607,14608,14607,1,-1
2022-07-20 15:10:39.491,14607,14608,14607,4,-4
2022-07-20 15:10:39.492,14607,14608,14607,1,-1
2022-07-20 15:10:39.492,14607,14608,14607,3,-3
2022-07-20 15:10:40.230,14606,14607,14607,1,1
2022-07-20 15:10:41.304,14607,14608,14607,1,-1
2022-07-20 15:10:43.163,14606,14607,14607,1,1
2022-07-20 15:10:44.499,14606,14607,14606,5,-5
2022-07-20 15:10:46.103,14605,14606,14606,1,1
2022-07-20 15:10:46.415,14605,14607,14605,1,-1
2022-07-20 15:10:46.923,14605,14607,14606,1,-1
2022-07-20 15:10:47.776,14606,14607,14606,1,-1
2022-07-20 15:10:50.605,14606,14607,14607,2,2
2022-07-20 15:10:51.010,14606,14608,14607,1,1
2022-07-20 15:10:52.630,14607,14608,14607,1,-1
2022-07-20 15:10:54.553,14606,14608,14607,1,-1
2022-07-20 15:10:56.782,14606,14607,14606,4,-4
2022-07-20 15:10:56.954,14606,14607,14606,3,-3
2022-07-20 15:10:57.060,14606,14607,14606,1,-1
2022-07-20 15:10:57.979,14606,14607,14607,1,1
2022-07-20 15:10:59.692,14607,14609,14607,1,-1
2022-07-20 15:11:00.485,14607,14609,14607,1,-1
2022-07-20 15:11:05.321,14607,14608,14608,1,1
2022-07-20 15:11:13.083,14608,14609,14609,2,2
2022-07-20 15:11:13.405,14609,14610,14609,1,-1
2022-07-20 15:11:13.405,14609,14610,14608,4,-4
2022-07-20 15:11:13.610,14608,14610,14608,5,-5
2022-07-20 15:11:13.842,14608,14609,14608,5,-5
2022-07-20 15:11:13.911,14608,14609,14609,1,1
2022-07-20 15:11:13.911,14608,14609,14609,2,2
2022-07-20 15:11:14.622,14608,14610,14608,5,-5
2022-07-20 15:11:14.795,14608,14610,14608,3,-3
2022-07-20 15:11:14.796,14608,14610,14608,1,-1
2022-07-20 15:11:14.796,14608,14610,14608,1,-1
2022-07-20 15:11:15.595,14609,14610,14609,1,-1
2022-07-20 15:11:15.595,14609,14610,14608,2,-2
2022-07-20 15:11:15.596,14609,14610,14608,2,-2
2022-07-20 15:11:16.258,14607,14609,14609,1,1
2022-07-20 15:11:16.444,14607,14608,14608,1,1
2022-07-20 15:11:17.574,14606,14608,14607,5,5
2022-07-20 15:11:17.756,14606,14608,14608,1,1
2022-07-20 15:11:20.726,14606,14607,14607,2,2
2022-07-20 15:11:20.726,14606,14607,14607,3,3
2022-07-20 15:11:21.525,14607,14608,14608,3,3
2022-07-20 15:11:22.077,14608,14610,14608,1,-1
2022-07-20 15:11:24.518,14608,14610,14608,3,-3
2022-07-20 15:11:24.626,14607,14608,14608,1,1
2022-07-20 15:11:24.659,14607,14608,14608,3,3
2022-07-20 15:11:24.711,14607,14608,14607,2,-2
2022-07-20 15:11:29.801,14606,14608,14606,2,-2
2022-07-20 15:11:30.416,14606,14608,14606,3,-3
2022-07-20 15:11:30.806,14605,14606,14605,5,-5
2022-07-20 15:11:32.608,14604,14605,14604,4,-4
2022-07-20 15:11:32.609,14604,14605,14604,1,-1
2022-07-20 15:11:33.371,14603,14604,14604,1,1
2022-07-20 15:11:33.798,14603,14604,14603,5,-5
2022-07-20 15:11:34.151,14603,14604,14603,1,-1
2022-07-20 15:11:35.535,14604,14606,14606,3,3
2022-07-20 15:11:36.450,14604,14606,14604,5,-5
2022-07-20 15:11:37.252,14606,14607,14606,1,-1
2022-07-20 15:11:37.252,14606,14607,14605,4,-4
2022-07-20 15:11:37.335,14605,14607,14605,1,-1
2022-07-20 15:11:37.622,14605,14607,14605,1,-1
2022-07-20 15:11:39.811,14606,14607,14606,2,-2
2022-07-20 15:11:40.800,14606,14607,14606,1,-1
2022-07-20 15:11:40.979,14606,14607,14607,2,2
2022-07-20 15:11:43.146,14606,14607,14607,1,1
2022-07-20 15:11:44.211,14607,14608,14607,3,-3
2022-07-20 15:11:44.211,14607,14608,14608,3,3
2022-07-20 15:11:44.324,14607,14608,14608,3,3
2022-07-20 15:11:44.324,14607,14608,14608,1,1
2022-07-20 15:11:44.324,14607,14608,14608,7,7
2022-07-20 15:11:44.325,14607,14608,14609,1,1
2022-07-20 15:11:44.666,14608,14610,14608,3,-3
2022-07-20 15:11:45.992,14607,14609,14609,2,2
2022-07-20 15:11:46.915,14607,14609,14607,2,-2
2022-07-20 15:11:47.174,14607,14609,14609,1,1
2022-07-20 15:11:51.814,14606,14607,14607,1,1
2022-07-20 15:11:52.279,14607,14608,14608,1,1
2022-07-20 15:11:52.335,14607,14609,14609,1,1
2022-07-20 15:11:59.041,14607,14609,14609,2,2
2022-07-20 15:11:59.055,14607,14609,14609,2,2
2022-07-20 15:12:01.607,14607,14609,14609,1,1
2022-07-20 15:12:05.433,14607,14608,14607,1,-1
2022-07-20 15:12:05.433,14607,14608,14607,1,-1
2022-07-20 15:12:05.586,14606,14607,14606,1,-1
2022-07-20 15:12:05.587,14606,14607,14606,2,-2
2022-07-20 15:12:09.566,14605,14606,14605,1,-1
2022-07-20 15:12:10.564,14604,14605,14605,1,1
2022-07-20 15:12:10.635,14604,14605,14606,4,4
2022-07-20 15:12:10.635,14604,14605,14607,1,1
2022-07-20 15:12:13.923,14605,14607,14607,1,1
2022-07-20 15:12:15.336,14606,14608,14606,1,-1
2022-07-20 15:12:16.976,14606,14608,14606,1,-1
2022-07-20 15:12:22.785,14606,14608,14606,1,-1
2022-07-20 15:12:28.132,14606,14608,14607,1,-1
2022-07-20 15:12:28.132,14606,14608,14607,1,-1
2022-07-20 15:12:34.572,14607,14608,14608,1,1
2022-07-20 15:12:36.603,14607,14608,14607,1,-1
2022-07-20 15:12:38.502,14606,14607,14606,1,-1
2022-07-20 15:12:38.502,14606,14607,14606,6,-6
2022-07-20 15:12:38.502,14606,14607,14606,3,-3
2022-07-20 15:12:46.685,14605,14606,14605,1,-1
2022-07-20 15:12:47.339,14605,14606,14605,1,-1
2022-07-20 15:12:48.744,14604,14605,14604,6,-6
2022-07-20 15:12:49.593,14603,14604,14603,3,-3
2022-07-20 15:12:49.593,14603,14604,14603,6,-6
2022-07-20 15:12:49.593,14603,14604,14603,1,-1
2022-07-20 15:12:50.363,14602,14604,14604,2,2
2022-07-20 15:12:52.879,14602,14604,14602,5,-5
2022-07-20 15:12:56.730,14601,14603,14601,1,-1
2022-07-20 15:12:58.615,14601,14603,14601,1,-1
2022-07-20 15:13:00.121,14601,14602,14602,1,1
2022-07-20 15:13:00.596,14602,14603,14602,1,-1
2022-07-20 15:13:04.604,14601,14602,14602,1,1
2022-07-20 15:13:05.160,14601,14602,14601,2,-2
2022-07-20 15:13:06.362,14601,14602,14601,1,-1
2022-07-20 15:13:07.459,14601,14602,14601,1,-1
2022-07-20 15:13:11.235,14601,14602,14601,1,-1
2022-07-20 15:13:12.303,14601,14602,14601,1,-1
2022-07-20 15:13:15.485,14601,14602,14601,1,-1
2022-07-20 15:13:18.418,14601,14602,14601,6,-6
2022-07-20 15:13:18.477,14600,14601,14600,1,-1
2022-07-20 15:13:19.338,14600,14601,14601,1,1
2022-07-20 15:13:19.338,14600,14601,14601,1,1
2022-07-20 15:13:20.701,14601,14602,14602,1,1
2022-07-20 15:13:20.701,14601,14602,14602,9,9
2022-07-20 15:13:21.253,14602,14603,14602,1,-1
2022-07-20 15:13:24.513,14602,14603,14602,1,-1
2022-07-20 15:13:25.497,14601,14603,14601,1,-1
2022-07-20 15:13:27.800,14601,14603,14601,2,-2
2022-07-20 15:13:28.396,14601,14602,14601,1,-1
2022-07-20 15:13:29.245,14601,14602,14601,6,-6
2022-07-20 15:13:29.245,14601,14602,14601,1,-1
2022-07-20 15:13:29.245,14601,14602,14601,5,-5
2022-07-20 15:13:29.245,14601,14602,14601,1,-1
2022-07-20 15:13:29.245,14601,14602,14601,1,-1
2022-07-20 15:13:30.563,14600,14601,14600,1,-1
2022-07-20 15:13:31.042,14600,14601,14600,15,-15
2022-07-20 15:13:31.043,14600,14601,14600,1,-1
2022-07-20 15:13:31.043,14600,14601,14600,1,-1
2022-07-20 15:13:31.043,14600,14601,14600,6,-6
2022-07-20 15:13:31.043,14600,14601,14600,1,-1
2022-07-20 15:13:31.367,14598,14600,14600,2,2
2022-07-20 15:13:31.699,14598,14600,14600,5,5
2022-07-20 15:13:32.791,14600,14601,14600,1,-1
2022-07-20 15:13:34.690,14599,14600,14600,1,1
2022-07-20 15:13:35.340,14600,14601,14600,1,-1
2022-07-20 15:13:37.124,14599,14601,14601,3,3
2022-07-20 15:13:40.632,14600,14601,14601,4,4
2022-07-20 15:13:40.632,14600,14601,14602,6,6
2022-07-20 15:13:41.614,14601,14603,14601,2,-2
2022-07-20 15:13:42.177,14601,14603,14601,1,-1
2022-07-20 15:13:44.910,14601,14603,14602,1,-1
2022-07-20 15:13:45.859,14602,14603,14602,2,-2
2022-07-20 15:13:45.859,14602,14603,14601,8,-8
2022-07-20 15:13:47.457,14602,14603,14602,2,-2
2022-07-20 15:13:48.165,14601,14603,14603,4,4
2022-07-20 15:13:48.165,14601,14603,14604,6,6
2022-07-20 15:13:49.694,14602,14604,14604,4,4
2022-07-20 15:13:49.694,14602,14604,14605,6,6
2022-07-20 15:13:52.121,14602,14604,14604,2,2
2022-07-20 15:13:53.945,14602,14604,14602,5,-5
2022-07-20 15:13:57.741,14602,14603,14603,3,3
2022-07-20 15:14:01.572,14603,14605,14603,3,-3
2022-07-20 15:14:08.105,14603,14604,14603,1,-1
2022-07-20 15:14:14.052,14603,14604,14604,3,3
2022-07-20 15:14:14.891,14603,14604,14603,1,-1
2022-07-20 15:14:18.186,14603,14604,14603,1,-1
2022-07-20 15:14:19.288,14603,14604,14604,1,1
2022-07-20 15:14:19.963,14603,14604,14604,1,1
2022-07-20 15:14:20.840,14603,14605,14603,1,-1
2022-07-20 15:14:22.702,14604,14605,14604,1,-1
2022-07-20 15:14:24.412,14603,14604,14604,1,1
2022-07-20 15:14:28.650,14603,14604,14603,1,-1
2022-07-20 15:14:31.497,14603,14604,14603,1,-1
2022-07-20 15:14:35.209,14603,14604,14604,3,3
2022-07-20 15:14:38.609,14603,14605,14603,1,-1
2022-07-20 15:14:42.038,14603,14604,14603,1,-1
2022-07-20 15:14:42.672,14603,14604,14603,1,-1
2022-07-20 15:14:44.722,14603,14604,14604,3,3
2022-07-20 15:14:45.330,14604,14605,14604,1,-1
2022-07-20 15:14:46.133,14604,14605,14604,1,-1
2022-07-20 15:14:46.133,14604,14605,14604,5,-5
2022-07-20 15:14:49.804,14603,14604,14603,1,-1
2022-07-20 15:14:50.588,14602,14603,14602,4,-4
2022-07-20 15:14:51.376,14601,14602,14601,1,-1
2022-07-20 15:14:55.202,14601,14602,14601,1,-1
2022-07-20 15:14:55.269,14601,14602,14601,1,-1
2022-07-20 15:14:56.240,14601,14602,14601,2,-2
2022-07-20 15:14:57.449,14601,14602,14602,1,1
2022-07-20 15:14:57.736,14602,14603,14602,1,-1
2022-07-20 15:14:59.599,14601,14602,14602,3,3
2022-07-20 15:15:00.182,14601,14602,14602,2,2
2022-07-20 15:15:00.442,14601,14602,14601,3,-3
2022-07-20 15:15:00.850,14600,14601,14600,5,-5
2022-07-20 15:15:04.190,14600,14601,14600,2,-2
2022-07-20 15:15:04.593,14599,14600,14599,2,-2
2022-07-20 15:15:04.593,14599,14600,14598,2,-2
2022-07-20 15:15:04.714,14598,14600,14598,1,-1
2022-07-20 15:15:04.894,14598,14599,14599,1,1
2022-07-20 15:15:04.894,14598,14599,14600,7,7
2022-07-20 15:15:05.941,14598,14600,14598,2,-2
2022-07-20 15:15:06.288,14598,14599,14598,5,-5
2022-07-20 15:15:06.289,14598,14599,14598,2,-2
2022-07-20 15:15:06.289,14598,14599,14598,4,-4
2022-07-20 15:15:08.019,14597,14598,14598,1,1
2022-07-20 15:15:08.570,14597,14598,14597,4,-4
2022-07-20 15:15:08.570,14597,14598,14597,5,-5
2022-07-20 15:15:08.570,14597,14598,14597,3,-3
2022-07-20 15:15:11.003,14596,14598,14596,1,-1
2022-07-20 15:15:11.117,14596,14598,14598,1,1
2022-07-20 15:15:15.063,14596,14598,14596,2,-2
2022-07-20 15:15:16.031,14597,14598,14597,2,-2
2022-07-20 15:15:17.383,14597,14598,14598,2,2
2022-07-20 15:15:18.610,14600,14601,14601,1,1
2022-07-20 15:15:19.650,14600,14601,14600,1,-1
2022-07-20 15:15:20.190,14599,14601,14601,1,1
2022-07-20 15:15:23.824,14599,14601,14599,1,-1
2022-07-20 15:15:26.316,14599,14601,14599,3,-3
2022-07-20 15:15:26.799,14599,14600,14599,1,-1
2022-07-20 15:15:29.464,14599,14601,14600,1,-1
2022-07-20 15:15:31.889,14599,14600,14599,4,-4
2022-07-20 15:15:34.652,14598,14600,14600,3,3
2022-07-20 15:15:37.234,14600,14601,14600,6,-6
2022-07-20 15:15:37.234,14600,14601,14600,1,-1
2022-07-20 15:15:40.627,14599,14600,14600,1,1
2022-07-20 15:15:45.530,14599,14600,14600,1,1
2022-07-20 15:15:46.147,14599,14600,14600,1,1
2022-07-20 15:15:46.458,14599,14601,14599,5,-5
2022-07-20 15:15:51.608,14600,14601,14600,1,-1
2022-07-20 15:15:54.797,14599,14600,14599,5,-5
2022-07-20 15:15:55.017,14598,14599,14598,2,-2
2022-07-20 15:15:55.172,14597,14598,14597,5,-5
2022-07-20 15:15:55.681,14596,14597,14597,1,1
2022-07-20 15:15:56.753,14596,14598,14598,3,3
2022-07-20 15:15:58.033,14596,14598,14596,6,-6
2022-07-20 15:15:58.176,14595,14597,14597,2,2
2022-07-20 15:16:00.948,14595,14597,14597,3,3
2022-07-20 15:16:01.066,14595,14597,14597,1,1
2022-07-20 15:16:01.067,14595,14597,14597,2,2
2022-07-20 15:16:01.067,14595,14597,14598,2,2
2022-07-20 15:16:01.067,14595,14597,14598,1,1
2022-07-20 15:16:01.067,14595,14597,14598,1,1
2022-07-20 15:16:01.068,14595,14597,14598,1,1
2022-07-20 15:16:01.068,14595,14597,14597,1,1
2022-07-20 15:16:01.097,14595,14597,14596,1,1
2022-07-20 15:16:01.906,14595,14596,14595,21,-21
2022-07-20 15:16:02.186,14594,14595,14594,5,-5
2022-07-20 15:16:02.356,14594,14595,14594,1,-1
2022-07-20 15:16:02.371,14594,14595,14595,1,1
2022-07-20 15:16:03.771,14593,14595,14593,5,-5
2022-07-20 15:16:03.872,14592,14594,14594,2,2
2022-07-20 15:16:03.999,14592,14594,14592,1,-1
2022-07-20 15:16:04.092,14592,14594,14592,1,-1
2022-07-20 15:16:04.110,14592,14594,14592,2,-2
2022-07-20 15:16:04.968,14592,14594,14592,1,-1
2022-07-20 15:16:05.858,14592,14594,14594,2,2
2022-07-20 15:16:06.277,14593,14594,14593,2,-2
2022-07-20 15:16:06.320,14592,14594,14594,1,1
2022-07-20 15:16:06.385,14592,14594,14592,1,-1
2022-07-20 15:16:06.832,14592,14594,14594,1,1
2022-07-20 15:16:08.279,14593,14595,14593,1,-1
2022-07-20 15:16:08.315,14594,14595,14595,1,1
2022-07-20 15:16:08.316,14594,14595,14595,1,1
2022-07-20 15:16:08.598,14594,14595,14595,1,1
2022-07-20 15:16:09.695,14594,14595,14594,1,-1
2022-07-20 15:16:09.695,14594,14595,14593,2,-2
2022-07-20 15:16:10.126,14593,14595,14593,3,-3
2022-07-20 15:16:10.640,14593,14595,14593,5,-5
2022-07-20 15:16:12.102,14594,14595,14595,2,2
2022-07-20 15:16:13.907,14594,14595,14594,2,-2
2022-07-20 15:16:15.948,14594,14595,14594,3,-3
2022-07-20 15:16:17.497,14593,14594,14594,2,2
2022-07-20 15:16:17.497,14593,14594,14595,6,6
2022-07-20 15:16:17.497,14593,14594,14596,2,2
2022-07-20 15:16:17.981,14594,14596,14595,4,4
2022-07-20 15:16:19.080,14595,14597,14595,1,-1
2022-07-20 15:16:19.190,14595,14597,14597,1,1
2022-07-20 15:16:19.598,14595,14598,14596,1,-1
2022-07-20 15:16:19.688,14595,14597,14595,1,-1
2022-07-20 15:16:20.709,14595,14597,14595,4,-4
2022-07-20 15:16:22.664,14595,14596,14596,1,1
2022-07-20 15:16:22.848,14595,14598,14595,5,-5
2022-07-20 15:16:24.624,14594,14596,14595,1,-1
2022-07-20 15:16:27.910,14595,14596,14596,1,1
2022-07-20 15:16:28.026,14595,14596,14595,2,-2
2022-07-20 15:16:28.070,14595,14596,14596,1,1
2022-07-20 15:16:30.985,14595,14596,14595,1,-1
2022-07-20 15:16:32.087,14595,14596,14595,1,-1
2022-07-20 15:16:33.747,14595,14596,14595,1,-1
2022-07-20 15:16:36.110,14594,14595,14594,1,-1
2022-07-20 15:16:36.184,14594,14595,14594,3,-3
2022-07-20 15:16:36.265,14594,14595,14594,1,-1
2022-07-20 15:16:36.512,14594,14595,14595,1,1
2022-07-20 15:16:37.090,14595,14596,14595,1,-1
2022-07-20 15:16:37.252,14594,14596,14594,1,-1
2022-07-20 15:16:37.689,14595,14596,14596,10,10
2022-07-20 15:16:38.029,14596,14597,14596,1,-1
2022-07-20 15:16:38.714,14596,14597,14595,2,-2
2022-07-20 15:16:41.760,14596,14597,14597,1,1
2022-07-20 15:16:41.760,14596,14597,14597,2,2
2022-07-20 15:16:42.494,14596,14598,14596,2,-2
2022-07-20 15:16:48.582,14596,14597,14596,1,-1
2022-07-20 15:16:48.665,14596,14597,14597,1,1
2022-07-20 15:16:48.665,14596,14597,14597,3,3
2022-07-20 15:16:49.069,14597,14598,14598,5,5
2022-07-20 15:16:49.859,14598,14600,14598,1,-1
2022-07-20 15:16:50.286,14599,14600,14599,1,-1
2022-07-20 15:16:51.314,14598,14600,14598,4,-4
2022-07-20 15:16:53.335,14598,14600,14599,1,-1
2022-07-20 15:16:55.451,14598,14599,14599,1,1
2022-07-20 15:16:57.137,14598,14599,14599,5,5
2022-07-20 15:16:58.900,14599,14600,14600,9,9
2022-07-20 15:16:59.063,14600,14601,14601,2,2
2022-07-20 15:16:59.189,14601,14602,14602,1,1
2022-07-20 15:16:59.189,14601,14602,14602,2,2
2022-07-20 15:16:59.350,14601,14603,14601,1,-1
2022-07-20 15:16:59.596,14600,14603,14600,2,-2
2022-07-20 15:17:03.399,14601,14603,14601,2,-2
2022-07-20 15:17:04.334,14601,14603,14601,2,-2
2022-07-20 15:17:04.334,14601,14603,14600,4,-4
2022-07-20 15:17:06.070,14601,14603,14601,1,-1
2022-07-20 15:17:06.114,14601,14603,14602,1,-1
2022-07-20 15:17:07.203,14601,14602,14601,1,-1
2022-07-20 15:17:08.092,14601,14602,14601,2,-2
2022-07-20 15:17:08.092,14601,14602,14600,1,-1
2022-07-20 15:17:09.197,14601,14602,14601,1,-1
2022-07-20 15:17:09.721,14600,14602,14600,2,-2
2022-07-20 15:17:10.456,14601,14602,14602,1,1
2022-07-20 15:17:12.179,14601,14603,14602,1,1
2022-07-20 15:17:12.978,14601,14602,14601,1,-1
2022-07-20 15:17:13.955,14600,14602,14600,2,-2
2022-07-20 15:17:15.001,14601,14602,14601,1,-1
2022-07-20 15:17:15.742,14600,14601,14601,1,1
2022-07-20 15:17:17.559,14600,14601,14600,7,-7
2022-07-20 15:17:17.747,14598,14600,14600,1,1
2022-07-20 15:17:17.861,14598,14600,14600,1,1
2022-07-20 15:17:20.188,14598,14599,14599,2,2
2022-07-20 15:17:20.567,14599,14600,14600,1,1
2022-07-20 15:17:20.574,14599,14600,14601,8,8
2022-07-20 15:17:20.574,14599,14600,14601,1,1
2022-07-20 15:17:20.575,14599,14600,14601,1,1
2022-07-20 15:17:20.690,14601,14603,14601,3,-3
2022-07-20 15:17:21.605,14600,14602,14600,1,-1
2022-07-20 15:17:22.309,14600,14602,14600,1,-1
2022-07-20 15:17:25.458,14600,14601,14600,1,-1
2022-07-20 15:17:25.458,14600,14601,14599,1,-1
2022-07-20 15:17:27.781,14600,14602,14600,1,-1
2022-07-20 15:17:28.685,14601,14602,14602,10,10
2022-07-20 15:17:30.026,14602,14603,14602,1,-1
2022-07-20 15:17:30.026,14602,14603,14601,1,-1
2022-07-20 15:17:36.811,14601,14602,14601,2,-2
2022-07-20 15:17:40.181,14600,14601,14601,1,1
2022-07-20 15:17:52.402,14600,14601,14600,1,-1
2022-07-20 15:17:52.402,14600,14601,14600,1,-1
2022-07-20 15:17:58.013,14599,14601,14601,3,3
2022-07-20 15:17:59.511,14601,14602,14601,1,-1
2022-07-20 15:17:59.581,14601,14602,14602,11,11
2022-07-20 15:18:01.477,14602,14603,14603,2,2
2022-07-20 15:18:01.776,14603,14604,14603,1,-1
2022-07-20 15:18:02.174,14603,14604,14603,1,-1
2022-07-20 15:18:02.289,14603,14604,14604,2,2
2022-07-20 15:18:02.339,14603,14604,14603,1,-1
2022-07-20 15:18:02.407,14603,14604,14604,1,1
2022-07-20 15:18:02.407,14603,14604,14605,1,1
2022-07-20 15:18:02.473,14603,14605,14605,2,2
2022-07-20 15:18:02.517,14603,14605,14606,1,1
2022-07-20 15:18:02.627,14604,14606,14606,1,1
2022-07-20 15:18:02.715,14604,14606,14606,1,1
2022-07-20 15:18:08.295,14604,14606,14604,1,-1
2022-07-20 15:18:08.888,14605,14606,14605,1,-1
2022-07-20 15:18:09.290,14604,14605,14605,2,2
2022-07-20 15:18:09.290,14604,14605,14605,2,2
2022-07-20 15:18:11.745,14604,14605,14605,1,1
2022-07-20 15:18:12.166,14605,14606,14606,4,4
2022-07-20 15:18:12.166,14605,14606,14606,1,1
2022-07-20 15:18:12.166,14605,14606,14606,1,1
2022-07-20 15:18:12.166,14605,14606,14606,6,6
2022-07-20 15:18:12.166,14605,14606,14606,1,1
2022-07-20 15:18:13.079,14606,14607,14606,1,-1
2022-07-20 15:18:14.525,14606,14607,14607,1,1
2022-07-20 15:18:15.729,14606,14607,14606,1,-1
2022-07-20 15:18:17.737,14604,14606,14606,1,1
2022-07-20 15:18:18.163,14604,14606,14604,1,-1
2022-07-20 15:18:24.146,14605,14606,14606,1,1
2022-07-20 15:18:27.827,14605,14606,14606,3,3
2022-07-20 15:18:31.762,14605,14606,14605,1,-1
2022-07-20 15:18:31.823,14605,14606,14606,1,1
2022-07-20 15:18:32.249,14605,14606,14605,1,-1
2022-07-20 15:18:32.870,14605,14606,14606,1,1
2022-07-20 15:18:34.553,14605,14606,14606,5,5
2022-07-20 15:18:39.592,14606,14607,14606,2,-2
2022-07-20 15:18:45.297,14605,14606,14606,1,1
2022-07-20 15:18:48.998,14605,14606,14606,1,1
2022-07-20 15:18:56.978,14605,14606,14605,1,-1
2022-07-20 15:19:00.920,14605,14606,14606,11,11
2022-07-20 15:19:01.163,14606,14607,14606,1,-1
2022-07-20 15:19:01.257,14606,14607,14607,3,3
2022-07-20 15:19:01.258,14606,14607,14607,29,29
2022-07-20 15:19:01.258,14606,14607,14608,10,10
2022-07-20 15:19:01.260,14606,14607,14608,1,1
2022-07-20 15:19:01.827,14608,14609,14609,1,1
2022-07-20 15:19:04.096,14608,14609,14608,1,-1
2022-07-20 15:19:04.337,14608,14609,14608,1,-1
2022-07-20 15:19:08.368,14608,14609,14608,1,-1
2022-07-20 15:19:08.835,14608,14609,14609,1,1
2022-07-20 15:19:10.115,14608,14609,14608,1,-1
2022-07-20 15:19:10.650,14606,14608,14606,1,-1
2022-07-20 15:19:11.098,14606,14608,14606,1,-1
2022-07-20 15:19:11.990,14606,14608,14608,1,1
2022-07-20 15:19:15.374,14606,14608,14608,1,1
2022-07-20 15:19:20.184,14605,14607,14607,2,2
2022-07-20 15:19:22.939,14606,14608,14608,2,2
2022-07-20 15:19:24.631,14606,14608,14607,1,1
2022-07-20 15:19:29.803,14606,14608,14608,2,2
2022-07-20 15:19:36.420,14606,14607,14607,3,3
2022-07-20 15:19:39.438,14606,14608,14607,1,1
2022-07-20 15:19:41.673,14606,14607,14607,1,1
2022-07-20 15:19:41.673,14606,14607,14608,1,1
2022-07-20 15:19:44.980,14607,14608,14608,2,2
2022-07-20 15:19:46.091,14607,14609,14607,1,-1
2022-07-20 15:19:46.505,14606,14608,14608,1,1
2022-07-20 15:19:46.643,14606,14608,14608,1,1
2022-07-20 15:19:50.151,14606,14608,14608,2,2
2022-07-20 15:19:51.764,14607,14608,14608,2,2
2022-07-20 15:19:53.195,14607,14609,14607,1,-1
2022-07-20 15:19:53.898,14606,14608,14608,1,1
2022-07-20 15:19:53.898,14606,14608,14608,1,1
2022-07-20 15:19:57.263,14607,14609,14608,2,2
2022-07-20 15:19:58.484,14607,14608,14607,1,-1
2022-07-20 15:19:58.484,14607,14608,14607,1,-1
2022-07-20 15:20:01.202,14606,14607,14606,8,-8
2022-07-20 15:20:01.395,14605,14606,14605,2,-2
2022-07-20 15:20:01.437,14605,14606,14605,3,-3
2022-07-20 15:20:01.444,14605,14606,14605,1,-1
2022-07-20 15:20:01.583,14605,14606,14606,1,1
2022-07-20 15:20:07.466,14606,14608,14608,1,1
2022-07-20 15:20:07.543,14606,14608,14606,3,-3
2022-07-20 15:20:09.949,14605,14606,14606,2,2
2022-07-20 15:20:11.797,14606,14607,14607,1,1
2022-07-20 15:20:13.324,14607,14608,14608,6,6
2022-07-20 15:20:13.324,14607,14608,14608,4,4
2022-07-20 15:20:18.889,14607,14609,14609,1,1
2022-07-20 15:20:23.210,14606,14608,14608,1,1
2022-07-20 15:20:28.875,14608,14609,14608,1,-1
2022-07-20 15:20:32.617,14606,14607,14606,4,-4
2022-07-20 15:20:45.280,14605,14606,14605,1,-1
2022-07-20 15:20:45.280,14605,14606,14605,5,-5
2022-07-20 15:20:50.025,14604,14606,14604,1,-1
2022-07-20 15:20:52.793,14604,14605,14604,1,-1
2022-07-20 15:20:55.294,14604,14605,14604,1,-1
2022-07-20 15:20:56.459,14604,14605,14604,1,-1
2022-07-20 15:20:59.081,14603,14604,14604,1,1
2022-07-20 15:21:02.891,14602,14603,14602,1,-1
2022-07-20 15:21:03.682,14602,14603,14603,1,1
2022-07-20 15:21:09.712,14602,14604,14604,1,1
2022-07-20 15:21:13.354,14602,14604,14602,1,-1
2022-07-20 15:21:15.164,14603,14605,14603,1,-1
2022-07-20 15:21:31.340,14604,14605,14605,2,2
2022-07-20 15:21:31.340,14604,14605,14606,6,6
2022-07-20 15:21:39.219,14605,14606,14605,1,-1
2022-07-20 15:21:39.230,14605,14606,14604,1,-1
2022-07-20 15:21:43.599,14605,14606,14606,5,5
2022-07-20 15:21:48.562,14605,14606,14606,1,1
2022-07-20 15:21:48.562,14605,14606,14606,1,1
2022-07-20 15:21:51.241,14606,14607,14607,1,1
2022-07-20 15:21:51.242,14606,14607,14607,1,1
2022-07-20 15:21:55.082,14606,14608,14608,7,7
2022-07-20 15:21:57.152,14607,14608,14608,1,1
2022-07-20 15:21:58.312,14608,14609,14609,7,7
2022-07-20 15:21:58.871,14609,14610,14610,1,1
2022-07-20 15:22:01.845,14609,14610,14610,2,2
2022-07-20 15:22:01.845,14609,14610,14610,7,7
2022-07-20 15:22:01.845,14609,14610,14610,1,1
2022-07-20 15:22:01.846,14609,14610,14610,2,2
2022-07-20 15:22:02.244,14610,14611,14610,1,-1
2022-07-20 15:22:04.420,14610,14611,14611,5,5
2022-07-20 15:22:04.808,14610,14611,14611,1,1
2022-07-20 15:22:05.843,14610,14611,14610,1,-1
2022-07-20 15:22:06.653,14610,14611,14610,1,-1
2022-07-20 15:22:06.653,14610,14611,14610,1,-1
2022-07-20 15:22:06.661,14610,14611,14609,1,-1
2022-07-20 15:22:06.938,14608,14609,14609,6,6
2022-07-20 15:22:06.938,14608,14609,14610,4,4
2022-07-20 15:22:08.073,14608,14610,14610,1,1
2022-07-20 15:22:12.153,14610,14611,14611,1,1
2022-07-20 15:22:12.264,14610,14611,14611,1,1
2022-07-20 15:22:14.086,14611,14612,14612,3,3
2022-07-20 15:22:17.846,14611,14612,14611,1,-1
2022-07-20 15:22:18.087,14609,14611,14611,5,5
2022-07-20 15:22:19.695,14610,14612,14610,1,-1
2022-07-20 15:22:21.343,14610,14611,14611,2,2
2022-07-20 15:22:23.352,14611,14612,14611,1,-1
2022-07-20 15:22:25.287,14610,14611,14611,2,2
2022-07-20 15:22:39.028,14611,14612,14611,10,-10
2022-07-20 15:22:40.173,14610,14611,14611,1,1
2022-07-20 15:22:40.435,14610,14611,14611,1,1
2022-07-20 15:22:40.788,14610,14612,14612,1,1
2022-07-20 15:22:53.983,14611,14612,14612,1,1
2022-07-20 15:22:53.983,14611,14612,14612,6,6
2022-07-20 15:22:53.984,14611,14612,14612,1,1
2022-07-20 15:22:53.984,14611,14612,14612,6,6
2022-07-20 15:22:53.984,14611,14612,14612,5,5
2022-07-20 15:22:57.821,14612,14613,14613,4,4
2022-07-20 15:22:57.822,14612,14613,14613,5,5
2022-07-20 15:22:57.822,14612,14613,14613,1,1
2022-07-20 15:22:57.970,14613,14614,14614,1,1
2022-07-20 15:22:58.081,14613,14614,14614,1,1
2022-07-20 15:22:58.282,14613,14614,14614,1,1
2022-07-20 15:22:59.408,14613,14614,14613,1,-1
2022-07-20 15:22:59.408,14613,14614,14613,2,-2
2022-07-20 15:23:00.779,14613,14614,14614,3,3
2022-07-20 15:23:02.791,14614,14615,14614,1,-1
2022-07-20 15:23:05.431,14614,14615,14614,1,-1
2022-07-20 15:23:06.165,14614,14615,14614,1,-1
2022-07-20 15:23:09.051,14613,14614,14614,1,1
2022-07-20 15:23:09.213,14613,14614,14613,1,-1
2022-07-20 15:23:10.676,14613,14614,14614,1,1
2022-07-20 15:23:10.769,14613,14614,14613,1,-1
2022-07-20 15:23:14.923,14613,14614,14613,1,-1
2022-07-20 15:23:15.414,14613,14614,14613,1,-1
2022-07-20 15:23:16.264,14613,14614,14614,10,10
2022-07-20 15:23:16.343,14614,14615,14614,8,-8
2022-07-20 15:23:16.635,14613,14614,14613,1,-1
2022-07-20 15:23:20.023,14613,14614,14614,3,3
2022-07-20 15:23:20.356,14614,14615,14614,1,-1
2022-07-20 15:23:20.416,14614,14615,14615,1,1
2022-07-20 15:23:20.416,14614,14615,14615,6,6
2022-07-20 15:23:20.416,14614,14615,14615,4,4
2022-07-20 15:23:20.907,14615,14616,14615,1,-1
2022-07-20 15:23:20.907,14615,14616,14614,5,-5
2022-07-20 15:23:20.970,14614,14616,14615,1,-1
2022-07-20 15:23:21.434,14615,14616,14616,1,1
2022-07-20 15:23:22.641,14614,14616,14616,5,5
2022-07-20 15:23:22.996,14614,14615,14615,1,1
2022-07-20 15:23:26.259,14615,14616,14616,2,2
2022-07-20 15:23:26.476,14615,14616,14616,5,5
2022-07-20 15:23:28.753,14615,14617,14615,1,-1
2022-07-20 15:23:28.894,14615,14617,14617,1,1
2022-07-20 15:23:29.125,14615,14617,14617,10,10
2022-07-20 15:23:29.125,14615,14617,14618,19,19
2022-07-20 15:23:29.125,14615,14617,14619,30,30
2022-07-20 15:23:29.125,14615,14617,14620,19,19
2022-07-20 15:23:29.126,14615,14617,14620,1,1
2022-07-20 15:23:29.127,14615,14617,14620,3,3
2022-07-20 15:23:29.127,14615,14617,14620,1,1
2022-07-20 15:23:29.127,14615,14617,14620,6,6
2022-07-20 15:23:29.127,14615,14617,14620,6,6
2022-07-20 15:23:29.128,14615,14617,14621,1,1
2022-07-20 15:23:29.128,14615,14617,14620,1,1
2022-07-20 15:23:29.128,14615,14617,14621,2,2
2022-07-20 15:23:29.128,14615,14617,14620,1,1
2022-07-20 15:23:29.201,14619,14621,14621,1,1
2022-07-20 15:23:29.264,14619,14621,14621,1,1
2022-07-20 15:23:29.316,14619,14621,14621,1,1
2022-07-20 15:23:29.318,14619,14621,14621,3,3
2022-07-20 15:23:29.339,14619,14621,14621,1,1
2022-07-20 15:23:29.360,14619,14621,14621,3,3
2022-07-20 15:23:29.360,14619,14621,14622,33,33
2022-07-20 15:23:29.360,14619,14621,14623,7,7
2022-07-20 15:23:29.362,14619,14621,14624,1,1
2022-07-20 15:23:29.362,14619,14621,14623,1,1
2022-07-20 15:23:29.362,14619,14621,14624,7,7
2022-07-20 15:23:29.376,14619,14621,14624,2,2
2022-07-20 15:23:29.376,14619,14621,14623,8,8
2022-07-20 15:23:29.415,14619,14621,14623,40,40
2022-07-20 15:23:29.416,14619,14621,14623,4,4
2022-07-20 15:23:29.416,14619,14621,14623,1,1
2022-07-20 15:23:29.416,14619,14621,14623,1,1
2022-07-20 15:23:29.416,14619,14621,14623,2,2
2022-07-20 15:23:29.652,14622,14623,14623,1,1
2022-07-20 15:23:29.657,14622,14623,14623,9,9
2022-07-20 15:23:29.657,14622,14623,14623,1,1
2022-07-20 15:23:29.983,14622,14624,14622,2,-2
2022-07-20 15:23:29.993,14622,14624,14623,3,-3
2022-07-20 15:23:30.515,14622,14624,14622,1,-1
2022-07-20 15:23:30.810,14622,14624,14622,1,-1
2022-07-20 15:23:32.340,14623,14625,14625,3,3
2022-07-20 15:23:32.463,14623,14625,14625,13,13
2022-07-20 15:23:32.463,14623,14625,14626,2,2
2022-07-20 15:23:32.470,14623,14625,14624,1,1
2022-07-20 15:23:32.893,14624,14626,14624,1,-1
2022-07-20 15:23:33.387,14624,14626,14624,5,-5
2022-07-20 15:23:33.387,14624,14626,14623,5,-5
2022-07-20 15:23:33.444,14624,14625,14624,1,-1
2022-07-20 15:23:34.804,14622,14624,14623,2,-2
2022-07-20 15:23:35.276,14622,14624,14624,3,3
2022-07-20 15:23:36.604,14622,14624,14624,1,1
2022-07-20 15:23:37.179,14622,14624,14624,1,1
2022-07-20 15:23:38.545,14623,14624,14624,1,1
2022-07-20 15:23:38.545,14623,14624,14625,1,1
2022-07-20 15:23:39.236,14623,14624,14623,6,-6
2022-07-20 15:23:39.527,14622,14623,14623,1,1
2022-07-20 15:23:39.585,14622,14623,14623,1,1
2022-07-20 15:23:40.047,14622,14623,14623,2,2
2022-07-20 15:23:40.047,14622,14623,14624,3,3
2022-07-20 15:23:41.043,14623,14624,14624,1,1
2022-07-20 15:23:42.595,14623,14624,14624,1,1
2022-07-20 15:23:42.624,14623,14624,14623,1,-1
2022-07-20 15:23:42.728,14623,14624,14624,1,1
2022-07-20 15:23:42.879,14623,14624,14624,1,1
2022-07-20 15:23:43.277,14623,14625,14625,6,6
2022-07-20 15:23:43.288,14623,14625,14625,2,2
2022-07-20 15:23:44.577,14623,14624,14624,1,1
2022-07-20 15:23:44.873,14623,14624,14623,1,-1
2022-07-20 15:23:45.154,14623,14624,14623,1,-1
2022-07-20 15:23:47.331,14623,14624,14623,1,-1
2022-07-20 15:23:50.310,14623,14624,14624,1,1
2022-07-20 15:23:50.477,14623,14624,14624,1,1
2022-07-20 15:23:50.477,14623,14624,14624,1,1
2022-07-20 15:23:52.125,14623,14624,14623,2,-2
2022-07-20 15:23:52.126,14623,14624,14623,1,-1
2022-07-20 15:23:52.126,14623,14624,14623,9,-9
2022-07-20 15:23:52.348,14622,14623,14623,1,1
2022-07-20 15:23:53.773,14622,14623,14623,1,1
2022-07-20 15:23:54.365,14622,14623,14623,1,1
2022-07-20 15:23:55.463,14622,14623,14622,1,-1
2022-07-20 15:23:55.464,14622,14623,14621,1,-1
2022-07-20 15:23:55.465,14622,14623,14620,1,-1
2022-07-20 15:23:55.466,14622,14623,14620,1,-1
2022-07-20 15:23:55.471,14622,14623,14619,2,-2
2022-07-20 15:23:58.158,14619,14620,14620,1,1
2022-07-20 15:23:58.817,14619,14620,14619,2,-2
2022-07-20 15:24:00.272,14618,14619,14619,1,1
2022-07-20 15:24:01.098,14618,14619,14619,1,1
2022-07-20 15:24:01.098,14618,14619,14620,1,1
2022-07-20 15:24:01.608,14618,14620,14618,1,-1
2022-07-20 15:24:02.040,14618,14620,14618,1,-1
2022-07-20 15:24:02.040,14618,14620,14618,4,-4
2022-07-20 15:24:03.173,14617,14618,14618,1,1
2022-07-20 15:24:03.390,14617,14618,14618,2,2
2022-07-20 15:24:04.070,14617,14618,14618,1,1
2022-07-20 15:24:04.250,14617,14618,14618,3,3
2022-07-20 15:24:05.032,14617,14618,14618,2,2
2022-07-20 15:24:05.032,14617,14618,14619,4,4
2022-07-20 15:24:06.612,14618,14619,14618,1,-1
2022-07-20 15:24:09.334,14617,14618,14618,1,1
2022-07-20 15:24:13.280,14617,14618,14618,5,5
2022-07-20 15:24:13.280,14617,14618,14619,2,2
2022-07-20 15:24:13.543,14617,14619,14618,1,1
2022-07-20 15:24:14.404,14617,14618,14618,1,1
2022-07-20 15:24:16.284,14617,14618,14617,2,-2
2022-07-20 15:24:17.600,14616,14617,14617,1,1
2022-07-20 15:24:17.607,14616,14617,14616,1,-1
2022-07-20 15:24:19.123,14616,14617,14617,1,1
2022-07-20 15:24:19.190,14616,14617,14617,1,1
2022-07-20 15:24:20.817,14616,14617,14616,2,-2
2022-07-20 15:24:20.849,14616,14617,14616,1,-1
2022-07-20 15:24:20.849,14616,14617,14617,2,2
2022-07-20 15:24:22.232,14615,14616,14616,1,1
2022-07-20 15:24:24.529,14616,14617,14616,1,-1
2022-07-20 15:24:24.529,14616,14617,14615,2,-2
2022-07-20 15:24:27.686,14615,14616,14615,1,-1
2022-07-20 15:24:27.844,14615,14616,14615,1,-1
2022-07-20 15:24:27.844,14615,14616,14615,2,-2
2022-07-20 15:24:28.180,14614,14616,14614,1,-1
2022-07-20 15:24:28.215,14614,14616,14614,3,-3
2022-07-20 15:24:28.303,14614,14616,14614,1,-1
2022-07-20 15:24:28.303,14614,14616,14614,2,-2
2022-07-20 15:24:28.317,14613,14614,14613,10,-10
2022-07-20 15:24:28.511,14612,14613,14612,5,-5
2022-07-20 15:24:28.675,14611,14612,14611,1,-1
2022-07-20 15:24:28.717,14611,14612,14611,1,-1
2022-07-20 15:24:28.767,14611,14612,14612,1,1
2022-07-20 15:24:29.200,14610,14612,14610,1,-1
2022-07-20 15:24:29.339,14610,14611,14610,6,-6
2022-07-20 15:24:29.339,14610,14611,14610,1,-1
2022-07-20 15:24:29.826,14609,14610,14610,2,2
2022-07-20 15:24:29.949,14609,14611,14611,1,1
2022-07-20 15:24:31.398,14610,14611,14610,1,-1
2022-07-20 15:24:31.884,14609,14610,14609,1,-1
2022-07-20 15:24:31.987,14608,14610,14608,1,-1
2022-07-20 15:24:34.700,14609,14610,14610,1,1
2022-07-20 15:24:35.998,14610,14612,14612,1,1
2022-07-20 15:24:37.266,14611,14613,14611,1,-1
2022-07-20 15:24:45.986,14610,14611,14611,1,1
2022-07-20 15:24:48.431,14610,14611,14610,1,-1
2022-07-20 15:24:48.774,14610,14611,14611,1,1
2022-07-20 15:24:52.056,14610,14611,14610,1,-1
2022-07-20 15:24:56.351,14610,14611,14611,2,2
2022-07-20 15:24:56.639,14611,14612,14611,3,-3
2022-07-20 15:24:58.145,14610,14611,14610,5,-5
2022-07-20 15:24:58.501,14609,14610,14609,3,-3
2022-07-20 15:24:58.501,14609,14610,14609,6,-6
2022-07-20 15:25:00.207,14608,14609,14608,18,-18
2022-07-20 15:25:00.225,14608,14609,14607,2,-2
2022-07-20 15:25:00.343,14607,14608,14607,2,-2
2022-07-20 15:25:06.912,14607,14608,14608,1,1
2022-07-20 15:25:07.867,14608,14610,14608,1,-1
2022-07-20 15:25:10.634,14608,14609,14609,1,1
2022-07-20 15:25:12.745,14608,14610,14610,1,1
2022-07-20 15:25:12.932,14608,14610,14609,1,1
2022-07-20 15:25:14.927,14608,14610,14610,4,4
2022-07-20 15:25:16.291,14609,14610,14609,2,-2
2022-07-20 15:25:19.240,14608,14609,14608,3,-3
2022-07-20 15:25:19.346,14607,14608,14607,3,-3
2022-07-20 15:25:20.788,14606,14607,14607,1,1
2022-07-20 15:25:21.367,14606,14607,14607,1,1
2022-07-20 15:25:22.598,14606,14607,14606,1,-1
2022-07-20 15:25:23.003,14606,14607,14607,1,1
2022-07-20 15:25:24.356,14606,14607,14607,1,1
2022-07-20 15:25:27.025,14606,14607,14607,2,2
2022-07-20 15:25:27.982,14606,14608,14606,1,-1
2022-07-20 15:25:29.494,14607,14608,14607,1,-1
2022-07-20 15:25:29.895,14607,14608,14608,1,1
2022-07-20 15:25:29.895,14607,14608,14609,1,1
2022-07-20 15:25:31.311,14607,14608,14607,2,-2
2022-07-20 15:25:32.521,14607,14608,14607,1,-1
2022-07-20 15:25:34.871,14607,14608,14607,1,-1
2022-07-20 15:25:35.208,14607,14608,14607,1,-1
2022-07-20 15:25:35.208,14607,14608,14607,1,-1
2022-07-20 15:25:38.123,14606,14608,14608,1,1
2022-07-20 15:25:39.600,14607,14608,14607,1,-1
2022-07-20 15:25:39.600,14607,14608,14606,1,-1
2022-07-20 15:25:42.700,14606,14607,14606,4,-4
2022-07-20 15:25:42.701,14606,14607,14606,5,-5
2022-07-20 15:25:42.701,14606,14607,14606,1,-1
2022-07-20 15:25:43.480,14605,14606,14605,11,-11
2022-07-20 15:25:43.570,14604,14605,14604,1,-1
2022-07-20 15:25:44.597,14604,14605,14604,1,-1
2022-07-20 15:25:47.079,14604,14605,14604,1,-1
2022-07-20 15:25:50.188,14605,14606,14605,1,-1
2022-07-20 15:25:52.385,14604,14605,14605,1,1
2022-07-20 15:26:06.574,14606,14607,14607,1,1
2022-07-20 15:26:06.574,14606,14607,14607,1,1
2022-07-20 15:26:06.574,14606,14607,14607,1,1
2022-07-20 15:26:06.575,14606,14607,14607,1,1
2022-07-20 15:26:06.575,14606,14607,14607,1,1
2022-07-20 15:26:06.576,14606,14607,14607,1,1
2022-07-20 15:26:09.428,14606,14607,14606,2,-2
2022-07-20 15:26:13.666,14605,14606,14606,3,3
2022-07-20 15:26:13.666,14605,14606,14606,2,2
2022-07-20 15:26:13.793,14605,14606,14606,1,1
2022-07-20 15:26:15.277,14605,14606,14605,1,-1
2022-07-20 15:26:16.194,14605,14606,14605,1,-1
2022-07-20 15:26:16.194,14605,14606,14605,2,-2
2022-07-20 15:26:20.691,14604,14605,14605,1,1
2022-07-20 15:26:22.795,14604,14605,14604,1,-1
2022-07-20 15:26:22.857,14604,14605,14604,6,-6
2022-07-20 15:26:23.211,14603,14604,14604,1,1
2022-07-20 15:26:23.573,14603,14604,14603,9,-9
2022-07-20 15:26:23.583,14603,14604,14602,1,-1
2022-07-20 15:26:23.583,14603,14604,14602,6,-6
2022-07-20 15:26:24.076,14601,14602,14602,1,1
2022-07-20 15:26:24.077,14601,14602,14602,1,1
2022-07-20 15:26:26.653,14601,14602,14601,1,-1
2022-07-20 15:26:26.653,14601,14602,14601,1,-1
2022-07-20 15:26:26.933,14601,14602,14601,1,-1
2022-07-20 15:26:27.201,14600,14601,14600,1,-1
2022-07-20 15:26:28.664,14600,14601,14600,1,-1
2022-07-20 15:26:31.786,14601,14602,14601,1,-1
2022-07-20 15:26:33.381,14601,14602,14602,1,1
2022-07-20 15:26:33.381,14601,14602,14602,1,1
2022-07-20 15:26:34.374,14602,14604,14602,2,-2
2022-07-20 15:26:35.419,14602,14604,14602,1,-1
2022-07-20 15:26:37.068,14602,14604,14602,1,-1
2022-07-20 15:26:37.436,14602,14603,14601,1,-1
2022-07-20 15:26:37.626,14601,14603,14601,1,-1
2022-07-20 15:26:40.124,14602,14604,14602,1,-1
2022-07-20 15:26:40.124,14602,14604,14601,1,-1
2022-07-20 15:26:41.711,14602,14603,14602,1,-1
2022-07-20 15:26:43.631,14602,14603,14603,1,1
2022-07-20 15:26:43.631,14602,14603,14603,1,1
2022-07-20 15:26:43.931,14602,14604,14602,1,-1
2022-07-20 15:26:44.216,14602,14604,14602,1,-1
2022-07-20 15:26:44.457,14602,14604,14602,2,-2
2022-07-20 15:26:47.402,14602,14604,14602,2,-2
2022-07-20 15:26:48.272,14602,14604,14602,1,-1
2022-07-20 15:26:49.199,14602,14603,14602,1,-1
2022-07-20 15:26:49.851,14602,14603,14602,1,-1
2022-07-20 15:26:50.231,14602,14603,14602,1,-1
2022-07-20 15:26:50.231,14602,14603,14602,1,-1
2022-07-20 15:26:51.178,14601,14603,14601,1,-1
2022-07-20 15:27:03.212,14602,14604,14602,1,-1
2022-07-20 15:27:04.931,14602,14604,14602,2,-2
2022-07-20 15:27:11.232,14602,14604,14604,3,3
2022-07-20 15:27:12.685,14602,14603,14603,1,1
2022-07-20 15:27:12.698,14602,14603,14602,2,-2
2022-07-20 15:27:12.742,14602,14603,14603,1,1
2022-07-20 15:27:14.007,14601,14603,14603,2,2
2022-07-20 15:27:16.661,14602,14604,14604,2,2
2022-07-20 15:27:20.179,14603,14604,14603,1,-1
2022-07-20 15:27:23.055,14603,14604,14604,1,1
2022-07-20 15:27:23.055,14603,14604,14604,1,1
2022-07-20 15:27:27.883,14603,14604,14604,1,1
2022-07-20 15:27:29.218,14603,14605,14603,1,-1
2022-07-20 15:27:32.814,14603,14604,14604,1,1
2022-07-20 15:27:32.814,14603,14604,14604,1,1
2022-07-20 15:27:39.694,14603,14604,14604,1,1
2022-07-20 15:27:39.801,14603,14604,14604,3,3
2022-07-20 15:27:39.892,14603,14604,14603,4,-4
2022-07-20 15:27:41.968,14602,14603,14603,1,1
2022-07-20 15:27:42.605,14602,14603,14603,3,3
2022-07-20 15:27:49.801,14602,14603,14602,4,-4
2022-07-20 15:27:51.163,14601,14603,14603,1,1
2022-07-20 15:27:58.020,14601,14603,14601,5,-5
2022-07-20 15:27:58.564,14601,14602,14602,1,1
2022-07-20 15:28:07.016,14602,14603,14602,1,-1
2022-07-20 15:28:07.019,14602,14603,14601,2,-2
2022-07-20 15:28:07.019,14602,14603,14601,1,-1
2022-07-20 15:28:07.019,14602,14603,14601,3,-3
2022-07-20 15:28:07.437,14600,14601,14600,1,-1
2022-07-20 15:28:08.386,14600,14601,14601,1,1
2022-07-20 15:28:10.593,14601,14603,14601,1,-1
2022-07-20 15:28:12.096,14601,14603,14601,1,-1
2022-07-20 15:28:12.139,14601,14603,14601,1,-1
2022-07-20 15:28:14.333,14601,14602,14601,1,-1
2022-07-20 15:28:14.384,14601,14602,14600,38,-38
2022-07-20 15:28:14.385,14601,14602,14599,1,-1
2022-07-20 15:28:14.477,14599,14600,14599,4,-4
2022-07-20 15:28:14.612,14598,14599,14598,5,-5
2022-07-20 15:28:15.890,14598,14599,14598,1,-1
2022-07-20 15:28:15.936,14598,14599,14599,1,1
2022-07-20 15:28:16.959,14598,14599,14599,1,1
2022-07-20 15:28:20.116,14598,14599,14599,1,1
2022-07-20 15:28:20.182,14598,14599,14599,2,2
2022-07-20 15:28:20.182,14598,14599,14598,1,-1
2022-07-20 15:28:22.685,14598,14600,14598,3,-3
2022-07-20 15:28:24.884,14599,14600,14599,1,-1
2022-07-20 15:28:25.761,14599,14600,14599,1,-1
2022-07-20 15:28:36.143,14599,14600,14600,1,1
2022-07-20 15:28:44.847,14601,14603,14601,1,-1
2022-07-20 15:28:47.186,14602,14603,14603,3,3
2022-07-20 15:28:51.454,14602,14603,14603,1,1
2022-07-20 15:28:51.455,14602,14603,14603,1,1
2022-07-20 15:28:59.735,14602,14603,14602,1,-1
2022-07-20 15:28:59.735,14602,14603,14601,2,-2
2022-07-20 15:29:04.600,14602,14603,14603,6,6
2022-07-20 15:29:08.867,14603,14604,14603,1,-1
2022-07-20 15:29:09.306,14603,14604,14603,1,-1
2022-07-20 15:29:10.438,14603,14604,14604,1,1
2022-07-20 15:29:10.438,14603,14604,14604,1,1
2022-07-20 15:29:10.438,14603,14604,14604,1,1
2022-07-20 15:29:10.676,14603,14604,14604,1,1
2022-07-20 15:29:15.858,14604,14605,14604,1,-1
2022-07-20 15:29:15.858,14604,14605,14603,1,-1
2022-07-20 15:29:16.020,14603,14605,14605,1,1
2022-07-20 15:29:19.590,14604,14605,14604,3,-3
2022-07-20 15:29:23.260,14604,14605,14605,1,1
2022-07-20 15:29:23.260,14604,14605,14605,5,5
2022-07-20 15:29:23.261,14604,14605,14605,1,1
2022-07-20 15:29:23.427,14605,14606,14605,1,-1
2022-07-20 15:29:23.597,14604,14606,14604,1,-1
2022-07-20 15:29:24.871,14604,14606,14604,1,-1
2022-07-20 15:29:26.127,14604,14605,14604,1,-1
2022-07-20 15:29:26.285,14604,14605,14604,1,-1
2022-07-20 15:29:28.088,14604,14605,14604,1,-1
2022-07-20 15:29:28.312,14604,14605,14605,1,1
2022-07-20 15:29:29.853,14604,14606,14604,1,-1
2022-07-20 15:29:33.539,14604,14606,14604,1,-1
2022-07-20 15:29:40.679,14605,14606,14606,1,1
2022-07-20 15:29:46.099,14605,14606,14605,1,-1
2022-07-20 15:29:47.232,14604,14606,14604,1,-1
2022-07-20 15:29:47.232,14604,14606,14604,2,-2
2022-07-20 15:29:48.388,14603,14605,14605,3,3
2022-07-20 15:29:51.674,14603,14605,14605,1,1
2022-07-20 15:29:52.968,14603,14604,14604,1,1
2022-07-20 15:29:52.968,14603,14604,14605,2,2
2022-07-20 15:29:59.060,14603,14604,14604,1,1
2022-07-20 15:30:00.864,14603,14604,14603,3,-3
2022-07-20 15:30:01.284,14602,14603,14602,1,-1
2022-07-20 15:30:01.316,14602,14603,14602,1,-1
2022-07-20 15:30:01.435,14602,14603,14603,2,2
2022-07-20 15:30:01.694,14602,14603,14602,1,-1
2022-07-20 15:30:01.722,14602,14603,14601,1,-1
2022-07-20 15:30:01.726,14602,14603,14601,1,-1
2022-07-20 15:30:01.728,14602,14603,14601,1,-1
2022-07-20 15:30:01.729,14602,14603,14601,2,-2
2022-07-20 15:30:01.729,14602,14603,14601,1,-1
2022-07-20 15:30:01.731,14602,14603,14601,2,-2
2022-07-20 15:30:01.736,14602,14603,14601,1,-1
2022-07-20 15:30:01.736,14602,14603,14601,1,-1
2022-07-20 15:30:02.019,14601,14602,14601,1,-1
2022-07-20 15:30:02.037,14601,14602,14602,1,1
2022-07-20 15:30:02.067,14601,14602,14601,1,-1
2022-07-20 15:30:02.295,14601,14602,14601,1,-1
2022-07-20 15:30:03.294,14600,14602,14602,1,1
2022-07-20 15:30:04.034,14602,14604,14602,2,-2
2022-07-20 15:30:07.085,14603,14605,14603,1,-1
2022-07-20 15:30:09.257,14604,14605,14605,2,2
2022-07-20 15:30:09.636,14605,14606,14606,1,1
2022-07-20 15:30:09.636,14605,14606,14606,13,13
2022-07-20 15:30:12.677,14605,14607,14604,1,-1
2022-07-20 15:30:12.677,14605,14607,14605,3,-3
2022-07-20 15:30:13.304,14603,14604,14603,1,-1
2022-07-20 15:30:30.704,14605,14607,14607,1,1
2022-07-20 15:30:34.228,14605,14606,14606,1,1
2022-07-20 15:30:42.124,14606,14607,14606,1,-1
2022-07-20 15:30:45.352,14605,14606,14606,1,1
2022-07-20 15:30:53.241,14605,14606,14606,1,1
2022-07-20 15:30:58.443,14605,14606,14606,1,1
2022-07-20 15:31:08.835,14606,14607,14607,4,4
2022-07-20 15:31:08.836,14606,14607,14607,1,1
2022-07-20 15:31:08.838,14606,14607,14607,1,1
2022-07-20 15:31:11.016,14607,14608,14608,6,6
2022-07-20 15:31:11.016,14607,14608,14608,1,1
2022-07-20 15:31:11.016,14607,14608,14608,1,1
2022-07-20 15:31:11.017,14607,14608,14608,1,1
2022-07-20 15:31:12.297,14608,14609,14609,1,1
2022-07-20 15:31:12.805,14608,14609,14609,3,3
2022-07-20 15:31:12.816,14608,14609,14609,1,1
2022-07-20 15:31:15.370,14609,14610,14610,2,2
2022-07-20 15:31:16.323,14609,14610,14610,2,2
2022-07-20 15:31:16.795,14609,14610,14609,7,-7
2022-07-20 15:31:24.056,14609,14610,14609,1,-1
2022-07-20 15:31:24.798,14607,14609,14609,1,1
2022-07-20 15:31:27.878,14607,14609,14607,2,-2
2022-07-20 15:31:29.843,14608,14609,14609,1,1
2022-07-20 15:31:31.079,14608,14609,14608,1,-1
2022-07-20 15:31:31.715,14608,14609,14609,1,1
2022-07-20 15:31:35.807,14608,14609,14609,1,1
2022-07-20 15:31:38.629,14608,14609,14609,1,1
2022-07-20 15:31:40.610,14609,14610,14609,1,-1
2022-07-20 15:31:40.820,14608,14609,14609,1,1
2022-07-20 15:31:42.678,14608,14609,14608,1,-1
2022-07-20 15:31:42.725,14607,14608,14608,1,1
2022-07-20 15:31:46.536,14607,14608,14607,2,-2
2022-07-20 15:32:00.186,14606,14607,14606,1,-1
2022-07-20 15:32:00.811,14605,14606,14605,8,-8
2022-07-20 15:32:02.536,14604,14605,14604,2,-2
2022-07-20 15:32:02.788,14603,14604,14604,1,1
2022-07-20 15:32:03.122,14603,14605,14605,1,1
2022-07-20 15:32:13.453,14604,14605,14605,1,1
2022-07-20 15:32:32.803,14604,14605,14604,1,-1
2022-07-20 15:32:35.142,14604,14605,14604,2,-2
2022-07-20 15:32:38.986,14604,14605,14604,4,-4
2022-07-20 15:32:41.977,14604,14605,14604,1,-1
2022-07-20 15:32:41.977,14604,14605,14603,1,-1
2022-07-20 15:32:42.626,14603,14604,14604,1,1
2022-07-20 15:32:48.551,14603,14604,14604,1,1
2022-07-20 15:32:51.142,14604,14605,14604,1,-1
2022-07-20 15:32:51.143,14604,14605,14604,1,-1
2022-07-20 15:32:51.638,14603,14604,14604,1,1
2022-07-20 15:32:54.131,14603,14604,14603,1,-1
2022-07-20 15:32:54.131,14603,14604,14603,8,-8
2022-07-20 15:32:58.219,14602,14603,14602,2,-2
2022-07-20 15:32:58.220,14602,14603,14602,1,-1
2022-07-20 15:33:00.182,14601,14602,14601,1,-1
2022-07-20 15:33:00.301,14601,14602,14601,1,-1
2022-07-20 15:33:01.491,14600,14601,14600,1,-1
2022-07-20 15:33:02.628,14600,14601,14600,11,-11
2022-07-20 15:33:02.628,14600,14601,14600,1,-1
2022-07-20 15:33:02.629,14600,14601,14600,2,-2
2022-07-20 15:33:02.629,14600,14601,14600,1,-1
2022-07-20 15:33:02.629,14600,14601,14600,6,-6
2022-07-20 15:33:02.629,14600,14601,14600,1,-1
2022-07-20 15:33:02.629,14600,14601,14600,1,-1
2022-07-20 15:33:02.629,14600,14601,14600,6,-6
2022-07-20 15:33:02.629,14600,14601,14600,1,-1
2022-07-20 15:33:02.629,14600,14601,14600,1,-1
2022-07-20 15:33:02.629,14600,14601,14600,5,-5
2022-07-20 15:33:02.953,14599,14600,14600,7,7
2022-07-20 15:33:03.788,14599,14600,14600,1,1
2022-07-20 15:33:05.992,14599,14600,14600,1,1
2022-07-20 15:33:06.622,14599,14600,14600,1,1
2022-07-20 15:33:08.771,14599,14600,14600,10,10
2022-07-20 15:33:08.857,14599,14601,14599,1,-1
2022-07-20 15:33:12.454,14599,14600,14599,5,-5
2022-07-20 15:33:12.455,14599,14600,14598,12,-12
2022-07-20 15:33:12.603,14597,14599,14599,1,1
2022-07-20 15:33:14.203,14597,14599,14599,1,1
2022-07-20 15:33:15.900,14597,14598,14598,1,1
2022-07-20 15:33:19.954,14598,14599,14598,1,-1
2022-07-20 15:33:24.868,14597,14598,14598,1,1
2022-07-20 15:33:30.712,14598,14599,14598,1,-1
2022-07-20 15:33:30.712,14598,14599,14598,1,-1
2022-07-20 15:33:30.712,14598,14599,14598,2,-2
2022-07-20 15:33:30.712,14598,14599,14598,1,-1
2022-07-20 15:33:30.723,14598,14599,14597,1,-1
2022-07-20 15:33:30.754,14598,14599,14597,16,-16
2022-07-20 15:33:33.809,14596,14598,14596,2,-2
2022-07-20 15:33:34.192,14596,14598,14596,1,-1
2022-07-20 15:33:35.799,14596,14597,14596,1,-1
2022-07-20 15:33:36.933,14596,14597,14597,1,1
2022-07-20 15:33:37.909,14596,14598,14597,5,5
2022-07-20 15:33:39.508,14596,14597,14597,1,1
2022-07-20 15:33:39.837,14596,14598,14596,1,-1
2022-07-20 15:33:42.239,14596,14598,14596,1,-1
2022-07-20 15:33:44.362,14596,14598,14597,1,-1
2022-07-20 15:33:48.816,14596,14597,14596,1,-1
2022-07-20 15:33:53.859,14596,14597,14596,1,-1
2022-07-20 15:33:54.248,14596,14597,14596,1,-1
2022-07-20 15:33:55.008,14596,14597,14597,3,3
2022-07-20 15:33:55.009,14596,14597,14597,1,1
2022-07-20 15:33:55.462,14597,14598,14597,1,-1
2022-07-20 15:33:56.347,14597,14598,14598,1,1
2022-07-20 15:33:57.773,14597,14598,14597,1,-1
2022-07-20 15:33:58.388,14597,14598,14598,1,1
2022-07-20 15:34:00.189,14597,14598,14597,4,-4
2022-07-20 15:34:00.951,14597,14598,14597,1,-1
2022-07-20 15:34:02.184,14597,14598,14597,1,-1
2022-07-20 15:34:04.588,14597,14598,14597,1,-1
2022-07-20 15:34:09.759,14597,14598,14597,1,-1
2022-07-20 15:34:11.219,14596,14597,14596,1,-1
2022-07-20 15:34:13.205,14596,14597,14597,1,1
2022-07-20 15:34:13.653,14596,14597,14597,1,1
2022-07-20 15:34:13.778,14597,14598,14598,3,3
2022-07-20 15:34:13.942,14597,14599,14597,1,-1
2022-07-20 15:34:13.942,14597,14599,14597,1,-1
2022-07-20 15:34:18.073,14597,14598,14598,2,2
2022-07-20 15:34:22.790,14598,14600,14598,1,-1
2022-07-20 15:34:38.955,14598,14599,14598,1,-1
2022-07-20 15:34:39.886,14597,14598,14598,1,1
2022-07-20 15:34:40.187,14597,14598,14597,4,-4
2022-07-20 15:34:43.677,14596,14598,14596,2,-2
2022-07-20 15:34:47.300,14596,14597,14596,13,-13
2022-07-20 15:34:47.302,14596,14597,14595,1,-1
2022-07-20 15:34:47.587,14595,14596,14595,14,-14
2022-07-20 15:34:48.105,14594,14596,14596,1,1
2022-07-20 15:34:48.583,14595,14596,14595,1,-1
2022-07-20 15:34:48.908,14594,14596,14596,1,1
2022-07-20 15:34:50.043,14594,14596,14596,1,1
2022-07-20 15:34:50.805,14595,14596,14595,2,-2
2022-07-20 15:34:51.081,14595,14596,14595,1,-1
2022-07-20 15:34:51.504,14595,14596,14596,1,1
2022-07-20 15:34:51.961,14595,14596,14596,1,1
2022-07-20 15:34:53.868,14595,14596,14596,2,2
2022-07-20 15:34:54.459,14595,14596,14596,16,16
2022-07-20 15:34:54.525,14595,14596,14596,1,1
2022-07-20 15:34:54.634,14596,14597,14596,1,-1
2022-07-20 15:34:55.178,14596,14597,14597,1,1
2022-07-20 15:34:55.180,14596,14597,14598,1,1
2022-07-20 15:34:56.846,14596,14597,14596,1,-1
2022-07-20 15:34:59.733,14596,14597,14597,1,1
2022-07-20 15:35:01.178,14596,14598,14597,1,1
2022-07-20 15:35:05.165,14595,14597,14595,1,-1
2022-07-20 15:35:06.823,14596,14597,14597,1,1
2022-07-20 15:35:15.945,14596,14597,14596,2,-2
2022-07-20 15:35:17.154,14596,14597,14596,3,-3
2022-07-20 15:35:17.564,14596,14597,14597,7,7
2022-07-20 15:35:18.817,14596,14597,14596,1,-1
2022-07-20 15:35:29.080,14595,14596,14596,1,1
2022-07-20 15:35:30.801,14595,14596,14595,1,-1
2022-07-20 15:35:33.757,14595,14596,14595,13,-13
2022-07-20 15:35:34.502,14594,14595,14594,12,-12
2022-07-20 15:35:34.943,14593,14594,14593,6,-6
2022-07-20 15:35:36.122,14592,14593,14592,1,-1
2022-07-20 15:35:36.209,14592,14593,14592,6,-6
2022-07-20 15:35:36.210,14592,14593,14592,1,-1
2022-07-20 15:35:36.210,14592,14593,14592,13,-13
2022-07-20 15:35:36.703,14591,14592,14591,1,-1
2022-07-20 15:35:37.091,14591,14592,14591,1,-1
2022-07-20 15:35:37.543,14591,14592,14591,10,-10
2022-07-20 15:35:38.401,14591,14592,14591,1,-1
2022-07-20 15:35:39.651,14591,14592,14592,1,1
2022-07-20 15:35:39.651,14591,14592,14593,9,9
2022-07-20 15:35:39.651,14591,14592,14594,11,11
2022-07-20 15:35:39.653,14591,14592,14594,1,1
2022-07-20 15:35:39.654,14591,14592,14594,3,3
2022-07-20 15:35:39.705,14593,14594,14594,3,3
2022-07-20 15:35:39.878,14593,14594,14594,4,4
2022-07-20 15:35:40.306,14593,14594,14592,4,-4
2022-07-20 15:35:41.041,14592,14594,14592,1,-1
2022-07-20 15:35:41.433,14592,14594,14594,2,2
2022-07-20 15:35:41.626,14592,14594,14593,3,3
2022-07-20 15:35:42.328,14592,14593,14592,1,-1
2022-07-20 15:35:42.336,14592,14593,14592,4,-4
2022-07-20 15:35:43.763,14592,14593,14592,1,-1
2022-07-20 15:35:44.132,14591,14593,14593,1,1
2022-07-20 15:35:44.786,14591,14593,14592,2,2
2022-07-20 15:35:48.826,14591,14592,14592,1,1
2022-07-20 15:35:48.879,14591,14592,14591,2,-2
2022-07-20 15:35:49.088,14591,14592,14592,2,2
2022-07-20 15:35:52.218,14591,14592,14591,1,-1
2022-07-20 15:35:53.894,14591,14592,14591,1,-1
2022-07-20 15:35:55.427,14591,14592,14591,15,-15
2022-07-20 15:35:55.427,14591,14592,14590,34,-34
2022-07-20 15:35:55.444,14590,14591,14590,5,-5
2022-07-20 15:35:55.444,14590,14591,14590,4,-4
2022-07-20 15:35:55.445,14590,14591,14590,1,-1
2022-07-20 15:35:55.445,14590,14591,14590,1,-1
2022-07-20 15:35:55.470,14590,14591,14590,1,-1
2022-07-20 15:35:55.474,14590,14591,14590,1,-1
2022-07-20 15:35:55.480,14590,14591,14590,1,-1
2022-07-20 15:35:55.481,14590,14591,14590,1,-1
2022-07-20 15:35:55.492,14590,14591,14589,1,-1
2022-07-20 15:35:55.502,14590,14591,14588,2,-2
2022-07-20 15:35:55.531,14590,14591,14588,2,-2
2022-07-20 15:35:55.532,14590,14591,14588,2,-2
2022-07-20 15:35:55.533,14590,14591,14588,3,-3
2022-07-20 15:35:55.557,14590,14591,14588,1,-1
2022-07-20 15:35:55.570,14588,14590,14588,3,-3
2022-07-20 15:35:55.579,14588,14590,14588,1,-1
2022-07-20 15:35:55.584,14588,14590,14587,3,-3
2022-07-20 15:35:55.607,14588,14590,14587,1,-1
2022-07-20 15:35:55.633,14588,14590,14587,3,-3
2022-07-20 15:35:55.650,14588,14590,14587,1,-1
2022-07-20 15:35:55.653,14588,14590,14587,1,-1
2022-07-20 15:35:55.658,14588,14590,14587,1,-1
2022-07-20 15:35:55.669,14588,14590,14587,1,-1
2022-07-20 15:35:55.680,14588,14590,14587,1,-1
2022-07-20 15:35:55.681,14588,14590,14587,1,-1
2022-07-20 15:35:55.697,14587,14588,14587,2,-2
2022-07-20 15:35:55.704,14587,14588,14587,1,-1
2022-07-20 15:35:55.709,14587,14588,14587,1,-1
2022-07-20 15:35:55.715,14587,14588,14587,1,-1
2022-07-20 15:35:55.715,14587,14588,14586,5,-5
2022-07-20 15:35:55.716,14587,14588,14588,1,1
2022-07-20 15:35:55.725,14587,14588,14587,1,-1
2022-07-20 15:35:55.751,14587,14588,14587,1,-1
2022-07-20 15:35:55.777,14587,14588,14586,1,-1
2022-07-20 15:35:55.778,14587,14588,14586,2,-2
2022-07-20 15:35:55.778,14587,14588,14585,1,-1
2022-07-20 15:35:55.779,14587,14588,14585,2,-2
2022-07-20 15:35:55.782,14587,14588,14586,4,-4
2022-07-20 15:35:55.789,14587,14588,14585,1,-1
2022-07-20 15:35:55.789,14587,14588,14585,1,-1
2022-07-20 15:35:55.792,14587,14588,14586,1,-1
2022-07-20 15:35:55.802,14587,14588,14586,1,-1
2022-07-20 15:35:55.802,14587,14588,14585,6,-6
2022-07-20 15:35:55.802,14587,14588,14585,1,-1
2022-07-20 15:35:55.816,14586,14587,14586,1,-1
2022-07-20 15:35:55.819,14586,14587,14586,1,-1
2022-07-20 15:35:55.827,14586,14587,14585,1,-1
2022-07-20 15:35:55.831,14586,14587,14585,1,-1
2022-07-20 15:35:55.860,14586,14587,14585,1,-1
2022-07-20 15:35:55.886,14586,14587,14585,1,-1
2022-07-20 15:35:55.912,14586,14587,14585,2,-2
2022-07-20 15:35:55.929,14586,14587,14585,1,-1
2022-07-20 15:35:55.958,14585,14587,14585,1,-1
2022-07-20 15:35:55.979,14585,14587,14585,1,-1
2022-07-20 15:35:55.997,14585,14587,14585,1,-1
2022-07-20 15:35:56.003,14585,14587,14585,5,-5
2022-07-20 15:35:56.025,14585,14587,14585,1,-1
2022-07-20 15:35:56.067,14585,14587,14585,1,-1
2022-07-20 15:35:56.253,14585,14587,14585,1,-1
2022-07-20 15:35:56.257,14585,14587,14585,1,-1
2022-07-20 15:35:56.257,14585,14587,14584,1,-1
2022-07-20 15:35:56.279,14585,14587,14585,2,-2
2022-07-20 15:35:56.324,14585,14587,14585,1,-1
2022-07-20 15:35:56.344,14585,14587,14585,1,-1
2022-07-20 15:35:56.363,14585,14587,14585,1,-1
2022-07-20 15:35:56.501,14586,14587,14586,1,-1
2022-07-20 15:35:56.510,14586,14587,14585,1,-1
2022-07-20 15:35:56.526,14586,14587,14585,1,-1
2022-07-20 15:35:56.595,14586,14587,14586,1,-1
2022-07-20 15:35:56.682,14586,14587,14586,1,-1
2022-07-20 15:35:56.815,14586,14587,14586,1,-1
2022-07-20 15:35:56.902,14586,14587,14586,1,-1
2022-07-20 15:35:57.076,14586,14587,14586,1,-1
2022-07-20 15:35:57.098,14586,14587,14586,1,-1
2022-07-20 15:35:57.225,14585,14586,14585,1,-1
2022-07-20 15:35:57.225,14585,14586,14584,3,-3
2022-07-20 15:35:57.939,14585,14587,14587,1,1
2022-07-20 15:35:58.628,14586,14587,14585,2,-2
2022-07-20 15:35:58.710,14585,14587,14585,2,-2
2022-07-20 15:35:59.409,14585,14586,14585,1,-1
2022-07-20 15:36:00.042,14585,14586,14586,3,3
2022-07-20 15:36:00.066,14586,14587,14586,1,-1
2022-07-20 15:36:00.066,14586,14587,14586,1,-1
2022-07-20 15:36:00.066,14586,14587,14585,1,-1
2022-07-20 15:36:00.067,14586,14587,14585,1,-1
2022-07-20 15:36:00.764,14585,14587,14585,2,-2
2022-07-20 15:36:01.147,14585,14587,14585,1,-1
2022-07-20 15:36:01.148,14585,14587,14585,1,-1
2022-07-20 15:36:01.402,14584,14586,14584,1,-1
2022-07-20 15:36:01.419,14584,14586,14584,2,-2
2022-07-20 15:36:01.526,14583,14585,14583,1,-1
2022-07-20 15:36:01.689,14583,14585,14583,5,-5
2022-07-20 15:36:01.867,14583,14585,14583,1,-1
2022-07-20 15:36:02.335,14584,14585,14584,1,-1
2022-07-20 15:36:02.335,14584,14585,14583,2,-2
2022-07-20 15:36:02.562,14583,14585,14583,1,-1
2022-07-20 15:36:03.225,14583,14585,14583,1,-1
2022-07-20 15:36:04.211,14583,14585,14583,1,-1
2022-07-20 15:36:04.762,14583,14585,14585,1,1
2022-07-20 15:36:05.107,14583,14585,14583,2,-2
2022-07-20 15:36:05.411,14583,14584,14583,2,-2
2022-07-20 15:36:05.411,14583,14584,14582,2,-2
2022-07-20 15:36:05.563,14582,14584,14582,1,-1
2022-07-20 15:36:05.598,14582,14584,14583,2,-2
2022-07-20 15:36:05.866,14583,14585,14583,1,-1
2022-07-20 15:36:05.866,14583,14585,14583,1,-1
2022-07-20 15:36:06.150,14584,14585,14584,1,-1
2022-07-20 15:36:06.150,14584,14585,14583,1,-1
2022-07-20 15:36:06.442,14583,14585,14583,2,-2
2022-07-20 15:36:06.666,14583,14585,14584,1,-1
2022-07-20 15:36:06.725,14583,14585,14584,1,-1
2022-07-20 15:36:07.730,14583,14584,14583,1,-1
2022-07-20 15:36:07.820,14582,14584,14582,1,-1
