2022-10-17 15:00:00.033,12976,12977,12982,94,94
2022-10-17 15:00:00.121,12981,12982,12982,2,2
2022-10-17 15:00:00.155,12981,12982,12983,4,4
2022-10-17 15:00:00.164,12981,12982,12981,1,-1
2022-10-17 15:00:00.176,12981,12982,12981,1,-1
2022-10-17 15:00:00.176,12981,12982,12980,3,-3
2022-10-17 15:00:00.180,12981,12982,12983,1,1
2022-10-17 15:00:00.236,12980,12983,12981,1,-1
2022-10-17 15:00:00.279,12980,12983,12983,5,5
2022-10-17 15:00:00.280,12980,12983,12983,1,1
2022-10-17 15:00:00.334,12981,12984,12981,2,-2
2022-10-17 15:00:00.363,12981,12984,12982,2,-2
2022-10-17 15:00:00.431,12981,12984,12981,1,-1
2022-10-17 15:00:00.454,12981,12984,12983,1,1
2022-10-17 15:00:00.508,12980,12983,12981,1,-1
2022-10-17 15:00:00.524,12980,12983,12980,8,-8
2022-10-17 15:00:00.546,12980,12983,12982,1,1
2022-10-17 15:00:00.568,12980,12983,12981,1,-1
2022-10-17 15:00:00.609,12981,12982,12982,1,1
2022-10-17 15:00:00.633,12981,12982,12981,1,-1
2022-10-17 15:00:00.693,12981,12982,12983,4,4
2022-10-17 15:00:00.726,12981,12983,12981,1,-1
2022-10-17 15:00:00.762,12981,12983,12983,1,1
2022-10-17 15:00:00.969,12981,12983,12981,1,-1
2022-10-17 15:00:01.095,12981,12983,12981,2,-2
2022-10-17 15:00:01.153,12981,12983,12981,1,-1
2022-10-17 15:00:01.159,12981,12983,12981,1,-1
2022-10-17 15:00:01.160,12981,12983,12983,2,2
2022-10-17 15:00:01.306,12981,12983,12981,1,-1
2022-10-17 15:00:01.386,12981,12983,12981,1,-1
2022-10-17 15:00:01.428,12981,12983,12981,1,-1
2022-10-17 15:00:01.428,12981,12983,12981,2,-2
2022-10-17 15:00:01.484,12980,12983,12980,3,-3
2022-10-17 15:00:01.676,12979,12982,12982,1,1
2022-10-17 15:00:01.677,12979,12982,12980,1,-1
2022-10-17 15:00:01.809,12979,12982,12980,1,-1
2022-10-17 15:00:01.846,12979,12982,12982,1,1
2022-10-17 15:00:01.893,12979,12982,12982,3,3
2022-10-17 15:00:01.894,12979,12982,12980,1,-1
2022-10-17 15:00:01.894,12979,12982,12979,3,-3
2022-10-17 15:00:02.012,12979,12982,12982,1,1
2022-10-17 15:00:02.050,12979,12982,12982,1,1
2022-10-17 15:00:02.377,12979,12982,12982,1,1
2022-10-17 15:00:02.501,12980,12982,12982,1,1
2022-10-17 15:00:02.769,12980,12982,12982,1,1
2022-10-17 15:00:02.883,12981,12982,12981,1,-1
2022-10-17 15:00:03.142,12980,12981,12981,1,1
2022-10-17 15:00:03.723,12980,12981,12980,5,-5
2022-10-17 15:00:03.988,12979,12980,12979,5,-5
2022-10-17 15:00:03.989,12979,12980,12979,1,-1
2022-10-17 15:00:04.031,12979,12980,12980,1,1
2022-10-17 15:00:04.192,12978,12980,12978,1,-1
2022-10-17 15:00:04.810,12978,12979,12979,1,1
2022-10-17 15:00:04.810,12978,12979,12979,2,2
2022-10-17 15:00:05.028,12978,12980,12979,1,1
2022-10-17 15:00:05.087,12978,12980,12980,1,1
2022-10-17 15:00:05.087,12978,12980,12981,2,2
2022-10-17 15:00:05.506,12978,12981,12978,1,-1
2022-10-17 15:00:05.726,12978,12981,12981,1,1
2022-10-17 15:00:05.847,12978,12981,12981,1,1
2022-10-17 15:00:05.937,12978,12981,12980,2,2
2022-10-17 15:00:06.010,12979,12981,12980,2,2
2022-10-17 15:00:06.144,12979,12980,12979,3,-3
2022-10-17 15:00:06.186,12979,12980,12979,1,-1
2022-10-17 15:00:06.230,12978,12980,12980,2,2
2022-10-17 15:00:06.230,12978,12980,12981,1,1
2022-10-17 15:00:06.442,12979,12980,12979,1,-1
2022-10-17 15:00:06.442,12979,12980,12979,1,-1
2022-10-17 15:00:06.523,12978,12979,12979,2,2
2022-10-17 15:00:06.523,12978,12979,12980,1,1
2022-10-17 15:00:06.540,12978,12979,12978,3,-3
2022-10-17 15:00:06.890,12978,12980,12979,1,-1
2022-10-17 15:00:07.176,12977,12979,12977,1,-1
2022-10-17 15:00:07.491,12977,12978,12978,2,2
2022-10-17 15:00:07.491,12977,12978,12978,1,1
2022-10-17 15:00:08.287,12978,12979,12979,2,2
2022-10-17 15:00:08.287,12978,12979,12979,1,1
2022-10-17 15:00:08.765,12978,12980,12979,1,1
2022-10-17 15:00:08.827,12978,12980,12977,3,-3
2022-10-17 15:00:08.847,12976,12978,12976,6,-6
2022-10-17 15:00:08.849,12976,12978,12976,1,-1
2022-10-17 15:00:08.858,12976,12978,12976,2,-2
2022-10-17 15:00:09.012,12976,12977,12977,2,2
2022-10-17 15:00:09.631,12977,12978,12978,3,3
2022-10-17 15:00:09.657,12977,12978,12978,1,1
2022-10-17 15:00:09.957,12977,12978,12977,1,-1
2022-10-17 15:00:10.993,12976,12978,12978,2,2
2022-10-17 15:00:11.575,12976,12977,12977,1,1
2022-10-17 15:00:11.575,12976,12977,12977,1,1
2022-10-17 15:00:11.851,12976,12978,12977,1,1
2022-10-17 15:00:12.101,12976,12977,12977,1,1
2022-10-17 15:00:12.102,12976,12977,12977,3,3
2022-10-17 15:00:12.192,12976,12977,12978,1,1
2022-10-17 15:00:12.830,12976,12977,12977,1,1
2022-10-17 15:00:13.117,12976,12977,12977,1,1
2022-10-17 15:00:13.333,12976,12977,12976,3,-3
2022-10-17 15:00:13.730,12975,12976,12976,3,3
2022-10-17 15:00:13.864,12975,12977,12977,1,1
2022-10-17 15:00:14.030,12976,12977,12977,4,4
2022-10-17 15:00:14.356,12976,12978,12976,1,-1
2022-10-17 15:00:14.713,12975,12978,12976,1,-1
2022-10-17 15:00:14.892,12975,12978,12977,1,1
2022-10-17 15:00:15.303,12976,12978,12978,2,2
2022-10-17 15:00:15.631,12978,12979,12979,2,2
2022-10-17 15:00:15.632,12978,12979,12979,2,2
2022-10-17 15:00:16.389,12978,12979,12978,3,-3
2022-10-17 15:00:16.389,12978,12979,12978,1,-1
2022-10-17 15:00:16.592,12978,12979,12979,3,3
2022-10-17 15:00:16.772,12978,12980,12978,4,-4
2022-10-17 15:00:16.807,12978,12980,12979,1,-1
2022-10-17 15:00:17.163,12978,12980,12980,3,3
2022-10-17 15:00:17.163,12978,12980,12980,1,1
2022-10-17 15:00:17.690,12980,12981,12980,1,-1
2022-10-17 15:00:17.690,12980,12981,12980,1,-1
2022-10-17 15:00:17.726,12980,12981,12981,2,2
2022-10-17 15:00:17.726,12980,12981,12981,2,2
2022-10-17 15:00:17.934,12980,12982,12980,1,-1
2022-10-17 15:00:18.540,12980,12982,12982,1,1
2022-10-17 15:00:18.540,12980,12982,12982,6,6
2022-10-17 15:00:18.692,12981,12983,12983,4,4
2022-10-17 15:00:19.019,12982,12984,12984,1,1
2022-10-17 15:00:19.186,12982,12984,12982,1,-1
2022-10-17 15:00:19.187,12982,12984,12982,1,-1
2022-10-17 15:00:19.188,12982,12984,12981,1,-1
2022-10-17 15:00:19.542,12983,12984,12983,1,-1
2022-10-17 15:00:19.542,12983,12984,12982,1,-1
2022-10-17 15:00:19.584,12981,12983,12981,1,-1
2022-10-17 15:00:19.638,12981,12983,12981,1,-1
2022-10-17 15:00:19.638,12981,12983,12981,1,-1
2022-10-17 15:00:19.786,12981,12983,12981,1,-1
2022-10-17 15:00:19.786,12981,12983,12980,1,-1
2022-10-17 15:00:19.804,12981,12983,12982,1,-1
2022-10-17 15:00:20.259,12980,12982,12982,3,3
2022-10-17 15:00:20.929,12982,12983,12982,2,-2
2022-10-17 15:00:21.132,12981,12983,12981,2,-2
2022-10-17 15:00:22.229,12981,12982,12981,1,-1
2022-10-17 15:00:22.270,12981,12982,12981,4,-4
2022-10-17 15:00:22.270,12981,12982,12981,6,-6
2022-10-17 15:00:22.344,12980,12982,12982,5,5
2022-10-17 15:00:22.344,12980,12982,12982,1,1
2022-10-17 15:00:22.358,12980,12982,12982,1,1
2022-10-17 15:00:22.358,12980,12982,12982,4,4
2022-10-17 15:00:23.218,12980,12982,12980,2,-2
2022-10-17 15:00:23.563,12980,12981,12980,1,-1
2022-10-17 15:00:23.854,12979,12981,12981,1,1
2022-10-17 15:00:24.392,12979,12981,12981,1,1
2022-10-17 15:00:26.838,12980,12981,12980,1,-1
2022-10-17 15:00:26.869,12980,12981,12980,2,-2
2022-10-17 15:00:26.959,12979,12981,12981,3,3
2022-10-17 15:00:26.959,12979,12981,12982,1,1
2022-10-17 15:00:27.709,12979,12981,12981,1,1
2022-10-17 15:00:28.046,12980,12982,12982,5,5
2022-10-17 15:00:28.114,12982,12983,12983,4,4
2022-10-17 15:00:28.114,12982,12983,12983,1,1
2022-10-17 15:00:28.322,12982,12984,12984,2,2
2022-10-17 15:00:28.859,12981,12983,12983,2,2
2022-10-17 15:00:29.202,12981,12983,12983,5,5
2022-10-17 15:00:29.203,12981,12983,12982,1,1
2022-10-17 15:00:29.491,12982,12984,12982,2,-2
2022-10-17 15:00:29.505,12982,12984,12984,2,2
2022-10-17 15:00:29.585,12982,12984,12982,4,-4
2022-10-17 15:00:29.585,12982,12984,12981,1,-1
2022-10-17 15:00:29.871,12981,12983,12981,1,-1
2022-10-17 15:00:30.787,12981,12983,12981,1,-1
2022-10-17 15:00:32.250,12981,12983,12982,1,-1
2022-10-17 15:00:33.453,12981,12983,12983,5,5
2022-10-17 15:00:33.602,12982,12984,12984,1,1
2022-10-17 15:00:33.675,12982,12984,12982,1,-1
2022-10-17 15:00:33.689,12982,12984,12982,1,-1
2022-10-17 15:00:33.975,12982,12984,12983,2,-2
2022-10-17 15:00:34.185,12982,12984,12982,1,-1
2022-10-17 15:00:34.535,12982,12984,12982,1,-1
2022-10-17 15:00:34.787,12982,12983,12983,2,2
2022-10-17 15:00:34.871,12982,12984,12984,5,5
2022-10-17 15:00:34.872,12982,12984,12984,2,2
2022-10-17 15:00:34.926,12982,12984,12983,1,1
2022-10-17 15:00:35.417,12982,12984,12984,2,2
2022-10-17 15:00:36.009,12982,12984,12982,9,-9
2022-10-17 15:00:36.010,12982,12984,12982,1,-1
2022-10-17 15:00:37.597,12982,12983,12982,1,-1
2022-10-17 15:00:37.869,12982,12983,12982,5,-5
2022-10-17 15:00:37.870,12982,12983,12982,1,-1
2022-10-17 15:00:37.870,12982,12983,12982,10,-10
2022-10-17 15:00:37.978,12981,12982,12981,2,-2
2022-10-17 15:00:37.979,12981,12982,12981,1,-1
2022-10-17 15:00:38.015,12981,12982,12980,4,-4
2022-10-17 15:00:38.199,12979,12981,12979,1,-1
2022-10-17 15:00:39.505,12978,12979,12978,4,-4
2022-10-17 15:00:39.619,12977,12978,12978,1,1
2022-10-17 15:00:39.635,12977,12978,12978,1,1
2022-10-17 15:00:40.065,12977,12979,12978,2,2
2022-10-17 15:00:40.608,12978,12979,12978,1,-1
2022-10-17 15:00:40.665,12978,12979,12978,1,-1
2022-10-17 15:00:40.740,12978,12979,12978,1,-1
2022-10-17 15:00:41.214,12977,12978,12977,5,-5
2022-10-17 15:00:41.215,12977,12978,12977,8,-8
2022-10-17 15:00:41.340,12975,12977,12977,1,1
2022-10-17 15:00:42.498,12976,12977,12977,5,5
2022-10-17 15:00:42.913,12976,12978,12978,3,3
2022-10-17 15:00:43.618,12976,12978,12977,1,1
2022-10-17 15:00:44.044,12976,12978,12976,1,-1
2022-10-17 15:00:44.144,12975,12977,12975,4,-4
2022-10-17 15:00:44.255,12974,12976,12974,1,-1
2022-10-17 15:00:44.607,12974,12976,12976,3,3
2022-10-17 15:00:44.791,12974,12976,12974,1,-1
2022-10-17 15:00:44.936,12974,12975,12975,4,4
2022-10-17 15:00:44.936,12974,12975,12976,1,1
2022-10-17 15:00:45.248,12974,12976,12975,1,1
2022-10-17 15:00:45.401,12974,12976,12974,1,-1
2022-10-17 15:00:46.240,12975,12977,12975,1,-1
2022-10-17 15:00:47.019,12974,12976,12974,5,-5
2022-10-17 15:00:47.953,12975,12976,12975,1,-1
2022-10-17 15:00:48.606,12974,12976,12974,1,-1
2022-10-17 15:00:49.174,12974,12976,12975,1,-1
2022-10-17 15:00:50.202,12975,12976,12975,1,-1
2022-10-17 15:00:50.343,12975,12976,12975,1,-1
2022-10-17 15:00:51.455,12975,12976,12975,1,-1
2022-10-17 15:00:51.492,12975,12976,12976,2,2
2022-10-17 15:00:51.676,12976,12977,12976,1,-1
2022-10-17 15:00:52.620,12975,12977,12976,1,-1
2022-10-17 15:00:52.659,12975,12977,12977,2,2
2022-10-17 15:00:52.805,12975,12977,12975,2,-2
2022-10-17 15:00:53.609,12974,12975,12975,2,2
2022-10-17 15:00:53.877,12975,12976,12975,2,-2
2022-10-17 15:00:54.615,12975,12976,12975,1,-1
2022-10-17 15:00:55.173,12974,12976,12975,1,-1
2022-10-17 15:00:56.324,12974,12975,12974,5,-5
2022-10-17 15:00:56.325,12974,12975,12974,12,-12
2022-10-17 15:00:56.325,12974,12975,12974,5,-5
2022-10-17 15:00:56.427,12973,12974,12974,1,1
2022-10-17 15:00:56.427,12973,12974,12974,1,1
2022-10-17 15:00:56.427,12973,12974,12974,3,3
2022-10-17 15:00:56.665,12973,12975,12975,3,3
2022-10-17 15:00:58.401,12975,12976,12976,1,1
2022-10-17 15:00:58.474,12975,12976,12976,3,3
2022-10-17 15:00:59.338,12975,12977,12975,2,-2
2022-10-17 15:00:59.536,12975,12977,12975,1,-1
2022-10-17 15:01:00.043,12975,12977,12975,2,-2
2022-10-17 15:01:00.084,12974,12976,12976,1,1
2022-10-17 15:01:00.105,12974,12976,12975,1,1
2022-10-17 15:01:00.312,12976,12977,12976,2,-2
2022-10-17 15:01:00.376,12975,12977,12975,1,-1
2022-10-17 15:01:00.380,12975,12977,12975,1,-1
2022-10-17 15:01:00.436,12975,12977,12977,6,6
2022-10-17 15:01:00.946,12975,12977,12977,1,1
2022-10-17 15:01:02.058,12976,12978,12976,1,-1
2022-10-17 15:01:02.234,12976,12978,12976,1,-1
2022-10-17 15:01:03.498,12976,12978,12976,3,-3
2022-10-17 15:01:03.644,12976,12978,12976,3,-3
2022-10-17 15:01:03.713,12976,12978,12978,3,3
2022-10-17 15:01:03.865,12976,12978,12978,1,1
2022-10-17 15:01:05.195,12976,12978,12978,3,3
2022-10-17 15:01:06.192,12976,12978,12976,4,-4
2022-10-17 15:01:06.547,12976,12978,12976,1,-1
2022-10-17 15:01:06.709,12976,12977,12978,3,3
2022-10-17 15:01:08.660,12977,12979,12979,13,13
2022-10-17 15:01:09.924,12978,12980,12980,3,3
2022-10-17 15:01:10.139,12978,12980,12978,1,-1
2022-10-17 15:01:11.033,12978,12980,12978,1,-1
2022-10-17 15:01:11.722,12978,12980,12980,1,1
2022-10-17 15:01:11.722,12978,12980,12980,3,3
2022-10-17 15:01:11.722,12978,12980,12980,1,1
2022-10-17 15:01:11.722,12978,12980,12980,2,2
2022-10-17 15:01:11.722,12978,12980,12980,5,5
2022-10-17 15:01:11.722,12978,12980,12980,1,1
2022-10-17 15:01:11.722,12978,12980,12980,1,1
2022-10-17 15:01:11.723,12978,12980,12980,4,4
2022-10-17 15:01:11.728,12978,12980,12981,3,3
2022-10-17 15:01:11.820,12978,12980,12979,5,5
2022-10-17 15:01:12.924,12980,12982,12982,3,3
2022-10-17 15:01:13.144,12981,12982,12982,1,1
2022-10-17 15:01:13.450,12981,12982,12982,1,1
2022-10-17 15:01:13.450,12981,12982,12982,4,4
2022-10-17 15:01:13.450,12981,12982,12982,1,1
2022-10-17 15:01:13.451,12981,12982,12982,2,2
2022-10-17 15:01:13.451,12981,12982,12982,1,1
2022-10-17 15:01:13.569,12982,12983,12983,1,1
2022-10-17 15:01:13.569,12982,12983,12984,2,2
2022-10-17 15:01:13.674,12982,12984,12984,2,2
2022-10-17 15:01:13.674,12982,12984,12984,1,1
2022-10-17 15:01:15.233,12982,12984,12984,4,4
2022-10-17 15:01:15.457,12982,12984,12984,2,2
2022-10-17 15:01:15.458,12982,12984,12984,1,1
2022-10-17 15:01:15.473,12982,12984,12983,1,1
2022-10-17 15:01:15.773,12983,12985,12985,1,1
2022-10-17 15:01:15.882,12983,12985,12985,3,3
2022-10-17 15:01:16.359,12983,12985,12985,2,2
2022-10-17 15:01:16.690,12983,12985,12985,4,4
2022-10-17 15:01:18.288,12985,12986,12985,2,-2
2022-10-17 15:01:18.288,12985,12986,12984,8,-8
2022-10-17 15:01:18.419,12984,12986,12986,3,3
2022-10-17 15:01:18.466,12984,12986,12986,1,1
2022-10-17 15:01:18.639,12984,12986,12986,7,7
2022-10-17 15:01:18.738,12986,12987,12987,1,1
2022-10-17 15:01:18.808,12986,12987,12986,3,-3
2022-10-17 15:01:19.280,12985,12987,12985,1,-1
2022-10-17 15:01:19.470,12985,12987,12985,1,-1
2022-10-17 15:01:19.485,12985,12987,12985,1,-1
2022-10-17 15:01:19.704,12985,12987,12987,1,1
2022-10-17 15:01:20.136,12986,12987,12986,1,-1
2022-10-17 15:01:20.364,12985,12987,12987,1,1
2022-10-17 15:01:20.477,12985,12987,12985,2,-2
2022-10-17 15:01:20.492,12985,12987,12985,1,-1
2022-10-17 15:01:20.863,12985,12986,12985,1,-1
2022-10-17 15:01:21.259,12984,12986,12984,2,-2
2022-10-17 15:01:21.439,12983,12985,12985,3,3
2022-10-17 15:01:21.847,12984,12985,12985,1,1
2022-10-17 15:01:21.847,12984,12985,12986,4,4
2022-10-17 15:01:23.005,12984,12986,12986,10,10
2022-10-17 15:01:23.961,12985,12986,12986,3,3
2022-10-17 15:01:23.961,12985,12986,12987,1,1
2022-10-17 15:01:25.227,12986,12987,12987,3,3
2022-10-17 15:01:25.228,12986,12987,12987,3,3
2022-10-17 15:01:26.836,12986,12987,12986,1,-1
2022-10-17 15:01:29.449,12986,12987,12986,10,-10
2022-10-17 15:01:29.450,12986,12987,12986,2,-2
2022-10-17 15:01:29.935,12985,12987,12987,5,5
2022-10-17 15:01:31.798,12986,12987,12986,2,-2
2022-10-17 15:01:32.112,12985,12987,12987,1,1
2022-10-17 15:01:33.309,12985,12986,12986,1,1
2022-10-17 15:01:33.434,12986,12987,12987,7,7
2022-10-17 15:01:33.577,12986,12988,12986,10,-10
2022-10-17 15:01:33.876,12986,12988,12988,5,5
2022-10-17 15:01:35.614,12986,12988,12988,5,5
2022-10-17 15:01:36.171,12986,12989,12986,5,-5
2022-10-17 15:01:37.058,12986,12988,12986,3,-3
2022-10-17 15:01:37.930,12986,12987,12987,2,2
2022-10-17 15:01:37.930,12986,12987,12988,3,3
2022-10-17 15:01:39.228,12986,12987,12987,1,1
2022-10-17 15:01:39.750,12985,12987,12987,5,5
2022-10-17 15:01:40.014,12986,12988,12988,1,1
2022-10-17 15:01:42.108,12987,12988,12988,5,5
2022-10-17 15:01:42.108,12987,12988,12988,6,6
2022-10-17 15:01:42.555,12987,12989,12987,1,-1
2022-10-17 15:01:43.240,12988,12989,12989,1,1
2022-10-17 15:01:43.971,12988,12989,12988,3,-3
2022-10-17 15:01:44.078,12988,12989,12988,1,-1
2022-10-17 15:01:44.871,12987,12989,12989,1,1
2022-10-17 15:01:45.251,12988,12989,12988,1,-1
2022-10-17 15:01:45.911,12988,12989,12988,1,-1
2022-10-17 15:01:46.471,12988,12989,12988,1,-1
2022-10-17 15:01:46.724,12988,12989,12989,19,19
2022-10-17 15:01:46.896,12989,12990,12990,4,4
2022-10-17 15:01:46.896,12989,12990,12990,1,1
2022-10-17 15:01:46.896,12989,12990,12990,2,2
2022-10-17 15:01:47.037,12990,12991,12991,2,2
2022-10-17 15:01:47.038,12990,12991,12991,3,3
2022-10-17 15:01:47.038,12990,12991,12991,2,2
2022-10-17 15:01:47.132,12990,12992,12990,1,-1
2022-10-17 15:01:47.733,12990,12992,12992,2,2
2022-10-17 15:01:47.733,12990,12992,12992,1,1
2022-10-17 15:01:47.734,12990,12992,12992,10,10
2022-10-17 15:01:47.753,12990,12992,12993,1,1
2022-10-17 15:01:48.621,12992,12993,12993,3,3
2022-10-17 15:01:48.885,12993,12994,12994,4,4
2022-10-17 15:01:48.885,12993,12994,12995,1,1
2022-10-17 15:01:49.200,12993,12995,12994,2,2
2022-10-17 15:01:49.200,12993,12995,12993,8,-8
2022-10-17 15:01:50.262,12994,12995,12994,1,-1
2022-10-17 15:01:50.359,12994,12995,12995,5,5
2022-10-17 15:01:50.594,12995,12996,12996,4,4
2022-10-17 15:01:50.781,12995,12996,12996,2,2
2022-10-17 15:01:50.782,12995,12996,12996,3,3
2022-10-17 15:01:50.790,12995,12996,12996,1,1
2022-10-17 15:01:50.809,12995,12996,12996,2,2
2022-10-17 15:01:50.849,12995,12997,12997,3,3
2022-10-17 15:01:51.011,12995,12997,12997,1,1
2022-10-17 15:01:51.013,12995,12997,12997,1,1
2022-10-17 15:01:51.015,12995,12997,12997,1,1
2022-10-17 15:01:51.027,12995,12997,12997,1,1
2022-10-17 15:01:51.083,12995,12997,12997,1,1
2022-10-17 15:01:51.085,12995,12997,12997,4,4
2022-10-17 15:01:51.085,12995,12997,12998,1,1
2022-10-17 15:01:51.122,12995,12997,12998,1,1
2022-10-17 15:01:51.152,12995,12997,12998,1,1
2022-10-17 15:01:51.510,12997,12998,12998,3,3
2022-10-17 15:01:51.829,12997,12999,12999,3,3
2022-10-17 15:01:51.924,12998,12999,12999,2,2
2022-10-17 15:01:51.924,12998,12999,12999,5,5
2022-10-17 15:01:51.926,12998,12999,12999,1,1
2022-10-17 15:01:51.956,12999,13000,12999,1,-1
2022-10-17 15:01:52.006,12999,13000,12998,2,-2
2022-10-17 15:01:52.168,12998,12999,12999,4,4
2022-10-17 15:01:52.230,12998,13000,12998,4,-4
2022-10-17 15:01:52.230,12998,13000,12997,6,-6
2022-10-17 15:01:52.454,12998,12999,12998,1,-1
2022-10-17 15:01:52.706,12998,12999,12999,1,1
2022-10-17 15:01:52.794,12998,12999,12998,1,-1
2022-10-17 15:01:52.956,12997,12998,12998,1,1
2022-10-17 15:01:52.998,12997,12998,12997,1,-1
2022-10-17 15:01:53.318,12997,12998,12998,5,5
2022-10-17 15:01:54.505,12997,12998,12998,1,1
2022-10-17 15:01:55.810,12998,12999,12998,1,-1
2022-10-17 15:01:55.940,12997,12999,12998,1,-1
2022-10-17 15:01:56.172,12997,12998,12998,1,1
2022-10-17 15:01:56.879,12997,12999,12999,5,5
2022-10-17 15:01:57.599,12998,12999,12999,1,1
2022-10-17 15:01:57.957,12998,12999,12999,1,1
2022-10-17 15:01:58.035,12998,12999,12999,5,5
2022-10-17 15:01:58.061,12998,12999,12998,1,-1
2022-10-17 15:01:58.103,12998,12999,12999,1,1
2022-10-17 15:01:58.674,12998,12999,12998,1,-1
2022-10-17 15:01:59.726,12997,12998,12998,1,1
2022-10-17 15:02:00.140,12997,12998,12998,1,1
2022-10-17 15:02:00.211,12997,12998,12997,1,-1
2022-10-17 15:02:00.212,12997,12998,12997,1,-1
2022-10-17 15:02:00.212,12997,12998,12997,1,-1
2022-10-17 15:02:00.378,12996,12997,12997,1,1
2022-10-17 15:02:00.983,12996,12998,12996,1,-1
2022-10-17 15:02:02.036,12996,12997,12996,2,-2
2022-10-17 15:02:02.067,12996,12997,12995,1,-1
2022-10-17 15:02:02.150,12995,12997,12995,1,-1
2022-10-17 15:02:02.186,12995,12997,12996,1,-1
2022-10-17 15:02:02.908,12995,12996,12995,1,-1
2022-10-17 15:02:02.908,12995,12996,12995,4,-4
2022-10-17 15:02:02.908,12995,12996,12995,1,-1
2022-10-17 15:02:02.908,12995,12996,12995,1,-1
2022-10-17 15:02:03.248,12994,12996,12996,5,5
2022-10-17 15:02:03.889,12995,12996,12996,1,1
2022-10-17 15:02:04.175,12996,12997,12996,1,-1
2022-10-17 15:02:04.604,12995,12997,12995,1,-1
2022-10-17 15:02:04.794,12995,12997,12995,1,-1
2022-10-17 15:02:04.904,12996,12997,12996,1,-1
2022-10-17 15:02:04.935,12996,12997,12996,1,-1
2022-10-17 15:02:05.024,12996,12997,12996,3,-3
2022-10-17 15:02:05.600,12995,12996,12995,1,-1
2022-10-17 15:02:05.600,12995,12996,12995,1,-1
2022-10-17 15:02:05.604,12995,12996,12995,20,-20
2022-10-17 15:02:05.605,12995,12996,12994,4,-4
2022-10-17 15:02:05.634,12995,12996,12994,1,-1
2022-10-17 15:02:06.538,12993,12995,12995,1,1
2022-10-17 15:02:07.840,12994,12995,12994,1,-1
2022-10-17 15:02:08.852,12993,12995,12995,2,2
2022-10-17 15:02:08.897,12993,12995,12995,2,2
2022-10-17 15:02:09.502,12993,12994,12994,1,1
2022-10-17 15:02:10.171,12994,12995,12994,7,-7
2022-10-17 15:02:10.172,12994,12995,12994,2,-2
2022-10-17 15:02:10.172,12994,12995,12994,1,-1
2022-10-17 15:02:10.193,12994,12995,12994,2,-2
2022-10-17 15:02:10.601,12994,12995,12995,2,2
2022-10-17 15:02:11.597,12994,12995,12995,1,1
2022-10-17 15:02:11.742,12994,12995,12995,1,1
2022-10-17 15:02:12.372,12995,12996,12996,1,1
2022-10-17 15:02:14.941,12997,12998,12997,9,-9
2022-10-17 15:02:14.942,12997,12998,12997,1,-1
2022-10-17 15:02:14.995,12996,12998,12998,1,1
2022-10-17 15:02:15.406,12996,12998,12998,5,5
2022-10-17 15:02:15.819,12996,12998,12997,1,1
2022-10-17 15:02:16.538,12996,12997,12997,4,4
2022-10-17 15:02:17.382,12996,12997,12996,2,-2
2022-10-17 15:02:17.906,12995,12997,12995,1,-1
2022-10-17 15:02:18.471,12994,12996,12996,1,1
2022-10-17 15:02:19.014,12995,12997,12995,6,-6
2022-10-17 15:02:19.178,12995,12996,12996,1,1
2022-10-17 15:02:20.286,12995,12996,12996,2,2
2022-10-17 15:02:21.114,12995,12996,12996,1,1
2022-10-17 15:02:22.605,12996,12997,12997,1,1
2022-10-17 15:02:22.679,12996,12997,12997,1,1
2022-10-17 15:02:23.026,12996,12998,12998,1,1
2022-10-17 15:02:23.087,12997,12999,12997,10,-10
2022-10-17 15:02:23.353,12997,12999,12997,1,-1
2022-10-17 15:02:23.457,12997,12999,12997,1,-1
2022-10-17 15:02:24.625,12997,12998,12998,1,1
2022-10-17 15:02:25.337,12997,12998,12997,1,-1
2022-10-17 15:02:25.337,12997,12998,12997,1,-1
2022-10-17 15:02:25.886,12997,12998,12998,1,1
2022-10-17 15:02:26.450,12997,12998,12997,1,-1
2022-10-17 15:02:27.120,12996,12997,12997,1,1
2022-10-17 15:02:27.208,12996,12997,12997,1,1
2022-10-17 15:02:27.209,12996,12997,12997,1,1
2022-10-17 15:02:27.417,12996,12997,12997,1,1
2022-10-17 15:02:27.871,12996,12997,12996,1,-1
2022-10-17 15:02:28.523,12996,12997,12996,11,-11
2022-10-17 15:02:29.524,12995,12996,12996,1,1
2022-10-17 15:02:30.250,12995,12996,12995,1,-1
2022-10-17 15:02:30.251,12995,12996,12995,1,-1
2022-10-17 15:02:30.422,12994,12996,12996,1,1
2022-10-17 15:02:31.040,12994,12995,12995,1,1
2022-10-17 15:02:31.147,12994,12996,12996,1,1
2022-10-17 15:02:32.080,12996,12997,12996,1,-1
2022-10-17 15:02:32.226,12996,12997,12996,1,-1
2022-10-17 15:02:33.723,12995,12996,12996,1,1
2022-10-17 15:02:34.244,12995,12996,12995,3,-3
2022-10-17 15:02:34.245,12995,12996,12995,2,-2
2022-10-17 15:02:34.361,12994,12996,12996,3,3
2022-10-17 15:02:35.533,12995,12996,12995,1,-1
2022-10-17 15:02:36.792,12994,12996,12996,3,3
2022-10-17 15:02:36.792,12994,12996,12996,3,3
2022-10-17 15:02:36.838,12995,12996,12996,1,1
2022-10-17 15:02:36.838,12995,12996,12996,1,1
2022-10-17 15:02:36.910,12995,12996,12996,1,1
2022-10-17 15:02:37.478,12996,12997,12996,1,-1
2022-10-17 15:02:37.804,12996,12997,12996,2,-2
2022-10-17 15:02:37.804,12996,12997,12995,8,-8
2022-10-17 15:02:38.617,12995,12997,12995,1,-1
2022-10-17 15:02:40.069,12995,12996,12995,2,-2
2022-10-17 15:02:41.659,12994,12995,12994,13,-13
2022-10-17 15:02:41.925,12993,12994,12994,2,2
2022-10-17 15:02:42.426,12993,12994,12994,1,1
2022-10-17 15:02:42.720,12993,12994,12993,1,-1
2022-10-17 15:02:42.720,12993,12994,12993,1,-1
2022-10-17 15:02:42.721,12993,12994,12993,6,-6
2022-10-17 15:02:42.721,12993,12994,12993,4,-4
2022-10-17 15:02:43.096,12992,12993,12992,1,-1
2022-10-17 15:02:43.097,12992,12993,12992,1,-1
2022-10-17 15:02:43.097,12992,12993,12992,1,-1
2022-10-17 15:02:43.097,12992,12993,12992,1,-1
2022-10-17 15:02:43.885,12991,12993,12991,1,-1
2022-10-17 15:02:44.120,12991,12993,12991,10,-10
2022-10-17 15:02:44.120,12991,12993,12990,8,-8
2022-10-17 15:02:44.144,12991,12993,12990,1,-1
2022-10-17 15:02:45.454,12991,12993,12991,4,-4
2022-10-17 15:02:45.474,12991,12993,12991,1,-1
2022-10-17 15:02:47.427,12991,12993,12991,6,-6
2022-10-17 15:02:48.456,12990,12992,12992,1,1
2022-10-17 15:02:51.193,12991,12992,12992,1,1
2022-10-17 15:02:51.571,12992,12993,12992,1,-1
2022-10-17 15:02:51.609,12991,12993,12991,1,-1
2022-10-17 15:02:51.987,12991,12993,12992,1,-1
2022-10-17 15:02:54.461,12992,12993,12992,1,-1
2022-10-17 15:02:54.461,12992,12993,12993,3,3
2022-10-17 15:02:54.620,12992,12994,12994,1,1
2022-10-17 15:02:55.690,12992,12994,12994,5,5
2022-10-17 15:02:56.717,12992,12994,12994,1,1
2022-10-17 15:02:57.147,12992,12994,12992,1,-1
2022-10-17 15:03:00.210,12992,12994,12994,1,1
2022-10-17 15:03:00.333,12992,12994,12994,1,1
2022-10-17 15:03:00.372,12992,12994,12994,5,5
2022-10-17 15:03:02.686,12992,12994,12994,5,5
2022-10-17 15:03:03.095,12993,12994,12993,4,-4
2022-10-17 15:03:04.452,12992,12994,12993,1,-1
2022-10-17 15:03:04.626,12992,12993,12993,5,5
2022-10-17 15:03:05.824,12992,12993,12992,4,-4
2022-10-17 15:03:06.479,12992,12993,12993,5,5
2022-10-17 15:03:06.479,12992,12993,12993,7,7
2022-10-17 15:03:06.704,12993,12994,12994,1,1
2022-10-17 15:03:06.946,12994,12995,12995,1,1
2022-10-17 15:03:06.992,12994,12995,12994,1,-1
2022-10-17 15:03:07.783,12994,12995,12995,1,1
2022-10-17 15:03:07.833,12995,12996,12996,1,1
2022-10-17 15:03:07.834,12995,12996,12996,1,1
2022-10-17 15:03:07.834,12995,12996,12997,1,1
2022-10-17 15:03:09.933,12997,12999,12999,1,1
2022-10-17 15:03:10.128,12997,12999,12999,7,7
2022-10-17 15:03:10.129,12997,12999,12999,3,3
2022-10-17 15:03:12.833,12999,13000,13000,1,1
2022-10-17 15:03:12.982,12999,13000,13000,1,1
2022-10-17 15:03:12.997,12999,13000,13000,3,3
2022-10-17 15:03:13.008,12999,13000,12999,1,-1
2022-10-17 15:03:13.008,12999,13000,12998,4,-4
2022-10-17 15:03:13.036,12999,13000,13000,2,2
2022-10-17 15:03:13.070,12999,13000,13000,3,3
2022-10-17 15:03:13.120,12998,13000,13000,1,1
2022-10-17 15:03:14.721,12999,13000,13000,1,1
2022-10-17 15:03:14.853,12999,13000,13000,1,1
2022-10-17 15:03:15.477,12999,13000,13000,1,1
2022-10-17 15:03:16.036,12999,13000,12999,1,-1
2022-10-17 15:03:16.381,12999,13000,12999,11,-11
2022-10-17 15:03:16.383,12999,13000,12999,6,-6
2022-10-17 15:03:16.986,12999,13000,13000,1,1
2022-10-17 15:03:20.656,12998,12999,12999,3,3
2022-10-17 15:03:20.656,12998,12999,13000,2,2
2022-10-17 15:03:21.169,12998,12999,12998,3,-3
2022-10-17 15:03:21.209,12997,12999,12999,1,1
2022-10-17 15:03:21.209,12997,12999,12999,1,1
2022-10-17 15:03:21.245,12997,12999,12999,1,1
2022-10-17 15:03:21.988,12997,12999,12998,1,1
2022-10-17 15:03:22.293,12997,12999,12999,3,3
2022-10-17 15:03:22.342,12999,13000,12999,1,-1
2022-10-17 15:03:22.604,12999,13000,12999,1,-1
2022-10-17 15:03:22.604,12999,13000,12999,1,-1
2022-10-17 15:03:22.755,12998,12999,12998,1,-1
2022-10-17 15:03:22.755,12998,12999,12998,1,-1
2022-10-17 15:03:22.771,12998,12999,12997,2,-2
2022-10-17 15:03:24.056,12997,12999,12999,1,1
2022-10-17 15:03:25.371,12998,13000,13000,1,1
2022-10-17 15:03:26.504,12998,13000,13000,1,1
2022-10-17 15:03:26.862,12998,12999,12998,1,-1
2022-10-17 15:03:28.795,12997,12998,12999,1,1
2022-10-17 15:03:29.988,12998,12999,12999,1,1
2022-10-17 15:03:31.320,12998,12999,12998,1,-1
2022-10-17 15:03:31.879,12997,12998,12998,2,2
2022-10-17 15:03:35.043,12998,12999,12999,2,2
2022-10-17 15:03:35.177,12999,13000,13000,5,5
2022-10-17 15:03:35.534,12999,13000,13000,7,7
2022-10-17 15:03:35.551,12999,13000,13001,1,1
2022-10-17 15:03:35.551,12999,13000,13001,1,1
2022-10-17 15:03:35.552,12999,13000,13001,1,1
2022-10-17 15:03:35.612,13000,13001,13001,1,1
2022-10-17 15:03:35.721,13000,13001,13001,1,1
2022-10-17 15:03:35.723,13000,13001,13001,10,10
2022-10-17 15:03:35.965,13001,13002,13002,1,1
2022-10-17 15:03:35.966,13001,13002,13002,3,3
2022-10-17 15:03:35.966,13001,13002,13002,1,1
2022-10-17 15:03:36.020,13001,13002,13003,1,1
2022-10-17 15:03:36.070,13001,13002,13001,1,-1
2022-10-17 15:03:36.275,13001,13003,13003,1,1
2022-10-17 15:03:36.299,13001,13003,13003,1,1
2022-10-17 15:03:36.306,13001,13003,13003,1,1
2022-10-17 15:03:38.025,13001,13003,13003,5,5
2022-10-17 15:03:38.346,13001,13003,13003,4,4
2022-10-17 15:03:38.348,13001,13003,13004,1,1
2022-10-17 15:03:38.348,13001,13003,13004,2,2
2022-10-17 15:03:38.349,13001,13003,13005,9,9
2022-10-17 15:03:38.351,13001,13003,13005,1,1
2022-10-17 15:03:38.351,13001,13003,13005,1,1
2022-10-17 15:03:38.351,13001,13003,13005,1,1
2022-10-17 15:03:38.675,13004,13006,13006,2,2
2022-10-17 15:03:38.742,13004,13006,13006,9,9
2022-10-17 15:03:38.742,13004,13006,13007,8,8
2022-10-17 15:03:38.742,13004,13006,13008,23,23
2022-10-17 15:03:38.742,13004,13006,13009,10,10
2022-10-17 15:03:38.743,13004,13006,13009,1,1
2022-10-17 15:03:38.749,13004,13006,13007,1,1
2022-10-17 15:03:38.761,13004,13006,13007,1,1
2022-10-17 15:03:38.848,13006,13008,13008,2,2
2022-10-17 15:03:38.850,13006,13008,13008,1,1
2022-10-17 15:03:38.878,13006,13008,13008,1,1
2022-10-17 15:03:38.881,13006,13008,13008,2,2
2022-10-17 15:03:38.891,13006,13008,13008,1,1
2022-10-17 15:03:38.898,13006,13008,13008,1,1
2022-10-17 15:03:38.899,13006,13008,13009,14,14
2022-10-17 15:03:38.899,13006,13008,13010,16,16
2022-10-17 15:03:38.907,13006,13008,13009,2,2
2022-10-17 15:03:38.907,13006,13008,13009,1,1
2022-10-17 15:03:38.907,13006,13008,13010,3,3
2022-10-17 15:03:38.910,13006,13008,13010,2,2
2022-10-17 15:03:38.912,13006,13008,13010,2,2
2022-10-17 15:03:38.914,13006,13008,13011,2,2
2022-10-17 15:03:38.922,13006,13008,13011,1,1
2022-10-17 15:03:38.923,13006,13008,13011,1,1
2022-10-17 15:03:38.925,13006,13008,13011,1,1
2022-10-17 15:03:38.927,13006,13008,13011,1,1
2022-10-17 15:03:38.936,13006,13008,13011,1,1
2022-10-17 15:03:38.939,13006,13008,13011,1,1
2022-10-17 15:03:38.939,13006,13008,13011,1,1
2022-10-17 15:03:38.941,13006,13008,13011,1,1
2022-10-17 15:03:38.941,13006,13008,13012,3,3
2022-10-17 15:03:38.944,13006,13008,13012,4,4
2022-10-17 15:03:38.947,13006,13008,13012,1,1
2022-10-17 15:03:38.948,13006,13008,13012,1,1
2022-10-17 15:03:38.948,13006,13008,13011,2,2
2022-10-17 15:03:38.954,13006,13008,13011,1,1
2022-10-17 15:03:38.958,13010,13012,13012,1,1
2022-10-17 15:03:38.980,13010,13012,13012,1,1
2022-10-17 15:03:38.982,13010,13012,13012,4,4
2022-10-17 15:03:38.983,13010,13012,13012,1,1
2022-10-17 15:03:38.983,13010,13012,13013,7,7
2022-10-17 15:03:38.990,13010,13012,13013,1,1
2022-10-17 15:03:38.991,13010,13012,13013,1,1
2022-10-17 15:03:38.991,13010,13012,13013,1,1
2022-10-17 15:03:38.991,13010,13012,13013,3,3
2022-10-17 15:03:38.991,13010,13012,13014,2,2
2022-10-17 15:03:38.991,13010,13012,13013,1,1
2022-10-17 15:03:39.004,13010,13012,13013,1,1
2022-10-17 15:03:39.004,13010,13012,13014,6,6
2022-10-17 15:03:39.005,13010,13012,13014,1,1
2022-10-17 15:03:39.029,13010,13012,13014,4,4
2022-10-17 15:03:39.029,13010,13012,13014,1,1
2022-10-17 15:03:39.047,13010,13012,13014,2,2
2022-10-17 15:03:39.047,13010,13012,13015,1,1
2022-10-17 15:03:39.049,13010,13012,13014,3,3
2022-10-17 15:03:39.057,13010,13012,13015,1,1
2022-10-17 15:03:39.059,13010,13012,13015,1,1
2022-10-17 15:03:39.060,13010,13012,13015,2,2
2022-10-17 15:03:39.069,13010,13012,13015,3,3
2022-10-17 15:03:39.072,13010,13012,13015,1,1
2022-10-17 15:03:39.081,13014,13015,13015,1,1
2022-10-17 15:03:39.085,13014,13015,13015,1,1
2022-10-17 15:03:39.089,13014,13015,13015,1,1
2022-10-17 15:03:39.092,13014,13015,13015,1,1
2022-10-17 15:03:39.092,13014,13015,13016,1,1
2022-10-17 15:03:39.093,13014,13015,13016,1,1
2022-10-17 15:03:39.101,13014,13015,13016,1,1
2022-10-17 15:03:39.102,13014,13015,13016,1,1
2022-10-17 15:03:39.105,13014,13015,13016,1,1
2022-10-17 15:03:39.116,13014,13015,13016,2,2
2022-10-17 15:03:39.119,13014,13015,13016,2,2
2022-10-17 15:03:39.121,13014,13015,13016,1,1
2022-10-17 15:03:39.125,13014,13015,13016,2,2
2022-10-17 15:03:39.129,13014,13015,13016,1,1
2022-10-17 15:03:39.130,13014,13015,13016,1,1
2022-10-17 15:03:39.136,13014,13015,13017,1,1
2022-10-17 15:03:39.142,13014,13015,13017,1,1
2022-10-17 15:03:39.151,13014,13015,13017,3,3
2022-10-17 15:03:39.151,13014,13015,13016,3,3
2022-10-17 15:03:39.158,13014,13015,13017,3,3
2022-10-17 15:03:39.163,13014,13015,13016,1,1
2022-10-17 15:03:39.166,13014,13015,13017,5,5
2022-10-17 15:03:39.178,13014,13015,13017,3,3
2022-10-17 15:03:39.179,13014,13015,13017,1,1
2022-10-17 15:03:39.195,13014,13015,13018,1,1
2022-10-17 15:03:39.198,13014,13015,13018,1,1
2022-10-17 15:03:39.202,13014,13015,13018,4,4
2022-10-17 15:03:39.212,13015,13018,13018,2,2
2022-10-17 15:03:39.218,13015,13018,13018,1,1
2022-10-17 15:03:39.221,13015,13018,13018,1,1
2022-10-17 15:03:39.221,13015,13018,13019,1,1
2022-10-17 15:03:39.227,13015,13018,13015,1,-1
2022-10-17 15:03:39.231,13015,13018,13019,1,1
2022-10-17 15:03:39.233,13015,13018,13019,1,1
2022-10-17 15:03:39.236,13015,13018,13020,1,1
2022-10-17 15:03:39.251,13015,13018,13020,1,1
2022-10-17 15:03:39.260,13015,13018,13020,1,1
2022-10-17 15:03:39.275,13015,13018,13020,1,1
2022-10-17 15:03:39.281,13015,13018,13020,3,3
2022-10-17 15:03:39.283,13015,13018,13020,1,1
2022-10-17 15:03:39.283,13015,13018,13020,1,1
2022-10-17 15:03:39.285,13015,13018,13020,1,1
2022-10-17 15:03:39.290,13015,13018,13020,2,2
2022-10-17 15:03:39.293,13015,13018,13020,1,1
2022-10-17 15:03:39.296,13015,13018,13019,1,1
2022-10-17 15:03:39.300,13015,13018,13020,1,1
2022-10-17 15:03:39.305,13015,13018,13020,1,1
2022-10-17 15:03:39.318,13015,13018,13021,1,1
2022-10-17 15:03:39.325,13015,13018,13021,1,1
2022-10-17 15:03:39.333,13015,13021,13021,2,2
2022-10-17 15:03:39.339,13015,13021,13021,1,1
2022-10-17 15:03:39.340,13015,13021,13021,2,2
2022-10-17 15:03:39.353,13015,13021,13021,1,1
2022-10-17 15:03:39.365,13015,13021,13021,1,1
2022-10-17 15:03:39.382,13015,13021,13019,2,2
2022-10-17 15:03:39.382,13015,13021,13019,2,2
2022-10-17 15:03:39.396,13015,13021,13019,1,1
2022-10-17 15:03:39.404,13015,13021,13019,2,2
2022-10-17 15:03:39.404,13015,13021,13020,1,1
2022-10-17 15:03:39.411,13015,13021,13020,1,1
2022-10-17 15:03:39.424,13015,13021,13020,1,1
2022-10-17 15:03:39.437,13015,13021,13020,1,1
2022-10-17 15:03:39.442,13015,13021,13020,1,1
2022-10-17 15:03:39.452,13015,13021,13020,1,1
2022-10-17 15:03:39.456,13019,13021,13021,1,1
2022-10-17 15:03:39.503,13019,13021,13021,1,1
2022-10-17 15:03:39.512,13019,13021,13021,2,2
2022-10-17 15:03:39.525,13019,13021,13021,2,2
2022-10-17 15:03:39.525,13019,13021,13021,7,7
2022-10-17 15:03:39.525,13019,13021,13021,1,1
2022-10-17 15:03:39.525,13019,13021,13021,1,1
2022-10-17 15:03:39.526,13019,13021,13021,2,2
2022-10-17 15:03:39.542,13019,13021,13022,1,1
2022-10-17 15:03:39.544,13019,13021,13022,1,1
2022-10-17 15:03:39.574,13019,13021,13022,1,1
2022-10-17 15:03:39.604,13020,13022,13022,1,1
2022-10-17 15:03:39.604,13020,13022,13022,1,1
2022-10-17 15:03:39.607,13020,13022,13022,1,1
2022-10-17 15:03:39.610,13020,13022,13022,1,1
2022-10-17 15:03:39.619,13020,13022,13022,1,1
2022-10-17 15:03:39.639,13020,13022,13022,1,1
2022-10-17 15:03:39.659,13020,13022,13022,1,1
2022-10-17 15:03:39.668,13020,13022,13022,1,1
2022-10-17 15:03:39.669,13020,13022,13023,1,1
2022-10-17 15:03:39.671,13020,13022,13021,2,2
2022-10-17 15:03:39.671,13020,13022,13020,7,-7
2022-10-17 15:03:39.671,13020,13022,13019,1,-1
2022-10-17 15:03:39.691,13020,13022,13023,1,1
2022-10-17 15:03:39.693,13020,13022,13023,2,2
2022-10-17 15:03:39.693,13020,13022,13023,1,1
2022-10-17 15:03:39.709,13020,13023,13023,1,1
2022-10-17 15:03:39.724,13020,13023,13023,1,1
2022-10-17 15:03:39.732,13020,13023,13023,1,1
2022-10-17 15:03:39.748,13020,13023,13022,3,3
2022-10-17 15:03:39.758,13020,13023,13022,2,2
2022-10-17 15:03:39.770,13020,13023,13023,2,2
2022-10-17 15:03:39.784,13020,13023,13023,1,1
2022-10-17 15:03:39.851,13021,13023,13023,1,1
2022-10-17 15:03:39.851,13021,13023,13023,1,1
2022-10-17 15:03:39.864,13021,13023,13023,1,1
2022-10-17 15:03:39.865,13021,13023,13023,1,1
2022-10-17 15:03:39.874,13021,13023,13023,1,1
2022-10-17 15:03:39.897,13021,13023,13023,1,1
2022-10-17 15:03:39.935,13021,13023,13023,1,1
2022-10-17 15:03:39.936,13021,13023,13023,1,1
2022-10-17 15:03:39.939,13021,13023,13023,2,2
2022-10-17 15:03:39.940,13021,13023,13022,1,1
2022-10-17 15:03:39.945,13021,13023,13022,1,1
2022-10-17 15:03:39.945,13021,13023,13021,1,-1
2022-10-17 15:03:39.962,13021,13022,13021,1,-1
2022-10-17 15:03:39.964,13021,13022,13021,1,-1
2022-10-17 15:03:39.969,13021,13022,13022,3,3
2022-10-17 15:03:39.985,13021,13022,13023,1,1
2022-10-17 15:03:39.996,13021,13022,13023,1,1
2022-10-17 15:03:39.999,13021,13022,13023,2,2
2022-10-17 15:03:39.999,13021,13022,13024,1,1
2022-10-17 15:03:40.008,13021,13022,13024,1,1
2022-10-17 15:03:40.033,13021,13022,13022,3,3
2022-10-17 15:03:40.033,13021,13022,13021,1,-1
2022-10-17 15:03:40.034,13021,13022,13020,5,-5
2022-10-17 15:03:40.035,13021,13022,13019,8,-8
2022-10-17 15:03:40.040,13021,13022,13020,1,-1
2022-10-17 15:03:40.080,13018,13020,13020,3,3
2022-10-17 15:03:40.110,13018,13020,13020,1,1
2022-10-17 15:03:40.112,13018,13020,13020,1,1
2022-10-17 15:03:40.113,13018,13020,13021,1,1
2022-10-17 15:03:40.127,13018,13020,13021,1,1
2022-10-17 15:03:40.127,13018,13020,13021,1,1
2022-10-17 15:03:40.142,13018,13020,13021,1,1
2022-10-17 15:03:40.144,13018,13020,13021,4,4
2022-10-17 15:03:40.144,13018,13020,13022,1,1
2022-10-17 15:03:40.146,13018,13020,13021,1,1
2022-10-17 15:03:40.168,13018,13020,13023,1,1
2022-10-17 15:03:40.176,13018,13020,13023,1,1
2022-10-17 15:03:40.183,13018,13020,13023,1,1
2022-10-17 15:03:40.186,13018,13020,13023,1,1
2022-10-17 15:03:40.188,13018,13020,13022,1,1
2022-10-17 15:03:40.188,13018,13020,13022,1,1
2022-10-17 15:03:40.193,13018,13020,13023,1,1
2022-10-17 15:03:40.211,13021,13023,13021,1,-1
2022-10-17 15:03:40.213,13021,13023,13023,1,1
2022-10-17 15:03:40.215,13021,13023,13023,3,3
2022-10-17 15:03:40.215,13021,13023,13024,3,3
2022-10-17 15:03:40.231,13021,13023,13023,1,1
2022-10-17 15:03:40.234,13021,13023,13020,6,-6
2022-10-17 15:03:40.234,13021,13023,13019,4,-4
2022-10-17 15:03:40.241,13021,13023,13022,1,-1
2022-10-17 15:03:40.243,13021,13023,13022,1,-1
2022-10-17 15:03:40.252,13021,13023,13022,2,-2
2022-10-17 15:03:40.252,13021,13023,13022,1,-1
2022-10-17 15:03:40.257,13021,13023,13022,2,-2
2022-10-17 15:03:40.336,13019,13022,13022,1,1
2022-10-17 15:03:40.344,13019,13022,13022,1,1
2022-10-17 15:03:40.345,13019,13022,13022,1,1
2022-10-17 15:03:40.401,13019,13022,13022,1,1
2022-10-17 15:03:40.412,13019,13022,13022,1,1
2022-10-17 15:03:40.419,13019,13022,13022,1,1
2022-10-17 15:03:40.421,13019,13022,13020,2,-2
2022-10-17 15:03:40.421,13019,13022,13020,1,-1
2022-10-17 15:03:40.422,13019,13022,13020,1,-1
2022-10-17 15:03:40.530,13019,13022,13021,1,1
2022-10-17 15:03:40.565,13019,13022,13019,1,-1
2022-10-17 15:03:40.608,13018,13020,13020,2,2
2022-10-17 15:03:40.646,13018,13020,13019,1,1
2022-10-17 15:03:40.651,13018,13020,13020,1,1
2022-10-17 15:03:40.654,13018,13020,13020,1,1
2022-10-17 15:03:40.672,13018,13020,13021,4,4
2022-10-17 15:03:40.697,13018,13020,13021,1,1
2022-10-17 15:03:40.736,13018,13021,13021,1,1
2022-10-17 15:03:40.787,13018,13021,13021,1,1
2022-10-17 15:03:40.788,13018,13021,13021,1,1
2022-10-17 15:03:40.860,13019,13021,13021,1,1
2022-10-17 15:03:40.893,13019,13021,13021,1,1
2022-10-17 15:03:40.923,13019,13021,13022,1,1
2022-10-17 15:03:40.989,13019,13022,13022,1,1
2022-10-17 15:03:40.993,13019,13022,13022,1,1
2022-10-17 15:03:41.002,13019,13022,13022,1,1
2022-10-17 15:03:41.003,13019,13022,13022,1,1
2022-10-17 15:03:41.004,13019,13022,13022,1,1
2022-10-17 15:03:41.055,13019,13022,13022,1,1
2022-10-17 15:03:41.121,13021,13023,13023,1,1
2022-10-17 15:03:41.124,13021,13023,13023,1,1
2022-10-17 15:03:41.451,13020,13021,13020,1,-1
2022-10-17 15:03:41.632,13019,13021,13021,1,1
2022-10-17 15:03:41.739,13020,13022,13021,3,3
2022-10-17 15:03:41.739,13020,13022,13022,7,7
2022-10-17 15:03:41.742,13020,13022,13021,1,1
2022-10-17 15:03:41.958,13020,13021,13021,1,1
2022-10-17 15:03:41.958,13020,13021,13022,3,3
2022-10-17 15:03:41.962,13020,13021,13023,2,2
2022-10-17 15:03:42.002,13020,13021,13023,1,1
2022-10-17 15:03:42.129,13021,13023,13023,3,3
2022-10-17 15:03:42.257,13022,13023,13023,2,2
2022-10-17 15:03:42.257,13022,13023,13023,1,1
2022-10-17 15:03:42.306,13022,13023,13023,1,1
2022-10-17 15:03:42.404,13022,13023,13023,2,2
2022-10-17 15:03:42.446,13022,13023,13024,1,1
2022-10-17 15:03:42.553,13022,13024,13023,6,6
2022-10-17 15:03:42.625,13022,13024,13024,2,2
2022-10-17 15:03:42.758,13022,13024,13024,1,1
2022-10-17 15:03:42.895,13022,13024,13022,1,-1
2022-10-17 15:03:42.952,13022,13024,13024,1,1
2022-10-17 15:03:42.952,13022,13024,13024,1,1
2022-10-17 15:03:42.969,13022,13024,13024,1,1
2022-10-17 15:03:43.018,13022,13024,13024,1,1
2022-10-17 15:03:43.108,13022,13024,13022,4,-4
2022-10-17 15:03:43.152,13022,13024,13023,1,-1
2022-10-17 15:03:43.201,13022,13024,13023,1,-1
2022-10-17 15:03:43.268,13021,13023,13021,1,-1
2022-10-17 15:03:43.432,13019,13021,13021,1,1
2022-10-17 15:03:43.444,13019,13021,13021,1,1
2022-10-17 15:03:43.620,13019,13021,13021,1,1
2022-10-17 15:03:43.861,13019,13021,13021,1,1
2022-10-17 15:03:44.120,13019,13021,13020,1,1
2022-10-17 15:03:44.204,13019,13021,13019,3,-3
2022-10-17 15:03:44.340,13018,13020,13020,1,1
2022-10-17 15:03:44.389,13018,13020,13019,1,1
2022-10-17 15:03:44.568,13018,13020,13018,1,-1
2022-10-17 15:03:44.690,13017,13019,13017,1,-1
2022-10-17 15:03:45.292,13017,13019,13017,1,-1
2022-10-17 15:03:45.293,13017,13019,13017,1,-1
2022-10-17 15:03:45.293,13017,13019,13017,5,-5
2022-10-17 15:03:45.309,13017,13019,13017,1,-1
2022-10-17 15:03:45.309,13017,13019,13017,4,-4
2022-10-17 15:03:45.648,13016,13018,13016,3,-3
2022-10-17 15:03:45.648,13016,13018,13016,1,-1
2022-10-17 15:03:45.649,13016,13018,13016,2,-2
2022-10-17 15:03:45.655,13016,13018,13016,1,-1
2022-10-17 15:03:45.662,13016,13018,13016,1,-1
2022-10-17 15:03:45.866,13015,13017,13015,3,-3
2022-10-17 15:03:45.871,13015,13017,13014,5,-5
2022-10-17 15:03:45.887,13015,13017,13015,1,-1
2022-10-17 15:03:46.091,13014,13016,13016,1,1
2022-10-17 15:03:46.260,13015,13016,13015,1,-1
2022-10-17 15:03:46.349,13015,13017,13015,3,-3
2022-10-17 15:03:46.867,13015,13016,13016,1,1
2022-10-17 15:03:47.137,13015,13016,13016,1,1
2022-10-17 15:03:47.803,13015,13017,13017,1,1
2022-10-17 15:03:47.988,13015,13017,13017,3,3
2022-10-17 15:03:48.156,13016,13018,13016,1,-1
2022-10-17 15:03:48.340,13016,13018,13016,4,-4
2022-10-17 15:03:49.005,13016,13018,13016,4,-4
2022-10-17 15:03:49.303,13016,13018,13016,1,-1
2022-10-17 15:03:49.447,13016,13018,13018,1,1
2022-10-17 15:03:49.547,13016,13018,13018,2,2
2022-10-17 15:03:50.151,13016,13018,13016,1,-1
2022-10-17 15:03:50.199,13016,13018,13016,1,-1
2022-10-17 15:03:50.346,13015,13016,13015,1,-1
2022-10-17 15:03:50.347,13015,13016,13015,1,-1
2022-10-17 15:03:50.647,13015,13017,13017,1,1
2022-10-17 15:03:50.873,13016,13017,13016,3,-3
2022-10-17 15:03:50.962,13014,13016,13016,1,1
2022-10-17 15:03:51.266,13014,13016,13016,1,1
2022-10-17 15:03:51.430,13015,13016,13015,1,-1
2022-10-17 15:03:51.822,13014,13016,13016,4,4
2022-10-17 15:03:51.890,13014,13016,13016,1,1
2022-10-17 15:03:52.437,13015,13017,13017,1,1
2022-10-17 15:03:53.029,13015,13016,13016,2,2
2022-10-17 15:03:53.398,13015,13016,13016,2,2
2022-10-17 15:03:53.398,13015,13016,13016,1,1
2022-10-17 15:03:53.561,13015,13017,13015,3,-3
2022-10-17 15:03:53.568,13015,13017,13015,1,-1
2022-10-17 15:03:53.570,13015,13017,13015,1,-1
2022-10-17 15:03:53.620,13014,13016,13016,5,5
2022-10-17 15:03:53.623,13014,13016,13015,1,1
2022-10-17 15:03:54.121,13014,13016,13014,1,-1
2022-10-17 15:03:54.492,13013,13015,13015,2,2
2022-10-17 15:03:55.034,13014,13015,13015,3,3
2022-10-17 15:03:55.603,13014,13016,13016,1,1
2022-10-17 15:03:55.839,13014,13016,13015,2,2
2022-10-17 15:03:56.538,13014,13016,13016,5,5
2022-10-17 15:03:56.884,13015,13017,13015,1,-1
2022-10-17 15:03:57.345,13014,13016,13016,1,1
2022-10-17 15:03:57.406,13014,13016,13014,1,-1
2022-10-17 15:03:57.623,13014,13016,13016,5,5
2022-10-17 15:03:58.342,13015,13017,13017,1,1
2022-10-17 15:03:58.342,13015,13017,13017,1,1
2022-10-17 15:03:58.792,13016,13017,13015,3,-3
2022-10-17 15:03:59.282,13014,13015,13015,1,1
2022-10-17 15:03:59.417,13014,13015,13014,3,-3
2022-10-17 15:04:00.018,13013,13015,13015,1,1
2022-10-17 15:04:00.083,13013,13015,13015,1,1
2022-10-17 15:04:00.084,13013,13015,13015,1,1
2022-10-17 15:04:00.443,13014,13016,13016,4,4
2022-10-17 15:04:00.450,13014,13016,13016,6,6
2022-10-17 15:04:00.451,13014,13016,13016,2,2
2022-10-17 15:04:00.451,13014,13016,13016,1,1
2022-10-17 15:04:00.732,13016,13017,13016,1,-1
2022-10-17 15:04:00.816,13016,13017,13017,1,1
2022-10-17 15:04:01.118,13016,13017,13017,8,8
2022-10-17 15:04:01.118,13016,13017,13017,1,1
2022-10-17 15:04:01.118,13016,13017,13017,2,2
2022-10-17 15:04:01.120,13016,13017,13017,3,3
2022-10-17 15:04:01.278,13017,13018,13018,6,6
2022-10-17 15:04:01.278,13017,13018,13018,3,3
2022-10-17 15:04:01.710,13018,13019,13019,1,1
2022-10-17 15:04:01.874,13018,13019,13019,1,1
2022-10-17 15:04:02.090,13018,13019,13018,5,-5
2022-10-17 15:04:02.090,13018,13019,13017,5,-5
2022-10-17 15:04:02.377,13016,13018,13018,2,2
2022-10-17 15:04:02.477,13016,13018,13018,1,1
2022-10-17 15:04:03.400,13015,13017,13015,3,-3
2022-10-17 15:04:03.571,13014,13016,13016,5,5
2022-10-17 15:04:04.176,13014,13016,13016,1,1
2022-10-17 15:04:04.533,13013,13016,13013,1,-1
2022-10-17 15:04:05.024,13013,13015,13015,3,3
2022-10-17 15:04:05.805,13014,13016,13014,2,-2
2022-10-17 15:04:06.656,13014,13016,13016,2,2
2022-10-17 15:04:06.731,13015,13016,13016,2,2
2022-10-17 15:04:07.183,13015,13017,13016,1,1
2022-10-17 15:04:07.298,13015,13017,13015,2,-2
2022-10-17 15:04:08.243,13016,13017,13016,5,-5
2022-10-17 15:04:08.995,13015,13016,13015,1,-1
2022-10-17 15:04:09.193,13014,13016,13015,1,-1
2022-10-17 15:04:09.307,13014,13016,13016,4,4
2022-10-17 15:04:09.985,13015,13016,13015,3,-3
2022-10-17 15:04:10.367,13014,13015,13015,1,1
2022-10-17 15:04:10.529,13014,13015,13015,1,1
2022-10-17 15:04:10.676,13014,13015,13015,1,1
2022-10-17 15:04:10.880,13014,13015,13015,3,3
2022-10-17 15:04:10.880,13014,13015,13015,1,1
2022-10-17 15:04:11.034,13015,13016,13016,1,1
2022-10-17 15:04:11.205,13016,13017,13017,7,7
2022-10-17 15:04:11.205,13016,13017,13017,8,8
2022-10-17 15:04:11.206,13016,13017,13017,1,1
2022-10-17 15:04:11.794,13017,13018,13018,5,5
2022-10-17 15:04:11.794,13017,13018,13018,1,1
2022-10-17 15:04:11.795,13017,13018,13018,1,1
2022-10-17 15:04:11.795,13017,13018,13018,4,4
2022-10-17 15:04:12.617,13017,13019,13018,2,2
2022-10-17 15:04:13.681,13017,13019,13019,1,1
2022-10-17 15:04:14.007,13017,13019,13019,4,4
2022-10-17 15:04:14.620,13018,13019,13018,4,-4
2022-10-17 15:04:14.674,13018,13019,13016,1,-1
2022-10-17 15:04:14.734,13016,13018,13018,1,1
2022-10-17 15:04:15.462,13015,13017,13017,1,1
2022-10-17 15:04:15.720,13016,13017,13017,1,1
2022-10-17 15:04:16.818,13016,13018,13018,1,1
2022-10-17 15:04:16.905,13016,13018,13018,2,2
2022-10-17 15:04:17.712,13016,13017,13016,1,-1
2022-10-17 15:04:18.172,13015,13016,13016,1,1
2022-10-17 15:04:18.646,13015,13016,13015,1,-1
2022-10-17 15:04:18.646,13015,13016,13015,2,-2
2022-10-17 15:04:18.647,13015,13016,13015,1,-1
2022-10-17 15:04:19.178,13013,13015,13015,2,2
2022-10-17 15:04:20.543,13013,13015,13015,1,1
2022-10-17 15:04:21.294,13013,13016,13015,1,1
2022-10-17 15:04:21.882,13014,13016,13016,1,1
2022-10-17 15:04:22.081,13015,13017,13017,1,1
2022-10-17 15:04:22.562,13015,13017,13016,1,1
2022-10-17 15:04:23.351,13015,13017,13015,4,-4
2022-10-17 15:04:23.816,13014,13015,13015,1,1
2022-10-17 15:04:24.052,13014,13015,13015,1,1
2022-10-17 15:04:24.425,13014,13016,13014,5,-5
2022-10-17 15:04:25.442,13015,13016,13015,1,-1
2022-10-17 15:04:27.474,13014,13015,13015,1,1
2022-10-17 15:04:27.524,13014,13015,13015,9,9
2022-10-17 15:04:28.231,13015,13016,13015,2,-2
2022-10-17 15:04:29.226,13014,13016,13016,2,2
2022-10-17 15:04:29.405,13014,13016,13016,3,3
2022-10-17 15:04:30.599,13014,13016,13016,2,2
2022-10-17 15:04:31.466,13014,13015,13015,1,1
2022-10-17 15:04:31.650,13014,13016,13015,1,1
2022-10-17 15:04:33.222,13014,13015,13015,1,1
2022-10-17 15:04:33.286,13014,13015,13015,2,2
2022-10-17 15:04:34.398,13014,13016,13014,1,-1
2022-10-17 15:04:34.955,13015,13016,13015,1,-1
2022-10-17 15:04:37.382,13014,13016,13014,1,-1
2022-10-17 15:04:37.952,13014,13015,13014,5,-5
2022-10-17 15:04:37.954,13014,13015,13013,8,-8
2022-10-17 15:04:38.100,13012,13014,13014,1,1
2022-10-17 15:04:39.984,13012,13013,13012,1,-1
2022-10-17 15:04:40.955,13012,13013,13013,1,1
2022-10-17 15:04:40.955,13012,13013,13013,2,2
2022-10-17 15:04:40.963,13012,13013,13014,1,1
2022-10-17 15:04:41.446,13014,13015,13014,1,-1
2022-10-17 15:04:42.981,13014,13015,13014,1,-1
2022-10-17 15:04:43.060,13014,13015,13014,1,-1
2022-10-17 15:04:43.963,13012,13013,13012,1,-1
2022-10-17 15:04:44.066,13012,13013,13012,6,-6
2022-10-17 15:04:46.529,13013,13014,13014,1,1
2022-10-17 15:04:47.332,13013,13014,13014,4,4
2022-10-17 15:04:47.332,13013,13014,13014,1,1
2022-10-17 15:04:47.332,13013,13014,13014,1,1
2022-10-17 15:04:47.830,13014,13016,13014,1,-1
2022-10-17 15:04:47.834,13014,13016,13014,2,-2
2022-10-17 15:04:47.866,13014,13016,13015,1,-1
2022-10-17 15:04:48.544,13013,13015,13013,1,-1
2022-10-17 15:04:49.991,13013,13014,13013,1,-1
2022-10-17 15:04:50.613,13012,13013,13013,2,2
2022-10-17 15:04:51.112,13012,13013,13012,1,-1
2022-10-17 15:04:51.487,13012,13013,13013,1,1
2022-10-17 15:04:53.687,13014,13015,13014,1,-1
2022-10-17 15:04:53.797,13013,13015,13013,3,-3
2022-10-17 15:04:53.809,13013,13015,13014,2,-2
2022-10-17 15:04:55.113,13013,13014,13014,1,1
2022-10-17 15:04:55.116,13013,13014,13015,1,1
2022-10-17 15:04:56.497,13014,13015,13015,4,4
2022-10-17 15:04:57.418,13014,13015,13014,1,-1
2022-10-17 15:04:58.294,13014,13015,13015,4,4
2022-10-17 15:04:58.298,13014,13015,13016,9,9
2022-10-17 15:04:59.550,13015,13016,13015,1,-1
2022-10-17 15:04:59.762,13015,13016,13015,2,-2
2022-10-17 15:04:59.996,13014,13016,13016,2,2
2022-10-17 15:05:00.021,13014,13016,13015,1,1
2022-10-17 15:05:00.060,13014,13016,13016,1,1
2022-10-17 15:05:00.083,13015,13017,13017,1,1
2022-10-17 15:05:00.087,13015,13017,13017,1,1
2022-10-17 15:05:00.259,13015,13017,13016,2,2
2022-10-17 15:05:00.296,13015,13017,13014,1,-1
2022-10-17 15:05:00.588,13014,13015,13015,2,2
2022-10-17 15:05:00.638,13014,13015,13016,2,2
2022-10-17 15:05:00.676,13014,13015,13016,2,2
2022-10-17 15:05:00.768,13014,13016,13015,1,1
2022-10-17 15:05:00.854,13014,13016,13015,1,1
2022-10-17 15:05:00.916,13014,13016,13016,8,8
2022-10-17 15:05:00.930,13014,13016,13015,1,1
2022-10-17 15:05:01.009,13014,13016,13016,6,6
2022-10-17 15:05:01.010,13014,13016,13016,1,1
2022-10-17 15:05:01.215,13014,13016,13016,1,1
2022-10-17 15:05:01.293,13014,13016,13016,8,8
2022-10-17 15:05:01.702,13015,13016,13016,1,1
2022-10-17 15:05:01.702,13015,13016,13017,1,1
2022-10-17 15:05:01.710,13015,13017,13017,3,3
2022-10-17 15:05:01.743,13015,13017,13017,2,2
2022-10-17 15:05:01.831,13016,13017,13016,3,-3
2022-10-17 15:05:01.909,13016,13017,13017,1,1
2022-10-17 15:05:02.064,13015,13017,13015,1,-1
2022-10-17 15:05:04.342,13014,13015,13014,1,-1
2022-10-17 15:05:04.415,13014,13015,13013,1,-1
2022-10-17 15:05:04.501,13012,13013,13013,1,1
2022-10-17 15:05:04.662,13012,13013,13012,3,-3
2022-10-17 15:05:04.662,13012,13013,13012,1,-1
2022-10-17 15:05:04.662,13012,13013,13012,4,-4
2022-10-17 15:05:04.662,13012,13013,13012,6,-6
2022-10-17 15:05:04.662,13012,13013,13012,1,-1
2022-10-17 15:05:05.628,13011,13012,13011,2,-2
2022-10-17 15:05:06.477,13010,13011,13011,2,2
2022-10-17 15:05:06.969,13010,13012,13012,2,2
2022-10-17 15:05:07.781,13011,13012,13011,10,-10
2022-10-17 15:05:07.782,13011,13012,13010,1,-1
2022-10-17 15:05:07.877,13009,13011,13009,1,-1
2022-10-17 15:05:07.887,13009,13011,13009,1,-1
2022-10-17 15:05:07.936,13009,13011,13010,1,-1
2022-10-17 15:05:08.132,13010,13012,13010,1,-1
2022-10-17 15:05:09.616,13009,13012,13010,1,-1
2022-10-17 15:05:11.497,13010,13012,13010,1,-1
2022-10-17 15:05:12.099,13010,13012,13010,2,-2
2022-10-17 15:05:12.585,13010,13012,13012,2,2
2022-10-17 15:05:12.878,13011,13012,13012,2,2
2022-10-17 15:05:13.561,13012,13014,13014,1,1
2022-10-17 15:05:13.577,13012,13014,13012,2,-2
2022-10-17 15:05:13.957,13012,13014,13012,1,-1
2022-10-17 15:05:14.465,13012,13013,13013,1,1
2022-10-17 15:05:14.985,13012,13013,13012,1,-1
2022-10-17 15:05:15.758,13010,13012,13012,1,1
2022-10-17 15:05:17.638,13011,13012,13011,1,-1
2022-10-17 15:05:17.819,13010,13012,13012,1,1
2022-10-17 15:05:18.659,13011,13012,13012,1,1
2022-10-17 15:05:19.666,13011,13012,13012,1,1
2022-10-17 15:05:21.446,13010,13012,13012,5,5
2022-10-17 15:05:21.666,13011,13012,13011,1,-1
2022-10-17 15:05:21.755,13011,13012,13012,1,1
2022-10-17 15:05:22.568,13010,13012,13012,5,5
2022-10-17 15:05:22.611,13010,13012,13012,1,1
2022-10-17 15:05:26.566,13011,13012,13012,1,1
2022-10-17 15:05:26.590,13012,13013,13013,2,2
2022-10-17 15:05:27.125,13013,13015,13013,2,-2
2022-10-17 15:05:28.715,13013,13015,13013,2,-2
2022-10-17 15:05:28.910,13013,13015,13013,1,-1
2022-10-17 15:05:29.037,13013,13015,13013,1,-1
2022-10-17 15:05:30.059,13014,13015,13015,1,1
2022-10-17 15:05:30.059,13014,13015,13015,1,1
2022-10-17 15:05:30.060,13014,13015,13015,2,2
2022-10-17 15:05:30.131,13014,13016,13016,1,1
2022-10-17 15:05:32.622,13013,13015,13015,1,1
2022-10-17 15:05:33.876,13013,13014,13013,1,-1
2022-10-17 15:05:34.071,13012,13013,13012,5,-5
2022-10-17 15:05:34.071,13012,13013,13012,1,-1
2022-10-17 15:05:34.229,13011,13012,13012,1,1
2022-10-17 15:05:36.587,13011,13013,13013,1,1
2022-10-17 15:05:38.093,13011,13013,13012,1,1
2022-10-17 15:05:38.554,13011,13012,13011,6,-6
2022-10-17 15:05:39.391,13010,13011,13010,17,-17
2022-10-17 15:05:39.972,13009,13010,13010,1,1
2022-10-17 15:05:40.740,13011,13012,13011,1,-1
2022-10-17 15:05:42.199,13010,13012,13012,1,1
2022-10-17 15:05:44.384,13010,13011,13010,1,-1
2022-10-17 15:05:45.925,13010,13011,13010,1,-1
2022-10-17 15:05:46.808,13009,13010,13009,1,-1
2022-10-17 15:05:46.809,13009,13010,13009,1,-1
2022-10-17 15:05:46.809,13009,13010,13009,1,-1
2022-10-17 15:05:47.025,13008,13009,13009,1,1
2022-10-17 15:05:47.966,13008,13009,13008,1,-1
2022-10-17 15:05:47.967,13008,13009,13008,6,-6
2022-10-17 15:05:48.110,13007,13008,13007,1,-1
2022-10-17 15:05:48.110,13007,13008,13007,3,-3
2022-10-17 15:05:48.138,13007,13008,13006,1,-1
2022-10-17 15:05:48.762,13006,13008,13006,1,-1
2022-10-17 15:05:49.460,13007,13008,13007,1,-1
2022-10-17 15:05:49.522,13007,13008,13007,1,-1
2022-10-17 15:05:49.937,13007,13009,13007,1,-1
2022-10-17 15:05:51.205,13007,13009,13007,1,-1
2022-10-17 15:05:51.681,13008,13009,13009,5,5
2022-10-17 15:05:51.825,13009,13010,13009,1,-1
2022-10-17 15:05:52.373,13009,13010,13010,1,1
2022-10-17 15:05:52.656,13010,13011,13010,1,-1
2022-10-17 15:05:54.910,13008,13009,13009,2,2
2022-10-17 15:05:56.261,13009,13010,13010,1,1
2022-10-17 15:05:56.686,13009,13011,13009,3,-3
2022-10-17 15:05:58.849,13008,13010,13010,1,1
2022-10-17 15:05:59.556,13008,13009,13009,1,1
2022-10-17 15:05:59.556,13008,13009,13008,1,-1
2022-10-17 15:06:01.026,13006,13007,13006,1,-1
2022-10-17 15:06:01.026,13006,13007,13006,1,-1
2022-10-17 15:06:01.026,13006,13007,13006,1,-1
2022-10-17 15:06:01.532,13005,13006,13006,1,1
2022-10-17 15:06:02.301,13005,13007,13005,1,-1
2022-10-17 15:06:02.319,13005,13007,13006,1,-1
2022-10-17 15:06:03.702,13007,13008,13008,1,1
2022-10-17 15:06:03.753,13008,13010,13009,1,1
2022-10-17 15:06:03.787,13008,13010,13009,1,1
2022-10-17 15:06:03.799,13008,13010,13009,1,1
2022-10-17 15:06:03.901,13008,13010,13010,1,1
2022-10-17 15:06:03.909,13008,13010,13010,1,1
2022-10-17 15:06:04.083,13008,13010,13008,1,-1
2022-10-17 15:06:04.255,13008,13010,13010,2,2
2022-10-17 15:06:04.270,13008,13010,13008,1,-1
2022-10-17 15:06:04.377,13008,13010,13010,1,1
2022-10-17 15:06:05.139,13010,13011,13011,1,1
2022-10-17 15:06:06.217,13010,13011,13011,1,1
2022-10-17 15:06:06.673,13011,13012,13012,1,1
2022-10-17 15:06:09.613,13011,13012,13011,1,-1
2022-10-17 15:06:11.213,13010,13012,13012,5,5
2022-10-17 15:06:12.759,13011,13012,13011,1,-1
2022-10-17 15:06:13.242,13010,13011,13010,1,-1
2022-10-17 15:06:13.242,13010,13011,13010,3,-3
2022-10-17 15:06:18.531,13011,13012,13011,3,-3
2022-10-17 15:06:19.525,13011,13012,13011,1,-1
2022-10-17 15:06:20.334,13011,13012,13011,1,-1
2022-10-17 15:06:20.335,13011,13012,13011,1,-1
2022-10-17 15:06:20.354,13011,13012,13011,1,-1
2022-10-17 15:06:20.355,13011,13012,13011,1,-1
2022-10-17 15:06:20.355,13011,13012,13011,1,-1
2022-10-17 15:06:20.355,13011,13012,13011,1,-1
2022-10-17 15:06:22.745,13011,13012,13012,1,1
2022-10-17 15:06:22.745,13011,13012,13012,1,1
2022-10-17 15:06:22.745,13011,13012,13012,1,1
2022-10-17 15:06:22.745,13011,13012,13012,4,4
2022-10-17 15:06:23.031,13012,13013,13013,1,1
2022-10-17 15:06:23.031,13012,13013,13013,4,4
2022-10-17 15:06:29.108,13011,13012,13011,1,-1
2022-10-17 15:06:29.108,13011,13012,13010,1,-1
2022-10-17 15:06:31.832,13010,13012,13012,3,3
2022-10-17 15:06:32.344,13011,13012,13012,1,1
2022-10-17 15:06:32.344,13011,13012,13012,3,3
2022-10-17 15:06:35.383,13011,13013,13013,1,1
2022-10-17 15:06:36.918,13011,13013,13013,4,4
2022-10-17 15:06:38.245,13012,13013,13012,2,-2
2022-10-17 15:06:40.535,13011,13012,13012,1,1
2022-10-17 15:06:43.786,13011,13012,13011,6,-6
2022-10-17 15:06:44.430,13010,13011,13010,6,-6
2022-10-17 15:06:44.510,13009,13010,13009,4,-4
2022-10-17 15:06:44.612,13007,13009,13007,1,-1
2022-10-17 15:06:46.447,13009,13010,13010,1,1
2022-10-17 15:06:49.634,13009,13011,13009,1,-1
2022-10-17 15:06:53.236,13008,13009,13008,1,-1
2022-10-17 15:06:53.522,13007,13009,13009,5,5
2022-10-17 15:06:59.003,13007,13008,13007,2,-2
2022-10-17 15:06:59.153,13006,13008,13006,2,-2
2022-10-17 15:06:59.755,13006,13007,13006,2,-2
2022-10-17 15:07:00.113,13006,13007,13006,1,-1
2022-10-17 15:07:00.114,13006,13007,13006,3,-3
2022-10-17 15:07:01.000,13005,13007,13005,3,-3
2022-10-17 15:07:01.485,13004,13006,13004,1,-1
2022-10-17 15:07:01.640,13004,13006,13004,2,-2
2022-10-17 15:07:01.874,13004,13006,13004,3,-3
2022-10-17 15:07:01.874,13004,13006,13003,2,-2
2022-10-17 15:07:02.241,13005,13007,13005,2,-2
2022-10-17 15:07:02.318,13005,13007,13005,2,-2
2022-10-17 15:07:02.321,13005,13007,13005,2,-2
2022-10-17 15:07:05.998,13005,13007,13005,1,-1
2022-10-17 15:07:10.007,13005,13006,13005,1,-1
2022-10-17 15:07:13.248,13003,13005,13003,1,-1
2022-10-17 15:07:16.858,13003,13004,13003,1,-1
2022-10-17 15:07:17.637,13003,13004,13003,1,-1
2022-10-17 15:07:17.892,13003,13004,13003,1,-1
2022-10-17 15:07:18.675,13003,13004,13004,1,1
2022-10-17 15:07:18.738,13003,13004,13004,4,4
2022-10-17 15:07:18.954,13003,13005,13003,1,-1
2022-10-17 15:07:20.591,13004,13005,13005,1,1
2022-10-17 15:07:21.633,13004,13006,13004,1,-1
2022-10-17 15:07:21.933,13004,13006,13006,2,2
2022-10-17 15:07:22.006,13005,13007,13007,1,1
2022-10-17 15:07:22.192,13005,13007,13007,2,2
2022-10-17 15:07:23.358,13005,13006,13005,1,-1
2022-10-17 15:07:25.963,13004,13006,13004,5,-5
2022-10-17 15:07:26.296,13003,13005,13005,4,4
2022-10-17 15:07:26.296,13003,13005,13006,1,1
2022-10-17 15:07:26.628,13004,13006,13004,5,-5
2022-10-17 15:07:26.985,13003,13005,13003,1,-1
2022-10-17 15:07:27.096,13003,13005,13003,3,-3
2022-10-17 15:07:30.899,13003,13005,13005,1,1
2022-10-17 15:07:32.782,13004,13006,13005,1,1
2022-10-17 15:07:34.221,13004,13005,13004,1,-1
2022-10-17 15:07:34.221,13004,13005,13004,1,-1
2022-10-17 15:07:36.633,13003,13005,13003,3,-3
2022-10-17 15:07:36.947,13003,13004,13003,6,-6
2022-10-17 15:07:38.055,13002,13004,13002,1,-1
2022-10-17 15:07:38.104,13002,13004,13002,1,-1
2022-10-17 15:07:38.307,13002,13004,13004,1,1
2022-10-17 15:07:38.420,13003,13005,13003,1,-1
2022-10-17 15:07:39.969,13003,13004,13003,1,-1
2022-10-17 15:07:40.427,13002,13003,13002,1,-1
2022-10-17 15:07:40.427,13002,13003,13002,5,-5
2022-10-17 15:07:40.536,13001,13003,13003,1,1
2022-10-17 15:07:40.843,13001,13003,13001,1,-1
2022-10-17 15:07:41.053,13001,13003,13003,1,1
2022-10-17 15:07:42.310,13002,13003,13002,1,-1
2022-10-17 15:07:42.310,13002,13003,13001,1,-1
2022-10-17 15:07:43.642,13001,13002,13002,1,1
2022-10-17 15:07:44.470,13002,13003,13002,1,-1
2022-10-17 15:07:44.877,13002,13003,13002,1,-1
2022-10-17 15:07:44.877,13002,13003,13002,1,-1
2022-10-17 15:07:45.826,13002,13003,13002,4,-4
2022-10-17 15:07:45.826,13002,13003,13002,1,-1
2022-10-17 15:07:47.886,13001,13002,13001,1,-1
2022-10-17 15:07:49.113,13001,13002,13002,5,5
2022-10-17 15:07:50.479,13001,13003,13001,9,-9
2022-10-17 15:07:50.699,13000,13001,13000,1,-1
2022-10-17 15:07:50.700,13000,13001,13000,9,-9
2022-10-17 15:07:51.060,12999,13000,12999,1,-1
2022-10-17 15:07:51.060,12999,13000,12999,1,-1
2022-10-17 15:07:51.060,12999,13000,12999,1,-1
2022-10-17 15:07:51.158,12998,12999,12998,1,-1
2022-10-17 15:07:51.213,12998,12999,12998,1,-1
2022-10-17 15:07:51.213,12998,12999,12998,1,-1
2022-10-17 15:07:51.233,12998,12999,12998,1,-1
2022-10-17 15:07:51.493,12998,12999,12998,1,-1
2022-10-17 15:07:51.494,12998,12999,12998,7,-7
2022-10-17 15:07:52.209,12998,12999,12999,1,1
2022-10-17 15:07:52.220,12998,12999,12999,1,1
2022-10-17 15:07:52.604,13000,13001,13001,1,1
2022-10-17 15:07:52.626,13000,13001,13000,2,-2
2022-10-17 15:07:52.731,13000,13001,13000,1,-1
2022-10-17 15:07:53.554,13000,13001,13000,1,-1
2022-10-17 15:07:53.561,13000,13001,13000,4,-4
2022-10-17 15:07:53.972,13000,13001,13000,1,-1
2022-10-17 15:07:54.298,12999,13001,13000,1,-1
2022-10-17 15:07:54.298,12999,13001,12999,2,-2
2022-10-17 15:07:54.482,12999,13000,13000,1,1
2022-10-17 15:07:55.915,13000,13001,13000,1,-1
2022-10-17 15:07:57.243,12999,13000,13000,5,5
2022-10-17 15:07:59.072,12999,13000,13000,1,1
2022-10-17 15:07:59.942,12999,13000,13000,1,1
2022-10-17 15:07:59.944,12999,13000,13000,2,2
2022-10-17 15:07:59.952,12999,13000,13000,1,1
2022-10-17 15:07:59.952,12999,13000,13000,4,4
2022-10-17 15:08:00.722,13000,13001,13001,1,1
2022-10-17 15:08:00.723,13000,13001,13001,1,1
2022-10-17 15:08:02.991,13001,13003,13003,1,1
2022-10-17 15:08:03.682,13001,13003,13003,1,1
2022-10-17 15:08:03.682,13001,13003,13003,2,2
2022-10-17 15:08:03.709,13003,13004,13003,1,-1
2022-10-17 15:08:03.719,13003,13004,13002,1,-1
2022-10-17 15:08:05.153,13001,13002,13002,1,1
2022-10-17 15:08:05.346,13001,13002,13002,1,1
2022-10-17 15:08:05.404,13001,13002,13003,1,1
2022-10-17 15:08:06.257,13002,13004,13004,1,1
2022-10-17 15:08:06.315,13002,13004,13004,1,1
2022-10-17 15:08:06.353,13002,13004,13004,1,1
2022-10-17 15:08:06.516,13002,13004,13004,1,1
2022-10-17 15:08:06.819,13002,13004,13002,1,-1
2022-10-17 15:08:09.972,13003,13004,13004,1,1
2022-10-17 15:08:10.694,13003,13004,13003,1,-1
2022-10-17 15:08:15.509,13004,13005,13005,1,1
2022-10-17 15:08:15.686,13004,13005,13005,1,1
2022-10-17 15:08:15.686,13004,13005,13005,1,1
2022-10-17 15:08:15.813,13005,13006,13006,4,4
2022-10-17 15:08:15.818,13005,13006,13007,1,1
2022-10-17 15:08:15.818,13005,13006,13007,1,1
2022-10-17 15:08:15.819,13005,13006,13007,1,1
2022-10-17 15:08:15.825,13005,13006,13007,2,2
2022-10-17 15:08:15.875,13006,13008,13008,1,1
2022-10-17 15:08:16.063,13007,13008,13008,1,1
2022-10-17 15:08:16.063,13007,13008,13008,1,1
2022-10-17 15:08:16.064,13007,13008,13008,1,1
2022-10-17 15:08:16.064,13007,13008,13008,1,1
2022-10-17 15:08:16.080,13007,13008,13008,1,1
2022-10-17 15:08:16.080,13007,13008,13008,1,1
2022-10-17 15:08:16.084,13008,13009,13008,3,-3
2022-10-17 15:08:16.216,13007,13009,13007,2,-2
2022-10-17 15:08:17.930,13006,13007,13007,1,1
2022-10-17 15:08:17.930,13006,13007,13006,1,-1
2022-10-17 15:08:18.028,13005,13007,13005,3,-3
2022-10-17 15:08:18.531,13005,13006,13005,1,-1
2022-10-17 15:08:18.909,13004,13006,13006,1,1
2022-10-17 15:08:20.018,13004,13006,13006,1,1
2022-10-17 15:08:22.059,13006,13007,13006,3,-3
2022-10-17 15:08:22.470,13004,13006,13006,1,1
2022-10-17 15:08:23.626,13004,13005,13005,1,1
2022-10-17 15:08:25.832,13004,13006,13006,5,5
2022-10-17 15:08:26.410,13005,13007,13005,1,-1
2022-10-17 15:08:30.525,13005,13006,13006,1,1
2022-10-17 15:08:31.551,13005,13006,13006,2,2
2022-10-17 15:08:32.742,13006,13007,13007,1,1
2022-10-17 15:08:33.596,13006,13008,13006,1,-1
2022-10-17 15:08:34.321,13005,13007,13007,1,1
2022-10-17 15:08:37.430,13006,13007,13006,1,-1
2022-10-17 15:08:38.915,13006,13007,13007,1,1
2022-10-17 15:08:38.987,13007,13008,13008,1,1
2022-10-17 15:08:39.114,13007,13009,13009,3,3
2022-10-17 15:08:40.076,13008,13009,13008,1,-1
2022-10-17 15:08:41.780,13007,13008,13008,5,5
2022-10-17 15:08:42.239,13007,13009,13009,5,5
2022-10-17 15:08:46.197,13007,13008,13008,1,1
2022-10-17 15:08:47.877,13008,13009,13009,5,5
2022-10-17 15:08:47.877,13008,13009,13009,1,1
2022-10-17 15:08:47.877,13008,13009,13009,7,7
2022-10-17 15:08:48.165,13009,13010,13009,2,-2
2022-10-17 15:08:51.371,13009,13010,13009,7,-7
2022-10-17 15:08:52.055,13009,13010,13010,1,1
2022-10-17 15:08:53.560,13009,13010,13010,8,8
2022-10-17 15:08:53.560,13009,13010,13010,5,5
2022-10-17 15:08:53.560,13009,13010,13010,3,3
2022-10-17 15:08:54.615,13010,13012,13010,1,-1
2022-10-17 15:08:54.950,13009,13011,13009,1,-1
2022-10-17 15:08:56.665,13010,13012,13010,1,-1
2022-10-17 15:08:57.018,13011,13012,13011,1,-1
2022-10-17 15:08:57.381,13010,13011,13011,1,1
2022-10-17 15:08:57.449,13010,13011,13011,1,1
2022-10-17 15:08:57.778,13010,13011,13010,5,-5
2022-10-17 15:08:58.173,13008,13010,13010,2,2
2022-10-17 15:08:59.428,13008,13010,13010,1,1
2022-10-17 15:08:59.492,13008,13010,13010,1,1
2022-10-17 15:08:59.760,13008,13010,13010,1,1
2022-10-17 15:09:01.015,13008,13010,13010,1,1
2022-10-17 15:09:01.276,13008,13010,13008,1,-1
2022-10-17 15:09:03.138,13008,13010,13008,3,-3
2022-10-17 15:09:03.138,13008,13010,13008,1,-1
2022-10-17 15:09:03.139,13008,13010,13008,1,-1
2022-10-17 15:09:03.267,13007,13008,13007,2,-2
2022-10-17 15:09:03.681,13006,13008,13008,1,1
2022-10-17 15:09:04.827,13006,13008,13008,2,2
2022-10-17 15:09:08.291,13007,13008,13008,1,1
2022-10-17 15:09:10.638,13006,13007,13007,1,1
2022-10-17 15:09:11.122,13006,13008,13006,4,-4
2022-10-17 15:09:11.312,13005,13007,13007,1,1
2022-10-17 15:09:12.382,13005,13006,13005,1,-1
2022-10-17 15:09:12.382,13005,13006,13005,2,-2
2022-10-17 15:09:16.555,13005,13006,13006,1,1
2022-10-17 15:09:16.651,13005,13007,13007,2,2
2022-10-17 15:09:19.822,13006,13008,13006,1,-1
2022-10-17 15:09:22.950,13007,13008,13008,1,1
2022-10-17 15:09:24.743,13007,13008,13008,1,1
2022-10-17 15:09:24.744,13007,13008,13008,1,1
2022-10-17 15:09:24.744,13007,13008,13008,1,1
2022-10-17 15:09:24.744,13007,13008,13008,1,1
2022-10-17 15:09:26.545,13006,13008,13007,1,1
2022-10-17 15:09:31.423,13005,13007,13007,5,5
2022-10-17 15:09:33.459,13005,13006,13005,5,-5
2022-10-17 15:09:36.055,13004,13006,13006,3,3
2022-10-17 15:09:36.494,13005,13007,13005,1,-1
2022-10-17 15:09:39.073,13004,13006,13005,1,-1
2022-10-17 15:09:41.946,13006,13008,13006,2,-2
2022-10-17 15:09:45.139,13007,13008,13007,4,-4
2022-10-17 15:09:45.139,13007,13008,13006,6,-6
2022-10-17 15:09:45.848,13006,13008,13006,3,-3
2022-10-17 15:09:49.119,13005,13007,13007,10,10
2022-10-17 15:09:49.119,13005,13007,13008,4,4
2022-10-17 15:09:50.297,13006,13008,13006,1,-1
2022-10-17 15:09:51.381,13005,13007,13006,2,-2
2022-10-17 15:09:52.047,13005,13007,13007,6,6
2022-10-17 15:09:52.209,13005,13007,13007,1,1
2022-10-17 15:09:52.217,13005,13007,13007,1,1
2022-10-17 15:09:54.935,13005,13006,13005,1,-1
2022-10-17 15:09:55.848,13004,13006,13006,1,1
2022-10-17 15:09:56.134,13004,13006,13006,2,2
2022-10-17 15:09:56.569,13004,13006,13006,4,4
2022-10-17 15:09:59.346,13005,13007,13005,1,-1
2022-10-17 15:09:59.609,13005,13007,13007,3,3
2022-10-17 15:10:00.957,13005,13007,13007,4,4
2022-10-17 15:10:01.358,13005,13007,13007,1,1
2022-10-17 15:10:01.447,13005,13007,13007,1,1
2022-10-17 15:10:01.537,13005,13007,13006,1,1
2022-10-17 15:10:01.644,13005,13007,13005,1,-1
2022-10-17 15:10:02.640,13007,13008,13007,1,-1
2022-10-17 15:10:04.320,13007,13008,13008,1,1
2022-10-17 15:10:04.321,13007,13008,13008,1,1
2022-10-17 15:10:04.324,13007,13008,13008,1,1
2022-10-17 15:10:04.336,13007,13008,13008,1,1
2022-10-17 15:10:04.717,13007,13008,13008,1,1
2022-10-17 15:10:05.847,13006,13008,13006,2,-2
2022-10-17 15:10:07.261,13005,13006,13006,1,1
2022-10-17 15:10:07.325,13005,13006,13006,5,5
2022-10-17 15:10:09.298,13005,13007,13005,1,-1
2022-10-17 15:10:10.949,13003,13005,13005,1,1
2022-10-17 15:10:12.511,13003,13004,13003,1,-1
2022-10-17 15:10:12.511,13003,13004,13003,1,-1
2022-10-17 15:10:12.511,13003,13004,13003,1,-1
2022-10-17 15:10:12.627,13002,13004,13002,1,-1
2022-10-17 15:10:13.090,13002,13003,13003,11,11
2022-10-17 15:10:13.782,13002,13004,13002,6,-6
2022-10-17 15:10:14.378,13001,13002,13001,1,-1
2022-10-17 15:10:14.378,13001,13002,13001,1,-1
2022-10-17 15:10:14.378,13001,13002,13001,5,-5
2022-10-17 15:10:16.666,13000,13001,13001,1,1
2022-10-17 15:10:17.335,13001,13002,13002,5,5
2022-10-17 15:10:19.937,13004,13005,13005,1,1
2022-10-17 15:10:20.652,13004,13005,13005,1,1
2022-10-17 15:10:20.652,13004,13005,13005,1,1
2022-10-17 15:10:23.128,13005,13006,13005,1,-1
2022-10-17 15:10:27.774,13002,13003,13003,1,1
2022-10-17 15:10:30.885,13003,13004,13003,2,-2
2022-10-17 15:10:36.804,13002,13003,13003,1,1
2022-10-17 15:10:37.622,13002,13004,13002,1,-1
2022-10-17 15:10:42.096,13001,13002,13002,1,1
2022-10-17 15:10:43.947,13002,13003,13002,1,-1
2022-10-17 15:10:44.780,13001,13003,13001,1,-1
2022-10-17 15:10:47.237,13002,13003,13002,2,-2
2022-10-17 15:10:47.237,13002,13003,13001,4,-4
2022-10-17 15:10:50.100,13001,13002,13001,3,-3
2022-10-17 15:10:50.646,13001,13002,13001,1,-1
2022-10-17 15:10:51.369,13001,13002,13002,1,1
2022-10-17 15:10:51.372,13001,13002,13002,1,1
2022-10-17 15:10:51.377,13001,13002,13002,3,3
2022-10-17 15:10:52.717,13001,13003,13003,3,3
2022-10-17 15:10:52.806,13001,13003,13002,2,2
2022-10-17 15:10:52.806,13001,13003,13001,3,-3
2022-10-17 15:10:54.544,13001,13003,13002,2,-2
2022-10-17 15:10:54.545,13001,13003,13002,1,-1
2022-10-17 15:10:57.955,13001,13003,13001,1,-1
2022-10-17 15:10:59.579,13001,13003,13003,2,2
2022-10-17 15:11:02.099,13003,13004,13004,4,4
2022-10-17 15:11:03.317,13004,13005,13004,1,-1
2022-10-17 15:11:06.930,13003,13005,13004,1,-1
2022-10-17 15:11:08.120,13002,13003,13003,1,1
2022-10-17 15:11:08.886,13002,13003,13003,2,2
2022-10-17 15:11:08.887,13002,13003,13002,1,-1
2022-10-17 15:11:13.712,13002,13004,13002,1,-1
2022-10-17 15:11:16.787,13002,13004,13002,2,-2
2022-10-17 15:11:17.488,13003,13004,13003,1,-1
2022-10-17 15:11:17.496,13003,13004,13002,5,-5
2022-10-17 15:11:17.596,13001,13003,13003,2,2
2022-10-17 15:11:17.745,13001,13003,13003,2,2
2022-10-17 15:11:17.858,13001,13003,13002,1,1
2022-10-17 15:11:18.113,13001,13003,13002,1,1
2022-10-17 15:11:18.211,13001,13002,13001,4,-4
2022-10-17 15:11:18.212,13001,13002,13001,1,-1
2022-10-17 15:11:18.212,13001,13002,13001,1,-1
2022-10-17 15:11:18.213,13001,13002,13000,14,-14
2022-10-17 15:11:18.214,13001,13002,13000,1,-1
2022-10-17 15:11:19.377,12999,13000,13000,1,1
2022-10-17 15:11:22.718,13001,13003,13001,1,-1
2022-10-17 15:11:24.699,13002,13003,13003,1,1
2022-10-17 15:11:24.874,13002,13004,13002,4,-4
2022-10-17 15:11:25.311,13002,13004,13002,4,-4
2022-10-17 15:11:27.026,13001,13003,13001,2,-2
2022-10-17 15:11:28.069,13001,13003,13003,2,2
2022-10-17 15:11:30.026,13002,13003,13003,1,1
2022-10-17 15:11:33.364,13002,13004,13002,4,-4
2022-10-17 15:11:33.776,13002,13003,13003,1,1
2022-10-17 15:11:33.855,13003,13005,13003,4,-4
2022-10-17 15:11:34.207,13004,13005,13005,4,4
2022-10-17 15:11:34.825,13004,13006,13004,2,-2
2022-10-17 15:11:37.362,13003,13005,13005,3,3
2022-10-17 15:11:37.659,13003,13005,13004,2,2
2022-10-17 15:11:37.660,13003,13005,13004,1,1
2022-10-17 15:11:41.663,13003,13004,13004,1,1
2022-10-17 15:11:46.395,13003,13005,13005,2,2
2022-10-17 15:11:46.395,13003,13005,13005,3,3
2022-10-17 15:11:46.395,13003,13005,13005,2,2
2022-10-17 15:11:46.761,13005,13006,13006,1,1
2022-10-17 15:11:47.576,13005,13007,13005,1,-1
2022-10-17 15:11:54.156,13005,13006,13005,2,-2
2022-10-17 15:11:54.762,13005,13006,13005,1,-1
2022-10-17 15:11:55.699,13003,13005,13005,1,1
2022-10-17 15:12:00.053,13003,13004,13003,1,-1
2022-10-17 15:12:02.549,13002,13004,13002,2,-2
2022-10-17 15:12:06.345,13002,13003,13003,3,3
2022-10-17 15:12:07.208,13002,13003,13002,1,-1
2022-10-17 15:12:10.295,13002,13003,13002,1,-1
2022-10-17 15:12:10.295,13002,13003,13002,11,-11
2022-10-17 15:12:10.295,13002,13003,13002,1,-1
2022-10-17 15:12:10.295,13002,13003,13002,1,-1
2022-10-17 15:12:10.859,13001,13002,13001,2,-2
2022-10-17 15:12:13.395,13001,13002,13001,1,-1
2022-10-17 15:12:13.863,13000,13002,13000,1,-1
2022-10-17 15:12:15.064,13000,13002,13000,1,-1
2022-10-17 15:12:15.638,12999,13001,12999,1,-1
2022-10-17 15:12:17.242,12999,13000,12999,6,-6
2022-10-17 15:12:17.242,12999,13000,12998,11,-11
2022-10-17 15:12:17.380,12998,13000,12998,1,-1
2022-10-17 15:12:17.774,12998,13000,12999,1,-1
2022-10-17 15:12:21.295,12999,13001,12999,1,-1
2022-10-17 15:12:22.722,12999,13000,12999,3,-3
2022-10-17 15:12:22.722,12999,13000,12998,2,-2
2022-10-17 15:12:24.383,12999,13000,12999,1,-1
2022-10-17 15:12:28.488,12998,12999,12998,1,-1
2022-10-17 15:12:29.087,12998,12999,12998,3,-3
2022-10-17 15:12:29.088,12998,12999,12998,6,-6
2022-10-17 15:12:34.419,12997,12998,12997,7,-7
2022-10-17 15:12:34.539,12996,12997,12996,1,-1
2022-10-17 15:12:34.539,12996,12997,12996,4,-4
2022-10-17 15:12:34.653,12995,12997,12995,1,-1
2022-10-17 15:12:34.659,12995,12997,12995,1,-1
2022-10-17 15:12:34.663,12995,12997,12995,1,-1
2022-10-17 15:12:34.699,12995,12997,12997,2,2
2022-10-17 15:12:34.705,12995,12996,12995,1,-1
2022-10-17 15:12:34.739,12995,12996,12996,2,2
2022-10-17 15:12:34.739,12995,12996,12995,2,-2
2022-10-17 15:12:34.756,12995,12996,12996,1,1
2022-10-17 15:12:34.763,12995,12996,12995,1,-1
2022-10-17 15:12:34.872,12995,12997,12995,1,-1
2022-10-17 15:12:34.881,12995,12997,12995,1,-1
2022-10-17 15:12:34.903,12995,12997,12997,1,1
2022-10-17 15:12:34.911,12995,12997,12995,1,-1
2022-10-17 15:12:35.086,12995,12996,12995,1,-1
2022-10-17 15:12:35.086,12995,12996,12995,3,-3
2022-10-17 15:12:35.102,12995,12996,12996,1,1
2022-10-17 15:12:35.163,12995,12996,12994,1,-1
2022-10-17 15:12:35.165,12995,12996,12994,1,-1
2022-10-17 15:12:35.169,12995,12996,12994,1,-1
2022-10-17 15:12:35.170,12995,12996,12994,2,-2
2022-10-17 15:12:35.171,12995,12996,12994,1,-1
2022-10-17 15:12:35.171,12995,12996,12994,1,-1
2022-10-17 15:12:35.174,12995,12996,12994,3,-3
2022-10-17 15:12:35.175,12995,12996,12993,2,-2
2022-10-17 15:12:35.184,12995,12996,12993,1,-1
2022-10-17 15:12:35.190,12995,12996,12992,1,-1
2022-10-17 15:12:35.191,12995,12996,12992,1,-1
2022-10-17 15:12:35.193,12995,12996,12993,3,-3
2022-10-17 15:12:35.193,12995,12996,12993,1,-1
2022-10-17 15:12:35.211,12992,12994,12992,1,-1
2022-10-17 15:12:35.211,12992,12994,12994,1,1
2022-10-17 15:12:35.224,12992,12994,12993,2,2
2022-10-17 15:12:35.230,12992,12994,12992,1,-1
2022-10-17 15:12:35.238,12992,12994,12992,1,-1
2022-10-17 15:12:35.251,12992,12994,12992,1,-1
2022-10-17 15:12:35.261,12992,12994,12992,1,-1
2022-10-17 15:12:35.261,12992,12994,12992,2,-2
2022-10-17 15:12:35.271,12992,12994,12992,1,-1
2022-10-17 15:12:35.272,12992,12994,12992,1,-1
2022-10-17 15:12:35.276,12992,12994,12991,1,-1
2022-10-17 15:12:35.284,12992,12994,12991,1,-1
2022-10-17 15:12:35.288,12992,12994,12991,1,-1
2022-10-17 15:12:35.291,12992,12994,12991,1,-1
2022-10-17 15:12:35.291,12992,12994,12991,1,-1
2022-10-17 15:12:35.293,12992,12994,12991,1,-1
2022-10-17 15:12:35.315,12992,12994,12993,1,-1
2022-10-17 15:12:35.344,12991,12993,12992,1,-1
2022-10-17 15:12:35.348,12991,12993,12992,1,-1
2022-10-17 15:12:35.356,12991,12993,12992,1,-1
2022-10-17 15:12:35.356,12991,12993,12992,1,-1
2022-10-17 15:12:35.371,12991,12993,12991,2,-2
2022-10-17 15:12:35.375,12991,12993,12991,2,-2
2022-10-17 15:12:35.387,12991,12993,12991,1,-1
2022-10-17 15:12:35.396,12991,12993,12991,2,-2
2022-10-17 15:12:35.408,12991,12993,12990,1,-1
2022-10-17 15:12:35.421,12991,12993,12990,1,-1
2022-10-17 15:12:35.430,12991,12993,12990,1,-1
2022-10-17 15:12:35.435,12991,12993,12991,1,-1
2022-10-17 15:12:35.437,12991,12993,12990,1,-1
2022-10-17 15:12:35.450,12991,12993,12992,2,-2
2022-10-17 15:12:35.501,12991,12993,12991,1,-1
2022-10-17 15:12:35.560,12991,12993,12991,5,-5
2022-10-17 15:12:35.594,12991,12992,12992,1,1
2022-10-17 15:12:35.606,12991,12992,12991,1,-1
2022-10-17 15:12:35.615,12991,12992,12991,4,-4
2022-10-17 15:12:35.645,12991,12992,12991,1,-1
2022-10-17 15:12:35.652,12991,12992,12990,1,-1
2022-10-17 15:12:35.672,12991,12992,12990,2,-2
2022-10-17 15:12:35.712,12990,12992,12990,2,-2
2022-10-17 15:12:35.735,12990,12992,12990,2,-2
2022-10-17 15:12:35.799,12990,12992,12990,1,-1
2022-10-17 15:12:35.892,12990,12992,12990,1,-1
2022-10-17 15:12:36.070,12991,12992,12992,4,4
2022-10-17 15:12:36.105,12991,12993,12993,1,1
2022-10-17 15:12:36.124,12991,12993,12993,1,1
2022-10-17 15:12:36.137,12991,12993,12993,1,1
2022-10-17 15:12:37.932,12993,12995,12993,1,-1
2022-10-17 15:12:38.611,12994,12996,12994,1,-1
2022-10-17 15:12:40.089,12994,12995,12994,3,-3
2022-10-17 15:12:40.196,12994,12995,12994,1,-1
2022-10-17 15:12:40.781,12993,12995,12995,1,1
2022-10-17 15:12:41.652,12993,12994,12993,1,-1
2022-10-17 15:12:42.334,12993,12994,12993,4,-4
2022-10-17 15:12:43.949,12993,12994,12993,2,-2
2022-10-17 15:12:44.875,12992,12993,12992,4,-4
2022-10-17 15:12:46.737,12991,12993,12991,2,-2
2022-10-17 15:12:47.471,12992,12993,12992,2,-2
2022-10-17 15:12:47.471,12992,12993,12991,2,-2
2022-10-17 15:12:48.300,12991,12992,12991,1,-1
2022-10-17 15:12:48.724,12991,12992,12992,7,7
2022-10-17 15:12:48.981,12991,12993,12992,1,1
2022-10-17 15:12:49.192,12991,12993,12991,5,-5
2022-10-17 15:12:49.679,12990,12992,12990,2,-2
2022-10-17 15:12:49.973,12990,12992,12991,1,-1
2022-10-17 15:12:49.982,12990,12992,12990,2,-2
2022-10-17 15:12:51.438,12991,12992,12991,1,-1
2022-10-17 15:12:51.707,12991,12992,12992,1,1
2022-10-17 15:12:52.684,12991,12993,12991,1,-1
2022-10-17 15:12:52.695,12991,12993,12991,2,-2
2022-10-17 15:12:52.696,12991,12993,12991,6,-6
2022-10-17 15:12:53.084,12990,12992,12992,2,2
2022-10-17 15:12:53.336,12990,12991,12990,1,-1
2022-10-17 15:12:53.422,12990,12991,12991,2,2
2022-10-17 15:12:53.422,12990,12991,12990,2,-2
2022-10-17 15:12:54.551,12990,12991,12990,2,-2
2022-10-17 15:12:55.524,12989,12990,12989,4,-4
2022-10-17 15:12:55.650,12988,12989,12988,3,-3
2022-10-17 15:12:55.737,12988,12990,12988,1,-1
2022-10-17 15:12:55.910,12988,12990,12988,1,-1
2022-10-17 15:12:56.044,12988,12990,12990,1,1
2022-10-17 15:12:56.770,12988,12990,12988,1,-1
2022-10-17 15:12:56.770,12988,12990,12988,3,-3
2022-10-17 15:12:58.134,12988,12989,12989,1,1
2022-10-17 15:12:58.920,12988,12989,12988,2,-2
2022-10-17 15:12:59.464,12988,12989,12988,1,-1
2022-10-17 15:13:00.515,12987,12988,12987,1,-1
2022-10-17 15:13:00.719,12987,12988,12987,1,-1
2022-10-17 15:13:00.810,12987,12988,12988,1,1
2022-10-17 15:13:00.812,12987,12988,12988,1,1
2022-10-17 15:13:01.225,12987,12989,12990,3,3
2022-10-17 15:13:01.797,12989,12990,12989,1,-1
2022-10-17 15:13:01.871,12989,12990,12989,1,-1
2022-10-17 15:13:02.778,12989,12990,12990,1,1
2022-10-17 15:13:03.089,12989,12990,12990,1,1
2022-10-17 15:13:03.135,12989,12990,12990,2,2
2022-10-17 15:13:03.147,12989,12990,12990,1,1
2022-10-17 15:13:03.282,12989,12990,12989,1,-1
2022-10-17 15:13:03.282,12989,12990,12989,1,-1
2022-10-17 15:13:03.282,12989,12990,12989,1,-1
2022-10-17 15:13:03.282,12989,12990,12989,2,-2
2022-10-17 15:13:03.672,12988,12989,12989,1,1
2022-10-17 15:13:04.087,12987,12989,12987,1,-1
2022-10-17 15:13:05.512,12987,12989,12989,1,1
2022-10-17 15:13:05.818,12987,12989,12987,3,-3
2022-10-17 15:13:06.586,12987,12988,12987,1,-1
2022-10-17 15:13:07.040,12987,12988,12987,3,-3
2022-10-17 15:13:07.140,12986,12987,12986,3,-3
2022-10-17 15:13:07.384,12985,12987,12985,1,-1
2022-10-17 15:13:07.484,12985,12987,12987,1,1
2022-10-17 15:13:07.599,12985,12987,12985,1,-1
2022-10-17 15:13:07.651,12985,12987,12985,1,-1
2022-10-17 15:13:07.695,12985,12987,12985,1,-1
2022-10-17 15:13:08.837,12987,12988,12987,1,-1
2022-10-17 15:13:08.917,12987,12988,12988,1,1
2022-10-17 15:13:09.321,12987,12989,12987,1,-1
2022-10-17 15:13:09.412,12987,12989,12989,3,3
2022-10-17 15:13:10.052,12988,12989,12988,1,-1
2022-10-17 15:13:11.069,12987,12988,12987,2,-2
2022-10-17 15:13:11.069,12987,12988,12986,1,-1
2022-10-17 15:13:13.063,12985,12987,12985,1,-1
2022-10-17 15:13:13.174,12985,12987,12985,1,-1
2022-10-17 15:13:13.465,12985,12987,12985,1,-1
2022-10-17 15:13:14.419,12985,12987,12985,1,-1
2022-10-17 15:13:15.065,12985,12987,12985,1,-1
2022-10-17 15:13:15.155,12985,12987,12985,1,-1
2022-10-17 15:13:16.334,12985,12987,12985,3,-3
2022-10-17 15:13:18.451,12985,12986,12986,2,2
2022-10-17 15:13:18.935,12986,12988,12986,1,-1
2022-10-17 15:13:19.462,12986,12988,12986,1,-1
2022-10-17 15:13:20.357,12987,12988,12988,1,1
2022-10-17 15:13:20.812,12987,12988,12988,2,2
2022-10-17 15:13:20.812,12987,12988,12988,1,1
2022-10-17 15:13:21.235,12987,12989,12987,3,-3
2022-10-17 15:13:21.819,12986,12988,12986,3,-3
2022-10-17 15:13:24.012,12986,12988,12988,1,1
2022-10-17 15:13:25.768,12987,12988,12987,1,-1
2022-10-17 15:13:26.309,12987,12988,12988,1,1
2022-10-17 15:13:26.477,12987,12989,12988,1,1
2022-10-17 15:13:30.076,12987,12989,12989,1,1
2022-10-17 15:13:34.933,12987,12989,12989,4,4
2022-10-17 15:13:35.013,12988,12990,12990,2,2
2022-10-17 15:13:35.167,12988,12990,12990,1,1
2022-10-17 15:13:37.766,12989,12990,12989,4,-4
2022-10-17 15:13:37.766,12989,12990,12988,12,-12
2022-10-17 15:13:37.767,12989,12990,12987,12,-12
2022-10-17 15:13:37.767,12989,12990,12987,3,-3
2022-10-17 15:13:37.767,12989,12990,12988,1,-1
2022-10-17 15:13:37.767,12989,12990,12988,1,-1
2022-10-17 15:13:37.768,12989,12990,12988,34,-34
2022-10-17 15:13:37.768,12989,12990,12987,1,-1
2022-10-17 15:13:37.768,12989,12990,12987,1,-1
2022-10-17 15:13:37.769,12989,12990,12988,1,-1
2022-10-17 15:13:37.769,12989,12990,12988,1,-1
2022-10-17 15:13:37.769,12989,12990,12988,1,-1
2022-10-17 15:13:37.770,12989,12990,12987,2,-2
2022-10-17 15:13:38.001,12987,12989,12989,1,1
2022-10-17 15:13:40.009,12987,12989,12987,1,-1
2022-10-17 15:13:40.643,12986,12988,12986,4,-4
2022-10-17 15:13:41.312,12986,12988,12988,2,2
2022-10-17 15:13:41.892,12986,12988,12988,1,1
2022-10-17 15:13:41.914,12986,12988,12986,1,-1
2022-10-17 15:13:44.049,12987,12989,12989,1,1
2022-10-17 15:13:44.774,12987,12989,12987,2,-2
2022-10-17 15:13:45.373,12987,12989,12989,5,5
2022-10-17 15:13:46.139,12988,12989,12988,1,-1
2022-10-17 15:13:46.652,12988,12989,12988,1,-1
2022-10-17 15:13:47.060,12988,12989,12988,1,-1
2022-10-17 15:13:49.537,12986,12987,12986,1,-1
2022-10-17 15:13:49.622,12986,12987,12987,3,3
2022-10-17 15:13:51.169,12986,12987,12986,7,-7
2022-10-17 15:13:55.904,12985,12987,12987,1,1
2022-10-17 15:13:58.151,12986,12988,12986,1,-1
2022-10-17 15:13:58.286,12985,12986,12985,8,-8
2022-10-17 15:13:58.287,12985,12986,12984,1,-1
2022-10-17 15:13:58.568,12984,12986,12985,1,-1
2022-10-17 15:13:58.809,12984,12986,12985,1,-1
2022-10-17 15:14:00.093,12985,12986,12985,1,-1
2022-10-17 15:14:00.168,12985,12986,12986,1,1
2022-10-17 15:14:02.588,12985,12986,12986,1,1
2022-10-17 15:14:02.958,12985,12987,12985,1,-1
2022-10-17 15:14:02.992,12985,12987,12987,1,1
2022-10-17 15:14:07.349,12987,12988,12987,1,-1
2022-10-17 15:14:07.522,12987,12988,12987,1,-1
2022-10-17 15:14:07.643,12986,12988,12987,1,-1
2022-10-17 15:14:08.630,12986,12988,12986,2,-2
2022-10-17 15:14:10.189,12986,12988,12988,1,1
2022-10-17 15:14:11.839,12985,12987,12985,10,-10
2022-10-17 15:14:16.607,12984,12985,12985,1,1
2022-10-17 15:14:17.032,12984,12985,12984,1,-1
2022-10-17 15:14:17.959,12983,12984,12984,3,3
2022-10-17 15:14:21.194,12983,12984,12983,1,-1
2022-10-17 15:14:21.194,12983,12984,12983,1,-1
2022-10-17 15:14:21.194,12983,12984,12983,4,-4
2022-10-17 15:14:22.854,12982,12983,12982,2,-2
2022-10-17 15:14:24.576,12982,12983,12982,1,-1
2022-10-17 15:14:25.385,12982,12983,12982,1,-1
2022-10-17 15:14:27.508,12982,12983,12982,4,-4
2022-10-17 15:14:29.196,12982,12983,12982,1,-1
2022-10-17 15:14:29.207,12982,12983,12983,1,1
2022-10-17 15:14:30.252,12982,12983,12982,1,-1
2022-10-17 15:14:30.498,12981,12982,12982,1,1
2022-10-17 15:14:30.935,12982,12983,12982,1,-1
2022-10-17 15:14:31.142,12981,12983,12983,1,1
2022-10-17 15:14:34.078,12981,12982,12982,1,1
2022-10-17 15:14:34.397,12981,12983,12983,1,1
2022-10-17 15:14:34.401,12981,12983,12983,1,1
2022-10-17 15:14:34.409,12981,12983,12983,3,3
2022-10-17 15:14:34.842,12982,12984,12982,1,-1
2022-10-17 15:14:35.920,12982,12984,12982,1,-1
2022-10-17 15:14:38.238,12982,12984,12982,2,-2
2022-10-17 15:14:38.471,12982,12984,12982,2,-2
2022-10-17 15:14:38.491,12982,12984,12982,3,-3
2022-10-17 15:14:39.772,12981,12983,12981,2,-2
2022-10-17 15:14:39.835,12981,12983,12981,1,-1
2022-10-17 15:14:42.079,12981,12983,12983,1,1
2022-10-17 15:14:42.467,12982,12984,12982,3,-3
2022-10-17 15:14:42.862,12982,12984,12982,3,-3
2022-10-17 15:14:43.769,12982,12983,12983,1,1
2022-10-17 15:14:43.916,12982,12984,12982,1,-1
2022-10-17 15:14:47.363,12982,12983,12982,1,-1
2022-10-17 15:14:48.439,12982,12983,12983,1,1
2022-10-17 15:14:49.368,12982,12983,12983,3,3
2022-10-17 15:14:49.494,12982,12984,12983,1,1
2022-10-17 15:14:51.404,12982,12983,12983,1,1
2022-10-17 15:14:51.812,12983,12985,12983,1,-1
2022-10-17 15:14:52.162,12982,12984,12984,1,1
2022-10-17 15:14:52.287,12983,12984,12984,1,1
2022-10-17 15:14:52.612,12983,12984,12984,5,5
2022-10-17 15:14:53.952,12983,12985,12983,1,-1
2022-10-17 15:14:54.321,12982,12985,12985,1,1
2022-10-17 15:14:54.566,12983,12985,12983,3,-3
2022-10-17 15:14:55.391,12983,12985,12984,1,-1
2022-10-17 15:14:57.324,12984,12985,12984,1,-1
2022-10-17 15:14:57.505,12983,12984,12983,1,-1
2022-10-17 15:14:57.836,12982,12983,12983,1,1
2022-10-17 15:15:00.063,12982,12983,12983,2,2
2022-10-17 15:15:00.064,12982,12983,12983,4,4
2022-10-17 15:15:00.064,12982,12983,12983,1,1
2022-10-17 15:15:00.064,12982,12983,12983,4,4
2022-10-17 15:15:00.064,12982,12983,12983,2,2
2022-10-17 15:15:00.064,12982,12983,12983,4,4
2022-10-17 15:15:00.064,12982,12983,12983,1,1
2022-10-17 15:15:00.080,12983,12984,12983,1,-1
2022-10-17 15:15:01.851,12983,12984,12984,1,1
2022-10-17 15:15:02.264,12984,12985,12985,5,5
2022-10-17 15:15:02.558,12984,12985,12984,1,-1
2022-10-17 15:15:02.558,12984,12985,12983,5,-5
2022-10-17 15:15:02.867,12983,12985,12983,1,-1
2022-10-17 15:15:03.256,12983,12985,12983,1,-1
2022-10-17 15:15:03.256,12983,12985,12982,1,-1
2022-10-17 15:15:07.781,12983,12985,12984,1,-1
2022-10-17 15:15:08.465,12983,12985,12983,11,-11
2022-10-17 15:15:08.466,12983,12985,12983,2,-2
2022-10-17 15:15:08.467,12983,12985,12983,7,-7
2022-10-17 15:15:08.467,12983,12985,12983,2,-2
2022-10-17 15:15:08.904,12982,12984,12982,1,-1
2022-10-17 15:15:12.382,12984,12985,12984,1,-1
2022-10-17 15:15:13.586,12982,12984,12982,1,-1
2022-10-17 15:15:18.964,12982,12984,12984,1,1
2022-10-17 15:15:19.367,12983,12984,12983,1,-1
2022-10-17 15:15:19.367,12983,12984,12982,19,-19
2022-10-17 15:15:19.368,12983,12984,12982,6,-6
2022-10-17 15:15:19.394,12983,12984,12982,1,-1
2022-10-17 15:15:20.080,12981,12983,12981,2,-2
2022-10-17 15:15:20.846,12981,12983,12984,1,1
2022-10-17 15:15:22.323,12984,12985,12985,1,1
2022-10-17 15:15:22.323,12984,12985,12985,2,2
2022-10-17 15:15:22.514,12986,12987,12987,1,1
2022-10-17 15:15:22.575,12986,12987,12986,3,-3
2022-10-17 15:15:23.520,12985,12986,12985,1,-1
2022-10-17 15:15:26.971,12985,12987,12985,3,-3
2022-10-17 15:15:27.706,12985,12986,12986,1,1
2022-10-17 15:15:32.486,12985,12986,12986,1,1
2022-10-17 15:15:32.535,12985,12986,12988,1,1
2022-10-17 15:15:35.557,12987,12988,12987,1,-1
2022-10-17 15:15:35.557,12987,12988,12987,1,-1
2022-10-17 15:15:35.682,12986,12987,12986,1,-1
2022-10-17 15:15:36.792,12985,12986,12986,1,1
2022-10-17 15:15:37.133,12985,12986,12986,1,1
2022-10-17 15:15:37.369,12985,12987,12987,1,1
2022-10-17 15:15:40.681,12986,12987,12987,1,1
2022-10-17 15:15:41.895,12987,12988,12988,1,1
2022-10-17 15:15:41.895,12987,12988,12988,2,2
2022-10-17 15:15:41.895,12987,12988,12988,1,1
2022-10-17 15:15:41.895,12987,12988,12988,3,3
2022-10-17 15:15:44.993,12988,12989,12989,1,1
2022-10-17 15:15:45.342,12988,12989,12989,1,1
2022-10-17 15:15:46.183,12988,12990,12990,2,2
2022-10-17 15:15:49.314,12989,12990,12990,1,1
2022-10-17 15:15:49.725,12989,12991,12991,1,1
2022-10-17 15:15:54.694,12989,12990,12989,1,-1
2022-10-17 15:15:54.695,12989,12990,12989,1,-1
2022-10-17 15:15:54.695,12989,12990,12989,1,-1
2022-10-17 15:15:54.698,12989,12990,12988,2,-2
2022-10-17 15:15:55.382,12987,12988,12988,6,6
2022-10-17 15:15:55.382,12987,12988,12989,4,4
2022-10-17 15:15:57.374,12987,12989,12989,1,1
2022-10-17 15:15:57.516,12987,12989,12987,6,-6
2022-10-17 15:15:58.725,12986,12987,12987,1,1
2022-10-17 15:15:58.993,12986,12987,12987,1,1
2022-10-17 15:15:59.924,12986,12987,12987,1,1
2022-10-17 15:16:00.101,12987,12989,12987,1,-1
2022-10-17 15:16:04.448,12987,12988,12988,1,1
2022-10-17 15:16:06.918,12987,12988,12987,2,-2
2022-10-17 15:16:06.918,12987,12988,12987,7,-7
2022-10-17 15:16:07.181,12986,12987,12986,4,-4
2022-10-17 15:16:07.181,12986,12987,12986,1,-1
2022-10-17 15:16:07.768,12985,12986,12985,9,-9
2022-10-17 15:16:08.151,12984,12986,12984,1,-1
2022-10-17 15:16:08.806,12984,12985,12985,1,1
2022-10-17 15:16:09.991,12984,12986,12984,1,-1
2022-10-17 15:16:13.618,12985,12986,12986,1,1
2022-10-17 15:16:17.241,12985,12987,12986,1,1
2022-10-17 15:16:17.642,12986,12987,12987,1,1
2022-10-17 15:16:19.415,12987,12988,12987,1,-1
2022-10-17 15:16:19.932,12987,12988,12988,2,2
2022-10-17 15:16:20.939,12988,12989,12988,1,-1
2022-10-17 15:16:25.706,12988,12989,12989,5,5
2022-10-17 15:16:27.811,12988,12990,12988,2,-2
2022-10-17 15:16:31.133,12989,12990,12989,1,-1
2022-10-17 15:16:31.133,12989,12990,12989,4,-4
2022-10-17 15:16:31.481,12988,12989,12989,2,2
2022-10-17 15:16:32.133,12987,12989,12987,1,-1
2022-10-17 15:16:33.650,12987,12988,12987,2,-2
2022-10-17 15:16:34.753,12986,12987,12986,3,-3
2022-10-17 15:16:38.877,12985,12987,12985,1,-1
2022-10-17 15:16:43.008,12985,12986,12986,1,1
2022-10-17 15:16:44.583,12984,12985,12985,1,1
2022-10-17 15:16:44.583,12984,12985,12985,1,1
2022-10-17 15:16:45.746,12985,12986,12986,1,1
2022-10-17 15:16:47.545,12985,12986,12985,1,-1
2022-10-17 15:16:47.663,12984,12985,12984,4,-4
2022-10-17 15:16:48.015,12983,12984,12983,1,-1
2022-10-17 15:16:48.016,12983,12984,12983,3,-3
2022-10-17 15:16:51.707,12983,12985,12983,1,-1
2022-10-17 15:16:54.869,12983,12984,12983,3,-3
2022-10-17 15:16:54.883,12983,12984,12982,3,-3
2022-10-17 15:16:55.169,12981,12983,12981,23,-23
2022-10-17 15:16:55.243,12980,12981,12980,1,-1
2022-10-17 15:16:55.243,12980,12981,12980,1,-1
2022-10-17 15:16:55.243,12980,12981,12980,1,-1
2022-10-17 15:16:55.243,12980,12981,12980,1,-1
2022-10-17 15:16:55.243,12980,12981,12980,2,-2
2022-10-17 15:16:55.243,12980,12981,12980,1,-1
2022-10-17 15:16:55.243,12980,12981,12980,6,-6
2022-10-17 15:16:55.243,12980,12981,12980,9,-9
2022-10-17 15:16:55.381,12979,12981,12979,1,-1
2022-10-17 15:16:55.395,12979,12981,12979,2,-2
2022-10-17 15:16:55.830,12979,12980,12980,1,1
2022-10-17 15:16:55.866,12979,12980,12980,2,2
2022-10-17 15:16:55.927,12979,12980,12979,5,-5
2022-10-17 15:16:56.012,12979,12980,12979,1,-1
2022-10-17 15:16:56.051,12979,12980,12980,1,1
2022-10-17 15:16:56.093,12979,12980,12979,1,-1
2022-10-17 15:16:57.486,12979,12981,12979,2,-2
2022-10-17 15:16:58.532,12978,12980,12980,8,8
2022-10-17 15:16:59.279,12979,12980,12979,1,-1
2022-10-17 15:16:59.279,12979,12980,12978,2,-2
2022-10-17 15:17:00.691,12978,12980,12978,2,-2
2022-10-17 15:17:01.791,12979,12980,12980,1,1
2022-10-17 15:17:01.791,12979,12980,12980,1,1
2022-10-17 15:17:05.152,12980,12982,12980,1,-1
2022-10-17 15:17:05.182,12980,12982,12980,3,-3
2022-10-17 15:17:06.651,12981,12982,12981,1,-1
2022-10-17 15:17:09.141,12981,12982,12981,1,-1
2022-10-17 15:17:10.621,12980,12981,12981,3,3
2022-10-17 15:17:10.762,12980,12981,12980,4,-4
2022-10-17 15:17:12.016,12980,12981,12981,1,1
2022-10-17 15:17:14.246,12980,12982,12980,2,-2
2022-10-17 15:17:14.850,12980,12982,12980,1,-1
2022-10-17 15:17:17.435,12979,12980,12979,2,-2
2022-10-17 15:17:17.524,12979,12980,12979,1,-1
2022-10-17 15:17:17.524,12979,12980,12979,1,-1
2022-10-17 15:17:17.524,12979,12980,12979,1,-1
2022-10-17 15:17:17.525,12979,12980,12979,2,-2
2022-10-17 15:17:17.841,12978,12979,12979,2,2
2022-10-17 15:17:19.638,12978,12980,12978,1,-1
2022-10-17 15:17:20.904,12978,12980,12978,2,-2
2022-10-17 15:17:21.616,12979,12980,12980,1,1
2022-10-17 15:17:21.616,12979,12980,12980,1,1
2022-10-17 15:17:21.616,12979,12980,12980,2,2
2022-10-17 15:17:21.649,12979,12980,12980,1,1
2022-10-17 15:17:23.963,12979,12981,12979,1,-1
2022-10-17 15:17:26.315,12978,12981,12979,1,-1
2022-10-17 15:17:27.204,12979,12981,12980,2,-2
2022-10-17 15:17:27.352,12978,12979,12979,1,1
2022-10-17 15:17:28.205,12978,12979,12979,1,1
2022-10-17 15:17:28.205,12978,12979,12979,1,1
2022-10-17 15:17:30.079,12978,12980,12980,2,2
2022-10-17 15:17:30.371,12978,12980,12979,1,1
2022-10-17 15:17:31.119,12978,12980,12978,1,-1
2022-10-17 15:17:33.100,12979,12980,12980,1,1
2022-10-17 15:17:33.437,12979,12981,12981,1,1
2022-10-17 15:17:36.624,12979,12981,12981,1,1
2022-10-17 15:17:39.168,12980,12981,12981,1,1
2022-10-17 15:17:39.608,12980,12981,12981,3,3
2022-10-17 15:17:40.479,12980,12981,12980,2,-2
2022-10-17 15:17:40.480,12980,12981,12980,1,-1
2022-10-17 15:17:43.510,12979,12981,12979,1,-1
2022-10-17 15:17:43.514,12979,12981,12979,1,-1
2022-10-17 15:17:44.669,12980,12981,12980,1,-1
2022-10-17 15:17:50.114,12979,12980,12979,1,-1
2022-10-17 15:17:50.114,12979,12980,12979,8,-8
2022-10-17 15:17:50.114,12979,12980,12979,1,-1
2022-10-17 15:17:50.114,12979,12980,12979,1,-1
2022-10-17 15:17:50.114,12979,12980,12979,1,-1
2022-10-17 15:17:50.281,12978,12980,12978,1,-1
2022-10-17 15:17:50.716,12978,12980,12978,1,-1
2022-10-17 15:17:50.981,12978,12980,12978,1,-1
2022-10-17 15:17:56.371,12979,12980,12979,2,-2
2022-10-17 15:17:56.909,12978,12980,12978,1,-1
2022-10-17 15:17:59.282,12978,12979,12978,1,-1
2022-10-17 15:17:59.311,12978,12979,12979,1,1
2022-10-17 15:18:01.388,12978,12979,12978,1,-1
2022-10-17 15:18:01.559,12978,12979,12978,1,-1
2022-10-17 15:18:02.251,12978,12979,12979,1,1
2022-10-17 15:18:02.694,12978,12979,12979,1,1
2022-10-17 15:18:02.694,12978,12979,12979,1,1
2022-10-17 15:18:02.694,12978,12979,12979,1,1
2022-10-17 15:18:02.791,12979,12980,12980,1,1
2022-10-17 15:18:02.791,12979,12980,12980,1,1
2022-10-17 15:18:02.791,12979,12980,12980,12,12
2022-10-17 15:18:03.360,12980,12981,12980,1,-1
2022-10-17 15:18:05.944,12979,12980,12979,2,-2
2022-10-17 15:18:07.040,12978,12980,12980,4,4
2022-10-17 15:18:11.860,12979,12980,12980,1,1
2022-10-17 15:18:13.139,12979,12980,12979,1,-1
2022-10-17 15:18:13.564,12979,12980,12979,5,-5
2022-10-17 15:18:14.285,12978,12979,12978,1,-1
2022-10-17 15:18:14.285,12978,12979,12978,4,-4
2022-10-17 15:18:14.286,12978,12979,12978,8,-8
2022-10-17 15:18:15.357,12977,12978,12977,1,-1
2022-10-17 15:18:15.357,12977,12978,12977,1,-1
2022-10-17 15:18:15.357,12977,12978,12977,4,-4
2022-10-17 15:18:15.357,12977,12978,12977,1,-1
2022-10-17 15:18:15.357,12977,12978,12977,2,-2
2022-10-17 15:18:15.357,12977,12978,12977,6,-6
2022-10-17 15:18:15.358,12977,12978,12977,2,-2
2022-10-17 15:18:15.359,12977,12978,12976,17,-17
2022-10-17 15:18:15.359,12977,12978,12976,2,-2
2022-10-17 15:18:15.360,12977,12978,12976,4,-4
2022-10-17 15:18:15.360,12977,12978,12976,3,-3
2022-10-17 15:18:15.369,12977,12978,12975,11,-11
2022-10-17 15:18:15.477,12974,12975,12974,1,-1
2022-10-17 15:18:15.521,12974,12975,12974,1,-1
2022-10-17 15:18:15.522,12974,12975,12974,4,-4
2022-10-17 15:18:15.522,12974,12975,12974,3,-3
2022-10-17 15:18:15.558,12974,12975,12973,3,-3
2022-10-17 15:18:15.620,12972,12974,12972,1,-1
2022-10-17 15:18:15.620,12972,12974,12972,1,-1
2022-10-17 15:18:15.622,12972,12974,12972,5,-5
2022-10-17 15:18:15.632,12972,12974,12972,2,-2
2022-10-17 15:18:15.632,12972,12974,12972,2,-2
2022-10-17 15:18:15.632,12972,12974,12972,3,-3
2022-10-17 15:18:15.644,12972,12974,12971,1,-1
2022-10-17 15:18:15.681,12972,12974,12973,1,-1
2022-10-17 15:18:15.763,12971,12973,12971,3,-3
2022-10-17 15:18:15.771,12971,12973,12971,1,-1
2022-10-17 15:18:15.785,12971,12973,12971,3,-3
2022-10-17 15:18:15.819,12971,12973,12971,2,-2
2022-10-17 15:18:15.832,12971,12972,12971,7,-7
2022-10-17 15:18:15.840,12971,12972,12970,1,-1
2022-10-17 15:18:15.889,12971,12972,12970,5,-5
2022-10-17 15:18:15.889,12971,12972,12970,6,-6
2022-10-17 15:18:15.970,12969,12970,12970,1,1
2022-10-17 15:18:15.970,12969,12970,12970,1,1
2022-10-17 15:18:15.971,12969,12970,12971,1,1
2022-10-17 15:18:15.971,12969,12970,12971,3,3
2022-10-17 15:18:16.029,12969,12970,12971,2,2
2022-10-17 15:18:16.032,12969,12970,12971,1,1
2022-10-17 15:18:16.121,12971,12972,12971,1,-1
2022-10-17 15:18:16.144,12971,12972,12972,1,1
2022-10-17 15:18:16.153,12971,12972,12972,1,1
2022-10-17 15:18:16.156,12971,12972,12972,1,1
2022-10-17 15:18:16.164,12971,12972,12972,1,1
2022-10-17 15:18:16.410,12970,12972,12972,5,5
2022-10-17 15:18:17.208,12972,12974,12972,1,-1
2022-10-17 15:18:18.071,12972,12974,12974,1,1
2022-10-17 15:18:19.999,12972,12974,12972,5,-5
2022-10-17 15:18:21.837,12973,12975,12973,5,-5
2022-10-17 15:18:23.260,12971,12972,12971,1,-1
2022-10-17 15:18:23.260,12971,12972,12971,1,-1
2022-10-17 15:18:23.261,12971,12972,12971,1,-1
2022-10-17 15:18:23.261,12971,12972,12971,1,-1
2022-10-17 15:18:23.261,12971,12972,12971,3,-3
2022-10-17 15:18:23.483,12969,12970,12969,3,-3
2022-10-17 15:18:23.588,12968,12970,12968,5,-5
2022-10-17 15:18:23.763,12968,12970,12968,2,-2
2022-10-17 15:18:23.852,12967,12969,12969,1,1
2022-10-17 15:18:24.020,12967,12969,12969,2,2
2022-10-17 15:18:26.072,12968,12969,12968,1,-1
2022-10-17 15:18:26.072,12968,12969,12967,4,-4
2022-10-17 15:18:26.110,12967,12969,12967,1,-1
2022-10-17 15:18:26.161,12967,12969,12967,1,-1
2022-10-17 15:18:26.261,12967,12969,12967,1,-1
2022-10-17 15:18:26.281,12967,12969,12966,1,-1
2022-10-17 15:18:26.573,12966,12967,12967,1,1
2022-10-17 15:18:26.573,12966,12967,12968,2,2
2022-10-17 15:18:27.081,12966,12967,12967,1,1
2022-10-17 15:18:27.550,12966,12967,12966,6,-6
2022-10-17 15:18:27.550,12966,12967,12966,2,-2
2022-10-17 15:18:28.224,12965,12967,12967,1,1
2022-10-17 15:18:28.305,12965,12967,12965,4,-4
2022-10-17 15:18:28.518,12965,12966,12965,1,-1
2022-10-17 15:18:28.685,12965,12966,12965,1,-1
2022-10-17 15:18:28.725,12965,12966,12965,3,-3
2022-10-17 15:18:29.130,12964,12966,12966,3,3
2022-10-17 15:18:29.682,12967,12969,12967,1,-1
2022-10-17 15:18:30.658,12967,12969,12967,3,-3
2022-10-17 15:18:33.008,12967,12968,12967,2,-2
2022-10-17 15:18:33.068,12967,12968,12967,2,-2
2022-10-17 15:18:33.240,12966,12968,12968,2,2
2022-10-17 15:18:33.260,12966,12968,12968,1,1
2022-10-17 15:18:34.137,12966,12968,12968,1,1
2022-10-17 15:18:34.914,12966,12967,12966,4,-4
2022-10-17 15:18:35.528,12964,12966,12964,2,-2
2022-10-17 15:18:35.608,12964,12965,12963,4,-4
2022-10-17 15:18:35.618,12964,12965,12963,4,-4
2022-10-17 15:18:35.999,12962,12963,12962,2,-2
2022-10-17 15:18:36.919,12961,12962,12961,4,-4
2022-10-17 15:18:36.961,12960,12961,12960,1,-1
2022-10-17 15:18:36.988,12960,12961,12960,15,-15
2022-10-17 15:18:36.989,12960,12961,12959,1,-1
2022-10-17 15:18:36.993,12960,12961,12958,1,-1
2022-10-17 15:18:37.032,12960,12961,12959,1,-1
2022-10-17 15:18:37.057,12960,12961,12960,1,-1
2022-10-17 15:18:37.057,12960,12961,12960,5,-5
2022-10-17 15:18:37.131,12960,12962,12961,1,-1
2022-10-17 15:18:37.192,12960,12962,12960,1,-1
2022-10-17 15:18:37.267,12960,12962,12961,1,-1
2022-10-17 15:18:37.282,12960,12962,12961,1,-1
2022-10-17 15:18:37.411,12961,12963,12961,6,-6
2022-10-17 15:18:37.814,12961,12963,12961,1,-1
2022-10-17 15:18:38.628,12961,12962,12961,1,-1
2022-10-17 15:18:38.774,12961,12962,12962,1,1
2022-10-17 15:18:38.889,12961,12962,12962,2,2
2022-10-17 15:18:39.233,12961,12963,12963,1,1
2022-10-17 15:18:39.233,12961,12963,12963,1,1
2022-10-17 15:18:39.233,12961,12963,12963,1,1
2022-10-17 15:18:39.760,12963,12964,12964,1,1
2022-10-17 15:18:39.829,12963,12964,12964,1,1
2022-10-17 15:18:40.008,12964,12965,12965,1,1
2022-10-17 15:18:40.100,12964,12965,12965,1,1
2022-10-17 15:18:40.228,12964,12966,12964,1,-1
2022-10-17 15:18:40.504,12964,12966,12964,1,-1
2022-10-17 15:18:40.803,12964,12966,12964,1,-1
2022-10-17 15:18:41.367,12964,12966,12966,1,1
2022-10-17 15:18:41.535,12964,12966,12964,3,-3
