2022-11-24 15:00:00,14760,14760,14760,138,0
2022-11-24 15:00:00,14761,14761,14761,2,2
2022-11-24 15:00:00,14763,14763,14763,2,2
2022-11-24 15:00:00,14759,14759,14759,2,-2
2022-11-24 15:00:00,14759,14759,14759,2,0
2022-11-24 15:00:00,14759,14759,14759,2,0
2022-11-24 15:00:00,14759,14759,14759,2,0
2022-11-24 15:00:00,14758,14758,14758,2,-2
2022-11-24 15:00:00,14758,14758,14758,2,0
2022-11-24 15:00:00,14758,14758,14758,2,0
2022-11-24 15:00:00,14758,14758,14758,2,0
2022-11-24 15:00:00,14758,14758,14758,2,0
2022-11-24 15:00:00,14758,14758,14758,2,0
2022-11-24 15:00:00,14758,14758,14758,2,0
2022-11-24 15:00:00,14758,14758,14758,2,0
2022-11-24 15:00:00,14758,14758,14758,2,0
2022-11-24 15:00:00,14758,14758,14758,2,0
2022-11-24 15:00:00,14758,14758,14758,2,0
2022-11-24 15:00:00,14758,14758,14758,2,0
2022-11-24 15:00:00,14758,14758,14758,2,0
2022-11-24 15:00:00,14757,14757,14757,4,-4
2022-11-24 15:00:00,14757,14757,14757,2,0
2022-11-24 15:00:00,14757,14757,14757,2,0
2022-11-24 15:00:00,14757,14757,14757,2,0
2022-11-24 15:00:00,14756,14756,14756,2,-2
2022-11-24 15:00:00,14756,14756,14756,2,0
2022-11-24 15:00:00,14756,14756,14756,2,0
2022-11-24 15:00:00,14756,14756,14756,10,0
2022-11-24 15:00:00,14756,14756,14756,4,0
2022-11-24 15:00:00,14756,14756,14756,4,0
2022-11-24 15:00:00,14756,14756,14756,2,0
2022-11-24 15:00:00,14758,14758,14758,2,2
2022-11-24 15:00:00,14758,14758,14758,2,0
2022-11-24 15:00:00,14759,14759,14759,2,2
2022-11-24 15:00:00,14759,14759,14759,2,0
2022-11-24 15:00:00,14758,14758,14758,4,-4
2022-11-24 15:00:00,14760,14760,14760,2,2
2022-11-24 15:00:00,14759,14759,14759,2,-2
2022-11-24 15:00:00,14759,14759,14759,2,0
2022-11-24 15:00:00,14761,14761,14761,2,2
2022-11-24 15:00:00,14758,14758,14758,2,-2
2022-11-24 15:00:00,14758,14758,14758,2,0
2022-11-24 15:00:00,14757,14757,14757,4,-4
2022-11-24 15:00:00,14757,14757,14757,2,0
2022-11-24 15:00:00,14757,14757,14757,2,0
2022-11-24 15:00:00,14757,14757,14757,4,0
2022-11-24 15:00:00,14760,14760,14760,2,2
2022-11-24 15:00:00,14758,14758,14758,2,-2
2022-11-24 15:00:00,14757,14757,14757,2,-2
2022-11-24 15:00:00,14757,14757,14757,8,0
2022-11-24 15:00:00,14758,14758,14758,2,2
2022-11-24 15:00:00,14757,14757,14757,2,-2
2022-11-24 15:00:00,14758,14758,14758,2,2
2022-11-24 15:00:00,14758,14758,14758,4,0
2022-11-24 15:00:00,14756,14756,14756,2,-2
2022-11-24 15:00:00,14759,14759,14759,4,4
2022-11-24 15:00:00,14758,14758,14758,2,-2
2022-11-24 15:00:00,14758,14758,14758,2,0
2022-11-24 15:00:00,14760,14760,14760,4,4
2022-11-24 15:00:01,14761,14761,14761,2,2
2022-11-24 15:00:01,14763,14763,14763,2,2
2022-11-24 15:00:01,14761,14761,14761,2,-2
2022-11-24 15:00:01,14763,14763,14763,2,2
2022-11-24 15:00:02,14762,14762,14762,2,-2
2022-11-24 15:00:02,14760,14760,14760,2,-2
2022-11-24 15:00:02,14760,14760,14760,2,0
2022-11-24 15:00:02,14760,14760,14760,2,0
2022-11-24 15:00:02,14760,14760,14760,2,0
2022-11-24 15:00:02,14760,14760,14760,2,0
2022-11-24 15:00:02,14760,14760,14760,2,0
2022-11-24 15:00:03,14760,14760,14760,4,0
2022-11-24 15:00:03,14761,14761,14761,2,2
2022-11-24 15:00:03,14760,14760,14760,2,-2
2022-11-24 15:00:03,14759,14759,14759,2,-2
2022-11-24 15:00:04,14759,14759,14759,4,0
2022-11-24 15:00:05,14760,14760,14760,2,2
2022-11-24 15:00:06,14758,14758,14758,2,-2
2022-11-24 15:00:06,14758,14758,14758,2,0
2022-11-24 15:00:06,14760,14760,14760,2,2
2022-11-24 15:00:07,14760,14760,14760,2,0
2022-11-24 15:00:08,14761,14761,14761,2,2
2022-11-24 15:00:09,14759,14759,14759,4,-4
2022-11-24 15:00:10,14761,14761,14761,2,2
2022-11-24 15:00:11,14760,14760,14760,2,-2
2022-11-24 15:00:12,14761,14761,14761,2,2
2022-11-24 15:00:12,14761,14761,14761,2,0
2022-11-24 15:00:12,14760,14760,14760,4,-4
2022-11-24 15:00:13,14761,14761,14761,4,4
2022-11-24 15:00:14,14760,14760,14760,2,-2
2022-11-24 15:00:14,14762,14762,14762,4,4
2022-11-24 15:00:15,14763,14763,14763,4,4
2022-11-24 15:00:15,14761,14761,14761,4,-4
2022-11-24 15:00:15,14761,14761,14761,2,0
2022-11-24 15:00:15,14761,14761,14761,2,0
2022-11-24 15:00:16,14763,14763,14763,2,2
2022-11-24 15:00:16,14763,14763,14763,2,0
2022-11-24 15:00:19,14761,14761,14761,2,-2
2022-11-24 15:00:19,14760,14760,14760,2,-2
2022-11-24 15:00:21,14762,14762,14762,4,4
2022-11-24 15:00:21,14760,14760,14760,4,-4
2022-11-24 15:00:22,14761,14761,14761,2,2
2022-11-24 15:00:23,14761,14761,14761,4,0
2022-11-24 15:00:23,14762,14762,14762,2,2
2022-11-24 15:00:24,14761,14761,14761,2,-2
2022-11-24 15:00:26,14761,14761,14761,2,0
2022-11-24 15:00:27,14762,14762,14762,10,10
2022-11-24 15:00:27,14763,14763,14763,4,4
2022-11-24 15:00:28,14761,14761,14761,2,-2
2022-11-24 15:00:29,14763,14763,14763,2,2
2022-11-24 15:00:29,14762,14762,14762,2,-2
2022-11-24 15:00:30,14762,14762,14762,2,0
2022-11-24 15:00:30,14762,14762,14762,2,0
2022-11-24 15:00:32,14763,14763,14763,2,2
2022-11-24 15:00:34,14762,14762,14762,2,-2
2022-11-24 15:00:34,14763,14763,14763,2,2
2022-11-24 15:00:39,14763,14763,14763,2,0
2022-11-24 15:00:39,14763,14763,14763,2,0
2022-11-24 15:00:39,14762,14762,14762,2,-2
2022-11-24 15:00:39,14762,14762,14762,2,0
2022-11-24 15:00:39,14762,14762,14762,2,0
2022-11-24 15:00:40,14762,14762,14762,2,0
2022-11-24 15:00:40,14762,14762,14762,4,0
2022-11-24 15:00:42,14762,14762,14762,2,0
2022-11-24 15:00:43,14762,14762,14762,2,0
2022-11-24 15:00:44,14762,14762,14762,2,0
2022-11-24 15:00:44,14762,14762,14762,2,0
2022-11-24 15:00:45,14762,14762,14762,2,0
2022-11-24 15:00:47,14763,14763,14763,2,2
2022-11-24 15:00:48,14763,14763,14763,4,0
2022-11-24 15:00:49,14763,14763,14763,2,0
2022-11-24 15:00:49,14763,14763,14763,2,0
2022-11-24 15:00:49,14763,14763,14763,2,0
2022-11-24 15:00:52,14763,14763,14763,2,0
2022-11-24 15:00:53,14764,14764,14764,4,4
2022-11-24 15:00:53,14764,14764,14764,4,0
2022-11-24 15:00:53,14765,14765,14765,4,4
2022-11-24 15:00:53,14765,14765,14765,4,0
2022-11-24 15:00:55,14763,14763,14763,2,-2
2022-11-24 15:00:55,14764,14764,14764,4,4
2022-11-24 15:00:55,14765,14765,14765,4,4
2022-11-24 15:00:55,14765,14765,14765,2,0
2022-11-24 15:00:57,14764,14764,14764,2,-2
2022-11-24 15:00:57,14765,14765,14765,2,2
2022-11-24 15:00:58,14765,14765,14765,2,0
2022-11-24 15:00:59,14765,14765,14765,2,0
2022-11-24 15:01:00,14764,14764,14764,2,-2
2022-11-24 15:01:00,14764,14764,14764,6,0
2022-11-24 15:01:00,14765,14765,14765,12,12
2022-11-24 15:01:00,14763,14763,14763,2,-2
2022-11-24 15:01:00,14763,14763,14763,2,0
2022-11-24 15:01:00,14763,14763,14763,4,0
2022-11-24 15:01:00,14763,14763,14763,2,0
2022-11-24 15:01:00,14763,14763,14763,4,0
2022-11-24 15:01:00,14763,14763,14763,4,0
2022-11-24 15:01:00,14763,14763,14763,2,0
2022-11-24 15:01:00,14762,14762,14762,2,-2
2022-11-24 15:01:02,14764,14764,14764,4,4
2022-11-24 15:01:03,14763,14763,14763,2,-2
2022-11-24 15:01:03,14762,14762,14762,2,-2
2022-11-24 15:01:03,14762,14762,14762,2,0
2022-11-24 15:01:03,14762,14762,14762,2,0
2022-11-24 15:01:03,14762,14762,14762,4,0
2022-11-24 15:01:03,14762,14762,14762,2,0
2022-11-24 15:01:03,14762,14762,14762,2,0
2022-11-24 15:01:03,14762,14762,14762,2,0
2022-11-24 15:01:03,14762,14762,14762,4,0
2022-11-24 15:01:03,14761,14761,14761,2,-2
2022-11-24 15:01:03,14761,14761,14761,2,0
2022-11-24 15:01:03,14761,14761,14761,2,0
2022-11-24 15:01:04,14761,14761,14761,2,0
2022-11-24 15:01:04,14761,14761,14761,2,0
2022-11-24 15:01:05,14761,14761,14761,2,0
2022-11-24 15:01:05,14762,14762,14762,2,2
2022-11-24 15:01:05,14761,14761,14761,4,-4
2022-11-24 15:01:06,14761,14761,14761,2,0
2022-11-24 15:01:08,14762,14762,14762,4,4
2022-11-24 15:01:08,14763,14763,14763,2,2
2022-11-24 15:01:08,14761,14761,14761,2,-2
2022-11-24 15:01:08,14761,14761,14761,2,0
2022-11-24 15:01:11,14763,14763,14763,2,2
2022-11-24 15:01:11,14762,14762,14762,2,-2
2022-11-24 15:01:11,14762,14762,14762,2,0
2022-11-24 15:01:11,14764,14764,14764,2,2
2022-11-24 15:01:12,14763,14763,14763,2,-2
2022-11-24 15:01:13,14764,14764,14764,2,2
2022-11-24 15:01:13,14764,14764,14764,6,0
2022-11-24 15:01:14,14765,14765,14765,32,32
2022-11-24 15:01:14,14765,14765,14765,14,0
2022-11-24 15:01:14,14765,14765,14765,2,0
2022-11-24 15:01:14,14764,14764,14764,2,-2
2022-11-24 15:01:15,14764,14764,14764,2,0
2022-11-24 15:01:16,14764,14764,14764,2,0
2022-11-24 15:01:16,14764,14764,14764,2,0
2022-11-24 15:01:18,14764,14764,14764,2,0
2022-11-24 15:01:20,14765,14765,14765,2,2
2022-11-24 15:01:20,14764,14764,14764,2,-2
2022-11-24 15:01:20,14765,14765,14765,6,6
2022-11-24 15:01:21,14765,14765,14765,4,0
2022-11-24 15:01:24,14765,14765,14765,2,0
2022-11-24 15:01:26,14765,14765,14765,2,0
2022-11-24 15:01:26,14765,14765,14765,2,0
2022-11-24 15:01:27,14765,14765,14765,2,0
2022-11-24 15:01:30,14766,14766,14766,4,4
2022-11-24 15:01:30,14766,14766,14766,2,0
2022-11-24 15:01:30,14766,14766,14766,2,0
2022-11-24 15:01:30,14766,14766,14766,2,0
2022-11-24 15:01:30,14765,14765,14765,2,-2
2022-11-24 15:01:30,14765,14765,14765,2,0
2022-11-24 15:01:30,14765,14765,14765,2,0
2022-11-24 15:01:30,14765,14765,14765,2,0
2022-11-24 15:01:30,14765,14765,14765,2,0
2022-11-24 15:01:30,14766,14766,14766,12,12
2022-11-24 15:01:30,14765,14765,14765,2,-2
2022-11-24 15:01:33,14765,14765,14765,4,0
2022-11-24 15:01:33,14765,14765,14765,2,0
2022-11-24 15:01:33,14765,14765,14765,2,0
2022-11-24 15:01:33,14765,14765,14765,2,0
2022-11-24 15:01:33,14765,14765,14765,2,0
2022-11-24 15:01:33,14765,14765,14765,8,0
2022-11-24 15:01:33,14767,14767,14767,2,2
2022-11-24 15:01:37,14767,14767,14767,2,0
2022-11-24 15:01:40,14767,14767,14767,2,0
2022-11-24 15:01:40,14765,14765,14765,2,-2
2022-11-24 15:01:40,14765,14765,14765,2,0
2022-11-24 15:01:41,14767,14767,14767,2,2
2022-11-24 15:01:41,14767,14767,14767,4,0
2022-11-24 15:01:41,14767,14767,14767,2,0
2022-11-24 15:01:44,14765,14765,14765,2,-2
2022-11-24 15:01:44,14765,14765,14765,2,0
2022-11-24 15:01:45,14767,14767,14767,4,4
2022-11-24 15:01:54,14767,14767,14767,2,0
2022-11-24 15:01:55,14767,14767,14767,2,0
2022-11-24 15:01:56,14767,14767,14767,2,0
2022-11-24 15:01:57,14766,14766,14766,2,-2
2022-11-24 15:01:59,14767,14767,14767,4,4
2022-11-24 15:02:06,14766,14766,14766,4,-4
2022-11-24 15:02:07,14767,14767,14767,4,4
2022-11-24 15:02:09,14767,14767,14767,2,0
2022-11-24 15:02:10,14768,14768,14768,4,4
2022-11-24 15:02:10,14767,14767,14767,2,-2
2022-11-24 15:02:10,14767,14767,14767,2,0
2022-11-24 15:02:12,14768,14768,14768,6,6
2022-11-24 15:02:12,14769,14769,14769,4,4
2022-11-24 15:02:12,14767,14767,14767,2,-2
2022-11-24 15:02:13,14769,14769,14769,2,2
2022-11-24 15:02:14,14769,14769,14769,2,0
2022-11-24 15:02:17,14769,14769,14769,2,0
2022-11-24 15:02:18,14768,14768,14768,2,-2
2022-11-24 15:02:19,14769,14769,14769,2,2
2022-11-24 15:02:20,14768,14768,14768,2,-2
2022-11-24 15:02:21,14769,14769,14769,2,2
2022-11-24 15:02:24,14769,14769,14769,2,0
2022-11-24 15:02:25,14769,14769,14769,2,0
2022-11-24 15:02:27,14769,14769,14769,2,0
2022-11-24 15:02:29,14769,14769,14769,2,0
2022-11-24 15:02:31,14768,14768,14768,2,-2
2022-11-24 15:02:32,14769,14769,14769,2,2
2022-11-24 15:02:35,14767,14767,14767,2,-2
2022-11-24 15:02:40,14768,14768,14768,2,2
2022-11-24 15:02:40,14767,14767,14767,2,-2
2022-11-24 15:02:40,14767,14767,14767,2,0
2022-11-24 15:02:40,14767,14767,14767,4,0
2022-11-24 15:02:40,14767,14767,14767,6,0
2022-11-24 15:02:42,14767,14767,14767,2,0
2022-11-24 15:02:43,14768,14768,14768,2,2
2022-11-24 15:02:43,14767,14767,14767,2,-2
2022-11-24 15:02:43,14766,14766,14766,2,-2
2022-11-24 15:02:44,14768,14768,14768,4,4
2022-11-24 15:02:46,14767,14767,14767,2,-2
2022-11-24 15:02:47,14766,14766,14766,2,-2
2022-11-24 15:02:47,14766,14766,14766,2,0
2022-11-24 15:02:47,14766,14766,14766,2,0
2022-11-24 15:02:47,14766,14766,14766,4,0
2022-11-24 15:02:47,14766,14766,14766,2,0
2022-11-24 15:02:47,14766,14766,14766,2,0
2022-11-24 15:02:48,14766,14766,14766,2,0
2022-11-24 15:02:52,14766,14766,14766,2,0
2022-11-24 15:02:54,14765,14765,14765,2,-2
2022-11-24 15:02:54,14765,14765,14765,2,0
2022-11-24 15:02:54,14765,14765,14765,2,0
2022-11-24 15:02:54,14765,14765,14765,2,0
2022-11-24 15:02:54,14765,14765,14765,4,0
2022-11-24 15:02:54,14765,14765,14765,2,0
2022-11-24 15:02:54,14765,14765,14765,2,0
2022-11-24 15:02:54,14765,14765,14765,2,0
2022-11-24 15:02:54,14765,14765,14765,2,0
2022-11-24 15:02:54,14765,14765,14765,2,0
2022-11-24 15:02:54,14765,14765,14765,2,0
2022-11-24 15:02:54,14765,14765,14765,2,0
2022-11-24 15:02:54,14765,14765,14765,2,0
2022-11-24 15:02:54,14765,14765,14765,2,0
2022-11-24 15:02:54,14765,14765,14765,2,0
2022-11-24 15:02:58,14766,14766,14766,2,2
2022-11-24 15:03:00,14766,14766,14766,2,0
2022-11-24 15:03:00,14766,14766,14766,2,0
2022-11-24 15:03:06,14766,14766,14766,2,0
2022-11-24 15:03:07,14767,14767,14767,2,2
2022-11-24 15:03:12,14767,14767,14767,2,0
2022-11-24 15:03:17,14766,14766,14766,2,-2
2022-11-24 15:03:17,14766,14766,14766,4,0
2022-11-24 15:03:17,14766,14766,14766,2,0
2022-11-24 15:03:19,14767,14767,14767,10,10
2022-11-24 15:03:24,14767,14767,14767,2,0
2022-11-24 15:03:33,14768,14768,14768,2,2
2022-11-24 15:03:33,14767,14767,14767,2,-2
2022-11-24 15:03:33,14767,14767,14767,6,0
2022-11-24 15:03:35,14767,14767,14767,4,0
2022-11-24 15:03:35,14767,14767,14767,2,0
2022-11-24 15:03:35,14766,14766,14766,2,-2
2022-11-24 15:03:35,14766,14766,14766,2,0
2022-11-24 15:03:37,14767,14767,14767,2,2
2022-11-24 15:03:42,14767,14767,14767,2,0
2022-11-24 15:03:47,14768,14768,14768,2,2
2022-11-24 15:03:47,14769,14769,14769,2,2
2022-11-24 15:03:54,14768,14768,14768,4,-4
2022-11-24 15:03:59,14768,14768,14768,2,0
2022-11-24 15:04:00,14768,14768,14768,2,0
2022-11-24 15:04:00,14768,14768,14768,2,0
2022-11-24 15:04:00,14768,14768,14768,4,0
2022-11-24 15:04:02,14768,14768,14768,2,0
2022-11-24 15:04:03,14768,14768,14768,2,0
2022-11-24 15:04:10,14769,14769,14769,2,2
2022-11-24 15:04:10,14769,14769,14769,14,0
2022-11-24 15:04:13,14768,14768,14768,2,-2
2022-11-24 15:04:23,14768,14768,14768,6,0
2022-11-24 15:04:23,14768,14768,14768,10,0
2022-11-24 15:04:29,14768,14768,14768,2,0
2022-11-24 15:04:29,14768,14768,14768,2,0
2022-11-24 15:04:29,14768,14768,14768,2,0
2022-11-24 15:04:29,14768,14768,14768,2,0
2022-11-24 15:04:29,14768,14768,14768,2,0
2022-11-24 15:04:29,14768,14768,14768,2,0
2022-11-24 15:04:29,14767,14767,14767,2,-2
2022-11-24 15:04:39,14768,14768,14768,2,2
2022-11-24 15:04:40,14768,14768,14768,2,0
2022-11-24 15:04:43,14768,14768,14768,2,0
2022-11-24 15:04:43,14768,14768,14768,2,0
2022-11-24 15:04:43,14767,14767,14767,2,-2
2022-11-24 15:04:54,14768,14768,14768,2,2
2022-11-24 15:04:55,14768,14768,14768,2,0
2022-11-24 15:05:03,14769,14769,14769,4,4
2022-11-24 15:05:03,14768,14768,14768,2,-2
2022-11-24 15:05:03,14767,14767,14767,2,-2
2022-11-24 15:05:03,14767,14767,14767,2,0
2022-11-24 15:05:03,14767,14767,14767,2,0
2022-11-24 15:05:03,14767,14767,14767,2,0
2022-11-24 15:05:03,14767,14767,14767,2,0
2022-11-24 15:05:03,14767,14767,14767,2,0
2022-11-24 15:05:03,14767,14767,14767,2,0
2022-11-24 15:05:03,14767,14767,14767,2,0
2022-11-24 15:05:03,14767,14767,14767,2,0
2022-11-24 15:05:03,14767,14767,14767,2,0
2022-11-24 15:05:03,14767,14767,14767,2,0
2022-11-24 15:05:03,14767,14767,14767,2,0
2022-11-24 15:05:04,14767,14767,14767,2,0
2022-11-24 15:05:10,14769,14769,14769,2,2
2022-11-24 15:05:12,14770,14770,14770,2,2
2022-11-24 15:05:16,14770,14770,14770,10,0
2022-11-24 15:05:17,14768,14768,14768,2,-2
2022-11-24 15:05:17,14768,14768,14768,2,0
2022-11-24 15:05:17,14768,14768,14768,2,0
2022-11-24 15:05:22,14769,14769,14769,2,2
2022-11-24 15:05:22,14770,14770,14770,8,8
2022-11-24 15:05:28,14770,14770,14770,8,0
2022-11-24 15:05:31,14770,14770,14770,2,0
2022-11-24 15:05:31,14770,14770,14770,2,0
2022-11-24 15:05:31,14769,14769,14769,2,-2
2022-11-24 15:05:45,14769,14769,14769,2,0
2022-11-24 15:05:49,14770,14770,14770,8,8
2022-11-24 15:05:49,14769,14769,14769,2,-2
2022-11-24 15:05:49,14769,14769,14769,2,0
2022-11-24 15:05:49,14768,14768,14768,2,-2
2022-11-24 15:05:59,14769,14769,14769,2,2
2022-11-24 15:05:59,14769,14769,14769,2,0
2022-11-24 15:05:59,14768,14768,14768,2,-2
2022-11-24 15:05:59,14768,14768,14768,2,0
2022-11-24 15:06:00,14769,14769,14769,2,2
2022-11-24 15:06:08,14770,14770,14770,8,8
2022-11-24 15:06:08,14771,14771,14771,4,4
2022-11-24 15:06:09,14771,14771,14771,2,0
2022-11-24 15:06:09,14770,14770,14770,2,-2
2022-11-24 15:06:09,14769,14769,14769,2,-2
2022-11-24 15:06:09,14769,14769,14769,2,0
2022-11-24 15:06:20,14770,14770,14770,2,2
2022-11-24 15:06:21,14770,14770,14770,2,0
2022-11-24 15:06:21,14769,14769,14769,2,-2
2022-11-24 15:06:29,14771,14771,14771,10,10
2022-11-24 15:06:38,14771,14771,14771,2,0
2022-11-24 15:06:38,14770,14770,14770,2,-2
2022-11-24 15:06:38,14770,14770,14770,2,0
2022-11-24 15:06:46,14771,14771,14771,2,2
2022-11-24 15:06:48,14771,14771,14771,4,0
2022-11-24 15:06:51,14771,14771,14771,2,0
2022-11-24 15:06:51,14771,14771,14771,2,0
2022-11-24 15:06:55,14771,14771,14771,2,0
2022-11-24 15:06:55,14772,14772,14772,4,4
2022-11-24 15:06:55,14772,14772,14772,2,0
2022-11-24 15:06:57,14772,14772,14772,2,0
2022-11-24 15:06:57,14771,14771,14771,2,-2
2022-11-24 15:06:58,14772,14772,14772,2,2
2022-11-24 15:07:00,14772,14772,14772,6,0
2022-11-24 15:07:03,14773,14773,14773,10,10
2022-11-24 15:07:03,14773,14773,14773,2,0
2022-11-24 15:07:07,14773,14773,14773,2,0
2022-11-24 15:07:07,14773,14773,14773,2,0
2022-11-24 15:07:09,14773,14773,14773,4,0
2022-11-24 15:07:09,14773,14773,14773,2,0
2022-11-24 15:07:10,14773,14773,14773,2,0
2022-11-24 15:07:12,14773,14773,14773,2,0
2022-11-24 15:07:12,14773,14773,14773,2,0
2022-11-24 15:07:14,14773,14773,14773,4,0
2022-11-24 15:07:15,14773,14773,14773,6,0
2022-11-24 15:07:20,14774,14774,14774,2,2
2022-11-24 15:07:21,14773,14773,14773,2,-2
2022-11-24 15:07:22,14773,14773,14773,4,0
2022-11-24 15:07:22,14773,14773,14773,4,0
2022-11-24 15:07:22,14774,14774,14774,2,2
2022-11-24 15:07:27,14774,14774,14774,2,0
2022-11-24 15:07:29,14774,14774,14774,10,0
2022-11-24 15:07:31,14774,14774,14774,10,0
2022-11-24 15:07:32,14774,14774,14774,2,0
2022-11-24 15:07:34,14774,14774,14774,8,0
2022-11-24 15:07:36,14774,14774,14774,2,0
2022-11-24 15:07:37,14774,14774,14774,2,0
2022-11-24 15:07:37,14774,14774,14774,4,0
2022-11-24 15:07:39,14774,14774,14774,2,0
2022-11-24 15:07:42,14774,14774,14774,2,0
2022-11-24 15:07:44,14774,14774,14774,2,0
2022-11-24 15:07:45,14774,14774,14774,2,0
2022-11-24 15:07:45,14774,14774,14774,2,0
2022-11-24 15:07:45,14774,14774,14774,10,0
2022-11-24 15:07:45,14774,14774,14774,4,0
2022-11-24 15:07:45,14774,14774,14774,4,0
2022-11-24 15:07:45,14774,14774,14774,6,0
2022-11-24 15:07:45,14774,14774,14774,62,0
2022-11-24 15:07:45,14775,14775,14775,36,36
2022-11-24 15:07:45,14776,14776,14776,10,10
2022-11-24 15:07:46,14775,14775,14775,2,-2
2022-11-24 15:07:46,14775,14775,14775,2,0
2022-11-24 15:07:46,14775,14775,14775,2,0
2022-11-24 15:07:46,14774,14774,14774,2,-2
2022-11-24 15:07:46,14774,14774,14774,2,0
2022-11-24 15:07:46,14774,14774,14774,2,0
2022-11-24 15:07:46,14774,14774,14774,2,0
2022-11-24 15:07:46,14774,14774,14774,2,0
2022-11-24 15:07:46,14774,14774,14774,2,0
2022-11-24 15:07:47,14774,14774,14774,2,0
2022-11-24 15:07:53,14775,14775,14775,20,20
2022-11-24 15:07:53,14776,14776,14776,20,20
2022-11-24 15:08:00,14775,14775,14775,2,-2
2022-11-24 15:08:00,14775,14775,14775,2,0
2022-11-24 15:08:02,14775,14775,14775,2,0
2022-11-24 15:08:03,14775,14775,14775,2,0
2022-11-24 15:08:06,14774,14774,14774,2,-2
2022-11-24 15:08:06,14774,14774,14774,2,0
2022-11-24 15:08:06,14774,14774,14774,2,0
2022-11-24 15:08:06,14774,14774,14774,8,0
2022-11-24 15:08:06,14774,14774,14774,2,0
2022-11-24 15:08:06,14774,14774,14774,2,0
2022-11-24 15:08:06,14774,14774,14774,2,0
2022-11-24 15:08:06,14774,14774,14774,2,0
2022-11-24 15:08:06,14774,14774,14774,2,0
2022-11-24 15:08:06,14774,14774,14774,2,0
2022-11-24 15:08:06,14774,14774,14774,2,0
2022-11-24 15:08:06,14774,14774,14774,4,0
2022-11-24 15:08:06,14774,14774,14774,2,0
2022-11-24 15:08:06,14773,14773,14773,6,-6
2022-11-24 15:08:06,14773,14773,14773,44,0
2022-11-24 15:08:06,14773,14773,14773,2,0
2022-11-24 15:08:06,14773,14773,14773,2,0
2022-11-24 15:08:06,14773,14773,14773,2,0
2022-11-24 15:08:06,14773,14773,14773,8,0
2022-11-24 15:08:06,14773,14773,14773,8,0
2022-11-24 15:08:06,14773,14773,14773,4,0
2022-11-24 15:08:06,14773,14773,14773,2,0
2022-11-24 15:08:06,14773,14773,14773,2,0
2022-11-24 15:08:06,14773,14773,14773,2,0
2022-11-24 15:08:07,14773,14773,14773,2,0
2022-11-24 15:08:07,14773,14773,14773,2,0
2022-11-24 15:08:08,14773,14773,14773,2,0
2022-11-24 15:08:10,14773,14773,14773,2,0
2022-11-24 15:08:12,14773,14773,14773,16,0
2022-11-24 15:08:12,14773,14773,14773,2,0
2022-11-24 15:08:14,14774,14774,14774,2,2
2022-11-24 15:08:20,14774,14774,14774,2,0
2022-11-24 15:08:22,14773,14773,14773,2,-2
2022-11-24 15:08:22,14773,14773,14773,4,0
2022-11-24 15:08:22,14773,14773,14773,2,0
2022-11-24 15:08:22,14773,14773,14773,2,0
2022-11-24 15:08:24,14773,14773,14773,2,0
2022-11-24 15:08:27,14774,14774,14774,2,2
2022-11-24 15:08:29,14774,14774,14774,2,0
2022-11-24 15:08:38,14775,14775,14775,2,2
2022-11-24 15:09:00,14775,14775,14775,2,0
2022-11-24 15:09:00,14775,14775,14775,2,0
2022-11-24 15:09:01,14775,14775,14775,2,0
2022-11-24 15:09:02,14775,14775,14775,2,0
2022-11-24 15:09:05,14774,14774,14774,2,-2
2022-11-24 15:09:05,14775,14775,14775,2,2
2022-11-24 15:09:09,14775,14775,14775,2,0
2022-11-24 15:09:11,14775,14775,14775,2,0
2022-11-24 15:09:11,14775,14775,14775,4,0
2022-11-24 15:09:11,14775,14775,14775,2,0
2022-11-24 15:09:11,14775,14775,14775,2,0
2022-11-24 15:09:11,14775,14775,14775,2,0
2022-11-24 15:09:14,14776,14776,14776,2,2
2022-11-24 15:09:18,14776,14776,14776,14,0
2022-11-24 15:09:18,14777,14777,14777,22,22
2022-11-24 15:09:18,14778,14778,14778,4,4
2022-11-24 15:09:18,14778,14778,14778,12,0
2022-11-24 15:09:18,14778,14778,14778,32,0
2022-11-24 15:09:18,14779,14779,14779,4,4
2022-11-24 15:09:18,14779,14779,14779,4,0
2022-11-24 15:09:18,14779,14779,14779,2,0
2022-11-24 15:09:18,14779,14779,14779,16,0
2022-11-24 15:09:18,14780,14780,14780,2,2
2022-11-24 15:09:18,14780,14780,14780,2,0
2022-11-24 15:09:18,14780,14780,14780,8,0
2022-11-24 15:09:18,14780,14780,14780,14,0
2022-11-24 15:09:18,14781,14781,14781,2,2
2022-11-24 15:09:18,14781,14781,14781,2,0
2022-11-24 15:09:18,14780,14780,14780,2,-2
2022-11-24 15:09:18,14781,14781,14781,2,2
2022-11-24 15:09:18,14781,14781,14781,2,0
2022-11-24 15:09:18,14781,14781,14781,2,0
2022-11-24 15:09:18,14781,14781,14781,2,0
2022-11-24 15:09:19,14780,14780,14780,4,-4
2022-11-24 15:09:19,14780,14780,14780,2,0
2022-11-24 15:09:19,14780,14780,14780,2,0
2022-11-24 15:09:20,14779,14779,14779,4,-4
2022-11-24 15:09:23,14779,14779,14779,2,0
2022-11-24 15:09:23,14778,14778,14778,2,-2
2022-11-24 15:09:27,14780,14780,14780,4,4
2022-11-24 15:09:28,14780,14780,14780,2,0
2022-11-24 15:09:32,14779,14779,14779,8,-8
2022-11-24 15:09:35,14779,14779,14779,2,0
2022-11-24 15:09:37,14779,14779,14779,2,0
2022-11-24 15:09:40,14779,14779,14779,4,0
2022-11-24 15:09:41,14779,14779,14779,6,0
2022-11-24 15:09:42,14779,14779,14779,2,0
2022-11-24 15:09:43,14779,14779,14779,4,0
2022-11-24 15:09:43,14779,14779,14779,2,0
2022-11-24 15:09:45,14779,14779,14779,2,0
2022-11-24 15:09:45,14779,14779,14779,2,0
2022-11-24 15:09:47,14779,14779,14779,2,0
2022-11-24 15:09:49,14779,14779,14779,4,0
2022-11-24 15:09:49,14780,14780,14780,8,8
2022-11-24 15:09:51,14779,14779,14779,2,-2
2022-11-24 15:09:55,14779,14779,14779,2,0
2022-11-24 15:09:58,14779,14779,14779,2,0
2022-11-24 15:10:00,14780,14780,14780,18,18
2022-11-24 15:10:03,14780,14780,14780,2,0
2022-11-24 15:10:03,14780,14780,14780,2,0
2022-11-24 15:10:05,14780,14780,14780,2,0
2022-11-24 15:10:05,14780,14780,14780,2,0
2022-11-24 15:10:07,14780,14780,14780,2,0
2022-11-24 15:10:12,14780,14780,14780,2,0
2022-11-24 15:10:12,14780,14780,14780,2,0
2022-11-24 15:10:18,14780,14780,14780,2,0
2022-11-24 15:10:21,14780,14780,14780,2,0
2022-11-24 15:10:23,14779,14779,14779,2,-2
2022-11-24 15:10:23,14779,14779,14779,2,0
2022-11-24 15:10:25,14780,14780,14780,2,2
2022-11-24 15:10:25,14779,14779,14779,2,-2
2022-11-24 15:10:29,14779,14779,14779,4,0
2022-11-24 15:10:29,14779,14779,14779,2,0
2022-11-24 15:10:29,14779,14779,14779,2,0
2022-11-24 15:10:29,14779,14779,14779,2,0
2022-11-24 15:10:29,14779,14779,14779,6,0
2022-11-24 15:10:29,14779,14779,14779,2,0
2022-11-24 15:10:29,14779,14779,14779,2,0
2022-11-24 15:10:29,14779,14779,14779,4,0
2022-11-24 15:10:29,14779,14779,14779,2,0
2022-11-24 15:10:29,14779,14779,14779,2,0
2022-11-24 15:10:29,14779,14779,14779,10,0
2022-11-24 15:10:29,14779,14779,14779,2,0
2022-11-24 15:10:32,14779,14779,14779,2,0
2022-11-24 15:10:35,14778,14778,14778,2,-2
2022-11-24 15:10:35,14778,14778,14778,4,0
2022-11-24 15:10:35,14778,14778,14778,2,0
2022-11-24 15:10:35,14778,14778,14778,2,0
2022-11-24 15:10:35,14778,14778,14778,4,0
2022-11-24 15:10:35,14778,14778,14778,2,0
2022-11-24 15:10:35,14778,14778,14778,2,0
2022-11-24 15:10:35,14778,14778,14778,2,0
2022-11-24 15:10:35,14778,14778,14778,2,0
2022-11-24 15:10:35,14778,14778,14778,2,0
2022-11-24 15:10:35,14778,14778,14778,2,0
2022-11-24 15:10:35,14778,14778,14778,2,0
2022-11-24 15:10:35,14778,14778,14778,2,0
2022-11-24 15:10:36,14777,14777,14777,2,-2
2022-11-24 15:10:37,14777,14777,14777,2,0
2022-11-24 15:10:37,14777,14777,14777,2,0
2022-11-24 15:10:37,14777,14777,14777,2,0
2022-11-24 15:10:37,14777,14777,14777,4,0
2022-11-24 15:10:37,14777,14777,14777,2,0
2022-11-24 15:10:40,14776,14776,14776,2,-2
2022-11-24 15:10:40,14776,14776,14776,2,0
2022-11-24 15:10:40,14776,14776,14776,2,0
2022-11-24 15:10:40,14776,14776,14776,2,0
2022-11-24 15:10:43,14775,14775,14775,2,-2
2022-11-24 15:10:43,14775,14775,14775,4,0
2022-11-24 15:10:43,14774,14774,14774,2,-2
2022-11-24 15:10:44,14774,14774,14774,2,0
2022-11-24 15:10:45,14774,14774,14774,2,0
2022-11-24 15:10:45,14774,14774,14774,2,0
2022-11-24 15:10:45,14774,14774,14774,2,0
2022-11-24 15:10:45,14774,14774,14774,2,0
2022-11-24 15:10:45,14774,14774,14774,2,0
2022-11-24 15:10:47,14775,14775,14775,2,2
2022-11-24 15:10:49,14775,14775,14775,2,0
2022-11-24 15:10:54,14777,14777,14777,2,2
2022-11-24 15:10:55,14777,14777,14777,2,0
2022-11-24 15:10:57,14775,14775,14775,2,-2
2022-11-24 15:11:01,14776,14776,14776,2,2
2022-11-24 15:11:02,14776,14776,14776,2,0
2022-11-24 15:11:03,14776,14776,14776,2,0
2022-11-24 15:11:16,14775,14775,14775,2,-2
2022-11-24 15:11:19,14775,14775,14775,2,0
2022-11-24 15:11:19,14776,14776,14776,2,2
2022-11-24 15:11:20,14775,14775,14775,2,-2
2022-11-24 15:11:22,14775,14775,14775,2,0
2022-11-24 15:11:24,14775,14775,14775,2,0
2022-11-24 15:11:24,14775,14775,14775,2,0
2022-11-24 15:11:24,14775,14775,14775,2,0
2022-11-24 15:11:26,14774,14774,14774,4,-4
2022-11-24 15:11:26,14774,14774,14774,2,0
2022-11-24 15:11:26,14774,14774,14774,4,0
2022-11-24 15:11:26,14774,14774,14774,2,0
2022-11-24 15:11:26,14774,14774,14774,2,0
2022-11-24 15:11:26,14774,14774,14774,6,0
2022-11-24 15:11:26,14774,14774,14774,2,0
2022-11-24 15:11:26,14774,14774,14774,2,0
2022-11-24 15:11:27,14774,14774,14774,2,0
2022-11-24 15:11:27,14774,14774,14774,4,0
2022-11-24 15:11:28,14774,14774,14774,4,0
2022-11-24 15:11:30,14773,14773,14773,2,-2
2022-11-24 15:11:42,14773,14773,14773,2,0
2022-11-24 15:11:55,14774,14774,14774,2,2
2022-11-24 15:11:58,14774,14774,14774,2,0
2022-11-24 15:11:59,14773,14773,14773,2,-2
2022-11-24 15:11:59,14773,14773,14773,2,0
2022-11-24 15:11:59,14773,14773,14773,2,0
2022-11-24 15:11:59,14773,14773,14773,2,0
2022-11-24 15:11:59,14773,14773,14773,2,0
2022-11-24 15:12:00,14773,14773,14773,2,0
2022-11-24 15:12:00,14773,14773,14773,2,0
2022-11-24 15:12:00,14773,14773,14773,2,0
2022-11-24 15:12:00,14772,14772,14772,2,-2
2022-11-24 15:12:00,14772,14772,14772,2,0
2022-11-24 15:12:00,14774,14774,14774,4,4
2022-11-24 15:12:04,14772,14772,14772,2,-2
2022-11-24 15:12:04,14772,14772,14772,2,0
2022-11-24 15:12:05,14773,14773,14773,2,2
2022-11-24 15:12:07,14772,14772,14772,4,-4
2022-11-24 15:12:07,14772,14772,14772,2,0
2022-11-24 15:12:07,14772,14772,14772,4,0
2022-11-24 15:12:07,14772,14772,14772,2,0
2022-11-24 15:12:07,14772,14772,14772,2,0
2022-11-24 15:12:07,14772,14772,14772,4,0
2022-11-24 15:12:11,14771,14771,14771,2,-2
2022-11-24 15:12:12,14771,14771,14771,2,0
2022-11-24 15:12:12,14771,14771,14771,2,0
2022-11-24 15:12:12,14771,14771,14771,2,0
2022-11-24 15:12:12,14771,14771,14771,2,0
2022-11-24 15:12:12,14772,14772,14772,2,2
2022-11-24 15:12:14,14772,14772,14772,2,0
2022-11-24 15:12:14,14772,14772,14772,4,0
2022-11-24 15:12:14,14772,14772,14772,4,0
2022-11-24 15:12:14,14772,14772,14772,2,0
2022-11-24 15:12:14,14772,14772,14772,2,0
2022-11-24 15:12:17,14771,14771,14771,2,-2
2022-11-24 15:12:17,14771,14771,14771,2,0
2022-11-24 15:12:18,14771,14771,14771,2,0
2022-11-24 15:12:22,14771,14771,14771,2,0
2022-11-24 15:12:22,14771,14771,14771,2,0
2022-11-24 15:12:22,14771,14771,14771,6,0
2022-11-24 15:12:22,14771,14771,14771,2,0
2022-11-24 15:12:22,14771,14771,14771,2,0
2022-11-24 15:12:22,14771,14771,14771,4,0
2022-11-24 15:12:22,14771,14771,14771,2,0
2022-11-24 15:12:22,14771,14771,14771,2,0
2022-11-24 15:12:24,14771,14771,14771,2,0
2022-11-24 15:12:24,14771,14771,14771,2,0
2022-11-24 15:12:24,14771,14771,14771,4,0
2022-11-24 15:12:26,14770,14770,14770,2,-2
2022-11-24 15:12:26,14770,14770,14770,2,0
2022-11-24 15:12:26,14770,14770,14770,2,0
2022-11-24 15:12:26,14770,14770,14770,4,0
2022-11-24 15:12:26,14770,14770,14770,2,0
2022-11-24 15:12:26,14770,14770,14770,2,0
2022-11-24 15:12:28,14770,14770,14770,2,0
2022-11-24 15:12:28,14770,14770,14770,2,0
2022-11-24 15:12:28,14770,14770,14770,2,0
2022-11-24 15:12:28,14770,14770,14770,2,0
2022-11-24 15:12:28,14770,14770,14770,2,0
2022-11-24 15:12:28,14770,14770,14770,2,0
2022-11-24 15:12:28,14770,14770,14770,2,0
2022-11-24 15:12:28,14770,14770,14770,4,0
2022-11-24 15:12:28,14770,14770,14770,6,0
2022-11-24 15:12:31,14771,14771,14771,12,12
2022-11-24 15:12:31,14771,14771,14771,2,0
2022-11-24 15:12:31,14771,14771,14771,2,0
2022-11-24 15:12:33,14771,14771,14771,2,0
2022-11-24 15:12:33,14771,14771,14771,2,0
2022-11-24 15:12:36,14772,14772,14772,2,2
2022-11-24 15:12:39,14771,14771,14771,2,-2
2022-11-24 15:12:41,14771,14771,14771,2,0
2022-11-24 15:12:41,14771,14771,14771,2,0
2022-11-24 15:12:41,14771,14771,14771,2,0
2022-11-24 15:12:42,14771,14771,14771,2,0
2022-11-24 15:12:42,14771,14771,14771,2,0
2022-11-24 15:12:43,14772,14772,14772,2,2
2022-11-24 15:12:45,14771,14771,14771,2,-2
2022-11-24 15:12:49,14771,14771,14771,2,0
2022-11-24 15:12:49,14772,14772,14772,4,4
2022-11-24 15:12:49,14772,14772,14772,2,0
2022-11-24 15:12:50,14772,14772,14772,2,0
2022-11-24 15:12:52,14772,14772,14772,2,0
2022-11-24 15:12:52,14772,14772,14772,6,0
2022-11-24 15:12:58,14773,14773,14773,2,2
2022-11-24 15:13:06,14772,14772,14772,2,-2
2022-11-24 15:13:08,14773,14773,14773,2,2
2022-11-24 15:13:18,14772,14772,14772,2,-2
2022-11-24 15:13:27,14773,14773,14773,2,2
2022-11-24 15:13:30,14772,14772,14772,2,-2
2022-11-24 15:13:42,14773,14773,14773,2,2
2022-11-24 15:14:09,14772,14772,14772,2,-2
2022-11-24 15:14:09,14772,14772,14772,2,0
2022-11-24 15:14:09,14772,14772,14772,4,0
2022-11-24 15:14:09,14772,14772,14772,2,0
2022-11-24 15:14:10,14772,14772,14772,2,0
2022-11-24 15:14:10,14773,14773,14773,2,2
2022-11-24 15:14:10,14773,14773,14773,2,0
2022-11-24 15:14:11,14773,14773,14773,2,0
2022-11-24 15:14:11,14773,14773,14773,6,0
2022-11-24 15:14:17,14773,14773,14773,2,0
2022-11-24 15:14:22,14773,14773,14773,2,0
2022-11-24 15:14:26,14773,14773,14773,2,0
2022-11-24 15:14:26,14773,14773,14773,6,0
2022-11-24 15:14:28,14775,14775,14775,8,8
2022-11-24 15:14:28,14775,14775,14775,24,0
2022-11-24 15:14:28,14775,14775,14775,8,0
2022-11-24 15:14:28,14775,14775,14775,2,0
2022-11-24 15:14:28,14775,14775,14775,4,0
2022-11-24 15:14:32,14775,14775,14775,10,0
2022-11-24 15:14:37,14775,14775,14775,4,0
2022-11-24 15:14:45,14775,14775,14775,2,0
2022-11-24 15:14:46,14775,14775,14775,2,0
2022-11-24 15:15:05,14774,14774,14774,2,-2
2022-11-24 15:15:09,14776,14776,14776,6,6
2022-11-24 15:15:15,14776,14776,14776,2,0
2022-11-24 15:15:33,14777,14777,14777,2,2
2022-11-24 15:15:49,14777,14777,14777,4,0
2022-11-24 15:15:50,14775,14775,14775,2,-2
2022-11-24 15:16:05,14776,14776,14776,2,2
2022-11-24 15:16:05,14776,14776,14776,2,0
2022-11-24 15:16:05,14778,14778,14778,2,2
2022-11-24 15:16:05,14778,14778,14778,2,0
2022-11-24 15:16:05,14778,14778,14778,2,0
2022-11-24 15:16:11,14777,14777,14777,2,-2
2022-11-24 15:16:12,14777,14777,14777,2,0
2022-11-24 15:16:12,14777,14777,14777,2,0
2022-11-24 15:16:17,14778,14778,14778,2,2
2022-11-24 15:16:20,14778,14778,14778,2,0
2022-11-24 15:16:20,14778,14778,14778,2,0
2022-11-24 15:16:20,14778,14778,14778,2,0
2022-11-24 15:16:20,14778,14778,14778,2,0
2022-11-24 15:16:20,14778,14778,14778,2,0
2022-11-24 15:16:33,14778,14778,14778,14,0
2022-11-24 15:16:42,14778,14778,14778,2,0
2022-11-24 15:16:50,14778,14778,14778,2,0
2022-11-24 15:16:51,14778,14778,14778,2,0
2022-11-24 15:16:54,14777,14777,14777,2,-2
2022-11-24 15:17:11,14777,14777,14777,2,0
2022-11-24 15:17:14,14777,14777,14777,2,0
2022-11-24 15:17:19,14778,14778,14778,20,20
2022-11-24 15:17:19,14779,14779,14779,46,46
2022-11-24 15:17:19,14779,14779,14779,4,0
2022-11-24 15:17:19,14779,14779,14779,2,0
2022-11-24 15:17:19,14779,14779,14779,2,0
2022-11-24 15:17:19,14779,14779,14779,2,0
2022-11-24 15:17:19,14779,14779,14779,2,0
2022-11-24 15:17:21,14779,14779,14779,2,0
2022-11-24 15:17:22,14778,14778,14778,2,-2
2022-11-24 15:17:27,14779,14779,14779,2,2
2022-11-24 15:17:36,14779,14779,14779,2,0
2022-11-24 15:17:37,14779,14779,14779,2,0
2022-11-24 15:17:39,14779,14779,14779,4,0
2022-11-24 15:17:39,14779,14779,14779,2,0
2022-11-24 15:17:41,14779,14779,14779,2,0
2022-11-24 15:17:46,14779,14779,14779,2,0
2022-11-24 15:17:46,14779,14779,14779,2,0
2022-11-24 15:17:47,14779,14779,14779,2,0
2022-11-24 15:17:48,14779,14779,14779,2,0
2022-11-24 15:17:48,14779,14779,14779,2,0
2022-11-24 15:17:48,14780,14780,14780,2,2
2022-11-24 15:17:51,14780,14780,14780,4,0
2022-11-24 15:17:52,14779,14779,14779,2,-2
2022-11-24 15:17:57,14779,14779,14779,2,0
2022-11-24 15:18:08,14779,14779,14779,2,0
2022-11-24 15:18:10,14779,14779,14779,2,0
2022-11-24 15:18:11,14779,14779,14779,2,0
2022-11-24 15:18:13,14779,14779,14779,2,0
2022-11-24 15:18:13,14779,14779,14779,2,0
2022-11-24 15:18:16,14779,14779,14779,2,0
2022-11-24 15:18:18,14779,14779,14779,2,0
2022-11-24 15:18:18,14779,14779,14779,2,0
2022-11-24 15:18:18,14779,14779,14779,2,0
2022-11-24 15:18:18,14779,14779,14779,2,0
2022-11-24 15:18:19,14779,14779,14779,2,0
2022-11-24 15:18:24,14779,14779,14779,2,0
2022-11-24 15:18:27,14778,14778,14778,2,-2
2022-11-24 15:18:30,14778,14778,14778,2,0
2022-11-24 15:18:30,14778,14778,14778,2,0
2022-11-24 15:18:30,14778,14778,14778,2,0
2022-11-24 15:18:30,14778,14778,14778,2,0
2022-11-24 15:18:30,14778,14778,14778,2,0
2022-11-24 15:18:30,14778,14778,14778,2,0
2022-11-24 15:18:30,14778,14778,14778,2,0
2022-11-24 15:18:33,14777,14777,14777,10,-10
2022-11-24 15:18:33,14777,14777,14777,2,0
2022-11-24 15:18:33,14777,14777,14777,2,0
2022-11-24 15:18:34,14777,14777,14777,2,0
2022-11-24 15:18:37,14776,14776,14776,2,-2
2022-11-24 15:18:38,14777,14777,14777,2,2
2022-11-24 15:18:48,14775,14775,14775,2,-2
2022-11-24 15:18:48,14775,14775,14775,2,0
2022-11-24 15:18:48,14775,14775,14775,2,0
2022-11-24 15:18:48,14775,14775,14775,4,0
2022-11-24 15:18:53,14775,14775,14775,2,0
2022-11-24 15:18:53,14775,14775,14775,2,0
2022-11-24 15:18:54,14775,14775,14775,2,0
2022-11-24 15:18:55,14775,14775,14775,4,0
2022-11-24 15:18:58,14775,14775,14775,22,0
2022-11-24 15:18:58,14775,14775,14775,4,0
2022-11-24 15:19:00,14774,14774,14774,2,-2
2022-11-24 15:19:00,14773,14773,14773,2,-2
2022-11-24 15:19:00,14773,14773,14773,2,0
2022-11-24 15:19:00,14773,14773,14773,2,0
2022-11-24 15:19:00,14773,14773,14773,2,0
2022-11-24 15:19:00,14773,14773,14773,2,0
2022-11-24 15:19:00,14773,14773,14773,2,0
2022-11-24 15:19:00,14773,14773,14773,4,0
2022-11-24 15:19:00,14773,14773,14773,2,0
2022-11-24 15:19:00,14773,14773,14773,6,0
2022-11-24 15:19:00,14773,14773,14773,2,0
2022-11-24 15:19:00,14773,14773,14773,2,0
2022-11-24 15:19:00,14773,14773,14773,2,0
2022-11-24 15:19:03,14774,14774,14774,12,12
2022-11-24 15:19:05,14774,14774,14774,2,0
2022-11-24 15:19:07,14775,14775,14775,2,2
2022-11-24 15:19:12,14775,14775,14775,2,0
2022-11-24 15:19:12,14775,14775,14775,2,0
2022-11-24 15:19:12,14775,14775,14775,2,0
2022-11-24 15:19:18,14775,14775,14775,2,0
2022-11-24 15:19:24,14776,14776,14776,8,8
2022-11-24 15:19:24,14776,14776,14776,4,0
2022-11-24 15:19:29,14776,14776,14776,6,0
2022-11-24 15:19:30,14776,14776,14776,2,0
2022-11-24 15:19:31,14776,14776,14776,8,0
2022-11-24 15:19:35,14776,14776,14776,2,0
2022-11-24 15:19:43,14777,14777,14777,12,12
2022-11-24 15:19:46,14775,14775,14775,2,-2
2022-11-24 15:19:51,14775,14775,14775,4,0
2022-11-24 15:19:51,14775,14775,14775,2,0
2022-11-24 15:19:51,14775,14775,14775,6,0
2022-11-24 15:19:54,14775,14775,14775,2,0
2022-11-24 15:19:58,14774,14774,14774,2,-2
2022-11-24 15:20:08,14774,14774,14774,2,0
2022-11-24 15:20:22,14775,14775,14775,4,4
2022-11-24 15:20:24,14775,14775,14775,10,0
2022-11-24 15:20:24,14775,14775,14775,8,0
2022-11-24 15:20:27,14777,14777,14777,10,10
2022-11-24 15:20:35,14777,14777,14777,6,0
2022-11-24 15:20:37,14778,14778,14778,2,2
2022-11-24 15:20:41,14779,14779,14779,6,6
2022-11-24 15:20:54,14779,14779,14779,2,0
2022-11-24 15:21:05,14779,14779,14779,30,0
2022-11-24 15:21:06,14779,14779,14779,2,0
2022-11-24 15:21:06,14779,14779,14779,2,0
2022-11-24 15:21:14,14780,14780,14780,2,2
2022-11-24 15:21:17,14779,14779,14779,2,-2
2022-11-24 15:21:17,14779,14779,14779,2,0
2022-11-24 15:21:20,14780,14780,14780,2,2
2022-11-24 15:21:20,14780,14780,14780,8,0
2022-11-24 15:21:21,14779,14779,14779,2,-2
2022-11-24 15:21:28,14779,14779,14779,2,0
2022-11-24 15:21:28,14779,14779,14779,2,0
2022-11-24 15:21:28,14779,14779,14779,2,0
2022-11-24 15:21:28,14779,14779,14779,2,0
2022-11-24 15:21:43,14779,14779,14779,2,0
2022-11-24 15:21:45,14779,14779,14779,2,0
2022-11-24 15:21:45,14779,14779,14779,2,0
2022-11-24 15:21:51,14779,14779,14779,2,0
2022-11-24 15:21:55,14779,14779,14779,2,0
2022-11-24 15:21:58,14779,14779,14779,2,0
2022-11-24 15:22:04,14779,14779,14779,2,0
2022-11-24 15:22:04,14779,14779,14779,2,0
2022-11-24 15:22:04,14780,14780,14780,2,2
2022-11-24 15:22:07,14780,14780,14780,68,0
2022-11-24 15:22:07,14780,14780,14780,18,0
2022-11-24 15:22:07,14780,14780,14780,12,0
2022-11-24 15:22:07,14780,14780,14780,4,0
2022-11-24 15:22:07,14780,14780,14780,2,0
2022-11-24 15:22:07,14780,14780,14780,2,0
2022-11-24 15:22:07,14780,14780,14780,2,0
2022-11-24 15:22:07,14780,14780,14780,10,0
2022-11-24 15:22:07,14780,14780,14780,2,0
2022-11-24 15:22:07,14780,14780,14780,8,0
2022-11-24 15:22:07,14780,14780,14780,6,0
2022-11-24 15:22:07,14780,14780,14780,4,0
2022-11-24 15:22:07,14781,14781,14781,8,8
2022-11-24 15:22:08,14782,14782,14782,2,2
2022-11-24 15:22:08,14782,14782,14782,2,0
2022-11-24 15:22:08,14782,14782,14782,2,0
2022-11-24 15:22:08,14783,14783,14783,2,2
2022-11-24 15:22:08,14783,14783,14783,2,0
2022-11-24 15:22:08,14783,14783,14783,2,0
2022-11-24 15:22:08,14783,14783,14783,2,0
2022-11-24 15:22:08,14783,14783,14783,2,0
2022-11-24 15:22:08,14783,14783,14783,2,0
2022-11-24 15:22:08,14783,14783,14783,2,0
2022-11-24 15:22:08,14783,14783,14783,2,0
2022-11-24 15:22:16,14782,14782,14782,2,-2
2022-11-24 15:22:16,14781,14781,14781,6,-6
2022-11-24 15:22:17,14781,14781,14781,4,0
2022-11-24 15:22:22,14782,14782,14782,10,10
2022-11-24 15:22:23,14782,14782,14782,2,0
2022-11-24 15:22:27,14782,14782,14782,2,0
2022-11-24 15:22:30,14782,14782,14782,2,0
2022-11-24 15:22:31,14783,14783,14783,2,2
2022-11-24 15:22:39,14783,14783,14783,2,0
2022-11-24 15:22:50,14783,14783,14783,2,0
2022-11-24 15:22:56,14783,14783,14783,2,0
2022-11-24 15:22:58,14783,14783,14783,2,0
2022-11-24 15:22:58,14783,14783,14783,2,0
2022-11-24 15:23:00,14783,14783,14783,2,0
2022-11-24 15:23:04,14783,14783,14783,2,0
2022-11-24 15:23:05,14783,14783,14783,2,0
2022-11-24 15:23:08,14783,14783,14783,2,0
2022-11-24 15:23:12,14783,14783,14783,2,0
2022-11-24 15:23:17,14783,14783,14783,2,0
2022-11-24 15:23:18,14782,14782,14782,2,-2
2022-11-24 15:23:19,14782,14782,14782,2,0
2022-11-24 15:23:19,14782,14782,14782,2,0
2022-11-24 15:23:19,14782,14782,14782,2,0
2022-11-24 15:23:19,14782,14782,14782,2,0
2022-11-24 15:23:19,14782,14782,14782,6,0
2022-11-24 15:23:19,14782,14782,14782,2,0
2022-11-24 15:23:19,14782,14782,14782,4,0
2022-11-24 15:23:19,14782,14782,14782,6,0
2022-11-24 15:23:19,14782,14782,14782,8,0
2022-11-24 15:23:19,14782,14782,14782,2,0
2022-11-24 15:23:19,14782,14782,14782,2,0
2022-11-24 15:23:19,14782,14782,14782,2,0
2022-11-24 15:23:19,14782,14782,14782,2,0
2022-11-24 15:23:19,14782,14782,14782,2,0
2022-11-24 15:23:19,14782,14782,14782,2,0
2022-11-24 15:23:19,14782,14782,14782,2,0
2022-11-24 15:23:19,14782,14782,14782,2,0
2022-11-24 15:23:21,14782,14782,14782,2,0
2022-11-24 15:23:26,14782,14782,14782,2,0
2022-11-24 15:23:26,14781,14781,14781,2,-2
2022-11-24 15:23:26,14781,14781,14781,2,0
2022-11-24 15:23:26,14781,14781,14781,2,0
2022-11-24 15:23:32,14781,14781,14781,2,0
2022-11-24 15:23:33,14781,14781,14781,2,0
2022-11-24 15:23:38,14782,14782,14782,28,28
2022-11-24 15:23:46,14782,14782,14782,2,0
2022-11-24 15:23:48,14782,14782,14782,2,0
2022-11-24 15:23:57,14783,14783,14783,2,2
2022-11-24 15:24:04,14782,14782,14782,2,-2
2022-11-24 15:24:05,14783,14783,14783,4,4
2022-11-24 15:24:06,14783,14783,14783,12,0
2022-11-24 15:24:11,14784,14784,14784,2,2
2022-11-24 15:24:11,14784,14784,14784,2,0
2022-11-24 15:24:14,14784,14784,14784,2,0
2022-11-24 15:24:18,14784,14784,14784,2,0
2022-11-24 15:24:23,14783,14783,14783,2,-2
2022-11-24 15:24:28,14784,14784,14784,12,12
2022-11-24 15:24:28,14784,14784,14784,2,0
2022-11-24 15:24:28,14784,14784,14784,12,0
2022-11-24 15:24:30,14784,14784,14784,2,0
2022-11-24 15:24:35,14785,14785,14785,2,2
2022-11-24 15:24:35,14785,14785,14785,32,0
2022-11-24 15:24:35,14785,14785,14785,4,0
2022-11-24 15:24:35,14785,14785,14785,2,0
2022-11-24 15:24:35,14785,14785,14785,2,0
2022-11-24 15:24:35,14785,14785,14785,6,0
2022-11-24 15:24:35,14785,14785,14785,12,0
2022-11-24 15:24:35,14786,14786,14786,2,2
2022-11-24 15:24:35,14785,14785,14785,2,-2
2022-11-24 15:24:35,14785,14785,14785,6,0
2022-11-24 15:24:35,14785,14785,14785,2,0
2022-11-24 15:24:35,14785,14785,14785,18,0
2022-11-24 15:24:35,14785,14785,14785,2,0
2022-11-24 15:24:35,14785,14785,14785,2,0
2022-11-24 15:24:35,14785,14785,14785,2,0
2022-11-24 15:24:35,14785,14785,14785,2,0
2022-11-24 15:24:39,14786,14786,14786,2,2
2022-11-24 15:24:39,14785,14785,14785,2,-2
2022-11-24 15:24:39,14785,14785,14785,2,0
2022-11-24 15:24:41,14786,14786,14786,2,2
2022-11-24 15:24:41,14786,14786,14786,2,0
2022-11-24 15:24:42,14786,14786,14786,2,0
2022-11-24 15:24:42,14786,14786,14786,2,0
2022-11-24 15:24:46,14787,14787,14787,2,2
2022-11-24 15:24:47,14787,14787,14787,2,0
2022-11-24 15:24:50,14787,14787,14787,2,0
2022-11-24 15:24:50,14786,14786,14786,2,-2
2022-11-24 15:24:50,14786,14786,14786,2,0
2022-11-24 15:24:50,14785,14785,14785,2,-2
2022-11-24 15:24:51,14786,14786,14786,2,2
2022-11-24 15:24:51,14787,14787,14787,10,10
2022-11-24 15:24:52,14786,14786,14786,2,-2
2022-11-24 15:24:53,14786,14786,14786,2,0
2022-11-24 15:24:53,14786,14786,14786,2,0
2022-11-24 15:24:53,14786,14786,14786,2,0
2022-11-24 15:24:57,14786,14786,14786,4,0
2022-11-24 15:25:00,14785,14785,14785,2,-2
2022-11-24 15:25:00,14785,14785,14785,2,0
2022-11-24 15:25:00,14785,14785,14785,2,0
2022-11-24 15:25:03,14786,14786,14786,10,10
2022-11-24 15:25:03,14786,14786,14786,6,0
2022-11-24 15:25:07,14787,14787,14787,2,2
2022-11-24 15:25:10,14787,14787,14787,10,0
2022-11-24 15:25:19,14787,14787,14787,2,0
2022-11-24 15:25:21,14787,14787,14787,10,0
2022-11-24 15:25:21,14787,14787,14787,2,0
2022-11-24 15:25:22,14786,14786,14786,2,-2
2022-11-24 15:25:22,14786,14786,14786,2,0
2022-11-24 15:25:22,14786,14786,14786,2,0
2022-11-24 15:25:25,14786,14786,14786,2,0
2022-11-24 15:25:29,14786,14786,14786,2,0
2022-11-24 15:25:30,14785,14785,14785,2,-2
2022-11-24 15:25:30,14785,14785,14785,2,0
2022-11-24 15:25:31,14786,14786,14786,4,4
2022-11-24 15:25:43,14786,14786,14786,2,0
2022-11-24 15:25:56,14785,14785,14785,2,-2
2022-11-24 15:25:58,14785,14785,14785,4,0
2022-11-24 15:25:58,14785,14785,14785,2,0
2022-11-24 15:25:59,14785,14785,14785,14,0
2022-11-24 15:25:59,14785,14785,14785,2,0
2022-11-24 15:25:59,14785,14785,14785,2,0
2022-11-24 15:25:59,14785,14785,14785,6,0
2022-11-24 15:25:59,14785,14785,14785,2,0
2022-11-24 15:25:59,14785,14785,14785,2,0
2022-11-24 15:25:59,14785,14785,14785,2,0
2022-11-24 15:25:59,14785,14785,14785,2,0
2022-11-24 15:25:59,14785,14785,14785,2,0
2022-11-24 15:25:59,14785,14785,14785,2,0
2022-11-24 15:25:59,14785,14785,14785,2,0
2022-11-24 15:25:59,14785,14785,14785,2,0
2022-11-24 15:25:59,14784,14784,14784,2,-2
2022-11-24 15:25:59,14784,14784,14784,2,0
2022-11-24 15:25:59,14784,14784,14784,4,0
2022-11-24 15:25:59,14784,14784,14784,2,0
2022-11-24 15:26:00,14783,14783,14783,4,-4
2022-11-24 15:26:00,14783,14783,14783,2,0
2022-11-24 15:26:01,14785,14785,14785,2,2
2022-11-24 15:26:12,14784,14784,14784,2,-2
2022-11-24 15:26:12,14784,14784,14784,8,0
2022-11-24 15:26:12,14785,14785,14785,2,2
2022-11-24 15:26:21,14784,14784,14784,2,-2
2022-11-24 15:26:22,14785,14785,14785,2,2
2022-11-24 15:26:23,14785,14785,14785,2,0
2022-11-24 15:26:24,14784,14784,14784,2,-2
2022-11-24 15:26:27,14785,14785,14785,2,2
2022-11-24 15:26:31,14785,14785,14785,2,0
2022-11-24 15:26:33,14785,14785,14785,2,0
2022-11-24 15:26:33,14785,14785,14785,2,0
2022-11-24 15:26:33,14785,14785,14785,2,0
2022-11-24 15:26:35,14786,14786,14786,2,2
2022-11-24 15:26:37,14785,14785,14785,4,-4
2022-11-24 15:26:37,14785,14785,14785,2,0
2022-11-24 15:26:37,14785,14785,14785,2,0
2022-11-24 15:26:37,14785,14785,14785,2,0
2022-11-24 15:26:37,14785,14785,14785,2,0
2022-11-24 15:26:39,14786,14786,14786,2,2
2022-11-24 15:26:42,14785,14785,14785,2,-2
2022-11-24 15:26:47,14784,14784,14784,2,-2
2022-11-24 15:26:52,14784,14784,14784,2,0
2022-11-24 15:27:01,14784,14784,14784,2,0
2022-11-24 15:27:01,14784,14784,14784,2,0
2022-11-24 15:27:01,14784,14784,14784,2,0
2022-11-24 15:27:04,14783,14783,14783,2,-2
2022-11-24 15:27:13,14784,14784,14784,2,2
2022-11-24 15:27:30,14784,14784,14784,2,0
2022-11-24 15:27:33,14783,14783,14783,2,-2
2022-11-24 15:27:33,14783,14783,14783,2,0
2022-11-24 15:27:37,14784,14784,14784,2,2
2022-11-24 15:27:40,14783,14783,14783,2,-2
2022-11-24 15:27:48,14783,14783,14783,2,0
2022-11-24 15:27:53,14783,14783,14783,2,0
2022-11-24 15:27:57,14784,14784,14784,4,4
2022-11-24 15:28:00,14783,14783,14783,2,-2
2022-11-24 15:28:00,14783,14783,14783,2,0
2022-11-24 15:28:05,14783,14783,14783,2,0
2022-11-24 15:28:06,14784,14784,14784,2,2
2022-11-24 15:28:08,14782,14782,14782,2,-2
2022-11-24 15:28:29,14782,14782,14782,2,0
2022-11-24 15:28:41,14783,14783,14783,8,8
2022-11-24 15:28:43,14784,14784,14784,2,2
2022-11-24 15:28:51,14784,14784,14784,2,0
2022-11-24 15:29:11,14784,14784,14784,2,0
2022-11-24 15:29:17,14784,14784,14784,12,0
2022-11-24 15:29:20,14783,14783,14783,2,-2
2022-11-24 15:29:30,14784,14784,14784,2,2
2022-11-24 15:29:58,14784,14784,14784,2,0
2022-11-24 15:30:00,14783,14783,14783,2,-2
2022-11-24 15:30:00,14783,14783,14783,2,0
2022-11-24 15:30:00,14783,14783,14783,2,0
2022-11-24 15:30:00,14782,14782,14782,2,-2
2022-11-24 15:30:00,14782,14782,14782,2,0
2022-11-24 15:30:00,14782,14782,14782,2,0
2022-11-24 15:30:00,14782,14782,14782,2,0
2022-11-24 15:30:00,14784,14784,14784,4,4
2022-11-24 15:30:03,14784,14784,14784,2,0
2022-11-24 15:30:04,14785,14785,14785,2,2
2022-11-24 15:30:20,14785,14785,14785,4,0
2022-11-24 15:30:30,14785,14785,14785,2,0
2022-11-24 15:30:30,14785,14785,14785,2,0
2022-11-24 15:30:32,14785,14785,14785,2,0
2022-11-24 15:30:34,14786,14786,14786,2,2
2022-11-24 15:30:34,14786,14786,14786,2,0
2022-11-24 15:30:34,14786,14786,14786,2,0
2022-11-24 15:30:34,14786,14786,14786,8,0
2022-11-24 15:30:34,14787,14787,14787,2,2
2022-11-24 15:30:34,14787,14787,14787,8,0
2022-11-24 15:30:35,14788,14788,14788,2,2
2022-11-24 15:30:35,14788,14788,14788,40,0
2022-11-24 15:30:35,14788,14788,14788,10,0
2022-11-24 15:30:35,14787,14787,14787,2,-2
2022-11-24 15:30:35,14789,14789,14789,2,2
2022-11-24 15:30:35,14789,14789,14789,2,0
2022-11-24 15:30:35,14789,14789,14789,2,0
2022-11-24 15:30:35,14789,14789,14789,10,0
2022-11-24 15:30:35,14789,14789,14789,4,0
2022-11-24 15:30:35,14789,14789,14789,2,0
2022-11-24 15:30:35,14789,14789,14789,2,0
2022-11-24 15:30:35,14789,14789,14789,2,0
2022-11-24 15:30:35,14789,14789,14789,4,0
2022-11-24 15:30:35,14789,14789,14789,2,0
2022-11-24 15:30:35,14789,14789,14789,2,0
2022-11-24 15:30:35,14790,14790,14790,2,2
2022-11-24 15:30:35,14790,14790,14790,8,0
2022-11-24 15:30:35,14790,14790,14790,2,0
2022-11-24 15:30:35,14790,14790,14790,4,0
2022-11-24 15:30:35,14790,14790,14790,4,0
2022-11-24 15:30:35,14790,14790,14790,2,0
2022-11-24 15:30:35,14790,14790,14790,4,0
2022-11-24 15:30:35,14790,14790,14790,2,0
2022-11-24 15:30:35,14790,14790,14790,8,0
2022-11-24 15:30:35,14790,14790,14790,2,0
2022-11-24 15:30:35,14790,14790,14790,2,0
2022-11-24 15:30:35,14790,14790,14790,2,0
2022-11-24 15:30:35,14790,14790,14790,2,0
2022-11-24 15:30:35,14790,14790,14790,10,0
2022-11-24 15:30:35,14790,14790,14790,20,0
2022-11-24 15:30:35,14790,14790,14790,2,0
2022-11-24 15:30:35,14790,14790,14790,6,0
2022-11-24 15:30:35,14791,14791,14791,2,2
2022-11-24 15:30:35,14790,14790,14790,2,-2
2022-11-24 15:30:35,14791,14791,14791,2,2
2022-11-24 15:30:35,14791,14791,14791,2,0
2022-11-24 15:30:35,14791,14791,14791,4,0
2022-11-24 15:30:35,14791,14791,14791,10,0
2022-11-24 15:30:35,14792,14792,14792,2,2
2022-11-24 15:30:35,14792,14792,14792,2,0
2022-11-24 15:30:35,14792,14792,14792,2,0
2022-11-24 15:30:35,14792,14792,14792,2,0
2022-11-24 15:30:36,14792,14792,14792,2,0
2022-11-24 15:30:36,14792,14792,14792,2,0
2022-11-24 15:30:36,14792,14792,14792,6,0
2022-11-24 15:30:36,14792,14792,14792,6,0
2022-11-24 15:30:36,14792,14792,14792,2,0
2022-11-24 15:30:36,14792,14792,14792,2,0
2022-11-24 15:30:36,14792,14792,14792,2,0
2022-11-24 15:30:36,14792,14792,14792,2,0
2022-11-24 15:30:36,14792,14792,14792,4,0
2022-11-24 15:30:36,14792,14792,14792,2,0
2022-11-24 15:30:36,14792,14792,14792,2,0
2022-11-24 15:30:36,14792,14792,14792,2,0
2022-11-24 15:30:36,14792,14792,14792,2,0
2022-11-24 15:30:36,14792,14792,14792,2,0
2022-11-24 15:30:36,14791,14791,14791,6,-6
2022-11-24 15:30:36,14791,14791,14791,2,0
2022-11-24 15:30:36,14791,14791,14791,2,0
2022-11-24 15:30:37,14791,14791,14791,2,0
2022-11-24 15:30:37,14790,14790,14790,2,-2
2022-11-24 15:30:40,14790,14790,14790,2,0
2022-11-24 15:30:40,14790,14790,14790,2,0
2022-11-24 15:30:41,14788,14788,14788,2,-2
2022-11-24 15:30:42,14789,14789,14789,2,2
2022-11-24 15:30:44,14789,14789,14789,2,0
2022-11-24 15:30:54,14790,14790,14790,10,10
2022-11-24 15:30:59,14790,14790,14790,2,0
2022-11-24 15:31:00,14790,14790,14790,2,0
2022-11-24 15:31:00,14789,14789,14789,6,-6
2022-11-24 15:31:00,14790,14790,14790,6,6
2022-11-24 15:31:00,14789,14789,14789,2,-2
2022-11-24 15:31:01,14789,14789,14789,2,0
2022-11-24 15:31:04,14791,14791,14791,8,8
2022-11-24 15:31:09,14791,14791,14791,2,0
2022-11-24 15:31:09,14791,14791,14791,2,0
2022-11-24 15:31:09,14792,14792,14792,2,2
2022-11-24 15:31:10,14791,14791,14791,4,-4
2022-11-24 15:31:12,14792,14792,14792,8,8
2022-11-24 15:31:12,14791,14791,14791,2,-2
2022-11-24 15:31:13,14791,14791,14791,2,0
2022-11-24 15:31:13,14791,14791,14791,2,0
2022-11-24 15:31:19,14791,14791,14791,4,0
2022-11-24 15:31:21,14790,14790,14790,2,-2
2022-11-24 15:31:21,14790,14790,14790,2,0
2022-11-24 15:31:21,14790,14790,14790,2,0
2022-11-24 15:31:21,14790,14790,14790,2,0
2022-11-24 15:31:21,14790,14790,14790,2,0
2022-11-24 15:31:25,14789,14789,14789,2,-2
2022-11-24 15:31:25,14789,14789,14789,2,0
2022-11-24 15:31:26,14789,14789,14789,2,0
2022-11-24 15:31:26,14790,14790,14790,2,2
2022-11-24 15:31:30,14790,14790,14790,2,0
2022-11-24 15:31:31,14791,14791,14791,2,2
2022-11-24 15:31:31,14791,14791,14791,2,0
2022-11-24 15:31:32,14790,14790,14790,2,-2
2022-11-24 15:31:33,14790,14790,14790,2,0
2022-11-24 15:31:33,14791,14791,14791,2,2
2022-11-24 15:31:37,14791,14791,14791,4,0
2022-11-24 15:31:37,14791,14791,14791,2,0
2022-11-24 15:31:37,14791,14791,14791,2,0
2022-11-24 15:31:37,14791,14791,14791,4,0
2022-11-24 15:31:41,14791,14791,14791,2,0
2022-11-24 15:31:42,14792,14792,14792,8,8
2022-11-24 15:31:42,14792,14792,14792,12,0
2022-11-24 15:31:42,14792,14792,14792,2,0
2022-11-24 15:31:42,14792,14792,14792,2,0
2022-11-24 15:31:44,14793,14793,14793,6,6
2022-11-24 15:31:44,14793,14793,14793,4,0
2022-11-24 15:31:44,14793,14793,14793,2,0
2022-11-24 15:31:47,14793,14793,14793,2,0
2022-11-24 15:31:48,14791,14791,14791,2,-2
2022-11-24 15:31:48,14791,14791,14791,4,0
2022-11-24 15:31:48,14792,14792,14792,2,2
2022-11-24 15:31:49,14791,14791,14791,2,-2
2022-11-24 15:31:52,14792,14792,14792,4,4
2022-11-24 15:31:54,14790,14790,14790,2,-2
2022-11-24 15:31:56,14791,14791,14791,2,2
2022-11-24 15:31:57,14792,14792,14792,2,2
2022-11-24 15:32:00,14791,14791,14791,2,-2
2022-11-24 15:32:00,14790,14790,14790,2,-2
2022-11-24 15:32:00,14791,14791,14791,2,2
2022-11-24 15:32:02,14792,14792,14792,2,2
2022-11-24 15:32:02,14791,14791,14791,2,-2
2022-11-24 15:32:12,14791,14791,14791,2,0
2022-11-24 15:32:12,14791,14791,14791,2,0
2022-11-24 15:32:13,14791,14791,14791,2,0
2022-11-24 15:32:15,14792,14792,14792,2,2
2022-11-24 15:32:22,14791,14791,14791,2,-2
2022-11-24 15:32:27,14792,14792,14792,2,2
2022-11-24 15:32:27,14791,14791,14791,2,-2
2022-11-24 15:32:28,14791,14791,14791,4,0
2022-11-24 15:32:28,14791,14791,14791,2,0
2022-11-24 15:32:28,14791,14791,14791,2,0
2022-11-24 15:32:28,14791,14791,14791,2,0
2022-11-24 15:32:29,14791,14791,14791,2,0
2022-11-24 15:32:34,14791,14791,14791,12,0
2022-11-24 15:32:35,14790,14790,14790,2,-2
2022-11-24 15:32:37,14792,14792,14792,10,10
2022-11-24 15:32:41,14792,14792,14792,2,0
2022-11-24 15:32:45,14792,14792,14792,2,0
2022-11-24 15:32:46,14792,14792,14792,4,0
2022-11-24 15:32:46,14793,14793,14793,2,2
2022-11-24 15:32:47,14793,14793,14793,2,0
2022-11-24 15:32:53,14793,14793,14793,2,0
2022-11-24 15:32:53,14793,14793,14793,8,0
2022-11-24 15:32:55,14793,14793,14793,2,0
2022-11-24 15:32:55,14792,14792,14792,2,-2
2022-11-24 15:32:56,14793,14793,14793,2,2
2022-11-24 15:32:58,14792,14792,14792,2,-2
2022-11-24 15:32:58,14792,14792,14792,2,0
2022-11-24 15:32:58,14792,14792,14792,2,0
2022-11-24 15:32:58,14793,14793,14793,2,2
2022-11-24 15:32:59,14792,14792,14792,2,-2
2022-11-24 15:32:59,14792,14792,14792,4,0
2022-11-24 15:33:11,14792,14792,14792,6,0
2022-11-24 15:33:11,14792,14792,14792,2,0
2022-11-24 15:33:11,14792,14792,14792,2,0
2022-11-24 15:33:11,14792,14792,14792,2,0
2022-11-24 15:33:11,14792,14792,14792,2,0
2022-11-24 15:33:11,14792,14792,14792,2,0
2022-11-24 15:33:11,14792,14792,14792,2,0
2022-11-24 15:33:11,14792,14792,14792,2,0
2022-11-24 15:33:13,14791,14791,14791,2,-2
2022-11-24 15:33:13,14791,14791,14791,2,0
2022-11-24 15:33:13,14791,14791,14791,4,0
2022-11-24 15:33:14,14790,14790,14790,2,-2
2022-11-24 15:33:20,14790,14790,14790,2,0
2022-11-24 15:33:20,14790,14790,14790,2,0
2022-11-24 15:33:20,14790,14790,14790,2,0
2022-11-24 15:33:20,14790,14790,14790,2,0
2022-11-24 15:33:20,14790,14790,14790,4,0
2022-11-24 15:33:20,14790,14790,14790,6,0
2022-11-24 15:33:20,14790,14790,14790,2,0
2022-11-24 15:33:20,14790,14790,14790,6,0
2022-11-24 15:33:20,14790,14790,14790,10,0
2022-11-24 15:33:20,14790,14790,14790,2,0
2022-11-24 15:33:20,14790,14790,14790,2,0
2022-11-24 15:33:20,14790,14790,14790,2,0
2022-11-24 15:33:20,14790,14790,14790,2,0
2022-11-24 15:33:20,14790,14790,14790,2,0
2022-11-24 15:33:20,14790,14790,14790,2,0
2022-11-24 15:33:20,14790,14790,14790,2,0
2022-11-24 15:33:20,14790,14790,14790,10,0
2022-11-24 15:33:20,14789,14789,14789,2,-2
2022-11-24 15:33:20,14789,14789,14789,2,0
2022-11-24 15:33:20,14789,14789,14789,2,0
2022-11-24 15:33:22,14790,14790,14790,2,2
2022-11-24 15:33:24,14789,14789,14789,2,-2
2022-11-24 15:33:24,14789,14789,14789,2,0
2022-11-24 15:33:24,14789,14789,14789,2,0
2022-11-24 15:33:32,14789,14789,14789,2,0
2022-11-24 15:33:32,14789,14789,14789,2,0
2022-11-24 15:33:35,14789,14789,14789,2,0
2022-11-24 15:33:40,14789,14789,14789,2,0
2022-11-24 15:33:53,14788,14788,14788,4,-4
2022-11-24 15:33:53,14788,14788,14788,2,0
2022-11-24 15:33:53,14788,14788,14788,2,0
2022-11-24 15:33:53,14788,14788,14788,2,0
2022-11-24 15:33:53,14788,14788,14788,2,0
2022-11-24 15:33:53,14788,14788,14788,2,0
2022-11-24 15:33:53,14788,14788,14788,4,0
2022-11-24 15:33:53,14788,14788,14788,2,0
2022-11-24 15:33:53,14788,14788,14788,2,0
2022-11-24 15:33:53,14788,14788,14788,2,0
2022-11-24 15:33:53,14788,14788,14788,2,0
2022-11-24 15:33:53,14788,14788,14788,2,0
2022-11-24 15:33:53,14788,14788,14788,2,0
2022-11-24 15:33:53,14787,14787,14787,2,-2
2022-11-24 15:33:53,14787,14787,14787,2,0
2022-11-24 15:33:53,14787,14787,14787,2,0
2022-11-24 15:33:53,14787,14787,14787,2,0
2022-11-24 15:33:53,14787,14787,14787,2,0
2022-11-24 15:33:53,14787,14787,14787,6,0
2022-11-24 15:33:53,14787,14787,14787,2,0
2022-11-24 15:33:53,14787,14787,14787,2,0
2022-11-24 15:33:53,14787,14787,14787,2,0
2022-11-24 15:33:53,14787,14787,14787,4,0
2022-11-24 15:33:53,14787,14787,14787,2,0
2022-11-24 15:33:53,14787,14787,14787,2,0
2022-11-24 15:33:55,14787,14787,14787,2,0
2022-11-24 15:33:55,14787,14787,14787,2,0
2022-11-24 15:33:55,14787,14787,14787,2,0
2022-11-24 15:33:59,14787,14787,14787,4,0
2022-11-24 15:34:07,14785,14785,14785,2,-2
2022-11-24 15:34:08,14785,14785,14785,4,0
2022-11-24 15:34:08,14785,14785,14785,2,0
2022-11-24 15:34:08,14785,14785,14785,2,0
2022-11-24 15:34:08,14785,14785,14785,2,0
2022-11-24 15:34:08,14785,14785,14785,2,0
2022-11-24 15:34:08,14785,14785,14785,2,0
2022-11-24 15:34:08,14785,14785,14785,2,0
2022-11-24 15:34:08,14785,14785,14785,2,0
2022-11-24 15:34:08,14785,14785,14785,4,0
2022-11-24 15:34:08,14785,14785,14785,2,0
2022-11-24 15:34:09,14785,14785,14785,2,0
2022-11-24 15:34:09,14784,14784,14784,2,-2
2022-11-24 15:34:13,14785,14785,14785,2,2
2022-11-24 15:34:13,14784,14784,14784,2,-2
2022-11-24 15:34:17,14785,14785,14785,12,12
2022-11-24 15:34:18,14785,14785,14785,2,0
2022-11-24 15:34:18,14785,14785,14785,2,0
2022-11-24 15:34:20,14785,14785,14785,2,0
2022-11-24 15:34:21,14787,14787,14787,2,2
2022-11-24 15:34:39,14785,14785,14785,2,-2
2022-11-24 15:34:40,14786,14786,14786,10,10
2022-11-24 15:34:40,14786,14786,14786,2,0
2022-11-24 15:34:40,14786,14786,14786,2,0
2022-11-24 15:34:42,14785,14785,14785,2,-2
2022-11-24 15:34:45,14785,14785,14785,2,0
2022-11-24 15:34:47,14785,14785,14785,2,0
2022-11-24 15:34:52,14785,14785,14785,2,0
2022-11-24 15:34:54,14785,14785,14785,2,0
2022-11-24 15:35:00,14785,14785,14785,2,0
2022-11-24 15:35:00,14785,14785,14785,2,0
2022-11-24 15:35:00,14785,14785,14785,2,0
2022-11-24 15:35:06,14786,14786,14786,4,4
2022-11-24 15:35:06,14787,14787,14787,2,2
2022-11-24 15:35:07,14785,14785,14785,2,-2
2022-11-24 15:35:07,14785,14785,14785,2,0
2022-11-24 15:35:07,14785,14785,14785,2,0
2022-11-24 15:35:07,14786,14786,14786,2,2
2022-11-24 15:35:14,14786,14786,14786,4,0
2022-11-24 15:35:14,14786,14786,14786,2,0
2022-11-24 15:35:14,14785,14785,14785,2,-2
2022-11-24 15:35:28,14785,14785,14785,4,0
2022-11-24 15:35:29,14785,14785,14785,4,0
2022-11-24 15:35:32,14785,14785,14785,2,0
2022-11-24 15:35:34,14785,14785,14785,4,0
2022-11-24 15:35:36,14786,14786,14786,2,2
2022-11-24 15:35:44,14786,14786,14786,2,0
2022-11-24 15:35:48,14786,14786,14786,4,0
2022-11-24 15:35:49,14786,14786,14786,2,0
2022-11-24 15:35:56,14787,14787,14787,4,4
2022-11-24 15:36:11,14787,14787,14787,2,0
2022-11-24 15:36:11,14787,14787,14787,2,0
2022-11-24 15:36:11,14787,14787,14787,2,0
2022-11-24 15:36:11,14787,14787,14787,4,0
2022-11-24 15:36:11,14787,14787,14787,2,0
2022-11-24 15:36:11,14788,14788,14788,2,2
2022-11-24 15:36:11,14788,14788,14788,2,0
2022-11-24 15:36:11,14788,14788,14788,4,0
2022-11-24 15:36:14,14787,14787,14787,2,-2
2022-11-24 15:36:25,14788,14788,14788,2,2
2022-11-24 15:36:28,14787,14787,14787,4,-4
2022-11-24 15:36:33,14787,14787,14787,2,0
2022-11-24 15:36:33,14787,14787,14787,2,0
2022-11-24 15:36:37,14786,14786,14786,2,-2
2022-11-24 15:36:55,14787,14787,14787,2,2
2022-11-24 15:37:00,14786,14786,14786,2,-2
2022-11-24 15:37:04,14786,14786,14786,2,0
2022-11-24 15:37:04,14786,14786,14786,2,0
2022-11-24 15:37:04,14786,14786,14786,4,0
2022-11-24 15:37:04,14786,14786,14786,2,0
2022-11-24 15:37:05,14786,14786,14786,2,0
2022-11-24 15:37:07,14785,14785,14785,2,-2
2022-11-24 15:37:07,14785,14785,14785,2,0
2022-11-24 15:37:07,14785,14785,14785,2,0
2022-11-24 15:37:07,14785,14785,14785,2,0
2022-11-24 15:37:07,14785,14785,14785,2,0
2022-11-24 15:37:07,14784,14784,14784,2,-2
2022-11-24 15:37:07,14784,14784,14784,2,0
2022-11-24 15:37:07,14784,14784,14784,4,0
2022-11-24 15:37:07,14784,14784,14784,6,0
2022-11-24 15:37:07,14784,14784,14784,2,0
2022-11-24 15:37:09,14783,14783,14783,2,-2
2022-11-24 15:37:11,14783,14783,14783,2,0
2022-11-24 15:37:18,14783,14783,14783,2,0
2022-11-24 15:37:18,14784,14784,14784,2,2
2022-11-24 15:37:19,14783,14783,14783,2,-2
2022-11-24 15:37:20,14783,14783,14783,2,0
2022-11-24 15:37:20,14783,14783,14783,2,0
2022-11-24 15:37:20,14783,14783,14783,2,0
2022-11-24 15:37:21,14783,14783,14783,2,0
2022-11-24 15:37:23,14783,14783,14783,2,0
2022-11-24 15:37:25,14783,14783,14783,2,0
2022-11-24 15:37:30,14783,14783,14783,2,0
2022-11-24 15:37:31,14783,14783,14783,2,0
2022-11-24 15:37:31,14783,14783,14783,2,0
2022-11-24 15:37:32,14782,14782,14782,2,-2
2022-11-24 15:37:34,14782,14782,14782,2,0
2022-11-24 15:37:37,14783,14783,14783,4,4
2022-11-24 15:37:37,14783,14783,14783,2,0
2022-11-24 15:37:37,14783,14783,14783,2,0
2022-11-24 15:37:37,14783,14783,14783,2,0
2022-11-24 15:37:39,14783,14783,14783,2,0
2022-11-24 15:37:39,14783,14783,14783,2,0
2022-11-24 15:37:41,14782,14782,14782,2,-2
2022-11-24 15:37:42,14783,14783,14783,2,2
2022-11-24 15:37:52,14784,14784,14784,2,2
2022-11-24 15:37:54,14783,14783,14783,2,-2
2022-11-24 15:37:54,14783,14783,14783,2,0
2022-11-24 15:38:06,14784,14784,14784,8,8
2022-11-24 15:38:06,14784,14784,14784,2,0
2022-11-24 15:38:10,14784,14784,14784,2,0
2022-11-24 15:38:16,14783,14783,14783,2,-2
2022-11-24 15:38:33,14783,14783,14783,2,0
2022-11-24 15:38:35,14784,14784,14784,2,2
2022-11-24 15:38:39,14783,14783,14783,2,-2
2022-11-24 15:38:39,14783,14783,14783,2,0
2022-11-24 15:38:39,14783,14783,14783,2,0
2022-11-24 15:39:00,14782,14782,14782,4,-4
2022-11-24 15:39:00,14782,14782,14782,2,0
2022-11-24 15:39:04,14782,14782,14782,2,0
2022-11-24 15:39:04,14782,14782,14782,2,0
2022-11-24 15:39:04,14782,14782,14782,2,0
2022-11-24 15:39:04,14782,14782,14782,2,0
2022-11-24 15:39:04,14782,14782,14782,6,0
2022-11-24 15:39:04,14783,14783,14783,8,8
2022-11-24 15:39:05,14782,14782,14782,2,-2
2022-11-24 15:39:05,14782,14782,14782,2,0
2022-11-24 15:39:05,14782,14782,14782,2,0
2022-11-24 15:39:13,14781,14781,14781,8,-8
2022-11-24 15:39:13,14781,14781,14781,6,0
2022-11-24 15:39:13,14781,14781,14781,8,0
2022-11-24 15:39:13,14781,14781,14781,4,0
2022-11-24 15:39:13,14781,14781,14781,2,0
2022-11-24 15:39:13,14781,14781,14781,4,0
2022-11-24 15:39:13,14781,14781,14781,2,0
2022-11-24 15:39:13,14781,14781,14781,2,0
2022-11-24 15:39:13,14781,14781,14781,2,0
2022-11-24 15:39:13,14781,14781,14781,2,0
2022-11-24 15:39:13,14781,14781,14781,2,0
2022-11-24 15:39:13,14781,14781,14781,2,0
2022-11-24 15:39:13,14781,14781,14781,2,0
2022-11-24 15:39:13,14781,14781,14781,2,0
2022-11-24 15:39:13,14781,14781,14781,4,0
2022-11-24 15:39:13,14781,14781,14781,4,0
2022-11-24 15:39:13,14781,14781,14781,2,0
2022-11-24 15:39:13,14780,14780,14780,2,-2
2022-11-24 15:39:13,14780,14780,14780,2,0
2022-11-24 15:39:13,14780,14780,14780,4,0
2022-11-24 15:39:13,14780,14780,14780,2,0
2022-11-24 15:39:13,14780,14780,14780,2,0
2022-11-24 15:39:13,14780,14780,14780,2,0
2022-11-24 15:39:13,14780,14780,14780,2,0
2022-11-24 15:39:13,14780,14780,14780,2,0
2022-11-24 15:39:13,14780,14780,14780,4,0
2022-11-24 15:39:15,14781,14781,14781,2,2
2022-11-24 15:39:18,14781,14781,14781,2,0
2022-11-24 15:39:18,14781,14781,14781,2,0
2022-11-24 15:39:21,14782,14782,14782,2,2
2022-11-24 15:39:22,14781,14781,14781,2,-2
2022-11-24 15:39:22,14781,14781,14781,2,0
2022-11-24 15:39:33,14782,14782,14782,10,10
2022-11-24 15:39:34,14782,14782,14782,2,0
2022-11-24 15:39:47,14782,14782,14782,2,0
2022-11-24 15:39:47,14782,14782,14782,2,0
2022-11-24 15:39:49,14781,14781,14781,2,-2
2022-11-24 15:39:53,14781,14781,14781,2,0
2022-11-24 15:39:53,14781,14781,14781,2,0
2022-11-24 15:40:01,14782,14782,14782,2,2
2022-11-24 15:40:07,14781,14781,14781,2,-2
2022-11-24 15:40:09,14782,14782,14782,2,2
2022-11-24 15:40:11,14781,14781,14781,2,-2
2022-11-24 15:40:11,14781,14781,14781,2,0
2022-11-24 15:40:11,14781,14781,14781,2,0
2022-11-24 15:40:11,14781,14781,14781,2,0
2022-11-24 15:40:11,14781,14781,14781,2,0
2022-11-24 15:40:13,14781,14781,14781,2,0
2022-11-24 15:40:19,14781,14781,14781,6,0
2022-11-24 15:40:33,14782,14782,14782,2,2
2022-11-24 15:40:43,14781,14781,14781,4,-4
2022-11-24 15:40:47,14781,14781,14781,10,0
2022-11-24 15:40:48,14781,14781,14781,2,0
2022-11-24 15:41:01,14781,14781,14781,2,0
2022-11-24 15:41:01,14781,14781,14781,2,0
2022-11-24 15:41:11,14781,14781,14781,10,0
2022-11-24 15:41:11,14782,14782,14782,2,2
2022-11-24 15:41:20,14781,14781,14781,2,-2
2022-11-24 15:41:59,14782,14782,14782,2,2
2022-11-24 15:41:59,14782,14782,14782,22,0
2022-11-24 15:42:19,14782,14782,14782,2,0
2022-11-24 15:42:19,14782,14782,14782,2,0
2022-11-24 15:42:24,14783,14783,14783,6,6
2022-11-24 15:42:24,14783,14783,14783,4,0
2022-11-24 15:42:24,14783,14783,14783,4,0
2022-11-24 15:42:24,14783,14783,14783,2,0
2022-11-24 15:42:24,14783,14783,14783,2,0
2022-11-24 15:42:24,14783,14783,14783,2,0
2022-11-24 15:42:24,14783,14783,14783,2,0
2022-11-24 15:42:27,14784,14784,14784,2,2
2022-11-24 15:42:27,14784,14784,14784,2,0
2022-11-24 15:42:27,14784,14784,14784,2,0
2022-11-24 15:42:29,14784,14784,14784,2,0
2022-11-24 15:42:34,14784,14784,14784,2,0
2022-11-24 15:42:38,14783,14783,14783,2,-2
2022-11-24 15:42:39,14783,14783,14783,2,0
2022-11-24 15:42:40,14784,14784,14784,2,2
2022-11-24 15:42:54,14784,14784,14784,2,0
2022-11-24 15:42:57,14784,14784,14784,2,0
2022-11-24 15:43:13,14784,14784,14784,2,0
2022-11-24 15:43:14,14784,14784,14784,2,0
2022-11-24 15:43:18,14785,14785,14785,2,2
2022-11-24 15:43:19,14784,14784,14784,2,-2
2022-11-24 15:43:23,14784,14784,14784,2,0
2022-11-24 15:43:37,14785,14785,14785,2,2
2022-11-24 15:43:37,14785,14785,14785,2,0
2022-11-24 15:43:37,14785,14785,14785,2,0
2022-11-24 15:43:37,14785,14785,14785,2,0
2022-11-24 15:43:41,14785,14785,14785,2,0
2022-11-24 15:43:50,14785,14785,14785,4,0
2022-11-24 15:43:53,14784,14784,14784,2,-2
2022-11-24 15:43:53,14784,14784,14784,2,0
2022-11-24 15:43:57,14785,14785,14785,2,2
2022-11-24 15:43:57,14784,14784,14784,2,-2
2022-11-24 15:43:57,14784,14784,14784,10,0
2022-11-24 15:43:59,14784,14784,14784,4,0
2022-11-24 15:44:27,14783,14783,14783,2,-2
2022-11-24 15:44:36,14784,14784,14784,2,2
2022-11-24 15:44:41,14783,14783,14783,2,-2
2022-11-24 15:44:41,14783,14783,14783,2,0
2022-11-24 15:44:41,14783,14783,14783,2,0
2022-11-24 15:44:42,14782,14782,14782,2,-2
2022-11-24 15:44:42,14782,14782,14782,2,0
2022-11-24 15:44:42,14782,14782,14782,2,0
2022-11-24 15:45:02,14782,14782,14782,2,0
2022-11-24 15:45:02,14782,14782,14782,2,0
2022-11-24 15:45:17,14782,14782,14782,4,0
2022-11-24 15:45:24,14782,14782,14782,2,0
2022-11-24 15:45:30,14782,14782,14782,2,0
2022-11-24 15:45:31,14782,14782,14782,2,0
2022-11-24 15:45:36,14782,14782,14782,2,0
2022-11-24 15:45:37,14782,14782,14782,4,0
2022-11-24 15:45:44,14782,14782,14782,2,0
2022-11-24 15:45:52,14781,14781,14781,10,-10
2022-11-24 15:45:55,14782,14782,14782,2,2
2022-11-24 15:45:58,14782,14782,14782,2,0
2022-11-24 15:45:58,14782,14782,14782,2,0
2022-11-24 15:46:09,14782,14782,14782,2,0
2022-11-24 15:46:14,14782,14782,14782,2,0
2022-11-24 15:46:18,14782,14782,14782,2,0
2022-11-24 15:46:23,14782,14782,14782,2,0
2022-11-24 15:46:32,14782,14782,14782,2,0
2022-11-24 15:46:36,14782,14782,14782,2,0
2022-11-24 15:46:39,14782,14782,14782,2,0
2022-11-24 15:46:45,14782,14782,14782,2,0
2022-11-24 15:47:04,14782,14782,14782,2,0
2022-11-24 15:47:04,14782,14782,14782,2,0
2022-11-24 15:47:16,14782,14782,14782,2,0
2022-11-24 15:47:16,14782,14782,14782,2,0
2022-11-24 15:47:21,14781,14781,14781,2,-2
2022-11-24 15:47:48,14781,14781,14781,2,0
2022-11-24 15:47:54,14782,14782,14782,2,2
2022-11-24 15:47:54,14781,14781,14781,2,-2
2022-11-24 15:47:54,14781,14781,14781,8,0
2022-11-24 15:47:54,14781,14781,14781,2,0
2022-11-24 15:47:54,14781,14781,14781,2,0
2022-11-24 15:47:54,14781,14781,14781,2,0
2022-11-24 15:47:54,14781,14781,14781,2,0
2022-11-24 15:48:04,14782,14782,14782,2,2
2022-11-24 15:48:10,14782,14782,14782,2,0
2022-11-24 15:48:20,14782,14782,14782,2,0
2022-11-24 15:48:20,14782,14782,14782,2,0
2022-11-24 15:48:25,14782,14782,14782,20,0
2022-11-24 15:48:25,14782,14782,14782,2,0
2022-11-24 15:48:27,14781,14781,14781,2,-2
2022-11-24 15:48:27,14781,14781,14781,2,0
2022-11-24 15:48:27,14781,14781,14781,2,0
2022-11-24 15:48:27,14781,14781,14781,2,0
2022-11-24 15:48:27,14781,14781,14781,2,0
2022-11-24 15:48:27,14781,14781,14781,2,0
2022-11-24 15:48:27,14781,14781,14781,2,0
2022-11-24 15:48:27,14781,14781,14781,2,0
2022-11-24 15:48:27,14781,14781,14781,2,0
2022-11-24 15:48:27,14781,14781,14781,2,0
2022-11-24 15:48:27,14781,14781,14781,2,0
2022-11-24 15:48:30,14780,14780,14780,2,-2
2022-11-24 15:48:30,14780,14780,14780,2,0
2022-11-24 15:48:30,14780,14780,14780,2,0
2022-11-24 15:48:36,14780,14780,14780,2,0
2022-11-24 15:48:36,14780,14780,14780,2,0
2022-11-24 15:48:36,14780,14780,14780,2,0
2022-11-24 15:48:36,14780,14780,14780,2,0
2022-11-24 15:48:36,14780,14780,14780,2,0
2022-11-24 15:48:36,14780,14780,14780,2,0
2022-11-24 15:48:36,14780,14780,14780,2,0
2022-11-24 15:48:36,14780,14780,14780,4,0
2022-11-24 15:48:36,14780,14780,14780,2,0
2022-11-24 15:48:36,14780,14780,14780,2,0
2022-11-24 15:48:36,14780,14780,14780,2,0
2022-11-24 15:48:36,14780,14780,14780,2,0
2022-11-24 15:48:36,14780,14780,14780,2,0
2022-11-24 15:48:36,14780,14780,14780,2,0
2022-11-24 15:48:36,14780,14780,14780,2,0
2022-11-24 15:48:36,14780,14780,14780,2,0
2022-11-24 15:48:36,14780,14780,14780,2,0
2022-11-24 15:48:36,14780,14780,14780,2,0
2022-11-24 15:48:36,14780,14780,14780,2,0
2022-11-24 15:48:36,14780,14780,14780,2,0
2022-11-24 15:48:36,14780,14780,14780,2,0
2022-11-24 15:48:36,14780,14780,14780,2,0
2022-11-24 15:48:36,14780,14780,14780,6,0
2022-11-24 15:48:39,14780,14780,14780,2,0
2022-11-24 15:48:40,14779,14779,14779,2,-2
2022-11-24 15:48:40,14779,14779,14779,2,0
2022-11-24 15:48:40,14779,14779,14779,2,0
2022-11-24 15:48:41,14779,14779,14779,2,0
2022-11-24 15:48:41,14779,14779,14779,2,0
2022-11-24 15:48:41,14779,14779,14779,4,0
2022-11-24 15:48:41,14779,14779,14779,2,0
2022-11-24 15:48:41,14779,14779,14779,2,0
2022-11-24 15:48:41,14781,14781,14781,2,2
2022-11-24 15:48:41,14779,14779,14779,2,-2
2022-11-24 15:48:47,14780,14780,14780,6,6
2022-11-24 15:48:47,14780,14780,14780,2,0
2022-11-24 15:48:47,14780,14780,14780,4,0
2022-11-24 15:48:48,14780,14780,14780,2,0
2022-11-24 15:48:50,14780,14780,14780,4,0
2022-11-24 15:48:50,14780,14780,14780,2,0
2022-11-24 15:48:50,14780,14780,14780,4,0
2022-11-24 15:48:50,14780,14780,14780,2,0
2022-11-24 15:48:53,14779,14779,14779,2,-2
2022-11-24 15:48:55,14780,14780,14780,22,22
2022-11-24 15:48:55,14781,14781,14781,6,6
2022-11-24 15:48:55,14780,14780,14780,2,-2
2022-11-24 15:48:56,14780,14780,14780,2,0
2022-11-24 15:49:00,14779,14779,14779,2,-2
2022-11-24 15:49:01,14780,14780,14780,2,2
2022-11-24 15:49:20,14780,14780,14780,2,0
2022-11-24 15:49:20,14780,14780,14780,2,0
2022-11-24 15:49:20,14780,14780,14780,2,0
2022-11-24 15:49:20,14781,14781,14781,2,2
2022-11-24 15:49:30,14780,14780,14780,2,-2
2022-11-24 15:49:35,14780,14780,14780,2,0
2022-11-24 15:49:37,14780,14780,14780,2,0
2022-11-24 15:49:46,14780,14780,14780,4,0
2022-11-24 15:49:46,14780,14780,14780,2,0
2022-11-24 15:49:46,14780,14780,14780,4,0
2022-11-24 15:49:46,14780,14780,14780,2,0
2022-11-24 15:49:46,14780,14780,14780,2,0
2022-11-24 15:49:46,14780,14780,14780,2,0
2022-11-24 15:50:03,14780,14780,14780,2,0
2022-11-24 15:50:03,14780,14780,14780,2,0
2022-11-24 15:50:03,14780,14780,14780,10,0
2022-11-24 15:50:16,14780,14780,14780,4,0
2022-11-24 15:50:45,14779,14779,14779,2,-2
2022-11-24 15:50:45,14780,14780,14780,4,4
2022-11-24 15:50:45,14779,14779,14779,4,-4
2022-11-24 15:50:45,14779,14779,14779,2,0
2022-11-24 15:50:48,14779,14779,14779,2,0
2022-11-24 15:50:53,14780,14780,14780,6,6
2022-11-24 15:51:00,14779,14779,14779,2,-2
2022-11-24 15:51:17,14780,14780,14780,2,2
2022-11-24 15:51:17,14780,14780,14780,2,0
2022-11-24 15:51:26,14780,14780,14780,2,0
2022-11-24 15:51:31,14780,14780,14780,6,0
2022-11-24 15:51:31,14780,14780,14780,2,0
2022-11-24 15:51:35,14780,14780,14780,2,0
2022-11-24 15:51:38,14780,14780,14780,4,0
2022-11-24 15:51:46,14780,14780,14780,6,0
2022-11-24 15:51:46,14780,14780,14780,2,0
2022-11-24 15:51:46,14780,14780,14780,2,0
2022-11-24 15:51:46,14780,14780,14780,2,0
2022-11-24 15:51:50,14779,14779,14779,2,-2
2022-11-24 15:51:50,14779,14779,14779,2,0
2022-11-24 15:51:50,14779,14779,14779,2,0
2022-11-24 15:51:50,14779,14779,14779,2,0
2022-11-24 15:51:59,14779,14779,14779,2,0
2022-11-24 15:51:59,14779,14779,14779,2,0
2022-11-24 15:51:59,14779,14779,14779,2,0
2022-11-24 15:51:59,14779,14779,14779,2,0
2022-11-24 15:52:00,14779,14779,14779,2,0
2022-11-24 15:52:04,14779,14779,14779,2,0
2022-11-24 15:52:07,14779,14779,14779,2,0
2022-11-24 15:52:07,14779,14779,14779,2,0
2022-11-24 15:52:07,14779,14779,14779,2,0
2022-11-24 15:52:07,14779,14779,14779,2,0
2022-11-24 15:52:07,14778,14778,14778,2,-2
2022-11-24 15:52:07,14778,14778,14778,2,0
2022-11-24 15:52:07,14778,14778,14778,2,0
2022-11-24 15:52:07,14778,14778,14778,2,0
2022-11-24 15:52:07,14778,14778,14778,4,0
2022-11-24 15:52:08,14778,14778,14778,2,0
2022-11-24 15:52:08,14778,14778,14778,2,0
2022-11-24 15:52:15,14778,14778,14778,2,0
2022-11-24 15:52:15,14778,14778,14778,2,0
2022-11-24 15:52:16,14778,14778,14778,2,0
2022-11-24 15:52:17,14778,14778,14778,4,0
2022-11-24 15:52:17,14778,14778,14778,2,0
2022-11-24 15:52:17,14778,14778,14778,2,0
2022-11-24 15:52:17,14778,14778,14778,2,0
2022-11-24 15:52:17,14778,14778,14778,2,0
2022-11-24 15:52:17,14778,14778,14778,2,0
2022-11-24 15:52:17,14778,14778,14778,2,0
2022-11-24 15:52:17,14778,14778,14778,2,0
2022-11-24 15:52:17,14778,14778,14778,2,0
2022-11-24 15:52:24,14778,14778,14778,2,0
2022-11-24 15:52:24,14778,14778,14778,2,0
2022-11-24 15:52:24,14778,14778,14778,2,0
2022-11-24 15:52:24,14778,14778,14778,2,0
2022-11-24 15:52:24,14778,14778,14778,2,0
2022-11-24 15:52:24,14778,14778,14778,2,0
2022-11-24 15:52:24,14778,14778,14778,4,0
2022-11-24 15:52:24,14778,14778,14778,2,0
2022-11-24 15:52:24,14778,14778,14778,2,0
2022-11-24 15:52:37,14777,14777,14777,2,-2
2022-11-24 15:52:51,14777,14777,14777,2,0
2022-11-24 15:52:53,14777,14777,14777,2,0
2022-11-24 15:52:59,14778,14778,14778,2,2
2022-11-24 15:53:00,14777,14777,14777,2,-2
2022-11-24 15:53:01,14778,14778,14778,6,6
2022-11-24 15:53:01,14777,14777,14777,2,-2
2022-11-24 15:53:11,14778,14778,14778,6,6
2022-11-24 15:53:13,14778,14778,14778,2,0
2022-11-24 15:53:20,14778,14778,14778,2,0
2022-11-24 15:53:28,14778,14778,14778,2,0
2022-11-24 15:53:32,14778,14778,14778,2,0
2022-11-24 15:53:33,14778,14778,14778,2,0
2022-11-24 15:53:33,14778,14778,14778,6,0
2022-11-24 15:53:39,14778,14778,14778,2,0
2022-11-24 15:53:40,14777,14777,14777,2,-2
2022-11-24 15:53:41,14777,14777,14777,2,0
2022-11-24 15:53:41,14777,14777,14777,4,0
2022-11-24 15:53:41,14777,14777,14777,4,0
2022-11-24 15:53:42,14778,14778,14778,2,2
2022-11-24 15:53:42,14777,14777,14777,2,-2
2022-11-24 15:53:47,14777,14777,14777,2,0
2022-11-24 15:53:49,14777,14777,14777,2,0
2022-11-24 15:53:52,14777,14777,14777,2,0
2022-11-24 15:53:52,14777,14777,14777,2,0
2022-11-24 15:53:52,14777,14777,14777,2,0
2022-11-24 15:53:52,14777,14777,14777,2,0
2022-11-24 15:53:52,14777,14777,14777,2,0
2022-11-24 15:53:55,14777,14777,14777,2,0
2022-11-24 15:53:55,14777,14777,14777,2,0
2022-11-24 15:53:55,14777,14777,14777,4,0
2022-11-24 15:53:55,14778,14778,14778,2,2
2022-11-24 15:54:00,14778,14778,14778,2,0
2022-11-24 15:54:00,14777,14777,14777,6,-6
2022-11-24 15:54:00,14777,14777,14777,2,0
2022-11-24 15:54:00,14777,14777,14777,2,0
2022-11-24 15:54:00,14777,14777,14777,2,0
2022-11-24 15:54:00,14777,14777,14777,2,0
2022-11-24 15:54:02,14778,14778,14778,2,2
2022-11-24 15:54:10,14777,14777,14777,2,-2
2022-11-24 15:54:20,14778,14778,14778,2,2
2022-11-24 15:54:22,14777,14777,14777,2,-2
2022-11-24 15:54:33,14777,14777,14777,2,0
2022-11-24 15:54:33,14777,14777,14777,2,0
2022-11-24 15:54:33,14777,14777,14777,4,0
2022-11-24 15:54:33,14777,14777,14777,2,0
2022-11-24 15:54:33,14777,14777,14777,2,0
2022-11-24 15:54:33,14777,14777,14777,2,0
2022-11-24 15:54:33,14777,14777,14777,2,0
2022-11-24 15:54:34,14777,14777,14777,2,0
2022-11-24 15:54:38,14777,14777,14777,6,0
2022-11-24 15:54:40,14776,14776,14776,2,-2
2022-11-24 15:54:40,14776,14776,14776,2,0
2022-11-24 15:54:40,14776,14776,14776,2,0
2022-11-24 15:54:40,14776,14776,14776,2,0
2022-11-24 15:54:40,14776,14776,14776,2,0
2022-11-24 15:54:40,14776,14776,14776,2,0
2022-11-24 15:54:40,14776,14776,14776,16,0
2022-11-24 15:54:55,14776,14776,14776,2,0
2022-11-24 15:54:58,14776,14776,14776,2,0
2022-11-24 15:54:59,14775,14775,14775,2,-2
2022-11-24 15:55:00,14775,14775,14775,2,0
2022-11-24 15:55:00,14776,14776,14776,2,2
2022-11-24 15:55:05,14775,14775,14775,2,-2
2022-11-24 15:55:11,14776,14776,14776,14,14
2022-11-24 15:55:12,14776,14776,14776,2,0
2022-11-24 15:55:20,14776,14776,14776,2,0
2022-11-24 15:55:24,14777,14777,14777,2,2
2022-11-24 15:55:24,14776,14776,14776,2,-2
2022-11-24 15:55:37,14777,14777,14777,2,2
2022-11-24 15:55:40,14776,14776,14776,2,-2
2022-11-24 15:55:40,14776,14776,14776,2,0
2022-11-24 15:55:45,14776,14776,14776,2,0
2022-11-24 15:55:45,14776,14776,14776,2,0
2022-11-24 15:55:45,14776,14776,14776,2,0
2022-11-24 15:55:45,14776,14776,14776,2,0
2022-11-24 15:55:45,14776,14776,14776,2,0
2022-11-24 15:55:47,14776,14776,14776,2,0
2022-11-24 15:55:48,14776,14776,14776,2,0
2022-11-24 15:55:50,14776,14776,14776,2,0
2022-11-24 15:55:55,14775,14775,14775,2,-2
2022-11-24 15:55:55,14775,14775,14775,2,0
2022-11-24 15:56:02,14775,14775,14775,2,0
2022-11-24 15:56:19,14776,14776,14776,8,8
2022-11-24 15:56:19,14776,14776,14776,12,0
2022-11-24 15:56:26,14777,14777,14777,4,4
2022-11-24 15:56:26,14777,14777,14777,4,0
2022-11-24 15:56:28,14777,14777,14777,2,0
2022-11-24 15:56:34,14778,14778,14778,2,2
2022-11-24 15:56:37,14777,14777,14777,2,-2
2022-11-24 15:56:37,14777,14777,14777,4,0
2022-11-24 15:56:39,14777,14777,14777,2,0
2022-11-24 15:56:39,14778,14778,14778,6,6
2022-11-24 15:56:41,14778,14778,14778,2,0
2022-11-24 15:56:46,14777,14777,14777,2,-2
2022-11-24 15:56:46,14777,14777,14777,2,0
2022-11-24 15:56:46,14777,14777,14777,2,0
2022-11-24 15:56:47,14777,14777,14777,2,0
2022-11-24 15:56:48,14777,14777,14777,2,0
2022-11-24 15:56:51,14776,14776,14776,2,-2
2022-11-24 15:56:51,14776,14776,14776,2,0
2022-11-24 15:56:51,14776,14776,14776,2,0
2022-11-24 15:56:52,14777,14777,14777,2,2
2022-11-24 15:56:57,14777,14777,14777,2,0
2022-11-24 15:56:59,14778,14778,14778,10,10
2022-11-24 15:57:01,14777,14777,14777,2,-2
2022-11-24 15:57:02,14777,14777,14777,2,0
2022-11-24 15:57:02,14777,14777,14777,2,0
2022-11-24 15:57:09,14778,14778,14778,10,10
2022-11-24 15:57:13,14778,14778,14778,4,0
2022-11-24 15:57:17,14778,14778,14778,10,0
2022-11-24 15:57:21,14779,14779,14779,2,2
2022-11-24 15:57:25,14779,14779,14779,2,0
2022-11-24 15:57:25,14778,14778,14778,2,-2
2022-11-24 15:57:27,14779,14779,14779,14,14
2022-11-24 15:57:28,14780,14780,14780,8,8
2022-11-24 15:57:28,14780,14780,14780,2,0
2022-11-24 15:57:31,14780,14780,14780,2,0
2022-11-24 15:57:32,14780,14780,14780,2,0
2022-11-24 15:57:33,14779,14779,14779,6,-6
2022-11-24 15:57:35,14778,14778,14778,2,-2
2022-11-24 15:57:35,14778,14778,14778,2,0
2022-11-24 15:57:37,14778,14778,14778,2,0
2022-11-24 15:57:38,14778,14778,14778,2,0
2022-11-24 15:57:39,14778,14778,14778,4,0
2022-11-24 15:57:41,14777,14777,14777,2,-2
2022-11-24 15:57:41,14777,14777,14777,2,0
2022-11-24 15:57:41,14777,14777,14777,2,0
2022-11-24 15:57:41,14777,14777,14777,2,0
2022-11-24 15:57:51,14777,14777,14777,2,0
2022-11-24 15:57:57,14777,14777,14777,2,0
2022-11-24 15:57:59,14777,14777,14777,2,0
2022-11-24 15:58:00,14776,14776,14776,2,-2
2022-11-24 15:58:00,14776,14776,14776,2,0
2022-11-24 15:58:03,14776,14776,14776,2,0
2022-11-24 15:58:03,14776,14776,14776,2,0
2022-11-24 15:58:05,14776,14776,14776,2,0
2022-11-24 15:58:05,14776,14776,14776,2,0
2022-11-24 15:58:05,14777,14777,14777,2,2
2022-11-24 15:58:16,14777,14777,14777,2,0
2022-11-24 15:58:16,14778,14778,14778,2,2
2022-11-24 15:59:10,14778,14778,14778,2,0
2022-11-24 15:59:12,14778,14778,14778,2,0
2022-11-24 15:59:12,14778,14778,14778,2,0
2022-11-24 15:59:12,14778,14778,14778,4,0
2022-11-24 15:59:12,14778,14778,14778,2,0
2022-11-24 15:59:13,14778,14778,14778,2,0
2022-11-24 15:59:17,14778,14778,14778,2,0
2022-11-24 15:59:17,14778,14778,14778,4,0
2022-11-24 15:59:17,14778,14778,14778,2,0
2022-11-24 15:59:17,14778,14778,14778,2,0
2022-11-24 15:59:24,14778,14778,14778,2,0
2022-11-24 15:59:45,14778,14778,14778,4,0
2022-11-24 15:59:45,14779,14779,14779,32,32
2022-11-24 15:59:51,14778,14778,14778,4,-4
2022-11-24 15:59:56,14778,14778,14778,2,0
2022-11-24 15:59:58,14779,14779,14779,2,2
2022-11-24 15:59:59,14778,14778,14778,2,-2
2022-11-24 15:59:59,14778,14778,14778,2,0
2022-11-24 16:00:00,14777,14777,14777,4,-4
2022-11-24 16:00:00,14779,14779,14779,2,2
2022-11-24 16:00:00,14779,14779,14779,2,0
2022-11-24 16:00:00,14778,14778,14778,2,-2
2022-11-24 16:00:00,14780,14780,14780,2,2
2022-11-24 16:00:00,14780,14780,14780,2,0
2022-11-24 16:00:10,14780,14780,14780,2,0
2022-11-24 16:00:10,14780,14780,14780,2,0
2022-11-24 16:00:10,14780,14780,14780,2,0
2022-11-24 16:00:16,14778,14778,14778,2,-2
2022-11-24 16:00:16,14779,14779,14779,2,2
2022-11-24 16:00:16,14779,14779,14779,2,0
2022-11-24 16:00:21,14778,14778,14778,2,-2
2022-11-24 16:00:32,14778,14778,14778,2,0
2022-11-24 16:00:38,14777,14777,14777,2,-2
2022-11-24 16:00:38,14777,14777,14777,2,0
2022-11-24 16:00:38,14777,14777,14777,2,0
2022-11-24 16:00:38,14777,14777,14777,2,0
2022-11-24 16:00:38,14777,14777,14777,2,0
2022-11-24 16:00:38,14777,14777,14777,2,0
2022-11-24 16:00:38,14777,14777,14777,6,0
2022-11-24 16:00:38,14777,14777,14777,2,0
2022-11-24 16:00:40,14777,14777,14777,2,0
2022-11-24 16:00:48,14777,14777,14777,2,0
2022-11-24 16:00:48,14777,14777,14777,2,0
2022-11-24 16:00:50,14777,14777,14777,4,0
2022-11-24 16:00:53,14776,14776,14776,2,-2
2022-11-24 16:00:53,14776,14776,14776,2,0
2022-11-24 16:00:57,14776,14776,14776,2,0
2022-11-24 16:00:57,14776,14776,14776,2,0
2022-11-24 16:00:59,14776,14776,14776,2,0
2022-11-24 16:01:00,14776,14776,14776,2,0
2022-11-24 16:01:00,14777,14777,14777,8,8
2022-11-24 16:01:00,14777,14777,14777,2,0
2022-11-24 16:01:00,14778,14778,14778,2,2
2022-11-24 16:01:15,14777,14777,14777,2,-2
2022-11-24 16:01:16,14778,14778,14778,4,4
2022-11-24 16:01:16,14778,14778,14778,2,0
2022-11-24 16:01:16,14778,14778,14778,2,0
2022-11-24 16:01:16,14778,14778,14778,2,0
2022-11-24 16:01:18,14777,14777,14777,2,-2
2022-11-24 16:01:18,14777,14777,14777,2,0
2022-11-24 16:01:18,14777,14777,14777,2,0
2022-11-24 16:01:18,14777,14777,14777,2,0
2022-11-24 16:01:18,14777,14777,14777,4,0
2022-11-24 16:01:18,14777,14777,14777,2,0
2022-11-24 16:01:18,14778,14778,14778,2,2
2022-11-24 16:01:19,14777,14777,14777,2,-2
2022-11-24 16:01:19,14778,14778,14778,2,2
2022-11-24 16:01:26,14778,14778,14778,2,0
2022-11-24 16:02:00,14780,14780,14780,2,2
2022-11-24 16:02:00,14780,14780,14780,2,0
2022-11-24 16:02:16,14780,14780,14780,2,0
2022-11-24 16:02:16,14779,14779,14779,2,-2
2022-11-24 16:02:16,14779,14779,14779,2,0
2022-11-24 16:02:16,14778,14778,14778,2,-2
2022-11-24 16:02:29,14779,14779,14779,2,2
2022-11-24 16:02:29,14779,14779,14779,2,0
2022-11-24 16:02:33,14779,14779,14779,2,0
2022-11-24 16:02:41,14780,14780,14780,2,2
2022-11-24 16:02:57,14779,14779,14779,2,-2
2022-11-24 16:02:57,14780,14780,14780,2,2
2022-11-24 16:02:57,14780,14780,14780,2,0
2022-11-24 16:02:57,14780,14780,14780,2,0
2022-11-24 16:03:00,14779,14779,14779,2,-2
2022-11-24 16:03:00,14780,14780,14780,2,2
2022-11-24 16:03:00,14780,14780,14780,2,0
2022-11-24 16:03:00,14780,14780,14780,2,0
2022-11-24 16:03:06,14779,14779,14779,2,-2
2022-11-24 16:03:08,14779,14779,14779,2,0
2022-11-24 16:03:12,14779,14779,14779,2,0
2022-11-24 16:03:15,14778,14778,14778,2,-2
2022-11-24 16:03:15,14778,14778,14778,2,0
2022-11-24 16:03:15,14778,14778,14778,2,0
2022-11-24 16:03:23,14778,14778,14778,2,0
2022-11-24 16:03:23,14778,14778,14778,2,0
2022-11-24 16:03:23,14778,14778,14778,2,0
2022-11-24 16:03:23,14778,14778,14778,2,0
2022-11-24 16:03:23,14778,14778,14778,2,0
2022-11-24 16:03:23,14778,14778,14778,4,0
2022-11-24 16:03:23,14778,14778,14778,2,0
2022-11-24 16:03:23,14778,14778,14778,2,0
2022-11-24 16:03:23,14778,14778,14778,2,0
2022-11-24 16:03:29,14777,14777,14777,2,-2
2022-11-24 16:03:29,14777,14777,14777,2,0
2022-11-24 16:03:29,14777,14777,14777,4,0
2022-11-24 16:03:29,14777,14777,14777,2,0
2022-11-24 16:03:29,14777,14777,14777,2,0
2022-11-24 16:03:35,14778,14778,14778,6,6
2022-11-24 16:04:10,14779,14779,14779,6,6
2022-11-24 16:04:10,14778,14778,14778,2,-2
2022-11-24 16:04:10,14778,14778,14778,2,0
2022-11-24 16:04:10,14778,14778,14778,4,0
2022-11-24 16:04:10,14778,14778,14778,2,0
2022-11-24 16:04:10,14778,14778,14778,2,0
2022-11-24 16:04:10,14778,14778,14778,2,0
2022-11-24 16:04:10,14778,14778,14778,2,0
2022-11-24 16:04:10,14778,14778,14778,6,0
2022-11-24 16:04:10,14778,14778,14778,2,0
2022-11-24 16:04:10,14778,14778,14778,2,0
2022-11-24 16:04:10,14777,14777,14777,2,-2
2022-11-24 16:04:10,14777,14777,14777,2,0
2022-11-24 16:04:10,14777,14777,14777,2,0
2022-11-24 16:04:10,14777,14777,14777,2,0
2022-11-24 16:04:10,14777,14777,14777,2,0
2022-11-24 16:04:10,14777,14777,14777,2,0
2022-11-24 16:04:10,14777,14777,14777,2,0
2022-11-24 16:04:11,14777,14777,14777,2,0
2022-11-24 16:04:24,14776,14776,14776,2,-2
2022-11-24 16:04:24,14776,14776,14776,2,0
2022-11-24 16:04:24,14775,14775,14775,2,-2
2022-11-24 16:04:24,14775,14775,14775,2,0
2022-11-24 16:04:24,14775,14775,14775,2,0
2022-11-24 16:04:35,14775,14775,14775,4,0
2022-11-24 16:04:40,14775,14775,14775,2,0
2022-11-24 16:04:41,14775,14775,14775,2,0
2022-11-24 16:04:41,14775,14775,14775,2,0
2022-11-24 16:04:41,14775,14775,14775,4,0
2022-11-24 16:04:41,14775,14775,14775,2,0
2022-11-24 16:04:41,14775,14775,14775,2,0
2022-11-24 16:04:41,14775,14775,14775,2,0
2022-11-24 16:04:41,14775,14775,14775,2,0
2022-11-24 16:04:41,14775,14775,14775,2,0
2022-11-24 16:04:41,14775,14775,14775,2,0
2022-11-24 16:04:41,14775,14775,14775,2,0
2022-11-24 16:04:41,14775,14775,14775,2,0
2022-11-24 16:04:41,14775,14775,14775,2,0
2022-11-24 16:04:41,14775,14775,14775,2,0
2022-11-24 16:04:41,14775,14775,14775,2,0
2022-11-24 16:04:41,14775,14775,14775,2,0
2022-11-24 16:04:41,14775,14775,14775,2,0
2022-11-24 16:04:41,14775,14775,14775,2,0
2022-11-24 16:04:41,14775,14775,14775,4,0
2022-11-24 16:04:44,14774,14774,14774,2,-2
2022-11-24 16:04:48,14774,14774,14774,2,0
2022-11-24 16:04:51,14774,14774,14774,2,0
2022-11-24 16:04:51,14774,14774,14774,2,0
2022-11-24 16:04:51,14774,14774,14774,2,0
2022-11-24 16:04:52,14774,14774,14774,2,0
2022-11-24 16:04:52,14774,14774,14774,2,0
2022-11-24 16:04:58,14774,14774,14774,2,0
2022-11-24 16:04:58,14774,14774,14774,4,0
2022-11-24 16:04:58,14774,14774,14774,2,0
2022-11-24 16:04:58,14774,14774,14774,2,0
2022-11-24 16:04:58,14774,14774,14774,2,0
2022-11-24 16:04:58,14774,14774,14774,2,0
2022-11-24 16:05:00,14774,14774,14774,2,0
2022-11-24 16:05:00,14774,14774,14774,2,0
2022-11-24 16:05:00,14774,14774,14774,2,0
2022-11-24 16:05:00,14774,14774,14774,2,0
2022-11-24 16:05:03,14774,14774,14774,2,0
2022-11-24 16:05:04,14774,14774,14774,2,0
2022-11-24 16:05:09,14774,14774,14774,2,0
2022-11-24 16:05:12,14774,14774,14774,2,0
2022-11-24 16:05:12,14774,14774,14774,2,0
2022-11-24 16:05:12,14774,14774,14774,2,0
2022-11-24 16:05:16,14774,14774,14774,2,0
2022-11-24 16:05:20,14774,14774,14774,2,0
2022-11-24 16:05:20,14773,14773,14773,2,-2
2022-11-24 16:05:20,14773,14773,14773,4,0
2022-11-24 16:05:20,14773,14773,14773,2,0
2022-11-24 16:05:20,14773,14773,14773,2,0
2022-11-24 16:05:21,14773,14773,14773,2,0
2022-11-24 16:05:25,14774,14774,14774,4,4
2022-11-24 16:05:25,14774,14774,14774,2,0
2022-11-24 16:05:25,14774,14774,14774,2,0
2022-11-24 16:05:25,14774,14774,14774,2,0
2022-11-24 16:05:25,14775,14775,14775,6,6
2022-11-24 16:05:28,14774,14774,14774,4,-4
2022-11-24 16:05:28,14775,14775,14775,2,2
2022-11-24 16:05:28,14774,14774,14774,2,-2
2022-11-24 16:05:28,14774,14774,14774,2,0
2022-11-24 16:05:28,14774,14774,14774,2,0
2022-11-24 16:05:28,14774,14774,14774,2,0
2022-11-24 16:05:29,14774,14774,14774,2,0
2022-11-24 16:05:29,14774,14774,14774,2,0
2022-11-24 16:05:29,14774,14774,14774,2,0
2022-11-24 16:05:29,14774,14774,14774,2,0
2022-11-24 16:05:29,14774,14774,14774,2,0
2022-11-24 16:05:29,14774,14774,14774,2,0
2022-11-24 16:05:29,14774,14774,14774,2,0
2022-11-24 16:05:32,14774,14774,14774,2,0
2022-11-24 16:05:32,14774,14774,14774,2,0
2022-11-24 16:05:32,14774,14774,14774,4,0
2022-11-24 16:05:39,14775,14775,14775,2,2
2022-11-24 16:05:40,14775,14775,14775,2,0
2022-11-24 16:05:40,14775,14775,14775,8,0
2022-11-24 16:05:41,14775,14775,14775,2,0
2022-11-24 16:05:41,14775,14775,14775,4,0
2022-11-24 16:05:43,14775,14775,14775,2,0
2022-11-24 16:05:44,14775,14775,14775,2,0
2022-11-24 16:05:44,14774,14774,14774,4,-4
2022-11-24 16:05:44,14774,14774,14774,2,0
2022-11-24 16:05:44,14774,14774,14774,2,0
2022-11-24 16:05:44,14774,14774,14774,14,0
2022-11-24 16:05:44,14774,14774,14774,4,0
2022-11-24 16:05:47,14774,14774,14774,2,0
2022-11-24 16:05:50,14774,14774,14774,2,0
2022-11-24 16:05:51,14774,14774,14774,2,0
2022-11-24 16:05:53,14775,14775,14775,4,4
2022-11-24 16:05:53,14774,14774,14774,2,-2
2022-11-24 16:05:56,14774,14774,14774,2,0
2022-11-24 16:05:56,14774,14774,14774,2,0
2022-11-24 16:05:56,14774,14774,14774,2,0
2022-11-24 16:05:58,14773,14773,14773,2,-2
2022-11-24 16:05:58,14774,14774,14774,4,4
2022-11-24 16:05:58,14774,14774,14774,2,0
2022-11-24 16:05:58,14774,14774,14774,2,0
2022-11-24 16:06:00,14775,14775,14775,4,4
2022-11-24 16:06:00,14774,14774,14774,2,-2
2022-11-24 16:06:00,14774,14774,14774,2,0
2022-11-24 16:06:02,14776,14776,14776,6,6
2022-11-24 16:06:02,14775,14775,14775,2,-2
2022-11-24 16:06:05,14775,14775,14775,2,0
2022-11-24 16:06:26,14777,14777,14777,8,8
2022-11-24 16:06:27,14778,14778,14778,4,4
2022-11-24 16:06:27,14779,14779,14779,2,2
2022-11-24 16:06:39,14778,14778,14778,2,-2
2022-11-24 16:06:43,14778,14778,14778,2,0
2022-11-24 16:06:52,14776,14776,14776,2,-2
2022-11-24 16:06:59,14776,14776,14776,10,0
2022-11-24 16:07:00,14775,14775,14775,2,-2
2022-11-24 16:07:00,14775,14775,14775,4,0
2022-11-24 16:07:15,14775,14775,14775,2,0
2022-11-24 16:07:15,14775,14775,14775,2,0
2022-11-24 16:07:15,14775,14775,14775,2,0
2022-11-24 16:07:16,14775,14775,14775,2,0
2022-11-24 16:07:16,14775,14775,14775,2,0
2022-11-24 16:07:16,14774,14774,14774,2,-2
2022-11-24 16:07:17,14776,14776,14776,2,2
2022-11-24 16:07:17,14775,14775,14775,2,-2
2022-11-24 16:07:24,14776,14776,14776,2,2
2022-11-24 16:07:24,14776,14776,14776,2,0
2022-11-24 16:07:29,14776,14776,14776,2,0
2022-11-24 16:07:29,14776,14776,14776,4,0
2022-11-24 16:07:29,14776,14776,14776,2,0
2022-11-24 16:07:30,14776,14776,14776,2,0
2022-11-24 16:07:31,14776,14776,14776,2,0
2022-11-24 16:07:31,14776,14776,14776,2,0
2022-11-24 16:07:31,14776,14776,14776,2,0
2022-11-24 16:07:46,14776,14776,14776,2,0
2022-11-24 16:07:51,14777,14777,14777,6,6
2022-11-24 16:07:58,14776,14776,14776,2,-2
2022-11-24 16:08:08,14777,14777,14777,2,2
2022-11-24 16:08:08,14777,14777,14777,2,0
2022-11-24 16:08:13,14777,14777,14777,6,0
2022-11-24 16:08:18,14776,14776,14776,2,-2
2022-11-24 16:08:18,14776,14776,14776,4,0
2022-11-24 16:08:35,14777,14777,14777,2,2
2022-11-24 16:08:54,14777,14777,14777,2,0
2022-11-24 16:08:54,14777,14777,14777,2,0
2022-11-24 16:08:54,14777,14777,14777,2,0
2022-11-24 16:08:55,14777,14777,14777,2,0
2022-11-24 16:09:01,14777,14777,14777,2,0
2022-11-24 16:09:16,14776,14776,14776,2,-2
2022-11-24 16:09:35,14775,14775,14775,2,-2
2022-11-24 16:09:35,14775,14775,14775,2,0
2022-11-24 16:09:35,14775,14775,14775,4,0
2022-11-24 16:09:35,14775,14775,14775,2,0
2022-11-24 16:09:35,14775,14775,14775,2,0
2022-11-24 16:09:38,14775,14775,14775,2,0
2022-11-24 16:09:48,14775,14775,14775,10,0
2022-11-24 16:09:56,14776,14776,14776,2,2
2022-11-24 16:10:03,14775,14775,14775,2,-2
2022-11-24 16:10:03,14775,14775,14775,2,0
2022-11-24 16:10:03,14775,14775,14775,2,0
2022-11-24 16:10:03,14775,14775,14775,16,0
2022-11-24 16:10:03,14775,14775,14775,2,0
2022-11-24 16:10:03,14775,14775,14775,2,0
2022-11-24 16:10:16,14774,14774,14774,2,-2
2022-11-24 16:10:16,14774,14774,14774,2,0
2022-11-24 16:10:16,14774,14774,14774,2,0
2022-11-24 16:10:16,14774,14774,14774,4,0
2022-11-24 16:10:16,14774,14774,14774,2,0
2022-11-24 16:10:16,14774,14774,14774,2,0
2022-11-24 16:10:16,14774,14774,14774,2,0
2022-11-24 16:10:16,14774,14774,14774,2,0
2022-11-24 16:10:16,14774,14774,14774,2,0
2022-11-24 16:10:21,14774,14774,14774,2,0
2022-11-24 16:10:30,14774,14774,14774,2,0
2022-11-24 16:10:30,14774,14774,14774,2,0
2022-11-24 16:10:34,14774,14774,14774,2,0
2022-11-24 16:10:34,14774,14774,14774,2,0
2022-11-24 16:10:34,14774,14774,14774,2,0
2022-11-24 16:10:34,14774,14774,14774,2,0
2022-11-24 16:10:38,14775,14775,14775,2,2
2022-11-24 16:10:52,14775,14775,14775,2,0
2022-11-24 16:10:52,14775,14775,14775,2,0
2022-11-24 16:10:52,14775,14775,14775,2,0
2022-11-24 16:10:53,14775,14775,14775,2,0
2022-11-24 16:10:53,14775,14775,14775,2,0
2022-11-24 16:10:53,14775,14775,14775,2,0
2022-11-24 16:10:53,14774,14774,14774,2,-2
2022-11-24 16:11:00,14776,14776,14776,2,2
2022-11-24 16:11:08,14776,14776,14776,2,0
2022-11-24 16:11:11,14775,14775,14775,4,-4
2022-11-24 16:11:11,14775,14775,14775,2,0
2022-11-24 16:11:11,14775,14775,14775,2,0
2022-11-24 16:11:39,14775,14775,14775,2,0
2022-11-24 16:12:09,14775,14775,14775,2,0
2022-11-24 16:12:10,14775,14775,14775,2,0
2022-11-24 16:12:10,14775,14775,14775,2,0
2022-11-24 16:12:10,14776,14776,14776,2,2
2022-11-24 16:12:10,14775,14775,14775,2,-2
2022-11-24 16:12:13,14775,14775,14775,2,0
2022-11-24 16:12:13,14775,14775,14775,2,0
2022-11-24 16:12:13,14775,14775,14775,2,0
2022-11-24 16:12:13,14775,14775,14775,2,0
2022-11-24 16:12:13,14775,14775,14775,6,0
2022-11-24 16:12:13,14775,14775,14775,2,0
2022-11-24 16:12:13,14775,14775,14775,6,0
2022-11-24 16:12:13,14775,14775,14775,2,0
2022-11-24 16:12:13,14775,14775,14775,2,0
2022-11-24 16:12:13,14775,14775,14775,2,0
2022-11-24 16:12:13,14775,14775,14775,2,0
2022-11-24 16:12:13,14775,14775,14775,2,0
2022-11-24 16:12:24,14775,14775,14775,2,0
2022-11-24 16:12:44,14775,14775,14775,2,0
2022-11-24 16:12:51,14775,14775,14775,2,0
2022-11-24 16:12:55,14776,14776,14776,6,6
2022-11-24 16:13:34,14776,14776,14776,2,0
2022-11-24 16:13:34,14776,14776,14776,2,0
2022-11-24 16:13:34,14776,14776,14776,10,0
2022-11-24 16:13:45,14777,14777,14777,10,10
2022-11-24 16:13:49,14777,14777,14777,2,0
2022-11-24 16:14:46,14777,14777,14777,2,0
2022-11-24 16:14:53,14777,14777,14777,2,0
2022-11-24 16:14:53,14777,14777,14777,2,0
2022-11-24 16:14:53,14777,14777,14777,2,0
2022-11-24 16:14:53,14777,14777,14777,4,0
2022-11-24 16:15:00,14777,14777,14777,2,0
2022-11-24 16:15:00,14777,14777,14777,2,0
2022-11-24 16:15:02,14776,14776,14776,2,-2
2022-11-24 16:15:39,14776,14776,14776,28,0
2022-11-24 16:15:39,14776,14776,14776,4,0
2022-11-24 16:15:39,14776,14776,14776,2,0
2022-11-24 16:15:39,14776,14776,14776,2,0
2022-11-24 16:15:39,14775,14775,14775,12,-12
2022-11-24 16:15:39,14775,14775,14775,4,0
2022-11-24 16:15:39,14775,14775,14775,2,0
2022-11-24 16:15:40,14774,14774,14774,2,-2
2022-11-24 16:15:40,14774,14774,14774,2,0
2022-11-24 16:15:40,14774,14774,14774,2,0
2022-11-24 16:15:40,14774,14774,14774,2,0
2022-11-24 16:15:40,14774,14774,14774,2,0
2022-11-24 16:15:40,14774,14774,14774,2,0
2022-11-24 16:15:40,14774,14774,14774,2,0
2022-11-24 16:15:40,14774,14774,14774,2,0
2022-11-24 16:15:40,14774,14774,14774,2,0
2022-11-24 16:15:42,14773,14773,14773,2,-2
2022-11-24 16:15:42,14773,14773,14773,10,0
2022-11-24 16:15:42,14773,14773,14773,2,0
2022-11-24 16:15:42,14773,14773,14773,2,0
2022-11-24 16:15:42,14773,14773,14773,2,0
2022-11-24 16:15:42,14773,14773,14773,16,0
2022-11-24 16:15:42,14773,14773,14773,2,0
2022-11-24 16:15:42,14773,14773,14773,2,0
2022-11-24 16:15:42,14773,14773,14773,2,0
2022-11-24 16:15:42,14773,14773,14773,4,0
2022-11-24 16:15:42,14773,14773,14773,2,0
2022-11-24 16:15:42,14773,14773,14773,2,0
2022-11-24 16:15:42,14773,14773,14773,2,0
2022-11-24 16:15:42,14773,14773,14773,2,0
2022-11-24 16:15:42,14773,14773,14773,4,0
2022-11-24 16:15:42,14773,14773,14773,2,0
2022-11-24 16:15:42,14773,14773,14773,2,0
2022-11-24 16:15:42,14772,14772,14772,2,-2
2022-11-24 16:15:42,14772,14772,14772,2,0
2022-11-24 16:15:42,14772,14772,14772,2,0
2022-11-24 16:15:42,14772,14772,14772,4,0
2022-11-24 16:15:42,14772,14772,14772,2,0
2022-11-24 16:15:42,14772,14772,14772,4,0
2022-11-24 16:15:42,14772,14772,14772,2,0
2022-11-24 16:15:42,14772,14772,14772,2,0
2022-11-24 16:15:42,14772,14772,14772,2,0
2022-11-24 16:15:42,14772,14772,14772,2,0
2022-11-24 16:15:42,14772,14772,14772,2,0
2022-11-24 16:15:42,14772,14772,14772,2,0
2022-11-24 16:15:43,14771,14771,14771,2,-2
2022-11-24 16:15:43,14771,14771,14771,4,0
2022-11-24 16:15:43,14773,14773,14773,2,2
2022-11-24 16:15:43,14771,14771,14771,2,-2
2022-11-24 16:15:43,14771,14771,14771,2,0
2022-11-24 16:15:43,14772,14772,14772,2,2
2022-11-24 16:15:43,14772,14772,14772,4,0
2022-11-24 16:15:46,14771,14771,14771,4,-4
2022-11-24 16:15:48,14771,14771,14771,2,0
2022-11-24 16:15:50,14771,14771,14771,2,0
2022-11-24 16:15:51,14771,14771,14771,2,0
2022-11-24 16:15:51,14772,14772,14772,2,2
2022-11-24 16:15:55,14772,14772,14772,2,0
2022-11-24 16:15:57,14772,14772,14772,4,0
2022-11-24 16:15:57,14772,14772,14772,2,0
2022-11-24 16:15:58,14772,14772,14772,2,0
2022-11-24 16:15:58,14771,14771,14771,6,-6
2022-11-24 16:16:00,14771,14771,14771,2,0
2022-11-24 16:16:00,14772,14772,14772,2,2
2022-11-24 16:16:00,14772,14772,14772,2,0
2022-11-24 16:16:00,14772,14772,14772,2,0
2022-11-24 16:16:00,14772,14772,14772,2,0
2022-11-24 16:16:00,14772,14772,14772,2,0
2022-11-24 16:16:01,14772,14772,14772,2,0
2022-11-24 16:16:04,14772,14772,14772,2,0
2022-11-24 16:16:05,14772,14772,14772,2,0
2022-11-24 16:16:05,14772,14772,14772,2,0
2022-11-24 16:16:05,14772,14772,14772,2,0
2022-11-24 16:16:05,14773,14773,14773,2,2
2022-11-24 16:16:10,14772,14772,14772,2,-2
2022-11-24 16:16:10,14772,14772,14772,2,0
2022-11-24 16:16:17,14771,14771,14771,2,-2
2022-11-24 16:16:18,14772,14772,14772,2,2
2022-11-24 16:16:27,14772,14772,14772,2,0
2022-11-24 16:16:27,14771,14771,14771,2,-2
2022-11-24 16:16:28,14772,14772,14772,2,2
2022-11-24 16:16:28,14773,14773,14773,2,2
2022-11-24 16:16:40,14773,14773,14773,2,0
2022-11-24 16:17:01,14774,14774,14774,2,2
2022-11-24 16:17:01,14774,14774,14774,8,0
2022-11-24 16:17:01,14774,14774,14774,2,0
2022-11-24 16:17:01,14774,14774,14774,6,0
2022-11-24 16:17:09,14774,14774,14774,2,0
2022-11-24 16:17:09,14774,14774,14774,2,0
2022-11-24 16:17:12,14775,14775,14775,2,2
2022-11-24 16:17:12,14775,14775,14775,2,0
2022-11-24 16:17:12,14775,14775,14775,2,0
2022-11-24 16:17:12,14775,14775,14775,2,0
2022-11-24 16:17:12,14775,14775,14775,2,0
2022-11-24 16:17:12,14775,14775,14775,8,0
2022-11-24 16:17:14,14776,14776,14776,2,2
2022-11-24 16:17:22,14776,14776,14776,2,0
2022-11-24 16:17:22,14776,14776,14776,4,0
2022-11-24 16:17:22,14776,14776,14776,8,0
2022-11-24 16:17:28,14776,14776,14776,2,0
2022-11-24 16:17:28,14776,14776,14776,2,0
2022-11-24 16:17:28,14776,14776,14776,6,0
2022-11-24 16:17:34,14777,14777,14777,10,10
2022-11-24 16:17:35,14777,14777,14777,2,0
2022-11-24 16:17:47,14778,14778,14778,2,2
2022-11-24 16:18:00,14778,14778,14778,2,0
2022-11-24 16:18:15,14778,14778,14778,2,0
2022-11-24 16:18:17,14778,14778,14778,6,0
2022-11-24 16:18:22,14778,14778,14778,2,0
2022-11-24 16:18:24,14778,14778,14778,6,0
2022-11-24 16:18:36,14778,14778,14778,10,0
