2022-07-22 15:00:00,14751,14754,14776,80,80
2022-07-22 15:00:00,14776,14777,14776,31,-31
2022-07-22 15:00:00,14776,14777,14775,1,-1
2022-07-22 15:00:00,14775,14777,14777,4,4
2022-07-22 15:00:00,14775,14777,14777,1,1
2022-07-22 15:00:00,14775,14777,14777,1,1
2022-07-22 15:00:00,14776,14777,14777,8,8
2022-07-22 15:00:00,14776,14777,14778,1,1
2022-07-22 15:00:00,14777,14778,14777,1,-1
2022-07-22 15:00:00,14777,14778,14778,1,1
2022-07-22 15:00:00,14776,14778,14775,2,-2
2022-07-22 15:00:00,14776,14778,14774,3,-3
2022-07-22 15:00:00,14776,14778,14776,3,-3
2022-07-22 15:00:00,14776,14778,14777,1,-1
2022-07-22 15:00:00,14775,14778,14778,5,5
2022-07-22 15:00:00,14775,14778,14778,2,2
2022-07-22 15:00:00,14776,14778,14779,11,11
2022-07-22 15:00:00,14776,14778,14778,3,3
2022-07-22 15:00:00,14776,14778,14780,11,11
2022-07-22 15:00:00,14776,14778,14780,2,2
2022-07-22 15:00:00,14776,14778,14779,2,2
2022-07-22 15:00:00,14776,14778,14780,3,3
2022-07-22 15:00:01,14777,14779,14776,1,-1
2022-07-22 15:00:01,14776,14778,14777,1,-1
2022-07-22 15:00:01,14777,14779,14777,1,-1
2022-07-22 15:00:01,14777,14779,14776,1,-1
2022-07-22 15:00:01,14777,14779,14776,1,-1
2022-07-22 15:00:01,14777,14779,14776,1,-1
2022-07-22 15:00:01,14777,14779,14775,2,-2
2022-07-22 15:00:01,14777,14779,14776,1,-1
2022-07-22 15:00:01,14777,14779,14777,2,-2
2022-07-22 15:00:01,14777,14779,14776,1,-1
2022-07-22 15:00:01,14774,14777,14774,1,-1
2022-07-22 15:00:01,14774,14777,14774,1,-1
2022-07-22 15:00:01,14774,14776,14776,2,2
2022-07-22 15:00:01,14774,14776,14776,2,2
2022-07-22 15:00:02,14774,14776,14774,1,-1
2022-07-22 15:00:02,14774,14776,14775,1,-1
2022-07-22 15:00:02,14773,14775,14775,1,1
2022-07-22 15:00:02,14773,14775,14775,1,1
2022-07-22 15:00:02,14773,14774,14774,1,1
2022-07-22 15:00:02,14773,14774,14774,2,2
2022-07-22 15:00:02,14773,14774,14775,2,2
2022-07-22 15:00:02,14773,14774,14775,1,1
2022-07-22 15:00:02,14773,14776,14776,1,1
2022-07-22 15:00:03,14774,14776,14776,1,1
2022-07-22 15:00:03,14774,14776,14774,1,-1
2022-07-22 15:00:03,14773,14776,14773,1,-1
2022-07-22 15:00:03,14773,14775,14775,1,1
2022-07-22 15:00:03,14773,14775,14775,1,1
2022-07-22 15:00:04,14773,14775,14775,1,1
2022-07-22 15:00:04,14773,14775,14775,1,1
2022-07-22 15:00:04,14773,14775,14773,2,-2
2022-07-22 15:00:04,14773,14775,14775,2,2
2022-07-22 15:00:04,14773,14775,14775,1,1
2022-07-22 15:00:05,14773,14775,14775,1,1
2022-07-22 15:00:06,14774,14776,14774,1,-1
2022-07-22 15:00:06,14774,14775,14775,1,1
2022-07-22 15:00:06,14774,14775,14775,1,1
2022-07-22 15:00:06,14774,14775,14775,1,1
2022-07-22 15:00:06,14774,14775,14775,4,4
2022-07-22 15:00:06,14774,14776,14776,1,1
2022-07-22 15:00:06,14774,14776,14776,8,8
2022-07-22 15:00:06,14774,14776,14778,1,1
2022-07-22 15:00:07,14776,14778,14776,1,-1
2022-07-22 15:00:07,14777,14778,14777,1,-1
2022-07-22 15:00:08,14776,14778,14776,1,-1
2022-07-22 15:00:08,14776,14778,14777,1,-1
2022-07-22 15:00:08,14775,14778,14778,2,2
2022-07-22 15:00:08,14775,14778,14778,2,2
2022-07-22 15:00:08,14776,14778,14778,1,1
2022-07-22 15:00:08,14776,14778,14778,2,2
2022-07-22 15:00:08,14776,14778,14776,1,-1
2022-07-22 15:00:08,14776,14778,14778,1,1
2022-07-22 15:00:08,14776,14778,14775,1,-1
2022-07-22 15:00:08,14776,14778,14776,3,-3
2022-07-22 15:00:09,14775,14778,14776,1,-1
2022-07-22 15:00:10,14775,14777,14775,1,-1
2022-07-22 15:00:11,14775,14776,14776,1,1
2022-07-22 15:00:11,14775,14776,14776,1,1
2022-07-22 15:00:11,14775,14776,14776,1,1
2022-07-22 15:00:11,14775,14776,14776,1,1
2022-07-22 15:00:11,14775,14776,14776,2,2
2022-07-22 15:00:12,14775,14776,14776,1,1
2022-07-22 15:00:13,14775,14776,14776,1,1
2022-07-22 15:00:13,14775,14776,14776,1,1
2022-07-22 15:00:14,14775,14776,14775,1,-1
2022-07-22 15:00:14,14775,14776,14774,4,-4
2022-07-22 15:00:14,14774,14776,14775,1,-1
2022-07-22 15:00:14,14774,14776,14775,1,-1
2022-07-22 15:00:14,14774,14776,14776,1,1
2022-07-22 15:00:16,14774,14776,14776,2,2
2022-07-22 15:00:16,14774,14776,14774,1,-1
2022-07-22 15:00:16,14774,14776,14776,1,1
2022-07-22 15:00:16,14774,14776,14776,1,1
2022-07-22 15:00:19,14774,14775,14773,1,-1
2022-07-22 15:00:19,14774,14775,14774,2,-2
2022-07-22 15:00:19,14773,14774,14773,2,-2
2022-07-22 15:00:20,14773,14775,14773,3,-3
2022-07-22 15:00:20,14772,14774,14774,1,1
2022-07-22 15:00:21,14773,14775,14775,1,1
2022-07-22 15:00:21,14773,14775,14775,1,1
2022-07-22 15:00:21,14773,14775,14775,1,1
2022-07-22 15:00:22,14773,14775,14774,3,3
2022-07-22 15:00:22,14773,14775,14775,4,4
2022-07-22 15:00:22,14773,14775,14775,1,1
2022-07-22 15:00:22,14773,14774,14774,1,1
2022-07-22 15:00:23,14773,14774,14772,4,-4
2022-07-22 15:00:23,14773,14774,14773,1,-1
2022-07-22 15:00:24,14773,14775,14775,2,2
2022-07-22 15:00:24,14773,14775,14775,1,1
2022-07-22 15:00:24,14773,14775,14775,1,1
2022-07-22 15:00:24,14773,14775,14775,3,3
2022-07-22 15:00:25,14774,14776,14776,1,1
2022-07-22 15:00:25,14774,14776,14775,1,1
2022-07-22 15:00:25,14774,14776,14774,1,-1
2022-07-22 15:00:27,14774,14775,14774,1,-1
2022-07-22 15:00:27,14773,14775,14773,1,-1
2022-07-22 15:00:27,14773,14774,14773,1,-1
2022-07-22 15:00:27,14772,14774,14772,2,-2
2022-07-22 15:00:28,14773,14774,14774,1,1
2022-07-22 15:00:30,14774,14776,14774,2,-2
2022-07-22 15:00:30,14774,14775,14775,1,1
2022-07-22 15:00:31,14774,14776,14773,2,-2
2022-07-22 15:00:31,14774,14776,14774,3,-3
2022-07-22 15:00:32,14773,14776,14776,1,1
2022-07-22 15:00:32,14773,14776,14776,1,1
2022-07-22 15:00:32,14774,14776,14774,1,-1
2022-07-22 15:00:33,14774,14775,14775,1,1
2022-07-22 15:00:33,14774,14775,14776,11,11
2022-07-22 15:00:33,14774,14775,14777,4,4
2022-07-22 15:00:34,14776,14778,14778,5,5
2022-07-22 15:00:34,14776,14778,14776,2,-2
2022-07-22 15:00:34,14776,14778,14778,5,5
2022-07-22 15:00:35,14776,14778,14778,4,4
2022-07-22 15:00:35,14777,14779,14777,2,-2
2022-07-22 15:00:36,14777,14779,14777,2,-2
2022-07-22 15:00:36,14776,14778,14778,1,1
2022-07-22 15:00:36,14776,14778,14778,1,1
2022-07-22 15:00:36,14776,14778,14778,1,1
2022-07-22 15:00:36,14776,14778,14778,2,2
2022-07-22 15:00:37,14776,14778,14778,3,3
2022-07-22 15:00:37,14776,14778,14779,2,2
2022-07-22 15:00:37,14776,14778,14778,1,1
2022-07-22 15:00:37,14777,14779,14778,2,2
2022-07-22 15:00:37,14777,14779,14777,1,-1
2022-07-22 15:00:37,14776,14778,14778,1,1
2022-07-22 15:00:37,14776,14778,14778,1,1
2022-07-22 15:00:38,14776,14778,14778,1,1
2022-07-22 15:00:38,14777,14779,14779,4,4
2022-07-22 15:00:38,14777,14779,14778,1,1
2022-07-22 15:00:39,14777,14779,14779,1,1
2022-07-22 15:00:39,14777,14779,14779,1,1
2022-07-22 15:00:41,14778,14779,14778,7,-7
2022-07-22 15:00:41,14777,14778,14777,1,-1
2022-07-22 15:00:41,14776,14777,14778,1,1
2022-07-22 15:00:41,14776,14777,14777,1,1
2022-07-22 15:00:41,14776,14778,14778,3,3
2022-07-22 15:00:44,14777,14779,14777,1,-1
2022-07-22 15:00:47,14777,14778,14778,1,1
2022-07-22 15:00:48,14777,14778,14777,1,-1
2022-07-22 15:00:50,14777,14778,14778,1,1
2022-07-22 15:00:51,14777,14778,14778,1,1
2022-07-22 15:00:51,14777,14778,14777,1,-1
2022-07-22 15:00:51,14777,14778,14778,1,1
2022-07-22 15:00:51,14777,14778,14778,4,4
2022-07-22 15:00:51,14778,14779,14779,4,4
2022-07-22 15:00:53,14778,14779,14779,1,1
2022-07-22 15:00:53,14778,14779,14779,1,1
2022-07-22 15:00:53,14778,14779,14779,3,3
2022-07-22 15:00:53,14779,14780,14780,2,2
2022-07-22 15:00:54,14779,14780,14779,1,-1
2022-07-22 15:00:54,14779,14780,14780,1,1
2022-07-22 15:00:54,14779,14780,14780,16,16
2022-07-22 15:00:55,14780,14781,14781,1,1
2022-07-22 15:00:55,14780,14781,14781,2,2
2022-07-22 15:00:56,14780,14781,14780,1,-1
2022-07-22 15:00:56,14780,14781,14781,2,2
2022-07-22 15:00:56,14780,14781,14781,1,1
2022-07-22 15:00:56,14780,14781,14781,1,1
2022-07-22 15:00:57,14780,14781,14780,1,-1
2022-07-22 15:00:57,14780,14781,14780,1,-1
2022-07-22 15:00:57,14779,14780,14780,1,1
2022-07-22 15:00:57,14779,14780,14781,1,1
2022-07-22 15:00:57,14780,14781,14781,1,1
2022-07-22 15:00:57,14780,14781,14781,1,1
2022-07-22 15:00:58,14780,14781,14781,1,1
2022-07-22 15:00:58,14780,14781,14781,1,1
2022-07-22 15:00:58,14780,14781,14781,1,1
2022-07-22 15:00:58,14780,14781,14780,2,-2
2022-07-22 15:00:59,14779,14781,14780,2,-2
2022-07-22 15:00:59,14779,14781,14780,1,-1
2022-07-22 15:00:59,14779,14781,14781,1,1
2022-07-22 15:00:59,14779,14781,14780,1,1
2022-07-22 15:00:59,14780,14781,14781,1,1
2022-07-22 15:01:00,14780,14782,14782,1,1
2022-07-22 15:01:00,14780,14782,14782,1,1
2022-07-22 15:01:00,14780,14782,14782,3,3
2022-07-22 15:01:00,14780,14782,14780,1,-1
2022-07-22 15:01:00,14780,14782,14782,2,2
2022-07-22 15:01:00,14780,14782,14782,1,1
2022-07-22 15:01:00,14780,14782,14782,1,1
2022-07-22 15:01:00,14780,14782,14782,1,1
2022-07-22 15:01:00,14780,14782,14783,1,1
2022-07-22 15:01:00,14780,14782,14783,1,1
2022-07-22 15:01:00,14780,14782,14784,1,1
2022-07-22 15:01:00,14780,14782,14782,1,1
2022-07-22 15:01:00,14780,14782,14782,1,1
2022-07-22 15:01:00,14781,14783,14782,1,1
2022-07-22 15:01:00,14781,14782,14782,2,2
2022-07-22 15:01:00,14781,14783,14781,2,-2
2022-07-22 15:01:00,14780,14781,14781,1,1
2022-07-22 15:01:01,14781,14782,14781,2,-2
2022-07-22 15:01:01,14780,14782,14782,1,1
2022-07-22 15:01:01,14780,14782,14782,1,1
2022-07-22 15:01:01,14780,14782,14782,2,2
2022-07-22 15:01:02,14780,14782,14782,1,1
2022-07-22 15:01:02,14780,14782,14782,1,1
2022-07-22 15:01:02,14780,14782,14782,1,1
2022-07-22 15:01:03,14780,14782,14780,4,-4
2022-07-22 15:01:03,14780,14781,14781,1,1
2022-07-22 15:01:03,14780,14781,14781,1,1
2022-07-22 15:01:03,14780,14781,14780,2,-2
2022-07-22 15:01:03,14780,14781,14780,2,-2
2022-07-22 15:01:05,14780,14781,14781,1,1
2022-07-22 15:01:06,14780,14781,14781,1,1
2022-07-22 15:01:06,14780,14781,14781,4,4
2022-07-22 15:01:06,14780,14781,14780,2,-2
2022-07-22 15:01:06,14780,14781,14780,1,-1
2022-07-22 15:01:06,14780,14781,14780,1,-1
2022-07-22 15:01:06,14780,14781,14780,1,-1
2022-07-22 15:01:06,14779,14780,14780,1,1
2022-07-22 15:01:07,14779,14781,14780,2,2
2022-07-22 15:01:07,14779,14781,14780,1,1
2022-07-22 15:01:07,14779,14781,14780,1,1
2022-07-22 15:01:07,14779,14781,14781,1,1
2022-07-22 15:01:07,14779,14781,14779,1,-1
2022-07-22 15:01:07,14779,14780,14780,1,1
2022-07-22 15:01:07,14779,14780,14781,1,1
2022-07-22 15:01:09,14779,14781,14780,1,1
2022-07-22 15:01:09,14779,14781,14781,1,1
2022-07-22 15:01:10,14778,14780,14780,1,1
2022-07-22 15:01:11,14778,14779,14778,2,-2
2022-07-22 15:01:13,14777,14778,14777,1,-1
2022-07-22 15:01:13,14777,14778,14777,1,-1
2022-07-22 15:01:13,14777,14778,14777,2,-2
2022-07-22 15:01:13,14777,14778,14777,2,-2
2022-07-22 15:01:13,14776,14778,14776,2,-2
2022-07-22 15:01:13,14776,14778,14778,2,2
2022-07-22 15:01:15,14777,14779,14777,3,-3
2022-07-22 15:01:15,14777,14779,14776,1,-1
2022-07-22 15:01:16,14776,14778,14776,5,-5
2022-07-22 15:01:18,14775,14777,14777,1,1
2022-07-22 15:01:20,14777,14779,14777,1,-1
2022-07-22 15:01:20,14777,14779,14779,1,1
2022-07-22 15:01:20,14777,14779,14779,1,1
2022-07-22 15:01:24,14778,14779,14779,1,1
2022-07-22 15:01:25,14778,14780,14778,1,-1
2022-07-22 15:01:25,14777,14778,14778,1,1
2022-07-22 15:01:26,14777,14779,14779,1,1
2022-07-22 15:01:28,14777,14778,14777,3,-3
2022-07-22 15:01:29,14776,14778,14778,1,1
2022-07-22 15:01:29,14776,14778,14778,1,1
2022-07-22 15:01:29,14776,14778,14778,1,1
2022-07-22 15:01:29,14776,14778,14778,1,1
2022-07-22 15:01:30,14776,14778,14778,4,4
2022-07-22 15:01:30,14776,14778,14778,1,1
2022-07-22 15:01:31,14776,14778,14776,1,-1
2022-07-22 15:01:33,14777,14778,14778,1,1
2022-07-22 15:01:34,14777,14778,14778,1,1
2022-07-22 15:01:34,14777,14778,14777,1,-1
2022-07-22 15:01:35,14776,14777,14777,1,1
2022-07-22 15:01:35,14776,14777,14776,3,-3
2022-07-22 15:01:35,14775,14777,14776,1,-1
2022-07-22 15:01:36,14775,14777,14777,1,1
2022-07-22 15:01:36,14775,14777,14777,1,1
2022-07-22 15:01:37,14776,14777,14777,1,1
2022-07-22 15:01:40,14776,14777,14776,3,-3
2022-07-22 15:01:40,14775,14777,14777,3,3
2022-07-22 15:01:40,14775,14777,14777,1,1
2022-07-22 15:01:44,14776,14777,14777,1,1
2022-07-22 15:01:45,14776,14777,14776,1,-1
2022-07-22 15:01:45,14775,14776,14776,1,1
2022-07-22 15:01:45,14775,14776,14775,6,-6
2022-07-22 15:01:46,14773,14775,14775,1,1
2022-07-22 15:01:47,14773,14775,14775,1,1
2022-07-22 15:01:47,14773,14775,14775,1,1
2022-07-22 15:01:49,14773,14775,14773,1,-1
2022-07-22 15:01:50,14773,14774,14773,1,-1
2022-07-22 15:01:50,14772,14773,14772,1,-1
2022-07-22 15:01:50,14772,14773,14772,4,-4
2022-07-22 15:01:51,14772,14773,14772,1,-1
2022-07-22 15:01:52,14771,14772,14771,2,-2
2022-07-22 15:01:52,14771,14772,14772,3,3
2022-07-22 15:01:52,14771,14772,14771,5,-5
2022-07-22 15:01:52,14771,14772,14772,3,3
2022-07-22 15:01:52,14771,14772,14772,3,3
2022-07-22 15:01:52,14771,14772,14771,1,-1
2022-07-22 15:01:53,14770,14772,14772,1,1
2022-07-22 15:01:53,14770,14772,14770,1,-1
2022-07-22 15:01:54,14770,14772,14770,3,-3
2022-07-22 15:01:54,14770,14772,14770,1,-1
2022-07-22 15:01:54,14770,14772,14770,3,-3
2022-07-22 15:01:54,14770,14772,14770,1,-1
2022-07-22 15:01:54,14770,14772,14770,4,-4
2022-07-22 15:01:54,14770,14772,14771,3,-3
2022-07-22 15:01:54,14769,14771,14771,1,1
2022-07-22 15:01:54,14769,14771,14772,5,5
2022-07-22 15:01:54,14769,14771,14772,1,1
2022-07-22 15:01:54,14770,14772,14772,1,1
2022-07-22 15:01:56,14772,14774,14774,3,3
2022-07-22 15:01:59,14772,14773,14773,1,1
2022-07-22 15:01:59,14772,14773,14774,1,1
2022-07-22 15:01:59,14772,14774,14774,2,2
2022-07-22 15:02:01,14773,14774,14773,3,-3
2022-07-22 15:02:01,14772,14773,14772,1,-1
2022-07-22 15:02:02,14771,14773,14772,1,-1
2022-07-22 15:02:03,14771,14773,14773,1,1
2022-07-22 15:02:05,14771,14774,14774,1,1
2022-07-22 15:02:12,14772,14773,14773,1,1
2022-07-22 15:02:13,14772,14774,14774,1,1
2022-07-22 15:02:13,14772,14774,14774,5,5
2022-07-22 15:02:13,14772,14774,14774,3,3
2022-07-22 15:02:15,14772,14773,14773,1,1
2022-07-22 15:02:18,14772,14774,14772,1,-1
2022-07-22 15:02:19,14772,14774,14772,2,-2
2022-07-22 15:02:19,14772,14774,14774,1,1
2022-07-22 15:02:21,14772,14773,14772,1,-1
2022-07-22 15:02:21,14771,14772,14771,4,-4
2022-07-22 15:02:24,14771,14772,14771,1,-1
2022-07-22 15:02:26,14771,14772,14771,1,-1
2022-07-22 15:02:26,14770,14771,14771,1,1
2022-07-22 15:02:29,14770,14771,14771,1,1
2022-07-22 15:02:29,14770,14772,14772,2,2
2022-07-22 15:02:33,14770,14771,14771,1,1
2022-07-22 15:02:35,14770,14771,14770,1,-1
2022-07-22 15:02:35,14770,14771,14770,1,-1
2022-07-22 15:02:35,14770,14771,14770,2,-2
2022-07-22 15:02:35,14770,14771,14770,1,-1
2022-07-22 15:02:36,14770,14771,14770,1,-1
2022-07-22 15:02:38,14769,14771,14770,1,-1
2022-07-22 15:02:38,14769,14770,14768,1,-1
2022-07-22 15:02:38,14769,14770,14769,7,-7
2022-07-22 15:02:39,14768,14770,14768,1,-1
2022-07-22 15:02:41,14768,14769,14768,13,-13
2022-07-22 15:02:41,14767,14768,14768,1,1
2022-07-22 15:02:43,14768,14769,14768,1,-1
2022-07-22 15:02:43,14768,14769,14767,4,-4
2022-07-22 15:02:44,14767,14768,14768,1,1
2022-07-22 15:02:49,14767,14768,14767,1,-1
2022-07-22 15:02:49,14767,14768,14767,2,-2
2022-07-22 15:02:49,14767,14768,14767,3,-3
2022-07-22 15:02:49,14767,14768,14767,1,-1
2022-07-22 15:02:49,14767,14768,14767,1,-1
2022-07-22 15:02:50,14766,14767,14766,5,-5
2022-07-22 15:02:50,14766,14767,14766,5,-5
2022-07-22 15:02:51,14765,14766,14766,1,1
2022-07-22 15:02:52,14765,14766,14766,2,2
2022-07-22 15:02:52,14765,14766,14766,1,1
2022-07-22 15:02:52,14766,14768,14766,1,-1
2022-07-22 15:02:54,14766,14768,14766,3,-3
2022-07-22 15:02:54,14766,14768,14767,3,-3
2022-07-22 15:02:55,14766,14768,14768,1,1
2022-07-22 15:02:55,14766,14768,14768,5,5
2022-07-22 15:02:56,14768,14770,14768,1,-1
2022-07-22 15:02:57,14768,14769,14769,1,1
2022-07-22 15:02:58,14769,14770,14769,1,-1
2022-07-22 15:02:58,14769,14770,14769,1,-1
2022-07-22 15:03:00,14769,14770,14770,1,1
2022-07-22 15:03:05,14769,14770,14770,2,2
2022-07-22 15:03:05,14769,14770,14771,2,2
2022-07-22 15:03:05,14771,14772,14772,5,5
2022-07-22 15:03:05,14772,14773,14773,4,4
2022-07-22 15:03:05,14772,14773,14773,1,1
2022-07-22 15:03:05,14772,14774,14774,2,2
2022-07-22 15:03:06,14772,14774,14774,1,1
2022-07-22 15:03:08,14772,14774,14772,1,-1
2022-07-22 15:03:11,14772,14774,14774,3,3
2022-07-22 15:03:12,14772,14774,14772,1,-1
2022-07-22 15:03:13,14771,14773,14773,2,2
2022-07-22 15:03:15,14771,14773,14773,1,1
2022-07-22 15:03:15,14771,14773,14774,1,1
2022-07-22 15:03:15,14771,14773,14774,4,4
2022-07-22 15:03:15,14771,14773,14775,8,8
2022-07-22 15:03:15,14775,14776,14775,1,-1
2022-07-22 15:03:17,14775,14776,14776,1,1
2022-07-22 15:03:17,14776,14777,14777,6,6
2022-07-22 15:03:20,14776,14778,14776,1,-1
2022-07-22 15:03:21,14776,14778,14776,1,-1
2022-07-22 15:03:21,14776,14777,14776,1,-1
2022-07-22 15:03:22,14775,14776,14774,1,-1
2022-07-22 15:03:23,14774,14776,14776,3,3
2022-07-22 15:03:23,14774,14776,14775,3,3
2022-07-22 15:03:23,14774,14776,14776,1,1
2022-07-22 15:03:23,14774,14776,14777,7,7
2022-07-22 15:03:23,14775,14777,14776,1,1
2022-07-22 15:03:23,14775,14777,14776,3,3
2022-07-22 15:03:24,14776,14777,14776,3,-3
2022-07-22 15:03:24,14776,14777,14776,2,-2
2022-07-22 15:03:24,14775,14777,14775,3,-3
2022-07-22 15:03:25,14774,14776,14776,1,1
2022-07-22 15:03:26,14774,14776,14777,4,4
2022-07-22 15:03:26,14774,14776,14776,1,1
2022-07-22 15:03:35,14773,14775,14773,2,-2
2022-07-22 15:03:39,14774,14775,14775,2,2
2022-07-22 15:03:43,14774,14776,14774,2,-2
2022-07-22 15:03:53,14774,14775,14775,1,1
2022-07-22 15:04:02,14773,14774,14774,1,1
2022-07-22 15:04:02,14773,14774,14774,2,2
2022-07-22 15:04:02,14774,14775,14775,3,3
2022-07-22 15:04:03,14774,14776,14776,5,5
2022-07-22 15:04:04,14775,14777,14777,1,1
2022-07-22 15:04:11,14774,14776,14776,1,1
2022-07-22 15:04:14,14774,14775,14775,1,1
2022-07-22 15:04:16,14775,14776,14776,1,1
2022-07-22 15:04:16,14775,14776,14776,3,3
2022-07-22 15:04:19,14775,14776,14776,1,1
2022-07-22 15:04:20,14776,14777,14776,1,-1
2022-07-22 15:04:20,14776,14777,14775,1,-1
2022-07-22 15:04:20,14776,14777,14775,2,-2
2022-07-22 15:04:20,14776,14777,14775,3,-3
2022-07-22 15:04:29,14775,14776,14776,2,2
2022-07-22 15:04:29,14775,14776,14777,5,5
2022-07-22 15:04:29,14775,14776,14777,4,4
2022-07-22 15:04:29,14775,14776,14777,3,3
2022-07-22 15:04:32,14777,14778,14778,2,2
2022-07-22 15:04:32,14777,14778,14778,1,1
2022-07-22 15:04:32,14777,14778,14778,5,5
2022-07-22 15:04:32,14777,14778,14778,3,3
2022-07-22 15:04:32,14777,14778,14778,1,1
2022-07-22 15:04:32,14777,14778,14778,1,1
2022-07-22 15:04:32,14777,14778,14778,1,1
2022-07-22 15:04:32,14778,14779,14779,3,3
2022-07-22 15:04:33,14777,14779,14777,5,-5
2022-07-22 15:04:34,14777,14779,14777,1,-1
2022-07-22 15:04:40,14778,14779,14778,2,-2
2022-07-22 15:04:40,14778,14779,14779,1,1
2022-07-22 15:04:41,14778,14779,14778,2,-2
2022-07-22 15:04:43,14778,14779,14779,2,2
2022-07-22 15:04:43,14778,14779,14779,1,1
2022-07-22 15:04:43,14778,14779,14779,3,3
2022-07-22 15:04:43,14778,14779,14779,1,1
2022-07-22 15:04:43,14778,14779,14779,1,1
2022-07-22 15:04:43,14778,14779,14779,1,1
2022-07-22 15:04:44,14779,14780,14780,18,18
2022-07-22 15:04:44,14780,14781,14781,11,11
2022-07-22 15:04:46,14780,14782,14780,5,-5
2022-07-22 15:04:48,14779,14780,14780,1,1
2022-07-22 15:04:50,14780,14781,14780,1,-1
2022-07-22 15:04:50,14780,14781,14780,1,-1
2022-07-22 15:04:50,14779,14780,14780,1,1
2022-07-22 15:04:50,14779,14780,14781,2,2
2022-07-22 15:04:52,14779,14781,14779,1,-1
2022-07-22 15:04:55,14779,14780,14780,1,1
2022-07-22 15:04:57,14779,14780,14780,1,1
2022-07-22 15:04:58,14779,14780,14779,8,-8
2022-07-22 15:04:59,14778,14780,14779,1,-1
2022-07-22 15:04:59,14778,14780,14779,1,-1
2022-07-22 15:05:00,14778,14779,14778,1,-1
2022-07-22 15:05:01,14777,14778,14778,1,1
2022-07-22 15:05:01,14777,14778,14778,1,1
2022-07-22 15:05:01,14777,14778,14779,1,1
2022-07-22 15:05:01,14778,14779,14778,1,-1
2022-07-22 15:05:02,14777,14778,14778,1,1
2022-07-22 15:05:03,14777,14778,14777,2,-2
2022-07-22 15:05:03,14777,14778,14776,3,-3
2022-07-22 15:05:04,14776,14777,14775,2,-2
2022-07-22 15:05:04,14776,14777,14776,3,-3
2022-07-22 15:05:05,14776,14777,14776,1,-1
2022-07-22 15:05:07,14775,14776,14775,1,-1
2022-07-22 15:05:08,14774,14775,14776,1,1
2022-07-22 15:05:08,14775,14776,14775,1,-1
2022-07-22 15:05:11,14775,14776,14775,1,-1
2022-07-22 15:05:17,14775,14776,14775,1,-1
2022-07-22 15:05:20,14775,14776,14775,1,-1
2022-07-22 15:05:20,14775,14776,14775,1,-1
2022-07-22 15:05:24,14774,14776,14774,1,-1
2022-07-22 15:05:28,14774,14776,14776,1,1
2022-07-22 15:05:32,14775,14776,14774,2,-2
2022-07-22 15:05:32,14775,14776,14775,3,-3
2022-07-22 15:05:32,14774,14776,14776,1,1
2022-07-22 15:05:33,14774,14776,14774,1,-1
2022-07-22 15:05:38,14774,14775,14775,1,1
2022-07-22 15:05:38,14774,14775,14775,1,1
2022-07-22 15:05:38,14775,14776,14775,3,-3
2022-07-22 15:05:39,14774,14775,14775,1,1
2022-07-22 15:05:40,14774,14775,14775,1,1
2022-07-22 15:05:44,14774,14775,14774,3,-3
2022-07-22 15:05:48,14773,14774,14774,1,1
2022-07-22 15:05:53,14773,14774,14774,1,1
2022-07-22 15:05:53,14773,14774,14773,1,-1
2022-07-22 15:05:55,14773,14774,14773,1,-1
2022-07-22 15:05:55,14773,14774,14773,1,-1
2022-07-22 15:05:55,14773,14774,14773,5,-5
2022-07-22 15:05:55,14773,14774,14773,1,-1
2022-07-22 15:05:56,14771,14773,14773,2,2
2022-07-22 15:06:02,14771,14773,14773,1,1
2022-07-22 15:06:03,14771,14772,14771,1,-1
2022-07-22 15:06:06,14771,14772,14771,1,-1
2022-07-22 15:06:06,14771,14772,14771,1,-1
2022-07-22 15:06:07,14771,14772,14772,1,1
2022-07-22 15:06:07,14771,14772,14772,1,1
2022-07-22 15:06:08,14771,14773,14772,1,1
2022-07-22 15:06:08,14771,14773,14773,4,4
2022-07-22 15:06:11,14771,14772,14772,1,1
2022-07-22 15:06:12,14771,14772,14771,16,-16
2022-07-22 15:06:20,14771,14772,14772,1,1
2022-07-22 15:06:21,14771,14772,14771,1,-1
2022-07-22 15:06:21,14770,14772,14772,1,1
2022-07-22 15:06:25,14770,14771,14771,1,1
2022-07-22 15:06:26,14770,14772,14772,1,1
2022-07-22 15:06:30,14771,14772,14771,2,-2
2022-07-22 15:06:30,14771,14772,14772,3,3
2022-07-22 15:06:32,14772,14773,14773,3,3
2022-07-22 15:06:32,14772,14773,14773,1,1
2022-07-22 15:06:32,14772,14773,14773,3,3
2022-07-22 15:06:32,14772,14773,14773,1,1
2022-07-22 15:06:32,14772,14773,14773,3,3
2022-07-22 15:06:32,14772,14773,14773,3,3
2022-07-22 15:06:33,14772,14773,14773,6,6
2022-07-22 15:06:33,14773,14774,14774,1,1
2022-07-22 15:06:34,14773,14775,14773,1,-1
2022-07-22 15:06:35,14772,14774,14774,1,1
2022-07-22 15:06:35,14772,14774,14772,5,-5
2022-07-22 15:06:37,14772,14773,14772,1,-1
2022-07-22 15:06:40,14772,14773,14772,2,-2
2022-07-22 15:06:40,14772,14773,14772,2,-2
2022-07-22 15:06:41,14771,14772,14771,1,-1
2022-07-22 15:06:41,14771,14772,14771,1,-1
2022-07-22 15:06:41,14771,14772,14771,5,-5
2022-07-22 15:06:41,14771,14772,14771,1,-1
2022-07-22 15:06:42,14770,14772,14772,1,1
2022-07-22 15:06:42,14770,14772,14772,1,1
2022-07-22 15:06:43,14770,14771,14770,1,-1
2022-07-22 15:06:43,14770,14771,14770,2,-2
2022-07-22 15:06:43,14770,14771,14770,4,-4
2022-07-22 15:06:43,14770,14771,14770,2,-2
2022-07-22 15:06:43,14770,14771,14770,3,-3
2022-07-22 15:06:43,14770,14771,14770,2,-2
2022-07-22 15:06:43,14769,14770,14769,2,-2
2022-07-22 15:06:43,14769,14770,14769,3,-3
2022-07-22 15:06:45,14769,14770,14769,6,-6
2022-07-22 15:06:45,14768,14769,14768,4,-4
2022-07-22 15:06:45,14768,14769,14768,3,-3
2022-07-22 15:06:58,14769,14770,14769,3,-3
2022-07-22 15:07:01,14768,14770,14768,1,-1
2022-07-22 15:07:05,14769,14770,14770,1,1
2022-07-22 15:07:12,14769,14770,14770,1,1
2022-07-22 15:07:23,14769,14770,14770,1,1
2022-07-22 15:07:25,14770,14771,14771,1,1
2022-07-22 15:07:25,14770,14771,14771,1,1
2022-07-22 15:07:27,14770,14771,14770,5,-5
2022-07-22 15:07:30,14770,14771,14771,1,1
2022-07-22 15:07:31,14772,14773,14772,1,-1
2022-07-22 15:07:35,14771,14773,14773,2,2
2022-07-22 15:07:36,14773,14774,14774,1,1
2022-07-22 15:07:36,14773,14774,14774,1,1
2022-07-22 15:07:36,14774,14775,14775,3,3
2022-07-22 15:07:36,14774,14775,14775,2,2
2022-07-22 15:07:38,14775,14776,14776,1,1
2022-07-22 15:07:38,14775,14776,14776,1,1
2022-07-22 15:07:38,14775,14776,14776,2,2
2022-07-22 15:07:38,14775,14776,14776,1,1
2022-07-22 15:07:38,14776,14777,14777,2,2
2022-07-22 15:07:38,14776,14778,14776,1,-1
2022-07-22 15:07:39,14776,14777,14776,1,-1
2022-07-22 15:07:41,14775,14777,14777,1,1
2022-07-22 15:07:42,14775,14777,14775,1,-1
2022-07-22 15:07:50,14775,14776,14775,6,-6
2022-07-22 15:07:51,14774,14775,14774,1,-1
2022-07-22 15:07:53,14773,14774,14773,1,-1
2022-07-22 15:07:54,14773,14775,14773,1,-1
2022-07-22 15:07:54,14773,14775,14775,1,1
2022-07-22 15:07:55,14773,14775,14774,1,1
2022-07-22 15:08:06,14774,14775,14775,1,1
2022-07-22 15:08:06,14774,14775,14776,2,2
2022-07-22 15:08:06,14775,14777,14777,1,1
2022-07-22 15:08:06,14775,14777,14777,1,1
2022-07-22 15:08:06,14775,14777,14777,2,2
2022-07-22 15:08:06,14775,14777,14777,6,6
2022-07-22 15:08:06,14775,14777,14778,1,1
2022-07-22 15:08:06,14775,14777,14778,1,1
2022-07-22 15:08:06,14776,14778,14776,1,-1
2022-07-22 15:08:10,14777,14778,14778,3,3
2022-07-22 15:08:10,14777,14778,14778,1,1
2022-07-22 15:08:10,14778,14779,14779,1,1
2022-07-22 15:08:10,14778,14779,14779,1,1
2022-07-22 15:08:10,14778,14779,14779,5,5
2022-07-22 15:08:10,14778,14779,14780,1,1
2022-07-22 15:08:11,14778,14780,14778,1,-1
2022-07-22 15:08:13,14779,14780,14780,2,2
2022-07-22 15:08:17,14779,14780,14780,1,1
2022-07-22 15:08:17,14779,14780,14780,1,1
2022-07-22 15:08:17,14779,14780,14779,1,-1
2022-07-22 15:08:17,14779,14780,14780,6,6
2022-07-22 15:08:18,14780,14781,14779,1,-1
2022-07-22 15:08:18,14780,14781,14780,2,-2
2022-07-22 15:08:21,14779,14780,14780,1,1
2022-07-22 15:08:21,14779,14780,14779,2,-2
2022-07-22 15:08:21,14779,14780,14779,1,-1
2022-07-22 15:08:21,14779,14780,14779,1,-1
2022-07-22 15:08:21,14779,14780,14779,1,-1
2022-07-22 15:08:24,14778,14779,14778,3,-3
2022-07-22 15:08:24,14778,14779,14778,2,-2
2022-07-22 15:08:27,14777,14779,14779,1,1
2022-07-22 15:08:27,14777,14779,14779,3,3
2022-07-22 15:08:27,14777,14779,14779,1,1
2022-07-22 15:08:27,14777,14779,14779,4,4
2022-07-22 15:08:28,14779,14780,14780,2,2
2022-07-22 15:08:28,14779,14780,14781,1,1
2022-07-22 15:08:32,14780,14781,14781,1,1
2022-07-22 15:08:34,14780,14781,14780,1,-1
2022-07-22 15:08:34,14780,14781,14780,4,-4
2022-07-22 15:08:34,14779,14780,14780,2,2
2022-07-22 15:08:46,14779,14780,14779,1,-1
2022-07-22 15:08:46,14779,14780,14780,1,1
2022-07-22 15:08:46,14779,14780,14781,1,1
2022-07-22 15:08:50,14779,14780,14780,1,1
2022-07-22 15:08:51,14780,14781,14780,1,-1
2022-07-22 15:08:51,14779,14781,14780,1,-1
2022-07-22 15:08:59,14779,14780,14780,1,1
2022-07-22 15:09:02,14779,14780,14779,1,-1
2022-07-22 15:09:02,14779,14780,14780,1,1
2022-07-22 15:09:02,14779,14780,14780,1,1
2022-07-22 15:09:02,14779,14780,14780,1,1
2022-07-22 15:09:02,14779,14780,14780,1,1
2022-07-22 15:09:03,14779,14780,14779,1,-1
2022-07-22 15:09:03,14779,14780,14779,3,-3
2022-07-22 15:09:03,14778,14780,14780,1,1
2022-07-22 15:09:05,14778,14780,14778,3,-3
2022-07-22 15:09:06,14778,14779,14779,2,2
2022-07-22 15:09:11,14778,14779,14778,2,-2
2022-07-22 15:09:11,14778,14779,14779,1,1
2022-07-22 15:09:11,14778,14779,14779,2,2
2022-07-22 15:09:14,14778,14779,14779,1,1
2022-07-22 15:09:14,14778,14779,14779,1,1
2022-07-22 15:09:15,14779,14781,14781,1,1
2022-07-22 15:09:17,14780,14781,14780,3,-3
2022-07-22 15:09:17,14780,14781,14780,3,-3
2022-07-22 15:09:17,14780,14781,14780,2,-2
2022-07-22 15:09:24,14779,14780,14780,1,1
2022-07-22 15:09:24,14779,14780,14780,1,1
2022-07-22 15:09:25,14779,14781,14781,1,1
2022-07-22 15:09:26,14779,14780,14780,1,1
2022-07-22 15:09:29,14779,14780,14780,2,2
2022-07-22 15:09:30,14780,14781,14781,1,1
2022-07-22 15:09:31,14780,14781,14781,3,3
2022-07-22 15:09:31,14780,14781,14781,1,1
2022-07-22 15:09:31,14780,14781,14781,3,3
2022-07-22 15:09:35,14781,14782,14781,1,-1
2022-07-22 15:09:38,14781,14782,14781,2,-2
2022-07-22 15:09:40,14780,14781,14780,4,-4
2022-07-22 15:09:43,14779,14780,14780,1,1
2022-07-22 15:09:45,14780,14781,14780,1,-1
2022-07-22 15:09:49,14780,14781,14781,1,1
2022-07-22 15:09:56,14780,14781,14781,1,1
2022-07-22 15:10:00,14780,14781,14781,2,2
2022-07-22 15:10:00,14780,14781,14781,1,1
2022-07-22 15:10:02,14780,14781,14781,1,1
2022-07-22 15:10:02,14780,14781,14781,1,1
2022-07-22 15:10:02,14780,14781,14781,1,1
2022-07-22 15:10:02,14780,14781,14781,3,3
2022-07-22 15:10:02,14780,14781,14781,1,1
2022-07-22 15:10:02,14780,14781,14781,1,1
2022-07-22 15:10:03,14781,14782,14782,25,25
2022-07-22 15:10:03,14781,14782,14783,1,1
2022-07-22 15:10:03,14781,14782,14783,1,1
2022-07-22 15:10:03,14781,14782,14783,1,1
2022-07-22 15:10:03,14781,14782,14783,3,3
2022-07-22 15:10:03,14781,14782,14783,1,1
2022-07-22 15:10:03,14781,14782,14783,1,1
2022-07-22 15:10:03,14782,14784,14784,2,2
2022-07-22 15:10:03,14782,14784,14783,1,1
2022-07-22 15:10:03,14782,14784,14784,1,1
2022-07-22 15:10:03,14782,14784,14784,1,1
2022-07-22 15:10:03,14782,14784,14784,1,1
2022-07-22 15:10:03,14782,14784,14784,1,1
2022-07-22 15:10:03,14782,14784,14784,1,1
2022-07-22 15:10:03,14782,14784,14784,1,1
2022-07-22 15:10:03,14782,14784,14784,1,1
2022-07-22 15:10:04,14782,14784,14784,3,3
2022-07-22 15:10:04,14782,14784,14784,1,1
2022-07-22 15:10:09,14783,14784,14783,1,-1
2022-07-22 15:10:10,14783,14784,14783,1,-1
2022-07-22 15:10:11,14782,14783,14782,3,-3
2022-07-22 15:10:11,14781,14783,14783,2,2
2022-07-22 15:10:11,14781,14783,14783,1,1
2022-07-22 15:10:12,14781,14782,14782,1,1
2022-07-22 15:10:13,14781,14782,14782,1,1
2022-07-22 15:10:14,14781,14782,14781,3,-3
2022-07-22 15:10:16,14780,14782,14782,1,1
2022-07-22 15:10:18,14780,14781,14780,4,-4
2022-07-22 15:10:19,14779,14781,14781,3,3
2022-07-22 15:10:22,14779,14780,14779,2,-2
2022-07-22 15:10:26,14778,14780,14780,1,1
2022-07-22 15:10:26,14778,14780,14778,1,-1
2022-07-22 15:10:27,14778,14779,14779,1,1
2022-07-22 15:10:27,14778,14779,14778,3,-3
2022-07-22 15:10:28,14777,14779,14779,1,1
2022-07-22 15:10:34,14778,14779,14778,1,-1
2022-07-22 15:10:34,14777,14778,14777,1,-1
2022-07-22 15:10:34,14777,14778,14777,3,-3
2022-07-22 15:10:36,14776,14778,14778,1,1
2022-07-22 15:10:44,14778,14779,14778,1,-1
2022-07-22 15:10:47,14777,14778,14778,2,2
2022-07-22 15:10:53,14777,14778,14778,1,1
2022-07-22 15:10:59,14777,14778,14778,1,1
2022-07-22 15:11:00,14777,14778,14778,1,1
2022-07-22 15:11:00,14777,14778,14778,1,1
2022-07-22 15:11:00,14777,14778,14779,2,2
2022-07-22 15:11:00,14777,14778,14779,1,1
2022-07-22 15:11:00,14777,14778,14779,1,1
2022-07-22 15:11:06,14777,14779,14777,2,-2
2022-07-22 15:11:06,14776,14778,14778,1,1
2022-07-22 15:11:12,14776,14778,14776,1,-1
2022-07-22 15:11:21,14777,14778,14778,1,1
2022-07-22 15:11:21,14777,14778,14778,2,2
2022-07-22 15:11:26,14778,14779,14779,1,1
2022-07-22 15:11:26,14778,14779,14779,1,1
2022-07-22 15:11:26,14779,14780,14780,1,1
2022-07-22 15:11:26,14779,14780,14780,1,1
2022-07-22 15:11:26,14779,14780,14780,1,1
2022-07-22 15:11:32,14778,14779,14778,1,-1
2022-07-22 15:11:32,14777,14779,14779,1,1
2022-07-22 15:11:34,14777,14779,14779,1,1
2022-07-22 15:11:35,14777,14779,14779,1,1
2022-07-22 15:11:36,14778,14779,14779,1,1
2022-07-22 15:11:36,14778,14779,14779,1,1
2022-07-22 15:11:43,14778,14780,14779,1,1
2022-07-22 15:11:46,14778,14779,14779,1,1
2022-07-22 15:11:46,14778,14779,14780,4,4
2022-07-22 15:11:46,14778,14780,14780,5,5
2022-07-22 15:11:47,14778,14780,14780,4,4
2022-07-22 15:11:47,14778,14780,14780,1,1
2022-07-22 15:11:47,14778,14780,14780,5,5
2022-07-22 15:11:47,14778,14780,14780,4,4
2022-07-22 15:11:47,14778,14780,14780,1,1
2022-07-22 15:11:48,14778,14780,14780,5,5
2022-07-22 15:11:48,14778,14780,14780,5,5
2022-07-22 15:11:49,14778,14780,14780,4,4
2022-07-22 15:11:49,14778,14780,14780,1,1
2022-07-22 15:11:50,14778,14780,14780,5,5
2022-07-22 15:11:51,14779,14780,14780,1,1
2022-07-22 15:11:52,14780,14781,14781,5,5
2022-07-22 15:11:53,14780,14781,14781,4,4
2022-07-22 15:11:55,14781,14782,14782,3,3
2022-07-22 15:11:55,14781,14782,14780,6,-6
2022-07-22 15:11:55,14781,14782,14781,2,-2
2022-07-22 15:11:55,14781,14782,14782,3,3
2022-07-22 15:11:55,14781,14782,14782,1,1
2022-07-22 15:11:55,14782,14783,14783,3,3
2022-07-22 15:11:55,14782,14783,14783,2,2
2022-07-22 15:11:55,14782,14783,14783,1,1
2022-07-22 15:11:55,14782,14783,14783,1,1
2022-07-22 15:11:56,14783,14784,14783,3,-3
2022-07-22 15:11:56,14782,14784,14784,3,3
2022-07-22 15:11:57,14783,14784,14784,1,1
2022-07-22 15:11:57,14783,14784,14784,3,3
2022-07-22 15:11:57,14783,14784,14784,1,1
2022-07-22 15:11:57,14783,14784,14784,3,3
2022-07-22 15:11:57,14783,14784,14784,7,7
2022-07-22 15:11:58,14783,14785,14785,3,3
2022-07-22 15:11:58,14783,14785,14785,2,2
2022-07-22 15:11:58,14783,14785,14785,1,1
2022-07-22 15:11:58,14783,14785,14785,1,1
2022-07-22 15:11:58,14783,14785,14785,3,3
2022-07-22 15:11:59,14783,14785,14783,1,-1
2022-07-22 15:12:00,14783,14784,14784,3,3
2022-07-22 15:12:00,14783,14785,14785,1,1
2022-07-22 15:12:00,14784,14785,14784,1,-1
2022-07-22 15:12:01,14784,14785,14785,5,5
2022-07-22 15:12:01,14784,14785,14785,1,1
2022-07-22 15:12:01,14784,14785,14785,1,1
2022-07-22 15:12:04,14784,14785,14785,1,1
2022-07-22 15:12:05,14784,14785,14785,2,2
2022-07-22 15:12:05,14784,14785,14785,2,2
2022-07-22 15:12:05,14784,14785,14785,1,1
2022-07-22 15:12:06,14784,14786,14785,2,2
2022-07-22 15:12:07,14784,14786,14784,1,-1
2022-07-22 15:12:09,14783,14784,14784,3,3
2022-07-22 15:12:11,14783,14784,14783,4,-4
2022-07-22 15:12:12,14782,14784,14782,1,-1
2022-07-22 15:12:13,14780,14782,14782,3,3
2022-07-22 15:12:20,14781,14783,14783,2,2
2022-07-22 15:12:21,14781,14783,14783,1,1
2022-07-22 15:12:39,14781,14782,14782,1,1
2022-07-22 15:12:41,14781,14782,14781,2,-2
2022-07-22 15:12:44,14779,14781,14781,1,1
2022-07-22 15:12:50,14780,14782,14782,2,2
2022-07-22 15:12:50,14780,14782,14781,1,1
2022-07-22 15:12:52,14780,14781,14780,1,-1
2022-07-22 15:12:55,14780,14781,14780,1,-1
2022-07-22 15:13:00,14779,14780,14780,1,1
2022-07-22 15:13:00,14779,14780,14780,1,1
2022-07-22 15:13:00,14779,14780,14780,1,1
2022-07-22 15:13:00,14779,14780,14780,1,1
2022-07-22 15:13:00,14779,14780,14780,1,1
2022-07-22 15:13:00,14779,14780,14781,1,1
2022-07-22 15:13:07,14779,14780,14780,1,1
2022-07-22 15:13:13,14780,14781,14781,2,2
2022-07-22 15:13:13,14780,14781,14782,3,3
2022-07-22 15:13:14,14781,14782,14781,1,-1
2022-07-22 15:13:19,14781,14782,14782,1,1
2022-07-22 15:13:19,14781,14782,14782,1,1
2022-07-22 15:13:19,14781,14782,14782,1,1
2022-07-22 15:13:19,14781,14782,14782,2,2
2022-07-22 15:13:22,14781,14782,14782,1,1
2022-07-22 15:13:22,14781,14783,14781,1,-1
2022-07-22 15:13:25,14781,14783,14783,1,1
2022-07-22 15:13:27,14781,14783,14783,5,5
2022-07-22 15:13:29,14781,14783,14781,2,-2
2022-07-22 15:13:40,14782,14783,14783,1,1
2022-07-22 15:13:40,14782,14783,14783,1,1
2022-07-22 15:13:40,14782,14783,14783,1,1
2022-07-22 15:13:44,14782,14783,14783,4,4
2022-07-22 15:13:44,14782,14783,14783,1,1
2022-07-22 15:13:45,14782,14783,14783,1,1
2022-07-22 15:13:46,14782,14783,14782,1,-1
2022-07-22 15:13:52,14781,14782,14782,1,1
2022-07-22 15:13:52,14781,14782,14782,1,1
2022-07-22 15:13:55,14781,14783,14782,1,1
2022-07-22 15:13:55,14781,14783,14781,4,-4
2022-07-22 15:14:03,14780,14781,14781,1,1
2022-07-22 15:14:03,14780,14781,14780,7,-7
2022-07-22 15:14:06,14779,14780,14780,2,2
2022-07-22 15:14:08,14779,14781,14779,4,-4
2022-07-22 15:14:18,14778,14780,14778,1,-1
2022-07-22 15:14:19,14778,14780,14781,1,1
2022-07-22 15:14:19,14778,14780,14780,1,1
2022-07-22 15:14:22,14779,14781,14781,1,1
2022-07-22 15:14:26,14780,14781,14781,3,3
2022-07-22 15:14:27,14781,14782,14781,1,-1
2022-07-22 15:14:34,14780,14781,14780,1,-1
2022-07-22 15:14:37,14780,14781,14781,1,1
2022-07-22 15:14:40,14781,14782,14782,1,1
2022-07-22 15:14:45,14781,14782,14782,1,1
2022-07-22 15:14:47,14780,14782,14780,5,-5
2022-07-22 15:14:47,14780,14782,14782,3,3
2022-07-22 15:14:49,14781,14782,14782,1,1
2022-07-22 15:14:51,14781,14783,14782,1,1
2022-07-22 15:15:00,14781,14782,14782,1,1
2022-07-22 15:15:00,14781,14782,14782,1,1
2022-07-22 15:15:00,14781,14782,14782,2,2
2022-07-22 15:15:00,14781,14782,14783,3,3
2022-07-22 15:15:00,14781,14782,14783,6,6
2022-07-22 15:15:00,14781,14782,14784,5,5
2022-07-22 15:15:00,14781,14782,14784,1,1
2022-07-22 15:15:00,14781,14782,14784,8,8
2022-07-22 15:15:00,14781,14782,14784,5,5
2022-07-22 15:15:00,14781,14782,14784,1,1
2022-07-22 15:15:00,14784,14785,14784,2,-2
2022-07-22 15:15:00,14784,14785,14785,1,1
2022-07-22 15:15:00,14784,14785,14785,3,3
2022-07-22 15:15:00,14784,14785,14785,27,27
2022-07-22 15:15:00,14784,14785,14786,3,3
2022-07-22 15:15:00,14785,14786,14786,1,1
2022-07-22 15:15:00,14785,14786,14786,3,3
2022-07-22 15:15:00,14785,14786,14786,1,1
2022-07-22 15:15:00,14785,14786,14786,2,2
2022-07-22 15:15:00,14785,14786,14787,3,3
2022-07-22 15:15:00,14785,14786,14787,1,1
2022-07-22 15:15:00,14786,14787,14787,3,3
2022-07-22 15:15:00,14786,14787,14787,2,2
2022-07-22 15:15:01,14786,14787,14786,1,-1
2022-07-22 15:15:01,14786,14787,14786,3,-3
2022-07-22 15:15:01,14785,14786,14786,2,2
2022-07-22 15:15:01,14785,14786,14786,2,2
2022-07-22 15:15:02,14785,14786,14785,1,-1
2022-07-22 15:15:02,14785,14786,14785,1,-1
2022-07-22 15:15:02,14785,14786,14785,3,-3
2022-07-22 15:15:02,14783,14785,14783,1,-1
2022-07-22 15:15:02,14783,14785,14782,2,-2
2022-07-22 15:15:02,14783,14785,14782,1,-1
2022-07-22 15:15:02,14783,14785,14782,1,-1
2022-07-22 15:15:02,14783,14785,14782,2,-2
2022-07-22 15:15:02,14783,14785,14782,2,-2
2022-07-22 15:15:02,14782,14783,14782,5,-5
2022-07-22 15:15:03,14781,14783,14781,1,-1
2022-07-22 15:15:03,14780,14782,14780,1,-1
2022-07-22 15:15:03,14778,14780,14779,1,-1
2022-07-22 15:15:04,14778,14780,14778,9,-9
2022-07-22 15:15:04,14777,14778,14777,6,-6
2022-07-22 15:15:04,14777,14778,14776,1,-1
2022-07-22 15:15:05,14778,14780,14779,4,-4
2022-07-22 15:15:16,14778,14779,14779,1,1
2022-07-22 15:15:16,14778,14779,14779,1,1
2022-07-22 15:15:16,14778,14779,14779,1,1
2022-07-22 15:15:23,14778,14779,14779,1,1
2022-07-22 15:15:23,14778,14779,14779,1,1
2022-07-22 15:15:28,14778,14780,14778,1,-1
2022-07-22 15:15:30,14779,14780,14779,6,-6
2022-07-22 15:15:30,14778,14779,14779,1,1
2022-07-22 15:15:30,14778,14779,14778,5,-5
2022-07-22 15:15:30,14777,14778,14777,3,-3
2022-07-22 15:15:30,14776,14778,14778,1,1
2022-07-22 15:15:31,14776,14777,14776,2,-2
2022-07-22 15:15:31,14776,14777,14776,1,-1
2022-07-22 15:15:31,14776,14777,14776,6,-6
2022-07-22 15:15:31,14776,14777,14776,3,-3
2022-07-22 15:15:33,14776,14778,14778,2,2
2022-07-22 15:15:38,14777,14778,14777,2,-2
2022-07-22 15:15:40,14777,14778,14777,2,-2
2022-07-22 15:15:40,14776,14778,14778,1,1
2022-07-22 15:15:46,14777,14778,14778,1,1
2022-07-22 15:15:46,14777,14778,14778,2,2
2022-07-22 15:15:48,14777,14778,14778,1,1
2022-07-22 15:15:48,14778,14779,14779,1,1
2022-07-22 15:15:51,14777,14778,14778,1,1
2022-07-22 15:16:00,14778,14780,14778,1,-1
2022-07-22 15:16:00,14778,14780,14780,2,2
2022-07-22 15:16:00,14778,14780,14780,1,1
2022-07-22 15:16:00,14778,14780,14780,1,1
2022-07-22 15:16:00,14778,14780,14780,1,1
2022-07-22 15:16:00,14778,14780,14780,1,1
2022-07-22 15:16:00,14778,14780,14780,1,1
2022-07-22 15:16:00,14778,14780,14781,1,1
2022-07-22 15:16:00,14778,14780,14781,1,1
2022-07-22 15:16:05,14777,14778,14777,9,-9
2022-07-22 15:16:05,14776,14777,14777,1,1
2022-07-22 15:16:05,14776,14777,14777,1,1
2022-07-22 15:16:05,14776,14777,14778,1,1
2022-07-22 15:16:05,14776,14777,14778,1,1
2022-07-22 15:16:11,14775,14776,14776,1,1
2022-07-22 15:16:11,14775,14776,14776,4,4
2022-07-22 15:16:11,14775,14776,14777,2,2
2022-07-22 15:16:12,14775,14777,14776,5,5
2022-07-22 15:16:12,14775,14777,14777,1,1
2022-07-22 15:16:12,14775,14777,14777,1,1
2022-07-22 15:16:20,14775,14777,14775,2,-2
2022-07-22 15:16:20,14775,14777,14775,1,-1
2022-07-22 15:16:20,14775,14777,14775,1,-1
2022-07-22 15:16:20,14775,14777,14775,6,-6
2022-07-22 15:16:22,14776,14777,14777,1,1
2022-07-22 15:16:22,14776,14777,14777,1,1
2022-07-22 15:16:22,14776,14778,14778,1,1
2022-07-22 15:16:22,14776,14778,14778,1,1
2022-07-22 15:16:30,14776,14778,14776,2,-2
2022-07-22 15:16:34,14776,14777,14777,1,1
2022-07-22 15:16:34,14776,14778,14778,1,1
2022-07-22 15:16:34,14776,14778,14778,1,1
2022-07-22 15:16:37,14777,14778,14778,1,1
2022-07-22 15:16:44,14778,14780,14779,1,1
2022-07-22 15:16:45,14779,14780,14780,2,2
2022-07-22 15:16:45,14779,14780,14780,2,2
2022-07-22 15:16:45,14780,14781,14781,1,1
2022-07-22 15:16:45,14780,14781,14781,6,6
2022-07-22 15:16:45,14780,14782,14781,1,1
2022-07-22 15:16:52,14780,14782,14782,3,3
2022-07-22 15:16:54,14780,14782,14782,4,4
2022-07-22 15:16:54,14782,14783,14783,1,1
2022-07-22 15:16:59,14781,14783,14780,2,-2
2022-07-22 15:16:59,14781,14783,14781,3,-3
2022-07-22 15:16:59,14781,14783,14783,4,4
2022-07-22 15:17:02,14780,14781,14780,2,-2
2022-07-22 15:17:11,14779,14780,14779,2,-2
2022-07-22 15:17:14,14778,14779,14778,1,-1
2022-07-22 15:17:14,14777,14779,14779,1,1
2022-07-22 15:17:14,14777,14779,14779,1,1
2022-07-22 15:17:32,14779,14780,14779,1,-1
2022-07-22 15:17:37,14779,14780,14780,1,1
2022-07-22 15:17:37,14780,14781,14781,1,1
2022-07-22 15:17:37,14780,14781,14781,1,1
2022-07-22 15:17:38,14780,14782,14780,1,-1
2022-07-22 15:17:39,14780,14782,14780,1,-1
2022-07-22 15:17:39,14779,14781,14779,1,-1
2022-07-22 15:17:39,14779,14781,14779,2,-2
2022-07-22 15:17:49,14779,14781,14779,3,-3
2022-07-22 15:17:49,14779,14781,14778,5,-5
2022-07-22 15:17:57,14778,14780,14778,1,-1
2022-07-22 15:18:00,14779,14780,14780,1,1
2022-07-22 15:18:00,14779,14780,14780,1,1
2022-07-22 15:18:00,14779,14780,14780,1,1
2022-07-22 15:18:02,14779,14780,14779,1,-1
2022-07-22 15:18:07,14779,14780,14780,1,1
2022-07-22 15:18:14,14780,14781,14780,1,-1
2022-07-22 15:18:16,14780,14781,14781,1,1
2022-07-22 15:18:18,14781,14782,14782,1,1
2022-07-22 15:18:18,14781,14782,14782,2,2
2022-07-22 15:18:18,14781,14782,14782,2,2
2022-07-22 15:18:18,14781,14782,14782,1,1
2022-07-22 15:18:18,14781,14782,14783,2,2
2022-07-22 15:18:22,14782,14783,14783,1,1
2022-07-22 15:18:22,14782,14783,14783,15,15
2022-07-22 15:18:23,14782,14783,14782,1,-1
2022-07-22 15:18:23,14782,14783,14782,1,-1
2022-07-22 15:18:29,14780,14782,14782,1,1
2022-07-22 15:18:47,14780,14782,14782,1,1
2022-07-22 15:18:48,14781,14782,14782,1,1
2022-07-22 15:18:50,14781,14782,14782,1,1
2022-07-22 15:18:51,14782,14783,14783,1,1
2022-07-22 15:18:51,14782,14783,14783,6,6
2022-07-22 15:18:53,14782,14784,14782,1,-1
2022-07-22 15:18:54,14782,14784,14784,8,8
2022-07-22 15:18:56,14783,14784,14784,1,1
2022-07-22 15:19:00,14783,14784,14784,1,1
2022-07-22 15:19:00,14783,14784,14784,1,1
2022-07-22 15:19:05,14783,14784,14783,2,-2
2022-07-22 15:19:05,14783,14784,14783,2,-2
2022-07-22 15:19:11,14782,14783,14782,1,-1
2022-07-22 15:19:11,14782,14783,14782,1,-1
2022-07-22 15:19:11,14782,14783,14782,1,-1
2022-07-22 15:19:17,14782,14783,14782,1,-1
2022-07-22 15:19:20,14782,14783,14782,1,-1
2022-07-22 15:19:22,14782,14783,14782,2,-2
2022-07-22 15:19:36,14781,14782,14781,2,-2
2022-07-22 15:19:44,14780,14782,14782,2,2
2022-07-22 15:19:45,14780,14781,14780,1,-1
2022-07-22 15:19:56,14779,14780,14779,4,-4
2022-07-22 15:19:56,14779,14780,14779,1,-1
2022-07-22 15:19:57,14778,14779,14778,1,-1
2022-07-22 15:19:58,14778,14779,14778,1,-1
2022-07-22 15:20:01,14778,14780,14780,1,1
2022-07-22 15:20:09,14778,14780,14780,1,1
2022-07-22 15:20:09,14779,14780,14779,1,-1
2022-07-22 15:20:10,14779,14781,14779,1,-1
2022-07-22 15:20:11,14779,14781,14781,1,1
2022-07-22 15:20:13,14779,14780,14780,1,1
2022-07-22 15:20:40,14779,14780,14781,1,1
2022-07-22 15:20:40,14779,14780,14780,4,4
2022-07-22 15:20:43,14780,14781,14780,1,-1
2022-07-22 15:20:45,14780,14781,14781,2,2
2022-07-22 15:20:45,14780,14781,14781,1,1
2022-07-22 15:20:46,14781,14782,14781,1,-1
2022-07-22 15:20:46,14781,14782,14782,1,1
2022-07-22 15:20:46,14781,14782,14782,1,1
2022-07-22 15:20:46,14781,14782,14782,5,5
2022-07-22 15:20:49,14781,14782,14782,5,5
2022-07-22 15:20:49,14781,14782,14782,2,2
2022-07-22 15:20:49,14781,14782,14782,1,1
2022-07-22 15:20:49,14782,14783,14782,2,-2
2022-07-22 15:20:53,14782,14783,14782,1,-1
2022-07-22 15:20:54,14782,14783,14782,1,-1
2022-07-22 15:20:56,14782,14783,14782,1,-1
2022-07-22 15:20:56,14782,14783,14782,1,-1
2022-07-22 15:21:00,14782,14783,14782,1,-1
2022-07-22 15:21:03,14782,14783,14783,6,6
2022-07-22 15:21:04,14783,14784,14784,8,8
2022-07-22 15:21:08,14784,14785,14785,19,19
2022-07-22 15:21:09,14785,14786,14785,1,-1
2022-07-22 15:21:09,14785,14786,14786,1,1
2022-07-22 15:21:09,14785,14786,14785,1,-1
2022-07-22 15:21:12,14785,14786,14786,1,1
2022-07-22 15:21:12,14785,14786,14785,1,-1
2022-07-22 15:21:13,14784,14786,14786,1,1
2022-07-22 15:21:13,14784,14786,14786,1,1
2022-07-22 15:21:13,14785,14786,14786,1,1
2022-07-22 15:21:13,14785,14786,14786,1,1
2022-07-22 15:21:13,14785,14786,14786,1,1
2022-07-22 15:21:14,14785,14786,14786,1,1
2022-07-22 15:21:15,14786,14787,14786,1,-1
2022-07-22 15:21:18,14785,14786,14786,2,2
2022-07-22 15:21:19,14785,14786,14785,2,-2
2022-07-22 15:21:19,14784,14786,14785,1,-1
2022-07-22 15:21:20,14784,14785,14784,1,-1
2022-07-22 15:21:20,14784,14785,14784,1,-1
2022-07-22 15:21:22,14782,14784,14782,1,-1
2022-07-22 15:21:25,14781,14783,14783,2,2
2022-07-22 15:21:32,14781,14782,14781,1,-1
2022-07-22 15:21:41,14780,14781,14781,1,1
2022-07-22 15:21:41,14780,14781,14781,1,1
2022-07-22 15:21:45,14780,14781,14781,1,1
2022-07-22 15:21:51,14781,14782,14781,1,-1
2022-07-22 15:21:51,14780,14782,14782,2,2
2022-07-22 15:21:52,14780,14782,14781,1,1
2022-07-22 15:21:54,14780,14781,14781,2,2
2022-07-22 15:21:55,14780,14782,14782,1,1
2022-07-22 15:21:56,14780,14781,14781,1,1
2022-07-22 15:21:58,14780,14781,14781,3,3
2022-07-22 15:21:58,14780,14781,14782,2,2
2022-07-22 15:22:07,14781,14782,14781,1,-1
2022-07-22 15:22:08,14781,14782,14782,4,4
2022-07-22 15:22:08,14781,14782,14783,1,1
2022-07-22 15:22:31,14782,14783,14783,1,1
2022-07-22 15:22:37,14782,14783,14783,1,1
2022-07-22 15:22:37,14782,14783,14783,1,1
2022-07-22 15:22:37,14782,14783,14783,1,1
2022-07-22 15:22:37,14782,14783,14783,1,1
2022-07-22 15:22:37,14782,14783,14783,1,1
2022-07-22 15:22:37,14782,14783,14783,1,1
2022-07-22 15:22:38,14783,14784,14784,3,3
2022-07-22 15:22:42,14783,14785,14785,2,2
2022-07-22 15:22:43,14784,14785,14785,1,1
2022-07-22 15:22:43,14784,14785,14785,6,6
2022-07-22 15:22:48,14785,14786,14786,1,1
2022-07-22 15:22:49,14785,14786,14785,2,-2
2022-07-22 15:22:52,14785,14786,14786,7,7
2022-07-22 15:22:53,14786,14787,14786,1,-1
2022-07-22 15:22:54,14786,14787,14786,1,-1
2022-07-22 15:22:54,14786,14787,14787,1,1
2022-07-22 15:22:54,14786,14787,14787,1,1
2022-07-22 15:22:54,14786,14787,14787,1,1
2022-07-22 15:22:55,14786,14787,14787,3,3
2022-07-22 15:22:55,14786,14787,14787,3,3
2022-07-22 15:22:56,14786,14788,14786,1,-1
2022-07-22 15:22:57,14787,14788,14788,37,37
2022-07-22 15:22:57,14787,14788,14789,1,1
2022-07-22 15:22:57,14787,14788,14789,1,1
2022-07-22 15:22:57,14787,14788,14789,1,1
2022-07-22 15:22:57,14787,14788,14789,2,2
2022-07-22 15:22:57,14787,14788,14789,6,6
2022-07-22 15:22:57,14787,14788,14789,2,2
2022-07-22 15:22:57,14788,14790,14790,1,1
2022-07-22 15:22:57,14789,14790,14790,3,3
2022-07-22 15:22:57,14789,14790,14790,1,1
2022-07-22 15:22:57,14789,14790,14790,1,1
2022-07-22 15:22:57,14789,14790,14790,2,2
2022-07-22 15:22:57,14789,14790,14790,1,1
2022-07-22 15:22:59,14789,14790,14789,2,-2
2022-07-22 15:23:02,14788,14789,14788,1,-1
2022-07-22 15:23:02,14788,14789,14788,1,-1
2022-07-22 15:23:08,14788,14789,14789,1,1
2022-07-22 15:23:08,14788,14789,14788,1,-1
2022-07-22 15:23:12,14787,14788,14788,1,1
2022-07-22 15:23:13,14787,14788,14787,1,-1
2022-07-22 15:23:13,14787,14788,14787,1,-1
2022-07-22 15:23:15,14786,14787,14786,1,-1
2022-07-22 15:23:15,14786,14787,14786,8,-8
2022-07-22 15:23:15,14786,14787,14786,5,-5
2022-07-22 15:23:15,14786,14787,14786,1,-1
2022-07-22 15:23:15,14786,14787,14786,1,-1
2022-07-22 15:23:15,14786,14787,14786,1,-1
2022-07-22 15:23:15,14786,14787,14786,3,-3
2022-07-22 15:23:15,14786,14787,14786,1,-1
2022-07-22 15:23:15,14785,14786,14785,1,-1
2022-07-22 15:23:15,14785,14786,14786,1,1
2022-07-22 15:23:16,14785,14786,14785,1,-1
2022-07-22 15:23:16,14785,14786,14786,1,1
2022-07-22 15:23:16,14785,14786,14786,2,2
2022-07-22 15:23:18,14786,14787,14787,1,1
2022-07-22 15:23:18,14786,14787,14787,2,2
2022-07-22 15:23:24,14787,14788,14788,1,1
2022-07-22 15:23:24,14787,14788,14788,1,1
2022-07-22 15:23:26,14787,14788,14788,1,1
2022-07-22 15:23:26,14787,14788,14789,2,2
2022-07-22 15:23:27,14788,14789,14788,1,-1
2022-07-22 15:23:29,14787,14789,14789,2,2
2022-07-22 15:23:31,14787,14788,14787,3,-3
2022-07-22 15:23:31,14786,14787,14787,1,1
2022-07-22 15:23:32,14786,14787,14786,2,-2
2022-07-22 15:23:35,14785,14786,14786,1,1
2022-07-22 15:23:36,14785,14786,14785,15,-15
2022-07-22 15:23:38,14784,14785,14785,1,1
2022-07-22 15:23:43,14784,14785,14784,1,-1
2022-07-22 15:23:44,14784,14785,14785,1,1
2022-07-22 15:23:45,14785,14787,14787,1,1
2022-07-22 15:23:48,14785,14786,14786,1,1
2022-07-22 15:23:51,14785,14787,14787,1,1
2022-07-22 15:23:52,14785,14786,14785,2,-2
2022-07-22 15:23:54,14785,14786,14785,2,-2
2022-07-22 15:24:00,14785,14786,14785,1,-1
2022-07-22 15:24:00,14784,14785,14785,1,1
2022-07-22 15:24:00,14784,14785,14785,1,1
2022-07-22 15:24:00,14784,14785,14785,1,1
2022-07-22 15:24:00,14784,14785,14786,1,1
2022-07-22 15:24:00,14784,14785,14786,1,1
2022-07-22 15:24:01,14784,14786,14785,2,2
2022-07-22 15:24:01,14784,14786,14785,1,1
2022-07-22 15:24:01,14784,14786,14786,1,1
2022-07-22 15:24:01,14784,14786,14786,2,2
2022-07-22 15:24:02,14785,14787,14785,1,-1
2022-07-22 15:24:05,14785,14786,14786,1,1
2022-07-22 15:24:06,14785,14786,14785,1,-1
2022-07-22 15:24:08,14785,14786,14785,1,-1
2022-07-22 15:24:08,14785,14786,14785,3,-3
2022-07-22 15:24:08,14785,14786,14786,1,1
2022-07-22 15:24:08,14784,14786,14786,4,4
2022-07-22 15:24:12,14785,14786,14786,2,2
2022-07-22 15:24:16,14785,14786,14786,5,5
2022-07-22 15:24:21,14785,14786,14786,2,2
2022-07-22 15:24:21,14785,14786,14786,1,1
2022-07-22 15:24:22,14785,14787,14785,1,-1
2022-07-22 15:24:25,14785,14786,14785,10,-10
2022-07-22 15:24:25,14784,14785,14785,1,1
2022-07-22 15:24:34,14784,14785,14785,3,3
2022-07-22 15:24:34,14784,14785,14785,2,2
2022-07-22 15:24:36,14784,14786,14785,1,1
2022-07-22 15:24:38,14784,14785,14785,1,1
2022-07-22 15:24:38,14784,14785,14785,1,1
2022-07-22 15:24:43,14785,14786,14786,1,1
2022-07-22 15:24:43,14785,14787,14785,1,-1
2022-07-22 15:24:45,14785,14787,14787,3,3
2022-07-22 15:24:50,14786,14787,14787,1,1
2022-07-22 15:24:56,14786,14787,14786,1,-1
2022-07-22 15:24:56,14786,14787,14787,1,1
2022-07-22 15:25:01,14786,14787,14787,1,1
2022-07-22 15:25:01,14786,14787,14787,2,2
2022-07-22 15:25:01,14786,14787,14787,2,2
2022-07-22 15:25:04,14786,14788,14788,2,2
2022-07-22 15:25:08,14788,14789,14789,20,20
2022-07-22 15:25:08,14788,14789,14790,30,30
2022-07-22 15:25:08,14788,14789,14790,1,1
2022-07-22 15:25:09,14789,14791,14791,3,3
2022-07-22 15:25:09,14789,14791,14791,1,1
2022-07-22 15:25:10,14788,14790,14790,3,3
2022-07-22 15:25:10,14788,14790,14791,2,2
2022-07-22 15:25:13,14788,14790,14790,2,2
2022-07-22 15:25:17,14788,14789,14789,3,3
2022-07-22 15:25:18,14788,14789,14789,3,3
2022-07-22 15:25:18,14788,14789,14788,1,-1
2022-07-22 15:25:18,14787,14789,14789,2,2
2022-07-22 15:25:23,14789,14790,14790,2,2
2022-07-22 15:25:25,14789,14790,14789,2,-2
2022-07-22 15:25:30,14789,14790,14789,2,-2
2022-07-22 15:25:30,14789,14790,14789,1,-1
2022-07-22 15:25:30,14788,14789,14788,3,-3
2022-07-22 15:25:30,14788,14789,14788,1,-1
2022-07-22 15:25:31,14787,14788,14787,1,-1
2022-07-22 15:25:33,14786,14788,14788,1,1
2022-07-22 15:25:43,14787,14788,14789,1,1
2022-07-22 15:25:43,14787,14788,14788,2,2
2022-07-22 15:25:44,14788,14790,14790,1,1
2022-07-22 15:25:49,14788,14790,14788,1,-1
2022-07-22 15:26:02,14789,14790,14790,7,7
2022-07-22 15:26:02,14790,14791,14791,9,9
2022-07-22 15:26:02,14791,14792,14792,1,1
2022-07-22 15:26:02,14791,14792,14792,1,1
2022-07-22 15:26:02,14791,14792,14791,1,-1
2022-07-22 15:26:03,14791,14792,14792,5,5
2022-07-22 15:26:03,14791,14792,14792,5,5
2022-07-22 15:26:03,14791,14792,14792,2,2
2022-07-22 15:26:03,14791,14792,14792,7,7
2022-07-22 15:26:03,14791,14792,14792,1,1
2022-07-22 15:26:03,14791,14792,14792,3,3
2022-07-22 15:26:03,14791,14792,14793,1,1
2022-07-22 15:26:03,14791,14793,14793,1,1
2022-07-22 15:26:03,14791,14793,14793,1,1
2022-07-22 15:26:03,14791,14793,14793,1,1
2022-07-22 15:26:03,14791,14793,14793,1,1
2022-07-22 15:26:03,14791,14793,14793,5,5
2022-07-22 15:26:03,14792,14793,14793,1,1
2022-07-22 15:26:03,14792,14793,14793,2,2
2022-07-22 15:26:03,14792,14793,14793,2,2
2022-07-22 15:26:03,14792,14793,14793,2,2
2022-07-22 15:26:03,14792,14793,14794,2,2
2022-07-22 15:26:04,14792,14794,14794,1,1
2022-07-22 15:26:04,14792,14794,14794,1,1
2022-07-22 15:26:05,14793,14794,14793,1,-1
2022-07-22 15:26:05,14793,14794,14794,1,1
2022-07-22 15:26:06,14793,14794,14794,1,1
2022-07-22 15:26:06,14793,14794,14793,1,-1
2022-07-22 15:26:07,14792,14794,14792,1,-1
2022-07-22 15:26:07,14792,14794,14792,1,-1
2022-07-22 15:26:09,14790,14792,14792,1,1
2022-07-22 15:26:10,14791,14792,14791,1,-1
2022-07-22 15:26:12,14790,14791,14792,3,3
2022-07-22 15:26:12,14790,14791,14791,2,2
2022-07-22 15:26:13,14790,14792,14792,2,2
2022-07-22 15:26:15,14792,14793,14792,1,-1
2022-07-22 15:26:16,14791,14793,14793,1,1
2022-07-22 15:26:18,14792,14793,14792,1,-1
2022-07-22 15:26:19,14792,14793,14793,1,1
2022-07-22 15:26:19,14792,14793,14793,1,1
2022-07-22 15:26:19,14792,14793,14793,2,2
2022-07-22 15:26:21,14792,14793,14793,1,1
2022-07-22 15:26:21,14793,14794,14793,1,-1
2022-07-22 15:26:24,14793,14794,14794,1,1
2022-07-22 15:26:25,14793,14794,14794,1,1
2022-07-22 15:26:27,14793,14794,14794,1,1
2022-07-22 15:26:27,14793,14794,14794,1,1
2022-07-22 15:26:30,14793,14794,14794,1,1
2022-07-22 15:26:30,14793,14794,14794,1,1
2022-07-22 15:26:35,14793,14794,14793,1,-1
2022-07-22 15:26:37,14793,14794,14793,1,-1
2022-07-22 15:26:37,14793,14794,14793,17,-17
2022-07-22 15:26:38,14792,14793,14793,3,3
2022-07-22 15:26:39,14792,14793,14792,2,-2
2022-07-22 15:26:39,14791,14793,14793,1,1
2022-07-22 15:26:41,14792,14794,14794,1,1
2022-07-22 15:26:41,14792,14794,14792,1,-1
2022-07-22 15:26:42,14792,14794,14793,1,-1
2022-07-22 15:26:47,14793,14794,14793,1,-1
2022-07-22 15:26:54,14792,14793,14793,1,1
2022-07-22 15:26:57,14792,14793,14793,7,7
2022-07-22 15:26:57,14792,14793,14793,1,1
2022-07-22 15:26:57,14792,14794,14792,1,-1
2022-07-22 15:26:59,14792,14794,14794,1,1
2022-07-22 15:27:03,14793,14794,14794,1,1
2022-07-22 15:27:03,14793,14794,14794,1,1
2022-07-22 15:27:03,14793,14794,14794,5,5
2022-07-22 15:27:03,14793,14794,14794,1,1
2022-07-22 15:27:04,14793,14794,14793,1,-1
2022-07-22 15:27:04,14793,14794,14794,16,16
2022-07-22 15:27:04,14793,14795,14795,2,2
2022-07-22 15:27:04,14793,14795,14795,10,10
2022-07-22 15:27:05,14794,14795,14793,2,-2
2022-07-22 15:27:05,14794,14795,14794,1,-1
2022-07-22 15:27:05,14794,14795,14795,1,1
2022-07-22 15:27:05,14794,14795,14795,2,2
2022-07-22 15:27:05,14794,14795,14795,1,1
2022-07-22 15:27:06,14794,14795,14795,1,1
2022-07-22 15:27:06,14794,14795,14795,1,1
2022-07-22 15:27:07,14794,14795,14795,1,1
2022-07-22 15:27:07,14794,14795,14795,1,1
2022-07-22 15:27:07,14794,14795,14795,1,1
2022-07-22 15:27:09,14794,14795,14794,1,-1
2022-07-22 15:27:10,14794,14795,14795,1,1
2022-07-22 15:27:10,14794,14795,14794,1,-1
2022-07-22 15:27:10,14794,14795,14793,1,-1
2022-07-22 15:27:12,14794,14795,14794,1,-1
2022-07-22 15:27:12,14793,14795,14795,1,1
2022-07-22 15:27:12,14793,14794,14794,1,1
2022-07-22 15:27:17,14793,14794,14793,2,-2
2022-07-22 15:27:19,14793,14794,14794,1,1
2022-07-22 15:27:20,14793,14794,14793,1,-1
2022-07-22 15:27:24,14793,14794,14794,3,3
2022-07-22 15:27:27,14793,14794,14793,3,-3
2022-07-22 15:27:27,14793,14794,14793,8,-8
2022-07-22 15:27:27,14792,14793,14793,1,1
2022-07-22 15:27:30,14793,14794,14794,1,1
2022-07-22 15:27:30,14793,14794,14794,1,1
2022-07-22 15:27:30,14793,14794,14794,1,1
2022-07-22 15:27:30,14793,14794,14794,1,1
2022-07-22 15:27:31,14793,14794,14793,1,-1
2022-07-22 15:27:31,14793,14794,14793,4,-4
2022-07-22 15:27:33,14792,14793,14793,1,1
2022-07-22 15:27:37,14792,14793,14792,2,-2
2022-07-22 15:27:38,14792,14793,14792,1,-1
2022-07-22 15:27:38,14792,14793,14793,1,1
2022-07-22 15:27:38,14792,14793,14793,1,1
2022-07-22 15:27:48,14792,14793,14792,5,-5
2022-07-22 15:27:49,14792,14793,14793,1,1
2022-07-22 15:27:51,14792,14793,14792,1,-1
2022-07-22 15:27:52,14791,14793,14793,2,2
2022-07-22 15:27:52,14791,14793,14793,12,12
2022-07-22 15:27:52,14791,14793,14793,2,2
2022-07-22 15:27:52,14791,14793,14793,5,5
2022-07-22 15:27:52,14791,14793,14793,2,2
2022-07-22 15:27:58,14792,14793,14793,2,2
2022-07-22 15:27:58,14792,14794,14793,1,1
2022-07-22 15:28:06,14791,14792,14791,1,-1
2022-07-22 15:28:13,14791,14792,14792,1,1
2022-07-22 15:28:15,14791,14793,14791,1,-1
2022-07-22 15:28:21,14791,14792,14792,1,1
2022-07-22 15:28:24,14791,14792,14792,3,3
2022-07-22 15:28:26,14791,14792,14792,1,1
2022-07-22 15:28:31,14791,14792,14791,1,-1
2022-07-22 15:28:36,14791,14792,14791,13,-13
2022-07-22 15:28:40,14790,14791,14790,1,-1
2022-07-22 15:28:40,14790,14791,14790,4,-4
2022-07-22 15:28:40,14790,14791,14790,1,-1
2022-07-22 15:28:42,14789,14790,14790,1,1
2022-07-22 15:28:48,14790,14791,14791,1,1
2022-07-22 15:28:48,14790,14791,14791,2,2
2022-07-22 15:28:49,14790,14792,14790,1,-1
2022-07-22 15:28:52,14790,14791,14790,1,-1
2022-07-22 15:28:52,14790,14791,14790,1,-1
2022-07-22 15:28:54,14790,14791,14791,1,1
2022-07-22 15:28:57,14791,14792,14791,1,-1
2022-07-22 15:28:59,14790,14791,14790,2,-2
2022-07-22 15:28:59,14790,14791,14790,3,-3
2022-07-22 15:28:59,14790,14791,14790,1,-1
2022-07-22 15:28:59,14790,14791,14790,3,-3
2022-07-22 15:29:01,14789,14790,14789,4,-4
2022-07-22 15:29:12,14789,14790,14789,1,-1
2022-07-22 15:29:12,14789,14790,14788,4,-4
2022-07-22 15:29:14,14787,14789,14789,2,2
2022-07-22 15:29:15,14788,14790,14788,1,-1
2022-07-22 15:29:18,14788,14789,14788,1,-1
2022-07-22 15:29:19,14787,14788,14787,1,-1
2022-07-22 15:29:19,14787,14788,14787,1,-1
2022-07-22 15:29:20,14787,14788,14788,5,5
2022-07-22 15:29:20,14788,14789,14788,1,-1
2022-07-22 15:29:20,14788,14789,14788,1,-1
2022-07-22 15:29:22,14788,14789,14788,10,-10
2022-07-22 15:29:23,14788,14789,14788,3,-3
2022-07-22 15:29:24,14788,14789,14788,2,-2
2022-07-22 15:29:25,14788,14789,14789,4,4
2022-07-22 15:29:28,14789,14790,14789,1,-1
2022-07-22 15:29:31,14788,14789,14788,2,-2
2022-07-22 15:29:31,14788,14789,14788,2,-2
2022-07-22 15:29:31,14788,14789,14788,3,-3
2022-07-22 15:29:31,14788,14789,14788,1,-1
2022-07-22 15:29:31,14788,14789,14788,1,-1
2022-07-22 15:29:31,14788,14789,14788,29,-29
2022-07-22 15:29:32,14787,14788,14788,1,1
2022-07-22 15:29:36,14787,14788,14788,1,1
2022-07-22 15:29:36,14787,14789,14788,2,2
2022-07-22 15:29:39,14787,14788,14787,1,-1
2022-07-22 15:29:39,14787,14788,14787,1,-1
2022-07-22 15:29:39,14787,14788,14787,3,-3
2022-07-22 15:29:40,14787,14788,14787,1,-1
2022-07-22 15:29:40,14787,14788,14787,6,-6
2022-07-22 15:29:41,14786,14787,14787,1,1
2022-07-22 15:29:42,14786,14787,14786,1,-1
2022-07-22 15:29:42,14786,14787,14787,1,1
2022-07-22 15:29:45,14787,14788,14787,1,-1
2022-07-22 15:29:47,14787,14788,14787,4,-4
2022-07-22 15:29:47,14787,14788,14787,4,-4
2022-07-22 15:29:48,14787,14788,14787,2,-2
2022-07-22 15:29:48,14787,14788,14787,3,-3
2022-07-22 15:29:48,14787,14788,14787,1,-1
2022-07-22 15:29:48,14787,14788,14787,2,-2
2022-07-22 15:29:48,14787,14788,14787,1,-1
2022-07-22 15:29:48,14787,14788,14787,2,-2
2022-07-22 15:29:50,14786,14787,14786,1,-1
2022-07-22 15:29:50,14786,14787,14786,2,-2
2022-07-22 15:29:50,14786,14787,14786,1,-1
2022-07-22 15:29:53,14786,14787,14787,1,1
2022-07-22 15:29:53,14786,14787,14786,8,-8
2022-07-22 15:29:54,14786,14787,14786,1,-1
2022-07-22 15:29:54,14786,14787,14786,5,-5
2022-07-22 15:29:54,14785,14786,14785,3,-3
2022-07-22 15:29:56,14785,14786,14785,2,-2
2022-07-22 15:29:56,14785,14786,14785,2,-2
2022-07-22 15:29:56,14785,14786,14785,5,-5
2022-07-22 15:29:59,14784,14786,14784,1,-1
2022-07-22 15:29:59,14785,14786,14785,1,-1
2022-07-22 15:30:00,14785,14786,14784,2,-2
2022-07-22 15:30:00,14785,14786,14784,3,-3
2022-07-22 15:30:00,14785,14786,14784,1,-1
2022-07-22 15:30:00,14785,14786,14784,1,-1
2022-07-22 15:30:00,14783,14784,14783,2,-2
2022-07-22 15:30:00,14783,14784,14783,6,-6
2022-07-22 15:30:00,14782,14784,14782,3,-3
2022-07-22 15:30:00,14782,14784,14785,2,2
2022-07-22 15:30:00,14782,14784,14786,1,1
2022-07-22 15:30:00,14782,14784,14786,5,5
2022-07-22 15:30:00,14784,14786,14786,1,1
2022-07-22 15:30:01,14783,14784,14784,1,1
2022-07-22 15:30:01,14783,14785,14784,1,1
2022-07-22 15:30:02,14783,14785,14785,1,1
2022-07-22 15:30:04,14785,14786,14785,1,-1
2022-07-22 15:30:05,14784,14786,14784,1,-1
2022-07-22 15:30:05,14784,14786,14784,1,-1
2022-07-22 15:30:05,14783,14785,14783,1,-1
2022-07-22 15:30:05,14782,14784,14782,2,-2
2022-07-22 15:30:10,14783,14784,14782,4,-4
2022-07-22 15:30:10,14783,14784,14783,1,-1
2022-07-22 15:30:11,14783,14785,14784,3,-3
2022-07-22 15:30:11,14783,14785,14782,3,-3
2022-07-22 15:30:13,14782,14784,14783,1,-1
2022-07-22 15:30:13,14782,14784,14782,1,-1
2022-07-22 15:30:15,14782,14784,14783,1,-1
2022-07-22 15:30:17,14783,14784,14783,2,-2
2022-07-22 15:30:17,14783,14784,14782,2,-2
2022-07-22 15:30:18,14782,14783,14783,1,1
2022-07-22 15:30:18,14782,14783,14782,1,-1
2022-07-22 15:30:18,14782,14783,14782,1,-1
2022-07-22 15:30:19,14782,14783,14782,1,-1
2022-07-22 15:30:21,14781,14782,14782,1,1
2022-07-22 15:30:21,14781,14782,14782,1,1
2022-07-22 15:30:21,14782,14783,14783,1,1
2022-07-22 15:30:21,14782,14783,14782,1,-1
2022-07-22 15:30:27,14781,14782,14782,1,1
2022-07-22 15:30:27,14781,14782,14782,2,2
2022-07-22 15:30:27,14781,14782,14782,2,2
2022-07-22 15:30:27,14781,14782,14782,1,1
2022-07-22 15:30:27,14781,14782,14782,2,2
2022-07-22 15:30:27,14781,14782,14782,4,4
2022-07-22 15:30:27,14781,14782,14782,2,2
2022-07-22 15:30:27,14781,14782,14782,1,1
2022-07-22 15:30:28,14782,14783,14783,2,2
2022-07-22 15:30:28,14783,14784,14783,1,-1
2022-07-22 15:30:28,14783,14784,14783,1,-1
2022-07-22 15:30:30,14783,14784,14783,1,-1
2022-07-22 15:30:31,14783,14784,14783,1,-1
2022-07-22 15:30:32,14782,14783,14782,1,-1
2022-07-22 15:30:33,14782,14783,14783,1,1
2022-07-22 15:30:33,14782,14783,14783,1,1
2022-07-22 15:30:33,14783,14784,14784,1,1
2022-07-22 15:30:40,14783,14784,14783,3,-3
2022-07-22 15:30:40,14783,14784,14784,12,12
2022-07-22 15:30:43,14783,14784,14783,1,-1
2022-07-22 15:30:43,14783,14784,14783,1,-1
2022-07-22 15:30:45,14782,14783,14782,1,-1
2022-07-22 15:30:46,14782,14783,14782,1,-1
2022-07-22 15:30:46,14781,14783,14781,1,-1
2022-07-22 15:30:46,14781,14783,14783,2,2
2022-07-22 15:30:50,14782,14783,14782,1,-1
2022-07-22 15:30:50,14782,14783,14782,1,-1
2022-07-22 15:30:51,14781,14783,14781,4,-4
2022-07-22 15:30:53,14781,14782,14781,12,-12
2022-07-22 15:30:53,14781,14782,14781,1,-1
2022-07-22 15:30:54,14780,14781,14781,1,1
2022-07-22 15:30:56,14780,14782,14780,2,-2
2022-07-22 15:30:56,14781,14782,14781,1,-1
2022-07-22 15:30:56,14781,14782,14781,1,-1
2022-07-22 15:30:57,14781,14782,14781,1,-1
2022-07-22 15:31:01,14781,14782,14781,1,-1
2022-07-22 15:31:01,14781,14782,14781,2,-2
2022-07-22 15:31:01,14780,14782,14782,1,1
2022-07-22 15:31:02,14781,14783,14781,2,-2
2022-07-22 15:31:02,14781,14783,14781,1,-1
2022-07-22 15:31:02,14781,14783,14781,1,-1
2022-07-22 15:31:02,14781,14783,14781,2,-2
2022-07-22 15:31:06,14781,14783,14781,1,-1
2022-07-22 15:31:08,14782,14783,14782,1,-1
2022-07-22 15:31:12,14781,14783,14782,1,-1
2022-07-22 15:31:12,14782,14783,14783,1,1
2022-07-22 15:31:12,14782,14783,14784,1,1
2022-07-22 15:31:12,14782,14783,14784,1,1
2022-07-22 15:31:12,14782,14784,14782,2,-2
2022-07-22 15:31:12,14782,14784,14782,1,-1
2022-07-22 15:31:19,14782,14783,14782,1,-1
2022-07-22 15:31:20,14782,14783,14782,1,-1
2022-07-22 15:31:22,14781,14783,14783,1,1
2022-07-22 15:31:23,14781,14783,14783,1,1
2022-07-22 15:31:32,14782,14783,14782,2,-2
2022-07-22 15:31:32,14782,14783,14782,2,-2
2022-07-22 15:31:34,14781,14782,14782,1,1
2022-07-22 15:31:34,14781,14782,14782,1,1
2022-07-22 15:31:34,14781,14782,14781,2,-2
2022-07-22 15:31:35,14781,14783,14783,1,1
2022-07-22 15:31:36,14781,14783,14783,1,1
2022-07-22 15:31:38,14781,14783,14782,1,1
2022-07-22 15:31:38,14781,14782,14782,1,1
2022-07-22 15:31:39,14781,14782,14781,2,-2
2022-07-22 15:31:39,14781,14782,14781,2,-2
2022-07-22 15:31:39,14781,14782,14781,1,-1
2022-07-22 15:31:39,14781,14782,14781,1,-1
2022-07-22 15:31:39,14781,14782,14781,10,-10
2022-07-22 15:31:40,14780,14782,14782,1,1
2022-07-22 15:31:40,14781,14783,14781,1,-1
2022-07-22 15:31:41,14781,14783,14781,1,-1
2022-07-22 15:31:45,14781,14783,14781,1,-1
2022-07-22 15:31:45,14781,14783,14781,1,-1
2022-07-22 15:31:46,14781,14782,14782,1,1
2022-07-22 15:31:49,14782,14783,14783,6,6
2022-07-22 15:31:53,14783,14784,14783,3,-3
2022-07-22 15:31:53,14783,14784,14783,1,-1
2022-07-22 15:31:55,14782,14783,14783,1,1
2022-07-22 15:32:00,14783,14784,14784,5,5
2022-07-22 15:32:00,14783,14784,14784,1,1
2022-07-22 15:32:00,14783,14784,14784,1,1
2022-07-22 15:32:01,14784,14785,14785,3,3
2022-07-22 15:32:01,14784,14785,14785,1,1
2022-07-22 15:32:01,14784,14785,14785,9,9
2022-07-22 15:32:01,14784,14785,14785,1,1
2022-07-22 15:32:01,14784,14785,14785,1,1
2022-07-22 15:32:01,14784,14785,14785,72,72
2022-07-22 15:32:01,14784,14785,14785,9,9
2022-07-22 15:32:01,14784,14785,14785,2,2
2022-07-22 15:32:01,14784,14785,14785,9,9
2022-07-22 15:32:01,14784,14785,14786,1,1
2022-07-22 15:32:01,14784,14785,14786,1,1
2022-07-22 15:32:01,14784,14785,14786,1,1
2022-07-22 15:32:01,14784,14785,14786,1,1
2022-07-22 15:32:01,14785,14786,14785,1,-1
2022-07-22 15:32:01,14785,14786,14785,1,-1
2022-07-22 15:32:02,14785,14786,14786,1,1
2022-07-22 15:32:02,14785,14786,14785,1,-1
2022-07-22 15:32:02,14785,14786,14785,1,-1
2022-07-22 15:32:02,14785,14786,14785,1,-1
2022-07-22 15:32:02,14785,14786,14785,1,-1
2022-07-22 15:32:02,14784,14785,14784,1,-1
2022-07-22 15:32:02,14784,14785,14784,1,-1
2022-07-22 15:32:04,14783,14784,14784,1,1
2022-07-22 15:32:08,14782,14784,14782,1,-1
2022-07-22 15:32:11,14782,14783,14783,2,2
2022-07-22 15:32:12,14782,14783,14782,1,-1
2022-07-22 15:32:12,14782,14783,14782,2,-2
2022-07-22 15:32:12,14781,14783,14783,1,1
2022-07-22 15:32:14,14781,14783,14781,1,-1
2022-07-22 15:32:16,14781,14783,14783,1,1
2022-07-22 15:32:21,14781,14783,14781,1,-1
2022-07-22 15:32:24,14781,14783,14781,20,-20
2022-07-22 15:32:24,14781,14783,14780,1,-1
2022-07-22 15:32:24,14781,14783,14780,2,-2
2022-07-22 15:32:24,14781,14783,14780,4,-4
2022-07-22 15:32:24,14781,14783,14780,2,-2
2022-07-22 15:32:24,14781,14783,14780,2,-2
2022-07-22 15:32:24,14781,14783,14780,3,-3
2022-07-22 15:32:24,14781,14783,14780,5,-5
2022-07-22 15:32:24,14779,14780,14781,3,3
2022-07-22 15:32:24,14779,14780,14780,1,1
2022-07-22 15:32:24,14779,14781,14780,1,1
2022-07-22 15:32:24,14779,14781,14779,2,-2
2022-07-22 15:32:24,14779,14780,14779,2,-2
2022-07-22 15:32:25,14779,14781,14780,3,-3
2022-07-22 15:32:29,14779,14781,14781,1,1
2022-07-22 15:32:29,14780,14782,14780,1,-1
2022-07-22 15:32:29,14780,14782,14780,3,-3
2022-07-22 15:32:29,14779,14781,14781,1,1
2022-07-22 15:32:31,14780,14781,14779,1,-1
2022-07-22 15:32:33,14779,14780,14780,1,1
2022-07-22 15:32:34,14780,14781,14781,3,3
2022-07-22 15:32:40,14781,14782,14781,1,-1
2022-07-22 15:32:40,14781,14782,14782,1,1
2022-07-22 15:32:41,14781,14783,14783,2,2
2022-07-22 15:32:41,14781,14783,14781,1,-1
2022-07-22 15:32:41,14781,14783,14783,1,1
2022-07-22 15:32:43,14781,14783,14783,1,1
2022-07-22 15:32:44,14781,14783,14783,1,1
2022-07-22 15:32:45,14781,14784,14781,1,-1
2022-07-22 15:32:45,14781,14783,14783,1,1
2022-07-22 15:32:49,14782,14783,14783,1,1
2022-07-22 15:32:50,14782,14783,14783,1,1
2022-07-22 15:32:50,14782,14783,14783,2,2
2022-07-22 15:32:50,14782,14784,14783,2,2
2022-07-22 15:32:51,14782,14784,14783,2,2
2022-07-22 15:32:51,14782,14784,14784,6,6
2022-07-22 15:32:52,14783,14785,14783,1,-1
2022-07-22 15:32:53,14783,14785,14783,1,-1
2022-07-22 15:33:07,14781,14783,14784,11,11
2022-07-22 15:33:07,14781,14783,14785,29,29
2022-07-22 15:33:07,14781,14783,14783,11,11
2022-07-22 15:33:07,14781,14783,14784,3,3
2022-07-22 15:33:08,14784,14785,14784,6,-6
2022-07-22 15:33:08,14784,14785,14784,1,-1
2022-07-22 15:33:08,14784,14785,14784,1,-1
2022-07-22 15:33:08,14784,14785,14784,1,-1
2022-07-22 15:33:08,14784,14785,14784,1,-1
2022-07-22 15:33:08,14784,14785,14784,1,-1
2022-07-22 15:33:08,14784,14785,14783,1,-1
2022-07-22 15:33:08,14784,14785,14783,1,-1
2022-07-22 15:33:08,14783,14784,14783,1,-1
2022-07-22 15:33:08,14783,14784,14783,1,-1
2022-07-22 15:33:09,14783,14784,14784,1,1
2022-07-22 15:33:14,14784,14786,14784,1,-1
2022-07-22 15:33:16,14783,14785,14785,1,1
2022-07-22 15:33:25,14783,14784,14784,1,1
2022-07-22 15:33:37,14784,14785,14785,1,1
2022-07-22 15:33:37,14784,14785,14785,1,1
2022-07-22 15:33:44,14783,14785,14784,1,1
2022-07-22 15:33:48,14782,14783,14782,5,-5
2022-07-22 15:33:49,14781,14782,14781,2,-2
2022-07-22 15:33:50,14780,14782,14780,5,-5
2022-07-22 15:33:51,14779,14781,14781,1,1
2022-07-22 15:33:52,14780,14782,14780,1,-1
2022-07-22 15:33:52,14780,14781,14780,1,-1
2022-07-22 15:33:53,14780,14782,14780,1,-1
2022-07-22 15:33:53,14780,14782,14780,2,-2
2022-07-22 15:33:53,14780,14782,14780,1,-1
2022-07-22 15:33:55,14780,14782,14780,1,-1
2022-07-22 15:33:55,14780,14782,14780,1,-1
2022-07-22 15:33:59,14780,14781,14780,1,-1
2022-07-22 15:34:00,14779,14780,14779,9,-9
2022-07-22 15:34:00,14778,14779,14778,1,-1
2022-07-22 15:34:01,14778,14779,14779,1,1
2022-07-22 15:34:02,14778,14779,14778,1,-1
2022-07-22 15:34:02,14778,14779,14778,4,-4
2022-07-22 15:34:02,14778,14779,14778,1,-1
2022-07-22 15:34:02,14777,14778,14777,1,-1
2022-07-22 15:34:02,14777,14778,14777,1,-1
2022-07-22 15:34:02,14777,14778,14777,1,-1
2022-07-22 15:34:02,14777,14778,14777,1,-1
2022-07-22 15:34:02,14777,14778,14777,26,-26
2022-07-22 15:34:02,14777,14778,14777,1,-1
2022-07-22 15:34:02,14776,14777,14776,10,-10
2022-07-22 15:34:03,14775,14776,14776,1,1
2022-07-22 15:34:04,14775,14777,14777,1,1
2022-07-22 15:34:04,14775,14777,14775,5,-5
2022-07-22 15:34:05,14776,14777,14776,1,-1
2022-07-22 15:34:05,14775,14777,14776,1,-1
2022-07-22 15:34:06,14775,14777,14775,12,-12
2022-07-22 15:34:06,14775,14776,14775,1,-1
2022-07-22 15:34:06,14775,14776,14775,2,-2
2022-07-22 15:34:06,14775,14776,14775,3,-3
2022-07-22 15:34:07,14774,14776,14775,1,-1
2022-07-22 15:34:07,14774,14776,14774,2,-2
2022-07-22 15:34:09,14774,14776,14776,1,1
2022-07-22 15:34:13,14776,14777,14777,1,1
2022-07-22 15:34:15,14776,14778,14776,1,-1
2022-07-22 15:34:18,14778,14780,14778,1,-1
2022-07-22 15:34:19,14777,14779,14777,1,-1
2022-07-22 15:34:20,14776,14778,14776,3,-3
2022-07-22 15:34:21,14776,14777,14776,2,-2
2022-07-22 15:34:21,14776,14777,14777,1,1
2022-07-22 15:34:27,14775,14777,14777,1,1
2022-07-22 15:34:28,14775,14777,14776,1,1
2022-07-22 15:34:31,14776,14777,14777,1,1
2022-07-22 15:34:32,14776,14777,14776,1,-1
2022-07-22 15:34:34,14776,14777,14777,1,1
2022-07-22 15:34:34,14776,14777,14778,4,4
2022-07-22 15:34:36,14777,14778,14778,1,1
2022-07-22 15:34:37,14777,14778,14777,1,-1
2022-07-22 15:34:38,14777,14779,14778,1,-1
2022-07-22 15:34:44,14778,14779,14778,2,-2
2022-07-22 15:34:52,14777,14778,14778,1,1
2022-07-22 15:34:53,14777,14778,14778,2,2
2022-07-22 15:34:55,14777,14778,14778,1,1
2022-07-22 15:35:00,14778,14779,14778,2,-2
2022-07-22 15:35:00,14778,14779,14778,1,-1
2022-07-22 15:35:00,14777,14779,14779,5,5
2022-07-22 15:35:05,14779,14780,14780,2,2
2022-07-22 15:35:05,14779,14780,14780,1,1
2022-07-22 15:35:10,14778,14780,14780,1,1
2022-07-22 15:35:11,14779,14781,14778,1,-1
2022-07-22 15:35:15,14779,14781,14778,2,-2
2022-07-22 15:35:26,14779,14780,14780,1,1
2022-07-22 15:35:28,14780,14781,14781,1,1
2022-07-22 15:35:28,14780,14781,14781,1,1
2022-07-22 15:35:33,14781,14782,14781,5,-5
2022-07-22 15:35:38,14781,14782,14781,1,-1
2022-07-22 15:35:39,14780,14782,14780,1,-1
2022-07-22 15:35:39,14780,14782,14780,2,-2
2022-07-22 15:35:39,14780,14782,14780,2,-2
2022-07-22 15:35:39,14778,14779,14778,1,-1
2022-07-22 15:35:40,14778,14780,14778,1,-1
2022-07-22 15:35:40,14778,14780,14778,1,-1
2022-07-22 15:35:40,14778,14780,14778,1,-1
2022-07-22 15:35:40,14777,14779,14777,2,-2
2022-07-22 15:35:40,14777,14778,14778,1,1
2022-07-22 15:35:40,14778,14779,14779,1,1
2022-07-22 15:35:41,14778,14780,14779,4,4
2022-07-22 15:35:55,14779,14780,14779,2,-2
2022-07-22 15:35:57,14778,14779,14779,1,1
2022-07-22 15:35:58,14778,14779,14778,1,-1
2022-07-22 15:36:02,14778,14779,14778,1,-1
2022-07-22 15:36:02,14778,14779,14778,1,-1
2022-07-22 15:36:03,14777,14778,14777,1,-1
2022-07-22 15:36:09,14777,14779,14777,1,-1
2022-07-22 15:36:12,14777,14778,14777,1,-1
2022-07-22 15:36:12,14777,14778,14777,2,-2
2022-07-22 15:36:13,14776,14777,14777,1,1
2022-07-22 15:36:15,14776,14778,14777,1,1
2022-07-22 15:36:17,14777,14778,14776,1,-1
2022-07-22 15:36:17,14777,14778,14777,1,-1
2022-07-22 15:36:17,14777,14778,14777,1,-1
2022-07-22 15:36:17,14777,14778,14777,1,-1
2022-07-22 15:36:18,14777,14778,14777,1,-1
2022-07-22 15:36:20,14777,14778,14777,1,-1
2022-07-22 15:36:20,14777,14778,14778,1,1
2022-07-22 15:36:24,14777,14778,14777,1,-1
2022-07-22 15:36:29,14776,14777,14776,1,-1
2022-07-22 15:36:29,14776,14777,14776,3,-3
2022-07-22 15:36:31,14775,14776,14775,4,-4
2022-07-22 15:36:31,14775,14776,14775,7,-7
2022-07-22 15:36:32,14774,14776,14774,1,-1
2022-07-22 15:36:32,14774,14776,14776,1,1
2022-07-22 15:36:33,14775,14776,14777,1,1
2022-07-22 15:36:33,14775,14777,14775,2,-2
2022-07-22 15:36:36,14775,14776,14775,1,-1
2022-07-22 15:36:36,14775,14776,14774,4,-4
2022-07-22 15:36:36,14774,14776,14774,3,-3
2022-07-22 15:36:39,14773,14774,14773,5,-5
2022-07-22 15:36:39,14773,14774,14773,5,-5
2022-07-22 15:36:39,14773,14774,14773,5,-5
2022-07-22 15:36:40,14773,14774,14773,3,-3
2022-07-22 15:36:42,14772,14773,14772,1,-1
2022-07-22 15:36:42,14772,14773,14772,5,-5
2022-07-22 15:36:42,14771,14772,14771,1,-1
2022-07-22 15:36:42,14771,14772,14771,1,-1
2022-07-22 15:36:42,14771,14773,14771,1,-1
2022-07-22 15:36:42,14771,14773,14773,1,1
2022-07-22 15:36:45,14772,14773,14772,1,-1
2022-07-22 15:36:47,14771,14773,14771,1,-1
2022-07-22 15:36:50,14772,14773,14772,1,-1
2022-07-22 15:36:51,14772,14773,14773,5,5
2022-07-22 15:36:58,14772,14773,14773,1,1
2022-07-22 15:36:58,14772,14773,14772,3,-3
2022-07-22 15:37:00,14771,14772,14771,1,-1
2022-07-22 15:37:00,14771,14772,14771,1,-1
2022-07-22 15:37:05,14771,14772,14771,1,-1
2022-07-22 15:37:05,14771,14772,14771,1,-1
2022-07-22 15:37:05,14771,14772,14772,1,1
2022-07-22 15:37:06,14772,14773,14772,1,-1
2022-07-22 15:37:09,14771,14772,14772,1,1
2022-07-22 15:37:09,14771,14772,14772,1,1
2022-07-22 15:37:10,14771,14773,14773,1,1
2022-07-22 15:37:10,14771,14773,14773,1,1
2022-07-22 15:37:13,14771,14772,14772,1,1
2022-07-22 15:37:13,14771,14772,14772,1,1
2022-07-22 15:37:17,14772,14774,14772,2,-2
2022-07-22 15:37:17,14772,14774,14772,2,-2
2022-07-22 15:37:18,14772,14774,14772,2,-2
2022-07-22 15:37:19,14771,14772,14771,1,-1
2022-07-22 15:37:19,14771,14772,14771,1,-1
2022-07-22 15:37:20,14771,14772,14772,1,1
2022-07-22 15:37:21,14771,14773,14771,1,-1
2022-07-22 15:37:21,14772,14773,14772,1,-1
2022-07-22 15:37:21,14771,14772,14772,1,1
2022-07-22 15:37:23,14772,14774,14772,1,-1
2022-07-22 15:37:24,14772,14774,14772,1,-1
2022-07-22 15:37:25,14771,14773,14772,1,-1
2022-07-22 15:37:26,14772,14773,14772,1,-1
2022-07-22 15:37:28,14772,14774,14772,1,-1
2022-07-22 15:37:30,14772,14773,14772,1,-1
2022-07-22 15:37:33,14772,14773,14772,1,-1
2022-07-22 15:37:33,14772,14773,14772,5,-5
2022-07-22 15:37:34,14772,14773,14773,1,1
2022-07-22 15:37:34,14772,14773,14772,1,-1
2022-07-22 15:37:37,14773,14774,14774,1,1
2022-07-22 15:37:37,14773,14774,14774,1,1
2022-07-22 15:37:37,14773,14774,14774,1,1
2022-07-22 15:37:40,14773,14775,14774,1,1
2022-07-22 15:37:41,14773,14775,14774,1,1
2022-07-22 15:37:43,14774,14775,14775,3,3
2022-07-22 15:37:43,14774,14775,14775,1,1
2022-07-22 15:37:43,14774,14775,14775,1,1
2022-07-22 15:37:43,14774,14775,14775,1,1
2022-07-22 15:37:43,14774,14775,14775,2,2
2022-07-22 15:37:43,14774,14775,14775,5,5
2022-07-22 15:37:43,14774,14775,14775,2,2
2022-07-22 15:37:43,14774,14775,14775,1,1
2022-07-22 15:37:43,14774,14775,14775,1,1
2022-07-22 15:37:43,14774,14775,14775,1,1
2022-07-22 15:37:43,14774,14775,14775,3,3
2022-07-22 15:37:46,14774,14776,14774,1,-1
2022-07-22 15:37:52,14774,14775,14774,1,-1
2022-07-22 15:37:54,14774,14775,14774,1,-1
2022-07-22 15:37:56,14774,14775,14773,9,-9
2022-07-22 15:37:56,14774,14775,14774,1,-1
2022-07-22 15:37:56,14774,14775,14773,3,-3
2022-07-22 15:37:56,14774,14775,14773,8,-8
2022-07-22 15:37:57,14773,14774,14774,1,1
2022-07-22 15:37:58,14773,14775,14775,5,5
2022-07-22 15:38:03,14773,14774,14773,1,-1
2022-07-22 15:38:10,14772,14773,14772,1,-1
2022-07-22 15:38:10,14772,14773,14772,1,-1
2022-07-22 15:38:10,14772,14773,14772,1,-1
2022-07-22 15:38:10,14771,14773,14771,1,-1
2022-07-22 15:38:18,14771,14772,14772,5,5
2022-07-22 15:38:19,14772,14773,14772,1,-1
2022-07-22 15:38:20,14771,14772,14772,1,1
2022-07-22 15:38:23,14772,14773,14772,2,-2
2022-07-22 15:38:30,14772,14773,14772,1,-1
2022-07-22 15:38:30,14772,14773,14772,1,-1
2022-07-22 15:38:30,14772,14773,14772,4,-4
2022-07-22 15:38:30,14772,14773,14772,1,-1
2022-07-22 15:38:33,14771,14772,14772,1,1
2022-07-22 15:38:38,14772,14773,14772,1,-1
2022-07-22 15:38:38,14772,14773,14772,3,-3
2022-07-22 15:38:42,14771,14772,14771,1,-1
2022-07-22 15:38:46,14771,14772,14771,1,-1
2022-07-22 15:38:46,14771,14772,14771,14,-14
2022-07-22 15:38:46,14770,14771,14770,1,-1
2022-07-22 15:38:46,14770,14771,14770,1,-1
2022-07-22 15:38:46,14770,14771,14770,1,-1
2022-07-22 15:38:46,14770,14771,14771,1,1
2022-07-22 15:38:47,14770,14771,14771,1,1
2022-07-22 15:38:47,14770,14771,14771,1,1
2022-07-22 15:38:49,14770,14771,14770,2,-2
2022-07-22 15:38:50,14770,14771,14771,1,1
2022-07-22 15:38:51,14770,14772,14770,1,-1
2022-07-22 15:38:53,14770,14772,14770,1,-1
2022-07-22 15:38:55,14770,14771,14770,1,-1
2022-07-22 15:38:55,14770,14771,14770,1,-1
2022-07-22 15:38:57,14770,14771,14771,1,1
2022-07-22 15:38:58,14770,14771,14770,5,-5
2022-07-22 15:39:00,14770,14771,14770,1,-1
2022-07-22 15:39:00,14770,14771,14770,13,-13
2022-07-22 15:39:00,14770,14771,14770,4,-4
2022-07-22 15:39:00,14770,14771,14770,4,-4
2022-07-22 15:39:00,14770,14771,14770,4,-4
2022-07-22 15:39:00,14770,14771,14770,6,-6
2022-07-22 15:39:00,14770,14771,14770,1,-1
2022-07-22 15:39:00,14769,14770,14769,1,-1
2022-07-22 15:39:00,14769,14770,14770,1,1
2022-07-22 15:39:00,14769,14770,14769,1,-1
2022-07-22 15:39:00,14769,14770,14769,18,-18
2022-07-22 15:39:01,14768,14769,14768,15,-15
2022-07-22 15:39:01,14767,14768,14768,1,1
2022-07-22 15:39:02,14767,14768,14767,2,-2
2022-07-22 15:39:02,14767,14768,14767,1,-1
2022-07-22 15:39:02,14767,14768,14767,4,-4
2022-07-22 15:39:02,14766,14768,14766,1,-1
2022-07-22 15:39:02,14766,14768,14766,1,-1
2022-07-22 15:39:03,14766,14768,14766,5,-5
2022-07-22 15:39:03,14766,14768,14766,1,-1
2022-07-22 15:39:03,14766,14768,14766,1,-1
2022-07-22 15:39:03,14766,14767,14766,1,-1
2022-07-22 15:39:03,14766,14767,14766,1,-1
2022-07-22 15:39:03,14766,14767,14766,5,-5
2022-07-22 15:39:03,14766,14767,14766,3,-3
2022-07-22 15:39:03,14766,14767,14765,2,-2
2022-07-22 15:39:03,14765,14766,14765,1,-1
2022-07-22 15:39:03,14765,14766,14765,1,-1
2022-07-22 15:39:03,14765,14766,14765,1,-1
2022-07-22 15:39:03,14765,14766,14765,1,-1
2022-07-22 15:39:03,14765,14766,14765,5,-5
2022-07-22 15:39:04,14764,14765,14764,1,-1
2022-07-22 15:39:05,14764,14765,14764,1,-1
2022-07-22 15:39:05,14764,14765,14764,1,-1
2022-07-22 15:39:06,14764,14765,14764,5,-5
2022-07-22 15:39:06,14763,14764,14764,1,1
2022-07-22 15:39:08,14763,14764,14764,1,1
2022-07-22 15:39:09,14763,14765,14764,1,1
2022-07-22 15:39:10,14764,14765,14765,1,1
2022-07-22 15:39:10,14764,14765,14765,1,1
2022-07-22 15:39:10,14764,14765,14765,1,1
2022-07-22 15:39:10,14765,14766,14765,1,-1
2022-07-22 15:39:10,14765,14766,14765,2,-2
2022-07-22 15:39:10,14765,14766,14764,1,-1
2022-07-22 15:39:12,14764,14766,14765,1,-1
2022-07-22 15:39:12,14764,14766,14766,1,1
2022-07-22 15:39:13,14765,14767,14765,1,-1
2022-07-22 15:39:14,14765,14767,14766,3,-3
2022-07-22 15:39:14,14765,14767,14765,2,-2
2022-07-22 15:39:15,14765,14767,14765,1,-1
2022-07-22 15:39:16,14766,14767,14766,1,-1
2022-07-22 15:39:17,14766,14767,14765,1,-1
2022-07-22 15:39:17,14766,14767,14766,3,-3
2022-07-22 15:39:20,14766,14767,14766,2,-2
2022-07-22 15:39:20,14766,14767,14767,5,5
2022-07-22 15:39:21,14768,14769,14768,1,-1
2022-07-22 15:39:22,14768,14769,14768,1,-1
2022-07-22 15:39:23,14767,14769,14767,1,-1
2022-07-22 15:39:24,14767,14769,14769,1,1
2022-07-22 15:39:25,14766,14768,14766,1,-1
2022-07-22 15:39:27,14767,14768,14767,2,-2
2022-07-22 15:39:28,14767,14769,14767,1,-1
2022-07-22 15:39:32,14767,14768,14768,1,1
2022-07-22 15:39:34,14766,14768,14768,1,1
2022-07-22 15:39:39,14768,14769,14768,1,-1
2022-07-22 15:39:42,14767,14768,14767,2,-2
2022-07-22 15:39:43,14767,14768,14767,1,-1
2022-07-22 15:39:46,14767,14768,14767,1,-1
2022-07-22 15:39:46,14767,14768,14768,1,1
2022-07-22 15:39:49,14767,14769,14767,1,-1
2022-07-22 15:39:51,14768,14769,14768,2,-2
2022-07-22 15:39:59,14768,14769,14768,1,-1
2022-07-22 15:40:00,14767,14768,14768,1,1
2022-07-22 15:40:01,14767,14768,14768,1,1
2022-07-22 15:40:02,14767,14768,14767,1,-1
2022-07-22 15:40:02,14767,14768,14767,1,-1
2022-07-22 15:40:02,14767,14768,14767,1,-1
2022-07-22 15:40:04,14767,14768,14768,1,1
2022-07-22 15:40:11,14767,14768,14768,1,1
2022-07-22 15:40:14,14767,14768,14768,1,1
2022-07-22 15:40:16,14767,14768,14768,2,2
2022-07-22 15:40:21,14768,14769,14768,3,-3
2022-07-22 15:40:21,14768,14769,14768,2,-2
2022-07-22 15:40:26,14768,14769,14769,1,1
2022-07-22 15:40:26,14768,14769,14769,1,1
2022-07-22 15:40:26,14768,14769,14769,1,1
2022-07-22 15:40:26,14768,14769,14769,1,1
2022-07-22 15:40:26,14768,14769,14768,1,-1
2022-07-22 15:40:27,14767,14769,14769,1,1
2022-07-22 15:40:27,14767,14769,14767,5,-5
2022-07-22 15:40:28,14766,14768,14768,1,1
2022-07-22 15:40:29,14766,14767,14766,2,-2
2022-07-22 15:40:36,14767,14768,14767,1,-1
2022-07-22 15:40:38,14766,14767,14766,5,-5
2022-07-22 15:40:38,14766,14767,14766,1,-1
2022-07-22 15:40:46,14765,14766,14766,1,1
2022-07-22 15:40:46,14765,14766,14766,1,1
2022-07-22 15:40:46,14765,14766,14766,1,1
2022-07-22 15:40:46,14765,14766,14766,1,1
2022-07-22 15:40:48,14766,14767,14766,1,-1
2022-07-22 15:40:49,14766,14767,14766,1,-1
2022-07-22 15:40:53,14766,14768,14766,1,-1
2022-07-22 15:40:53,14767,14768,14767,1,-1
2022-07-22 15:40:59,14767,14768,14764,11,-11
2022-07-22 15:40:59,14767,14768,14767,1,-1
2022-07-22 15:40:59,14767,14768,14765,22,-22
2022-07-22 15:40:59,14767,14768,14766,16,-16
2022-07-22 15:40:59,14767,14768,14765,1,-1
2022-07-22 15:40:59,14767,14768,14765,1,-1
2022-07-22 15:40:59,14767,14768,14764,1,-1
2022-07-22 15:40:59,14767,14768,14765,2,-2
2022-07-22 15:40:59,14767,14768,14765,2,-2
2022-07-22 15:40:59,14764,14765,14765,1,1
2022-07-22 15:41:00,14764,14765,14764,1,-1
2022-07-22 15:41:01,14764,14765,14765,1,1
2022-07-22 15:41:01,14765,14766,14766,1,1
2022-07-22 15:41:02,14765,14766,14766,1,1
2022-07-22 15:41:04,14765,14766,14765,1,-1
2022-07-22 15:41:06,14764,14766,14766,1,1
2022-07-22 15:41:10,14764,14765,14765,1,1
2022-07-22 15:41:11,14764,14765,14764,1,-1
2022-07-22 15:41:13,14764,14765,14764,1,-1
2022-07-22 15:41:13,14764,14765,14764,1,-1
2022-07-22 15:41:14,14763,14765,14763,5,-5
2022-07-22 15:41:15,14763,14765,14763,1,-1
2022-07-22 15:41:15,14763,14765,14763,1,-1
2022-07-22 15:41:18,14764,14765,14764,1,-1
2022-07-22 15:41:18,14764,14765,14764,1,-1
2022-07-22 15:41:19,14764,14765,14765,1,1
2022-07-22 15:41:19,14764,14765,14765,1,1
2022-07-22 15:41:20,14764,14766,14766,4,4
2022-07-22 15:41:22,14766,14767,14767,1,1
2022-07-22 15:41:24,14766,14768,14768,1,1
2022-07-22 15:41:26,14766,14768,14768,1,1
2022-07-22 15:41:27,14766,14767,14767,1,1
2022-07-22 15:41:29,14766,14768,14766,1,-1
2022-07-22 15:41:30,14766,14767,14765,1,-1
2022-07-22 15:41:30,14766,14767,14766,4,-4
2022-07-22 15:41:38,14765,14767,14767,1,1
2022-07-22 15:41:48,14766,14767,14766,1,-1
2022-07-22 15:41:49,14765,14766,14766,1,1
2022-07-22 15:41:50,14765,14766,14766,1,1
2022-07-22 15:42:00,14766,14767,14766,1,-1
2022-07-22 15:42:03,14765,14766,14766,1,1
2022-07-22 15:42:03,14765,14766,14767,1,1
2022-07-22 15:42:08,14765,14766,14765,2,-2
2022-07-22 15:42:08,14765,14766,14765,1,-1
2022-07-22 15:42:08,14765,14766,14765,2,-2
2022-07-22 15:42:08,14765,14766,14765,1,-1
2022-07-22 15:42:10,14765,14766,14765,1,-1
2022-07-22 15:42:10,14764,14766,14766,1,1
2022-07-22 15:42:14,14765,14766,14766,1,1
2022-07-22 15:42:19,14766,14767,14767,1,1
2022-07-22 15:42:19,14766,14767,14767,1,1
2022-07-22 15:42:21,14766,14767,14767,1,1
2022-07-22 15:42:24,14767,14768,14768,1,1
2022-07-22 15:42:26,14767,14768,14768,3,3
2022-07-22 15:42:27,14768,14769,14769,4,4
2022-07-22 15:42:27,14768,14769,14769,1,1
2022-07-22 15:42:30,14767,14769,14770,1,1
2022-07-22 15:42:30,14768,14770,14770,1,1
2022-07-22 15:42:32,14767,14769,14769,1,1
2022-07-22 15:42:34,14768,14769,14769,1,1
2022-07-22 15:42:34,14768,14769,14769,3,3
2022-07-22 15:42:37,14768,14769,14769,1,1
2022-07-22 15:42:37,14768,14769,14768,1,-1
2022-07-22 15:42:39,14767,14768,14768,1,1
2022-07-22 15:42:39,14767,14768,14768,1,1
2022-07-22 15:42:39,14767,14768,14768,2,2
2022-07-22 15:42:40,14767,14768,14767,2,-2
2022-07-22 15:42:45,14767,14768,14768,2,2
2022-07-22 15:42:54,14769,14770,14770,1,1
2022-07-22 15:42:54,14769,14770,14768,1,-1
2022-07-22 15:42:57,14769,14770,14770,2,2
2022-07-22 15:43:00,14770,14771,14771,1,1
2022-07-22 15:43:05,14770,14771,14771,1,1
2022-07-22 15:43:09,14770,14771,14771,1,1
2022-07-22 15:43:09,14770,14771,14771,1,1
2022-07-22 15:43:13,14770,14771,14771,2,2
2022-07-22 15:43:14,14770,14771,14771,1,1
2022-07-22 15:43:14,14770,14771,14770,1,-1
2022-07-22 15:43:14,14770,14771,14770,1,-1
2022-07-22 15:43:19,14770,14771,14770,1,-1
2022-07-22 15:43:21,14770,14771,14771,1,1
2022-07-22 15:43:21,14770,14771,14771,1,1
2022-07-22 15:43:27,14770,14772,14772,1,1
2022-07-22 15:43:28,14770,14772,14772,1,1
2022-07-22 15:43:28,14770,14772,14772,4,4
2022-07-22 15:43:32,14771,14772,14771,1,-1
2022-07-22 15:43:32,14771,14772,14771,1,-1
2022-07-22 15:43:34,14770,14772,14772,1,1
2022-07-22 15:43:35,14770,14772,14772,1,1
2022-07-22 15:43:39,14771,14772,14772,1,1
2022-07-22 15:43:40,14771,14772,14771,3,-3
2022-07-22 15:43:46,14770,14772,14770,1,-1
2022-07-22 15:43:47,14770,14772,14770,1,-1
2022-07-22 15:43:56,14770,14771,14770,1,-1
2022-07-22 15:43:56,14770,14771,14770,1,-1
2022-07-22 15:43:56,14770,14771,14770,3,-3
2022-07-22 15:44:00,14769,14771,14771,2,2
2022-07-22 15:44:03,14769,14770,14769,1,-1
2022-07-22 15:44:03,14769,14770,14769,2,-2
2022-07-22 15:44:03,14769,14770,14769,1,-1
2022-07-22 15:44:03,14769,14770,14769,6,-6
2022-07-22 15:44:03,14769,14770,14769,1,-1
2022-07-22 15:44:03,14769,14770,14769,1,-1
2022-07-22 15:44:05,14768,14769,14769,1,1
2022-07-22 15:44:09,14768,14769,14769,1,1
2022-07-22 15:44:09,14769,14771,14769,1,-1
2022-07-22 15:44:13,14769,14771,14769,3,-3
2022-07-22 15:44:24,14769,14770,14770,2,2
2022-07-22 15:44:28,14769,14770,14769,4,-4
2022-07-22 15:44:33,14769,14770,14769,1,-1
2022-07-22 15:44:33,14769,14770,14770,1,1
2022-07-22 15:44:33,14769,14770,14770,1,1
2022-07-22 15:44:38,14769,14770,14769,1,-1
2022-07-22 15:44:45,14768,14769,14768,1,-1
2022-07-22 15:44:45,14768,14769,14768,2,-2
2022-07-22 15:44:45,14768,14769,14768,1,-1
2022-07-22 15:44:45,14768,14769,14768,1,-1
2022-07-22 15:44:45,14768,14769,14768,1,-1
2022-07-22 15:44:45,14768,14769,14768,1,-1
2022-07-22 15:44:47,14768,14769,14768,28,-28
2022-07-22 15:44:47,14767,14768,14767,2,-2
2022-07-22 15:44:49,14767,14768,14767,1,-1
2022-07-22 15:44:52,14767,14769,14767,1,-1
2022-07-22 15:44:54,14767,14768,14767,1,-1
2022-07-22 15:44:54,14767,14768,14767,1,-1
2022-07-22 15:44:57,14767,14768,14767,2,-2
2022-07-22 15:44:57,14767,14768,14767,1,-1
2022-07-22 15:44:59,14766,14767,14767,1,1
2022-07-22 15:44:59,14766,14767,14767,1,1
2022-07-22 15:44:59,14767,14768,14767,1,-1
2022-07-22 15:45:03,14768,14769,14769,4,4
2022-07-22 15:45:04,14768,14770,14767,2,-2
2022-07-22 15:45:04,14768,14770,14768,6,-6
2022-07-22 15:45:04,14767,14769,14767,2,-2
2022-07-22 15:45:08,14767,14769,14768,1,-1
2022-07-22 15:45:09,14768,14769,14768,1,-1
2022-07-22 15:45:09,14768,14769,14768,1,-1
2022-07-22 15:45:10,14768,14769,14769,1,1
2022-07-22 15:45:10,14769,14770,14769,1,-1
2022-07-22 15:45:19,14769,14770,14769,1,-1
2022-07-22 15:45:36,14769,14770,14769,1,-1
2022-07-22 15:45:47,14767,14769,14768,1,-1
2022-07-22 15:45:47,14767,14768,14768,1,1
2022-07-22 15:45:47,14767,14768,14768,2,2
2022-07-22 15:45:47,14767,14768,14768,1,1
2022-07-22 15:45:54,14769,14770,14769,1,-1
2022-07-22 15:46:02,14768,14769,14769,1,1
2022-07-22 15:46:07,14769,14770,14769,1,-1
2022-07-22 15:46:07,14769,14770,14770,1,1
2022-07-22 15:46:07,14769,14770,14770,2,2
2022-07-22 15:46:07,14769,14770,14770,2,2
2022-07-22 15:46:19,14770,14771,14770,1,-1
2022-07-22 15:46:30,14770,14771,14770,1,-1
2022-07-22 15:46:30,14770,14771,14770,1,-1
2022-07-22 15:46:52,14770,14771,14770,4,-4
2022-07-22 15:46:52,14769,14770,14770,1,1
2022-07-22 15:47:02,14770,14771,14771,3,3
2022-07-22 15:47:02,14771,14772,14772,1,1
2022-07-22 15:47:02,14771,14772,14772,1,1
2022-07-22 15:47:02,14771,14772,14772,1,1
2022-07-22 15:47:02,14771,14772,14772,2,2
2022-07-22 15:47:02,14771,14772,14772,1,1
2022-07-22 15:47:02,14771,14772,14772,1,1
2022-07-22 15:47:02,14771,14772,14772,1,1
2022-07-22 15:47:02,14771,14772,14772,1,1
2022-07-22 15:47:02,14771,14772,14772,1,1
2022-07-22 15:47:08,14771,14772,14772,1,1
2022-07-22 15:47:19,14771,14772,14772,1,1
2022-07-22 15:47:19,14771,14772,14772,1,1
2022-07-22 15:47:19,14771,14772,14772,1,1
2022-07-22 15:47:19,14771,14772,14771,3,-3
2022-07-22 15:47:31,14770,14771,14771,1,1
2022-07-22 15:47:33,14770,14771,14771,1,1
2022-07-22 15:47:33,14770,14771,14771,2,2
2022-07-22 15:47:33,14770,14771,14770,1,-1
2022-07-22 15:47:33,14770,14771,14770,1,-1
2022-07-22 15:47:35,14770,14771,14771,1,1
2022-07-22 15:47:35,14770,14771,14770,14,-14
2022-07-22 15:47:45,14769,14770,14770,1,1
2022-07-22 15:47:55,14769,14770,14769,1,-1
2022-07-22 15:47:55,14769,14770,14769,1,-1
2022-07-22 15:48:00,14768,14770,14770,3,3
2022-07-22 15:48:18,14769,14770,14770,1,1
2022-07-22 15:48:18,14769,14770,14770,1,1
2022-07-22 15:48:25,14769,14771,14769,1,-1
2022-07-22 15:48:26,14769,14770,14770,1,1
2022-07-22 15:48:31,14770,14771,14771,1,1
2022-07-22 15:48:35,14771,14772,14772,1,1
2022-07-22 15:48:41,14771,14772,14771,1,-1
2022-07-22 15:48:45,14771,14772,14771,1,-1
2022-07-22 15:48:49,14771,14772,14771,1,-1
2022-07-22 15:48:50,14769,14771,14771,1,1
2022-07-22 15:49:08,14769,14771,14771,2,2
2022-07-22 15:49:15,14769,14771,14771,1,1
2022-07-22 15:49:20,14771,14772,14771,1,-1
2022-07-22 15:49:26,14770,14772,14770,2,-2
2022-07-22 15:49:30,14771,14772,14772,2,2
2022-07-22 15:49:31,14771,14772,14771,1,-1
2022-07-22 15:49:33,14771,14772,14771,1,-1
2022-07-22 15:49:40,14770,14772,14772,1,1
2022-07-22 15:49:56,14771,14772,14772,1,1
2022-07-22 15:50:06,14771,14772,14771,1,-1
2022-07-22 15:50:09,14771,14772,14772,3,3
2022-07-22 15:50:30,14772,14773,14772,1,-1
2022-07-22 15:50:36,14771,14772,14772,1,1
2022-07-22 15:50:36,14771,14772,14772,1,1
2022-07-22 15:50:47,14772,14773,14772,1,-1
2022-07-22 15:50:52,14772,14773,14772,1,-1
2022-07-22 15:50:52,14772,14773,14772,1,-1
2022-07-22 15:50:52,14772,14773,14772,1,-1
2022-07-22 15:51:01,14771,14772,14772,1,1
2022-07-22 15:51:08,14771,14772,14771,1,-1
2022-07-22 15:51:14,14771,14772,14771,1,-1
2022-07-22 15:51:15,14771,14772,14771,1,-1
2022-07-22 15:51:15,14771,14772,14771,1,-1
2022-07-22 15:51:16,14770,14772,14771,1,-1
2022-07-22 15:51:19,14769,14770,14770,1,1
2022-07-22 15:51:29,14769,14770,14769,1,-1
2022-07-22 15:51:32,14769,14770,14769,1,-1
2022-07-22 15:51:36,14769,14770,14770,1,1
2022-07-22 15:51:36,14769,14770,14770,1,1
2022-07-22 15:51:37,14769,14771,14769,1,-1
2022-07-22 15:51:39,14769,14771,14769,1,-1
2022-07-22 15:51:44,14769,14770,14769,1,-1
2022-07-22 15:51:45,14769,14770,14770,1,1
2022-07-22 15:51:47,14770,14771,14770,2,-2
2022-07-22 15:51:52,14769,14771,14770,1,-1
2022-07-22 15:52:04,14770,14771,14770,1,-1
2022-07-22 15:52:04,14770,14771,14771,1,1
2022-07-22 15:52:04,14770,14771,14772,1,1
2022-07-22 15:52:04,14770,14771,14772,1,1
2022-07-22 15:52:07,14771,14772,14772,1,1
2022-07-22 15:52:07,14772,14773,14773,1,1
2022-07-22 15:52:07,14772,14773,14773,6,6
2022-07-22 15:52:07,14772,14774,14773,1,1
2022-07-22 15:52:23,14771,14773,14773,1,1
2022-07-22 15:52:30,14772,14773,14772,1,-1
2022-07-22 15:52:31,14771,14773,14773,1,1
2022-07-22 15:52:42,14771,14772,14771,1,-1
2022-07-22 15:52:49,14770,14771,14771,1,1
2022-07-22 15:53:01,14770,14771,14770,5,-5
2022-07-22 15:53:10,14769,14770,14769,3,-3
2022-07-22 15:53:11,14768,14769,14768,1,-1
2022-07-22 15:53:11,14768,14769,14768,7,-7
2022-07-22 15:53:12,14767,14768,14767,3,-3
2022-07-22 15:53:13,14767,14768,14767,1,-1
2022-07-22 15:53:13,14767,14768,14767,3,-3
2022-07-22 15:53:16,14766,14767,14766,2,-2
2022-07-22 15:53:16,14766,14767,14766,1,-1
2022-07-22 15:53:20,14766,14768,14766,1,-1
2022-07-22 15:53:25,14766,14767,14766,1,-1
2022-07-22 15:53:34,14766,14767,14766,5,-5
2022-07-22 15:53:35,14766,14767,14766,4,-4
2022-07-22 15:53:35,14766,14767,14765,1,-1
2022-07-22 15:53:40,14766,14767,14766,1,-1
2022-07-22 15:53:45,14766,14767,14767,1,1
2022-07-22 15:53:48,14768,14770,14768,2,-2
2022-07-22 15:53:52,14769,14770,14770,1,1
2022-07-22 15:53:54,14768,14770,14768,2,-2
2022-07-22 15:54:20,14769,14770,14770,6,6
2022-07-22 15:54:21,14769,14771,14769,1,-1
2022-07-22 15:54:27,14770,14771,14770,1,-1
2022-07-22 15:54:29,14769,14771,14769,1,-1
2022-07-22 15:54:30,14769,14770,14769,1,-1
2022-07-22 15:54:31,14769,14770,14770,1,1
2022-07-22 15:54:34,14770,14771,14771,1,1
2022-07-22 15:54:37,14771,14772,14771,1,-1
2022-07-22 15:54:48,14771,14772,14772,1,1
2022-07-22 15:54:48,14771,14772,14772,1,1
2022-07-22 15:54:48,14771,14772,14772,1,1
2022-07-22 15:54:56,14771,14772,14772,1,1
2022-07-22 15:55:00,14772,14773,14773,1,1
2022-07-22 15:55:07,14772,14773,14773,1,1
2022-07-22 15:55:11,14772,14773,14773,2,2
2022-07-22 15:55:11,14772,14773,14773,1,1
2022-07-22 15:55:11,14772,14773,14774,1,1
2022-07-22 15:55:11,14772,14774,14774,1,1
2022-07-22 15:55:11,14772,14774,14774,1,1
2022-07-22 15:55:14,14772,14774,14774,1,1
2022-07-22 15:55:17,14773,14774,14774,1,1
2022-07-22 15:55:18,14774,14775,14775,1,1
2022-07-22 15:55:18,14774,14775,14775,1,1
2022-07-22 15:55:18,14774,14775,14775,1,1
2022-07-22 15:55:18,14774,14775,14775,5,5
2022-07-22 15:55:18,14774,14776,14776,1,1
2022-07-22 15:55:20,14774,14776,14776,1,1
2022-07-22 15:55:25,14774,14776,14776,2,2
2022-07-22 15:55:27,14774,14776,14776,1,1
2022-07-22 15:55:30,14774,14776,14776,1,1
2022-07-22 15:55:32,14774,14776,14776,2,2
2022-07-22 15:55:35,14774,14775,14775,1,1
2022-07-22 15:55:35,14774,14776,14774,1,-1
2022-07-22 15:55:36,14774,14775,14774,1,-1
2022-07-22 15:55:41,14773,14774,14775,1,1
2022-07-22 15:55:42,14773,14775,14775,1,1
2022-07-22 15:55:46,14774,14775,14775,1,1
2022-07-22 15:55:55,14774,14775,14775,1,1
2022-07-22 15:55:59,14774,14775,14774,6,-6
2022-07-22 15:55:59,14774,14775,14774,4,-4
2022-07-22 15:55:59,14774,14775,14774,1,-1
2022-07-22 15:55:59,14774,14775,14774,6,-6
2022-07-22 15:55:59,14774,14775,14774,1,-1
2022-07-22 15:55:59,14774,14775,14774,1,-1
2022-07-22 15:55:59,14774,14775,14774,1,-1
2022-07-22 15:56:00,14774,14775,14775,3,3
2022-07-22 15:56:00,14774,14775,14775,1,1
2022-07-22 15:56:00,14774,14776,14776,4,4
2022-07-22 15:56:04,14775,14776,14775,1,-1
2022-07-22 15:56:04,14775,14776,14775,1,-1
2022-07-22 15:56:05,14775,14776,14775,1,-1
2022-07-22 15:56:09,14774,14775,14775,1,1
2022-07-22 15:56:11,14774,14775,14774,1,-1
2022-07-22 15:56:11,14774,14775,14774,1,-1
2022-07-22 15:56:15,14773,14774,14774,1,1
2022-07-22 15:56:19,14773,14774,14773,3,-3
2022-07-22 15:56:26,14772,14773,14773,2,2
2022-07-22 15:56:26,14772,14773,14773,3,3
2022-07-22 15:56:26,14772,14773,14773,1,1
2022-07-22 15:56:26,14772,14773,14773,2,2
2022-07-22 15:56:26,14772,14773,14773,10,10
2022-07-22 15:56:31,14773,14774,14774,2,2
2022-07-22 15:56:31,14773,14774,14775,3,3
2022-07-22 15:56:33,14773,14775,14775,5,5
2022-07-22 15:56:40,14774,14775,14774,1,-1
2022-07-22 15:56:41,14773,14775,14775,5,5
2022-07-22 15:56:44,14773,14775,14775,5,5
2022-07-22 15:56:46,14773,14775,14775,5,5
2022-07-22 15:56:49,14774,14775,14775,4,4
2022-07-22 15:56:49,14774,14775,14776,1,1
2022-07-22 15:56:51,14774,14776,14774,1,-1
2022-07-22 15:56:52,14774,14776,14775,1,-1
2022-07-22 15:56:52,14774,14776,14776,4,4
2022-07-22 15:56:54,14774,14775,14775,1,1
2022-07-22 15:56:54,14774,14775,14776,4,4
2022-07-22 15:56:58,14774,14775,14775,1,1
2022-07-22 15:56:58,14774,14775,14776,4,4
2022-07-22 15:57:00,14774,14776,14776,5,5
2022-07-22 15:57:07,14775,14776,14775,1,-1
2022-07-22 15:57:08,14775,14776,14776,1,1
2022-07-22 15:57:08,14775,14776,14776,1,1
2022-07-22 15:57:09,14775,14776,14775,2,-2
2022-07-22 15:57:12,14775,14776,14776,1,1
2022-07-22 15:57:13,14775,14776,14776,1,1
2022-07-22 15:57:18,14775,14776,14776,8,8
2022-07-22 15:57:20,14775,14776,14776,2,2
2022-07-22 15:57:22,14775,14776,14775,1,-1
2022-07-22 15:57:27,14775,14776,14776,1,1
2022-07-22 15:57:27,14775,14776,14776,2,2
2022-07-22 15:57:27,14775,14776,14776,3,3
2022-07-22 15:57:28,14775,14776,14776,1,1
2022-07-22 15:57:28,14775,14776,14776,1,1
2022-07-22 15:57:28,14775,14776,14776,3,3
2022-07-22 15:57:28,14775,14776,14776,1,1
2022-07-22 15:57:28,14775,14776,14776,4,4
2022-07-22 15:57:28,14775,14776,14776,1,1
2022-07-22 15:57:28,14775,14776,14776,1,1
2022-07-22 15:57:29,14776,14777,14777,1,1
2022-07-22 15:57:35,14776,14777,14777,1,1
2022-07-22 15:57:35,14776,14777,14777,1,1
2022-07-22 15:57:35,14776,14777,14777,5,5
2022-07-22 15:57:35,14777,14778,14777,2,-2
2022-07-22 15:57:40,14776,14777,14777,1,1
2022-07-22 15:57:47,14776,14777,14777,1,1
2022-07-22 15:57:48,14776,14777,14776,1,-1
2022-07-22 15:57:51,14775,14777,14777,1,1
2022-07-22 15:57:58,14775,14776,14775,1,-1
2022-07-22 15:57:58,14775,14776,14775,5,-5
2022-07-22 15:58:01,14774,14775,14774,3,-3
2022-07-22 15:58:01,14773,14775,14775,1,1
2022-07-22 15:58:06,14773,14774,14773,1,-1
2022-07-22 15:58:09,14772,14773,14773,1,1
2022-07-22 15:58:10,14773,14774,14773,1,-1
2022-07-22 15:58:10,14773,14774,14774,1,1
2022-07-22 15:58:20,14773,14774,14774,1,1
2022-07-22 15:58:21,14773,14774,14774,1,1
2022-07-22 15:58:24,14773,14774,14774,1,1
2022-07-22 15:58:30,14773,14774,14773,2,-2
2022-07-22 15:58:32,14772,14774,14774,1,1
2022-07-22 15:58:39,14773,14774,14773,4,-4
2022-07-22 15:58:39,14773,14774,14773,1,-1
2022-07-22 15:58:39,14773,14774,14773,1,-1
2022-07-22 15:58:39,14773,14774,14773,1,-1
2022-07-22 15:59:00,14772,14773,14772,1,-1
2022-07-22 15:59:00,14772,14773,14772,4,-4
2022-07-22 15:59:00,14772,14773,14772,1,-1
2022-07-22 15:59:00,14772,14773,14772,3,-3
2022-07-22 15:59:00,14772,14773,14772,1,-1
2022-07-22 15:59:00,14772,14773,14772,1,-1
2022-07-22 15:59:01,14772,14773,14773,1,1
2022-07-22 15:59:03,14772,14773,14773,1,1
2022-07-22 15:59:08,14772,14773,14773,1,1
2022-07-22 15:59:16,14772,14773,14773,1,1
2022-07-22 15:59:16,14772,14773,14773,1,1
2022-07-22 15:59:21,14772,14773,14772,1,-1
2022-07-22 15:59:29,14772,14773,14772,1,-1
2022-07-22 15:59:31,14771,14772,14771,2,-2
2022-07-22 15:59:36,14770,14771,14771,1,1
2022-07-22 15:59:51,14772,14774,14772,1,-1
2022-07-22 16:00:00,14773,14774,14774,1,1
2022-07-22 16:00:00,14773,14774,14774,1,1
2022-07-22 16:00:00,14773,14774,14774,1,1
2022-07-22 16:00:15,14774,14775,14774,1,-1
2022-07-22 16:00:16,14774,14775,14774,2,-2
2022-07-22 16:00:16,14774,14775,14773,1,-1
2022-07-22 16:00:16,14773,14775,14773,1,-1
2022-07-22 16:00:23,14774,14775,14775,2,2
2022-07-22 16:00:24,14775,14776,14775,1,-1
2022-07-22 16:00:31,14774,14775,14774,1,-1
2022-07-22 16:00:41,14773,14774,14774,1,1
2022-07-22 16:00:48,14774,14775,14775,1,1
2022-07-22 16:00:51,14773,14774,14773,1,-1
2022-07-22 16:00:51,14773,14774,14773,1,-1
2022-07-22 16:00:51,14773,14774,14773,1,-1
2022-07-22 16:00:57,14772,14773,14773,1,1
2022-07-22 16:01:00,14772,14773,14772,1,-1
2022-07-22 16:01:00,14771,14773,14773,1,1
2022-07-22 16:01:01,14771,14773,14773,1,1
2022-07-22 16:01:08,14772,14773,14772,1,-1
2022-07-22 16:01:12,14772,14773,14772,1,-1
2022-07-22 16:01:12,14771,14773,14773,1,1
