2021-08-03 15:00:00.070,17491,17492,17490,56,-56
2021-08-03 15:00:00.160,17488,17490,17490,1,1
2021-08-03 15:00:00.196,17488,17490,17488,1,-1
2021-08-03 15:00:00.279,17488,17490,17489,1,1
2021-08-03 15:00:00.279,17488,17490,17490,4,4
2021-08-03 15:00:00.280,17488,17490,17490,2,2
2021-08-03 15:00:00.323,17487,17490,17490,1,1
2021-08-03 15:00:00.370,17487,17490,17490,4,4
2021-08-03 15:00:00.377,17487,17490,17490,3,3
2021-08-03 15:00:00.379,17487,17490,17490,2,2
2021-08-03 15:00:00.382,17487,17490,17490,3,3
2021-08-03 15:00:00.387,17487,17490,17490,3,3
2021-08-03 15:00:00.394,17487,17490,17490,2,2
2021-08-03 15:00:00.398,17487,17490,17490,2,2
2021-08-03 15:00:00.400,17487,17490,17490,2,2
2021-08-03 15:00:00.404,17487,17490,17490,1,1
2021-08-03 15:00:00.409,17487,17490,17490,4,4
2021-08-03 15:00:00.413,17487,17490,17490,4,4
2021-08-03 15:00:00.413,17487,17490,17490,25,25
2021-08-03 15:00:00.436,17488,17491,17491,1,1
2021-08-03 15:00:00.442,17488,17491,17491,2,2
2021-08-03 15:00:00.475,17488,17491,17491,1,1
2021-08-03 15:00:00.475,17488,17491,17492,1,1
2021-08-03 15:00:00.490,17488,17491,17492,2,2
2021-08-03 15:00:00.495,17488,17491,17492,2,2
2021-08-03 15:00:00.500,17488,17491,17492,5,5
2021-08-03 15:00:00.527,17488,17491,17493,3,3
2021-08-03 15:00:00.604,17491,17493,17493,1,1
2021-08-03 15:00:00.605,17491,17493,17493,2,2
2021-08-03 15:00:00.607,17491,17493,17493,2,2
2021-08-03 15:00:00.629,17491,17493,17493,1,1
2021-08-03 15:00:00.668,17491,17493,17493,3,3
2021-08-03 15:00:00.679,17491,17493,17493,1,1
2021-08-03 15:00:00.679,17491,17493,17493,1,1
2021-08-03 15:00:00.690,17491,17493,17491,1,-1
2021-08-03 15:00:00.733,17491,17493,17494,3,3
2021-08-03 15:00:00.752,17491,17493,17492,3,-3
2021-08-03 15:00:00.752,17491,17493,17491,1,-1
2021-08-03 15:00:00.759,17491,17493,17494,1,1
2021-08-03 15:00:00.759,17491,17493,17494,1,1
2021-08-03 15:00:00.767,17491,17493,17494,1,1
2021-08-03 15:00:00.788,17491,17493,17494,1,1
2021-08-03 15:00:00.822,17490,17494,17494,2,2
2021-08-03 15:00:00.897,17490,17494,17494,1,1
2021-08-03 15:00:00.907,17490,17494,17494,1,1
2021-08-03 15:00:00.909,17490,17494,17494,1,1
2021-08-03 15:00:00.945,17493,17494,17494,1,1
2021-08-03 15:00:00.949,17493,17494,17494,1,1
2021-08-03 15:00:00.955,17493,17494,17495,1,1
2021-08-03 15:00:00.966,17493,17494,17495,1,1
2021-08-03 15:00:00.976,17493,17494,17493,1,-1
2021-08-03 15:00:00.999,17493,17494,17495,1,1
2021-08-03 15:00:01.002,17493,17494,17495,1,1
2021-08-03 15:00:01.006,17493,17494,17495,1,1
2021-08-03 15:00:01.074,17493,17495,17495,4,4
2021-08-03 15:00:01.143,17493,17495,17495,1,1
2021-08-03 15:00:01.147,17493,17495,17495,1,1
2021-08-03 15:00:01.194,17493,17495,17495,1,1
2021-08-03 15:00:01.208,17493,17495,17495,2,2
2021-08-03 15:00:01.336,17493,17495,17495,2,2
2021-08-03 15:00:01.337,17493,17495,17495,1,1
2021-08-03 15:00:01.337,17493,17495,17496,3,3
2021-08-03 15:00:01.448,17493,17496,17493,4,-4
2021-08-03 15:00:01.600,17492,17493,17493,1,1
2021-08-03 15:00:01.711,17491,17494,17494,1,1
2021-08-03 15:00:01.715,17491,17494,17494,1,1
2021-08-03 15:00:01.733,17491,17494,17495,1,1
2021-08-03 15:00:01.735,17491,17494,17495,1,1
2021-08-03 15:00:01.737,17491,17494,17496,2,2
2021-08-03 15:00:01.738,17491,17494,17496,1,1
2021-08-03 15:00:01.742,17491,17494,17496,1,1
2021-08-03 15:00:01.796,17491,17494,17496,1,1
2021-08-03 15:00:01.796,17491,17494,17496,1,1
2021-08-03 15:00:01.815,17493,17496,17493,1,-1
2021-08-03 15:00:01.846,17493,17496,17496,1,1
2021-08-03 15:00:01.846,17493,17496,17497,2,2
2021-08-03 15:00:01.856,17493,17496,17497,1,1
2021-08-03 15:00:01.877,17493,17496,17492,2,-2
2021-08-03 15:00:01.915,17493,17496,17496,1,1
2021-08-03 15:00:01.915,17493,17496,17497,1,1
2021-08-03 15:00:01.915,17493,17496,17497,2,2
2021-08-03 15:00:01.915,17493,17496,17497,1,1
2021-08-03 15:00:01.968,17492,17497,17497,5,5
2021-08-03 15:00:01.969,17492,17497,17495,1,-1
2021-08-03 15:00:01.996,17492,17497,17497,1,1
2021-08-03 15:00:01.996,17492,17497,17498,4,4
2021-08-03 15:00:02.043,17492,17497,17498,2,2
2021-08-03 15:00:02.063,17495,17498,17498,1,1
2021-08-03 15:00:02.067,17495,17498,17498,1,1
2021-08-03 15:00:02.068,17495,17498,17498,1,1
2021-08-03 15:00:02.082,17495,17498,17498,1,1
2021-08-03 15:00:02.092,17495,17498,17498,4,4
2021-08-03 15:00:02.094,17495,17498,17498,3,3
2021-08-03 15:00:02.103,17495,17498,17498,1,1
2021-08-03 15:00:02.111,17495,17498,17498,1,1
2021-08-03 15:00:02.131,17495,17498,17498,2,2
2021-08-03 15:00:02.190,17496,17498,17496,1,-1
2021-08-03 15:00:02.191,17496,17498,17498,1,1
2021-08-03 15:00:02.191,17496,17498,17496,2,-2
2021-08-03 15:00:02.282,17496,17498,17496,1,-1
2021-08-03 15:00:02.282,17496,17498,17495,2,-2
2021-08-03 15:00:02.320,17494,17496,17496,1,1
2021-08-03 15:00:02.320,17494,17496,17496,1,1
2021-08-03 15:00:02.323,17494,17496,17497,1,1
2021-08-03 15:00:02.332,17494,17496,17497,1,1
2021-08-03 15:00:02.332,17494,17496,17497,1,1
2021-08-03 15:00:02.397,17494,17496,17498,1,1
2021-08-03 15:00:02.400,17494,17496,17498,1,1
2021-08-03 15:00:02.411,17494,17496,17495,1,-1
2021-08-03 15:00:02.421,17494,17496,17497,1,1
2021-08-03 15:00:02.422,17494,17496,17497,1,1
2021-08-03 15:00:02.438,17494,17498,17498,1,1
2021-08-03 15:00:02.451,17494,17498,17495,1,-1
2021-08-03 15:00:02.535,17494,17498,17497,1,1
2021-08-03 15:00:02.555,17494,17497,17495,1,-1
2021-08-03 15:00:02.567,17494,17497,17497,1,1
2021-08-03 15:00:02.567,17494,17497,17495,3,-3
2021-08-03 15:00:02.620,17494,17497,17497,1,1
2021-08-03 15:00:02.659,17494,17497,17494,2,-2
2021-08-03 15:00:02.671,17494,17497,17495,1,1
2021-08-03 15:00:03.003,17492,17496,17494,2,-2
2021-08-03 15:00:03.003,17492,17496,17496,2,2
2021-08-03 15:00:03.055,17492,17495,17495,1,1
2021-08-03 15:00:03.211,17492,17495,17493,1,-1
2021-08-03 15:00:03.280,17492,17495,17493,1,-1
2021-08-03 15:00:03.280,17492,17495,17492,2,-2
2021-08-03 15:00:03.280,17492,17495,17492,6,-6
2021-08-03 15:00:03.327,17491,17494,17494,1,1
2021-08-03 15:00:03.488,17491,17494,17494,1,1
2021-08-03 15:00:03.502,17491,17494,17494,1,1
2021-08-03 15:00:03.502,17491,17494,17495,1,1
2021-08-03 15:00:03.518,17491,17494,17494,1,1
2021-08-03 15:00:03.529,17491,17494,17495,1,1
2021-08-03 15:00:03.533,17491,17494,17492,1,-1
2021-08-03 15:00:03.533,17491,17494,17492,1,-1
2021-08-03 15:00:03.533,17491,17494,17492,1,-1
2021-08-03 15:00:03.552,17491,17493,17491,4,-4
2021-08-03 15:00:03.552,17491,17493,17491,1,-1
2021-08-03 15:00:03.560,17491,17493,17492,1,1
2021-08-03 15:00:03.560,17491,17493,17493,2,2
2021-08-03 15:00:03.561,17491,17493,17491,1,-1
2021-08-03 15:00:04.034,17490,17492,17490,2,-2
2021-08-03 15:00:04.034,17490,17492,17490,10,-10
2021-08-03 15:00:04.115,17489,17491,17491,1,1
2021-08-03 15:00:04.225,17489,17492,17493,2,2
2021-08-03 15:00:04.385,17490,17493,17490,1,-1
2021-08-03 15:00:04.391,17490,17493,17493,1,1
2021-08-03 15:00:04.442,17490,17492,17492,1,1
2021-08-03 15:00:04.642,17491,17494,17494,1,1
2021-08-03 15:00:04.642,17491,17494,17495,2,2
2021-08-03 15:00:04.735,17493,17496,17496,2,2
2021-08-03 15:00:04.735,17493,17496,17493,1,-1
2021-08-03 15:00:04.803,17493,17496,17496,1,1
2021-08-03 15:00:04.803,17493,17496,17493,2,-2
2021-08-03 15:00:04.844,17493,17496,17492,1,-1
2021-08-03 15:00:04.861,17493,17496,17496,1,1
2021-08-03 15:00:04.861,17493,17496,17492,1,-1
2021-08-03 15:00:05.310,17493,17495,17493,1,1
2021-08-03 15:00:05.310,17493,17495,17493,1,-1
2021-08-03 15:00:05.310,17493,17495,17493,1,-1
2021-08-03 15:00:06.158,17492,17494,17494,1,1
2021-08-03 15:00:06.367,17492,17494,17492,2,-2
2021-08-03 15:00:06.367,17492,17494,17491,2,-2
2021-08-03 15:00:06.367,17492,17494,17490,3,-3
2021-08-03 15:00:06.808,17487,17488,17487,1,-1
2021-08-03 15:00:06.808,17487,17488,17487,2,-2
2021-08-03 15:00:07.063,17486,17487,17487,1,1
2021-08-03 15:00:07.188,17486,17488,17488,1,1
2021-08-03 15:00:07.188,17486,17488,17489,2,2
2021-08-03 15:00:07.188,17486,17488,17489,2,2
2021-08-03 15:00:07.203,17486,17488,17487,1,-1
2021-08-03 15:00:07.265,17486,17488,17486,1,-1
2021-08-03 15:00:07.533,17487,17490,17487,1,1
2021-08-03 15:00:07.823,17486,17489,17486,1,-1
2021-08-03 15:00:07.823,17486,17489,17485,1,-1
2021-08-03 15:00:08.922,17485,17489,17485,1,-1
2021-08-03 15:00:09.622,17485,17488,17486,1,1
2021-08-03 15:00:09.814,17485,17488,17488,1,1
2021-08-03 15:00:09.814,17485,17488,17489,1,1
2021-08-03 15:00:09.814,17485,17488,17490,1,1
2021-08-03 15:00:09.814,17485,17488,17491,2,2
2021-08-03 15:00:09.815,17485,17488,17488,1,1
2021-08-03 15:00:09.815,17485,17488,17488,1,1
2021-08-03 15:00:09.816,17485,17488,17487,1,-1
2021-08-03 15:00:10.270,17487,17490,17487,1,-1
2021-08-03 15:00:10.390,17487,17490,17487,1,-1
2021-08-03 15:00:10.434,17486,17490,17486,1,-1
2021-08-03 15:00:10.435,17486,17490,17486,3,-3
2021-08-03 15:00:10.483,17486,17490,17488,2,2
2021-08-03 15:00:10.483,17486,17490,17489,2,2
2021-08-03 15:00:10.483,17486,17490,17490,1,1
2021-08-03 15:00:10.484,17486,17490,17486,3,-3
2021-08-03 15:00:10.589,17486,17489,17486,1,-1
2021-08-03 15:00:10.817,17486,17489,17486,1,-1
2021-08-03 15:00:10.943,17486,17489,17486,1,-1
2021-08-03 15:00:10.982,17486,17489,17485,1,-1
2021-08-03 15:00:12.148,17485,17489,17489,2,2
2021-08-03 15:00:12.148,17485,17489,17490,2,2
2021-08-03 15:00:12.967,17488,17491,17491,1,1
2021-08-03 15:00:13.441,17489,17492,17492,1,1
2021-08-03 15:00:13.441,17489,17492,17493,1,1
2021-08-03 15:00:13.441,17489,17492,17494,2,2
2021-08-03 15:00:13.442,17489,17492,17491,1,-1
2021-08-03 15:00:15.446,17490,17491,17491,1,1
2021-08-03 15:00:15.446,17490,17491,17490,1,-1
2021-08-03 15:00:15.460,17490,17491,17488,1,-1
2021-08-03 15:00:15.496,17490,17491,17491,1,1
2021-08-03 15:00:15.731,17487,17489,17489,1,1
2021-08-03 15:00:15.858,17488,17491,17491,1,1
2021-08-03 15:00:15.858,17488,17491,17492,4,4
2021-08-03 15:00:16.553,17490,17493,17490,3,-3
2021-08-03 15:00:16.553,17490,17493,17490,1,-1
2021-08-03 15:00:16.615,17490,17493,17490,4,-4
2021-08-03 15:00:17.140,17490,17491,17490,1,-1
2021-08-03 15:00:17.378,17490,17491,17490,3,-3
2021-08-03 15:00:18.959,17489,17490,17489,1,-1
2021-08-03 15:00:19.181,17488,17489,17488,1,-1
2021-08-03 15:00:19.262,17488,17489,17489,1,1
2021-08-03 15:00:20.059,17489,17490,17489,1,-1
2021-08-03 15:00:20.468,17487,17488,17488,1,1
2021-08-03 15:00:20.478,17487,17488,17488,1,1
2021-08-03 15:00:22.055,17488,17490,17488,1,-1
2021-08-03 15:00:22.200,17488,17490,17490,1,1
2021-08-03 15:00:22.368,17488,17489,17488,1,-1
2021-08-03 15:00:24.141,17487,17489,17489,2,2
2021-08-03 15:00:24.141,17487,17489,17490,3,3
2021-08-03 15:00:24.312,17488,17490,17490,2,2
2021-08-03 15:00:24.521,17488,17490,17488,1,-1
2021-08-03 15:00:24.684,17489,17490,17490,1,1
2021-08-03 15:00:24.756,17489,17490,17489,1,-1
2021-08-03 15:00:25.636,17489,17490,17489,2,-2
2021-08-03 15:00:25.637,17489,17490,17489,1,-1
2021-08-03 15:00:25.831,17487,17490,17488,2,-2
2021-08-03 15:00:26.506,17488,17489,17489,3,3
2021-08-03 15:00:26.506,17488,17489,17490,3,3
2021-08-03 15:00:26.738,17488,17489,17489,2,2
2021-08-03 15:00:26.738,17488,17489,17490,4,4
2021-08-03 15:00:26.926,17488,17490,17490,6,6
2021-08-03 15:00:27.954,17489,17490,17490,1,1
2021-08-03 15:00:28.437,17489,17490,17489,1,-1
2021-08-03 15:00:30.064,17489,17490,17489,1,-1
2021-08-03 15:00:30.724,17488,17489,17489,2,2
2021-08-03 15:00:30.724,17488,17489,17490,10,10
2021-08-03 15:00:30.976,17488,17490,17490,1,1
2021-08-03 15:00:31.468,17489,17490,17489,1,-1
2021-08-03 15:00:31.812,17488,17489,17489,2,2
2021-08-03 15:00:32.098,17488,17490,17488,1,-1
2021-08-03 15:00:32.744,17488,17489,17489,1,1
2021-08-03 15:00:35.384,17488,17489,17489,1,1
2021-08-03 15:00:37.132,17488,17489,17489,1,1
2021-08-03 15:00:39.442,17488,17489,17488,2,-2
2021-08-03 15:00:41.604,17488,17489,17489,1,1
2021-08-03 15:00:41.929,17488,17489,17489,1,1
2021-08-03 15:00:41.929,17488,17489,17489,1,1
2021-08-03 15:00:42.047,17488,17489,17488,1,-1
2021-08-03 15:00:42.051,17488,17489,17488,1,-1
2021-08-03 15:00:42.051,17488,17489,17488,2,-2
2021-08-03 15:00:45.813,17488,17489,17489,1,1
2021-08-03 15:00:45.813,17488,17489,17489,5,5
2021-08-03 15:00:45.814,17488,17489,17489,1,1
2021-08-03 15:00:46.800,17488,17490,17488,2,-2
2021-08-03 15:00:47.906,17488,17490,17488,1,-1
2021-08-03 15:00:48.379,17488,17490,17489,1,1
2021-08-03 15:00:50.668,17488,17489,17488,1,-1
2021-08-03 15:00:52.720,17488,17489,17489,1,1
2021-08-03 15:00:53.466,17488,17489,17489,2,2
2021-08-03 15:00:54.018,17489,17490,17489,1,-1
2021-08-03 15:00:54.628,17489,17490,17489,4,-4
2021-08-03 15:00:54.628,17489,17490,17488,14,-14
2021-08-03 15:00:54.628,17489,17490,17487,4,-4
2021-08-03 15:00:54.628,17489,17490,17486,10,-10
2021-08-03 15:00:54.629,17489,17490,17486,1,-1
2021-08-03 15:00:54.629,17489,17490,17486,1,-1
2021-08-03 15:00:54.629,17489,17490,17486,3,-3
2021-08-03 15:00:54.640,17489,17490,17486,1,-1
2021-08-03 15:00:55.826,17485,17486,17485,1,-1
2021-08-03 15:00:55.938,17485,17486,17486,1,1
2021-08-03 15:00:57.108,17485,17486,17485,3,-3
2021-08-03 15:00:59.776,17484,17485,17484,4,-4
2021-08-03 15:00:59.891,17483,17484,17483,2,-2
2021-08-03 15:01:00.014,17483,17484,17484,1,1
2021-08-03 15:01:00.023,17483,17484,17484,1,1
2021-08-03 15:01:00.071,17483,17485,17485,1,1
2021-08-03 15:01:00.325,17484,17486,17485,1,-1
2021-08-03 15:01:00.325,17484,17486,17486,1,1
2021-08-03 15:01:00.326,17484,17486,17486,1,1
2021-08-03 15:01:00.326,17484,17486,17486,1,1
2021-08-03 15:01:00.399,17484,17486,17486,2,2
2021-08-03 15:01:00.575,17484,17486,17486,1,1
2021-08-03 15:01:01.107,17484,17486,17484,2,-2
2021-08-03 15:01:03.900,17484,17485,17484,1,-1
2021-08-03 15:01:03.900,17484,17485,17484,1,-1
2021-08-03 15:01:04.328,17483,17485,17484,1,-1
2021-08-03 15:01:04.419,17483,17485,17483,1,-1
2021-08-03 15:01:04.619,17484,17485,17484,1,1
2021-08-03 15:01:05.315,17483,17485,17483,1,-1
2021-08-03 15:01:05.316,17483,17485,17483,1,-1
2021-08-03 15:01:06.624,17482,17483,17483,1,1
2021-08-03 15:01:07.083,17482,17483,17483,2,2
2021-08-03 15:01:07.083,17482,17483,17484,3,3
2021-08-03 15:01:07.171,17482,17483,17483,1,1
2021-08-03 15:01:07.171,17482,17483,17482,1,-1
2021-08-03 15:01:07.648,17482,17484,17482,1,-1
2021-08-03 15:01:08.101,17482,17484,17482,9,-9
2021-08-03 15:01:08.114,17482,17484,17482,1,-1
2021-08-03 15:01:08.368,17481,17483,17482,1,-1
2021-08-03 15:01:09.803,17481,17482,17481,6,-6
2021-08-03 15:01:09.862,17481,17482,17481,1,-1
2021-08-03 15:01:09.863,17481,17482,17481,1,-1
2021-08-03 15:01:10.098,17480,17482,17482,1,1
2021-08-03 15:01:10.150,17480,17482,17480,1,-1
2021-08-03 15:01:10.196,17480,17482,17482,3,3
2021-08-03 15:01:11.514,17480,17482,17480,1,-1
2021-08-03 15:01:12.464,17480,17481,17480,1,-1
2021-08-03 15:01:12.842,17480,17481,17481,1,1
2021-08-03 15:01:13.065,17480,17481,17481,1,1
2021-08-03 15:01:13.485,17480,17482,17481,1,-1
2021-08-03 15:01:14.419,17480,17482,17482,3,3
2021-08-03 15:01:14.419,17480,17482,17483,2,2
2021-08-03 15:01:15.707,17481,17483,17481,2,-2
2021-08-03 15:01:15.707,17481,17483,17480,1,-1
2021-08-03 15:01:16.638,17480,17482,17480,1,-1
2021-08-03 15:01:20.226,17481,17483,17483,1,1
2021-08-03 15:01:20.439,17482,17483,17482,3,-3
2021-08-03 15:01:21.013,17481,17483,17483,1,1
2021-08-03 15:01:21.014,17481,17483,17483,1,1
2021-08-03 15:01:24.416,17483,17486,17483,2,-2
2021-08-03 15:01:24.686,17483,17485,17483,1,-1
2021-08-03 15:01:25.598,17483,17485,17485,1,1
2021-08-03 15:01:26.042,17485,17486,17486,1,1
2021-08-03 15:01:26.073,17485,17486,17486,1,1
2021-08-03 15:01:26.136,17485,17486,17486,1,1
2021-08-03 15:01:26.256,17485,17486,17486,1,1
2021-08-03 15:01:26.256,17485,17486,17486,7,7
2021-08-03 15:01:26.256,17485,17486,17486,2,2
2021-08-03 15:01:26.257,17485,17486,17486,1,1
2021-08-03 15:01:26.302,17485,17486,17486,12,12
2021-08-03 15:01:27.267,17485,17486,17486,1,1
2021-08-03 15:01:27.543,17485,17486,17486,1,1
2021-08-03 15:01:27.862,17485,17486,17486,10,10
2021-08-03 15:01:27.862,17485,17486,17486,18,18
2021-08-03 15:01:28.302,17486,17488,17486,5,-5
2021-08-03 15:01:28.609,17485,17488,17485,1,-1
2021-08-03 15:01:28.847,17485,17488,17485,8,-8
2021-08-03 15:01:30.524,17485,17488,17488,1,1
2021-08-03 15:01:31.026,17485,17488,17485,2,-2
2021-08-03 15:01:32.131,17483,17484,17483,1,-1
2021-08-03 15:01:34.906,17482,17484,17484,1,1
2021-08-03 15:01:34.967,17482,17484,17482,1,-1
2021-08-03 15:01:35.052,17482,17484,17482,1,-1
2021-08-03 15:01:37.439,17481,17483,17481,6,-6
2021-08-03 15:01:37.634,17480,17482,17480,1,-1
2021-08-03 15:01:37.677,17480,17482,17480,11,-11
2021-08-03 15:01:37.677,17480,17482,17480,6,-6
2021-08-03 15:01:37.677,17480,17482,17480,1,-1
2021-08-03 15:01:39.967,17479,17480,17479,1,-1
2021-08-03 15:01:40.024,17479,17480,17480,2,2
2021-08-03 15:01:40.114,17479,17481,17481,1,1
2021-08-03 15:01:41.302,17480,17481,17480,1,-1
2021-08-03 15:01:41.314,17480,17481,17481,1,1
2021-08-03 15:01:44.260,17479,17481,17480,2,-2
2021-08-03 15:01:44.274,17479,17481,17479,2,-2
2021-08-03 15:01:44.274,17479,17481,17479,1,-1
2021-08-03 15:01:45.865,17479,17480,17479,3,-3
2021-08-03 15:01:46.237,17478,17480,17478,1,-1
2021-08-03 15:01:46.332,17478,17480,17479,1,1
2021-08-03 15:01:47.427,17478,17479,17478,11,-11
2021-08-03 15:01:47.491,17478,17479,17479,1,1
2021-08-03 15:01:48.996,17477,17479,17479,1,1
2021-08-03 15:01:50.974,17477,17479,17479,1,1
2021-08-03 15:01:53.381,17477,17479,17477,1,-1
2021-08-03 15:01:54.474,17477,17479,17479,1,1
2021-08-03 15:01:55.591,17478,17479,17478,1,-1
2021-08-03 15:01:56.050,17478,17479,17479,1,1
2021-08-03 15:01:57.849,17477,17480,17479,1,-1
2021-08-03 15:01:58.072,17478,17479,17479,1,1
2021-08-03 15:01:58.096,17478,17479,17478,2,-2
2021-08-03 15:01:58.922,17478,17480,17478,1,-1
2021-08-03 15:01:59.458,17478,17480,17478,1,-1
2021-08-03 15:02:00.139,17479,17480,17480,1,1
2021-08-03 15:02:00.148,17479,17480,17480,1,1
2021-08-03 15:02:00.219,17479,17480,17480,1,1
2021-08-03 15:02:00.290,17479,17480,17480,1,1
2021-08-03 15:02:00.350,17479,17480,17480,1,1
2021-08-03 15:02:00.484,17479,17481,17481,1,1
2021-08-03 15:02:00.997,17479,17482,17479,1,-1
2021-08-03 15:02:01.359,17479,17481,17481,2,2
2021-08-03 15:02:01.739,17479,17480,17479,1,-1
2021-08-03 15:02:01.921,17478,17480,17478,1,-1
2021-08-03 15:02:02.837,17479,17481,17479,1,1
2021-08-03 15:02:05.200,17479,17480,17480,1,1
2021-08-03 15:02:05.592,17479,17480,17480,1,1
2021-08-03 15:02:06.083,17479,17482,17482,1,1
2021-08-03 15:02:06.572,17479,17480,17480,1,1
2021-08-03 15:02:06.686,17479,17480,17479,1,-1
2021-08-03 15:02:06.803,17479,17480,17479,1,-1
2021-08-03 15:02:09.235,17478,17480,17478,2,-2
2021-08-03 15:02:09.648,17479,17480,17479,1,1
2021-08-03 15:02:09.648,17479,17480,17479,1,-1
2021-08-03 15:02:09.648,17479,17480,17479,1,-1
2021-08-03 15:02:09.988,17478,17479,17478,5,-5
2021-08-03 15:02:10.580,17477,17479,17479,1,1
2021-08-03 15:02:13.116,17478,17479,17478,6,-6
2021-08-03 15:02:13.380,17477,17479,17477,1,-1
2021-08-03 15:02:16.572,17477,17479,17479,1,1
2021-08-03 15:02:17.088,17477,17479,17477,1,-1
2021-08-03 15:02:17.311,17477,17479,17477,6,-6
2021-08-03 15:02:17.409,17477,17479,17477,2,-2
2021-08-03 15:02:17.452,17476,17477,17476,1,-1
2021-08-03 15:02:17.453,17476,17477,17476,1,-1
2021-08-03 15:02:17.458,17476,17477,17476,1,-1
2021-08-03 15:02:17.631,17476,17477,17476,1,-1
2021-08-03 15:02:18.003,17476,17477,17477,1,1
2021-08-03 15:02:18.525,17476,17477,17476,1,-1
2021-08-03 15:02:21.264,17476,17477,17477,1,1
2021-08-03 15:02:28.252,17476,17477,17476,5,-5
2021-08-03 15:02:28.756,17475,17476,17476,1,1
2021-08-03 15:02:29.568,17475,17476,17475,13,-13
2021-08-03 15:02:30.393,17474,17475,17475,2,2
2021-08-03 15:02:31.331,17474,17475,17474,2,-2
2021-08-03 15:02:31.332,17474,17475,17474,1,-1
2021-08-03 15:02:31.332,17474,17475,17474,1,-1
2021-08-03 15:02:31.705,17474,17475,17474,1,-1
2021-08-03 15:02:31.813,17473,17474,17474,2,2
2021-08-03 15:02:31.888,17473,17474,17474,1,1
2021-08-03 15:02:33.085,17473,17475,17473,10,-10
2021-08-03 15:02:33.177,17473,17474,17473,5,-5
2021-08-03 15:02:33.877,17472,17474,17472,1,-1
2021-08-03 15:02:33.914,17472,17474,17472,1,-1
2021-08-03 15:02:34.136,17472,17473,17473,1,1
2021-08-03 15:02:35.497,17472,17473,17472,4,-4
2021-08-03 15:02:35.497,17472,17473,17471,3,-3
2021-08-03 15:02:35.624,17471,17473,17471,1,-1
2021-08-03 15:02:35.835,17471,17473,17471,1,-1
2021-08-03 15:02:38.313,17471,17472,17471,1,-1
2021-08-03 15:02:39.476,17470,17472,17470,2,-2
2021-08-03 15:02:40.212,17471,17472,17472,1,1
2021-08-03 15:02:40.215,17471,17472,17472,1,1
2021-08-03 15:02:40.479,17471,17473,17473,1,1
2021-08-03 15:02:40.808,17471,17473,17471,1,-1
2021-08-03 15:02:44.586,17472,17473,17472,1,1
2021-08-03 15:02:44.586,17472,17473,17471,4,-4
2021-08-03 15:02:44.951,17471,17472,17471,1,-1
2021-08-03 15:02:47.118,17471,17472,17472,3,3
2021-08-03 15:02:49.317,17471,17472,17471,4,-4
2021-08-03 15:02:50.338,17471,17472,17472,1,1
2021-08-03 15:02:51.543,17471,17473,17471,5,-5
2021-08-03 15:02:52.960,17471,17472,17471,8,-8
2021-08-03 15:02:56.697,17470,17471,17471,1,1
2021-08-03 15:02:57.962,17471,17472,17471,1,-1
2021-08-03 15:03:00.072,17471,17472,17472,1,1
2021-08-03 15:03:00.088,17471,17472,17472,1,1
2021-08-03 15:03:00.114,17471,17472,17473,1,1
2021-08-03 15:03:00.161,17471,17472,17473,1,1
2021-08-03 15:03:00.222,17471,17473,17473,2,2
2021-08-03 15:03:00.521,17471,17473,17471,1,-1
2021-08-03 15:03:03.187,17472,17473,17473,1,1
2021-08-03 15:03:03.187,17472,17473,17473,2,2
2021-08-03 15:03:03.187,17472,17473,17473,2,2
2021-08-03 15:03:03.191,17472,17473,17473,1,1
2021-08-03 15:03:03.279,17472,17473,17473,1,1
2021-08-03 15:03:03.806,17473,17474,17473,1,-1
2021-08-03 15:03:03.806,17473,17474,17472,13,-13
2021-08-03 15:03:03.806,17473,17474,17471,1,-1
2021-08-03 15:03:03.861,17473,17474,17471,3,-3
2021-08-03 15:03:04.846,17473,17474,17473,3,3
2021-08-03 15:03:04.846,17473,17474,17472,3,-3
2021-08-03 15:03:05.838,17472,17474,17472,6,-6
2021-08-03 15:03:05.961,17472,17474,17472,1,-1
2021-08-03 15:03:06.037,17472,17474,17473,1,1
2021-08-03 15:03:09.139,17472,17473,17472,1,-1
2021-08-03 15:03:09.721,17471,17473,17471,15,-15
2021-08-03 15:03:09.721,17471,17473,17470,5,-5
2021-08-03 15:03:09.733,17471,17473,17472,1,1
2021-08-03 15:03:09.859,17470,17472,17472,1,1
2021-08-03 15:03:09.959,17470,17472,17471,1,-1
2021-08-03 15:03:10.376,17470,17472,17472,1,1
2021-08-03 15:03:10.377,17470,17472,17472,1,1
2021-08-03 15:03:10.550,17471,17473,17472,1,-1
2021-08-03 15:03:17.207,17471,17472,17471,1,-1
2021-08-03 15:03:18.670,17471,17472,17472,2,2
2021-08-03 15:03:20.777,17472,17473,17473,1,1
2021-08-03 15:03:20.777,17472,17473,17473,1,1
2021-08-03 15:03:20.777,17472,17473,17473,1,1
2021-08-03 15:03:21.364,17473,17474,17474,1,1
2021-08-03 15:03:21.364,17473,17474,17474,3,3
2021-08-03 15:03:21.796,17473,17475,17473,1,-1
2021-08-03 15:03:22.209,17474,17475,17475,14,14
2021-08-03 15:03:22.210,17474,17475,17475,10,10
2021-08-03 15:03:22.210,17474,17475,17475,9,9
2021-08-03 15:03:22.302,17474,17475,17475,12,12
2021-08-03 15:03:22.302,17474,17475,17475,1,1
2021-08-03 15:03:22.302,17474,17475,17475,1,1
2021-08-03 15:03:22.302,17474,17475,17475,43,43
2021-08-03 15:03:22.303,17474,17475,17475,1,1
2021-08-03 15:03:22.303,17474,17475,17475,10,10
2021-08-03 15:03:22.381,17474,17475,17477,1,1
2021-08-03 15:03:23.515,17476,17478,17476,2,-2
2021-08-03 15:03:32.155,17478,17479,17479,1,1
2021-08-03 15:03:32.351,17478,17479,17478,3,-3
2021-08-03 15:03:32.975,17476,17478,17478,1,1
2021-08-03 15:03:34.054,17477,17478,17477,1,-1
2021-08-03 15:03:34.574,17476,17478,17476,1,-1
2021-08-03 15:03:35.949,17476,17477,17477,1,1
2021-08-03 15:03:38.382,17476,17477,17477,2,2
2021-08-03 15:03:38.967,17476,17478,17478,1,1
2021-08-03 15:03:41.152,17477,17478,17477,2,-2
2021-08-03 15:03:41.430,17477,17478,17477,2,-2
2021-08-03 15:03:43.475,17477,17478,17478,1,1
2021-08-03 15:03:43.475,17477,17478,17479,1,1
2021-08-03 15:03:43.591,17477,17479,17477,2,-2
2021-08-03 15:03:45.012,17478,17479,17478,1,1
2021-08-03 15:03:45.797,17477,17479,17477,2,-2
2021-08-03 15:03:46.125,17477,17478,17477,1,-1
2021-08-03 15:03:47.617,17476,17477,17477,1,1
2021-08-03 15:03:49.150,17476,17477,17476,1,-1
2021-08-03 15:03:49.150,17476,17477,17476,1,-1
2021-08-03 15:03:50.412,17475,17477,17477,1,1
2021-08-03 15:03:50.767,17475,17477,17475,1,-1
2021-08-03 15:03:50.944,17475,17477,17475,2,-2
2021-08-03 15:03:52.806,17474,17475,17474,2,-2
2021-08-03 15:03:57.964,17475,17476,17476,1,1
2021-08-03 15:03:57.974,17475,17476,17475,1,-1
2021-08-03 15:04:00.038,17474,17477,17477,1,1
2021-08-03 15:04:00.061,17475,17477,17477,1,1
2021-08-03 15:04:00.061,17475,17477,17477,1,1
2021-08-03 15:04:00.137,17475,17477,17478,1,1
2021-08-03 15:04:00.584,17477,17478,17478,2,2
2021-08-03 15:04:03.114,17476,17477,17477,1,1
2021-08-03 15:04:06.060,17477,17478,17477,1,-1
2021-08-03 15:04:10.297,17475,17477,17477,3,3
2021-08-03 15:04:10.298,17475,17477,17477,1,1
2021-08-03 15:04:16.334,17477,17478,17478,4,4
2021-08-03 15:04:16.367,17477,17478,17479,3,3
2021-08-03 15:04:16.737,17479,17480,17479,2,-2
2021-08-03 15:04:18.938,17478,17479,17479,1,1
2021-08-03 15:04:19.625,17477,17479,17479,1,1
2021-08-03 15:04:19.847,17477,17479,17479,2,2
2021-08-03 15:04:21.433,17479,17480,17480,1,1
2021-08-03 15:04:21.584,17479,17480,17479,1,-1
2021-08-03 15:04:23.365,17479,17480,17479,3,-3
2021-08-03 15:04:23.688,17477,17479,17479,1,1
2021-08-03 15:04:27.549,17476,17478,17478,5,5
2021-08-03 15:04:27.901,17477,17478,17478,5,5
2021-08-03 15:04:27.901,17477,17478,17479,2,2
2021-08-03 15:04:32.306,17479,17480,17480,1,1
2021-08-03 15:04:32.975,17479,17480,17479,1,-1
2021-08-03 15:04:32.975,17479,17480,17479,3,-3
2021-08-03 15:04:32.975,17479,17480,17479,1,-1
2021-08-03 15:04:33.062,17477,17480,17480,1,1
2021-08-03 15:04:39.241,17478,17479,17479,1,1
2021-08-03 15:04:47.933,17477,17479,17479,1,1
2021-08-03 15:04:53.022,17477,17479,17479,3,3
2021-08-03 15:04:58.607,17478,17479,17479,1,1
2021-08-03 15:05:02.823,17478,17479,17478,1,-1
2021-08-03 15:05:05.459,17478,17479,17478,1,-1
2021-08-03 15:05:05.474,17478,17479,17478,1,-1
2021-08-03 15:05:08.619,17478,17479,17479,3,3
2021-08-03 15:05:09.542,17478,17480,17479,1,-1
2021-08-03 15:05:12.884,17479,17480,17480,1,1
2021-08-03 15:05:12.884,17479,17480,17480,1,1
2021-08-03 15:05:12.884,17479,17480,17480,8,8
2021-08-03 15:05:12.884,17479,17480,17480,1,1
2021-08-03 15:05:12.884,17479,17480,17480,4,4
2021-08-03 15:05:12.884,17479,17480,17480,1,1
2021-08-03 15:05:12.884,17479,17480,17480,5,5
2021-08-03 15:05:13.725,17480,17481,17481,3,3
2021-08-03 15:05:15.240,17480,17481,17481,1,1
2021-08-03 15:05:23.988,17481,17482,17482,1,1
2021-08-03 15:05:30.930,17481,17482,17481,1,-1
2021-08-03 15:05:30.930,17481,17482,17481,2,-2
2021-08-03 15:05:32.361,17481,17482,17481,1,-1
2021-08-03 15:05:35.360,17480,17482,17480,13,-13
2021-08-03 15:05:36.098,17479,17480,17479,1,-1
2021-08-03 15:05:36.378,17478,17480,17478,1,-1
2021-08-03 15:05:44.842,17478,17479,17478,6,-6
2021-08-03 15:05:47.344,17478,17479,17478,1,-1
2021-08-03 15:05:47.345,17478,17479,17478,1,-1
2021-08-03 15:05:47.497,17477,17478,17478,1,1
2021-08-03 15:05:49.047,17477,17478,17477,3,-3
2021-08-03 15:05:49.048,17477,17478,17476,2,-2
2021-08-03 15:05:54.007,17475,17477,17475,6,-6
2021-08-03 15:05:56.254,17474,17476,17474,1,-1
2021-08-03 15:06:05.399,17474,17476,17474,1,-1
2021-08-03 15:06:05.729,17473,17475,17475,1,1
2021-08-03 15:06:05.739,17473,17475,17475,1,1
2021-08-03 15:06:07.718,17473,17475,17473,1,-1
2021-08-03 15:06:10.498,17473,17475,17475,2,2
2021-08-03 15:06:12.088,17473,17475,17473,1,-1
2021-08-03 15:06:13.707,17473,17474,17473,1,-1
2021-08-03 15:06:14.415,17472,17474,17472,1,-1
2021-08-03 15:06:14.416,17472,17474,17471,2,-2
2021-08-03 15:06:14.416,17472,17474,17471,3,-3
2021-08-03 15:06:19.334,17472,17474,17472,1,1
2021-08-03 15:06:20.374,17471,17472,17471,5,-5
2021-08-03 15:06:21.769,17471,17472,17471,1,-1
2021-08-03 15:06:22.569,17471,17472,17471,1,-1
2021-08-03 15:06:22.811,17471,17472,17471,2,-2
2021-08-03 15:06:24.260,17471,17472,17471,1,-1
2021-08-03 15:06:24.260,17471,17472,17470,14,-14
2021-08-03 15:06:24.262,17471,17472,17470,5,-5
2021-08-03 15:06:24.413,17469,17471,17469,1,-1
2021-08-03 15:06:24.438,17469,17471,17469,1,-1
2021-08-03 15:06:24.463,17469,17471,17469,1,-1
2021-08-03 15:06:25.211,17470,17471,17471,1,1
2021-08-03 15:06:25.485,17470,17472,17470,1,-1
2021-08-03 15:06:27.378,17470,17472,17470,1,-1
2021-08-03 15:06:28.934,17470,17471,17471,1,1
2021-08-03 15:06:30.553,17471,17472,17472,1,1
2021-08-03 15:06:30.553,17471,17472,17472,1,1
2021-08-03 15:06:30.578,17471,17472,17471,1,-1
2021-08-03 15:06:33.585,17471,17472,17471,3,-3
2021-08-03 15:06:33.585,17471,17472,17470,19,-19
2021-08-03 15:06:34.372,17470,17472,17470,2,-2
2021-08-03 15:06:34.700,17469,17471,17470,1,-1
2021-08-03 15:06:39.631,17470,17471,17470,2,-2
2021-08-03 15:06:39.632,17470,17471,17470,1,-1
2021-08-03 15:06:41.173,17470,17471,17471,1,1
2021-08-03 15:06:41.179,17470,17472,17472,1,1
2021-08-03 15:06:41.179,17470,17472,17472,1,1
2021-08-03 15:06:41.186,17470,17472,17473,1,1
2021-08-03 15:06:41.709,17472,17474,17472,1,-1
2021-08-03 15:06:45.038,17472,17474,17472,2,-2
2021-08-03 15:06:49.279,17472,17475,17472,1,-1
2021-08-03 15:06:49.493,17472,17474,17472,2,-2
2021-08-03 15:06:50.138,17472,17474,17472,1,-1
2021-08-03 15:06:50.645,17472,17474,17472,2,-2
2021-08-03 15:06:53.080,17472,17474,17474,1,1
2021-08-03 15:06:53.510,17473,17475,17473,1,-1
2021-08-03 15:06:55.157,17473,17475,17473,1,-1
2021-08-03 15:07:02.596,17474,17475,17474,1,1
2021-08-03 15:07:03.574,17474,17475,17474,1,-1
2021-08-03 15:07:03.679,17474,17475,17474,1,-1
2021-08-03 15:07:03.679,17474,17475,17474,1,-1
2021-08-03 15:07:03.680,17474,17475,17474,1,-1
2021-08-03 15:07:04.253,17474,17475,17474,1,-1
2021-08-03 15:07:04.505,17474,17475,17475,1,1
2021-08-03 15:07:04.505,17474,17475,17475,2,2
2021-08-03 15:07:04.505,17474,17475,17475,2,2
2021-08-03 15:07:11.448,17475,17476,17476,4,4
2021-08-03 15:07:11.631,17476,17478,17476,1,-1
2021-08-03 15:07:23.525,17476,17477,17476,1,-1
2021-08-03 15:07:23.525,17476,17477,17476,1,-1
2021-08-03 15:07:23.525,17476,17477,17476,1,-1
2021-08-03 15:07:23.526,17476,17477,17476,2,-2
2021-08-03 15:07:23.526,17476,17477,17476,2,-2
2021-08-03 15:07:28.675,17474,17475,17474,1,-1
2021-08-03 15:07:28.677,17474,17475,17474,6,-6
2021-08-03 15:07:33.705,17473,17475,17473,1,-1
2021-08-03 15:07:37.995,17473,17475,17474,1,1
2021-08-03 15:07:38.898,17473,17474,17473,2,-2
2021-08-03 15:07:43.434,17473,17474,17473,7,-7
2021-08-03 15:07:44.268,17472,17474,17473,2,-2
2021-08-03 15:08:03.885,17474,17475,17475,1,1
2021-08-03 15:08:06.322,17474,17475,17475,1,1
2021-08-03 15:08:07.165,17474,17475,17475,1,1
2021-08-03 15:08:07.165,17474,17475,17475,1,1
2021-08-03 15:08:08.101,17475,17476,17476,1,1
2021-08-03 15:08:11.316,17476,17477,17476,1,-1
2021-08-03 15:08:23.169,17475,17476,17476,1,1
2021-08-03 15:08:26.114,17476,17477,17477,3,3
2021-08-03 15:08:29.073,17477,17478,17478,1,1
2021-08-03 15:08:34.505,17477,17479,17477,1,-1
2021-08-03 15:08:35.848,17477,17479,17477,1,-1
2021-08-03 15:08:43.074,17476,17478,17478,1,1
2021-08-03 15:08:45.035,17477,17478,17478,1,1
2021-08-03 15:08:46.816,17477,17479,17479,7,7
2021-08-03 15:08:46.816,17477,17479,17480,15,15
2021-08-03 15:08:52.173,17476,17478,17478,1,1
2021-08-03 15:08:54.854,17478,17479,17478,3,-3
2021-08-03 15:08:55.858,17477,17478,17478,2,2
2021-08-03 15:08:58.007,17477,17478,17478,1,1
2021-08-03 15:09:00.882,17477,17478,17478,1,1
2021-08-03 15:09:03.760,17477,17478,17477,3,-3
2021-08-03 15:09:04.008,17476,17477,17476,2,-2
2021-08-03 15:09:04.289,17475,17476,17475,2,-2
2021-08-03 15:09:15.202,17474,17476,17474,5,-5
2021-08-03 15:09:15.202,17474,17476,17473,8,-8
2021-08-03 15:09:25.915,17473,17475,17473,1,-1
2021-08-03 15:09:28.032,17473,17474,17473,1,-1
2021-08-03 15:09:30.024,17472,17474,17472,2,-2
2021-08-03 15:09:31.146,17472,17474,17472,1,-1
2021-08-03 15:09:34.048,17472,17474,17473,2,2
2021-08-03 15:09:35.075,17472,17473,17472,1,-1
2021-08-03 15:09:37.500,17471,17473,17473,1,1
2021-08-03 15:09:39.977,17472,17474,17474,1,1
2021-08-03 15:09:53.305,17472,17474,17472,1,-1
2021-08-03 15:09:53.944,17472,17474,17474,1,1
2021-08-03 15:10:00.044,17472,17474,17474,1,1
2021-08-03 15:10:00.621,17472,17474,17472,1,-1
2021-08-03 15:10:01.979,17471,17473,17471,11,-11
2021-08-03 15:10:06.704,17471,17473,17471,1,-1
2021-08-03 15:10:08.026,17470,17473,17471,1,-1
2021-08-03 15:10:10.723,17471,17473,17472,1,1
2021-08-03 15:10:12.954,17471,17473,17471,1,-1
2021-08-03 15:10:15.897,17471,17472,17471,2,-2
2021-08-03 15:10:16.049,17470,17472,17470,10,-10
2021-08-03 15:10:16.049,17470,17472,17470,3,-3
2021-08-03 15:10:16.050,17470,17472,17470,1,-1
2021-08-03 15:10:16.050,17470,17472,17470,9,-9
2021-08-03 15:10:17.252,17469,17471,17471,1,1
2021-08-03 15:10:17.321,17469,17471,17471,5,5
2021-08-03 15:10:17.321,17469,17471,17472,12,12
2021-08-03 15:10:21.650,17470,17472,17470,1,-1
2021-08-03 15:10:26.077,17469,17471,17470,1,-1
2021-08-03 15:10:29.088,17470,17471,17470,6,-6
2021-08-03 15:10:30.411,17469,17471,17471,1,1
2021-08-03 15:10:30.412,17469,17471,17471,1,1
2021-08-03 15:10:33.383,17471,17473,17473,1,1
2021-08-03 15:10:35.445,17473,17474,17473,1,-1
2021-08-03 15:10:39.800,17473,17474,17473,1,-1
2021-08-03 15:10:41.574,17472,17473,17473,2,2
2021-08-03 15:10:46.166,17473,17474,17473,1,-1
2021-08-03 15:10:51.731,17473,17474,17474,1,1
2021-08-03 15:10:51.731,17473,17474,17474,3,3
2021-08-03 15:10:57.677,17475,17476,17476,1,1
2021-08-03 15:10:57.678,17475,17476,17476,1,1
2021-08-03 15:10:59.473,17475,17477,17477,1,1
2021-08-03 15:10:59.515,17475,17477,17475,3,-3
2021-08-03 15:10:59.961,17474,17476,17476,2,2
2021-08-03 15:11:00.081,17474,17476,17476,1,1
2021-08-03 15:11:02.280,17475,17476,17476,1,1
2021-08-03 15:11:03.369,17476,17477,17477,1,1
2021-08-03 15:11:03.864,17477,17478,17477,1,-1
2021-08-03 15:11:03.934,17477,17478,17477,1,-1
2021-08-03 15:11:07.372,17476,17477,17477,1,1
2021-08-03 15:11:10.180,17476,17477,17477,1,1
2021-08-03 15:11:13.760,17477,17478,17477,1,-1
2021-08-03 15:11:13.760,17477,17478,17476,4,-4
2021-08-03 15:11:28.763,17475,17476,17475,1,-1
2021-08-03 15:11:29.965,17475,17476,17476,1,1
2021-08-03 15:11:32.307,17475,17476,17475,5,-5
2021-08-03 15:11:33.007,17473,17475,17475,2,2
2021-08-03 15:11:35.658,17476,17477,17476,1,1
2021-08-03 15:11:43.843,17475,17476,17476,1,1
2021-08-03 15:11:46.153,17476,17477,17477,1,1
2021-08-03 15:11:46.153,17476,17477,17477,2,2
2021-08-03 15:11:57.073,17476,17478,17476,1,-1
2021-08-03 15:11:57.398,17475,17476,17475,1,-1
2021-08-03 15:12:22.059,17476,17477,17476,1,1
2021-08-03 15:12:34.476,17475,17476,17476,3,3
2021-08-03 15:12:36.567,17475,17476,17476,1,1
2021-08-03 15:12:43.114,17475,17476,17475,1,-1
2021-08-03 15:12:44.373,17475,17476,17475,9,-9
2021-08-03 15:12:45.075,17474,17475,17474,1,-1
2021-08-03 15:13:00.922,17475,17476,17475,12,12
2021-08-03 15:13:08.031,17474,17475,17474,2,-2
2021-08-03 15:13:09.983,17473,17474,17474,3,3
2021-08-03 15:13:14.872,17474,17476,17474,1,-1
2021-08-03 15:13:15.783,17474,17476,17474,1,-1
2021-08-03 15:13:16.629,17473,17475,17474,2,-2
2021-08-03 15:13:20.239,17473,17474,17474,2,2
2021-08-03 15:13:20.859,17473,17474,17473,1,-1
2021-08-03 15:13:21.368,17471,17472,17471,1,-1
2021-08-03 15:13:21.788,17471,17472,17471,1,-1
2021-08-03 15:13:22.701,17471,17472,17472,4,4
2021-08-03 15:13:22.701,17471,17472,17473,1,1
2021-08-03 15:13:26.116,17471,17473,17471,1,-1
2021-08-03 15:13:28.974,17470,17472,17470,1,-1
2021-08-03 15:13:29.081,17470,17472,17472,1,1
2021-08-03 15:13:29.933,17470,17472,17470,1,-1
2021-08-03 15:13:37.322,17470,17471,17471,2,2
2021-08-03 15:13:37.322,17470,17471,17471,1,1
2021-08-03 15:13:42.403,17472,17473,17472,1,1
2021-08-03 15:13:51.044,17472,17473,17473,1,1
2021-08-03 15:13:51.909,17473,17475,17473,1,-1
2021-08-03 15:13:56.506,17473,17475,17473,1,-1
2021-08-03 15:13:57.595,17473,17475,17473,1,-1
2021-08-03 15:14:08.533,17474,17475,17474,1,1
2021-08-03 15:14:10.128,17474,17475,17475,1,1
2021-08-03 15:14:10.256,17475,17476,17475,1,-1
2021-08-03 15:14:14.619,17474,17475,17475,1,1
2021-08-03 15:14:23.602,17474,17475,17475,1,1
2021-08-03 15:14:25.332,17474,17475,17475,1,1
2021-08-03 15:14:25.332,17474,17475,17475,2,2
2021-08-03 15:14:30.649,17475,17476,17475,1,-1
2021-08-03 15:14:33.762,17475,17476,17476,1,1
2021-08-03 15:14:33.763,17475,17476,17476,4,4
2021-08-03 15:14:37.737,17476,17477,17476,1,-1
2021-08-03 15:14:44.605,17476,17477,17477,1,1
2021-08-03 15:14:44.847,17476,17477,17477,1,1
2021-08-03 15:14:53.602,17476,17477,17477,7,7
2021-08-03 15:14:54.100,17477,17478,17477,3,-3
2021-08-03 15:14:54.100,17477,17478,17476,2,-2
2021-08-03 15:15:03.138,17476,17477,17477,3,3
2021-08-03 15:15:03.548,17476,17478,17476,3,-3
2021-08-03 15:15:04.134,17476,17478,17476,2,-2
2021-08-03 15:15:04.179,17476,17478,17476,1,-1
2021-08-03 15:15:04.179,17476,17478,17476,1,-1
2021-08-03 15:15:04.179,17476,17478,17476,1,-1
2021-08-03 15:15:04.180,17476,17478,17475,1,-1
2021-08-03 15:15:04.181,17476,17478,17475,1,-1
2021-08-03 15:15:06.501,17477,17478,17478,1,1
2021-08-03 15:15:06.528,17477,17478,17478,7,7
2021-08-03 15:15:08.522,17478,17479,17478,1,-1
2021-08-03 15:15:08.554,17478,17479,17478,1,-1
2021-08-03 15:15:10.539,17478,17479,17479,3,3
2021-08-03 15:15:10.962,17479,17480,17479,1,-1
2021-08-03 15:15:11.131,17479,17480,17480,1,1
2021-08-03 15:15:11.131,17479,17480,17480,11,11
2021-08-03 15:15:11.685,17480,17481,17480,1,-1
2021-08-03 15:15:12.459,17480,17481,17481,1,1
2021-08-03 15:15:12.598,17481,17482,17482,1,1
2021-08-03 15:15:13.663,17481,17482,17482,1,1
2021-08-03 15:15:16.007,17481,17482,17482,1,1
2021-08-03 15:15:18.701,17481,17482,17482,10,10
2021-08-03 15:15:18.702,17481,17482,17482,1,1
2021-08-03 15:15:18.803,17481,17483,17481,1,-1
2021-08-03 15:15:18.804,17481,17483,17481,1,-1
2021-08-03 15:15:18.804,17481,17483,17481,1,-1
2021-08-03 15:15:18.804,17481,17483,17481,1,-1
2021-08-03 15:15:18.804,17481,17483,17481,1,-1
2021-08-03 15:15:18.804,17481,17483,17481,1,-1
2021-08-03 15:15:21.710,17482,17483,17483,8,8
2021-08-03 15:15:22.378,17483,17484,17483,3,-3
2021-08-03 15:15:24.946,17482,17484,17484,1,1
2021-08-03 15:15:26.865,17483,17484,17484,4,4
2021-08-03 15:15:27.710,17484,17485,17484,1,-1
2021-08-03 15:15:27.803,17484,17485,17484,1,-1
2021-08-03 15:15:27.804,17484,17485,17483,1,-1
2021-08-03 15:15:27.804,17484,17485,17483,1,-1
2021-08-03 15:15:28.274,17483,17485,17483,1,-1
2021-08-03 15:15:28.698,17483,17485,17485,1,1
2021-08-03 15:15:30.598,17484,17485,17484,1,-1
2021-08-03 15:15:32.477,17484,17485,17485,9,9
2021-08-03 15:15:33.809,17484,17486,17486,4,4
2021-08-03 15:15:36.211,17484,17485,17485,1,1
2021-08-03 15:15:39.693,17484,17486,17486,1,1
2021-08-03 15:15:39.804,17484,17486,17484,1,-1
2021-08-03 15:15:43.256,17484,17485,17485,1,1
2021-08-03 15:15:44.650,17484,17486,17485,1,-1
2021-08-03 15:15:46.757,17484,17485,17484,1,-1
2021-08-03 15:15:46.856,17483,17484,17483,1,-1
2021-08-03 15:15:49.110,17483,17484,17484,1,1
2021-08-03 15:15:55.689,17483,17484,17484,1,1
2021-08-03 15:15:59.489,17483,17484,17483,2,-2
2021-08-03 15:15:59.490,17483,17484,17483,2,-2
2021-08-03 15:15:59.490,17483,17484,17483,1,-1
2021-08-03 15:16:00.346,17482,17484,17483,1,-1
2021-08-03 15:16:05.637,17482,17483,17483,1,1
2021-08-03 15:16:07.633,17482,17483,17482,2,-2
2021-08-03 15:16:07.633,17482,17483,17482,3,-3
2021-08-03 15:16:11.378,17481,17482,17481,1,-1
2021-08-03 15:16:11.428,17480,17482,17482,1,1
2021-08-03 15:16:13.541,17480,17482,17482,1,1
2021-08-03 15:16:17.091,17480,17481,17481,3,3
2021-08-03 15:16:20.816,17480,17481,17480,5,-5
2021-08-03 15:16:20.929,17479,17480,17480,1,1
2021-08-03 15:16:20.929,17479,17480,17480,1,1
2021-08-03 15:16:20.929,17479,17480,17480,1,1
2021-08-03 15:16:26.290,17479,17480,17480,1,1
2021-08-03 15:16:31.007,17480,17481,17481,1,1
2021-08-03 15:16:31.053,17480,17482,17482,1,1
2021-08-03 15:16:31.053,17480,17482,17482,1,1
2021-08-03 15:16:31.054,17480,17482,17482,1,1
2021-08-03 15:16:36.174,17481,17483,17481,1,-1
2021-08-03 15:16:44.290,17481,17482,17481,1,-1
2021-08-03 15:16:44.304,17480,17482,17482,1,1
2021-08-03 15:16:50.264,17481,17482,17481,1,-1
2021-08-03 15:16:52.565,17480,17481,17480,1,-1
2021-08-03 15:16:53.005,17480,17481,17481,1,1
2021-08-03 15:16:53.654,17480,17481,17480,1,-1
2021-08-03 15:16:55.729,17479,17480,17480,2,2
2021-08-03 15:16:56.889,17479,17480,17480,2,2
2021-08-03 15:16:57.161,17479,17480,17480,2,2
2021-08-03 15:16:57.361,17479,17480,17480,2,2
2021-08-03 15:16:57.622,17479,17480,17480,1,1
2021-08-03 15:16:57.622,17479,17480,17481,1,1
2021-08-03 15:16:57.921,17479,17481,17481,2,2
2021-08-03 15:16:58.139,17479,17481,17481,2,2
2021-08-03 15:17:00.471,17481,17482,17481,1,-1
2021-08-03 15:17:00.901,17481,17482,17482,2,2
2021-08-03 15:17:02.738,17482,17483,17482,1,-1
2021-08-03 15:17:05.227,17482,17483,17483,2,2
2021-08-03 15:17:07.431,17482,17483,17483,3,3
2021-08-03 15:17:09.893,17482,17483,17482,1,-1
2021-08-03 15:17:11.033,17481,17483,17483,5,5
2021-08-03 15:17:11.661,17480,17482,17482,2,2
2021-08-03 15:17:11.767,17480,17483,17483,9,9
2021-08-03 15:17:11.767,17480,17483,17484,18,18
2021-08-03 15:17:11.768,17480,17483,17484,3,3
2021-08-03 15:17:16.684,17483,17484,17483,5,-5
2021-08-03 15:17:16.937,17483,17484,17484,2,2
2021-08-03 15:17:19.662,17483,17484,17484,2,2
2021-08-03 15:17:22.352,17483,17484,17484,2,2
2021-08-03 15:17:22.634,17483,17484,17483,3,-3
2021-08-03 15:17:22.677,17483,17484,17483,2,-2
2021-08-03 15:17:24.322,17482,17483,17482,2,-2
2021-08-03 15:17:24.680,17480,17482,17480,1,-1
2021-08-03 15:17:25.403,17480,17481,17480,3,-3
2021-08-03 15:17:26.803,17481,17482,17481,1,1
2021-08-03 15:17:27.104,17480,17481,17480,5,-5
2021-08-03 15:17:27.152,17480,17481,17480,1,-1
2021-08-03 15:17:29.554,17478,17479,17478,3,-3
2021-08-03 15:17:33.795,17478,17479,17478,1,-1
2021-08-03 15:17:36.724,17479,17480,17480,1,1
2021-08-03 15:17:37.774,17480,17481,17480,1,-1
2021-08-03 15:17:38.425,17480,17482,17480,2,-2
2021-08-03 15:17:38.905,17480,17481,17480,2,-2
2021-08-03 15:17:43.779,17479,17480,17480,1,1
2021-08-03 15:17:47.931,17479,17480,17480,1,1
2021-08-03 15:17:48.597,17479,17480,17480,1,1
2021-08-03 15:17:48.597,17479,17480,17480,1,1
2021-08-03 15:17:49.915,17479,17481,17479,1,-1
2021-08-03 15:17:52.673,17478,17480,17480,1,1
2021-08-03 15:17:57.019,17478,17479,17478,1,-1
2021-08-03 15:17:57.020,17478,17479,17478,1,-1
2021-08-03 15:17:58.802,17478,17479,17478,1,-1
2021-08-03 15:18:02.261,17478,17479,17478,1,-1
2021-08-03 15:18:02.808,17477,17479,17479,2,2
2021-08-03 15:18:10.925,17479,17480,17480,1,1
2021-08-03 15:18:10.926,17479,17480,17480,2,2
2021-08-03 15:18:10.926,17479,17480,17480,1,1
2021-08-03 15:18:14.972,17479,17480,17480,1,1
2021-08-03 15:18:14.998,17479,17480,17479,1,-1
2021-08-03 15:18:15.257,17479,17481,17479,2,-2
2021-08-03 15:18:22.408,17479,17480,17480,1,1
2021-08-03 15:18:33.082,17480,17482,17482,2,2
2021-08-03 15:18:41.428,17481,17482,17482,1,1
2021-08-03 15:18:41.428,17481,17482,17482,4,4
2021-08-03 15:18:41.428,17481,17482,17482,1,1
2021-08-03 15:18:52.442,17481,17483,17481,1,-1
2021-08-03 15:18:55.098,17481,17482,17482,1,1
2021-08-03 15:18:56.098,17482,17483,17482,1,-1
2021-08-03 15:19:02.559,17480,17481,17480,1,-1
2021-08-03 15:19:04.210,17480,17481,17481,2,2
2021-08-03 15:19:04.216,17480,17481,17480,1,-1
2021-08-03 15:19:07.212,17480,17481,17480,1,-1
2021-08-03 15:19:07.272,17480,17481,17481,1,1
2021-08-03 15:19:14.027,17480,17482,17482,1,1
2021-08-03 15:19:22.789,17480,17482,17480,4,-4
2021-08-03 15:19:22.789,17480,17482,17480,9,-9
2021-08-03 15:19:22.790,17480,17482,17480,5,-5
2021-08-03 15:19:22.979,17479,17480,17479,1,-1
2021-08-03 15:19:24.929,17480,17481,17481,1,1
2021-08-03 15:19:31.280,17480,17481,17480,1,-1
2021-08-03 15:19:33.390,17478,17480,17480,2,2
2021-08-03 15:19:39.789,17479,17480,17480,1,1
2021-08-03 15:19:46.659,17479,17480,17479,1,-1
2021-08-03 15:19:46.951,17479,17480,17479,1,-1
2021-08-03 15:19:46.951,17479,17480,17478,2,-2
2021-08-03 15:19:51.586,17479,17480,17479,1,1
2021-08-03 15:19:56.399,17478,17479,17478,1,-1
2021-08-03 15:20:00.920,17478,17479,17478,1,-1
2021-08-03 15:20:01.142,17477,17478,17478,1,1
2021-08-03 15:20:05.901,17478,17479,17478,1,-1
2021-08-03 15:20:14.570,17477,17478,17477,4,-4
2021-08-03 15:20:16.240,17476,17477,17476,1,-1
2021-08-03 15:20:19.030,17476,17477,17476,1,-1
2021-08-03 15:20:19.033,17476,17477,17476,1,-1
2021-08-03 15:20:24.046,17475,17476,17475,3,-3
2021-08-03 15:20:26.145,17474,17475,17475,1,1
2021-08-03 15:20:26.330,17474,17475,17474,1,-1
2021-08-03 15:20:28.914,17474,17475,17474,9,-9
2021-08-03 15:20:28.915,17474,17475,17474,1,-1
2021-08-03 15:20:28.915,17474,17475,17474,2,-2
2021-08-03 15:20:30.963,17474,17475,17474,2,-2
2021-08-03 15:20:31.151,17474,17475,17474,1,-1
2021-08-03 15:20:32.122,17474,17475,17474,1,-1
2021-08-03 15:20:32.401,17473,17475,17473,1,-1
2021-08-03 15:20:35.061,17474,17475,17474,2,2
2021-08-03 15:20:42.249,17473,17474,17473,8,-8
2021-08-03 15:20:42.401,17472,17473,17472,1,-1
2021-08-03 15:20:48.809,17472,17473,17473,2,2
2021-08-03 15:20:53.362,17472,17473,17472,1,-1
2021-08-03 15:20:58.673,17472,17473,17472,1,-1
2021-08-03 15:20:58.968,17472,17473,17472,1,-1
2021-08-03 15:21:03.436,17472,17473,17473,1,1
2021-08-03 15:21:11.568,17472,17473,17472,1,-1
2021-08-03 15:21:12.163,17472,17473,17472,2,-2
2021-08-03 15:21:16.624,17472,17473,17472,1,-1
2021-08-03 15:21:16.636,17472,17473,17473,1,1
2021-08-03 15:21:18.894,17472,17473,17473,1,1
2021-08-03 15:21:18.894,17472,17473,17473,1,1
2021-08-03 15:21:18.895,17472,17473,17473,3,3
2021-08-03 15:21:24.681,17473,17474,17473,1,-1
2021-08-03 15:21:26.112,17473,17474,17473,1,-1
2021-08-03 15:21:26.451,17473,17474,17474,1,1
2021-08-03 15:21:27.211,17473,17474,17474,1,1
2021-08-03 15:21:27.211,17473,17474,17474,6,6
2021-08-03 15:21:34.952,17474,17475,17474,1,-1
2021-08-03 15:21:46.819,17474,17475,17475,4,4
2021-08-03 15:21:47.112,17475,17476,17475,1,-1
2021-08-03 15:21:53.120,17475,17476,17476,1,1
2021-08-03 15:21:53.965,17475,17476,17475,2,-2
2021-08-03 15:21:55.313,17475,17476,17475,1,-1
2021-08-03 15:21:55.314,17475,17476,17475,1,-1
2021-08-03 15:21:56.877,17474,17475,17474,1,-1
2021-08-03 15:22:08.488,17474,17475,17475,5,5
2021-08-03 15:22:12.486,17474,17475,17475,1,1
2021-08-03 15:22:23.331,17474,17475,17475,2,2
2021-08-03 15:22:26.789,17474,17476,17474,1,-1
2021-08-03 15:22:32.988,17475,17476,17475,1,1
2021-08-03 15:22:34.146,17475,17476,17475,1,-1
2021-08-03 15:22:42.903,17475,17476,17475,1,-1
2021-08-03 15:22:42.965,17475,17476,17476,3,3
2021-08-03 15:22:46.099,17476,17477,17477,1,1
2021-08-03 15:22:46.940,17476,17477,17476,1,-1
2021-08-03 15:22:49.561,17476,17477,17477,1,1
2021-08-03 15:22:51.872,17477,17478,17477,1,-1
2021-08-03 15:22:59.912,17477,17478,17477,1,-1
2021-08-03 15:22:59.912,17477,17478,17477,3,-3
2021-08-03 15:22:59.912,17477,17478,17477,1,-1
2021-08-03 15:22:59.913,17477,17478,17477,2,-2
2021-08-03 15:22:59.913,17477,17478,17477,1,-1
2021-08-03 15:23:00.116,17476,17477,17477,1,1
2021-08-03 15:23:05.304,17476,17477,17477,1,1
2021-08-03 15:23:05.783,17476,17477,17476,1,-1
2021-08-03 15:23:05.783,17476,17477,17476,1,-1
2021-08-03 15:23:05.783,17476,17477,17476,1,-1
2021-08-03 15:23:05.783,17476,17477,17476,8,-8
2021-08-03 15:23:05.979,17475,17476,17475,1,-1
2021-08-03 15:23:09.962,17475,17476,17475,1,-1
2021-08-03 15:23:10.798,17475,17476,17475,1,-1
2021-08-03 15:23:11.140,17474,17476,17474,1,-1
2021-08-03 15:23:11.436,17474,17475,17475,1,1
2021-08-03 15:23:22.235,17473,17474,17473,2,-2
2021-08-03 15:23:23.248,17473,17474,17474,1,1
2021-08-03 15:23:23.248,17473,17474,17474,1,1
2021-08-03 15:23:24.451,17474,17475,17474,1,-1
2021-08-03 15:23:25.362,17474,17475,17474,2,-2
2021-08-03 15:23:25.362,17474,17475,17473,5,-5
2021-08-03 15:23:29.920,17473,17474,17474,1,1
2021-08-03 15:23:30.785,17473,17475,17475,1,1
2021-08-03 15:23:33.603,17475,17476,17476,1,1
2021-08-03 15:23:33.603,17475,17476,17476,3,3
2021-08-03 15:23:38.089,17475,17476,17476,1,1
2021-08-03 15:23:41.552,17475,17476,17476,2,2
2021-08-03 15:23:41.732,17475,17477,17476,1,-1
2021-08-03 15:23:49.157,17475,17476,17475,1,-1
2021-08-03 15:23:54.617,17475,17476,17475,5,-5
2021-08-03 15:23:57.967,17474,17475,17474,6,-6
2021-08-03 15:23:58.818,17473,17474,17473,1,-1
2021-08-03 15:24:01.029,17473,17474,17473,2,-2
2021-08-03 15:24:01.048,17473,17474,17473,11,-11
2021-08-03 15:24:01.411,17472,17473,17472,1,-1
2021-08-03 15:24:01.414,17472,17473,17472,1,-1
2021-08-03 15:24:08.804,17472,17473,17473,1,1
2021-08-03 15:24:09.972,17473,17475,17473,1,-1
2021-08-03 15:24:13.583,17473,17474,17473,1,-1
2021-08-03 15:24:23.472,17473,17474,17473,1,-1
2021-08-03 15:24:28.642,17473,17474,17474,2,2
2021-08-03 15:24:28.698,17474,17475,17474,1,-1
2021-08-03 15:24:28.840,17474,17475,17474,1,-1
2021-08-03 15:24:29.719,17474,17475,17474,1,-1
2021-08-03 15:24:30.758,17473,17474,17473,4,-4
2021-08-03 15:24:30.758,17473,17474,17473,1,-1
2021-08-03 15:24:30.758,17473,17474,17473,1,-1
2021-08-03 15:24:30.758,17473,17474,17473,1,-1
2021-08-03 15:24:30.758,17473,17474,17473,1,-1
2021-08-03 15:24:32.584,17472,17473,17473,1,1
2021-08-03 15:24:39.146,17472,17473,17472,6,-6
2021-08-03 15:24:40.349,17472,17473,17472,1,-1
2021-08-03 15:24:40.458,17472,17473,17473,1,1
2021-08-03 15:24:43.514,17472,17473,17472,1,-1
2021-08-03 15:24:44.889,17472,17473,17472,1,-1
2021-08-03 15:24:54.388,17472,17473,17472,1,-1
2021-08-03 15:24:54.982,17472,17473,17472,1,-1
2021-08-03 15:25:03.887,17472,17473,17472,1,-1
2021-08-03 15:25:06.492,17472,17473,17472,2,-2
2021-08-03 15:25:07.883,17472,17473,17473,3,3
2021-08-03 15:25:07.883,17472,17473,17474,7,7
2021-08-03 15:25:08.172,17472,17474,17474,2,2
2021-08-03 15:25:11.139,17472,17473,17473,1,1
2021-08-03 15:25:11.139,17472,17473,17473,1,1
2021-08-03 15:25:15.543,17472,17473,17473,2,2
2021-08-03 15:25:19.496,17472,17474,17472,1,-1
2021-08-03 15:25:20.020,17472,17474,17472,1,-1
2021-08-03 15:25:22.578,17473,17474,17473,1,1
2021-08-03 15:25:23.869,17472,17474,17472,1,-1
2021-08-03 15:25:25.677,17471,17472,17471,11,-11
2021-08-03 15:25:25.834,17471,17472,17471,1,-1
2021-08-03 15:25:26.866,17471,17472,17471,2,-2
2021-08-03 15:25:27.120,17471,17472,17472,1,1
2021-08-03 15:25:27.306,17471,17472,17472,8,8
2021-08-03 15:25:27.306,17471,17472,17473,2,2
2021-08-03 15:25:30.952,17471,17472,17472,1,1
2021-08-03 15:25:32.118,17471,17472,17472,1,1
2021-08-03 15:25:35.319,17471,17472,17471,1,-1
2021-08-03 15:25:35.349,17471,17472,17471,16,-16
2021-08-03 15:25:35.753,17470,17471,17470,12,-12
2021-08-03 15:25:35.753,17470,17471,17470,1,-1
2021-08-03 15:25:35.753,17470,17471,17470,2,-2
2021-08-03 15:25:35.753,17470,17471,17470,2,-2
2021-08-03 15:25:35.754,17470,17471,17470,1,-1
2021-08-03 15:25:35.754,17470,17471,17470,1,-1
2021-08-03 15:25:35.754,17470,17471,17470,2,-2
2021-08-03 15:25:36.100,17469,17470,17469,3,-3
2021-08-03 15:25:36.373,17469,17470,17470,1,1
2021-08-03 15:25:38.179,17469,17470,17469,11,-11
2021-08-03 15:25:38.180,17469,17470,17469,5,-5
2021-08-03 15:25:38.315,17468,17469,17468,1,-1
2021-08-03 15:25:38.499,17468,17469,17468,2,-2
2021-08-03 15:25:42.660,17468,17469,17469,1,1
2021-08-03 15:25:42.876,17468,17469,17469,1,1
2021-08-03 15:25:43.635,17468,17469,17468,2,-2
2021-08-03 15:25:44.315,17468,17469,17468,1,-1
2021-08-03 15:25:45.604,17468,17469,17469,1,1
2021-08-03 15:25:45.791,17468,17469,17469,1,1
2021-08-03 15:25:46.207,17468,17470,17470,2,2
2021-08-03 15:25:46.678,17468,17470,17469,1,-1
2021-08-03 15:25:49.658,17469,17470,17469,1,-1
2021-08-03 15:25:55.386,17468,17469,17469,1,1
2021-08-03 15:25:56.737,17468,17469,17469,1,1
2021-08-03 15:25:58.353,17469,17471,17469,1,-1
2021-08-03 15:26:00.135,17468,17470,17468,1,-1
2021-08-03 15:26:03.465,17469,17470,17469,1,1
2021-08-03 15:26:03.954,17469,17470,17469,1,-1
2021-08-03 15:26:04.672,17469,17470,17469,1,-1
2021-08-03 15:26:05.291,17469,17470,17469,1,-1
2021-08-03 15:26:05.733,17469,17470,17469,1,-1
2021-08-03 15:26:06.872,17469,17470,17469,5,-5
2021-08-03 15:26:06.872,17469,17470,17468,33,-33
2021-08-03 15:26:07.145,17467,17468,17468,1,1
2021-08-03 15:26:07.918,17467,17468,17468,1,1
2021-08-03 15:26:07.918,17467,17468,17468,1,1
2021-08-03 15:26:11.070,17467,17468,17468,1,1
2021-08-03 15:26:21.138,17468,17469,17468,1,-1
2021-08-03 15:26:22.681,17468,17469,17468,3,-3
2021-08-03 15:26:25.863,17468,17469,17469,5,5
2021-08-03 15:26:26.311,17469,17470,17469,1,-1
2021-08-03 15:26:27.415,17468,17470,17470,1,1
2021-08-03 15:26:27.415,17468,17470,17470,1,1
2021-08-03 15:26:27.415,17468,17470,17470,1,1
2021-08-03 15:26:27.557,17470,17471,17470,1,-1
2021-08-03 15:26:29.401,17470,17471,17470,4,-4
2021-08-03 15:26:29.401,17470,17471,17469,2,-2
2021-08-03 15:26:32.372,17470,17471,17470,1,1
2021-08-03 15:26:35.642,17469,17470,17470,2,2
2021-08-03 15:26:35.643,17469,17470,17470,2,2
2021-08-03 15:26:41.615,17469,17470,17470,1,1
2021-08-03 15:26:41.901,17470,17471,17470,1,-1
2021-08-03 15:26:45.547,17469,17470,17470,2,2
2021-08-03 15:26:47.384,17470,17471,17470,5,-5
2021-08-03 15:26:50.664,17470,17471,17470,2,-2
2021-08-03 15:26:51.185,17470,17471,17470,3,-3
2021-08-03 15:26:52.020,17470,17471,17470,1,-1
2021-08-03 15:26:53.905,17470,17471,17470,2,-2
2021-08-03 15:26:53.906,17470,17471,17470,1,-1
2021-08-03 15:26:54.833,17469,17470,17469,1,-1
2021-08-03 15:26:56.282,17469,17470,17469,2,-2
2021-08-03 15:26:56.282,17469,17470,17468,1,-1
2021-08-03 15:27:02.680,17468,17469,17469,1,1
2021-08-03 15:27:04.127,17468,17469,17468,1,-1
2021-08-03 15:27:04.403,17468,17469,17469,1,1
2021-08-03 15:27:08.307,17468,17469,17468,2,-2
2021-08-03 15:27:08.310,17468,17469,17468,5,-5
2021-08-03 15:27:09.826,17467,17468,17468,1,1
2021-08-03 15:27:11.654,17467,17468,17467,2,-2
2021-08-03 15:27:11.657,17467,17468,17467,1,-1
2021-08-03 15:27:11.657,17467,17468,17467,1,-1
2021-08-03 15:27:11.657,17467,17468,17467,3,-3
2021-08-03 15:27:11.677,17466,17467,17466,18,-18
2021-08-03 15:27:11.677,17466,17467,17465,11,-11
2021-08-03 15:27:11.679,17466,17467,17465,1,-1
2021-08-03 15:27:11.679,17466,17467,17465,2,-2
2021-08-03 15:27:11.689,17466,17467,17464,1,-1
2021-08-03 15:27:11.786,17466,17467,17464,2,-2
2021-08-03 15:27:11.824,17464,17465,17464,2,-2
2021-08-03 15:27:11.881,17464,17465,17463,1,-1
2021-08-03 15:27:11.958,17463,17465,17464,1,1
2021-08-03 15:27:12.000,17463,17465,17465,1,1
2021-08-03 15:27:12.000,17463,17465,17465,1,1
2021-08-03 15:27:12.051,17463,17465,17465,1,1
2021-08-03 15:27:12.061,17463,17465,17463,2,-2
2021-08-03 15:27:12.069,17463,17465,17463,1,-1
2021-08-03 15:27:12.095,17463,17465,17463,1,-1
2021-08-03 15:27:12.189,17463,17465,17465,1,1
2021-08-03 15:27:12.198,17463,17465,17463,1,-1
2021-08-03 15:27:12.201,17463,17465,17463,3,-3
2021-08-03 15:27:12.255,17463,17465,17463,5,-5
2021-08-03 15:27:12.292,17463,17465,17465,8,8
2021-08-03 15:27:12.336,17465,17467,17465,1,-1
2021-08-03 15:27:12.590,17465,17466,17464,2,-2
2021-08-03 15:27:12.794,17464,17466,17464,1,-1
2021-08-03 15:27:13.000,17464,17466,17464,1,-1
2021-08-03 15:27:13.790,17465,17466,17465,1,1
2021-08-03 15:27:13.810,17465,17466,17465,1,-1
2021-08-03 15:27:13.857,17465,17466,17465,1,-1
2021-08-03 15:27:13.875,17465,17466,17464,1,-1
2021-08-03 15:27:13.929,17464,17466,17464,1,-1
2021-08-03 15:27:14.976,17465,17466,17465,2,2
2021-08-03 15:27:16.321,17465,17466,17465,1,-1
2021-08-03 15:27:16.847,17465,17466,17465,2,-2
2021-08-03 15:27:18.124,17465,17466,17465,1,-1
2021-08-03 15:27:19.427,17465,17466,17466,1,1
2021-08-03 15:27:23.302,17466,17467,17467,1,1
2021-08-03 15:27:25.052,17467,17468,17468,1,1
2021-08-03 15:27:26.067,17467,17469,17468,1,-1
2021-08-03 15:27:26.177,17468,17469,17469,1,1
2021-08-03 15:27:28.458,17468,17470,17468,1,-1
2021-08-03 15:27:30.677,17468,17469,17469,1,1
2021-08-03 15:27:31.302,17469,17470,17470,4,4
2021-08-03 15:27:31.802,17469,17471,17471,3,3
2021-08-03 15:27:35.545,17469,17470,17469,1,-1
2021-08-03 15:27:41.678,17468,17469,17469,1,1
2021-08-03 15:27:41.820,17468,17469,17468,2,-2
2021-08-03 15:27:45.304,17468,17469,17468,1,-1
2021-08-03 15:27:48.381,17467,17468,17468,1,1
2021-08-03 15:27:48.463,17467,17469,17469,1,1
2021-08-03 15:27:48.792,17467,17469,17467,2,-2
2021-08-03 15:27:49.468,17467,17468,17468,1,1
2021-08-03 15:27:51.592,17467,17468,17467,1,-1
2021-08-03 15:27:53.047,17466,17467,17467,1,1
2021-08-03 15:27:58.286,17467,17468,17467,1,-1
2021-08-03 15:28:02.468,17467,17468,17468,3,3
2021-08-03 15:28:02.580,17467,17470,17470,1,1
2021-08-03 15:28:05.630,17468,17470,17469,1,-1
2021-08-03 15:28:06.031,17469,17470,17469,2,-2
2021-08-03 15:28:06.031,17469,17470,17470,2,2
2021-08-03 15:28:11.108,17470,17471,17471,1,1
2021-08-03 15:28:11.108,17470,17471,17471,2,2
2021-08-03 15:28:13.294,17471,17472,17471,1,-1
2021-08-03 15:28:16.801,17470,17471,17471,1,1
2021-08-03 15:28:19.435,17470,17471,17471,1,1
2021-08-03 15:28:19.435,17470,17471,17471,1,1
2021-08-03 15:28:20.399,17471,17472,17471,1,-1
2021-08-03 15:28:20.857,17470,17472,17471,1,-1
2021-08-03 15:28:24.766,17470,17472,17470,2,-2
2021-08-03 15:28:25.903,17470,17471,17470,1,-1
2021-08-03 15:28:26.037,17470,17471,17471,1,1
2021-08-03 15:28:26.112,17470,17471,17471,6,6
2021-08-03 15:28:26.112,17470,17471,17472,4,4
2021-08-03 15:28:26.228,17470,17472,17472,2,2
2021-08-03 15:28:27.408,17470,17472,17472,7,7
2021-08-03 15:28:40.879,17472,17473,17473,1,1
2021-08-03 15:28:40.879,17472,17473,17473,5,5
2021-08-03 15:28:41.319,17473,17474,17474,1,1
2021-08-03 15:28:41.319,17473,17474,17474,1,1
2021-08-03 15:28:44.473,17473,17474,17474,1,1
2021-08-03 15:28:48.795,17473,17474,17474,1,1
2021-08-03 15:28:50.293,17473,17475,17475,9,9
2021-08-03 15:28:52.691,17474,17475,17474,2,-2
2021-08-03 15:28:52.691,17474,17475,17473,11,-11
2021-08-03 15:28:52.693,17474,17475,17473,2,-2
2021-08-03 15:28:52.693,17474,17475,17473,2,-2
2021-08-03 15:28:52.693,17474,17475,17473,3,-3
2021-08-03 15:28:53.256,17473,17475,17473,3,-3
2021-08-03 15:28:59.273,17473,17475,17475,1,1
2021-08-03 15:29:03.328,17473,17474,17474,1,1
2021-08-03 15:29:03.651,17473,17474,17474,1,1
2021-08-03 15:29:10.170,17473,17474,17473,1,-1
2021-08-03 15:29:10.170,17473,17474,17473,1,-1
2021-08-03 15:29:10.170,17473,17474,17473,2,-2
2021-08-03 15:29:10.633,17472,17473,17472,1,-1
2021-08-03 15:29:10.678,17472,17473,17472,1,-1
2021-08-03 15:29:10.678,17472,17473,17471,2,-2
2021-08-03 15:29:11.266,17471,17473,17473,1,1
2021-08-03 15:29:16.882,17472,17473,17473,1,1
2021-08-03 15:29:22.497,17472,17473,17473,2,2
2021-08-03 15:29:27.236,17473,17474,17473,2,-2
2021-08-03 15:29:27.694,17473,17474,17474,2,2
2021-08-03 15:29:35.314,17473,17474,17473,1,-1
2021-08-03 15:29:36.510,17473,17474,17474,1,1
2021-08-03 15:29:43.586,17473,17474,17474,1,1
2021-08-03 15:29:44.214,17473,17474,17474,2,2
2021-08-03 15:29:46.078,17473,17474,17473,1,-1
2021-08-03 15:29:47.887,17473,17474,17474,1,1
2021-08-03 15:29:48.490,17473,17474,17473,1,-1
2021-08-03 15:29:49.976,17473,17474,17473,2,-2
2021-08-03 15:29:50.031,17473,17474,17472,3,-3
2021-08-03 15:29:52.139,17472,17473,17472,5,-5
2021-08-03 15:29:52.140,17472,17473,17472,1,-1
2021-08-03 15:29:52.140,17472,17473,17472,2,-2
2021-08-03 15:29:54.914,17471,17472,17471,6,-6
2021-08-03 15:29:57.987,17470,17471,17470,1,-1
2021-08-03 15:29:57.988,17470,17471,17470,7,-7
2021-08-03 15:29:58.113,17469,17470,17470,3,3
2021-08-03 15:30:02.324,17469,17470,17470,1,1
2021-08-03 15:30:02.435,17469,17470,17470,1,1
2021-08-03 15:30:02.436,17469,17470,17470,1,1
2021-08-03 15:30:02.721,17469,17470,17470,2,2
2021-08-03 15:30:02.848,17470,17472,17470,1,-1
2021-08-03 15:30:02.863,17470,17472,17470,1,-1
2021-08-03 15:30:08.273,17469,17470,17470,1,1
2021-08-03 15:30:08.303,17469,17471,17471,1,1
2021-08-03 15:30:08.305,17469,17471,17471,1,1
2021-08-03 15:30:12.661,17470,17471,17471,2,2
2021-08-03 15:30:15.434,17470,17472,17471,1,-1
2021-08-03 15:30:15.763,17470,17472,17472,1,1
2021-08-03 15:30:17.554,17470,17472,17470,4,-4
2021-08-03 15:30:17.956,17469,17471,17471,1,1
2021-08-03 15:30:22.066,17469,17470,17470,1,1
2021-08-03 15:30:22.066,17469,17470,17471,1,1
2021-08-03 15:30:22.178,17469,17471,17471,1,1
2021-08-03 15:30:24.760,17470,17471,17470,1,-1
2021-08-03 15:30:26.945,17469,17470,17469,1,-1
2021-08-03 15:30:27.485,17469,17470,17469,2,-2
2021-08-03 15:30:27.553,17469,17470,17470,1,1
2021-08-03 15:30:27.553,17469,17470,17470,1,1
2021-08-03 15:30:27.555,17469,17470,17471,1,1
2021-08-03 15:30:27.556,17469,17470,17471,1,1
2021-08-03 15:30:27.557,17469,17470,17471,1,1
2021-08-03 15:30:31.244,17469,17470,17469,1,-1
2021-08-03 15:30:31.294,17469,17470,17470,1,1
2021-08-03 15:30:33.126,17470,17471,17471,1,1
2021-08-03 15:30:33.533,17470,17471,17471,2,2
2021-08-03 15:30:35.300,17470,17471,17470,5,-5
2021-08-03 15:30:37.428,17469,17470,17470,1,1
2021-08-03 15:30:37.866,17469,17470,17469,1,-1
2021-08-03 15:30:43.610,17469,17470,17469,1,-1
2021-08-03 15:30:45.333,17469,17470,17469,1,-1
2021-08-03 15:30:47.032,17468,17469,17469,1,1
2021-08-03 15:30:47.032,17468,17469,17470,1,1
2021-08-03 15:30:50.701,17468,17469,17469,1,1
2021-08-03 15:30:54.484,17468,17469,17469,3,3
2021-08-03 15:30:54.853,17468,17469,17469,2,2
2021-08-03 15:30:57.324,17469,17470,17469,1,-1
2021-08-03 15:30:57.365,17469,17470,17468,2,-2
2021-08-03 15:30:59.540,17468,17469,17469,1,1
2021-08-03 15:31:00.917,17468,17469,17468,1,-1
2021-08-03 15:31:03.928,17468,17469,17469,1,1
2021-08-03 15:31:06.693,17468,17470,17469,1,-1
2021-08-03 15:31:06.694,17468,17470,17470,2,2
2021-08-03 15:31:06.694,17468,17470,17470,8,8
2021-08-03 15:31:06.694,17468,17470,17470,1,1
2021-08-03 15:31:06.694,17468,17470,17470,4,4
2021-08-03 15:31:06.694,17468,17470,17470,5,5
2021-08-03 15:31:06.694,17468,17470,17470,4,4
2021-08-03 15:31:06.767,17468,17470,17472,2,2
2021-08-03 15:31:13.438,17472,17473,17472,1,-1
2021-08-03 15:31:14.159,17472,17473,17472,1,-1
2021-08-03 15:31:17.453,17471,17472,17471,1,-1
2021-08-03 15:31:20.075,17471,17472,17471,5,-5
2021-08-03 15:31:21.830,17470,17472,17472,2,2
2021-08-03 15:31:27.285,17471,17472,17471,1,-1
2021-08-03 15:31:28.607,17470,17472,17470,1,-1
2021-08-03 15:31:29.209,17470,17472,17472,2,2
2021-08-03 15:31:36.356,17471,17472,17472,1,1
2021-08-03 15:31:36.850,17472,17473,17472,1,-1
2021-08-03 15:31:37.872,17471,17473,17471,11,-11
2021-08-03 15:31:39.906,17469,17471,17470,1,-1
2021-08-03 15:31:41.240,17469,17470,17470,1,1
2021-08-03 15:31:41.240,17469,17470,17470,2,2
2021-08-03 15:31:42.151,17469,17470,17470,1,1
2021-08-03 15:31:47.066,17470,17471,17470,1,-1
2021-08-03 15:31:47.276,17470,17471,17470,1,-1
2021-08-03 15:31:51.847,17470,17471,17470,3,-3
2021-08-03 15:31:56.571,17469,17470,17469,1,-1
2021-08-03 15:31:58.071,17469,17470,17469,2,-2
2021-08-03 15:31:58.072,17469,17470,17469,1,-1
2021-08-03 15:31:58.157,17469,17470,17469,1,-1
2021-08-03 15:32:00.575,17468,17469,17468,5,-5
2021-08-03 15:32:00.670,17468,17469,17467,4,-4
2021-08-03 15:32:00.670,17468,17469,17467,13,-13
2021-08-03 15:32:00.670,17468,17469,17467,1,-1
2021-08-03 15:32:02.664,17466,17467,17467,2,2
2021-08-03 15:32:03.462,17466,17467,17466,16,-16
2021-08-03 15:32:03.463,17466,17467,17466,1,-1
2021-08-03 15:32:06.303,17466,17467,17466,1,-1
2021-08-03 15:32:11.718,17466,17467,17467,2,2
2021-08-03 15:32:14.336,17467,17469,17467,1,-1
2021-08-03 15:32:16.516,17467,17468,17467,5,-5
2021-08-03 15:32:16.517,17467,17468,17467,1,-1
2021-08-03 15:32:16.517,17467,17468,17467,2,-2
2021-08-03 15:32:16.517,17467,17468,17467,2,-2
2021-08-03 15:32:16.803,17467,17468,17467,1,-1
2021-08-03 15:32:18.125,17467,17468,17467,1,-1
2021-08-03 15:32:20.628,17467,17468,17468,1,1
2021-08-03 15:32:22.680,17468,17469,17468,2,-2
2021-08-03 15:32:22.680,17468,17469,17467,19,-19
2021-08-03 15:32:22.681,17468,17469,17467,1,-1
2021-08-03 15:32:22.681,17468,17469,17467,18,-18
2021-08-03 15:32:22.681,17468,17469,17467,1,-1
2021-08-03 15:32:22.682,17468,17469,17467,2,-2
2021-08-03 15:32:25.431,17467,17468,17468,1,1
2021-08-03 15:32:25.431,17467,17468,17468,1,1
2021-08-03 15:32:25.431,17467,17468,17468,1,1
2021-08-03 15:32:25.974,17468,17469,17468,1,-1
2021-08-03 15:32:26.982,17468,17469,17469,1,1
2021-08-03 15:32:27.918,17468,17470,17468,2,-2
2021-08-03 15:32:32.298,17467,17468,17468,1,1
2021-08-03 15:32:41.673,17466,17467,17467,1,1
2021-08-03 15:32:45.589,17467,17469,17467,1,-1
2021-08-03 15:32:53.494,17467,17469,17467,1,-1
2021-08-03 15:32:53.989,17466,17469,17469,1,1
2021-08-03 15:32:56.225,17467,17469,17469,1,1
2021-08-03 15:32:59.704,17468,17469,17468,2,-2
2021-08-03 15:33:06.815,17467,17468,17468,1,1
2021-08-03 15:33:09.710,17467,17469,17467,1,-1
2021-08-03 15:33:21.557,17468,17469,17468,1,1
2021-08-03 15:33:25.433,17467,17468,17468,1,1
2021-08-03 15:33:39.427,17467,17468,17468,1,1
2021-08-03 15:33:40.623,17467,17468,17468,8,8
2021-08-03 15:33:41.366,17468,17469,17469,2,2
2021-08-03 15:33:43.758,17468,17469,17468,4,-4
2021-08-03 15:33:44.260,17467,17468,17468,1,1
2021-08-03 15:33:46.956,17468,17469,17469,1,1
2021-08-03 15:33:51.052,17469,17470,17470,3,3
2021-08-03 15:34:02.828,17470,17471,17471,6,6
2021-08-03 15:34:02.828,17470,17471,17471,4,4
2021-08-03 15:34:02.828,17470,17471,17471,1,1
2021-08-03 15:34:02.828,17470,17471,17471,4,4
2021-08-03 15:34:02.828,17470,17471,17471,5,5
2021-08-03 15:34:02.828,17470,17471,17471,6,6
2021-08-03 15:34:02.829,17470,17471,17471,1,1
2021-08-03 15:34:02.829,17470,17471,17471,2,2
2021-08-03 15:34:04.359,17471,17472,17471,1,-1
2021-08-03 15:34:07.569,17471,17472,17472,1,1
2021-08-03 15:34:10.588,17471,17472,17472,3,3
2021-08-03 15:34:11.768,17472,17473,17473,1,1
2021-08-03 15:34:11.769,17472,17473,17473,1,1
2021-08-03 15:34:11.773,17472,17473,17473,2,2
2021-08-03 15:34:11.773,17472,17473,17473,2,2
2021-08-03 15:34:11.928,17473,17474,17474,9,9
2021-08-03 15:34:11.946,17473,17474,17475,4,4
2021-08-03 15:34:11.946,17473,17474,17475,1,1
2021-08-03 15:34:11.946,17473,17474,17475,1,1
2021-08-03 15:34:11.946,17473,17474,17475,4,4
2021-08-03 15:34:11.946,17473,17474,17475,1,1
2021-08-03 15:34:11.946,17473,17474,17475,4,4
2021-08-03 15:34:11.954,17473,17474,17475,8,8
2021-08-03 15:34:12.722,17474,17476,17474,1,-1
2021-08-03 15:34:13.953,17474,17476,17476,1,1
2021-08-03 15:34:21.462,17475,17476,17476,1,1
2021-08-03 15:34:22.651,17475,17476,17476,1,1
2021-08-03 15:34:22.652,17475,17476,17476,2,2
2021-08-03 15:34:22.652,17475,17476,17476,1,1
2021-08-03 15:34:23.772,17476,17477,17477,5,5
2021-08-03 15:34:23.934,17475,17477,17477,3,3
2021-08-03 15:34:25.439,17475,17477,17477,4,4
2021-08-03 15:34:27.109,17475,17476,17476,1,1
2021-08-03 15:34:36.454,17476,17477,17476,1,-1
2021-08-03 15:34:36.716,17476,17477,17477,3,3
2021-08-03 15:34:39.501,17476,17477,17476,1,-1
2021-08-03 15:34:39.502,17476,17477,17476,2,-2
2021-08-03 15:34:39.502,17476,17477,17476,2,-2
2021-08-03 15:34:39.502,17476,17477,17476,4,-4
2021-08-03 15:34:40.043,17475,17476,17476,1,1
2021-08-03 15:34:41.850,17475,17477,17477,7,7
2021-08-03 15:34:41.850,17475,17477,17478,1,1
2021-08-03 15:34:42.410,17475,17478,17478,1,1
2021-08-03 15:34:44.473,17475,17476,17475,2,-2
2021-08-03 15:34:45.171,17474,17475,17475,1,1
2021-08-03 15:34:45.387,17474,17475,17475,1,1
2021-08-03 15:34:49.146,17474,17475,17475,3,3
2021-08-03 15:34:49.760,17474,17475,17475,1,1
2021-08-03 15:34:51.725,17475,17476,17475,1,-1
2021-08-03 15:34:52.761,17475,17476,17476,1,1
2021-08-03 15:34:58.776,17476,17477,17476,1,-1
2021-08-03 15:35:00.605,17476,17477,17477,4,4
2021-08-03 15:35:02.169,17476,17477,17476,2,-2
2021-08-03 15:35:05.292,17476,17477,17476,1,-1
2021-08-03 15:35:05.293,17476,17477,17476,14,-14
2021-08-03 15:35:06.468,17475,17476,17475,1,-1
2021-08-03 15:35:11.848,17475,17476,17475,1,-1
2021-08-03 15:35:23.495,17475,17476,17475,1,-1
2021-08-03 15:35:23.495,17475,17476,17474,1,-1
2021-08-03 15:35:35.314,17474,17475,17474,1,-1
2021-08-03 15:35:35.500,17474,17475,17474,1,-1
2021-08-03 15:35:37.428,17473,17474,17473,1,-1
2021-08-03 15:35:37.428,17473,17474,17473,6,-6
2021-08-03 15:35:39.930,17473,17474,17474,1,1
2021-08-03 15:35:39.930,17473,17474,17475,2,2
2021-08-03 15:35:44.102,17474,17475,17475,3,3
2021-08-03 15:35:49.426,17475,17476,17476,1,1
2021-08-03 15:35:51.382,17475,17476,17476,5,5
2021-08-03 15:35:51.382,17475,17476,17476,11,11
2021-08-03 15:35:52.312,17476,17477,17476,2,-2
2021-08-03 15:35:56.100,17476,17477,17476,1,-1
2021-08-03 15:35:58.289,17475,17477,17475,5,-5
2021-08-03 15:36:00.905,17476,17477,17476,1,1
2021-08-03 15:36:05.363,17475,17476,17475,1,-1
2021-08-03 15:36:05.817,17475,17476,17476,1,1
2021-08-03 15:36:10.142,17476,17477,17477,2,2
2021-08-03 15:36:10.142,17476,17477,17477,2,2
2021-08-03 15:36:10.142,17476,17477,17477,1,1
2021-08-03 15:36:10.142,17476,17477,17477,3,3
2021-08-03 15:36:10.142,17476,17477,17477,3,3
2021-08-03 15:36:10.142,17476,17477,17477,1,1
2021-08-03 15:36:11.197,17477,17478,17477,2,-2
2021-08-03 15:36:14.762,17477,17478,17478,13,13
2021-08-03 15:36:14.762,17477,17478,17479,17,17
2021-08-03 15:36:14.762,17477,17478,17480,10,10
2021-08-03 15:36:15.245,17479,17480,17480,1,1
2021-08-03 15:36:16.291,17479,17480,17480,1,1
2021-08-03 15:36:16.314,17479,17480,17480,1,1
2021-08-03 15:36:16.327,17479,17480,17480,1,1
2021-08-03 15:36:16.346,17479,17480,17480,1,1
2021-08-03 15:36:16.688,17479,17480,17479,1,-1
2021-08-03 15:36:18.058,17478,17480,17480,2,2
2021-08-03 15:36:18.243,17479,17481,17481,1,1
2021-08-03 15:36:20.995,17478,17480,17480,1,1
2021-08-03 15:36:26.814,17479,17480,17479,1,-1
2021-08-03 15:36:26.814,17479,17480,17479,2,-2
2021-08-03 15:36:26.814,17479,17480,17479,1,-1
2021-08-03 15:36:26.814,17479,17480,17479,3,-3
2021-08-03 15:36:26.814,17479,17480,17479,1,-1
2021-08-03 15:36:26.814,17479,17480,17479,7,-7
2021-08-03 15:36:27.285,17478,17479,17479,5,5
2021-08-03 15:36:28.970,17478,17479,17479,1,1
2021-08-03 15:36:30.764,17478,17479,17478,1,-1
2021-08-03 15:36:35.636,17478,17479,17478,1,-1
2021-08-03 15:36:37.986,17477,17479,17479,1,1
2021-08-03 15:36:42.334,17478,17479,17478,1,-1
2021-08-03 15:36:43.384,17478,17479,17479,1,1
2021-08-03 15:36:43.384,17478,17479,17479,1,1
2021-08-03 15:36:43.384,17478,17479,17479,1,1
2021-08-03 15:36:43.384,17478,17479,17479,2,2
2021-08-03 15:36:43.384,17478,17479,17479,2,2
2021-08-03 15:36:43.385,17478,17479,17479,3,3
2021-08-03 15:36:43.385,17478,17479,17479,2,2
2021-08-03 15:36:43.385,17478,17479,17479,1,1
2021-08-03 15:36:45.398,17478,17479,17478,1,-1
2021-08-03 15:36:46.255,17478,17479,17478,1,-1
2021-08-03 15:36:46.255,17478,17479,17478,1,-1
2021-08-03 15:36:49.859,17477,17478,17477,1,-1
2021-08-03 15:36:58.226,17475,17477,17477,1,1
2021-08-03 15:37:05.448,17475,17477,17477,1,1
2021-08-03 15:37:13.880,17476,17477,17477,2,2
2021-08-03 15:37:23.653,17475,17477,17477,1,1
2021-08-03 15:37:32.098,17476,17477,17476,1,-1
2021-08-03 15:37:39.285,17475,17476,17476,1,1
2021-08-03 15:37:40.103,17475,17476,17475,2,-2
2021-08-03 15:37:40.103,17475,17476,17475,1,-1
2021-08-03 15:37:40.103,17475,17476,17475,1,-1
2021-08-03 15:37:48.810,17474,17476,17474,1,-1
2021-08-03 15:38:00.667,17474,17476,17474,7,-7
2021-08-03 15:38:05.275,17474,17475,17474,7,-7
2021-08-03 15:38:05.297,17474,17475,17474,1,-1
2021-08-03 15:38:07.440,17473,17475,17474,1,-1
2021-08-03 15:38:11.528,17473,17475,17474,1,-1
2021-08-03 15:38:19.983,17473,17475,17473,1,-1
2021-08-03 15:38:22.171,17473,17474,17474,1,1
2021-08-03 15:38:30.774,17473,17474,17474,1,1
2021-08-03 15:38:31.816,17473,17475,17475,1,1
2021-08-03 15:38:37.784,17473,17475,17473,1,-1
2021-08-03 15:38:38.715,17473,17474,17473,1,-1
2021-08-03 15:38:38.715,17473,17474,17473,1,-1
2021-08-03 15:38:38.715,17473,17474,17473,1,-1
2021-08-03 15:38:46.320,17472,17473,17473,2,2
2021-08-03 15:38:46.846,17472,17473,17473,1,1
2021-08-03 15:38:47.609,17472,17473,17472,1,-1
2021-08-03 15:38:57.765,17472,17473,17472,1,-1
2021-08-03 15:38:57.883,17472,17473,17472,4,-4
2021-08-03 15:39:02.526,17471,17473,17473,1,1
2021-08-03 15:39:10.828,17471,17472,17472,1,1
2021-08-03 15:39:13.138,17471,17472,17472,1,1
2021-08-03 15:39:21.828,17472,17473,17472,1,-1
2021-08-03 15:39:22.077,17471,17473,17471,1,-1
2021-08-03 15:39:26.534,17471,17472,17472,1,1
2021-08-03 15:39:29.000,17471,17473,17473,2,2
2021-08-03 15:39:37.240,17471,17473,17473,1,1
2021-08-03 15:39:56.263,17473,17474,17473,1,-1
2021-08-03 15:40:03.428,17472,17474,17472,5,-5
2021-08-03 15:40:15.282,17473,17474,17474,1,1
2021-08-03 15:40:16.775,17474,17475,17474,2,-2
2021-08-03 15:40:30.284,17474,17475,17475,1,1
2021-08-03 15:40:30.284,17474,17475,17475,1,1
2021-08-03 15:40:30.284,17474,17475,17475,1,1
2021-08-03 15:40:32.365,17474,17476,17476,1,1
2021-08-03 15:40:32.449,17474,17476,17476,1,1
2021-08-03 15:41:05.405,17475,17476,17476,2,2
2021-08-03 15:41:37.681,17475,17476,17475,2,-2
2021-08-03 15:42:00.270,17475,17476,17476,1,1
2021-08-03 15:42:00.270,17475,17476,17476,1,1
2021-08-03 15:42:13.602,17474,17475,17475,1,1
2021-08-03 15:42:13.602,17474,17475,17475,1,1
2021-08-03 15:42:15.058,17475,17476,17476,1,1
2021-08-03 15:42:15.058,17475,17476,17476,1,1
2021-08-03 15:42:19.765,17475,17476,17476,2,2
2021-08-03 15:42:24.216,17475,17476,17476,2,2
2021-08-03 15:42:24.464,17476,17477,17476,1,-1
2021-08-03 15:42:47.012,17475,17476,17475,1,-1
2021-08-03 15:42:47.012,17475,17476,17475,1,-1
2021-08-03 15:43:06.391,17474,17475,17474,1,-1
2021-08-03 15:43:06.392,17474,17475,17474,2,-2
2021-08-03 15:43:24.755,17472,17473,17472,16,-16
2021-08-03 15:43:25.846,17471,17472,17471,1,-1
2021-08-03 15:43:26.810,17471,17473,17473,1,1
2021-08-03 15:43:44.336,17471,17473,17471,1,-1
2021-08-03 15:43:57.636,17472,17473,17472,1,1
2021-08-03 15:44:19.125,17471,17472,17471,1,-1
2021-08-03 15:44:19.125,17471,17472,17471,1,-1
2021-08-03 15:44:19.125,17471,17472,17471,1,-1
2021-08-03 15:44:19.125,17471,17472,17471,1,-1
2021-08-03 15:44:19.125,17471,17472,17471,4,-4
2021-08-03 15:44:29.026,17470,17472,17470,1,-1
2021-08-03 15:44:37.369,17470,17471,17470,11,-11
2021-08-03 15:44:38.538,17469,17470,17469,3,-3
2021-08-03 15:44:38.539,17469,17470,17469,1,-1
2021-08-03 15:44:38.539,17469,17470,17469,1,-1
2021-08-03 15:44:47.870,17468,17470,17468,3,-3
2021-08-03 15:44:49.236,17468,17469,17468,1,-1
2021-08-03 15:44:49.237,17468,17469,17468,1,-1
2021-08-03 15:44:54.895,17468,17469,17468,1,-1
2021-08-03 15:44:54.895,17468,17469,17468,1,-1
2021-08-03 15:44:57.332,17468,17469,17468,4,-4
2021-08-03 15:44:57.427,17467,17469,17467,1,-1
2021-08-03 15:44:58.301,17467,17468,17467,1,-1
2021-08-03 15:44:58.301,17467,17468,17467,1,-1
2021-08-03 15:44:58.756,17467,17468,17467,1,-1
2021-08-03 15:44:59.423,17467,17468,17467,1,-1
2021-08-03 15:45:00.060,17467,17468,17467,1,-1
2021-08-03 15:45:00.060,17467,17468,17467,1,-1
2021-08-03 15:45:00.177,17467,17468,17467,1,-1
2021-08-03 15:45:00.500,17466,17468,17468,1,1
2021-08-03 15:45:00.754,17466,17468,17467,1,-1
2021-08-03 15:45:01.802,17467,17468,17467,5,-5
2021-08-03 15:45:02.619,17466,17468,17468,3,3
2021-08-03 15:45:05.986,17466,17468,17466,1,-1
2021-08-03 15:45:11.302,17467,17468,17467,1,1
2021-08-03 15:45:17.168,17466,17468,17467,1,-1
2021-08-03 15:45:20.507,17466,17468,17467,1,-1
2021-08-03 15:45:20.720,17467,17468,17467,1,-1
2021-08-03 15:45:23.629,17466,17468,17468,6,6
2021-08-03 15:45:23.652,17466,17468,17468,1,1
2021-08-03 15:45:27.040,17467,17469,17469,1,1
2021-08-03 15:45:27.284,17467,17469,17469,1,1
2021-08-03 15:45:31.628,17468,17469,17468,2,-2
2021-08-03 15:45:31.628,17468,17469,17467,3,-3
2021-08-03 15:45:31.771,17467,17469,17469,3,3
2021-08-03 15:45:32.025,17467,17470,17467,5,-5
2021-08-03 15:45:32.300,17468,17469,17468,3,3
2021-08-03 15:45:32.600,17467,17470,17467,5,-5
2021-08-03 15:45:32.967,17467,17469,17467,5,-5
2021-08-03 15:45:33.320,17467,17469,17467,2,-2
2021-08-03 15:45:33.320,17467,17469,17466,1,-1
2021-08-03 15:45:34.278,17466,17469,17466,1,-1
2021-08-03 15:45:34.907,17466,17468,17467,2,2
2021-08-03 15:45:37.712,17467,17468,17467,7,-7
2021-08-03 15:45:37.713,17467,17468,17467,8,-8
2021-08-03 15:45:39.677,17467,17468,17467,1,-1
2021-08-03 15:45:45.774,17466,17468,17467,1,-1
2021-08-03 15:45:45.774,17466,17468,17466,2,-2
2021-08-03 15:45:48.090,17466,17467,17466,1,-1
2021-08-03 15:45:52.988,17466,17467,17466,1,-1
2021-08-03 15:46:08.088,17466,17467,17467,2,2
2021-08-03 15:46:08.924,17467,17468,17467,3,-3
2021-08-03 15:46:08.924,17467,17468,17466,5,-5
2021-08-03 15:46:09.879,17466,17468,17466,3,-3
2021-08-03 15:46:17.552,17467,17468,17467,2,2
2021-08-03 15:46:23.782,17466,17468,17466,17,-17
2021-08-03 15:46:23.783,17466,17468,17466,3,-3
2021-08-03 15:46:34.677,17466,17467,17466,1,-1
2021-08-03 15:46:36.019,17465,17467,17465,2,-2
2021-08-03 15:46:50.801,17466,17467,17466,1,1
2021-08-03 15:46:53.788,17466,17467,17466,1,-1
2021-08-03 15:46:55.479,17466,17467,17466,1,-1
2021-08-03 15:47:06.464,17466,17467,17467,4,4
2021-08-03 15:47:06.506,17466,17467,17467,7,7
2021-08-03 15:47:11.178,17466,17467,17467,1,1
2021-08-03 15:47:11.178,17466,17467,17467,1,1
2021-08-03 15:47:14.154,17467,17468,17467,1,-1
2021-08-03 15:47:15.275,17466,17468,17468,5,5
2021-08-03 15:47:16.957,17467,17468,17468,1,1
2021-08-03 15:47:29.429,17467,17468,17468,1,1
2021-08-03 15:47:29.430,17467,17468,17468,6,6
2021-08-03 15:47:34.108,17468,17469,17468,2,-2
2021-08-03 15:47:36.919,17468,17469,17469,2,2
2021-08-03 15:47:38.816,17468,17469,17469,1,1
2021-08-03 15:47:45.745,17468,17469,17469,1,1
2021-08-03 15:47:46.348,17468,17469,17469,1,1
2021-08-03 15:47:48.434,17468,17469,17469,1,1
2021-08-03 15:47:50.639,17468,17469,17469,2,2
2021-08-03 15:47:54.665,17468,17469,17469,1,1
2021-08-03 15:48:04.404,17468,17469,17469,2,2
2021-08-03 15:48:10.936,17469,17470,17469,3,-3
2021-08-03 15:48:10.936,17469,17470,17468,1,-1
2021-08-03 15:48:11.071,17468,17470,17468,8,-8
2021-08-03 15:48:21.108,17469,17470,17470,1,1
2021-08-03 15:48:26.295,17469,17470,17470,3,3
2021-08-03 15:48:27.551,17470,17471,17470,1,-1
2021-08-03 15:49:10.350,17470,17471,17470,1,-1
2021-08-03 15:49:10.894,17469,17470,17470,1,1
2021-08-03 15:49:25.927,17469,17470,17470,1,1
2021-08-03 15:49:25.927,17469,17470,17470,1,1
2021-08-03 15:49:31.312,17470,17471,17471,1,1
2021-08-03 15:49:45.327,17469,17471,17471,1,1
2021-08-03 15:49:54.776,17470,17471,17471,1,1
2021-08-03 15:49:59.755,17470,17471,17471,1,1
2021-08-03 15:50:00.059,17470,17471,17471,1,1
2021-08-03 15:50:00.059,17470,17471,17471,1,1
2021-08-03 15:50:05.833,17471,17472,17472,1,1
2021-08-03 15:50:05.833,17471,17472,17472,4,4
2021-08-03 15:50:05.833,17471,17472,17472,3,3
2021-08-03 15:50:05.834,17471,17472,17472,3,3
2021-08-03 15:50:47.459,17472,17473,17472,2,-2
2021-08-03 15:50:47.460,17472,17473,17472,3,-3
2021-08-03 15:50:56.175,17471,17472,17472,1,1
2021-08-03 15:50:56.310,17472,17473,17473,2,2
2021-08-03 15:50:56.450,17472,17473,17473,3,3
2021-08-03 15:50:57.663,17472,17473,17472,1,-1
2021-08-03 15:50:59.056,17472,17473,17473,2,2
2021-08-03 15:51:04.101,17473,17474,17474,4,4
2021-08-03 15:51:04.313,17473,17474,17474,2,2
2021-08-03 15:51:04.314,17473,17474,17474,1,1
2021-08-03 15:51:05.306,17474,17475,17475,5,5
2021-08-03 15:51:05.636,17475,17476,17475,1,-1
2021-08-03 15:51:19.734,17475,17476,17475,1,-1
2021-08-03 15:51:24.394,17475,17476,17475,1,-1
2021-08-03 15:51:33.174,17475,17476,17475,1,-1
2021-08-03 15:51:33.258,17474,17475,17474,2,-2
2021-08-03 15:52:37.554,17472,17474,17474,2,2
2021-08-03 15:52:38.288,17472,17474,17472,2,-2
2021-08-03 15:52:38.296,17472,17474,17472,5,-5
2021-08-03 15:52:38.296,17472,17474,17471,3,-3
2021-08-03 15:52:38.468,17471,17474,17471,4,-4
2021-08-03 15:52:56.167,17470,17471,17471,2,2
2021-08-03 15:52:56.167,17470,17471,17471,3,3
2021-08-03 15:53:19.767,17470,17471,17470,7,-7
2021-08-03 15:53:31.354,17469,17470,17470,1,1
2021-08-03 15:53:33.757,17469,17470,17470,1,1
2021-08-03 15:53:36.696,17469,17470,17470,1,1
2021-08-03 15:53:39.889,17469,17470,17470,4,4
2021-08-03 15:53:43.694,17469,17470,17469,3,-3
2021-08-03 15:53:52.573,17468,17470,17468,1,-1
2021-08-03 15:54:04.047,17468,17470,17470,1,1
2021-08-03 15:54:04.047,17468,17470,17470,1,1
2021-08-03 15:54:04.047,17468,17470,17470,2,2
2021-08-03 15:54:04.047,17468,17470,17470,2,2
2021-08-03 15:54:08.935,17470,17471,17471,17,17
2021-08-03 15:54:09.215,17471,17472,17470,1,-1
2021-08-03 15:54:10.659,17471,17472,17472,1,1
2021-08-03 15:54:18.289,17471,17472,17472,6,6
2021-08-03 15:54:27.566,17471,17472,17472,1,1
2021-08-03 15:54:33.186,17471,17472,17471,5,-5
2021-08-03 15:54:37.108,17470,17472,17472,3,3
2021-08-03 15:54:43.203,17470,17472,17472,1,1
2021-08-03 15:54:45.561,17470,17471,17470,1,-1
2021-08-03 15:54:45.561,17470,17471,17470,1,-1
2021-08-03 15:54:50.279,17469,17470,17470,1,1
2021-08-03 15:55:01.904,17470,17471,17471,1,1
2021-08-03 15:55:03.516,17470,17471,17471,1,1
2021-08-03 15:55:03.517,17470,17471,17471,3,3
2021-08-03 15:55:08.436,17470,17472,17470,2,-2
2021-08-03 15:55:24.358,17470,17471,17470,1,-1
2021-08-03 15:55:25.425,17469,17471,17469,1,-1
2021-08-03 15:55:27.151,17469,17471,17469,2,-2
2021-08-03 15:55:28.530,17469,17471,17469,1,-1
2021-08-03 15:55:33.898,17469,17471,17469,2,-2
2021-08-03 15:55:49.717,17469,17470,17469,2,-2
2021-08-03 15:55:51.562,17469,17471,17469,1,-1
2021-08-03 15:55:58.041,17469,17470,17470,1,1
2021-08-03 15:57:18.260,17469,17470,17469,1,-1
2021-08-03 15:57:18.605,17469,17470,17469,1,-1
2021-08-03 15:57:18.609,17469,17470,17469,1,-1
2021-08-03 15:57:25.024,17469,17470,17469,2,-2
2021-08-03 15:57:25.048,17469,17470,17469,1,-1
2021-08-03 15:57:28.574,17469,17470,17469,1,-1
2021-08-03 15:57:29.606,17468,17469,17469,5,5
2021-08-03 15:57:29.606,17468,17469,17470,10,10
2021-08-03 15:57:29.708,17470,17471,17470,1,-1
2021-08-03 15:57:36.585,17470,17471,17470,1,-1
2021-08-03 15:57:39.043,17470,17471,17470,1,-1
2021-08-03 15:57:57.576,17470,17471,17471,1,1
2021-08-03 15:58:07.220,17470,17471,17471,1,1
2021-08-03 15:58:28.801,17471,17472,17472,2,2
2021-08-03 15:58:28.802,17471,17472,17472,3,3
2021-08-03 15:58:30.829,17471,17473,17471,5,-5
2021-08-03 15:58:30.880,17471,17473,17471,3,-3
2021-08-03 15:58:30.880,17471,17473,17470,2,-2
2021-08-03 15:58:31.033,17470,17472,17470,3,-3
2021-08-03 15:58:37.379,17470,17471,17471,1,1
2021-08-03 15:58:38.403,17470,17471,17470,2,-2
2021-08-03 15:58:38.404,17470,17471,17470,2,-2
2021-08-03 15:58:38.404,17470,17471,17470,4,-4
2021-08-03 15:58:38.404,17470,17471,17470,1,-1
2021-08-03 15:58:38.404,17470,17471,17470,19,-19
2021-08-03 15:58:38.658,17469,17470,17469,1,-1
2021-08-03 15:58:43.000,17468,17469,17468,7,-7
2021-08-03 15:58:53.646,17467,17468,17467,2,-2
2021-08-03 15:58:53.775,17467,17468,17467,1,-1
2021-08-03 15:59:00.325,17467,17468,17467,1,-1
2021-08-03 15:59:03.475,17467,17468,17468,1,1
2021-08-03 15:59:06.694,17467,17468,17468,1,1
2021-08-03 15:59:16.601,17468,17469,17468,1,-1
2021-08-03 15:59:20.968,17467,17469,17468,1,-1
2021-08-03 15:59:42.922,17467,17468,17468,1,1
2021-08-03 15:59:52.032,17467,17468,17467,11,-11
2021-08-03 15:59:52.215,17466,17468,17466,1,-1
2021-08-03 16:00:00.997,17466,17467,17467,1,1
2021-08-03 16:00:06.080,17467,17468,17468,2,2
2021-08-03 16:00:07.075,17467,17468,17468,1,1
2021-08-03 16:00:07.742,17467,17468,17467,1,-1
2021-08-03 16:00:09.954,17467,17469,17467,1,-1
2021-08-03 16:00:10.241,17467,17469,17467,2,-2
2021-08-03 16:00:10.788,17467,17469,17469,1,1
2021-08-03 16:00:24.469,17469,17470,17470,1,1
2021-08-03 16:00:24.469,17469,17470,17470,1,1
2021-08-03 16:00:29.873,17469,17471,17471,3,3
2021-08-03 16:00:29.996,17470,17472,17470,1,-1
2021-08-03 16:01:16.150,17471,17473,17471,1,1
2021-08-03 16:01:21.739,17471,17473,17471,1,-1
2021-08-03 16:01:21.804,17471,17472,17472,1,1
2021-08-03 16:01:21.804,17471,17472,17472,1,1
2021-08-03 16:01:21.804,17471,17472,17472,1,1
2021-08-03 16:01:21.804,17471,17472,17472,1,1
2021-08-03 16:01:41.065,17472,17473,17473,2,2
2021-08-03 16:01:50.529,17472,17474,17472,1,-1
2021-08-03 16:01:50.553,17472,17474,17474,1,1
2021-08-03 16:01:50.553,17472,17474,17474,1,1
2021-08-03 16:01:50.554,17472,17474,17474,1,1
2021-08-03 16:01:50.554,17472,17474,17474,1,1
2021-08-03 16:01:50.555,17472,17474,17474,1,1
2021-08-03 16:01:50.555,17472,17474,17475,1,1
2021-08-03 16:01:50.556,17472,17474,17475,1,1
2021-08-03 16:01:57.300,17473,17475,17473,1,-1
2021-08-03 16:02:13.073,17473,17475,17473,1,-1
2021-08-03 16:02:13.756,17473,17475,17474,1,1
2021-08-03 16:02:26.661,17473,17474,17474,1,1
2021-08-03 16:02:42.593,17473,17474,17474,1,1
2021-08-03 16:02:44.313,17473,17474,17473,1,-1
2021-08-03 16:02:48.167,17473,17474,17474,1,1
2021-08-03 16:02:49.518,17473,17474,17474,1,1
2021-08-03 16:02:50.391,17473,17475,17475,1,1
2021-08-03 16:02:56.612,17474,17475,17475,1,1
2021-08-03 16:02:59.274,17473,17475,17475,1,1
2021-08-03 16:03:09.688,17473,17475,17475,1,1
2021-08-03 16:03:12.530,17473,17475,17475,1,1
2021-08-03 16:03:28.224,17474,17475,17475,2,2
2021-08-03 16:03:28.224,17474,17475,17475,4,4
2021-08-03 16:03:42.807,17474,17475,17475,1,1
2021-08-03 16:04:18.278,17475,17476,17475,1,-1
2021-08-03 16:04:27.988,17474,17475,17474,2,-2
2021-08-03 16:04:27.988,17474,17475,17474,2,-2
2021-08-03 16:04:49.280,17473,17474,17473,2,-2
2021-08-03 16:05:00.034,17473,17475,17473,1,-1
2021-08-03 16:05:12.693,17473,17475,17473,1,-1
2021-08-03 16:06:00.068,17473,17474,17473,1,-1
2021-08-03 16:06:00.069,17473,17474,17473,4,-4
2021-08-03 16:06:00.953,17472,17473,17472,2,-2
2021-08-03 16:06:01.551,17472,17473,17472,1,-1
2021-08-03 16:06:01.594,17472,17473,17472,2,-2
2021-08-03 16:06:01.796,17472,17473,17472,1,-1
2021-08-03 16:06:02.468,17471,17473,17471,4,-4
2021-08-03 16:06:03.155,17471,17473,17471,5,-5
2021-08-03 16:06:03.473,17471,17473,17471,3,-3
2021-08-03 16:06:07.846,17471,17472,17471,1,-1
2021-08-03 16:06:08.752,17470,17472,17472,1,1
2021-08-03 16:06:08.753,17470,17472,17472,1,1
2021-08-03 16:06:13.949,17472,17473,17472,1,-1
2021-08-03 16:06:19.499,17471,17472,17471,1,-1
2021-08-03 16:06:19.511,17471,17472,17471,1,-1
2021-08-03 16:06:26.723,17471,17472,17471,1,-1
2021-08-03 16:06:26.804,17470,17472,17472,1,1
2021-08-03 16:06:41.793,17470,17471,17471,1,1
2021-08-03 16:06:41.793,17470,17471,17471,1,1
2021-08-03 16:06:42.655,17471,17472,17472,1,1
2021-08-03 16:06:42.682,17472,17473,17474,1,1
2021-08-03 16:06:44.778,17473,17474,17474,1,1
2021-08-03 16:06:48.855,17473,17475,17473,2,-2
2021-08-03 16:06:49.960,17473,17475,17473,1,-1
2021-08-03 16:07:10.912,17473,17474,17474,3,3
2021-08-03 16:07:21.921,17473,17475,17475,10,10
2021-08-03 16:07:22.171,17474,17476,17475,1,-1
2021-08-03 16:07:28.282,17475,17476,17475,1,-1
2021-08-03 16:07:31.721,17475,17476,17475,1,-1
2021-08-03 16:07:32.713,17475,17476,17475,1,-1
2021-08-03 16:07:35.222,17474,17476,17476,1,1
2021-08-03 16:07:47.816,17475,17476,17476,1,1
2021-08-03 16:07:48.261,17475,17476,17476,4,4
2021-08-03 16:08:00.186,17475,17476,17475,1,-1
2021-08-03 16:08:00.186,17475,17476,17475,2,-2
2021-08-03 16:08:00.186,17475,17476,17475,1,-1
2021-08-03 16:08:04.721,17473,17476,17476,6,6
2021-08-03 16:08:27.129,17475,17476,17475,1,-1
2021-08-03 16:08:39.806,17474,17476,17476,2,2
2021-08-03 16:08:55.103,17474,17476,17474,1,-1
2021-08-03 16:09:04.375,17475,17476,17476,2,2
2021-08-03 16:09:04.375,17475,17476,17476,7,7
2021-08-03 16:09:32.394,17474,17475,17475,1,1
2021-08-03 16:09:32.394,17474,17475,17475,4,4
2021-08-03 16:09:36.112,17474,17475,17475,1,1
2021-08-03 16:09:37.761,17475,17476,17475,1,-1
2021-08-03 16:09:39.170,17475,17476,17475,1,-1
2021-08-03 16:09:39.669,17475,17476,17475,2,-2
2021-08-03 16:09:45.243,17474,17475,17475,1,1
2021-08-03 16:10:06.618,17475,17476,17476,7,7
2021-08-03 16:10:07.348,17476,17477,17477,1,1
2021-08-03 16:10:07.440,17476,17477,17477,1,1
2021-08-03 16:10:25.520,17476,17477,17477,1,1
2021-08-03 16:10:29.156,17476,17477,17477,2,2
2021-08-03 16:10:31.493,17475,17477,17477,1,1
2021-08-03 16:10:42.879,17475,17477,17477,1,1
2021-08-03 16:11:15.391,17476,17477,17477,9,9
2021-08-03 16:11:17.377,17477,17478,17478,1,1
2021-08-03 16:11:18.122,17477,17478,17477,1,-1
2021-08-03 16:11:19.149,17477,17478,17477,1,-1
2021-08-03 16:11:21.410,17476,17477,17477,1,1
2021-08-03 16:11:25.035,17476,17478,17477,1,-1
2021-08-03 16:11:27.572,17476,17478,17478,2,2
2021-08-03 16:11:32.311,17477,17478,17477,1,-1
2021-08-03 16:11:35.877,17477,17478,17477,1,-1
2021-08-03 16:11:38.230,17476,17477,17476,11,-11
2021-08-03 16:11:53.507,17475,17477,17477,1,1
2021-08-03 16:12:06.976,17475,17476,17476,1,1
2021-08-03 16:12:10.791,17475,17476,17475,1,-1
2021-08-03 16:12:10.822,17475,17476,17475,1,-1
2021-08-03 16:12:11.130,17475,17476,17475,1,-1
2021-08-03 16:12:11.130,17475,17476,17475,7,-7
2021-08-03 16:12:11.260,17474,17475,17474,1,-1
2021-08-03 16:12:14.856,17474,17475,17475,1,1
2021-08-03 16:12:40.552,17474,17475,17474,4,-4
2021-08-03 16:12:48.338,17473,17474,17473,1,-1
2021-08-03 16:12:50.746,17473,17474,17473,1,-1
2021-08-03 16:12:58.319,17472,17474,17472,1,-1
2021-08-03 16:13:24.716,17472,17473,17472,1,-1
2021-08-03 16:13:40.851,17471,17473,17471,6,-6
2021-08-03 16:13:56.749,17471,17472,17471,1,-1
2021-08-03 16:13:58.526,17471,17472,17471,1,-1
2021-08-03 16:13:59.176,17471,17472,17471,1,-1
2021-08-03 16:14:08.698,17470,17472,17472,2,2
2021-08-03 16:14:11.000,17471,17473,17471,1,-1
2021-08-03 16:14:39.914,17472,17473,17472,3,3
2021-08-03 16:14:39.914,17472,17473,17471,3,-3
2021-08-03 16:14:44.894,17471,17472,17471,2,-2
2021-08-03 16:15:00.250,17471,17472,17471,1,-1
2021-08-03 16:15:14.137,17470,17473,17471,1,-1
2021-08-03 16:15:14.728,17471,17473,17471,2,-2
2021-08-03 16:15:16.969,17471,17473,17471,1,-1
2021-08-03 16:15:17.053,17471,17473,17473,1,1
2021-08-03 16:15:17.054,17471,17473,17473,1,1
2021-08-03 16:15:17.054,17471,17473,17473,1,1
2021-08-03 16:15:17.180,17471,17473,17473,1,1
2021-08-03 16:15:22.004,17472,17474,17472,1,-1
2021-08-03 16:15:31.987,17472,17473,17473,1,1
2021-08-03 16:16:25.997,17471,17473,17471,1,-1
2021-08-03 16:16:26.054,17471,17473,17473,1,1
2021-08-03 16:16:34.942,17471,17472,17472,2,2
2021-08-03 16:16:44.552,17472,17473,17472,1,-1
2021-08-03 16:16:52.475,17472,17473,17472,1,-1
2021-08-03 16:17:00.203,17472,17473,17472,1,-1
2021-08-03 16:17:07.578,17471,17472,17472,1,1
2021-08-03 16:17:30.285,17471,17473,17471,1,-1
2021-08-03 16:17:30.709,17471,17472,17471,1,-1
2021-08-03 16:17:31.389,17471,17472,17472,1,1
2021-08-03 16:18:12.921,17472,17473,17472,1,-1
2021-08-03 16:18:49.744,17472,17473,17472,1,-1
2021-08-03 16:18:51.842,17471,17473,17473,2,2
2021-08-03 16:18:55.535,17471,17472,17471,3,-3
2021-08-03 16:19:15.091,17470,17472,17471,1,-1
2021-08-03 16:19:26.299,17470,17472,17472,1,1
2021-08-03 16:19:57.760,17471,17472,17472,1,1
2021-08-03 16:19:58.221,17471,17472,17472,2,2
2021-08-03 16:20:06.262,17472,17473,17473,2,2
2021-08-03 16:20:06.262,17472,17473,17473,1,1
2021-08-03 16:20:06.262,17472,17473,17473,1,1
2021-08-03 16:20:06.263,17472,17473,17473,2,2
2021-08-03 16:20:06.511,17472,17474,17474,1,1
2021-08-03 16:20:06.511,17472,17474,17475,2,2
2021-08-03 16:20:06.511,17472,17474,17475,2,2
2021-08-03 16:20:06.524,17472,17474,17475,3,3
2021-08-03 16:20:56.911,17474,17475,17474,1,-1
2021-08-03 16:20:56.911,17474,17475,17474,2,-2
2021-08-03 16:21:22.377,17472,17474,17474,2,2
2021-08-03 16:21:31.105,17473,17474,17474,2,2
2021-08-03 16:21:50.711,17473,17474,17474,1,1
2021-08-03 16:22:01.679,17474,17475,17474,2,-2
2021-08-03 16:22:02.465,17474,17475,17475,5,5
2021-08-03 16:22:15.793,17474,17476,17476,1,1
2021-08-03 16:22:17.507,17474,17476,17474,1,-1
2021-08-03 16:22:17.851,17474,17476,17474,1,-1
2021-08-03 16:22:24.925,17474,17476,17474,1,-1
2021-08-03 16:22:38.016,17474,17476,17474,1,-1
2021-08-03 16:22:38.345,17474,17476,17474,2,-2
2021-08-03 16:23:00.008,17475,17476,17475,1,1
2021-08-03 16:23:10.292,17475,17476,17476,1,1
2021-08-03 16:23:11.468,17475,17476,17475,3,-3
2021-08-03 16:23:19.086,17475,17476,17475,1,-1
2021-08-03 16:23:28.328,17475,17476,17475,1,-1
2021-08-03 16:23:39.792,17475,17476,17475,1,-1
2021-08-03 16:23:40.097,17474,17476,17474,1,-1
2021-08-03 16:24:01.281,17474,17475,17474,2,-2
2021-08-03 16:24:06.501,17474,17475,17475,1,1
2021-08-03 16:24:09.596,17475,17476,17475,1,-1
2021-08-03 16:24:44.695,17475,17476,17475,1,-1
2021-08-03 16:24:55.536,17475,17476,17475,1,-1
2021-08-03 16:25:05.026,17475,17476,17476,1,1
2021-08-03 16:25:05.026,17475,17476,17476,1,1
2021-08-03 16:25:05.026,17475,17476,17476,2,2
2021-08-03 16:25:19.293,17476,17477,17477,2,2
2021-08-03 16:25:20.858,17476,17477,17476,1,-1
2021-08-03 16:25:33.392,17476,17477,17476,1,-1
2021-08-03 16:27:12.211,17475,17477,17477,1,1
2021-08-03 16:27:31.551,17475,17477,17477,1,1
2021-08-03 16:27:51.002,17475,17477,17477,3,3
2021-08-03 16:28:01.983,17475,17476,17475,6,-6
2021-08-03 16:28:08.667,17474,17476,17476,2,2
2021-08-03 16:28:09.086,17474,17476,17476,1,1
2021-08-03 16:28:31.625,17474,17476,17476,2,2
2021-08-03 16:28:50.888,17474,17476,17475,1,-1
2021-08-03 16:28:52.097,17474,17475,17474,13,-13
2021-08-03 16:28:52.105,17474,17475,17473,1,-1
2021-08-03 16:28:55.892,17472,17474,17473,1,-1
2021-08-03 16:29:01.547,17472,17473,17472,1,-1
2021-08-03 16:29:02.301,17472,17473,17472,2,-2
2021-08-03 16:29:04.496,17472,17473,17472,1,-1
2021-08-03 16:29:37.899,17472,17474,17472,1,-1
2021-08-03 16:29:38.656,17471,17472,17472,1,1
2021-08-03 16:29:47.893,17471,17472,17472,1,1
2021-08-03 16:29:55.270,17472,17474,17472,1,-1
2021-08-03 16:30:22.825,17472,17474,17472,2,-2
2021-08-03 16:30:23.236,17472,17474,17474,1,1
2021-08-03 16:30:23.237,17472,17474,17474,1,1
2021-08-03 16:30:23.284,17472,17474,17474,1,1
2021-08-03 16:30:23.293,17472,17474,17474,1,1
2021-08-03 16:30:23.293,17472,17474,17475,1,1
2021-08-03 16:30:23.307,17473,17475,17475,1,1
2021-08-03 16:30:23.558,17473,17475,17475,5,5
2021-08-03 16:30:23.783,17473,17475,17475,1,1
2021-08-03 16:30:23.838,17473,17475,17475,1,1
2021-08-03 16:30:33.269,17475,17476,17476,2,2
2021-08-03 16:31:19.688,17474,17476,17476,1,1
2021-08-03 16:31:27.569,17474,17476,17476,10,10
2021-08-03 16:31:39.127,17474,17476,17476,3,3
2021-08-03 16:31:39.127,17474,17476,17477,7,7
2021-08-03 16:32:11.723,17476,17477,17476,1,-1
2021-08-03 16:32:11.723,17476,17477,17476,1,-1
2021-08-03 16:32:32.009,17476,17477,17476,1,-1
2021-08-03 16:32:46.325,17476,17477,17477,7,7
2021-08-03 16:32:46.326,17476,17477,17477,1,1
2021-08-03 16:32:46.441,17477,17478,17478,2,2
2021-08-03 16:32:46.441,17477,17478,17478,3,3
2021-08-03 16:32:46.441,17477,17478,17478,3,3
2021-08-03 16:32:46.441,17477,17478,17478,6,6
2021-08-03 16:32:46.605,17478,17479,17479,5,5
2021-08-03 16:32:51.812,17478,17479,17479,1,1
2021-08-03 16:33:03.154,17478,17479,17479,1,1
2021-08-03 16:33:04.967,17478,17479,17479,2,2
2021-08-03 16:33:08.427,17479,17480,17480,1,1
2021-08-03 16:33:08.579,17479,17480,17480,3,3
2021-08-03 16:33:08.690,17479,17480,17480,1,1
2021-08-03 16:33:09.649,17479,17480,17480,5,5
2021-08-03 16:33:12.903,17479,17480,17479,1,-1
2021-08-03 16:33:27.245,17479,17480,17479,1,-1
2021-08-03 16:33:27.245,17479,17480,17479,2,-2
2021-08-03 16:33:40.722,17478,17479,17479,1,1
2021-08-03 16:33:47.695,17478,17479,17479,3,3
2021-08-03 16:33:54.196,17478,17479,17479,1,1
2021-08-03 16:33:54.450,17478,17479,17478,2,-2
2021-08-03 16:33:54.450,17478,17479,17478,2,-2
2021-08-03 16:33:54.450,17478,17479,17478,2,-2
2021-08-03 16:33:54.466,17478,17479,17478,2,-2
2021-08-03 16:33:58.751,17478,17479,17478,1,-1
2021-08-03 16:33:58.779,17478,17479,17477,2,-2
2021-08-03 16:33:59.593,17476,17478,17478,1,1
2021-08-03 16:34:11.639,17476,17478,17478,1,1
2021-08-03 16:34:29.091,17477,17478,17477,1,-1
2021-08-03 16:34:39.837,17478,17479,17479,1,1
2021-08-03 16:34:48.899,17478,17479,17478,1,-1
2021-08-03 16:34:52.746,17478,17479,17479,7,7
2021-08-03 16:35:03.456,17479,17480,17480,5,5
2021-08-03 16:35:03.456,17479,17480,17480,1,1
2021-08-03 16:35:03.456,17479,17480,17480,1,1
2021-08-03 16:35:03.456,17479,17480,17480,2,2
2021-08-03 16:35:03.456,17479,17480,17480,3,3
2021-08-03 16:35:03.923,17480,17481,17481,2,2
2021-08-03 16:35:03.924,17480,17481,17481,3,3
2021-08-03 16:35:03.938,17480,17482,17482,1,1
2021-08-03 16:35:03.943,17480,17482,17482,5,5
2021-08-03 16:35:03.944,17480,17482,17482,2,2
2021-08-03 16:35:03.961,17480,17482,17482,1,1
2021-08-03 16:35:12.254,17480,17482,17482,2,2
2021-08-03 16:35:14.363,17481,17482,17481,1,-1
2021-08-03 16:35:15.256,17479,17482,17482,12,12
2021-08-03 16:35:32.951,17481,17482,17482,1,1
2021-08-03 16:35:35.712,17481,17482,17482,1,1
2021-08-03 16:35:37.483,17481,17482,17482,2,2
2021-08-03 16:35:41.173,17481,17482,17482,1,1
2021-08-03 16:35:44.665,17481,17482,17482,2,2
2021-08-03 16:35:45.729,17482,17483,17482,1,-1
2021-08-03 16:35:47.838,17481,17483,17482,1,-1
2021-08-03 16:35:49.218,17481,17483,17482,1,-1
2021-08-03 16:35:49.608,17481,17483,17482,1,-1
2021-08-03 16:35:53.920,17481,17482,17482,3,3
2021-08-03 16:35:53.921,17481,17482,17482,2,2
2021-08-03 16:35:55.037,17482,17483,17482,1,-1
2021-08-03 16:35:55.685,17481,17482,17482,1,1
2021-08-03 16:35:55.687,17481,17482,17482,1,1
2021-08-03 16:35:55.960,17481,17483,17482,1,-1
2021-08-03 16:35:57.038,17481,17482,17481,1,-1
2021-08-03 16:35:57.038,17481,17482,17481,4,-4
2021-08-03 16:35:57.039,17481,17482,17481,16,-16
2021-08-03 16:35:57.039,17481,17482,17481,4,-4
2021-08-03 16:35:57.039,17481,17482,17481,2,-2
2021-08-03 16:35:57.039,17481,17482,17481,4,-4
2021-08-03 16:35:57.040,17481,17482,17480,1,-1
2021-08-03 16:35:57.040,17481,17482,17480,2,-2
2021-08-03 16:35:59.935,17479,17480,17479,1,-1
2021-08-03 16:36:01.392,17479,17480,17480,1,1
2021-08-03 16:36:01.525,17479,17481,17479,1,-1
2021-08-03 16:36:02.795,17479,17481,17479,1,-1
2021-08-03 16:36:26.314,17479,17480,17479,12,-12
2021-08-03 16:36:40.547,17478,17479,17479,1,1
2021-08-03 16:36:46.636,17477,17479,17479,1,1
2021-08-03 16:36:58.351,17479,17480,17479,1,-1
2021-08-03 16:37:01.914,17478,17480,17479,1,-1
2021-08-03 16:37:35.028,17477,17479,17479,1,1
2021-08-03 16:38:05.228,17477,17479,17477,1,-1
2021-08-03 16:38:05.635,17477,17479,17477,3,-3
2021-08-03 16:38:05.635,17477,17479,17477,5,-5
2021-08-03 16:38:05.636,17477,17479,17477,2,-2
2021-08-03 16:38:12.996,17476,17478,17476,2,-2
2021-08-03 16:38:17.418,17476,17477,17476,1,-1
2021-08-03 16:38:25.115,17476,17477,17476,1,-1
2021-08-03 16:38:25.115,17476,17477,17475,1,-1
2021-08-03 16:38:25.890,17475,17476,17476,1,1
2021-08-03 16:38:44.938,17475,17476,17476,4,4
2021-08-03 16:38:53.226,17475,17476,17476,7,7
2021-08-03 16:39:02.595,17475,17476,17475,1,-1
2021-08-03 16:39:06.558,17475,17476,17476,1,1
2021-08-03 16:39:18.812,17476,17477,17477,2,2
2021-08-03 16:39:35.205,17476,17477,17476,1,-1
2021-08-03 16:39:43.461,17476,17477,17476,1,-1
2021-08-03 16:39:59.696,17475,17476,17476,1,1
2021-08-03 16:40:06.675,17476,17477,17476,6,-6
2021-08-03 16:40:06.675,17476,17477,17476,2,-2
2021-08-03 16:40:06.675,17476,17477,17476,1,-1
2021-08-03 16:40:12.809,17475,17476,17475,7,-7
2021-08-03 16:40:33.609,17474,17475,17475,1,1
2021-08-03 16:40:42.634,17474,17475,17475,1,1
2021-08-03 16:40:46.238,17474,17476,17474,1,-1
2021-08-03 16:40:55.633,17474,17475,17474,1,-1
2021-08-03 16:40:59.234,17474,17475,17475,1,1
2021-08-03 16:40:59.234,17474,17475,17475,2,2
2021-08-03 16:40:59.544,17474,17476,17474,2,-2
2021-08-03 16:41:09.192,17474,17475,17475,1,1
2021-08-03 16:41:27.939,17474,17476,17474,2,-2
2021-08-03 16:41:35.175,17474,17475,17474,1,-1
2021-08-03 16:41:35.175,17474,17475,17473,1,-1
2021-08-03 16:41:36.086,17473,17475,17475,1,1
2021-08-03 16:42:47.213,17474,17475,17474,1,-1
2021-08-03 16:42:47.213,17474,17475,17474,1,-1
2021-08-03 16:43:07.915,17473,17474,17473,7,-7
2021-08-03 16:43:20.695,17472,17473,17473,3,3
2021-08-03 16:43:21.314,17472,17473,17472,1,-1
2021-08-03 16:43:23.416,17472,17473,17473,11,11
2021-08-03 16:43:23.416,17472,17473,17473,1,1
2021-08-03 16:43:23.416,17472,17473,17473,1,1
2021-08-03 16:43:23.416,17472,17473,17473,2,2
2021-08-03 16:44:02.217,17473,17474,17473,2,-2
2021-08-03 16:44:02.717,17473,17474,17474,1,1
2021-08-03 16:44:18.211,17474,17475,17474,1,-1
2021-08-03 16:44:33.453,17474,17475,17474,1,-1
2021-08-03 16:45:00.940,17474,17475,17474,2,-2
2021-08-03 16:45:19.434,17474,17475,17475,1,1
2021-08-03 16:45:19.627,17474,17475,17474,1,-1
2021-08-03 16:45:20.218,17474,17475,17474,1,-1
2021-08-03 16:45:20.263,17474,17475,17475,1,1
2021-08-03 16:45:20.263,17474,17475,17475,1,1
2021-08-03 16:45:20.264,17474,17475,17475,2,2
2021-08-03 16:45:41.202,17474,17475,17474,1,-1
2021-08-03 16:45:43.936,17474,17475,17474,1,-1
2021-08-03 16:45:44.896,17474,17475,17474,1,-1
2021-08-03 16:46:02.715,17473,17474,17474,1,1
2021-08-03 16:46:07.662,17474,17475,17474,1,-1
