2022-03-25 15:00:00,17629,17630,17629,1,-1
2022-03-25 15:00:00,17628,17630,17628,1,-1
2022-03-25 15:00:00,17628,17630,17629,1,1
2022-03-25 15:00:00,17628,17630,17630,1,1
2022-03-25 15:00:00,17628,17630,17628,1,-1
2022-03-25 15:00:00,17626,17630,17630,2,2
2022-03-25 15:00:00,17626,17630,17626,1,-1
2022-03-25 15:00:00,17626,17630,17625,1,-1
2022-03-25 15:00:00,17626,17630,17626,1,-1
2022-03-25 15:00:00,17625,17630,17630,2,2
2022-03-25 15:00:00,17626,17630,17625,1,-1
2022-03-25 15:00:00,17626,17630,17626,1,-1
2022-03-25 15:00:00,17626,17630,17630,1,1
2022-03-25 15:00:00,17626,17630,17630,1,1
2022-03-25 15:00:00,17626,17630,17629,1,1
2022-03-25 15:00:00,17627,17630,17630,2,2
2022-03-25 15:00:00,17627,17630,17631,4,4
2022-03-25 15:00:00,17627,17630,17632,3,3
2022-03-25 15:00:00,17627,17630,17629,1,1
2022-03-25 15:00:01,17628,17631,17626,1,-1
2022-03-25 15:00:01,17628,17631,17628,2,-2
2022-03-25 15:00:01,17628,17631,17627,3,-3
2022-03-25 15:00:01,17628,17631,17629,1,-1
2022-03-25 15:00:01,17628,17631,17630,1,1
2022-03-25 15:00:01,17627,17630,17626,1,-1
2022-03-25 15:00:01,17627,17630,17625,2,-2
2022-03-25 15:00:01,17627,17630,17627,1,-1
2022-03-25 15:00:01,17625,17628,17625,4,-4
2022-03-25 15:00:01,17625,17628,17627,1,1
2022-03-25 15:00:01,17625,17628,17628,1,1
2022-03-25 15:00:01,17625,17628,17625,2,-2
2022-03-25 15:00:01,17625,17628,17624,2,-2
2022-03-25 15:00:01,17624,17627,17624,4,-4
2022-03-25 15:00:01,17624,17627,17628,1,1
2022-03-25 15:00:01,17628,17629,17627,2,-2
2022-03-25 15:00:01,17628,17629,17628,1,-1
2022-03-25 15:00:02,17627,17629,17629,1,1
2022-03-25 15:00:02,17627,17629,17628,1,1
2022-03-25 15:00:02,17627,17629,17628,1,1
2022-03-25 15:00:02,17627,17629,17627,1,-1
2022-03-25 15:00:03,17627,17629,17629,1,1
2022-03-25 15:00:03,17627,17629,17629,3,3
2022-03-25 15:00:07,17628,17629,17629,1,1
2022-03-25 15:00:07,17628,17629,17628,2,-2
2022-03-25 15:00:07,17628,17629,17628,1,-1
2022-03-25 15:00:07,17627,17629,17629,7,7
2022-03-25 15:00:11,17629,17630,17630,2,2
2022-03-25 15:00:13,17629,17630,17629,2,-2
2022-03-25 15:00:14,17629,17630,17629,1,-1
2022-03-25 15:00:15,17629,17630,17630,2,2
2022-03-25 15:00:16,17629,17630,17629,1,-1
2022-03-25 15:00:16,17629,17630,17629,1,-1
2022-03-25 15:00:16,17629,17630,17628,4,-4
2022-03-25 15:00:16,17629,17630,17629,1,-1
2022-03-25 15:00:16,17628,17630,17628,2,-2
2022-03-25 15:00:16,17628,17630,17628,1,-1
2022-03-25 15:00:17,17628,17629,17628,4,-4
2022-03-25 15:00:17,17628,17629,17628,3,-3
2022-03-25 15:00:17,17628,17629,17628,1,-1
2022-03-25 15:00:18,17628,17629,17628,1,-1
2022-03-25 15:00:19,17628,17629,17628,1,-1
2022-03-25 15:00:20,17627,17628,17628,1,1
2022-03-25 15:00:20,17628,17629,17628,1,-1
2022-03-25 15:00:20,17628,17629,17628,1,-1
2022-03-25 15:00:22,17628,17629,17629,7,7
2022-03-25 15:00:22,17628,17629,17629,2,2
2022-03-25 15:00:23,17629,17630,17629,1,-1
2022-03-25 15:00:23,17629,17630,17629,1,-1
2022-03-25 15:00:24,17629,17630,17629,1,-1
2022-03-25 15:00:24,17629,17630,17630,4,4
2022-03-25 15:00:25,17630,17631,17630,1,-1
2022-03-25 15:00:26,17630,17631,17631,1,1
2022-03-25 15:00:26,17630,17631,17632,1,1
2022-03-25 15:00:28,17630,17632,17630,2,-2
2022-03-25 15:00:29,17630,17632,17632,1,1
2022-03-25 15:00:31,17630,17632,17632,1,1
2022-03-25 15:00:36,17630,17631,17631,2,2
2022-03-25 15:00:39,17630,17631,17631,2,2
2022-03-25 15:00:43,17631,17632,17632,3,3
2022-03-25 15:00:43,17631,17632,17633,2,2
2022-03-25 15:00:46,17631,17633,17631,1,-1
2022-03-25 15:00:48,17631,17633,17631,2,-2
2022-03-25 15:00:49,17631,17632,17632,1,1
2022-03-25 15:00:52,17631,17632,17631,1,-1
2022-03-25 15:00:52,17631,17632,17631,2,-2
2022-03-25 15:00:52,17631,17632,17631,1,-1
2022-03-25 15:00:53,17630,17631,17631,1,1
2022-03-25 15:00:53,17630,17631,17630,1,-1
2022-03-25 15:00:53,17630,17631,17630,4,-4
2022-03-25 15:00:53,17630,17631,17629,1,-1
2022-03-25 15:00:54,17628,17629,17630,3,3
2022-03-25 15:00:54,17628,17629,17629,1,1
2022-03-25 15:00:56,17628,17630,17630,1,1
2022-03-25 15:00:57,17628,17630,17628,3,-3
2022-03-25 15:00:57,17627,17629,17627,1,-1
2022-03-25 15:00:57,17627,17629,17627,1,-1
2022-03-25 15:00:57,17627,17629,17627,1,-1
2022-03-25 15:00:57,17627,17629,17627,2,-2
2022-03-25 15:01:01,17626,17628,17626,2,-2
2022-03-25 15:01:01,17626,17628,17626,1,-1
2022-03-25 15:01:04,17626,17628,17626,1,-1
2022-03-25 15:01:04,17626,17628,17626,2,-2
2022-03-25 15:01:04,17626,17628,17626,9,-9
2022-03-25 15:01:04,17625,17627,17627,1,1
2022-03-25 15:01:04,17625,17627,17625,3,-3
2022-03-25 15:01:05,17625,17627,17627,1,1
2022-03-25 15:01:05,17625,17627,17627,3,3
2022-03-25 15:01:06,17626,17628,17626,1,-1
2022-03-25 15:01:08,17625,17627,17626,1,1
2022-03-25 15:01:08,17625,17627,17627,1,1
2022-03-25 15:01:08,17625,17627,17627,1,1
2022-03-25 15:01:08,17625,17627,17627,1,1
2022-03-25 15:01:08,17625,17627,17628,1,1
2022-03-25 15:01:09,17626,17627,17626,1,-1
2022-03-25 15:01:12,17625,17626,17625,1,-1
2022-03-25 15:01:18,17625,17626,17626,2,2
2022-03-25 15:01:19,17625,17626,17625,1,-1
2022-03-25 15:01:19,17625,17626,17626,1,1
2022-03-25 15:01:19,17625,17626,17626,1,1
2022-03-25 15:01:19,17625,17626,17627,1,1
2022-03-25 15:01:21,17626,17627,17626,1,-1
2022-03-25 15:01:25,17626,17627,17626,1,-1
2022-03-25 15:01:25,17626,17627,17626,1,-1
2022-03-25 15:01:25,17626,17627,17626,2,-2
2022-03-25 15:01:25,17626,17627,17626,1,-1
2022-03-25 15:01:27,17626,17627,17628,5,5
2022-03-25 15:01:27,17626,17627,17627,1,1
2022-03-25 15:01:27,17626,17627,17629,1,1
2022-03-25 15:01:28,17627,17629,17627,1,-1
2022-03-25 15:01:28,17626,17629,17629,1,1
2022-03-25 15:01:28,17626,17629,17629,1,1
2022-03-25 15:01:28,17626,17629,17629,1,1
2022-03-25 15:01:28,17626,17629,17629,1,1
2022-03-25 15:01:28,17626,17629,17629,1,1
2022-03-25 15:01:28,17626,17629,17629,1,1
2022-03-25 15:01:28,17627,17628,17627,1,-1
2022-03-25 15:01:33,17625,17626,17625,1,-1
2022-03-25 15:01:36,17625,17626,17625,1,-1
2022-03-25 15:01:36,17625,17626,17625,6,-6
2022-03-25 15:01:36,17625,17626,17625,1,-1
2022-03-25 15:01:40,17624,17625,17624,3,-3
2022-03-25 15:01:41,17623,17624,17624,1,1
2022-03-25 15:01:41,17623,17624,17624,1,1
2022-03-25 15:01:41,17623,17624,17624,1,1
2022-03-25 15:01:41,17623,17624,17624,1,1
2022-03-25 15:01:41,17623,17624,17624,1,1
2022-03-25 15:01:41,17623,17624,17624,4,4
2022-03-25 15:01:41,17623,17624,17625,1,1
2022-03-25 15:01:41,17624,17625,17624,1,-1
2022-03-25 15:01:44,17624,17625,17624,1,-1
2022-03-25 15:01:44,17624,17625,17625,9,9
2022-03-25 15:01:45,17625,17626,17625,1,-1
2022-03-25 15:01:45,17625,17626,17625,1,-1
2022-03-25 15:01:46,17625,17626,17624,4,-4
2022-03-25 15:01:46,17625,17626,17625,2,-2
2022-03-25 15:01:49,17625,17626,17625,1,-1
2022-03-25 15:01:49,17625,17626,17625,1,-1
2022-03-25 15:01:50,17625,17626,17626,1,1
2022-03-25 15:01:55,17626,17629,17626,2,-2
2022-03-25 15:01:57,17626,17628,17626,1,-1
2022-03-25 15:01:58,17627,17629,17627,1,-1
2022-03-25 15:01:58,17627,17629,17626,5,-5
2022-03-25 15:02:06,17626,17628,17626,1,-1
2022-03-25 15:02:13,17626,17627,17626,1,-1
2022-03-25 15:02:18,17626,17627,17626,1,-1
2022-03-25 15:02:23,17626,17627,17627,1,1
2022-03-25 15:02:23,17626,17627,17627,1,1
2022-03-25 15:02:24,17626,17628,17626,1,-1
2022-03-25 15:02:27,17626,17627,17627,1,1
2022-03-25 15:02:29,17627,17628,17627,1,-1
2022-03-25 15:02:32,17627,17628,17628,3,3
2022-03-25 15:02:32,17627,17628,17629,10,10
2022-03-25 15:02:32,17629,17630,17630,1,1
2022-03-25 15:02:32,17629,17630,17630,1,1
2022-03-25 15:02:35,17629,17630,17629,1,-1
2022-03-25 15:02:37,17629,17630,17630,1,1
2022-03-25 15:02:39,17629,17630,17629,1,-1
2022-03-25 15:02:39,17629,17630,17630,2,2
2022-03-25 15:02:40,17629,17630,17630,1,1
2022-03-25 15:02:40,17629,17630,17630,2,2
2022-03-25 15:02:42,17630,17631,17631,1,1
2022-03-25 15:02:42,17630,17631,17631,3,3
2022-03-25 15:02:42,17631,17632,17631,1,-1
2022-03-25 15:02:45,17631,17632,17631,1,-1
2022-03-25 15:02:45,17631,17632,17631,2,-2
2022-03-25 15:02:46,17631,17632,17631,1,-1
2022-03-25 15:02:47,17631,17632,17631,1,-1
2022-03-25 15:02:49,17631,17632,17631,2,-2
2022-03-25 15:02:50,17631,17632,17631,2,-2
2022-03-25 15:02:53,17630,17631,17631,1,1
2022-03-25 15:02:57,17630,17631,17631,1,1
2022-03-25 15:02:58,17630,17631,17630,2,-2
2022-03-25 15:02:58,17630,17631,17630,6,-6
2022-03-25 15:03:00,17629,17630,17629,1,-1
2022-03-25 15:03:00,17629,17630,17630,1,1
2022-03-25 15:03:00,17629,17630,17629,1,-1
2022-03-25 15:03:01,17629,17630,17630,1,1
2022-03-25 15:03:03,17629,17630,17630,2,2
2022-03-25 15:03:03,17629,17631,17629,1,-1
2022-03-25 15:03:15,17630,17631,17630,1,-1
2022-03-25 15:03:15,17629,17630,17629,1,-1
2022-03-25 15:03:15,17629,17631,17629,1,-1
2022-03-25 15:03:17,17629,17630,17630,1,1
2022-03-25 15:03:24,17629,17630,17630,1,1
2022-03-25 15:03:25,17629,17631,17631,1,1
2022-03-25 15:03:29,17629,17630,17630,2,2
2022-03-25 15:03:35,17629,17630,17629,3,-3
2022-03-25 15:03:35,17629,17630,17629,1,-1
2022-03-25 15:03:35,17629,17630,17629,1,-1
2022-03-25 15:03:35,17629,17630,17629,14,-14
2022-03-25 15:03:35,17629,17630,17629,4,-4
2022-03-25 15:03:35,17629,17630,17629,1,-1
2022-03-25 15:03:35,17629,17630,17629,1,-1
2022-03-25 15:03:35,17629,17630,17629,1,-1
2022-03-25 15:03:35,17629,17630,17629,1,-1
2022-03-25 15:03:35,17629,17630,17629,3,-3
2022-03-25 15:03:35,17628,17629,17629,1,1
2022-03-25 15:03:43,17628,17629,17628,1,-1
2022-03-25 15:03:44,17628,17629,17628,1,-1
2022-03-25 15:03:46,17628,17629,17629,1,1
2022-03-25 15:03:47,17628,17629,17629,1,1
2022-03-25 15:03:54,17629,17630,17630,3,3
2022-03-25 15:03:55,17630,17631,17631,1,1
2022-03-25 15:03:55,17630,17631,17631,2,2
2022-03-25 15:03:55,17630,17631,17631,3,3
2022-03-25 15:04:00,17631,17632,17632,1,1
2022-03-25 15:04:04,17631,17632,17631,1,-1
2022-03-25 15:04:04,17631,17632,17631,1,-1
2022-03-25 15:04:07,17631,17632,17632,1,1
2022-03-25 15:04:07,17631,17632,17631,1,-1
2022-03-25 15:04:07,17631,17632,17632,1,1
2022-03-25 15:04:09,17631,17632,17631,1,-1
2022-03-25 15:04:09,17631,17632,17631,1,-1
2022-03-25 15:04:09,17630,17631,17631,1,1
2022-03-25 15:04:10,17630,17631,17631,1,1
2022-03-25 15:04:11,17630,17632,17630,1,-1
2022-03-25 15:04:11,17630,17632,17632,1,1
2022-03-25 15:04:12,17630,17631,17631,1,1
2022-03-25 15:04:14,17630,17631,17631,1,1
2022-03-25 15:04:20,17630,17631,17631,1,1
2022-03-25 15:04:22,17630,17631,17630,1,-1
2022-03-25 15:04:25,17630,17631,17630,1,-1
2022-03-25 15:04:25,17630,17631,17630,1,-1
2022-03-25 15:04:26,17630,17631,17630,1,-1
2022-03-25 15:04:27,17630,17631,17631,1,1
2022-03-25 15:04:28,17631,17632,17631,1,-1
2022-03-25 15:04:28,17631,17632,17632,13,13
2022-03-25 15:04:31,17632,17633,17632,1,-1
2022-03-25 15:04:31,17632,17633,17633,1,1
2022-03-25 15:04:32,17632,17633,17633,1,1
2022-03-25 15:04:38,17632,17633,17633,1,1
2022-03-25 15:04:38,17632,17633,17633,1,1
2022-03-25 15:04:38,17632,17633,17633,1,1
2022-03-25 15:04:38,17632,17633,17633,4,4
2022-03-25 15:04:38,17632,17633,17633,2,2
2022-03-25 15:04:38,17632,17633,17633,1,1
2022-03-25 15:04:38,17633,17634,17634,5,5
2022-03-25 15:04:38,17633,17634,17634,2,2
2022-03-25 15:04:38,17633,17634,17634,1,1
2022-03-25 15:04:38,17633,17634,17634,1,1
2022-03-25 15:04:39,17634,17635,17635,1,1
2022-03-25 15:04:39,17634,17635,17635,1,1
2022-03-25 15:04:39,17634,17635,17635,23,23
2022-03-25 15:04:39,17634,17635,17636,1,1
2022-03-25 15:04:39,17634,17635,17636,1,1
2022-03-25 15:04:39,17634,17635,17636,1,1
2022-03-25 15:04:39,17634,17635,17636,1,1
2022-03-25 15:04:39,17634,17635,17636,1,1
2022-03-25 15:04:40,17635,17636,17636,1,1
2022-03-25 15:04:40,17635,17636,17636,1,1
2022-03-25 15:04:41,17635,17637,17638,9,9
2022-03-25 15:04:41,17635,17637,17637,17,17
2022-03-25 15:04:41,17636,17638,17638,1,1
2022-03-25 15:04:42,17636,17638,17638,2,2
2022-03-25 15:04:43,17637,17638,17638,1,1
2022-03-25 15:04:43,17637,17638,17639,2,2
2022-03-25 15:04:44,17636,17638,17638,1,1
2022-03-25 15:04:48,17635,17636,17635,2,-2
2022-03-25 15:04:48,17635,17636,17635,1,-1
2022-03-25 15:04:48,17635,17636,17635,2,-2
2022-03-25 15:04:49,17634,17635,17634,1,-1
2022-03-25 15:04:49,17634,17635,17634,1,-1
2022-03-25 15:04:53,17633,17634,17633,1,-1
2022-03-25 15:04:54,17633,17634,17634,1,1
2022-03-25 15:05:00,17633,17634,17634,2,2
2022-03-25 15:05:01,17633,17634,17634,1,1
2022-03-25 15:05:02,17633,17634,17634,2,2
2022-03-25 15:05:02,17633,17634,17633,2,-2
2022-03-25 15:05:04,17633,17634,17634,1,1
2022-03-25 15:05:05,17633,17634,17634,2,2
2022-03-25 15:05:05,17633,17634,17634,1,1
2022-03-25 15:05:06,17633,17634,17633,1,-1
2022-03-25 15:05:07,17633,17634,17633,1,-1
2022-03-25 15:05:08,17633,17634,17633,1,-1
2022-03-25 15:05:08,17633,17634,17633,1,-1
2022-03-25 15:05:08,17633,17634,17633,2,-2
2022-03-25 15:05:08,17633,17634,17633,1,-1
2022-03-25 15:05:08,17633,17634,17633,1,-1
2022-03-25 15:05:08,17633,17634,17633,1,-1
2022-03-25 15:05:08,17633,17634,17633,1,-1
2022-03-25 15:05:08,17633,17634,17632,4,-4
2022-03-25 15:05:08,17631,17632,17632,1,1
2022-03-25 15:05:08,17631,17632,17631,2,-2
2022-03-25 15:05:09,17630,17632,17632,1,1
2022-03-25 15:05:10,17631,17632,17632,1,1
2022-03-25 15:05:12,17631,17632,17630,1,-1
2022-03-25 15:05:12,17631,17632,17631,1,-1
2022-03-25 15:05:20,17631,17632,17632,1,1
2022-03-25 15:05:21,17631,17632,17632,1,1
2022-03-25 15:05:25,17631,17632,17631,2,-2
2022-03-25 15:05:26,17631,17632,17631,2,-2
2022-03-25 15:05:31,17631,17632,17632,2,2
2022-03-25 15:05:39,17631,17632,17632,2,2
2022-03-25 15:05:39,17632,17633,17632,1,-1
2022-03-25 15:05:43,17632,17633,17632,1,-1
2022-03-25 15:05:43,17632,17633,17633,1,1
2022-03-25 15:05:50,17632,17633,17632,1,-1
2022-03-25 15:05:51,17631,17632,17632,1,1
2022-03-25 15:05:52,17631,17632,17631,3,-3
2022-03-25 15:05:52,17631,17632,17631,3,-3
2022-03-25 15:05:52,17631,17632,17631,3,-3
2022-03-25 15:05:56,17630,17631,17630,1,-1
2022-03-25 15:05:57,17630,17631,17631,1,1
2022-03-25 15:06:05,17630,17631,17630,1,-1
2022-03-25 15:06:05,17630,17631,17631,2,2
2022-03-25 15:06:05,17630,17631,17632,1,1
2022-03-25 15:06:05,17630,17631,17630,1,-1
2022-03-25 15:06:05,17630,17632,17632,2,2
2022-03-25 15:06:05,17630,17632,17632,1,1
2022-03-25 15:06:06,17631,17632,17632,2,2
2022-03-25 15:06:07,17630,17632,17632,2,2
2022-03-25 15:06:08,17630,17632,17630,1,-1
2022-03-25 15:06:11,17631,17632,17631,1,-1
2022-03-25 15:06:12,17631,17632,17631,1,-1
2022-03-25 15:06:16,17631,17632,17631,6,-6
2022-03-25 15:06:17,17631,17632,17631,1,-1
2022-03-25 15:06:19,17631,17632,17631,1,-1
2022-03-25 15:06:20,17631,17632,17631,1,-1
2022-03-25 15:06:30,17631,17632,17631,1,-1
2022-03-25 15:06:33,17631,17632,17632,1,1
2022-03-25 15:06:33,17631,17632,17632,3,3
2022-03-25 15:06:35,17632,17633,17632,1,-1
2022-03-25 15:06:52,17632,17633,17633,1,1
2022-03-25 15:06:53,17632,17633,17632,1,-1
2022-03-25 15:06:53,17632,17633,17633,1,1
2022-03-25 15:06:53,17632,17633,17632,2,-2
2022-03-25 15:07:02,17632,17633,17633,1,1
2022-03-25 15:07:02,17632,17633,17632,1,-1
2022-03-25 15:07:05,17631,17632,17631,12,-12
2022-03-25 15:07:05,17631,17632,17631,1,-1
2022-03-25 15:07:05,17631,17632,17631,1,-1
2022-03-25 15:07:08,17630,17631,17631,1,1
2022-03-25 15:07:09,17630,17631,17631,1,1
2022-03-25 15:07:13,17631,17632,17631,1,-1
2022-03-25 15:07:17,17630,17631,17630,1,-1
2022-03-25 15:07:17,17630,17631,17630,1,-1
2022-03-25 15:07:17,17630,17631,17630,1,-1
2022-03-25 15:07:17,17630,17631,17630,1,-1
2022-03-25 15:07:17,17630,17631,17630,2,-2
2022-03-25 15:07:19,17629,17630,17629,1,-1
2022-03-25 15:07:19,17629,17630,17628,7,-7
2022-03-25 15:07:19,17629,17630,17628,6,-6
2022-03-25 15:07:19,17629,17630,17628,1,-1
2022-03-25 15:07:28,17627,17628,17628,1,1
2022-03-25 15:07:28,17627,17628,17627,1,-1
2022-03-25 15:07:35,17627,17628,17627,1,-1
2022-03-25 15:07:39,17627,17628,17627,2,-2
2022-03-25 15:07:39,17627,17628,17627,3,-3
2022-03-25 15:07:40,17626,17627,17626,4,-4
2022-03-25 15:07:40,17626,17627,17625,1,-1
2022-03-25 15:07:40,17625,17626,17625,3,-3
2022-03-25 15:07:41,17625,17626,17625,1,-1
2022-03-25 15:07:44,17625,17626,17625,2,-2
2022-03-25 15:07:44,17625,17626,17625,3,-3
2022-03-25 15:07:44,17624,17625,17624,1,-1
2022-03-25 15:07:45,17624,17625,17624,1,-1
2022-03-25 15:07:45,17624,17625,17624,1,-1
2022-03-25 15:07:48,17624,17625,17624,3,-3
2022-03-25 15:07:48,17623,17624,17624,1,1
2022-03-25 15:07:48,17623,17624,17623,5,-5
2022-03-25 15:07:48,17623,17624,17623,8,-8
2022-03-25 15:07:48,17623,17624,17623,2,-2
2022-03-25 15:07:48,17622,17623,17622,1,-1
2022-03-25 15:07:49,17622,17623,17621,1,-1
2022-03-25 15:07:49,17622,17623,17622,3,-3
2022-03-25 15:07:49,17621,17623,17621,2,-2
2022-03-25 15:07:49,17621,17623,17621,1,-1
2022-03-25 15:07:50,17621,17623,17621,2,-2
2022-03-25 15:07:51,17621,17622,17621,1,-1
2022-03-25 15:07:51,17621,17622,17621,1,-1
2022-03-25 15:07:51,17621,17622,17621,2,-2
2022-03-25 15:07:52,17621,17622,17621,1,-1
2022-03-25 15:07:52,17621,17622,17621,1,-1
2022-03-25 15:07:53,17621,17622,17621,2,-2
2022-03-25 15:07:53,17621,17622,17622,1,1
2022-03-25 15:07:53,17621,17622,17622,1,1
2022-03-25 15:07:54,17622,17624,17622,1,-1
2022-03-25 15:07:54,17622,17624,17622,1,-1
2022-03-25 15:07:54,17622,17624,17624,1,1
2022-03-25 15:07:56,17623,17624,17623,3,-3
2022-03-25 15:07:56,17623,17624,17622,3,-3
2022-03-25 15:07:56,17622,17624,17622,1,-1
2022-03-25 15:07:57,17622,17624,17621,2,-2
2022-03-25 15:07:57,17622,17624,17622,4,-4
2022-03-25 15:08:00,17623,17624,17623,2,-2
2022-03-25 15:08:03,17623,17624,17623,2,-2
2022-03-25 15:08:04,17622,17624,17622,1,-1
2022-03-25 15:08:08,17622,17624,17622,1,-1
2022-03-25 15:08:10,17623,17624,17623,2,-2
2022-03-25 15:08:20,17622,17624,17622,6,-6
2022-03-25 15:08:20,17622,17624,17622,3,-3
2022-03-25 15:08:20,17621,17622,17621,1,-1
2022-03-25 15:08:20,17621,17622,17621,1,-1
2022-03-25 15:08:21,17621,17622,17622,2,2
2022-03-25 15:08:26,17621,17622,17621,1,-1
2022-03-25 15:08:26,17621,17622,17622,2,2
2022-03-25 15:08:28,17621,17622,17622,2,2
2022-03-25 15:08:30,17622,17623,17623,1,1
2022-03-25 15:08:32,17623,17624,17624,10,10
2022-03-25 15:08:32,17624,17625,17623,1,-1
2022-03-25 15:08:32,17624,17625,17624,1,-1
2022-03-25 15:08:33,17624,17625,17625,1,1
2022-03-25 15:08:33,17624,17625,17625,1,1
2022-03-25 15:08:33,17624,17625,17625,1,1
2022-03-25 15:08:33,17624,17627,17624,1,-1
2022-03-25 15:08:43,17624,17625,17624,2,-2
2022-03-25 15:08:46,17623,17624,17624,2,2
2022-03-25 15:08:46,17623,17624,17624,1,1
2022-03-25 15:08:46,17623,17624,17624,1,1
2022-03-25 15:08:51,17623,17624,17624,1,1
2022-03-25 15:08:55,17623,17624,17624,1,1
2022-03-25 15:09:01,17623,17624,17624,1,1
2022-03-25 15:09:05,17623,17624,17624,1,1
2022-03-25 15:09:06,17623,17624,17624,1,1
2022-03-25 15:09:07,17623,17624,17623,1,-1
2022-03-25 15:09:15,17623,17624,17623,1,-1
2022-03-25 15:09:15,17623,17624,17623,1,-1
2022-03-25 15:09:16,17623,17624,17623,1,-1
2022-03-25 15:09:16,17623,17624,17623,1,-1
2022-03-25 15:09:19,17622,17623,17622,2,-2
2022-03-25 15:09:20,17622,17623,17622,1,-1
2022-03-25 15:09:21,17622,17623,17622,1,-1
2022-03-25 15:09:21,17622,17623,17622,1,-1
2022-03-25 15:09:25,17622,17623,17623,2,2
2022-03-25 15:09:26,17622,17623,17622,1,-1
2022-03-25 15:09:28,17622,17623,17622,2,-2
2022-03-25 15:09:29,17622,17623,17622,1,-1
2022-03-25 15:09:29,17622,17623,17622,1,-1
2022-03-25 15:09:29,17621,17622,17621,1,-1
2022-03-25 15:09:29,17621,17622,17621,1,-1
2022-03-25 15:09:29,17621,17622,17621,1,-1
2022-03-25 15:09:33,17621,17622,17621,1,-1
2022-03-25 15:09:36,17621,17622,17622,1,1
2022-03-25 15:09:36,17621,17622,17622,1,1
2022-03-25 15:09:39,17622,17623,17622,1,-1
2022-03-25 15:09:44,17621,17622,17621,4,-4
2022-03-25 15:09:45,17621,17622,17623,1,1
2022-03-25 15:09:45,17621,17622,17622,1,1
2022-03-25 15:09:46,17621,17622,17622,1,1
2022-03-25 15:09:49,17622,17623,17622,1,-1
2022-03-25 15:09:55,17621,17622,17622,2,2
2022-03-25 15:09:55,17621,17622,17622,2,2
2022-03-25 15:09:55,17621,17622,17622,3,3
2022-03-25 15:09:55,17622,17623,17622,1,-1
2022-03-25 15:09:55,17622,17623,17623,5,5
2022-03-25 15:09:56,17623,17624,17622,1,-1
2022-03-25 15:10:00,17621,17623,17621,2,-2
2022-03-25 15:10:00,17621,17623,17621,1,-1
2022-03-25 15:10:02,17621,17622,17622,1,1
2022-03-25 15:10:05,17621,17622,17621,1,-1
2022-03-25 15:10:08,17621,17622,17621,5,-5
2022-03-25 15:10:08,17621,17622,17621,2,-2
2022-03-25 15:10:08,17621,17622,17621,1,-1
2022-03-25 15:10:09,17620,17622,17622,1,1
2022-03-25 15:10:12,17620,17621,17621,1,1
2022-03-25 15:10:12,17620,17621,17620,1,-1
2022-03-25 15:10:12,17620,17621,17620,1,-1
2022-03-25 15:10:15,17620,17621,17620,2,-2
2022-03-25 15:10:17,17620,17621,17620,1,-1
2022-03-25 15:10:21,17620,17621,17620,2,-2
2022-03-25 15:10:21,17620,17621,17620,1,-1
2022-03-25 15:10:28,17620,17621,17620,1,-1
2022-03-25 15:10:28,17620,17621,17621,1,1
2022-03-25 15:10:29,17620,17621,17620,1,-1
2022-03-25 15:10:31,17620,17621,17620,3,-3
2022-03-25 15:10:32,17620,17621,17621,1,1
2022-03-25 15:10:34,17620,17621,17621,5,5
2022-03-25 15:10:35,17621,17622,17622,1,1
2022-03-25 15:10:37,17621,17622,17622,1,1
2022-03-25 15:10:40,17622,17623,17623,1,1
2022-03-25 15:10:48,17622,17623,17622,1,-1
2022-03-25 15:10:55,17622,17623,17622,1,-1
2022-03-25 15:11:00,17622,17623,17622,1,-1
2022-03-25 15:11:00,17622,17623,17622,1,-1
2022-03-25 15:11:02,17622,17623,17623,1,1
2022-03-25 15:11:05,17622,17623,17623,4,4
2022-03-25 15:11:07,17623,17625,17623,1,-1
2022-03-25 15:11:08,17623,17625,17623,1,-1
2022-03-25 15:11:09,17623,17625,17624,1,1
2022-03-25 15:11:11,17623,17624,17624,1,1
2022-03-25 15:11:20,17623,17624,17624,1,1
2022-03-25 15:11:23,17623,17624,17624,1,1
2022-03-25 15:11:29,17623,17624,17624,2,2
2022-03-25 15:11:29,17623,17624,17625,3,3
2022-03-25 15:11:29,17624,17625,17624,1,-1
2022-03-25 15:11:30,17624,17625,17625,2,2
2022-03-25 15:11:37,17625,17626,17625,1,-1
2022-03-25 15:11:39,17624,17625,17626,1,1
2022-03-25 15:11:39,17624,17625,17625,1,1
2022-03-25 15:11:40,17624,17625,17625,1,1
2022-03-25 15:11:41,17625,17626,17626,2,2
2022-03-25 15:11:45,17625,17626,17626,1,1
2022-03-25 15:11:45,17625,17626,17626,4,4
2022-03-25 15:11:45,17626,17627,17627,3,3
2022-03-25 15:11:45,17626,17627,17628,2,2
2022-03-25 15:11:54,17625,17627,17626,1,1
2022-03-25 15:11:54,17625,17626,17626,1,1
2022-03-25 15:11:56,17625,17627,17627,9,9
2022-03-25 15:11:56,17626,17627,17627,1,1
2022-03-25 15:12:04,17626,17628,17626,5,-5
2022-03-25 15:12:04,17626,17627,17627,2,2
2022-03-25 15:12:06,17626,17627,17627,1,1
2022-03-25 15:12:08,17626,17627,17627,1,1
2022-03-25 15:12:08,17626,17627,17627,2,2
2022-03-25 15:12:31,17626,17627,17627,2,2
2022-03-25 15:12:40,17626,17627,17627,1,1
2022-03-25 15:12:40,17626,17627,17627,7,7
2022-03-25 15:12:40,17626,17627,17628,4,4
2022-03-25 15:12:40,17626,17627,17628,1,1
2022-03-25 15:12:47,17626,17628,17626,2,-2
2022-03-25 15:12:55,17627,17628,17627,1,-1
2022-03-25 15:13:01,17627,17628,17628,2,2
2022-03-25 15:13:02,17628,17629,17628,1,-1
2022-03-25 15:13:06,17628,17629,17629,1,1
2022-03-25 15:13:07,17628,17629,17629,4,4
2022-03-25 15:13:08,17629,17630,17630,6,6
2022-03-25 15:13:09,17630,17631,17630,1,-1
2022-03-25 15:13:09,17630,17631,17630,2,-2
2022-03-25 15:13:09,17630,17631,17630,2,-2
2022-03-25 15:13:13,17629,17630,17630,1,1
2022-03-25 15:13:15,17629,17630,17631,2,2
2022-03-25 15:13:15,17629,17631,17631,2,2
2022-03-25 15:13:16,17630,17631,17631,5,5
2022-03-25 15:13:17,17630,17631,17631,1,1
2022-03-25 15:13:19,17630,17631,17630,1,-1
2022-03-25 15:13:22,17630,17631,17630,1,-1
2022-03-25 15:13:30,17629,17630,17629,2,-2
2022-03-25 15:13:30,17629,17630,17629,1,-1
2022-03-25 15:13:58,17628,17629,17628,1,-1
2022-03-25 15:14:07,17628,17629,17629,1,1
2022-03-25 15:14:07,17628,17629,17629,2,2
2022-03-25 15:14:07,17628,17629,17629,1,1
2022-03-25 15:14:09,17629,17632,17629,5,-5
2022-03-25 15:14:22,17629,17630,17629,2,-2
2022-03-25 15:14:24,17629,17630,17629,1,-1
2022-03-25 15:14:35,17629,17630,17629,1,-1
2022-03-25 15:14:43,17629,17630,17630,3,3
2022-03-25 15:14:48,17629,17631,17631,1,1
2022-03-25 15:14:52,17630,17631,17631,1,1
2022-03-25 15:14:54,17630,17631,17631,1,1
2022-03-25 15:14:55,17630,17631,17631,2,2
2022-03-25 15:14:55,17630,17631,17631,7,7
2022-03-25 15:14:59,17630,17631,17631,1,1
2022-03-25 15:15:00,17630,17631,17630,1,-1
2022-03-25 15:15:00,17630,17631,17631,1,1
2022-03-25 15:15:00,17630,17631,17632,1,1
2022-03-25 15:15:00,17630,17631,17632,2,2
2022-03-25 15:15:00,17630,17631,17632,1,1
2022-03-25 15:15:14,17631,17632,17631,1,-1
2022-03-25 15:15:14,17630,17631,17631,1,1
2022-03-25 15:15:17,17630,17631,17631,3,3
2022-03-25 15:15:17,17630,17631,17631,1,1
2022-03-25 15:15:17,17630,17631,17631,1,1
2022-03-25 15:15:17,17630,17631,17632,1,1
2022-03-25 15:15:17,17630,17631,17632,1,1
2022-03-25 15:15:18,17631,17632,17632,2,2
2022-03-25 15:15:18,17631,17632,17632,1,1
2022-03-25 15:15:18,17631,17632,17632,1,1
2022-03-25 15:15:18,17631,17632,17633,1,1
2022-03-25 15:15:20,17631,17632,17632,2,2
2022-03-25 15:15:24,17631,17632,17632,1,1
2022-03-25 15:15:25,17631,17632,17632,2,2
2022-03-25 15:15:27,17631,17632,17632,1,1
2022-03-25 15:15:28,17631,17632,17631,1,-1
2022-03-25 15:15:28,17630,17631,17631,1,1
2022-03-25 15:15:28,17630,17631,17631,1,1
2022-03-25 15:15:30,17630,17631,17632,1,1
2022-03-25 15:15:30,17630,17631,17631,1,1
2022-03-25 15:15:38,17630,17631,17630,1,-1
2022-03-25 15:15:38,17630,17631,17630,1,-1
2022-03-25 15:15:39,17629,17630,17629,2,-2
2022-03-25 15:15:47,17629,17630,17629,1,-1
2022-03-25 15:15:50,17629,17630,17630,1,1
2022-03-25 15:15:50,17629,17630,17630,1,1
2022-03-25 15:15:59,17629,17630,17630,1,1
2022-03-25 15:16:18,17629,17630,17630,2,2
2022-03-25 15:16:18,17629,17630,17630,1,1
2022-03-25 15:16:19,17630,17631,17631,2,2
2022-03-25 15:16:19,17630,17631,17631,1,1
2022-03-25 15:16:19,17630,17631,17631,1,1
2022-03-25 15:16:19,17630,17631,17631,1,1
2022-03-25 15:16:19,17630,17631,17631,1,1
2022-03-25 15:16:19,17630,17631,17631,1,1
2022-03-25 15:16:19,17630,17631,17631,1,1
2022-03-25 15:16:21,17630,17631,17631,2,2
2022-03-25 15:16:21,17630,17631,17630,1,-1
2022-03-25 15:16:21,17629,17631,17631,2,2
2022-03-25 15:16:22,17629,17631,17631,2,2
2022-03-25 15:16:26,17629,17630,17630,2,2
2022-03-25 15:16:27,17629,17630,17630,2,2
2022-03-25 15:16:27,17629,17630,17630,2,2
2022-03-25 15:16:27,17629,17630,17630,1,1
2022-03-25 15:16:27,17629,17630,17630,1,1
2022-03-25 15:16:27,17629,17630,17630,1,1
2022-03-25 15:16:27,17629,17630,17631,1,1
2022-03-25 15:16:27,17629,17630,17631,1,1
2022-03-25 15:16:27,17629,17631,17631,1,1
2022-03-25 15:16:30,17630,17631,17630,1,-1
2022-03-25 15:16:30,17630,17631,17630,1,-1
2022-03-25 15:16:32,17630,17631,17631,1,1
2022-03-25 15:16:32,17630,17631,17631,1,1
2022-03-25 15:16:39,17630,17631,17630,1,-1
2022-03-25 15:16:39,17630,17631,17630,1,-1
2022-03-25 15:16:40,17629,17630,17630,2,2
2022-03-25 15:16:40,17629,17630,17630,1,1
2022-03-25 15:16:40,17629,17630,17630,1,1
2022-03-25 15:16:40,17629,17630,17631,1,1
2022-03-25 15:16:40,17629,17630,17631,1,1
2022-03-25 15:16:40,17629,17630,17631,1,1
2022-03-25 15:16:40,17629,17630,17630,1,1
2022-03-25 15:16:41,17629,17630,17630,1,1
2022-03-25 15:16:44,17630,17631,17631,2,2
2022-03-25 15:16:44,17630,17632,17631,1,1
2022-03-25 15:16:49,17631,17632,17631,1,-1
2022-03-25 15:16:49,17631,17632,17631,2,-2
2022-03-25 15:16:49,17630,17631,17631,2,2
2022-03-25 15:16:50,17630,17631,17631,2,2
2022-03-25 15:16:50,17630,17632,17632,1,1
2022-03-25 15:16:50,17630,17632,17632,1,1
2022-03-25 15:16:50,17630,17632,17632,1,1
2022-03-25 15:16:50,17630,17632,17632,1,1
2022-03-25 15:16:50,17630,17632,17632,1,1
2022-03-25 15:16:50,17630,17632,17632,1,1
2022-03-25 15:16:50,17630,17631,17630,4,-4
2022-03-25 15:17:02,17630,17631,17631,1,1
2022-03-25 15:17:07,17630,17631,17630,1,-1
2022-03-25 15:17:11,17630,17631,17630,1,-1
2022-03-25 15:17:11,17630,17631,17631,1,1
2022-03-25 15:17:34,17630,17631,17630,1,-1
2022-03-25 15:17:44,17630,17631,17630,1,-1
2022-03-25 15:17:45,17630,17631,17630,2,-2
2022-03-25 15:17:47,17630,17631,17631,2,2
2022-03-25 15:17:47,17630,17631,17631,2,2
2022-03-25 15:17:49,17630,17631,17631,4,4
2022-03-25 15:17:53,17631,17632,17632,13,13
2022-03-25 15:17:53,17631,17632,17632,1,1
2022-03-25 15:17:53,17631,17632,17632,1,1
2022-03-25 15:17:55,17632,17633,17632,4,-4
2022-03-25 15:17:56,17631,17632,17632,2,2
2022-03-25 15:17:58,17631,17632,17632,1,1
2022-03-25 15:17:59,17631,17632,17632,1,1
2022-03-25 15:18:01,17632,17633,17633,2,2
2022-03-25 15:18:04,17632,17633,17633,2,2
2022-03-25 15:18:05,17632,17633,17633,1,1
2022-03-25 15:18:06,17633,17634,17633,1,-1
2022-03-25 15:18:06,17633,17634,17633,2,-2
2022-03-25 15:18:11,17632,17633,17633,2,2
2022-03-25 15:18:13,17632,17633,17633,1,1
2022-03-25 15:18:14,17632,17633,17633,2,2
2022-03-25 15:18:14,17633,17634,17633,5,-5
2022-03-25 15:18:15,17633,17634,17634,12,12
2022-03-25 15:18:15,17634,17635,17635,11,11
2022-03-25 15:18:15,17634,17635,17636,1,1
2022-03-25 15:18:15,17634,17635,17636,1,1
2022-03-25 15:18:15,17634,17635,17636,1,1
2022-03-25 15:18:15,17634,17635,17635,5,5
2022-03-25 15:18:15,17635,17636,17637,1,1
2022-03-25 15:18:15,17635,17636,17636,1,1
2022-03-25 15:18:15,17635,17637,17637,1,1
2022-03-25 15:18:15,17635,17637,17635,5,-5
2022-03-25 15:18:17,17633,17634,17634,5,5
2022-03-25 15:18:20,17633,17635,17634,1,1
2022-03-25 15:18:25,17633,17634,17634,2,2
2022-03-25 15:18:25,17633,17634,17634,2,2
2022-03-25 15:18:25,17633,17634,17634,1,1
2022-03-25 15:18:26,17633,17634,17634,1,1
2022-03-25 15:18:26,17634,17635,17634,1,-1
2022-03-25 15:18:27,17633,17634,17634,1,1
2022-03-25 15:18:27,17634,17635,17634,1,-1
2022-03-25 15:18:28,17633,17635,17633,1,-1
2022-03-25 15:18:30,17633,17634,17634,2,2
2022-03-25 15:18:30,17633,17635,17635,1,1
2022-03-25 15:18:30,17633,17634,17634,1,1
2022-03-25 15:18:31,17633,17635,17634,1,1
2022-03-25 15:18:31,17633,17635,17633,7,-7
2022-03-25 15:18:31,17632,17633,17633,1,1
2022-03-25 15:18:34,17632,17633,17633,2,2
2022-03-25 15:18:34,17632,17633,17634,1,1
2022-03-25 15:18:35,17632,17633,17633,1,1
2022-03-25 15:18:37,17633,17634,17633,3,-3
2022-03-25 15:18:37,17633,17634,17633,2,-2
2022-03-25 15:18:38,17632,17633,17633,4,4
2022-03-25 15:18:38,17632,17633,17633,2,2
2022-03-25 15:18:39,17632,17633,17633,1,1
2022-03-25 15:18:41,17633,17634,17634,2,2
2022-03-25 15:18:42,17633,17634,17634,4,4
2022-03-25 15:18:47,17634,17635,17634,1,-1
2022-03-25 15:18:47,17634,17635,17635,6,6
2022-03-25 15:18:48,17634,17635,17635,2,2
2022-03-25 15:18:48,17634,17635,17635,2,2
2022-03-25 15:18:49,17634,17635,17635,1,1
2022-03-25 15:18:50,17635,17636,17635,1,-1
2022-03-25 15:18:53,17635,17636,17636,1,1
2022-03-25 15:18:56,17635,17636,17636,5,5
2022-03-25 15:18:56,17635,17636,17636,1,1
2022-03-25 15:18:56,17635,17636,17636,1,1
2022-03-25 15:18:57,17635,17636,17636,1,1
2022-03-25 15:18:57,17635,17636,17636,2,2
2022-03-25 15:18:59,17636,17637,17637,6,6
2022-03-25 15:18:59,17636,17637,17637,1,1
2022-03-25 15:18:59,17636,17638,17636,1,-1
2022-03-25 15:18:59,17636,17638,17637,2,2
2022-03-25 15:19:01,17637,17638,17638,1,1
2022-03-25 15:19:01,17637,17638,17638,1,1
2022-03-25 15:19:01,17637,17638,17638,1,1
2022-03-25 15:19:01,17637,17638,17638,3,3
2022-03-25 15:19:01,17637,17638,17638,1,1
2022-03-25 15:19:01,17637,17638,17638,1,1
2022-03-25 15:19:02,17637,17638,17638,2,2
2022-03-25 15:19:02,17637,17638,17638,5,5
2022-03-25 15:19:02,17637,17639,17639,2,2
2022-03-25 15:19:02,17637,17639,17639,1,1
2022-03-25 15:19:07,17638,17639,17639,1,1
2022-03-25 15:19:08,17638,17639,17639,1,1
2022-03-25 15:19:08,17638,17639,17639,1,1
2022-03-25 15:19:08,17638,17639,17639,1,1
2022-03-25 15:19:08,17638,17639,17639,1,1
2022-03-25 15:19:11,17638,17639,17639,7,7
2022-03-25 15:19:11,17638,17639,17639,1,1
2022-03-25 15:19:13,17638,17639,17639,1,1
2022-03-25 15:19:13,17638,17639,17640,1,1
2022-03-25 15:19:13,17638,17640,17640,1,1
2022-03-25 15:19:13,17638,17640,17640,1,1
2022-03-25 15:19:13,17638,17640,17638,1,-1
2022-03-25 15:19:13,17638,17640,17640,1,1
2022-03-25 15:19:13,17638,17640,17640,2,2
2022-03-25 15:19:13,17638,17640,17638,2,-2
2022-03-25 15:19:13,17638,17639,17639,2,2
2022-03-25 15:19:16,17638,17639,17639,1,1
2022-03-25 15:19:16,17638,17639,17639,4,4
2022-03-25 15:19:17,17638,17639,17638,2,-2
2022-03-25 15:19:17,17637,17639,17639,1,1
2022-03-25 15:19:17,17637,17639,17639,1,1
2022-03-25 15:19:18,17637,17638,17638,1,1
2022-03-25 15:19:19,17637,17638,17638,1,1
2022-03-25 15:19:19,17637,17638,17638,1,1
2022-03-25 15:19:20,17638,17639,17638,1,-1
2022-03-25 15:19:23,17638,17639,17639,2,2
2022-03-25 15:19:25,17638,17639,17638,1,-1
2022-03-25 15:19:26,17638,17639,17638,1,-1
2022-03-25 15:19:26,17638,17639,17638,1,-1
2022-03-25 15:19:26,17638,17639,17638,1,-1
2022-03-25 15:19:27,17637,17638,17637,1,-1
2022-03-25 15:19:27,17637,17638,17637,1,-1
2022-03-25 15:19:27,17636,17637,17637,1,1
2022-03-25 15:19:27,17636,17637,17636,1,-1
2022-03-25 15:19:28,17635,17637,17635,2,-2
2022-03-25 15:19:29,17635,17636,17634,1,-1
2022-03-25 15:19:29,17635,17636,17635,1,-1
2022-03-25 15:19:31,17635,17636,17635,1,-1
2022-03-25 15:19:31,17635,17636,17635,1,-1
2022-03-25 15:19:35,17634,17635,17634,1,-1
2022-03-25 15:19:36,17634,17635,17634,1,-1
2022-03-25 15:19:36,17634,17635,17634,1,-1
2022-03-25 15:19:39,17634,17635,17635,2,2
2022-03-25 15:19:39,17634,17636,17636,1,1
2022-03-25 15:19:43,17635,17636,17636,2,2
2022-03-25 15:19:45,17635,17636,17636,1,1
2022-03-25 15:19:45,17636,17637,17636,1,-1
2022-03-25 15:19:46,17635,17637,17636,2,2
2022-03-25 15:19:48,17636,17637,17636,1,-1
2022-03-25 15:19:48,17636,17637,17636,1,-1
2022-03-25 15:19:50,17636,17637,17637,2,2
2022-03-25 15:19:51,17636,17637,17636,1,-1
2022-03-25 15:19:51,17636,17637,17637,2,2
2022-03-25 15:19:53,17635,17637,17635,1,-1
2022-03-25 15:19:54,17636,17637,17637,1,1
2022-03-25 15:19:56,17636,17638,17636,2,-2
2022-03-25 15:19:57,17636,17638,17638,8,8
2022-03-25 15:19:58,17638,17639,17639,2,2
2022-03-25 15:20:00,17639,17640,17640,1,1
2022-03-25 15:20:00,17639,17640,17639,1,-1
2022-03-25 15:20:01,17639,17640,17639,1,-1
2022-03-25 15:20:01,17639,17640,17639,1,-1
2022-03-25 15:20:01,17639,17640,17639,1,-1
2022-03-25 15:20:01,17639,17640,17639,1,-1
2022-03-25 15:20:02,17639,17640,17640,1,1
2022-03-25 15:20:02,17639,17640,17640,1,1
2022-03-25 15:20:02,17639,17640,17640,1,1
2022-03-25 15:20:02,17639,17640,17640,1,1
2022-03-25 15:20:02,17639,17640,17640,7,7
2022-03-25 15:20:02,17640,17641,17640,1,-1
2022-03-25 15:20:03,17640,17641,17641,2,2
2022-03-25 15:20:03,17640,17641,17641,2,2
2022-03-25 15:20:04,17640,17641,17640,1,-1
2022-03-25 15:20:09,17639,17640,17640,2,2
2022-03-25 15:20:10,17639,17640,17640,2,2
2022-03-25 15:20:11,17639,17640,17640,1,1
2022-03-25 15:20:11,17640,17641,17640,1,-1
2022-03-25 15:20:12,17640,17641,17640,1,-1
2022-03-25 15:20:13,17640,17641,17640,1,-1
2022-03-25 15:20:14,17639,17640,17639,1,-1
2022-03-25 15:20:14,17639,17640,17640,2,2
2022-03-25 15:20:16,17639,17640,17640,1,1
2022-03-25 15:20:19,17639,17640,17639,2,-2
2022-03-25 15:20:20,17638,17639,17638,1,-1
2022-03-25 15:20:23,17637,17638,17638,1,1
2022-03-25 15:20:24,17637,17638,17637,1,-1
2022-03-25 15:20:24,17637,17638,17637,1,-1
2022-03-25 15:20:24,17637,17638,17637,1,-1
2022-03-25 15:20:25,17636,17637,17637,1,1
2022-03-25 15:20:26,17636,17637,17636,2,-2
2022-03-25 15:20:28,17635,17636,17636,1,1
2022-03-25 15:20:30,17635,17636,17635,3,-3
2022-03-25 15:20:32,17633,17635,17633,4,-4
2022-03-25 15:20:32,17633,17634,17634,1,1
2022-03-25 15:20:34,17634,17635,17634,1,-1
2022-03-25 15:20:36,17633,17634,17634,1,1
2022-03-25 15:20:38,17633,17634,17634,1,1
2022-03-25 15:20:39,17634,17636,17634,1,-1
2022-03-25 15:20:41,17634,17636,17636,1,1
2022-03-25 15:20:41,17635,17637,17635,1,-1
2022-03-25 15:20:52,17635,17636,17636,1,1
2022-03-25 15:20:54,17636,17637,17636,1,-1
2022-03-25 15:21:05,17636,17637,17636,2,-2
2022-03-25 15:21:05,17636,17637,17635,3,-3
2022-03-25 15:21:05,17635,17637,17637,1,1
2022-03-25 15:21:05,17635,17637,17637,2,2
2022-03-25 15:21:05,17635,17637,17637,1,1
2022-03-25 15:21:06,17635,17637,17637,1,1
2022-03-25 15:21:11,17636,17637,17636,1,-1
2022-03-25 15:21:11,17635,17637,17637,1,1
2022-03-25 15:21:12,17635,17637,17637,1,1
2022-03-25 15:21:13,17635,17636,17635,1,-1
2022-03-25 15:21:15,17634,17635,17634,2,-2
2022-03-25 15:21:25,17634,17635,17634,2,-2
2022-03-25 15:21:34,17634,17635,17634,1,-1
2022-03-25 15:21:34,17633,17635,17635,1,1
2022-03-25 15:21:34,17633,17635,17635,1,1
2022-03-25 15:21:35,17633,17634,17634,1,1
2022-03-25 15:21:35,17633,17635,17635,1,1
2022-03-25 15:21:35,17633,17635,17635,1,1
2022-03-25 15:21:35,17633,17635,17635,1,1
2022-03-25 15:21:35,17633,17635,17635,1,1
2022-03-25 15:21:35,17633,17635,17636,1,1
2022-03-25 15:21:41,17634,17636,17634,2,-2
2022-03-25 15:21:44,17634,17635,17634,1,-1
2022-03-25 15:21:44,17634,17635,17635,1,1
2022-03-25 15:21:45,17634,17635,17635,1,1
2022-03-25 15:21:47,17634,17636,17636,5,5
2022-03-25 15:22:07,17635,17636,17635,1,-1
2022-03-25 15:22:09,17634,17635,17635,1,1
2022-03-25 15:22:09,17634,17635,17634,1,-1
2022-03-25 15:22:11,17634,17635,17634,1,-1
2022-03-25 15:22:13,17633,17635,17635,1,1
2022-03-25 15:22:15,17633,17634,17633,1,-1
2022-03-25 15:22:23,17633,17634,17633,11,-11
2022-03-25 15:22:23,17633,17634,17633,1,-1
2022-03-25 15:22:26,17631,17632,17631,1,-1
2022-03-25 15:22:29,17631,17632,17632,1,1
2022-03-25 15:22:32,17631,17632,17631,1,-1
2022-03-25 15:22:32,17631,17632,17631,1,-1
2022-03-25 15:22:32,17631,17632,17631,1,-1
2022-03-25 15:22:33,17631,17632,17631,1,-1
2022-03-25 15:22:33,17631,17632,17631,1,-1
2022-03-25 15:22:33,17631,17632,17631,1,-1
2022-03-25 15:22:33,17631,17632,17631,1,-1
2022-03-25 15:22:33,17631,17632,17631,4,-4
2022-03-25 15:22:35,17630,17631,17630,11,-11
2022-03-25 15:22:35,17628,17630,17628,2,-2
2022-03-25 15:22:35,17628,17629,17628,2,-2
2022-03-25 15:22:35,17628,17629,17628,1,-1
2022-03-25 15:22:36,17628,17629,17629,1,1
2022-03-25 15:22:36,17628,17629,17628,2,-2
2022-03-25 15:22:37,17628,17629,17628,2,-2
2022-03-25 15:22:38,17628,17629,17628,1,-1
2022-03-25 15:22:39,17628,17629,17628,1,-1
2022-03-25 15:22:39,17628,17629,17628,1,-1
2022-03-25 15:22:41,17628,17629,17628,2,-2
2022-03-25 15:22:42,17628,17629,17629,3,3
2022-03-25 15:22:43,17628,17630,17628,1,-1
2022-03-25 15:22:52,17629,17630,17629,1,-1
2022-03-25 15:22:57,17629,17630,17629,1,-1
2022-03-25 15:22:59,17629,17630,17629,1,-1
2022-03-25 15:23:01,17629,17630,17629,1,-1
2022-03-25 15:23:05,17629,17630,17630,1,1
2022-03-25 15:23:05,17629,17630,17630,1,1
2022-03-25 15:23:05,17629,17630,17630,2,2
2022-03-25 15:23:05,17629,17630,17631,2,2
2022-03-25 15:23:07,17630,17632,17630,3,-3
2022-03-25 15:23:11,17631,17632,17631,1,-1
2022-03-25 15:23:20,17629,17630,17629,2,-2
2022-03-25 15:23:21,17628,17629,17629,1,1
2022-03-25 15:23:21,17628,17630,17630,1,1
2022-03-25 15:23:24,17628,17629,17628,1,-1
2022-03-25 15:23:24,17628,17629,17628,3,-3
2022-03-25 15:23:26,17628,17629,17628,1,-1
2022-03-25 15:23:26,17628,17629,17628,1,-1
2022-03-25 15:23:26,17628,17629,17628,1,-1
2022-03-25 15:23:32,17627,17628,17628,1,1
2022-03-25 15:23:37,17627,17628,17627,1,-1
2022-03-25 15:23:37,17627,17628,17627,5,-5
2022-03-25 15:23:37,17627,17628,17627,2,-2
2022-03-25 15:23:37,17626,17627,17627,2,2
2022-03-25 15:23:38,17626,17628,17626,3,-3
2022-03-25 15:23:38,17626,17628,17626,1,-1
2022-03-25 15:23:39,17626,17627,17626,1,-1
2022-03-25 15:23:39,17625,17627,17625,3,-3
2022-03-25 15:23:41,17625,17626,17625,1,-1
2022-03-25 15:23:42,17625,17626,17626,2,2
2022-03-25 15:23:42,17625,17626,17626,1,1
2022-03-25 15:23:43,17626,17627,17626,1,-1
2022-03-25 15:23:45,17626,17627,17625,5,-5
2022-03-25 15:23:45,17626,17627,17626,5,-5
2022-03-25 15:23:45,17625,17627,17625,10,-10
2022-03-25 15:23:47,17625,17627,17626,1,1
2022-03-25 15:23:48,17625,17627,17625,1,-1
2022-03-25 15:23:48,17625,17626,17625,2,-2
2022-03-25 15:23:48,17625,17626,17625,1,-1
2022-03-25 15:23:50,17625,17626,17625,2,-2
2022-03-25 15:23:55,17625,17626,17625,1,-1
2022-03-25 15:24:00,17625,17626,17626,1,1
2022-03-25 15:24:00,17625,17626,17626,1,1
2022-03-25 15:24:00,17625,17626,17626,1,1
2022-03-25 15:24:00,17625,17626,17626,1,1
2022-03-25 15:24:00,17625,17626,17626,2,2
2022-03-25 15:24:00,17626,17627,17626,2,-2
2022-03-25 15:24:01,17625,17627,17627,2,2
2022-03-25 15:24:01,17626,17628,17626,1,-1
2022-03-25 15:24:02,17626,17628,17626,2,-2
2022-03-25 15:24:02,17626,17628,17626,2,-2
2022-03-25 15:24:06,17627,17628,17627,2,-2
2022-03-25 15:24:08,17627,17628,17626,1,-1
2022-03-25 15:24:08,17627,17628,17627,1,-1
2022-03-25 15:24:09,17627,17628,17627,2,-2
2022-03-25 15:24:11,17626,17628,17628,1,1
2022-03-25 15:24:11,17626,17628,17628,1,1
2022-03-25 15:24:11,17626,17628,17628,1,1
2022-03-25 15:24:11,17626,17628,17628,2,2
2022-03-25 15:24:11,17628,17629,17629,1,1
2022-03-25 15:24:11,17628,17630,17629,2,2
2022-03-25 15:24:11,17628,17630,17630,4,4
2022-03-25 15:24:13,17629,17631,17629,2,-2
2022-03-25 15:24:16,17630,17631,17630,2,-2
2022-03-25 15:24:17,17630,17631,17630,2,-2
2022-03-25 15:24:22,17630,17631,17631,2,2
2022-03-25 15:24:24,17630,17631,17631,1,1
2022-03-25 15:24:25,17630,17632,17630,1,-1
2022-03-25 15:24:25,17630,17632,17630,1,-1
2022-03-25 15:24:26,17630,17632,17630,1,-1
2022-03-25 15:24:29,17629,17630,17630,1,1
2022-03-25 15:24:34,17629,17630,17629,1,-1
2022-03-25 15:24:37,17629,17630,17629,2,-2
2022-03-25 15:24:39,17629,17630,17629,1,-1
2022-03-25 15:24:51,17629,17630,17629,2,-2
2022-03-25 15:24:51,17628,17629,17629,1,1
2022-03-25 15:25:04,17628,17630,17628,1,-1
2022-03-25 15:25:05,17628,17630,17630,3,3
2022-03-25 15:25:05,17628,17630,17630,3,3
2022-03-25 15:25:12,17628,17630,17630,1,1
2022-03-25 15:25:14,17628,17630,17629,2,2
2022-03-25 15:25:15,17628,17629,17629,1,1
2022-03-25 15:25:19,17629,17630,17629,1,-1
2022-03-25 15:25:26,17629,17630,17629,1,-1
2022-03-25 15:25:28,17629,17630,17630,1,1
2022-03-25 15:25:28,17629,17630,17630,3,3
2022-03-25 15:25:29,17630,17631,17631,5,5
2022-03-25 15:26:06,17630,17631,17630,1,-1
2022-03-25 15:26:11,17629,17630,17630,1,1
2022-03-25 15:26:15,17629,17630,17630,1,1
2022-03-25 15:26:17,17629,17630,17627,1,-1
2022-03-25 15:26:17,17629,17630,17628,8,-8
2022-03-25 15:26:17,17629,17630,17629,1,-1
2022-03-25 15:26:21,17629,17631,17629,1,-1
2022-03-25 15:26:24,17630,17631,17630,1,-1
2022-03-25 15:26:27,17628,17630,17628,1,-1
2022-03-25 15:26:41,17627,17628,17626,6,-6
2022-03-25 15:26:41,17627,17628,17627,4,-4
2022-03-25 15:26:41,17626,17628,17628,1,1
2022-03-25 15:26:41,17626,17628,17626,1,-1
2022-03-25 15:26:54,17629,17630,17631,1,1
2022-03-25 15:26:54,17629,17630,17630,1,1
2022-03-25 15:27:04,17629,17630,17628,6,-6
2022-03-25 15:27:04,17629,17630,17629,4,-4
2022-03-25 15:27:07,17628,17630,17628,1,-1
2022-03-25 15:27:17,17630,17631,17631,9,9
2022-03-25 15:27:17,17630,17631,17632,25,25
2022-03-25 15:27:17,17630,17631,17632,1,1
2022-03-25 15:27:27,17632,17633,17633,1,1
2022-03-25 15:27:29,17633,17634,17634,1,1
2022-03-25 15:27:34,17633,17634,17634,1,1
2022-03-25 15:27:34,17633,17634,17633,1,-1
2022-03-25 15:27:41,17632,17633,17632,1,-1
2022-03-25 15:27:41,17632,17633,17632,4,-4
2022-03-25 15:27:55,17631,17632,17630,8,-8
2022-03-25 15:27:55,17631,17632,17631,2,-2
2022-03-25 15:28:12,17630,17631,17630,1,-1
2022-03-25 15:28:12,17628,17630,17630,1,1
2022-03-25 15:28:30,17630,17631,17630,1,-1
2022-03-25 15:28:30,17628,17630,17630,1,1
2022-03-25 15:28:30,17628,17630,17630,1,1
2022-03-25 15:28:40,17628,17629,17628,1,-1
2022-03-25 15:29:11,17627,17628,17627,1,-1
2022-03-25 15:29:12,17627,17628,17627,1,-1
2022-03-25 15:29:13,17627,17628,17627,1,-1
2022-03-25 15:29:13,17627,17628,17627,1,-1
2022-03-25 15:29:13,17627,17628,17627,1,-1
2022-03-25 15:29:13,17627,17628,17627,1,-1
2022-03-25 15:29:19,17626,17627,17626,5,-5
2022-03-25 15:29:19,17626,17627,17626,4,-4
2022-03-25 15:29:19,17626,17627,17626,1,-1
2022-03-25 15:29:20,17625,17626,17625,1,-1
2022-03-25 15:29:20,17625,17626,17625,1,-1
2022-03-25 15:29:20,17625,17626,17625,4,-4
2022-03-25 15:29:20,17624,17625,17624,1,-1
2022-03-25 15:29:21,17624,17626,17624,1,-1
2022-03-25 15:29:22,17624,17626,17624,1,-1
2022-03-25 15:29:22,17624,17626,17623,3,-3
2022-03-25 15:29:22,17624,17626,17624,2,-2
2022-03-25 15:29:24,17623,17625,17623,1,-1
2022-03-25 15:29:25,17623,17625,17623,1,-1
2022-03-25 15:29:27,17623,17624,17624,1,1
2022-03-25 15:29:27,17623,17624,17623,1,-1
2022-03-25 15:29:28,17623,17624,17624,5,5
2022-03-25 15:29:31,17624,17625,17625,1,1
2022-03-25 15:29:31,17624,17625,17625,1,1
2022-03-25 15:29:31,17625,17626,17625,1,-1
2022-03-25 15:29:33,17625,17627,17625,1,-1
2022-03-25 15:29:38,17625,17626,17625,1,-1
2022-03-25 15:29:38,17625,17626,17625,1,-1
2022-03-25 15:29:42,17624,17625,17624,1,-1
2022-03-25 15:29:47,17624,17625,17624,1,-1
2022-03-25 15:29:53,17624,17625,17624,1,-1
2022-03-25 15:29:54,17624,17625,17625,3,3
2022-03-25 15:29:54,17624,17625,17626,2,2
2022-03-25 15:29:56,17625,17626,17625,1,-1
2022-03-25 15:30:00,17625,17626,17626,1,1
2022-03-25 15:30:01,17626,17627,17627,1,1
2022-03-25 15:30:02,17627,17628,17628,1,1
2022-03-25 15:30:02,17627,17628,17628,1,1
2022-03-25 15:30:02,17627,17628,17628,1,1
2022-03-25 15:30:02,17627,17628,17628,1,1
2022-03-25 15:30:03,17628,17629,17629,1,1
2022-03-25 15:30:04,17629,17630,17630,1,1
2022-03-25 15:30:08,17629,17630,17629,1,-1
2022-03-25 15:30:08,17629,17630,17629,1,-1
2022-03-25 15:30:16,17629,17630,17630,1,1
2022-03-25 15:30:18,17629,17630,17630,4,4
2022-03-25 15:30:18,17629,17630,17631,1,1
2022-03-25 15:30:19,17629,17630,17630,1,1
2022-03-25 15:30:19,17629,17630,17631,1,1
2022-03-25 15:30:22,17629,17631,17631,1,1
2022-03-25 15:30:23,17629,17631,17630,1,1
2022-03-25 15:30:31,17629,17630,17630,1,1
2022-03-25 15:30:31,17630,17631,17630,1,-1
2022-03-25 15:30:37,17629,17630,17629,5,-5
2022-03-25 15:30:37,17629,17630,17629,1,-1
2022-03-25 15:30:37,17629,17630,17629,1,-1
2022-03-25 15:30:37,17629,17630,17629,1,-1
2022-03-25 15:30:39,17627,17629,17629,1,1
2022-03-25 15:30:51,17627,17628,17628,1,1
2022-03-25 15:31:11,17627,17628,17628,2,2
2022-03-25 15:31:20,17628,17629,17629,2,2
2022-03-25 15:31:20,17629,17631,17631,1,1
2022-03-25 15:31:37,17626,17628,17628,1,1
2022-03-25 15:31:37,17627,17629,17629,1,1
2022-03-25 15:31:58,17628,17630,17630,5,5
2022-03-25 15:32:05,17629,17630,17630,2,2
2022-03-25 15:32:06,17629,17631,17629,5,-5
2022-03-25 15:32:28,17628,17630,17628,1,-1
2022-03-25 15:32:30,17629,17630,17629,1,-1
2022-03-25 15:32:37,17628,17630,17630,2,2
2022-03-25 15:32:39,17628,17630,17630,5,5
2022-03-25 15:32:50,17630,17631,17631,2,2
2022-03-25 15:32:50,17630,17631,17632,3,3
2022-03-25 15:32:57,17630,17631,17630,1,-1
2022-03-25 15:33:09,17630,17631,17630,1,-1
2022-03-25 15:33:09,17630,17631,17630,1,-1
2022-03-25 15:33:23,17628,17630,17628,1,-1
2022-03-25 15:33:23,17628,17630,17630,1,1
2022-03-25 15:34:16,17629,17630,17630,1,1
2022-03-25 15:34:18,17630,17631,17631,1,1
2022-03-25 15:34:18,17630,17631,17631,3,3
2022-03-25 15:34:18,17630,17631,17631,1,1
2022-03-25 15:34:19,17631,17632,17632,1,1
2022-03-25 15:34:23,17631,17632,17632,1,1
2022-03-25 15:34:33,17631,17632,17632,1,1
2022-03-25 15:34:33,17630,17632,17632,1,1
2022-03-25 15:34:54,17631,17632,17632,2,2
2022-03-25 15:35:04,17631,17632,17632,1,1
2022-03-25 15:35:12,17631,17632,17632,1,1
2022-03-25 15:35:15,17631,17632,17632,1,1
2022-03-25 15:35:15,17631,17632,17632,1,1
2022-03-25 15:35:15,17631,17632,17632,1,1
2022-03-25 15:35:15,17631,17632,17632,3,3
2022-03-25 15:35:15,17631,17632,17632,1,1
2022-03-25 15:35:15,17631,17632,17632,2,2
2022-03-25 15:35:20,17632,17633,17633,1,1
2022-03-25 15:35:20,17632,17633,17633,4,4
2022-03-25 15:35:20,17632,17633,17633,2,2
2022-03-25 15:35:27,17633,17634,17634,1,1
2022-03-25 15:35:30,17633,17634,17633,1,-1
2022-03-25 15:36:05,17632,17633,17632,1,-1
2022-03-25 15:36:05,17632,17633,17632,1,-1
2022-03-25 15:36:05,17632,17633,17632,1,-1
2022-03-25 15:36:13,17631,17632,17631,1,-1
2022-03-25 15:36:13,17631,17632,17631,2,-2
2022-03-25 15:36:24,17630,17631,17630,1,-1
2022-03-25 15:36:24,17630,17631,17630,1,-1
2022-03-25 15:36:30,17629,17630,17629,1,-1
2022-03-25 15:36:30,17629,17630,17629,1,-1
2022-03-25 15:36:43,17629,17630,17629,1,-1
2022-03-25 15:36:45,17628,17629,17628,1,-1
2022-03-25 15:36:45,17627,17628,17627,1,-1
2022-03-25 15:36:50,17626,17627,17626,1,-1
2022-03-25 15:36:54,17626,17627,17626,4,-4
2022-03-25 15:36:55,17625,17626,17626,1,1
2022-03-25 15:37:05,17625,17626,17626,3,3
2022-03-25 15:37:07,17626,17627,17626,2,-2
2022-03-25 15:37:20,17626,17627,17626,2,-2
2022-03-25 15:37:20,17625,17627,17625,1,-1
2022-03-25 15:37:26,17626,17627,17626,1,-1
2022-03-25 15:37:50,17626,17627,17626,1,-1
2022-03-25 15:37:51,17626,17627,17627,1,1
2022-03-25 15:37:51,17626,17627,17627,1,1
2022-03-25 15:37:55,17627,17629,17627,1,-1
2022-03-25 15:37:56,17627,17629,17627,3,-3
2022-03-25 15:38:05,17627,17628,17628,1,1
2022-03-25 15:38:09,17626,17627,17626,1,-1
2022-03-25 15:38:09,17625,17627,17626,1,1
2022-03-25 15:38:10,17625,17626,17625,1,-1
2022-03-25 15:38:10,17625,17626,17625,5,-5
2022-03-25 15:38:10,17625,17626,17625,3,-3
2022-03-25 15:38:12,17624,17625,17624,1,-1
2022-03-25 15:38:12,17624,17625,17624,1,-1
2022-03-25 15:38:13,17623,17624,17624,1,1
2022-03-25 15:38:22,17623,17624,17624,1,1
2022-03-25 15:38:22,17623,17624,17623,1,-1
2022-03-25 15:38:23,17623,17624,17623,1,-1
2022-03-25 15:38:24,17623,17624,17624,2,2
2022-03-25 15:38:31,17624,17625,17625,2,2
2022-03-25 15:38:38,17624,17625,17625,1,1
2022-03-25 15:38:39,17625,17626,17625,2,-2
2022-03-25 15:38:41,17625,17626,17625,1,-1
2022-03-25 15:38:43,17625,17626,17626,1,1
2022-03-25 15:38:43,17625,17626,17626,1,1
2022-03-25 15:38:55,17627,17628,17628,2,2
2022-03-25 15:38:57,17628,17629,17629,1,1
2022-03-25 15:39:12,17629,17630,17629,2,-2
2022-03-25 15:39:12,17629,17630,17629,1,-1
2022-03-25 15:39:12,17628,17630,17630,1,1
2022-03-25 15:39:13,17628,17630,17628,1,-1
2022-03-25 15:39:22,17627,17629,17629,1,1
2022-03-25 15:39:38,17627,17628,17627,5,-5
2022-03-25 15:39:42,17627,17628,17627,1,-1
2022-03-25 15:39:44,17627,17628,17628,1,1
2022-03-25 15:39:45,17627,17629,17627,1,-1
2022-03-25 15:39:59,17627,17628,17628,1,1
2022-03-25 15:39:59,17627,17628,17628,1,1
2022-03-25 15:40:00,17628,17629,17628,1,-1
2022-03-25 15:40:02,17628,17629,17629,1,1
2022-03-25 15:40:02,17628,17629,17629,1,1
2022-03-25 15:40:11,17630,17631,17630,1,-1
2022-03-25 15:40:21,17630,17631,17631,1,1
2022-03-25 15:40:21,17630,17631,17632,8,8
2022-03-25 15:40:21,17630,17631,17632,2,2
2022-03-25 15:40:41,17632,17633,17632,1,-1
2022-03-25 15:40:45,17631,17632,17631,2,-2
2022-03-25 15:40:56,17630,17631,17631,1,1
2022-03-25 15:41:05,17631,17632,17632,1,1
2022-03-25 15:41:06,17631,17632,17632,1,1
2022-03-25 15:41:11,17631,17632,17631,1,-1
2022-03-25 15:41:26,17630,17631,17631,1,1
2022-03-25 15:41:29,17630,17631,17630,1,-1
2022-03-25 15:41:29,17630,17631,17630,2,-2
2022-03-25 15:41:29,17630,17631,17629,1,-1
2022-03-25 15:41:55,17630,17631,17630,3,-3
2022-03-25 15:41:55,17630,17631,17629,7,-7
2022-03-25 15:42:00,17630,17631,17630,1,-1
2022-03-25 15:42:05,17629,17630,17630,1,1
2022-03-25 15:42:10,17629,17630,17629,1,-1
2022-03-25 15:42:11,17629,17630,17629,1,-1
2022-03-25 15:42:11,17629,17630,17629,1,-1
2022-03-25 15:42:18,17627,17628,17627,2,-2
2022-03-25 15:42:18,17627,17628,17628,1,1
2022-03-25 15:42:18,17627,17628,17628,2,2
2022-03-25 15:42:26,17628,17630,17630,1,1
2022-03-25 15:42:31,17627,17629,17626,6,-6
2022-03-25 15:42:31,17627,17629,17627,4,-4
2022-03-25 15:42:45,17626,17627,17627,1,1
2022-03-25 15:42:50,17626,17628,17628,1,1
2022-03-25 15:42:58,17626,17628,17627,1,1
2022-03-25 15:43:00,17626,17628,17628,1,1
2022-03-25 15:43:20,17626,17627,17627,1,1
2022-03-25 15:43:20,17626,17627,17627,1,1
2022-03-25 15:43:20,17626,17627,17627,1,1
2022-03-25 15:43:21,17627,17628,17628,1,1
2022-03-25 15:43:36,17628,17629,17628,1,-1
2022-03-25 15:43:50,17626,17627,17626,3,-3
2022-03-25 15:43:56,17625,17626,17625,4,-4
2022-03-25 15:43:56,17625,17626,17625,1,-1
2022-03-25 15:44:01,17625,17626,17625,10,-10
2022-03-25 15:44:01,17624,17625,17624,1,-1
2022-03-25 15:44:02,17624,17625,17624,2,-2
2022-03-25 15:44:05,17624,17625,17624,1,-1
2022-03-25 15:44:05,17624,17625,17624,3,-3
2022-03-25 15:44:08,17624,17625,17625,2,2
2022-03-25 15:44:08,17624,17625,17626,2,2
2022-03-25 15:44:08,17624,17625,17626,2,2
2022-03-25 15:44:08,17624,17625,17626,1,1
2022-03-25 15:44:08,17624,17625,17627,1,1
2022-03-25 15:44:08,17624,17625,17627,2,2
2022-03-25 15:44:10,17625,17627,17625,6,-6
2022-03-25 15:44:10,17625,17627,17624,4,-4
2022-03-25 15:44:32,17625,17626,17625,1,-1
2022-03-25 15:44:32,17624,17626,17624,2,-2
2022-03-25 15:44:40,17624,17625,17623,2,-2
2022-03-25 15:44:40,17624,17625,17624,3,-3
2022-03-25 15:44:49,17624,17625,17624,1,-1
2022-03-25 15:44:50,17623,17624,17623,1,-1
2022-03-25 15:44:50,17623,17624,17624,1,1
2022-03-25 15:44:58,17623,17624,17624,5,5
2022-03-25 15:44:58,17623,17624,17624,2,2
2022-03-25 15:44:59,17624,17626,17624,1,-1
2022-03-25 15:45:01,17624,17626,17624,1,-1
2022-03-25 15:45:01,17624,17625,17624,1,-1
2022-03-25 15:45:03,17624,17625,17625,1,1
2022-03-25 15:45:20,17624,17625,17625,1,1
2022-03-25 15:45:22,17624,17625,17624,1,-1
2022-03-25 15:45:24,17624,17625,17625,1,1
2022-03-25 15:45:26,17625,17626,17626,1,1
2022-03-25 15:45:27,17625,17627,17627,1,1
2022-03-25 15:45:32,17625,17627,17625,1,-1
2022-03-25 15:45:33,17625,17627,17627,1,1
2022-03-25 15:45:39,17626,17627,17627,1,1
2022-03-25 15:45:57,17627,17628,17627,1,-1
2022-03-25 15:46:04,17627,17628,17627,1,-1
2022-03-25 15:46:12,17627,17628,17627,1,-1
2022-03-25 15:46:12,17627,17628,17628,1,1
2022-03-25 15:46:15,17627,17628,17628,1,1
2022-03-25 15:46:19,17627,17628,17628,1,1
2022-03-25 15:46:21,17627,17628,17627,1,-1
2022-03-25 15:46:21,17627,17628,17628,1,1
2022-03-25 15:46:21,17627,17628,17628,1,1
2022-03-25 15:46:21,17627,17628,17628,1,1
2022-03-25 15:46:21,17627,17628,17628,1,1
2022-03-25 15:46:23,17627,17628,17628,1,1
2022-03-25 15:46:25,17627,17628,17628,4,4
2022-03-25 15:46:27,17627,17628,17628,3,3
2022-03-25 15:46:35,17628,17629,17628,1,-1
2022-03-25 15:46:35,17628,17629,17629,1,1
2022-03-25 15:46:35,17628,17629,17629,1,1
2022-03-25 15:46:35,17628,17629,17629,1,1
2022-03-25 15:46:35,17628,17629,17629,1,1
2022-03-25 15:46:35,17628,17629,17630,1,1
2022-03-25 15:46:35,17628,17629,17630,1,1
2022-03-25 15:46:35,17628,17629,17630,1,1
2022-03-25 15:46:35,17628,17629,17630,1,1
2022-03-25 15:46:35,17629,17630,17630,2,2
2022-03-25 15:46:36,17628,17630,17628,2,-2
2022-03-25 15:46:36,17628,17630,17628,1,-1
2022-03-25 15:46:36,17628,17630,17628,4,-4
2022-03-25 15:46:36,17628,17630,17628,2,-2
2022-03-25 15:46:37,17627,17628,17627,1,-1
2022-03-25 15:46:37,17626,17627,17627,1,1
2022-03-25 15:46:37,17626,17627,17628,1,1
2022-03-25 15:46:37,17626,17627,17628,1,1
2022-03-25 15:46:53,17627,17628,17628,1,1
2022-03-25 15:46:58,17627,17628,17627,1,-1
2022-03-25 15:47:00,17627,17628,17628,1,1
2022-03-25 15:47:17,17627,17628,17628,1,1
2022-03-25 15:47:19,17627,17628,17627,1,-1
2022-03-25 15:47:19,17627,17628,17627,1,-1
2022-03-25 15:47:23,17627,17628,17628,3,3
2022-03-25 15:47:23,17627,17628,17629,2,2
2022-03-25 15:47:23,17627,17628,17629,2,2
2022-03-25 15:47:26,17628,17630,17628,1,-1
2022-03-25 15:47:42,17629,17630,17629,1,-1
2022-03-25 15:47:47,17628,17629,17628,1,-1
2022-03-25 15:47:47,17627,17629,17629,1,1
2022-03-25 15:48:18,17629,17630,17630,1,1
2022-03-25 15:48:18,17629,17630,17629,2,-2
2022-03-25 15:48:20,17629,17630,17629,1,-1
2022-03-25 15:48:20,17629,17630,17629,1,-1
2022-03-25 15:48:20,17629,17630,17630,1,1
2022-03-25 15:48:29,17627,17629,17628,3,3
2022-03-25 15:48:29,17627,17629,17629,1,1
2022-03-25 15:48:56,17627,17628,17627,1,-1
2022-03-25 15:48:56,17627,17628,17627,1,-1
2022-03-25 15:48:56,17627,17628,17627,10,-10
2022-03-25 15:48:59,17626,17627,17626,1,-1
2022-03-25 15:49:00,17626,17627,17626,1,-1
2022-03-25 15:49:00,17626,17627,17627,1,1
2022-03-25 15:49:18,17626,17627,17627,1,1
2022-03-25 15:49:20,17627,17628,17628,1,1
2022-03-25 15:49:22,17627,17629,17628,1,1
2022-03-25 15:49:27,17626,17628,17628,1,1
2022-03-25 15:49:48,17626,17627,17626,1,-1
2022-03-25 15:49:48,17626,17627,17625,12,-12
2022-03-25 15:49:48,17626,17627,17626,4,-4
2022-03-25 15:49:48,17626,17627,17625,3,-3
2022-03-25 15:49:48,17626,17627,17625,1,-1
2022-03-25 15:49:48,17626,17627,17625,1,-1
2022-03-25 15:50:00,17625,17626,17625,1,-1
2022-03-25 15:50:11,17625,17626,17626,2,2
2022-03-25 15:50:15,17625,17626,17626,1,1
2022-03-25 15:50:26,17625,17626,17626,1,1
2022-03-25 15:50:26,17625,17626,17626,1,1
2022-03-25 15:50:26,17625,17626,17626,2,2
2022-03-25 15:50:26,17625,17626,17626,1,1
2022-03-25 15:50:26,17625,17626,17626,3,3
2022-03-25 15:50:29,17626,17627,17627,1,1
2022-03-25 15:50:34,17627,17628,17627,3,-3
2022-03-25 15:50:34,17626,17627,17626,1,-1
2022-03-25 15:50:35,17625,17626,17625,4,-4
2022-03-25 15:50:39,17625,17626,17625,1,-1
2022-03-25 15:50:41,17625,17626,17625,1,-1
2022-03-25 15:50:49,17625,17626,17626,1,1
2022-03-25 15:50:56,17627,17628,17628,1,1
2022-03-25 15:50:57,17627,17629,17627,1,-1
2022-03-25 15:51:20,17627,17628,17628,1,1
2022-03-25 15:51:22,17627,17628,17628,1,1
2022-03-25 15:51:22,17627,17628,17629,2,2
2022-03-25 15:51:22,17627,17628,17629,4,4
2022-03-25 15:51:22,17627,17628,17629,2,2
2022-03-25 15:51:33,17629,17630,17630,8,8
2022-03-25 15:51:33,17629,17630,17631,4,4
2022-03-25 15:51:33,17629,17630,17631,3,3
2022-03-25 15:51:40,17631,17632,17632,1,1
2022-03-25 15:51:43,17631,17632,17632,1,1
2022-03-25 15:51:45,17631,17632,17631,1,-1
2022-03-25 15:51:48,17631,17632,17631,1,-1
2022-03-25 15:52:02,17628,17629,17629,1,1
2022-03-25 15:52:23,17628,17629,17629,2,2
2022-03-25 15:52:44,17628,17629,17629,1,1
2022-03-25 15:52:59,17628,17629,17629,1,1
2022-03-25 15:52:59,17628,17629,17629,3,3
2022-03-25 15:53:00,17629,17630,17630,1,1
2022-03-25 15:53:00,17629,17630,17630,2,2
2022-03-25 15:53:04,17629,17630,17630,1,1
2022-03-25 15:53:07,17629,17630,17629,2,-2
2022-03-25 15:53:20,17629,17630,17629,1,-1
2022-03-25 15:53:31,17628,17629,17629,1,1
2022-03-25 15:53:35,17628,17629,17628,3,-3
2022-03-25 15:53:35,17627,17628,17627,1,-1
2022-03-25 15:53:42,17627,17628,17628,1,1
2022-03-25 15:53:44,17627,17628,17628,1,1
2022-03-25 15:53:47,17627,17628,17628,1,1
2022-03-25 15:54:01,17628,17629,17629,1,1
2022-03-25 15:54:01,17628,17629,17629,1,1
2022-03-25 15:54:01,17629,17630,17629,3,-3
2022-03-25 15:54:34,17628,17629,17629,1,1
2022-03-25 15:54:34,17628,17629,17628,2,-2
2022-03-25 15:54:35,17628,17629,17628,1,-1
2022-03-25 15:54:43,17628,17629,17628,1,-1
2022-03-25 15:55:01,17628,17629,17628,1,-1
2022-03-25 15:55:06,17628,17629,17628,1,-1
2022-03-25 15:55:13,17627,17628,17628,1,1
2022-03-25 15:55:16,17627,17628,17628,1,1
2022-03-25 15:55:28,17627,17628,17628,1,1
2022-03-25 15:55:28,17627,17628,17628,3,3
2022-03-25 15:55:51,17628,17629,17629,1,1
2022-03-25 15:55:51,17628,17629,17629,1,1
2022-03-25 15:55:58,17628,17629,17629,2,2
2022-03-25 15:55:58,17628,17629,17629,1,1
2022-03-25 15:56:19,17629,17630,17630,2,2
2022-03-25 15:56:20,17629,17630,17630,1,1
2022-03-25 15:56:34,17629,17630,17630,1,1
2022-03-25 15:56:35,17629,17630,17630,1,1
2022-03-25 15:56:35,17629,17630,17631,16,16
2022-03-25 15:56:48,17631,17632,17632,1,1
2022-03-25 15:56:48,17631,17632,17632,13,13
2022-03-25 15:56:49,17632,17633,17633,1,1
2022-03-25 15:56:53,17632,17633,17633,6,6
2022-03-25 15:56:54,17633,17634,17634,1,1
2022-03-25 15:56:59,17633,17634,17633,2,-2
2022-03-25 15:57:00,17632,17633,17634,6,6
2022-03-25 15:57:00,17632,17633,17633,4,4
2022-03-25 15:57:06,17633,17634,17634,2,2
2022-03-25 15:57:06,17633,17634,17633,1,-1
2022-03-25 15:57:13,17633,17634,17633,1,-1
2022-03-25 15:57:17,17633,17634,17633,1,-1
2022-03-25 15:57:21,17632,17633,17633,1,1
2022-03-25 15:57:24,17632,17633,17633,1,1
2022-03-25 15:57:29,17632,17633,17633,2,2
2022-03-25 15:57:35,17632,17633,17633,1,1
2022-03-25 15:57:35,17632,17633,17633,1,1
2022-03-25 15:57:36,17632,17633,17633,2,2
2022-03-25 15:57:46,17632,17633,17632,1,-1
2022-03-25 15:57:46,17632,17633,17632,1,-1
2022-03-25 15:57:46,17632,17633,17632,1,-1
2022-03-25 15:57:46,17632,17633,17632,1,-1
2022-03-25 15:57:47,17631,17632,17632,1,1
2022-03-25 15:57:47,17631,17632,17632,1,1
2022-03-25 15:57:57,17631,17632,17632,1,1
2022-03-25 15:57:57,17632,17633,17632,1,-1
2022-03-25 15:57:57,17632,17633,17632,1,-1
2022-03-25 15:58:07,17632,17633,17633,1,1
2022-03-25 15:58:16,17632,17633,17633,2,2
2022-03-25 15:58:16,17632,17633,17633,1,1
2022-03-25 15:58:19,17633,17634,17633,2,-2
2022-03-25 15:58:19,17633,17634,17633,1,-1
2022-03-25 15:58:20,17633,17634,17634,1,1
2022-03-25 15:58:24,17633,17634,17634,1,1
2022-03-25 15:58:24,17633,17634,17634,3,3
2022-03-25 15:58:24,17633,17634,17634,1,1
2022-03-25 15:58:24,17633,17634,17634,1,1
2022-03-25 15:58:29,17633,17634,17634,1,1
2022-03-25 15:58:29,17633,17634,17634,1,1
2022-03-25 15:58:29,17633,17634,17634,1,1
2022-03-25 15:58:31,17634,17635,17635,5,5
2022-03-25 15:58:31,17634,17635,17635,6,6
2022-03-25 15:58:31,17634,17635,17635,1,1
2022-03-25 15:58:31,17634,17635,17635,1,1
2022-03-25 15:58:31,17635,17636,17636,1,1
2022-03-25 15:58:31,17635,17636,17636,10,10
2022-03-25 15:58:31,17635,17637,17637,2,2
2022-03-25 15:58:34,17636,17637,17637,2,2
2022-03-25 15:58:36,17636,17637,17635,2,-2
2022-03-25 15:58:36,17636,17637,17636,3,-3
2022-03-25 15:58:39,17636,17637,17636,1,-1
2022-03-25 15:58:40,17636,17637,17637,1,1
2022-03-25 15:58:41,17636,17637,17636,2,-2
2022-03-25 15:58:41,17636,17637,17636,1,-1
2022-03-25 15:58:46,17636,17637,17636,3,-3
2022-03-25 15:58:46,17636,17637,17636,1,-1
2022-03-25 15:58:49,17636,17637,17637,10,10
2022-03-25 15:58:57,17636,17637,17637,1,1
2022-03-25 15:59:02,17637,17638,17638,4,4
2022-03-25 15:59:02,17637,17638,17638,1,1
2022-03-25 15:59:02,17637,17638,17638,1,1
2022-03-25 15:59:02,17637,17638,17637,2,-2
2022-03-25 15:59:10,17636,17637,17637,1,1
2022-03-25 15:59:12,17636,17637,17637,1,1
2022-03-25 15:59:13,17636,17637,17637,1,1
2022-03-25 15:59:13,17636,17637,17637,1,1
2022-03-25 15:59:19,17637,17638,17637,1,-1
2022-03-25 15:59:23,17636,17637,17637,1,1
2022-03-25 15:59:23,17636,17637,17637,1,1
2022-03-25 15:59:25,17636,17637,17636,2,-2
2022-03-25 15:59:25,17636,17637,17636,14,-14
2022-03-25 15:59:26,17635,17636,17636,1,1
2022-03-25 15:59:32,17635,17637,17635,1,-1
2022-03-25 15:59:33,17635,17637,17637,1,1
2022-03-25 15:59:33,17635,17636,17636,1,1
2022-03-25 15:59:55,17636,17637,17637,1,1
2022-03-25 15:59:55,17636,17637,17637,1,1
2022-03-25 15:59:56,17636,17637,17637,1,1
2022-03-25 15:59:56,17636,17637,17638,9,9
2022-03-25 15:59:57,17637,17639,17639,1,1
2022-03-25 15:59:57,17637,17639,17637,1,-1
2022-03-25 15:59:57,17637,17639,17639,1,1
2022-03-25 16:00:00,17637,17638,17637,1,-1
2022-03-25 16:00:00,17636,17637,17636,2,-2
2022-03-25 16:00:00,17636,17637,17636,2,-2
2022-03-25 16:00:00,17636,17637,17637,1,1
2022-03-25 16:00:00,17636,17637,17636,2,-2
2022-03-25 16:00:00,17636,17637,17637,1,1
2022-03-25 16:00:00,17636,17637,17636,9,-9
2022-03-25 16:00:00,17636,17637,17636,1,-1
2022-03-25 16:00:00,17636,17637,17636,1,-1
2022-03-25 16:00:00,17636,17637,17636,1,-1
2022-03-25 16:00:00,17636,17637,17636,3,-3
2022-03-25 16:00:01,17635,17636,17635,1,-1
2022-03-25 16:00:01,17635,17636,17635,1,-1
2022-03-25 16:00:01,17635,17636,17635,1,-1
2022-03-25 16:00:01,17635,17636,17635,1,-1
2022-03-25 16:00:01,17635,17636,17635,3,-3
2022-03-25 16:00:01,17635,17636,17635,1,-1
2022-03-25 16:00:01,17635,17636,17636,1,1
2022-03-25 16:00:01,17635,17636,17636,2,2
2022-03-25 16:00:01,17635,17636,17636,1,1
2022-03-25 16:00:01,17635,17636,17635,1,-1
2022-03-25 16:00:01,17635,17636,17635,1,-1
2022-03-25 16:00:01,17635,17636,17636,1,1
2022-03-25 16:00:01,17635,17636,17636,1,1
2022-03-25 16:00:02,17635,17636,17637,1,1
2022-03-25 16:00:02,17635,17637,17637,1,1
2022-03-25 16:00:02,17635,17637,17637,1,1
2022-03-25 16:00:03,17637,17638,17638,1,1
2022-03-25 16:00:03,17637,17639,17639,1,1
2022-03-25 16:00:04,17637,17639,17639,1,1
2022-03-25 16:00:06,17636,17638,17638,1,1
2022-03-25 16:00:08,17636,17637,17637,1,1
2022-03-25 16:00:17,17637,17638,17637,1,-1
2022-03-25 16:00:18,17636,17638,17638,1,1
2022-03-25 16:00:23,17636,17638,17638,1,1
2022-03-25 16:00:26,17636,17637,17637,1,1
2022-03-25 16:00:29,17636,17637,17637,1,1
2022-03-25 16:00:33,17636,17637,17636,1,-1
2022-03-25 16:00:38,17635,17636,17635,1,-1
2022-03-25 16:00:38,17635,17636,17635,1,-1
2022-03-25 16:00:38,17635,17636,17635,1,-1
2022-03-25 16:00:40,17635,17636,17636,2,2
2022-03-25 16:00:43,17635,17636,17635,1,-1
2022-03-25 16:00:57,17634,17635,17634,1,-1
2022-03-25 16:00:57,17634,17635,17634,1,-1
2022-03-25 16:01:00,17633,17635,17634,1,1
2022-03-25 16:01:03,17634,17635,17635,5,5
2022-03-25 16:01:03,17635,17636,17636,5,5
2022-03-25 16:01:07,17635,17636,17634,1,-1
2022-03-25 16:01:07,17635,17636,17635,1,-1
2022-03-25 16:01:09,17634,17635,17635,1,1
2022-03-25 16:01:11,17634,17635,17635,3,3
2022-03-25 16:01:14,17634,17635,17634,1,-1
2022-03-25 16:01:14,17634,17635,17634,1,-1
2022-03-25 16:01:16,17633,17634,17633,2,-2
2022-03-25 16:01:17,17633,17634,17634,1,1
2022-03-25 16:01:22,17633,17634,17634,3,3
2022-03-25 16:01:22,17633,17634,17635,5,5
2022-03-25 16:01:22,17633,17634,17635,2,2
2022-03-25 16:01:22,17634,17635,17634,1,-1
2022-03-25 16:01:24,17634,17636,17634,1,-1
2022-03-25 16:01:29,17634,17635,17634,1,-1
2022-03-25 16:01:36,17633,17634,17633,2,-2
2022-03-25 16:01:39,17633,17634,17633,1,-1
2022-03-25 16:01:39,17632,17634,17634,1,1
2022-03-25 16:01:41,17633,17634,17633,1,-1
2022-03-25 16:01:49,17633,17634,17633,1,-1
2022-03-25 16:01:52,17633,17634,17634,1,1
2022-03-25 16:01:52,17633,17634,17633,1,-1
2022-03-25 16:02:00,17632,17633,17633,2,2
2022-03-25 16:02:05,17633,17634,17634,2,2
2022-03-25 16:02:05,17633,17634,17634,1,1
2022-03-25 16:02:05,17633,17634,17634,1,1
2022-03-25 16:02:05,17633,17634,17634,1,1
2022-03-25 16:02:05,17633,17634,17634,3,3
2022-03-25 16:02:14,17634,17635,17635,4,4
2022-03-25 16:02:14,17634,17635,17636,3,3
2022-03-25 16:02:15,17635,17637,17637,2,2
2022-03-25 16:02:22,17636,17637,17637,1,1
2022-03-25 16:02:22,17636,17637,17637,2,2
2022-03-25 16:02:24,17636,17637,17636,2,-2
2022-03-25 16:02:24,17636,17637,17637,1,1
2022-03-25 16:02:24,17636,17637,17637,1,1
2022-03-25 16:02:36,17636,17637,17637,4,4
2022-03-25 16:02:36,17636,17637,17637,1,1
2022-03-25 16:02:36,17636,17637,17638,14,14
2022-03-25 16:02:39,17637,17639,17637,1,-1
2022-03-25 16:02:41,17637,17639,17639,20,20
2022-03-25 16:02:41,17638,17640,17640,1,1
2022-03-25 16:02:41,17638,17640,17640,1,1
2022-03-25 16:02:41,17638,17640,17640,6,6
2022-03-25 16:02:41,17638,17640,17640,27,27
2022-03-25 16:02:41,17638,17640,17641,1,1
2022-03-25 16:02:41,17638,17640,17641,1,1
2022-03-25 16:02:41,17641,17642,17642,1,1
2022-03-25 16:02:41,17641,17642,17642,2,2
2022-03-25 16:02:41,17641,17642,17642,1,1
2022-03-25 16:02:41,17641,17642,17642,1,1
2022-03-25 16:02:41,17641,17642,17641,1,-1
2022-03-25 16:02:42,17641,17642,17642,3,3
2022-03-25 16:02:42,17641,17642,17642,3,3
2022-03-25 16:02:42,17641,17642,17643,3,3
2022-03-25 16:02:42,17641,17642,17643,2,2
2022-03-25 16:02:42,17642,17643,17642,1,-1
2022-03-25 16:02:42,17642,17643,17642,1,-1
2022-03-25 16:02:42,17641,17642,17642,2,2
2022-03-25 16:02:42,17641,17642,17642,1,1
2022-03-25 16:02:42,17641,17642,17643,1,1
2022-03-25 16:02:43,17642,17643,17642,1,-1
2022-03-25 16:02:43,17642,17643,17642,2,-2
2022-03-25 16:02:45,17640,17641,17641,1,1
2022-03-25 16:02:49,17639,17640,17639,1,-1
2022-03-25 16:02:51,17639,17640,17640,2,2
2022-03-25 16:02:56,17639,17640,17641,13,13
2022-03-25 16:02:56,17639,17640,17642,16,16
2022-03-25 16:02:56,17639,17640,17640,1,1
2022-03-25 16:02:57,17640,17642,17642,1,1
2022-03-25 16:02:58,17640,17642,17640,1,-1
2022-03-25 16:02:58,17640,17642,17642,1,1
2022-03-25 16:02:58,17640,17642,17642,1,1
2022-03-25 16:03:00,17641,17642,17642,1,1
2022-03-25 16:03:01,17640,17642,17641,1,1
2022-03-25 16:03:02,17641,17642,17642,1,1
2022-03-25 16:03:02,17641,17642,17642,2,2
2022-03-25 16:03:02,17641,17642,17643,4,4
2022-03-25 16:03:03,17643,17644,17644,1,1
2022-03-25 16:03:03,17643,17644,17644,1,1
2022-03-25 16:03:03,17643,17644,17644,4,4
2022-03-25 16:03:03,17643,17644,17644,3,3
2022-03-25 16:03:03,17643,17644,17644,1,1
2022-03-25 16:03:03,17643,17644,17644,1,1
2022-03-25 16:03:03,17643,17644,17644,1,1
2022-03-25 16:03:03,17643,17644,17644,1,1
2022-03-25 16:03:03,17643,17645,17645,1,1
2022-03-25 16:03:03,17643,17645,17645,1,1
2022-03-25 16:03:07,17643,17644,17644,1,1
2022-03-25 16:03:07,17643,17645,17645,2,2
2022-03-25 16:03:09,17643,17645,17643,1,-1
2022-03-25 16:03:09,17642,17644,17644,2,2
2022-03-25 16:03:10,17642,17644,17644,1,1
2022-03-25 16:03:10,17642,17644,17642,1,-1
2022-03-25 16:03:10,17642,17644,17644,1,1
2022-03-25 16:03:16,17643,17644,17643,1,-1
2022-03-25 16:03:16,17643,17644,17644,4,4
2022-03-25 16:03:17,17643,17644,17644,2,2
2022-03-25 16:03:18,17643,17644,17644,1,1
2022-03-25 16:03:18,17643,17644,17643,8,-8
2022-03-25 16:03:20,17642,17643,17642,1,-1
2022-03-25 16:03:20,17642,17643,17642,2,-2
2022-03-25 16:03:20,17641,17642,17642,1,1
2022-03-25 16:03:21,17641,17643,17643,5,5
2022-03-25 16:03:22,17641,17643,17643,2,2
2022-03-25 16:03:24,17641,17642,17641,1,-1
2022-03-25 16:03:27,17641,17642,17641,1,-1
2022-03-25 16:03:30,17641,17642,17641,1,-1
2022-03-25 16:03:30,17641,17642,17641,1,-1
2022-03-25 16:03:30,17641,17642,17641,1,-1
2022-03-25 16:03:30,17640,17641,17640,5,-5
2022-03-25 16:03:30,17639,17640,17640,1,1
2022-03-25 16:03:31,17639,17640,17640,1,1
2022-03-25 16:03:33,17640,17641,17641,1,1
2022-03-25 16:03:33,17640,17641,17642,6,6
2022-03-25 16:03:34,17641,17643,17641,1,-1
2022-03-25 16:03:34,17640,17642,17642,1,1
2022-03-25 16:03:36,17641,17642,17642,1,1
2022-03-25 16:03:37,17641,17642,17642,1,1
2022-03-25 16:03:37,17641,17642,17643,4,4
2022-03-25 16:03:37,17641,17642,17643,1,1
2022-03-25 16:03:43,17641,17643,17643,1,1
2022-03-25 16:03:44,17641,17643,17643,1,1
2022-03-25 16:03:46,17641,17643,17641,1,-1
2022-03-25 16:03:49,17641,17642,17641,1,-1
2022-03-25 16:03:50,17640,17641,17641,1,1
2022-03-25 16:04:00,17640,17641,17641,1,1
2022-03-25 16:04:03,17640,17642,17640,1,-1
2022-03-25 16:04:07,17640,17641,17641,1,1
2022-03-25 16:04:08,17640,17641,17641,1,1
2022-03-25 16:04:08,17641,17642,17642,1,1
2022-03-25 16:04:12,17641,17642,17641,2,-2
2022-03-25 16:04:15,17640,17641,17640,1,-1
2022-03-25 16:04:15,17640,17641,17640,4,-4
2022-03-25 16:04:15,17640,17641,17640,7,-7
2022-03-25 16:04:16,17639,17640,17640,1,1
2022-03-25 16:04:19,17639,17640,17639,1,-1
2022-03-25 16:04:19,17639,17640,17639,2,-2
2022-03-25 16:04:19,17639,17640,17639,1,-1
2022-03-25 16:04:19,17639,17640,17639,1,-1
2022-03-25 16:04:20,17638,17639,17638,1,-1
2022-03-25 16:04:20,17638,17639,17638,1,-1
2022-03-25 16:04:22,17638,17640,17638,2,-2
2022-03-25 16:04:28,17638,17640,17638,1,-1
2022-03-25 16:04:36,17638,17639,17638,1,-1
2022-03-25 16:04:36,17638,17639,17638,1,-1
2022-03-25 16:04:49,17638,17639,17638,1,-1
2022-03-25 16:04:52,17638,17639,17638,1,-1
2022-03-25 16:04:52,17638,17639,17638,1,-1
2022-03-25 16:04:52,17638,17639,17638,11,-11
2022-03-25 16:04:53,17637,17638,17637,2,-2
2022-03-25 16:05:00,17636,17637,17637,2,2
2022-03-25 16:05:01,17636,17637,17636,2,-2
2022-03-25 16:05:03,17636,17637,17637,4,4
2022-03-25 16:05:03,17637,17638,17637,1,-1
2022-03-25 16:05:04,17636,17637,17637,1,1
2022-03-25 16:05:05,17636,17637,17636,1,-1
2022-03-25 16:05:14,17636,17637,17636,2,-2
2022-03-25 16:05:15,17636,17637,17636,3,-3
2022-03-25 16:05:18,17635,17636,17635,1,-1
2022-03-25 16:05:20,17635,17636,17635,1,-1
2022-03-25 16:05:20,17635,17636,17635,1,-1
2022-03-25 16:05:20,17635,17636,17635,1,-1
2022-03-25 16:05:20,17635,17636,17635,2,-2
2022-03-25 16:05:23,17633,17634,17632,6,-6
2022-03-25 16:05:23,17633,17634,17633,4,-4
2022-03-25 16:05:23,17632,17633,17632,1,-1
2022-03-25 16:05:23,17632,17633,17632,3,-3
2022-03-25 16:05:23,17631,17633,17631,1,-1
2022-03-25 16:05:24,17631,17633,17632,1,1
2022-03-25 16:05:26,17631,17632,17632,1,1
2022-03-25 16:05:26,17631,17632,17632,1,1
2022-03-25 16:05:26,17631,17632,17632,4,4
2022-03-25 16:05:26,17631,17632,17632,3,3
2022-03-25 16:05:27,17632,17633,17632,2,-2
2022-03-25 16:05:29,17632,17633,17633,2,2
2022-03-25 16:05:29,17632,17633,17633,1,1
2022-03-25 16:05:31,17632,17633,17632,1,-1
2022-03-25 16:05:32,17631,17632,17631,2,-2
2022-03-25 16:05:32,17631,17632,17631,2,-2
2022-03-25 16:05:32,17631,17632,17631,1,-1
2022-03-25 16:05:33,17630,17631,17631,1,1
2022-03-25 16:05:34,17630,17632,17630,1,-1
2022-03-25 16:05:34,17630,17631,17630,4,-4
2022-03-25 16:05:36,17630,17631,17630,3,-3
2022-03-25 16:05:38,17630,17631,17630,2,-2
2022-03-25 16:05:39,17630,17631,17630,1,-1
2022-03-25 16:05:39,17630,17631,17631,1,1
2022-03-25 16:05:41,17630,17631,17630,4,-4
2022-03-25 16:05:42,17629,17630,17629,2,-2
2022-03-25 16:05:42,17629,17630,17629,2,-2
2022-03-25 16:05:42,17628,17630,17629,1,1
2022-03-25 16:05:43,17629,17630,17630,2,2
2022-03-25 16:05:45,17630,17631,17631,1,1
2022-03-25 16:05:47,17631,17632,17631,1,-1
2022-03-25 16:05:51,17630,17631,17630,1,-1
2022-03-25 16:05:51,17630,17631,17631,1,1
2022-03-25 16:05:52,17630,17632,17630,1,-1
2022-03-25 16:05:54,17630,17632,17631,1,1
2022-03-25 16:05:58,17630,17631,17631,1,1
2022-03-25 16:05:59,17630,17632,17630,2,-2
2022-03-25 16:05:59,17630,17632,17630,1,-1
2022-03-25 16:06:02,17631,17632,17631,1,-1
2022-03-25 16:06:02,17630,17632,17632,4,4
2022-03-25 16:06:02,17630,17632,17632,1,1
2022-03-25 16:06:02,17630,17632,17632,1,1
2022-03-25 16:06:02,17630,17632,17633,1,1
2022-03-25 16:06:02,17630,17632,17633,1,1
2022-03-25 16:06:02,17630,17632,17633,1,1
2022-03-25 16:06:02,17630,17632,17633,1,1
2022-03-25 16:06:02,17630,17632,17632,1,1
2022-03-25 16:06:02,17631,17634,17631,1,-1
2022-03-25 16:06:06,17631,17633,17631,4,-4
2022-03-25 16:06:06,17630,17633,17633,1,1
2022-03-25 16:06:06,17630,17633,17633,1,1
2022-03-25 16:06:06,17630,17633,17633,1,1
2022-03-25 16:06:06,17630,17633,17633,1,1
2022-03-25 16:06:06,17630,17633,17633,1,1
2022-03-25 16:06:06,17632,17633,17633,1,1
2022-03-25 16:06:10,17632,17633,17632,1,-1
2022-03-25 16:06:10,17631,17633,17633,1,1
2022-03-25 16:06:10,17631,17633,17633,1,1
2022-03-25 16:06:10,17631,17633,17633,1,1
2022-03-25 16:06:10,17631,17633,17633,1,1
2022-03-25 16:06:10,17631,17633,17633,1,1
2022-03-25 16:06:10,17631,17633,17634,1,1
2022-03-25 16:06:10,17631,17633,17634,1,1
2022-03-25 16:06:10,17631,17633,17634,1,1
2022-03-25 16:06:10,17631,17633,17634,1,1
2022-03-25 16:06:15,17632,17633,17633,2,2
2022-03-25 16:06:21,17631,17633,17631,2,-2
2022-03-25 16:06:24,17631,17633,17631,1,-1
2022-03-25 16:06:24,17631,17633,17633,1,1
2022-03-25 16:06:24,17631,17633,17633,1,1
2022-03-25 16:06:24,17631,17633,17633,1,1
2022-03-25 16:06:24,17631,17633,17633,1,1
2022-03-25 16:06:24,17631,17633,17633,1,1
2022-03-25 16:06:24,17631,17633,17634,1,1
2022-03-25 16:06:24,17631,17633,17634,1,1
2022-03-25 16:06:24,17631,17633,17634,1,1
2022-03-25 16:06:24,17631,17633,17634,1,1
2022-03-25 16:06:24,17631,17633,17634,1,1
2022-03-25 16:06:24,17631,17633,17634,1,1
2022-03-25 16:06:24,17631,17633,17634,1,1
2022-03-25 16:06:24,17631,17633,17634,1,1
2022-03-25 16:06:24,17631,17633,17634,1,1
2022-03-25 16:06:24,17631,17633,17635,1,1
2022-03-25 16:06:36,17632,17633,17633,1,1
2022-03-25 16:06:39,17632,17633,17633,1,1
2022-03-25 16:06:39,17633,17634,17634,1,1
2022-03-25 16:06:39,17633,17634,17635,1,1
2022-03-25 16:06:39,17633,17634,17635,1,1
2022-03-25 16:06:39,17633,17634,17635,1,1
2022-03-25 16:06:39,17633,17634,17635,1,1
2022-03-25 16:06:39,17633,17634,17635,1,1
2022-03-25 16:06:39,17633,17634,17635,1,1
2022-03-25 16:06:39,17633,17634,17635,1,1
2022-03-25 16:06:39,17633,17634,17635,1,1
2022-03-25 16:06:39,17633,17634,17635,1,1
2022-03-25 16:06:39,17633,17634,17636,1,1
2022-03-25 16:06:40,17634,17636,17634,1,-1
2022-03-25 16:06:40,17634,17636,17634,1,-1
2022-03-25 16:06:46,17632,17634,17634,3,3
2022-03-25 16:06:47,17633,17634,17634,2,2
2022-03-25 16:06:47,17633,17634,17634,1,1
2022-03-25 16:06:47,17633,17635,17635,1,1
2022-03-25 16:06:47,17633,17635,17635,1,1
2022-03-25 16:06:54,17633,17635,17633,1,-1
2022-03-25 16:06:58,17632,17633,17633,1,1
2022-03-25 16:07:02,17632,17633,17632,1,-1
2022-03-25 16:07:08,17631,17632,17632,1,1
2022-03-25 16:07:14,17631,17632,17631,3,-3
2022-03-25 16:07:14,17631,17632,17631,1,-1
2022-03-25 16:07:14,17631,17632,17631,2,-2
2022-03-25 16:07:15,17630,17632,17630,22,-22
2022-03-25 16:07:15,17630,17632,17630,1,-1
2022-03-25 16:07:17,17629,17630,17629,2,-2
2022-03-25 16:07:17,17629,17630,17628,3,-3
2022-03-25 16:07:18,17628,17629,17628,1,-1
2022-03-25 16:07:19,17628,17629,17628,2,-2
2022-03-25 16:07:19,17628,17629,17628,1,-1
2022-03-25 16:07:19,17628,17629,17628,1,-1
2022-03-25 16:07:19,17628,17629,17628,1,-1
2022-03-25 16:07:19,17628,17629,17628,2,-2
2022-03-25 16:07:19,17628,17629,17628,1,-1
2022-03-25 16:07:19,17628,17629,17628,3,-3
2022-03-25 16:07:20,17627,17628,17627,4,-4
2022-03-25 16:07:20,17627,17628,17627,2,-2
2022-03-25 16:07:21,17626,17628,17628,1,1
2022-03-25 16:07:24,17627,17628,17628,1,1
2022-03-25 16:07:27,17627,17629,17627,1,-1
2022-03-25 16:07:30,17628,17629,17628,1,-1
2022-03-25 16:07:30,17628,17629,17627,5,-5
2022-03-25 16:07:33,17626,17628,17626,1,-1
2022-03-25 16:07:33,17626,17628,17626,1,-1
2022-03-25 16:07:34,17626,17627,17626,1,-1
2022-03-25 16:07:34,17626,17627,17626,2,-2
2022-03-25 16:07:34,17626,17627,17627,2,2
2022-03-25 16:07:35,17626,17628,17626,1,-1
2022-03-25 16:07:41,17626,17627,17626,1,-1
2022-03-25 16:07:41,17626,17627,17626,1,-1
2022-03-25 16:07:42,17625,17627,17624,7,-7
2022-03-25 16:07:42,17625,17627,17625,14,-14
2022-03-25 16:07:42,17625,17627,17625,1,-1
2022-03-25 16:07:44,17624,17625,17624,3,-3
2022-03-25 16:07:44,17624,17625,17624,2,-2
2022-03-25 16:07:45,17624,17625,17625,1,1
2022-03-25 16:07:45,17625,17627,17625,2,-2
2022-03-25 16:07:46,17625,17627,17625,1,-1
2022-03-25 16:07:47,17626,17627,17626,3,-3
2022-03-25 16:07:47,17626,17627,17626,1,-1
2022-03-25 16:07:49,17626,17627,17626,1,-1
2022-03-25 16:07:49,17626,17627,17626,1,-1
2022-03-25 16:07:52,17625,17626,17624,2,-2
2022-03-25 16:07:52,17625,17626,17625,3,-3
2022-03-25 16:07:52,17625,17626,17626,2,2
2022-03-25 16:07:52,17625,17627,17625,1,-1
2022-03-25 16:07:53,17625,17627,17625,1,-1
2022-03-25 16:07:54,17625,17626,17625,1,-1
2022-03-25 16:07:59,17625,17626,17625,1,-1
2022-03-25 16:08:00,17625,17626,17626,1,1
2022-03-25 16:08:00,17625,17626,17626,2,2
2022-03-25 16:08:02,17626,17627,17627,1,1
2022-03-25 16:08:02,17626,17627,17627,2,2
2022-03-25 16:08:03,17628,17630,17628,6,-6
2022-03-25 16:08:03,17628,17629,17628,3,-3
2022-03-25 16:08:08,17627,17628,17628,1,1
2022-03-25 16:08:08,17627,17628,17628,3,3
2022-03-25 16:08:09,17628,17629,17629,1,1
2022-03-25 16:08:16,17628,17629,17627,1,-1
2022-03-25 16:08:16,17628,17629,17628,1,-1
2022-03-25 16:08:18,17628,17629,17628,1,-1
2022-03-25 16:08:22,17628,17629,17628,1,-1
2022-03-25 16:08:22,17627,17629,17629,1,1
2022-03-25 16:08:22,17627,17629,17628,1,1
2022-03-25 16:08:23,17628,17629,17629,6,6
2022-03-25 16:08:24,17629,17630,17629,1,-1
2022-03-25 16:08:24,17629,17630,17629,1,-1
2022-03-25 16:08:33,17627,17629,17629,1,1
2022-03-25 16:08:41,17627,17628,17627,2,-2
2022-03-25 16:08:43,17626,17627,17626,1,-1
2022-03-25 16:08:53,17626,17627,17626,1,-1
2022-03-25 16:08:53,17626,17627,17626,2,-2
2022-03-25 16:08:54,17625,17627,17625,1,-1
2022-03-25 16:08:54,17625,17627,17627,1,1
2022-03-25 16:08:59,17626,17627,17626,1,-1
2022-03-25 16:08:59,17626,17627,17625,5,-5
2022-03-25 16:09:03,17625,17626,17625,1,-1
2022-03-25 16:09:03,17625,17626,17625,1,-1
2022-03-25 16:09:05,17625,17626,17625,3,-3
2022-03-25 16:09:06,17625,17626,17625,1,-1
2022-03-25 16:09:09,17625,17626,17625,1,-1
2022-03-25 16:09:09,17624,17626,17624,2,-2
2022-03-25 16:09:11,17624,17625,17624,1,-1
2022-03-25 16:09:13,17624,17625,17625,2,2
2022-03-25 16:09:13,17625,17626,17625,1,-1
2022-03-25 16:09:16,17625,17626,17625,2,-2
2022-03-25 16:09:16,17624,17626,17624,2,-2
2022-03-25 16:09:20,17624,17625,17624,1,-1
2022-03-25 16:09:20,17624,17625,17624,1,-1
2022-03-25 16:09:22,17624,17625,17624,1,-1
2022-03-25 16:09:22,17624,17625,17623,6,-6
2022-03-25 16:09:22,17623,17624,17623,1,-1
2022-03-25 16:09:22,17623,17624,17623,2,-2
2022-03-25 16:09:23,17623,17624,17623,1,-1
2022-03-25 16:09:23,17623,17624,17623,7,-7
2022-03-25 16:09:23,17623,17624,17623,3,-3
2022-03-25 16:09:23,17623,17624,17622,1,-1
2022-03-25 16:09:25,17622,17623,17623,1,1
2022-03-25 16:09:28,17623,17624,17623,1,-1
2022-03-25 16:09:29,17623,17624,17623,1,-1
2022-03-25 16:09:29,17623,17624,17624,1,1
2022-03-25 16:09:32,17623,17624,17623,1,-1
2022-03-25 16:09:32,17623,17624,17622,2,-2
2022-03-25 16:09:32,17623,17624,17622,7,-7
2022-03-25 16:09:33,17622,17624,17624,1,1
2022-03-25 16:09:35,17622,17623,17622,3,-3
2022-03-25 16:09:35,17622,17623,17622,1,-1
2022-03-25 16:09:35,17622,17623,17622,1,-1
2022-03-25 16:09:36,17622,17623,17622,1,-1
2022-03-25 16:09:36,17622,17623,17622,1,-1
2022-03-25 16:09:39,17622,17623,17622,2,-2
2022-03-25 16:09:39,17622,17623,17621,1,-1
2022-03-25 16:09:40,17621,17622,17621,2,-2
2022-03-25 16:09:40,17621,17622,17621,1,-1
2022-03-25 16:09:40,17621,17622,17621,7,-7
2022-03-25 16:09:40,17621,17622,17620,1,-1
2022-03-25 16:09:40,17621,17622,17620,1,-1
2022-03-25 16:09:40,17621,17622,17620,1,-1
2022-03-25 16:09:40,17621,17622,17620,1,-1
2022-03-25 16:09:40,17621,17622,17620,1,-1
2022-03-25 16:09:40,17621,17622,17620,17,-17
2022-03-25 16:09:40,17621,17622,17619,1,-1
2022-03-25 16:09:40,17619,17621,17619,3,-3
2022-03-25 16:09:40,17619,17621,17619,2,-2
2022-03-25 16:09:40,17619,17621,17618,4,-4
2022-03-25 16:09:40,17618,17620,17618,1,-1
2022-03-25 16:09:40,17618,17620,17618,1,-1
2022-03-25 16:09:40,17618,17620,17618,1,-1
2022-03-25 16:09:40,17618,17620,17617,1,-1
2022-03-25 16:09:40,17618,17620,17617,1,-1
2022-03-25 16:09:40,17617,17618,17617,1,-1
2022-03-25 16:09:40,17617,17618,17617,1,-1
2022-03-25 16:09:40,17617,17618,17617,6,-6
2022-03-25 16:09:40,17617,17618,17616,1,-1
2022-03-25 16:09:40,17616,17618,17618,1,1
2022-03-25 16:09:40,17618,17619,17618,1,-1
2022-03-25 16:09:40,17617,17619,17619,1,1
2022-03-25 16:09:40,17617,17619,17619,1,1
2022-03-25 16:09:40,17617,17619,17619,1,1
2022-03-25 16:09:41,17618,17620,17618,1,-1
2022-03-25 16:09:41,17618,17620,17618,1,-1
2022-03-25 16:09:42,17618,17620,17618,1,-1
2022-03-25 16:09:42,17618,17619,17618,1,-1
2022-03-25 16:09:44,17616,17618,17618,1,1
2022-03-25 16:09:45,17617,17618,17618,1,1
2022-03-25 16:09:46,17618,17619,17617,1,-1
2022-03-25 16:09:46,17618,17619,17618,1,-1
2022-03-25 16:09:47,17617,17619,17617,1,-1
2022-03-25 16:09:47,17617,17619,17617,2,-2
2022-03-25 16:09:48,17617,17619,17617,1,-1
2022-03-25 16:09:48,17617,17619,17617,2,-2
2022-03-25 16:09:49,17616,17618,17618,1,1
2022-03-25 16:09:53,17617,17619,17617,1,-1
2022-03-25 16:09:53,17617,17619,17618,1,1
2022-03-25 16:09:54,17619,17620,17619,1,-1
2022-03-25 16:09:54,17619,17620,17619,1,-1
2022-03-25 16:09:55,17619,17620,17619,1,-1
2022-03-25 16:09:55,17619,17620,17619,1,-1
2022-03-25 16:09:55,17619,17620,17620,2,2
2022-03-25 16:09:55,17619,17620,17620,1,1
2022-03-25 16:09:56,17620,17622,17620,1,-1
2022-03-25 16:09:56,17620,17622,17622,1,1
2022-03-25 16:09:58,17619,17621,17619,1,-1
2022-03-25 16:10:07,17619,17620,17620,1,1
2022-03-25 16:10:07,17619,17621,17619,1,-1
2022-03-25 16:10:12,17619,17621,17619,1,-1
2022-03-25 16:10:17,17619,17620,17619,5,-5
2022-03-25 16:10:17,17619,17620,17619,1,-1
2022-03-25 16:10:17,17619,17620,17619,1,-1
2022-03-25 16:10:17,17618,17619,17618,7,-7
2022-03-25 16:10:20,17617,17618,17617,2,-2
2022-03-25 16:10:20,17617,17618,17617,1,-1
2022-03-25 16:10:20,17617,17618,17617,5,-5
2022-03-25 16:10:20,17617,17618,17617,2,-2
2022-03-25 16:10:21,17616,17617,17617,3,3
2022-03-25 16:10:21,17616,17617,17618,5,5
2022-03-25 16:10:24,17616,17617,17616,1,-1
2022-03-25 16:10:24,17616,17617,17616,1,-1
2022-03-25 16:10:24,17616,17617,17616,5,-5
2022-03-25 16:10:25,17615,17616,17617,2,2
2022-03-25 16:10:25,17615,17616,17616,3,3
2022-03-25 16:10:25,17615,17616,17617,1,1
2022-03-25 16:10:25,17615,17617,17615,2,-2
2022-03-25 16:10:25,17615,17617,17615,1,-1
2022-03-25 16:10:25,17615,17617,17615,1,-1
2022-03-25 16:10:25,17615,17617,17615,1,-1
2022-03-25 16:10:26,17615,17617,17615,1,-1
2022-03-25 16:10:26,17615,17617,17617,1,1
2022-03-25 16:10:28,17615,17616,17615,1,-1
2022-03-25 16:10:28,17615,17616,17615,1,-1
2022-03-25 16:10:28,17615,17616,17615,2,-2
2022-03-25 16:10:28,17615,17616,17615,4,-4
2022-03-25 16:10:29,17614,17615,17615,1,1
2022-03-25 16:10:29,17614,17616,17614,1,-1
2022-03-25 16:10:29,17614,17616,17614,1,-1
2022-03-25 16:10:29,17614,17616,17614,1,-1
2022-03-25 16:10:31,17614,17615,17614,1,-1
2022-03-25 16:10:31,17614,17615,17614,1,-1
2022-03-25 16:10:31,17613,17615,17614,1,1
2022-03-25 16:10:32,17613,17614,17613,1,-1
2022-03-25 16:10:32,17613,17614,17613,3,-3
2022-03-25 16:10:32,17613,17614,17613,7,-7
2022-03-25 16:10:32,17613,17614,17612,5,-5
2022-03-25 16:10:32,17611,17613,17611,1,-1
2022-03-25 16:10:32,17611,17613,17611,1,-1
2022-03-25 16:10:32,17611,17612,17611,1,-1
2022-03-25 16:10:33,17611,17612,17611,2,-2
2022-03-25 16:10:34,17611,17612,17613,1,1
2022-03-25 16:10:35,17611,17612,17611,1,-1
2022-03-25 16:10:35,17611,17612,17611,2,-2
2022-03-25 16:10:35,17611,17612,17611,1,-1
2022-03-25 16:10:35,17611,17612,17611,3,-3
2022-03-25 16:10:35,17610,17611,17610,5,-5
2022-03-25 16:10:35,17610,17611,17610,1,-1
2022-03-25 16:10:35,17610,17611,17610,1,-1
2022-03-25 16:10:35,17610,17611,17610,1,-1
2022-03-25 16:10:35,17610,17611,17610,1,-1
2022-03-25 16:10:35,17610,17611,17610,1,-1
2022-03-25 16:10:35,17610,17611,17610,1,-1
2022-03-25 16:10:35,17610,17611,17610,1,-1
2022-03-25 16:10:35,17610,17611,17610,1,-1
2022-03-25 16:10:35,17610,17611,17610,1,-1
2022-03-25 16:10:35,17610,17611,17610,5,-5
2022-03-25 16:10:35,17610,17611,17610,1,-1
2022-03-25 16:10:36,17610,17611,17610,2,-2
2022-03-25 16:10:36,17610,17611,17610,1,-1
2022-03-25 16:10:36,17610,17611,17610,3,-3
2022-03-25 16:10:36,17610,17611,17610,4,-4
2022-03-25 16:10:36,17610,17611,17610,1,-1
2022-03-25 16:10:36,17609,17610,17609,1,-1
2022-03-25 16:10:36,17609,17610,17610,1,1
2022-03-25 16:10:36,17609,17610,17610,1,1
2022-03-25 16:10:37,17609,17610,17609,2,-2
2022-03-25 16:10:37,17609,17610,17609,1,-1
2022-03-25 16:10:37,17609,17610,17609,2,-2
2022-03-25 16:10:37,17608,17609,17608,2,-2
2022-03-25 16:10:37,17608,17609,17608,2,-2
2022-03-25 16:10:37,17608,17609,17609,1,1
2022-03-25 16:10:37,17608,17609,17608,1,-1
2022-03-25 16:10:37,17608,17609,17608,2,-2
2022-03-25 16:10:38,17608,17609,17608,1,-1
2022-03-25 16:10:38,17608,17609,17608,1,-1
2022-03-25 16:10:38,17608,17609,17609,1,1
2022-03-25 16:10:38,17608,17609,17608,1,-1
2022-03-25 16:10:38,17607,17608,17607,1,-1
2022-03-25 16:10:38,17607,17608,17608,1,1
2022-03-25 16:10:38,17607,17608,17607,1,-1
2022-03-25 16:10:38,17607,17608,17607,1,-1
2022-03-25 16:10:38,17607,17608,17607,1,-1
2022-03-25 16:10:39,17607,17608,17606,5,-5
2022-03-25 16:10:39,17607,17608,17607,5,-5
2022-03-25 16:10:40,17606,17607,17607,1,1
2022-03-25 16:10:40,17607,17608,17607,4,-4
2022-03-25 16:10:40,17607,17608,17607,1,-1
2022-03-25 16:10:40,17607,17608,17607,1,-1
2022-03-25 16:10:41,17607,17608,17607,1,-1
2022-03-25 16:10:41,17607,17608,17606,4,-4
2022-03-25 16:10:41,17606,17607,17606,3,-3
2022-03-25 16:10:41,17606,17607,17606,1,-1
2022-03-25 16:10:42,17605,17607,17607,1,1
2022-03-25 16:10:42,17605,17607,17605,1,-1
2022-03-25 16:10:42,17605,17607,17605,1,-1
2022-03-25 16:10:42,17605,17607,17606,1,1
2022-03-25 16:10:42,17605,17607,17605,2,-2
2022-03-25 16:10:42,17605,17607,17605,2,-2
2022-03-25 16:10:42,17605,17607,17605,4,-4
2022-03-25 16:10:42,17605,17607,17605,1,-1
2022-03-25 16:10:43,17604,17605,17604,1,-1
2022-03-25 16:10:43,17604,17605,17604,1,-1
2022-03-25 16:10:43,17604,17605,17603,1,-1
2022-03-25 16:10:43,17603,17605,17603,1,-1
2022-03-25 16:10:43,17603,17605,17603,1,-1
2022-03-25 16:10:43,17603,17605,17603,1,-1
2022-03-25 16:10:43,17603,17605,17603,3,-3
2022-03-25 16:10:43,17603,17605,17605,1,1
2022-03-25 16:10:43,17603,17605,17604,1,1
2022-03-25 16:10:43,17603,17605,17604,3,3
2022-03-25 16:10:43,17604,17606,17604,1,-1
2022-03-25 16:10:43,17604,17606,17603,1,-1
2022-03-25 16:10:43,17604,17606,17604,1,-1
2022-03-25 16:10:43,17604,17606,17603,2,-2
2022-03-25 16:10:43,17603,17605,17603,1,-1
2022-03-25 16:10:43,17603,17605,17603,1,-1
2022-03-25 16:10:43,17603,17605,17603,2,-2
2022-03-25 16:10:43,17603,17605,17603,1,-1
2022-03-25 16:10:43,17603,17605,17603,1,-1
2022-03-25 16:10:43,17603,17605,17603,1,-1
2022-03-25 16:10:43,17602,17604,17602,1,-1
2022-03-25 16:10:43,17602,17604,17602,4,-4
2022-03-25 16:10:44,17603,17604,17603,1,-1
2022-03-25 16:10:44,17603,17604,17603,1,-1
2022-03-25 16:10:44,17603,17604,17602,12,-12
2022-03-25 16:10:44,17603,17604,17602,2,-2
2022-03-25 16:10:45,17603,17604,17603,6,-6
2022-03-25 16:10:45,17603,17604,17603,1,-1
2022-03-25 16:10:45,17603,17604,17603,1,-1
2022-03-25 16:10:46,17603,17604,17603,1,-1
2022-03-25 16:10:46,17603,17604,17604,1,1
2022-03-25 16:10:46,17603,17604,17604,3,3
2022-03-25 16:10:47,17604,17606,17604,1,-1
2022-03-25 16:10:47,17604,17606,17604,1,-1
2022-03-25 16:10:47,17604,17606,17606,7,7
2022-03-25 16:10:47,17604,17606,17605,1,1
2022-03-25 16:10:48,17605,17606,17605,2,-2
2022-03-25 16:10:48,17605,17606,17606,1,1
2022-03-25 16:10:48,17605,17607,17606,1,1
2022-03-25 16:10:49,17605,17606,17605,1,-1
2022-03-25 16:10:49,17605,17606,17604,1,-1
2022-03-25 16:10:50,17604,17605,17604,1,-1
2022-03-25 16:10:51,17603,17605,17603,1,-1
2022-03-25 16:10:51,17603,17605,17603,1,-1
2022-03-25 16:10:52,17602,17603,17603,1,1
2022-03-25 16:10:52,17602,17603,17602,1,-1
2022-03-25 16:10:53,17602,17604,17602,2,-2
2022-03-25 16:10:54,17602,17604,17602,1,-1
2022-03-25 16:10:54,17602,17604,17602,1,-1
2022-03-25 16:10:54,17601,17603,17601,1,-1
2022-03-25 16:10:55,17602,17604,17602,1,-1
2022-03-25 16:10:55,17602,17604,17602,1,-1
2022-03-25 16:10:55,17601,17604,17601,1,-1
2022-03-25 16:10:55,17601,17604,17601,1,-1
2022-03-25 16:10:55,17601,17604,17601,1,-1
2022-03-25 16:10:56,17601,17603,17601,1,-1
2022-03-25 16:10:56,17602,17603,17602,1,-1
2022-03-25 16:10:56,17601,17603,17603,1,1
2022-03-25 16:10:57,17602,17604,17604,1,1
2022-03-25 16:10:58,17602,17603,17603,1,1
2022-03-25 16:10:58,17602,17603,17602,1,-1
2022-03-25 16:10:59,17601,17602,17602,1,1
2022-03-25 16:11:00,17602,17604,17602,1,-1
2022-03-25 16:11:02,17602,17604,17602,2,-2
2022-03-25 16:11:02,17602,17604,17602,1,-1
2022-03-25 16:11:02,17602,17604,17604,1,1
2022-03-25 16:11:03,17603,17604,17603,1,-1
2022-03-25 16:11:03,17603,17604,17603,1,-1
2022-03-25 16:11:03,17603,17604,17603,1,-1
2022-03-25 16:11:03,17603,17604,17603,1,-1
2022-03-25 16:11:04,17603,17604,17603,1,-1
2022-03-25 16:11:04,17603,17604,17603,1,-1
2022-03-25 16:11:06,17603,17604,17604,2,2
2022-03-25 16:11:09,17603,17604,17604,1,1
2022-03-25 16:11:09,17603,17604,17604,1,1
2022-03-25 16:11:09,17603,17604,17604,1,1
2022-03-25 16:11:09,17603,17604,17604,2,2
2022-03-25 16:11:09,17603,17604,17604,1,1
2022-03-25 16:11:10,17604,17605,17604,1,-1
2022-03-25 16:11:10,17604,17606,17604,1,-1
2022-03-25 16:11:12,17605,17606,17606,1,1
2022-03-25 16:11:12,17605,17606,17606,1,1
2022-03-25 16:11:12,17605,17607,17607,1,1
2022-03-25 16:11:12,17605,17607,17605,1,-1
2022-03-25 16:11:14,17606,17607,17607,1,1
2022-03-25 16:11:14,17606,17607,17607,1,1
2022-03-25 16:11:15,17606,17607,17606,1,-1
2022-03-25 16:11:15,17606,17607,17605,1,-1
2022-03-25 16:11:15,17606,17607,17606,2,-2
2022-03-25 16:11:17,17605,17606,17606,1,1
2022-03-25 16:11:17,17605,17606,17605,3,-3
2022-03-25 16:11:18,17606,17607,17606,1,-1
2022-03-25 16:11:18,17606,17607,17606,1,-1
2022-03-25 16:11:22,17606,17607,17606,3,-3
2022-03-25 16:11:24,17605,17606,17606,3,3
2022-03-25 16:11:25,17606,17607,17606,2,-2
2022-03-25 16:11:27,17606,17607,17607,7,7
2022-03-25 16:11:28,17605,17606,17606,1,1
2022-03-25 16:11:28,17605,17606,17607,2,2
2022-03-25 16:11:29,17606,17607,17606,1,-1
2022-03-25 16:11:35,17606,17607,17607,1,1
2022-03-25 16:11:35,17606,17607,17607,1,1
2022-03-25 16:11:36,17606,17607,17606,1,-1
2022-03-25 16:11:36,17606,17607,17606,3,-3
2022-03-25 16:11:38,17605,17606,17606,1,1
2022-03-25 16:11:38,17605,17606,17605,1,-1
2022-03-25 16:11:39,17605,17606,17605,1,-1
2022-03-25 16:11:40,17605,17606,17606,1,1
2022-03-25 16:11:41,17606,17608,17606,1,-1
2022-03-25 16:11:41,17605,17607,17607,1,1
2022-03-25 16:11:42,17605,17607,17605,1,-1
2022-03-25 16:11:43,17605,17607,17607,5,5
2022-03-25 16:11:43,17605,17607,17606,1,1
2022-03-25 16:11:44,17605,17607,17607,1,1
2022-03-25 16:11:44,17605,17607,17608,1,1
2022-03-25 16:11:45,17606,17607,17606,1,-1
2022-03-25 16:11:46,17605,17607,17605,1,-1
2022-03-25 16:11:47,17605,17607,17605,3,-3
2022-03-25 16:11:52,17606,17607,17606,1,-1
2022-03-25 16:11:52,17606,17607,17607,3,3
2022-03-25 16:11:54,17606,17607,17606,3,-3
2022-03-25 16:11:54,17606,17607,17605,1,-1
2022-03-25 16:11:57,17605,17606,17605,1,-1
2022-03-25 16:11:57,17605,17606,17606,4,4
2022-03-25 16:11:57,17605,17606,17606,2,2
2022-03-25 16:11:57,17605,17606,17606,2,2
2022-03-25 16:11:57,17605,17606,17606,1,1
2022-03-25 16:11:57,17606,17607,17605,1,-1
2022-03-25 16:11:57,17606,17607,17606,4,-4
2022-03-25 16:12:00,17605,17607,17607,1,1
2022-03-25 16:12:00,17605,17607,17605,1,-1
2022-03-25 16:12:01,17605,17607,17605,1,-1
2022-03-25 16:12:03,17606,17607,17607,1,1
2022-03-25 16:12:03,17606,17607,17607,1,1
2022-03-25 16:12:03,17607,17608,17607,1,-1
2022-03-25 16:12:04,17606,17608,17608,1,1
2022-03-25 16:12:09,17606,17607,17606,7,-7
2022-03-25 16:12:09,17606,17607,17606,2,-2
2022-03-25 16:12:09,17606,17607,17606,1,-1
2022-03-25 16:12:09,17606,17607,17607,5,5
2022-03-25 16:12:09,17606,17608,17608,4,4
2022-03-25 16:12:13,17606,17607,17607,1,1
2022-03-25 16:12:19,17605,17607,17605,2,-2
2022-03-25 16:12:21,17606,17607,17606,3,-3
2022-03-25 16:12:24,17605,17606,17605,3,-3
2022-03-25 16:12:24,17605,17606,17605,1,-1
2022-03-25 16:12:24,17605,17606,17605,1,-1
2022-03-25 16:12:24,17605,17606,17605,7,-7
2022-03-25 16:12:24,17605,17606,17605,1,-1
2022-03-25 16:12:24,17605,17606,17605,1,-1
2022-03-25 16:12:24,17605,17606,17605,1,-1
2022-03-25 16:12:24,17604,17605,17605,1,1
2022-03-25 16:12:24,17604,17605,17605,1,1
2022-03-25 16:12:25,17604,17605,17605,1,1
2022-03-25 16:12:25,17604,17605,17605,1,1
2022-03-25 16:12:29,17605,17606,17605,1,-1
2022-03-25 16:12:29,17605,17606,17605,1,-1
2022-03-25 16:12:31,17604,17605,17605,3,3
2022-03-25 16:12:31,17604,17605,17605,1,1
2022-03-25 16:12:32,17604,17605,17605,1,1
2022-03-25 16:12:40,17604,17605,17604,1,-1
2022-03-25 16:12:41,17604,17605,17604,1,-1
2022-03-25 16:12:41,17604,17605,17604,1,-1
2022-03-25 16:12:41,17604,17605,17604,1,-1
2022-03-25 16:12:41,17604,17605,17604,1,-1
2022-03-25 16:12:42,17603,17605,17605,1,1
2022-03-25 16:12:43,17603,17604,17604,1,1
2022-03-25 16:12:44,17604,17605,17605,5,5
2022-03-25 16:12:44,17604,17605,17605,1,1
2022-03-25 16:12:44,17604,17605,17605,1,1
2022-03-25 16:12:44,17604,17605,17605,1,1
2022-03-25 16:12:44,17604,17605,17604,2,-2
2022-03-25 16:12:47,17604,17605,17604,1,-1
2022-03-25 16:12:56,17605,17606,17605,4,-4
2022-03-25 16:13:00,17604,17605,17604,1,-1
2022-03-25 16:13:00,17604,17605,17604,1,-1
2022-03-25 16:13:01,17604,17605,17604,5,-5
2022-03-25 16:13:01,17604,17605,17604,1,-1
2022-03-25 16:13:02,17603,17604,17603,5,-5
2022-03-25 16:13:02,17603,17604,17603,1,-1
2022-03-25 16:13:02,17602,17604,17604,1,1
2022-03-25 16:13:06,17602,17604,17602,2,-2
2022-03-25 16:13:07,17602,17603,17603,2,2
2022-03-25 16:13:07,17603,17604,17603,1,-1
2022-03-25 16:13:10,17602,17604,17602,4,-4
2022-03-25 16:13:11,17602,17603,17602,3,-3
2022-03-25 16:13:12,17602,17603,17602,1,-1
2022-03-25 16:13:12,17602,17603,17602,1,-1
2022-03-25 16:13:12,17602,17603,17602,2,-2
2022-03-25 16:13:12,17602,17603,17602,1,-1
2022-03-25 16:13:13,17601,17603,17601,2,-2
2022-03-25 16:13:13,17601,17603,17603,2,2
2022-03-25 16:13:14,17601,17602,17602,5,5
2022-03-25 16:13:14,17601,17602,17603,3,3
2022-03-25 16:13:14,17601,17603,17601,1,-1
2022-03-25 16:13:14,17601,17603,17601,1,-1
2022-03-25 16:13:15,17601,17602,17601,1,-1
2022-03-25 16:13:16,17601,17602,17602,1,1
2022-03-25 16:13:20,17602,17603,17602,2,-2
2022-03-25 16:13:20,17602,17603,17601,2,-2
2022-03-25 16:13:21,17601,17603,17601,1,-1
2022-03-25 16:13:22,17601,17603,17601,2,-2
2022-03-25 16:13:23,17601,17602,17602,1,1
2022-03-25 16:13:26,17601,17602,17602,4,4
2022-03-25 16:13:26,17602,17603,17603,1,1
2022-03-25 16:13:30,17603,17604,17604,1,1
2022-03-25 16:13:30,17603,17604,17604,4,4
2022-03-25 16:13:30,17604,17605,17604,4,-4
2022-03-25 16:13:30,17604,17605,17603,1,-1
2022-03-25 16:13:31,17603,17605,17605,1,1
2022-03-25 16:13:34,17603,17605,17603,1,-1
2022-03-25 16:13:40,17603,17604,17604,2,2
2022-03-25 16:13:40,17603,17604,17605,2,2
2022-03-25 16:13:42,17603,17604,17604,1,1
2022-03-25 16:13:44,17604,17605,17604,1,-1
2022-03-25 16:13:45,17604,17605,17604,1,-1
2022-03-25 16:13:46,17603,17605,17605,5,5
2022-03-25 16:13:47,17603,17605,17605,4,4
2022-03-25 16:13:47,17603,17605,17604,1,1
2022-03-25 16:13:47,17603,17605,17603,1,-1
2022-03-25 16:13:48,17603,17605,17604,1,1
2022-03-25 16:13:52,17604,17605,17605,2,2
2022-03-25 16:13:52,17604,17605,17606,3,3
2022-03-25 16:13:52,17604,17606,17604,1,-1
2022-03-25 16:13:54,17605,17606,17605,1,-1
2022-03-25 16:13:54,17603,17605,17605,1,1
2022-03-25 16:13:58,17603,17605,17603,9,-9
2022-03-25 16:14:00,17602,17604,17602,1,-1
2022-03-25 16:14:01,17602,17604,17604,1,1
2022-03-25 16:14:01,17602,17604,17602,5,-5
2022-03-25 16:14:01,17602,17603,17601,2,-2
2022-03-25 16:14:01,17602,17603,17602,1,-1
2022-03-25 16:14:02,17601,17603,17603,2,2
2022-03-25 16:14:05,17602,17603,17602,1,-1
2022-03-25 16:14:05,17602,17604,17604,1,1
2022-03-25 16:14:15,17604,17605,17603,3,-3
2022-03-25 16:14:15,17604,17605,17604,1,-1
2022-03-25 16:14:16,17603,17605,17603,4,-4
2022-03-25 16:14:16,17603,17605,17603,1,-1
2022-03-25 16:14:16,17603,17605,17603,3,-3
2022-03-25 16:14:16,17603,17605,17602,2,-2
2022-03-25 16:14:16,17603,17604,17602,3,-3
2022-03-25 16:14:16,17603,17604,17603,1,-1
2022-03-25 16:14:16,17602,17604,17602,5,-5
2022-03-25 16:14:18,17602,17604,17602,2,-2
2022-03-25 16:14:18,17602,17604,17604,5,5
2022-03-25 16:14:25,17603,17604,17603,2,-2
2022-03-25 16:14:27,17602,17603,17603,2,2
2022-03-25 16:14:31,17602,17603,17603,4,4
2022-03-25 16:14:32,17603,17604,17603,3,-3
2022-03-25 16:14:36,17603,17605,17603,5,-5
2022-03-25 16:14:37,17603,17605,17605,5,5
2022-03-25 16:14:37,17603,17605,17605,1,1
2022-03-25 16:14:38,17603,17604,17603,1,-1
2022-03-25 16:14:39,17603,17604,17604,1,1
2022-03-25 16:14:43,17603,17604,17604,1,1
2022-03-25 16:14:43,17603,17604,17604,1,1
2022-03-25 16:14:44,17603,17605,17603,3,-3
2022-03-25 16:14:46,17603,17605,17605,1,1
2022-03-25 16:14:46,17603,17605,17603,1,-1
2022-03-25 16:14:48,17604,17605,17604,2,-2
2022-03-25 16:14:48,17604,17605,17603,3,-3
2022-03-25 16:14:49,17603,17605,17605,1,1
2022-03-25 16:14:52,17603,17604,17603,5,-5
2022-03-25 16:14:56,17602,17603,17602,4,-4
2022-03-25 16:14:56,17602,17603,17602,1,-1
2022-03-25 16:14:56,17602,17603,17602,7,-7
2022-03-25 16:14:56,17602,17603,17602,1,-1
2022-03-25 16:14:56,17602,17603,17602,1,-1
2022-03-25 16:14:56,17602,17603,17601,4,-4
2022-03-25 16:14:59,17601,17602,17601,1,-1
2022-03-25 16:15:00,17601,17602,17602,1,1
2022-03-25 16:15:00,17601,17602,17601,1,-1
2022-03-25 16:15:00,17601,17602,17601,2,-2
2022-03-25 16:15:00,17601,17602,17600,1,-1
2022-03-25 16:15:00,17601,17602,17600,1,-1
2022-03-25 16:15:00,17601,17602,17600,1,-1
2022-03-25 16:15:00,17600,17601,17600,1,-1
2022-03-25 16:15:00,17600,17601,17600,2,-2
2022-03-25 16:15:00,17600,17601,17600,1,-1
2022-03-25 16:15:00,17600,17601,17600,1,-1
2022-03-25 16:15:00,17600,17601,17600,1,-1
2022-03-25 16:15:00,17600,17601,17600,2,-2
2022-03-25 16:15:00,17600,17601,17600,1,-1
2022-03-25 16:15:00,17600,17601,17600,2,-2
2022-03-25 16:15:00,17600,17601,17600,4,-4
2022-03-25 16:15:00,17600,17601,17600,1,-1
2022-03-25 16:15:01,17600,17601,17600,7,-7
2022-03-25 16:15:01,17599,17600,17599,2,-2
2022-03-25 16:15:01,17599,17600,17599,4,-4
2022-03-25 16:15:01,17599,17600,17598,1,-1
2022-03-25 16:15:01,17598,17599,17598,1,-1
2022-03-25 16:15:01,17598,17599,17599,1,1
2022-03-25 16:15:01,17598,17599,17598,8,-8
2022-03-25 16:15:01,17598,17599,17598,5,-5
2022-03-25 16:15:01,17598,17599,17599,1,1
2022-03-25 16:15:01,17598,17599,17598,2,-2
2022-03-25 16:15:02,17598,17599,17598,1,-1
2022-03-25 16:15:02,17598,17599,17598,1,-1
2022-03-25 16:15:02,17598,17599,17599,1,1
2022-03-25 16:15:03,17598,17599,17598,1,-1
2022-03-25 16:15:03,17598,17599,17598,1,-1
2022-03-25 16:15:03,17598,17599,17598,1,-1
