2021-04-28 15:00:00.096,17528,17529,17528,53,-53
2021-04-28 15:00:00.115,17527,17528,17528,1,1
2021-04-28 15:00:00.169,17528,17529,17529,1,1
2021-04-28 15:00:00.265,17528,17529,17529,1,1
2021-04-28 15:00:00.284,17528,17529,17530,4,4
2021-04-28 15:00:00.427,17528,17531,17531,1,1
2021-04-28 15:00:00.457,17528,17530,17530,1,1
2021-04-28 15:00:00.517,17528,17530,17531,1,1
2021-04-28 15:00:00.536,17528,17530,17530,1,1
2021-04-28 15:00:00.658,17528,17531,17531,2,2
2021-04-28 15:00:00.754,17528,17532,17530,1,-1
2021-04-28 15:00:00.872,17530,17532,17532,1,1
2021-04-28 15:00:01.103,17531,17532,17532,3,3
2021-04-28 15:00:01.164,17531,17532,17532,1,1
2021-04-28 15:00:01.366,17531,17533,17532,1,-1
2021-04-28 15:00:01.645,17532,17533,17532,1,-1
2021-04-28 15:00:01.765,17532,17533,17532,1,-1
2021-04-28 15:00:01.783,17532,17533,17533,15,15
2021-04-28 15:00:02.117,17532,17533,17532,1,-1
2021-04-28 15:00:03.330,17531,17533,17531,1,-1
2021-04-28 15:00:04.285,17530,17532,17532,1,1
2021-04-28 15:00:05.780,17530,17532,17532,1,1
2021-04-28 15:00:05.801,17530,17532,17532,2,2
2021-04-28 15:00:06.658,17530,17531,17531,1,1
2021-04-28 15:00:07.686,17530,17533,17530,1,-1
2021-04-28 15:00:07.791,17530,17533,17530,2,-2
2021-04-28 15:00:07.842,17530,17533,17530,2,-2
2021-04-28 15:00:07.889,17530,17533,17530,2,-2
2021-04-28 15:00:08.420,17530,17532,17532,2,2
2021-04-28 15:00:08.624,17530,17533,17530,1,-1
2021-04-28 15:00:09.140,17530,17533,17530,1,-1
2021-04-28 15:00:09.516,17531,17533,17531,1,1
2021-04-28 15:00:11.899,17531,17532,17532,1,1
2021-04-28 15:00:11.918,17531,17532,17532,1,1
2021-04-28 15:00:12.032,17531,17532,17531,1,-1
2021-04-28 15:00:12.332,17530,17531,17531,2,2
2021-04-28 15:00:13.287,17531,17533,17533,1,1
2021-04-28 15:00:13.455,17531,17533,17533,1,1
2021-04-28 15:00:21.427,17531,17532,17532,1,1
2021-04-28 15:00:21.660,17531,17532,17531,1,-1
2021-04-28 15:00:21.808,17531,17532,17531,1,-1
2021-04-28 15:00:22.993,17531,17532,17531,1,-1
2021-04-28 15:00:23.168,17531,17532,17531,1,-1
2021-04-28 15:00:27.348,17531,17532,17531,1,-1
2021-04-28 15:00:28.882,17530,17532,17530,1,-1
2021-04-28 15:00:30.226,17530,17532,17531,1,1
2021-04-28 15:00:31.011,17531,17533,17531,2,-2
2021-04-28 15:00:31.376,17530,17531,17530,1,-1
2021-04-28 15:00:31.519,17530,17531,17531,1,1
2021-04-28 15:00:33.480,17531,17532,17531,2,-2
2021-04-28 15:00:33.594,17530,17531,17531,5,5
2021-04-28 15:00:35.696,17530,17531,17531,5,5
2021-04-28 15:00:35.730,17530,17531,17531,1,1
2021-04-28 15:00:36.405,17530,17531,17530,2,-2
2021-04-28 15:00:36.802,17530,17531,17531,1,1
2021-04-28 15:00:39.708,17530,17531,17531,1,1
2021-04-28 15:00:39.754,17530,17531,17530,2,-2
2021-04-28 15:00:40.893,17530,17531,17530,1,-1
2021-04-28 15:00:41.518,17530,17531,17531,5,5
2021-04-28 15:00:43.493,17530,17531,17531,1,1
2021-04-28 15:00:46.349,17530,17531,17531,1,1
2021-04-28 15:00:46.867,17530,17531,17531,1,1
2021-04-28 15:00:50.402,17531,17532,17532,5,5
2021-04-28 15:00:50.819,17531,17532,17532,5,5
2021-04-28 15:00:51.143,17531,17532,17531,2,-2
2021-04-28 15:00:51.391,17531,17532,17532,1,1
2021-04-28 15:00:52.733,17532,17533,17532,1,-1
2021-04-28 15:00:53.926,17531,17532,17531,1,-1
2021-04-28 15:00:53.936,17531,17532,17531,1,-1
2021-04-28 15:00:57.098,17530,17532,17532,1,1
2021-04-28 15:00:58.615,17530,17532,17530,6,-6
2021-04-28 15:00:58.616,17530,17532,17530,3,-3
2021-04-28 15:00:58.686,17529,17532,17529,9,-9
2021-04-28 15:01:00.038,17530,17531,17531,2,2
2021-04-28 15:01:00.065,17530,17532,17530,1,-1
2021-04-28 15:01:00.068,17530,17532,17530,1,-1
2021-04-28 15:01:00.152,17530,17532,17532,1,1
2021-04-28 15:01:00.155,17530,17532,17532,1,1
2021-04-28 15:01:00.184,17530,17532,17532,1,1
2021-04-28 15:01:00.340,17530,17532,17532,1,1
2021-04-28 15:01:00.552,17530,17532,17531,1,-1
2021-04-28 15:01:01.139,17530,17531,17530,2,-2
2021-04-28 15:01:01.187,17529,17531,17529,1,-1
2021-04-28 15:01:01.189,17529,17531,17529,1,-1
2021-04-28 15:01:01.682,17529,17531,17529,6,-6
2021-04-28 15:01:03.380,17530,17531,17530,1,1
2021-04-28 15:01:04.359,17529,17531,17529,1,-1
2021-04-28 15:01:07.080,17530,17531,17531,3,3
2021-04-28 15:01:12.618,17531,17532,17531,1,-1
2021-04-28 15:01:12.687,17531,17532,17531,1,-1
2021-04-28 15:01:12.910,17530,17532,17530,1,-1
2021-04-28 15:01:17.041,17530,17531,17531,1,1
2021-04-28 15:01:19.225,17530,17532,17530,2,-2
2021-04-28 15:01:19.312,17530,17532,17530,1,-1
2021-04-28 15:01:19.313,17530,17532,17530,1,-1
2021-04-28 15:01:26.969,17530,17531,17531,5,5
2021-04-28 15:01:27.500,17530,17531,17531,1,1
2021-04-28 15:01:27.501,17530,17531,17531,3,3
2021-04-28 15:01:27.562,17530,17532,17530,1,-1
2021-04-28 15:01:27.563,17530,17532,17530,1,-1
2021-04-28 15:01:44.744,17530,17531,17531,1,1
2021-04-28 15:01:44.967,17530,17531,17530,2,-2
2021-04-28 15:01:50.461,17530,17531,17531,5,5
2021-04-28 15:01:50.562,17531,17532,17531,1,-1
2021-04-28 15:01:50.564,17531,17532,17531,1,-1
2021-04-28 15:01:50.565,17531,17532,17530,1,-1
2021-04-28 15:01:50.566,17531,17532,17529,1,-1
2021-04-28 15:01:51.501,17530,17532,17530,1,1
2021-04-28 15:01:51.562,17530,17532,17530,1,-1
2021-04-28 15:01:57.228,17530,17531,17531,1,1
2021-04-28 15:02:00.012,17530,17532,17532,1,1
2021-04-28 15:02:00.898,17531,17532,17531,1,-1
2021-04-28 15:02:01.248,17531,17532,17531,4,-4
2021-04-28 15:02:01.312,17530,17532,17532,1,1
2021-04-28 15:02:01.314,17530,17532,17531,2,-2
2021-04-28 15:02:01.868,17531,17532,17531,1,-1
2021-04-28 15:02:04.979,17531,17532,17531,2,-2
2021-04-28 15:02:05.061,17531,17532,17531,1,-1
2021-04-28 15:02:10.280,17531,17532,17532,6,6
2021-04-28 15:02:10.568,17531,17533,17533,1,1
2021-04-28 15:02:13.750,17532,17533,17533,12,12
2021-04-28 15:02:13.751,17532,17533,17533,5,5
2021-04-28 15:02:13.753,17532,17533,17534,6,6
2021-04-28 15:02:14.128,17534,17535,17535,6,6
2021-04-28 15:02:16.470,17534,17535,17534,2,-2
2021-04-28 15:02:16.471,17534,17535,17534,13,-13
2021-04-28 15:02:20.969,17533,17535,17535,1,1
2021-04-28 15:02:22.321,17533,17535,17535,1,1
2021-04-28 15:02:22.797,17533,17535,17534,1,-1
2021-04-28 15:02:23.529,17534,17535,17535,5,5
2021-04-28 15:02:23.920,17534,17536,17534,1,-1
2021-04-28 15:02:24.231,17534,17535,17535,2,2
2021-04-28 15:02:26.300,17534,17535,17535,5,5
2021-04-28 15:02:26.302,17534,17535,17535,5,5
2021-04-28 15:02:29.664,17535,17536,17535,6,-6
2021-04-28 15:02:30.692,17534,17535,17535,1,1
2021-04-28 15:02:34.588,17534,17535,17535,1,1
2021-04-28 15:02:34.984,17534,17535,17535,5,5
2021-04-28 15:02:35.833,17534,17535,17535,1,1
2021-04-28 15:02:36.593,17534,17535,17535,1,1
2021-04-28 15:02:36.678,17534,17535,17535,1,1
2021-04-28 15:02:37.454,17534,17535,17535,1,1
2021-04-28 15:02:37.726,17534,17535,17535,1,1
2021-04-28 15:02:38.107,17534,17535,17535,2,2
2021-04-28 15:02:38.352,17534,17535,17534,1,-1
2021-04-28 15:02:39.027,17534,17535,17535,1,1
2021-04-28 15:02:41.869,17534,17535,17535,1,1
2021-04-28 15:02:47.289,17534,17535,17535,1,1
2021-04-28 15:02:47.363,17534,17535,17534,1,-1
2021-04-28 15:02:47.622,17534,17535,17534,2,-2
2021-04-28 15:02:49.824,17533,17534,17533,8,-8
2021-04-28 15:02:52.867,17532,17533,17533,1,1
2021-04-28 15:02:53.167,17532,17533,17533,1,1
2021-04-28 15:02:56.000,17532,17533,17532,1,-1
2021-04-28 15:02:59.362,17532,17533,17532,1,-1
2021-04-28 15:02:59.530,17532,17533,17532,1,-1
2021-04-28 15:03:00.021,17532,17533,17532,1,-1
2021-04-28 15:03:01.888,17532,17533,17532,2,-2
2021-04-28 15:03:01.938,17531,17533,17533,1,1
2021-04-28 15:03:01.939,17531,17533,17533,1,1
2021-04-28 15:03:01.940,17531,17533,17533,1,1
2021-04-28 15:03:01.941,17531,17533,17533,1,1
2021-04-28 15:03:01.943,17531,17533,17534,1,1
2021-04-28 15:03:02.007,17531,17533,17532,2,-2
2021-04-28 15:03:02.882,17532,17534,17532,1,-1
2021-04-28 15:03:07.321,17531,17532,17532,1,1
2021-04-28 15:03:13.563,17531,17532,17532,1,1
2021-04-28 15:03:13.687,17531,17532,17532,1,1
2021-04-28 15:03:15.536,17531,17532,17531,1,-1
2021-04-28 15:03:17.341,17531,17532,17531,2,-2
2021-04-28 15:03:19.008,17530,17531,17531,8,8
2021-04-28 15:03:39.742,17530,17531,17531,1,1
2021-04-28 15:03:45.615,17530,17531,17531,1,1
2021-04-28 15:03:45.686,17531,17532,17531,3,-3
2021-04-28 15:03:45.687,17531,17532,17531,1,-1
2021-04-28 15:03:45.688,17531,17532,17532,1,1
2021-04-28 15:03:51.888,17530,17531,17531,1,1
2021-04-28 15:04:00.752,17530,17531,17531,4,4
2021-04-28 15:04:01.582,17530,17532,17531,1,-1
2021-04-28 15:04:01.878,17530,17532,17530,5,-5
2021-04-28 15:04:02.038,17530,17531,17530,2,-2
2021-04-28 15:04:03.917,17530,17531,17530,1,-1
2021-04-28 15:04:03.935,17530,17531,17530,1,-1
2021-04-28 15:04:06.230,17530,17531,17530,1,-1
2021-04-28 15:04:08.546,17529,17530,17530,2,2
2021-04-28 15:04:08.820,17529,17531,17531,1,1
2021-04-28 15:04:10.399,17529,17531,17530,1,-1
2021-04-28 15:04:12.847,17529,17530,17530,1,1
2021-04-28 15:04:14.735,17530,17531,17531,1,1
2021-04-28 15:04:32.875,17530,17532,17532,1,1
2021-04-28 15:04:36.307,17531,17532,17531,1,-1
2021-04-28 15:04:36.311,17531,17532,17531,1,-1
2021-04-28 15:04:41.462,17530,17531,17531,1,1
2021-04-28 15:05:05.485,17530,17531,17530,2,-2
2021-04-28 15:05:08.116,17529,17530,17530,1,1
2021-04-28 15:05:10.122,17529,17530,17529,2,-2
2021-04-28 15:05:11.406,17529,17531,17529,1,-1
2021-04-28 15:05:11.721,17530,17531,17530,1,1
2021-04-28 15:05:15.693,17530,17531,17531,5,5
2021-04-28 15:05:21.540,17530,17532,17530,1,-1
2021-04-28 15:05:23.450,17530,17532,17530,1,-1
2021-04-28 15:05:24.351,17530,17532,17530,2,-2
2021-04-28 15:05:30.052,17530,17531,17530,1,-1
2021-04-28 15:05:32.494,17530,17531,17530,1,-1
2021-04-28 15:05:35.969,17530,17531,17530,1,-1
2021-04-28 15:05:37.712,17530,17531,17531,1,1
2021-04-28 15:05:40.256,17530,17532,17530,6,-6
2021-04-28 15:05:44.622,17529,17530,17529,1,-1
2021-04-28 15:05:44.880,17529,17530,17530,1,1
2021-04-28 15:05:49.888,17529,17531,17531,2,2
2021-04-28 15:05:54.485,17529,17530,17529,1,-1
2021-04-28 15:06:00.017,17529,17530,17530,1,1
2021-04-28 15:06:03.574,17529,17530,17529,1,-1
2021-04-28 15:06:03.575,17529,17530,17529,3,-3
2021-04-28 15:06:06.369,17528,17529,17528,2,-2
2021-04-28 15:06:06.370,17528,17529,17528,1,-1
2021-04-28 15:06:09.317,17527,17528,17527,13,-13
2021-04-28 15:06:09.594,17526,17527,17526,1,-1
2021-04-28 15:06:09.595,17526,17527,17525,3,-3
2021-04-28 15:06:09.775,17525,17526,17526,1,1
2021-04-28 15:06:09.944,17525,17526,17526,2,2
2021-04-28 15:06:09.945,17525,17526,17526,1,1
2021-04-28 15:06:10.064,17525,17526,17526,1,1
2021-04-28 15:06:10.889,17525,17526,17525,1,-1
2021-04-28 15:06:12.828,17525,17527,17525,1,-1
2021-04-28 15:06:16.452,17525,17527,17527,1,1
2021-04-28 15:06:16.811,17526,17527,17526,1,-1
2021-04-28 15:06:22.187,17526,17527,17526,1,-1
2021-04-28 15:06:24.094,17526,17527,17526,5,-5
2021-04-28 15:06:26.140,17526,17527,17526,1,-1
2021-04-28 15:06:26.141,17526,17527,17526,3,-3
2021-04-28 15:06:29.282,17525,17527,17525,1,-1
2021-04-28 15:06:32.745,17525,17526,17525,5,-5
2021-04-28 15:06:35.431,17525,17526,17526,1,1
2021-04-28 15:06:44.720,17525,17526,17526,5,5
2021-04-28 15:06:48.216,17526,17527,17526,2,-2
2021-04-28 15:06:50.491,17526,17527,17527,1,1
2021-04-28 15:06:51.347,17526,17527,17527,2,2
2021-04-28 15:07:07.328,17526,17527,17526,1,-1
2021-04-28 15:07:14.442,17526,17527,17526,1,-1
2021-04-28 15:07:14.876,17525,17526,17526,1,1
2021-04-28 15:07:17.283,17525,17526,17525,1,-1
2021-04-28 15:07:17.300,17525,17526,17525,1,-1
2021-04-28 15:07:17.301,17525,17526,17525,4,-4
2021-04-28 15:07:18.561,17524,17525,17524,3,-3
2021-04-28 15:07:18.755,17523,17524,17524,1,1
2021-04-28 15:07:19.526,17523,17525,17525,1,1
2021-04-28 15:07:19.947,17525,17526,17525,1,-1
2021-04-28 15:07:19.959,17525,17526,17524,1,-1
2021-04-28 15:07:22.675,17523,17524,17523,1,-1
2021-04-28 15:07:26.774,17523,17524,17523,3,-3
2021-04-28 15:07:28.967,17523,17524,17523,2,-2
2021-04-28 15:07:29.292,17522,17525,17523,3,-3
2021-04-28 15:07:29.333,17523,17525,17523,3,-3
2021-04-28 15:07:34.862,17523,17524,17524,2,2
2021-04-28 15:07:40.264,17523,17524,17523,2,-2
2021-04-28 15:07:40.486,17523,17524,17524,2,2
2021-04-28 15:07:42.004,17523,17524,17524,1,1
2021-04-28 15:07:45.743,17523,17524,17523,1,-1
2021-04-28 15:07:46.672,17523,17524,17523,1,-1
2021-04-28 15:07:48.455,17523,17524,17524,1,1
2021-04-28 15:07:51.147,17523,17524,17524,1,1
2021-04-28 15:07:57.671,17523,17524,17523,5,-5
2021-04-28 15:08:00.853,17523,17524,17523,1,-1
2021-04-28 15:08:07.620,17523,17524,17524,4,4
2021-04-28 15:08:11.298,17523,17524,17524,1,1
2021-04-28 15:08:11.546,17523,17524,17524,4,4
2021-04-28 15:08:11.547,17523,17524,17524,1,1
2021-04-28 15:08:11.620,17523,17524,17524,30,30
2021-04-28 15:08:12.800,17524,17525,17525,1,1
2021-04-28 15:08:14.046,17524,17526,17526,2,2
2021-04-28 15:08:14.209,17524,17526,17526,1,1
2021-04-28 15:08:18.455,17525,17526,17526,1,1
2021-04-28 15:08:22.620,17525,17527,17527,1,1
2021-04-28 15:08:25.544,17526,17527,17526,1,-1
2021-04-28 15:08:30.822,17525,17526,17526,1,1
2021-04-28 15:08:36.449,17525,17526,17526,1,1
2021-04-28 15:08:45.289,17526,17527,17526,1,-1
2021-04-28 15:08:48.348,17526,17527,17526,2,-2
2021-04-28 15:08:50.834,17525,17526,17525,4,-4
2021-04-28 15:09:00.504,17525,17526,17525,1,-1
2021-04-28 15:09:06.031,17524,17526,17524,1,-1
2021-04-28 15:09:06.034,17524,17526,17524,2,-2
2021-04-28 15:09:08.114,17524,17525,17524,1,-1
2021-04-28 15:09:10.183,17523,17524,17524,1,1
2021-04-28 15:09:11.047,17523,17524,17523,2,-2
2021-04-28 15:09:11.049,17523,17524,17523,1,-1
2021-04-28 15:09:13.089,17523,17524,17524,1,1
2021-04-28 15:09:16.835,17523,17524,17523,1,-1
2021-04-28 15:09:17.107,17522,17524,17522,1,-1
2021-04-28 15:09:20.477,17523,17524,17523,1,1
2021-04-28 15:09:26.550,17522,17523,17523,1,1
2021-04-28 15:09:27.529,17523,17524,17523,1,-1
2021-04-28 15:09:29.573,17523,17524,17523,2,-2
2021-04-28 15:09:32.439,17523,17524,17523,3,-3
2021-04-28 15:09:39.935,17523,17524,17523,1,-1
2021-04-28 15:09:43.114,17523,17524,17523,1,-1
2021-04-28 15:09:44.022,17523,17524,17523,1,-1
2021-04-28 15:09:48.576,17523,17524,17524,1,1
2021-04-28 15:09:48.577,17523,17524,17524,1,1
2021-04-28 15:09:51.469,17524,17525,17525,4,4
2021-04-28 15:10:26.851,17525,17526,17526,8,8
2021-04-28 15:10:27.206,17526,17527,17527,1,1
2021-04-28 15:10:27.215,17526,17527,17527,1,1
2021-04-28 15:10:27.228,17526,17527,17526,2,-2
2021-04-28 15:10:27.428,17525,17527,17525,1,-1
2021-04-28 15:10:35.163,17525,17526,17525,1,-1
2021-04-28 15:10:35.164,17525,17526,17525,1,-1
2021-04-28 15:10:35.288,17524,17526,17524,1,-1
2021-04-28 15:11:02.531,17524,17525,17524,1,-1
2021-04-28 15:11:03.094,17523,17525,17525,1,1
2021-04-28 15:11:06.407,17524,17525,17524,1,-1
2021-04-28 15:11:09.704,17524,17525,17524,1,-1
2021-04-28 15:11:17.108,17523,17524,17523,3,-3
2021-04-28 15:11:24.437,17523,17524,17523,1,-1
2021-04-28 15:11:26.161,17523,17524,17523,1,-1
2021-04-28 15:11:39.125,17522,17523,17523,1,1
2021-04-28 15:11:42.366,17522,17523,17522,1,-1
2021-04-28 15:11:48.081,17522,17523,17523,1,1
2021-04-28 15:11:58.920,17522,17523,17523,2,2
2021-04-28 15:12:00.380,17522,17523,17523,1,1
2021-04-28 15:12:04.464,17522,17523,17523,1,1
2021-04-28 15:12:04.856,17522,17523,17523,1,1
2021-04-28 15:12:04.871,17522,17523,17523,1,1
2021-04-28 15:12:04.881,17522,17523,17523,1,1
2021-04-28 15:12:11.382,17522,17523,17523,1,1
2021-04-28 15:12:18.041,17522,17523,17523,1,1
2021-04-28 15:12:42.644,17522,17523,17522,3,-3
2021-04-28 15:12:43.218,17522,17523,17522,1,-1
2021-04-28 15:12:50.764,17522,17523,17522,1,-1
2021-04-28 15:12:50.990,17522,17523,17522,6,-6
2021-04-28 15:12:52.065,17522,17523,17523,1,1
2021-04-28 15:12:52.556,17522,17523,17522,3,-3
2021-04-28 15:12:53.675,17522,17523,17522,2,-2
2021-04-28 15:12:54.324,17522,17523,17522,1,-1
2021-04-28 15:12:55.641,17522,17523,17522,1,-1
2021-04-28 15:12:57.576,17521,17522,17522,1,1
2021-04-28 15:13:01.504,17521,17522,17521,1,-1
2021-04-28 15:13:07.828,17521,17522,17521,2,-2
2021-04-28 15:13:12.517,17521,17522,17522,9,9
2021-04-28 15:13:15.898,17522,17523,17522,1,-1
2021-04-28 15:13:16.129,17522,17523,17522,1,-1
2021-04-28 15:13:16.321,17522,17523,17522,1,-1
2021-04-28 15:13:16.529,17522,17523,17522,1,-1
2021-04-28 15:13:17.064,17522,17523,17522,3,-3
2021-04-28 15:13:17.065,17522,17523,17522,1,-1
2021-04-28 15:13:17.750,17522,17523,17523,1,1
2021-04-28 15:13:18.241,17522,17523,17522,1,-1
2021-04-28 15:13:22.088,17522,17523,17522,2,-2
2021-04-28 15:13:22.514,17521,17522,17522,1,1
2021-04-28 15:13:26.550,17522,17523,17522,1,-1
2021-04-28 15:13:28.300,17521,17522,17522,1,1
2021-04-28 15:13:30.453,17521,17522,17522,1,1
2021-04-28 15:13:31.914,17521,17522,17522,1,1
2021-04-28 15:13:34.083,17521,17522,17522,5,5
2021-04-28 15:13:49.155,17521,17522,17521,2,-2
2021-04-28 15:13:55.286,17521,17522,17521,2,-2
2021-04-28 15:13:56.412,17521,17522,17521,1,-1
2021-04-28 15:13:56.413,17521,17522,17521,1,-1
2021-04-28 15:13:56.414,17521,17522,17521,1,-1
2021-04-28 15:13:57.611,17520,17521,17521,1,1
2021-04-28 15:14:02.206,17520,17521,17521,1,1
2021-04-28 15:14:07.273,17520,17521,17521,1,1
2021-04-28 15:14:07.524,17520,17521,17520,3,-3
2021-04-28 15:14:07.627,17520,17521,17520,2,-2
2021-04-28 15:14:07.818,17520,17521,17520,1,-1
2021-04-28 15:14:07.979,17520,17521,17520,1,-1
2021-04-28 15:14:08.936,17520,17521,17520,1,-1
2021-04-28 15:14:08.937,17520,17521,17520,3,-3
2021-04-28 15:14:16.948,17519,17520,17519,1,-1
2021-04-28 15:14:17.289,17519,17520,17519,1,-1
2021-04-28 15:14:19.006,17519,17520,17519,4,-4
2021-04-28 15:14:19.078,17519,17520,17519,1,-1
2021-04-28 15:14:19.507,17519,17520,17520,1,1
2021-04-28 15:14:20.571,17519,17520,17519,3,-3
2021-04-28 15:14:21.162,17519,17520,17519,2,-2
2021-04-28 15:14:21.544,17519,17520,17519,2,-2
2021-04-28 15:14:25.166,17518,17520,17518,1,-1
2021-04-28 15:14:29.175,17519,17520,17519,1,1
2021-04-28 15:14:29.789,17518,17519,17519,4,4
2021-04-28 15:14:29.799,17518,17519,17519,1,1
2021-04-28 15:14:40.680,17519,17520,17520,1,1
2021-04-28 15:14:40.681,17519,17520,17520,1,1
2021-04-28 15:14:47.201,17520,17522,17520,1,-1
2021-04-28 15:14:53.959,17520,17521,17521,1,1
2021-04-28 15:15:00.553,17521,17522,17521,2,-2
2021-04-28 15:15:01.365,17520,17521,17521,1,1
2021-04-28 15:15:02.240,17520,17522,17522,13,13
2021-04-28 15:15:02.381,17521,17522,17521,1,-1
2021-04-28 15:15:03.435,17520,17522,17522,1,1
2021-04-28 15:15:04.577,17520,17522,17520,8,-8
2021-04-28 15:15:04.578,17520,17522,17520,1,-1
2021-04-28 15:15:09.591,17520,17521,17520,1,-1
2021-04-28 15:15:13.629,17520,17521,17521,1,1
2021-04-28 15:15:43.805,17521,17522,17522,1,1
2021-04-28 15:15:53.345,17522,17523,17523,1,1
2021-04-28 15:15:57.437,17522,17523,17522,1,-1
2021-04-28 15:15:59.804,17522,17523,17522,1,-1
2021-04-28 15:16:01.537,17522,17523,17522,1,-1
2021-04-28 15:16:01.565,17522,17523,17523,1,1
2021-04-28 15:16:01.567,17522,17523,17523,1,1
2021-04-28 15:16:04.403,17522,17523,17522,2,-2
2021-04-28 15:16:18.288,17522,17523,17523,5,5
2021-04-28 15:16:18.289,17522,17523,17523,5,5
2021-04-28 15:16:18.443,17522,17524,17522,2,-2
2021-04-28 15:16:22.951,17523,17524,17524,5,5
2021-04-28 15:16:22.952,17523,17524,17524,1,1
2021-04-28 15:16:23.062,17523,17524,17524,1,1
2021-04-28 15:16:23.063,17523,17524,17525,1,1
2021-04-28 15:16:28.607,17523,17525,17525,1,1
2021-04-28 15:16:29.698,17523,17525,17525,5,5
2021-04-28 15:16:29.812,17523,17525,17525,1,1
2021-04-28 15:16:29.816,17523,17525,17525,1,1
2021-04-28 15:16:29.851,17523,17525,17523,1,-1
2021-04-28 15:16:35.715,17524,17525,17525,1,1
2021-04-28 15:16:38.978,17524,17525,17524,2,-2
2021-04-28 15:16:41.128,17524,17525,17524,1,-1
2021-04-28 15:16:41.129,17524,17525,17524,2,-2
2021-04-28 15:16:41.187,17523,17524,17524,1,1
2021-04-28 15:16:41.189,17523,17524,17524,1,1
2021-04-28 15:16:41.242,17523,17524,17523,1,-1
2021-04-28 15:16:41.248,17523,17524,17524,1,1
2021-04-28 15:16:43.477,17523,17524,17524,1,1
2021-04-28 15:16:46.290,17524,17525,17525,2,2
2021-04-28 15:16:49.292,17524,17525,17525,3,3
2021-04-28 15:16:49.312,17524,17525,17525,1,1
2021-04-28 15:16:49.313,17524,17525,17525,1,1
2021-04-28 15:16:49.314,17524,17525,17526,1,1
2021-04-28 15:16:50.309,17524,17526,17526,1,1
2021-04-28 15:16:59.431,17525,17526,17526,1,1
2021-04-28 15:17:01.311,17525,17526,17526,4,4
2021-04-28 15:17:02.280,17525,17526,17526,1,1
2021-04-28 15:17:02.312,17525,17526,17525,1,-1
2021-04-28 15:17:02.313,17525,17526,17525,1,-1
2021-04-28 15:17:02.314,17525,17526,17524,1,-1
2021-04-28 15:17:03.609,17524,17525,17525,3,3
2021-04-28 15:17:03.658,17524,17525,17526,1,1
2021-04-28 15:17:06.983,17524,17526,17526,2,2
2021-04-28 15:17:10.652,17524,17526,17526,1,1
2021-04-28 15:17:18.377,17525,17526,17526,3,3
2021-04-28 15:17:19.059,17525,17526,17526,2,2
2021-04-28 15:17:19.063,17525,17526,17525,1,-1
2021-04-28 15:17:19.064,17525,17526,17524,1,-1
2021-04-28 15:17:19.492,17525,17526,17526,3,3
2021-04-28 15:17:21.701,17525,17526,17526,3,3
2021-04-28 15:17:23.335,17526,17527,17526,5,-5
2021-04-28 15:17:24.257,17525,17526,17526,2,2
2021-04-28 15:17:24.259,17525,17526,17526,1,1
2021-04-28 15:17:26.667,17526,17527,17527,2,2
2021-04-28 15:17:27.398,17526,17527,17526,3,-3
2021-04-28 15:17:28.749,17525,17526,17526,1,1
2021-04-28 15:17:29.553,17526,17527,17527,1,1
2021-04-28 15:17:32.600,17526,17527,17526,2,-2
2021-04-28 15:17:33.793,17525,17526,17526,3,3
2021-04-28 15:17:34.775,17525,17527,17526,3,-3
2021-04-28 15:17:35.538,17525,17526,17526,2,2
2021-04-28 15:17:42.449,17526,17527,17526,1,-1
2021-04-28 15:17:45.938,17526,17527,17526,2,-2
2021-04-28 15:17:46.377,17526,17527,17526,1,-1
2021-04-28 15:17:50.027,17525,17526,17526,3,3
2021-04-28 15:17:51.208,17525,17526,17526,3,3
2021-04-28 15:17:51.925,17525,17526,17526,2,2
2021-04-28 15:17:52.441,17525,17526,17526,3,3
2021-04-28 15:17:53.042,17525,17526,17526,3,3
2021-04-28 15:17:56.318,17525,17526,17525,3,-3
2021-04-28 15:17:56.601,17524,17525,17524,1,-1
2021-04-28 15:17:57.538,17524,17525,17524,1,-1
2021-04-28 15:17:57.629,17523,17525,17523,1,-1
2021-04-28 15:18:07.527,17523,17525,17525,1,1
2021-04-28 15:18:07.866,17523,17525,17525,1,1
2021-04-28 15:18:07.878,17523,17525,17525,1,1
2021-04-28 15:18:07.906,17523,17525,17525,1,1
2021-04-28 15:18:17.778,17524,17525,17524,1,-1
2021-04-28 15:18:22.128,17524,17525,17524,1,-1
2021-04-28 15:18:53.235,17523,17524,17524,3,3
2021-04-28 15:19:14.645,17524,17525,17524,1,-1
2021-04-28 15:19:18.659,17523,17524,17523,1,-1
2021-04-28 15:19:46.787,17523,17524,17523,1,-1
2021-04-28 15:19:49.822,17523,17524,17524,1,1
2021-04-28 15:20:15.608,17523,17524,17523,1,-1
2021-04-28 15:20:15.961,17523,17524,17524,1,1
2021-04-28 15:20:16.014,17523,17524,17524,1,1
2021-04-28 15:20:16.159,17523,17524,17524,4,4
2021-04-28 15:20:16.382,17523,17525,17525,1,1
2021-04-28 15:20:17.176,17523,17525,17525,3,3
2021-04-28 15:20:18.173,17523,17525,17525,1,1
2021-04-28 15:20:28.820,17523,17524,17523,1,-1
2021-04-28 15:20:29.551,17522,17523,17523,2,2
2021-04-28 15:20:31.825,17522,17523,17522,1,-1
2021-04-28 15:20:31.826,17522,17523,17522,5,-5
2021-04-28 15:20:32.091,17521,17522,17521,1,-1
2021-04-28 15:20:34.937,17521,17522,17521,2,-2
2021-04-28 15:20:38.257,17521,17522,17521,3,-3
2021-04-28 15:20:39.554,17520,17521,17521,1,1
2021-04-28 15:20:42.969,17520,17521,17520,1,-1
2021-04-28 15:20:43.873,17520,17521,17520,1,-1
2021-04-28 15:20:45.018,17520,17521,17520,11,-11
2021-04-28 15:20:50.240,17519,17520,17519,2,-2
2021-04-28 15:20:51.268,17519,17520,17520,1,1
2021-04-28 15:20:54.935,17520,17521,17520,1,-1
2021-04-28 15:20:56.611,17519,17520,17520,1,1
2021-04-28 15:20:59.219,17519,17520,17520,1,1
2021-04-28 15:21:03.751,17520,17521,17520,1,-1
2021-04-28 15:21:09.088,17519,17520,17519,3,-3
2021-04-28 15:21:09.705,17519,17520,17519,1,-1
2021-04-28 15:21:09.747,17519,17520,17519,11,-11
2021-04-28 15:21:14.112,17518,17520,17520,3,3
2021-04-28 15:21:16.724,17518,17519,17518,1,-1
2021-04-28 15:21:19.367,17518,17519,17519,1,1
2021-04-28 15:21:19.590,17518,17519,17519,1,1
2021-04-28 15:21:23.178,17518,17519,17518,3,-3
2021-04-28 15:21:25.022,17518,17519,17518,5,-5
2021-04-28 15:21:25.869,17518,17519,17518,1,-1
2021-04-28 15:21:33.413,17518,17519,17518,1,-1
2021-04-28 15:21:35.001,17518,17519,17518,1,-1
2021-04-28 15:21:37.055,17518,17519,17518,3,-3
2021-04-28 15:21:39.984,17518,17519,17518,8,-8
2021-04-28 15:21:41.201,17517,17518,17518,1,1
2021-04-28 15:21:41.461,17517,17518,17518,1,1
2021-04-28 15:21:42.061,17517,17518,17517,1,-1
2021-04-28 15:21:43.602,17516,17517,17516,5,-5
2021-04-28 15:21:43.938,17516,17518,17516,5,-5
2021-04-28 15:21:48.771,17517,17518,17517,2,2
2021-04-28 15:21:50.252,17516,17517,17516,1,-1
2021-04-28 15:21:54.272,17516,17517,17516,5,-5
2021-04-28 15:21:54.274,17516,17517,17515,1,-1
2021-04-28 15:21:54.277,17516,17517,17515,1,-1
2021-04-28 15:21:54.465,17515,17516,17515,1,-1
2021-04-28 15:21:54.466,17515,17516,17515,3,-3
2021-04-28 15:21:54.658,17515,17516,17515,2,-2
2021-04-28 15:21:54.985,17515,17516,17516,2,2
2021-04-28 15:21:55.252,17515,17516,17515,2,-2
2021-04-28 15:21:55.613,17515,17516,17515,3,-3
2021-04-28 15:21:55.898,17515,17516,17515,3,-3
2021-04-28 15:21:56.198,17515,17516,17516,1,1
2021-04-28 15:21:56.209,17515,17516,17515,15,-15
2021-04-28 15:21:57.812,17515,17516,17515,1,-1
2021-04-28 15:21:58.190,17515,17516,17515,1,-1
2021-04-28 15:21:58.192,17515,17516,17515,44,-44
2021-04-28 15:21:58.193,17515,17516,17514,1,-1
2021-04-28 15:21:58.365,17514,17515,17514,1,-1
2021-04-28 15:21:58.573,17514,17515,17514,3,-3
2021-04-28 15:21:59.758,17513,17514,17513,1,-1
2021-04-28 15:21:59.962,17513,17514,17513,5,-5
2021-04-28 15:22:00.234,17513,17514,17514,1,1
2021-04-28 15:22:00.235,17513,17514,17513,1,-1
2021-04-28 15:22:01.757,17513,17514,17514,1,1
2021-04-28 15:22:01.811,17513,17514,17513,1,-1
2021-04-28 15:22:01.900,17513,17514,17512,1,-1
2021-04-28 15:22:02.039,17512,17514,17512,1,-1
2021-04-28 15:22:02.080,17512,17514,17514,1,1
2021-04-28 15:22:02.081,17512,17514,17512,1,-1
2021-04-28 15:22:02.147,17512,17514,17512,3,-3
2021-04-28 15:22:02.148,17512,17514,17512,1,-1
2021-04-28 15:22:02.218,17511,17513,17511,1,-1
2021-04-28 15:22:02.493,17512,17513,17513,1,1
2021-04-28 15:22:02.688,17512,17513,17512,1,-1
2021-04-28 15:22:02.714,17512,17513,17513,1,1
2021-04-28 15:22:02.724,17512,17513,17512,2,-2
2021-04-28 15:22:02.936,17512,17513,17512,2,-2
2021-04-28 15:22:02.955,17512,17513,17513,1,1
2021-04-28 15:22:03.038,17512,17513,17512,1,-1
2021-04-28 15:22:03.178,17512,17513,17511,3,-3
2021-04-28 15:22:03.787,17510,17512,17512,1,1
2021-04-28 15:22:04.172,17511,17512,17511,1,-1
2021-04-28 15:22:04.933,17510,17512,17510,5,-5
2021-04-28 15:22:05.063,17510,17512,17510,2,-2
2021-04-28 15:22:05.065,17510,17512,17510,2,-2
2021-04-28 15:22:05.723,17510,17511,17510,5,-5
2021-04-28 15:22:05.879,17510,17511,17510,4,-4
2021-04-28 15:22:06.373,17510,17511,17510,1,-1
2021-04-28 15:22:06.675,17510,17511,17511,1,1
2021-04-28 15:22:06.846,17510,17511,17510,1,-1
2021-04-28 15:22:07.220,17509,17510,17509,1,-1
2021-04-28 15:22:07.532,17508,17510,17508,2,-2
2021-04-28 15:22:07.533,17508,17510,17508,3,-3
2021-04-28 15:22:07.587,17508,17510,17508,3,-3
2021-04-28 15:22:08.236,17508,17510,17508,10,-10
2021-04-28 15:22:08.497,17508,17510,17508,4,-4
2021-04-28 15:22:08.690,17508,17510,17508,1,-1
2021-04-28 15:22:08.912,17508,17510,17508,2,-2
2021-04-28 15:22:08.945,17508,17509,17509,1,1
2021-04-28 15:22:09.264,17509,17510,17509,1,-1
2021-04-28 15:22:09.449,17510,17511,17510,1,1
2021-04-28 15:22:12.072,17509,17510,17510,1,1
2021-04-28 15:22:12.073,17509,17510,17510,1,1
2021-04-28 15:22:12.927,17510,17511,17511,3,3
2021-04-28 15:22:13.487,17510,17512,17510,1,-1
2021-04-28 15:22:14.106,17511,17512,17510,2,-2
2021-04-28 15:22:15.608,17510,17512,17511,1,1
2021-04-28 15:22:17.053,17510,17512,17510,2,-2
2021-04-28 15:22:17.731,17510,17512,17510,1,-1
2021-04-28 15:22:17.732,17510,17512,17510,3,-3
2021-04-28 15:22:19.432,17510,17512,17510,1,-1
2021-04-28 15:22:19.499,17510,17512,17510,1,-1
2021-04-28 15:22:19.552,17510,17512,17510,1,-1
2021-04-28 15:22:19.852,17510,17512,17511,1,1
2021-04-28 15:22:20.006,17510,17512,17512,1,1
2021-04-28 15:22:20.548,17510,17512,17510,1,-1
2021-04-28 15:22:21.454,17511,17513,17513,2,2
2021-04-28 15:22:21.613,17511,17512,17512,1,1
2021-04-28 15:22:21.793,17511,17512,17511,3,-3
2021-04-28 15:22:24.073,17510,17512,17512,1,1
2021-04-28 15:22:25.501,17510,17511,17510,1,-1
2021-04-28 15:22:27.372,17510,17511,17511,1,1
2021-04-28 15:22:29.946,17510,17511,17510,1,-1
2021-04-28 15:22:31.217,17510,17511,17510,1,-1
2021-04-28 15:22:32.056,17510,17511,17510,1,-1
2021-04-28 15:22:33.800,17510,17511,17511,1,1
2021-04-28 15:22:34.436,17510,17511,17510,1,-1
2021-04-28 15:22:37.150,17510,17511,17511,1,1
2021-04-28 15:22:37.498,17511,17512,17511,1,-1
2021-04-28 15:22:37.568,17511,17512,17511,5,-5
2021-04-28 15:22:38.886,17510,17512,17511,1,-1
2021-04-28 15:22:48.254,17511,17512,17511,5,-5
2021-04-28 15:22:48.469,17510,17512,17512,1,1
2021-04-28 15:22:51.027,17511,17512,17511,2,-2
2021-04-28 15:22:56.375,17511,17512,17512,1,1
2021-04-28 15:22:57.558,17511,17513,17513,1,1
2021-04-28 15:22:57.881,17511,17513,17512,4,-4
2021-04-28 15:22:58.048,17512,17513,17512,1,-1
2021-04-28 15:23:00.029,17512,17513,17512,1,-1
2021-04-28 15:23:02.612,17512,17514,17512,1,-1
2021-04-28 15:23:09.547,17513,17514,17514,2,2
2021-04-28 15:23:09.633,17513,17515,17515,1,1
2021-04-28 15:23:17.705,17513,17514,17514,1,1
2021-04-28 15:23:18.426,17514,17515,17514,1,-1
2021-04-28 15:23:21.522,17514,17515,17515,6,6
2021-04-28 15:23:22.374,17515,17516,17515,2,-2
2021-04-28 15:23:23.457,17515,17516,17515,1,-1
2021-04-28 15:23:24.020,17515,17516,17515,2,-2
2021-04-28 15:23:26.622,17514,17516,17515,1,-1
2021-04-28 15:23:31.986,17513,17515,17514,1,-1
2021-04-28 15:23:35.837,17514,17515,17515,1,1
2021-04-28 15:23:37.399,17514,17515,17515,5,5
2021-04-28 15:23:42.754,17514,17515,17515,1,1
2021-04-28 15:23:54.286,17514,17515,17514,1,-1
2021-04-28 15:23:56.340,17514,17515,17514,1,-1
2021-04-28 15:24:00.010,17514,17515,17514,2,-2
2021-04-28 15:24:01.679,17513,17514,17513,4,-4
2021-04-28 15:24:01.982,17513,17514,17513,1,-1
2021-04-28 15:24:01.984,17513,17514,17512,1,-1
2021-04-28 15:24:05.130,17513,17514,17513,1,1
2021-04-28 15:24:07.922,17513,17514,17513,1,-1
2021-04-28 15:24:12.604,17512,17513,17513,1,1
2021-04-28 15:24:14.623,17513,17514,17513,1,-1
2021-04-28 15:24:17.630,17512,17514,17513,1,-1
2021-04-28 15:24:17.966,17512,17513,17513,1,1
2021-04-28 15:24:20.232,17512,17514,17512,1,-1
2021-04-28 15:24:22.352,17512,17513,17513,1,1
2021-04-28 15:24:35.042,17512,17513,17513,1,1
2021-04-28 15:24:37.840,17512,17513,17513,1,1
2021-04-28 15:24:46.927,17512,17513,17512,3,-3
2021-04-28 15:24:57.008,17512,17513,17513,2,2
2021-04-28 15:24:57.009,17512,17513,17513,6,6
2021-04-28 15:25:00.801,17513,17514,17513,1,-1
2021-04-28 15:25:03.647,17512,17513,17513,1,1
2021-04-28 15:25:03.958,17512,17514,17512,1,-1
2021-04-28 15:25:03.969,17512,17514,17512,1,-1
2021-04-28 15:25:04.431,17512,17514,17512,2,-2
2021-04-28 15:25:04.552,17512,17514,17513,1,1
2021-04-28 15:25:09.182,17512,17513,17513,1,1
2021-04-28 15:25:10.272,17512,17513,17512,7,-7
2021-04-28 15:25:10.928,17511,17512,17511,3,-3
2021-04-28 15:25:11.350,17511,17512,17512,1,1
2021-04-28 15:25:18.208,17511,17512,17511,9,-9
2021-04-28 15:25:24.129,17510,17511,17510,1,-1
2021-04-28 15:25:24.384,17510,17511,17510,3,-3
2021-04-28 15:25:25.842,17510,17511,17510,1,-1
2021-04-28 15:25:25.843,17510,17511,17510,1,-1
2021-04-28 15:25:25.844,17510,17511,17510,8,-8
2021-04-28 15:25:28.087,17510,17511,17510,1,-1
2021-04-28 15:25:30.003,17509,17510,17510,1,1
2021-04-28 15:25:33.207,17509,17510,17509,2,-2
2021-04-28 15:25:38.711,17509,17510,17509,13,-13
2021-04-28 15:25:39.885,17509,17510,17509,1,-1
2021-04-28 15:25:39.901,17509,17510,17509,4,-4
2021-04-28 15:25:41.802,17508,17510,17509,2,-2
2021-04-28 15:25:41.975,17509,17510,17509,1,-1
2021-04-28 15:25:42.007,17509,17510,17508,1,-1
2021-04-28 15:25:42.127,17508,17510,17508,6,-6
2021-04-28 15:25:42.775,17508,17509,17508,5,-5
2021-04-28 15:25:43.087,17508,17509,17509,2,2
2021-04-28 15:25:45.394,17508,17509,17508,2,-2
2021-04-28 15:25:47.130,17508,17509,17508,1,-1
2021-04-28 15:25:50.153,17508,17509,17508,4,-4
2021-04-28 15:25:54.317,17508,17509,17508,2,-2
2021-04-28 15:25:55.908,17508,17509,17508,1,-1
2021-04-28 15:26:00.001,17508,17509,17509,1,1
2021-04-28 15:26:00.002,17508,17509,17509,3,3
2021-04-28 15:26:02.617,17509,17510,17509,2,-2
2021-04-28 15:26:04.423,17508,17509,17509,2,2
2021-04-28 15:26:04.877,17508,17509,17509,2,2
2021-04-28 15:26:05.938,17509,17510,17509,1,-1
2021-04-28 15:26:06.931,17509,17510,17509,1,-1
2021-04-28 15:26:17.863,17509,17510,17509,2,-2
2021-04-28 15:26:18.125,17509,17510,17509,3,-3
2021-04-28 15:26:18.986,17509,17510,17509,1,-1
2021-04-28 15:26:21.435,17509,17510,17509,1,-1
2021-04-28 15:26:25.446,17509,17510,17509,1,-1
2021-04-28 15:26:26.866,17509,17510,17509,1,-1
2021-04-28 15:26:28.085,17509,17510,17509,1,-1
2021-04-28 15:26:31.548,17509,17510,17510,1,1
2021-04-28 15:26:31.550,17509,17510,17511,1,1
2021-04-28 15:26:31.761,17510,17512,17510,3,-3
2021-04-28 15:26:34.339,17510,17511,17511,1,1
2021-04-28 15:26:48.834,17510,17511,17511,5,5
2021-04-28 15:26:55.053,17510,17511,17511,1,1
2021-04-28 15:26:58.259,17510,17511,17511,1,1
2021-04-28 15:27:00.888,17510,17511,17510,2,-2
2021-04-28 15:27:01.193,17509,17510,17509,1,-1
2021-04-28 15:27:01.209,17509,17510,17508,1,-1
2021-04-28 15:27:01.256,17509,17510,17508,2,-2
2021-04-28 15:27:01.297,17509,17510,17508,1,-1
2021-04-28 15:27:01.303,17509,17510,17508,2,-2
2021-04-28 15:27:01.310,17509,17510,17508,2,-2
2021-04-28 15:27:01.362,17508,17509,17507,1,-1
2021-04-28 15:27:01.541,17507,17509,17507,2,-2
2021-04-28 15:27:01.635,17507,17508,17507,2,-2
2021-04-28 15:27:01.672,17507,17508,17507,11,-11
2021-04-28 15:27:01.673,17507,17508,17507,1,-1
2021-04-28 15:27:01.797,17506,17507,17506,1,-1
2021-04-28 15:27:02.598,17506,17507,17506,17,-17
2021-04-28 15:27:02.739,17505,17506,17505,2,-2
2021-04-28 15:27:03.138,17505,17507,17505,1,-1
2021-04-28 15:27:03.204,17505,17506,17505,1,-1
2021-04-28 15:27:03.211,17505,17506,17505,2,-2
2021-04-28 15:27:03.559,17505,17506,17506,1,1
2021-04-28 15:27:07.942,17506,17508,17508,2,2
2021-04-28 15:27:08.027,17506,17508,17506,1,-1
2021-04-28 15:27:08.336,17506,17508,17506,1,-1
2021-04-28 15:27:09.905,17506,17508,17507,2,2
2021-04-28 15:27:10.545,17507,17508,17507,1,-1
2021-04-28 15:27:10.567,17507,17508,17507,1,-1
2021-04-28 15:27:15.256,17507,17508,17507,1,-1
2021-04-28 15:27:15.381,17507,17508,17507,2,-2
2021-04-28 15:27:16.843,17507,17508,17508,3,3
2021-04-28 15:27:16.844,17507,17508,17508,1,1
2021-04-28 15:27:17.397,17507,17508,17508,2,2
2021-04-28 15:27:20.962,17508,17509,17509,2,2
2021-04-28 15:27:26.472,17508,17509,17509,1,1
2021-04-28 15:27:26.486,17508,17509,17509,1,1
2021-04-28 15:27:27.413,17508,17510,17510,1,1
2021-04-28 15:27:30.130,17508,17509,17509,1,1
2021-04-28 15:27:34.253,17508,17509,17509,1,1
2021-04-28 15:27:34.456,17509,17510,17509,1,-1
2021-04-28 15:27:35.704,17509,17510,17510,1,1
2021-04-28 15:27:37.485,17510,17511,17510,3,-3
2021-04-28 15:27:38.977,17510,17511,17510,4,-4
2021-04-28 15:27:40.171,17510,17511,17510,5,-5
2021-04-28 15:27:46.911,17510,17511,17511,1,1
2021-04-28 15:27:46.913,17510,17511,17510,2,-2
2021-04-28 15:27:55.619,17510,17511,17510,1,-1
2021-04-28 15:27:58.218,17510,17511,17511,2,2
2021-04-28 15:27:59.540,17510,17511,17510,3,-3
2021-04-28 15:27:59.541,17510,17511,17510,1,-1
2021-04-28 15:28:01.242,17509,17511,17509,2,-2
2021-04-28 15:28:01.531,17509,17511,17509,1,-1
2021-04-28 15:28:01.554,17509,17511,17509,1,-1
2021-04-28 15:28:01.576,17509,17510,17509,1,-1
2021-04-28 15:28:01.586,17509,17510,17509,1,-1
2021-04-28 15:28:01.659,17509,17510,17509,1,-1
2021-04-28 15:28:07.409,17509,17510,17509,2,-2
2021-04-28 15:28:07.613,17509,17510,17509,1,-1
2021-04-28 15:28:08.657,17509,17510,17509,1,-1
2021-04-28 15:28:15.166,17509,17510,17510,1,1
2021-04-28 15:28:16.449,17509,17510,17510,1,1
2021-04-28 15:28:19.640,17509,17510,17510,1,1
2021-04-28 15:28:21.764,17509,17510,17510,1,1
2021-04-28 15:28:28.926,17510,17511,17510,1,-1
2021-04-28 15:28:28.929,17510,17511,17510,1,-1
2021-04-28 15:28:39.490,17510,17511,17510,1,-1
2021-04-28 15:28:39.492,17510,17511,17510,3,-3
2021-04-28 15:28:40.033,17510,17511,17510,1,-1
2021-04-28 15:28:42.288,17510,17511,17510,1,-1
2021-04-28 15:28:46.250,17510,17511,17510,1,-1
2021-04-28 15:28:49.670,17510,17511,17511,1,1
2021-04-28 15:28:56.227,17510,17511,17511,1,1
2021-04-28 15:28:57.638,17510,17511,17510,1,-1
2021-04-28 15:28:57.948,17510,17511,17510,1,-1
2021-04-28 15:28:58.106,17510,17511,17510,1,-1
2021-04-28 15:28:58.280,17510,17511,17510,1,-1
2021-04-28 15:28:58.451,17510,17511,17510,1,-1
2021-04-28 15:28:58.537,17510,17511,17511,1,1
2021-04-28 15:28:58.761,17510,17511,17510,1,-1
2021-04-28 15:28:58.914,17510,17511,17510,1,-1
2021-04-28 15:28:59.091,17510,17511,17510,1,-1
2021-04-28 15:28:59.638,17510,17511,17510,1,-1
2021-04-28 15:28:59.908,17510,17511,17510,1,-1
2021-04-28 15:29:00.109,17510,17511,17510,1,-1
2021-04-28 15:29:00.405,17510,17511,17510,1,-1
2021-04-28 15:29:00.844,17510,17511,17510,1,-1
2021-04-28 15:29:01.214,17510,17511,17510,1,-1
2021-04-28 15:29:01.831,17510,17511,17510,1,-1
2021-04-28 15:29:05.098,17509,17510,17510,1,1
2021-04-28 15:29:05.468,17509,17510,17509,1,-1
2021-04-28 15:29:05.660,17509,17510,17509,1,-1
2021-04-28 15:29:05.941,17509,17510,17509,1,-1
2021-04-28 15:29:06.111,17509,17510,17509,1,-1
2021-04-28 15:29:06.280,17509,17510,17509,1,-1
2021-04-28 15:29:06.470,17509,17510,17509,1,-1
2021-04-28 15:29:06.631,17509,17510,17509,1,-1
2021-04-28 15:29:06.796,17509,17510,17509,1,-1
2021-04-28 15:29:06.975,17509,17510,17509,1,-1
2021-04-28 15:29:07.279,17509,17510,17509,1,-1
2021-04-28 15:29:07.453,17509,17510,17509,1,-1
2021-04-28 15:29:07.631,17509,17510,17509,1,-1
2021-04-28 15:29:07.809,17509,17510,17509,1,-1
2021-04-28 15:29:08.216,17509,17510,17509,1,-1
2021-04-28 15:29:08.719,17509,17510,17509,1,-1
2021-04-28 15:29:09.853,17508,17509,17508,4,-4
2021-04-28 15:29:09.854,17508,17509,17508,8,-8
2021-04-28 15:29:10.658,17507,17508,17507,1,-1
2021-04-28 15:29:11.058,17507,17508,17507,1,-1
2021-04-28 15:29:11.554,17507,17508,17507,1,-1
2021-04-28 15:29:12.306,17507,17508,17507,1,-1
2021-04-28 15:29:13.190,17507,17508,17507,1,-1
2021-04-28 15:29:14.453,17507,17508,17508,1,1
2021-04-28 15:29:29.129,17507,17508,17507,1,-1
2021-04-28 15:29:31.377,17507,17508,17507,1,-1
2021-04-28 15:29:35.560,17507,17508,17508,4,4
2021-04-28 15:29:37.411,17508,17509,17508,1,-1
2021-04-28 15:29:41.836,17508,17509,17508,2,-2
2021-04-28 15:29:41.858,17508,17509,17508,1,-1
2021-04-28 15:29:43.210,17508,17509,17508,1,-1
2021-04-28 15:29:48.053,17507,17508,17507,1,-1
2021-04-28 15:29:48.702,17507,17508,17508,1,1
2021-04-28 15:29:53.079,17507,17508,17507,4,-4
2021-04-28 15:29:54.526,17507,17508,17507,4,-4
2021-04-28 15:29:55.938,17507,17508,17507,1,-1
2021-04-28 15:29:57.370,17506,17508,17506,1,-1
2021-04-28 15:29:58.239,17507,17508,17507,1,1
2021-04-28 15:29:58.704,17506,17507,17506,2,-2
2021-04-28 15:29:59.331,17506,17507,17506,1,-1
2021-04-28 15:30:00.351,17506,17507,17506,1,-1
2021-04-28 15:30:00.352,17506,17507,17506,2,-2
2021-04-28 15:30:00.594,17505,17506,17505,1,-1
2021-04-28 15:30:00.852,17505,17506,17505,1,-1
2021-04-28 15:30:00.906,17505,17506,17505,2,-2
2021-04-28 15:30:00.910,17505,17506,17505,5,-5
2021-04-28 15:30:00.911,17505,17506,17505,1,-1
2021-04-28 15:30:00.917,17505,17506,17504,2,-2
2021-04-28 15:30:00.918,17505,17506,17504,1,-1
2021-04-28 15:30:00.981,17504,17505,17504,1,-1
2021-04-28 15:30:01.069,17504,17505,17504,2,-2
2021-04-28 15:30:01.336,17503,17505,17503,5,-5
2021-04-28 15:30:01.486,17503,17505,17503,1,-1
2021-04-28 15:30:01.489,17503,17505,17503,1,-1
2021-04-28 15:30:01.507,17503,17505,17503,1,-1
2021-04-28 15:30:01.509,17503,17505,17503,1,-1
2021-04-28 15:30:01.519,17503,17505,17503,4,-4
2021-04-28 15:30:01.800,17503,17505,17504,1,1
2021-04-28 15:30:02.187,17504,17505,17504,1,-1
2021-04-28 15:30:02.205,17504,17505,17503,1,-1
2021-04-28 15:30:03.250,17503,17504,17504,1,1
2021-04-28 15:30:03.969,17503,17504,17504,1,1
2021-04-28 15:30:04.787,17504,17505,17504,1,-1
2021-04-28 15:30:04.853,17504,17505,17505,1,1
2021-04-28 15:30:05.592,17505,17506,17506,1,1
2021-04-28 15:30:07.722,17506,17507,17506,4,-4
2021-04-28 15:30:08.028,17506,17507,17506,3,-3
2021-04-28 15:30:08.320,17506,17507,17506,1,-1
2021-04-28 15:30:08.436,17506,17507,17506,1,-1
2021-04-28 15:30:10.096,17506,17507,17506,2,-2
2021-04-28 15:30:11.008,17506,17507,17506,1,-1
2021-04-28 15:30:13.104,17506,17507,17506,1,-1
2021-04-28 15:30:14.860,17506,17507,17506,1,-1
2021-04-28 15:30:14.861,17506,17507,17506,1,-1
2021-04-28 15:30:16.583,17506,17507,17507,4,4
2021-04-28 15:30:19.902,17507,17508,17508,1,1
2021-04-28 15:30:20.559,17507,17508,17507,1,-1
2021-04-28 15:30:24.113,17507,17508,17507,1,-1
2021-04-28 15:30:26.497,17506,17507,17507,1,1
2021-04-28 15:30:29.060,17506,17508,17506,1,-1
2021-04-28 15:30:32.284,17507,17508,17508,2,2
2021-04-28 15:30:36.141,17508,17509,17509,1,1
2021-04-28 15:30:38.615,17508,17509,17509,1,1
2021-04-28 15:30:40.157,17508,17510,17510,1,1
2021-04-28 15:30:44.912,17509,17510,17509,3,-3
2021-04-28 15:30:48.596,17508,17509,17509,5,5
2021-04-28 15:30:50.555,17508,17509,17509,1,1
2021-04-28 15:30:51.086,17509,17510,17509,1,-1
2021-04-28 15:30:51.472,17508,17510,17510,1,1
2021-04-28 15:30:53.440,17509,17510,17510,2,2
2021-04-28 15:30:58.737,17509,17510,17510,2,2
2021-04-28 15:30:59.458,17509,17510,17509,1,-1
2021-04-28 15:30:59.906,17509,17510,17509,1,-1
2021-04-28 15:31:00.556,17509,17510,17509,1,-1
2021-04-28 15:31:00.557,17509,17510,17509,1,-1
2021-04-28 15:31:02.279,17508,17510,17508,1,-1
2021-04-28 15:31:04.482,17508,17509,17509,2,2
2021-04-28 15:31:04.561,17509,17510,17509,2,-2
2021-04-28 15:31:05.467,17508,17510,17509,1,-1
2021-04-28 15:31:12.818,17508,17509,17509,1,1
2021-04-28 15:31:13.944,17508,17510,17510,1,1
2021-04-28 15:31:17.560,17508,17510,17508,1,-1
2021-04-28 15:31:30.027,17509,17510,17510,1,1
2021-04-28 15:31:33.276,17509,17510,17509,1,-1
2021-04-28 15:31:33.763,17509,17510,17510,1,1
2021-04-28 15:31:35.558,17509,17510,17509,1,-1
2021-04-28 15:31:41.309,17508,17509,17508,3,-3
2021-04-28 15:31:41.476,17508,17509,17508,1,-1
2021-04-28 15:31:48.994,17508,17509,17509,1,1
2021-04-28 15:31:50.683,17508,17509,17509,1,1
2021-04-28 15:31:58.323,17509,17510,17510,2,2
2021-04-28 15:32:00.890,17509,17510,17510,2,2
2021-04-28 15:32:04.194,17509,17510,17510,1,1
2021-04-28 15:32:06.311,17510,17511,17510,1,-1
2021-04-28 15:32:13.205,17510,17511,17510,1,-1
2021-04-28 15:32:13.589,17510,17511,17510,1,-1
2021-04-28 15:32:19.936,17510,17511,17511,4,4
2021-04-28 15:32:19.937,17510,17511,17511,1,1
2021-04-28 15:32:20.383,17510,17512,17510,1,-1
2021-04-28 15:32:33.131,17510,17511,17510,2,-2
2021-04-28 15:32:35.593,17510,17511,17511,1,1
2021-04-28 15:32:38.602,17511,17512,17512,1,1
2021-04-28 15:32:39.553,17511,17512,17512,1,1
2021-04-28 15:32:39.554,17511,17512,17512,17,17
2021-04-28 15:32:40.309,17511,17512,17512,1,1
2021-04-28 15:32:41.726,17512,17513,17512,1,-1
2021-04-28 15:32:44.561,17512,17513,17512,1,-1
2021-04-28 15:32:45.385,17511,17513,17512,1,-1
2021-04-28 15:32:51.610,17511,17512,17512,1,1
2021-04-28 15:32:55.296,17511,17512,17512,1,1
2021-04-28 15:32:55.878,17511,17512,17512,1,1
2021-04-28 15:32:56.435,17511,17512,17512,2,2
2021-04-28 15:32:59.739,17511,17512,17512,1,1
2021-04-28 15:33:00.219,17511,17512,17512,1,1
2021-04-28 15:33:00.531,17511,17512,17512,1,1
2021-04-28 15:33:00.625,17511,17512,17512,1,1
2021-04-28 15:33:02.291,17511,17512,17511,1,-1
2021-04-28 15:33:03.297,17510,17512,17512,1,1
2021-04-28 15:33:06.436,17510,17511,17510,5,-5
2021-04-28 15:33:06.637,17509,17511,17511,1,1
2021-04-28 15:33:06.791,17509,17511,17511,1,1
2021-04-28 15:33:16.485,17510,17511,17511,1,1
2021-04-28 15:33:26.434,17510,17511,17511,1,1
2021-04-28 15:33:29.993,17510,17511,17511,1,1
2021-04-28 15:33:33.173,17510,17511,17511,1,1
2021-04-28 15:33:36.175,17510,17511,17511,2,2
2021-04-28 15:33:38.158,17510,17511,17511,3,3
2021-04-28 15:33:38.202,17510,17511,17510,10,-10
2021-04-28 15:33:41.556,17510,17511,17510,1,-1
2021-04-28 15:33:42.072,17510,17511,17511,3,3
2021-04-28 15:33:44.974,17510,17511,17511,1,1
2021-04-28 15:33:45.052,17510,17511,17510,1,-1
2021-04-28 15:33:48.723,17510,17511,17511,1,1
2021-04-28 15:33:51.094,17511,17512,17511,4,-4
2021-04-28 15:33:55.141,17510,17512,17512,2,2
2021-04-28 15:33:55.918,17511,17512,17511,1,-1
2021-04-28 15:33:58.562,17511,17512,17511,1,-1
2021-04-28 15:34:19.981,17511,17512,17512,5,5
2021-04-28 15:34:20.684,17512,17513,17511,3,-3
2021-04-28 15:34:37.311,17511,17512,17511,2,-2
2021-04-28 15:34:44.648,17511,17512,17512,1,1
2021-04-28 15:34:48.150,17511,17512,17511,1,-1
2021-04-28 15:34:49.429,17511,17512,17512,1,1
2021-04-28 15:35:01.890,17512,17513,17513,1,1
2021-04-28 15:35:02.228,17512,17513,17513,1,1
2021-04-28 15:35:02.957,17512,17513,17513,1,1
2021-04-28 15:35:03.821,17512,17513,17512,1,-1
2021-04-28 15:35:03.822,17512,17513,17512,2,-2
2021-04-28 15:35:07.561,17512,17513,17512,2,-2
2021-04-28 15:35:09.123,17512,17513,17512,1,-1
2021-04-28 15:35:13.722,17512,17513,17512,1,-1
2021-04-28 15:35:17.382,17512,17513,17512,1,-1
2021-04-28 15:35:19.445,17512,17513,17512,1,-1
2021-04-28 15:35:23.769,17512,17513,17513,1,1
2021-04-28 15:35:23.770,17512,17513,17513,1,1
2021-04-28 15:35:23.939,17513,17514,17513,1,-1
2021-04-28 15:35:28.022,17513,17514,17513,3,-3
2021-04-28 15:35:28.208,17513,17514,17513,1,-1
2021-04-28 15:35:34.124,17512,17513,17513,1,1
2021-04-28 15:35:34.345,17512,17513,17512,9,-9
2021-04-28 15:35:40.866,17512,17513,17512,2,-2
2021-04-28 15:35:41.568,17511,17512,17512,1,1
2021-04-28 15:35:52.166,17511,17512,17511,5,-5
2021-04-28 15:35:52.186,17511,17512,17511,9,-9
2021-04-28 15:35:52.800,17510,17512,17512,2,2
2021-04-28 15:35:54.032,17510,17512,17512,1,1
2021-04-28 15:36:02.077,17511,17512,17511,1,-1
2021-04-28 15:36:07.472,17511,17512,17511,1,-1
2021-04-28 15:36:10.626,17511,17512,17512,11,11
2021-04-28 15:36:11.242,17512,17513,17512,1,-1
2021-04-28 15:36:11.730,17512,17513,17512,2,-2
2021-04-28 15:36:25.004,17511,17512,17511,2,-2
2021-04-28 15:36:26.344,17510,17511,17511,1,1
2021-04-28 15:36:26.437,17510,17512,17510,1,-1
2021-04-28 15:36:26.439,17510,17512,17510,1,-1
2021-04-28 15:36:29.601,17510,17511,17511,1,1
2021-04-28 15:36:30.553,17511,17512,17511,1,-1
2021-04-28 15:36:32.776,17511,17512,17511,1,-1
2021-04-28 15:36:43.669,17511,17512,17512,6,6
2021-04-28 15:36:47.188,17511,17513,17513,1,1
2021-04-28 15:36:59.336,17512,17513,17513,1,1
2021-04-28 15:37:00.131,17512,17513,17513,1,1
2021-04-28 15:37:01.666,17512,17513,17513,1,1
2021-04-28 15:37:10.413,17512,17513,17512,1,-1
2021-04-28 15:37:13.538,17511,17512,17512,2,2
2021-04-28 15:37:20.090,17511,17512,17512,1,1
2021-04-28 15:37:26.740,17511,17512,17512,2,2
2021-04-28 15:37:30.537,17511,17512,17512,2,2
2021-04-28 15:37:34.730,17511,17512,17512,2,2
2021-04-28 15:37:40.898,17511,17512,17512,2,2
2021-04-28 15:37:45.090,17511,17512,17512,2,2
2021-04-28 15:37:47.722,17511,17512,17512,1,1
2021-04-28 15:37:49.021,17511,17512,17512,2,2
2021-04-28 15:37:56.557,17511,17512,17511,5,-5
2021-04-28 15:37:56.639,17511,17512,17512,2,2
2021-04-28 15:37:59.951,17511,17512,17512,2,2
2021-04-28 15:38:04.120,17511,17512,17511,4,-4
2021-04-28 15:38:06.345,17511,17512,17511,1,-1
2021-04-28 15:38:07.642,17511,17512,17512,1,1
2021-04-28 15:38:08.884,17511,17513,17513,10,10
2021-04-28 15:38:09.013,17513,17515,17513,1,-1
2021-04-28 15:38:09.170,17513,17515,17513,3,-3
2021-04-28 15:38:09.186,17513,17514,17513,1,-1
2021-04-28 15:38:09.216,17513,17514,17512,1,-1
2021-04-28 15:38:09.329,17512,17514,17512,1,-1
2021-04-28 15:38:13.482,17512,17513,17512,4,-4
2021-04-28 15:38:14.585,17512,17513,17513,1,1
2021-04-28 15:38:21.373,17512,17513,17513,1,1
2021-04-28 15:38:23.561,17513,17515,17513,6,-6
2021-04-28 15:38:24.053,17512,17514,17512,2,-2
2021-04-28 15:38:25.792,17512,17514,17513,1,1
2021-04-28 15:38:27.605,17513,17515,17513,3,-3
2021-04-28 15:38:36.450,17514,17515,17515,2,2
2021-04-28 15:38:39.945,17515,17516,17515,1,-1
2021-04-28 15:38:42.473,17514,17515,17515,1,1
2021-04-28 15:38:52.741,17514,17515,17514,1,-1
2021-04-28 15:39:10.396,17514,17515,17515,3,3
2021-04-28 15:39:10.486,17515,17516,17515,1,-1
2021-04-28 15:39:10.487,17515,17516,17515,1,-1
2021-04-28 15:39:19.699,17515,17516,17516,1,1
2021-04-28 15:39:22.731,17515,17516,17515,1,-1
2021-04-28 15:39:28.443,17515,17516,17516,2,2
2021-04-28 15:39:29.368,17515,17516,17515,1,-1
2021-04-28 15:39:32.062,17515,17516,17515,1,-1
2021-04-28 15:39:32.216,17515,17516,17515,2,-2
2021-04-28 15:39:36.182,17514,17515,17515,1,1
2021-04-28 15:39:37.634,17514,17515,17515,1,1
2021-04-28 15:39:42.336,17514,17515,17515,2,2
2021-04-28 15:39:48.094,17514,17515,17515,1,1
2021-04-28 15:40:04.435,17514,17515,17515,1,1
2021-04-28 15:40:08.302,17514,17515,17515,1,1
2021-04-28 15:40:11.740,17514,17515,17514,1,-1
2021-04-28 15:40:13.229,17514,17515,17514,1,-1
2021-04-28 15:40:15.189,17514,17515,17515,1,1
2021-04-28 15:40:29.287,17514,17515,17515,1,1
2021-04-28 15:40:30.923,17514,17515,17514,1,-1
2021-04-28 15:40:37.251,17514,17515,17514,1,-1
2021-04-28 15:40:44.219,17513,17514,17513,1,-1
2021-04-28 15:40:44.365,17513,17514,17513,2,-2
2021-04-28 15:41:02.638,17512,17513,17513,1,1
2021-04-28 15:41:05.267,17513,17514,17513,1,-1
2021-04-28 15:41:21.038,17512,17513,17513,1,1
2021-04-28 15:41:21.928,17513,17514,17513,1,-1
2021-04-28 15:41:26.430,17513,17514,17513,1,-1
2021-04-28 15:41:28.607,17512,17514,17513,1,-1
2021-04-28 15:41:33.112,17512,17513,17513,1,1
2021-04-28 15:41:38.388,17513,17514,17513,1,-1
2021-04-28 15:41:39.661,17513,17514,17513,1,-1
2021-04-28 15:41:40.323,17513,17514,17513,1,-1
2021-04-28 15:41:42.595,17513,17514,17513,1,-1
2021-04-28 15:41:47.012,17513,17514,17513,1,-1
2021-04-28 15:41:53.898,17513,17514,17513,1,-1
2021-04-28 15:42:01.806,17513,17514,17514,1,1
2021-04-28 15:42:06.933,17513,17514,17514,1,1
2021-04-28 15:42:08.441,17513,17514,17514,1,1
2021-04-28 15:42:11.745,17513,17514,17514,1,1
2021-04-28 15:42:14.790,17513,17515,17513,2,-2
2021-04-28 15:42:20.213,17514,17515,17514,1,1
2021-04-28 15:42:43.379,17514,17515,17514,2,-2
2021-04-28 15:42:53.857,17513,17514,17514,2,2
2021-04-28 15:42:59.644,17513,17514,17514,1,1
2021-04-28 15:43:03.347,17513,17514,17514,2,2
2021-04-28 15:43:19.685,17513,17514,17513,5,-5
2021-04-28 15:43:37.307,17512,17513,17513,1,1
2021-04-28 15:43:40.641,17513,17514,17513,1,-1
2021-04-28 15:43:46.832,17512,17513,17513,1,1
2021-04-28 15:43:48.562,17512,17513,17512,1,-1
2021-04-28 15:43:50.822,17512,17513,17513,1,1
2021-04-28 15:43:57.805,17513,17514,17513,1,-1
2021-04-28 15:44:11.144,17513,17514,17513,1,-1
2021-04-28 15:44:32.490,17512,17513,17513,1,1
2021-04-28 15:44:41.765,17513,17514,17514,2,2
2021-04-28 15:44:45.522,17513,17514,17513,3,-3
2021-04-28 15:44:55.921,17513,17514,17513,1,-1
2021-04-28 15:45:18.720,17513,17514,17513,4,-4
2021-04-28 15:45:18.936,17513,17514,17513,1,-1
2021-04-28 15:45:27.896,17512,17513,17513,1,1
2021-04-28 15:45:32.057,17512,17513,17513,2,2
2021-04-28 15:45:32.062,17512,17513,17512,1,-1
2021-04-28 15:45:32.063,17512,17513,17512,1,-1
2021-04-28 15:45:37.669,17512,17513,17513,3,3
2021-04-28 15:45:46.811,17513,17514,17513,3,-3
2021-04-28 15:45:46.812,17513,17514,17513,7,-7
2021-04-28 15:45:46.938,17512,17513,17512,1,-1
2021-04-28 15:45:50.811,17512,17514,17512,1,-1
2021-04-28 15:45:56.899,17512,17513,17513,2,2
2021-04-28 15:45:57.175,17513,17514,17513,3,-3
2021-04-28 15:46:03.629,17513,17514,17514,3,3
2021-04-28 15:46:04.560,17514,17515,17514,2,-2
2021-04-28 15:46:04.688,17513,17515,17515,1,1
2021-04-28 15:46:19.936,17514,17515,17515,1,1
2021-04-28 15:46:20.580,17514,17515,17515,1,1
2021-04-28 15:46:20.687,17514,17515,17515,1,1
2021-04-28 15:46:40.387,17514,17515,17515,2,2
2021-04-28 15:46:42.813,17514,17515,17514,3,-3
2021-04-28 15:46:43.231,17513,17515,17514,1,-1
2021-04-28 15:46:44.640,17513,17515,17513,1,-1
2021-04-28 15:47:03.200,17514,17515,17514,3,3
2021-04-28 15:47:03.958,17513,17515,17515,2,2
2021-04-28 15:47:52.328,17514,17515,17515,1,1
2021-04-28 15:47:54.173,17514,17515,17515,2,2
2021-04-28 15:47:54.187,17514,17515,17515,1,1
2021-04-28 15:47:54.188,17514,17515,17515,1,1
2021-04-28 15:47:56.936,17514,17515,17515,1,1
2021-04-28 15:47:58.455,17514,17515,17515,2,2
2021-04-28 15:48:03.212,17514,17515,17515,2,2
2021-04-28 15:48:03.376,17514,17515,17515,2,2
2021-04-28 15:48:10.001,17514,17515,17514,2,-2
2021-04-28 15:48:14.243,17514,17515,17515,2,2
2021-04-28 15:48:31.623,17514,17515,17515,1,1
2021-04-28 15:48:50.251,17514,17515,17515,1,1
2021-04-28 15:48:51.004,17514,17515,17515,7,7
2021-04-28 15:48:58.560,17514,17515,17514,4,-4
2021-04-28 15:49:11.276,17513,17514,17514,2,2
2021-04-28 15:49:26.009,17513,17514,17514,1,1
2021-04-28 15:49:27.715,17513,17514,17514,1,1
2021-04-28 15:50:24.552,17513,17514,17514,1,1
2021-04-28 15:50:29.086,17513,17514,17514,2,2
2021-04-28 15:50:30.813,17513,17514,17514,1,1
2021-04-28 15:50:31.157,17513,17515,17513,3,-3
2021-04-28 15:50:31.158,17513,17515,17513,3,-3
2021-04-28 15:50:31.402,17513,17515,17513,1,-1
2021-04-28 15:50:44.877,17513,17514,17514,3,3
2021-04-28 15:51:10.867,17513,17514,17513,1,-1
2021-04-28 15:51:18.904,17513,17514,17513,1,-1
2021-04-28 15:51:20.729,17513,17514,17513,1,-1
2021-04-28 15:51:29.734,17513,17514,17513,1,-1
2021-04-28 15:51:44.885,17513,17514,17513,1,-1
2021-04-28 15:51:47.065,17513,17514,17513,1,-1
2021-04-28 15:51:51.472,17513,17514,17513,1,-1
2021-04-28 15:52:07.502,17513,17514,17513,1,-1
2021-04-28 15:52:10.107,17513,17514,17514,18,18
2021-04-28 15:52:17.808,17514,17515,17514,1,-1
2021-04-28 15:52:17.810,17514,17515,17514,5,-5
2021-04-28 15:52:26.788,17514,17515,17514,3,-3
2021-04-28 15:52:57.257,17514,17515,17515,3,3
2021-04-28 15:52:59.372,17514,17515,17515,1,1
2021-04-28 15:53:19.067,17514,17515,17514,1,-1
2021-04-28 15:53:19.307,17513,17515,17515,1,1
2021-04-28 15:53:19.448,17513,17515,17513,1,-1
2021-04-28 15:53:30.361,17514,17515,17514,1,1
2021-04-28 15:54:01.734,17513,17514,17513,2,-2
2021-04-28 15:54:14.930,17513,17514,17513,10,-10
2021-04-28 15:54:28.387,17512,17513,17512,20,-20
2021-04-28 15:54:28.388,17512,17513,17512,1,-1
2021-04-28 15:54:28.389,17512,17513,17512,1,-1
2021-04-28 15:54:28.390,17512,17513,17512,1,-1
2021-04-28 15:54:29.780,17511,17512,17511,1,-1
2021-04-28 15:54:32.860,17511,17512,17511,2,-2
2021-04-28 15:54:32.936,17511,17512,17511,13,-13
2021-04-28 15:54:33.601,17510,17512,17511,1,-1
2021-04-28 15:54:37.891,17510,17512,17510,3,-3
2021-04-28 15:54:38.144,17510,17512,17510,1,-1
2021-04-28 15:54:40.292,17510,17512,17511,2,2
2021-04-28 15:54:41.129,17510,17512,17510,20,-20
2021-04-28 15:54:46.266,17510,17511,17511,1,1
2021-04-28 15:54:50.018,17510,17511,17510,1,-1
2021-04-28 15:54:52.062,17510,17511,17510,20,-20
2021-04-28 15:54:52.063,17510,17511,17510,1,-1
2021-04-28 15:54:52.064,17510,17511,17510,1,-1
2021-04-28 15:54:52.212,17509,17511,17509,1,-1
2021-04-28 15:54:56.519,17510,17511,17510,1,1
2021-04-28 15:54:58.054,17510,17511,17510,4,-4
2021-04-28 15:54:58.324,17509,17511,17509,1,-1
2021-04-28 15:54:59.090,17510,17511,17510,1,1
2021-04-28 15:55:14.490,17510,17511,17510,1,-1
2021-04-28 15:55:15.239,17510,17511,17510,1,-1
2021-04-28 15:55:27.127,17510,17511,17510,1,-1
2021-04-28 15:55:30.623,17510,17511,17510,1,-1
2021-04-28 15:55:46.193,17509,17510,17509,1,-1
2021-04-28 15:56:00.828,17509,17510,17509,1,-1
2021-04-28 15:56:02.646,17509,17510,17509,1,-1
2021-04-28 15:56:04.175,17509,17510,17509,1,-1
2021-04-28 15:56:12.248,17509,17510,17510,1,1
2021-04-28 15:56:14.922,17509,17510,17510,2,2
2021-04-28 15:56:19.789,17509,17511,17510,1,-1
2021-04-28 15:56:28.623,17510,17511,17510,2,-2
2021-04-28 15:56:28.624,17510,17511,17510,1,-1
2021-04-28 15:56:44.199,17510,17511,17510,1,-1
2021-04-28 15:56:44.518,17510,17511,17510,1,-1
2021-04-28 15:56:49.286,17510,17511,17511,4,4
2021-04-28 15:56:52.059,17510,17512,17511,1,-1
2021-04-28 15:57:06.854,17511,17513,17511,6,-6
2021-04-28 15:57:06.855,17511,17513,17511,2,-2
2021-04-28 15:57:08.363,17511,17512,17512,1,1
2021-04-28 15:57:19.314,17512,17513,17513,2,2
2021-04-28 15:57:19.318,17512,17513,17512,1,-1
2021-04-28 15:57:27.095,17512,17513,17513,2,2
2021-04-28 15:57:34.765,17512,17514,17512,1,-1
2021-04-28 15:57:42.152,17512,17514,17512,1,-1
2021-04-28 15:57:50.334,17512,17514,17513,1,1
2021-04-28 15:57:52.409,17512,17513,17513,1,1
2021-04-28 15:57:52.922,17512,17513,17513,2,2
2021-04-28 15:58:33.889,17513,17514,17514,6,6
2021-04-28 15:58:34.749,17513,17515,17515,1,1
2021-04-28 15:58:46.573,17514,17515,17515,1,1
2021-04-28 15:58:47.942,17514,17515,17515,1,1
2021-04-28 15:58:50.024,17514,17515,17515,1,1
2021-04-28 15:58:50.025,17514,17515,17515,1,1
2021-04-28 15:58:59.870,17514,17515,17515,2,2
2021-04-28 15:58:59.871,17514,17515,17515,1,1
2021-04-28 15:59:02.049,17514,17515,17515,1,1
2021-04-28 15:59:05.664,17514,17515,17515,1,1
2021-04-28 15:59:05.835,17514,17515,17515,1,1
2021-04-28 15:59:16.324,17514,17515,17515,1,1
2021-04-28 15:59:20.117,17514,17515,17514,1,-1
2021-04-28 15:59:20.311,17513,17514,17514,2,2
2021-04-28 15:59:20.343,17513,17514,17514,2,2
2021-04-28 15:59:23.923,17514,17515,17514,2,-2
2021-04-28 15:59:39.052,17513,17514,17513,1,-1
2021-04-28 15:59:42.245,17513,17514,17513,5,-5
2021-04-28 15:59:50.991,17512,17513,17512,1,-1
2021-04-28 15:59:54.539,17512,17513,17512,1,-1
2021-04-28 15:59:58.902,17512,17513,17512,2,-2
2021-04-28 16:00:15.496,17511,17512,17512,14,14
2021-04-28 16:00:31.915,17511,17512,17511,1,-1
2021-04-28 16:00:36.061,17511,17512,17511,8,-8
2021-04-28 16:00:39.103,17510,17512,17510,3,-3
2021-04-28 16:00:41.057,17510,17512,17510,5,-5
2021-04-28 16:00:46.279,17510,17512,17510,1,-1
2021-04-28 16:00:47.186,17510,17512,17510,7,-7
2021-04-28 16:01:04.821,17510,17511,17510,1,-1
2021-04-28 16:01:14.508,17510,17511,17511,1,1
2021-04-28 16:01:14.562,17510,17511,17511,1,1
2021-04-28 16:01:14.563,17510,17511,17511,1,1
2021-04-28 16:01:30.471,17510,17511,17510,2,-2
2021-04-28 16:01:30.562,17510,17511,17511,1,1
2021-04-28 16:01:30.563,17510,17511,17511,1,1
2021-04-28 16:01:30.564,17510,17511,17512,1,1
2021-04-28 16:01:41.606,17510,17512,17512,1,1
2021-04-28 16:01:41.687,17511,17512,17512,1,1
2021-04-28 16:01:41.688,17511,17512,17512,1,1
2021-04-28 16:01:41.689,17511,17512,17512,1,1
2021-04-28 16:01:42.265,17511,17513,17511,1,-1
2021-04-28 16:01:49.477,17511,17512,17512,1,1
2021-04-28 16:01:52.797,17511,17512,17511,10,-10
2021-04-28 16:02:13.034,17511,17512,17512,1,1
2021-04-28 16:02:14.661,17511,17512,17512,1,1
2021-04-28 16:02:15.026,17511,17513,17511,5,-5
2021-04-28 16:02:19.751,17511,17512,17512,1,1
2021-04-28 16:02:21.404,17511,17512,17511,3,-3
2021-04-28 16:02:21.405,17511,17512,17511,1,-1
2021-04-28 16:02:27.247,17511,17512,17511,1,-1
2021-04-28 16:02:31.635,17510,17511,17510,1,-1
2021-04-28 16:02:38.722,17510,17511,17510,4,-4
2021-04-28 16:02:39.677,17509,17511,17509,1,-1
2021-04-28 16:02:39.687,17509,17511,17511,1,1
2021-04-28 16:02:39.721,17509,17511,17509,1,-1
2021-04-28 16:02:39.785,17509,17511,17509,1,-1
2021-04-28 16:02:39.854,17509,17511,17509,1,-1
2021-04-28 16:02:39.938,17509,17511,17509,1,-1
2021-04-28 16:02:40.699,17509,17511,17509,2,-2
2021-04-28 16:02:42.620,17509,17511,17509,2,-2
2021-04-28 16:02:49.032,17510,17511,17510,2,2
2021-04-28 16:02:50.306,17509,17511,17509,1,-1
2021-04-28 16:02:53.874,17510,17512,17510,2,2
2021-04-28 16:02:54.250,17509,17511,17511,1,1
2021-04-28 16:02:56.357,17509,17511,17509,1,-1
2021-04-28 16:03:00.993,17510,17511,17510,3,3
2021-04-28 16:03:00.994,17510,17511,17510,1,-1
2021-04-28 16:03:11.142,17510,17511,17510,1,-1
2021-04-28 16:03:14.864,17510,17511,17511,1,1
2021-04-28 16:03:16.176,17511,17512,17511,2,-2
2021-04-28 16:03:16.178,17511,17512,17511,8,-8
2021-04-28 16:03:18.952,17510,17512,17510,1,-1
2021-04-28 16:03:23.381,17511,17512,17512,2,2
2021-04-28 16:03:29.715,17510,17512,17510,1,-1
2021-04-28 16:03:50.507,17511,17512,17511,1,1
2021-04-28 16:04:04.936,17511,17512,17511,1,-1
2021-04-28 16:04:08.022,17510,17511,17510,3,-3
2021-04-28 16:04:15.092,17510,17511,17510,3,-3
2021-04-28 16:04:18.158,17509,17510,17510,2,2
2021-04-28 16:04:24.032,17509,17510,17510,4,4
2021-04-28 16:04:27.671,17509,17511,17509,2,-2
2021-04-28 16:04:31.045,17509,17510,17509,1,-1
2021-04-28 16:04:32.913,17509,17510,17510,1,1
2021-04-28 16:04:41.436,17509,17510,17510,1,1
2021-04-28 16:04:52.427,17509,17510,17510,1,1
2021-04-28 16:04:55.671,17509,17510,17510,1,1
2021-04-28 16:05:02.417,17509,17510,17510,1,1
2021-04-28 16:05:13.370,17509,17510,17509,1,-1
2021-04-28 16:05:13.952,17509,17510,17509,2,-2
2021-04-28 16:05:13.979,17509,17510,17509,2,-2
2021-04-28 16:05:14.055,17509,17510,17509,2,-2
2021-04-28 16:05:14.056,17509,17510,17509,18,-18
2021-04-28 16:05:14.062,17508,17509,17509,1,1
2021-04-28 16:05:25.235,17508,17510,17510,1,1
2021-04-28 16:05:31.312,17509,17510,17510,5,5
2021-04-28 16:05:31.438,17510,17511,17511,1,1
2021-04-28 16:05:31.439,17510,17511,17511,1,1
2021-04-28 16:05:31.561,17510,17511,17510,2,-2
2021-04-28 16:05:32.287,17509,17511,17510,2,-2
2021-04-28 16:05:32.312,17509,17511,17511,1,1
2021-04-28 16:05:32.313,17509,17511,17511,1,1
2021-04-28 16:05:38.653,17508,17510,17509,2,-2
2021-04-28 16:05:53.747,17508,17509,17509,1,1
2021-04-28 16:05:53.813,17508,17509,17509,1,1
2021-04-28 16:05:53.814,17508,17509,17510,1,1
2021-04-28 16:06:18.474,17509,17510,17509,4,-4
2021-04-28 16:06:20.196,17508,17509,17508,1,-1
2021-04-28 16:06:20.523,17508,17509,17508,1,-1
2021-04-28 16:06:20.558,17508,17509,17508,1,-1
2021-04-28 16:06:20.574,17508,17509,17508,3,-3
2021-04-28 16:06:21.069,17508,17509,17509,1,1
2021-04-28 16:06:26.163,17508,17509,17508,2,-2
2021-04-28 16:06:28.598,17508,17509,17508,1,-1
2021-04-28 16:06:29.041,17508,17509,17508,1,-1
2021-04-28 16:06:34.743,17508,17509,17508,2,-2
2021-04-28 16:06:34.744,17508,17509,17508,1,-1
2021-04-28 16:06:37.313,17507,17508,17508,1,1
2021-04-28 16:06:44.936,17507,17508,17507,1,-1
2021-04-28 16:06:44.937,17507,17508,17507,2,-2
2021-04-28 16:06:49.027,17506,17507,17506,1,-1
2021-04-28 16:06:49.504,17506,17507,17506,2,-2
2021-04-28 16:06:50.404,17506,17507,17506,1,-1
2021-04-28 16:06:50.794,17505,17506,17506,1,1
2021-04-28 16:06:57.853,17505,17506,17505,1,-1
2021-04-28 16:06:57.971,17505,17506,17506,1,1
2021-04-28 16:06:58.513,17505,17506,17505,1,-1
2021-04-28 16:06:59.290,17505,17506,17505,1,-1
2021-04-28 16:06:59.412,17505,17506,17505,1,-1
2021-04-28 16:07:03.702,17505,17506,17505,1,-1
2021-04-28 16:07:04.763,17505,17506,17505,2,-2
2021-04-28 16:07:04.764,17505,17506,17505,1,-1
2021-04-28 16:07:04.813,17505,17506,17505,1,-1
2021-04-28 16:07:05.384,17505,17506,17505,1,-1
2021-04-28 16:07:05.385,17505,17506,17505,1,-1
2021-04-28 16:07:06.664,17505,17506,17505,1,-1
2021-04-28 16:07:08.073,17505,17506,17505,7,-7
2021-04-28 16:07:08.474,17505,17506,17505,1,-1
2021-04-28 16:07:10.241,17505,17506,17505,13,-13
2021-04-28 16:07:10.242,17505,17506,17505,2,-2
2021-04-28 16:07:11.704,17504,17506,17506,2,2
2021-04-28 16:07:11.860,17505,17506,17505,1,-1
2021-04-28 16:07:16.190,17504,17505,17504,1,-1
2021-04-28 16:07:16.468,17504,17505,17505,1,1
2021-04-28 16:07:16.642,17504,17505,17505,2,2
2021-04-28 16:07:17.164,17505,17506,17505,1,-1
2021-04-28 16:07:17.306,17505,17506,17505,1,-1
2021-04-28 16:07:18.504,17504,17505,17505,1,1
2021-04-28 16:07:20.067,17505,17506,17505,2,-2
2021-04-28 16:07:20.113,17505,17506,17505,3,-3
2021-04-28 16:07:22.686,17505,17506,17505,3,-3
2021-04-28 16:07:25.870,17505,17506,17505,2,-2
2021-04-28 16:07:26.936,17505,17506,17505,5,-5
2021-04-28 16:07:26.937,17505,17506,17505,9,-9
2021-04-28 16:07:27.649,17505,17506,17506,1,1
2021-04-28 16:07:32.945,17505,17507,17506,1,-1
2021-04-28 16:07:35.683,17505,17506,17506,1,1
2021-04-28 16:07:35.795,17506,17507,17506,4,-4
2021-04-28 16:07:39.975,17505,17507,17505,12,-12
2021-04-28 16:07:39.976,17505,17507,17505,1,-1
2021-04-28 16:07:40.967,17504,17505,17505,1,1
2021-04-28 16:07:41.480,17504,17505,17505,1,1
2021-04-28 16:07:42.132,17504,17505,17505,1,1
2021-04-28 16:07:44.875,17504,17505,17505,1,1
2021-04-28 16:07:45.681,17504,17505,17505,2,2
2021-04-28 16:07:45.682,17504,17505,17505,2,2
2021-04-28 16:07:47.693,17505,17507,17505,3,-3
2021-04-28 16:07:52.226,17505,17507,17505,3,-3
2021-04-28 16:07:54.686,17505,17507,17505,2,-2
2021-04-28 16:07:59.059,17505,17507,17506,1,1
2021-04-28 16:08:00.164,17506,17507,17506,1,-1
2021-04-28 16:08:01.906,17506,17507,17506,2,-2
2021-04-28 16:08:02.304,17505,17506,17506,1,1
2021-04-28 16:08:02.460,17505,17506,17506,1,1
2021-04-28 16:08:04.812,17505,17506,17505,1,-1
2021-04-28 16:08:06.935,17505,17506,17505,5,-5
2021-04-28 16:08:07.045,17505,17506,17505,9,-9
2021-04-28 16:08:08.122,17504,17506,17504,2,-2
2021-04-28 16:08:15.447,17505,17506,17505,1,1
2021-04-28 16:08:15.448,17505,17506,17505,1,-1
2021-04-28 16:08:16.451,17504,17506,17504,1,-1
2021-04-28 16:08:26.167,17505,17506,17505,4,4
2021-04-28 16:08:44.626,17505,17506,17505,3,-3
2021-04-28 16:08:46.203,17504,17506,17505,1,-1
2021-04-28 16:08:46.484,17504,17505,17505,1,1
2021-04-28 16:08:50.153,17504,17505,17505,4,4
2021-04-28 16:08:50.688,17504,17506,17506,1,1
2021-04-28 16:08:50.951,17504,17506,17504,1,-1
2021-04-28 16:08:57.650,17505,17506,17505,2,2
2021-04-28 16:08:59.724,17505,17506,17505,2,-2
2021-04-28 16:09:03.884,17505,17506,17505,1,-1
2021-04-28 16:09:05.893,17504,17506,17505,1,-1
2021-04-28 16:09:09.167,17505,17506,17506,1,1
2021-04-28 16:09:12.129,17505,17506,17505,1,-1
2021-04-28 16:09:19.759,17505,17506,17505,1,-1
2021-04-28 16:09:20.375,17505,17506,17505,2,-2
2021-04-28 16:09:21.817,17504,17505,17505,1,1
2021-04-28 16:09:23.261,17504,17505,17505,1,1
2021-04-28 16:09:24.277,17504,17506,17505,1,-1
2021-04-28 16:09:27.640,17505,17506,17505,8,-8
2021-04-28 16:09:29.120,17505,17506,17506,1,1
2021-04-28 16:09:30.941,17505,17506,17506,10,10
2021-04-28 16:09:34.430,17506,17507,17506,2,-2
2021-04-28 16:09:45.099,17506,17507,17507,3,3
2021-04-28 16:09:49.468,17506,17508,17506,1,-1
2021-04-28 16:09:51.064,17506,17508,17508,1,1
2021-04-28 16:09:53.965,17506,17508,17508,3,3
2021-04-28 16:09:54.655,17506,17508,17508,1,1
2021-04-28 16:09:57.616,17507,17508,17508,2,2
2021-04-28 16:09:58.969,17507,17508,17507,1,-1
2021-04-28 16:09:59.027,17507,17508,17508,1,1
2021-04-28 16:09:59.978,17506,17507,17506,2,-2
2021-04-28 16:10:00.986,17506,17507,17507,1,1
2021-04-28 16:10:01.733,17507,17508,17508,1,1
2021-04-28 16:10:14.986,17507,17508,17507,1,-1
2021-04-28 16:10:14.987,17507,17508,17507,1,-1
2021-04-28 16:10:20.046,17507,17508,17508,10,10
2021-04-28 16:10:21.169,17507,17508,17507,1,-1
2021-04-28 16:10:23.099,17506,17508,17506,1,-1
2021-04-28 16:10:34.808,17506,17507,17506,2,-2
2021-04-28 16:10:36.168,17506,17507,17507,1,1
2021-04-28 16:10:41.232,17507,17508,17507,1,-1
2021-04-28 16:10:43.929,17506,17508,17506,1,-1
2021-04-28 16:10:44.593,17506,17508,17508,1,1
2021-04-28 16:10:53.646,17506,17508,17508,3,3
2021-04-28 16:10:56.325,17507,17508,17508,1,1
2021-04-28 16:11:08.436,17507,17508,17508,3,3
2021-04-28 16:11:11.547,17507,17509,17508,1,-1
2021-04-28 16:11:21.714,17507,17509,17508,1,-1
2021-04-28 16:11:23.180,17508,17509,17509,1,1
2021-04-28 16:11:28.471,17508,17509,17508,1,-1
2021-04-28 16:11:28.472,17508,17509,17508,1,-1
2021-04-28 16:11:31.451,17506,17508,17508,2,2
2021-04-28 16:11:38.004,17508,17509,17508,1,-1
2021-04-28 16:11:49.845,17508,17509,17508,1,-1
2021-04-28 16:11:50.543,17508,17509,17509,1,1
2021-04-28 16:11:52.936,17508,17509,17509,1,1
2021-04-28 16:11:57.585,17508,17509,17509,1,1
2021-04-28 16:12:00.029,17508,17509,17508,1,-1
2021-04-28 16:12:04.502,17508,17509,17508,1,-1
2021-04-28 16:12:06.951,17508,17509,17508,1,-1
2021-04-28 16:12:14.985,17507,17508,17508,1,1
2021-04-28 16:12:21.870,17508,17509,17508,1,-1
2021-04-28 16:12:32.640,17507,17509,17507,1,-1
2021-04-28 16:12:39.680,17507,17509,17507,1,-1
2021-04-28 16:13:01.992,17507,17508,17508,1,1
2021-04-28 16:13:19.004,17507,17508,17507,3,-3
2021-04-28 16:13:26.834,17507,17508,17507,1,-1
2021-04-28 16:13:50.120,17507,17508,17508,5,5
2021-04-28 16:13:56.042,17507,17508,17508,1,1
2021-04-28 16:13:59.309,17507,17508,17508,1,1
2021-04-28 16:14:09.963,17507,17508,17508,1,1
2021-04-28 16:14:10.935,17507,17508,17507,1,-1
2021-04-28 16:14:13.662,17507,17508,17508,1,1
2021-04-28 16:14:29.685,17508,17509,17509,2,2
2021-04-28 16:14:44.504,17508,17509,17509,3,3
2021-04-28 16:14:50.553,17508,17509,17509,1,1
2021-04-28 16:14:51.502,17508,17509,17509,1,1
2021-04-28 16:14:58.995,17508,17509,17509,2,2
2021-04-28 16:15:00.962,17509,17510,17509,1,-1
2021-04-28 16:15:01.296,17508,17509,17508,1,-1
2021-04-28 16:15:01.297,17508,17509,17508,1,-1
2021-04-28 16:15:07.186,17508,17509,17508,2,-2
2021-04-28 16:15:09.707,17507,17509,17509,1,1
2021-04-28 16:15:28.064,17508,17509,17509,2,2
2021-04-28 16:15:35.580,17508,17509,17508,1,-1
2021-04-28 16:15:41.306,17508,17509,17508,3,-3
2021-04-28 16:15:51.988,17507,17508,17508,1,1
2021-04-28 16:15:57.524,17507,17508,17508,1,1
2021-04-28 16:16:02.738,17507,17508,17508,1,1
2021-04-28 16:16:06.468,17507,17508,17508,4,4
2021-04-28 16:16:18.072,17507,17508,17508,1,1
2021-04-28 16:16:22.204,17507,17508,17507,1,-1
2021-04-28 16:16:22.241,17507,17508,17508,1,1
2021-04-28 16:16:24.748,17507,17508,17508,1,1
2021-04-28 16:16:29.066,17507,17508,17507,1,-1
2021-04-28 16:16:34.577,17507,17508,17507,1,-1
2021-04-28 16:16:38.698,17507,17508,17508,1,1
2021-04-28 16:16:49.175,17508,17509,17508,1,-1
2021-04-28 16:16:50.010,17508,17509,17508,2,-2
2021-04-28 16:17:00.751,17507,17509,17507,2,-2
2021-04-28 16:17:00.752,17507,17509,17508,1,1
2021-04-28 16:17:08.747,17508,17509,17508,5,-5
2021-04-28 16:17:12.879,17508,17509,17508,2,-2
2021-04-28 16:17:14.308,17508,17509,17508,1,-1
2021-04-28 16:17:15.175,17507,17508,17508,1,1
2021-04-28 16:17:25.477,17507,17508,17507,1,-1
2021-04-28 16:17:31.897,17507,17508,17507,2,-2
2021-04-28 16:17:31.936,17507,17508,17507,3,-3
2021-04-28 16:17:38.307,17507,17508,17507,2,-2
2021-04-28 16:17:48.550,17507,17508,17507,1,-1
2021-04-28 16:18:00.891,17507,17508,17508,3,3
2021-04-28 16:18:07.207,17508,17509,17508,1,-1
2021-04-28 16:18:30.864,17508,17509,17508,1,-1
2021-04-28 16:18:31.290,17508,17509,17508,2,-2
2021-04-28 16:18:34.104,17508,17509,17509,7,7
2021-04-28 16:18:36.105,17508,17509,17509,1,1
2021-04-28 16:18:36.600,17508,17509,17508,1,-1
2021-04-28 16:18:37.811,17508,17509,17508,2,-2
2021-04-28 16:18:56.530,17508,17509,17508,1,-1
2021-04-28 16:18:56.786,17507,17508,17507,1,-1
2021-04-28 16:19:05.513,17507,17508,17508,4,4
2021-04-28 16:19:35.034,17507,17508,17507,2,-2
2021-04-28 16:19:43.107,17507,17508,17507,2,-2
2021-04-28 16:19:53.756,17507,17508,17508,1,1
2021-04-28 16:19:53.757,17507,17508,17508,1,1
2021-04-28 16:20:20.140,17507,17508,17508,1,1
2021-04-28 16:20:40.373,17507,17508,17507,1,-1
2021-04-28 16:20:51.751,17507,17508,17508,2,2
2021-04-28 16:20:51.811,17508,17509,17508,8,-8
2021-04-28 16:21:44.263,17507,17508,17508,1,1
2021-04-28 16:21:55.036,17507,17508,17508,1,1
2021-04-28 16:22:01.579,17507,17508,17507,5,-5
2021-04-28 16:22:02.100,17506,17507,17506,1,-1
2021-04-28 16:22:02.680,17506,17507,17506,9,-9
2021-04-28 16:22:04.984,17505,17506,17506,1,1
2021-04-28 16:22:11.830,17505,17507,17506,1,-1
2021-04-28 16:22:18.805,17505,17507,17506,1,-1
2021-04-28 16:22:22.687,17505,17506,17505,1,-1
2021-04-28 16:22:26.884,17505,17507,17505,1,-1
2021-04-28 16:22:33.212,17506,17508,17506,5,5
2021-04-28 16:22:46.499,17506,17508,17508,1,1
2021-04-28 16:22:52.276,17506,17508,17506,1,-1
2021-04-28 16:22:55.644,17506,17507,17506,1,-1
2021-04-28 16:22:58.270,17506,17507,17506,1,-1
2021-04-28 16:23:15.403,17506,17507,17506,1,-1
2021-04-28 16:23:22.193,17506,17507,17506,1,-1
2021-04-28 16:23:26.040,17506,17507,17507,1,1
2021-04-28 16:23:26.041,17506,17507,17507,1,1
2021-04-28 16:23:32.118,17506,17507,17506,2,-2
2021-04-28 16:23:34.563,17505,17506,17506,1,1
2021-04-28 16:23:34.564,17505,17506,17506,1,1
2021-04-28 16:23:48.419,17506,17507,17507,1,1
2021-04-28 16:24:15.559,17506,17507,17506,1,-1
2021-04-28 16:24:26.588,17506,17507,17506,1,-1
2021-04-28 16:24:47.181,17506,17507,17507,1,1
2021-04-28 16:24:47.182,17506,17507,17507,1,1
2021-04-28 16:24:54.510,17507,17508,17507,1,-1
2021-04-28 16:25:05.392,17506,17507,17507,1,1
2021-04-28 16:25:08.803,17507,17508,17507,1,-1
2021-04-28 16:25:12.828,17507,17508,17507,1,-1
2021-04-28 16:25:35.731,17506,17508,17507,1,-1
2021-04-28 16:25:40.304,17507,17508,17507,3,-3
2021-04-28 16:25:53.509,17506,17507,17507,1,1
2021-04-28 16:26:59.420,17506,17507,17507,1,1
2021-04-28 16:27:05.819,17506,17507,17506,1,-1
2021-04-28 16:27:25.601,17506,17507,17507,2,2
2021-04-28 16:27:43.899,17507,17508,17507,1,-1
2021-04-28 16:27:45.356,17507,17508,17508,1,1
2021-04-28 16:28:03.734,17507,17508,17508,2,2
2021-04-28 16:28:09.835,17507,17508,17508,1,1
2021-04-28 16:28:28.790,17508,17509,17509,2,2
2021-04-28 16:28:33.407,17508,17510,17510,1,1
2021-04-28 16:28:33.660,17508,17510,17508,1,-1
2021-04-28 16:28:33.706,17508,17510,17508,2,-2
2021-04-28 16:28:37.811,17508,17509,17509,4,4
2021-04-28 16:28:37.845,17508,17509,17508,1,-1
2021-04-28 16:28:52.850,17508,17509,17508,1,-1
2021-04-28 16:28:56.382,17508,17509,17509,1,1
2021-04-28 16:29:03.377,17509,17510,17509,1,-1
2021-04-28 16:29:21.076,17509,17510,17510,1,1
2021-04-28 16:29:25.762,17509,17510,17510,1,1
2021-04-28 16:29:26.903,17509,17510,17510,5,5
2021-04-28 16:29:47.270,17510,17511,17511,1,1
2021-04-28 16:29:47.512,17510,17511,17510,1,-1
2021-04-28 16:29:59.829,17510,17511,17511,1,1
2021-04-28 16:29:59.830,17510,17511,17511,1,1
2021-04-28 16:30:05.949,17511,17512,17512,1,1
2021-04-28 16:30:06.627,17511,17512,17511,1,-1
2021-04-28 16:30:07.253,17510,17512,17512,1,1
2021-04-28 16:30:12.906,17510,17512,17510,1,-1
2021-04-28 16:30:19.072,17510,17511,17510,1,-1
2021-04-28 16:30:19.283,17510,17511,17511,1,1
2021-04-28 16:30:19.511,17511,17512,17511,1,-1
2021-04-28 16:30:22.504,17511,17512,17511,1,-1
2021-04-28 16:30:40.534,17511,17512,17512,1,1
2021-04-28 16:30:40.803,17511,17512,17512,17,17
2021-04-28 16:30:44.002,17511,17513,17513,5,5
2021-04-28 16:30:51.969,17512,17513,17513,4,4
2021-04-28 16:30:51.977,17512,17513,17512,1,-1
2021-04-28 16:31:17.772,17512,17513,17512,1,-1
2021-04-28 16:31:19.491,17512,17513,17512,1,-1
2021-04-28 16:31:25.322,17512,17513,17512,1,-1
2021-04-28 16:31:32.103,17512,17513,17512,1,-1
2021-04-28 16:31:33.888,17512,17513,17512,1,-1
2021-04-28 16:31:40.136,17512,17513,17513,1,1
2021-04-28 16:32:02.981,17512,17513,17513,2,2
2021-04-28 16:32:04.106,17512,17513,17513,1,1
2021-04-28 16:32:05.561,17512,17513,17513,9,9
2021-04-28 16:32:07.564,17513,17514,17514,1,1
2021-04-28 16:32:17.486,17513,17514,17513,2,-2
2021-04-28 16:32:21.171,17512,17514,17514,1,1
2021-04-28 16:32:21.823,17513,17514,17513,1,-1
2021-04-28 16:32:21.967,17513,17514,17513,1,-1
2021-04-28 16:32:25.073,17512,17513,17513,1,1
2021-04-28 16:32:33.345,17513,17514,17513,1,-1
2021-04-28 16:32:55.212,17513,17514,17513,1,-1
2021-04-28 16:33:41.515,17513,17514,17514,1,1
2021-04-28 16:33:44.952,17513,17514,17514,2,2
2021-04-28 16:33:45.624,17513,17514,17513,1,-1
2021-04-28 16:33:47.091,17513,17514,17513,1,-1
2021-04-28 16:33:49.791,17513,17514,17513,5,-5
2021-04-28 16:33:49.792,17513,17514,17513,7,-7
2021-04-28 16:33:50.071,17512,17513,17513,1,1
2021-04-28 16:33:59.745,17512,17513,17513,1,1
2021-04-28 16:34:00.753,17512,17513,17512,2,-2
2021-04-28 16:34:21.874,17512,17513,17512,4,-4
2021-04-28 16:34:25.269,17512,17513,17512,2,-2
2021-04-28 16:34:25.270,17512,17513,17512,1,-1
2021-04-28 16:34:27.225,17511,17512,17512,2,2
2021-04-28 16:34:28.353,17512,17513,17512,2,-2
2021-04-28 16:34:29.393,17511,17512,17512,1,1
2021-04-28 16:34:50.822,17512,17513,17512,2,-2
2021-04-28 16:34:56.823,17512,17513,17513,2,2
2021-04-28 16:34:57.863,17512,17513,17512,1,-1
2021-04-28 16:35:56.029,17511,17512,17512,1,1
2021-04-28 16:35:58.983,17511,17512,17512,2,2
2021-04-28 16:36:30.574,17511,17512,17512,1,1
2021-04-28 16:36:51.613,17512,17513,17512,1,-1
2021-04-28 16:36:57.285,17512,17513,17513,1,1
2021-04-28 16:37:03.609,17512,17513,17513,3,3
2021-04-28 16:37:04.892,17513,17514,17514,5,5
2021-04-28 16:37:14.985,17513,17514,17514,5,5
2021-04-28 16:37:17.976,17513,17514,17514,4,4
2021-04-28 16:37:17.977,17513,17514,17514,2,2
2021-04-28 16:37:23.867,17514,17515,17515,2,2
2021-04-28 16:37:25.030,17514,17515,17514,1,-1
2021-04-28 16:37:27.122,17514,17515,17515,4,4
2021-04-28 16:37:30.622,17514,17515,17515,1,1
2021-04-28 16:37:30.687,17514,17515,17515,3,3
2021-04-28 16:37:30.688,17514,17515,17515,1,1
2021-04-28 16:37:30.689,17514,17515,17515,1,1
2021-04-28 16:37:30.690,17514,17515,17515,1,1
2021-04-28 16:37:38.883,17515,17516,17516,1,1
2021-04-28 16:37:45.299,17515,17516,17516,1,1
2021-04-28 16:37:45.312,17515,17516,17516,1,1
2021-04-28 16:37:45.313,17515,17516,17516,1,1
2021-04-28 16:37:45.314,17515,17516,17516,1,1
2021-04-28 16:37:45.315,17515,17516,17516,1,1
2021-04-28 16:37:46.227,17515,17516,17515,1,-1
2021-04-28 16:37:46.540,17514,17515,17515,1,1
2021-04-28 16:37:47.676,17514,17516,17516,1,1
2021-04-28 16:37:47.687,17514,17516,17516,1,1
2021-04-28 16:37:51.873,17515,17516,17516,1,1
2021-04-28 16:37:57.777,17515,17516,17516,1,1
2021-04-28 16:38:01.127,17515,17516,17515,1,-1
2021-04-28 16:38:06.331,17515,17516,17516,1,1
2021-04-28 16:38:09.730,17515,17516,17516,2,2
2021-04-28 16:38:09.811,17515,17516,17516,5,5
2021-04-28 16:38:10.948,17515,17516,17515,1,-1
2021-04-28 16:38:19.881,17514,17516,17515,1,-1
2021-04-28 16:38:22.205,17514,17515,17515,1,1
2021-04-28 16:38:26.675,17514,17515,17514,1,-1
2021-04-28 16:38:27.305,17514,17515,17514,1,-1
2021-04-28 16:38:28.359,17514,17515,17514,1,-1
2021-04-28 16:38:29.466,17513,17515,17513,1,-1
2021-04-28 16:38:31.717,17514,17515,17515,1,1
2021-04-28 16:38:39.656,17514,17515,17514,1,-1
2021-04-28 16:39:10.289,17514,17515,17514,1,-1
2021-04-28 16:39:10.999,17514,17515,17514,1,-1
2021-04-28 16:39:11.711,17514,17515,17514,1,-1
2021-04-28 16:39:14.202,17514,17515,17515,1,1
2021-04-28 16:39:19.584,17514,17515,17514,1,-1
2021-04-28 16:39:28.256,17514,17515,17514,1,-1
2021-04-28 16:39:34.532,17513,17514,17514,1,1
2021-04-28 16:39:34.815,17513,17514,17513,1,-1
2021-04-28 16:39:35.027,17513,17514,17514,1,1
2021-04-28 16:39:52.139,17513,17514,17514,2,2
2021-04-28 16:40:12.410,17514,17515,17515,10,10
2021-04-28 16:40:29.896,17515,17516,17515,1,-1
2021-04-28 16:40:31.192,17515,17516,17515,1,-1
2021-04-28 16:40:50.208,17515,17516,17515,2,-2
2021-04-28 16:40:55.530,17515,17516,17515,1,-1
2021-04-28 16:41:21.399,17515,17516,17515,2,-2
2021-04-28 16:41:21.974,17515,17516,17515,1,-1
2021-04-28 16:41:53.819,17515,17516,17515,3,-3
2021-04-28 16:41:54.135,17515,17516,17516,3,3
2021-04-28 16:41:54.143,17515,17516,17516,3,3
2021-04-28 16:41:59.068,17515,17516,17516,5,5
2021-04-28 16:41:59.095,17515,17516,17515,1,-1
2021-04-28 16:42:06.404,17514,17515,17515,1,1
2021-04-28 16:42:08.182,17515,17516,17516,9,9
2021-04-28 16:42:11.555,17514,17515,17515,1,1
2021-04-28 16:42:59.602,17515,17516,17515,1,-1
2021-04-28 16:43:40.741,17515,17516,17516,8,8
2021-04-28 16:43:40.992,17516,17517,17517,3,3
2021-04-28 16:43:41.060,17516,17517,17517,3,3
2021-04-28 16:43:41.061,17516,17517,17517,9,9
2021-04-28 16:43:41.159,17516,17517,17517,2,2
2021-04-28 16:43:41.337,17517,17518,17518,1,1
2021-04-28 16:43:41.338,17517,17518,17518,1,1
2021-04-28 16:43:41.610,17517,17518,17517,1,-1
2021-04-28 16:43:41.647,17517,17518,17517,1,-1
2021-04-28 16:43:41.692,17517,17518,17517,2,-2
2021-04-28 16:43:42.063,17516,17518,17518,2,2
2021-04-28 16:43:47.774,17516,17517,17517,1,1
2021-04-28 16:43:54.098,17517,17518,17517,1,-1
2021-04-28 16:43:57.922,17517,17518,17517,5,-5
2021-04-28 16:43:58.400,17517,17518,17517,1,-1
2021-04-28 16:44:04.174,17517,17518,17517,1,-1
2021-04-28 16:44:33.652,17516,17517,17516,4,-4
2021-04-28 16:44:35.063,17515,17517,17517,3,3
2021-04-28 16:44:44.749,17516,17517,17516,1,-1
2021-04-28 16:44:45.448,17515,17516,17516,1,1
2021-04-28 16:44:56.517,17515,17516,17515,2,-2
2021-04-28 16:45:00.556,17515,17516,17516,5,5
2021-04-28 16:45:00.557,17515,17516,17516,1,1
2021-04-28 16:45:01.898,17515,17516,17516,3,3
2021-04-28 16:45:01.900,17515,17516,17516,7,7
2021-04-28 16:45:04.341,17515,17516,17516,4,4
2021-04-28 16:45:06.462,17515,17516,17516,3,3
2021-04-28 16:45:06.463,17515,17516,17516,1,1
2021-04-28 16:45:13.028,17515,17517,17515,1,-1
2021-04-28 16:45:19.361,17516,17517,17517,10,10
2021-04-28 16:45:19.578,17516,17517,17517,1,1
2021-04-28 16:45:19.619,17516,17517,17518,3,3
2021-04-28 16:45:19.841,17517,17518,17518,1,1
2021-04-28 16:45:19.849,17517,17518,17518,5,5
2021-04-28 16:45:24.992,17517,17518,17518,1,1
2021-04-28 16:45:28.458,17517,17518,17517,1,-1
2021-04-28 16:45:48.452,17516,17517,17517,1,1
2021-04-28 16:45:51.932,17516,17517,17517,2,2
2021-04-28 16:45:57.989,17516,17517,17517,1,1
2021-04-28 16:45:57.990,17516,17517,17517,1,1
2021-04-28 16:45:58.700,17516,17517,17517,1,1
2021-04-28 16:46:12.597,17516,17517,17517,1,1
2021-04-28 16:46:13.620,17516,17517,17517,1,1
2021-04-28 16:46:40.337,17516,17517,17517,1,1
2021-04-28 16:46:40.350,17516,17517,17517,1,1
2021-04-28 16:46:50.127,17516,17517,17517,1,1
2021-04-28 16:46:57.538,17516,17517,17517,1,1
2021-04-28 16:47:04.561,17516,17517,17517,1,1
2021-04-28 16:47:08.564,17516,17517,17516,1,-1
2021-04-28 16:47:12.348,17516,17517,17517,1,1
2021-04-28 16:47:26.189,17516,17517,17517,1,1
2021-04-28 16:47:42.225,17517,17518,17517,1,-1
2021-04-28 16:47:50.839,17517,17518,17518,1,1
2021-04-28 16:47:53.778,17517,17518,17518,4,4
2021-04-28 16:48:01.349,17517,17518,17518,5,5
2021-04-28 16:48:06.176,17517,17518,17517,1,-1
2021-04-28 16:48:10.777,17517,17518,17518,1,1
2021-04-28 16:48:48.655,17517,17518,17518,1,1
2021-04-28 16:48:49.443,17517,17518,17518,1,1
2021-04-28 16:49:00.000,17517,17518,17517,1,-1
2021-04-28 16:49:00.001,17517,17518,17517,1,-1
2021-04-28 16:49:10.871,17516,17517,17517,5,5
2021-04-28 16:49:13.219,17516,17517,17516,1,-1
2021-04-28 16:49:13.582,17516,17517,17517,1,1
2021-04-28 16:49:15.801,17516,17517,17517,1,1
2021-04-28 16:49:22.346,17516,17517,17517,2,2
2021-04-28 16:49:49.311,17516,17517,17516,15,-15
2021-04-28 16:49:56.550,17515,17516,17516,2,2
2021-04-28 16:50:00.399,17515,17516,17516,1,1
2021-04-28 16:50:03.896,17515,17516,17516,1,1
2021-04-28 16:50:19.132,17516,17517,17516,1,-1
2021-04-28 16:50:43.805,17516,17517,17516,2,-2
2021-04-28 16:50:49.106,17516,17517,17516,1,-1
2021-04-28 16:50:55.793,17516,17517,17516,1,-1
2021-04-28 16:50:56.267,17516,17517,17517,8,8
2021-04-28 16:50:58.078,17517,17518,17518,1,1
2021-04-28 16:50:58.520,17517,17518,17517,1,-1
2021-04-28 16:50:59.511,17517,17518,17518,1,1
2021-04-28 16:51:08.804,17517,17518,17518,3,3
2021-04-28 16:51:09.859,17517,17518,17518,1,1
2021-04-28 16:51:09.860,17517,17518,17518,2,2
2021-04-28 16:51:10.670,17518,17519,17519,1,1
2021-04-28 16:51:10.724,17518,17519,17519,1,1
2021-04-28 16:51:11.002,17518,17519,17519,2,2
2021-04-28 16:51:12.329,17518,17519,17518,1,-1
2021-04-28 16:51:15.301,17518,17519,17519,1,1
2021-04-28 16:51:20.176,17518,17519,17519,1,1
2021-04-28 16:51:22.157,17518,17519,17519,1,1
2021-04-28 16:51:25.919,17518,17519,17519,2,2
2021-04-28 16:51:30.446,17518,17519,17519,1,1
2021-04-28 16:51:31.078,17518,17519,17519,4,4
2021-04-28 16:51:31.263,17519,17520,17520,1,1
2021-04-28 16:51:31.347,17519,17520,17520,2,2
2021-04-28 16:51:32.410,17519,17520,17520,1,1
2021-04-28 16:51:32.629,17519,17520,17520,1,1
2021-04-28 16:51:35.085,17519,17520,17520,5,5
2021-04-28 16:51:39.404,17520,17521,17520,1,-1
2021-04-28 16:51:44.388,17520,17521,17520,1,-1
2021-04-28 16:51:45.429,17520,17521,17521,1,1
2021-04-28 16:51:45.592,17520,17521,17521,1,1
2021-04-28 16:51:45.642,17520,17521,17520,1,-1
2021-04-28 16:51:50.052,17520,17521,17520,1,-1
2021-04-28 16:52:01.616,17520,17521,17520,1,-1
2021-04-28 16:52:01.617,17520,17521,17520,1,-1
2021-04-28 16:52:05.281,17520,17521,17521,5,5
2021-04-28 16:52:06.562,17520,17521,17520,1,-1
2021-04-28 16:52:06.657,17520,17521,17521,1,1
2021-04-28 16:52:12.417,17520,17521,17521,4,4
2021-04-28 16:52:13.926,17520,17521,17521,1,1
2021-04-28 16:52:20.609,17520,17521,17521,1,1
2021-04-28 16:52:23.326,17520,17521,17521,1,1
2021-04-28 16:52:23.464,17520,17521,17520,1,-1
2021-04-28 16:52:26.693,17520,17521,17521,5,5
2021-04-28 16:52:31.594,17520,17521,17521,1,1
2021-04-28 16:52:33.704,17520,17521,17521,2,2
2021-04-28 16:52:35.580,17520,17521,17521,1,1
2021-04-28 16:52:40.971,17520,17521,17521,1,1
2021-04-28 16:52:40.972,17520,17521,17521,1,1
2021-04-28 16:52:41.874,17521,17522,17521,1,-1
2021-04-28 16:52:45.553,17520,17521,17521,1,1
2021-04-28 16:52:45.999,17520,17521,17520,1,-1
2021-04-28 16:52:55.078,17520,17521,17520,1,-1
2021-04-28 16:52:55.079,17520,17521,17520,2,-2
2021-04-28 16:52:56.377,17519,17520,17520,1,1
2021-04-28 16:52:57.369,17519,17521,17520,1,-1
2021-04-28 16:53:04.485,17519,17520,17520,1,1
2021-04-28 16:53:05.687,17519,17520,17520,1,1
2021-04-28 16:53:07.216,17519,17520,17520,1,1
2021-04-28 16:53:22.831,17519,17520,17520,1,1
2021-04-28 16:53:23.487,17519,17520,17519,2,-2
2021-04-28 16:53:24.074,17519,17520,17520,4,4
2021-04-28 16:53:24.075,17519,17520,17520,1,1
2021-04-28 16:53:25.749,17519,17520,17519,3,-3
2021-04-28 16:53:27.810,17518,17520,17520,4,4
2021-04-28 16:53:27.811,17520,17521,17520,1,-1
2021-04-28 16:53:31.552,17519,17520,17520,1,1
2021-04-28 16:54:03.258,17519,17520,17520,1,1
2021-04-28 16:54:10.063,17519,17520,17520,4,4
2021-04-28 16:54:13.511,17520,17521,17520,1,-1
2021-04-28 16:54:24.586,17520,17521,17521,1,1
2021-04-28 16:54:30.680,17520,17521,17521,2,2
2021-04-28 16:54:30.893,17520,17521,17521,1,1
2021-04-28 16:54:35.986,17520,17521,17521,1,1
2021-04-28 16:54:37.174,17520,17521,17521,1,1
2021-04-28 16:54:37.925,17520,17521,17521,1,1
2021-04-28 16:54:39.739,17520,17521,17521,1,1
2021-04-28 16:54:43.699,17521,17522,17522,5,5
2021-04-28 16:54:44.110,17521,17522,17522,3,3
2021-04-28 16:54:45.176,17521,17522,17522,1,1
2021-04-28 16:54:54.284,17521,17522,17522,1,1
2021-04-28 16:54:56.847,17522,17523,17522,1,-1
2021-04-28 16:54:57.288,17522,17523,17522,1,-1
2021-04-28 16:55:02.219,17522,17523,17522,1,-1
2021-04-28 16:55:07.707,17521,17522,17522,1,1
2021-04-28 16:55:26.285,17521,17522,17522,1,1
2021-04-28 16:55:29.211,17521,17522,17522,2,2
2021-04-28 16:55:33.186,17521,17522,17522,1,1
2021-04-28 16:55:39.351,17521,17522,17522,1,1
2021-04-28 16:55:39.840,17521,17522,17522,1,1
2021-04-28 16:55:43.558,17521,17522,17522,1,1
2021-04-28 16:55:47.079,17521,17522,17522,2,2
2021-04-28 16:56:11.231,17521,17522,17521,11,-11
2021-04-28 16:56:11.232,17521,17522,17521,3,-3
2021-04-28 16:56:18.248,17520,17521,17520,1,-1
2021-04-28 16:56:18.311,17520,17521,17520,8,-8
2021-04-28 16:56:22.112,17520,17521,17520,1,-1
2021-04-28 16:56:39.277,17520,17521,17520,1,-1
2021-04-28 16:56:40.829,17520,17521,17520,3,-3
2021-04-28 16:56:50.032,17520,17521,17520,1,-1
2021-04-28 16:56:53.384,17520,17521,17521,4,4
2021-04-28 16:57:00.901,17520,17521,17520,1,-1
2021-04-28 16:57:02.478,17520,17521,17521,1,1
2021-04-28 16:57:03.093,17520,17521,17521,6,6
2021-04-28 16:57:03.570,17520,17521,17521,2,2
2021-04-28 16:57:03.571,17520,17521,17521,1,1
2021-04-28 16:57:08.389,17521,17522,17521,1,-1
2021-04-28 16:57:10.540,17520,17522,17522,3,3
2021-04-28 16:57:14.535,17520,17522,17522,1,1
2021-04-28 16:57:21.739,17521,17522,17521,1,-1
2021-04-28 16:57:29.545,17521,17522,17521,1,-1
2021-04-28 16:57:56.263,17520,17521,17520,1,-1
2021-04-28 16:57:58.242,17520,17521,17521,3,3
2021-04-28 16:58:21.354,17520,17521,17521,1,1
2021-04-28 16:58:35.738,17520,17521,17520,1,-1
2021-04-28 16:58:36.350,17520,17521,17520,2,-2
2021-04-28 16:59:23.338,17520,17521,17520,1,-1
2021-04-28 16:59:30.102,17520,17521,17520,2,-2
2021-04-28 16:59:31.602,17520,17521,17521,1,1
2021-04-28 16:59:52.891,17520,17521,17520,4,-4
2021-04-28 17:00:03.078,17520,17521,17520,1,-1
2021-04-28 17:00:03.503,17520,17521,17520,1,-1
2021-04-28 17:00:03.504,17520,17521,17520,4,-4
2021-04-28 17:00:03.741,17519,17520,17519,1,-1
2021-04-28 17:00:04.301,17519,17520,17520,1,1
2021-04-28 17:00:04.604,17519,17520,17519,1,-1
2021-04-28 17:00:07.470,17520,17521,17520,1,1
2021-04-28 17:00:18.563,17519,17520,17520,1,1
2021-04-28 17:00:21.807,17520,17521,17520,1,-1
2021-04-28 17:00:23.035,17520,17521,17520,1,-1
2021-04-28 17:00:23.208,17520,17521,17520,1,-1
2021-04-28 17:00:27.130,17520,17521,17521,6,6
2021-04-28 17:00:27.131,17520,17521,17521,1,1
2021-04-28 17:00:42.397,17521,17522,17521,1,-1
2021-04-28 17:01:05.379,17521,17522,17522,1,1
2021-04-28 17:01:15.136,17521,17522,17522,8,8
2021-04-28 17:01:15.137,17521,17522,17522,1,1
2021-04-28 17:01:15.193,17522,17523,17522,1,-1
2021-04-28 17:01:18.450,17521,17522,17521,1,-1
2021-04-28 17:01:19.567,17521,17522,17522,1,1
2021-04-28 17:01:25.890,17521,17522,17522,1,1
2021-04-28 17:01:38.010,17521,17522,17522,2,2
2021-04-28 17:02:00.689,17521,17522,17521,7,-7
2021-04-28 17:02:06.157,17520,17521,17521,1,1
2021-04-28 17:02:28.635,17520,17521,17521,1,1
2021-04-28 17:02:36.016,17520,17521,17520,1,-1
2021-04-28 17:02:36.017,17520,17521,17520,8,-8
2021-04-28 17:02:36.680,17519,17521,17519,2,-2
2021-04-28 17:02:54.830,17519,17520,17520,1,1
2021-04-28 17:03:02.815,17519,17520,17519,1,-1
2021-04-28 17:03:21.812,17520,17521,17520,1,1
2021-04-28 17:03:32.942,17520,17521,17520,1,-1
2021-04-28 17:03:36.813,17520,17521,17520,1,-1
2021-04-28 17:03:40.547,17520,17521,17520,1,-1
2021-04-28 17:03:48.382,17519,17520,17520,1,1
2021-04-28 17:03:50.311,17520,17521,17520,1,-1
2021-04-28 17:03:54.370,17519,17520,17519,1,-1
2021-04-28 17:04:06.937,17519,17520,17520,2,2
2021-04-28 17:04:08.348,17520,17521,17520,1,-1
2021-04-28 17:04:36.592,17519,17520,17519,1,-1
2021-04-28 17:04:37.488,17519,17520,17519,1,-1
2021-04-28 17:05:05.391,17519,17520,17519,1,-1
2021-04-28 17:05:05.933,17518,17520,17518,1,-1
2021-04-28 17:05:05.935,17518,17520,17518,6,-6
2021-04-28 17:05:11.951,17519,17520,17519,1,1
2021-04-28 17:05:15.208,17518,17519,17518,1,-1
2021-04-28 17:05:23.615,17518,17519,17518,2,-2
2021-04-28 17:05:23.989,17517,17518,17518,1,1
2021-04-28 17:05:28.209,17517,17518,17517,9,-9
2021-04-28 17:05:28.393,17517,17518,17517,2,-2
2021-04-28 17:05:41.180,17517,17518,17518,1,1
2021-04-28 17:05:43.074,17517,17518,17517,1,-1
2021-04-28 17:05:45.550,17517,17518,17518,1,1
2021-04-28 17:05:48.654,17518,17519,17518,1,-1
2021-04-28 17:05:50.826,17517,17518,17518,1,1
2021-04-28 17:05:50.951,17517,17518,17518,1,1
2021-04-28 17:05:53.155,17517,17519,17519,1,1
2021-04-28 17:06:02.807,17517,17518,17517,2,-2
2021-04-28 17:06:09.652,17517,17518,17518,1,1
2021-04-28 17:06:20.640,17517,17518,17517,4,-4
2021-04-28 17:06:24.199,17517,17518,17517,1,-1
2021-04-28 17:06:33.826,17517,17518,17517,1,-1
2021-04-28 17:06:35.924,17517,17518,17517,1,-1
2021-04-28 17:06:37.815,17517,17518,17517,1,-1
2021-04-28 17:06:39.897,17517,17518,17517,2,-2
2021-04-28 17:06:42.452,17517,17518,17517,1,-1
2021-04-28 17:06:51.195,17517,17518,17518,1,1
2021-04-28 17:06:51.808,17517,17518,17518,16,16
2021-04-28 17:06:54.690,17518,17519,17518,2,-2
2021-04-28 17:06:55.418,17518,17519,17518,2,-2
2021-04-28 17:07:02.430,17518,17519,17519,4,4
2021-04-28 17:07:02.863,17519,17520,17519,2,-2
2021-04-28 17:07:02.936,17519,17520,17519,4,-4
2021-04-28 17:07:05.140,17518,17519,17519,1,1
2021-04-28 17:07:07.166,17519,17520,17519,1,-1
2021-04-28 17:07:24.520,17519,17520,17520,1,1
2021-04-28 17:07:29.010,17519,17520,17519,2,-2
2021-04-28 17:07:34.642,17519,17520,17519,1,-1
2021-04-28 17:07:35.924,17519,17520,17520,1,1
2021-04-28 17:07:37.263,17519,17520,17519,1,-1
2021-04-28 17:07:49.913,17519,17520,17519,1,-1
2021-04-28 17:07:56.874,17519,17520,17520,1,1
2021-04-28 17:08:05.030,17519,17520,17519,5,-5
2021-04-28 17:08:14.447,17518,17519,17519,1,1
2021-04-28 17:08:15.323,17518,17519,17519,1,1
2021-04-28 17:08:25.595,17518,17519,17518,1,-1
2021-04-28 17:08:26.304,17518,17519,17518,7,-7
2021-04-28 17:08:29.954,17517,17518,17518,1,1
2021-04-28 17:08:30.596,17517,17518,17518,1,1
2021-04-28 17:08:32.632,17517,17518,17518,1,1
2021-04-28 17:08:34.458,17517,17518,17518,1,1
2021-04-28 17:08:37.755,17517,17518,17517,1,-1
2021-04-28 17:08:38.464,17517,17518,17517,1,-1
2021-04-28 17:08:39.074,17517,17518,17517,1,-1
2021-04-28 17:08:42.956,17516,17517,17517,1,1
2021-04-28 17:08:59.232,17516,17517,17517,1,1
2021-04-28 17:08:59.674,17516,17517,17517,1,1
2021-04-28 17:09:01.707,17517,17518,17517,1,-1
2021-04-28 17:09:03.283,17517,17518,17518,1,1
2021-04-28 17:09:04.885,17517,17518,17518,1,1
2021-04-28 17:09:06.420,17517,17518,17517,1,-1
2021-04-28 17:09:12.583,17517,17518,17517,2,-2
2021-04-28 17:09:30.305,17516,17517,17517,2,2
2021-04-28 17:09:31.330,17516,17517,17517,1,1
2021-04-28 17:09:43.703,17516,17517,17517,1,1
2021-04-28 17:09:45.681,17516,17517,17516,9,-9
2021-04-28 17:09:45.778,17516,17517,17516,1,-1
2021-04-28 17:09:47.005,17516,17517,17517,1,1
2021-04-28 17:10:01.577,17516,17517,17517,1,1
2021-04-28 17:10:02.084,17516,17517,17517,1,1
2021-04-28 17:10:28.245,17517,17518,17518,1,1
2021-04-28 17:10:38.242,17517,17518,17518,1,1
2021-04-28 17:10:43.919,17517,17518,17518,1,1
2021-04-28 17:10:51.714,17517,17518,17518,1,1
2021-04-28 17:10:58.002,17517,17518,17518,6,6
2021-04-28 17:11:01.436,17518,17519,17519,1,1
2021-04-28 17:11:05.741,17519,17520,17520,1,1
2021-04-28 17:11:07.289,17519,17520,17519,1,-1
2021-04-28 17:11:12.663,17519,17520,17519,2,-2
2021-04-28 17:11:18.498,17519,17520,17520,1,1
2021-04-28 17:11:39.639,17520,17521,17521,1,1
2021-04-28 17:11:49.219,17520,17521,17521,1,1
2021-04-28 17:11:51.889,17520,17521,17520,1,-1
2021-04-28 17:11:57.011,17520,17521,17520,1,-1
2021-04-28 17:12:01.491,17520,17521,17521,1,1
2021-04-28 17:12:04.245,17520,17521,17521,1,1
2021-04-28 17:12:04.312,17520,17521,17521,1,1
2021-04-28 17:12:04.313,17520,17521,17521,1,1
2021-04-28 17:12:15.444,17520,17521,17521,1,1
2021-04-28 17:12:20.283,17520,17521,17521,5,5
2021-04-28 17:12:20.312,17521,17522,17522,1,1
2021-04-28 17:12:20.313,17521,17522,17522,1,1
2021-04-28 17:12:30.493,17521,17522,17522,3,3
2021-04-28 17:12:30.562,17521,17522,17522,1,1
2021-04-28 17:12:30.563,17521,17522,17522,1,1
2021-04-28 17:12:30.564,17521,17522,17522,1,1
2021-04-28 17:12:30.686,17521,17522,17522,7,7
2021-04-28 17:12:44.397,17522,17523,17523,1,1
2021-04-28 17:12:44.459,17522,17523,17523,1,1
2021-04-28 17:13:00.786,17522,17523,17523,1,1
2021-04-28 17:13:00.813,17522,17523,17523,1,1
2021-04-28 17:13:00.814,17522,17523,17523,1,1
2021-04-28 17:13:02.449,17522,17523,17522,1,-1
2021-04-28 17:13:04.322,17522,17523,17523,1,1
2021-04-28 17:13:13.422,17522,17523,17523,1,1
2021-04-28 17:13:15.256,17522,17523,17522,1,-1
2021-04-28 17:13:16.133,17522,17523,17522,1,-1
2021-04-28 17:13:16.134,17522,17523,17522,2,-2
2021-04-28 17:13:26.032,17521,17522,17522,1,1
2021-04-28 17:13:31.853,17521,17522,17522,1,1
2021-04-28 17:13:40.444,17521,17522,17522,3,3
2021-04-28 17:14:03.430,17521,17522,17521,2,-2
2021-04-28 17:14:03.431,17521,17522,17521,5,-5
2021-04-28 17:14:04.117,17520,17521,17521,1,1
2021-04-28 17:14:14.439,17521,17522,17522,1,1
2021-04-28 17:14:30.697,17521,17522,17522,5,5
2021-04-28 17:14:30.986,17521,17522,17522,1,1
2021-04-28 17:14:31.127,17521,17523,17521,1,-1
2021-04-28 17:14:40.135,17521,17522,17521,1,-1
2021-04-28 17:15:15.366,17521,17522,17522,1,1
2021-04-28 17:15:16.425,17521,17522,17522,4,4
2021-04-28 17:15:18.609,17521,17522,17522,1,1
2021-04-28 17:15:23.897,17521,17522,17522,1,1
2021-04-28 17:15:29.066,17521,17522,17522,1,1
2021-04-28 17:15:33.139,17521,17522,17522,1,1
2021-04-28 17:15:37.868,17521,17522,17522,1,1
2021-04-28 17:15:39.823,17522,17523,17522,1,-1
2021-04-28 17:15:47.406,17521,17522,17522,1,1
2021-04-28 17:15:51.011,17521,17522,17522,1,1
2021-04-28 17:15:54.419,17521,17522,17522,1,1
2021-04-28 17:15:59.594,17521,17522,17522,1,1
2021-04-28 17:16:09.101,17521,17522,17522,1,1
2021-04-28 17:16:18.605,17521,17522,17522,1,1
2021-04-28 17:16:28.112,17521,17522,17522,1,1
2021-04-28 17:16:29.133,17521,17522,17521,5,-5
2021-04-28 17:16:32.953,17521,17522,17522,1,1
2021-04-28 17:16:37.624,17521,17522,17522,1,1
2021-04-28 17:16:43.789,17521,17522,17522,1,1
2021-04-28 17:16:49.036,17521,17522,17522,1,1
2021-04-28 17:16:58.543,17521,17522,17522,1,1
2021-04-28 17:17:08.052,17521,17522,17522,1,1
2021-04-28 17:17:08.627,17521,17522,17521,3,-3
2021-04-28 17:17:17.065,17520,17521,17521,3,3
2021-04-28 17:17:21.261,17521,17522,17522,1,1
2021-04-28 17:17:26.244,17521,17522,17521,1,-1
2021-04-28 17:17:31.811,17521,17522,17521,1,-1
2021-04-28 17:17:36.662,17520,17521,17521,3,3
2021-04-28 17:17:37.296,17521,17522,17521,3,-3
2021-04-28 17:17:42.225,17521,17522,17521,1,-1
2021-04-28 17:17:44.480,17521,17522,17522,1,1
2021-04-28 17:17:46.355,17521,17522,17521,2,-2
2021-04-28 17:17:46.685,17520,17521,17521,1,1
2021-04-28 17:17:51.829,17521,17522,17521,1,-1
2021-04-28 17:17:53.020,17521,17522,17522,2,2
2021-04-28 17:17:58.721,17521,17522,17521,1,-1
2021-04-28 17:18:01.144,17520,17522,17521,1,-1
2021-04-28 17:18:01.186,17521,17522,17521,1,-1
2021-04-28 17:18:01.714,17520,17522,17522,1,1
2021-04-28 17:18:04.137,17520,17522,17522,1,1
2021-04-28 17:18:08.190,17521,17522,17521,1,-1
2021-04-28 17:18:12.708,17520,17521,17520,1,-1
2021-04-28 17:18:21.078,17520,17521,17521,1,1
2021-04-28 17:18:21.369,17520,17521,17521,1,1
2021-04-28 17:18:36.163,17520,17521,17520,1,-1
2021-04-28 17:18:50.454,17520,17521,17520,1,-1
2021-04-28 17:18:53.311,17520,17521,17520,2,-2
2021-04-28 17:18:53.603,17519,17520,17520,1,1
2021-04-28 17:19:03.335,17520,17521,17520,1,-1
2021-04-28 17:19:11.711,17520,17521,17521,1,1
2021-04-28 17:19:12.145,17520,17521,17521,1,1
2021-04-28 17:19:14.355,17520,17521,17520,1,-1
2021-04-28 17:19:22.799,17520,17521,17521,1,1
2021-04-28 17:19:36.851,17520,17521,17521,1,1
2021-04-28 17:19:47.651,17520,17521,17521,1,1
2021-04-28 17:20:02.280,17520,17521,17521,1,1
2021-04-28 17:20:07.715,17520,17521,17521,1,1
2021-04-28 17:20:11.788,17520,17521,17521,1,1
2021-04-28 17:20:21.296,17520,17521,17521,1,1
2021-04-28 17:20:30.801,17520,17521,17521,1,1
2021-04-28 17:20:40.742,17520,17521,17521,1,1
2021-04-28 17:20:42.434,17520,17521,17520,1,-1
2021-04-28 17:20:44.014,17520,17521,17520,1,-1
2021-04-28 17:20:45.483,17520,17521,17520,1,-1
2021-04-28 17:20:48.583,17520,17521,17521,1,1
2021-04-28 17:21:01.767,17520,17521,17521,1,1
2021-04-28 17:21:01.811,17520,17521,17520,2,-2
2021-04-28 17:21:10.283,17520,17521,17521,4,4
2021-04-28 17:21:17.377,17520,17521,17521,1,1
2021-04-28 17:21:26.899,17520,17521,17521,1,1
2021-04-28 17:21:39.009,17520,17521,17520,1,-1
2021-04-28 17:21:39.299,17519,17520,17520,1,1
2021-04-28 17:21:49.883,17520,17521,17521,1,1
2021-04-28 17:21:50.557,17520,17521,17520,1,-1
2021-04-28 17:21:50.558,17520,17521,17520,1,-1
2021-04-28 17:21:53.342,17519,17521,17520,1,-1
2021-04-28 17:21:59.673,17519,17520,17520,1,1
2021-04-28 17:22:00.870,17520,17521,17520,1,-1
2021-04-28 17:22:08.467,17519,17520,17520,1,1
2021-04-28 17:22:16.235,17519,17520,17520,1,1
2021-04-28 17:22:25.824,17519,17520,17520,1,1
2021-04-28 17:22:37.405,17519,17520,17520,1,1
2021-04-28 17:22:40.061,17519,17520,17519,7,-7
2021-04-28 17:22:46.664,17519,17520,17519,1,-1
2021-04-28 17:22:53.640,17518,17519,17519,1,1
2021-04-28 17:23:05.032,17519,17520,17519,1,-1
2021-04-28 17:23:05.251,17519,17520,17519,1,-1
2021-04-28 17:23:09.748,17518,17519,17519,1,1
2021-04-28 17:23:36.763,17519,17520,17519,1,-1
2021-04-28 17:23:43.324,17519,17520,17519,1,-1
2021-04-28 17:24:31.100,17518,17519,17519,3,3
2021-04-28 17:24:44.965,17519,17520,17520,1,1
2021-04-28 17:24:54.494,17519,17520,17519,2,-2
2021-04-28 17:25:13.570,17519,17520,17519,1,-1
2021-04-28 17:25:34.339,17518,17520,17518,1,-1
2021-04-28 17:25:36.634,17518,17519,17519,1,1
2021-04-28 17:25:59.868,17518,17519,17519,1,1
2021-04-28 17:26:32.577,17519,17520,17519,1,-1
2021-04-28 17:26:46.442,17518,17519,17519,1,1
2021-04-28 17:26:50.770,17519,17520,17519,1,-1
2021-04-28 17:26:51.507,17518,17519,17519,1,1
2021-04-28 17:27:00.073,17519,17520,17519,1,-1
2021-04-28 17:27:00.363,17518,17519,17519,1,1
2021-04-28 17:27:12.861,17518,17519,17519,1,1
2021-04-28 17:27:18.018,17519,17520,17519,1,-1
2021-04-28 17:27:42.385,17518,17519,17519,1,1
2021-04-28 17:28:03.492,17518,17519,17519,1,1
2021-04-28 17:28:08.885,17518,17519,17519,9,9
2021-04-28 17:28:20.036,17519,17520,17520,1,1
