2019-04-09 15:00:00.049,10846,10847,10847,37,37
2019-04-09 15:00:00.051,10846,10847,10846,2,-2
2019-04-09 15:00:00.087,10846,10847,10847,2,2
2019-04-09 15:00:00.113,10846,10847,10847,4,4
2019-04-09 15:00:00.167,10846,10847,10847,2,2
2019-04-09 15:00:00.606,10846,10847,10847,1,1
2019-04-09 15:00:00.803,10846,10847,10846,1,-1
2019-04-09 15:00:00.857,10846,10847,10847,1,1
2019-04-09 15:00:03.548,10846,10847,10846,1,-1
2019-04-09 15:00:03.720,10846,10847,10846,1,-1
2019-04-09 15:00:04.065,10846,10847,10846,1,-1
2019-04-09 15:00:04.431,10846,10847,10846,1,-1
2019-04-09 15:00:06.044,10846,10847,10846,1,-1
2019-04-09 15:00:06.378,10846,10847,10846,7,-7
2019-04-09 15:00:06.658,10845,10846,10846,1,1
2019-04-09 15:00:09.087,10845,10846,10845,1,-1
2019-04-09 15:00:10.220,10845,10846,10846,2,2
2019-04-09 15:00:10.259,10845,10846,10845,10,-10
2019-04-09 15:00:12.776,10845,10846,10846,2,2
2019-04-09 15:00:13.181,10845,10846,10846,1,1
2019-04-09 15:00:13.369,10845,10846,10845,1,-1
2019-04-09 15:00:15.552,10845,10846,10845,10,-10
2019-04-09 15:00:17.712,10845,10846,10845,9,-9
2019-04-09 15:00:18.070,10844,10845,10845,1,1
2019-04-09 15:00:22.920,10845,10846,10845,8,-8
2019-04-09 15:00:23.008,10845,10846,10845,1,-1
2019-04-09 15:00:23.013,10845,10846,10844,14,-14
2019-04-09 15:00:23.665,10844,10845,10845,5,5
2019-04-09 15:00:25.112,10844,10845,10845,2,2
2019-04-09 15:00:25.443,10844,10845,10845,3,3
2019-04-09 15:00:26.156,10844,10845,10845,2,2
2019-04-09 15:00:26.389,10844,10845,10845,1,1
2019-04-09 15:00:26.644,10844,10845,10845,7,7
2019-04-09 15:00:28.367,10845,10846,10845,1,-1
2019-04-09 15:00:28.585,10845,10846,10845,1,-1
2019-04-09 15:00:32.668,10845,10846,10846,1,1
2019-04-09 15:00:33.042,10845,10846,10845,1,-1
2019-04-09 15:00:39.897,10845,10846,10846,1,1
2019-04-09 15:00:40.174,10845,10846,10846,3,3
2019-04-09 15:00:40.995,10845,10846,10846,10,10
2019-04-09 15:00:41.144,10845,10846,10846,1,1
2019-04-09 15:00:41.632,10846,10847,10847,1,1
2019-04-09 15:00:50.402,10846,10847,10847,3,3
2019-04-09 15:00:50.710,10846,10847,10847,1,1
2019-04-09 15:00:53.916,10846,10847,10847,1,1
2019-04-09 15:00:55.093,10846,10847,10847,2,2
2019-04-09 15:00:55.635,10846,10847,10847,2,2
2019-04-09 15:00:56.541,10846,10847,10847,2,2
2019-04-09 15:00:57.012,10846,10847,10847,1,1
2019-04-09 15:00:58.294,10846,10847,10847,1,1
2019-04-09 15:01:00.093,10846,10847,10847,19,19
2019-04-09 15:01:00.971,10847,10848,10848,1,1
2019-04-09 15:01:01.025,10847,10848,10848,2,2
2019-04-09 15:01:01.177,10847,10848,10847,4,-4
2019-04-09 15:01:01.186,10847,10848,10848,1,1
2019-04-09 15:01:01.266,10847,10848,10848,1,1
2019-04-09 15:01:01.267,10847,10848,10848,1,1
2019-04-09 15:01:01.267,10847,10848,10848,1,1
2019-04-09 15:01:01.268,10847,10848,10848,1,1
2019-04-09 15:01:02.008,10847,10848,10848,11,11
2019-04-09 15:01:02.008,10847,10848,10849,1,1
2019-04-09 15:01:02.053,10847,10849,10849,5,5
2019-04-09 15:01:02.089,10847,10849,10849,6,6
2019-04-09 15:01:02.269,10848,10849,10849,17,17
2019-04-09 15:01:02.483,10848,10850,10850,1,1
2019-04-09 15:01:02.562,10849,10850,10850,1,1
2019-04-09 15:01:02.563,10849,10850,10850,1,1
2019-04-09 15:01:02.563,10849,10850,10850,1,1
2019-04-09 15:01:02.563,10849,10850,10850,1,1
2019-04-09 15:01:02.588,10849,10850,10849,1,-1
2019-04-09 15:01:02.798,10849,10850,10849,1,-1
2019-04-09 15:01:02.813,10849,10850,10849,1,-1
2019-04-09 15:01:02.814,10849,10850,10850,2,2
2019-04-09 15:01:02.880,10849,10850,10850,2,2
2019-04-09 15:01:03.024,10849,10850,10849,1,-1
2019-04-09 15:01:03.607,10849,10850,10850,5,5
2019-04-09 15:01:03.703,10849,10850,10850,3,3
2019-04-09 15:01:04.991,10849,10850,10849,4,-4
2019-04-09 15:01:07.080,10849,10850,10849,2,-2
2019-04-09 15:01:08.749,10849,10850,10850,1,1
2019-04-09 15:01:08.974,10849,10850,10849,1,-1
2019-04-09 15:01:09.398,10849,10850,10849,1,-1
2019-04-09 15:01:10.237,10849,10850,10850,2,2
2019-04-09 15:01:11.108,10849,10850,10849,3,-3
2019-04-09 15:01:12.044,10849,10850,10850,4,4
2019-04-09 15:01:13.662,10849,10850,10850,2,2
2019-04-09 15:01:14.710,10849,10850,10850,1,1
2019-04-09 15:01:15.182,10849,10850,10850,4,4
2019-04-09 15:01:15.482,10849,10850,10849,1,-1
2019-04-09 15:01:15.512,10849,10850,10850,2,2
2019-04-09 15:01:16.069,10849,10850,10849,1,-1
2019-04-09 15:01:16.378,10849,10850,10850,1,1
2019-04-09 15:01:21.039,10849,10850,10850,4,4
2019-04-09 15:01:26.206,10849,10850,10850,2,2
2019-04-09 15:01:26.405,10849,10850,10850,1,1
2019-04-09 15:01:27.680,10849,10850,10850,1,1
2019-04-09 15:01:29.529,10849,10850,10849,1,-1
2019-04-09 15:01:31.097,10849,10850,10849,1,-1
2019-04-09 15:01:31.108,10849,10850,10849,1,-1
2019-04-09 15:01:32.043,10849,10850,10850,1,1
2019-04-09 15:01:32.555,10849,10850,10849,5,-5
2019-04-09 15:01:33.767,10849,10850,10850,4,4
2019-04-09 15:01:34.327,10849,10850,10849,1,-1
2019-04-09 15:01:35.973,10849,10850,10849,1,-1
2019-04-09 15:01:37.631,10849,10850,10849,1,-1
2019-04-09 15:01:37.845,10849,10850,10850,2,2
2019-04-09 15:01:38.277,10849,10850,10849,1,-1
2019-04-09 15:01:38.894,10849,10850,10849,1,-1
2019-04-09 15:01:39.647,10849,10850,10849,1,-1
2019-04-09 15:01:39.944,10849,10850,10850,2,2
2019-04-09 15:01:40.886,10849,10850,10850,2,2
2019-04-09 15:01:41.843,10849,10850,10849,1,-1
2019-04-09 15:01:42.144,10849,10850,10849,1,-1
2019-04-09 15:01:45.316,10849,10850,10849,1,-1
2019-04-09 15:01:47.005,10849,10850,10849,1,-1
2019-04-09 15:01:48.635,10849,10850,10849,1,-1
2019-04-09 15:01:50.518,10849,10850,10850,2,2
2019-04-09 15:01:50.666,10849,10850,10849,1,-1
2019-04-09 15:01:50.949,10849,10850,10849,1,-1
2019-04-09 15:01:51.570,10849,10850,10850,1,1
2019-04-09 15:01:51.795,10849,10850,10850,1,1
2019-04-09 15:01:51.955,10849,10850,10849,1,-1
2019-04-09 15:01:52.460,10849,10850,10850,1,1
2019-04-09 15:01:52.478,10849,10850,10850,1,1
2019-04-09 15:01:52.639,10849,10850,10850,1,1
2019-04-09 15:01:52.867,10849,10850,10850,1,1
2019-04-09 15:01:52.974,10849,10850,10850,2,2
2019-04-09 15:01:53.476,10849,10850,10850,1,1
2019-04-09 15:01:53.984,10849,10850,10850,1,1
2019-04-09 15:01:54.416,10849,10850,10850,1,1
2019-04-09 15:01:55.277,10849,10850,10850,10,10
2019-04-09 15:01:56.860,10849,10850,10849,1,-1
2019-04-09 15:01:57.533,10849,10850,10849,5,-5
2019-04-09 15:01:59.700,10849,10850,10850,1,1
2019-04-09 15:02:01.124,10849,10850,10850,2,2
2019-04-09 15:02:02.337,10849,10850,10850,1,1
2019-04-09 15:02:08.693,10849,10850,10850,6,6
2019-04-09 15:02:12.129,10849,10850,10849,10,-10
2019-04-09 15:02:12.249,10849,10850,10850,2,2
2019-04-09 15:02:18.251,10849,10850,10850,1,1
2019-04-09 15:02:23.331,10849,10850,10850,1,1
2019-04-09 15:02:24.020,10849,10850,10849,15,-15
2019-04-09 15:02:24.258,10848,10850,10849,1,-1
2019-04-09 15:02:24.269,10849,10850,10849,3,-3
2019-04-09 15:02:24.479,10848,10849,10849,1,1
2019-04-09 15:02:27.170,10848,10849,10849,3,3
2019-04-09 15:02:27.435,10848,10849,10849,1,1
2019-04-09 15:02:31.582,10848,10849,10848,7,-7
2019-04-09 15:02:32.517,10848,10849,10848,2,-2
2019-04-09 15:02:34.981,10848,10849,10848,1,-1
2019-04-09 15:02:35.840,10848,10849,10848,1,-1
2019-04-09 15:02:39.634,10848,10849,10848,1,-1
2019-04-09 15:02:40.039,10848,10849,10848,3,-3
2019-04-09 15:02:41.443,10848,10849,10848,1,-1
2019-04-09 15:02:45.102,10848,10849,10848,2,-2
2019-04-09 15:02:47.463,10847,10848,10848,3,3
2019-04-09 15:02:48.225,10847,10848,10848,1,1
2019-04-09 15:02:56.987,10847,10848,10848,1,1
2019-04-09 15:02:58.769,10848,10849,10848,1,-1
2019-04-09 15:03:07.790,10847,10848,10847,1,-1
2019-04-09 15:03:07.790,10847,10848,10847,1,-1
2019-04-09 15:03:07.790,10847,10848,10847,1,-1
2019-04-09 15:03:07.793,10847,10848,10847,1,-1
2019-04-09 15:03:10.976,10847,10848,10848,1,1
2019-04-09 15:03:11.093,10848,10849,10848,1,-1
2019-04-09 15:03:14.128,10847,10848,10847,2,-2
2019-04-09 15:03:20.845,10847,10848,10847,1,-1
2019-04-09 15:03:20.924,10847,10848,10847,9,-9
2019-04-09 15:03:21.020,10847,10848,10847,11,-11
2019-04-09 15:03:25.203,10846,10847,10847,1,1
2019-04-09 15:03:28.146,10846,10847,10847,1,1
2019-04-09 15:03:36.735,10846,10847,10846,15,-15
2019-04-09 15:03:36.887,10846,10847,10846,1,-1
2019-04-09 15:03:37.228,10846,10847,10846,2,-2
2019-04-09 15:03:37.403,10846,10847,10846,2,-2
2019-04-09 15:03:37.555,10846,10847,10846,2,-2
2019-04-09 15:03:38.412,10846,10847,10846,2,-2
2019-04-09 15:03:45.056,10846,10847,10846,2,-2
2019-04-09 15:03:46.912,10846,10847,10846,1,-1
2019-04-09 15:03:50.956,10846,10847,10846,14,-14
2019-04-09 15:03:50.989,10846,10847,10845,4,-4
2019-04-09 15:03:51.289,10845,10846,10845,1,-1
2019-04-09 15:03:52.144,10845,10846,10846,3,3
2019-04-09 15:03:59.121,10845,10846,10846,1,1
2019-04-09 15:03:59.566,10845,10846,10846,1,1
2019-04-09 15:04:01.916,10845,10846,10846,1,1
2019-04-09 15:04:02.489,10845,10846,10845,1,-1
2019-04-09 15:04:10.262,10845,10846,10845,1,-1
2019-04-09 15:04:14.572,10845,10846,10846,1,1
2019-04-09 15:04:21.795,10845,10846,10846,1,1
2019-04-09 15:04:26.537,10845,10846,10846,29,29
2019-04-09 15:04:26.772,10846,10847,10846,1,-1
2019-04-09 15:04:27.187,10846,10847,10846,4,-4
2019-04-09 15:04:37.614,10846,10847,10847,1,1
2019-04-09 15:04:40.492,10846,10847,10847,1,1
2019-04-09 15:04:46.362,10846,10847,10847,1,1
2019-04-09 15:04:50.334,10846,10847,10847,1,1
2019-04-09 15:04:56.905,10846,10847,10846,1,-1
2019-04-09 15:05:04.599,10846,10847,10846,9,-9
2019-04-09 15:05:05.684,10845,10846,10846,1,1
2019-04-09 15:05:08.019,10845,10846,10846,6,6
2019-04-09 15:05:11.074,10846,10847,10846,1,-1
2019-04-09 15:05:11.111,10846,10847,10846,1,-1
2019-04-09 15:05:13.870,10846,10847,10846,2,-2
2019-04-09 15:05:17.159,10846,10847,10846,1,-1
2019-04-09 15:05:24.488,10846,10847,10846,1,-1
2019-04-09 15:05:26.608,10846,10847,10846,1,-1
2019-04-09 15:05:28.827,10846,10847,10846,1,-1
2019-04-09 15:05:31.983,10846,10847,10846,7,-7
2019-04-09 15:05:54.211,10846,10847,10846,1,-1
2019-04-09 15:06:00.722,10846,10847,10846,2,-2
2019-04-09 15:06:01.096,10846,10847,10846,1,-1
2019-04-09 15:06:03.022,10846,10847,10846,5,-5
2019-04-09 15:06:05.219,10845,10846,10846,4,4
2019-04-09 15:06:12.043,10845,10846,10846,2,2
2019-04-09 15:06:15.033,10845,10846,10845,1,-1
2019-04-09 15:06:23.959,10845,10846,10846,6,6
2019-04-09 15:06:25.028,10845,10846,10846,7,7
2019-04-09 15:06:26.496,10846,10847,10846,1,-1
2019-04-09 15:06:31.584,10846,10847,10846,1,-1
2019-04-09 15:06:36.818,10846,10847,10846,2,-2
2019-04-09 15:06:44.493,10846,10847,10846,1,-1
2019-04-09 15:06:47.832,10846,10847,10846,1,-1
2019-04-09 15:06:48.500,10846,10847,10846,1,-1
2019-04-09 15:06:49.490,10846,10847,10846,1,-1
2019-04-09 15:06:50.995,10845,10846,10846,1,1
2019-04-09 15:06:56.166,10846,10847,10846,1,-1
2019-04-09 15:07:07.415,10846,10847,10846,1,-1
2019-04-09 15:07:10.080,10846,10847,10846,3,-3
2019-04-09 15:07:10.080,10846,10847,10845,7,-7
2019-04-09 15:07:19.219,10845,10846,10846,5,5
2019-04-09 15:07:20.068,10845,10846,10846,1,1
2019-04-09 15:07:25.004,10845,10846,10845,10,-10
2019-04-09 15:07:25.046,10845,10846,10845,1,-1
2019-04-09 15:07:28.272,10845,10846,10846,2,2
2019-04-09 15:07:31.090,10845,10846,10845,1,-1
2019-04-09 15:07:31.656,10845,10846,10846,2,2
2019-04-09 15:07:33.663,10845,10846,10845,1,-1
2019-04-09 15:07:34.683,10845,10846,10846,1,1
2019-04-09 15:07:37.638,10845,10846,10845,1,-1
2019-04-09 15:07:50.664,10845,10846,10845,1,-1
2019-04-09 15:07:59.741,10845,10846,10846,2,2
2019-04-09 15:08:05.137,10845,10846,10846,1,1
2019-04-09 15:08:11.268,10845,10846,10845,1,-1
2019-04-09 15:08:11.269,10845,10846,10845,1,-1
2019-04-09 15:08:11.269,10845,10846,10845,2,-2
2019-04-09 15:08:11.269,10845,10846,10845,1,-1
2019-04-09 15:08:14.551,10845,10846,10846,5,5
2019-04-09 15:08:24.703,10845,10846,10845,1,-1
2019-04-09 15:08:29.493,10845,10846,10845,1,-1
2019-04-09 15:08:31.779,10845,10846,10845,5,-5
2019-04-09 15:08:32.820,10845,10846,10845,1,-1
2019-04-09 15:08:33.088,10845,10846,10845,5,-5
2019-04-09 15:08:33.481,10845,10846,10845,5,-5
2019-04-09 15:08:33.927,10845,10846,10845,1,-1
2019-04-09 15:08:35.594,10845,10846,10845,1,-1
2019-04-09 15:08:36.760,10845,10846,10845,4,-4
2019-04-09 15:08:36.769,10845,10846,10845,1,-1
2019-04-09 15:08:38.042,10845,10846,10845,2,-2
2019-04-09 15:08:38.144,10845,10846,10845,2,-2
2019-04-09 15:08:39.520,10845,10846,10846,1,1
2019-04-09 15:09:01.586,10845,10846,10845,1,-1
2019-04-09 15:09:01.586,10845,10846,10845,1,-1
2019-04-09 15:09:01.838,10845,10846,10845,1,-1
2019-04-09 15:09:04.602,10845,10846,10845,1,-1
2019-04-09 15:09:27.562,10845,10846,10845,2,-2
2019-04-09 15:09:33.072,10845,10846,10845,10,-10
2019-04-09 15:09:34.170,10845,10846,10845,2,-2
2019-04-09 15:09:36.031,10845,10846,10845,10,-10
2019-04-09 15:09:38.483,10845,10846,10845,1,-1
2019-04-09 15:09:40.171,10845,10846,10845,2,-2
2019-04-09 15:09:44.924,10844,10845,10844,5,-5
2019-04-09 15:09:45.087,10844,10845,10845,1,1
2019-04-09 15:09:53.203,10844,10845,10845,1,1
2019-04-09 15:09:56.024,10844,10845,10845,1,1
2019-04-09 15:09:56.146,10845,10846,10845,1,-1
2019-04-09 15:10:00.816,10845,10846,10845,2,-2
2019-04-09 15:10:00.909,10845,10846,10845,2,-2
2019-04-09 15:10:05.660,10845,10846,10845,1,-1
2019-04-09 15:10:11.584,10845,10846,10845,1,-1
2019-04-09 15:10:29.060,10845,10846,10845,2,-2
2019-04-09 15:10:36.674,10845,10846,10845,1,-1
2019-04-09 15:10:54.058,10845,10846,10845,8,-8
2019-04-09 15:10:54.243,10844,10846,10845,1,-1
2019-04-09 15:10:55.360,10844,10846,10845,1,-1
2019-04-09 15:11:02.519,10844,10845,10845,1,1
2019-04-09 15:11:02.644,10844,10845,10845,2,2
2019-04-09 15:11:02.644,10844,10845,10845,1,1
2019-04-09 15:11:02.769,10844,10845,10845,1,1
2019-04-09 15:11:02.772,10844,10845,10845,10,10
2019-04-09 15:11:05.017,10845,10846,10845,1,-1
2019-04-09 15:11:39.719,10845,10846,10845,1,-1
2019-04-09 15:11:44.254,10845,10846,10846,2,2
2019-04-09 15:11:54.896,10845,10846,10846,6,6
2019-04-09 15:11:59.306,10845,10846,10846,1,1
2019-04-09 15:12:02.769,10845,10846,10846,15,15
2019-04-09 15:12:07.540,10846,10847,10847,3,3
2019-04-09 15:12:14.913,10846,10847,10846,2,-2
2019-04-09 15:12:17.422,10846,10847,10846,1,-1
2019-04-09 15:12:19.445,10845,10846,10846,2,2
2019-04-09 15:12:28.768,10845,10846,10846,1,1
2019-04-09 15:12:30.969,10845,10846,10846,2,2
2019-04-09 15:12:40.951,10846,10847,10846,1,-1
2019-04-09 15:12:47.398,10846,10847,10846,1,-1
2019-04-09 15:12:51.024,10846,10847,10846,1,-1
2019-04-09 15:12:52.549,10845,10847,10845,5,-5
2019-04-09 15:13:06.734,10845,10846,10846,1,1
2019-04-09 15:13:15.040,10845,10846,10846,8,8
2019-04-09 15:13:15.040,10845,10846,10847,7,7
2019-04-09 15:13:20.461,10846,10847,10846,1,-1
2019-04-09 15:14:11.446,10846,10847,10846,1,-1
2019-04-09 15:14:19.858,10846,10847,10846,1,-1
2019-04-09 15:14:45.025,10846,10847,10847,2,2
2019-04-09 15:14:52.767,10846,10847,10846,1,-1
2019-04-09 15:14:54.997,10846,10847,10847,1,1
2019-04-09 15:15:00.336,10846,10847,10847,2,2
2019-04-09 15:15:05.791,10846,10847,10847,20,20
2019-04-09 15:15:05.791,10846,10847,10848,10,10
2019-04-09 15:15:06.817,10847,10848,10848,1,1
2019-04-09 15:15:26.477,10847,10848,10847,1,-1
2019-04-09 15:15:26.968,10847,10848,10848,1,1
2019-04-09 15:15:34.394,10847,10848,10848,18,18
2019-04-09 15:15:34.520,10847,10848,10848,1,1
2019-04-09 15:15:34.783,10848,10849,10848,1,-1
2019-04-09 15:15:38.093,10848,10849,10848,2,-2
2019-04-09 15:15:38.160,10848,10849,10848,2,-2
2019-04-09 15:15:47.859,10847,10849,10849,1,1
2019-04-09 15:16:17.039,10848,10849,10849,14,14
2019-04-09 15:16:23.383,10848,10849,10849,1,1
2019-04-09 15:16:26.885,10848,10849,10849,2,2
2019-04-09 15:16:29.588,10848,10849,10849,1,1
2019-04-09 15:16:37.065,10848,10849,10849,1,1
2019-04-09 15:16:39.629,10848,10849,10849,1,1
2019-04-09 15:16:46.289,10848,10849,10849,1,1
2019-04-09 15:16:54.211,10848,10849,10848,1,-1
2019-04-09 15:17:10.072,10848,10849,10848,1,-1
2019-04-09 15:17:17.774,10848,10849,10848,3,-3
2019-04-09 15:17:22.792,10848,10849,10849,1,1
2019-04-09 15:17:23.208,10848,10849,10848,7,-7
2019-04-09 15:17:26.748,10848,10849,10848,2,-2
2019-04-09 15:17:45.302,10848,10849,10848,1,-1
2019-04-09 15:17:51.615,10848,10849,10848,1,-1
2019-04-09 15:17:51.644,10848,10849,10848,1,-1
2019-04-09 15:17:51.644,10848,10849,10848,2,-2
2019-04-09 15:17:52.289,10847,10848,10848,1,1
2019-04-09 15:18:16.153,10847,10848,10847,1,-1
2019-04-09 15:18:17.404,10847,10848,10847,2,-2
2019-04-09 15:18:20.850,10847,10848,10847,2,-2
2019-04-09 15:18:29.161,10847,10848,10847,1,-1
2019-04-09 15:18:56.404,10847,10848,10847,2,-2
2019-04-09 15:18:57.138,10847,10848,10847,1,-1
2019-04-09 15:19:39.207,10846,10847,10847,1,1
2019-04-09 15:19:57.131,10847,10848,10847,2,-2
2019-04-09 15:20:14.990,10847,10848,10847,1,-1
2019-04-09 15:20:24.043,10847,10848,10847,2,-2
2019-04-09 15:20:39.841,10847,10848,10848,1,1
2019-04-09 15:21:08.609,10847,10848,10847,1,-1
2019-04-09 15:21:09.034,10847,10848,10847,2,-2
2019-04-09 15:21:16.397,10847,10848,10847,1,-1
2019-04-09 15:21:18.481,10847,10848,10847,1,-1
2019-04-09 15:21:34.336,10847,10848,10847,1,-1
2019-04-09 15:21:55.126,10847,10848,10847,1,-1
2019-04-09 15:21:56.743,10847,10848,10847,1,-1
2019-04-09 15:22:21.275,10847,10848,10847,1,-1
2019-04-09 15:22:33.228,10847,10848,10848,1,1
2019-04-09 15:23:11.465,10847,10848,10847,1,-1
2019-04-09 15:23:28.342,10847,10848,10848,3,3
2019-04-09 15:23:28.396,10847,10848,10848,45,45
2019-04-09 15:23:28.645,10848,10849,10849,1,1
2019-04-09 15:23:28.645,10848,10849,10849,8,8
2019-04-09 15:23:28.651,10848,10849,10849,2,2
2019-04-09 15:23:28.651,10848,10849,10849,4,4
2019-04-09 15:23:28.652,10848,10849,10849,1,1
2019-04-09 15:23:28.769,10848,10849,10849,2,2
2019-04-09 15:23:28.770,10848,10849,10849,3,3
2019-04-09 15:23:37.320,10849,10850,10849,2,-2
2019-04-09 15:23:40.850,10849,10850,10849,2,-2
2019-04-09 15:23:46.992,10849,10850,10849,2,-2
2019-04-09 15:23:51.355,10849,10850,10849,5,-5
2019-04-09 15:23:57.485,10848,10849,10849,1,1
2019-04-09 15:23:57.710,10848,10849,10849,1,1
2019-04-09 15:24:02.755,10848,10849,10849,1,1
2019-04-09 15:24:03.699,10848,10849,10849,1,1
2019-04-09 15:24:03.699,10848,10849,10850,5,5
2019-04-09 15:24:03.801,10848,10850,10850,1,1
2019-04-09 15:24:03.810,10848,10850,10850,1,1
2019-04-09 15:24:03.838,10848,10850,10850,2,2
2019-04-09 15:24:03.972,10848,10850,10850,1,1
2019-04-09 15:24:04.087,10849,10850,10850,1,1
2019-04-09 15:24:07.778,10848,10850,10848,2,-2
2019-04-09 15:24:12.482,10848,10849,10848,1,-1
2019-04-09 15:24:14.119,10848,10849,10849,1,1
2019-04-09 15:24:20.542,10849,10850,10849,1,-1
2019-04-09 15:24:26.814,10849,10850,10849,1,-1
2019-04-09 15:24:30.597,10849,10850,10849,1,-1
2019-04-09 15:24:31.962,10848,10849,10849,1,1
2019-04-09 15:24:44.258,10849,10850,10849,1,-1
2019-04-09 15:24:53.227,10848,10849,10849,1,1
2019-04-09 15:24:54.327,10848,10849,10849,2,2
2019-04-09 15:25:06.972,10848,10849,10849,1,1
2019-04-09 15:25:08.604,10848,10849,10849,1,1
2019-04-09 15:25:26.546,10848,10849,10849,1,1
2019-04-09 15:25:33.618,10848,10849,10848,1,-1
2019-04-09 15:25:51.525,10848,10849,10848,1,-1
2019-04-09 15:25:56.996,10848,10849,10848,1,-1
2019-04-09 15:26:15.978,10848,10849,10848,2,-2
2019-04-09 15:26:32.987,10848,10849,10849,1,1
2019-04-09 15:26:38.296,10848,10849,10849,1,1
2019-04-09 15:26:53.581,10848,10849,10849,1,1
2019-04-09 15:27:05.587,10848,10849,10849,2,2
2019-04-09 15:27:05.873,10848,10849,10849,2,2
2019-04-09 15:27:17.880,10848,10849,10849,1,1
2019-04-09 15:27:20.985,10848,10849,10848,1,-1
2019-04-09 15:27:21.888,10848,10849,10849,1,1
2019-04-09 15:27:26.478,10848,10849,10849,1,1
2019-04-09 15:27:31.336,10848,10849,10849,1,1
2019-04-09 15:27:35.176,10848,10849,10848,6,-6
2019-04-09 15:27:48.787,10848,10849,10849,3,3
2019-04-09 15:28:06.304,10848,10849,10849,1,1
2019-04-09 15:28:06.563,10848,10849,10849,1,1
2019-04-09 15:28:16.930,10848,10849,10849,1,1
2019-04-09 15:28:24.821,10848,10849,10849,2,2
2019-04-09 15:28:28.219,10848,10849,10849,2,2
2019-04-09 15:28:34.408,10848,10849,10849,1,1
2019-04-09 15:28:34.836,10848,10849,10849,1,1
2019-04-09 15:28:34.897,10848,10849,10849,8,8
2019-04-09 15:28:35.019,10848,10849,10849,3,3
2019-04-09 15:28:35.123,10848,10849,10849,1,1
2019-04-09 15:28:38.751,10849,10850,10850,1,1
2019-04-09 15:28:39.069,10849,10850,10850,3,3
2019-04-09 15:28:39.489,10849,10850,10850,1,1
2019-04-09 15:28:50.260,10849,10850,10849,1,-1
2019-04-09 15:29:02.298,10849,10850,10850,1,1
2019-04-09 15:29:17.703,10849,10850,10850,1,1
2019-04-09 15:29:21.002,10849,10850,10849,1,-1
2019-04-09 15:29:22.938,10849,10850,10850,1,1
2019-04-09 15:29:43.228,10849,10850,10850,1,1
2019-04-09 15:29:45.939,10849,10850,10850,1,1
2019-04-09 15:29:47.348,10849,10850,10849,2,-2
2019-04-09 15:29:58.947,10849,10850,10849,1,-1
2019-04-09 15:30:12.681,10849,10850,10850,3,3
2019-04-09 15:30:12.981,10849,10850,10850,1,1
2019-04-09 15:30:13.064,10849,10850,10850,1,1
2019-04-09 15:30:13.066,10849,10850,10850,1,1
2019-04-09 15:30:13.094,10849,10850,10850,1,1
2019-04-09 15:30:13.116,10849,10850,10850,1,1
2019-04-09 15:30:13.415,10849,10850,10850,1,1
2019-04-09 15:30:13.467,10849,10850,10850,5,5
2019-04-09 15:30:13.468,10849,10850,10850,5,5
2019-04-09 15:30:13.519,10849,10850,10850,1,1
2019-04-09 15:30:13.519,10849,10850,10850,3,3
2019-04-09 15:30:14.318,10850,10851,10850,2,-2
2019-04-09 15:30:16.021,10850,10851,10851,2,2
2019-04-09 15:30:16.306,10850,10851,10851,1,1
2019-04-09 15:30:16.317,10850,10851,10850,1,-1
2019-04-09 15:30:16.369,10850,10851,10851,5,5
2019-04-09 15:30:16.410,10850,10851,10851,1,1
2019-04-09 15:30:17.272,10850,10851,10851,1,1
2019-04-09 15:30:17.285,10850,10851,10851,1,1
2019-04-09 15:30:19.021,10850,10851,10850,5,-5
2019-04-09 15:30:25.866,10849,10851,10849,1,-1
2019-04-09 15:30:28.382,10850,10851,10851,1,1
2019-04-09 15:30:34.354,10850,10851,10851,1,1
2019-04-09 15:30:34.387,10850,10851,10850,1,-1
2019-04-09 15:30:38.644,10850,10851,10851,5,5
2019-04-09 15:30:44.862,10850,10851,10851,2,2
2019-04-09 15:30:44.896,10850,10851,10851,2,2
2019-04-09 15:30:45.958,10850,10851,10851,1,1
2019-04-09 15:30:45.976,10850,10851,10851,1,1
2019-04-09 15:30:47.645,10850,10851,10851,1,1
2019-04-09 15:30:49.217,10850,10852,10850,1,-1
2019-04-09 15:30:49.450,10850,10851,10851,1,1
2019-04-09 15:30:49.974,10850,10851,10851,1,1
2019-04-09 15:30:51.973,10851,10852,10851,1,-1
2019-04-09 15:30:56.567,10851,10852,10852,1,1
2019-04-09 15:30:56.758,10851,10852,10852,4,4
2019-04-09 15:31:00.353,10851,10852,10851,1,-1
2019-04-09 15:31:07.069,10851,10852,10852,2,2
2019-04-09 15:31:07.146,10851,10852,10852,1,1
2019-04-09 15:31:08.079,10851,10852,10852,1,1
2019-04-09 15:31:08.161,10851,10852,10852,1,1
2019-04-09 15:31:12.139,10851,10852,10852,1,1
2019-04-09 15:31:17.537,10851,10852,10852,3,3
2019-04-09 15:31:18.689,10851,10852,10852,1,1
2019-04-09 15:31:20.979,10851,10852,10852,2,2
2019-04-09 15:31:21.625,10851,10852,10852,1,1
2019-04-09 15:31:24.970,10851,10852,10852,8,8
2019-04-09 15:31:26.773,10851,10852,10852,1,1
2019-04-09 15:31:28.193,10851,10852,10851,1,-1
2019-04-09 15:31:28.733,10851,10852,10852,1,1
2019-04-09 15:31:29.161,10851,10852,10852,1,1
2019-04-09 15:31:31.045,10851,10852,10852,1,1
2019-04-09 15:31:32.113,10851,10852,10852,1,1
2019-04-09 15:31:33.115,10851,10852,10852,1,1
2019-04-09 15:31:33.658,10851,10852,10852,1,1
2019-04-09 15:31:37.389,10851,10852,10852,1,1
2019-04-09 15:31:37.423,10851,10852,10852,4,4
2019-04-09 15:31:37.831,10851,10852,10852,12,12
2019-04-09 15:31:37.895,10852,10853,10852,10,-10
2019-04-09 15:31:39.531,10852,10853,10852,1,-1
2019-04-09 15:31:39.531,10852,10853,10851,1,-1
2019-04-09 15:31:41.145,10851,10852,10852,1,1
2019-04-09 15:31:47.586,10851,10852,10852,21,21
2019-04-09 15:31:51.495,10851,10852,10852,1,1
2019-04-09 15:31:51.730,10851,10852,10852,1,1
2019-04-09 15:31:52.924,10851,10852,10852,5,5
2019-04-09 15:31:55.101,10851,10852,10852,1,1
2019-04-09 15:31:55.823,10852,10853,10852,1,-1
2019-04-09 15:31:59.948,10851,10852,10852,2,2
2019-04-09 15:32:01.198,10851,10852,10852,1,1
2019-04-09 15:32:01.450,10851,10852,10852,1,1
2019-04-09 15:32:02.617,10851,10852,10852,2,2
2019-04-09 15:32:04.962,10851,10852,10852,1,1
2019-04-09 15:32:05.355,10852,10853,10852,2,-2
2019-04-09 15:32:06.606,10852,10853,10852,2,-2
2019-04-09 15:32:10.490,10852,10853,10852,1,-1
2019-04-09 15:32:13.304,10852,10853,10853,1,1
2019-04-09 15:32:13.902,10852,10853,10852,1,-1
2019-04-09 15:32:14.949,10852,10853,10853,1,1
2019-04-09 15:32:17.319,10852,10853,10853,1,1
2019-04-09 15:32:23.820,10852,10853,10853,7,7
2019-04-09 15:32:27.491,10852,10853,10853,17,17
2019-04-09 15:32:28.681,10852,10853,10852,1,-1
2019-04-09 15:32:44.862,10852,10853,10852,2,-2
2019-04-09 15:32:48.308,10852,10853,10852,1,-1
2019-04-09 15:32:48.597,10852,10853,10852,10,-10
2019-04-09 15:32:48.644,10852,10853,10852,1,-1
2019-04-09 15:32:48.644,10852,10853,10852,6,-6
2019-04-09 15:32:48.995,10851,10852,10852,1,1
2019-04-09 15:32:49.467,10851,10852,10852,1,1
2019-04-09 15:32:51.121,10851,10852,10852,1,1
2019-04-09 15:32:52.882,10851,10852,10852,1,1
2019-04-09 15:32:54.685,10851,10852,10852,2,2
2019-04-09 15:32:55.220,10851,10852,10851,5,-5
2019-04-09 15:32:58.841,10851,10852,10852,1,1
2019-04-09 15:33:01.066,10851,10852,10852,11,11
2019-04-09 15:33:03.222,10851,10852,10851,10,-10
2019-04-09 15:33:03.656,10851,10852,10852,1,1
2019-04-09 15:33:03.662,10851,10852,10852,1,1
2019-04-09 15:33:07.459,10851,10852,10851,1,-1
2019-04-09 15:33:07.942,10851,10852,10852,1,1
2019-04-09 15:33:08.038,10851,10852,10852,1,1
2019-04-09 15:33:12.663,10851,10852,10851,1,-1
2019-04-09 15:33:13.679,10851,10852,10851,21,-21
2019-04-09 15:33:15.532,10850,10852,10852,1,1
2019-04-09 15:33:20.157,10850,10851,10851,2,2
2019-04-09 15:33:22.192,10850,10851,10851,1,1
2019-04-09 15:33:25.590,10850,10851,10851,1,1
2019-04-09 15:33:30.282,10850,10851,10851,1,1
2019-04-09 15:33:30.324,10850,10851,10851,1,1
2019-04-09 15:33:35.128,10850,10851,10851,1,1
2019-04-09 15:33:38.980,10850,10851,10851,1,1
2019-04-09 15:33:39.978,10850,10851,10850,2,-2
2019-04-09 15:33:44.825,10850,10851,10850,1,-1
2019-04-09 15:34:04.095,10850,10851,10850,2,-2
2019-04-09 15:34:04.394,10850,10851,10850,22,-22
2019-04-09 15:34:05.974,10849,10850,10850,1,1
2019-04-09 15:34:10.995,10849,10850,10850,1,1
2019-04-09 15:34:16.404,10850,10851,10850,1,-1
2019-04-09 15:34:26.094,10849,10850,10850,1,1
2019-04-09 15:34:28.459,10849,10850,10850,1,1
2019-04-09 15:34:38.295,10850,10851,10850,1,-1
2019-04-09 15:34:43.530,10850,10851,10850,1,-1
2019-04-09 15:34:53.114,10850,10851,10850,2,-2
2019-04-09 15:35:01.225,10850,10851,10850,1,-1
2019-04-09 15:35:01.235,10850,10851,10850,1,-1
2019-04-09 15:35:01.236,10850,10851,10850,1,-1
2019-04-09 15:35:01.440,10850,10851,10850,1,-1
2019-04-09 15:35:01.482,10850,10851,10850,1,-1
2019-04-09 15:35:01.486,10850,10851,10850,1,-1
2019-04-09 15:35:01.488,10850,10851,10850,1,-1
2019-04-09 15:35:01.634,10850,10851,10850,1,-1
2019-04-09 15:35:01.636,10850,10851,10849,1,-1
2019-04-09 15:35:01.709,10849,10851,10849,1,-1
2019-04-09 15:35:01.723,10849,10851,10849,1,-1
2019-04-09 15:35:01.805,10849,10851,10849,1,-1
2019-04-09 15:35:01.819,10849,10851,10849,1,-1
2019-04-09 15:35:01.875,10849,10851,10849,1,-1
2019-04-09 15:35:02.066,10849,10850,10849,1,-1
2019-04-09 15:35:02.089,10849,10850,10850,1,1
2019-04-09 15:35:02.117,10849,10850,10849,1,-1
2019-04-09 15:35:02.170,10849,10851,10849,1,-1
2019-04-09 15:35:02.305,10849,10851,10849,1,-1
2019-04-09 15:35:02.463,10849,10851,10849,1,-1
2019-04-09 15:35:02.513,10849,10851,10849,1,-1
2019-04-09 15:35:02.544,10849,10850,10849,1,-1
2019-04-09 15:35:02.757,10849,10850,10849,1,-1
2019-04-09 15:35:02.772,10849,10850,10849,1,-1
2019-04-09 15:35:02.843,10849,10850,10849,1,-1
2019-04-09 15:35:03.127,10849,10850,10849,1,-1
2019-04-09 15:35:03.131,10849,10850,10849,1,-1
2019-04-09 15:35:03.211,10849,10850,10850,1,1
2019-04-09 15:35:03.267,10849,10850,10849,1,-1
2019-04-09 15:35:03.274,10849,10850,10849,1,-1
2019-04-09 15:35:03.404,10849,10850,10849,1,-1
2019-04-09 15:35:03.626,10849,10850,10849,1,-1
2019-04-09 15:35:03.692,10849,10850,10849,1,-1
2019-04-09 15:35:03.908,10849,10850,10849,1,-1
2019-04-09 15:35:03.941,10849,10850,10849,1,-1
2019-04-09 15:35:03.953,10849,10850,10849,1,-1
2019-04-09 15:35:03.997,10849,10850,10849,1,-1
2019-04-09 15:35:04.043,10849,10850,10849,1,-1
2019-04-09 15:35:04.084,10849,10850,10849,1,-1
2019-04-09 15:35:04.084,10849,10850,10849,1,-1
2019-04-09 15:35:04.188,10849,10850,10850,1,1
2019-04-09 15:35:04.324,10849,10850,10849,1,-1
2019-04-09 15:35:04.445,10849,10850,10849,1,-1
2019-04-09 15:35:04.644,10849,10850,10849,1,-1
2019-04-09 15:35:04.692,10849,10850,10849,1,-1
2019-04-09 15:35:04.729,10849,10850,10849,1,-1
2019-04-09 15:35:04.783,10849,10850,10849,1,-1
2019-04-09 15:35:04.803,10849,10850,10849,1,-1
2019-04-09 15:35:04.980,10849,10850,10849,1,-1
2019-04-09 15:35:05.052,10849,10850,10849,1,-1
2019-04-09 15:35:05.087,10849,10850,10849,1,-1
2019-04-09 15:35:05.230,10849,10850,10849,1,-1
2019-04-09 15:35:05.279,10849,10850,10849,1,-1
2019-04-09 15:35:05.446,10849,10850,10849,1,-1
2019-04-09 15:35:05.617,10849,10850,10849,1,-1
2019-04-09 15:35:05.829,10849,10850,10849,1,-1
2019-04-09 15:35:05.920,10849,10850,10849,1,-1
2019-04-09 15:35:06.154,10849,10850,10849,1,-1
2019-04-09 15:35:06.316,10849,10850,10849,1,-1
2019-04-09 15:35:06.328,10849,10850,10849,1,-1
2019-04-09 15:35:06.337,10849,10850,10849,1,-1
2019-04-09 15:35:06.553,10849,10850,10849,1,-1
2019-04-09 15:35:06.655,10849,10850,10849,1,-1
2019-04-09 15:35:06.701,10849,10850,10849,1,-1
2019-04-09 15:35:06.702,10849,10850,10849,1,-1
2019-04-09 15:35:06.840,10849,10850,10849,1,-1
2019-04-09 15:35:06.955,10849,10850,10849,1,-1
2019-04-09 15:35:07.091,10848,10850,10848,1,-1
2019-04-09 15:35:42.175,10849,10850,10849,1,1
2019-04-09 15:35:42.814,10849,10850,10849,1,-1
2019-04-09 15:35:42.825,10849,10850,10849,1,-1
2019-04-09 15:35:42.871,10849,10850,10849,1,-1
2019-04-09 15:35:42.877,10849,10850,10849,1,-1
2019-04-09 15:35:42.893,10849,10850,10849,1,-1
2019-04-09 15:35:43.061,10849,10850,10849,1,-1
2019-04-09 15:35:43.063,10849,10850,10849,1,-1
2019-04-09 15:35:43.148,10849,10850,10849,1,-1
2019-04-09 15:35:43.311,10849,10850,10849,1,-1
2019-04-09 15:35:43.331,10849,10850,10848,1,-1
2019-04-09 15:35:43.389,10849,10850,10848,1,-1
2019-04-09 15:35:43.703,10848,10850,10848,1,-1
2019-04-09 15:35:43.868,10848,10850,10849,1,1
2019-04-09 15:35:43.898,10848,10850,10848,1,-1
2019-04-09 15:35:43.944,10848,10850,10848,1,-1
2019-04-09 15:35:44.211,10848,10850,10848,1,-1
2019-04-09 15:35:44.278,10848,10850,10848,1,-1
2019-04-09 15:35:44.311,10848,10850,10848,1,-1
2019-04-09 15:35:44.784,10848,10850,10848,1,-1
2019-04-09 15:35:44.938,10848,10850,10848,1,-1
2019-04-09 15:35:45.284,10848,10850,10848,1,-1
2019-04-09 15:35:45.353,10848,10850,10848,1,-1
2019-04-09 15:35:45.374,10848,10850,10848,1,-1
2019-04-09 15:35:45.586,10848,10850,10848,1,-1
2019-04-09 15:35:45.645,10848,10849,10849,1,1
2019-04-09 15:35:45.650,10848,10849,10849,1,1
2019-04-09 15:35:45.760,10848,10849,10848,1,-1
2019-04-09 15:35:45.883,10848,10849,10848,1,-1
2019-04-09 15:35:46.003,10848,10849,10848,1,-1
2019-04-09 15:35:46.048,10848,10849,10848,1,-1
2019-04-09 15:35:46.183,10848,10849,10848,1,-1
2019-04-09 15:35:46.733,10848,10849,10848,1,-1
2019-04-09 15:35:46.780,10848,10849,10848,1,-1
2019-04-09 15:35:46.792,10848,10849,10848,1,-1
2019-04-09 15:35:47.004,10848,10849,10848,1,-1
2019-04-09 15:35:47.016,10848,10849,10848,1,-1
2019-04-09 15:35:47.137,10848,10849,10848,1,-1
2019-04-09 15:35:48.982,10848,10849,10849,1,1
2019-04-09 15:35:49.075,10848,10849,10848,1,-1
2019-04-09 15:35:49.726,10848,10849,10849,1,1
2019-04-09 15:35:50.178,10848,10849,10849,1,1
2019-04-09 15:35:50.410,10848,10849,10849,1,1
2019-04-09 15:35:50.726,10848,10849,10849,1,1
2019-04-09 15:35:52.294,10848,10849,10848,21,-21
2019-04-09 15:35:53.239,10848,10849,10848,1,-1
2019-04-09 15:36:03.809,10849,10850,10850,1,1
2019-04-09 15:36:12.698,10849,10850,10849,10,-10
2019-04-09 15:36:15.935,10849,10850,10849,1,-1
2019-04-09 15:36:18.196,10849,10850,10849,1,-1
2019-04-09 15:36:20.491,10849,10850,10849,1,-1
2019-04-09 15:36:32.396,10848,10849,10848,1,-1
2019-04-09 15:36:32.532,10848,10849,10848,1,-1
2019-04-09 15:36:32.543,10848,10849,10848,1,-1
2019-04-09 15:36:32.543,10848,10849,10848,1,-1
2019-04-09 15:36:32.631,10848,10849,10848,1,-1
2019-04-09 15:36:32.948,10848,10849,10848,1,-1
2019-04-09 15:36:33.092,10848,10849,10848,1,-1
2019-04-09 15:36:33.144,10848,10849,10848,1,-1
2019-04-09 15:36:33.256,10848,10849,10848,1,-1
2019-04-09 15:36:33.288,10848,10849,10848,1,-1
2019-04-09 15:36:33.319,10848,10849,10848,1,-1
2019-04-09 15:36:33.348,10848,10849,10848,1,-1
2019-04-09 15:36:33.355,10848,10849,10848,1,-1
2019-04-09 15:36:33.453,10848,10849,10848,1,-1
2019-04-09 15:36:33.535,10848,10849,10848,1,-1
2019-04-09 15:36:33.673,10847,10849,10847,1,-1
2019-04-09 15:36:33.921,10847,10849,10847,1,-1
2019-04-09 15:36:34.045,10847,10849,10847,1,-1
2019-04-09 15:36:34.091,10847,10849,10847,1,-1
2019-04-09 15:36:34.110,10847,10849,10847,1,-1
2019-04-09 15:36:34.185,10847,10849,10847,1,-1
2019-04-09 15:36:34.205,10847,10849,10847,1,-1
2019-04-09 15:36:34.219,10847,10849,10847,1,-1
2019-04-09 15:36:34.643,10847,10849,10847,1,-1
2019-04-09 15:36:34.693,10847,10849,10847,1,-1
2019-04-09 15:36:34.803,10847,10849,10847,1,-1
2019-04-09 15:36:34.996,10847,10848,10848,1,1
2019-04-09 15:36:35.014,10847,10848,10847,1,-1
2019-04-09 15:36:35.094,10847,10848,10847,1,-1
2019-04-09 15:36:35.357,10847,10848,10847,1,-1
2019-04-09 15:36:35.388,10847,10848,10847,1,-1
2019-04-09 15:36:35.512,10847,10848,10847,1,-1
2019-04-09 15:36:35.519,10847,10848,10847,1,-1
2019-04-09 15:36:35.585,10847,10848,10847,1,-1
2019-04-09 15:36:35.631,10847,10848,10848,1,1
2019-04-09 15:36:35.914,10847,10848,10847,1,-1
2019-04-09 15:36:35.920,10847,10848,10847,1,-1
2019-04-09 15:36:35.969,10847,10848,10847,1,-1
2019-04-09 15:36:35.984,10847,10848,10847,1,-1
2019-04-09 15:36:35.984,10847,10848,10847,1,-1
2019-04-09 15:36:36.469,10847,10848,10847,1,-1
2019-04-09 15:36:36.633,10847,10848,10847,1,-1
2019-04-09 15:36:36.640,10847,10848,10847,1,-1
2019-04-09 15:36:36.665,10847,10848,10847,1,-1
2019-04-09 15:36:36.728,10847,10848,10847,1,-1
2019-04-09 15:36:36.757,10847,10848,10847,1,-1
2019-04-09 15:36:36.814,10847,10848,10847,1,-1
2019-04-09 15:36:36.950,10847,10848,10847,1,-1
2019-04-09 15:36:36.961,10847,10848,10847,1,-1
2019-04-09 15:36:37.124,10847,10848,10847,1,-1
2019-04-09 15:36:37.152,10847,10848,10847,1,-1
2019-04-09 15:36:37.206,10847,10848,10847,1,-1
2019-04-09 15:36:37.299,10847,10848,10847,1,-1
2019-04-09 15:36:37.747,10847,10848,10847,1,-1
2019-04-09 15:36:37.788,10847,10848,10847,1,-1
2019-04-09 15:36:37.841,10847,10848,10846,1,-1
2019-04-09 15:36:37.932,10846,10848,10846,1,-1
2019-04-09 15:36:38.071,10846,10847,10846,1,-1
2019-04-09 15:36:38.096,10846,10847,10846,1,-1
2019-04-09 15:36:38.150,10846,10847,10846,1,-1
2019-04-09 15:36:38.189,10846,10847,10846,1,-1
2019-04-09 15:36:38.461,10846,10847,10846,1,-1
2019-04-09 15:36:38.504,10846,10847,10846,1,-1
2019-04-09 15:36:38.651,10846,10847,10846,1,-1
2019-04-09 15:36:38.672,10846,10847,10846,1,-1
2019-04-09 15:36:38.769,10846,10847,10846,1,-1
2019-04-09 15:36:38.874,10846,10847,10846,1,-1
2019-04-09 15:36:39.435,10846,10847,10847,1,1
2019-04-09 15:36:40.538,10846,10847,10847,1,1
2019-04-09 15:36:40.965,10846,10847,10847,2,2
2019-04-09 15:37:03.472,10847,10848,10848,4,4
2019-04-09 15:37:23.462,10848,10849,10849,5,5
2019-04-09 15:37:31.132,10848,10849,10848,3,-3
2019-04-09 15:37:33.668,10848,10849,10849,1,1
2019-04-09 15:38:25.394,10848,10849,10849,1,1
2019-04-09 15:38:57.564,10848,10849,10848,1,-1
2019-04-09 15:39:02.353,10848,10849,10849,1,1
2019-04-09 15:39:17.982,10848,10849,10849,5,5
2019-04-09 15:39:22.870,10848,10849,10849,2,2
2019-04-09 15:39:27.519,10848,10849,10849,1,1
2019-04-09 15:39:27.644,10848,10849,10849,7,7
2019-04-09 15:39:27.644,10848,10849,10849,1,1
2019-04-09 15:39:27.769,10848,10849,10849,2,2
2019-04-09 15:39:27.769,10848,10849,10849,2,2
2019-04-09 15:39:27.769,10848,10849,10849,2,2
2019-04-09 15:39:27.769,10848,10849,10849,3,3
2019-04-09 15:39:27.769,10848,10849,10849,1,1
2019-04-09 15:39:27.894,10848,10849,10849,2,2
2019-04-09 15:39:27.894,10848,10849,10849,1,1
2019-04-09 15:39:36.982,10849,10850,10849,5,-5
2019-04-09 15:40:01.953,10849,10850,10849,1,-1
2019-04-09 15:40:02.457,10849,10850,10850,1,1
2019-04-09 15:40:04.997,10849,10850,10849,2,-2
2019-04-09 15:40:14.234,10849,10850,10850,16,16
2019-04-09 15:40:59.655,10849,10850,10850,2,2
2019-04-09 15:41:11.163,10849,10850,10850,1,1
2019-04-09 15:41:14.052,10849,10850,10850,3,3
2019-04-09 15:41:16.501,10849,10850,10850,6,6
2019-04-09 15:41:17.233,10850,10851,10850,5,-5
2019-04-09 15:41:24.627,10849,10850,10850,1,1
2019-04-09 15:41:36.873,10849,10850,10849,1,-1
2019-04-09 15:41:37.366,10849,10850,10849,1,-1
2019-04-09 15:41:37.995,10849,10850,10849,1,-1
2019-04-09 15:41:39.118,10849,10850,10849,1,-1
2019-04-09 15:41:41.019,10849,10850,10849,1,-1
2019-04-09 15:41:41.144,10849,10850,10849,9,-9
2019-04-09 15:41:46.911,10849,10850,10850,2,2
2019-04-09 15:41:51.355,10849,10850,10849,1,-1
2019-04-09 15:41:53.612,10849,10850,10849,1,-1
2019-04-09 15:41:53.616,10849,10850,10849,1,-1
2019-04-09 15:41:53.648,10849,10850,10849,1,-1
2019-04-09 15:41:53.656,10849,10850,10849,1,-1
2019-04-09 15:41:53.722,10849,10850,10849,1,-1
2019-04-09 15:41:53.894,10849,10850,10849,1,-1
2019-04-09 15:41:53.895,10849,10850,10849,4,-4
2019-04-09 15:41:53.912,10849,10850,10849,1,-1
2019-04-09 15:41:53.912,10849,10850,10849,1,-1
2019-04-09 15:41:53.922,10849,10850,10849,4,-4
2019-04-09 15:41:53.979,10849,10850,10849,1,-1
2019-04-09 15:41:54.019,10849,10850,10849,4,-4
2019-04-09 15:41:54.558,10849,10850,10849,1,-1
2019-04-09 15:41:54.604,10849,10850,10849,1,-1
2019-04-09 15:41:54.604,10849,10850,10849,1,-1
2019-04-09 15:41:54.605,10849,10850,10849,1,-1
2019-04-09 15:41:54.644,10849,10850,10849,4,-4
2019-04-09 15:41:54.645,10849,10850,10849,6,-6
2019-04-09 15:41:54.645,10849,10850,10849,1,-1
2019-04-09 15:41:54.759,10849,10850,10848,1,-1
2019-04-09 15:41:54.805,10848,10850,10848,1,-1
2019-04-09 15:41:55.604,10848,10849,10848,1,-1
2019-04-09 15:41:55.659,10848,10849,10848,1,-1
2019-04-09 15:41:55.659,10848,10849,10848,1,-1
2019-04-09 15:41:55.705,10848,10849,10848,1,-1
2019-04-09 15:41:55.705,10848,10849,10848,1,-1
2019-04-09 15:43:03.490,10848,10849,10849,6,6
2019-04-09 15:43:03.797,10849,10850,10850,1,1
2019-04-09 15:43:03.826,10849,10850,10850,1,1
2019-04-09 15:43:04.328,10849,10850,10850,1,1
2019-04-09 15:43:10.175,10849,10850,10850,3,3
2019-04-09 15:43:10.408,10850,10851,10850,2,-2
2019-04-09 15:43:11.619,10849,10850,10850,1,1
2019-04-09 15:43:28.801,10849,10850,10850,1,1
2019-04-09 15:43:33.106,10849,10850,10850,6,6
2019-04-09 15:43:54.512,10849,10850,10849,5,-5
2019-04-09 15:43:56.489,10849,10850,10849,2,-2
2019-04-09 15:43:59.371,10849,10850,10849,2,-2
2019-04-09 15:44:11.011,10849,10850,10850,1,1
2019-04-09 15:44:21.899,10849,10850,10850,1,1
2019-04-09 15:44:58.011,10849,10850,10850,1,1
2019-04-09 15:44:58.102,10849,10850,10850,5,5
2019-04-09 15:44:58.400,10850,10851,10850,5,-5
2019-04-09 15:45:19.906,10849,10850,10850,2,2
2019-04-09 15:45:20.117,10849,10850,10850,2,2
2019-04-09 15:45:20.152,10849,10850,10850,1,1
2019-04-09 15:45:21.463,10849,10850,10850,1,1
2019-04-09 15:46:03.096,10850,10851,10851,10,10
2019-04-09 15:46:03.283,10850,10851,10851,3,3
2019-04-09 15:46:08.865,10850,10851,10851,1,1
2019-04-09 15:46:14.417,10850,10851,10851,2,2
2019-04-09 15:46:21.444,10850,10851,10851,1,1
2019-04-09 15:46:23.331,10850,10851,10851,1,1
2019-04-09 15:46:28.394,10850,10851,10851,1,1
2019-04-09 15:46:31.297,10850,10851,10851,1,1
2019-04-09 15:46:31.394,10850,10851,10851,1,1
2019-04-09 15:46:43.490,10851,10852,10851,4,-4
2019-04-09 15:46:57.688,10850,10851,10851,2,2
2019-04-09 15:47:02.122,10850,10851,10851,18,18
2019-04-09 15:47:11.659,10851,10852,10851,1,-1
2019-04-09 15:47:35.597,10851,10852,10851,1,-1
2019-04-09 15:47:40.511,10851,10852,10852,2,2
2019-04-09 15:47:46.859,10851,10852,10851,6,-6
2019-04-09 15:48:08.208,10851,10852,10851,1,-1
2019-04-09 15:48:09.311,10851,10852,10851,1,-1
2019-04-09 15:48:36.128,10851,10852,10852,1,1
2019-04-09 15:48:44.917,10851,10852,10852,1,1
2019-04-09 15:48:52.511,10851,10852,10852,1,1
2019-04-09 15:49:01.404,10851,10852,10851,1,-1
2019-04-09 15:49:07.448,10851,10852,10852,1,1
2019-04-09 15:49:30.098,10851,10852,10852,1,1
2019-04-09 15:49:33.039,10851,10852,10852,4,4
2019-04-09 15:49:46.981,10851,10852,10851,1,-1
2019-04-09 15:49:52.650,10851,10852,10852,1,1
2019-04-09 15:49:55.453,10851,10852,10852,18,18
2019-04-09 15:49:55.583,10852,10853,10853,1,1
2019-04-09 15:49:56.461,10852,10853,10852,1,-1
2019-04-09 15:50:29.381,10852,10853,10853,1,1
2019-04-09 15:50:52.509,10852,10853,10853,1,1
2019-04-09 15:50:53.173,10852,10853,10852,10,-10
2019-04-09 15:51:02.390,10852,10853,10852,1,-1
2019-04-09 15:51:03.471,10852,10853,10852,2,-2
2019-04-09 15:51:03.519,10852,10853,10852,1,-1
2019-04-09 15:51:03.882,10852,10853,10852,9,-9
2019-04-09 15:51:03.894,10852,10853,10852,3,-3
2019-04-09 15:51:05.525,10852,10853,10852,1,-1
2019-04-09 15:51:08.482,10852,10853,10852,2,-2
2019-04-09 15:51:11.068,10852,10853,10852,3,-3
2019-04-09 15:51:11.372,10852,10853,10852,1,-1
2019-04-09 15:51:11.648,10852,10853,10852,1,-1
2019-04-09 15:51:11.653,10852,10853,10852,2,-2
2019-04-09 15:51:11.656,10852,10853,10852,1,-1
2019-04-09 15:51:11.656,10852,10853,10852,2,-2
2019-04-09 15:51:11.656,10852,10853,10852,1,-1
2019-04-09 15:51:35.852,10851,10852,10852,1,1
2019-04-09 15:51:45.870,10851,10852,10852,1,1
2019-04-09 15:52:25.267,10851,10852,10852,1,1
2019-04-09 15:52:33.264,10851,10852,10852,2,2
2019-04-09 15:52:37.655,10851,10852,10852,5,5
2019-04-09 15:52:50.896,10851,10852,10852,2,2
2019-04-09 15:53:10.939,10851,10852,10851,1,-1
2019-04-09 15:53:12.880,10851,10852,10852,2,2
2019-04-09 15:53:56.391,10851,10852,10852,1,1
2019-04-09 15:54:01.513,10851,10852,10852,1,1
2019-04-09 15:54:01.519,10851,10852,10852,1,1
2019-04-09 15:54:01.581,10851,10852,10852,1,1
2019-04-09 15:54:01.582,10851,10852,10852,3,3
2019-04-09 15:54:01.582,10851,10852,10852,2,2
2019-04-09 15:54:01.644,10851,10852,10852,2,2
2019-04-09 15:54:19.447,10852,10853,10852,1,-1
2019-04-09 15:54:20.563,10852,10853,10852,1,-1
2019-04-09 15:55:03.053,10852,10853,10853,1,1
2019-04-09 15:55:28.522,10852,10853,10852,1,-1
2019-04-09 15:55:31.689,10852,10853,10853,1,1
2019-04-09 15:55:36.244,10852,10853,10852,1,-1
2019-04-09 15:55:41.074,10852,10853,10852,1,-1
2019-04-09 15:55:41.760,10852,10853,10853,1,1
2019-04-09 15:56:05.677,10852,10853,10853,1,1
2019-04-09 15:56:07.369,10852,10853,10853,1,1
2019-04-09 15:56:12.473,10852,10853,10853,1,1
2019-04-09 15:56:14.365,10852,10853,10853,1,1
2019-04-09 15:56:16.546,10852,10853,10853,1,1
2019-04-09 15:56:28.728,10852,10853,10853,1,1
2019-04-09 15:56:58.577,10852,10853,10853,1,1
2019-04-09 15:57:02.485,10852,10853,10853,1,1
2019-04-09 15:57:03.094,10852,10853,10853,1,1
2019-04-09 15:57:12.483,10852,10853,10853,1,1
2019-04-09 15:57:14.270,10852,10853,10853,1,1
2019-04-09 15:57:15.133,10852,10853,10853,1,1
2019-04-09 15:57:20.266,10852,10853,10853,2,2
2019-04-09 15:57:21.923,10852,10853,10853,3,3
2019-04-09 15:57:22.383,10852,10853,10853,2,2
2019-04-09 15:57:32.349,10852,10853,10853,1,1
2019-04-09 15:57:33.669,10852,10853,10853,1,1
2019-04-09 15:57:34.613,10852,10853,10853,1,1
2019-04-09 15:57:34.966,10852,10853,10853,1,1
2019-04-09 15:57:39.239,10852,10853,10853,1,1
2019-04-09 15:57:40.094,10852,10853,10853,1,1
2019-04-09 15:57:42.274,10852,10853,10853,1,1
2019-04-09 15:57:42.406,10852,10853,10853,1,1
2019-04-09 15:57:42.723,10852,10853,10852,1,-1
2019-04-09 15:57:48.769,10852,10853,10853,10,10
2019-04-09 15:57:50.484,10853,10854,10853,2,-2
2019-04-09 15:57:56.231,10853,10854,10854,1,1
2019-04-09 15:57:56.307,10853,10854,10854,5,5
2019-04-09 15:57:56.474,10853,10854,10854,5,5
2019-04-09 15:58:09.329,10853,10854,10853,4,-4
2019-04-09 15:58:32.114,10852,10853,10852,5,-5
2019-04-09 15:58:38.545,10852,10853,10852,1,-1
2019-04-09 15:58:42.270,10852,10853,10852,1,-1
2019-04-09 15:58:44.395,10852,10853,10853,2,2
2019-04-09 15:58:45.590,10852,10853,10852,1,-1
2019-04-09 15:58:50.046,10852,10853,10853,1,1
2019-04-09 15:59:12.098,10852,10853,10852,1,-1
2019-04-09 15:59:14.724,10852,10853,10853,2,2
2019-04-09 15:59:17.082,10852,10853,10853,1,1
2019-04-09 15:59:21.247,10852,10853,10852,2,-2
2019-04-09 15:59:33.029,10852,10853,10852,1,-1
2019-04-09 15:59:37.611,10852,10853,10852,1,-1
2019-04-09 15:59:44.894,10852,10853,10852,1,-1
2019-04-09 15:59:46.460,10852,10853,10853,1,1
2019-04-09 16:00:03.775,10852,10853,10853,5,5
2019-04-09 16:00:03.787,10852,10853,10853,6,6
2019-04-09 16:00:03.788,10852,10853,10853,1,1
2019-04-09 16:00:03.894,10852,10853,10853,4,4
2019-04-09 16:00:03.894,10852,10853,10853,7,7
2019-04-09 16:00:03.990,10852,10853,10854,2,2
2019-04-09 16:00:04.200,10853,10854,10854,1,1
2019-04-09 16:00:04.460,10853,10854,10854,1,1
2019-04-09 16:00:04.472,10853,10854,10854,1,1
2019-04-09 16:00:04.587,10853,10854,10853,1,-1
2019-04-09 16:00:04.598,10853,10854,10853,1,-1
2019-04-09 16:00:04.598,10853,10854,10853,1,-1
2019-04-09 16:00:06.705,10853,10854,10853,1,-1
2019-04-09 16:00:06.960,10853,10854,10854,1,1
2019-04-09 16:00:16.637,10853,10854,10854,1,1
2019-04-09 16:00:23.202,10853,10854,10854,5,5
2019-04-09 16:00:32.287,10853,10854,10854,1,1
2019-04-09 16:00:46.297,10853,10854,10854,3,3
2019-04-09 16:00:50.016,10853,10854,10854,1,1
2019-04-09 16:01:00.079,10853,10854,10854,1,1
2019-04-09 16:01:05.075,10853,10854,10854,1,1
2019-04-09 16:01:09.665,10853,10854,10854,1,1
2019-04-09 16:01:15.348,10853,10854,10853,1,-1
2019-04-09 16:01:16.284,10853,10854,10854,1,1
2019-04-09 16:01:21.987,10853,10854,10853,2,-2
2019-04-09 16:01:22.121,10853,10854,10854,1,1
2019-04-09 16:01:23.748,10853,10854,10854,1,1
2019-04-09 16:01:34.340,10853,10854,10853,1,-1
2019-04-09 16:01:46.788,10853,10854,10853,1,-1
2019-04-09 16:01:50.642,10853,10854,10854,1,1
2019-04-09 16:01:51.771,10853,10854,10854,1,1
2019-04-09 16:01:53.606,10853,10854,10853,2,-2
2019-04-09 16:01:57.816,10853,10854,10854,1,1
2019-04-09 16:01:58.042,10853,10854,10854,1,1
2019-04-09 16:01:58.986,10853,10854,10853,1,-1
2019-04-09 16:02:03.218,10853,10854,10854,1,1
2019-04-09 16:02:04.185,10853,10854,10854,1,1
2019-04-09 16:02:12.668,10853,10854,10853,1,-1
2019-04-09 16:02:13.583,10853,10854,10854,5,5
2019-04-09 16:02:23.697,10853,10854,10854,1,1
2019-04-09 16:02:27.222,10853,10854,10854,1,1
2019-04-09 16:02:29.099,10853,10854,10853,1,-1
2019-04-09 16:02:29.919,10853,10854,10854,1,1
2019-04-09 16:02:41.896,10853,10854,10853,9,-9
2019-04-09 16:02:54.924,10853,10854,10853,2,-2
2019-04-09 16:02:54.972,10853,10854,10853,1,-1
2019-04-09 16:02:54.985,10853,10854,10853,1,-1
2019-04-09 16:02:55.003,10853,10854,10853,2,-2
2019-04-09 16:02:55.019,10853,10854,10853,2,-2
2019-04-09 16:02:55.019,10853,10854,10853,24,-24
2019-04-09 16:02:55.019,10853,10854,10853,2,-2
2019-04-09 16:02:55.364,10852,10853,10853,20,20
2019-04-09 16:03:00.842,10852,10853,10852,1,-1
2019-04-09 16:03:10.501,10852,10853,10852,1,-1
2019-04-09 16:03:16.057,10852,10853,10852,1,-1
2019-04-09 16:03:22.982,10852,10853,10852,3,-3
2019-04-09 16:03:39.874,10852,10853,10852,1,-1
2019-04-09 16:03:43.626,10852,10853,10852,1,-1
2019-04-09 16:04:11.359,10852,10853,10853,3,3
2019-04-09 16:04:46.226,10852,10853,10853,7,7
2019-04-09 16:04:59.754,10853,10854,10853,1,-1
2019-04-09 16:05:00.220,10853,10854,10854,1,1
2019-04-09 16:05:03.531,10853,10854,10853,1,-1
2019-04-09 16:05:14.755,10853,10854,10854,4,4
2019-04-09 16:05:14.769,10853,10854,10854,8,8
2019-04-09 16:05:14.894,10853,10854,10854,8,8
2019-04-09 16:05:15.190,10854,10855,10854,5,-5
2019-04-09 16:05:27.090,10853,10854,10854,4,4
2019-04-09 16:05:33.843,10854,10855,10854,4,-4
2019-04-09 16:05:34.885,10854,10855,10854,1,-1
2019-04-09 16:05:35.514,10854,10855,10854,1,-1
2019-04-09 16:05:38.219,10853,10854,10854,3,3
2019-04-09 16:05:38.219,10853,10854,10855,1,1
2019-04-09 16:05:38.360,10853,10855,10853,2,-2
2019-04-09 16:05:38.482,10853,10855,10855,1,1
2019-04-09 16:05:38.501,10853,10855,10855,1,1
2019-04-09 16:05:49.148,10853,10854,10854,1,1
2019-04-09 16:05:58.551,10853,10854,10854,1,1
2019-04-09 16:06:09.585,10853,10854,10854,2,2
2019-04-09 16:06:21.646,10854,10855,10854,1,-1
2019-04-09 16:06:25.425,10854,10855,10854,5,-5
2019-04-09 16:06:39.861,10854,10855,10854,1,-1
2019-04-09 16:06:40.715,10854,10855,10854,5,-5
2019-04-09 16:06:41.241,10854,10855,10854,1,-1
2019-04-09 16:07:15.186,10854,10855,10854,3,-3
2019-04-09 16:07:19.369,10854,10855,10854,1,-1
2019-04-09 16:07:43.354,10854,10855,10854,1,-1
2019-04-09 16:07:55.925,10854,10855,10854,1,-1
2019-04-09 16:08:11.023,10854,10855,10855,6,6
2019-04-09 16:08:11.144,10854,10855,10855,6,6
2019-04-09 16:08:11.508,10854,10855,10855,1,1
2019-04-09 16:08:11.509,10854,10855,10855,4,4
2019-04-09 16:08:11.509,10854,10855,10855,2,2
2019-04-09 16:08:11.510,10854,10855,10855,1,1
2019-04-09 16:08:11.510,10854,10855,10855,4,4
2019-04-09 16:08:11.510,10854,10855,10855,6,6
2019-04-09 16:08:11.510,10854,10855,10855,1,1
2019-04-09 16:08:11.510,10854,10855,10855,6,6
2019-04-09 16:08:11.512,10854,10855,10855,7,7
2019-04-09 16:08:11.514,10854,10855,10855,1,1
2019-04-09 16:08:11.519,10854,10855,10855,4,4
2019-04-09 16:08:11.520,10854,10855,10855,1,1
2019-04-09 16:08:11.520,10854,10855,10855,4,4
2019-04-09 16:08:11.647,10855,10856,10856,6,6
2019-04-09 16:08:12.145,10855,10856,10856,1,1
2019-04-09 16:08:12.540,10855,10856,10856,3,3
2019-04-09 16:08:19.499,10855,10856,10856,1,1
2019-04-09 16:08:20.562,10855,10856,10855,1,-1
2019-04-09 16:08:43.840,10855,10856,10856,1,1
2019-04-09 16:08:44.390,10855,10856,10856,5,5
2019-04-09 16:08:44.502,10855,10856,10856,1,1
2019-04-09 16:08:44.599,10855,10856,10856,3,3
2019-04-09 16:08:44.644,10855,10856,10856,1,1
2019-04-09 16:08:44.927,10855,10857,10857,1,1
2019-04-09 16:08:45.084,10855,10857,10857,3,3
2019-04-09 16:08:45.306,10856,10857,10857,1,1
2019-04-09 16:08:45.477,10855,10857,10857,1,1
2019-04-09 16:08:45.591,10856,10857,10857,1,1
2019-04-09 16:08:46.945,10855,10857,10855,1,-1
2019-04-09 16:08:49.407,10855,10857,10857,3,3
2019-04-09 16:08:50.946,10855,10856,10856,1,1
2019-04-09 16:08:51.522,10855,10856,10856,4,4
2019-04-09 16:08:55.095,10855,10856,10856,1,1
2019-04-09 16:08:56.821,10855,10856,10856,1,1
2019-04-09 16:08:58.887,10855,10856,10856,11,11
2019-04-09 16:09:02.300,10856,10857,10856,1,-1
2019-04-09 16:09:05.711,10856,10857,10856,1,-1
2019-04-09 16:09:22.282,10856,10857,10857,3,3
2019-04-09 16:09:23.760,10856,10857,10857,1,1
2019-04-09 16:09:30.363,10856,10857,10857,1,1
2019-04-09 16:09:30.498,10856,10857,10857,2,2
2019-04-09 16:09:34.142,10856,10857,10857,3,3
2019-04-09 16:09:36.609,10857,10858,10857,1,-1
2019-04-09 16:09:44.653,10856,10857,10857,1,1
2019-04-09 16:09:47.979,10856,10857,10857,1,1
2019-04-09 16:09:51.878,10856,10857,10857,1,1
2019-04-09 16:09:53.053,10856,10857,10857,4,4
2019-04-09 16:09:56.105,10856,10857,10857,2,2
2019-04-09 16:09:57.444,10856,10857,10857,1,1
2019-04-09 16:10:00.165,10856,10857,10857,6,6
2019-04-09 16:10:00.544,10856,10857,10857,3,3
2019-04-09 16:10:03.812,10856,10857,10857,1,1
2019-04-09 16:10:12.338,10856,10857,10857,1,1
2019-04-09 16:10:17.850,10856,10857,10857,4,4
2019-04-09 16:10:20.570,10856,10857,10857,1,1
2019-04-09 16:10:21.404,10856,10857,10856,1,-1
2019-04-09 16:10:26.210,10856,10857,10856,1,-1
2019-04-09 16:10:57.388,10856,10857,10856,3,-3
2019-04-09 16:10:59.049,10856,10857,10857,1,1
2019-04-09 16:11:03.554,10856,10857,10857,1,1
2019-04-09 16:11:06.175,10856,10857,10857,9,9
2019-04-09 16:11:06.561,10856,10857,10857,1,1
2019-04-09 16:11:08.514,10856,10857,10857,4,4
2019-04-09 16:11:13.359,10856,10857,10857,1,1
2019-04-09 16:11:15.566,10856,10857,10857,1,1
2019-04-09 16:11:17.802,10856,10857,10857,3,3
2019-04-09 16:11:17.802,10856,10857,10858,1,1
2019-04-09 16:11:17.933,10856,10858,10857,1,-1
2019-04-09 16:11:17.933,10856,10858,10858,1,1
2019-04-09 16:11:18.042,10856,10858,10857,1,-1
2019-04-09 16:11:18.148,10857,10858,10858,1,1
2019-04-09 16:11:19.179,10856,10857,10857,1,1
2019-04-09 16:11:19.645,10856,10857,10857,1,1
2019-04-09 16:11:20.569,10856,10857,10857,1,1
2019-04-09 16:11:22.948,10856,10857,10857,2,2
2019-04-09 16:11:26.837,10856,10857,10857,4,4
2019-04-09 16:11:33.379,10856,10857,10857,1,1
2019-04-09 16:11:33.845,10856,10857,10857,1,1
2019-04-09 16:11:34.906,10857,10858,10857,4,-4
2019-04-09 16:11:42.876,10856,10857,10856,2,-2
2019-04-09 16:11:46.601,10856,10857,10857,1,1
2019-04-09 16:11:49.225,10856,10857,10857,1,1
2019-04-09 16:11:51.089,10856,10857,10857,1,1
2019-04-09 16:11:53.618,10856,10857,10857,11,11
2019-04-09 16:12:25.429,10857,10858,10857,5,-5
2019-04-09 16:12:35.088,10857,10858,10857,10,-10
2019-04-09 16:12:51.392,10857,10858,10857,1,-1
2019-04-09 16:12:53.054,10857,10858,10858,1,1
2019-04-09 16:13:08.310,10857,10858,10857,3,-3
2019-04-09 16:13:09.105,10857,10858,10857,1,-1
2019-04-09 16:13:12.384,10857,10858,10857,9,-9
2019-04-09 16:13:12.750,10857,10858,10858,1,1
2019-04-09 16:13:13.714,10857,10858,10857,6,-6
2019-04-09 16:13:19.427,10857,10858,10857,7,-7
2019-04-09 16:13:20.321,10857,10858,10857,2,-2
2019-04-09 16:13:27.030,10857,10858,10857,1,-1
2019-04-09 16:13:31.317,10857,10858,10857,3,-3
2019-04-09 16:13:33.797,10857,10858,10857,1,-1
2019-04-09 16:13:38.506,10856,10857,10857,1,1
2019-04-09 16:13:48.686,10856,10857,10857,1,1
2019-04-09 16:14:13.340,10856,10857,10856,1,-1
2019-04-09 16:14:16.443,10856,10857,10856,1,-1
2019-04-09 16:14:41.572,10856,10857,10856,1,-1
2019-04-09 16:14:47.269,10856,10857,10856,1,-1
2019-04-09 16:14:51.923,10856,10857,10857,1,1
2019-04-09 16:14:56.880,10856,10857,10856,1,-1
2019-04-09 16:15:00.476,10856,10857,10856,1,-1
2019-04-09 16:15:00.618,10856,10857,10857,1,1
2019-04-09 16:15:00.731,10856,10857,10857,1,1
2019-04-09 16:15:07.286,10856,10857,10857,2,2
2019-04-09 16:15:10.313,10856,10857,10856,1,-1
2019-04-09 16:15:11.103,10856,10857,10857,1,1
2019-04-09 16:15:16.631,10856,10857,10857,1,1
2019-04-09 16:15:27.369,10856,10857,10857,1,1
2019-04-09 16:15:29.142,10856,10857,10857,1,1
2019-04-09 16:15:32.566,10856,10857,10857,1,1
2019-04-09 16:15:40.737,10856,10857,10857,4,4
2019-04-09 16:15:46.544,10856,10857,10857,1,1
2019-04-09 16:15:56.863,10856,10857,10856,1,-1
2019-04-09 16:15:58.867,10856,10857,10857,1,1
2019-04-09 16:16:01.989,10856,10857,10857,1,1
2019-04-09 16:16:05.467,10856,10857,10857,2,2
2019-04-09 16:16:06.850,10856,10857,10857,1,1
2019-04-09 16:16:09.758,10856,10858,10857,2,-2
2019-04-09 16:16:10.157,10856,10858,10856,1,-1
2019-04-09 16:16:11.693,10856,10857,10857,1,1
2019-04-09 16:16:22.206,10857,10858,10858,1,1
2019-04-09 16:16:22.294,10857,10858,10858,1,1
2019-04-09 16:16:25.545,10857,10858,10857,2,-2
2019-04-09 16:16:36.669,10857,10858,10857,1,-1
2019-04-09 16:16:46.239,10857,10858,10857,10,-10
2019-04-09 16:16:48.240,10857,10858,10858,8,8
2019-04-09 16:16:48.252,10857,10858,10858,1,1
2019-04-09 16:17:06.805,10857,10858,10858,4,4
2019-04-09 16:17:08.004,10857,10858,10858,3,3
2019-04-09 16:17:09.847,10857,10858,10858,1,1
2019-04-09 16:17:12.987,10857,10858,10857,1,-1
2019-04-09 16:17:20.142,10857,10858,10857,1,-1
2019-04-09 16:17:31.042,10857,10858,10857,1,-1
2019-04-09 16:17:40.250,10857,10858,10857,10,-10
2019-04-09 16:17:45.716,10857,10858,10858,3,3
2019-04-09 16:17:53.810,10857,10858,10857,1,-1
2019-04-09 16:18:05.733,10857,10858,10858,3,3
2019-04-09 16:18:09.937,10857,10858,10857,1,-1
2019-04-09 16:18:10.870,10857,10858,10857,1,-1
2019-04-09 16:18:41.125,10857,10858,10857,2,-2
2019-04-09 16:18:46.156,10857,10858,10857,1,-1
2019-04-09 16:19:37.557,10857,10858,10858,1,1
2019-04-09 16:19:45.832,10857,10858,10858,1,1
2019-04-09 16:19:54.550,10857,10858,10857,1,-1
2019-04-09 16:19:55.448,10857,10858,10858,48,48
2019-04-09 16:19:55.586,10858,10859,10858,1,-1
2019-04-09 16:19:55.619,10858,10859,10858,1,-1
2019-04-09 16:19:55.631,10858,10859,10858,1,-1
2019-04-09 16:19:55.866,10858,10859,10858,10,-10
2019-04-09 16:19:58.748,10857,10858,10858,10,10
2019-04-09 16:20:00.222,10857,10858,10857,5,-5
2019-04-09 16:20:01.416,10857,10858,10857,5,-5
2019-04-09 16:20:02.835,10857,10858,10857,1,-1
2019-04-09 16:20:11.024,10857,10858,10858,1,1
2019-04-09 16:20:18.231,10857,10858,10858,1,1
2019-04-09 16:20:19.857,10857,10858,10858,1,1
2019-04-09 16:20:24.693,10857,10858,10858,1,1
2019-04-09 16:20:24.842,10857,10858,10858,1,1
2019-04-09 16:20:26.640,10857,10858,10857,1,-1
2019-04-09 16:20:34.584,10857,10858,10858,1,1
2019-04-09 16:20:38.533,10857,10858,10858,1,1
2019-04-09 16:20:44.953,10857,10858,10857,1,-1
2019-04-09 16:20:45.370,10857,10858,10858,1,1
2019-04-09 16:20:50.343,10857,10858,10858,1,1
2019-04-09 16:20:50.776,10857,10858,10858,1,1
2019-04-09 16:20:54.881,10857,10858,10858,1,1
2019-04-09 16:21:02.127,10857,10858,10858,1,1
2019-04-09 16:21:08.109,10857,10858,10858,1,1
2019-04-09 16:21:15.861,10857,10858,10857,1,-1
2019-04-09 16:21:21.371,10857,10858,10857,2,-2
2019-04-09 16:21:22.876,10857,10858,10857,2,-2
2019-04-09 16:21:23.404,10857,10858,10857,1,-1
2019-04-09 16:21:32.214,10857,10858,10857,1,-1
2019-04-09 16:21:35.335,10857,10858,10857,1,-1
2019-04-09 16:21:42.067,10857,10858,10857,3,-3
2019-04-09 16:21:44.359,10857,10858,10857,1,-1
2019-04-09 16:21:44.497,10857,10858,10857,1,-1
2019-04-09 16:21:44.883,10857,10858,10857,2,-2
2019-04-09 16:21:45.193,10857,10858,10857,3,-3
2019-04-09 16:21:45.394,10857,10858,10857,1,-1
2019-04-09 16:21:45.395,10857,10858,10857,10,-10
2019-04-09 16:21:58.846,10856,10857,10856,1,-1
2019-04-09 16:22:13.190,10856,10857,10857,7,7
2019-04-09 16:22:22.420,10856,10857,10857,1,1
2019-04-09 16:22:41.927,10856,10857,10857,1,1
2019-04-09 16:22:47.362,10856,10857,10857,2,2
2019-04-09 16:22:50.416,10856,10857,10857,1,1
2019-04-09 16:22:50.885,10856,10857,10857,1,1
2019-04-09 16:22:51.345,10856,10857,10857,1,1
2019-04-09 16:22:59.055,10856,10857,10856,1,-1
2019-04-09 16:23:00.623,10856,10857,10856,1,-1
2019-04-09 16:23:02.269,10856,10857,10856,23,-23
2019-04-09 16:23:02.379,10856,10857,10856,6,-6
2019-04-09 16:23:02.394,10856,10857,10856,2,-2
2019-04-09 16:23:02.394,10856,10857,10856,3,-3
2019-04-09 16:23:02.394,10856,10857,10856,8,-8
2019-04-09 16:23:02.395,10856,10857,10856,2,-2
2019-04-09 16:23:02.395,10856,10857,10856,1,-1
2019-04-09 16:23:23.235,10855,10856,10855,1,-1
2019-04-09 16:23:25.505,10855,10856,10855,1,-1
2019-04-09 16:23:34.064,10855,10856,10855,1,-1
2019-04-09 16:23:40.449,10855,10856,10855,1,-1
2019-04-09 16:23:40.984,10855,10856,10855,4,-4
2019-04-09 16:24:02.399,10855,10856,10856,5,5
2019-04-09 16:24:37.761,10856,10857,10856,1,-1
2019-04-09 16:24:39.142,10856,10857,10856,1,-1
2019-04-09 16:24:39.697,10856,10857,10856,1,-1
2019-04-09 16:25:03.215,10856,10857,10857,1,1
2019-04-09 16:25:03.540,10856,10857,10857,1,1
2019-04-09 16:25:13.289,10856,10857,10857,1,1
2019-04-09 16:25:13.394,10856,10857,10857,17,17
2019-04-09 16:25:13.519,10856,10857,10857,3,3
2019-04-09 16:25:13.519,10856,10857,10857,2,2
2019-04-09 16:25:14.341,10857,10858,10857,1,-1
2019-04-09 16:26:08.714,10857,10858,10857,2,-2
2019-04-09 16:26:25.436,10857,10858,10858,1,1
2019-04-09 16:26:26.177,10857,10858,10858,1,1
2019-04-09 16:26:36.409,10857,10858,10858,1,1
2019-04-09 16:26:36.546,10857,10858,10858,1,1
2019-04-09 16:26:44.554,10857,10858,10858,3,3
2019-04-09 16:26:45.235,10857,10858,10858,1,1
2019-04-09 16:27:13.207,10857,10858,10858,3,3
2019-04-09 16:27:20.695,10857,10858,10858,1,1
2019-04-09 16:27:22.066,10857,10858,10858,1,1
2019-04-09 16:27:29.760,10857,10858,10858,1,1
2019-04-09 16:27:32.146,10857,10858,10857,10,-10
2019-04-09 16:27:44.408,10857,10858,10857,1,-1
2019-04-09 16:28:03.625,10857,10858,10857,1,-1
2019-04-09 16:28:34.981,10857,10858,10858,5,5
2019-04-09 16:28:37.648,10857,10858,10858,10,10
2019-04-09 16:28:38.269,10857,10858,10858,1,1
2019-04-09 16:28:38.270,10857,10858,10858,6,6
2019-04-09 16:28:38.857,10858,10859,10858,7,-7
2019-04-09 16:28:38.858,10858,10859,10858,3,-3
2019-04-09 16:28:39.185,10858,10859,10858,2,-2
2019-04-09 16:28:54.919,10858,10859,10859,1,1
2019-04-09 16:28:55.134,10858,10859,10859,1,1
2019-04-09 16:28:55.420,10858,10859,10859,1,1
2019-04-09 16:28:56.620,10858,10859,10858,1,-1
2019-04-09 16:29:06.809,10858,10859,10858,1,-1
2019-04-09 16:29:21.042,10858,10859,10858,2,-2
2019-04-09 16:29:22.198,10858,10859,10858,5,-5
2019-04-09 16:29:23.893,10858,10859,10858,1,-1
2019-04-09 16:29:26.152,10858,10859,10858,5,-5
2019-04-09 16:29:29.785,10858,10859,10858,1,-1
2019-04-09 16:29:38.582,10857,10858,10858,1,1
2019-04-09 16:29:38.582,10857,10858,10858,1,1
2019-04-09 16:29:40.391,10858,10859,10858,3,-3
2019-04-09 16:29:42.156,10857,10858,10858,1,1
2019-04-09 16:29:51.125,10857,10858,10858,1,1
2019-04-09 16:29:54.628,10857,10858,10858,1,1
2019-04-09 16:29:57.106,10858,10859,10858,1,-1
2019-04-09 16:30:00.723,10858,10859,10858,1,-1
2019-04-09 16:30:10.880,10858,10859,10859,1,1
2019-04-09 16:30:20.140,10858,10859,10858,1,-1
2019-04-09 16:30:27.018,10858,10859,10858,5,-5
2019-04-09 16:30:31.418,10858,10859,10858,1,-1
2019-04-09 16:30:34.903,10858,10859,10858,1,-1
2019-04-09 16:30:39.414,10858,10859,10858,5,-5
2019-04-09 16:30:53.758,10858,10859,10858,5,-5
2019-04-09 16:30:56.335,10858,10859,10858,1,-1
2019-04-09 16:30:58.626,10858,10859,10858,2,-2
2019-04-09 16:31:06.558,10857,10858,10858,2,2
2019-04-09 16:31:21.277,10857,10858,10857,1,-1
2019-04-09 16:31:40.084,10857,10858,10858,1,1
2019-04-09 16:31:53.086,10857,10858,10858,2,2
2019-04-09 16:31:53.144,10857,10858,10858,1,1
2019-04-09 16:31:53.144,10857,10858,10858,1,1
2019-04-09 16:31:53.499,10857,10858,10858,1,1
2019-04-09 16:31:53.526,10857,10858,10858,1,1
2019-04-09 16:31:54.148,10857,10858,10858,1,1
2019-04-09 16:31:54.148,10857,10858,10858,1,1
2019-04-09 16:31:54.148,10857,10858,10858,4,4
2019-04-09 16:32:03.251,10858,10859,10858,1,-1
2019-04-09 16:32:04.394,10858,10859,10859,1,1
2019-04-09 16:32:05.191,10858,10859,10859,1,1
2019-04-09 16:32:19.333,10858,10859,10859,1,1
2019-04-09 16:32:27.250,10858,10859,10858,5,-5
2019-04-09 16:32:28.730,10857,10858,10858,1,1
2019-04-09 16:32:33.315,10857,10858,10858,1,1
2019-04-09 16:33:27.406,10858,10859,10859,1,1
2019-04-09 16:34:14.117,10858,10859,10858,5,-5
2019-04-09 16:34:17.796,10858,10859,10858,1,-1
2019-04-09 16:34:19.494,10858,10859,10858,1,-1
2019-04-09 16:34:20.399,10857,10858,10858,1,1
2019-04-09 16:34:24.689,10857,10858,10858,1,1
2019-04-09 16:34:25.497,10857,10858,10857,12,-12
2019-04-09 16:34:28.781,10857,10858,10858,8,8
2019-04-09 16:34:38.259,10857,10858,10858,1,1
2019-04-09 16:34:39.199,10857,10858,10858,1,1
2019-04-09 16:35:00.333,10857,10858,10857,2,-2
2019-04-09 16:35:13.355,10857,10858,10858,1,1
2019-04-09 16:35:17.026,10857,10858,10857,1,-1
2019-04-09 16:35:20.695,10857,10858,10857,3,-3
2019-04-09 16:35:36.350,10857,10858,10857,1,-1
2019-04-09 16:35:36.394,10857,10858,10857,1,-1
2019-04-09 16:35:38.200,10857,10858,10857,1,-1
2019-04-09 16:35:42.577,10857,10858,10857,1,-1
2019-04-09 16:35:44.981,10857,10858,10858,5,5
2019-04-09 16:35:59.556,10857,10858,10857,1,-1
2019-04-09 16:36:23.256,10857,10858,10858,1,1
2019-04-09 16:36:27.117,10857,10858,10857,2,-2
2019-04-09 16:36:35.751,10857,10858,10858,1,1
2019-04-09 16:36:46.425,10857,10858,10858,1,1
2019-04-09 16:36:49.988,10857,10858,10857,1,-1
2019-04-09 16:36:50.314,10857,10858,10857,5,-5
2019-04-09 16:36:54.352,10857,10858,10857,1,-1
2019-04-09 16:36:56.072,10857,10858,10857,1,-1
2019-04-09 16:36:57.618,10857,10858,10857,2,-2
2019-04-09 16:37:02.347,10857,10858,10857,1,-1
2019-04-09 16:37:03.839,10857,10858,10857,7,-7
2019-04-09 16:37:04.825,10856,10857,10856,6,-6
2019-04-09 16:37:11.944,10856,10857,10857,1,1
2019-04-09 16:37:23.959,10856,10857,10856,1,-1
2019-04-09 16:37:29.076,10856,10857,10856,1,-1
2019-04-09 16:37:35.133,10856,10857,10856,1,-1
2019-04-09 16:37:36.720,10856,10857,10856,18,-18
2019-04-09 16:37:47.289,10855,10856,10856,5,5
2019-04-09 16:37:49.123,10855,10856,10856,1,1
2019-04-09 16:37:57.936,10856,10857,10856,1,-1
2019-04-09 16:38:05.483,10856,10857,10856,1,-1
2019-04-09 16:38:31.547,10855,10856,10855,1,-1
2019-04-09 16:38:46.094,10855,10856,10856,5,5
2019-04-09 16:39:05.775,10855,10856,10856,2,2
2019-04-09 16:39:16.636,10855,10856,10856,1,1
2019-04-09 16:39:18.654,10855,10856,10856,1,1
2019-04-09 16:39:22.142,10855,10856,10856,1,1
2019-04-09 16:39:23.815,10855,10856,10856,1,1
2019-04-09 16:39:26.266,10855,10856,10856,1,1
2019-04-09 16:39:28.678,10855,10856,10856,2,2
2019-04-09 16:40:43.719,10856,10857,10857,1,1
2019-04-09 16:40:44.176,10856,10857,10857,2,2
2019-04-09 16:40:45.079,10857,10858,10857,1,-1
2019-04-09 16:40:49.790,10857,10858,10857,1,-1
2019-04-09 16:41:03.296,10856,10857,10857,1,1
2019-04-09 16:41:24.221,10857,10858,10857,1,-1
2019-04-09 16:41:30.282,10857,10858,10857,1,-1
2019-04-09 16:41:32.912,10857,10858,10857,1,-1
2019-04-09 16:41:33.887,10857,10858,10857,1,-1
2019-04-09 16:41:43.034,10856,10857,10857,1,1
2019-04-09 16:42:01.904,10856,10858,10856,1,-1
2019-04-09 16:42:03.174,10857,10858,10858,2,2
2019-04-09 16:42:21.234,10857,10858,10857,1,-1
2019-04-09 16:42:30.290,10857,10858,10858,1,1
2019-04-09 16:42:33.423,10857,10858,10858,1,1
2019-04-09 16:42:34.560,10857,10858,10858,2,2
2019-04-09 16:42:35.339,10857,10858,10858,1,1
2019-04-09 16:42:46.547,10858,10859,10859,2,2
2019-04-09 16:42:46.816,10858,10859,10858,1,-1
2019-04-09 16:42:47.437,10858,10859,10859,1,1
2019-04-09 16:42:48.027,10858,10859,10859,1,1
2019-04-09 16:42:50.458,10858,10859,10859,1,1
2019-04-09 16:42:50.877,10858,10859,10859,1,1
2019-04-09 16:42:50.896,10858,10859,10859,2,2
2019-04-09 16:42:50.898,10858,10859,10859,1,1
2019-04-09 16:42:50.936,10858,10859,10859,1,1
2019-04-09 16:42:50.936,10858,10859,10859,4,4
2019-04-09 16:42:50.936,10858,10859,10859,1,1
2019-04-09 16:42:50.937,10858,10859,10859,4,4
2019-04-09 16:42:50.937,10858,10859,10859,1,1
2019-04-09 16:42:50.937,10858,10859,10859,8,8
2019-04-09 16:42:50.937,10858,10859,10859,4,4
2019-04-09 16:42:51.083,10859,10860,10859,5,-5
2019-04-09 16:42:52.936,10859,10860,10859,1,-1
2019-04-09 16:42:56.375,10859,10860,10859,1,-1
2019-04-09 16:42:56.376,10859,10860,10859,1,-1
2019-04-09 16:43:02.558,10858,10859,10859,1,1
2019-04-09 16:43:12.324,10858,10859,10859,1,1
2019-04-09 16:43:21.539,10858,10859,10858,1,-1
2019-04-09 16:43:29.715,10858,10859,10858,12,-12
2019-04-09 16:43:32.962,10857,10858,10858,1,1
2019-04-09 16:43:42.444,10857,10858,10858,1,1
2019-04-09 16:43:42.536,10857,10858,10858,8,8
2019-04-09 16:43:42.536,10857,10858,10858,5,5
2019-04-09 16:43:54.599,10858,10859,10859,1,1
2019-04-09 16:43:59.359,10858,10859,10859,3,3
2019-04-09 16:44:10.244,10858,10859,10859,1,1
2019-04-09 16:44:13.455,10858,10859,10859,2,2
2019-04-09 16:44:16.122,10858,10859,10859,1,1
2019-04-09 16:44:18.127,10858,10859,10859,2,2
2019-04-09 16:44:19.451,10858,10859,10859,3,3
2019-04-09 16:44:19.451,10858,10859,10859,1,1
2019-04-09 16:44:19.451,10858,10859,10859,4,4
2019-04-09 16:44:19.452,10858,10859,10859,2,2
2019-04-09 16:44:19.454,10858,10859,10859,3,3
2019-04-09 16:44:19.514,10858,10859,10859,2,2
2019-04-09 16:44:19.519,10858,10859,10859,4,4
2019-04-09 16:44:25.586,10859,10860,10860,2,2
2019-04-09 16:44:25.722,10859,10860,10860,2,2
2019-04-09 16:44:25.972,10859,10860,10860,1,1
2019-04-09 16:44:28.784,10859,10860,10859,1,-1
2019-04-09 16:44:28.791,10859,10860,10860,1,1
2019-04-09 16:44:31.776,10859,10860,10860,3,3
2019-04-09 16:44:32.375,10859,10860,10860,3,3
2019-04-09 16:44:32.499,10859,10860,10860,1,1
2019-04-09 16:44:34.915,10859,10860,10860,1,1
2019-04-09 16:44:35.002,10859,10860,10860,2,2
2019-04-09 16:44:35.144,10859,10860,10860,2,2
2019-04-09 16:44:36.016,10859,10860,10860,1,1
2019-04-09 16:44:36.749,10859,10860,10860,1,1
2019-04-09 16:44:36.814,10859,10860,10860,1,1
2019-04-09 16:44:36.991,10859,10860,10860,10,10
2019-04-09 16:44:37.019,10859,10860,10860,2,2
2019-04-09 16:44:37.066,10859,10860,10860,2,2
2019-04-09 16:44:37.068,10859,10860,10860,4,4
2019-04-09 16:44:37.069,10859,10860,10860,3,3
2019-04-09 16:44:37.069,10859,10860,10860,2,2
2019-04-09 16:44:37.119,10859,10860,10860,3,3
2019-04-09 16:44:37.128,10859,10860,10860,5,5
2019-04-09 16:44:37.144,10859,10860,10860,8,8
2019-04-09 16:44:37.145,10859,10860,10860,2,2
2019-04-09 16:44:37.269,10859,10860,10860,1,1
2019-04-09 16:44:41.524,10860,10861,10861,1,1
2019-04-09 16:44:41.751,10860,10861,10861,1,1
2019-04-09 16:44:41.765,10860,10861,10861,1,1
2019-04-09 16:44:41.826,10860,10861,10861,1,1
2019-04-09 16:44:41.857,10860,10861,10861,1,1
2019-04-09 16:44:41.941,10860,10861,10861,1,1
2019-04-09 16:44:41.993,10860,10861,10861,1,1
2019-04-09 16:44:42.018,10860,10861,10860,1,-1
2019-04-09 16:44:42.352,10860,10861,10861,1,1
2019-04-09 16:44:42.554,10860,10861,10861,1,1
2019-04-09 16:44:42.569,10860,10861,10861,1,1
2019-04-09 16:44:42.950,10860,10861,10861,1,1
2019-04-09 16:44:43.454,10861,10862,10862,5,5
2019-04-09 16:44:43.528,10861,10862,10862,1,1
2019-04-09 16:44:44.636,10861,10862,10861,1,-1
2019-04-09 16:44:44.636,10861,10862,10861,1,-1
2019-04-09 16:44:45.658,10860,10861,10861,1,1
2019-04-09 16:44:46.147,10860,10861,10861,7,7
2019-04-09 16:44:47.680,10860,10861,10861,1,1
2019-04-09 16:44:50.141,10860,10861,10861,2,2
2019-04-09 16:44:53.121,10860,10861,10861,1,1
2019-04-09 16:44:56.621,10860,10861,10861,2,2
2019-04-09 16:44:57.055,10860,10861,10861,10,10
2019-04-09 16:44:58.762,10860,10861,10861,1,1
2019-04-09 16:44:59.220,10860,10861,10861,1,1
2019-04-09 16:45:00.202,10860,10861,10861,2,2
2019-04-09 16:45:00.402,10860,10861,10861,1,1
2019-04-09 16:45:00.676,10860,10861,10861,1,1
2019-04-09 16:45:03.247,10861,10862,10862,2,2
2019-04-09 16:45:13.724,10861,10862,10862,5,5
2019-04-09 16:45:13.976,10861,10862,10862,4,4
2019-04-09 16:45:15.403,10861,10862,10862,3,3
2019-04-09 16:45:17.566,10861,10862,10862,3,3
2019-04-09 16:45:20.499,10861,10862,10862,1,1
2019-04-09 16:45:24.747,10861,10862,10862,5,5
2019-04-09 16:45:29.298,10861,10862,10862,4,4
2019-04-09 16:45:32.072,10861,10862,10862,2,2
2019-04-09 16:45:33.300,10861,10862,10861,1,-1
2019-04-09 16:45:35.012,10861,10862,10862,2,2
2019-04-09 16:45:37.070,10861,10862,10862,4,4
2019-04-09 16:45:39.336,10861,10862,10862,3,3
2019-04-09 16:45:39.962,10861,10862,10862,3,3
2019-04-09 16:45:40.023,10861,10862,10862,2,2
2019-04-09 16:45:42.755,10861,10862,10862,3,3
2019-04-09 16:45:42.959,10861,10862,10862,1,1
2019-04-09 16:45:44.068,10861,10862,10862,1,1
2019-04-09 16:45:44.393,10861,10862,10862,1,1
2019-04-09 16:45:44.537,10861,10862,10862,2,2
2019-04-09 16:45:45.193,10861,10862,10861,3,-3
2019-04-09 16:45:45.919,10861,10862,10862,1,1
2019-04-09 16:45:46.606,10861,10862,10862,10,10
2019-04-09 16:45:46.825,10862,10863,10862,1,-1
2019-04-09 16:45:46.894,10862,10863,10862,2,-2
2019-04-09 16:45:47.019,10862,10863,10862,1,-1
2019-04-09 16:45:47.407,10861,10863,10862,1,-1
2019-04-09 16:45:48.954,10861,10862,10862,4,4
2019-04-09 16:45:55.238,10862,10863,10862,1,-1
2019-04-09 16:45:58.909,10862,10863,10862,1,-1
2019-04-09 16:46:02.264,10862,10863,10862,2,-2
2019-04-09 16:46:11.894,10862,10863,10863,2,2
2019-04-09 16:46:11.926,10862,10863,10863,1,1
2019-04-09 16:46:12.637,10862,10863,10863,1,1
2019-04-09 16:46:13.681,10862,10863,10863,1,1
2019-04-09 16:46:13.897,10862,10863,10863,4,4
2019-04-09 16:46:13.957,10862,10863,10863,2,2
2019-04-09 16:46:17.086,10862,10863,10863,2,2
2019-04-09 16:46:17.199,10862,10863,10863,10,10
2019-04-09 16:46:18.711,10862,10863,10863,1,1
2019-04-09 16:46:20.965,10862,10863,10863,1,1
2019-04-09 16:46:21.187,10863,10864,10863,1,-1
2019-04-09 16:46:21.435,10863,10864,10863,1,-1
2019-04-09 16:46:25.616,10863,10864,10863,1,-1
2019-04-09 16:46:28.268,10862,10863,10863,1,1
2019-04-09 16:46:30.809,10862,10863,10863,1,1
2019-04-09 16:46:33.210,10862,10863,10863,2,2
2019-04-09 16:46:35.013,10862,10863,10863,6,6
2019-04-09 16:46:35.013,10862,10863,10864,1,1
2019-04-09 16:46:35.113,10862,10864,10864,3,3
2019-04-09 16:46:35.899,10863,10864,10863,1,-1
2019-04-09 16:46:39.914,10862,10863,10863,2,2
2019-04-09 16:46:44.343,10862,10863,10863,10,10
2019-04-09 16:46:47.213,10862,10863,10863,1,1
2019-04-09 16:46:47.445,10862,10863,10862,1,-1
2019-04-09 16:46:47.552,10862,10863,10863,2,2
2019-04-09 16:46:48.507,10862,10863,10863,1,1
2019-04-09 16:46:52.837,10862,10863,10863,5,5
2019-04-09 16:46:55.977,10862,10863,10863,1,1
2019-04-09 16:46:58.591,10862,10863,10863,1,1
2019-04-09 16:46:58.932,10862,10863,10863,1,1
2019-04-09 16:47:02.647,10862,10863,10863,2,2
2019-04-09 16:47:04.748,10862,10863,10863,2,2
2019-04-09 16:47:07.435,10863,10864,10863,3,-3
2019-04-09 16:47:39.664,10863,10864,10864,1,1
2019-04-09 16:47:40.313,10863,10864,10864,4,4
2019-04-09 16:47:52.684,10863,10864,10864,20,20
2019-04-09 16:47:53.525,10863,10864,10864,1,1
2019-04-09 16:47:56.333,10863,10864,10864,2,2
2019-04-09 16:47:57.646,10863,10864,10864,3,3
2019-04-09 16:47:58.226,10863,10864,10864,2,2
2019-04-09 16:48:01.988,10863,10864,10863,1,-1
2019-04-09 16:48:02.312,10863,10864,10864,1,1
2019-04-09 16:48:02.345,10863,10864,10864,1,1
2019-04-09 16:48:02.443,10863,10864,10864,1,1
2019-04-09 16:48:03.158,10863,10864,10864,2,2
2019-04-09 16:48:03.580,10863,10864,10864,1,1
2019-04-09 16:48:07.389,10863,10864,10864,1,1
2019-04-09 16:48:07.394,10863,10864,10864,1,1
2019-04-09 16:48:08.281,10863,10864,10864,2,2
2019-04-09 16:48:08.903,10863,10864,10864,1,1
2019-04-09 16:48:10.229,10863,10864,10863,1,-1
2019-04-09 16:48:15.142,10863,10864,10864,3,3
2019-04-09 16:48:19.814,10863,10864,10864,1,1
2019-04-09 16:48:20.207,10863,10864,10864,11,11
2019-04-09 16:48:22.505,10864,10865,10864,1,-1
2019-04-09 16:48:22.767,10863,10864,10864,1,1
2019-04-09 16:48:23.081,10863,10865,10863,1,-1
2019-04-09 16:48:28.791,10863,10864,10864,1,1
2019-04-09 16:48:32.970,10863,10864,10864,1,1
2019-04-09 16:48:33.171,10864,10865,10864,1,-1
2019-04-09 16:48:34.577,10864,10865,10864,1,-1
2019-04-09 16:48:51.308,10864,10865,10864,1,-1
2019-04-09 16:48:52.551,10864,10865,10865,1,1
2019-04-09 16:48:52.736,10864,10865,10865,3,3
2019-04-09 16:48:52.752,10864,10865,10865,1,1
2019-04-09 16:48:52.771,10864,10865,10865,2,2
2019-04-09 16:48:53.995,10864,10865,10865,1,1
2019-04-09 16:48:54.215,10864,10865,10865,1,1
2019-04-09 16:48:59.638,10864,10865,10865,1,1
2019-04-09 16:49:00.020,10864,10865,10865,2,2
2019-04-09 16:49:00.025,10864,10865,10865,5,5
2019-04-09 16:49:00.144,10864,10865,10865,18,18
2019-04-09 16:49:00.713,10865,10866,10865,1,-1
2019-04-09 16:49:01.185,10865,10866,10865,1,-1
2019-04-09 16:49:03.645,10865,10866,10865,2,-2
2019-04-09 16:49:05.368,10865,10866,10866,10,10
2019-04-09 16:49:05.663,10865,10866,10865,1,-1
2019-04-09 16:49:05.762,10865,10866,10865,1,-1
2019-04-09 16:49:07.804,10865,10866,10866,1,1
2019-04-09 16:49:08.409,10865,10866,10866,1,1
2019-04-09 16:49:11.475,10865,10866,10865,20,-20
2019-04-09 16:49:15.276,10865,10866,10866,2,2
2019-04-09 16:49:20.403,10865,10866,10866,4,4
2019-04-09 16:49:25.369,10865,10866,10865,1,-1
2019-04-09 16:49:27.869,10865,10866,10866,1,1
2019-04-09 16:49:33.764,10865,10866,10866,1,1
2019-04-09 16:49:40.669,10865,10866,10866,2,2
2019-04-09 16:49:41.486,10865,10866,10866,1,1
2019-04-09 16:49:41.519,10865,10866,10866,1,1
2019-04-09 16:49:46.342,10865,10866,10865,10,-10
2019-04-09 16:49:46.597,10865,10866,10866,1,1
2019-04-09 16:49:48.232,10865,10866,10866,1,1
2019-04-09 16:49:53.284,10865,10866,10866,1,1
2019-04-09 16:49:55.143,10865,10866,10866,2,2
2019-04-09 16:49:57.177,10865,10866,10866,2,2
2019-04-09 16:49:57.443,10865,10866,10866,2,2
2019-04-09 16:49:59.946,10865,10866,10865,2,-2
2019-04-09 16:50:01.955,10865,10866,10865,4,-4
2019-04-09 16:50:02.219,10865,10866,10865,1,-1
2019-04-09 16:50:02.255,10865,10866,10866,1,1
2019-04-09 16:50:02.579,10865,10866,10866,1,1
2019-04-09 16:50:03.066,10865,10866,10866,1,1
2019-04-09 16:50:03.087,10865,10866,10866,2,2
2019-04-09 16:50:03.150,10865,10866,10866,2,2
2019-04-09 16:50:03.510,10865,10866,10865,2,-2
2019-04-09 16:50:04.096,10865,10866,10866,1,1
2019-04-09 16:50:04.718,10865,10866,10866,1,1
2019-04-09 16:50:08.468,10865,10866,10866,5,5
2019-04-09 16:50:09.394,10865,10866,10866,1,1
2019-04-09 16:50:10.191,10865,10866,10865,1,-1
2019-04-09 16:50:14.361,10865,10866,10866,3,3
2019-04-09 16:50:22.798,10865,10866,10866,6,6
2019-04-09 16:50:24.683,10865,10866,10865,10,-10
2019-04-09 16:50:24.769,10865,10866,10865,9,-9
2019-04-09 16:50:24.895,10864,10865,10865,1,1
2019-04-09 16:50:29.552,10864,10865,10865,5,5
2019-04-09 16:50:31.894,10864,10865,10865,1,1
2019-04-09 16:50:38.177,10865,10866,10865,1,-1
2019-04-09 16:50:40.894,10864,10865,10865,2,2
2019-04-09 16:50:41.082,10864,10865,10865,1,1
2019-04-09 16:50:44.269,10864,10865,10865,1,1
2019-04-09 16:50:45.019,10864,10865,10865,1,1
2019-04-09 16:50:46.209,10864,10866,10864,1,-1
2019-04-09 16:50:50.443,10864,10866,10866,4,4
2019-04-09 16:50:52.255,10865,10866,10865,1,-1
2019-04-09 16:50:55.019,10864,10865,10865,1,1
2019-04-09 16:50:55.769,10864,10865,10865,2,2
2019-04-09 16:50:56.769,10864,10865,10865,1,1
2019-04-09 16:50:59.021,10865,10866,10866,1,1
2019-04-09 16:51:01.644,10864,10865,10865,1,1
2019-04-09 16:51:09.935,10865,10866,10865,1,-1
2019-04-09 16:51:12.400,10865,10866,10866,1,1
2019-04-09 16:51:16.521,10865,10866,10865,1,-1
2019-04-09 16:51:16.552,10865,10866,10865,1,-1
2019-04-09 16:51:16.647,10865,10866,10865,4,-4
2019-04-09 16:51:17.144,10864,10865,10865,1,1
2019-04-09 16:51:17.494,10864,10865,10865,1,1
2019-04-09 16:51:18.825,10864,10865,10865,1,1
2019-04-09 16:51:28.338,10864,10865,10865,1,1
2019-04-09 16:51:35.888,10864,10865,10865,1,1
2019-04-09 16:51:37.769,10864,10865,10865,11,11
2019-04-09 16:51:38.571,10864,10865,10865,1,1
2019-04-09 16:51:39.397,10865,10866,10865,1,-1
2019-04-09 16:51:39.437,10865,10866,10865,1,-1
2019-04-09 16:51:39.464,10865,10866,10865,1,-1
2019-04-09 16:51:39.520,10864,10865,10865,2,2
2019-04-09 16:51:41.510,10865,10866,10865,1,-1
2019-04-09 16:51:44.716,10865,10866,10865,1,-1
2019-04-09 16:51:45.684,10865,10866,10865,1,-1
2019-04-09 16:51:45.708,10865,10866,10865,1,-1
2019-04-09 16:51:48.179,10865,10866,10865,1,-1
2019-04-09 16:51:49.094,10865,10866,10865,1,-1
2019-04-09 16:51:49.935,10865,10866,10865,1,-1
2019-04-09 16:51:49.953,10865,10866,10865,6,-6
2019-04-09 16:51:50.020,10864,10865,10865,1,1
2019-04-09 16:51:52.752,10864,10865,10865,2,2
2019-04-09 16:51:53.372,10864,10865,10865,3,3
2019-04-09 16:51:54.639,10864,10865,10864,1,-1
2019-04-09 16:52:01.926,10864,10865,10864,3,-3
2019-04-09 16:52:02.929,10864,10865,10865,3,3
2019-04-09 16:52:03.160,10865,10866,10865,1,-1
2019-04-09 16:52:07.906,10865,10866,10865,2,-2
2019-04-09 16:52:08.063,10865,10866,10865,1,-1
2019-04-09 16:52:21.894,10864,10865,10865,10,10
2019-04-09 16:52:29.018,10864,10865,10865,1,1
2019-04-09 16:52:30.723,10864,10865,10865,1,1
2019-04-09 16:52:33.721,10865,10866,10865,1,-1
2019-04-09 16:52:34.947,10865,10866,10865,1,-1
2019-04-09 16:52:35.141,10865,10866,10865,1,-1
2019-04-09 16:52:41.376,10865,10866,10865,3,-3
2019-04-09 16:53:00.635,10864,10865,10865,2,2
2019-04-09 16:53:05.196,10864,10865,10865,1,1
2019-04-09 16:53:05.196,10864,10865,10866,1,1
2019-04-09 16:53:06.880,10864,10866,10866,1,1
2019-04-09 16:53:08.757,10865,10866,10865,3,-3
2019-04-09 16:53:15.591,10864,10866,10864,2,-2
2019-04-09 16:53:15.866,10864,10865,10864,1,-1
2019-04-09 16:53:26.895,10864,10865,10865,2,2
2019-04-09 16:53:41.569,10865,10866,10865,1,-1
2019-04-09 16:53:43.683,10865,10866,10865,2,-2
2019-04-09 16:53:44.975,10865,10866,10865,1,-1
2019-04-09 16:53:45.947,10864,10865,10865,2,2
2019-04-09 16:53:45.956,10864,10865,10865,1,1
2019-04-09 16:53:48.556,10865,10866,10865,2,-2
2019-04-09 16:53:54.098,10864,10865,10865,1,1
2019-04-09 16:53:57.852,10864,10865,10865,1,1
2019-04-09 16:53:59.868,10864,10865,10865,2,2
2019-04-09 16:54:04.523,10864,10865,10865,3,3
2019-04-09 16:54:05.543,10865,10866,10865,1,-1
2019-04-09 16:54:07.884,10865,10866,10865,1,-1
2019-04-09 16:54:07.929,10865,10866,10865,2,-2
2019-04-09 16:54:17.577,10865,10866,10865,3,-3
2019-04-09 16:54:21.083,10865,10866,10865,1,-1
2019-04-09 16:54:23.878,10865,10866,10866,3,3
2019-04-09 16:54:30.616,10865,10866,10865,1,-1
2019-04-09 16:54:31.255,10865,10866,10865,2,-2
2019-04-09 16:54:33.334,10865,10866,10866,5,5
2019-04-09 16:54:38.545,10865,10866,10866,1,1
2019-04-09 16:54:39.569,10865,10866,10865,1,-1
2019-04-09 16:54:45.452,10865,10866,10865,20,-20
2019-04-09 16:54:50.177,10865,10866,10865,1,-1
2019-04-09 16:54:51.750,10865,10866,10865,3,-3
2019-04-09 16:54:58.944,10865,10866,10866,1,1
2019-04-09 16:55:01.579,10865,10866,10865,1,-1
2019-04-09 16:55:01.952,10865,10866,10865,2,-2
2019-04-09 16:55:04.847,10865,10866,10865,8,-8
2019-04-09 16:55:05.864,10865,10866,10866,1,1
2019-04-09 16:55:17.755,10865,10866,10866,5,5
2019-04-09 16:55:20.431,10865,10866,10866,5,5
2019-04-09 16:55:24.201,10865,10866,10866,21,21
2019-04-09 16:55:24.269,10865,10866,10866,9,9
2019-04-09 16:55:24.394,10865,10866,10866,1,1
2019-04-09 16:55:24.394,10865,10866,10866,8,8
2019-04-09 16:55:24.395,10865,10866,10866,1,1
2019-04-09 16:55:37.385,10866,10867,10866,1,-1
2019-04-09 16:55:43.614,10866,10867,10866,1,-1
2019-04-09 16:55:48.184,10866,10867,10867,12,12
2019-04-09 16:55:48.269,10866,10867,10867,2,2
2019-04-09 16:55:49.296,10867,10868,10867,1,-1
2019-04-09 16:55:56.235,10867,10868,10867,12,-12
2019-04-09 16:55:56.773,10866,10867,10867,5,5
2019-04-09 16:55:59.012,10866,10867,10867,1,1
2019-04-09 16:56:00.162,10866,10867,10867,5,5
2019-04-09 16:56:00.717,10866,10868,10868,2,2
2019-04-09 16:56:00.851,10866,10868,10868,2,2
2019-04-09 16:56:00.851,10866,10868,10868,1,1
2019-04-09 16:56:00.958,10866,10868,10868,1,1
2019-04-09 16:56:01.118,10866,10868,10866,1,-1
2019-04-09 16:56:01.141,10866,10868,10866,1,-1
2019-04-09 16:56:01.190,10866,10867,10866,2,-2
2019-04-09 16:56:01.250,10866,10867,10866,4,-4
2019-04-09 16:56:01.283,10866,10867,10866,2,-2
2019-04-09 16:56:01.291,10866,10867,10866,1,-1
2019-04-09 16:56:01.311,10866,10867,10866,4,-4
2019-04-09 16:56:01.336,10866,10867,10866,4,-4
2019-04-09 16:56:01.439,10866,10867,10866,2,-2
2019-04-09 16:56:01.464,10866,10867,10866,2,-2
2019-04-09 16:56:01.466,10866,10867,10866,4,-4
2019-04-09 16:56:01.516,10866,10867,10866,1,-1
2019-04-09 16:56:01.807,10866,10867,10867,5,5
2019-04-09 16:56:11.356,10866,10867,10867,1,1
2019-04-09 16:56:11.588,10866,10867,10866,1,-1
2019-04-09 16:56:14.791,10866,10867,10866,1,-1
2019-04-09 16:56:19.674,10866,10867,10867,1,1
2019-04-09 16:56:20.342,10866,10867,10867,2,2
2019-04-09 16:56:26.002,10866,10867,10867,1,1
2019-04-09 16:56:28.123,10866,10867,10867,3,3
2019-04-09 16:56:33.409,10866,10867,10866,1,-1
2019-04-09 16:56:35.612,10866,10867,10866,1,-1
2019-04-09 16:56:39.556,10866,10867,10866,1,-1
2019-04-09 16:56:41.269,10866,10867,10867,1,1
2019-04-09 16:56:48.455,10866,10867,10867,1,1
2019-04-09 16:56:49.223,10866,10867,10867,1,1
2019-04-09 16:57:00.295,10866,10867,10867,2,2
2019-04-09 16:57:00.630,10866,10867,10866,3,-3
2019-04-09 16:57:00.969,10866,10867,10866,2,-2
2019-04-09 16:57:27.027,10866,10867,10866,1,-1
2019-04-09 16:57:27.761,10866,10867,10866,1,-1
2019-04-09 16:57:28.192,10866,10867,10867,1,1
2019-04-09 16:57:38.292,10866,10867,10867,1,1
2019-04-09 16:57:44.847,10866,10867,10867,3,3
2019-04-09 16:57:48.051,10866,10867,10867,4,4
2019-04-09 16:58:00.250,10866,10867,10867,4,4
2019-04-09 16:58:06.655,10866,10867,10867,1,1
2019-04-09 16:58:11.638,10866,10867,10867,1,1
2019-04-09 16:58:14.227,10866,10867,10866,1,-1
2019-04-09 16:58:34.360,10866,10867,10867,3,3
2019-04-09 16:58:37.668,10866,10867,10867,1,1
2019-04-09 16:58:39.887,10866,10867,10867,1,1
2019-04-09 16:58:40.738,10866,10867,10866,1,-1
2019-04-09 16:58:46.318,10866,10867,10867,1,1
2019-04-09 16:58:53.773,10866,10867,10866,3,-3
2019-04-09 16:58:53.842,10866,10867,10866,1,-1
2019-04-09 16:58:53.894,10866,10867,10866,24,-24
2019-04-09 16:58:53.894,10866,10867,10866,2,-2
2019-04-09 16:58:54.272,10865,10866,10866,5,5
2019-04-09 16:58:58.289,10865,10866,10865,1,-1
2019-04-09 16:58:59.326,10865,10866,10866,2,2
2019-04-09 16:59:02.416,10865,10866,10866,1,1
2019-04-09 16:59:03.426,10865,10866,10866,5,5
2019-04-09 16:59:04.242,10865,10866,10866,5,5
2019-04-09 16:59:04.358,10865,10866,10866,1,1
2019-04-09 16:59:04.528,10865,10866,10866,1,1
2019-04-09 16:59:05.383,10865,10866,10866,2,2
2019-04-09 16:59:05.383,10865,10866,10867,3,3
2019-04-09 16:59:09.702,10866,10867,10866,1,-1
2019-04-09 16:59:10.143,10866,10867,10866,1,-1
2019-04-09 16:59:10.624,10866,10867,10866,1,-1
2019-04-09 16:59:20.338,10866,10867,10866,5,-5
2019-04-09 16:59:20.889,10866,10867,10866,5,-5
2019-04-09 16:59:22.919,10866,10867,10866,1,-1
2019-04-09 16:59:23.159,10866,10867,10866,1,-1
2019-04-09 16:59:23.307,10866,10867,10866,1,-1
2019-04-09 16:59:23.390,10866,10867,10866,1,-1
2019-04-09 16:59:27.021,10866,10867,10866,1,-1
2019-04-09 16:59:27.482,10866,10867,10866,1,-1
2019-04-09 16:59:36.977,10866,10867,10866,2,-2
2019-04-09 16:59:39.401,10866,10867,10867,1,1
2019-04-09 16:59:53.348,10866,10867,10867,4,4
2019-04-09 16:59:53.394,10866,10867,10867,4,4
2019-04-09 16:59:53.519,10866,10867,10867,17,17
2019-04-09 16:59:53.644,10866,10867,10867,2,2
2019-04-09 16:59:53.649,10866,10867,10867,2,2
2019-04-09 16:59:53.652,10866,10867,10867,2,2
2019-04-09 16:59:53.769,10866,10867,10867,15,15
2019-04-09 16:59:56.876,10867,10868,10868,1,1
2019-04-09 16:59:57.379,10867,10868,10868,2,2
2019-04-09 16:59:58.926,10867,10868,10868,1,1
2019-04-09 16:59:59.677,10867,10868,10867,1,-1
2019-04-09 17:00:00.512,10867,10868,10868,1,1
2019-04-09 17:00:00.675,10867,10868,10868,1,1
2019-04-09 17:00:00.679,10867,10868,10868,1,1
2019-04-09 17:00:02.704,10867,10868,10867,10,-10
2019-04-09 17:00:02.947,10867,10868,10868,6,6
2019-04-09 17:00:03.400,10867,10868,10868,1,1
2019-04-09 17:00:03.777,10867,10868,10868,1,1
2019-04-09 17:00:04.040,10867,10868,10868,1,1
2019-04-09 17:00:04.267,10867,10868,10868,1,1
2019-04-09 17:00:04.733,10867,10868,10868,3,3
2019-04-09 17:00:05.268,10867,10868,10867,1,-1
2019-04-09 17:00:05.730,10867,10868,10868,1,1
2019-04-09 17:00:06.892,10867,10868,10868,1,1
2019-04-09 17:00:09.233,10867,10868,10868,5,5
2019-04-09 17:00:15.517,10867,10868,10868,1,1
2019-04-09 17:00:34.975,10867,10868,10867,1,-1
2019-04-09 17:00:57.620,10867,10868,10867,1,-1
2019-04-09 17:00:58.844,10867,10868,10868,2,2
2019-04-09 17:01:05.975,10867,10868,10867,3,-3
2019-04-09 17:01:21.704,10867,10868,10868,2,2
2019-04-09 17:01:33.541,10867,10868,10868,1,1
2019-04-09 17:01:34.988,10867,10868,10868,1,1
2019-04-09 17:01:37.265,10867,10868,10868,2,2
2019-04-09 17:01:37.342,10867,10868,10868,2,2
2019-04-09 17:01:40.521,10867,10868,10868,1,1
2019-04-09 17:01:43.834,10867,10868,10868,10,10
2019-04-09 17:01:53.683,10867,10868,10868,10,10
2019-04-09 17:01:54.854,10867,10868,10868,10,10
2019-04-09 17:01:55.019,10867,10868,10868,2,2
2019-04-09 17:01:55.020,10867,10868,10868,6,6
2019-04-09 17:01:55.144,10867,10868,10868,3,3
2019-04-09 17:02:12.050,10868,10869,10869,2,2
2019-04-09 17:02:13.044,10868,10869,10869,1,1
2019-04-09 17:02:15.116,10868,10869,10868,1,-1
2019-04-09 17:02:22.771,10868,10869,10869,2,2
2019-04-09 17:02:23.315,10868,10869,10869,1,1
2019-04-09 17:02:27.006,10868,10869,10869,1,1
2019-04-09 17:02:27.133,10868,10869,10868,1,-1
2019-04-09 17:02:27.497,10868,10869,10869,1,1
2019-04-09 17:02:27.975,10868,10869,10868,1,-1
2019-04-09 17:02:29.916,10868,10869,10868,2,-2
2019-04-09 17:02:30.991,10868,10869,10869,2,2
2019-04-09 17:02:52.251,10868,10869,10869,1,1
2019-04-09 17:02:53.412,10868,10869,10869,5,5
2019-04-09 17:02:53.593,10868,10869,10869,5,5
2019-04-09 17:02:55.261,10868,10869,10869,2,2
2019-04-09 17:02:55.544,10868,10869,10869,1,1
2019-04-09 17:02:58.543,10869,10870,10869,2,-2
2019-04-09 17:03:01.247,10869,10870,10869,1,-1
2019-04-09 17:03:10.805,10869,10870,10869,2,-2
2019-04-09 17:03:17.230,10869,10870,10869,6,-6
2019-04-09 17:03:23.235,10869,10870,10869,3,-3
2019-04-09 17:03:23.825,10869,10870,10869,1,-1
2019-04-09 17:03:25.649,10869,10870,10870,1,1
2019-04-09 17:03:25.794,10869,10870,10870,2,2
2019-04-09 17:03:25.797,10869,10870,10870,1,1
2019-04-09 17:03:25.839,10869,10870,10870,4,4
2019-04-09 17:03:25.879,10869,10870,10869,6,-6
2019-04-09 17:03:26.072,10868,10870,10870,1,1
2019-04-09 17:03:26.132,10868,10870,10870,1,1
2019-04-09 17:03:26.435,10868,10870,10870,1,1
2019-04-09 17:03:29.268,10869,10870,10870,1,1
2019-04-09 17:03:29.425,10869,10870,10869,1,-1
2019-04-09 17:03:31.280,10868,10869,10869,1,1
2019-04-09 17:03:33.478,10869,10870,10870,1,1
2019-04-09 17:03:42.441,10869,10870,10870,1,1
2019-04-09 17:03:46.107,10869,10870,10869,3,-3
2019-04-09 17:03:46.927,10869,10870,10869,2,-2
2019-04-09 17:03:54.642,10869,10870,10870,3,3
2019-04-09 17:04:00.348,10869,10870,10869,1,-1
2019-04-09 17:04:00.799,10869,10870,10870,1,1
2019-04-09 17:04:04.280,10869,10870,10870,1,1
2019-04-09 17:04:05.094,10869,10870,10869,1,-1
2019-04-09 17:04:11.828,10869,10870,10870,1,1
2019-04-09 17:04:12.749,10869,10870,10870,1,1
2019-04-09 17:04:14.493,10869,10870,10870,1,1
2019-04-09 17:04:17.749,10869,10870,10869,2,-2
2019-04-09 17:04:20.095,10869,10870,10870,2,2
2019-04-09 17:04:26.147,10869,10870,10870,1,1
2019-04-09 17:04:35.433,10869,10870,10870,1,1
2019-04-09 17:04:41.386,10869,10870,10869,3,-3
2019-04-09 17:04:41.394,10869,10870,10869,5,-5
2019-04-09 17:04:41.394,10869,10870,10869,4,-4
2019-04-09 17:04:41.395,10869,10870,10869,3,-3
2019-04-09 17:04:41.395,10869,10870,10869,8,-8
2019-04-09 17:04:41.645,10868,10869,10869,2,2
2019-04-09 17:04:41.645,10868,10869,10869,19,19
2019-04-09 17:04:45.159,10868,10869,10869,1,1
2019-04-09 17:04:45.264,10868,10869,10869,1,1
2019-04-09 17:04:57.940,10868,10869,10869,1,1
2019-04-09 17:05:05.022,10868,10869,10869,2,2
2019-04-09 17:05:05.154,10868,10869,10869,3,3
2019-04-09 17:05:08.417,10868,10869,10869,4,4
2019-04-09 17:05:08.519,10868,10869,10869,13,13
2019-04-09 17:05:12.179,10868,10869,10869,1,1
2019-04-09 17:05:13.766,10868,10869,10868,1,-1
2019-04-09 17:05:16.915,10868,10869,10869,1,1
2019-04-09 17:05:18.067,10868,10869,10868,1,-1
2019-04-09 17:05:19.173,10868,10869,10869,2,2
2019-04-09 17:05:34.180,10868,10869,10869,1,1
2019-04-09 17:05:34.393,10868,10869,10868,1,-1
2019-04-09 17:05:44.874,10868,10869,10869,6,6
2019-04-09 17:05:53.158,10868,10869,10869,1,1
2019-04-09 17:05:57.271,10868,10869,10869,6,6
2019-04-09 17:06:02.934,10868,10869,10869,1,1
2019-04-09 17:06:02.952,10868,10869,10869,3,3
2019-04-09 17:06:02.980,10868,10869,10869,2,2
2019-04-09 17:06:03.089,10868,10869,10869,3,3
2019-04-09 17:06:16.907,10868,10869,10869,1,1
2019-04-09 17:06:16.933,10868,10869,10869,3,3
2019-04-09 17:06:16.944,10868,10869,10869,2,2
2019-04-09 17:06:16.953,10868,10869,10869,2,2
2019-04-09 17:06:16.967,10868,10869,10869,1,1
2019-04-09 17:06:17.493,10868,10869,10869,1,1
2019-04-09 17:06:19.284,10868,10869,10869,1,1
2019-04-09 17:06:20.854,10868,10869,10869,1,1
2019-04-09 17:06:23.639,10868,10869,10869,1,1
2019-04-09 17:06:27.907,10868,10869,10869,1,1
2019-04-09 17:06:44.182,10868,10869,10869,5,5
2019-04-09 17:06:46.123,10868,10869,10868,1,-1
2019-04-09 17:06:49.207,10868,10869,10868,1,-1
2019-04-09 17:06:52.622,10868,10869,10869,10,10
2019-04-09 17:06:55.663,10868,10869,10868,1,-1
2019-04-09 17:07:01.241,10868,10869,10869,1,1
2019-04-09 17:07:03.414,10868,10869,10869,1,1
2019-04-09 17:07:08.998,10868,10869,10869,1,1
2019-04-09 17:07:10.292,10868,10869,10869,1,1
2019-04-09 17:07:21.441,10868,10869,10868,2,-2
2019-04-09 17:07:21.521,10868,10869,10868,33,-33
2019-04-09 17:07:21.645,10867,10868,10868,3,3
2019-04-09 17:07:21.707,10867,10868,10868,1,1
2019-04-09 17:07:21.833,10867,10868,10868,5,5
2019-04-09 17:07:22.492,10867,10868,10868,1,1
2019-04-09 17:07:32.241,10867,10869,10867,1,-1
2019-04-09 17:07:32.654,10867,10869,10867,1,-1
2019-04-09 17:07:39.719,10867,10868,10868,1,1
2019-04-09 17:07:42.728,10867,10868,10867,1,-1
2019-04-09 17:07:44.035,10867,10868,10868,1,1
2019-04-09 17:07:45.495,10867,10868,10868,5,5
2019-04-09 17:07:52.014,10868,10869,10868,2,-2
2019-04-09 17:07:53.754,10868,10869,10868,1,-1
2019-04-09 17:07:54.689,10868,10869,10868,1,-1
2019-04-09 17:08:00.577,10868,10869,10869,1,1
2019-04-09 17:08:05.656,10868,10869,10868,1,-1
2019-04-09 17:08:13.740,10868,10869,10869,1,1
2019-04-09 17:08:21.862,10868,10869,10868,1,-1
2019-04-09 17:08:23.566,10868,10869,10869,1,1
2019-04-09 17:08:30.938,10868,10869,10869,2,2
2019-04-09 17:08:34.772,10868,10869,10869,4,4
2019-04-09 17:08:41.136,10868,10869,10869,2,2
2019-04-09 17:08:45.033,10868,10869,10869,10,10
2019-04-09 17:08:47.077,10868,10869,10869,1,1
2019-04-09 17:08:59.473,10868,10869,10869,1,1
2019-04-09 17:08:59.840,10868,10869,10869,1,1
2019-04-09 17:09:00.585,10868,10869,10869,2,2
2019-04-09 17:09:08.557,10868,10869,10869,2,2
2019-04-09 17:09:21.842,10868,10869,10869,2,2
2019-04-09 17:09:24.671,10868,10869,10869,1,1
2019-04-09 17:09:30.668,10868,10869,10869,15,15
2019-04-09 17:09:30.668,10868,10869,10870,5,5
2019-04-09 17:09:32.166,10869,10870,10869,1,-1
2019-04-09 17:09:33.488,10869,10870,10869,10,-10
2019-04-09 17:09:42.019,10869,10870,10869,1,-1
2019-04-09 17:09:42.637,10869,10870,10869,1,-1
2019-04-09 17:09:43.618,10869,10870,10869,1,-1
2019-04-09 17:09:44.643,10869,10870,10869,1,-1
2019-04-09 17:09:45.409,10869,10870,10869,1,-1
2019-04-09 17:09:48.839,10869,10870,10869,10,-10
2019-04-09 17:09:48.839,10869,10870,10869,2,-2
2019-04-09 17:09:49.148,10868,10869,10869,1,1
2019-04-09 17:09:57.215,10868,10869,10869,5,5
2019-04-09 17:10:01.116,10868,10869,10869,1,1
2019-04-09 17:10:11.788,10868,10869,10869,5,5
2019-04-09 17:10:12.913,10869,10870,10870,1,1
2019-04-09 17:10:13.106,10869,10870,10870,1,1
2019-04-09 17:10:22.645,10869,10870,10870,3,3
2019-04-09 17:10:36.605,10869,10870,10869,5,-5
2019-04-09 17:10:39.398,10869,10870,10870,1,1
2019-04-09 17:10:43.381,10869,10870,10869,1,-1
2019-04-09 17:10:51.021,10868,10869,10869,1,1
2019-04-09 17:10:58.246,10868,10869,10868,4,-4
2019-04-09 17:11:02.304,10868,10869,10868,4,-4
2019-04-09 17:11:09.736,10868,10869,10868,3,-3
2019-04-09 17:11:10.319,10868,10869,10869,1,1
2019-04-09 17:11:16.464,10868,10869,10868,1,-1
2019-04-09 17:11:21.719,10868,10869,10868,2,-2
2019-04-09 17:11:21.719,10868,10869,10868,2,-2
2019-04-09 17:11:21.720,10868,10869,10868,4,-4
2019-04-09 17:11:21.720,10868,10869,10868,3,-3
2019-04-09 17:11:21.720,10868,10869,10868,2,-2
2019-04-09 17:11:21.720,10868,10869,10868,1,-1
2019-04-09 17:11:21.721,10868,10869,10868,21,-21
2019-04-09 17:11:21.722,10868,10869,10868,1,-1
2019-04-09 17:11:24.804,10867,10868,10867,10,-10
2019-04-09 17:11:28.511,10867,10868,10867,1,-1
2019-04-09 17:11:29.337,10867,10868,10867,2,-2
2019-04-09 17:11:29.595,10867,10868,10867,1,-1
2019-04-09 17:11:29.774,10867,10868,10867,22,-22
2019-04-09 17:11:30.738,10866,10867,10867,1,1
2019-04-09 17:11:31.280,10866,10867,10867,1,1
2019-04-09 17:11:31.523,10866,10867,10866,1,-1
2019-04-09 17:11:31.558,10866,10867,10866,55,-55
2019-04-09 17:11:31.690,10865,10867,10865,1,-1
2019-04-09 17:11:31.808,10865,10866,10865,1,-1
2019-04-09 17:11:32.523,10865,10866,10866,1,1
2019-04-09 17:11:34.457,10865,10866,10866,2,2
2019-04-09 17:11:35.269,10865,10866,10866,2,2
2019-04-09 17:11:39.023,10865,10866,10866,1,1
2019-04-09 17:11:46.727,10865,10866,10866,1,1
2019-04-09 17:11:47.528,10865,10866,10866,2,2
2019-04-09 17:11:53.965,10865,10866,10866,2,2
2019-04-09 17:11:59.877,10865,10866,10865,2,-2
2019-04-09 17:12:02.455,10865,10866,10865,9,-9
2019-04-09 17:12:02.808,10865,10866,10866,1,1
2019-04-09 17:12:10.918,10865,10866,10866,5,5
2019-04-09 17:12:11.069,10865,10866,10866,1,1
2019-04-09 17:12:11.837,10865,10866,10865,1,-1
2019-04-09 17:12:19.919,10865,10866,10865,7,-7
2019-04-09 17:12:20.090,10865,10866,10865,1,-1
2019-04-09 17:12:23.202,10865,10866,10865,1,-1
2019-04-09 17:12:40.038,10865,10866,10865,1,-1
2019-04-09 17:12:40.179,10865,10866,10865,1,-1
2019-04-09 17:12:41.644,10865,10866,10865,2,-2
2019-04-09 17:12:45.697,10865,10866,10866,1,1
2019-04-09 17:12:45.852,10865,10866,10865,1,-1
2019-04-09 17:13:00.748,10865,10866,10865,2,-2
2019-04-09 17:13:03.597,10865,10866,10865,1,-1
2019-04-09 17:13:07.827,10865,10866,10866,1,1
2019-04-09 17:13:10.386,10865,10866,10866,4,4
2019-04-09 17:13:13.691,10865,10866,10866,2,2
2019-04-09 17:13:29.075,10865,10866,10865,1,-1
2019-04-09 17:13:35.968,10865,10866,10865,1,-1
2019-04-09 17:13:39.064,10865,10866,10865,1,-1
2019-04-09 17:13:41.285,10865,10866,10865,1,-1
2019-04-09 17:14:00.143,10865,10866,10865,1,-1
2019-04-09 17:14:00.861,10865,10866,10865,2,-2
2019-04-09 17:14:02.935,10865,10866,10865,1,-1
2019-04-09 17:14:19.134,10865,10866,10866,3,3
2019-04-09 17:14:28.027,10865,10866,10865,1,-1
2019-04-09 17:14:36.482,10865,10866,10865,2,-2
2019-04-09 17:14:37.739,10865,10866,10865,12,-12
2019-04-09 17:14:40.791,10865,10866,10865,1,-1
2019-04-09 17:14:44.749,10865,10866,10865,1,-1
2019-04-09 17:14:45.067,10865,10866,10865,1,-1
2019-04-09 17:14:50.859,10865,10866,10865,1,-1
2019-04-09 17:15:09.414,10865,10866,10865,1,-1
2019-04-09 17:15:15.153,10865,10866,10866,1,1
2019-04-09 17:15:18.619,10865,10866,10865,1,-1
2019-04-09 17:15:43.485,10865,10866,10865,1,-1
2019-04-09 17:15:58.344,10865,10866,10865,20,-20
2019-04-09 17:15:58.647,10865,10866,10865,2,-2
2019-04-09 17:15:59.254,10865,10866,10865,10,-10
2019-04-09 17:16:00.285,10865,10866,10865,1,-1
2019-04-09 17:16:00.770,10865,10866,10865,1,-1
2019-04-09 17:16:01.337,10865,10866,10865,1,-1
2019-04-09 17:16:02.016,10865,10866,10865,1,-1
2019-04-09 17:16:02.657,10865,10866,10865,1,-1
2019-04-09 17:16:02.735,10865,10866,10865,1,-1
2019-04-09 17:16:02.738,10865,10866,10864,1,-1
2019-04-09 17:16:04.043,10865,10866,10865,2,2
2019-04-09 17:16:05.329,10865,10866,10865,1,-1
2019-04-09 17:16:08.272,10865,10866,10866,2,2
2019-04-09 17:16:08.584,10865,10866,10866,6,6
2019-04-09 17:16:08.584,10865,10866,10866,3,3
2019-04-09 17:16:08.585,10865,10866,10866,1,1
2019-04-09 17:16:08.585,10865,10866,10866,1,1
2019-04-09 17:16:08.585,10865,10866,10866,2,2
2019-04-09 17:16:08.585,10865,10866,10866,6,6
2019-04-09 17:16:08.585,10865,10866,10866,2,2
2019-04-09 17:16:09.858,10866,10867,10866,10,-10
2019-04-09 17:16:14.224,10866,10867,10866,4,-4
2019-04-09 17:16:17.108,10866,10867,10866,1,-1
2019-04-09 17:16:24.416,10866,10867,10866,10,-10
2019-04-09 17:16:40.295,10866,10867,10866,4,-4
2019-04-09 17:16:42.611,10866,10867,10866,2,-2
2019-04-09 17:16:46.056,10865,10867,10865,1,-1
2019-04-09 17:16:59.626,10865,10867,10865,1,-1
2019-04-09 17:17:06.370,10866,10867,10866,1,1
2019-04-09 17:17:14.963,10866,10867,10866,1,-1
2019-04-09 17:17:19.115,10866,10867,10866,1,-1
2019-04-09 17:17:19.396,10866,10867,10866,1,-1
2019-04-09 17:17:19.396,10866,10867,10865,2,-2
2019-04-09 17:17:21.937,10865,10867,10865,1,-1
2019-04-09 17:17:47.541,10866,10867,10867,2,2
2019-04-09 17:18:14.396,10866,10867,10867,2,2
2019-04-09 17:18:14.418,10866,10867,10867,4,4
2019-04-09 17:18:14.418,10866,10867,10867,2,2
2019-04-09 17:18:14.440,10866,10867,10867,1,1
2019-04-09 17:18:14.457,10866,10867,10867,4,4
2019-04-09 17:18:14.459,10866,10867,10867,3,3
2019-04-09 17:18:14.459,10866,10867,10867,2,2
2019-04-09 17:18:14.460,10866,10867,10867,1,1
2019-04-09 17:18:14.461,10866,10867,10867,4,4
2019-04-09 17:18:14.461,10866,10867,10867,1,1
2019-04-09 17:18:14.461,10866,10867,10867,2,2
2019-04-09 17:18:14.461,10866,10867,10867,3,3
2019-04-09 17:18:14.519,10866,10867,10867,2,2
2019-04-09 17:18:14.519,10866,10867,10867,17,17
2019-04-09 17:18:14.520,10866,10867,10867,4,4
2019-04-09 17:18:25.332,10867,10868,10868,1,1
2019-04-09 17:18:43.841,10867,10868,10868,2,2
2019-04-09 17:18:47.976,10867,10868,10868,1,1
2019-04-09 17:18:50.199,10867,10868,10868,10,10
2019-04-09 17:18:50.269,10867,10868,10868,1,1
2019-04-09 17:18:50.396,10867,10868,10868,2,2
2019-04-09 17:18:52.999,10868,10869,10868,1,-1
2019-04-09 17:18:53.145,10868,10869,10868,5,-5
2019-04-09 17:18:56.923,10868,10869,10869,1,1
2019-04-09 17:19:02.961,10868,10869,10868,2,-2
2019-04-09 17:19:04.115,10868,10869,10869,21,21
2019-04-09 17:19:06.234,10868,10869,10868,2,-2
2019-04-09 17:19:06.706,10868,10869,10869,20,20
2019-04-09 17:19:08.396,10868,10869,10869,2,2
2019-04-09 17:19:08.397,10868,10869,10869,4,4
2019-04-09 17:19:11.079,10869,10870,10869,1,-1
2019-04-09 17:19:12.520,10869,10870,10869,1,-1
2019-04-09 17:19:12.849,10869,10870,10869,1,-1
2019-04-09 17:19:17.522,10868,10869,10869,1,1
2019-04-09 17:19:36.877,10868,10869,10869,1,1
