2022-07-25 15:00:00.038,14815,14816,14815,93,-93
2022-07-25 15:00:00.094,14810,14814,14814,1,1
2022-07-25 15:00:00.094,14810,14814,14815,3,3
2022-07-25 15:00:00.205,14810,14814,14814,1,1
2022-07-25 15:00:00.244,14810,14814,14814,1,1
2022-07-25 15:00:00.294,14810,14816,14816,2,2
2022-07-25 15:00:00.299,14810,14816,14816,2,2
2022-07-25 15:00:00.324,14810,14816,14810,1,-1
2022-07-25 15:00:00.511,14810,14816,14816,1,1
2022-07-25 15:00:00.517,14810,14816,14817,1,1
2022-07-25 15:00:00.547,14810,14816,14817,5,5
2022-07-25 15:00:00.562,14810,14816,14817,14,14
2022-07-25 15:00:00.562,14810,14816,14818,11,11
2022-07-25 15:00:00.565,14810,14816,14818,2,2
2022-07-25 15:00:00.600,14810,14816,14818,2,2
2022-07-25 15:00:00.603,14810,14816,14810,2,-2
2022-07-25 15:00:00.643,14810,14818,14817,1,1
2022-07-25 15:00:00.643,14810,14818,14818,1,1
2022-07-25 15:00:01.152,14812,14815,14812,1,-1
2022-07-25 15:00:01.152,14812,14815,14810,2,-2
2022-07-25 15:00:01.152,14812,14815,14809,2,-2
2022-07-25 15:00:01.152,14812,14815,14808,5,-5
2022-07-25 15:00:01.152,14812,14815,14807,12,-12
2022-07-25 15:00:01.152,14812,14815,14806,6,-6
2022-07-25 15:00:01.152,14812,14815,14805,1,-1
2022-07-25 15:00:01.152,14812,14815,14804,1,-1
2022-07-25 15:00:01.152,14812,14815,14803,3,-3
2022-07-25 15:00:01.152,14812,14815,14802,13,-13
2022-07-25 15:00:01.152,14812,14815,14801,2,-2
2022-07-25 15:00:01.152,14812,14815,14800,2,-2
2022-07-25 15:00:01.158,14812,14815,14813,1,-1
2022-07-25 15:00:01.159,14812,14815,14809,1,-1
2022-07-25 15:00:01.249,14812,14815,14811,1,-1
2022-07-25 15:00:01.249,14812,14815,14812,1,-1
2022-07-25 15:00:01.346,14811,14812,14812,1,1
2022-07-25 15:00:01.346,14811,14812,14813,1,1
2022-07-25 15:00:01.431,14811,14813,14811,1,-1
2022-07-25 15:00:01.460,14811,14813,14810,1,-1
2022-07-25 15:00:02.602,14812,14815,14815,1,1
2022-07-25 15:00:02.893,14812,14814,14812,1,-1
2022-07-25 15:00:02.893,14812,14814,14812,1,-1
2022-07-25 15:00:03.551,14812,14814,14812,3,-3
2022-07-25 15:00:03.659,14812,14814,14814,1,1
2022-07-25 15:00:05.098,14813,14814,14814,1,1
2022-07-25 15:00:06.176,14813,14814,14813,2,-2
2022-07-25 15:00:06.176,14813,14814,14813,6,-6
2022-07-25 15:00:06.178,14813,14814,14812,3,-3
2022-07-25 15:00:06.219,14813,14814,14813,1,-1
2022-07-25 15:00:06.219,14813,14814,14813,1,-1
2022-07-25 15:00:06.219,14813,14814,14814,1,1
2022-07-25 15:00:06.221,14813,14814,14814,1,1
2022-07-25 15:00:06.229,14813,14814,14814,2,2
2022-07-25 15:00:06.348,14813,14814,14814,1,1
2022-07-25 15:00:06.408,14813,14815,14813,2,-2
2022-07-25 15:00:06.408,14813,14815,14812,3,-3
2022-07-25 15:00:07.216,14811,14813,14813,2,2
2022-07-25 15:00:07.222,14811,14813,14813,2,2
2022-07-25 15:00:07.565,14811,14814,14811,1,-1
2022-07-25 15:00:07.565,14811,14814,14811,1,-1
2022-07-25 15:00:07.565,14811,14814,14811,2,-2
2022-07-25 15:00:07.712,14811,14812,14811,2,-2
2022-07-25 15:00:08.119,14810,14811,14811,1,1
2022-07-25 15:00:09.216,14810,14811,14811,2,2
2022-07-25 15:00:09.222,14810,14811,14811,1,1
2022-07-25 15:00:09.222,14810,14811,14812,1,1
2022-07-25 15:00:09.691,14810,14812,14810,1,-1
2022-07-25 15:00:10.216,14811,14812,14812,4,4
2022-07-25 15:00:10.219,14811,14812,14811,1,-1
2022-07-25 15:00:10.224,14811,14812,14811,1,-1
2022-07-25 15:00:10.224,14811,14812,14812,3,3
2022-07-25 15:00:10.401,14810,14811,14810,1,-1
2022-07-25 15:00:10.402,14810,14811,14810,4,-4
2022-07-25 15:00:10.599,14809,14810,14809,3,-3
2022-07-25 15:00:10.919,14808,14809,14808,2,-2
2022-07-25 15:00:11.182,14807,14809,14809,1,1
2022-07-25 15:00:11.216,14807,14809,14809,3,3
2022-07-25 15:00:11.222,14807,14809,14809,1,1
2022-07-25 15:00:11.222,14807,14809,14810,2,2
2022-07-25 15:00:11.263,14807,14809,14809,3,3
2022-07-25 15:00:11.263,14807,14809,14810,1,1
2022-07-25 15:00:11.328,14807,14809,14809,1,1
2022-07-25 15:00:11.328,14807,14809,14809,1,1
2022-07-25 15:00:11.512,14807,14809,14807,4,-4
2022-07-25 15:00:11.906,14806,14808,14806,1,-1
2022-07-25 15:00:12.258,14806,14808,14808,4,4
2022-07-25 15:00:12.733,14806,14808,14808,2,2
2022-07-25 15:00:13.258,14807,14809,14809,2,2
2022-07-25 15:00:13.519,14807,14809,14807,1,-1
2022-07-25 15:00:16.694,14807,14808,14807,1,-1
2022-07-25 15:00:17.366,14806,14808,14808,1,1
2022-07-25 15:00:18.083,14806,14808,14806,2,-2
2022-07-25 15:00:18.128,14806,14808,14808,4,4
2022-07-25 15:00:18.128,14806,14808,14808,3,3
2022-07-25 15:00:18.262,14807,14809,14807,1,-1
2022-07-25 15:00:18.441,14807,14809,14807,1,-1
2022-07-25 15:00:19.124,14807,14809,14809,2,2
2022-07-25 15:00:19.125,14807,14809,14809,1,1
2022-07-25 15:00:19.733,14809,14810,14809,1,-1
2022-07-25 15:00:20.124,14808,14810,14810,4,4
2022-07-25 15:00:21.043,14808,14810,14810,1,1
2022-07-25 15:00:21.124,14808,14810,14811,1,1
2022-07-25 15:00:21.125,14808,14810,14811,2,2
2022-07-25 15:00:21.454,14810,14812,14810,1,-1
2022-07-25 15:00:21.513,14810,14812,14810,1,-1
2022-07-25 15:00:21.779,14810,14812,14812,4,4
2022-07-25 15:00:21.780,14810,14812,14812,4,4
2022-07-25 15:00:21.781,14810,14812,14813,1,1
2022-07-25 15:00:21.781,14810,14812,14813,5,5
2022-07-25 15:00:21.782,14810,14812,14813,3,3
2022-07-25 15:00:22.125,14812,14814,14814,1,1
2022-07-25 15:00:23.416,14813,14814,14814,1,1
2022-07-25 15:00:24.347,14813,14814,14813,1,-1
2022-07-25 15:00:24.374,14813,14814,14813,1,-1
2022-07-25 15:00:24.416,14812,14814,14814,5,5
2022-07-25 15:00:24.792,14813,14814,14814,2,2
2022-07-25 15:00:25.415,14813,14815,14815,4,4
2022-07-25 15:00:25.890,14813,14814,14813,1,-1
2022-07-25 15:00:27.122,14812,14814,14812,2,-2
2022-07-25 15:00:27.267,14811,14814,14811,1,-1
2022-07-25 15:00:27.338,14811,14814,14813,1,1
2022-07-25 15:00:27.760,14811,14814,14814,1,1
2022-07-25 15:00:28.510,14812,14814,14812,1,-1
2022-07-25 15:00:28.510,14812,14814,14811,3,-3
2022-07-25 15:00:28.974,14812,14814,14812,1,-1
2022-07-25 15:00:28.974,14812,14814,14811,2,-2
2022-07-25 15:00:29.552,14811,14814,14814,4,4
2022-07-25 15:00:29.567,14811,14814,14814,2,2
2022-07-25 15:00:31.097,14813,14814,14814,5,5
2022-07-25 15:00:32.094,14813,14814,14814,1,1
2022-07-25 15:00:32.231,14813,14814,14814,2,2
2022-07-25 15:00:32.254,14813,14815,14813,2,-2
2022-07-25 15:00:32.410,14813,14815,14814,5,-5
2022-07-25 15:00:33.176,14814,14815,14814,1,-1
2022-07-25 15:00:35.808,14814,14815,14814,1,-1
2022-07-25 15:00:36.804,14814,14815,14814,1,-1
2022-07-25 15:00:36.831,14814,14815,14815,1,1
2022-07-25 15:00:37.386,14813,14815,14815,1,1
2022-07-25 15:00:39.319,14813,14815,14815,1,1
2022-07-25 15:00:41.080,14813,14814,14813,2,-2
2022-07-25 15:00:41.545,14813,14814,14814,1,1
2022-07-25 15:00:42.357,14813,14814,14814,1,1
2022-07-25 15:00:43.519,14813,14814,14813,1,-1
2022-07-25 15:00:43.745,14813,14814,14813,1,-1
2022-07-25 15:00:46.582,14813,14814,14814,1,1
2022-07-25 15:00:46.786,14813,14814,14813,1,-1
2022-07-25 15:00:46.796,14813,14814,14814,1,1
2022-07-25 15:00:49.102,14812,14814,14812,1,-1
2022-07-25 15:00:49.975,14812,14814,14814,1,1
2022-07-25 15:00:51.302,14812,14814,14814,1,1
2022-07-25 15:00:53.352,14812,14814,14814,1,1
2022-07-25 15:00:53.894,14813,14814,14813,1,-1
2022-07-25 15:00:56.555,14813,14814,14814,1,1
2022-07-25 15:00:58.325,14813,14814,14813,4,-4
2022-07-25 15:00:59.978,14812,14814,14812,2,-2
2022-07-25 15:01:00.862,14812,14813,14812,1,-1
2022-07-25 15:01:00.862,14812,14813,14812,1,-1
2022-07-25 15:01:00.863,14812,14813,14812,4,-4
2022-07-25 15:01:00.863,14812,14813,14812,2,-2
2022-07-25 15:01:00.864,14812,14813,14811,1,-1
2022-07-25 15:01:01.740,14812,14813,14813,2,2
2022-07-25 15:01:07.659,14811,14813,14813,1,1
2022-07-25 15:01:08.159,14812,14813,14813,1,1
2022-07-25 15:01:13.882,14813,14814,14813,2,-2
2022-07-25 15:01:13.989,14813,14814,14812,11,-11
2022-07-25 15:01:13.991,14813,14814,14811,2,-2
2022-07-25 15:01:14.102,14811,14812,14811,2,-2
2022-07-25 15:01:14.114,14811,14812,14810,2,-2
2022-07-25 15:01:14.496,14810,14811,14810,3,-3
2022-07-25 15:01:14.497,14810,14811,14809,1,-1
2022-07-25 15:01:17.750,14811,14812,14812,1,1
2022-07-25 15:01:17.751,14811,14812,14812,3,3
2022-07-25 15:01:18.070,14811,14813,14811,2,-2
2022-07-25 15:01:18.129,14811,14813,14813,1,1
2022-07-25 15:01:24.079,14809,14811,14809,1,-1
2022-07-25 15:01:24.080,14809,14811,14808,2,-2
2022-07-25 15:01:24.080,14809,14811,14808,3,-3
2022-07-25 15:01:24.081,14809,14811,14808,3,-3
2022-07-25 15:01:25.922,14807,14809,14809,1,1
2022-07-25 15:01:26.845,14807,14809,14809,1,1
2022-07-25 15:01:26.845,14807,14809,14809,1,1
2022-07-25 15:01:29.407,14807,14809,14807,2,-2
2022-07-25 15:01:29.407,14807,14809,14807,1,-1
2022-07-25 15:01:29.503,14806,14807,14807,1,1
2022-07-25 15:01:30.035,14806,14807,14807,1,1
2022-07-25 15:01:31.884,14806,14807,14806,1,-1
2022-07-25 15:01:32.587,14805,14807,14805,1,-1
2022-07-25 15:01:32.588,14805,14807,14807,2,2
2022-07-25 15:01:33.899,14805,14806,14805,3,-3
2022-07-25 15:01:34.701,14803,14805,14805,2,2
2022-07-25 15:01:35.474,14804,14806,14804,1,-1
2022-07-25 15:01:37.204,14803,14804,14803,1,-1
2022-07-25 15:01:37.204,14803,14804,14803,1,-1
2022-07-25 15:01:37.253,14802,14804,14804,1,1
2022-07-25 15:01:37.566,14803,14805,14803,1,-1
2022-07-25 15:01:39.045,14804,14805,14805,3,3
2022-07-25 15:01:39.775,14805,14807,14805,1,-1
2022-07-25 15:01:40.589,14805,14807,14807,1,1
2022-07-25 15:01:42.371,14807,14809,14808,1,1
2022-07-25 15:01:43.008,14807,14809,14807,1,-1
2022-07-25 15:01:43.009,14807,14809,14807,1,-1
2022-07-25 15:01:43.009,14807,14809,14807,1,-1
2022-07-25 15:01:45.723,14806,14807,14807,1,1
2022-07-25 15:01:47.039,14805,14807,14806,1,1
2022-07-25 15:01:48.055,14804,14807,14807,1,1
2022-07-25 15:01:48.609,14804,14807,14806,1,1
2022-07-25 15:01:50.051,14804,14806,14804,3,-3
2022-07-25 15:01:50.299,14803,14804,14803,1,-1
2022-07-25 15:01:50.299,14803,14804,14803,5,-5
2022-07-25 15:01:51.370,14802,14803,14802,5,-5
2022-07-25 15:01:51.646,14801,14802,14801,11,-11
2022-07-25 15:01:51.649,14801,14802,14801,1,-1
2022-07-25 15:01:51.650,14801,14802,14801,1,-1
2022-07-25 15:01:51.818,14800,14802,14800,2,-2
2022-07-25 15:01:52.918,14801,14803,14803,1,1
2022-07-25 15:01:52.953,14801,14803,14801,1,-1
2022-07-25 15:01:52.953,14801,14803,14801,1,-1
2022-07-25 15:01:52.984,14801,14803,14801,2,-2
2022-07-25 15:01:53.119,14801,14803,14801,5,-5
2022-07-25 15:01:53.414,14802,14804,14802,1,-1
2022-07-25 15:01:53.446,14802,14804,14802,1,-1
2022-07-25 15:01:53.720,14802,14804,14802,1,-1
2022-07-25 15:01:54.383,14803,14805,14803,1,-1
2022-07-25 15:01:54.383,14803,14805,14803,1,-1
2022-07-25 15:01:56.290,14803,14805,14803,1,-1
2022-07-25 15:01:57.674,14803,14805,14804,1,-1
2022-07-25 15:01:57.789,14803,14805,14803,1,-1
2022-07-25 15:01:58.443,14803,14805,14805,4,4
2022-07-25 15:01:58.447,14803,14805,14806,1,1
2022-07-25 15:01:59.140,14806,14807,14806,1,-1
2022-07-25 15:01:59.732,14806,14807,14806,1,-1
2022-07-25 15:02:00.039,14806,14807,14807,3,3
2022-07-25 15:02:00.234,14806,14807,14806,2,-2
2022-07-25 15:02:00.256,14806,14807,14806,1,-1
2022-07-25 15:02:00.256,14806,14807,14805,1,-1
2022-07-25 15:02:01.527,14805,14807,14807,2,2
2022-07-25 15:02:01.801,14807,14808,14807,1,-1
2022-07-25 15:02:05.151,14806,14807,14806,1,-1
2022-07-25 15:02:10.135,14805,14807,14805,2,-2
2022-07-25 15:02:11.710,14805,14806,14805,1,-1
2022-07-25 15:02:13.375,14803,14805,14805,1,1
2022-07-25 15:02:20.309,14803,14805,14803,1,-1
2022-07-25 15:02:20.316,14803,14805,14805,1,1
2022-07-25 15:02:22.564,14803,14804,14803,1,-1
2022-07-25 15:02:27.011,14803,14804,14803,1,-1
2022-07-25 15:02:27.172,14803,14804,14803,1,-1
2022-07-25 15:02:30.095,14803,14804,14803,1,-1
2022-07-25 15:02:30.757,14803,14804,14804,3,3
2022-07-25 15:02:30.855,14803,14804,14804,2,2
2022-07-25 15:02:30.889,14803,14804,14804,1,1
2022-07-25 15:02:30.889,14803,14804,14804,1,1
2022-07-25 15:02:30.889,14803,14804,14804,1,1
2022-07-25 15:02:34.619,14803,14805,14805,1,1
2022-07-25 15:02:34.622,14803,14805,14805,1,1
2022-07-25 15:02:41.730,14803,14805,14805,1,1
2022-07-25 15:02:41.730,14803,14805,14805,2,2
2022-07-25 15:02:41.745,14803,14805,14806,2,2
2022-07-25 15:02:43.670,14806,14807,14807,1,1
2022-07-25 15:02:43.670,14806,14807,14807,2,2
2022-07-25 15:02:43.671,14806,14807,14807,1,1
2022-07-25 15:02:43.671,14806,14807,14807,1,1
2022-07-25 15:02:43.830,14807,14808,14808,3,3
2022-07-25 15:02:46.661,14807,14809,14807,2,-2
2022-07-25 15:02:50.130,14808,14809,14808,1,-1
2022-07-25 15:02:50.130,14808,14809,14809,6,6
2022-07-25 15:02:50.284,14808,14810,14808,2,-2
2022-07-25 15:02:50.383,14808,14810,14808,1,-1
2022-07-25 15:02:50.717,14807,14810,14810,1,1
2022-07-25 15:02:51.513,14808,14810,14808,1,-1
2022-07-25 15:02:51.514,14808,14810,14808,2,-2
2022-07-25 15:02:55.101,14808,14810,14810,6,6
2022-07-25 15:02:55.103,14808,14810,14811,3,3
2022-07-25 15:02:55.379,14810,14812,14810,1,-1
2022-07-25 15:02:55.379,14810,14812,14810,2,-2
2022-07-25 15:02:57.138,14809,14811,14811,2,2
2022-07-25 15:02:57.512,14810,14812,14812,5,5
2022-07-25 15:02:58.604,14811,14813,14813,2,2
2022-07-25 15:02:59.192,14812,14813,14812,3,-3
2022-07-25 15:03:00.064,14811,14812,14811,2,-2
2022-07-25 15:03:00.181,14811,14812,14811,1,-1
2022-07-25 15:03:00.196,14811,14812,14811,1,-1
2022-07-25 15:03:00.196,14811,14812,14811,1,-1
2022-07-25 15:03:00.196,14811,14812,14810,1,-1
2022-07-25 15:03:00.244,14811,14812,14811,1,-1
2022-07-25 15:03:01.080,14810,14812,14812,1,1
2022-07-25 15:03:02.618,14810,14812,14812,1,1
2022-07-25 15:03:03.862,14810,14812,14812,1,1
2022-07-25 15:03:05.023,14811,14813,14811,1,-1
2022-07-25 15:03:08.932,14811,14812,14812,1,1
2022-07-25 15:03:15.552,14810,14813,14813,1,1
2022-07-25 15:03:15.642,14811,14813,14811,1,-1
2022-07-25 15:03:17.268,14811,14812,14812,1,1
2022-07-25 15:03:18.760,14811,14812,14811,2,-2
2022-07-25 15:03:18.760,14811,14812,14810,1,-1
2022-07-25 15:03:21.039,14811,14812,14811,1,-1
2022-07-25 15:03:21.822,14811,14812,14812,1,1
2022-07-25 15:03:22.030,14811,14812,14812,1,1
2022-07-25 15:03:23.563,14811,14812,14812,1,1
2022-07-25 15:03:23.564,14811,14812,14812,5,5
2022-07-25 15:03:24.147,14812,14813,14813,5,5
2022-07-25 15:03:24.149,14812,14813,14813,1,1
2022-07-25 15:03:26.035,14813,14814,14814,1,1
2022-07-25 15:03:26.657,14813,14814,14813,2,-2
2022-07-25 15:03:28.498,14812,14814,14814,11,11
2022-07-25 15:03:28.553,14814,14815,14815,15,15
2022-07-25 15:03:28.555,14814,14815,14815,1,1
2022-07-25 15:03:28.645,14815,14816,14816,2,2
2022-07-25 15:03:28.645,14815,14816,14816,2,2
2022-07-25 15:03:28.648,14815,14816,14817,9,9
2022-07-25 15:03:28.784,14816,14817,14817,1,1
2022-07-25 15:03:28.797,14816,14817,14818,4,4
2022-07-25 15:03:29.138,14816,14818,14818,1,1
2022-07-25 15:03:29.281,14816,14818,14818,1,1
2022-07-25 15:03:29.462,14816,14818,14818,1,1
2022-07-25 15:03:29.636,14816,14817,14816,1,-1
2022-07-25 15:03:29.668,14816,14817,14817,1,1
2022-07-25 15:03:30.734,14815,14816,14816,1,1
2022-07-25 15:03:34.818,14811,14813,14813,1,1
2022-07-25 15:03:34.957,14811,14813,14813,1,1
2022-07-25 15:03:35.114,14811,14813,14813,1,1
2022-07-25 15:03:38.782,14812,14814,14815,8,8
2022-07-25 15:03:38.782,14812,14814,14816,7,7
2022-07-25 15:03:38.782,14812,14814,14817,9,9
2022-07-25 15:03:38.782,14812,14814,14818,12,12
2022-07-25 15:03:39.361,14815,14816,14816,1,1
2022-07-25 15:03:40.327,14815,14816,14815,2,-2
2022-07-25 15:03:40.815,14815,14816,14815,1,-1
2022-07-25 15:03:41.239,14813,14815,14815,2,2
2022-07-25 15:03:41.882,14813,14815,14815,1,1
2022-07-25 15:03:41.988,14813,14815,14813,1,-1
2022-07-25 15:03:45.530,14812,14813,14813,2,2
2022-07-25 15:03:45.530,14812,14813,14814,3,3
2022-07-25 15:03:46.115,14812,14814,14813,1,1
2022-07-25 15:03:46.353,14813,14815,14815,2,2
2022-07-25 15:03:47.013,14813,14815,14815,2,2
2022-07-25 15:03:47.141,14814,14815,14815,1,1
2022-07-25 15:03:47.283,14814,14816,14816,2,2
2022-07-25 15:03:47.486,14814,14816,14814,1,-1
2022-07-25 15:03:50.028,14814,14815,14814,1,-1
2022-07-25 15:03:52.110,14814,14815,14815,2,2
2022-07-25 15:03:52.110,14814,14815,14816,1,1
2022-07-25 15:03:52.809,14814,14816,14816,1,1
2022-07-25 15:03:53.896,14815,14816,14815,1,-1
2022-07-25 15:03:54.005,14814,14816,14816,1,1
2022-07-25 15:03:54.006,14814,14816,14816,3,3
2022-07-25 15:03:54.006,14814,14816,14816,8,8
2022-07-25 15:03:54.285,14816,14817,14816,1,-1
2022-07-25 15:03:54.469,14816,14817,14816,1,-1
2022-07-25 15:03:54.495,14816,14817,14815,1,-1
2022-07-25 15:03:55.412,14816,14817,14817,1,1
2022-07-25 15:03:55.413,14816,14817,14817,1,1
2022-07-25 15:03:57.096,14816,14817,14817,1,1
2022-07-25 15:03:57.096,14816,14817,14818,8,8
2022-07-25 15:03:57.792,14816,14818,14818,2,2
2022-07-25 15:03:58.316,14816,14817,14816,2,-2
2022-07-25 15:03:59.386,14816,14817,14817,2,2
2022-07-25 15:04:01.534,14816,14817,14817,3,3
2022-07-25 15:04:02.202,14816,14817,14817,3,3
2022-07-25 15:04:03.560,14816,14817,14817,1,1
2022-07-25 15:04:03.828,14816,14817,14817,1,1
2022-07-25 15:04:03.828,14816,14817,14818,4,4
2022-07-25 15:04:03.902,14817,14818,14817,1,-1
2022-07-25 15:04:04.242,14816,14818,14818,1,1
2022-07-25 15:04:04.597,14816,14817,14817,1,1
2022-07-25 15:04:04.792,14816,14818,14816,5,-5
2022-07-25 15:04:04.798,14816,14818,14816,1,-1
2022-07-25 15:04:04.940,14815,14817,14817,1,1
2022-07-25 15:04:04.940,14815,14817,14818,2,2
2022-07-25 15:04:05.234,14816,14818,14818,2,2
2022-07-25 15:04:06.031,14816,14817,14817,2,2
2022-07-25 15:04:08.279,14816,14817,14816,1,-1
2022-07-25 15:04:08.896,14816,14817,14816,1,-1
2022-07-25 15:04:09.930,14815,14816,14816,1,1
2022-07-25 15:04:18.424,14815,14816,14815,1,-1
2022-07-25 15:04:18.583,14815,14816,14815,2,-2
2022-07-25 15:04:18.583,14815,14816,14815,2,-2
2022-07-25 15:04:20.953,14814,14815,14814,1,-1
2022-07-25 15:04:23.494,14814,14815,14814,1,-1
2022-07-25 15:04:23.561,14814,14815,14815,1,1
2022-07-25 15:04:31.098,14814,14815,14815,1,1
2022-07-25 15:04:32.210,14814,14815,14815,1,1
2022-07-25 15:04:32.903,14815,14816,14815,1,-1
2022-07-25 15:04:33.290,14815,14816,14816,1,1
2022-07-25 15:04:33.938,14815,14816,14816,1,1
2022-07-25 15:04:33.938,14815,14816,14816,1,1
2022-07-25 15:04:33.938,14815,14816,14816,1,1
2022-07-25 15:04:33.938,14815,14816,14816,1,1
2022-07-25 15:04:36.966,14816,14817,14817,2,2
2022-07-25 15:04:37.130,14816,14817,14816,1,-1
2022-07-25 15:04:37.877,14816,14817,14816,1,-1
2022-07-25 15:04:40.029,14816,14817,14816,1,-1
2022-07-25 15:04:44.050,14815,14817,14816,1,-1
2022-07-25 15:04:45.041,14815,14817,14817,2,2
2022-07-25 15:04:45.599,14815,14817,14817,1,1
2022-07-25 15:04:48.195,14815,14816,14816,2,2
2022-07-25 15:04:48.493,14815,14816,14815,1,-1
2022-07-25 15:04:49.854,14815,14816,14816,1,1
2022-07-25 15:04:51.657,14815,14816,14816,1,1
2022-07-25 15:04:53.118,14815,14816,14815,10,-10
2022-07-25 15:04:53.119,14815,14816,14815,1,-1
2022-07-25 15:04:54.167,14814,14815,14814,1,-1
2022-07-25 15:04:54.167,14814,14815,14814,3,-3
2022-07-25 15:04:54.183,14814,14815,14813,1,-1
2022-07-25 15:04:55.272,14813,14814,14814,1,1
2022-07-25 15:04:59.718,14813,14815,14813,1,-1
2022-07-25 15:05:04.382,14813,14815,14815,3,3
2022-07-25 15:05:04.492,14813,14815,14816,3,3
2022-07-25 15:05:09.191,14815,14816,14815,4,-4
2022-07-25 15:05:09.446,14814,14815,14815,1,1
2022-07-25 15:05:14.356,14814,14815,14814,1,-1
2022-07-25 15:05:22.544,14814,14815,14814,1,-1
2022-07-25 15:05:23.167,14814,14815,14814,3,-3
2022-07-25 15:05:23.168,14814,14815,14814,2,-2
2022-07-25 15:05:23.168,14814,14815,14814,3,-3
2022-07-25 15:05:23.168,14814,14815,14814,2,-2
2022-07-25 15:05:23.335,14813,14814,14813,6,-6
2022-07-25 15:05:25.511,14812,14814,14814,1,1
2022-07-25 15:05:29.678,14813,14814,14813,1,-1
2022-07-25 15:05:30.149,14812,14814,14814,1,1
2022-07-25 15:05:30.607,14812,14814,14812,3,-3
2022-07-25 15:05:30.608,14812,14814,14811,11,-11
2022-07-25 15:05:32.560,14810,14812,14811,1,-1
2022-07-25 15:05:35.155,14810,14812,14812,1,1
2022-07-25 15:05:36.205,14810,14812,14810,1,-1
2022-07-25 15:05:38.252,14810,14811,14810,1,-1
2022-07-25 15:05:39.551,14810,14812,14810,18,-18
2022-07-25 15:05:39.553,14810,14812,14810,5,-5
2022-07-25 15:05:39.833,14809,14810,14809,1,-1
2022-07-25 15:05:39.934,14808,14810,14808,2,-2
2022-07-25 15:05:40.617,14808,14810,14810,2,2
2022-07-25 15:05:40.617,14808,14810,14810,1,1
2022-07-25 15:05:41.873,14808,14810,14807,4,-4
2022-07-25 15:05:42.101,14807,14809,14809,1,1
2022-07-25 15:05:42.231,14808,14810,14808,1,-1
2022-07-25 15:05:43.059,14808,14809,14809,1,1
2022-07-25 15:05:44.099,14808,14809,14808,1,-1
2022-07-25 15:05:44.318,14807,14809,14809,2,2
2022-07-25 15:05:47.530,14807,14809,14809,1,1
2022-07-25 15:05:50.898,14808,14809,14809,1,1
2022-07-25 15:05:50.898,14808,14809,14809,4,4
2022-07-25 15:05:52.318,14808,14810,14808,10,-10
2022-07-25 15:05:52.320,14808,14810,14808,5,-5
2022-07-25 15:05:52.323,14808,14810,14808,3,-3
2022-07-25 15:05:53.566,14808,14810,14808,1,-1
2022-07-25 15:05:57.550,14808,14809,14809,2,2
2022-07-25 15:05:57.950,14808,14809,14808,1,-1
2022-07-25 15:06:01.363,14807,14809,14807,10,-10
2022-07-25 15:06:07.405,14806,14807,14807,1,1
2022-07-25 15:06:09.230,14807,14808,14807,2,-2
2022-07-25 15:06:24.297,14807,14808,14808,1,1
2022-07-25 15:06:24.297,14807,14808,14808,1,1
2022-07-25 15:06:24.297,14807,14808,14808,1,1
2022-07-25 15:06:24.297,14807,14808,14808,2,2
2022-07-25 15:06:26.053,14808,14809,14808,2,-2
2022-07-25 15:06:29.643,14807,14809,14809,20,20
2022-07-25 15:06:29.643,14807,14809,14810,16,16
2022-07-25 15:06:29.646,14807,14809,14810,4,4
2022-07-25 15:06:34.208,14809,14810,14810,1,1
2022-07-25 15:06:34.783,14808,14811,14810,1,1
2022-07-25 15:06:35.497,14810,14811,14811,1,1
2022-07-25 15:06:52.167,14810,14811,14811,1,1
2022-07-25 15:06:52.284,14810,14811,14810,2,-2
2022-07-25 15:06:52.465,14809,14811,14811,2,2
2022-07-25 15:06:54.319,14809,14811,14811,3,3
2022-07-25 15:06:59.119,14810,14811,14810,1,-1
2022-07-25 15:06:59.988,14809,14811,14810,1,-1
2022-07-25 15:07:00.688,14809,14811,14809,3,-3
2022-07-25 15:07:02.785,14808,14810,14810,1,1
2022-07-25 15:07:11.491,14809,14810,14810,2,2
2022-07-25 15:07:28.317,14810,14811,14810,1,-1
2022-07-25 15:07:29.409,14809,14811,14811,1,1
2022-07-25 15:07:29.729,14809,14811,14811,1,1
2022-07-25 15:07:31.241,14809,14811,14809,5,-5
2022-07-25 15:07:33.526,14808,14810,14810,1,1
2022-07-25 15:07:51.094,14809,14810,14810,1,1
2022-07-25 15:07:56.826,14809,14810,14809,3,-3
2022-07-25 15:08:01.132,14808,14809,14808,1,-1
2022-07-25 15:08:01.133,14808,14809,14808,2,-2
2022-07-25 15:08:01.133,14808,14809,14808,4,-4
2022-07-25 15:08:05.327,14808,14809,14809,1,1
2022-07-25 15:08:05.328,14808,14809,14809,1,1
2022-07-25 15:08:05.328,14808,14809,14809,1,1
2022-07-25 15:08:05.328,14808,14809,14809,1,1
2022-07-25 15:08:05.328,14808,14809,14809,1,1
2022-07-25 15:08:05.328,14808,14809,14809,2,2
2022-07-25 15:08:05.495,14808,14810,14808,2,-2
2022-07-25 15:08:05.746,14808,14810,14808,2,-2
2022-07-25 15:08:07.722,14809,14810,14810,13,13
2022-07-25 15:08:11.322,14810,14811,14811,1,1
2022-07-25 15:08:19.988,14811,14812,14811,1,-1
2022-07-25 15:08:26.411,14811,14812,14812,1,1
2022-07-25 15:08:26.411,14811,14812,14812,1,1
2022-07-25 15:08:26.464,14811,14812,14813,1,1
2022-07-25 15:08:29.481,14811,14813,14813,1,1
2022-07-25 15:08:29.696,14811,14813,14811,2,-2
2022-07-25 15:08:30.556,14811,14814,14814,1,1
2022-07-25 15:08:32.664,14812,14813,14813,1,1
2022-07-25 15:08:35.478,14812,14813,14813,5,5
2022-07-25 15:08:35.677,14812,14813,14813,1,1
2022-07-25 15:08:37.607,14812,14813,14813,5,5
2022-07-25 15:08:39.253,14812,14813,14812,11,-11
2022-07-25 15:08:40.174,14811,14812,14812,1,1
2022-07-25 15:08:40.828,14811,14812,14811,1,-1
2022-07-25 15:08:40.904,14810,14812,14812,2,2
2022-07-25 15:08:41.306,14810,14812,14812,2,2
2022-07-25 15:08:50.174,14810,14811,14811,1,1
2022-07-25 15:08:59.649,14811,14812,14811,2,-2
2022-07-25 15:09:00.180,14811,14812,14812,1,1
2022-07-25 15:09:02.747,14811,14812,14812,1,1
2022-07-25 15:09:20.177,14811,14812,14812,1,1
2022-07-25 15:09:21.336,14811,14812,14812,1,1
2022-07-25 15:09:41.165,14812,14813,14813,1,1
2022-07-25 15:09:41.165,14812,14813,14813,1,1
2022-07-25 15:09:41.166,14812,14813,14813,2,2
2022-07-25 15:09:41.166,14812,14813,14813,2,2
2022-07-25 15:09:41.166,14812,14813,14813,1,1
2022-07-25 15:09:41.285,14813,14814,14814,5,5
2022-07-25 15:09:43.895,14813,14814,14814,1,1
2022-07-25 15:09:52.876,14814,14815,14814,1,-1
2022-07-25 15:09:56.096,14814,14815,14814,1,-1
2022-07-25 15:10:04.271,14814,14815,14815,2,2
2022-07-25 15:10:04.597,14814,14815,14815,2,2
2022-07-25 15:10:04.597,14814,14815,14815,2,2
2022-07-25 15:10:04.599,14814,14815,14815,2,2
2022-07-25 15:10:04.599,14814,14815,14815,3,3
2022-07-25 15:10:05.538,14815,14816,14816,2,2
2022-07-25 15:10:05.547,14815,14816,14816,1,1
2022-07-25 15:10:05.547,14815,14816,14816,2,2
2022-07-25 15:10:05.672,14816,14817,14817,1,1
2022-07-25 15:10:05.789,14817,14818,14818,1,1
2022-07-25 15:10:06.108,14817,14818,14818,16,16
2022-07-25 15:10:06.109,14817,14818,14818,2,2
2022-07-25 15:10:06.110,14817,14818,14819,5,5
2022-07-25 15:10:06.111,14817,14818,14820,5,5
2022-07-25 15:10:06.111,14817,14818,14820,1,1
2022-07-25 15:10:06.173,14818,14820,14820,1,1
2022-07-25 15:10:06.185,14818,14820,14820,1,1
2022-07-25 15:10:06.376,14818,14820,14820,9,9
2022-07-25 15:10:06.376,14818,14820,14821,4,4
2022-07-25 15:10:06.612,14819,14821,14821,2,2
2022-07-25 15:10:06.848,14819,14821,14819,1,-1
2022-07-25 15:10:07.026,14817,14819,14819,1,1
2022-07-25 15:10:08.673,14817,14819,14819,1,1
2022-07-25 15:10:08.673,14817,14819,14819,5,5
2022-07-25 15:10:08.673,14817,14819,14818,1,1
2022-07-25 15:10:08.674,14817,14819,14819,4,4
2022-07-25 15:10:08.675,14817,14819,14819,1,1
2022-07-25 15:10:08.675,14817,14819,14819,1,1
2022-07-25 15:10:08.676,14817,14819,14819,1,1
2022-07-25 15:10:08.677,14817,14819,14819,1,1
2022-07-25 15:10:08.677,14817,14819,14819,1,1
2022-07-25 15:10:08.724,14817,14819,14819,1,1
2022-07-25 15:10:08.747,14817,14819,14820,1,1
2022-07-25 15:10:13.294,14817,14818,14818,1,1
2022-07-25 15:10:14.903,14817,14818,14817,1,-1
2022-07-25 15:10:19.480,14816,14817,14817,1,1
2022-07-25 15:10:22.233,14816,14817,14817,1,1
2022-07-25 15:10:22.692,14816,14818,14818,15,15
2022-07-25 15:10:22.693,14816,14818,14819,1,1
2022-07-25 15:10:24.300,14817,14818,14817,1,-1
2022-07-25 15:10:28.080,14817,14818,14818,1,1
2022-07-25 15:10:28.339,14817,14818,14818,4,4
2022-07-25 15:10:28.339,14817,14818,14819,1,1
2022-07-25 15:10:30.690,14817,14818,14818,1,1
2022-07-25 15:10:31.687,14817,14819,14818,1,1
2022-07-25 15:10:32.509,14817,14819,14819,2,2
2022-07-25 15:10:35.528,14817,14819,14819,1,1
2022-07-25 15:10:37.203,14818,14819,14819,4,4
2022-07-25 15:10:39.267,14818,14819,14818,2,-2
2022-07-25 15:10:39.297,14818,14819,14819,1,1
2022-07-25 15:10:41.288,14818,14819,14818,1,-1
2022-07-25 15:10:41.583,14817,14819,14819,1,1
2022-07-25 15:10:49.575,14817,14818,14818,1,1
2022-07-25 15:10:50.707,14817,14818,14817,11,-11
2022-07-25 15:10:56.968,14816,14817,14816,1,-1
2022-07-25 15:11:00.134,14816,14817,14816,3,-3
2022-07-25 15:11:00.134,14816,14817,14816,3,-3
2022-07-25 15:11:00.135,14816,14817,14816,1,-1
2022-07-25 15:11:00.135,14816,14817,14816,1,-1
2022-07-25 15:11:00.962,14815,14816,14815,3,-3
2022-07-25 15:11:01.021,14814,14815,14815,1,1
2022-07-25 15:11:01.296,14814,14815,14814,3,-3
2022-07-25 15:11:03.214,14814,14815,14814,1,-1
2022-07-25 15:11:04.994,14812,14814,14812,1,-1
2022-07-25 15:11:07.909,14813,14814,14813,1,-1
2022-07-25 15:11:11.039,14812,14814,14814,1,1
2022-07-25 15:11:16.079,14813,14814,14813,1,-1
2022-07-25 15:11:16.079,14813,14814,14812,2,-2
2022-07-25 15:11:18.100,14812,14814,14814,6,6
2022-07-25 15:11:18.101,14812,14814,14814,9,9
2022-07-25 15:11:19.313,14812,14813,14812,2,-2
2022-07-25 15:11:19.313,14812,14813,14812,6,-6
2022-07-25 15:11:23.169,14812,14813,14813,1,1
2022-07-25 15:11:23.169,14812,14813,14813,1,1
2022-07-25 15:11:25.510,14812,14814,14812,1,-1
2022-07-25 15:11:26.280,14811,14813,14811,2,-2
2022-07-25 15:11:26.284,14811,14813,14811,1,-1
2022-07-25 15:11:30.045,14812,14814,14812,5,-5
2022-07-25 15:11:32.437,14811,14812,14812,1,1
2022-07-25 15:11:32.793,14811,14812,14811,2,-2
2022-07-25 15:11:33.011,14811,14812,14811,2,-2
2022-07-25 15:11:36.161,14810,14811,14810,1,-1
2022-07-25 15:11:38.986,14810,14811,14810,2,-2
2022-07-25 15:11:42.164,14810,14811,14810,2,-2
2022-07-25 15:11:42.272,14810,14811,14811,1,1
2022-07-25 15:11:42.389,14810,14811,14810,2,-2
2022-07-25 15:11:44.932,14810,14811,14811,2,2
2022-07-25 15:11:48.380,14810,14811,14811,2,2
2022-07-25 15:11:49.015,14810,14811,14811,1,1
2022-07-25 15:11:49.015,14810,14811,14811,2,2
2022-07-25 15:11:49.015,14810,14811,14811,1,1
2022-07-25 15:11:54.215,14811,14812,14811,1,-1
2022-07-25 15:11:55.389,14811,14812,14811,1,-1
2022-07-25 15:11:58.652,14811,14812,14811,2,-2
2022-07-25 15:11:58.968,14810,14811,14811,1,1
2022-07-25 15:11:59.364,14810,14811,14811,1,1
2022-07-25 15:12:02.623,14810,14811,14811,1,1
2022-07-25 15:12:02.623,14810,14811,14811,1,1
2022-07-25 15:12:02.682,14810,14812,14811,1,1
2022-07-25 15:12:03.915,14810,14811,14810,3,-3
2022-07-25 15:12:04.997,14810,14811,14811,2,2
2022-07-25 15:12:04.997,14810,14811,14812,2,2
2022-07-25 15:12:06.291,14810,14811,14811,1,1
2022-07-25 15:12:07.094,14811,14812,14812,6,6
2022-07-25 15:12:08.808,14812,14813,14812,2,-2
2022-07-25 15:12:10.393,14811,14812,14811,2,-2
2022-07-25 15:12:10.993,14811,14812,14811,2,-2
2022-07-25 15:12:12.474,14811,14812,14811,2,-2
2022-07-25 15:12:14.639,14812,14813,14812,2,-2
2022-07-25 15:12:15.116,14812,14813,14813,2,2
2022-07-25 15:12:15.327,14812,14814,14813,1,1
2022-07-25 15:12:16.362,14813,14814,14814,1,1
2022-07-25 15:12:16.362,14813,14814,14814,1,1
2022-07-25 15:12:27.961,14812,14814,14812,1,-1
2022-07-25 15:12:28.024,14811,14813,14813,1,1
2022-07-25 15:12:35.271,14811,14812,14811,4,-4
2022-07-25 15:12:36.872,14810,14812,14812,1,1
2022-07-25 15:12:37.281,14810,14812,14812,1,1
2022-07-25 15:12:46.234,14811,14812,14812,1,1
2022-07-25 15:13:03.505,14812,14813,14813,1,1
2022-07-25 15:13:08.289,14813,14814,14814,1,1
2022-07-25 15:13:08.289,14813,14814,14814,1,1
2022-07-25 15:13:08.289,14813,14814,14814,1,1
2022-07-25 15:13:08.289,14813,14814,14814,11,11
2022-07-25 15:13:08.303,14813,14814,14815,2,2
2022-07-25 15:13:15.904,14814,14815,14814,1,-1
2022-07-25 15:13:15.904,14814,14815,14814,2,-2
2022-07-25 15:13:19.967,14812,14814,14814,1,1
2022-07-25 15:13:24.193,14812,14814,14814,1,1
2022-07-25 15:13:28.302,14812,14814,14814,2,2
2022-07-25 15:13:29.575,14813,14814,14814,1,1
2022-07-25 15:13:31.351,14813,14815,14815,11,11
2022-07-25 15:13:31.660,14815,14817,14815,1,-1
2022-07-25 15:13:38.068,14814,14815,14815,1,1
2022-07-25 15:13:42.325,14814,14815,14815,1,1
2022-07-25 15:13:42.657,14814,14815,14815,1,1
2022-07-25 15:13:42.657,14814,14815,14815,1,1
2022-07-25 15:13:44.213,14815,14817,14815,1,-1
2022-07-25 15:13:56.687,14815,14816,14816,1,1
2022-07-25 15:14:00.184,14815,14816,14816,1,1
2022-07-25 15:14:01.751,14815,14816,14815,1,-1
2022-07-25 15:14:01.751,14815,14816,14815,9,-9
2022-07-25 15:14:02.330,14814,14815,14815,1,1
2022-07-25 15:14:04.077,14814,14815,14815,1,1
2022-07-25 15:14:04.778,14814,14815,14814,1,-1
2022-07-25 15:14:05.220,14812,14814,14813,1,-1
2022-07-25 15:14:05.323,14812,14813,14813,1,1
2022-07-25 15:14:06.012,14812,14814,14814,2,2
2022-07-25 15:14:11.209,14812,14814,14814,1,1
2022-07-25 15:14:20.682,14813,14815,14813,1,-1
2022-07-25 15:14:22.378,14813,14814,14814,1,1
2022-07-25 15:14:32.306,14813,14814,14813,1,-1
2022-07-25 15:14:46.107,14813,14814,14814,1,1
2022-07-25 15:14:46.107,14813,14814,14814,1,1
2022-07-25 15:14:46.107,14813,14814,14814,1,1
2022-07-25 15:14:47.034,14813,14815,14815,1,1
2022-07-25 15:14:51.994,14813,14814,14814,1,1
2022-07-25 15:14:53.223,14813,14814,14814,2,2
2022-07-25 15:14:59.802,14813,14814,14813,3,-3
2022-07-25 15:14:59.923,14812,14813,14812,6,-6
2022-07-25 15:15:00.058,14811,14813,14813,4,4
2022-07-25 15:15:03.487,14813,14815,14813,2,-2
2022-07-25 15:15:03.770,14813,14815,14813,2,-2
2022-07-25 15:15:09.886,14812,14813,14813,1,1
2022-07-25 15:15:09.886,14812,14813,14813,2,2
2022-07-25 15:15:09.962,14812,14813,14813,1,1
2022-07-25 15:15:10.510,14813,14814,14813,1,-1
2022-07-25 15:15:13.137,14812,14813,14812,2,-2
2022-07-25 15:15:16.127,14812,14813,14812,1,-1
2022-07-25 15:15:18.375,14811,14812,14812,1,1
2022-07-25 15:15:19.494,14811,14812,14811,2,-2
2022-07-25 15:15:20.515,14811,14812,14811,3,-3
2022-07-25 15:15:25.314,14810,14811,14811,1,1
2022-07-25 15:15:32.837,14811,14812,14811,3,-3
2022-07-25 15:15:33.865,14810,14812,14810,2,-2
2022-07-25 15:15:35.367,14810,14811,14810,11,-11
2022-07-25 15:15:35.367,14810,14811,14810,1,-1
2022-07-25 15:15:35.367,14810,14811,14810,2,-2
2022-07-25 15:15:35.367,14810,14811,14810,3,-3
2022-07-25 15:15:35.367,14810,14811,14810,1,-1
2022-07-25 15:15:35.367,14810,14811,14810,1,-1
2022-07-25 15:15:35.367,14810,14811,14810,2,-2
2022-07-25 15:15:35.367,14810,14811,14810,1,-1
2022-07-25 15:15:35.367,14810,14811,14810,3,-3
2022-07-25 15:15:35.368,14810,14811,14810,8,-8
2022-07-25 15:15:35.793,14809,14810,14809,2,-2
2022-07-25 15:15:35.888,14809,14810,14809,2,-2
2022-07-25 15:15:35.888,14809,14810,14809,4,-4
2022-07-25 15:15:35.888,14809,14810,14809,1,-1
2022-07-25 15:15:35.889,14809,14810,14809,1,-1
2022-07-25 15:15:41.618,14808,14810,14809,1,-1
2022-07-25 15:15:41.907,14808,14810,14809,1,-1
2022-07-25 15:15:42.992,14809,14810,14809,1,-1
2022-07-25 15:15:42.992,14809,14810,14809,1,-1
2022-07-25 15:15:43.207,14808,14809,14808,1,-1
2022-07-25 15:15:43.207,14808,14809,14808,5,-5
2022-07-25 15:15:44.100,14807,14809,14808,1,-1
2022-07-25 15:15:48.071,14809,14810,14809,1,-1
2022-07-25 15:15:48.791,14808,14810,14809,1,-1
2022-07-25 15:15:54.015,14809,14810,14809,1,-1
2022-07-25 15:15:55.014,14809,14810,14809,1,-1
2022-07-25 15:15:55.080,14809,14810,14809,1,-1
2022-07-25 15:15:55.222,14809,14811,14811,1,1
2022-07-25 15:15:55.369,14809,14811,14809,6,-6
2022-07-25 15:15:55.502,14809,14811,14809,2,-2
2022-07-25 15:15:56.033,14809,14811,14809,2,-2
2022-07-25 15:15:56.415,14809,14811,14809,2,-2
2022-07-25 15:15:56.725,14809,14811,14809,1,-1
2022-07-25 15:15:56.725,14809,14811,14809,1,-1
2022-07-25 15:15:57.070,14809,14811,14809,2,-2
2022-07-25 15:15:57.412,14809,14811,14809,2,-2
2022-07-25 15:15:57.446,14809,14811,14808,1,-1
2022-07-25 15:15:58.281,14808,14809,14809,1,1
2022-07-25 15:15:58.281,14808,14809,14809,1,1
2022-07-25 15:16:05.703,14808,14810,14808,2,-2
2022-07-25 15:16:05.755,14808,14810,14810,1,1
2022-07-25 15:16:05.755,14808,14810,14810,2,2
2022-07-25 15:16:05.756,14808,14810,14810,1,1
2022-07-25 15:16:05.756,14808,14810,14811,1,1
2022-07-25 15:16:05.786,14808,14810,14811,2,2
2022-07-25 15:16:06.013,14809,14811,14809,2,-2
2022-07-25 15:16:06.464,14809,14811,14809,2,-2
2022-07-25 15:16:06.709,14809,14811,14809,2,-2
2022-07-25 15:16:07.428,14809,14810,14809,2,-2
2022-07-25 15:16:07.510,14809,14810,14810,1,1
2022-07-25 15:16:07.628,14809,14810,14809,2,-2
2022-07-25 15:16:09.289,14808,14809,14808,4,-4
2022-07-25 15:16:10.742,14807,14809,14807,1,-1
2022-07-25 15:16:11.901,14807,14808,14807,5,-5
2022-07-25 15:16:11.902,14807,14808,14807,1,-1
2022-07-25 15:16:15.287,14808,14810,14808,1,-1
2022-07-25 15:16:16.760,14807,14808,14808,1,1
2022-07-25 15:16:16.760,14807,14808,14808,1,1
2022-07-25 15:16:17.304,14808,14810,14808,2,-2
2022-07-25 15:16:18.310,14808,14809,14808,2,-2
2022-07-25 15:16:18.379,14808,14809,14809,1,1
2022-07-25 15:16:18.379,14808,14809,14809,1,1
2022-07-25 15:16:20.129,14809,14810,14809,2,-2
2022-07-25 15:16:21.233,14809,14810,14809,2,-2
2022-07-25 15:16:21.460,14809,14810,14809,2,-2
2022-07-25 15:16:23.163,14808,14809,14809,1,1
2022-07-25 15:16:25.213,14808,14809,14808,1,-1
2022-07-25 15:16:27.328,14808,14809,14808,1,-1
2022-07-25 15:16:27.328,14808,14809,14807,2,-2
2022-07-25 15:16:27.653,14807,14809,14807,2,-2
2022-07-25 15:16:29.400,14806,14807,14807,1,1
2022-07-25 15:16:31.532,14806,14808,14806,5,-5
2022-07-25 15:16:31.646,14806,14808,14806,1,-1
2022-07-25 15:16:33.336,14807,14809,14807,1,-1
2022-07-25 15:16:36.931,14807,14808,14808,1,1
2022-07-25 15:16:39.513,14807,14808,14807,2,-2
2022-07-25 15:16:39.629,14807,14808,14808,1,1
2022-07-25 15:16:39.788,14807,14808,14807,2,-2
2022-07-25 15:16:40.112,14807,14808,14807,2,-2
2022-07-25 15:16:40.406,14807,14808,14807,1,-1
2022-07-25 15:16:40.739,14806,14807,14807,1,1
2022-07-25 15:16:40.742,14806,14807,14807,1,1
2022-07-25 15:16:40.742,14806,14807,14807,1,1
2022-07-25 15:16:41.934,14807,14809,14807,2,-2
2022-07-25 15:16:44.485,14806,14808,14806,2,-2
2022-07-25 15:16:47.666,14806,14807,14806,3,-3
2022-07-25 15:16:47.666,14806,14807,14806,1,-1
2022-07-25 15:16:50.266,14805,14806,14805,1,-1
2022-07-25 15:16:54.592,14805,14806,14805,1,-1
2022-07-25 15:16:54.592,14805,14806,14805,8,-8
2022-07-25 15:16:56.320,14804,14806,14804,1,-1
2022-07-25 15:16:59.121,14804,14805,14805,2,2
2022-07-25 15:16:59.121,14804,14805,14805,1,1
2022-07-25 15:17:02.177,14805,14807,14805,1,-1
2022-07-25 15:17:04.513,14804,14807,14805,2,-2
2022-07-25 15:17:06.593,14804,14805,14804,7,-7
2022-07-25 15:17:06.598,14804,14805,14803,2,-2
2022-07-25 15:17:06.599,14804,14805,14803,8,-8
2022-07-25 15:17:06.672,14802,14803,14802,3,-3
2022-07-25 15:17:06.988,14802,14803,14802,1,-1
2022-07-25 15:17:12.253,14802,14803,14802,1,-1
2022-07-25 15:17:12.941,14802,14803,14802,3,-3
2022-07-25 15:17:12.942,14802,14803,14802,1,-1
2022-07-25 15:17:14.961,14802,14803,14802,1,-1
2022-07-25 15:17:16.409,14801,14802,14801,1,-1
2022-07-25 15:17:16.570,14801,14802,14801,1,-1
2022-07-25 15:17:16.587,14801,14802,14801,2,-2
2022-07-25 15:17:17.716,14801,14802,14801,2,-2
2022-07-25 15:17:19.946,14801,14802,14801,1,-1
2022-07-25 15:17:20.344,14801,14802,14801,1,-1
2022-07-25 15:17:20.344,14801,14802,14801,5,-5
2022-07-25 15:17:20.345,14801,14802,14801,1,-1
2022-07-25 15:17:20.345,14801,14802,14801,1,-1
2022-07-25 15:17:22.467,14801,14802,14801,2,-2
2022-07-25 15:17:22.858,14800,14802,14800,3,-3
2022-07-25 15:17:22.935,14800,14802,14800,1,-1
2022-07-25 15:17:22.935,14800,14802,14800,1,-1
2022-07-25 15:17:22.983,14800,14802,14800,2,-2
2022-07-25 15:17:23.144,14800,14802,14800,2,-2
2022-07-25 15:17:23.699,14800,14802,14800,1,-1
2022-07-25 15:17:23.770,14800,14802,14800,10,-10
2022-07-25 15:17:24.607,14800,14801,14800,8,-8
2022-07-25 15:17:26.324,14799,14800,14800,1,1
2022-07-25 15:17:26.324,14799,14800,14800,6,6
2022-07-25 15:17:26.324,14799,14800,14800,1,1
2022-07-25 15:17:26.324,14799,14800,14800,1,1
2022-07-25 15:17:26.835,14800,14801,14800,3,-3
2022-07-25 15:17:28.490,14800,14802,14800,1,-1
2022-07-25 15:17:28.920,14800,14802,14800,1,-1
2022-07-25 15:17:33.210,14800,14801,14800,1,-1
2022-07-25 15:17:33.210,14800,14801,14800,1,-1
2022-07-25 15:17:33.275,14799,14800,14800,3,3
2022-07-25 15:17:33.382,14800,14801,14800,2,-2
2022-07-25 15:17:35.480,14799,14800,14799,2,-2
2022-07-25 15:17:35.533,14799,14800,14799,1,-1
2022-07-25 15:17:35.603,14799,14800,14799,4,-4
2022-07-25 15:17:35.635,14799,14800,14799,2,-2
2022-07-25 15:17:35.664,14799,14800,14799,2,-2
2022-07-25 15:17:35.898,14799,14800,14799,2,-2
2022-07-25 15:17:36.322,14799,14800,14799,2,-2
2022-07-25 15:17:36.638,14798,14800,14798,2,-2
2022-07-25 15:17:39.549,14799,14800,14800,1,1
2022-07-25 15:17:43.726,14800,14801,14800,1,-1
2022-07-25 15:17:48.879,14800,14801,14801,1,1
2022-07-25 15:17:49.046,14800,14802,14802,1,1
2022-07-25 15:17:49.456,14800,14802,14801,1,1
2022-07-25 15:17:56.651,14801,14802,14801,1,-1
2022-07-25 15:17:56.651,14801,14802,14801,3,-3
2022-07-25 15:17:57.034,14800,14801,14801,1,1
2022-07-25 15:18:00.413,14800,14801,14800,5,-5
2022-07-25 15:18:00.413,14800,14801,14800,4,-4
2022-07-25 15:18:00.431,14800,14801,14799,8,-8
2022-07-25 15:18:01.655,14798,14800,14800,1,1
2022-07-25 15:18:03.291,14798,14799,14799,2,2
2022-07-25 15:18:04.723,14798,14800,14800,8,8
2022-07-25 15:18:06.818,14799,14800,14799,5,-5
2022-07-25 15:18:06.885,14799,14800,14799,1,-1
2022-07-25 15:18:09.962,14798,14799,14799,1,1
2022-07-25 15:18:12.869,14799,14800,14799,1,-1
2022-07-25 15:18:14.871,14799,14800,14800,4,4
2022-07-25 15:18:16.371,14799,14800,14799,1,-1
2022-07-25 15:18:20.197,14799,14800,14799,1,-1
2022-07-25 15:18:23.696,14799,14800,14800,1,1
2022-07-25 15:18:25.820,14800,14801,14801,1,1
2022-07-25 15:18:25.831,14800,14801,14801,1,1
2022-07-25 15:18:26.457,14801,14802,14802,1,1
2022-07-25 15:18:28.735,14800,14802,14802,1,1
2022-07-25 15:18:28.797,14800,14802,14802,2,2
2022-07-25 15:18:34.399,14802,14803,14802,1,-1
2022-07-25 15:18:38.145,14800,14802,14802,1,1
2022-07-25 15:18:46.206,14800,14802,14801,1,1
2022-07-25 15:18:46.819,14800,14801,14801,1,1
2022-07-25 15:18:50.165,14800,14801,14800,2,-2
2022-07-25 15:18:50.253,14800,14801,14801,1,1
2022-07-25 15:18:57.438,14800,14801,14800,2,-2
2022-07-25 15:19:00.803,14800,14801,14800,2,-2
2022-07-25 15:19:03.505,14799,14801,14799,1,-1
2022-07-25 15:19:05.822,14799,14800,14799,1,-1
2022-07-25 15:19:06.968,14800,14801,14800,1,-1
2022-07-25 15:19:08.638,14800,14801,14801,1,1
2022-07-25 15:19:13.945,14800,14801,14800,1,-1
2022-07-25 15:19:20.185,14800,14801,14800,1,-1
2022-07-25 15:19:27.095,14799,14800,14799,5,-5
2022-07-25 15:19:35.231,14799,14800,14799,2,-2
2022-07-25 15:19:35.857,14799,14800,14799,2,-2
2022-07-25 15:19:36.532,14799,14800,14799,2,-2
2022-07-25 15:19:40.182,14799,14800,14799,1,-1
2022-07-25 15:19:40.343,14799,14800,14800,11,11
2022-07-25 15:19:41.565,14800,14801,14800,1,-1
2022-07-25 15:19:42.074,14800,14801,14800,1,-1
2022-07-25 15:19:43.033,14800,14801,14800,1,-1
2022-07-25 15:19:49.026,14800,14801,14801,1,1
2022-07-25 15:19:49.026,14800,14801,14801,4,4
2022-07-25 15:19:50.353,14801,14802,14802,2,2
2022-07-25 15:19:50.471,14802,14803,14803,1,1
2022-07-25 15:19:59.112,14802,14803,14803,1,1
2022-07-25 15:20:00.182,14802,14803,14802,1,-1
2022-07-25 15:20:00.867,14802,14803,14802,1,-1
2022-07-25 15:20:03.258,14801,14802,14801,1,-1
2022-07-25 15:20:03.258,14801,14802,14801,1,-1
2022-07-25 15:20:03.277,14801,14802,14800,1,-1
2022-07-25 15:20:03.277,14801,14802,14800,2,-2
2022-07-25 15:20:06.255,14799,14800,14799,7,-7
2022-07-25 15:20:06.315,14799,14800,14798,11,-11
2022-07-25 15:20:06.379,14797,14798,14797,2,-2
2022-07-25 15:20:06.425,14797,14798,14797,1,-1
2022-07-25 15:20:07.742,14796,14797,14796,6,-6
2022-07-25 15:20:07.742,14796,14797,14796,1,-1
2022-07-25 15:20:07.992,14795,14796,14795,11,-11
2022-07-25 15:20:09.703,14794,14795,14794,1,-1
2022-07-25 15:20:09.918,14794,14795,14794,1,-1
2022-07-25 15:20:09.918,14794,14795,14794,1,-1
2022-07-25 15:20:09.919,14794,14795,14794,7,-7
2022-07-25 15:20:10.962,14793,14794,14793,2,-2
2022-07-25 15:20:10.963,14793,14794,14793,1,-1
2022-07-25 15:20:10.963,14793,14794,14793,23,-23
2022-07-25 15:20:10.963,14793,14794,14793,1,-1
2022-07-25 15:20:11.038,14792,14793,14792,1,-1
2022-07-25 15:20:11.039,14792,14793,14792,4,-4
2022-07-25 15:20:11.133,14791,14793,14791,1,-1
2022-07-25 15:20:11.195,14791,14793,14793,1,1
2022-07-25 15:20:11.304,14791,14793,14792,2,2
2022-07-25 15:20:11.564,14792,14794,14793,1,1
2022-07-25 15:20:11.564,14792,14794,14793,1,1
2022-07-25 15:20:11.819,14793,14795,14793,1,-1
2022-07-25 15:20:12.518,14793,14795,14793,1,-1
2022-07-25 15:20:13.623,14794,14795,14794,1,-1
2022-07-25 15:20:13.846,14793,14795,14794,1,-1
2022-07-25 15:20:14.936,14795,14796,14796,1,1
2022-07-25 15:20:15.262,14796,14798,14796,1,-1
2022-07-25 15:20:17.502,14795,14797,14795,1,-1
2022-07-25 15:20:19.855,14795,14797,14795,2,-2
2022-07-25 15:20:23.557,14795,14797,14797,1,1
2022-07-25 15:20:29.224,14795,14796,14796,2,2
2022-07-25 15:20:29.520,14795,14797,14795,1,-1
2022-07-25 15:20:29.734,14795,14797,14797,1,1
2022-07-25 15:20:31.902,14796,14797,14796,1,-1
2022-07-25 15:20:33.497,14795,14797,14795,1,-1
2022-07-25 15:20:36.440,14796,14797,14796,1,-1
2022-07-25 15:20:40.185,14796,14797,14796,2,-2
2022-07-25 15:20:40.493,14796,14797,14796,1,-1
2022-07-25 15:20:44.301,14796,14797,14796,1,-1
2022-07-25 15:20:44.301,14796,14797,14796,3,-3
2022-07-25 15:20:50.960,14795,14796,14795,1,-1
2022-07-25 15:20:50.984,14795,14796,14795,1,-1
2022-07-25 15:20:51.307,14795,14796,14795,1,-1
2022-07-25 15:20:51.307,14795,14796,14795,3,-3
2022-07-25 15:20:53.077,14794,14795,14794,1,-1
2022-07-25 15:20:53.077,14794,14795,14794,5,-5
2022-07-25 15:20:53.467,14793,14794,14793,1,-1
2022-07-25 15:20:55.126,14793,14794,14793,3,-3
2022-07-25 15:20:56.236,14792,14794,14792,1,-1
2022-07-25 15:20:56.478,14792,14793,14793,1,1
2022-07-25 15:20:56.512,14792,14793,14792,1,-1
2022-07-25 15:20:59.058,14792,14793,14793,1,1
2022-07-25 15:21:00.176,14792,14793,14792,2,-2
2022-07-25 15:21:00.804,14792,14793,14792,1,-1
2022-07-25 15:21:02.131,14792,14793,14792,5,-5
2022-07-25 15:21:02.447,14791,14793,14793,1,1
2022-07-25 15:21:04.475,14791,14792,14792,1,1
2022-07-25 15:21:05.314,14791,14792,14792,1,1
2022-07-25 15:21:08.461,14791,14792,14791,2,-2
2022-07-25 15:21:08.548,14791,14792,14792,2,2
2022-07-25 15:21:08.590,14791,14792,14791,3,-3
2022-07-25 15:21:10.295,14791,14792,14792,1,1
2022-07-25 15:21:10.843,14791,14792,14792,1,1
2022-07-25 15:21:13.605,14792,14793,14792,2,-2
2022-07-25 15:21:16.881,14792,14793,14792,1,-1
2022-07-25 15:21:18.169,14792,14793,14793,1,1
2022-07-25 15:21:20.181,14792,14793,14792,1,-1
2022-07-25 15:21:20.248,14792,14793,14793,2,2
2022-07-25 15:21:21.617,14792,14794,14794,2,2
2022-07-25 15:21:28.458,14793,14794,14794,1,1
2022-07-25 15:21:32.510,14794,14795,14794,1,-1
2022-07-25 15:21:39.018,14794,14795,14795,1,1
2022-07-25 15:21:39.697,14794,14795,14795,3,3
2022-07-25 15:21:44.815,14794,14795,14794,1,-1
2022-07-25 15:21:45.021,14794,14795,14794,1,-1
2022-07-25 15:21:46.774,14794,14795,14795,4,4
2022-07-25 15:21:48.647,14795,14796,14796,1,1
2022-07-25 15:21:54.990,14795,14796,14796,5,5
2022-07-25 15:21:54.991,14795,14796,14796,1,1
2022-07-25 15:21:57.217,14795,14797,14795,1,-1
2022-07-25 15:21:58.717,14795,14796,14795,1,-1
2022-07-25 15:22:01.312,14796,14797,14796,2,-2
2022-07-25 15:22:01.379,14795,14796,14795,1,-1
2022-07-25 15:22:01.769,14794,14796,14794,2,-2
2022-07-25 15:22:01.770,14794,14796,14794,1,-1
2022-07-25 15:22:09.418,14793,14794,14793,1,-1
2022-07-25 15:22:09.504,14793,14794,14793,1,-1
2022-07-25 15:22:09.904,14793,14794,14793,4,-4
2022-07-25 15:22:11.277,14793,14794,14793,1,-1
2022-07-25 15:22:12.255,14793,14794,14794,3,3
2022-07-25 15:22:12.497,14794,14796,14794,1,-1
2022-07-25 15:22:13.665,14794,14796,14795,2,-2
2022-07-25 15:22:13.737,14794,14796,14796,1,1
2022-07-25 15:22:19.272,14793,14794,14793,1,-1
2022-07-25 15:22:19.272,14793,14794,14793,2,-2
2022-07-25 15:22:21.647,14792,14794,14794,1,1
2022-07-25 15:22:25.348,14792,14793,14792,1,-1
2022-07-25 15:22:25.350,14792,14793,14791,1,-1
2022-07-25 15:22:25.350,14792,14793,14791,4,-4
2022-07-25 15:22:25.353,14792,14793,14790,9,-9
2022-07-25 15:22:25.353,14792,14793,14790,2,-2
2022-07-25 15:22:25.353,14792,14793,14790,2,-2
2022-07-25 15:22:25.353,14792,14793,14790,1,-1
2022-07-25 15:22:25.353,14792,14793,14790,4,-4
2022-07-25 15:22:25.363,14792,14793,14789,3,-3
2022-07-25 15:22:25.364,14792,14793,14789,3,-3
2022-07-25 15:22:25.364,14792,14793,14789,3,-3
2022-07-25 15:22:25.401,14788,14789,14788,1,-1
2022-07-25 15:22:25.401,14788,14789,14788,1,-1
2022-07-25 15:22:25.407,14788,14789,14788,1,-1
2022-07-25 15:22:25.426,14788,14789,14788,1,-1
2022-07-25 15:22:25.427,14788,14789,14788,1,-1
2022-07-25 15:22:25.427,14788,14789,14788,1,-1
2022-07-25 15:22:25.427,14788,14789,14788,5,-5
2022-07-25 15:22:25.538,14787,14788,14787,2,-2
2022-07-25 15:22:25.545,14787,14788,14787,2,-2
2022-07-25 15:22:25.562,14787,14788,14787,1,-1
2022-07-25 15:22:25.572,14787,14788,14788,1,1
2022-07-25 15:22:25.940,14788,14789,14789,1,1
2022-07-25 15:22:25.940,14788,14789,14789,1,1
2022-07-25 15:22:25.940,14788,14789,14789,1,1
2022-07-25 15:22:25.940,14788,14789,14789,1,1
2022-07-25 15:22:25.940,14788,14789,14789,1,1
2022-07-25 15:22:25.941,14788,14789,14790,1,1
2022-07-25 15:22:25.941,14788,14789,14790,1,1
2022-07-25 15:22:25.941,14788,14789,14790,3,3
2022-07-25 15:22:25.941,14788,14789,14790,3,3
2022-07-25 15:22:25.945,14788,14789,14791,1,1
2022-07-25 15:22:25.945,14788,14789,14791,1,1
2022-07-25 15:22:25.945,14788,14789,14792,1,1
2022-07-25 15:22:25.945,14788,14789,14791,1,1
2022-07-25 15:22:25.945,14788,14789,14791,1,1
2022-07-25 15:22:25.946,14788,14789,14791,2,2
2022-07-25 15:22:25.946,14788,14789,14792,1,1
2022-07-25 15:22:25.946,14788,14789,14792,1,1
2022-07-25 15:22:25.946,14788,14789,14792,1,1
2022-07-25 15:22:25.947,14788,14789,14792,1,1
2022-07-25 15:22:25.948,14788,14789,14792,4,4
2022-07-25 15:22:25.949,14788,14789,14793,4,4
2022-07-25 15:22:25.950,14788,14789,14793,1,1
2022-07-25 15:22:25.950,14788,14789,14794,3,3
2022-07-25 15:22:25.952,14788,14789,14794,8,8
2022-07-25 15:22:25.952,14788,14789,14795,5,5
2022-07-25 15:22:25.954,14788,14789,14795,1,1
2022-07-25 15:22:25.954,14788,14789,14795,1,1
2022-07-25 15:22:25.955,14788,14789,14794,1,1
2022-07-25 15:22:25.957,14788,14789,14794,1,1
2022-07-25 15:22:25.957,14788,14789,14794,1,1
2022-07-25 15:22:25.957,14788,14789,14794,5,5
2022-07-25 15:22:25.957,14788,14789,14794,1,1
2022-07-25 15:22:26.392,14794,14795,14795,1,1
2022-07-25 15:22:26.454,14794,14795,14795,1,1
2022-07-25 15:22:26.455,14794,14795,14795,1,1
2022-07-25 15:22:26.458,14794,14795,14795,1,1
2022-07-25 15:22:27.461,14794,14795,14794,1,-1
2022-07-25 15:22:27.504,14793,14795,14793,1,-1
2022-07-25 15:22:27.770,14794,14795,14794,1,-1
2022-07-25 15:22:31.245,14793,14795,14793,6,-6
2022-07-25 15:22:36.603,14792,14793,14793,1,1
2022-07-25 15:22:38.050,14792,14794,14794,1,1
2022-07-25 15:22:38.050,14792,14794,14794,4,4
2022-07-25 15:22:38.129,14794,14795,14794,1,-1
2022-07-25 15:22:38.835,14794,14795,14795,1,1
2022-07-25 15:22:38.835,14794,14795,14795,2,2
2022-07-25 15:22:38.835,14794,14795,14795,1,1
2022-07-25 15:22:40.598,14794,14796,14796,3,3
2022-07-25 15:22:42.107,14795,14796,14795,2,-2
2022-07-25 15:22:42.108,14795,14796,14794,1,-1
2022-07-25 15:22:42.108,14795,14796,14794,4,-4
2022-07-25 15:22:42.109,14795,14796,14794,4,-4
2022-07-25 15:22:42.110,14795,14796,14793,2,-2
2022-07-25 15:22:42.111,14795,14796,14793,1,-1
2022-07-25 15:22:42.111,14795,14796,14793,1,-1
2022-07-25 15:22:42.112,14795,14796,14792,1,-1
2022-07-25 15:22:42.112,14795,14796,14792,1,-1
2022-07-25 15:22:42.112,14795,14796,14793,1,-1
2022-07-25 15:22:42.112,14795,14796,14793,1,-1
2022-07-25 15:22:42.113,14795,14796,14793,1,-1
2022-07-25 15:22:42.117,14795,14796,14794,3,-3
2022-07-25 15:22:42.117,14795,14796,14794,1,-1
2022-07-25 15:22:42.118,14795,14796,14795,2,-2
2022-07-25 15:22:42.118,14795,14796,14794,1,-1
2022-07-25 15:22:42.118,14795,14796,14794,2,-2
2022-07-25 15:22:42.119,14795,14796,14794,1,-1
2022-07-25 15:22:42.119,14795,14796,14795,1,-1
2022-07-25 15:22:42.119,14795,14796,14795,1,-1
2022-07-25 15:22:42.119,14795,14796,14795,1,-1
2022-07-25 15:22:42.121,14795,14796,14795,2,-2
2022-07-25 15:22:42.121,14795,14796,14795,1,-1
2022-07-25 15:22:42.122,14795,14796,14795,1,-1
2022-07-25 15:22:42.122,14795,14796,14795,1,-1
2022-07-25 15:22:42.122,14795,14796,14795,1,-1
2022-07-25 15:22:42.123,14795,14796,14793,1,-1
2022-07-25 15:22:42.123,14795,14796,14793,1,-1
2022-07-25 15:22:42.125,14795,14796,14794,1,-1
2022-07-25 15:22:42.135,14793,14795,14794,1,-1
2022-07-25 15:22:42.147,14793,14795,14794,1,-1
2022-07-25 15:22:42.163,14793,14795,14793,1,-1
2022-07-25 15:22:42.355,14792,14793,14792,6,-6
2022-07-25 15:22:42.411,14791,14793,14791,2,-2
2022-07-25 15:22:42.467,14791,14793,14791,1,-1
2022-07-25 15:22:42.467,14791,14793,14791,1,-1
2022-07-25 15:22:42.969,14791,14792,14791,1,-1
2022-07-25 15:22:43.470,14790,14792,14792,1,1
2022-07-25 15:22:43.872,14790,14792,14792,1,1
2022-07-25 15:22:44.153,14791,14793,14791,1,-1
2022-07-25 15:22:45.506,14792,14793,14792,1,-1
2022-07-25 15:22:46.131,14792,14794,14792,1,-1
2022-07-25 15:22:48.674,14793,14795,14795,1,1
2022-07-25 15:22:50.118,14794,14795,14794,1,-1
2022-07-25 15:22:50.323,14793,14795,14793,1,-1
2022-07-25 15:22:50.365,14793,14795,14793,1,-1
2022-07-25 15:22:51.253,14791,14793,14793,2,2
2022-07-25 15:22:52.120,14791,14793,14793,4,4
2022-07-25 15:22:52.134,14791,14793,14791,1,-1
2022-07-25 15:22:53.029,14792,14794,14792,1,-1
2022-07-25 15:22:57.736,14789,14790,14789,1,-1
2022-07-25 15:22:58.497,14788,14790,14788,1,-1
2022-07-25 15:22:58.927,14789,14790,14789,1,-1
2022-07-25 15:22:58.927,14789,14790,14789,2,-2
2022-07-25 15:22:59.593,14789,14790,14789,1,-1
2022-07-25 15:22:59.874,14789,14790,14790,1,1
2022-07-25 15:22:59.874,14789,14790,14790,1,1
2022-07-25 15:22:59.874,14789,14790,14790,2,2
2022-07-25 15:23:03.610,14790,14791,14790,1,-1
2022-07-25 15:23:04.479,14790,14791,14791,3,3
2022-07-25 15:23:04.479,14790,14791,14791,1,1
2022-07-25 15:23:04.822,14791,14792,14792,1,1
2022-07-25 15:23:07.946,14793,14794,14794,3,3
2022-07-25 15:23:08.884,14794,14795,14795,1,1
2022-07-25 15:23:09.624,14794,14795,14794,1,-1
2022-07-25 15:23:09.888,14793,14795,14795,1,1
2022-07-25 15:23:12.210,14794,14795,14795,1,1
2022-07-25 15:23:12.211,14794,14795,14795,1,1
2022-07-25 15:23:12.508,14795,14796,14795,1,-1
2022-07-25 15:23:12.635,14795,14796,14796,4,4
2022-07-25 15:23:15.039,14795,14796,14796,1,1
2022-07-25 15:23:17.781,14795,14797,14797,2,2
2022-07-25 15:23:17.782,14795,14797,14797,3,3
2022-07-25 15:23:17.782,14795,14797,14797,1,1
2022-07-25 15:23:17.805,14795,14797,14798,3,3
2022-07-25 15:23:18.111,14798,14799,14799,1,1
2022-07-25 15:23:18.151,14798,14799,14799,2,2
2022-07-25 15:23:18.151,14798,14799,14800,2,2
2022-07-25 15:23:18.279,14798,14800,14800,1,1
2022-07-25 15:23:19.586,14798,14799,14799,1,1
2022-07-25 15:23:20.136,14798,14800,14798,1,-1
2022-07-25 15:23:20.896,14798,14800,14800,2,2
2022-07-25 15:23:23.207,14797,14799,14799,1,1
2022-07-25 15:23:23.386,14796,14798,14796,1,-1
2022-07-25 15:23:24.635,14798,14799,14799,4,4
2022-07-25 15:23:25.370,14798,14799,14798,2,-2
2022-07-25 15:23:28.391,14799,14800,14800,6,6
2022-07-25 15:23:29.006,14799,14800,14800,1,1
2022-07-25 15:23:31.090,14798,14799,14799,1,1
2022-07-25 15:23:31.478,14798,14799,14798,1,-1
2022-07-25 15:23:34.819,14798,14799,14798,1,-1
2022-07-25 15:23:38.769,14797,14798,14798,1,1
2022-07-25 15:23:46.587,14796,14798,14796,6,-6
2022-07-25 15:23:46.787,14796,14798,14797,3,-3
2022-07-25 15:23:47.179,14796,14798,14796,1,-1
2022-07-25 15:23:49.439,14796,14798,14796,1,-1
2022-07-25 15:23:52.269,14795,14796,14796,3,3
2022-07-25 15:24:02.371,14796,14797,14797,1,1
2022-07-25 15:24:02.371,14796,14797,14797,1,1
2022-07-25 15:24:02.380,14797,14799,14797,2,-2
2022-07-25 15:24:02.380,14797,14799,14797,2,-2
2022-07-25 15:24:02.381,14797,14799,14796,1,-1
2022-07-25 15:24:02.381,14797,14799,14796,1,-1
2022-07-25 15:24:02.387,14797,14799,14796,1,-1
2022-07-25 15:24:03.369,14796,14798,14796,1,-1
2022-07-25 15:24:07.594,14796,14797,14796,1,-1
2022-07-25 15:24:07.860,14794,14796,14794,1,-1
2022-07-25 15:24:08.040,14794,14795,14795,1,1
2022-07-25 15:24:08.132,14794,14796,14794,1,-1
2022-07-25 15:24:12.818,14795,14797,14797,1,1
2022-07-25 15:24:14.514,14795,14797,14795,1,-1
2022-07-25 15:24:19.120,14796,14798,14796,1,-1
2022-07-25 15:24:22.438,14795,14797,14796,1,-1
2022-07-25 15:24:25.610,14795,14797,14795,1,-1
2022-07-25 15:24:27.569,14795,14797,14796,1,-1
2022-07-25 15:24:28.237,14796,14797,14796,2,-2
2022-07-25 15:24:32.886,14795,14796,14795,1,-1
2022-07-25 15:24:34.341,14795,14796,14795,1,-1
2022-07-25 15:24:34.342,14795,14796,14795,1,-1
2022-07-25 15:24:42.694,14795,14796,14796,2,2
2022-07-25 15:24:47.224,14796,14797,14797,1,1
2022-07-25 15:24:47.224,14796,14797,14797,1,1
2022-07-25 15:24:56.769,14798,14799,14799,1,1
2022-07-25 15:25:00.605,14798,14800,14799,1,1
2022-07-25 15:25:02.502,14799,14800,14800,2,2
2022-07-25 15:25:02.538,14799,14800,14800,1,1
2022-07-25 15:25:02.592,14799,14800,14800,1,1
2022-07-25 15:25:02.606,14799,14800,14800,1,1
2022-07-25 15:25:02.671,14799,14800,14800,1,1
2022-07-25 15:25:07.198,14800,14801,14801,1,1
2022-07-25 15:25:07.198,14800,14801,14801,1,1
2022-07-25 15:25:07.376,14800,14802,14802,1,1
2022-07-25 15:25:07.914,14801,14802,14802,2,2
2022-07-25 15:25:07.915,14801,14802,14802,1,1
2022-07-25 15:25:07.915,14801,14802,14803,2,2
2022-07-25 15:25:07.916,14801,14802,14803,4,4
2022-07-25 15:25:07.917,14801,14802,14803,2,2
2022-07-25 15:25:07.917,14801,14802,14803,1,1
2022-07-25 15:25:07.917,14801,14802,14803,2,2
2022-07-25 15:25:07.917,14801,14802,14804,2,2
2022-07-25 15:25:07.917,14801,14802,14804,2,2
2022-07-25 15:25:07.917,14801,14802,14804,3,3
2022-07-25 15:25:07.919,14801,14802,14803,3,3
2022-07-25 15:25:08.292,14802,14804,14802,3,-3
2022-07-25 15:25:08.864,14802,14803,14802,1,-1
2022-07-25 15:25:10.888,14801,14802,14802,1,1
2022-07-25 15:25:11.897,14801,14802,14801,1,-1
2022-07-25 15:25:15.645,14800,14801,14801,1,1
2022-07-25 15:25:15.645,14800,14801,14801,1,1
2022-07-25 15:25:22.061,14801,14802,14802,1,1
2022-07-25 15:25:22.061,14801,14802,14802,2,2
2022-07-25 15:25:22.155,14801,14802,14802,1,1
2022-07-25 15:25:28.335,14803,14804,14804,4,4
2022-07-25 15:25:28.336,14803,14804,14805,1,1
2022-07-25 15:25:29.826,14804,14805,14804,2,-2
2022-07-25 15:25:30.226,14804,14805,14805,1,1
2022-07-25 15:25:31.175,14804,14805,14805,1,1
2022-07-25 15:25:31.175,14804,14805,14805,1,1
2022-07-25 15:25:31.175,14804,14805,14805,10,10
2022-07-25 15:25:31.237,14804,14805,14805,1,1
2022-07-25 15:25:31.375,14805,14806,14804,2,-2
2022-07-25 15:25:32.778,14804,14805,14804,1,-1
2022-07-25 15:25:32.778,14804,14805,14804,1,-1
2022-07-25 15:25:34.261,14803,14804,14804,1,1
2022-07-25 15:25:34.261,14803,14804,14805,1,1
2022-07-25 15:25:38.119,14803,14804,14804,1,1
2022-07-25 15:25:40.181,14803,14804,14804,3,3
2022-07-25 15:25:41.599,14803,14804,14803,2,-2
2022-07-25 15:25:50.189,14803,14804,14804,1,1
2022-07-25 15:25:50.552,14803,14804,14803,1,-1
2022-07-25 15:25:50.587,14803,14804,14802,2,-2
2022-07-25 15:25:54.099,14801,14803,14801,3,-3
2022-07-25 15:25:57.078,14800,14801,14800,1,-1
2022-07-25 15:25:57.078,14800,14801,14800,4,-4
2022-07-25 15:25:59.528,14798,14800,14799,1,-1
2022-07-25 15:26:01.475,14798,14799,14799,1,1
2022-07-25 15:26:01.476,14798,14799,14799,3,3
2022-07-25 15:26:01.751,14798,14799,14799,1,1
2022-07-25 15:26:01.752,14798,14799,14799,3,3
2022-07-25 15:26:10.197,14798,14800,14800,1,1
2022-07-25 15:26:10.931,14798,14800,14799,1,1
2022-07-25 15:26:13.025,14798,14799,14799,1,1
2022-07-25 15:26:14.510,14798,14799,14799,1,1
2022-07-25 15:26:14.510,14798,14799,14799,1,1
2022-07-25 15:26:14.511,14798,14799,14799,1,1
2022-07-25 15:26:14.516,14798,14799,14799,1,1
2022-07-25 15:26:14.527,14798,14799,14799,1,1
2022-07-25 15:26:14.538,14798,14799,14799,1,1
2022-07-25 15:26:14.549,14798,14799,14799,1,1
2022-07-25 15:26:14.550,14798,14799,14799,1,1
2022-07-25 15:26:14.560,14798,14799,14799,1,1
2022-07-25 15:26:21.622,14798,14799,14799,1,1
2022-07-25 15:26:22.746,14798,14799,14798,6,-6
2022-07-25 15:26:23.294,14798,14800,14799,1,-1
2022-07-25 15:26:23.294,14798,14800,14800,1,1
2022-07-25 15:26:23.464,14797,14800,14800,1,1
2022-07-25 15:26:35.752,14798,14799,14798,2,-2
2022-07-25 15:26:37.903,14797,14798,14798,1,1
2022-07-25 15:26:38.353,14797,14799,14797,4,-4
2022-07-25 15:26:44.320,14797,14799,14797,1,-1
2022-07-25 15:26:46.535,14796,14797,14797,1,1
2022-07-25 15:26:48.968,14796,14797,14797,1,1
2022-07-25 15:26:50.393,14796,14797,14796,3,-3
2022-07-25 15:26:52.502,14795,14796,14795,2,-2
2022-07-25 15:26:52.502,14795,14796,14795,1,-1
2022-07-25 15:26:56.683,14795,14796,14795,1,-1
2022-07-25 15:26:58.909,14795,14796,14796,1,1
2022-07-25 15:27:01.182,14796,14797,14796,1,-1
2022-07-25 15:27:02.186,14796,14797,14797,1,1
2022-07-25 15:27:02.337,14797,14799,14797,2,-2
2022-07-25 15:27:03.267,14797,14799,14799,5,5
2022-07-25 15:27:10.963,14797,14798,14797,1,-1
2022-07-25 15:27:11.165,14796,14797,14796,2,-2
2022-07-25 15:27:11.167,14796,14797,14796,3,-3
2022-07-25 15:27:13.416,14795,14796,14796,1,1
2022-07-25 15:27:16.938,14795,14796,14796,1,1
2022-07-25 15:27:24.006,14795,14796,14796,1,1
2022-07-25 15:27:29.857,14795,14796,14795,3,-3
2022-07-25 15:27:33.792,14794,14796,14794,1,-1
2022-07-25 15:27:36.513,14794,14796,14794,1,-1
2022-07-25 15:27:39.716,14794,14795,14794,1,-1
2022-07-25 15:27:41.272,14794,14795,14795,1,1
2022-07-25 15:27:41.284,14794,14795,14796,2,2
2022-07-25 15:27:45.136,14795,14796,14796,1,1
2022-07-25 15:27:47.362,14797,14798,14797,2,-2
2022-07-25 15:27:50.098,14797,14798,14798,1,1
2022-07-25 15:27:53.422,14797,14798,14797,1,-1
2022-07-25 15:27:56.411,14796,14797,14797,1,1
2022-07-25 15:27:56.895,14796,14797,14797,1,1
2022-07-25 15:28:04.495,14796,14798,14798,1,1
2022-07-25 15:28:17.575,14796,14797,14796,1,-1
2022-07-25 15:28:17.740,14795,14796,14795,2,-2
2022-07-25 15:28:19.387,14795,14797,14795,2,-2
2022-07-25 15:28:27.625,14796,14797,14795,2,-2
2022-07-25 15:28:28.113,14796,14797,14796,1,-1
2022-07-25 15:28:30.887,14795,14796,14795,1,-1
2022-07-25 15:28:43.993,14795,14796,14795,1,-1
2022-07-25 15:28:48.623,14794,14796,14796,1,1
2022-07-25 15:28:48.623,14794,14796,14796,2,2
2022-07-25 15:28:54.801,14796,14797,14797,1,1
2022-07-25 15:28:58.627,14797,14798,14798,1,1
2022-07-25 15:28:58.627,14797,14798,14798,1,1
2022-07-25 15:28:58.627,14797,14798,14798,1,1
2022-07-25 15:29:04.159,14798,14799,14798,5,-5
2022-07-25 15:29:10.224,14796,14797,14797,1,1
2022-07-25 15:29:14.498,14796,14797,14797,1,1
2022-07-25 15:29:18.293,14796,14797,14797,1,1
2022-07-25 15:29:28.529,14798,14799,14798,1,-1
2022-07-25 15:29:30.052,14797,14799,14797,1,-1
2022-07-25 15:29:30.053,14797,14799,14797,2,-2
2022-07-25 15:29:45.434,14797,14798,14798,1,1
2022-07-25 15:29:45.435,14797,14798,14798,1,1
2022-07-25 15:29:48.149,14797,14799,14797,11,-11
2022-07-25 15:29:52.543,14796,14798,14796,2,-2
2022-07-25 15:29:58.382,14797,14798,14797,1,-1
2022-07-25 15:30:02.132,14797,14798,14797,1,-1
2022-07-25 15:30:02.133,14797,14798,14797,5,-5
2022-07-25 15:30:02.133,14797,14798,14797,3,-3
2022-07-25 15:30:02.266,14796,14797,14797,1,1
2022-07-25 15:30:02.266,14796,14797,14797,1,1
2022-07-25 15:30:02.266,14796,14797,14798,1,1
2022-07-25 15:30:02.267,14796,14797,14798,1,1
2022-07-25 15:30:08.161,14797,14798,14798,2,2
2022-07-25 15:30:11.161,14798,14799,14799,10,10
2022-07-25 15:30:11.274,14798,14800,14800,1,1
2022-07-25 15:30:12.216,14798,14800,14800,1,1
2022-07-25 15:30:14.612,14798,14799,14799,1,1
2022-07-25 15:30:17.532,14798,14799,14799,1,1
2022-07-25 15:30:34.157,14799,14800,14799,1,-1
2022-07-25 15:30:35.343,14799,14800,14799,1,-1
2022-07-25 15:30:35.343,14799,14800,14799,1,-1
2022-07-25 15:30:35.344,14799,14800,14799,2,-2
2022-07-25 15:30:35.377,14799,14800,14799,1,-1
2022-07-25 15:30:35.377,14799,14800,14799,1,-1
2022-07-25 15:30:46.842,14799,14800,14799,1,-1
2022-07-25 15:30:46.842,14799,14800,14799,2,-2
2022-07-25 15:30:46.843,14799,14800,14799,1,-1
2022-07-25 15:30:46.843,14799,14800,14799,1,-1
2022-07-25 15:30:46.883,14798,14799,14799,1,1
2022-07-25 15:30:49.495,14798,14799,14798,1,-1
2022-07-25 15:30:49.495,14798,14799,14798,2,-2
2022-07-25 15:30:49.496,14798,14799,14798,1,-1
2022-07-25 15:30:49.496,14798,14799,14798,1,-1
2022-07-25 15:30:54.499,14798,14799,14798,3,-3
2022-07-25 15:30:55.298,14797,14798,14797,2,-2
2022-07-25 15:30:55.426,14796,14797,14796,1,-1
2022-07-25 15:30:55.426,14796,14797,14795,4,-4
2022-07-25 15:30:55.426,14796,14797,14795,5,-5
2022-07-25 15:30:55.788,14795,14796,14796,1,1
2022-07-25 15:31:03.685,14794,14795,14794,1,-1
2022-07-25 15:31:03.685,14794,14795,14794,1,-1
2022-07-25 15:31:12.317,14793,14795,14793,3,-3
2022-07-25 15:31:13.365,14793,14795,14793,1,-1
2022-07-25 15:31:28.900,14793,14795,14793,2,-2
2022-07-25 15:31:29.712,14793,14794,14793,1,-1
2022-07-25 15:31:30.436,14793,14794,14794,1,1
2022-07-25 15:31:33.820,14793,14794,14793,1,-1
2022-07-25 15:31:38.348,14793,14794,14794,1,1
2022-07-25 15:31:40.880,14793,14794,14794,1,1
2022-07-25 15:31:40.881,14793,14794,14794,1,1
2022-07-25 15:31:40.881,14793,14794,14794,1,1
2022-07-25 15:31:46.158,14793,14794,14794,1,1
2022-07-25 15:31:47.062,14793,14794,14794,9,9
2022-07-25 15:31:48.456,14794,14795,14794,2,-2
2022-07-25 15:31:48.964,14794,14795,14795,1,1
2022-07-25 15:31:50.395,14795,14796,14796,1,1
2022-07-25 15:31:51.555,14795,14797,14795,5,-5
2022-07-25 15:31:54.402,14795,14796,14795,3,-3
2022-07-25 15:31:54.402,14795,14796,14794,2,-2
2022-07-25 15:31:59.344,14796,14797,14797,1,1
2022-07-25 15:32:05.999,14797,14798,14798,1,1
2022-07-25 15:32:07.196,14797,14799,14797,1,-1
2022-07-25 15:32:10.236,14797,14798,14798,1,1
2022-07-25 15:32:12.123,14797,14799,14797,1,-1
2022-07-25 15:32:20.033,14798,14799,14799,1,1
2022-07-25 15:32:20.033,14798,14799,14799,1,1
2022-07-25 15:32:20.033,14798,14799,14799,1,1
2022-07-25 15:32:20.033,14798,14799,14799,1,1
2022-07-25 15:32:20.033,14798,14799,14799,8,8
2022-07-25 15:32:21.322,14799,14800,14799,3,-3
2022-07-25 15:32:21.813,14798,14799,14799,4,4
2022-07-25 15:32:23.964,14798,14799,14798,1,-1
2022-07-25 15:32:23.964,14798,14799,14798,1,-1
2022-07-25 15:32:58.944,14799,14800,14799,1,-1
2022-07-25 15:32:58.944,14799,14800,14799,2,-2
2022-07-25 15:33:01.520,14798,14800,14799,2,-2
2022-07-25 15:33:01.520,14798,14800,14799,1,-1
2022-07-25 15:33:01.520,14798,14800,14799,1,-1
2022-07-25 15:33:02.851,14798,14800,14798,1,-1
2022-07-25 15:33:12.467,14798,14799,14798,1,-1
2022-07-25 15:33:27.035,14798,14799,14798,1,-1
2022-07-25 15:33:28.748,14797,14798,14798,1,1
2022-07-25 15:33:41.647,14797,14798,14798,1,1
2022-07-25 15:33:45.035,14797,14798,14797,1,-1
2022-07-25 15:33:54.089,14797,14798,14798,2,2
2022-07-25 15:33:54.107,14797,14798,14799,1,1
2022-07-25 15:33:58.556,14798,14799,14798,1,-1
2022-07-25 15:34:02.270,14798,14799,14799,1,1
2022-07-25 15:34:03.096,14798,14799,14799,4,4
2022-07-25 15:34:05.099,14799,14800,14800,1,1
2022-07-25 15:34:05.099,14799,14800,14800,3,3
2022-07-25 15:34:05.151,14799,14801,14801,1,1
2022-07-25 15:34:09.262,14798,14800,14800,1,1
2022-07-25 15:34:11.537,14798,14799,14798,1,-1
2022-07-25 15:34:13.407,14798,14799,14799,1,1
2022-07-25 15:34:13.488,14798,14799,14799,2,2
2022-07-25 15:34:13.588,14799,14801,14799,1,-1
2022-07-25 15:34:16.760,14798,14799,14799,1,1
2022-07-25 15:34:23.539,14799,14800,14800,2,2
2022-07-25 15:34:32.439,14800,14801,14800,1,-1
2022-07-25 15:34:39.645,14800,14801,14801,1,1
2022-07-25 15:34:40.177,14800,14801,14801,2,2
2022-07-25 15:34:49.676,14800,14801,14800,1,-1
2022-07-25 15:34:49.676,14800,14801,14800,2,-2
2022-07-25 15:34:51.656,14799,14800,14800,2,2
2022-07-25 15:34:53.966,14799,14801,14800,1,1
2022-07-25 15:35:06.462,14800,14801,14801,1,1
2022-07-25 15:35:06.615,14800,14801,14800,1,-1
2022-07-25 15:35:06.720,14800,14801,14800,1,-1
2022-07-25 15:35:11.779,14800,14801,14800,1,-1
2022-07-25 15:35:11.779,14800,14801,14800,1,-1
2022-07-25 15:35:15.708,14800,14801,14800,2,-2
2022-07-25 15:35:20.177,14800,14801,14801,1,1
2022-07-25 15:35:24.231,14800,14801,14800,1,-1
2022-07-25 15:35:24.232,14800,14801,14800,1,-1
2022-07-25 15:35:33.568,14799,14800,14799,5,-5
2022-07-25 15:35:33.570,14799,14800,14798,1,-1
2022-07-25 15:35:41.829,14798,14799,14799,1,1
2022-07-25 15:35:41.833,14798,14799,14799,1,1
2022-07-25 15:35:41.833,14798,14799,14799,3,3
2022-07-25 15:35:41.957,14799,14800,14800,2,2
2022-07-25 15:35:45.375,14799,14801,14799,1,-1
2022-07-25 15:35:48.187,14799,14800,14799,1,-1
2022-07-25 15:35:48.708,14799,14800,14800,2,2
2022-07-25 15:35:48.980,14799,14801,14799,1,-1
2022-07-25 15:36:00.181,14800,14801,14801,1,1
2022-07-25 15:36:00.597,14800,14801,14800,1,-1
2022-07-25 15:36:02.048,14800,14801,14801,1,1
2022-07-25 15:36:03.477,14800,14801,14800,1,-1
2022-07-25 15:36:11.141,14799,14800,14800,1,1
2022-07-25 15:36:11.141,14799,14800,14800,1,1
2022-07-25 15:36:11.141,14799,14800,14800,2,2
2022-07-25 15:36:20.177,14799,14800,14800,1,1
2022-07-25 15:36:27.836,14799,14800,14800,1,1
2022-07-25 15:36:29.899,14799,14800,14800,1,1
2022-07-25 15:36:29.899,14799,14800,14801,1,1
2022-07-25 15:36:50.426,14800,14801,14800,1,-1
2022-07-25 15:36:51.158,14800,14801,14800,1,-1
2022-07-25 15:36:51.359,14800,14801,14800,5,-5
2022-07-25 15:36:51.359,14800,14801,14800,1,-1
2022-07-25 15:36:51.359,14800,14801,14800,1,-1
2022-07-25 15:36:51.359,14800,14801,14800,1,-1
2022-07-25 15:36:51.359,14800,14801,14800,2,-2
2022-07-25 15:36:51.359,14800,14801,14800,3,-3
2022-07-25 15:36:51.359,14800,14801,14800,1,-1
2022-07-25 15:36:58.071,14799,14800,14800,1,1
2022-07-25 15:36:58.181,14800,14801,14800,2,-2
2022-07-25 15:36:58.181,14800,14801,14800,1,-1
2022-07-25 15:37:00.218,14799,14800,14800,4,4
2022-07-25 15:37:03.566,14799,14800,14799,1,-1
2022-07-25 15:37:07.478,14799,14800,14799,3,-3
2022-07-25 15:37:26.150,14798,14799,14798,1,-1
2022-07-25 15:37:26.150,14798,14799,14798,2,-2
2022-07-25 15:37:36.050,14798,14799,14798,1,-1
2022-07-25 15:37:36.865,14797,14798,14798,2,2
2022-07-25 15:37:36.866,14797,14798,14798,3,3
2022-07-25 15:37:41.203,14797,14798,14797,3,-3
2022-07-25 15:37:50.581,14796,14797,14797,1,1
2022-07-25 15:37:51.368,14796,14797,14796,1,-1
2022-07-25 15:37:54.998,14796,14797,14796,1,-1
2022-07-25 15:37:58.964,14796,14797,14797,1,1
2022-07-25 15:38:12.640,14797,14798,14797,2,-2
2022-07-25 15:38:13.040,14797,14798,14797,1,-1
2022-07-25 15:38:15.594,14796,14798,14796,2,-2
2022-07-25 15:38:27.549,14797,14798,14797,1,-1
2022-07-25 15:38:29.352,14796,14797,14797,1,1
2022-07-25 15:38:30.938,14796,14797,14796,4,-4
2022-07-25 15:38:35.200,14796,14797,14797,1,1
2022-07-25 15:38:36.734,14796,14797,14796,1,-1
2022-07-25 15:38:44.673,14796,14797,14797,1,1
2022-07-25 15:38:46.006,14796,14797,14797,1,1
2022-07-25 15:38:47.461,14796,14797,14796,1,-1
2022-07-25 15:38:58.428,14796,14797,14797,1,1
2022-07-25 15:38:59.787,14796,14797,14797,1,1
2022-07-25 15:39:06.439,14797,14798,14798,1,1
2022-07-25 15:39:06.439,14797,14798,14798,1,1
2022-07-25 15:39:06.439,14797,14798,14798,3,3
2022-07-25 15:39:06.440,14797,14798,14798,1,1
2022-07-25 15:39:06.440,14797,14798,14798,1,1
2022-07-25 15:39:09.547,14798,14799,14799,1,1
2022-07-25 15:39:09.548,14798,14799,14799,1,1
2022-07-25 15:39:13.455,14798,14799,14799,1,1
2022-07-25 15:39:19.800,14798,14799,14799,1,1
2022-07-25 15:39:41.325,14798,14799,14798,2,-2
2022-07-25 15:39:41.729,14797,14799,14797,3,-3
2022-07-25 15:39:41.730,14797,14799,14797,1,-1
2022-07-25 15:39:53.137,14798,14799,14799,1,1
2022-07-25 15:40:05.847,14798,14799,14799,1,1
2022-07-25 15:40:18.423,14797,14799,14799,1,1
2022-07-25 15:40:25.222,14798,14799,14799,2,2
2022-07-25 15:40:27.018,14799,14800,14799,1,-1
2022-07-25 15:40:42.899,14799,14800,14800,2,2
2022-07-25 15:40:43.035,14799,14800,14800,1,1
2022-07-25 15:40:44.772,14799,14800,14800,1,1
2022-07-25 15:40:54.848,14799,14800,14799,1,-1
2022-07-25 15:40:54.848,14799,14800,14799,1,-1
2022-07-25 15:40:56.043,14798,14799,14798,1,-1
2022-07-25 15:40:56.915,14797,14799,14799,1,1
2022-07-25 15:41:00.012,14797,14798,14797,3,-3
2022-07-25 15:41:01.040,14796,14798,14796,10,-10
2022-07-25 15:41:13.829,14795,14796,14795,1,-1
2022-07-25 15:41:14.128,14795,14796,14795,1,-1
2022-07-25 15:41:14.128,14795,14796,14795,3,-3
2022-07-25 15:41:16.267,14795,14796,14795,2,-2
2022-07-25 15:41:17.783,14795,14796,14795,1,-1
2022-07-25 15:41:20.342,14795,14796,14796,1,1
2022-07-25 15:41:20.342,14795,14796,14796,1,1
2022-07-25 15:41:20.342,14795,14796,14796,1,1
2022-07-25 15:41:20.342,14795,14796,14796,1,1
2022-07-25 15:41:54.993,14797,14799,14797,1,-1
2022-07-25 15:41:59.282,14798,14799,14799,1,1
2022-07-25 15:42:09.515,14799,14800,14799,1,-1
2022-07-25 15:42:13.293,14799,14800,14799,1,-1
2022-07-25 15:42:19.807,14799,14800,14799,1,-1
2022-07-25 15:42:21.775,14799,14800,14800,1,1
2022-07-25 15:42:25.190,14799,14800,14800,1,1
2022-07-25 15:42:46.046,14798,14799,14799,1,1
2022-07-25 15:42:49.227,14798,14799,14799,3,3
2022-07-25 15:42:50.719,14799,14800,14800,1,1
2022-07-25 15:42:50.719,14799,14800,14800,2,2
2022-07-25 15:42:52.572,14800,14801,14801,12,12
2022-07-25 15:42:53.191,14801,14802,14801,1,-1
2022-07-25 15:42:58.665,14801,14802,14802,2,2
2022-07-25 15:42:58.710,14801,14802,14801,1,-1
2022-07-25 15:43:01.612,14801,14802,14802,1,1
2022-07-25 15:43:01.612,14801,14802,14802,1,1
2022-07-25 15:43:01.869,14802,14803,14803,6,6
2022-07-25 15:43:01.901,14803,14804,14804,1,1
2022-07-25 15:43:02.029,14803,14804,14804,1,1
2022-07-25 15:43:02.748,14803,14804,14803,1,-1
2022-07-25 15:43:02.925,14803,14804,14804,3,3
2022-07-25 15:43:03.996,14804,14805,14804,2,-2
2022-07-25 15:43:04.679,14804,14805,14805,1,1
2022-07-25 15:43:05.959,14804,14805,14804,2,-2
2022-07-25 15:43:08.285,14804,14805,14805,1,1
2022-07-25 15:43:08.344,14804,14805,14805,3,3
2022-07-25 15:43:08.344,14804,14805,14805,11,11
2022-07-25 15:43:08.356,14804,14805,14806,1,1
2022-07-25 15:43:08.391,14805,14806,14806,1,1
2022-07-25 15:43:08.405,14805,14806,14805,1,-1
2022-07-25 15:43:08.405,14805,14806,14804,1,-1
2022-07-25 15:43:08.833,14804,14806,14806,2,2
2022-07-25 15:43:08.837,14804,14806,14806,2,2
2022-07-25 15:43:11.600,14805,14806,14805,1,-1
2022-07-25 15:43:11.850,14805,14806,14806,1,1
2022-07-25 15:43:11.850,14805,14806,14806,1,1
2022-07-25 15:43:11.850,14805,14806,14806,1,1
2022-07-25 15:43:11.850,14805,14806,14806,1,1
2022-07-25 15:43:11.850,14805,14806,14806,16,16
2022-07-25 15:43:12.519,14805,14807,14807,2,2
2022-07-25 15:43:12.638,14805,14807,14807,2,2
2022-07-25 15:43:12.655,14805,14807,14807,2,2
2022-07-25 15:43:15.356,14806,14807,14806,1,-1
2022-07-25 15:43:16.921,14805,14807,14807,1,1
2022-07-25 15:43:17.667,14805,14807,14807,1,1
2022-07-25 15:43:24.100,14805,14807,14807,1,1
2022-07-25 15:43:25.599,14805,14806,14806,1,1
2022-07-25 15:43:25.603,14805,14806,14807,1,1
2022-07-25 15:43:29.940,14805,14807,14807,1,1
2022-07-25 15:43:31.703,14805,14807,14807,2,2
2022-07-25 15:43:34.186,14805,14806,14806,2,2
2022-07-25 15:43:41.205,14806,14807,14806,1,-1
2022-07-25 15:43:43.994,14805,14806,14806,1,1
2022-07-25 15:43:48.676,14806,14807,14806,1,-1
2022-07-25 15:43:51.469,14805,14806,14806,1,1
2022-07-25 15:43:53.310,14805,14807,14806,1,1
2022-07-25 15:43:53.755,14805,14807,14805,1,-1
2022-07-25 15:43:54.476,14805,14807,14805,2,-2
2022-07-25 15:43:54.554,14805,14806,14805,10,-10
2022-07-25 15:43:56.205,14804,14805,14805,1,1
2022-07-25 15:43:57.361,14804,14805,14805,1,1
2022-07-25 15:43:59.194,14804,14805,14805,5,5
2022-07-25 15:43:59.194,14804,14805,14806,8,8
2022-07-25 15:43:59.196,14804,14805,14806,3,3
2022-07-25 15:43:59.196,14804,14805,14806,3,3
2022-07-25 15:44:06.856,14805,14806,14806,2,2
2022-07-25 15:44:09.508,14806,14807,14806,2,-2
2022-07-25 15:44:13.920,14806,14807,14806,1,-1
2022-07-25 15:44:19.287,14805,14807,14807,1,1
2022-07-25 15:44:20.317,14805,14807,14806,1,1
2022-07-25 15:44:21.340,14806,14807,14807,1,1
2022-07-25 15:44:28.780,14806,14807,14807,1,1
2022-07-25 15:44:30.664,14806,14807,14807,1,1
2022-07-25 15:44:34.975,14806,14807,14807,2,2
2022-07-25 15:44:37.982,14806,14807,14807,1,1
2022-07-25 15:44:38.258,14806,14807,14807,1,1
2022-07-25 15:44:38.918,14806,14808,14807,1,1
2022-07-25 15:44:39.877,14806,14807,14807,1,1
2022-07-25 15:44:40.575,14807,14808,14808,5,5
2022-07-25 15:44:42.622,14807,14808,14807,1,-1
2022-07-25 15:44:42.900,14806,14808,14807,1,-1
2022-07-25 15:44:43.140,14806,14808,14808,1,1
2022-07-25 15:44:50.411,14806,14807,14806,1,-1
2022-07-25 15:44:56.214,14806,14807,14807,2,2
2022-07-25 15:44:59.123,14806,14807,14806,3,-3
2022-07-25 15:45:00.179,14805,14806,14806,1,1
2022-07-25 15:45:00.363,14805,14807,14806,1,1
2022-07-25 15:45:00.366,14805,14807,14807,1,1
2022-07-25 15:45:00.373,14805,14807,14807,1,1
2022-07-25 15:45:01.342,14805,14807,14805,3,-3
2022-07-25 15:45:01.355,14805,14807,14804,1,-1
2022-07-25 15:45:01.659,14804,14806,14806,1,1
2022-07-25 15:45:05.177,14805,14806,14805,1,-1
2022-07-25 15:45:13.705,14804,14805,14805,1,1
2022-07-25 15:45:20.187,14805,14806,14806,3,3
2022-07-25 15:45:20.188,14805,14806,14806,2,2
2022-07-25 15:45:24.142,14805,14806,14806,1,1
2022-07-25 15:45:25.669,14805,14806,14806,1,1
2022-07-25 15:45:29.257,14805,14806,14806,1,1
2022-07-25 15:45:32.197,14806,14807,14806,1,-1
2022-07-25 15:45:33.217,14806,14807,14806,1,-1
2022-07-25 15:45:40.189,14806,14807,14807,1,1
2022-07-25 15:45:51.909,14806,14807,14806,1,-1
2022-07-25 15:46:00.196,14806,14807,14806,1,-1
2022-07-25 15:46:08.297,14806,14807,14807,1,1
2022-07-25 15:46:08.297,14806,14807,14807,5,5
2022-07-25 15:46:08.505,14807,14808,14807,1,-1
2022-07-25 15:46:12.640,14806,14808,14806,5,-5
2022-07-25 15:46:15.011,14806,14808,14808,1,1
2022-07-25 15:46:20.153,14806,14807,14807,2,2
2022-07-25 15:46:22.439,14807,14808,14807,2,-2
2022-07-25 15:46:22.439,14807,14808,14806,2,-2
2022-07-25 15:46:27.999,14806,14807,14807,2,2
2022-07-25 15:46:27.999,14806,14807,14808,3,3
2022-07-25 15:46:29.401,14806,14808,14806,1,-1
2022-07-25 15:46:33.553,14806,14807,14807,7,7
2022-07-25 15:46:51.862,14807,14808,14808,1,1
2022-07-25 15:46:57.336,14807,14808,14807,5,-5
2022-07-25 15:46:57.336,14807,14808,14807,1,-1
2022-07-25 15:46:57.336,14807,14808,14807,1,-1
2022-07-25 15:46:57.336,14807,14808,14807,3,-3
2022-07-25 15:46:57.336,14807,14808,14807,1,-1
2022-07-25 15:46:57.336,14807,14808,14807,3,-3
2022-07-25 15:46:57.336,14807,14808,14807,4,-4
2022-07-25 15:46:57.336,14807,14808,14807,5,-5
2022-07-25 15:46:57.336,14807,14808,14807,1,-1
2022-07-25 15:46:57.337,14807,14808,14807,21,-21
2022-07-25 15:46:57.337,14807,14808,14806,1,-1
2022-07-25 15:46:57.338,14807,14808,14806,1,-1
2022-07-25 15:47:01.099,14806,14807,14807,1,1
2022-07-25 15:47:03.994,14806,14807,14807,1,1
2022-07-25 15:47:05.368,14806,14807,14807,1,1
2022-07-25 15:47:05.368,14806,14807,14807,1,1
2022-07-25 15:47:05.368,14806,14807,14807,1,1
2022-07-25 15:47:09.218,14805,14807,14807,1,1
2022-07-25 15:47:12.944,14806,14807,14807,1,1
2022-07-25 15:47:22.610,14805,14807,14807,1,1
2022-07-25 15:47:26.695,14805,14806,14805,1,-1
2022-07-25 15:47:27.682,14805,14806,14806,1,1
2022-07-25 15:47:29.163,14805,14806,14805,1,-1
2022-07-25 15:47:29.227,14805,14806,14805,1,-1
2022-07-25 15:47:29.227,14805,14806,14805,1,-1
2022-07-25 15:47:29.227,14805,14806,14805,1,-1
2022-07-25 15:47:29.227,14805,14806,14805,3,-3
2022-07-25 15:47:29.227,14805,14806,14805,2,-2
2022-07-25 15:47:33.978,14805,14806,14805,1,-1
2022-07-25 15:47:35.782,14805,14806,14805,1,-1
2022-07-25 15:47:38.372,14804,14806,14804,1,-1
2022-07-25 15:47:42.333,14804,14806,14804,1,-1
2022-07-25 15:48:09.197,14805,14806,14805,1,-1
2022-07-25 15:48:09.197,14805,14806,14805,2,-2
2022-07-25 15:48:17.414,14804,14805,14804,3,-3
2022-07-25 15:48:17.414,14804,14805,14803,1,-1
2022-07-25 15:48:21.114,14803,14805,14803,1,-1
2022-07-25 15:48:28.476,14803,14805,14803,1,-1
2022-07-25 15:48:35.594,14804,14805,14805,1,1
2022-07-25 15:48:35.594,14804,14805,14805,4,4
2022-07-25 15:48:35.594,14804,14805,14805,1,1
2022-07-25 15:48:43.955,14805,14806,14806,1,1
2022-07-25 15:48:48.259,14805,14807,14807,1,1
2022-07-25 15:48:51.075,14805,14807,14807,1,1
2022-07-25 15:49:03.007,14806,14807,14806,1,-1
2022-07-25 15:49:03.007,14806,14807,14806,1,-1
2022-07-25 15:49:14.390,14805,14806,14806,1,1
2022-07-25 15:49:21.380,14805,14807,14807,1,1
2022-07-25 15:49:21.557,14807,14808,14807,2,-2
2022-07-25 15:49:28.431,14804,14805,14805,1,1
2022-07-25 15:49:30.533,14805,14806,14805,1,-1
2022-07-25 15:49:32.272,14805,14806,14805,1,-1
2022-07-25 15:49:34.305,14805,14806,14805,1,-1
2022-07-25 15:49:36.614,14805,14806,14804,1,-1
2022-07-25 15:49:37.421,14804,14806,14806,1,1
2022-07-25 15:49:45.416,14803,14805,14803,1,-1
2022-07-25 15:50:03.353,14802,14803,14803,1,1
2022-07-25 15:50:03.354,14802,14803,14803,1,1
2022-07-25 15:50:12.627,14803,14804,14803,2,-2
2022-07-25 15:50:13.829,14803,14805,14803,2,-2
2022-07-25 15:50:27.966,14803,14804,14804,1,1
2022-07-25 15:50:27.966,14803,14804,14804,1,1
2022-07-25 15:50:38.709,14803,14805,14804,1,1
2022-07-25 15:51:04.238,14803,14804,14803,2,-2
2022-07-25 15:51:11.647,14803,14804,14804,1,1
2022-07-25 15:51:15.410,14803,14804,14804,1,1
2022-07-25 15:51:17.083,14803,14804,14804,1,1
2022-07-25 15:51:35.108,14802,14803,14803,2,2
2022-07-25 15:51:59.513,14803,14804,14803,1,-1
2022-07-25 15:52:35.966,14802,14803,14802,4,-4
2022-07-25 15:52:35.966,14802,14803,14802,2,-2
2022-07-25 15:52:41.462,14801,14802,14802,5,5
2022-07-25 15:52:41.477,14801,14802,14803,2,2
2022-07-25 15:52:43.439,14802,14803,14802,5,-5
2022-07-25 15:52:44.879,14801,14802,14801,1,-1
2022-07-25 15:52:44.879,14801,14802,14801,1,-1
2022-07-25 15:52:44.879,14801,14802,14801,3,-3
2022-07-25 15:52:54.028,14801,14802,14801,2,-2
2022-07-25 15:53:01.345,14801,14802,14801,3,-3
2022-07-25 15:53:01.346,14801,14802,14801,1,-1
2022-07-25 15:53:01.346,14801,14802,14801,2,-2
2022-07-25 15:53:01.359,14801,14802,14800,2,-2
2022-07-25 15:53:01.360,14801,14802,14800,9,-9
2022-07-25 15:53:01.360,14801,14802,14800,1,-1
2022-07-25 15:53:16.367,14800,14801,14800,1,-1
2022-07-25 15:53:18.485,14799,14800,14799,1,-1
2022-07-25 15:53:18.486,14799,14800,14799,4,-4
2022-07-25 15:53:20.382,14799,14800,14799,2,-2
2022-07-25 15:53:20.939,14799,14800,14799,2,-2
2022-07-25 15:53:20.939,14799,14800,14798,2,-2
2022-07-25 15:53:22.558,14798,14800,14799,1,-1
2022-07-25 15:53:32.412,14799,14800,14799,1,-1
2022-07-25 15:53:32.702,14799,14800,14799,1,-1
2022-07-25 15:53:32.832,14799,14800,14800,10,10
2022-07-25 15:53:32.832,14799,14800,14801,11,11
2022-07-25 15:53:34.554,14801,14802,14801,3,-3
2022-07-25 15:53:55.723,14801,14802,14801,1,-1
2022-07-25 15:53:58.133,14801,14802,14801,2,-2
2022-07-25 15:53:58.133,14801,14802,14801,4,-4
2022-07-25 15:53:58.133,14801,14802,14801,1,-1
2022-07-25 15:53:58.133,14801,14802,14801,2,-2
2022-07-25 15:53:58.133,14801,14802,14801,2,-2
2022-07-25 15:53:58.133,14801,14802,14801,3,-3
2022-07-25 15:54:05.101,14800,14801,14800,1,-1
2022-07-25 15:54:06.858,14800,14801,14801,1,1
2022-07-25 15:54:08.166,14800,14801,14801,2,2
2022-07-25 15:54:08.166,14800,14801,14801,3,3
2022-07-25 15:54:08.166,14800,14801,14801,1,1
2022-07-25 15:54:17.405,14800,14801,14801,1,1
2022-07-25 15:54:20.692,14800,14801,14800,1,-1
2022-07-25 15:54:20.758,14800,14801,14800,1,-1
2022-07-25 15:54:21.850,14800,14801,14801,1,1
2022-07-25 15:54:32.056,14800,14801,14801,1,1
2022-07-25 15:54:32.056,14800,14801,14801,1,1
2022-07-25 15:54:32.527,14801,14802,14802,1,1
2022-07-25 15:54:36.115,14801,14802,14802,1,1
2022-07-25 15:54:49.299,14801,14803,14803,1,1
2022-07-25 15:54:58.110,14802,14803,14803,1,1
2022-07-25 15:54:59.328,14802,14803,14802,1,-1
2022-07-25 15:55:10.442,14801,14803,14801,1,-1
2022-07-25 15:55:26.902,14801,14802,14801,1,-1
2022-07-25 15:55:26.902,14801,14802,14801,1,-1
2022-07-25 15:55:34.401,14800,14801,14801,1,1
2022-07-25 15:55:38.701,14800,14801,14800,1,-1
2022-07-25 15:55:42.670,14800,14801,14800,2,-2
2022-07-25 15:55:45.975,14800,14801,14800,1,-1
2022-07-25 15:55:45.976,14800,14801,14800,1,-1
2022-07-25 15:55:45.976,14800,14801,14800,4,-4
2022-07-25 15:55:46.004,14800,14801,14800,1,-1
2022-07-25 15:55:46.004,14800,14801,14800,3,-3
2022-07-25 15:55:46.130,14799,14800,14800,1,1
2022-07-25 15:55:50.911,14799,14800,14800,1,1
2022-07-25 15:55:50.911,14799,14800,14800,2,2
2022-07-25 15:55:54.162,14799,14800,14800,1,1
2022-07-25 15:55:54.162,14799,14800,14800,1,1
2022-07-25 15:56:11.168,14800,14802,14802,1,1
2022-07-25 15:56:11.168,14800,14802,14802,1,1
2022-07-25 15:56:16.057,14801,14802,14802,1,1
2022-07-25 15:56:23.709,14801,14802,14802,2,2
2022-07-25 15:56:23.848,14801,14802,14802,1,1
2022-07-25 15:56:42.661,14802,14803,14803,1,1
2022-07-25 15:56:42.661,14802,14803,14803,3,3
2022-07-25 15:56:42.661,14802,14803,14803,5,5
2022-07-25 15:56:42.662,14802,14803,14803,1,1
2022-07-25 15:57:03.081,14801,14803,14802,1,1
2022-07-25 15:57:04.098,14801,14802,14802,1,1
2022-07-25 15:57:14.419,14801,14802,14801,1,-1
2022-07-25 15:57:47.546,14801,14802,14802,1,1
2022-07-25 15:57:47.546,14801,14802,14802,1,1
2022-07-25 15:57:47.546,14801,14802,14802,2,2
2022-07-25 15:57:47.546,14801,14802,14802,1,1
2022-07-25 15:58:19.285,14802,14803,14803,2,2
2022-07-25 15:58:19.286,14802,14803,14802,1,-1
2022-07-25 15:58:23.057,14802,14803,14802,1,-1
2022-07-25 15:58:24.578,14801,14802,14801,1,-1
2022-07-25 15:58:27.728,14800,14801,14800,5,-5
2022-07-25 15:58:27.728,14800,14801,14800,1,-1
2022-07-25 15:58:27.728,14800,14801,14800,1,-1
2022-07-25 15:58:27.728,14800,14801,14800,2,-2
2022-07-25 15:58:31.496,14799,14800,14799,2,-2
2022-07-25 15:58:31.538,14798,14800,14798,1,-1
2022-07-25 15:58:32.158,14798,14800,14798,1,-1
2022-07-25 15:58:36.263,14799,14800,14799,1,-1
2022-07-25 15:58:44.844,14798,14800,14798,1,-1
2022-07-25 15:58:50.077,14797,14799,14797,11,-11
2022-07-25 15:58:53.366,14797,14798,14798,1,1
2022-07-25 15:58:53.547,14797,14798,14797,1,-1
2022-07-25 15:58:56.285,14796,14798,14798,1,1
2022-07-25 15:58:56.684,14796,14798,14796,1,-1
2022-07-25 15:58:57.415,14796,14798,14796,1,-1
2022-07-25 15:58:59.778,14796,14798,14796,1,-1
2022-07-25 15:59:02.745,14796,14798,14796,7,-7
2022-07-25 15:59:04.806,14795,14797,14795,2,-2
2022-07-25 15:59:06.077,14796,14797,14796,1,-1
2022-07-25 15:59:09.001,14796,14797,14796,2,-2
2022-07-25 15:59:14.322,14796,14798,14796,1,-1
2022-07-25 15:59:36.630,14796,14797,14797,1,1
2022-07-25 15:59:36.630,14796,14797,14797,1,1
2022-07-25 15:59:36.630,14796,14797,14797,1,1
2022-07-25 16:00:04.837,14798,14799,14798,1,-1
2022-07-25 16:00:04.837,14798,14799,14797,1,-1
2022-07-25 16:00:04.887,14797,14799,14797,1,-1
2022-07-25 16:00:05.134,14797,14799,14799,1,1
2022-07-25 16:00:05.155,14797,14799,14797,1,-1
2022-07-25 16:00:05.681,14798,14799,14798,1,-1
2022-07-25 16:00:05.798,14798,14799,14799,1,1
2022-07-25 16:00:12.029,14798,14799,14798,1,-1
2022-07-25 16:00:13.780,14797,14798,14797,1,-1
2022-07-25 16:00:15.379,14796,14797,14796,1,-1
2022-07-25 16:00:15.379,14796,14797,14796,1,-1
2022-07-25 16:00:15.379,14796,14797,14796,2,-2
2022-07-25 16:00:15.379,14796,14797,14796,1,-1
2022-07-25 16:00:15.379,14796,14797,14796,14,-14
2022-07-25 16:00:15.669,14795,14797,14795,1,-1
2022-07-25 16:00:25.394,14797,14798,14797,1,-1
2022-07-25 16:00:25.395,14797,14798,14797,2,-2
2022-07-25 16:00:25.661,14796,14797,14797,1,1
2022-07-25 16:00:25.664,14796,14797,14797,11,11
2022-07-25 16:00:29.849,14796,14797,14797,1,1
2022-07-25 16:00:29.849,14796,14797,14797,2,2
2022-07-25 16:00:29.972,14797,14798,14796,2,-2
2022-07-25 16:00:33.895,14796,14797,14797,1,1
2022-07-25 16:00:33.895,14796,14797,14798,1,1
2022-07-25 16:00:39.044,14795,14797,14795,5,-5
2022-07-25 16:00:40.741,14796,14798,14796,1,-1
2022-07-25 16:00:43.108,14795,14797,14795,5,-5
2022-07-25 16:00:47.116,14796,14798,14798,1,1
2022-07-25 16:00:53.097,14795,14797,14797,1,1
2022-07-25 16:00:53.544,14795,14797,14797,1,1
2022-07-25 16:00:57.052,14795,14797,14797,1,1
2022-07-25 16:01:05.146,14795,14797,14797,1,1
2022-07-25 16:01:05.870,14795,14797,14797,3,3
2022-07-25 16:01:05.870,14795,14797,14797,2,2
2022-07-25 16:01:06.762,14795,14797,14796,1,1
2022-07-25 16:01:12.316,14795,14796,14796,1,1
2022-07-25 16:01:12.316,14795,14796,14797,4,4
2022-07-25 16:01:12.319,14795,14796,14797,1,1
2022-07-25 16:01:20.179,14796,14797,14796,1,-1
2022-07-25 16:01:38.112,14797,14798,14798,1,1
2022-07-25 16:01:38.985,14797,14798,14797,1,-1
2022-07-25 16:01:42.503,14797,14798,14798,1,1
2022-07-25 16:01:43.344,14797,14799,14798,1,1
2022-07-25 16:02:08.662,14797,14798,14798,1,1
2022-07-25 16:02:11.888,14797,14798,14798,2,2
2022-07-25 16:02:20.386,14797,14798,14798,1,1
2022-07-25 16:02:20.386,14797,14798,14798,1,1
2022-07-25 16:02:20.386,14797,14798,14798,1,1
2022-07-25 16:02:20.387,14797,14798,14798,2,2
2022-07-25 16:02:24.203,14798,14799,14798,2,-2
2022-07-25 16:02:26.621,14798,14799,14799,1,1
2022-07-25 16:02:26.622,14798,14799,14799,2,2
2022-07-25 16:02:29.644,14798,14799,14799,1,1
2022-07-25 16:02:29.645,14798,14799,14799,1,1
2022-07-25 16:02:29.645,14798,14799,14799,2,2
2022-07-25 16:02:29.680,14798,14799,14799,2,2
2022-07-25 16:02:29.681,14798,14799,14799,1,1
2022-07-25 16:02:29.703,14798,14799,14799,2,2
2022-07-25 16:02:30.984,14799,14800,14799,4,-4
2022-07-25 16:02:37.311,14798,14800,14800,3,3
2022-07-25 16:02:38.404,14798,14799,14798,5,-5
2022-07-25 16:02:38.675,14797,14799,14799,3,3
2022-07-25 16:02:39.610,14797,14799,14799,1,1
2022-07-25 16:02:44.808,14797,14799,14799,1,1
2022-07-25 16:02:46.695,14798,14799,14799,1,1
2022-07-25 16:02:47.510,14798,14799,14798,1,-1
2022-07-25 16:02:49.114,14797,14798,14797,5,-5
2022-07-25 16:02:49.114,14797,14798,14796,16,-16
2022-07-25 16:02:49.115,14797,14798,14796,4,-4
2022-07-25 16:02:49.464,14796,14798,14796,7,-7
2022-07-25 16:02:49.464,14796,14798,14795,18,-18
2022-07-25 16:02:49.832,14795,14797,14795,18,-18
2022-07-25 16:02:49.833,14795,14797,14795,7,-7
2022-07-25 16:02:49.833,14795,14797,14795,1,-1
2022-07-25 16:02:49.833,14795,14797,14795,1,-1
2022-07-25 16:02:49.863,14795,14797,14795,1,-1
2022-07-25 16:02:50.279,14795,14796,14795,3,-3
2022-07-25 16:02:51.145,14794,14795,14794,11,-11
2022-07-25 16:02:51.502,14793,14794,14793,4,-4
2022-07-25 16:02:51.502,14793,14794,14793,2,-2
2022-07-25 16:02:51.502,14793,14794,14793,2,-2
2022-07-25 16:02:51.502,14793,14794,14793,3,-3
2022-07-25 16:02:51.502,14793,14794,14793,1,-1
2022-07-25 16:02:53.426,14793,14794,14793,1,-1
2022-07-25 16:02:54.700,14793,14794,14794,1,1
2022-07-25 16:02:54.700,14793,14794,14794,7,7
2022-07-25 16:02:54.700,14793,14794,14794,1,1
2022-07-25 16:02:54.700,14793,14794,14794,12,12
2022-07-25 16:02:54.701,14793,14794,14794,5,5
2022-07-25 16:02:54.701,14793,14794,14794,3,3
2022-07-25 16:02:54.701,14793,14794,14794,1,1
2022-07-25 16:02:54.702,14793,14794,14794,36,36
2022-07-25 16:02:55.702,14794,14795,14794,3,-3
2022-07-25 16:02:56.082,14794,14795,14794,3,-3
2022-07-25 16:02:56.083,14794,14795,14794,12,-12
2022-07-25 16:02:56.595,14793,14794,14794,1,1
2022-07-25 16:03:00.562,14793,14794,14794,1,1
2022-07-25 16:03:02.293,14793,14794,14793,1,-1
2022-07-25 16:03:02.459,14793,14794,14793,1,-1
2022-07-25 16:03:03.040,14793,14794,14793,1,-1
2022-07-25 16:03:03.313,14793,14794,14794,1,1
2022-07-25 16:03:05.198,14793,14794,14793,1,-1
2022-07-25 16:03:06.614,14793,14794,14793,2,-2
2022-07-25 16:03:12.063,14792,14793,14792,2,-2
2022-07-25 16:03:12.063,14792,14793,14792,6,-6
2022-07-25 16:03:12.128,14791,14792,14791,1,-1
2022-07-25 16:03:12.197,14791,14792,14791,1,-1
2022-07-25 16:03:12.251,14791,14792,14792,3,3
2022-07-25 16:03:12.251,14791,14792,14793,5,5
2022-07-25 16:03:12.800,14791,14793,14793,1,1
2022-07-25 16:03:12.951,14792,14793,14792,1,-1
2022-07-25 16:03:15.977,14792,14793,14792,1,-1
2022-07-25 16:03:16.156,14792,14793,14792,1,-1
2022-07-25 16:03:18.830,14792,14793,14793,2,2
2022-07-25 16:03:20.750,14793,14794,14793,1,-1
2022-07-25 16:03:20.753,14793,14794,14793,1,-1
2022-07-25 16:03:20.880,14793,14794,14793,1,-1
2022-07-25 16:03:24.930,14793,14794,14794,8,8
2022-07-25 16:03:24.931,14793,14794,14794,3,3
2022-07-25 16:03:26.068,14794,14795,14794,1,-1
2022-07-25 16:03:26.256,14794,14795,14794,1,-1
2022-07-25 16:03:26.855,14794,14795,14795,10,10
2022-07-25 16:03:27.040,14794,14795,14795,10,10
2022-07-25 16:03:27.040,14794,14795,14795,1,1
2022-07-25 16:03:27.041,14794,14795,14795,1,1
2022-07-25 16:03:27.069,14794,14795,14795,1,1
2022-07-25 16:03:27.207,14795,14796,14796,2,2
2022-07-25 16:03:28.632,14796,14797,14796,1,-1
2022-07-25 16:03:32.169,14796,14797,14797,1,1
2022-07-25 16:03:32.169,14796,14797,14797,1,1
2022-07-25 16:03:33.256,14797,14798,14797,4,-4
2022-07-25 16:03:33.257,14797,14798,14797,4,-4
2022-07-25 16:03:34.950,14797,14798,14797,1,-1
2022-07-25 16:03:37.079,14796,14797,14796,8,-8
2022-07-25 16:03:37.722,14796,14797,14797,7,7
2022-07-25 16:03:37.815,14797,14798,14798,12,12
2022-07-25 16:03:38.900,14798,14799,14798,1,-1
2022-07-25 16:03:40.636,14797,14798,14798,9,9
2022-07-25 16:03:46.600,14798,14799,14799,1,1
2022-07-25 16:03:46.612,14798,14799,14799,1,1
2022-07-25 16:03:46.612,14798,14799,14799,2,2
2022-07-25 16:03:47.289,14799,14800,14799,1,-1
2022-07-25 16:03:47.334,14799,14800,14799,1,-1
2022-07-25 16:03:48.191,14799,14800,14799,1,-1
2022-07-25 16:03:50.292,14799,14800,14800,5,5
2022-07-25 16:03:50.506,14800,14801,14800,1,-1
2022-07-25 16:03:57.325,14799,14801,14801,1,1
2022-07-25 16:04:05.386,14800,14801,14800,1,-1
2022-07-25 16:04:06.811,14800,14801,14801,1,1
2022-07-25 16:04:07.911,14800,14801,14801,1,1
2022-07-25 16:04:11.991,14800,14801,14800,2,-2
2022-07-25 16:04:17.125,14799,14801,14801,2,2
2022-07-25 16:04:17.272,14799,14801,14801,1,1
2022-07-25 16:04:17.762,14799,14801,14801,2,2
2022-07-25 16:04:18.077,14799,14801,14801,2,2
2022-07-25 16:04:19.529,14799,14801,14801,2,2
2022-07-25 16:04:20.077,14799,14801,14801,2,2
2022-07-25 16:04:20.388,14799,14801,14801,2,2
2022-07-25 16:04:33.676,14799,14801,14799,1,-1
2022-07-25 16:04:36.067,14800,14801,14800,1,-1
2022-07-25 16:04:38.606,14800,14801,14800,1,-1
2022-07-25 16:04:48.476,14799,14800,14800,1,1
2022-07-25 16:04:52.158,14799,14800,14800,1,1
2022-07-25 16:04:53.949,14799,14800,14799,1,-1
2022-07-25 16:05:02.884,14798,14799,14798,1,-1
2022-07-25 16:05:03.088,14797,14799,14797,1,-1
2022-07-25 16:05:03.332,14797,14799,14797,1,-1
2022-07-25 16:05:03.332,14797,14799,14797,1,-1
2022-07-25 16:05:44.635,14798,14799,14798,2,-2
2022-07-25 16:05:45.163,14798,14799,14798,1,-1
2022-07-25 16:05:45.163,14798,14799,14797,1,-1
2022-07-25 16:05:45.521,14797,14799,14797,2,-2
2022-07-25 16:05:47.642,14798,14799,14798,1,-1
2022-07-25 16:05:47.642,14798,14799,14797,1,-1
2022-07-25 16:05:48.180,14797,14799,14797,2,-2
2022-07-25 16:05:48.188,14797,14799,14797,2,-2
2022-07-25 16:05:58.659,14798,14799,14799,1,1
2022-07-25 16:05:59.663,14798,14799,14799,1,1
2022-07-25 16:06:02.216,14798,14799,14799,2,2
2022-07-25 16:06:02.216,14798,14799,14799,1,1
2022-07-25 16:06:03.219,14799,14800,14800,7,7
2022-07-25 16:06:13.643,14800,14801,14800,1,-1
2022-07-25 16:06:14.067,14800,14801,14801,1,1
2022-07-25 16:06:14.598,14800,14801,14800,1,-1
2022-07-25 16:06:22.045,14800,14801,14801,9,9
2022-07-25 16:06:24.473,14800,14802,14802,14,14
2022-07-25 16:06:24.489,14800,14802,14803,1,1
2022-07-25 16:06:25.647,14801,14803,14801,3,-3
2022-07-25 16:06:27.456,14801,14803,14803,2,2
2022-07-25 16:06:31.709,14802,14803,14803,1,1
2022-07-25 16:06:31.709,14802,14803,14804,1,1
2022-07-25 16:06:31.802,14802,14803,14803,1,1
2022-07-25 16:06:32.502,14802,14803,14803,2,2
2022-07-25 16:06:33.148,14802,14803,14803,2,2
2022-07-25 16:06:33.158,14802,14803,14803,1,1
2022-07-25 16:06:33.440,14802,14803,14803,2,2
2022-07-25 16:06:33.738,14802,14803,14803,1,1
2022-07-25 16:06:33.819,14802,14803,14803,1,1
2022-07-25 16:06:33.819,14802,14803,14804,1,1
2022-07-25 16:06:34.612,14802,14803,14803,2,2
2022-07-25 16:06:37.263,14802,14803,14803,1,1
2022-07-25 16:06:39.202,14802,14804,14804,1,1
2022-07-25 16:06:46.765,14802,14803,14803,1,1
2022-07-25 16:06:53.396,14802,14803,14803,1,1
2022-07-25 16:06:53.396,14802,14803,14803,2,2
2022-07-25 16:07:01.070,14802,14803,14802,1,-1
2022-07-25 16:07:01.070,14802,14803,14802,5,-5
2022-07-25 16:07:01.071,14802,14803,14802,4,-4
2022-07-25 16:07:10.882,14801,14802,14801,1,-1
2022-07-25 16:07:27.935,14801,14802,14802,1,1
2022-07-25 16:07:29.450,14801,14802,14802,1,1
2022-07-25 16:07:31.913,14801,14803,14803,1,1
2022-07-25 16:07:38.186,14801,14803,14803,1,1
2022-07-25 16:07:40.344,14801,14803,14803,1,1
2022-07-25 16:07:40.344,14801,14803,14803,1,1
2022-07-25 16:07:41.135,14802,14803,14803,1,1
2022-07-25 16:07:42.969,14802,14804,14804,1,1
2022-07-25 16:07:42.969,14802,14804,14804,5,5
2022-07-25 16:07:42.969,14802,14804,14804,3,3
2022-07-25 16:07:42.969,14802,14804,14804,2,2
2022-07-25 16:07:42.970,14802,14804,14804,2,2
2022-07-25 16:07:44.119,14804,14805,14805,5,5
2022-07-25 16:07:44.119,14804,14805,14805,2,2
2022-07-25 16:07:44.119,14804,14805,14805,2,2
2022-07-25 16:07:45.738,14804,14806,14806,2,2
2022-07-25 16:07:48.493,14804,14806,14806,1,1
2022-07-25 16:07:50.945,14805,14806,14806,7,7
2022-07-25 16:07:51.134,14805,14807,14805,1,-1
2022-07-25 16:07:54.759,14805,14806,14806,1,1
2022-07-25 16:07:55.507,14806,14807,14807,3,3
2022-07-25 16:07:55.507,14806,14807,14807,4,4
2022-07-25 16:07:55.522,14806,14807,14808,1,1
2022-07-25 16:07:56.417,14807,14808,14807,1,-1
2022-07-25 16:07:56.544,14807,14808,14807,1,-1
2022-07-25 16:07:56.544,14807,14808,14806,1,-1
2022-07-25 16:07:57.084,14806,14807,14807,1,1
2022-07-25 16:07:58.204,14806,14807,14806,1,-1
2022-07-25 16:07:58.299,14806,14807,14807,1,1
2022-07-25 16:07:59.101,14806,14808,14808,1,1
2022-07-25 16:07:59.651,14806,14808,14808,1,1
2022-07-25 16:08:01.930,14807,14808,14808,1,1
2022-07-25 16:08:02.128,14807,14808,14808,1,1
2022-07-25 16:08:05.394,14807,14808,14808,1,1
2022-07-25 16:08:09.113,14807,14808,14808,7,7
2022-07-25 16:08:09.827,14807,14808,14808,2,2
2022-07-25 16:08:10.999,14808,14809,14808,1,-1
2022-07-25 16:08:11.387,14808,14809,14809,1,1
2022-07-25 16:08:11.518,14808,14809,14809,1,1
2022-07-25 16:08:11.610,14808,14809,14809,2,2
2022-07-25 16:08:12.021,14808,14809,14809,1,1
2022-07-25 16:08:12.675,14808,14809,14808,1,-1
2022-07-25 16:08:12.675,14808,14809,14808,6,-6
2022-07-25 16:08:14.306,14807,14808,14808,1,1
2022-07-25 16:08:14.306,14807,14808,14809,7,7
2022-07-25 16:08:15.690,14807,14808,14808,1,1
2022-07-25 16:08:20.179,14807,14808,14808,2,2
2022-07-25 16:08:26.238,14808,14809,14809,1,1
2022-07-25 16:08:28.418,14808,14809,14809,1,1
2022-07-25 16:08:29.646,14808,14809,14809,1,1
2022-07-25 16:08:30.622,14808,14809,14809,1,1
2022-07-25 16:08:32.542,14809,14810,14809,1,-1
2022-07-25 16:08:34.605,14809,14810,14810,1,1
2022-07-25 16:08:34.605,14809,14810,14810,2,2
2022-07-25 16:08:34.605,14809,14810,14810,1,1
2022-07-25 16:08:34.605,14809,14810,14810,1,1
2022-07-25 16:08:35.817,14809,14810,14810,1,1
2022-07-25 16:08:35.817,14809,14810,14810,5,5
2022-07-25 16:08:35.817,14809,14810,14810,1,1
2022-07-25 16:08:35.817,14809,14810,14810,1,1
2022-07-25 16:08:35.817,14809,14810,14810,1,1
2022-07-25 16:08:35.818,14809,14810,14810,3,3
2022-07-25 16:08:35.819,14809,14810,14810,13,13
2022-07-25 16:08:35.819,14809,14810,14810,8,8
2022-07-25 16:08:35.819,14809,14810,14810,9,9
2022-07-25 16:08:35.819,14809,14810,14810,1,1
2022-07-25 16:08:35.820,14809,14810,14810,1,1
2022-07-25 16:08:35.820,14809,14810,14810,1,1
2022-07-25 16:08:40.449,14809,14811,14811,2,2
2022-07-25 16:08:40.512,14810,14811,14811,2,2
2022-07-25 16:08:41.760,14810,14811,14811,5,5
2022-07-25 16:08:41.957,14810,14811,14811,5,5
2022-07-25 16:08:42.005,14810,14811,14810,3,-3
2022-07-25 16:08:42.126,14810,14811,14811,5,5
2022-07-25 16:08:43.035,14810,14811,14811,1,1
2022-07-25 16:08:43.036,14810,14811,14811,1,1
2022-07-25 16:08:43.378,14810,14812,14810,1,-1
2022-07-25 16:08:46.207,14811,14812,14811,1,-1
2022-07-25 16:08:46.853,14811,14812,14811,2,-2
2022-07-25 16:08:47.726,14811,14812,14812,1,1
2022-07-25 16:08:50.013,14811,14812,14811,1,-1
2022-07-25 16:08:50.785,14811,14812,14812,1,1
2022-07-25 16:08:50.785,14811,14812,14812,2,2
2022-07-25 16:08:50.785,14811,14812,14812,1,1
2022-07-25 16:08:50.785,14811,14812,14812,1,1
2022-07-25 16:08:50.785,14811,14812,14812,1,1
2022-07-25 16:08:50.785,14811,14812,14812,5,5
2022-07-25 16:08:50.786,14811,14812,14812,1,1
2022-07-25 16:08:50.786,14811,14812,14812,5,5
2022-07-25 16:08:51.033,14811,14812,14811,1,-1
2022-07-25 16:08:51.366,14811,14812,14811,1,-1
2022-07-25 16:08:51.424,14811,14812,14812,1,1
2022-07-25 16:08:52.684,14811,14812,14811,1,-1
2022-07-25 16:08:55.194,14811,14812,14812,1,1
2022-07-25 16:08:55.872,14811,14812,14812,2,2
2022-07-25 16:08:56.556,14811,14812,14812,2,2
2022-07-25 16:08:58.422,14811,14812,14811,1,-1
2022-07-25 16:08:58.422,14811,14812,14811,1,-1
2022-07-25 16:09:00.179,14811,14812,14812,3,3
2022-07-25 16:09:01.601,14811,14812,14812,2,2
2022-07-25 16:09:02.051,14811,14812,14812,2,2
2022-07-25 16:09:02.089,14811,14812,14812,1,1
2022-07-25 16:09:04.918,14811,14812,14812,2,2
2022-07-25 16:09:05.269,14811,14812,14812,2,2
2022-07-25 16:09:06.235,14811,14812,14811,1,-1
2022-07-25 16:09:06.235,14811,14812,14811,3,-3
2022-07-25 16:09:08.786,14810,14812,14812,2,2
2022-07-25 16:09:09.186,14811,14812,14812,2,2
2022-07-25 16:09:10.124,14811,14812,14812,4,4
2022-07-25 16:09:11.147,14811,14813,14813,2,2
2022-07-25 16:09:11.522,14811,14812,14812,2,2
2022-07-25 16:09:11.541,14811,14812,14812,1,1
2022-07-25 16:09:11.659,14811,14812,14812,1,1
2022-07-25 16:09:11.663,14811,14812,14812,1,1
2022-07-25 16:09:12.316,14811,14813,14811,1,-1
2022-07-25 16:09:13.504,14811,14813,14811,1,-1
2022-07-25 16:09:13.633,14811,14813,14811,1,-1
2022-07-25 16:09:13.908,14810,14812,14812,1,1
2022-07-25 16:09:13.908,14810,14812,14812,2,2
2022-07-25 16:09:17.466,14810,14812,14810,1,-1
