2019-10-02 15:00:00.072,10919,10920,10919,33,-33
2019-10-02 15:00:00.073,10918,10919,10919,1,1
2019-10-02 15:00:00.268,10918,10919,10919,1,1
2019-10-02 15:00:00.439,10918,10919,10918,1,-1
2019-10-02 15:00:00.534,10918,10919,10918,1,-1
2019-10-02 15:00:00.579,10918,10919,10918,1,-1
2019-10-02 15:00:00.864,10918,10919,10918,1,-1
2019-10-02 15:00:00.865,10918,10919,10918,2,-2
2019-10-02 15:00:01.109,10918,10919,10918,1,-1
2019-10-02 15:00:01.902,10917,10919,10919,1,1
2019-10-02 15:00:02.040,10917,10919,10917,1,-1
2019-10-02 15:00:02.173,10917,10919,10919,4,4
2019-10-02 15:00:02.302,10917,10919,10917,1,-1
2019-10-02 15:00:03.516,10918,10919,10918,1,1
2019-10-02 15:00:04.236,10917,10918,10918,2,2
2019-10-02 15:00:04.352,10917,10918,10919,1,1
2019-10-02 15:00:04.362,10918,10919,10918,2,-2
2019-10-02 15:00:04.484,10918,10919,10918,1,-1
2019-10-02 15:00:04.782,10918,10919,10918,3,-3
2019-10-02 15:00:04.855,10918,10919,10919,5,5
2019-10-02 15:00:05.028,10917,10919,10918,1,-1
2019-10-02 15:00:07.249,10917,10919,10917,2,-2
2019-10-02 15:00:07.639,10917,10919,10917,1,-1
2019-10-02 15:00:09.697,10917,10918,10917,1,-1
2019-10-02 15:00:12.349,10917,10918,10918,1,1
2019-10-02 15:00:12.452,10917,10918,10918,1,1
2019-10-02 15:00:12.633,10917,10918,10917,1,-1
2019-10-02 15:00:13.434,10917,10918,10918,1,1
2019-10-02 15:00:15.460,10917,10918,10918,4,4
2019-10-02 15:00:15.709,10917,10918,10917,1,-1
2019-10-02 15:00:15.833,10917,10918,10918,3,3
2019-10-02 15:00:17.319,10918,10919,10918,2,-2
2019-10-02 15:00:20.841,10918,10919,10919,1,1
2019-10-02 15:00:20.859,10918,10920,10919,1,-1
2019-10-02 15:00:21.288,10919,10920,10919,6,-6
2019-10-02 15:00:22.310,10919,10920,10919,1,-1
2019-10-02 15:00:22.784,10918,10919,10919,1,1
2019-10-02 15:00:23.273,10918,10920,10918,1,-1
2019-10-02 15:00:26.122,10919,10920,10919,1,1
2019-10-02 15:00:26.902,10919,10920,10919,1,-1
2019-10-02 15:00:27.165,10919,10920,10919,1,-1
2019-10-02 15:00:29.072,10919,10920,10919,1,-1
2019-10-02 15:00:31.049,10919,10920,10920,1,1
2019-10-02 15:00:31.126,10919,10920,10920,7,7
2019-10-02 15:00:35.973,10920,10921,10921,1,1
2019-10-02 15:00:37.109,10920,10921,10921,1,1
2019-10-02 15:00:37.110,10920,10921,10921,2,2
2019-10-02 15:00:37.350,10920,10921,10921,1,1
2019-10-02 15:00:40.307,10920,10921,10921,1,1
2019-10-02 15:00:40.572,10920,10921,10921,1,1
2019-10-02 15:00:41.430,10920,10921,10921,1,1
2019-10-02 15:00:41.484,10920,10921,10921,1,1
2019-10-02 15:00:42.359,10920,10921,10921,1,1
2019-10-02 15:00:47.333,10921,10922,10921,1,-1
2019-10-02 15:00:47.359,10921,10922,10921,1,-1
2019-10-02 15:00:53.450,10921,10922,10921,2,-2
2019-10-02 15:00:55.911,10920,10921,10920,2,-2
2019-10-02 15:00:56.420,10920,10921,10920,1,-1
2019-10-02 15:00:57.142,10920,10921,10920,2,-2
2019-10-02 15:00:57.267,10920,10921,10920,3,-3
2019-10-02 15:00:57.359,10920,10921,10920,1,-1
2019-10-02 15:00:58.305,10919,10920,10919,1,-1
2019-10-02 15:00:58.306,10919,10920,10919,1,-1
2019-10-02 15:00:58.876,10919,10920,10919,13,-13
2019-10-02 15:01:00.044,10918,10919,10918,1,-1
2019-10-02 15:01:00.078,10918,10919,10918,2,-2
2019-10-02 15:01:00.117,10918,10919,10918,1,-1
2019-10-02 15:01:00.584,10918,10919,10919,2,2
2019-10-02 15:01:00.925,10918,10919,10919,1,1
2019-10-02 15:01:02.408,10918,10919,10918,9,-9
2019-10-02 15:01:02.597,10918,10919,10918,1,-1
2019-10-02 15:01:03.984,10917,10918,10917,2,-2
2019-10-02 15:01:04.109,10917,10918,10917,8,-8
2019-10-02 15:01:08.114,10916,10917,10916,1,-1
2019-10-02 15:01:08.899,10916,10917,10917,1,1
2019-10-02 15:01:10.419,10916,10917,10917,1,1
2019-10-02 15:01:12.001,10916,10917,10916,10,-10
2019-10-02 15:01:12.001,10916,10917,10916,8,-8
2019-10-02 15:01:12.484,10915,10916,10915,1,-1
2019-10-02 15:01:12.484,10915,10916,10915,7,-7
2019-10-02 15:01:12.495,10915,10916,10915,1,-1
2019-10-02 15:01:12.495,10915,10916,10915,1,-1
2019-10-02 15:01:12.495,10915,10916,10915,1,-1
2019-10-02 15:01:12.678,10915,10916,10916,1,1
2019-10-02 15:01:12.831,10915,10916,10915,3,-3
2019-10-02 15:01:12.945,10915,10916,10915,1,-1
2019-10-02 15:01:12.984,10915,10916,10915,1,-1
2019-10-02 15:01:13.031,10915,10916,10915,1,-1
2019-10-02 15:01:13.064,10915,10916,10915,1,-1
2019-10-02 15:01:13.099,10915,10916,10915,1,-1
2019-10-02 15:01:13.109,10915,10916,10915,1,-1
2019-10-02 15:01:13.109,10915,10916,10915,1,-1
2019-10-02 15:01:13.109,10915,10916,10915,1,-1
2019-10-02 15:01:13.308,10915,10916,10915,5,-5
2019-10-02 15:01:13.359,10915,10916,10915,1,-1
2019-10-02 15:01:13.359,10915,10916,10915,3,-3
2019-10-02 15:01:13.484,10915,10916,10915,1,-1
2019-10-02 15:01:13.825,10915,10916,10915,1,-1
2019-10-02 15:01:14.543,10915,10916,10915,4,-4
2019-10-02 15:01:14.596,10915,10916,10915,4,-4
2019-10-02 15:01:14.609,10915,10916,10915,1,-1
2019-10-02 15:01:14.664,10915,10916,10915,1,-1
2019-10-02 15:01:14.675,10915,10916,10915,4,-4
2019-10-02 15:01:14.734,10915,10916,10915,3,-3
2019-10-02 15:01:14.734,10915,10916,10914,1,-1
2019-10-02 15:01:14.758,10915,10916,10914,4,-4
2019-10-02 15:01:14.777,10915,10916,10914,4,-4
2019-10-02 15:01:14.824,10915,10916,10914,4,-4
2019-10-02 15:01:14.844,10915,10916,10914,4,-4
2019-10-02 15:01:14.890,10914,10915,10914,4,-4
2019-10-02 15:01:14.905,10914,10915,10913,2,-2
2019-10-02 15:01:14.950,10914,10915,10915,1,1
2019-10-02 15:01:14.964,10914,10915,10913,2,-2
2019-10-02 15:01:14.983,10914,10915,10913,4,-4
2019-10-02 15:01:15.045,10913,10915,10913,4,-4
2019-10-02 15:01:15.051,10913,10915,10913,2,-2
2019-10-02 15:01:15.051,10913,10915,10912,2,-2
2019-10-02 15:01:15.114,10913,10915,10913,2,2
2019-10-02 15:01:15.121,10913,10915,10913,4,-4
2019-10-02 15:01:15.130,10913,10915,10913,4,-4
2019-10-02 15:01:15.146,10913,10915,10913,3,-3
2019-10-02 15:01:15.146,10913,10915,10912,2,-2
2019-10-02 15:01:15.167,10913,10915,10913,1,1
2019-10-02 15:01:15.167,10913,10915,10912,3,-3
2019-10-02 15:01:15.170,10913,10915,10912,1,-1
2019-10-02 15:01:15.174,10913,10915,10912,1,-1
2019-10-02 15:01:15.186,10913,10915,10912,2,-2
2019-10-02 15:01:15.208,10913,10915,10912,4,-4
2019-10-02 15:01:15.244,10912,10914,10912,2,-2
2019-10-02 15:01:15.261,10912,10914,10912,2,-2
2019-10-02 15:01:15.274,10912,10914,10912,2,-2
2019-10-02 15:01:15.360,10912,10914,10912,6,-6
2019-10-02 15:01:15.380,10912,10914,10911,1,-1
2019-10-02 15:01:15.522,10911,10913,10911,2,-2
2019-10-02 15:01:15.524,10911,10913,10911,20,-20
2019-10-02 15:01:15.541,10911,10913,10911,5,-5
2019-10-02 15:01:15.611,10911,10913,10911,1,-1
2019-10-02 15:01:15.616,10911,10913,10913,1,1
2019-10-02 15:01:15.625,10911,10913,10911,1,-1
2019-10-02 15:01:15.695,10911,10913,10911,2,-2
2019-10-02 15:01:15.715,10911,10913,10913,4,4
2019-10-02 15:01:15.735,10911,10912,10912,1,1
2019-10-02 15:01:15.761,10911,10912,10911,1,-1
2019-10-02 15:01:15.860,10910,10912,10911,2,-2
2019-10-02 15:01:15.860,10910,10912,10911,2,-2
2019-10-02 15:01:15.860,10910,10912,10912,1,1
2019-10-02 15:01:16.012,10910,10912,10911,1,-1
2019-10-02 15:01:16.019,10910,10912,10910,1,-1
2019-10-02 15:01:16.023,10910,10912,10910,1,-1
2019-10-02 15:01:16.040,10910,10912,10910,1,-1
2019-10-02 15:01:16.041,10910,10912,10910,1,-1
2019-10-02 15:01:16.359,10911,10912,10911,5,5
2019-10-02 15:01:17.234,10911,10912,10911,4,-4
2019-10-02 15:01:17.260,10911,10912,10912,1,1
2019-10-02 15:01:17.290,10911,10912,10911,1,-1
2019-10-02 15:01:17.424,10910,10912,10910,6,-6
2019-10-02 15:01:17.761,10910,10912,10910,2,-2
2019-10-02 15:01:18.539,10911,10912,10911,1,1
2019-10-02 15:01:21.215,10911,10912,10912,15,15
2019-10-02 15:01:21.303,10911,10912,10911,2,-2
2019-10-02 15:01:22.419,10911,10912,10911,1,-1
2019-10-02 15:01:22.961,10911,10912,10912,1,1
2019-10-02 15:01:23.482,10912,10913,10912,6,-6
2019-10-02 15:01:24.116,10912,10913,10912,1,-1
2019-10-02 15:01:24.854,10912,10913,10913,2,2
2019-10-02 15:01:24.931,10912,10913,10912,1,-1
2019-10-02 15:01:26.118,10912,10914,10912,1,-1
2019-10-02 15:01:27.010,10913,10914,10914,18,18
2019-10-02 15:01:27.174,10914,10915,10914,5,-5
2019-10-02 15:01:27.359,10914,10915,10915,3,3
2019-10-02 15:01:27.359,10914,10915,10915,1,1
2019-10-02 15:01:27.366,10914,10915,10915,1,1
2019-10-02 15:01:27.484,10914,10915,10915,4,4
2019-10-02 15:01:27.541,10914,10915,10915,1,1
2019-10-02 15:01:27.627,10914,10915,10914,1,-1
2019-10-02 15:01:28.263,10914,10915,10915,1,1
2019-10-02 15:01:28.894,10914,10915,10915,1,1
2019-10-02 15:01:29.442,10915,10916,10915,1,-1
2019-10-02 15:01:30.484,10915,10916,10916,1,1
2019-10-02 15:01:31.216,10915,10916,10916,1,1
2019-10-02 15:01:31.234,10915,10916,10916,3,3
2019-10-02 15:01:32.368,10916,10917,10916,1,-1
2019-10-02 15:01:32.700,10916,10917,10916,6,-6
2019-10-02 15:01:35.609,10915,10916,10916,1,1
2019-10-02 15:01:35.618,10915,10916,10916,1,1
2019-10-02 15:01:36.257,10915,10917,10915,11,-11
2019-10-02 15:01:37.125,10915,10916,10915,3,-3
2019-10-02 15:01:40.827,10915,10916,10915,1,-1
2019-10-02 15:01:41.729,10915,10916,10916,1,1
2019-10-02 15:01:43.997,10915,10917,10917,2,2
2019-10-02 15:01:44.671,10915,10917,10915,3,-3
2019-10-02 15:01:48.539,10915,10916,10915,2,-2
2019-10-02 15:01:50.152,10915,10916,10915,1,-1
2019-10-02 15:01:55.282,10915,10916,10915,7,-7
2019-10-02 15:01:56.246,10915,10916,10915,1,-1
2019-10-02 15:01:56.915,10914,10915,10915,1,1
2019-10-02 15:01:57.865,10914,10916,10914,2,-2
2019-10-02 15:01:59.092,10914,10915,10915,1,1
2019-10-02 15:01:59.524,10914,10915,10914,4,-4
2019-10-02 15:02:01.017,10914,10915,10915,1,1
2019-10-02 15:02:02.269,10914,10915,10914,5,-5
2019-10-02 15:02:03.543,10913,10914,10914,1,1
2019-10-02 15:02:05.510,10913,10914,10913,1,-1
2019-10-02 15:02:05.885,10913,10914,10914,3,3
2019-10-02 15:02:09.816,10913,10914,10914,7,7
2019-10-02 15:02:18.380,10914,10915,10914,1,-1
2019-10-02 15:02:22.268,10914,10915,10915,3,3
2019-10-02 15:02:23.575,10914,10915,10915,1,1
2019-10-02 15:02:24.120,10914,10915,10914,5,-5
2019-10-02 15:02:26.366,10914,10915,10914,5,-5
2019-10-02 15:02:27.525,10914,10915,10914,10,-10
2019-10-02 15:02:29.621,10914,10915,10914,1,-1
2019-10-02 15:02:31.884,10914,10915,10914,2,-2
2019-10-02 15:02:34.778,10914,10915,10914,2,-2
2019-10-02 15:02:39.824,10914,10915,10914,2,-2
2019-10-02 15:02:40.017,10913,10914,10914,1,1
2019-10-02 15:02:40.274,10913,10914,10914,1,1
2019-10-02 15:02:41.768,10913,10914,10913,5,-5
2019-10-02 15:02:41.921,10913,10914,10913,1,-1
2019-10-02 15:02:44.557,10913,10914,10914,2,2
2019-10-02 15:02:44.990,10913,10914,10914,1,1
2019-10-02 15:02:46.849,10913,10915,10913,2,-2
2019-10-02 15:02:49.024,10914,10915,10914,1,1
2019-10-02 15:02:49.422,10913,10914,10914,1,1
2019-10-02 15:02:55.268,10913,10914,10914,1,1
2019-10-02 15:02:55.879,10913,10914,10914,9,9
2019-10-02 15:02:58.306,10914,10915,10914,1,-1
2019-10-02 15:02:58.910,10914,10915,10915,1,1
2019-10-02 15:03:01.463,10914,10915,10915,7,7
2019-10-02 15:03:01.749,10914,10915,10914,1,-1
2019-10-02 15:03:02.598,10914,10915,10915,1,1
2019-10-02 15:03:05.647,10914,10915,10914,5,-5
2019-10-02 15:03:10.829,10914,10915,10915,1,1
2019-10-02 15:03:12.101,10914,10915,10914,2,-2
2019-10-02 15:03:13.422,10914,10915,10915,1,1
2019-10-02 15:03:15.406,10914,10915,10914,1,-1
2019-10-02 15:03:16.861,10914,10915,10914,1,-1
2019-10-02 15:03:17.502,10914,10915,10915,1,1
2019-10-02 15:03:19.199,10914,10915,10915,1,1
2019-10-02 15:03:20.152,10914,10915,10915,1,1
2019-10-02 15:03:22.200,10914,10915,10915,1,1
2019-10-02 15:03:22.983,10914,10915,10914,7,-7
2019-10-02 15:03:23.017,10914,10915,10914,2,-2
2019-10-02 15:03:25.725,10914,10915,10915,3,3
2019-10-02 15:03:25.730,10914,10915,10915,3,3
2019-10-02 15:03:26.144,10914,10915,10915,3,3
2019-10-02 15:03:27.929,10914,10915,10915,3,3
2019-10-02 15:03:31.658,10914,10915,10914,1,-1
2019-10-02 15:03:31.659,10914,10915,10914,9,-9
2019-10-02 15:03:31.659,10914,10915,10914,6,-6
2019-10-02 15:03:31.734,10913,10915,10914,4,-4
2019-10-02 15:03:31.734,10913,10915,10914,1,-1
2019-10-02 15:03:31.734,10913,10915,10914,1,-1
2019-10-02 15:03:31.893,10913,10914,10914,2,2
2019-10-02 15:03:32.127,10913,10914,10914,1,1
2019-10-02 15:03:32.150,10913,10914,10914,1,1
2019-10-02 15:03:38.877,10914,10915,10914,1,-1
2019-10-02 15:03:43.322,10914,10915,10915,1,1
2019-10-02 15:03:45.084,10914,10915,10915,25,25
2019-10-02 15:03:50.871,10915,10916,10916,11,11
2019-10-02 15:03:50.984,10915,10916,10916,19,19
2019-10-02 15:03:51.035,10915,10916,10916,10,10
2019-10-02 15:03:51.085,10915,10916,10916,9,9
2019-10-02 15:03:51.110,10915,10916,10916,1,1
2019-10-02 15:03:51.160,10915,10916,10916,10,10
2019-10-02 15:03:51.210,10915,10916,10916,1,1
2019-10-02 15:03:51.234,10915,10916,10916,2,2
2019-10-02 15:03:51.234,10915,10916,10916,3,3
2019-10-02 15:03:51.235,10915,10916,10916,3,3
2019-10-02 15:03:51.238,10915,10916,10916,1,1
2019-10-02 15:03:51.288,10915,10916,10916,2,2
2019-10-02 15:03:51.359,10915,10916,10916,1,1
2019-10-02 15:03:51.359,10915,10916,10916,1,1
2019-10-02 15:03:51.360,10915,10916,10916,1,1
2019-10-02 15:03:51.410,10915,10916,10916,1,1
2019-10-02 15:03:51.484,10915,10916,10916,4,4
2019-10-02 15:03:54.926,10915,10916,10916,3,3
2019-10-02 15:03:55.675,10915,10916,10915,4,-4
2019-10-02 15:03:56.866,10915,10916,10916,3,3
2019-10-02 15:03:57.720,10915,10916,10915,5,-5
2019-10-02 15:03:58.151,10915,10916,10916,1,1
2019-10-02 15:04:00.986,10915,10916,10916,1,1
2019-10-02 15:04:05.166,10916,10917,10916,1,-1
2019-10-02 15:04:06.453,10916,10917,10917,1,1
2019-10-02 15:04:07.702,10916,10917,10917,2,2
2019-10-02 15:04:13.391,10916,10917,10916,5,-5
2019-10-02 15:04:13.644,10915,10916,10916,1,1
2019-10-02 15:04:18.995,10915,10916,10915,5,-5
2019-10-02 15:04:19.139,10915,10916,10916,1,1
2019-10-02 15:04:20.108,10915,10916,10916,5,5
2019-10-02 15:04:25.505,10915,10916,10916,1,1
2019-10-02 15:04:33.214,10915,10916,10916,1,1
2019-10-02 15:04:35.550,10915,10916,10915,1,-1
2019-10-02 15:04:40.183,10915,10916,10916,1,1
2019-10-02 15:04:54.193,10915,10916,10915,2,-2
2019-10-02 15:04:57.047,10915,10916,10916,1,1
2019-10-02 15:04:58.024,10915,10916,10916,1,1
2019-10-02 15:04:58.941,10915,10916,10916,14,14
2019-10-02 15:05:02.485,10915,10916,10916,1,1
2019-10-02 15:05:03.521,10915,10917,10915,1,-1
2019-10-02 15:05:07.551,10916,10917,10916,1,1
2019-10-02 15:05:12.985,10916,10917,10916,1,-1
2019-10-02 15:05:13.617,10916,10917,10916,1,-1
2019-10-02 15:05:23.173,10916,10917,10916,2,-2
2019-10-02 15:05:24.029,10916,10917,10916,1,-1
2019-10-02 15:05:25.010,10916,10917,10916,3,-3
2019-10-02 15:05:26.594,10916,10917,10917,1,1
2019-10-02 15:05:26.861,10916,10917,10917,1,1
2019-10-02 15:05:26.991,10916,10917,10916,1,-1
2019-10-02 15:05:28.150,10916,10917,10917,1,1
2019-10-02 15:05:29.085,10916,10917,10916,3,-3
2019-10-02 15:05:29.085,10916,10917,10915,3,-3
2019-10-02 15:05:34.524,10915,10916,10916,1,1
2019-10-02 15:05:34.898,10915,10916,10916,5,5
2019-10-02 15:05:36.627,10916,10917,10916,1,-1
2019-10-02 15:05:36.627,10916,10917,10916,1,-1
2019-10-02 15:05:39.118,10915,10916,10916,2,2
2019-10-02 15:05:39.827,10915,10916,10916,1,1
2019-10-02 15:05:43.178,10915,10917,10917,1,1
2019-10-02 15:05:51.795,10916,10917,10917,1,1
2019-10-02 15:05:58.447,10916,10917,10916,1,-1
2019-10-02 15:05:58.514,10916,10917,10916,1,-1
2019-10-02 15:05:59.803,10916,10917,10917,1,1
2019-10-02 15:06:08.379,10916,10917,10917,1,1
2019-10-02 15:06:23.722,10916,10917,10917,2,2
2019-10-02 15:06:26.581,10916,10917,10917,2,2
2019-10-02 15:06:27.739,10916,10917,10917,27,27
2019-10-02 15:06:27.857,10916,10917,10917,1,1
2019-10-02 15:06:30.129,10917,10918,10917,1,-1
2019-10-02 15:06:37.223,10917,10918,10917,1,-1
2019-10-02 15:06:37.223,10917,10918,10917,2,-2
2019-10-02 15:06:37.234,10917,10918,10917,3,-3
2019-10-02 15:06:37.471,10916,10918,10917,2,-2
2019-10-02 15:06:40.861,10917,10918,10918,3,3
2019-10-02 15:06:43.764,10917,10918,10917,3,-3
2019-10-02 15:06:46.506,10917,10918,10917,1,-1
2019-10-02 15:06:46.609,10917,10918,10917,6,-6
2019-10-02 15:06:46.610,10917,10918,10917,3,-3
2019-10-02 15:06:46.960,10917,10918,10917,2,-2
2019-10-02 15:06:47.194,10916,10918,10917,2,-2
2019-10-02 15:06:48.754,10916,10917,10917,1,1
2019-10-02 15:06:49.157,10916,10917,10916,1,-1
2019-10-02 15:06:50.428,10916,10917,10917,1,1
2019-10-02 15:06:59.832,10916,10917,10917,1,1
2019-10-02 15:07:00.524,10916,10917,10917,1,1
2019-10-02 15:07:01.645,10916,10917,10917,2,2
2019-10-02 15:07:01.884,10916,10917,10917,2,2
2019-10-02 15:07:02.121,10916,10917,10917,2,2
2019-10-02 15:07:10.724,10917,10918,10917,2,-2
2019-10-02 15:07:11.894,10917,10918,10918,4,4
2019-10-02 15:07:23.238,10917,10918,10918,1,1
2019-10-02 15:07:26.002,10917,10918,10918,14,14
2019-10-02 15:07:26.002,10917,10918,10918,1,1
2019-10-02 15:07:26.002,10917,10918,10918,2,2
2019-10-02 15:07:26.002,10917,10918,10918,2,2
2019-10-02 15:07:26.002,10917,10918,10918,1,1
2019-10-02 15:07:26.003,10917,10918,10918,2,2
2019-10-02 15:07:26.511,10918,10919,10918,1,-1
2019-10-02 15:07:29.367,10918,10919,10918,1,-1
2019-10-02 15:07:36.064,10918,10919,10918,1,-1
2019-10-02 15:07:38.577,10918,10919,10918,1,-1
2019-10-02 15:07:43.785,10918,10919,10919,1,1
2019-10-02 15:07:44.033,10918,10919,10919,1,1
2019-10-02 15:07:44.059,10918,10919,10919,1,1
2019-10-02 15:07:44.494,10918,10919,10918,3,-3
2019-10-02 15:07:49.680,10918,10919,10919,1,1
2019-10-02 15:07:49.718,10918,10919,10918,16,-16
2019-10-02 15:07:49.859,10917,10919,10917,10,-10
2019-10-02 15:07:49.954,10917,10918,10918,2,2
2019-10-02 15:07:53.038,10917,10918,10918,1,1
2019-10-02 15:07:55.858,10917,10918,10917,15,-15
2019-10-02 15:07:56.563,10917,10918,10917,2,-2
2019-10-02 15:07:57.777,10917,10918,10917,1,-1
2019-10-02 15:08:01.355,10917,10918,10917,1,-1
2019-10-02 15:08:02.068,10917,10918,10917,1,-1
2019-10-02 15:08:02.073,10917,10918,10917,1,-1
2019-10-02 15:08:02.170,10917,10918,10917,1,-1
2019-10-02 15:08:02.309,10916,10918,10917,1,-1
2019-10-02 15:08:07.096,10917,10918,10917,1,-1
2019-10-02 15:08:09.990,10916,10917,10917,1,1
2019-10-02 15:08:12.486,10917,10918,10917,1,-1
2019-10-02 15:08:20.115,10917,10918,10917,2,-2
2019-10-02 15:08:32.591,10916,10917,10917,1,1
2019-10-02 15:08:43.039,10916,10917,10917,7,7
2019-10-02 15:08:43.860,10917,10918,10917,1,-1
2019-10-02 15:08:44.400,10917,10918,10917,1,-1
2019-10-02 15:08:55.307,10917,10918,10918,1,1
2019-10-02 15:09:03.797,10917,10918,10918,1,1
2019-10-02 15:09:05.488,10917,10918,10917,1,-1
2019-10-02 15:09:07.515,10916,10917,10917,1,1
2019-10-02 15:09:21.502,10916,10917,10916,21,-21
2019-10-02 15:09:27.735,10915,10916,10915,36,-36
2019-10-02 15:09:27.775,10915,10916,10915,1,-1
2019-10-02 15:09:34.662,10914,10915,10914,47,-47
2019-10-02 15:09:34.868,10913,10914,10913,1,-1
2019-10-02 15:09:34.902,10913,10914,10913,1,-1
2019-10-02 15:09:34.944,10913,10914,10913,2,-2
2019-10-02 15:09:34.991,10913,10914,10913,1,-1
2019-10-02 15:09:35.030,10913,10914,10913,1,-1
2019-10-02 15:09:35.052,10913,10914,10913,3,-3
2019-10-02 15:09:35.073,10913,10914,10913,4,-4
2019-10-02 15:09:35.110,10913,10914,10913,2,-2
2019-10-02 15:09:35.234,10913,10914,10914,8,8
2019-10-02 15:09:35.273,10913,10914,10914,1,1
2019-10-02 15:09:36.025,10913,10914,10914,1,1
2019-10-02 15:09:36.367,10913,10914,10913,1,-1
2019-10-02 15:09:41.283,10913,10914,10913,2,-2
2019-10-02 15:09:44.136,10913,10914,10913,3,-3
2019-10-02 15:09:45.707,10913,10914,10913,1,-1
2019-10-02 15:09:45.981,10913,10914,10913,1,-1
2019-10-02 15:09:46.986,10913,10914,10913,2,-2
2019-10-02 15:09:48.624,10913,10914,10913,2,-2
2019-10-02 15:09:50.215,10913,10914,10913,1,-1
2019-10-02 15:09:50.882,10913,10914,10913,2,-2
2019-10-02 15:09:51.392,10913,10914,10913,1,-1
2019-10-02 15:09:53.113,10913,10914,10913,1,-1
2019-10-02 15:09:58.247,10913,10914,10913,1,-1
2019-10-02 15:09:58.494,10913,10914,10913,5,-5
2019-10-02 15:09:59.210,10913,10914,10913,2,-2
2019-10-02 15:09:59.503,10913,10914,10913,14,-14
2019-10-02 15:10:01.502,10912,10913,10913,1,1
2019-10-02 15:10:01.837,10912,10913,10912,1,-1
2019-10-02 15:10:02.071,10912,10913,10912,1,-1
2019-10-02 15:10:02.072,10912,10913,10912,3,-3
2019-10-02 15:10:02.109,10912,10913,10913,1,1
2019-10-02 15:10:02.110,10912,10913,10912,24,-24
2019-10-02 15:10:02.445,10911,10912,10912,10,10
2019-10-02 15:10:02.833,10911,10912,10912,1,1
2019-10-02 15:10:03.044,10911,10912,10912,2,2
2019-10-02 15:10:03.131,10911,10912,10912,4,4
2019-10-02 15:10:03.131,10911,10912,10913,30,30
2019-10-02 15:10:03.133,10911,10912,10912,1,1
2019-10-02 15:10:03.135,10911,10912,10912,1,1
2019-10-02 15:10:03.137,10911,10912,10912,1,1
2019-10-02 15:10:03.139,10911,10912,10912,1,1
2019-10-02 15:10:03.211,10911,10912,10912,1,1
2019-10-02 15:10:03.211,10911,10912,10913,6,6
2019-10-02 15:10:03.211,10911,10912,10914,3,3
2019-10-02 15:10:11.199,10912,10913,10913,1,1
2019-10-02 15:10:13.674,10912,10913,10913,2,2
2019-10-02 15:10:15.286,10912,10913,10912,1,-1
2019-10-02 15:10:17.418,10912,10913,10912,1,-1
2019-10-02 15:10:19.003,10912,10913,10913,5,5
2019-10-02 15:10:20.398,10912,10913,10913,3,3
2019-10-02 15:10:21.300,10912,10913,10912,1,-1
2019-10-02 15:10:21.465,10912,10913,10913,1,1
2019-10-02 15:10:21.740,10912,10913,10913,2,2
2019-10-02 15:10:21.825,10912,10913,10912,9,-9
2019-10-02 15:10:21.974,10912,10913,10913,2,2
2019-10-02 15:10:21.986,10912,10913,10912,21,-21
2019-10-02 15:10:22.036,10912,10913,10912,3,-3
2019-10-02 15:10:22.109,10912,10913,10912,2,-2
2019-10-02 15:10:23.433,10912,10913,10912,1,-1
2019-10-02 15:10:24.704,10912,10913,10912,1,-1
2019-10-02 15:10:25.492,10912,10913,10912,1,-1
2019-10-02 15:10:26.104,10912,10913,10912,6,-6
2019-10-02 15:10:26.163,10911,10913,10912,1,-1
2019-10-02 15:10:26.341,10911,10912,10912,1,1
2019-10-02 15:10:26.630,10912,10913,10912,1,-1
2019-10-02 15:10:26.883,10911,10913,10912,1,-1
2019-10-02 15:10:26.949,10911,10913,10912,1,-1
2019-10-02 15:10:28.330,10911,10913,10911,1,-1
2019-10-02 15:10:28.486,10912,10913,10912,1,1
2019-10-02 15:10:29.047,10911,10912,10912,1,1
2019-10-02 15:10:29.110,10912,10913,10912,1,-1
2019-10-02 15:10:29.408,10911,10912,10911,2,-2
2019-10-02 15:10:29.829,10911,10912,10911,1,-1
2019-10-02 15:10:29.947,10911,10912,10912,2,2
2019-10-02 15:10:29.959,10911,10912,10911,5,-5
2019-10-02 15:10:30.187,10911,10912,10912,2,2
2019-10-02 15:10:30.371,10911,10912,10911,1,-1
2019-10-02 15:10:30.420,10911,10912,10912,2,2
2019-10-02 15:10:30.654,10911,10912,10912,2,2
2019-10-02 15:10:30.890,10911,10912,10912,1,1
2019-10-02 15:10:32.666,10911,10912,10911,20,-20
2019-10-02 15:10:33.487,10911,10912,10911,26,-26
2019-10-02 15:10:33.812,10910,10911,10910,1,-1
2019-10-02 15:10:33.865,10910,10911,10910,1,-1
2019-10-02 15:10:33.903,10910,10911,10910,1,-1
2019-10-02 15:10:34.063,10910,10911,10910,8,-8
2019-10-02 15:10:34.643,10910,10911,10910,1,-1
2019-10-02 15:10:35.596,10910,10911,10911,1,1
2019-10-02 15:10:36.051,10910,10911,10911,1,1
2019-10-02 15:10:36.137,10910,10911,10910,1,-1
2019-10-02 15:10:37.692,10910,10911,10910,3,-3
2019-10-02 15:10:37.734,10910,10911,10910,5,-5
2019-10-02 15:10:37.859,10910,10911,10910,1,-1
2019-10-02 15:10:37.908,10910,10911,10910,1,-1
2019-10-02 15:10:37.909,10910,10911,10910,2,-2
2019-10-02 15:10:37.909,10910,10911,10910,4,-4
2019-10-02 15:10:37.910,10910,10911,10910,1,-1
2019-10-02 15:10:38.537,10909,10911,10909,3,-3
2019-10-02 15:10:38.589,10909,10911,10909,3,-3
2019-10-02 15:10:38.589,10909,10911,10909,2,-2
2019-10-02 15:10:38.590,10909,10911,10909,1,-1
2019-10-02 15:10:38.591,10909,10911,10909,1,-1
2019-10-02 15:10:38.640,10909,10910,10909,2,-2
2019-10-02 15:10:39.066,10909,10910,10909,1,-1
2019-10-02 15:10:39.610,10909,10910,10909,17,-17
2019-10-02 15:10:39.633,10909,10910,10909,3,-3
2019-10-02 15:10:39.851,10908,10909,10908,2,-2
2019-10-02 15:10:40.093,10908,10909,10908,6,-6
2019-10-02 15:10:40.192,10908,10909,10908,1,-1
2019-10-02 15:10:40.298,10908,10909,10908,1,-1
2019-10-02 15:10:40.384,10908,10909,10909,2,2
2019-10-02 15:10:41.289,10908,10910,10908,1,-1
2019-10-02 15:10:41.344,10908,10910,10908,2,-2
2019-10-02 15:10:41.356,10908,10910,10908,1,-1
2019-10-02 15:10:41.382,10908,10910,10908,1,-1
2019-10-02 15:10:41.409,10908,10910,10908,2,-2
2019-10-02 15:10:41.466,10908,10910,10908,1,-1
2019-10-02 15:10:41.530,10908,10910,10908,1,-1
2019-10-02 15:10:41.541,10908,10910,10908,1,-1
2019-10-02 15:10:41.582,10908,10910,10908,1,-1
2019-10-02 15:10:41.658,10908,10910,10908,1,-1
2019-10-02 15:10:41.749,10908,10910,10908,2,-2
2019-10-02 15:10:41.790,10908,10910,10908,1,-1
2019-10-02 15:10:42.133,10908,10909,10908,4,-4
2019-10-02 15:10:42.438,10908,10909,10908,4,-4
2019-10-02 15:10:42.505,10908,10909,10909,1,1
2019-10-02 15:10:42.512,10908,10909,10909,1,1
2019-10-02 15:10:42.598,10908,10909,10908,1,-1
2019-10-02 15:10:43.129,10908,10909,10908,1,-1
2019-10-02 15:10:43.484,10908,10909,10908,10,-10
2019-10-02 15:10:43.484,10908,10909,10907,29,-29
2019-10-02 15:10:43.535,10908,10909,10908,2,2
2019-10-02 15:10:43.609,10908,10909,10908,3,-3
2019-10-02 15:10:43.671,10908,10909,10907,2,-2
2019-10-02 15:10:44.636,10907,10908,10907,13,-13
2019-10-02 15:10:44.636,10907,10908,10906,7,-7
2019-10-02 15:10:44.858,10906,10908,10907,4,4
2019-10-02 15:10:44.858,10906,10908,10906,1,-1
2019-10-02 15:10:44.995,10906,10908,10906,1,-1
2019-10-02 15:10:45.006,10906,10908,10906,1,-1
2019-10-02 15:10:45.026,10906,10908,10906,1,-1
2019-10-02 15:10:45.545,10907,10908,10908,5,5
2019-10-02 15:10:45.767,10907,10908,10907,1,-1
2019-10-02 15:10:45.822,10907,10908,10907,1,-1
2019-10-02 15:10:45.907,10907,10908,10907,2,-2
2019-10-02 15:10:45.999,10907,10908,10907,2,-2
2019-10-02 15:10:46.544,10907,10908,10907,5,-5
2019-10-02 15:10:46.585,10907,10908,10907,1,-1
2019-10-02 15:10:47.767,10907,10908,10907,1,-1
2019-10-02 15:10:48.123,10907,10908,10908,1,1
2019-10-02 15:10:48.299,10907,10908,10908,1,1
2019-10-02 15:10:48.345,10907,10908,10907,3,-3
2019-10-02 15:10:50.572,10907,10908,10908,1,1
2019-10-02 15:10:51.689,10908,10909,10908,1,-1
2019-10-02 15:10:51.689,10908,10909,10907,2,-2
2019-10-02 15:10:52.484,10907,10908,10908,1,1
2019-10-02 15:10:52.954,10907,10908,10908,1,1
2019-10-02 15:10:54.948,10908,10909,10908,1,-1
2019-10-02 15:10:55.281,10908,10909,10909,1,1
2019-10-02 15:10:56.837,10908,10909,10909,1,1
2019-10-02 15:10:57.321,10907,10909,10907,2,-2
2019-10-02 15:10:58.138,10907,10908,10908,2,2
2019-10-02 15:10:59.400,10908,10909,10908,1,-1
2019-10-02 15:11:00.285,10908,10909,10909,1,1
2019-10-02 15:11:01.912,10908,10909,10908,1,-1
2019-10-02 15:11:02.728,10908,10909,10908,1,-1
2019-10-02 15:11:02.742,10908,10909,10908,1,-1
2019-10-02 15:11:03.620,10908,10909,10908,1,-1
2019-10-02 15:11:06.492,10908,10909,10909,1,1
2019-10-02 15:11:07.438,10908,10909,10908,1,-1
2019-10-02 15:11:08.498,10908,10909,10908,3,-3
2019-10-02 15:11:08.911,10907,10908,10908,3,3
2019-10-02 15:11:10.747,10907,10908,10908,1,1
2019-10-02 15:11:11.324,10907,10908,10908,2,2
2019-10-02 15:11:12.941,10907,10908,10908,1,1
2019-10-02 15:11:16.462,10907,10908,10907,3,-3
2019-10-02 15:11:17.582,10907,10908,10907,2,-2
2019-10-02 15:11:18.470,10907,10908,10908,1,1
2019-10-02 15:11:18.509,10907,10908,10908,1,1
2019-10-02 15:11:18.529,10907,10908,10907,1,-1
2019-10-02 15:11:19.567,10907,10908,10908,2,2
2019-10-02 15:11:19.587,10907,10908,10907,16,-16
2019-10-02 15:11:20.396,10907,10908,10907,1,-1
2019-10-02 15:11:21.452,10907,10908,10907,1,-1
2019-10-02 15:11:21.516,10907,10908,10908,1,1
2019-10-02 15:11:21.886,10907,10908,10907,1,-1
2019-10-02 15:11:23.822,10907,10908,10908,5,5
2019-10-02 15:11:24.398,10907,10908,10908,1,1
2019-10-02 15:11:26.200,10907,10908,10907,5,-5
2019-10-02 15:11:26.500,10907,10908,10907,1,-1
2019-10-02 15:11:27.212,10907,10908,10908,1,1
2019-10-02 15:11:27.970,10907,10908,10908,1,1
2019-10-02 15:11:29.965,10907,10908,10907,1,-1
2019-10-02 15:11:31.910,10907,10908,10907,1,-1
2019-10-02 15:11:32.020,10907,10908,10908,1,1
2019-10-02 15:11:32.078,10907,10908,10907,4,-4
2019-10-02 15:11:32.542,10907,10908,10908,5,5
2019-10-02 15:11:33.061,10907,10908,10907,2,-2
2019-10-02 15:11:33.692,10907,10908,10907,2,-2
2019-10-02 15:11:33.711,10907,10908,10907,1,-1
2019-10-02 15:11:34.074,10907,10908,10908,1,1
2019-10-02 15:11:34.844,10907,10908,10907,1,-1
2019-10-02 15:11:35.079,10907,10908,10908,1,1
2019-10-02 15:11:35.472,10907,10908,10907,1,-1
2019-10-02 15:11:36.385,10906,10908,10906,1,-1
2019-10-02 15:11:38.811,10906,10907,10907,1,1
2019-10-02 15:11:42.055,10907,10908,10908,5,5
2019-10-02 15:11:42.377,10907,10908,10908,1,1
2019-10-02 15:11:42.412,10907,10908,10907,1,-1
2019-10-02 15:11:43.429,10907,10908,10907,1,-1
2019-10-02 15:11:43.563,10907,10908,10908,3,3
2019-10-02 15:11:43.742,10908,10909,10908,2,-2
2019-10-02 15:11:44.068,10908,10909,10908,1,-1
2019-10-02 15:11:45.904,10908,10909,10908,4,-4
2019-10-02 15:11:47.200,10908,10909,10908,1,-1
2019-10-02 15:11:47.420,10908,10909,10908,1,-1
2019-10-02 15:11:49.573,10908,10909,10908,1,-1
2019-10-02 15:11:51.172,10907,10909,10907,2,-2
2019-10-02 15:11:51.912,10908,10909,10909,5,5
2019-10-02 15:11:52.757,10908,10909,10908,10,-10
2019-10-02 15:11:53.465,10907,10909,10907,1,-1
2019-10-02 15:11:54.250,10907,10909,10907,1,-1
2019-10-02 15:11:56.025,10907,10908,10908,1,1
2019-10-02 15:11:56.609,10907,10908,10908,3,3
2019-10-02 15:11:56.635,10907,10908,10908,1,1
2019-10-02 15:11:56.841,10907,10909,10907,1,-1
2019-10-02 15:11:57.613,10907,10908,10907,1,-1
2019-10-02 15:11:58.549,10907,10908,10908,1,1
2019-10-02 15:11:59.457,10907,10908,10908,1,1
2019-10-02 15:12:01.070,10908,10909,10908,1,-1
2019-10-02 15:12:01.458,10907,10908,10908,2,2
2019-10-02 15:12:01.459,10907,10908,10909,2,2
2019-10-02 15:12:02.575,10907,10909,10908,1,-1
2019-10-02 15:12:02.575,10907,10909,10907,2,-2
2019-10-02 15:12:03.300,10908,10909,10908,1,1
2019-10-02 15:12:04.595,10907,10909,10909,1,1
2019-10-02 15:12:06.426,10908,10909,10908,1,-1
2019-10-02 15:12:07.337,10907,10908,10908,1,1
2019-10-02 15:12:09.774,10907,10908,10908,1,1
2019-10-02 15:12:10.526,10907,10908,10908,1,1
2019-10-02 15:12:10.526,10907,10908,10909,2,2
2019-10-02 15:12:14.002,10907,10908,10908,1,1
2019-10-02 15:12:14.146,10907,10908,10907,2,-2
2019-10-02 15:12:14.434,10907,10908,10908,1,1
2019-10-02 15:12:15.218,10907,10908,10907,1,-1
2019-10-02 15:12:15.631,10907,10908,10908,1,1
2019-10-02 15:12:19.676,10907,10908,10908,1,1
2019-10-02 15:12:22.052,10907,10909,10907,37,-37
2019-10-02 15:12:22.349,10907,10908,10908,1,1
2019-10-02 15:12:24.253,10907,10908,10908,1,1
2019-10-02 15:12:24.261,10907,10908,10908,1,1
2019-10-02 15:12:24.510,10907,10908,10908,1,1
2019-10-02 15:12:24.589,10907,10908,10907,1,-1
2019-10-02 15:12:25.893,10907,10908,10907,1,-1
2019-10-02 15:12:25.912,10907,10908,10907,1,-1
2019-10-02 15:12:26.183,10906,10907,10906,1,-1
2019-10-02 15:12:26.782,10906,10907,10907,1,1
2019-10-02 15:12:27.935,10906,10907,10907,1,1
2019-10-02 15:12:28.166,10906,10907,10906,1,-1
2019-10-02 15:12:32.401,10906,10907,10907,2,2
2019-10-02 15:12:32.736,10906,10907,10906,1,-1
2019-10-02 15:12:33.080,10906,10907,10906,4,-4
2019-10-02 15:12:33.298,10906,10907,10907,1,1
2019-10-02 15:12:33.963,10906,10907,10906,1,-1
2019-10-02 15:12:34.215,10906,10907,10906,1,-1
2019-10-02 15:12:34.494,10906,10907,10906,1,-1
2019-10-02 15:12:35.875,10906,10907,10906,1,-1
2019-10-02 15:12:35.984,10906,10907,10906,4,-4
2019-10-02 15:12:36.000,10906,10907,10906,3,-3
2019-10-02 15:12:36.107,10906,10907,10906,1,-1
2019-10-02 15:12:36.411,10906,10907,10906,1,-1
2019-10-02 15:12:37.373,10906,10907,10906,1,-1
2019-10-02 15:12:42.164,10905,10906,10905,1,-1
2019-10-02 15:12:42.380,10905,10906,10906,1,1
2019-10-02 15:12:45.106,10905,10906,10905,2,-2
2019-10-02 15:12:45.290,10905,10906,10906,1,1
2019-10-02 15:12:45.420,10905,10906,10906,1,1
2019-10-02 15:12:46.231,10905,10906,10906,1,1
2019-10-02 15:12:46.548,10905,10906,10905,2,-2
2019-10-02 15:12:47.752,10905,10906,10905,1,-1
2019-10-02 15:12:47.958,10905,10906,10905,1,-1
2019-10-02 15:12:48.222,10905,10906,10906,1,1
2019-10-02 15:12:48.378,10905,10906,10905,1,-1
2019-10-02 15:12:48.465,10905,10906,10906,5,5
2019-10-02 15:12:48.648,10905,10906,10905,1,-1
2019-10-02 15:12:48.986,10905,10906,10905,1,-1
2019-10-02 15:12:49.242,10905,10906,10905,1,-1
2019-10-02 15:12:50.143,10905,10906,10906,1,1
2019-10-02 15:12:50.891,10905,10906,10906,2,2
2019-10-02 15:12:51.434,10905,10906,10905,1,-1
2019-10-02 15:12:52.370,10905,10906,10905,2,-2
2019-10-02 15:12:52.371,10905,10906,10905,1,-1
2019-10-02 15:12:52.371,10905,10906,10905,2,-2
2019-10-02 15:12:52.371,10905,10906,10905,2,-2
2019-10-02 15:12:52.371,10905,10906,10905,5,-5
2019-10-02 15:12:52.371,10905,10906,10905,2,-2
2019-10-02 15:12:52.371,10905,10906,10905,1,-1
2019-10-02 15:12:52.371,10905,10906,10905,2,-2
2019-10-02 15:12:52.371,10905,10906,10905,10,-10
2019-10-02 15:12:52.990,10904,10905,10904,2,-2
2019-10-02 15:12:52.990,10904,10905,10904,2,-2
2019-10-02 15:12:53.142,10904,10905,10904,2,-2
2019-10-02 15:12:53.153,10904,10905,10904,1,-1
2019-10-02 15:12:53.279,10904,10905,10905,1,1
2019-10-02 15:12:53.358,10904,10905,10904,1,-1
2019-10-02 15:12:53.453,10904,10905,10905,1,1
2019-10-02 15:12:53.566,10904,10905,10904,1,-1
2019-10-02 15:12:53.584,10904,10905,10904,1,-1
2019-10-02 15:12:53.649,10903,10905,10903,1,-1
2019-10-02 15:12:53.743,10903,10905,10903,2,-2
2019-10-02 15:12:53.848,10903,10905,10903,1,-1
2019-10-02 15:12:53.853,10903,10905,10903,1,-1
2019-10-02 15:12:53.877,10903,10905,10903,1,-1
2019-10-02 15:12:53.883,10903,10905,10903,6,-6
2019-10-02 15:12:53.891,10903,10905,10903,4,-4
2019-10-02 15:12:53.895,10903,10905,10903,1,-1
2019-10-02 15:12:53.933,10903,10905,10903,1,-1
2019-10-02 15:12:53.963,10903,10905,10903,8,-8
2019-10-02 15:12:54.049,10903,10905,10903,1,-1
2019-10-02 15:12:54.091,10903,10905,10903,6,-6
2019-10-02 15:12:54.294,10903,10904,10903,1,-1
2019-10-02 15:12:54.363,10903,10904,10903,4,-4
2019-10-02 15:12:54.756,10903,10904,10903,1,-1
2019-10-02 15:12:55.000,10903,10904,10903,1,-1
2019-10-02 15:12:55.235,10903,10904,10903,1,-1
2019-10-02 15:12:55.485,10903,10904,10903,1,-1
2019-10-02 15:12:55.708,10903,10904,10903,1,-1
2019-10-02 15:12:55.935,10903,10904,10903,1,-1
2019-10-02 15:12:56.106,10903,10904,10903,1,-1
2019-10-02 15:12:56.277,10903,10904,10903,5,-5
2019-10-02 15:12:56.285,10903,10904,10903,1,-1
2019-10-02 15:12:56.476,10903,10904,10903,1,-1
2019-10-02 15:12:56.658,10903,10904,10903,1,-1
2019-10-02 15:12:56.744,10903,10904,10903,1,-1
2019-10-02 15:12:56.812,10903,10904,10903,1,-1
2019-10-02 15:12:56.881,10903,10904,10903,1,-1
2019-10-02 15:12:57.004,10903,10904,10903,1,-1
2019-10-02 15:12:57.007,10903,10904,10903,1,-1
2019-10-02 15:12:57.187,10902,10903,10903,1,1
2019-10-02 15:12:57.187,10902,10903,10904,2,2
2019-10-02 15:12:58.665,10902,10903,10903,1,1
2019-10-02 15:12:58.758,10902,10903,10903,1,1
2019-10-02 15:12:58.895,10902,10903,10902,1,-1
2019-10-02 15:12:59.020,10902,10903,10902,1,-1
2019-10-02 15:12:59.067,10902,10903,10902,2,-2
2019-10-02 15:12:59.100,10902,10903,10902,1,-1
2019-10-02 15:12:59.100,10902,10903,10902,2,-2
2019-10-02 15:12:59.212,10902,10903,10902,2,-2
2019-10-02 15:12:59.238,10902,10903,10902,2,-2
2019-10-02 15:12:59.281,10902,10903,10902,4,-4
2019-10-02 15:12:59.327,10902,10903,10902,2,-2
2019-10-02 15:12:59.347,10902,10903,10902,8,-8
2019-10-02 15:12:59.347,10902,10903,10902,7,-7
2019-10-02 15:12:59.347,10902,10903,10902,6,-6
2019-10-02 15:12:59.348,10902,10903,10901,8,-8
2019-10-02 15:12:59.348,10902,10903,10901,7,-7
2019-10-02 15:12:59.348,10902,10903,10901,8,-8
2019-10-02 15:12:59.348,10902,10903,10901,7,-7
2019-10-02 15:12:59.397,10901,10902,10901,1,-1
2019-10-02 15:12:59.442,10901,10902,10901,15,-15
2019-10-02 15:12:59.450,10901,10902,10901,3,-3
2019-10-02 15:12:59.453,10901,10902,10901,6,-6
2019-10-02 15:12:59.458,10901,10902,10901,2,-2
2019-10-02 15:12:59.505,10900,10902,10900,5,-5
2019-10-02 15:12:59.517,10900,10902,10900,1,-1
2019-10-02 15:12:59.517,10900,10902,10900,4,-4
2019-10-02 15:12:59.524,10900,10902,10900,4,-4
2019-10-02 15:12:59.564,10900,10902,10901,1,1
2019-10-02 15:12:59.596,10900,10902,10900,1,-1
2019-10-02 15:12:59.611,10900,10901,10900,4,-4
2019-10-02 15:12:59.674,10900,10901,10900,1,-1
2019-10-02 15:12:59.674,10900,10901,10900,1,-1
2019-10-02 15:12:59.736,10900,10901,10900,1,-1
2019-10-02 15:12:59.739,10900,10901,10900,1,-1
2019-10-02 15:12:59.739,10900,10901,10900,2,-2
2019-10-02 15:12:59.751,10900,10901,10900,1,-1
2019-10-02 15:12:59.805,10900,10901,10900,1,-1
2019-10-02 15:12:59.844,10900,10901,10900,1,-1
2019-10-02 15:12:59.861,10900,10901,10900,1,-1
2019-10-02 15:12:59.862,10900,10901,10900,1,-1
2019-10-02 15:12:59.884,10900,10901,10900,1,-1
2019-10-02 15:12:59.887,10900,10901,10900,1,-1
2019-10-02 15:12:59.904,10900,10901,10900,1,-1
2019-10-02 15:12:59.904,10900,10901,10900,1,-1
2019-10-02 15:13:00.020,10900,10901,10900,2,-2
2019-10-02 15:13:00.138,10900,10901,10900,1,-1
2019-10-02 15:13:00.186,10900,10901,10900,1,-1
2019-10-02 15:13:00.187,10900,10901,10900,3,-3
2019-10-02 15:13:00.187,10900,10901,10899,1,-1
2019-10-02 15:13:00.262,10899,10901,10899,1,-1
2019-10-02 15:13:00.273,10899,10901,10899,1,-1
2019-10-02 15:13:00.320,10899,10901,10899,1,-1
2019-10-02 15:13:00.321,10899,10901,10899,1,-1
2019-10-02 15:13:00.411,10899,10900,10899,2,-2
2019-10-02 15:13:00.444,10899,10900,10899,5,-5
2019-10-02 15:13:00.459,10899,10900,10899,1,-1
2019-10-02 15:13:00.460,10899,10900,10899,1,-1
2019-10-02 15:13:00.626,10899,10900,10899,1,-1
2019-10-02 15:13:00.648,10899,10900,10899,1,-1
2019-10-02 15:13:00.675,10899,10900,10899,1,-1
2019-10-02 15:13:00.690,10899,10900,10899,1,-1
2019-10-02 15:13:00.694,10899,10900,10898,1,-1
2019-10-02 15:13:00.695,10899,10900,10898,2,-2
2019-10-02 15:13:00.715,10899,10900,10898,1,-1
2019-10-02 15:13:00.737,10898,10900,10898,1,-1
2019-10-02 15:13:00.825,10898,10900,10899,1,1
2019-10-02 15:13:00.833,10898,10900,10898,1,-1
2019-10-02 15:13:01.120,10898,10900,10899,1,1
2019-10-02 15:13:01.140,10898,10900,10898,1,-1
2019-10-02 15:13:01.152,10898,10900,10898,1,-1
2019-10-02 15:13:01.169,10898,10900,10898,1,-1
2019-10-02 15:13:01.202,10898,10900,10898,1,-1
2019-10-02 15:13:01.377,10898,10900,10898,1,-1
2019-10-02 15:13:01.435,10898,10900,10898,1,-1
2019-10-02 15:13:01.449,10898,10900,10898,1,-1
2019-10-02 15:13:01.452,10898,10900,10898,1,-1
2019-10-02 15:13:01.454,10898,10900,10898,5,-5
2019-10-02 15:13:01.455,10898,10900,10898,5,-5
2019-10-02 15:13:01.469,10898,10900,10898,1,-1
2019-10-02 15:13:01.482,10898,10900,10898,3,-3
2019-10-02 15:13:01.482,10898,10900,10897,1,-1
2019-10-02 15:13:01.503,10897,10899,10898,1,1
2019-10-02 15:13:01.537,10897,10899,10898,1,-1
2019-10-02 15:13:01.549,10897,10899,10898,1,-1
2019-10-02 15:13:01.553,10897,10899,10897,3,-3
2019-10-02 15:13:01.560,10897,10899,10897,2,-2
2019-10-02 15:13:01.575,10897,10899,10897,2,-2
2019-10-02 15:13:01.575,10897,10899,10897,2,-2
2019-10-02 15:13:01.594,10897,10899,10898,1,1
2019-10-02 15:13:01.683,10897,10899,10897,1,-1
2019-10-02 15:13:01.818,10897,10899,10897,1,-1
2019-10-02 15:13:01.893,10897,10899,10897,1,-1
2019-10-02 15:13:01.896,10897,10899,10897,1,-1
2019-10-02 15:13:01.897,10897,10899,10897,1,-1
2019-10-02 15:13:01.916,10897,10899,10897,1,-1
2019-10-02 15:13:01.933,10897,10899,10897,1,-1
2019-10-02 15:13:01.944,10897,10899,10897,1,-1
2019-10-02 15:13:01.951,10897,10899,10897,1,-1
2019-10-02 15:13:01.959,10897,10899,10897,1,-1
2019-10-02 15:13:01.971,10897,10899,10898,1,1
2019-10-02 15:13:01.985,10897,10898,10898,1,1
2019-10-02 15:13:01.991,10897,10898,10897,1,-1
2019-10-02 15:13:01.993,10897,10898,10897,2,-2
2019-10-02 15:13:02.005,10897,10898,10896,1,-1
2019-10-02 15:13:02.079,10897,10898,10897,1,1
2019-10-02 15:13:02.093,10897,10898,10896,1,-1
2019-10-02 15:13:02.093,10897,10898,10896,1,-1
2019-10-02 15:13:02.104,10897,10898,10896,1,-1
2019-10-02 15:13:02.171,10896,10898,10897,1,1
2019-10-02 15:13:02.174,10896,10898,10896,1,-1
2019-10-02 15:13:02.191,10896,10898,10896,4,-4
2019-10-02 15:13:02.254,10896,10898,10896,1,-1
2019-10-02 15:13:02.307,10896,10898,10896,3,-3
2019-10-02 15:13:02.396,10896,10898,10896,1,-1
2019-10-02 15:13:02.397,10896,10898,10896,1,-1
2019-10-02 15:13:02.409,10896,10898,10896,1,-1
2019-10-02 15:13:02.415,10896,10898,10896,1,-1
2019-10-02 15:13:02.433,10896,10898,10896,1,-1
2019-10-02 15:13:02.452,10896,10898,10896,1,-1
2019-10-02 15:13:02.485,10896,10897,10897,10,10
2019-10-02 15:13:02.696,10896,10897,10896,4,-4
2019-10-02 15:13:02.734,10896,10897,10897,2,2
2019-10-02 15:13:02.740,10896,10897,10896,1,-1
2019-10-02 15:13:02.741,10896,10897,10896,1,-1
2019-10-02 15:13:02.838,10896,10897,10896,2,-2
2019-10-02 15:13:02.877,10896,10898,10898,1,1
2019-10-02 15:13:02.913,10896,10898,10897,1,-1
2019-10-02 15:13:02.915,10896,10898,10897,1,-1
2019-10-02 15:13:03.038,10897,10898,10897,1,-1
2019-10-02 15:13:03.042,10897,10898,10897,2,-2
2019-10-02 15:13:03.050,10897,10898,10897,1,-1
2019-10-02 15:13:03.088,10897,10898,10897,1,-1
2019-10-02 15:13:03.231,10897,10898,10897,2,-2
2019-10-02 15:13:03.289,10897,10898,10897,1,-1
2019-10-02 15:13:03.290,10897,10898,10897,1,-1
2019-10-02 15:13:03.366,10897,10898,10897,1,-1
2019-10-02 15:13:03.609,10897,10898,10898,13,13
2019-10-02 15:13:03.615,10897,10898,10897,2,-2
2019-10-02 15:13:03.655,10897,10898,10897,4,-4
2019-10-02 15:13:03.687,10897,10898,10899,1,1
2019-10-02 15:13:03.943,10898,10899,10898,5,-5
2019-10-02 15:13:04.101,10897,10899,10897,5,-5
2019-10-02 15:13:04.126,10897,10899,10897,1,-1
2019-10-02 15:13:04.192,10897,10899,10898,1,1
2019-10-02 15:13:04.194,10897,10899,10897,1,-1
2019-10-02 15:13:04.447,10897,10899,10897,5,-5
2019-10-02 15:13:04.544,10897,10899,10897,2,-2
2019-10-02 15:13:04.759,10898,10899,10898,1,1
2019-10-02 15:13:04.924,10898,10899,10899,1,1
2019-10-02 15:13:04.947,10898,10899,10898,1,-1
2019-10-02 15:13:05.122,10898,10899,10898,2,-2
2019-10-02 15:13:05.234,10897,10898,10898,3,3
2019-10-02 15:13:05.484,10897,10898,10898,5,5
2019-10-02 15:13:05.731,10897,10899,10897,1,-1
2019-10-02 15:13:05.906,10897,10898,10897,1,-1
2019-10-02 15:13:06.359,10897,10898,10898,1,1
2019-10-02 15:13:06.785,10898,10899,10897,1,-1
2019-10-02 15:13:07.168,10898,10899,10898,1,1
2019-10-02 15:13:07.343,10897,10899,10899,2,2
2019-10-02 15:13:07.875,10897,10898,10897,2,-2
2019-10-02 15:13:08.180,10897,10898,10898,2,2
2019-10-02 15:13:08.221,10897,10898,10897,1,-1
2019-10-02 15:13:08.301,10897,10898,10897,1,-1
2019-10-02 15:13:08.893,10897,10898,10897,1,-1
2019-10-02 15:13:09.056,10897,10898,10897,6,-6
2019-10-02 15:13:09.056,10897,10898,10896,4,-4
2019-10-02 15:13:09.291,10896,10897,10897,2,2
2019-10-02 15:13:10.763,10897,10898,10898,4,4
2019-10-02 15:13:10.859,10897,10898,10898,1,1
2019-10-02 15:13:10.859,10897,10898,10898,2,2
2019-10-02 15:13:10.956,10897,10898,10898,1,1
2019-10-02 15:13:11.042,10897,10899,10897,1,-1
2019-10-02 15:13:11.658,10898,10899,10899,1,1
2019-10-02 15:13:12.666,10898,10899,10898,1,-1
2019-10-02 15:13:13.324,10898,10899,10898,1,-1
2019-10-02 15:13:14.208,10898,10899,10899,1,1
2019-10-02 15:13:14.998,10898,10899,10898,1,-1
2019-10-02 15:13:16.147,10898,10899,10898,1,-1
2019-10-02 15:13:16.358,10898,10899,10899,1,1
2019-10-02 15:13:16.734,10898,10899,10898,2,-2
2019-10-02 15:13:16.948,10898,10899,10898,1,-1
2019-10-02 15:13:18.087,10898,10899,10898,1,-1
2019-10-02 15:13:19.298,10898,10899,10899,1,1
2019-10-02 15:13:20.167,10898,10899,10899,1,1
2019-10-02 15:13:20.233,10898,10899,10899,1,1
2019-10-02 15:13:21.579,10898,10899,10898,1,-1
2019-10-02 15:13:22.392,10898,10899,10898,2,-2
2019-10-02 15:13:22.704,10898,10899,10898,2,-2
2019-10-02 15:13:23.313,10898,10899,10899,1,1
2019-10-02 15:13:23.696,10898,10899,10899,1,1
2019-10-02 15:13:24.102,10898,10899,10898,3,-3
2019-10-02 15:13:24.723,10898,10899,10899,1,1
2019-10-02 15:13:26.904,10898,10899,10898,1,-1
2019-10-02 15:13:29.510,10898,10899,10899,1,1
2019-10-02 15:13:29.722,10898,10899,10899,1,1
2019-10-02 15:13:30.756,10898,10899,10898,1,-1
2019-10-02 15:13:31.844,10898,10899,10899,1,1
2019-10-02 15:13:31.903,10898,10899,10898,1,-1
2019-10-02 15:13:34.163,10898,10899,10899,1,1
2019-10-02 15:13:34.219,10898,10899,10898,2,-2
2019-10-02 15:13:35.612,10898,10899,10898,1,-1
2019-10-02 15:13:36.156,10898,10899,10899,1,1
2019-10-02 15:13:36.664,10898,10899,10898,2,-2
2019-10-02 15:13:38.120,10898,10899,10899,1,1
2019-10-02 15:13:39.487,10898,10899,10899,1,1
2019-10-02 15:13:39.685,10898,10899,10898,1,-1
2019-10-02 15:13:41.537,10898,10899,10899,2,2
2019-10-02 15:13:42.240,10898,10899,10899,1,1
2019-10-02 15:13:43.743,10898,10899,10899,2,2
2019-10-02 15:13:44.478,10898,10899,10898,1,-1
2019-10-02 15:13:45.113,10898,10899,10898,2,-2
2019-10-02 15:13:45.865,10898,10899,10899,5,5
2019-10-02 15:13:46.881,10898,10899,10899,1,1
2019-10-02 15:13:48.042,10898,10899,10899,1,1
2019-10-02 15:13:48.348,10898,10899,10899,1,1
2019-10-02 15:13:48.494,10898,10899,10898,1,-1
2019-10-02 15:13:51.264,10898,10899,10899,3,3
2019-10-02 15:13:51.479,10898,10899,10898,2,-2
2019-10-02 15:13:51.504,10898,10899,10899,1,1
2019-10-02 15:13:51.862,10898,10899,10898,5,-5
2019-10-02 15:13:54.161,10898,10899,10899,3,3
2019-10-02 15:13:57.415,10898,10899,10899,2,2
2019-10-02 15:13:58.888,10898,10899,10899,10,10
2019-10-02 15:13:58.987,10898,10899,10898,1,-1
2019-10-02 15:13:59.095,10898,10899,10899,1,1
2019-10-02 15:14:00.888,10898,10899,10899,1,1
2019-10-02 15:14:00.984,10898,10899,10899,1,1
2019-10-02 15:14:01.071,10898,10899,10899,1,1
2019-10-02 15:14:02.012,10898,10899,10899,1,1
2019-10-02 15:14:02.258,10898,10899,10898,10,-10
2019-10-02 15:14:02.445,10898,10899,10898,4,-4
2019-10-02 15:14:03.376,10898,10899,10899,1,1
2019-10-02 15:14:03.881,10898,10899,10899,1,1
2019-10-02 15:14:05.039,10898,10899,10899,3,3
2019-10-02 15:14:07.292,10898,10899,10898,1,-1
2019-10-02 15:14:08.594,10898,10899,10899,1,1
2019-10-02 15:14:08.594,10898,10899,10899,3,3
2019-10-02 15:14:08.597,10898,10899,10899,1,1
2019-10-02 15:14:08.598,10898,10899,10899,4,4
2019-10-02 15:14:09.304,10899,10900,10900,6,6
2019-10-02 15:14:09.304,10899,10900,10900,2,2
2019-10-02 15:14:09.359,10899,10900,10900,8,8
2019-10-02 15:14:09.484,10899,10900,10900,4,4
2019-10-02 15:14:09.484,10899,10900,10900,1,1
2019-10-02 15:14:09.527,10899,10900,10900,1,1
2019-10-02 15:14:09.741,10900,10901,10900,1,-1
2019-10-02 15:14:12.337,10900,10901,10900,1,-1
2019-10-02 15:14:17.021,10900,10901,10901,1,1
2019-10-02 15:14:17.379,10900,10901,10900,1,-1
2019-10-02 15:14:17.584,10900,10901,10900,1,-1
2019-10-02 15:14:17.772,10900,10901,10900,1,-1
2019-10-02 15:14:18.250,10900,10901,10900,5,-5
2019-10-02 15:14:18.292,10900,10901,10900,1,-1
2019-10-02 15:14:18.339,10900,10901,10901,1,1
2019-10-02 15:14:18.350,10900,10901,10900,1,-1
2019-10-02 15:14:19.205,10900,10901,10901,1,1
2019-10-02 15:14:19.635,10900,10901,10901,2,2
2019-10-02 15:14:20.581,10900,10901,10900,3,-3
2019-10-02 15:14:21.637,10900,10901,10901,1,1
2019-10-02 15:14:24.965,10900,10901,10901,1,1
2019-10-02 15:14:25.694,10900,10901,10901,1,1
2019-10-02 15:14:26.175,10900,10901,10901,2,2
2019-10-02 15:14:27.099,10900,10901,10900,1,-1
2019-10-02 15:14:27.337,10900,10901,10901,1,1
2019-10-02 15:14:27.506,10900,10901,10901,1,1
2019-10-02 15:14:29.366,10900,10901,10901,4,4
2019-10-02 15:14:29.753,10901,10902,10902,1,1
2019-10-02 15:14:30.386,10901,10902,10902,1,1
2019-10-02 15:14:30.629,10901,10902,10901,1,-1
2019-10-02 15:14:34.446,10901,10902,10901,1,-1
2019-10-02 15:14:35.006,10901,10902,10902,3,3
2019-10-02 15:14:37.690,10901,10902,10901,2,-2
2019-10-02 15:14:38.212,10901,10902,10901,21,-21
2019-10-02 15:14:39.267,10900,10901,10901,4,4
2019-10-02 15:14:45.372,10901,10902,10901,1,-1
2019-10-02 15:14:45.373,10901,10902,10901,3,-3
2019-10-02 15:14:45.373,10901,10902,10901,1,-1
2019-10-02 15:14:46.532,10900,10901,10901,1,1
2019-10-02 15:14:47.462,10900,10901,10900,3,-3
2019-10-02 15:14:48.728,10900,10901,10901,5,5
2019-10-02 15:14:49.254,10900,10901,10900,1,-1
2019-10-02 15:14:50.620,10900,10901,10901,2,2
2019-10-02 15:14:50.825,10900,10901,10900,1,-1
2019-10-02 15:14:51.846,10900,10901,10900,13,-13
2019-10-02 15:14:52.949,10899,10900,10900,1,1
2019-10-02 15:14:55.145,10899,10900,10900,1,1
2019-10-02 15:15:01.467,10899,10900,10899,9,-9
2019-10-02 15:15:01.484,10899,10900,10899,13,-13
2019-10-02 15:15:01.602,10899,10900,10898,8,-8
2019-10-02 15:15:01.633,10898,10900,10899,1,1
2019-10-02 15:15:01.660,10898,10900,10898,3,-3
2019-10-02 15:15:01.911,10898,10899,10898,1,-1
2019-10-02 15:15:01.944,10898,10899,10898,1,-1
2019-10-02 15:15:01.970,10898,10899,10898,3,-3
2019-10-02 15:15:02.166,10898,10899,10898,2,-2
2019-10-02 15:15:02.406,10898,10899,10899,1,1
2019-10-02 15:15:02.472,10898,10899,10898,1,-1
2019-10-02 15:15:02.492,10898,10899,10898,1,-1
2019-10-02 15:15:02.554,10898,10899,10899,1,1
2019-10-02 15:15:02.560,10898,10899,10898,4,-4
2019-10-02 15:15:03.913,10898,10899,10899,1,1
2019-10-02 15:15:04.022,10898,10899,10899,5,5
2019-10-02 15:15:04.636,10898,10899,10899,3,3
2019-10-02 15:15:07.528,10899,10900,10899,1,-1
2019-10-02 15:15:08.525,10899,10900,10899,1,-1
2019-10-02 15:15:08.693,10898,10900,10898,1,-1
2019-10-02 15:15:09.098,10898,10900,10898,2,-2
2019-10-02 15:15:10.230,10899,10900,10899,1,1
2019-10-02 15:15:10.412,10899,10900,10899,1,-1
2019-10-02 15:15:10.768,10899,10900,10899,2,-2
2019-10-02 15:15:13.269,10899,10900,10899,8,-8
2019-10-02 15:15:13.415,10898,10899,10899,1,1
2019-10-02 15:15:13.889,10898,10899,10899,1,1
2019-10-02 15:15:19.218,10898,10899,10898,1,-1
2019-10-02 15:15:19.645,10898,10899,10899,1,1
2019-10-02 15:15:21.235,10898,10899,10899,3,3
2019-10-02 15:15:21.669,10898,10899,10898,1,-1
2019-10-02 15:15:25.142,10898,10899,10899,1,1
2019-10-02 15:15:26.102,10898,10899,10898,2,-2
2019-10-02 15:15:27.221,10898,10899,10898,5,-5
2019-10-02 15:15:27.554,10898,10899,10898,1,-1
2019-10-02 15:15:28.312,10898,10899,10898,1,-1
2019-10-02 15:15:28.524,10898,10899,10899,1,1
2019-10-02 15:15:28.803,10898,10899,10898,5,-5
2019-10-02 15:15:29.898,10898,10899,10898,5,-5
2019-10-02 15:15:30.207,10898,10899,10898,1,-1
2019-10-02 15:15:31.555,10898,10899,10899,5,5
2019-10-02 15:15:34.249,10898,10899,10899,1,1
2019-10-02 15:15:35.580,10898,10899,10898,1,-1
2019-10-02 15:15:41.111,10898,10899,10899,1,1
2019-10-02 15:15:42.877,10898,10899,10898,1,-1
2019-10-02 15:15:43.507,10898,10899,10899,4,4
2019-10-02 15:15:44.186,10899,10900,10899,1,-1
2019-10-02 15:15:44.193,10899,10900,10899,1,-1
2019-10-02 15:15:44.425,10899,10900,10899,1,-1
2019-10-02 15:15:48.860,10899,10900,10899,1,-1
2019-10-02 15:15:49.134,10899,10900,10899,1,-1
2019-10-02 15:15:50.486,10899,10900,10900,33,33
2019-10-02 15:15:50.969,10900,10901,10901,1,1
2019-10-02 15:15:52.432,10900,10901,10901,2,2
2019-10-02 15:15:54.346,10900,10901,10901,1,1
2019-10-02 15:15:56.525,10900,10901,10900,1,-1
2019-10-02 15:15:58.234,10900,10901,10900,2,-2
2019-10-02 15:16:00.826,10900,10901,10900,7,-7
2019-10-02 15:16:02.258,10899,10900,10900,2,2
2019-10-02 15:16:03.054,10899,10900,10900,3,3
2019-10-02 15:16:03.999,10899,10900,10900,1,1
2019-10-02 15:16:05.562,10899,10900,10900,4,4
2019-10-02 15:16:09.427,10899,10900,10900,1,1
2019-10-02 15:16:12.203,10899,10900,10899,1,-1
2019-10-02 15:16:14.115,10899,10900,10899,1,-1
2019-10-02 15:16:17.570,10899,10900,10900,1,1
2019-10-02 15:16:17.650,10899,10900,10899,1,-1
2019-10-02 15:16:18.290,10899,10900,10899,1,-1
2019-10-02 15:16:19.500,10899,10900,10899,1,-1
2019-10-02 15:16:21.462,10899,10900,10899,1,-1
2019-10-02 15:16:24.911,10899,10900,10899,6,-6
2019-10-02 15:16:24.984,10899,10900,10899,3,-3
2019-10-02 15:16:26.660,10898,10899,10898,2,-2
2019-10-02 15:16:27.365,10898,10899,10899,1,1
2019-10-02 15:16:27.436,10898,10899,10899,1,1
2019-10-02 15:16:27.643,10898,10899,10899,1,1
2019-10-02 15:16:27.735,10898,10899,10898,5,-5
2019-10-02 15:16:29.185,10898,10899,10898,2,-2
2019-10-02 15:16:29.597,10898,10899,10898,25,-25
2019-10-02 15:16:29.609,10898,10899,10898,2,-2
2019-10-02 15:16:29.609,10898,10899,10898,4,-4
2019-10-02 15:16:29.609,10898,10899,10898,3,-3
2019-10-02 15:16:29.610,10898,10899,10898,4,-4
2019-10-02 15:16:30.026,10897,10898,10899,1,1
2019-10-02 15:16:32.325,10897,10898,10898,1,1
2019-10-02 15:16:32.329,10897,10898,10898,1,1
2019-10-02 15:16:32.872,10897,10898,10897,1,-1
2019-10-02 15:16:32.872,10897,10898,10897,11,-11
2019-10-02 15:16:32.984,10897,10898,10897,4,-4
2019-10-02 15:16:34.104,10897,10898,10898,1,1
2019-10-02 15:16:34.185,10897,10898,10897,10,-10
2019-10-02 15:16:34.945,10897,10898,10898,1,1
2019-10-02 15:16:36.129,10897,10898,10897,1,-1
2019-10-02 15:16:37.085,10897,10898,10898,1,1
2019-10-02 15:16:37.901,10897,10898,10897,3,-3
2019-10-02 15:16:38.193,10897,10898,10897,1,-1
2019-10-02 15:16:39.995,10897,10898,10897,1,-1
2019-10-02 15:16:40.471,10897,10898,10897,1,-1
2019-10-02 15:16:40.550,10897,10898,10897,1,-1
2019-10-02 15:16:41.122,10897,10898,10898,1,1
2019-10-02 15:16:41.430,10897,10898,10897,1,-1
2019-10-02 15:16:42.058,10897,10898,10897,1,-1
2019-10-02 15:16:43.464,10897,10898,10898,3,3
2019-10-02 15:16:47.147,10897,10898,10898,2,2
2019-10-02 15:16:47.347,10897,10898,10898,1,1
2019-10-02 15:16:49.214,10897,10898,10898,1,1
2019-10-02 15:16:52.173,10897,10898,10898,2,2
2019-10-02 15:16:52.173,10897,10898,10898,10,10
2019-10-02 15:16:52.173,10897,10898,10898,2,2
2019-10-02 15:16:54.176,10898,10899,10898,1,-1
2019-10-02 15:16:56.077,10898,10899,10898,1,-1
2019-10-02 15:16:58.630,10898,10899,10899,1,1
2019-10-02 15:16:58.826,10898,10899,10899,1,1
2019-10-02 15:16:59.384,10898,10899,10899,2,2
2019-10-02 15:17:10.658,10898,10899,10899,5,5
2019-10-02 15:17:14.025,10899,10900,10899,1,-1
2019-10-02 15:17:15.806,10899,10900,10900,1,1
2019-10-02 15:17:17.979,10899,10900,10899,1,-1
2019-10-02 15:17:18.855,10899,10900,10899,3,-3
2019-10-02 15:17:20.147,10899,10900,10899,5,-5
2019-10-02 15:17:20.383,10898,10899,10899,1,1
2019-10-02 15:17:26.471,10898,10899,10899,1,1
2019-10-02 15:17:27.545,10898,10899,10899,1,1
2019-10-02 15:17:28.909,10898,10899,10899,4,4
2019-10-02 15:17:34.269,10898,10899,10899,1,1
2019-10-02 15:17:34.732,10898,10899,10899,1,1
2019-10-02 15:17:35.648,10898,10899,10899,2,2
2019-10-02 15:17:36.071,10899,10900,10899,3,-3
2019-10-02 15:17:39.303,10898,10899,10899,5,5
2019-10-02 15:17:39.445,10898,10899,10899,2,2
2019-10-02 15:17:39.445,10898,10899,10900,1,1
2019-10-02 15:17:46.538,10898,10899,10899,1,1
2019-10-02 15:17:48.766,10898,10899,10899,1,1
2019-10-02 15:17:51.490,10898,10899,10899,2,2
2019-10-02 15:17:52.463,10898,10899,10899,5,5
2019-10-02 15:17:57.595,10898,10899,10899,1,1
2019-10-02 15:18:04.772,10898,10899,10899,19,19
2019-10-02 15:18:05.350,10899,10900,10899,1,-1
2019-10-02 15:18:05.541,10899,10900,10900,3,3
2019-10-02 15:18:05.655,10899,10900,10899,1,-1
2019-10-02 15:18:05.963,10899,10900,10899,1,-1
2019-10-02 15:18:08.796,10899,10900,10900,1,1
2019-10-02 15:18:09.817,10899,10900,10899,1,-1
2019-10-02 15:18:16.216,10899,10900,10900,1,1
2019-10-02 15:18:18.010,10899,10900,10899,1,-1
2019-10-02 15:18:18.331,10899,10900,10899,1,-1
2019-10-02 15:18:22.905,10899,10900,10899,1,-1
2019-10-02 15:18:22.935,10899,10900,10899,4,-4
2019-10-02 15:18:22.984,10899,10900,10899,3,-3
2019-10-02 15:18:28.202,10898,10899,10899,1,1
2019-10-02 15:18:28.826,10898,10900,10898,1,-1
2019-10-02 15:18:28.945,10898,10900,10898,1,-1
2019-10-02 15:18:29.007,10898,10899,10899,1,1
2019-10-02 15:18:32.623,10898,10899,10898,1,-1
2019-10-02 15:18:33.251,10898,10899,10899,1,1
2019-10-02 15:18:34.250,10898,10899,10899,1,1
2019-10-02 15:18:44.347,10898,10899,10899,1,1
2019-10-02 15:18:45.879,10898,10899,10899,1,1
2019-10-02 15:18:48.341,10898,10899,10899,1,1
2019-10-02 15:18:48.414,10898,10899,10899,1,1
2019-10-02 15:18:52.411,10898,10899,10899,4,4
2019-10-02 15:18:52.411,10898,10899,10900,1,1
2019-10-02 15:18:53.803,10899,10900,10899,1,-1
2019-10-02 15:18:55.578,10898,10899,10899,5,5
2019-10-02 15:18:59.105,10898,10899,10899,1,1
2019-10-02 15:19:00.612,10899,10900,10900,4,4
2019-10-02 15:19:00.635,10899,10900,10899,1,-1
2019-10-02 15:19:02.191,10899,10900,10899,1,-1
2019-10-02 15:19:08.661,10898,10899,10898,5,-5
2019-10-02 15:19:11.437,10898,10899,10899,1,1
2019-10-02 15:19:15.295,10898,10899,10899,1,1
2019-10-02 15:19:18.200,10898,10899,10898,3,-3
2019-10-02 15:19:20.344,10898,10899,10899,1,1
2019-10-02 15:19:20.631,10898,10899,10899,1,1
2019-10-02 15:19:21.790,10898,10899,10899,1,1
2019-10-02 15:19:25.702,10898,10899,10899,2,2
2019-10-02 15:19:26.247,10899,10900,10899,3,-3
2019-10-02 15:19:30.722,10899,10900,10899,3,-3
2019-10-02 15:19:35.443,10899,10900,10899,4,-4
2019-10-02 15:19:36.935,10899,10900,10899,1,-1
2019-10-02 15:19:38.565,10899,10900,10899,2,-2
2019-10-02 15:19:38.875,10899,10900,10899,1,-1
2019-10-02 15:19:39.895,10899,10900,10899,1,-1
2019-10-02 15:19:45.623,10898,10899,10898,1,-1
2019-10-02 15:19:47.601,10898,10899,10899,1,1
2019-10-02 15:19:50.130,10898,10899,10899,1,1
2019-10-02 15:19:50.213,10898,10899,10900,1,1
2019-10-02 15:19:50.478,10898,10900,10898,3,-3
2019-10-02 15:19:52.730,10898,10899,10899,2,2
2019-10-02 15:19:58.166,10898,10899,10899,3,3
2019-10-02 15:20:01.804,10898,10899,10898,3,-3
2019-10-02 15:20:01.967,10898,10899,10898,2,-2
2019-10-02 15:20:01.984,10898,10899,10898,9,-9
2019-10-02 15:20:02.069,10898,10899,10898,2,-2
2019-10-02 15:20:02.105,10898,10899,10898,1,-1
2019-10-02 15:20:02.117,10898,10899,10898,1,-1
2019-10-02 15:20:02.163,10898,10899,10899,10,10
2019-10-02 15:20:02.228,10898,10899,10898,1,-1
2019-10-02 15:20:02.268,10898,10899,10898,3,-3
2019-10-02 15:20:02.429,10898,10899,10898,1,-1
2019-10-02 15:20:02.438,10898,10899,10898,1,-1
2019-10-02 15:20:02.540,10898,10899,10898,1,-1
2019-10-02 15:20:02.581,10898,10899,10898,1,-1
2019-10-02 15:20:02.610,10898,10899,10898,11,-11
2019-10-02 15:20:06.615,10897,10898,10898,1,1
2019-10-02 15:20:08.539,10897,10898,10898,1,1
2019-10-02 15:20:09.851,10897,10899,10897,1,-1
2019-10-02 15:20:10.273,10897,10898,10897,1,-1
2019-10-02 15:20:18.865,10897,10898,10897,14,-14
2019-10-02 15:20:18.865,10897,10898,10897,2,-2
2019-10-02 15:20:18.932,10897,10898,10897,19,-19
2019-10-02 15:20:21.173,10896,10897,10896,1,-1
2019-10-02 15:20:21.281,10896,10897,10896,2,-2
2019-10-02 15:20:21.474,10896,10897,10896,1,-1
2019-10-02 15:20:21.564,10896,10897,10896,6,-6
2019-10-02 15:20:21.644,10896,10897,10896,1,-1
2019-10-02 15:20:21.648,10896,10897,10896,1,-1
2019-10-02 15:20:23.922,10896,10897,10896,1,-1
2019-10-02 15:20:24.429,10896,10897,10896,1,-1
2019-10-02 15:20:25.001,10896,10897,10896,1,-1
2019-10-02 15:20:25.038,10896,10897,10896,1,-1
2019-10-02 15:20:26.471,10896,10897,10896,1,-1
2019-10-02 15:20:27.901,10896,10897,10896,1,-1
2019-10-02 15:20:29.259,10896,10897,10896,1,-1
2019-10-02 15:20:30.608,10896,10897,10896,1,-1
2019-10-02 15:20:31.233,10896,10897,10896,1,-1
2019-10-02 15:20:31.307,10896,10897,10896,1,-1
2019-10-02 15:20:33.476,10896,10897,10896,1,-1
2019-10-02 15:20:36.076,10896,10897,10896,1,-1
2019-10-02 15:20:37.200,10896,10897,10897,1,1
2019-10-02 15:20:37.481,10896,10897,10896,1,-1
2019-10-02 15:20:37.972,10896,10897,10897,2,2
2019-10-02 15:20:39.338,10896,10897,10896,2,-2
2019-10-02 15:20:42.956,10896,10897,10896,1,-1
2019-10-02 15:20:43.390,10896,10897,10896,1,-1
2019-10-02 15:20:44.932,10896,10897,10896,1,-1
2019-10-02 15:20:45.710,10896,10897,10896,2,-2
2019-10-02 15:20:46.195,10896,10897,10896,1,-1
2019-10-02 15:20:46.671,10896,10897,10897,3,3
2019-10-02 15:20:47.569,10896,10897,10896,2,-2
2019-10-02 15:20:48.276,10896,10897,10896,1,-1
2019-10-02 15:20:49.899,10896,10897,10896,1,-1
2019-10-02 15:20:53.041,10896,10897,10896,1,-1
2019-10-02 15:20:54.205,10896,10897,10896,1,-1
2019-10-02 15:20:54.394,10896,10897,10896,1,-1
2019-10-02 15:20:55.312,10896,10897,10896,1,-1
2019-10-02 15:20:55.614,10896,10897,10896,1,-1
2019-10-02 15:20:55.728,10896,10897,10896,3,-3
2019-10-02 15:20:57.197,10896,10897,10896,1,-1
2019-10-02 15:20:57.304,10896,10897,10896,3,-3
2019-10-02 15:20:57.953,10896,10897,10896,1,-1
2019-10-02 15:20:59.247,10896,10897,10897,1,1
2019-10-02 15:20:59.259,10896,10897,10897,1,1
2019-10-02 15:21:00.543,10896,10897,10896,1,-1
2019-10-02 15:21:00.817,10896,10897,10896,2,-2
2019-10-02 15:21:00.879,10896,10897,10896,1,-1
2019-10-02 15:21:00.904,10896,10897,10896,2,-2
2019-10-02 15:21:01.168,10896,10897,10896,3,-3
2019-10-02 15:21:01.984,10896,10897,10896,1,-1
2019-10-02 15:21:02.437,10896,10897,10896,1,-1
2019-10-02 15:21:02.441,10896,10897,10896,1,-1
2019-10-02 15:21:03.027,10896,10897,10896,2,-2
2019-10-02 15:21:03.106,10896,10897,10896,5,-5
2019-10-02 15:21:03.237,10896,10897,10896,4,-4
2019-10-02 15:21:03.555,10896,10897,10896,1,-1
2019-10-02 15:21:04.669,10896,10897,10896,3,-3
2019-10-02 15:21:09.165,10896,10897,10896,5,-5
2019-10-02 15:21:09.707,10896,10897,10897,1,1
2019-10-02 15:21:09.719,10896,10897,10897,1,1
2019-10-02 15:21:10.609,10896,10897,10896,1,-1
2019-10-02 15:21:11.324,10896,10897,10896,5,-5
2019-10-02 15:21:11.462,10896,10897,10896,1,-1
2019-10-02 15:21:15.521,10896,10897,10896,5,-5
2019-10-02 15:21:15.537,10896,10897,10896,1,-1
2019-10-02 15:21:16.589,10896,10897,10896,1,-1
2019-10-02 15:21:16.971,10896,10897,10897,1,1
2019-10-02 15:21:17.124,10896,10897,10896,7,-7
2019-10-02 15:21:17.124,10896,10897,10896,7,-7
2019-10-02 15:21:17.124,10896,10897,10896,5,-5
2019-10-02 15:21:17.931,10895,10897,10897,1,1
2019-10-02 15:21:17.936,10895,10897,10897,1,1
2019-10-02 15:21:18.219,10895,10896,10895,7,-7
2019-10-02 15:21:18.219,10895,10896,10895,7,-7
2019-10-02 15:21:18.219,10895,10896,10895,7,-7
2019-10-02 15:21:18.307,10894,10895,10895,1,1
2019-10-02 15:21:18.344,10894,10895,10895,3,3
2019-10-02 15:21:18.936,10894,10895,10894,1,-1
2019-10-02 15:21:19.073,10894,10896,10894,1,-1
2019-10-02 15:21:19.095,10894,10896,10894,1,-1
2019-10-02 15:21:19.175,10894,10895,10895,4,4
2019-10-02 15:21:19.559,10894,10896,10894,5,-5
2019-10-02 15:21:19.954,10894,10896,10896,1,1
2019-10-02 15:21:20.343,10894,10896,10896,1,1
2019-10-02 15:21:20.745,10894,10895,10894,1,-1
2019-10-02 15:21:21.222,10894,10895,10894,1,-1
2019-10-02 15:21:24.506,10894,10895,10894,1,-1
2019-10-02 15:21:25.948,10894,10895,10894,1,-1
2019-10-02 15:21:26.600,10894,10895,10895,1,1
2019-10-02 15:21:26.961,10894,10895,10894,1,-1
2019-10-02 15:21:27.593,10894,10895,10895,1,1
2019-10-02 15:21:28.237,10894,10895,10895,1,1
2019-10-02 15:21:29.258,10894,10895,10894,1,-1
2019-10-02 15:21:29.569,10894,10895,10894,1,-1
2019-10-02 15:21:29.600,10894,10895,10894,5,-5
2019-10-02 15:21:29.877,10894,10895,10894,1,-1
2019-10-02 15:21:30.032,10894,10895,10894,6,-6
2019-10-02 15:21:30.188,10894,10895,10894,1,-1
2019-10-02 15:21:30.823,10894,10895,10894,2,-2
2019-10-02 15:21:31.961,10894,10895,10894,3,-3
2019-10-02 15:21:32.012,10894,10895,10894,1,-1
2019-10-02 15:21:32.383,10894,10895,10895,1,1
2019-10-02 15:21:32.753,10894,10895,10894,1,-1
2019-10-02 15:21:32.987,10894,10895,10894,1,-1
2019-10-02 15:21:33.221,10894,10895,10894,19,-19
2019-10-02 15:21:33.221,10894,10895,10894,1,-1
2019-10-02 15:21:34.484,10893,10894,10894,1,1
2019-10-02 15:21:35.725,10893,10895,10893,1,-1
2019-10-02 15:21:35.891,10893,10895,10893,1,-1
2019-10-02 15:21:35.926,10893,10895,10894,2,2
2019-10-02 15:21:36.091,10894,10895,10894,1,-1
2019-10-02 15:21:36.209,10894,10895,10894,1,-1
2019-10-02 15:21:36.228,10894,10895,10894,1,-1
2019-10-02 15:21:36.373,10894,10895,10894,10,-10
2019-10-02 15:21:36.537,10894,10895,10894,1,-1
2019-10-02 15:21:36.777,10894,10895,10895,1,1
2019-10-02 15:21:36.777,10894,10895,10895,1,1
2019-10-02 15:21:36.859,10894,10895,10895,19,19
2019-10-02 15:21:37.047,10894,10896,10895,1,-1
2019-10-02 15:21:37.060,10894,10896,10895,1,-1
2019-10-02 15:21:37.259,10895,10896,10895,1,-1
2019-10-02 15:21:37.372,10895,10896,10895,1,-1
2019-10-02 15:21:37.587,10895,10896,10895,1,-1
2019-10-02 15:21:37.700,10895,10896,10895,1,-1
2019-10-02 15:21:37.739,10895,10896,10895,1,-1
2019-10-02 15:21:37.739,10895,10896,10894,1,-1
2019-10-02 15:21:39.486,10894,10895,10894,2,-2
2019-10-02 15:21:40.578,10894,10895,10895,1,1
2019-10-02 15:21:40.641,10894,10895,10894,10,-10
2019-10-02 15:21:41.545,10894,10895,10894,1,-1
2019-10-02 15:21:41.545,10894,10895,10894,2,-2
2019-10-02 15:21:41.551,10894,10895,10894,1,-1
2019-10-02 15:21:42.732,10893,10895,10894,1,-1
2019-10-02 15:21:42.732,10893,10895,10893,2,-2
2019-10-02 15:21:45.119,10893,10894,10894,1,1
2019-10-02 15:21:45.206,10893,10894,10893,1,-1
2019-10-02 15:21:45.651,10893,10894,10893,1,-1
2019-10-02 15:21:45.969,10893,10894,10893,1,-1
2019-10-02 15:21:46.287,10893,10894,10893,10,-10
2019-10-02 15:21:46.682,10893,10894,10893,1,-1
2019-10-02 15:21:46.791,10893,10894,10893,1,-1
2019-10-02 15:21:47.003,10893,10894,10893,1,-1
2019-10-02 15:21:47.317,10893,10894,10893,1,-1
2019-10-02 15:21:47.428,10893,10894,10893,1,-1
2019-10-02 15:21:48.691,10893,10894,10893,1,-1
2019-10-02 15:21:48.992,10893,10894,10893,1,-1
2019-10-02 15:21:49.857,10893,10894,10893,3,-3
2019-10-02 15:21:49.884,10893,10894,10893,1,-1
2019-10-02 15:21:50.959,10893,10894,10894,1,1
2019-10-02 15:21:51.080,10893,10894,10893,1,-1
2019-10-02 15:21:51.269,10893,10894,10894,1,1
2019-10-02 15:21:51.289,10893,10894,10893,1,-1
2019-10-02 15:21:51.375,10893,10894,10893,1,-1
2019-10-02 15:21:51.375,10893,10894,10892,1,-1
2019-10-02 15:21:51.711,10892,10894,10892,2,-2
2019-10-02 15:21:51.735,10892,10893,10893,5,5
2019-10-02 15:21:51.750,10892,10893,10892,2,-2
2019-10-02 15:21:51.772,10892,10893,10892,1,-1
2019-10-02 15:21:51.816,10892,10893,10892,1,-1
2019-10-02 15:21:51.976,10892,10893,10892,2,-2
2019-10-02 15:21:52.077,10892,10893,10892,1,-1
2019-10-02 15:21:52.225,10892,10893,10893,1,1
2019-10-02 15:21:53.473,10892,10893,10892,4,-4
2019-10-02 15:21:53.985,10892,10893,10893,1,1
2019-10-02 15:21:54.081,10892,10893,10893,1,1
2019-10-02 15:21:54.109,10892,10893,10893,1,1
2019-10-02 15:21:54.183,10892,10893,10893,1,1
2019-10-02 15:21:54.588,10893,10894,10893,5,-5
2019-10-02 15:21:55.243,10893,10894,10893,2,-2
2019-10-02 15:21:55.479,10893,10894,10893,3,-3
2019-10-02 15:21:56.615,10892,10894,10892,1,-1
2019-10-02 15:21:57.494,10892,10893,10893,1,1
2019-10-02 15:21:57.853,10892,10893,10893,8,8
2019-10-02 15:21:57.853,10892,10893,10894,9,9
2019-10-02 15:21:58.174,10892,10894,10892,2,-2
2019-10-02 15:21:58.599,10892,10894,10892,10,-10
2019-10-02 15:21:59.272,10892,10894,10892,4,-4
2019-10-02 15:22:00.206,10892,10893,10893,1,1
2019-10-02 15:22:00.362,10892,10894,10892,1,-1
2019-10-02 15:22:02.514,10893,10894,10893,1,1
2019-10-02 15:22:02.552,10893,10894,10893,2,-2
2019-10-02 15:22:02.857,10893,10894,10893,1,-1
2019-10-02 15:22:03.109,10892,10893,10893,1,1
2019-10-02 15:22:03.468,10892,10894,10892,1,-1
2019-10-02 15:22:04.038,10893,10894,10893,1,1
2019-10-02 15:22:04.362,10892,10894,10892,2,-2
2019-10-02 15:22:05.347,10892,10894,10892,1,-1
2019-10-02 15:22:05.970,10893,10894,10893,1,1
2019-10-02 15:22:07.101,10892,10893,10892,3,-3
2019-10-02 15:22:07.722,10892,10893,10892,1,-1
2019-10-02 15:22:07.742,10892,10893,10892,1,-1
2019-10-02 15:22:08.801,10892,10893,10892,1,-1
2019-10-02 15:22:12.484,10892,10893,10892,4,-4
2019-10-02 15:22:12.538,10892,10893,10892,1,-1
2019-10-02 15:22:12.609,10892,10893,10892,1,-1
2019-10-02 15:22:14.926,10891,10893,10893,1,1
2019-10-02 15:22:18.413,10892,10893,10892,1,-1
2019-10-02 15:22:20.019,10892,10893,10892,1,-1
2019-10-02 15:22:20.051,10892,10893,10891,5,-5
2019-10-02 15:22:20.291,10891,10892,10892,1,1
2019-10-02 15:22:20.425,10891,10893,10893,1,1
2019-10-02 15:22:20.437,10891,10893,10892,1,-1
2019-10-02 15:22:20.437,10891,10893,10891,1,-1
2019-10-02 15:22:20.511,10891,10893,10891,1,-1
2019-10-02 15:22:20.907,10892,10893,10892,1,1
2019-10-02 15:22:21.731,10891,10893,10891,1,-1
2019-10-02 15:22:21.755,10891,10893,10891,1,-1
2019-10-02 15:22:23.455,10891,10893,10891,1,-1
2019-10-02 15:22:23.471,10891,10893,10892,1,1
2019-10-02 15:22:23.951,10891,10892,10891,3,-3
2019-10-02 15:22:26.373,10891,10892,10891,1,-1
2019-10-02 15:22:27.218,10891,10892,10892,1,1
2019-10-02 15:22:27.234,10891,10892,10892,1,1
2019-10-02 15:22:28.015,10891,10892,10891,2,-2
2019-10-02 15:22:28.106,10891,10892,10892,1,1
2019-10-02 15:22:28.312,10891,10893,10891,2,-2
2019-10-02 15:22:29.595,10892,10893,10892,1,1
2019-10-02 15:22:29.979,10892,10893,10892,1,-1
2019-10-02 15:22:29.979,10892,10893,10891,1,-1
2019-10-02 15:22:30.628,10891,10893,10891,1,-1
2019-10-02 15:22:30.989,10891,10892,10891,1,-1
2019-10-02 15:22:31.295,10891,10892,10891,1,-1
2019-10-02 15:22:31.406,10891,10892,10891,1,-1
2019-10-02 15:22:31.853,10891,10892,10892,1,1
2019-10-02 15:22:33.102,10891,10892,10891,1,-1
2019-10-02 15:22:33.906,10891,10892,10891,1,-1
2019-10-02 15:22:34.062,10891,10892,10891,2,-2
2019-10-02 15:22:34.378,10891,10893,10891,1,-1
2019-10-02 15:22:34.694,10891,10893,10891,1,-1
2019-10-02 15:22:34.919,10892,10893,10892,1,1
2019-10-02 15:22:34.919,10892,10893,10891,3,-3
2019-10-02 15:22:35.626,10891,10892,10891,1,-1
2019-10-02 15:22:35.630,10891,10892,10891,25,-25
2019-10-02 15:22:35.833,10891,10892,10891,1,-1
2019-10-02 15:22:35.942,10891,10892,10891,1,-1
2019-10-02 15:22:36.161,10891,10892,10891,1,-1
2019-10-02 15:22:36.274,10891,10892,10891,1,-1
2019-10-02 15:22:36.485,10891,10892,10891,1,-1
2019-10-02 15:22:37.456,10891,10892,10891,3,-3
2019-10-02 15:22:37.526,10891,10892,10891,1,-1
2019-10-02 15:22:37.552,10891,10892,10891,1,-1
2019-10-02 15:22:38.593,10891,10892,10891,1,-1
2019-10-02 15:22:39.755,10891,10892,10891,2,-2
2019-10-02 15:22:40.034,10891,10892,10891,1,-1
2019-10-02 15:22:40.464,10890,10892,10892,1,1
2019-10-02 15:22:40.853,10890,10892,10891,1,-1
2019-10-02 15:22:41.870,10891,10892,10892,1,1
2019-10-02 15:22:44.735,10891,10892,10892,8,8
2019-10-02 15:22:48.105,10891,10892,10892,1,1
2019-10-02 15:22:48.755,10891,10893,10891,2,-2
2019-10-02 15:22:50.677,10891,10893,10891,1,-1
2019-10-02 15:22:52.027,10892,10893,10892,1,1
2019-10-02 15:22:52.143,10891,10892,10892,1,1
2019-10-02 15:22:52.346,10891,10893,10891,1,-1
2019-10-02 15:22:52.659,10891,10893,10891,1,-1
2019-10-02 15:22:52.974,10891,10893,10891,1,-1
2019-10-02 15:22:53.291,10891,10893,10891,1,-1
2019-10-02 15:22:53.606,10891,10893,10891,1,-1
2019-10-02 15:22:53.914,10891,10893,10891,1,-1
2019-10-02 15:22:53.985,10891,10892,10892,1,1
2019-10-02 15:22:55.669,10892,10893,10893,16,16
2019-10-02 15:22:55.734,10892,10893,10893,3,3
2019-10-02 15:22:56.241,10893,10894,10893,1,-1
2019-10-02 15:22:58.225,10892,10894,10894,4,4
2019-10-02 15:22:58.359,10893,10894,10893,2,-2
2019-10-02 15:22:58.485,10892,10893,10893,1,1
2019-10-02 15:22:59.187,10892,10893,10893,3,3
2019-10-02 15:22:59.327,10892,10894,10892,1,-1
2019-10-02 15:23:00.155,10892,10893,10892,1,-1
2019-10-02 15:23:00.287,10892,10893,10893,1,1
2019-10-02 15:23:00.953,10892,10893,10893,1,1
2019-10-02 15:23:02.152,10892,10893,10893,1,1
2019-10-02 15:23:03.087,10892,10893,10892,5,-5
2019-10-02 15:23:06.611,10892,10893,10892,5,-5
2019-10-02 15:23:09.183,10892,10893,10893,1,1
2019-10-02 15:23:10.253,10892,10893,10893,1,1
2019-10-02 15:23:10.593,10892,10893,10893,1,1
2019-10-02 15:23:10.593,10892,10893,10893,1,1
2019-10-02 15:23:10.593,10892,10893,10893,1,1
2019-10-02 15:23:10.595,10892,10893,10893,3,3
2019-10-02 15:23:11.037,10892,10893,10893,5,5
2019-10-02 15:23:14.047,10892,10893,10892,1,-1
2019-10-02 15:23:16.038,10892,10893,10893,1,1
2019-10-02 15:23:16.110,10892,10893,10893,6,6
2019-10-02 15:23:17.403,10893,10894,10893,1,-1
2019-10-02 15:23:18.988,10893,10894,10894,5,5
2019-10-02 15:23:23.740,10893,10894,10894,1,1
2019-10-02 15:23:27.476,10893,10894,10894,1,1
2019-10-02 15:23:29.262,10893,10894,10894,1,1
2019-10-02 15:23:32.029,10893,10894,10894,1,1
2019-10-02 15:23:32.111,10893,10894,10894,2,2
2019-10-02 15:23:32.309,10893,10894,10894,6,6
2019-10-02 15:23:32.525,10894,10895,10894,1,-1
2019-10-02 15:23:35.198,10894,10895,10895,1,1
2019-10-02 15:23:35.460,10894,10895,10895,1,1
2019-10-02 15:23:35.520,10894,10895,10895,1,1
2019-10-02 15:23:38.229,10894,10895,10895,1,1
2019-10-02 15:23:39.035,10894,10895,10894,1,-1
2019-10-02 15:23:39.175,10894,10895,10894,1,-1
2019-10-02 15:23:39.277,10894,10895,10894,1,-1
2019-10-02 15:23:43.109,10894,10895,10895,1,1
2019-10-02 15:23:43.343,10894,10895,10894,1,-1
2019-10-02 15:23:43.520,10894,10895,10894,1,-1
2019-10-02 15:23:44.262,10894,10895,10895,1,1
2019-10-02 15:23:47.175,10894,10895,10894,1,-1
2019-10-02 15:23:48.732,10894,10895,10895,1,1
2019-10-02 15:23:49.867,10894,10895,10894,1,-1
2019-10-02 15:23:50.614,10894,10895,10895,1,1
2019-10-02 15:23:52.198,10894,10895,10895,5,5
2019-10-02 15:23:52.392,10894,10895,10895,1,1
2019-10-02 15:23:53.376,10894,10895,10894,2,-2
2019-10-02 15:23:59.494,10894,10895,10895,1,1
2019-10-02 15:24:01.138,10894,10895,10895,1,1
2019-10-02 15:24:01.400,10894,10895,10895,1,1
2019-10-02 15:24:01.485,10894,10895,10894,4,-4
2019-10-02 15:24:02.648,10894,10895,10895,1,1
2019-10-02 15:24:04.751,10894,10895,10894,5,-5
2019-10-02 15:24:04.752,10894,10895,10894,7,-7
2019-10-02 15:24:04.859,10894,10895,10894,6,-6
2019-10-02 15:24:10.947,10893,10894,10894,1,1
2019-10-02 15:24:12.657,10893,10894,10894,1,1
2019-10-02 15:24:14.823,10893,10894,10894,1,1
2019-10-02 15:24:15.490,10894,10895,10894,1,-1
2019-10-02 15:24:22.811,10894,10895,10894,1,-1
2019-10-02 15:24:22.885,10894,10895,10894,4,-4
2019-10-02 15:24:24.564,10893,10894,10894,1,1
2019-10-02 15:24:33.855,10893,10894,10894,1,1
2019-10-02 15:24:36.658,10894,10895,10895,1,1
2019-10-02 15:24:37.167,10894,10895,10894,1,-1
2019-10-02 15:24:40.509,10893,10894,10894,1,1
2019-10-02 15:24:42.767,10893,10894,10894,1,1
2019-10-02 15:24:49.201,10893,10894,10894,1,1
2019-10-02 15:24:50.633,10893,10894,10894,1,1
2019-10-02 15:24:50.785,10893,10894,10894,1,1
2019-10-02 15:24:50.947,10893,10894,10894,1,1
2019-10-02 15:24:53.646,10893,10894,10894,1,1
2019-10-02 15:24:54.008,10893,10894,10894,1,1
2019-10-02 15:24:55.508,10893,10894,10894,1,1
2019-10-02 15:24:58.506,10893,10894,10894,2,2
2019-10-02 15:24:59.621,10893,10894,10894,4,4
2019-10-02 15:24:59.734,10893,10894,10894,1,1
2019-10-02 15:25:00.579,10893,10894,10893,1,-1
2019-10-02 15:25:01.926,10893,10894,10894,1,1
2019-10-02 15:25:01.945,10893,10894,10893,1,-1
2019-10-02 15:25:03.272,10893,10895,10893,1,-1
2019-10-02 15:25:06.644,10893,10894,10894,1,1
2019-10-02 15:25:07.475,10893,10894,10893,6,-6
2019-10-02 15:25:07.483,10893,10894,10893,1,-1
2019-10-02 15:25:07.484,10893,10894,10893,2,-2
2019-10-02 15:25:07.484,10893,10894,10893,7,-7
2019-10-02 15:25:07.484,10893,10894,10893,3,-3
2019-10-02 15:25:07.484,10893,10894,10893,1,-1
2019-10-02 15:25:07.485,10893,10894,10893,2,-2
2019-10-02 15:25:08.052,10892,10893,10893,1,1
2019-10-02 15:25:14.223,10893,10894,10893,1,-1
2019-10-02 15:25:16.688,10893,10894,10893,1,-1
2019-10-02 15:25:19.455,10893,10894,10893,1,-1
2019-10-02 15:25:21.821,10893,10894,10894,7,7
2019-10-02 15:25:27.910,10893,10894,10894,1,1
2019-10-02 15:25:32.568,10893,10895,10894,1,-1
2019-10-02 15:25:37.636,10893,10894,10894,1,1
2019-10-02 15:25:38.931,10893,10894,10894,2,2
2019-10-02 15:25:40.835,10893,10894,10894,1,1
2019-10-02 15:25:42.424,10893,10894,10894,2,2
2019-10-02 15:25:43.997,10893,10894,10894,2,2
2019-10-02 15:25:44.143,10893,10894,10894,16,16
2019-10-02 15:25:44.234,10894,10895,10894,2,-2
2019-10-02 15:25:45.550,10894,10895,10895,1,1
2019-10-02 15:25:47.365,10894,10895,10894,1,-1
2019-10-02 15:25:50.128,10894,10895,10894,2,-2
2019-10-02 15:25:50.128,10894,10895,10894,2,-2
2019-10-02 15:25:50.129,10894,10895,10894,2,-2
2019-10-02 15:25:50.438,10893,10894,10894,1,1
2019-10-02 15:25:51.885,10894,10895,10894,5,-5
2019-10-02 15:25:55.211,10894,10895,10894,1,-1
2019-10-02 15:25:55.983,10894,10895,10894,6,-6
2019-10-02 15:25:58.354,10893,10894,10893,1,-1
2019-10-02 15:25:59.965,10893,10894,10894,2,2
2019-10-02 15:26:00.641,10893,10894,10894,2,2
2019-10-02 15:26:01.415,10893,10894,10894,1,1
2019-10-02 15:26:07.359,10893,10894,10894,1,1
2019-10-02 15:26:26.975,10894,10895,10894,2,-2
2019-10-02 15:26:27.185,10893,10895,10894,1,-1
2019-10-02 15:26:28.089,10893,10894,10894,1,1
2019-10-02 15:26:36.952,10893,10894,10894,1,1
2019-10-02 15:26:37.254,10893,10894,10894,1,1
2019-10-02 15:26:38.445,10893,10894,10893,1,-1
2019-10-02 15:26:38.467,10893,10894,10894,1,1
2019-10-02 15:26:38.668,10893,10894,10894,1,1
2019-10-02 15:26:38.668,10893,10894,10895,2,2
2019-10-02 15:26:39.528,10894,10895,10894,2,-2
2019-10-02 15:26:39.832,10894,10895,10894,1,-1
2019-10-02 15:26:45.657,10894,10895,10894,1,-1
2019-10-02 15:26:47.652,10894,10895,10894,1,-1
2019-10-02 15:26:50.387,10893,10895,10893,1,-1
2019-10-02 15:26:52.553,10894,10895,10894,1,1
2019-10-02 15:26:54.414,10894,10895,10894,3,-3
2019-10-02 15:27:00.095,10894,10895,10895,1,1
2019-10-02 15:27:00.102,10894,10895,10895,15,15
2019-10-02 15:27:00.109,10894,10895,10895,12,12
2019-10-02 15:27:05.582,10895,10896,10895,10,-10
2019-10-02 15:27:12.881,10895,10896,10896,1,1
2019-10-02 15:27:17.533,10895,10896,10896,2,2
2019-10-02 15:27:18.496,10895,10896,10896,1,1
2019-10-02 15:27:18.823,10895,10896,10896,1,1
2019-10-02 15:27:19.088,10895,10896,10896,1,1
2019-10-02 15:27:19.546,10895,10896,10895,3,-3
2019-10-02 15:27:19.854,10895,10896,10895,2,-2
2019-10-02 15:27:20.176,10895,10896,10895,2,-2
2019-10-02 15:27:20.480,10895,10896,10895,2,-2
2019-10-02 15:27:20.783,10895,10896,10895,2,-2
2019-10-02 15:27:21.101,10895,10896,10895,1,-1
2019-10-02 15:27:22.826,10895,10896,10895,1,-1
2019-10-02 15:27:23.971,10895,10896,10896,1,1
2019-10-02 15:27:28.367,10895,10896,10896,1,1
2019-10-02 15:27:31.762,10896,10897,10896,1,-1
2019-10-02 15:27:32.069,10896,10897,10896,1,-1
2019-10-02 15:27:34.488,10896,10897,10896,1,-1
2019-10-02 15:27:34.763,10896,10897,10897,1,1
2019-10-02 15:27:34.886,10896,10897,10897,5,5
2019-10-02 15:27:34.890,10896,10897,10897,5,5
2019-10-02 15:27:34.896,10896,10897,10897,5,5
2019-10-02 15:27:34.899,10896,10897,10897,5,5
2019-10-02 15:27:34.965,10896,10897,10897,1,1
2019-10-02 15:27:35.131,10896,10897,10897,1,1
2019-10-02 15:27:35.156,10896,10897,10897,1,1
2019-10-02 15:27:35.291,10896,10897,10896,1,-1
2019-10-02 15:27:35.400,10896,10897,10896,2,-2
2019-10-02 15:27:39.601,10895,10896,10896,1,1
2019-10-02 15:27:39.820,10895,10896,10896,1,1
2019-10-02 15:27:43.373,10895,10896,10896,1,1
2019-10-02 15:27:44.037,10895,10896,10896,1,1
2019-10-02 15:27:44.037,10895,10896,10896,1,1
2019-10-02 15:27:49.651,10896,10897,10896,1,-1
2019-10-02 15:27:49.687,10896,10897,10895,1,-1
2019-10-02 15:27:54.516,10895,10896,10895,2,-2
2019-10-02 15:27:55.921,10895,10896,10896,1,1
2019-10-02 15:28:01.158,10895,10896,10896,1,1
2019-10-02 15:28:02.469,10895,10896,10896,5,5
2019-10-02 15:28:04.017,10896,10897,10896,3,-3
2019-10-02 15:28:04.332,10896,10897,10896,1,-1
2019-10-02 15:28:04.629,10896,10897,10896,1,-1
2019-10-02 15:28:05.083,10895,10896,10895,11,-11
2019-10-02 15:28:05.270,10895,10896,10895,1,-1
2019-10-02 15:28:05.333,10895,10896,10895,9,-9
2019-10-02 15:28:05.333,10895,10896,10894,1,-1
2019-10-02 15:28:05.639,10894,10896,10896,1,1
2019-10-02 15:28:09.797,10894,10896,10896,1,1
2019-10-02 15:28:12.068,10895,10896,10895,1,-1
2019-10-02 15:28:13.295,10895,10896,10895,1,-1
2019-10-02 15:28:13.483,10894,10896,10894,1,-1
2019-10-02 15:28:15.224,10894,10895,10895,2,2
2019-10-02 15:28:17.672,10894,10895,10895,1,1
2019-10-02 15:28:23.932,10894,10895,10895,4,4
2019-10-02 15:28:23.932,10894,10895,10895,1,1
2019-10-02 15:28:31.694,10894,10895,10895,1,1
2019-10-02 15:28:37.110,10894,10895,10894,17,-17
2019-10-02 15:28:38.936,10893,10894,10894,1,1
2019-10-02 15:28:39.137,10893,10894,10894,1,1
2019-10-02 15:28:39.982,10893,10894,10894,1,1
2019-10-02 15:28:41.027,10893,10894,10894,7,7
2019-10-02 15:28:41.027,10893,10894,10894,8,8
2019-10-02 15:28:46.234,10893,10894,10894,2,2
2019-10-02 15:28:47.525,10893,10894,10894,1,1
2019-10-02 15:29:02.902,10893,10894,10894,1,1
2019-10-02 15:29:03.129,10893,10895,10895,1,1
2019-10-02 15:29:07.766,10894,10895,10894,1,-1
2019-10-02 15:29:12.820,10894,10895,10894,4,-4
2019-10-02 15:29:15.016,10893,10894,10894,1,1
2019-10-02 15:29:18.740,10894,10895,10894,1,-1
2019-10-02 15:29:18.792,10894,10895,10894,1,-1
2019-10-02 15:29:24.202,10893,10894,10894,1,1
2019-10-02 15:29:26.318,10893,10894,10894,1,1
2019-10-02 15:29:33.924,10893,10894,10893,3,-3
2019-10-02 15:29:35.385,10893,10894,10894,1,1
2019-10-02 15:29:42.944,10893,10894,10894,1,1
2019-10-02 15:29:43.636,10893,10894,10894,1,1
2019-10-02 15:29:44.288,10893,10894,10894,1,1
2019-10-02 15:29:44.862,10893,10894,10894,1,1
2019-10-02 15:29:51.127,10893,10894,10894,1,1
2019-10-02 15:29:55.713,10893,10894,10893,2,-2
2019-10-02 15:30:01.081,10893,10894,10893,2,-2
2019-10-02 15:30:01.083,10893,10894,10893,2,-2
2019-10-02 15:30:01.084,10893,10894,10893,2,-2
2019-10-02 15:30:01.206,10893,10894,10893,2,-2
2019-10-02 15:30:01.420,10893,10894,10893,1,-1
2019-10-02 15:30:01.440,10893,10894,10893,1,-1
2019-10-02 15:30:01.490,10893,10894,10893,1,-1
2019-10-02 15:30:01.515,10893,10894,10893,1,-1
2019-10-02 15:30:01.517,10893,10894,10893,1,-1
2019-10-02 15:30:01.519,10893,10894,10893,1,-1
2019-10-02 15:30:01.529,10893,10894,10893,1,-1
2019-10-02 15:30:01.538,10893,10894,10893,2,-2
2019-10-02 15:30:01.561,10893,10894,10893,2,-2
2019-10-02 15:30:01.609,10893,10894,10893,1,-1
2019-10-02 15:30:01.609,10893,10894,10893,1,-1
2019-10-02 15:30:01.609,10893,10894,10893,11,-11
2019-10-02 15:30:01.610,10893,10894,10893,7,-7
2019-10-02 15:30:01.619,10893,10894,10893,1,-1
2019-10-02 15:30:01.734,10893,10894,10893,7,-7
2019-10-02 15:30:01.831,10893,10894,10893,3,-3
2019-10-02 15:30:02.596,10892,10893,10892,1,-1
2019-10-02 15:30:05.689,10892,10893,10892,2,-2
2019-10-02 15:30:12.247,10892,10893,10892,10,-10
2019-10-02 15:30:13.039,10892,10893,10892,1,-1
2019-10-02 15:30:13.515,10892,10893,10892,7,-7
2019-10-02 15:30:15.542,10892,10893,10893,1,1
2019-10-02 15:30:17.794,10892,10893,10892,1,-1
2019-10-02 15:30:23.086,10892,10893,10892,1,-1
2019-10-02 15:30:23.267,10892,10893,10892,1,-1
2019-10-02 15:30:24.123,10892,10893,10892,1,-1
2019-10-02 15:30:30.843,10892,10893,10893,1,1
2019-10-02 15:30:40.148,10892,10893,10893,1,1
2019-10-02 15:30:40.872,10892,10893,10893,1,1
2019-10-02 15:30:41.701,10892,10893,10893,1,1
2019-10-02 15:30:43.890,10892,10893,10893,6,6
2019-10-02 15:30:46.054,10893,10894,10894,1,1
2019-10-02 15:30:46.247,10893,10894,10893,1,-1
2019-10-02 15:30:49.099,10893,10894,10893,2,-2
2019-10-02 15:30:56.107,10893,10894,10893,1,-1
2019-10-02 15:30:59.038,10893,10894,10893,1,-1
2019-10-02 15:31:00.647,10893,10894,10894,1,1
2019-10-02 15:31:01.738,10893,10894,10894,4,4
2019-10-02 15:31:06.455,10893,10894,10893,2,-2
2019-10-02 15:31:06.513,10893,10894,10894,1,1
2019-10-02 15:31:07.586,10893,10894,10893,5,-5
2019-10-02 15:31:07.588,10893,10894,10893,2,-2
2019-10-02 15:31:07.588,10893,10894,10893,1,-1
2019-10-02 15:31:08.573,10892,10893,10893,1,1
2019-10-02 15:31:11.521,10892,10893,10892,2,-2
2019-10-02 15:31:13.501,10892,10893,10892,7,-7
2019-10-02 15:31:13.502,10892,10893,10892,2,-2
2019-10-02 15:31:13.502,10892,10893,10892,3,-3
2019-10-02 15:31:13.502,10892,10893,10892,6,-6
2019-10-02 15:31:13.609,10892,10893,10892,4,-4
2019-10-02 15:31:13.610,10892,10893,10892,1,-1
2019-10-02 15:31:13.610,10892,10893,10892,4,-4
2019-10-02 15:31:13.646,10892,10893,10892,15,-15
2019-10-02 15:31:13.653,10892,10893,10892,1,-1
2019-10-02 15:31:13.653,10892,10893,10892,2,-2
2019-10-02 15:31:18.134,10892,10893,10892,1,-1
2019-10-02 15:31:18.536,10892,10893,10893,1,1
2019-10-02 15:31:27.008,10892,10893,10892,1,-1
2019-10-02 15:31:28.740,10892,10893,10893,11,11
2019-10-02 15:31:29.386,10892,10893,10893,2,2
2019-10-02 15:31:29.476,10892,10893,10893,1,1
2019-10-02 15:31:33.164,10892,10893,10893,2,2
2019-10-02 15:31:33.207,10892,10893,10893,1,1
2019-10-02 15:31:33.234,10892,10893,10893,2,2
2019-10-02 15:31:33.235,10892,10893,10893,2,2
2019-10-02 15:31:34.510,10893,10894,10893,14,-14
2019-10-02 15:31:34.637,10892,10893,10892,1,-1
2019-10-02 15:31:35.354,10892,10893,10893,1,1
2019-10-02 15:31:36.589,10892,10893,10893,4,4
2019-10-02 15:31:36.835,10892,10893,10892,2,-2
2019-10-02 15:31:37.219,10892,10893,10892,1,-1
2019-10-02 15:31:37.708,10892,10893,10893,1,1
2019-10-02 15:31:46.628,10892,10893,10893,1,1
2019-10-02 15:31:51.616,10892,10893,10892,3,-3
2019-10-02 15:31:51.823,10892,10893,10892,1,-1
2019-10-02 15:31:52.309,10892,10893,10892,2,-2
2019-10-02 15:31:52.309,10892,10893,10892,6,-6
2019-10-02 15:31:54.615,10891,10892,10892,1,1
2019-10-02 15:31:55.552,10891,10892,10892,1,1
2019-10-02 15:31:57.375,10891,10892,10892,3,3
2019-10-02 15:31:57.375,10891,10892,10893,55,55
2019-10-02 15:31:57.375,10891,10892,10894,42,42
2019-10-02 15:31:57.484,10893,10895,10894,2,-2
2019-10-02 15:31:57.485,10893,10895,10895,3,3
2019-10-02 15:31:57.485,10893,10895,10895,5,5
2019-10-02 15:31:57.485,10893,10895,10894,4,-4
2019-10-02 15:31:57.492,10893,10895,10894,1,-1
2019-10-02 15:31:57.582,10893,10895,10894,1,-1
2019-10-02 15:31:57.609,10894,10895,10894,1,-1
2019-10-02 15:31:57.611,10894,10895,10894,6,-6
2019-10-02 15:31:57.614,10894,10895,10894,1,-1
2019-10-02 15:31:57.639,10894,10895,10895,1,1
2019-10-02 15:31:57.734,10894,10895,10894,1,-1
2019-10-02 15:31:57.734,10894,10895,10894,1,-1
2019-10-02 15:31:58.439,10894,10895,10895,1,1
2019-10-02 15:32:01.177,10894,10895,10894,5,-5
2019-10-02 15:32:01.192,10894,10895,10893,6,-6
2019-10-02 15:32:01.194,10894,10895,10893,1,-1
2019-10-02 15:32:01.194,10894,10895,10893,2,-2
2019-10-02 15:32:01.194,10894,10895,10893,2,-2
2019-10-02 15:32:01.196,10894,10895,10893,4,-4
2019-10-02 15:32:01.227,10894,10895,10894,3,3
2019-10-02 15:32:01.235,10893,10894,10893,23,-23
2019-10-02 15:32:01.359,10892,10893,10892,3,-3
2019-10-02 15:32:01.360,10892,10893,10892,3,-3
2019-10-02 15:32:01.360,10892,10893,10892,1,-1
2019-10-02 15:32:01.485,10891,10892,10892,1,1
2019-10-02 15:32:01.485,10891,10892,10891,5,-5
2019-10-02 15:32:01.709,10891,10892,10891,1,-1
2019-10-02 15:32:01.777,10891,10892,10892,2,2
2019-10-02 15:32:01.777,10891,10892,10892,2,2
2019-10-02 15:32:01.777,10891,10892,10892,3,3
2019-10-02 15:32:01.828,10891,10892,10892,1,1
2019-10-02 15:32:01.840,10891,10892,10891,1,-1
2019-10-02 15:32:01.848,10891,10892,10891,1,-1
2019-10-02 15:32:02.032,10891,10893,10891,1,-1
2019-10-02 15:32:02.149,10891,10893,10891,1,-1
2019-10-02 15:32:02.267,10891,10892,10891,1,-1
2019-10-02 15:32:02.511,10891,10892,10892,1,1
2019-10-02 15:32:02.511,10891,10892,10892,1,1
2019-10-02 15:32:02.885,10891,10893,10891,4,-4
2019-10-02 15:32:02.951,10891,10893,10891,2,-2
2019-10-02 15:32:08.744,10892,10893,10892,1,1
2019-10-02 15:32:09.326,10892,10893,10892,5,-5
2019-10-02 15:32:10.740,10892,10893,10892,1,-1
2019-10-02 15:32:14.045,10892,10893,10892,10,-10
2019-10-02 15:32:20.319,10892,10893,10892,1,-1
2019-10-02 15:32:21.772,10892,10893,10892,1,-1
2019-10-02 15:32:22.585,10892,10893,10892,2,-2
2019-10-02 15:32:26.205,10892,10893,10892,4,-4
2019-10-02 15:32:26.734,10892,10893,10893,8,8
2019-10-02 15:32:27.438,10893,10894,10893,1,-1
2019-10-02 15:32:30.487,10893,10894,10893,1,-1
2019-10-02 15:32:33.972,10893,10894,10893,1,-1
2019-10-02 15:32:34.061,10893,10894,10894,2,2
2019-10-02 15:32:36.009,10893,10894,10893,1,-1
2019-10-02 15:32:40.458,10893,10894,10893,1,-1
2019-10-02 15:32:40.753,10893,10894,10894,1,1
2019-10-02 15:32:41.061,10893,10894,10893,1,-1
2019-10-02 15:32:41.372,10893,10894,10893,1,-1
2019-10-02 15:32:44.583,10893,10894,10893,1,-1
2019-10-02 15:32:44.912,10892,10894,10894,1,1
2019-10-02 15:32:50.049,10893,10894,10894,1,1
2019-10-02 15:32:51.073,10893,10894,10893,1,-1
2019-10-02 15:32:55.405,10893,10894,10894,2,2
2019-10-02 15:33:01.189,10894,10895,10894,1,-1
2019-10-02 15:33:07.459,10893,10894,10893,1,-1
2019-10-02 15:33:12.254,10893,10894,10894,1,1
2019-10-02 15:33:12.301,10893,10894,10894,2,2
2019-10-02 15:33:19.029,10894,10895,10894,5,-5
2019-10-02 15:33:21.209,10894,10895,10895,7,7
2019-10-02 15:33:21.359,10894,10895,10895,1,1
2019-10-02 15:33:21.800,10894,10896,10894,1,-1
2019-10-02 15:33:28.715,10894,10895,10894,1,-1
2019-10-02 15:33:29.714,10893,10895,10894,1,-1
2019-10-02 15:33:32.015,10894,10895,10894,1,-1
2019-10-02 15:33:40.773,10894,10895,10895,1,1
2019-10-02 15:33:41.662,10894,10896,10894,1,-1
2019-10-02 15:33:42.025,10894,10896,10894,5,-5
2019-10-02 15:33:43.222,10894,10895,10894,4,-4
2019-10-02 15:33:44.584,10894,10895,10895,1,1
2019-10-02 15:33:49.649,10894,10895,10894,2,-2
2019-10-02 15:33:53.924,10894,10895,10894,1,-1
2019-10-02 15:33:59.472,10894,10895,10894,1,-1
2019-10-02 15:34:12.663,10894,10895,10894,1,-1
2019-10-02 15:34:13.470,10894,10895,10894,1,-1
2019-10-02 15:34:17.968,10894,10895,10894,4,-4
2019-10-02 15:34:17.969,10894,10895,10894,2,-2
2019-10-02 15:34:17.969,10894,10895,10894,2,-2
2019-10-02 15:34:18.896,10893,10894,10894,1,1
2019-10-02 15:34:19.521,10893,10894,10894,3,3
2019-10-02 15:34:19.863,10893,10894,10893,2,-2
2019-10-02 15:34:19.867,10893,10894,10894,1,1
2019-10-02 15:34:24.245,10893,10894,10894,1,1
2019-10-02 15:34:27.969,10893,10894,10894,1,1
2019-10-02 15:34:28.371,10893,10894,10894,1,1
2019-10-02 15:34:31.696,10893,10894,10894,1,1
2019-10-02 15:34:45.212,10893,10894,10894,1,1
2019-10-02 15:34:47.893,10893,10894,10894,8,8
2019-10-02 15:34:48.862,10893,10895,10894,1,-1
2019-10-02 15:34:48.924,10893,10895,10894,1,-1
2019-10-02 15:34:53.858,10894,10895,10894,1,-1
2019-10-02 15:35:02.371,10894,10895,10894,1,-1
2019-10-02 15:35:02.917,10894,10895,10894,1,-1
2019-10-02 15:35:03.055,10894,10895,10894,1,-1
2019-10-02 15:35:03.527,10894,10895,10894,1,-1
2019-10-02 15:35:04.298,10894,10895,10894,1,-1
2019-10-02 15:35:05.506,10894,10895,10895,10,10
2019-10-02 15:35:05.609,10894,10895,10895,2,2
2019-10-02 15:35:09.531,10894,10895,10894,2,-2
2019-10-02 15:35:10.252,10894,10895,10895,1,1
2019-10-02 15:35:10.541,10894,10895,10895,1,1
2019-10-02 15:35:10.891,10894,10895,10895,1,1
2019-10-02 15:35:11.814,10894,10895,10894,1,-1
2019-10-02 15:35:12.438,10894,10895,10895,1,1
2019-10-02 15:35:18.756,10894,10895,10895,13,13
2019-10-02 15:35:18.756,10894,10895,10896,33,33
2019-10-02 15:35:18.935,10895,10896,10895,2,-2
2019-10-02 15:35:19.800,10894,10896,10894,7,-7
2019-10-02 15:35:20.539,10894,10896,10896,1,1
2019-10-02 15:35:24.611,10895,10896,10895,1,-1
2019-10-02 15:35:27.458,10895,10896,10896,1,1
2019-10-02 15:35:28.630,10895,10896,10896,1,1
2019-10-02 15:35:29.041,10895,10896,10896,1,1
2019-10-02 15:35:29.540,10895,10897,10895,2,-2
2019-10-02 15:35:33.482,10896,10897,10896,1,1
2019-10-02 15:35:34.933,10896,10897,10897,1,1
2019-10-02 15:35:35.206,10896,10897,10897,4,4
2019-10-02 15:35:35.425,10896,10897,10896,1,-1
2019-10-02 15:35:36.457,10896,10897,10896,1,-1
2019-10-02 15:35:38.041,10896,10897,10896,1,-1
2019-10-02 15:35:39.021,10896,10897,10896,3,-3
2019-10-02 15:35:40.370,10896,10897,10896,2,-2
2019-10-02 15:35:47.213,10896,10897,10897,10,10
2019-10-02 15:35:47.234,10896,10897,10897,8,8
2019-10-02 15:35:47.736,10897,10898,10897,1,-1
2019-10-02 15:35:48.189,10897,10898,10898,2,2
2019-10-02 15:35:48.622,10897,10898,10898,1,1
2019-10-02 15:35:49.093,10897,10898,10898,2,2
2019-10-02 15:35:49.461,10897,10898,10897,4,-4
2019-10-02 15:35:50.708,10897,10898,10897,2,-2
2019-10-02 15:35:53.419,10897,10898,10898,1,1
2019-10-02 15:35:55.523,10897,10898,10898,1,1
2019-10-02 15:35:55.856,10897,10898,10898,1,1
2019-10-02 15:35:56.269,10897,10898,10898,1,1
2019-10-02 15:35:56.656,10897,10898,10897,1,-1
2019-10-02 15:35:57.054,10897,10898,10897,1,-1
2019-10-02 15:35:57.148,10897,10898,10898,1,1
2019-10-02 15:35:57.439,10897,10898,10898,1,1
2019-10-02 15:35:57.657,10897,10898,10898,2,2
2019-10-02 15:35:58.320,10897,10898,10898,1,1
2019-10-02 15:35:59.815,10897,10898,10898,1,1
2019-10-02 15:36:00.032,10897,10898,10897,2,-2
2019-10-02 15:36:00.109,10896,10897,10897,2,2
2019-10-02 15:36:00.237,10897,10898,10897,2,-2
2019-10-02 15:36:00.653,10896,10898,10896,3,-3
2019-10-02 15:36:02.572,10896,10897,10897,1,1
2019-10-02 15:36:03.796,10896,10897,10896,5,-5
2019-10-02 15:36:03.899,10896,10897,10897,2,2
2019-10-02 15:36:05.367,10897,10898,10898,1,1
2019-10-02 15:36:05.561,10897,10898,10898,1,1
2019-10-02 15:36:08.272,10897,10898,10898,1,1
2019-10-02 15:36:09.621,10897,10898,10898,1,1
2019-10-02 15:36:10.159,10897,10898,10897,3,-3
2019-10-02 15:36:11.798,10897,10898,10897,1,-1
2019-10-02 15:36:15.393,10897,10898,10898,5,5
2019-10-02 15:36:17.186,10897,10898,10897,1,-1
2019-10-02 15:36:18.768,10897,10898,10897,2,-2
2019-10-02 15:36:18.768,10897,10898,10897,19,-19
2019-10-02 15:36:19.444,10896,10897,10896,4,-4
2019-10-02 15:36:21.074,10896,10897,10897,1,1
2019-10-02 15:36:23.222,10897,10898,10897,2,-2
2019-10-02 15:36:23.222,10897,10898,10897,1,-1
2019-10-02 15:36:24.482,10896,10897,10896,3,-3
2019-10-02 15:36:30.280,10896,10897,10896,2,-2
2019-10-02 15:36:32.252,10896,10897,10897,5,5
2019-10-02 15:36:32.587,10897,10898,10897,1,-1
2019-10-02 15:36:39.674,10896,10897,10896,1,-1
2019-10-02 15:36:40.554,10896,10897,10897,1,1
2019-10-02 15:36:43.774,10896,10897,10897,1,1
2019-10-02 15:36:45.606,10897,10898,10898,1,1
2019-10-02 15:36:46.125,10897,10898,10897,1,-1
2019-10-02 15:36:50.351,10897,10898,10897,1,-1
2019-10-02 15:36:50.995,10897,10898,10898,1,1
2019-10-02 15:36:51.294,10897,10898,10898,1,1
2019-10-02 15:36:52.061,10897,10898,10897,8,-8
2019-10-02 15:36:53.959,10896,10897,10897,2,2
2019-10-02 15:36:55.386,10896,10897,10897,5,5
2019-10-02 15:36:58.326,10896,10897,10897,1,1
2019-10-02 15:36:59.032,10896,10897,10896,1,-1
2019-10-02 15:37:01.308,10896,10897,10896,3,-3
2019-10-02 15:37:03.007,10896,10897,10897,4,4
2019-10-02 15:37:03.008,10896,10897,10897,2,2
2019-10-02 15:37:03.008,10896,10897,10897,4,4
2019-10-02 15:37:05.556,10897,10898,10897,3,-3
2019-10-02 15:37:07.399,10897,10898,10897,7,-7
2019-10-02 15:37:08.407,10897,10898,10897,2,-2
2019-10-02 15:37:11.155,10896,10897,10897,1,1
2019-10-02 15:37:11.155,10896,10897,10897,1,1
2019-10-02 15:37:11.156,10896,10897,10897,1,1
2019-10-02 15:37:11.156,10896,10897,10897,4,4
2019-10-02 15:37:11.157,10896,10897,10897,1,1
2019-10-02 15:37:11.157,10896,10897,10897,1,1
2019-10-02 15:37:11.157,10896,10897,10897,1,1
2019-10-02 15:37:12.125,10897,10898,10897,3,-3
2019-10-02 15:37:13.125,10897,10898,10897,3,-3
2019-10-02 15:37:15.933,10897,10898,10897,1,-1
2019-10-02 15:37:28.163,10896,10897,10897,1,1
2019-10-02 15:37:40.162,10896,10897,10896,1,-1
2019-10-02 15:37:45.462,10896,10897,10897,5,5
2019-10-02 15:37:47.833,10896,10897,10897,1,1
2019-10-02 15:37:48.158,10896,10897,10897,1,1
2019-10-02 15:37:52.461,10896,10897,10897,2,2
2019-10-02 15:37:54.176,10896,10897,10896,2,-2
2019-10-02 15:37:55.281,10896,10897,10897,1,1
2019-10-02 15:38:04.333,10896,10897,10897,1,1
2019-10-02 15:38:05.206,10896,10897,10897,1,1
2019-10-02 15:38:06.548,10896,10897,10897,1,1
2019-10-02 15:38:13.749,10896,10897,10896,1,-1
2019-10-02 15:38:17.109,10896,10897,10896,3,-3
2019-10-02 15:38:17.143,10896,10897,10896,2,-2
2019-10-02 15:38:17.185,10896,10897,10896,2,-2
2019-10-02 15:38:17.185,10896,10897,10896,2,-2
2019-10-02 15:38:17.234,10896,10897,10896,4,-4
2019-10-02 15:38:18.081,10895,10896,10896,1,1
2019-10-02 15:38:24.077,10895,10896,10895,2,-2
2019-10-02 15:38:25.877,10895,10896,10895,1,-1
2019-10-02 15:38:27.806,10895,10896,10896,1,1
2019-10-02 15:38:28.737,10895,10896,10896,1,1
2019-10-02 15:38:30.314,10895,10896,10895,1,-1
2019-10-02 15:38:30.314,10895,10896,10895,3,-3
2019-10-02 15:38:30.318,10895,10896,10895,2,-2
2019-10-02 15:38:30.318,10895,10896,10895,2,-2
2019-10-02 15:38:30.340,10895,10896,10895,3,-3
2019-10-02 15:38:30.345,10895,10896,10895,1,-1
2019-10-02 15:38:30.355,10895,10896,10895,5,-5
2019-10-02 15:38:30.355,10895,10896,10895,14,-14
2019-10-02 15:38:30.561,10894,10895,10895,2,2
2019-10-02 15:38:30.734,10894,10895,10894,1,-1
2019-10-02 15:38:33.483,10894,10895,10894,2,-2
2019-10-02 15:38:33.925,10894,10895,10894,6,-6
2019-10-02 15:38:34.426,10894,10895,10894,1,-1
2019-10-02 15:38:34.925,10894,10895,10894,1,-1
2019-10-02 15:38:38.814,10894,10895,10894,1,-1
2019-10-02 15:38:38.814,10894,10895,10894,1,-1
2019-10-02 15:38:38.814,10894,10895,10894,3,-3
2019-10-02 15:38:40.709,10894,10895,10894,1,-1
2019-10-02 15:38:41.646,10894,10895,10894,1,-1
2019-10-02 15:38:43.452,10894,10895,10894,1,-1
2019-10-02 15:38:44.153,10894,10895,10894,1,-1
2019-10-02 15:38:50.584,10894,10895,10894,2,-2
2019-10-02 15:38:53.564,10894,10895,10894,1,-1
2019-10-02 15:38:56.134,10894,10895,10894,1,-1
2019-10-02 15:38:58.680,10894,10895,10894,1,-1
2019-10-02 15:39:02.607,10894,10895,10894,2,-2
2019-10-02 15:39:02.689,10894,10895,10893,1,-1
2019-10-02 15:39:03.071,10893,10895,10893,2,-2
2019-10-02 15:39:05.562,10893,10894,10893,5,-5
2019-10-02 15:39:08.985,10893,10894,10893,2,-2
2019-10-02 15:39:09.660,10893,10894,10893,2,-2
2019-10-02 15:39:10.522,10893,10894,10893,1,-1
2019-10-02 15:39:12.756,10893,10894,10893,2,-2
2019-10-02 15:39:14.121,10893,10894,10893,11,-11
2019-10-02 15:39:14.985,10893,10894,10893,1,-1
2019-10-02 15:39:18.211,10893,10894,10893,2,-2
2019-10-02 15:39:18.757,10893,10894,10893,1,-1
2019-10-02 15:39:18.986,10893,10894,10893,2,-2
2019-10-02 15:39:19.818,10893,10894,10893,1,-1
2019-10-02 15:39:22.890,10893,10894,10893,3,-3
2019-10-02 15:39:23.192,10893,10894,10893,1,-1
2019-10-02 15:39:23.973,10893,10894,10894,5,5
2019-10-02 15:39:24.366,10893,10895,10893,4,-4
2019-10-02 15:39:24.373,10893,10895,10893,3,-3
2019-10-02 15:39:29.631,10893,10895,10893,1,-1
2019-10-02 15:39:29.704,10893,10895,10893,2,-2
2019-10-02 15:39:31.954,10894,10895,10894,2,2
2019-10-02 15:39:31.954,10894,10895,10893,1,-1
2019-10-02 15:39:32.742,10893,10895,10893,1,-1
2019-10-02 15:39:34.045,10894,10895,10894,1,1
2019-10-02 15:39:34.045,10894,10895,10893,3,-3
2019-10-02 15:39:34.612,10893,10895,10893,4,-4
2019-10-02 15:39:34.749,10893,10895,10893,2,-2
2019-10-02 15:39:34.947,10893,10895,10893,1,-1
2019-10-02 15:39:35.613,10893,10895,10893,1,-1
2019-10-02 15:39:36.238,10893,10894,10894,2,2
2019-10-02 15:39:41.827,10893,10895,10893,5,-5
2019-10-02 15:39:43.331,10893,10894,10893,1,-1
2019-10-02 15:39:45.556,10893,10895,10893,1,-1
2019-10-02 15:39:50.361,10893,10894,10894,1,1
2019-10-02 15:39:50.570,10893,10894,10893,1,-1
2019-10-02 15:39:52.520,10893,10894,10893,1,-1
2019-10-02 15:39:56.051,10894,10895,10894,1,1
2019-10-02 15:39:59.522,10894,10895,10894,1,-1
2019-10-02 15:40:02.542,10894,10895,10894,1,-1
2019-10-02 15:40:03.666,10894,10895,10894,2,-2
2019-10-02 15:40:03.736,10893,10894,10894,3,3
2019-10-02 15:40:03.929,10893,10895,10894,1,-1
2019-10-02 15:40:16.437,10893,10894,10893,1,-1
2019-10-02 15:40:23.026,10893,10894,10894,14,14
2019-10-02 15:40:32.807,10894,10895,10894,1,-1
2019-10-02 15:40:33.785,10893,10895,10893,2,-2
2019-10-02 15:40:39.313,10894,10895,10894,1,1
2019-10-02 15:40:42.634,10893,10895,10893,1,-1
2019-10-02 15:40:46.576,10894,10895,10895,1,1
2019-10-02 15:40:46.965,10894,10895,10894,1,-1
2019-10-02 15:40:50.758,10894,10895,10894,1,-1
2019-10-02 15:41:00.625,10894,10895,10894,1,-1
2019-10-02 15:41:00.933,10894,10895,10894,1,-1
2019-10-02 15:41:01.248,10894,10895,10894,1,-1
2019-10-02 15:41:02.512,10894,10895,10894,1,-1
2019-10-02 15:41:03.411,10893,10894,10893,1,-1
2019-10-02 15:41:07.231,10893,10894,10893,10,-10
2019-10-02 15:41:08.692,10893,10894,10893,10,-10
2019-10-02 15:41:10.465,10893,10894,10893,10,-10
2019-10-02 15:41:13.007,10892,10894,10892,5,-5
2019-10-02 15:41:16.371,10893,10894,10893,1,1
2019-10-02 15:41:21.734,10892,10893,10893,1,1
2019-10-02 15:41:21.818,10892,10893,10893,1,1
2019-10-02 15:41:22.259,10893,10894,10893,1,-1
2019-10-02 15:41:23.420,10893,10894,10894,1,1
2019-10-02 15:41:27.140,10893,10894,10894,4,4
2019-10-02 15:41:27.583,10893,10894,10893,3,-3
2019-10-02 15:41:31.610,10893,10894,10893,2,-2
2019-10-02 15:41:31.610,10893,10894,10892,3,-3
2019-10-02 15:41:32.843,10893,10894,10893,2,2
2019-10-02 15:41:35.141,10893,10894,10893,1,-1
2019-10-02 15:41:36.572,10893,10894,10893,3,-3
2019-10-02 15:41:39.872,10893,10894,10893,2,-2
2019-10-02 15:41:43.385,10893,10894,10893,1,-1
2019-10-02 15:41:48.048,10893,10894,10894,12,12
2019-10-02 15:41:52.050,10894,10895,10895,1,1
2019-10-02 15:41:52.462,10894,10895,10894,2,-2
2019-10-02 15:41:53.450,10894,10895,10894,1,-1
2019-10-02 15:41:59.326,10893,10894,10894,3,3
2019-10-02 15:42:03.508,10893,10894,10894,1,1
2019-10-02 15:42:03.840,10893,10894,10894,8,8
2019-10-02 15:42:12.721,10894,10895,10894,2,-2
2019-10-02 15:42:16.316,10894,10895,10894,1,-1
2019-10-02 15:42:18.128,10894,10895,10894,3,-3
2019-10-02 15:42:20.319,10894,10895,10894,5,-5
2019-10-02 15:42:21.552,10894,10895,10894,2,-2
2019-10-02 15:42:22.490,10894,10895,10894,2,-2
2019-10-02 15:42:25.674,10894,10895,10894,2,-2
2019-10-02 15:42:25.736,10893,10894,10894,2,2
2019-10-02 15:42:36.425,10893,10894,10894,1,1
2019-10-02 15:42:41.588,10894,10895,10894,1,-1
2019-10-02 15:42:41.979,10894,10895,10894,1,-1
