2023-04-07 15:00:00,15814,15814,15814,50,0
2023-04-07 15:00:00,15813,15813,15813,2,-2
2023-04-07 15:00:00,15812,15812,15812,2,-2
2023-04-07 15:00:00,15811,15811,15811,2,-2
2023-04-07 15:00:00,15811,15811,15811,2,0
2023-04-07 15:00:00,15811,15811,15811,2,0
2023-04-07 15:00:00,15811,15811,15811,2,0
2023-04-07 15:00:00,15814,15814,15814,10,10
2023-04-07 15:00:00,15815,15815,15815,10,10
2023-04-07 15:00:00,15811,15811,15811,2,-2
2023-04-07 15:00:00,15811,15811,15811,2,0
2023-04-07 15:00:00,15810,15810,15810,2,-2
2023-04-07 15:00:00,15810,15810,15810,2,0
2023-04-07 15:00:00,15810,15810,15810,2,0
2023-04-07 15:00:00,15810,15810,15810,2,0
2023-04-07 15:00:00,15810,15810,15810,4,0
2023-04-07 15:00:00,15810,15810,15810,2,0
2023-04-07 15:00:00,15810,15810,15810,2,0
2023-04-07 15:00:00,15810,15810,15810,2,0
2023-04-07 15:00:00,15810,15810,15810,2,0
2023-04-07 15:00:00,15810,15810,15810,2,0
2023-04-07 15:00:00,15810,15810,15810,2,0
2023-04-07 15:00:00,15810,15810,15810,2,0
2023-04-07 15:00:00,15809,15809,15809,2,-2
2023-04-07 15:00:00,15809,15809,15809,2,0
2023-04-07 15:00:00,15809,15809,15809,2,0
2023-04-07 15:00:01,15811,15811,15811,2,2
2023-04-07 15:00:01,15810,15810,15810,2,-2
2023-04-07 15:00:01,15810,15810,15810,2,0
2023-04-07 15:00:01,15809,15809,15809,2,-2
2023-04-07 15:00:01,15808,15808,15808,2,-2
2023-04-07 15:00:01,15808,15808,15808,2,0
2023-04-07 15:00:02,15811,15811,15811,2,2
2023-04-07 15:00:03,15811,15811,15811,2,0
2023-04-07 15:00:03,15812,15812,15812,6,6
2023-04-07 15:00:03,15813,15813,15813,10,10
2023-04-07 15:00:03,15814,15814,15814,4,4
2023-04-07 15:00:03,15815,15815,15815,4,4
2023-04-07 15:00:03,15815,15815,15815,2,0
2023-04-07 15:00:03,15815,15815,15815,2,0
2023-04-07 15:00:03,15814,15814,15814,2,-2
2023-04-07 15:00:03,15814,15814,15814,2,0
2023-04-07 15:00:03,15813,15813,15813,2,-2
2023-04-07 15:00:03,15813,15813,15813,2,0
2023-04-07 15:00:04,15814,15814,15814,2,2
2023-04-07 15:00:06,15813,15813,15813,2,-2
2023-04-07 15:00:06,15813,15813,15813,2,0
2023-04-07 15:00:06,15814,15814,15814,4,4
2023-04-07 15:00:08,15813,15813,15813,2,-2
2023-04-07 15:00:08,15813,15813,15813,2,0
2023-04-07 15:00:08,15812,15812,15812,2,-2
2023-04-07 15:00:08,15812,15812,15812,4,0
2023-04-07 15:00:10,15811,15811,15811,2,-2
2023-04-07 15:00:10,15810,15810,15810,2,-2
2023-04-07 15:00:10,15810,15810,15810,2,0
2023-04-07 15:00:10,15810,15810,15810,2,0
2023-04-07 15:00:11,15809,15809,15809,2,-2
2023-04-07 15:00:11,15809,15809,15809,2,0
2023-04-07 15:00:11,15808,15808,15808,2,-2
2023-04-07 15:00:12,15809,15809,15809,2,2
2023-04-07 15:00:15,15809,15809,15809,2,0
2023-04-07 15:00:16,15810,15810,15810,22,22
2023-04-07 15:00:18,15811,15811,15811,6,6
2023-04-07 15:00:18,15811,15811,15811,4,0
2023-04-07 15:00:19,15812,15812,15812,4,4
2023-04-07 15:00:19,15812,15812,15812,2,0
2023-04-07 15:00:20,15813,15813,15813,2,2
2023-04-07 15:00:21,15813,15813,15813,2,0
2023-04-07 15:00:22,15813,15813,15813,10,0
2023-04-07 15:00:23,15813,15813,15813,2,0
2023-04-07 15:00:23,15812,15812,15812,2,-2
2023-04-07 15:00:23,15812,15812,15812,2,0
2023-04-07 15:00:23,15812,15812,15812,2,0
2023-04-07 15:00:27,15813,15813,15813,2,2
2023-04-07 15:00:31,15811,15811,15811,2,-2
2023-04-07 15:00:31,15811,15811,15811,2,0
2023-04-07 15:00:31,15811,15811,15811,2,0
2023-04-07 15:00:31,15811,15811,15811,2,0
2023-04-07 15:00:31,15811,15811,15811,2,0
2023-04-07 15:00:32,15810,15810,15810,2,-2
2023-04-07 15:00:34,15810,15810,15810,4,0
2023-04-07 15:00:34,15810,15810,15810,2,0
2023-04-07 15:00:34,15810,15810,15810,2,0
2023-04-07 15:00:34,15810,15810,15810,2,0
2023-04-07 15:00:34,15810,15810,15810,2,0
2023-04-07 15:00:34,15810,15810,15810,2,0
2023-04-07 15:00:34,15809,15809,15809,2,-2
2023-04-07 15:00:34,15809,15809,15809,4,0
2023-04-07 15:00:34,15809,15809,15809,2,0
2023-04-07 15:00:34,15809,15809,15809,6,0
2023-04-07 15:00:34,15809,15809,15809,4,0
2023-04-07 15:00:34,15809,15809,15809,2,0
2023-04-07 15:00:34,15809,15809,15809,2,0
2023-04-07 15:00:34,15808,15808,15808,2,-2
2023-04-07 15:00:34,15808,15808,15808,2,0
2023-04-07 15:00:34,15808,15808,15808,2,0
2023-04-07 15:00:34,15808,15808,15808,2,0
2023-04-07 15:00:34,15808,15808,15808,2,0
2023-04-07 15:00:34,15808,15808,15808,2,0
2023-04-07 15:00:34,15808,15808,15808,4,0
2023-04-07 15:00:34,15808,15808,15808,2,0
2023-04-07 15:00:34,15808,15808,15808,2,0
2023-04-07 15:00:36,15808,15808,15808,2,0
2023-04-07 15:00:36,15808,15808,15808,2,0
2023-04-07 15:00:36,15810,15810,15810,2,2
2023-04-07 15:00:37,15808,15808,15808,2,-2
2023-04-07 15:00:37,15808,15808,15808,2,0
2023-04-07 15:00:37,15808,15808,15808,6,0
2023-04-07 15:00:37,15809,15809,15809,2,2
2023-04-07 15:00:39,15809,15809,15809,2,0
2023-04-07 15:00:43,15809,15809,15809,4,0
2023-04-07 15:00:43,15810,15810,15810,10,10
2023-04-07 15:00:45,15809,15809,15809,2,-2
2023-04-07 15:00:46,15810,15810,15810,2,2
2023-04-07 15:00:53,15811,15811,15811,2,2
2023-04-07 15:00:53,15810,15810,15810,2,-2
2023-04-07 15:00:55,15810,15810,15810,2,0
2023-04-07 15:00:57,15811,15811,15811,2,2
2023-04-07 15:00:57,15811,15811,15811,2,0
2023-04-07 15:00:59,15811,15811,15811,6,0
2023-04-07 15:00:59,15811,15811,15811,2,0
2023-04-07 15:01:00,15812,15812,15812,2,2
2023-04-07 15:01:01,15810,15810,15810,2,-2
2023-04-07 15:01:01,15810,15810,15810,2,0
2023-04-07 15:01:01,15810,15810,15810,2,0
2023-04-07 15:01:01,15810,15810,15810,2,0
2023-04-07 15:01:01,15810,15810,15810,8,0
2023-04-07 15:01:04,15810,15810,15810,2,0
2023-04-07 15:01:05,15810,15810,15810,4,0
2023-04-07 15:01:05,15809,15809,15809,2,-2
2023-04-07 15:01:06,15809,15809,15809,2,0
2023-04-07 15:01:06,15809,15809,15809,2,0
2023-04-07 15:01:08,15809,15809,15809,2,0
2023-04-07 15:01:08,15809,15809,15809,2,0
2023-04-07 15:01:08,15810,15810,15810,2,2
2023-04-07 15:01:13,15810,15810,15810,2,0
2023-04-07 15:01:13,15810,15810,15810,6,0
2023-04-07 15:01:13,15810,15810,15810,4,0
2023-04-07 15:01:15,15811,15811,15811,2,2
2023-04-07 15:01:21,15811,15811,15811,8,0
2023-04-07 15:01:22,15810,15810,15810,4,-4
2023-04-07 15:01:22,15810,15810,15810,4,0
2023-04-07 15:01:22,15810,15810,15810,4,0
2023-04-07 15:01:22,15810,15810,15810,6,0
2023-04-07 15:01:22,15810,15810,15810,2,0
2023-04-07 15:01:22,15810,15810,15810,4,0
2023-04-07 15:01:22,15810,15810,15810,2,0
2023-04-07 15:01:23,15810,15810,15810,2,0
2023-04-07 15:01:23,15810,15810,15810,2,0
2023-04-07 15:01:24,15810,15810,15810,6,0
2023-04-07 15:01:25,15810,15810,15810,2,0
2023-04-07 15:01:29,15810,15810,15810,2,0
2023-04-07 15:01:32,15810,15810,15810,6,0
2023-04-07 15:01:33,15810,15810,15810,4,0
2023-04-07 15:01:36,15810,15810,15810,2,0
2023-04-07 15:01:38,15809,15809,15809,2,-2
2023-04-07 15:01:39,15809,15809,15809,2,0
2023-04-07 15:01:41,15809,15809,15809,2,0
2023-04-07 15:01:47,15809,15809,15809,2,0
2023-04-07 15:01:47,15809,15809,15809,2,0
2023-04-07 15:01:48,15809,15809,15809,2,0
2023-04-07 15:01:51,15809,15809,15809,2,0
2023-04-07 15:01:53,15809,15809,15809,2,0
2023-04-07 15:01:53,15809,15809,15809,2,0
2023-04-07 15:01:53,15809,15809,15809,2,0
2023-04-07 15:01:53,15809,15809,15809,2,0
2023-04-07 15:01:53,15809,15809,15809,2,0
2023-04-07 15:01:53,15809,15809,15809,2,0
2023-04-07 15:01:53,15809,15809,15809,2,0
2023-04-07 15:01:53,15809,15809,15809,2,0
2023-04-07 15:01:53,15809,15809,15809,2,0
2023-04-07 15:01:53,15809,15809,15809,2,0
2023-04-07 15:01:54,15808,15808,15808,2,-2
2023-04-07 15:01:54,15808,15808,15808,2,0
2023-04-07 15:01:54,15808,15808,15808,2,0
2023-04-07 15:01:54,15808,15808,15808,6,0
2023-04-07 15:01:54,15808,15808,15808,6,0
2023-04-07 15:01:54,15808,15808,15808,4,0
2023-04-07 15:01:54,15808,15808,15808,6,0
2023-04-07 15:01:54,15808,15808,15808,4,0
2023-04-07 15:01:54,15808,15808,15808,6,0
2023-04-07 15:01:54,15808,15808,15808,2,0
2023-04-07 15:01:54,15808,15808,15808,2,0
2023-04-07 15:01:54,15808,15808,15808,2,0
2023-04-07 15:01:57,15809,15809,15809,4,4
2023-04-07 15:02:01,15809,15809,15809,12,0
2023-04-07 15:02:01,15809,15809,15809,6,0
2023-04-07 15:02:01,15809,15809,15809,22,0
2023-04-07 15:02:02,15809,15809,15809,2,0
2023-04-07 15:02:03,15809,15809,15809,2,0
2023-04-07 15:02:05,15809,15809,15809,2,0
2023-04-07 15:02:08,15809,15809,15809,2,0
2023-04-07 15:02:10,15810,15810,15810,2,2
2023-04-07 15:02:15,15809,15809,15809,2,-2
2023-04-07 15:02:15,15809,15809,15809,2,0
2023-04-07 15:02:16,15810,15810,15810,4,4
2023-04-07 15:02:17,15810,15810,15810,2,0
2023-04-07 15:02:31,15810,15810,15810,4,0
2023-04-07 15:02:41,15810,15810,15810,2,0
2023-04-07 15:02:48,15810,15810,15810,2,0
2023-04-07 15:02:48,15810,15810,15810,8,0
2023-04-07 15:02:48,15810,15810,15810,4,0
2023-04-07 15:02:48,15810,15810,15810,10,0
2023-04-07 15:02:48,15810,15810,15810,4,0
2023-04-07 15:02:48,15810,15810,15810,2,0
2023-04-07 15:02:48,15810,15810,15810,2,0
2023-04-07 15:02:57,15810,15810,15810,2,0
2023-04-07 15:03:00,15810,15810,15810,2,0
2023-04-07 15:03:00,15811,15811,15811,2,2
2023-04-07 15:03:00,15810,15810,15810,2,-2
2023-04-07 15:03:05,15811,15811,15811,2,2
2023-04-07 15:03:07,15811,15811,15811,4,0
2023-04-07 15:03:10,15811,15811,15811,6,0
2023-04-07 15:03:11,15811,15811,15811,4,0
2023-04-07 15:03:15,15812,15812,15812,4,4
2023-04-07 15:03:18,15812,15812,15812,2,0
2023-04-07 15:03:20,15811,15811,15811,2,-2
2023-04-07 15:03:20,15811,15811,15811,2,0
2023-04-07 15:03:20,15811,15811,15811,2,0
2023-04-07 15:03:44,15811,15811,15811,2,0
2023-04-07 15:03:45,15812,15812,15812,4,4
2023-04-07 15:03:46,15811,15811,15811,2,-2
2023-04-07 15:03:46,15811,15811,15811,4,0
2023-04-07 15:04:09,15812,15812,15812,2,2
2023-04-07 15:04:09,15811,15811,15811,2,-2
2023-04-07 15:04:10,15811,15811,15811,2,0
2023-04-07 15:04:14,15812,15812,15812,2,2
2023-04-07 15:04:20,15812,15812,15812,8,0
2023-04-07 15:04:24,15811,15811,15811,2,-2
2023-04-07 15:04:24,15811,15811,15811,2,0
2023-04-07 15:04:46,15811,15811,15811,2,0
2023-04-07 15:04:47,15811,15811,15811,2,0
2023-04-07 15:04:49,15812,15812,15812,2,2
2023-04-07 15:05:04,15812,15812,15812,2,0
2023-04-07 15:05:04,15812,15812,15812,2,0
2023-04-07 15:05:07,15812,15812,15812,4,0
2023-04-07 15:05:09,15811,15811,15811,4,-4
2023-04-07 15:05:09,15811,15811,15811,4,0
2023-04-07 15:05:09,15811,15811,15811,6,0
2023-04-07 15:05:09,15811,15811,15811,2,0
2023-04-07 15:05:09,15811,15811,15811,4,0
2023-04-07 15:05:09,15811,15811,15811,2,0
2023-04-07 15:05:09,15811,15811,15811,2,0
2023-04-07 15:05:16,15811,15811,15811,2,0
2023-04-07 15:05:17,15811,15811,15811,2,0
2023-04-07 15:05:17,15810,15810,15810,6,-6
2023-04-07 15:05:17,15810,15810,15810,2,0
2023-04-07 15:05:24,15811,15811,15811,4,4
2023-04-07 15:05:25,15810,15810,15810,2,-2
2023-04-07 15:05:27,15810,15810,15810,2,0
2023-04-07 15:05:42,15810,15810,15810,2,0
2023-04-07 15:05:46,15811,15811,15811,2,2
2023-04-07 15:05:46,15810,15810,15810,4,-4
2023-04-07 15:05:50,15810,15810,15810,2,0
2023-04-07 15:05:50,15810,15810,15810,2,0
2023-04-07 15:06:10,15810,15810,15810,2,0
2023-04-07 15:06:22,15810,15810,15810,2,0
2023-04-07 15:06:22,15810,15810,15810,2,0
2023-04-07 15:06:23,15810,15810,15810,2,0
2023-04-07 15:06:23,15810,15810,15810,2,0
2023-04-07 15:06:23,15810,15810,15810,2,0
2023-04-07 15:06:23,15810,15810,15810,2,0
2023-04-07 15:06:23,15810,15810,15810,2,0
2023-04-07 15:06:23,15810,15810,15810,2,0
2023-04-07 15:06:27,15810,15810,15810,2,0
2023-04-07 15:06:27,15810,15810,15810,2,0
2023-04-07 15:06:28,15810,15810,15810,2,0
2023-04-07 15:06:38,15809,15809,15809,2,-2
2023-04-07 15:06:38,15810,15810,15810,4,4
2023-04-07 15:06:50,15811,15811,15811,2,2
2023-04-07 15:06:50,15811,15811,15811,2,0
2023-04-07 15:06:55,15811,15811,15811,2,0
2023-04-07 15:07:04,15811,15811,15811,2,0
2023-04-07 15:07:04,15811,15811,15811,2,0
2023-04-07 15:07:10,15811,15811,15811,2,0
2023-04-07 15:07:10,15811,15811,15811,2,0
2023-04-07 15:07:10,15811,15811,15811,2,0
2023-04-07 15:07:14,15811,15811,15811,2,0
2023-04-07 15:07:16,15812,15812,15812,2,2
2023-04-07 15:07:18,15811,15811,15811,2,-2
2023-04-07 15:07:18,15811,15811,15811,2,0
2023-04-07 15:07:18,15811,15811,15811,2,0
2023-04-07 15:07:19,15811,15811,15811,2,0
2023-04-07 15:07:32,15810,15810,15810,2,-2
2023-04-07 15:07:52,15811,15811,15811,2,2
2023-04-07 15:07:55,15811,15811,15811,2,0
2023-04-07 15:08:06,15811,15811,15811,2,0
2023-04-07 15:08:06,15811,15811,15811,2,0
2023-04-07 15:08:06,15811,15811,15811,2,0
2023-04-07 15:08:06,15811,15811,15811,2,0
2023-04-07 15:08:06,15811,15811,15811,4,0
2023-04-07 15:08:06,15811,15811,15811,4,0
2023-04-07 15:08:06,15811,15811,15811,2,0
2023-04-07 15:08:19,15811,15811,15811,4,0
2023-04-07 15:08:37,15811,15811,15811,2,0
2023-04-07 15:08:44,15811,15811,15811,2,0
2023-04-07 15:08:46,15811,15811,15811,2,0
2023-04-07 15:08:52,15811,15811,15811,12,0
2023-04-07 15:09:06,15811,15811,15811,2,0
2023-04-07 15:09:11,15811,15811,15811,2,0
2023-04-07 15:09:13,15811,15811,15811,2,0
2023-04-07 15:09:20,15811,15811,15811,2,0
2023-04-07 15:09:28,15811,15811,15811,2,0
2023-04-07 15:09:31,15811,15811,15811,2,0
2023-04-07 15:09:33,15811,15811,15811,4,0
2023-04-07 15:09:34,15811,15811,15811,2,0
2023-04-07 15:09:38,15811,15811,15811,2,0
2023-04-07 15:09:43,15810,15810,15810,2,-2
2023-04-07 15:09:44,15811,15811,15811,2,2
2023-04-07 15:09:45,15811,15811,15811,4,0
2023-04-07 15:09:51,15811,15811,15811,2,0
2023-04-07 15:09:58,15812,15812,15812,4,4
2023-04-07 15:10:06,15812,15812,15812,18,0
2023-04-07 15:10:06,15812,15812,15812,4,0
2023-04-07 15:10:06,15812,15812,15812,4,0
2023-04-07 15:10:06,15812,15812,15812,6,0
2023-04-07 15:10:06,15811,15811,15811,2,-2
2023-04-07 15:10:06,15811,15811,15811,4,0
2023-04-07 15:10:06,15811,15811,15811,2,0
2023-04-07 15:10:06,15811,15811,15811,4,0
2023-04-07 15:10:06,15811,15811,15811,2,0
2023-04-07 15:10:06,15811,15811,15811,2,0
2023-04-07 15:10:06,15811,15811,15811,2,0
2023-04-07 15:10:06,15811,15811,15811,2,0
2023-04-07 15:10:06,15811,15811,15811,4,0
2023-04-07 15:10:06,15811,15811,15811,2,0
2023-04-07 15:10:06,15811,15811,15811,2,0
2023-04-07 15:10:06,15811,15811,15811,4,0
2023-04-07 15:10:06,15811,15811,15811,2,0
2023-04-07 15:10:06,15810,15810,15810,2,-2
2023-04-07 15:10:06,15810,15810,15810,16,0
2023-04-07 15:10:06,15810,15810,15810,2,0
2023-04-07 15:10:06,15810,15810,15810,2,0
2023-04-07 15:10:06,15810,15810,15810,4,0
2023-04-07 15:10:06,15810,15810,15810,2,0
2023-04-07 15:10:06,15810,15810,15810,2,0
2023-04-07 15:10:06,15810,15810,15810,2,0
2023-04-07 15:10:06,15810,15810,15810,2,0
2023-04-07 15:10:06,15810,15810,15810,2,0
2023-04-07 15:10:06,15810,15810,15810,2,0
2023-04-07 15:10:06,15810,15810,15810,2,0
2023-04-07 15:10:06,15810,15810,15810,6,0
2023-04-07 15:10:06,15810,15810,15810,2,0
2023-04-07 15:10:06,15810,15810,15810,2,0
2023-04-07 15:10:06,15810,15810,15810,4,0
2023-04-07 15:10:06,15810,15810,15810,2,0
2023-04-07 15:10:06,15810,15810,15810,2,0
2023-04-07 15:10:06,15810,15810,15810,2,0
2023-04-07 15:10:06,15810,15810,15810,4,0
2023-04-07 15:10:06,15809,15809,15809,2,-2
2023-04-07 15:10:06,15809,15809,15809,4,0
2023-04-07 15:10:06,15809,15809,15809,4,0
2023-04-07 15:10:06,15809,15809,15809,2,0
2023-04-07 15:10:06,15809,15809,15809,6,0
2023-04-07 15:10:06,15809,15809,15809,2,0
2023-04-07 15:10:06,15809,15809,15809,2,0
2023-04-07 15:10:06,15809,15809,15809,2,0
2023-04-07 15:10:06,15809,15809,15809,20,0
2023-04-07 15:10:06,15809,15809,15809,2,0
2023-04-07 15:10:06,15809,15809,15809,2,0
2023-04-07 15:10:06,15809,15809,15809,2,0
2023-04-07 15:10:06,15809,15809,15809,2,0
2023-04-07 15:10:06,15808,15808,15808,2,-2
2023-04-07 15:10:06,15808,15808,15808,6,0
2023-04-07 15:10:06,15808,15808,15808,4,0
2023-04-07 15:10:06,15808,15808,15808,2,0
2023-04-07 15:10:06,15808,15808,15808,4,0
2023-04-07 15:10:06,15808,15808,15808,4,0
2023-04-07 15:10:06,15808,15808,15808,2,0
2023-04-07 15:10:06,15808,15808,15808,2,0
2023-04-07 15:10:06,15808,15808,15808,4,0
2023-04-07 15:10:06,15808,15808,15808,10,0
2023-04-07 15:10:06,15808,15808,15808,6,0
2023-04-07 15:10:06,15808,15808,15808,2,0
2023-04-07 15:10:06,15808,15808,15808,2,0
2023-04-07 15:10:06,15808,15808,15808,2,0
2023-04-07 15:10:06,15808,15808,15808,2,0
2023-04-07 15:10:06,15808,15808,15808,4,0
2023-04-07 15:10:26,15808,15808,15808,2,0
2023-04-07 15:10:26,15808,15808,15808,2,0
2023-04-07 15:10:27,15808,15808,15808,2,0
2023-04-07 15:10:27,15808,15808,15808,2,0
2023-04-07 15:10:31,15808,15808,15808,2,0
2023-04-07 15:10:33,15808,15808,15808,2,0
2023-04-07 15:11:00,15809,15809,15809,4,4
2023-04-07 15:11:00,15808,15808,15808,4,-4
2023-04-07 15:11:00,15808,15808,15808,2,0
2023-04-07 15:11:00,15808,15808,15808,2,0
2023-04-07 15:11:11,15809,15809,15809,2,2
2023-04-07 15:11:11,15809,15809,15809,6,0
2023-04-07 15:11:11,15809,15809,15809,2,0
2023-04-07 15:11:15,15810,15810,15810,2,2
2023-04-07 15:11:19,15809,15809,15809,2,-2
2023-04-07 15:11:21,15809,15809,15809,2,0
2023-04-07 15:11:21,15809,15809,15809,2,0
2023-04-07 15:11:21,15809,15809,15809,2,0
2023-04-07 15:11:21,15809,15809,15809,2,0
2023-04-07 15:11:21,15809,15809,15809,2,0
2023-04-07 15:11:32,15810,15810,15810,2,2
2023-04-07 15:11:40,15810,15810,15810,4,0
2023-04-07 15:11:46,15809,15809,15809,2,-2
2023-04-07 15:11:46,15809,15809,15809,2,0
2023-04-07 15:11:46,15809,15809,15809,2,0
2023-04-07 15:11:46,15809,15809,15809,2,0
2023-04-07 15:11:46,15809,15809,15809,4,0
2023-04-07 15:11:46,15809,15809,15809,16,0
2023-04-07 15:11:46,15809,15809,15809,2,0
2023-04-07 15:11:46,15809,15809,15809,2,0
2023-04-07 15:11:46,15809,15809,15809,2,0
2023-04-07 15:11:46,15808,15808,15808,2,-2
2023-04-07 15:11:46,15808,15808,15808,2,0
2023-04-07 15:11:46,15808,15808,15808,2,0
2023-04-07 15:11:46,15808,15808,15808,6,0
2023-04-07 15:11:46,15808,15808,15808,2,0
2023-04-07 15:11:46,15808,15808,15808,2,0
2023-04-07 15:11:46,15808,15808,15808,2,0
2023-04-07 15:11:46,15808,15808,15808,2,0
2023-04-07 15:11:46,15808,15808,15808,2,0
2023-04-07 15:11:46,15808,15808,15808,2,0
2023-04-07 15:11:46,15808,15808,15808,4,0
2023-04-07 15:11:46,15808,15808,15808,2,0
2023-04-07 15:11:46,15808,15808,15808,2,0
2023-04-07 15:11:46,15808,15808,15808,2,0
2023-04-07 15:11:46,15808,15808,15808,2,0
2023-04-07 15:11:46,15808,15808,15808,4,0
2023-04-07 15:11:46,15808,15808,15808,2,0
2023-04-07 15:11:46,15808,15808,15808,2,0
2023-04-07 15:11:46,15808,15808,15808,4,0
2023-04-07 15:11:56,15808,15808,15808,2,0
2023-04-07 15:12:02,15808,15808,15808,2,0
2023-04-07 15:12:03,15808,15808,15808,2,0
2023-04-07 15:12:07,15808,15808,15808,2,0
2023-04-07 15:12:07,15808,15808,15808,2,0
2023-04-07 15:12:09,15808,15808,15808,2,0
2023-04-07 15:12:09,15808,15808,15808,2,0
2023-04-07 15:12:10,15808,15808,15808,2,0
2023-04-07 15:12:16,15809,15809,15809,2,2
2023-04-07 15:12:30,15808,15808,15808,2,-2
2023-04-07 15:12:30,15808,15808,15808,2,0
2023-04-07 15:12:35,15808,15808,15808,4,0
2023-04-07 15:12:50,15808,15808,15808,4,0
2023-04-07 15:13:18,15808,15808,15808,4,0
2023-04-07 15:13:18,15808,15808,15808,2,0
2023-04-07 15:13:18,15808,15808,15808,2,0
2023-04-07 15:13:18,15808,15808,15808,2,0
2023-04-07 15:13:42,15807,15807,15807,2,-2
2023-04-07 15:13:43,15807,15807,15807,2,0
2023-04-07 15:13:43,15808,15808,15808,2,2
2023-04-07 15:13:45,15807,15807,15807,2,-2
2023-04-07 15:13:45,15807,15807,15807,2,0
2023-04-07 15:13:57,15808,15808,15808,2,2
2023-04-07 15:13:58,15807,15807,15807,2,-2
2023-04-07 15:14:01,15808,15808,15808,2,2
2023-04-07 15:14:08,15808,15808,15808,10,0
2023-04-07 15:14:17,15808,15808,15808,2,0
2023-04-07 15:14:17,15807,15807,15807,2,-2
2023-04-07 15:14:17,15807,15807,15807,2,0
2023-04-07 15:14:17,15807,15807,15807,2,0
2023-04-07 15:14:31,15808,15808,15808,2,2
2023-04-07 15:14:31,15808,15808,15808,2,0
2023-04-07 15:14:41,15808,15808,15808,2,0
2023-04-07 15:14:41,15808,15808,15808,2,0
2023-04-07 15:14:41,15807,15807,15807,2,-2
2023-04-07 15:14:46,15807,15807,15807,2,0
2023-04-07 15:14:54,15808,15808,15808,2,2
2023-04-07 15:14:57,15807,15807,15807,2,-2
2023-04-07 15:15:00,15807,15807,15807,2,0
2023-04-07 15:15:03,15807,15807,15807,2,0
2023-04-07 15:15:04,15807,15807,15807,2,0
2023-04-07 15:15:04,15807,15807,15807,2,0
2023-04-07 15:15:04,15807,15807,15807,2,0
2023-04-07 15:15:04,15807,15807,15807,2,0
2023-04-07 15:15:04,15807,15807,15807,2,0
2023-04-07 15:15:04,15807,15807,15807,2,0
2023-04-07 15:15:04,15807,15807,15807,2,0
2023-04-07 15:15:04,15807,15807,15807,6,0
2023-04-07 15:15:04,15807,15807,15807,2,0
2023-04-07 15:15:04,15807,15807,15807,2,0
2023-04-07 15:15:04,15807,15807,15807,4,0
2023-04-07 15:15:04,15807,15807,15807,6,0
2023-04-07 15:15:04,15807,15807,15807,2,0
2023-04-07 15:15:04,15807,15807,15807,2,0
2023-04-07 15:15:04,15807,15807,15807,2,0
2023-04-07 15:15:04,15807,15807,15807,2,0
2023-04-07 15:15:04,15807,15807,15807,2,0
2023-04-07 15:15:04,15807,15807,15807,2,0
2023-04-07 15:15:04,15807,15807,15807,2,0
2023-04-07 15:15:04,15807,15807,15807,6,0
2023-04-07 15:15:04,15807,15807,15807,2,0
2023-04-07 15:15:04,15807,15807,15807,2,0
2023-04-07 15:15:04,15807,15807,15807,4,0
2023-04-07 15:15:04,15807,15807,15807,2,0
2023-04-07 15:15:04,15806,15806,15806,2,-2
2023-04-07 15:15:04,15807,15807,15807,2,2
2023-04-07 15:15:04,15807,15807,15807,2,0
2023-04-07 15:15:04,15807,15807,15807,2,0
2023-04-07 15:15:09,15807,15807,15807,2,0
2023-04-07 15:15:14,15807,15807,15807,2,0
2023-04-07 15:15:15,15806,15806,15806,2,-2
2023-04-07 15:15:15,15806,15806,15806,2,0
2023-04-07 15:15:16,15807,15807,15807,2,2
2023-04-07 15:15:22,15807,15807,15807,2,0
2023-04-07 15:15:23,15807,15807,15807,2,0
2023-04-07 15:15:39,15808,15808,15808,2,2
2023-04-07 15:15:39,15808,15808,15808,6,0
2023-04-07 15:15:47,15808,15808,15808,2,0
2023-04-07 15:15:53,15808,15808,15808,2,0
2023-04-07 15:15:53,15808,15808,15808,2,0
2023-04-07 15:15:54,15808,15808,15808,2,0
2023-04-07 15:15:54,15808,15808,15808,2,0
2023-04-07 15:15:55,15808,15808,15808,2,0
2023-04-07 15:15:55,15808,15808,15808,2,0
2023-04-07 15:15:55,15808,15808,15808,2,0
2023-04-07 15:16:22,15809,15809,15809,2,2
2023-04-07 15:16:22,15809,15809,15809,2,0
2023-04-07 15:16:22,15810,15810,15810,2,2
2023-04-07 15:16:22,15810,15810,15810,2,0
2023-04-07 15:16:22,15810,15810,15810,2,0
2023-04-07 15:16:22,15810,15810,15810,2,0
2023-04-07 15:16:22,15810,15810,15810,6,0
2023-04-07 15:16:23,15809,15809,15809,2,-2
2023-04-07 15:16:23,15809,15809,15809,2,0
2023-04-07 15:16:23,15809,15809,15809,2,0
2023-04-07 15:16:23,15811,15811,15811,2,2
2023-04-07 15:16:23,15811,15811,15811,2,0
2023-04-07 15:16:23,15811,15811,15811,2,0
2023-04-07 15:16:23,15811,15811,15811,2,0
2023-04-07 15:16:23,15811,15811,15811,2,0
2023-04-07 15:16:23,15811,15811,15811,2,0
2023-04-07 15:16:23,15811,15811,15811,2,0
2023-04-07 15:16:28,15810,15810,15810,2,-2
2023-04-07 15:16:41,15810,15810,15810,2,0
2023-04-07 15:16:41,15810,15810,15810,2,0
2023-04-07 15:16:48,15810,15810,15810,2,0
2023-04-07 15:16:48,15811,15811,15811,2,2
2023-04-07 15:16:48,15811,15811,15811,2,0
2023-04-07 15:16:48,15811,15811,15811,2,0
2023-04-07 15:16:57,15810,15810,15810,2,-2
2023-04-07 15:16:57,15810,15810,15810,2,0
2023-04-07 15:16:57,15810,15810,15810,2,0
2023-04-07 15:16:57,15810,15810,15810,2,0
2023-04-07 15:16:57,15810,15810,15810,4,0
2023-04-07 15:17:13,15810,15810,15810,2,0
2023-04-07 15:17:39,15810,15810,15810,2,0
2023-04-07 15:17:39,15811,15811,15811,2,2
2023-04-07 15:17:39,15811,15811,15811,2,0
2023-04-07 15:17:59,15811,15811,15811,4,0
2023-04-07 15:18:02,15811,15811,15811,4,0
2023-04-07 15:18:02,15810,15810,15810,2,-2
2023-04-07 15:18:02,15810,15810,15810,2,0
2023-04-07 15:18:03,15812,15812,15812,2,2
2023-04-07 15:18:13,15811,15811,15811,2,-2
2023-04-07 15:18:18,15812,15812,15812,4,4
2023-04-07 15:18:18,15812,15812,15812,4,0
2023-04-07 15:18:21,15812,15812,15812,2,0
2023-04-07 15:18:21,15813,15813,15813,2,2
2023-04-07 15:18:21,15813,15813,15813,4,0
2023-04-07 15:18:25,15813,15813,15813,2,0
2023-04-07 15:18:29,15813,15813,15813,4,0
2023-04-07 15:18:33,15813,15813,15813,2,0
2023-04-07 15:18:34,15812,15812,15812,2,-2
2023-04-07 15:18:34,15811,15811,15811,2,-2
2023-04-07 15:19:03,15811,15811,15811,16,0
2023-04-07 15:19:03,15811,15811,15811,4,0
2023-04-07 15:19:03,15811,15811,15811,6,0
2023-04-07 15:19:03,15811,15811,15811,2,0
2023-04-07 15:19:03,15811,15811,15811,2,0
2023-04-07 15:19:07,15810,15810,15810,2,-2
2023-04-07 15:19:15,15810,15810,15810,2,0
2023-04-07 15:19:15,15810,15810,15810,2,0
2023-04-07 15:19:15,15810,15810,15810,2,0
2023-04-07 15:19:23,15810,15810,15810,2,0
2023-04-07 15:19:24,15811,15811,15811,2,2
2023-04-07 15:19:24,15809,15809,15809,2,-2
2023-04-07 15:19:24,15809,15809,15809,2,0
2023-04-07 15:19:24,15809,15809,15809,2,0
2023-04-07 15:19:29,15810,15810,15810,2,2
2023-04-07 15:19:55,15809,15809,15809,2,-2
2023-04-07 15:20:20,15809,15809,15809,2,0
2023-04-07 15:20:20,15809,15809,15809,2,0
2023-04-07 15:20:22,15809,15809,15809,2,0
2023-04-07 15:20:25,15808,15808,15808,2,-2
2023-04-07 15:20:25,15808,15808,15808,2,0
2023-04-07 15:20:25,15808,15808,15808,2,0
2023-04-07 15:20:25,15808,15808,15808,2,0
2023-04-07 15:20:28,15808,15808,15808,2,0
2023-04-07 15:20:29,15809,15809,15809,2,2
2023-04-07 15:20:43,15809,15809,15809,2,0
2023-04-07 15:21:09,15808,15808,15808,2,-2
2023-04-07 15:21:09,15808,15808,15808,2,0
2023-04-07 15:21:09,15808,15808,15808,6,0
2023-04-07 15:21:14,15808,15808,15808,2,0
2023-04-07 15:21:17,15808,15808,15808,2,0
2023-04-07 15:21:18,15808,15808,15808,2,0
2023-04-07 15:21:21,15808,15808,15808,2,0
2023-04-07 15:21:32,15808,15808,15808,2,0
2023-04-07 15:21:32,15809,15809,15809,2,2
2023-04-07 15:21:37,15808,15808,15808,2,-2
2023-04-07 15:21:39,15809,15809,15809,4,4
2023-04-07 15:21:40,15808,15808,15808,2,-2
2023-04-07 15:21:41,15808,15808,15808,2,0
2023-04-07 15:21:45,15809,15809,15809,2,2
2023-04-07 15:21:51,15808,15808,15808,2,-2
2023-04-07 15:22:11,15809,15809,15809,2,2
2023-04-07 15:22:15,15809,15809,15809,2,0
2023-04-07 15:22:23,15809,15809,15809,2,0
2023-04-07 15:22:27,15809,15809,15809,2,0
2023-04-07 15:22:29,15809,15809,15809,2,0
2023-04-07 15:22:29,15809,15809,15809,2,0
2023-04-07 15:22:37,15810,15810,15810,4,4
2023-04-07 15:23:03,15809,15809,15809,2,-2
2023-04-07 15:23:04,15809,15809,15809,2,0
2023-04-07 15:23:04,15808,15808,15808,2,-2
2023-04-07 15:23:07,15808,15808,15808,2,0
2023-04-07 15:23:10,15808,15808,15808,2,0
2023-04-07 15:23:12,15808,15808,15808,2,0
2023-04-07 15:23:14,15808,15808,15808,2,0
2023-04-07 15:23:16,15808,15808,15808,2,0
2023-04-07 15:23:25,15809,15809,15809,2,2
2023-04-07 15:23:37,15808,15808,15808,2,-2
2023-04-07 15:23:38,15810,15810,15810,2,2
2023-04-07 15:23:46,15808,15808,15808,2,-2
2023-04-07 15:23:58,15808,15808,15808,2,0
2023-04-07 15:24:09,15809,15809,15809,2,2
2023-04-07 15:24:09,15809,15809,15809,2,0
2023-04-07 15:24:12,15809,15809,15809,6,0
2023-04-07 15:24:22,15809,15809,15809,2,0
2023-04-07 15:24:34,15809,15809,15809,2,0
2023-04-07 15:24:51,15809,15809,15809,2,0
2023-04-07 15:24:52,15809,15809,15809,2,0
2023-04-07 15:25:19,15808,15808,15808,2,-2
2023-04-07 15:25:53,15809,15809,15809,2,2
2023-04-07 15:26:25,15810,15810,15810,2,2
2023-04-07 15:26:25,15809,15809,15809,2,-2
2023-04-07 15:26:25,15809,15809,15809,2,0
2023-04-07 15:26:37,15809,15809,15809,2,0
2023-04-07 15:26:37,15809,15809,15809,2,0
2023-04-07 15:26:45,15810,15810,15810,4,4
2023-04-07 15:26:45,15810,15810,15810,4,0
2023-04-07 15:26:45,15810,15810,15810,8,0
2023-04-07 15:26:45,15810,15810,15810,2,0
2023-04-07 15:26:45,15810,15810,15810,2,0
2023-04-07 15:26:45,15810,15810,15810,2,0
2023-04-07 15:26:45,15810,15810,15810,2,0
2023-04-07 15:26:45,15810,15810,15810,2,0
2023-04-07 15:26:45,15810,15810,15810,4,0
2023-04-07 15:26:45,15810,15810,15810,2,0
2023-04-07 15:26:58,15811,15811,15811,2,2
2023-04-07 15:27:20,15811,15811,15811,2,0
2023-04-07 15:27:28,15811,15811,15811,2,0
2023-04-07 15:27:33,15810,15810,15810,2,-2
2023-04-07 15:27:34,15811,15811,15811,2,2
2023-04-07 15:27:51,15810,15810,15810,2,-2
2023-04-07 15:27:51,15810,15810,15810,4,0
2023-04-07 15:27:51,15810,15810,15810,2,0
2023-04-07 15:27:51,15810,15810,15810,2,0
2023-04-07 15:27:51,15810,15810,15810,2,0
2023-04-07 15:27:51,15810,15810,15810,2,0
2023-04-07 15:28:00,15810,15810,15810,2,0
2023-04-07 15:28:05,15810,15810,15810,2,0
2023-04-07 15:28:10,15811,15811,15811,2,2
2023-04-07 15:28:10,15810,15810,15810,2,-2
2023-04-07 15:28:42,15811,15811,15811,2,2
2023-04-07 15:28:50,15811,15811,15811,2,0
2023-04-07 15:29:24,15810,15810,15810,2,-2
2023-04-07 15:29:25,15810,15810,15810,4,0
2023-04-07 15:29:26,15810,15810,15810,2,0
2023-04-07 15:29:27,15811,15811,15811,8,8
2023-04-07 15:29:31,15810,15810,15810,2,-2
2023-04-07 15:29:36,15810,15810,15810,4,0
2023-04-07 15:29:38,15811,15811,15811,2,2
2023-04-07 15:29:39,15810,15810,15810,8,-8
2023-04-07 15:29:41,15810,15810,15810,4,0
2023-04-07 15:29:47,15810,15810,15810,2,0
2023-04-07 15:30:03,15810,15810,15810,2,0
2023-04-07 15:30:03,15810,15810,15810,2,0
2023-04-07 15:30:13,15811,15811,15811,2,2
2023-04-07 15:30:17,15811,15811,15811,4,0
2023-04-07 15:30:32,15811,15811,15811,2,0
2023-04-07 15:30:49,15812,15812,15812,2,2
2023-04-07 15:30:49,15812,15812,15812,2,0
2023-04-07 15:30:49,15812,15812,15812,2,0
2023-04-07 15:30:49,15812,15812,15812,2,0
2023-04-07 15:31:00,15811,15811,15811,2,-2
2023-04-07 15:31:13,15812,15812,15812,2,2
2023-04-07 15:31:13,15812,15812,15812,4,0
2023-04-07 15:31:13,15812,15812,15812,4,0
2023-04-07 15:31:17,15813,15813,15813,14,14
2023-04-07 15:31:22,15813,15813,15813,2,0
2023-04-07 15:31:29,15813,15813,15813,2,0
2023-04-07 15:31:35,15813,15813,15813,2,0
2023-04-07 15:31:37,15814,15814,15814,10,10
2023-04-07 15:31:40,15814,15814,15814,2,0
2023-04-07 15:31:42,15814,15814,15814,2,0
2023-04-07 15:31:43,15814,15814,15814,2,0
2023-04-07 15:31:43,15814,15814,15814,2,0
2023-04-07 15:31:46,15814,15814,15814,2,0
2023-04-07 15:31:48,15814,15814,15814,2,0
2023-04-07 15:31:50,15814,15814,15814,6,0
2023-04-07 15:31:53,15814,15814,15814,6,0
2023-04-07 15:31:56,15815,15815,15815,2,2
2023-04-07 15:31:56,15815,15815,15815,2,0
2023-04-07 15:32:07,15815,15815,15815,2,0
2023-04-07 15:32:09,15815,15815,15815,2,0
2023-04-07 15:32:11,15815,15815,15815,2,0
2023-04-07 15:32:21,15815,15815,15815,2,0
2023-04-07 15:32:29,15815,15815,15815,18,0
2023-04-07 15:32:39,15814,15814,15814,2,-2
2023-04-07 15:32:42,15815,15815,15815,6,6
2023-04-07 15:32:50,15815,15815,15815,2,0
2023-04-07 15:33:04,15815,15815,15815,2,0
2023-04-07 15:33:12,15815,15815,15815,6,0
2023-04-07 15:33:31,15815,15815,15815,10,0
2023-04-07 15:33:31,15815,15815,15815,2,0
2023-04-07 15:33:41,15816,15816,15816,34,34
2023-04-07 15:33:41,15817,15817,15817,4,4
2023-04-07 15:33:41,15817,15817,15817,4,0
2023-04-07 15:33:45,15817,15817,15817,2,0
2023-04-07 15:33:57,15816,15816,15816,2,-2
2023-04-07 15:34:06,15816,15816,15816,2,0
2023-04-07 15:34:10,15816,15816,15816,4,0
2023-04-07 15:34:14,15816,15816,15816,2,0
2023-04-07 15:34:15,15816,15816,15816,4,0
2023-04-07 15:34:17,15816,15816,15816,2,0
2023-04-07 15:34:20,15816,15816,15816,2,0
2023-04-07 15:34:30,15817,15817,15817,22,22
2023-04-07 15:34:30,15817,15817,15817,6,0
2023-04-07 15:34:31,15816,15816,15816,2,-2
2023-04-07 15:34:32,15816,15816,15816,2,0
2023-04-07 15:34:32,15816,15816,15816,12,0
2023-04-07 15:34:32,15816,15816,15816,4,0
2023-04-07 15:34:32,15816,15816,15816,2,0
2023-04-07 15:34:32,15816,15816,15816,2,0
2023-04-07 15:34:32,15816,15816,15816,2,0
2023-04-07 15:34:34,15816,15816,15816,2,0
2023-04-07 15:34:45,15816,15816,15816,2,0
2023-04-07 15:34:51,15816,15816,15816,2,0
2023-04-07 15:35:04,15817,15817,15817,6,6
2023-04-07 15:35:08,15816,15816,15816,2,-2
2023-04-07 15:35:59,15817,15817,15817,2,2
2023-04-07 15:36:02,15816,15816,15816,2,-2
2023-04-07 15:36:03,15816,15816,15816,4,0
2023-04-07 15:36:03,15816,15816,15816,2,0
2023-04-07 15:36:03,15816,15816,15816,2,0
2023-04-07 15:36:03,15817,15817,15817,2,2
2023-04-07 15:36:03,15817,15817,15817,2,0
2023-04-07 15:36:03,15817,15817,15817,2,0
2023-04-07 15:36:03,15817,15817,15817,2,0
2023-04-07 15:36:03,15817,15817,15817,2,0
2023-04-07 15:36:03,15817,15817,15817,2,0
2023-04-07 15:36:03,15817,15817,15817,2,0
2023-04-07 15:36:03,15817,15817,15817,2,0
2023-04-07 15:36:03,15817,15817,15817,2,0
2023-04-07 15:36:03,15817,15817,15817,2,0
2023-04-07 15:36:03,15817,15817,15817,2,0
2023-04-07 15:36:03,15817,15817,15817,2,0
2023-04-07 15:36:03,15817,15817,15817,2,0
2023-04-07 15:36:03,15817,15817,15817,2,0
2023-04-07 15:36:03,15817,15817,15817,2,0
2023-04-07 15:36:31,15817,15817,15817,4,0
2023-04-07 15:36:31,15817,15817,15817,2,0
2023-04-07 15:36:40,15817,15817,15817,2,0
2023-04-07 15:36:46,15817,15817,15817,2,0
2023-04-07 15:36:46,15817,15817,15817,2,0
2023-04-07 15:37:04,15817,15817,15817,2,0
2023-04-07 15:37:04,15817,15817,15817,2,0
2023-04-07 15:37:15,15818,15818,15818,6,6
2023-04-07 15:37:15,15817,15817,15817,2,-2
2023-04-07 15:37:15,15817,15817,15817,2,0
2023-04-07 15:37:15,15817,15817,15817,2,0
2023-04-07 15:37:15,15817,15817,15817,2,0
2023-04-07 15:37:15,15817,15817,15817,2,0
2023-04-07 15:37:15,15817,15817,15817,2,0
2023-04-07 15:37:24,15818,15818,15818,2,2
2023-04-07 15:37:25,15817,15817,15817,2,-2
2023-04-07 15:37:25,15817,15817,15817,2,0
2023-04-07 15:37:25,15817,15817,15817,2,0
2023-04-07 15:37:35,15818,15818,15818,12,12
2023-04-07 15:37:36,15818,15818,15818,2,0
2023-04-07 15:37:36,15818,15818,15818,2,0
2023-04-07 15:37:36,15818,15818,15818,2,0
2023-04-07 15:37:37,15819,15819,15819,2,2
2023-04-07 15:37:37,15819,15819,15819,2,0
2023-04-07 15:37:37,15819,15819,15819,2,0
2023-04-07 15:38:14,15819,15819,15819,8,0
2023-04-07 15:38:16,15819,15819,15819,10,0
2023-04-07 15:38:17,15819,15819,15819,10,0
2023-04-07 15:38:18,15820,15820,15820,10,10
2023-04-07 15:38:22,15819,15819,15819,2,-2
2023-04-07 15:38:22,15819,15819,15819,2,0
2023-04-07 15:38:38,15819,15819,15819,2,0
2023-04-07 15:38:47,15819,15819,15819,2,0
2023-04-07 15:39:08,15819,15819,15819,12,0
2023-04-07 15:39:18,15819,15819,15819,2,0
2023-04-07 15:39:30,15818,15818,15818,2,-2
2023-04-07 15:39:31,15818,15818,15818,2,0
2023-04-07 15:39:31,15818,15818,15818,6,0
2023-04-07 15:39:31,15818,15818,15818,2,0
2023-04-07 15:39:34,15817,15817,15817,2,-2
2023-04-07 15:39:35,15818,15818,15818,6,6
2023-04-07 15:39:36,15817,15817,15817,2,-2
2023-04-07 15:40:01,15817,15817,15817,2,0
2023-04-07 15:40:50,15817,15817,15817,2,0
2023-04-07 15:41:03,15817,15817,15817,2,0
2023-04-07 15:41:16,15818,15818,15818,8,8
2023-04-07 15:41:21,15818,15818,15818,2,0
2023-04-07 15:41:58,15818,15818,15818,4,0
2023-04-07 15:42:25,15818,15818,15818,2,0
2023-04-07 15:42:26,15818,15818,15818,2,0
2023-04-07 15:42:29,15819,15819,15819,2,2
2023-04-07 15:42:33,15818,15818,15818,2,-2
2023-04-07 15:42:39,15819,15819,15819,2,2
2023-04-07 15:43:24,15819,15819,15819,2,0
2023-04-07 15:43:24,15819,15819,15819,2,0
2023-04-07 15:43:24,15819,15819,15819,2,0
2023-04-07 15:43:27,15818,15818,15818,2,-2
2023-04-07 15:43:43,15818,15818,15818,2,0
2023-04-07 15:43:46,15818,15818,15818,2,0
2023-04-07 15:43:47,15818,15818,15818,2,0
2023-04-07 15:44:04,15818,15818,15818,2,0
2023-04-07 15:44:06,15818,15818,15818,2,0
2023-04-07 15:44:10,15819,15819,15819,26,26
2023-04-07 15:44:25,15819,15819,15819,2,0
2023-04-07 15:44:26,15819,15819,15819,2,0
2023-04-07 15:44:41,15819,15819,15819,2,0
2023-04-07 15:44:51,15819,15819,15819,2,0
2023-04-07 15:44:51,15819,15819,15819,2,0
2023-04-07 15:45:17,15819,15819,15819,2,0
2023-04-07 15:45:17,15819,15819,15819,10,0
2023-04-07 15:45:17,15820,15820,15820,42,42
2023-04-07 15:45:17,15820,15820,15820,16,0
2023-04-07 15:45:17,15821,15821,15821,88,88
2023-04-07 15:45:17,15821,15821,15821,2,0
2023-04-07 15:45:17,15822,15822,15822,34,34
2023-04-07 15:45:17,15823,15823,15823,18,18
2023-04-07 15:45:17,15822,15822,15822,2,-2
2023-04-07 15:45:17,15823,15823,15823,4,4
2023-04-07 15:45:17,15823,15823,15823,2,0
2023-04-07 15:45:17,15824,15824,15824,10,10
2023-04-07 15:45:17,15823,15823,15823,2,-2
2023-04-07 15:45:17,15823,15823,15823,4,0
2023-04-07 15:45:17,15823,15823,15823,2,0
2023-04-07 15:45:17,15823,15823,15823,4,0
2023-04-07 15:45:17,15823,15823,15823,2,0
2023-04-07 15:45:17,15822,15822,15822,2,-2
2023-04-07 15:45:17,15822,15822,15822,4,0
2023-04-07 15:45:17,15822,15822,15822,2,0
2023-04-07 15:45:17,15822,15822,15822,2,0
2023-04-07 15:45:18,15822,15822,15822,2,0
2023-04-07 15:45:18,15821,15821,15821,2,-2
2023-04-07 15:45:18,15822,15822,15822,2,2
2023-04-07 15:45:18,15820,15820,15820,4,-4
2023-04-07 15:45:18,15820,15820,15820,2,0
2023-04-07 15:45:18,15820,15820,15820,2,0
2023-04-07 15:45:18,15820,15820,15820,4,0
2023-04-07 15:45:18,15821,15821,15821,2,2
2023-04-07 15:45:18,15822,15822,15822,4,4
2023-04-07 15:45:18,15822,15822,15822,2,0
2023-04-07 15:45:18,15822,15822,15822,2,0
2023-04-07 15:45:20,15821,15821,15821,2,-2
2023-04-07 15:45:20,15822,15822,15822,2,2
2023-04-07 15:45:24,15822,15822,15822,4,0
2023-04-07 15:45:24,15823,15823,15823,10,10
2023-04-07 15:45:24,15823,15823,15823,4,0
2023-04-07 15:45:24,15823,15823,15823,2,0
2023-04-07 15:45:24,15823,15823,15823,2,0
2023-04-07 15:45:33,15823,15823,15823,2,0
2023-04-07 15:45:34,15822,15822,15822,2,-2
2023-04-07 15:45:34,15822,15822,15822,2,0
2023-04-07 15:45:34,15822,15822,15822,2,0
2023-04-07 15:45:34,15822,15822,15822,8,0
2023-04-07 15:45:34,15822,15822,15822,2,0
2023-04-07 15:45:34,15822,15822,15822,2,0
2023-04-07 15:45:34,15820,15820,15820,6,-6
2023-04-07 15:45:34,15820,15820,15820,4,0
2023-04-07 15:45:35,15820,15820,15820,6,0
2023-04-07 15:45:37,15820,15820,15820,2,0
2023-04-07 15:46:03,15820,15820,15820,4,0
2023-04-07 15:46:03,15820,15820,15820,2,0
2023-04-07 15:46:03,15820,15820,15820,2,0
2023-04-07 15:46:03,15821,15821,15821,2,2
2023-04-07 15:46:03,15821,15821,15821,2,0
2023-04-07 15:46:24,15821,15821,15821,2,0
2023-04-07 15:46:28,15821,15821,15821,2,0
2023-04-07 15:46:29,15821,15821,15821,2,0
2023-04-07 15:46:31,15821,15821,15821,4,0
2023-04-07 15:46:33,15821,15821,15821,2,0
2023-04-07 15:46:33,15821,15821,15821,2,0
2023-04-07 15:46:34,15822,15822,15822,4,4
2023-04-07 15:46:34,15822,15822,15822,2,0
2023-04-07 15:46:42,15822,15822,15822,2,0
2023-04-07 15:46:43,15822,15822,15822,2,0
2023-04-07 15:47:07,15822,15822,15822,2,0
2023-04-07 15:47:07,15822,15822,15822,2,0
2023-04-07 15:47:07,15822,15822,15822,8,0
2023-04-07 15:47:07,15822,15822,15822,2,0
2023-04-07 15:47:09,15821,15821,15821,2,-2
2023-04-07 15:47:14,15822,15822,15822,2,2
2023-04-07 15:47:15,15823,15823,15823,2,2
2023-04-07 15:47:16,15821,15821,15821,4,-4
2023-04-07 15:47:21,15823,15823,15823,2,2
2023-04-07 15:47:22,15822,15822,15822,2,-2
2023-04-07 15:47:24,15823,15823,15823,2,2
2023-04-07 15:47:32,15822,15822,15822,4,-4
2023-04-07 15:47:33,15821,15821,15821,2,-2
2023-04-07 15:47:34,15822,15822,15822,2,2
2023-04-07 15:47:35,15822,15822,15822,10,0
2023-04-07 15:48:45,15822,15822,15822,2,0
2023-04-07 15:48:52,15821,15821,15821,2,-2
2023-04-07 15:48:52,15822,15822,15822,2,2
2023-04-07 15:48:52,15822,15822,15822,2,0
2023-04-07 15:49:00,15822,15822,15822,2,0
2023-04-07 15:49:05,15821,15821,15821,2,-2
2023-04-07 15:49:13,15821,15821,15821,2,0
2023-04-07 15:49:13,15821,15821,15821,2,0
2023-04-07 15:49:15,15821,15821,15821,2,0
2023-04-07 15:49:19,15821,15821,15821,4,0
2023-04-07 15:49:20,15821,15821,15821,2,0
2023-04-07 15:49:21,15821,15821,15821,2,0
2023-04-07 15:49:28,15821,15821,15821,2,0
2023-04-07 15:49:28,15821,15821,15821,4,0
2023-04-07 15:49:28,15821,15821,15821,4,0
2023-04-07 15:49:37,15820,15820,15820,2,-2
2023-04-07 15:49:59,15821,15821,15821,10,10
2023-04-07 15:50:28,15820,15820,15820,2,-2
2023-04-07 15:50:38,15820,15820,15820,4,0
2023-04-07 15:51:09,15819,15819,15819,2,-2
2023-04-07 15:51:09,15819,15819,15819,4,0
2023-04-07 15:51:19,15819,15819,15819,2,0
2023-04-07 15:51:21,15819,15819,15819,2,0
2023-04-07 15:51:24,15819,15819,15819,2,0
2023-04-07 15:51:27,15819,15819,15819,2,0
2023-04-07 15:51:27,15819,15819,15819,2,0
2023-04-07 15:51:29,15818,15818,15818,2,-2
2023-04-07 15:51:29,15818,15818,15818,2,0
2023-04-07 15:51:29,15819,15819,15819,2,2
2023-04-07 15:51:31,15818,15818,15818,2,-2
2023-04-07 15:51:31,15818,15818,15818,2,0
2023-04-07 15:51:39,15819,15819,15819,2,2
2023-04-07 15:51:42,15819,15819,15819,2,0
2023-04-07 15:51:42,15819,15819,15819,2,0
2023-04-07 15:51:51,15820,15820,15820,2,2
2023-04-07 15:51:56,15820,15820,15820,4,0
2023-04-07 15:52:15,15820,15820,15820,2,0
2023-04-07 15:52:16,15820,15820,15820,2,0
2023-04-07 15:52:48,15820,15820,15820,2,0
2023-04-07 15:53:04,15820,15820,15820,8,0
2023-04-07 15:53:04,15820,15820,15820,2,0
2023-04-07 15:53:06,15820,15820,15820,2,0
2023-04-07 15:53:10,15820,15820,15820,2,0
2023-04-07 15:53:22,15820,15820,15820,2,0
2023-04-07 15:53:28,15821,15821,15821,2,2
2023-04-07 15:53:28,15821,15821,15821,2,0
2023-04-07 15:53:28,15821,15821,15821,2,0
2023-04-07 15:53:28,15821,15821,15821,22,0
2023-04-07 15:53:28,15821,15821,15821,2,0
2023-04-07 15:53:28,15822,15822,15822,2,2
2023-04-07 15:53:28,15822,15822,15822,2,0
2023-04-07 15:53:38,15821,15821,15821,2,-2
2023-04-07 15:53:49,15821,15821,15821,2,0
2023-04-07 15:53:50,15822,15822,15822,4,4
2023-04-07 15:54:10,15821,15821,15821,4,-4
2023-04-07 15:54:10,15821,15821,15821,2,0
2023-04-07 15:54:56,15821,15821,15821,4,0
2023-04-07 15:55:01,15820,15820,15820,2,-2
2023-04-07 15:56:09,15820,15820,15820,4,0
2023-04-07 15:56:13,15820,15820,15820,2,0
2023-04-07 15:56:43,15820,15820,15820,2,0
2023-04-07 15:57:41,15820,15820,15820,2,0
2023-04-07 15:57:43,15820,15820,15820,2,0
2023-04-07 15:58:45,15820,15820,15820,4,0
2023-04-07 15:59:20,15820,15820,15820,4,0
2023-04-07 15:59:40,15820,15820,15820,4,0
2023-04-07 16:00:41,15819,15819,15819,2,-2
2023-04-07 16:01:20,15819,15819,15819,2,0
2023-04-07 16:01:20,15819,15819,15819,2,0
2023-04-07 16:01:20,15819,15819,15819,2,0
2023-04-07 16:01:20,15819,15819,15819,2,0
2023-04-07 16:01:20,15819,15819,15819,4,0
2023-04-07 16:01:20,15819,15819,15819,2,0
2023-04-07 16:01:45,15819,15819,15819,2,0
2023-04-07 16:02:07,15819,15819,15819,2,0
2023-04-07 16:02:14,15818,15818,15818,2,-2
2023-04-07 16:02:14,15818,15818,15818,2,0
2023-04-07 16:02:14,15818,15818,15818,2,0
2023-04-07 16:02:14,15818,15818,15818,2,0
2023-04-07 16:02:14,15818,15818,15818,2,0
2023-04-07 16:02:14,15818,15818,15818,2,0
2023-04-07 16:02:14,15818,15818,15818,2,0
2023-04-07 16:02:14,15818,15818,15818,2,0
2023-04-07 16:03:41,15817,15817,15817,2,-2
2023-04-07 16:03:41,15818,15818,15818,8,8
2023-04-07 16:03:45,15817,15817,15817,2,-2
2023-04-07 16:03:48,15817,15817,15817,2,0
2023-04-07 16:03:50,15817,15817,15817,2,0
2023-04-07 16:04:15,15817,15817,15817,2,0
2023-04-07 16:04:15,15817,15817,15817,2,0
2023-04-07 16:04:15,15817,15817,15817,2,0
2023-04-07 16:04:19,15817,15817,15817,2,0
2023-04-07 16:04:38,15817,15817,15817,2,0
2023-04-07 16:04:38,15817,15817,15817,2,0
2023-04-07 16:04:38,15817,15817,15817,2,0
2023-04-07 16:04:41,15817,15817,15817,2,0
2023-04-07 16:05:05,15816,15816,15816,2,-2
2023-04-07 16:05:05,15816,15816,15816,2,0
2023-04-07 16:05:05,15816,15816,15816,2,0
2023-04-07 16:05:10,15816,15816,15816,2,0
2023-04-07 16:05:13,15816,15816,15816,2,0
2023-04-07 16:05:16,15816,15816,15816,2,0
2023-04-07 16:05:16,15816,15816,15816,2,0
2023-04-07 16:05:23,15816,15816,15816,2,0
2023-04-07 16:05:48,15816,15816,15816,2,0
2023-04-07 16:06:09,15816,15816,15816,2,0
2023-04-07 16:06:09,15816,15816,15816,2,0
2023-04-07 16:06:09,15816,15816,15816,2,0
2023-04-07 16:06:12,15817,15817,15817,2,2
2023-04-07 16:06:14,15816,15816,15816,2,-2
2023-04-07 16:06:14,15816,15816,15816,2,0
2023-04-07 16:06:14,15816,15816,15816,4,0
2023-04-07 16:06:14,15816,15816,15816,2,0
2023-04-07 16:06:14,15816,15816,15816,2,0
2023-04-07 16:06:14,15816,15816,15816,4,0
2023-04-07 16:06:14,15816,15816,15816,2,0
2023-04-07 16:06:14,15816,15816,15816,2,0
2023-04-07 16:06:14,15816,15816,15816,6,0
2023-04-07 16:06:14,15816,15816,15816,2,0
2023-04-07 16:06:14,15816,15816,15816,2,0
2023-04-07 16:06:14,15816,15816,15816,2,0
2023-04-07 16:06:14,15816,15816,15816,2,0
2023-04-07 16:06:14,15816,15816,15816,6,0
2023-04-07 16:06:21,15816,15816,15816,2,0
2023-04-07 16:07:20,15815,15815,15815,2,-2
2023-04-07 16:07:20,15815,15815,15815,2,0
2023-04-07 16:07:32,15815,15815,15815,2,0
2023-04-07 16:07:38,15816,15816,15816,4,4
2023-04-07 16:07:47,15817,15817,15817,4,4
2023-04-07 16:07:47,15816,15816,15816,2,-2
2023-04-07 16:07:58,15816,15816,15816,2,0
2023-04-07 16:07:58,15816,15816,15816,4,0
2023-04-07 16:07:58,15816,15816,15816,2,0
2023-04-07 16:07:58,15816,15816,15816,2,0
2023-04-07 16:07:58,15816,15816,15816,2,0
2023-04-07 16:07:58,15816,15816,15816,2,0
2023-04-07 16:07:58,15816,15816,15816,2,0
2023-04-07 16:08:22,15816,15816,15816,2,0
2023-04-07 16:08:22,15816,15816,15816,2,0
2023-04-07 16:08:27,15816,15816,15816,2,0
2023-04-07 16:08:31,15816,15816,15816,2,0
2023-04-07 16:08:34,15815,15815,15815,2,-2
2023-04-07 16:09:17,15816,15816,15816,6,6
2023-04-07 16:09:36,15816,15816,15816,2,0
2023-04-07 16:09:36,15817,15817,15817,2,2
2023-04-07 16:09:48,15817,15817,15817,2,0
2023-04-07 16:10:02,15817,15817,15817,2,0
2023-04-07 16:10:02,15817,15817,15817,10,0
2023-04-07 16:10:02,15817,15817,15817,4,0
2023-04-07 16:10:02,15817,15817,15817,4,0
2023-04-07 16:10:02,15817,15817,15817,2,0
2023-04-07 16:10:34,15818,15818,15818,46,46
2023-04-07 16:10:42,15819,15819,15819,2,2
2023-04-07 16:10:46,15818,15818,15818,2,-2
2023-04-07 16:11:43,15818,15818,15818,2,0
2023-04-07 16:12:03,15818,15818,15818,2,0
2023-04-07 16:12:08,15819,15819,15819,2,2
2023-04-07 16:12:37,15819,15819,15819,4,0
2023-04-07 16:12:46,15819,15819,15819,2,0
2023-04-07 16:14:18,15819,15819,15819,2,0
2023-04-07 16:14:28,15819,15819,15819,2,0
2023-04-07 16:14:57,15818,15818,15818,2,-2
2023-04-07 16:16:00,15819,15819,15819,2,2
2023-04-07 16:16:05,15818,15818,15818,2,-2
2023-04-07 16:16:11,15819,15819,15819,36,36
2023-04-07 16:16:49,15820,15820,15820,4,4
2023-04-07 16:17:07,15819,15819,15819,2,-2
2023-04-07 16:17:09,15819,15819,15819,2,0
2023-04-07 16:17:28,15819,15819,15819,4,0
2023-04-07 16:18:07,15820,15820,15820,2,2
2023-04-07 16:18:20,15819,15819,15819,2,-2
2023-04-07 16:19:16,15818,15818,15818,2,-2
2023-04-07 16:19:28,15818,15818,15818,2,0
2023-04-07 16:19:30,15818,15818,15818,2,0
2023-04-07 16:19:30,15818,15818,15818,2,0
2023-04-07 16:19:30,15818,15818,15818,2,0
2023-04-07 16:19:30,15818,15818,15818,2,0
2023-04-07 16:19:30,15818,15818,15818,2,0
2023-04-07 16:19:50,15819,15819,15819,2,2
2023-04-07 16:19:58,15819,15819,15819,2,0
2023-04-07 16:21:16,15818,15818,15818,2,-2
2023-04-07 16:21:26,15818,15818,15818,2,0
2023-04-07 16:21:26,15819,15819,15819,2,2
2023-04-07 16:22:26,15819,15819,15819,4,0
2023-04-07 16:23:36,15818,15818,15818,2,-2
2023-04-07 16:24:33,15818,15818,15818,2,0
2023-04-07 16:24:34,15818,15818,15818,2,0
2023-04-07 16:24:34,15818,15818,15818,6,0
2023-04-07 16:24:34,15818,15818,15818,2,0
2023-04-07 16:24:34,15818,15818,15818,4,0
2023-04-07 16:24:42,15817,15817,15817,2,-2
2023-04-07 16:24:42,15817,15817,15817,2,0
2023-04-07 16:24:42,15817,15817,15817,2,0
2023-04-07 16:24:59,15817,15817,15817,2,0
2023-04-07 16:25:04,15817,15817,15817,2,0
2023-04-07 16:25:07,15817,15817,15817,2,0
2023-04-07 16:25:35,15816,15816,15816,2,-2
2023-04-07 16:25:48,15816,15816,15816,2,0
2023-04-07 16:25:48,15816,15816,15816,2,0
2023-04-07 16:26:18,15817,15817,15817,2,2
2023-04-07 16:27:08,15817,15817,15817,2,0
2023-04-07 16:27:37,15817,15817,15817,2,0
2023-04-07 16:27:37,15817,15817,15817,4,0
2023-04-07 16:27:37,15817,15817,15817,10,0
2023-04-07 16:27:38,15818,15818,15818,4,4
2023-04-07 16:27:39,15817,15817,15817,2,-2
2023-04-07 16:28:03,15817,15817,15817,2,0
2023-04-07 16:28:45,15818,15818,15818,6,6
2023-04-07 16:28:45,15818,15818,15818,2,0
2023-04-07 16:28:45,15818,15818,15818,2,0
2023-04-07 16:28:45,15818,15818,15818,2,0
2023-04-07 16:28:45,15818,15818,15818,8,0
2023-04-07 16:28:45,15818,15818,15818,4,0
2023-04-07 16:28:45,15818,15818,15818,4,0
2023-04-07 16:28:59,15817,15817,15817,2,-2
2023-04-07 16:30:12,15819,15819,15819,2,2
2023-04-07 16:30:12,15818,15818,15818,2,-2
2023-04-07 16:30:12,15818,15818,15818,2,0
2023-04-07 16:30:12,15817,15817,15817,2,-2
2023-04-07 16:30:12,15817,15817,15817,2,0
2023-04-07 16:30:12,15817,15817,15817,2,0
2023-04-07 16:30:12,15817,15817,15817,2,0
2023-04-07 16:30:13,15817,15817,15817,2,0
2023-04-07 16:30:13,15817,15817,15817,2,0
2023-04-07 16:30:13,15817,15817,15817,2,0
2023-04-07 16:30:16,15817,15817,15817,2,0
2023-04-07 16:30:16,15817,15817,15817,2,0
2023-04-07 16:30:28,15818,15818,15818,2,2
2023-04-07 16:30:52,15818,15818,15818,2,0
2023-04-07 16:31:16,15819,15819,15819,2,2
2023-04-07 16:31:30,15819,15819,15819,2,0
2023-04-07 16:31:35,15819,15819,15819,2,0
2023-04-07 16:31:35,15819,15819,15819,2,0
2023-04-07 16:31:49,15820,15820,15820,2,2
2023-04-07 16:32:06,15820,15820,15820,14,0
2023-04-07 16:32:20,15820,15820,15820,2,0
2023-04-07 16:32:31,15820,15820,15820,2,0
2023-04-07 16:32:57,15819,15819,15819,2,-2
2023-04-07 16:33:00,15819,15819,15819,2,0
2023-04-07 16:36:33,15819,15819,15819,2,0
2023-04-07 16:36:33,15819,15819,15819,2,0
2023-04-07 16:36:33,15819,15819,15819,6,0
2023-04-07 16:36:33,15819,15819,15819,2,0
2023-04-07 16:36:33,15819,15819,15819,2,0
2023-04-07 16:36:33,15819,15819,15819,2,0
2023-04-07 16:36:33,15819,15819,15819,6,0
2023-04-07 16:36:33,15819,15819,15819,2,0
2023-04-07 16:36:33,15819,15819,15819,4,0
2023-04-07 16:36:33,15819,15819,15819,2,0
2023-04-07 16:36:33,15819,15819,15819,2,0
2023-04-07 16:36:33,15819,15819,15819,4,0
2023-04-07 16:36:33,15819,15819,15819,4,0
2023-04-07 16:36:34,15818,15818,15818,2,-2
2023-04-07 16:38:02,15818,15818,15818,2,0
2023-04-07 16:38:02,15818,15818,15818,2,0
2023-04-07 16:38:02,15818,15818,15818,2,0
2023-04-07 16:38:02,15818,15818,15818,4,0
2023-04-07 16:38:02,15820,15820,15820,4,4
2023-04-07 16:39:22,15820,15820,15820,4,0
2023-04-07 16:39:26,15819,15819,15819,2,-2
2023-04-07 16:39:26,15819,15819,15819,2,0
2023-04-07 16:39:26,15819,15819,15819,2,0
2023-04-07 16:41:19,15819,15819,15819,4,0
2023-04-07 16:41:32,15819,15819,15819,2,0
2023-04-07 16:42:01,15819,15819,15819,18,0
2023-04-07 16:42:33,15819,15819,15819,2,0
2023-04-07 16:42:36,15819,15819,15819,2,0
2023-04-07 16:44:38,15819,15819,15819,2,0
2023-04-07 16:44:38,15819,15819,15819,2,0
2023-04-07 16:47:27,15820,15820,15820,50,50
2023-04-07 16:47:27,15820,15820,15820,4,0
2023-04-07 16:47:27,15820,15820,15820,2,0
2023-04-07 16:48:09,15820,15820,15820,2,0
2023-04-07 16:48:09,15820,15820,15820,2,0
2023-04-07 16:48:14,15820,15820,15820,2,0
2023-04-07 16:48:19,15820,15820,15820,2,0
2023-04-07 16:48:25,15820,15820,15820,2,0
2023-04-07 16:48:25,15821,15821,15821,4,4
2023-04-07 16:48:29,15820,15820,15820,2,-2
2023-04-07 16:48:34,15820,15820,15820,2,0
2023-04-07 16:48:37,15821,15821,15821,2,2
2023-04-07 16:48:44,15820,15820,15820,2,-2
2023-04-07 16:48:57,15820,15820,15820,2,0
2023-04-07 16:48:59,15821,15821,15821,4,4
2023-04-07 16:49:00,15820,15820,15820,2,-2
2023-04-07 16:49:12,15820,15820,15820,2,0
2023-04-07 16:49:12,15820,15820,15820,2,0
2023-04-07 16:49:20,15820,15820,15820,2,0
2023-04-07 16:49:23,15820,15820,15820,2,0
2023-04-07 16:50:56,15820,15820,15820,2,0
2023-04-07 16:52:31,15821,15821,15821,4,4
2023-04-07 16:52:31,15821,15821,15821,4,0
2023-04-07 16:52:31,15821,15821,15821,4,0
2023-04-07 16:53:02,15820,15820,15820,2,-2
2023-04-07 16:53:02,15820,15820,15820,2,0
2023-04-07 16:53:05,15821,15821,15821,2,2
2023-04-07 16:53:14,15821,15821,15821,40,0
2023-04-07 16:53:14,15821,15821,15821,4,0
2023-04-07 16:53:14,15821,15821,15821,4,0
2023-04-07 16:53:14,15821,15821,15821,2,0
2023-04-07 16:53:44,15822,15822,15822,4,4
2023-04-07 16:53:44,15822,15822,15822,34,0
2023-04-07 16:53:55,15823,15823,15823,2,2
2023-04-07 16:53:55,15823,15823,15823,2,0
2023-04-07 16:53:55,15823,15823,15823,18,0
2023-04-07 16:53:55,15824,15824,15824,2,2
2023-04-07 16:53:55,15824,15824,15824,4,0
2023-04-07 16:53:55,15824,15824,15824,10,0
2023-04-07 16:53:55,15824,15824,15824,2,0
2023-04-07 16:53:56,15824,15824,15824,14,0
2023-04-07 16:53:56,15825,15825,15825,2,2
2023-04-07 16:53:56,15825,15825,15825,2,0
2023-04-07 16:53:56,15825,15825,15825,4,0
2023-04-07 16:53:56,15825,15825,15825,4,0
2023-04-07 16:53:56,15825,15825,15825,12,0
2023-04-07 16:53:56,15825,15825,15825,2,0
2023-04-07 16:53:56,15825,15825,15825,10,0
2023-04-07 16:53:56,15826,15826,15826,6,6
2023-04-07 16:53:56,15826,15826,15826,2,0
2023-04-07 16:53:56,15826,15826,15826,4,0
2023-04-07 16:53:56,15826,15826,15826,2,0
2023-04-07 16:53:56,15826,15826,15826,4,0
2023-04-07 16:53:56,15826,15826,15826,2,0
2023-04-07 16:54:03,15825,15825,15825,2,-2
2023-04-07 16:54:03,15825,15825,15825,2,0
2023-04-07 16:54:04,15825,15825,15825,2,0
2023-04-07 16:54:04,15826,15826,15826,2,2
2023-04-07 16:54:20,15826,15826,15826,4,0
2023-04-07 16:54:24,15826,15826,15826,2,0
2023-04-07 16:54:28,15826,15826,15826,4,0
2023-04-07 16:54:28,15826,15826,15826,4,0
2023-04-07 16:54:28,15826,15826,15826,4,0
2023-04-07 16:54:28,15826,15826,15826,8,0
2023-04-07 16:54:28,15826,15826,15826,2,0
2023-04-07 16:54:28,15826,15826,15826,2,0
2023-04-07 16:54:28,15826,15826,15826,2,0
2023-04-07 16:54:28,15826,15826,15826,2,0
2023-04-07 16:54:28,15826,15826,15826,2,0
2023-04-07 16:54:28,15826,15826,15826,4,0
2023-04-07 16:54:28,15826,15826,15826,4,0
2023-04-07 16:54:28,15826,15826,15826,2,0
2023-04-07 16:54:34,15826,15826,15826,2,0
2023-04-07 16:54:34,15826,15826,15826,2,0
2023-04-07 16:54:36,15826,15826,15826,2,0
2023-04-07 16:54:42,15826,15826,15826,2,0
2023-04-07 16:54:44,15827,15827,15827,2,2
2023-04-07 16:54:44,15827,15827,15827,2,0
2023-04-07 16:54:46,15827,15827,15827,10,0
2023-04-07 16:54:52,15827,15827,15827,2,0
2023-04-07 16:54:54,15827,15827,15827,2,0
2023-04-07 16:55:07,15826,15826,15826,2,-2
2023-04-07 16:55:15,15825,15825,15825,2,-2
2023-04-07 16:55:15,15825,15825,15825,20,0
2023-04-07 16:55:15,15825,15825,15825,2,0
2023-04-07 16:55:15,15825,15825,15825,2,0
2023-04-07 16:55:15,15825,15825,15825,2,0
2023-04-07 16:55:15,15825,15825,15825,2,0
2023-04-07 16:55:15,15825,15825,15825,2,0
2023-04-07 16:55:15,15825,15825,15825,2,0
2023-04-07 16:55:15,15825,15825,15825,2,0
2023-04-07 16:55:16,15825,15825,15825,2,0
2023-04-07 16:55:26,15824,15824,15824,2,-2
2023-04-07 16:55:26,15824,15824,15824,2,0
2023-04-07 16:55:26,15824,15824,15824,6,0
2023-04-07 16:55:27,15824,15824,15824,2,0
2023-04-07 16:55:31,15823,15823,15823,4,-4
2023-04-07 16:55:31,15823,15823,15823,2,0
2023-04-07 16:55:31,15823,15823,15823,2,0
2023-04-07 16:55:31,15823,15823,15823,2,0
2023-04-07 16:55:31,15823,15823,15823,2,0
2023-04-07 16:55:38,15824,15824,15824,4,4
2023-04-07 16:55:38,15825,15825,15825,2,2
2023-04-07 16:55:55,15824,15824,15824,8,-8
2023-04-07 16:55:55,15824,15824,15824,4,0
2023-04-07 16:55:55,15824,15824,15824,2,0
2023-04-07 16:55:55,15824,15824,15824,2,0
2023-04-07 16:55:55,15824,15824,15824,2,0
2023-04-07 16:55:55,15824,15824,15824,2,0
2023-04-07 16:55:55,15824,15824,15824,2,0
2023-04-07 16:55:55,15824,15824,15824,2,0
2023-04-07 16:55:55,15824,15824,15824,4,0
2023-04-07 16:55:55,15824,15824,15824,2,0
2023-04-07 16:55:55,15824,15824,15824,4,0
2023-04-07 16:55:55,15823,15823,15823,6,-6
2023-04-07 16:55:55,15823,15823,15823,4,0
2023-04-07 16:55:55,15823,15823,15823,2,0
2023-04-07 16:55:55,15823,15823,15823,2,0
2023-04-07 16:55:55,15823,15823,15823,4,0
2023-04-07 16:55:55,15823,15823,15823,4,0
2023-04-07 16:55:55,15823,15823,15823,4,0
2023-04-07 16:55:55,15823,15823,15823,4,0
2023-04-07 16:55:55,15823,15823,15823,2,0
2023-04-07 16:55:55,15825,15825,15825,4,4
2023-04-07 16:56:00,15825,15825,15825,6,0
2023-04-07 16:56:10,15824,15824,15824,2,-2
2023-04-07 16:56:16,15824,15824,15824,2,0
2023-04-07 16:56:28,15824,15824,15824,2,0
2023-04-07 16:56:42,15824,15824,15824,2,0
2023-04-07 16:56:46,15824,15824,15824,12,0
2023-04-07 16:56:46,15824,15824,15824,2,0
2023-04-07 16:57:05,15824,15824,15824,2,0
2023-04-07 16:57:08,15824,15824,15824,2,0
2023-04-07 16:57:22,15824,15824,15824,10,0
2023-04-07 16:57:36,15825,15825,15825,2,2
2023-04-07 16:57:45,15825,15825,15825,4,0
2023-04-07 16:57:45,15825,15825,15825,2,0
2023-04-07 16:57:45,15825,15825,15825,2,0
2023-04-07 16:57:45,15825,15825,15825,2,0
2023-04-07 16:57:55,15825,15825,15825,4,0
2023-04-07 16:58:09,15825,15825,15825,2,0
2023-04-07 16:58:16,15825,15825,15825,2,0
2023-04-07 16:58:18,15825,15825,15825,2,0
2023-04-07 16:58:20,15825,15825,15825,4,0
2023-04-07 16:58:20,15825,15825,15825,2,0
2023-04-07 16:58:25,15825,15825,15825,2,0
2023-04-07 16:58:28,15825,15825,15825,2,0
2023-04-07 16:58:29,15825,15825,15825,4,0
2023-04-07 16:58:31,15825,15825,15825,2,0
2023-04-07 16:58:31,15824,15824,15824,2,-2
2023-04-07 16:58:32,15825,15825,15825,2,2
2023-04-07 16:58:33,15825,15825,15825,2,0
2023-04-07 16:58:34,15825,15825,15825,2,0
2023-04-07 16:58:35,15825,15825,15825,2,0
2023-04-07 16:58:36,15826,15826,15826,2,2
2023-04-07 16:58:36,15826,15826,15826,2,0
2023-04-07 16:58:38,15825,15825,15825,2,-2
2023-04-07 16:58:41,15825,15825,15825,2,0
2023-04-07 16:59:08,15825,15825,15825,4,0
2023-04-07 16:59:29,15825,15825,15825,2,0
2023-04-07 16:59:44,15825,15825,15825,6,0
2023-04-07 16:59:45,15824,15824,15824,4,-4
2023-04-07 16:59:45,15824,15824,15824,2,0
2023-04-07 16:59:45,15824,15824,15824,4,0
2023-04-07 16:59:46,15825,15825,15825,2,2
2023-04-07 16:59:47,15825,15825,15825,6,0
2023-04-07 16:59:58,15824,15824,15824,2,-2
2023-04-07 17:00:00,15825,15825,15825,6,6
2023-04-07 17:00:00,15825,15825,15825,2,0
2023-04-07 17:00:00,15825,15825,15825,2,0
2023-04-07 17:00:00,15825,15825,15825,2,0
2023-04-07 17:00:00,15825,15825,15825,2,0
2023-04-07 17:00:00,15825,15825,15825,6,0
2023-04-07 17:00:00,15826,15826,15826,2,2
2023-04-07 17:00:00,15826,15826,15826,2,0
2023-04-07 17:00:00,15826,15826,15826,2,0
2023-04-07 17:00:00,15826,15826,15826,2,0
2023-04-07 17:00:00,15825,15825,15825,4,-4
2023-04-07 17:00:00,15825,15825,15825,2,0
2023-04-07 17:00:00,15825,15825,15825,2,0
2023-04-07 17:00:00,15825,15825,15825,2,0
2023-04-07 17:00:00,15825,15825,15825,2,0
2023-04-07 17:00:00,15825,15825,15825,4,0
2023-04-07 17:00:00,15825,15825,15825,2,0
2023-04-07 17:00:00,15825,15825,15825,2,0
2023-04-07 17:00:00,15824,15824,15824,2,-2
2023-04-07 17:00:02,15824,15824,15824,2,0
2023-04-07 17:00:02,15824,15824,15824,2,0
2023-04-07 17:00:02,15824,15824,15824,2,0
2023-04-07 17:00:02,15824,15824,15824,2,0
2023-04-07 17:00:02,15824,15824,15824,2,0
2023-04-07 17:00:02,15825,15825,15825,4,4
2023-04-07 17:00:02,15824,15824,15824,2,-2
2023-04-07 17:00:02,15824,15824,15824,2,0
2023-04-07 17:00:02,15823,15823,15823,4,-4
2023-04-07 17:00:02,15823,15823,15823,4,0
2023-04-07 17:00:02,15823,15823,15823,2,0
2023-04-07 17:00:02,15823,15823,15823,2,0
2023-04-07 17:00:02,15823,15823,15823,2,0
2023-04-07 17:00:02,15823,15823,15823,4,0
2023-04-07 17:00:02,15823,15823,15823,2,0
2023-04-07 17:00:02,15823,15823,15823,4,0
2023-04-07 17:00:02,15823,15823,15823,2,0
2023-04-07 17:00:02,15824,15824,15824,4,4
2023-04-07 17:00:02,15824,15824,15824,4,0
2023-04-07 17:00:02,15824,15824,15824,6,0
2023-04-07 17:00:02,15825,15825,15825,6,6
2023-04-07 17:00:02,15825,15825,15825,4,0
2023-04-07 17:00:02,15825,15825,15825,2,0
2023-04-07 17:00:02,15826,15826,15826,2,2
2023-04-07 17:00:07,15825,15825,15825,6,-6
2023-04-07 17:00:07,15825,15825,15825,2,0
2023-04-07 17:00:07,15825,15825,15825,2,0
2023-04-07 17:00:08,15825,15825,15825,2,0
2023-04-07 17:00:13,15823,15823,15823,2,-2
2023-04-07 17:00:13,15823,15823,15823,4,0
2023-04-07 17:00:13,15823,15823,15823,2,0
2023-04-07 17:00:14,15822,15822,15822,2,-2
2023-04-07 17:00:14,15822,15822,15822,2,0
2023-04-07 17:00:14,15822,15822,15822,2,0
2023-04-07 17:00:16,15822,15822,15822,2,0
2023-04-07 17:00:22,15823,15823,15823,2,2
2023-04-07 17:00:27,15823,15823,15823,10,0
2023-04-07 17:00:33,15823,15823,15823,2,0
2023-04-07 17:00:33,15823,15823,15823,2,0
2023-04-07 17:00:33,15823,15823,15823,2,0
2023-04-07 17:00:33,15823,15823,15823,2,0
2023-04-07 17:00:33,15823,15823,15823,2,0
2023-04-07 17:00:40,15824,15824,15824,2,2
2023-04-07 17:00:50,15823,15823,15823,6,-6
2023-04-07 17:00:50,15823,15823,15823,2,0
2023-04-07 17:00:50,15823,15823,15823,4,0
2023-04-07 17:00:50,15822,15822,15822,2,-2
2023-04-07 17:00:50,15822,15822,15822,6,0
2023-04-07 17:00:50,15822,15822,15822,2,0
2023-04-07 17:00:50,15822,15822,15822,2,0
2023-04-07 17:00:51,15822,15822,15822,2,0
2023-04-07 17:00:53,15822,15822,15822,2,0
2023-04-07 17:00:59,15822,15822,15822,2,0
2023-04-07 17:01:06,15822,15822,15822,2,0
2023-04-07 17:01:06,15822,15822,15822,2,0
2023-04-07 17:01:06,15822,15822,15822,2,0
2023-04-07 17:01:06,15822,15822,15822,2,0
2023-04-07 17:01:06,15822,15822,15822,2,0
2023-04-07 17:01:10,15822,15822,15822,2,0
2023-04-07 17:01:10,15822,15822,15822,2,0
2023-04-07 17:01:13,15822,15822,15822,2,0
2023-04-07 17:01:13,15822,15822,15822,2,0
2023-04-07 17:01:18,15822,15822,15822,2,0
2023-04-07 17:01:27,15823,15823,15823,4,4
2023-04-07 17:01:27,15823,15823,15823,2,0
2023-04-07 17:01:27,15824,15824,15824,2,2
2023-04-07 17:01:38,15824,15824,15824,2,0
2023-04-07 17:01:38,15824,15824,15824,2,0
2023-04-07 17:01:53,15824,15824,15824,2,0
2023-04-07 17:02:03,15824,15824,15824,2,0
2023-04-07 17:02:03,15824,15824,15824,2,0
2023-04-07 17:02:33,15824,15824,15824,2,0
2023-04-07 17:02:35,15825,15825,15825,6,6
2023-04-07 17:02:35,15825,15825,15825,6,0
2023-04-07 17:02:35,15825,15825,15825,4,0
2023-04-07 17:02:35,15826,15826,15826,6,6
2023-04-07 17:02:35,15826,15826,15826,2,0
2023-04-07 17:02:35,15826,15826,15826,10,0
2023-04-07 17:02:40,15827,15827,15827,10,10
2023-04-07 17:02:40,15827,15827,15827,2,0
2023-04-07 17:02:40,15827,15827,15827,2,0
2023-04-07 17:02:40,15827,15827,15827,4,0
2023-04-07 17:02:40,15827,15827,15827,6,0
2023-04-07 17:02:40,15826,15826,15826,2,-2
2023-04-07 17:02:42,15826,15826,15826,2,0
2023-04-07 17:02:47,15826,15826,15826,2,0
2023-04-07 17:02:48,15826,15826,15826,2,0
2023-04-07 17:02:52,15826,15826,15826,2,0
2023-04-07 17:02:52,15826,15826,15826,2,0
2023-04-07 17:02:55,15827,15827,15827,2,2
2023-04-07 17:02:55,15827,15827,15827,2,0
2023-04-07 17:02:55,15827,15827,15827,4,0
2023-04-07 17:02:55,15828,15828,15828,2,2
2023-04-07 17:02:55,15828,15828,15828,4,0
2023-04-07 17:02:56,15827,15827,15827,2,-2
2023-04-07 17:03:03,15826,15826,15826,4,-4
2023-04-07 17:03:04,15827,15827,15827,2,2
2023-04-07 17:03:09,15827,15827,15827,2,0
2023-04-07 17:03:21,15827,15827,15827,2,0
2023-04-07 17:03:21,15827,15827,15827,2,0
2023-04-07 17:03:21,15827,15827,15827,2,0
2023-04-07 17:03:21,15827,15827,15827,2,0
2023-04-07 17:03:21,15828,15828,15828,2,2
2023-04-07 17:03:21,15828,15828,15828,2,0
2023-04-07 17:03:26,15827,15827,15827,2,-2
2023-04-07 17:03:26,15827,15827,15827,2,0
2023-04-07 17:03:31,15827,15827,15827,4,0
2023-04-07 17:03:31,15827,15827,15827,2,0
2023-04-07 17:03:31,15827,15827,15827,4,0
2023-04-07 17:03:31,15827,15827,15827,4,0
2023-04-07 17:03:31,15827,15827,15827,2,0
2023-04-07 17:03:32,15827,15827,15827,2,0
2023-04-07 17:03:44,15827,15827,15827,2,0
2023-04-07 17:03:44,15828,15828,15828,2,2
2023-04-07 17:03:46,15827,15827,15827,2,-2
2023-04-07 17:03:46,15828,15828,15828,2,2
2023-04-07 17:03:46,15828,15828,15828,2,0
2023-04-07 17:03:46,15828,15828,15828,2,0
2023-04-07 17:03:58,15828,15828,15828,2,0
2023-04-07 17:04:01,15827,15827,15827,6,-6
2023-04-07 17:04:01,15827,15827,15827,4,0
2023-04-07 17:04:01,15827,15827,15827,2,0
2023-04-07 17:04:01,15827,15827,15827,4,0
2023-04-07 17:04:01,15827,15827,15827,4,0
2023-04-07 17:04:04,15828,15828,15828,2,2
2023-04-07 17:04:04,15828,15828,15828,2,0
2023-04-07 17:04:04,15828,15828,15828,2,0
2023-04-07 17:04:05,15827,15827,15827,2,-2
2023-04-07 17:04:10,15828,15828,15828,2,2
2023-04-07 17:04:10,15828,15828,15828,6,0
2023-04-07 17:04:10,15828,15828,15828,4,0
2023-04-07 17:04:10,15828,15828,15828,2,0
2023-04-07 17:04:10,15828,15828,15828,2,0
2023-04-07 17:04:10,15828,15828,15828,2,0
2023-04-07 17:04:10,15828,15828,15828,2,0
2023-04-07 17:04:10,15828,15828,15828,2,0
2023-04-07 17:04:10,15828,15828,15828,2,0
2023-04-07 17:04:10,15828,15828,15828,2,0
2023-04-07 17:04:23,15827,15827,15827,2,-2
2023-04-07 17:04:32,15827,15827,15827,2,0
2023-04-07 17:04:50,15828,15828,15828,2,2
2023-04-07 17:04:59,15828,15828,15828,2,0
2023-04-07 17:05:00,15828,15828,15828,2,0
2023-04-07 17:05:05,15828,15828,15828,6,0
2023-04-07 17:05:05,15828,15828,15828,2,0
2023-04-07 17:05:05,15828,15828,15828,2,0
2023-04-07 17:05:05,15828,15828,15828,8,0
2023-04-07 17:05:05,15828,15828,15828,2,0
2023-04-07 17:05:05,15828,15828,15828,2,0
2023-04-07 17:05:05,15828,15828,15828,2,0
2023-04-07 17:05:05,15828,15828,15828,4,0
2023-04-07 17:05:05,15828,15828,15828,2,0
2023-04-07 17:05:05,15828,15828,15828,2,0
2023-04-07 17:05:05,15828,15828,15828,2,0
2023-04-07 17:05:05,15828,15828,15828,2,0
2023-04-07 17:05:05,15828,15828,15828,2,0
2023-04-07 17:05:12,15829,15829,15829,10,10
2023-04-07 17:05:12,15829,15829,15829,2,0
2023-04-07 17:05:12,15829,15829,15829,4,0
2023-04-07 17:05:12,15828,15828,15828,2,-2
2023-04-07 17:05:18,15828,15828,15828,4,0
2023-04-07 17:05:18,15828,15828,15828,2,0
2023-04-07 17:05:23,15829,15829,15829,2,2
2023-04-07 17:05:23,15829,15829,15829,2,0
2023-04-07 17:05:23,15829,15829,15829,2,0
2023-04-07 17:05:23,15829,15829,15829,2,0
2023-04-07 17:05:23,15829,15829,15829,8,0
2023-04-07 17:05:23,15830,15830,15830,2,2
2023-04-07 17:05:23,15830,15830,15830,2,0
2023-04-07 17:05:23,15830,15830,15830,2,0
2023-04-07 17:05:23,15830,15830,15830,2,0
2023-04-07 17:05:23,15830,15830,15830,2,0
2023-04-07 17:05:23,15830,15830,15830,6,0
2023-04-07 17:05:23,15830,15830,15830,2,0
2023-04-07 17:05:23,15830,15830,15830,2,0
2023-04-07 17:05:23,15830,15830,15830,2,0
2023-04-07 17:05:23,15830,15830,15830,2,0
2023-04-07 17:05:23,15830,15830,15830,2,0
2023-04-07 17:05:23,15830,15830,15830,2,0
2023-04-07 17:05:23,15830,15830,15830,2,0
2023-04-07 17:05:28,15829,15829,15829,2,-2
2023-04-07 17:05:28,15828,15828,15828,2,-2
2023-04-07 17:05:28,15828,15828,15828,2,0
2023-04-07 17:05:28,15828,15828,15828,4,0
2023-04-07 17:05:30,15828,15828,15828,2,0
2023-04-07 17:05:30,15828,15828,15828,2,0
2023-04-07 17:05:30,15828,15828,15828,2,0
2023-04-07 17:05:32,15827,15827,15827,2,-2
2023-04-07 17:05:32,15827,15827,15827,2,0
2023-04-07 17:05:32,15827,15827,15827,2,0
2023-04-07 17:05:32,15827,15827,15827,4,0
2023-04-07 17:05:32,15827,15827,15827,2,0
2023-04-07 17:05:32,15827,15827,15827,2,0
2023-04-07 17:05:50,15828,15828,15828,4,4
2023-04-07 17:06:08,15827,15827,15827,2,-2
2023-04-07 17:06:09,15828,15828,15828,4,4
2023-04-07 17:06:09,15828,15828,15828,4,0
2023-04-07 17:06:09,15828,15828,15828,4,0
2023-04-07 17:06:09,15828,15828,15828,2,0
2023-04-07 17:06:25,15827,15827,15827,2,-2
2023-04-07 17:06:25,15827,15827,15827,4,0
2023-04-07 17:06:25,15827,15827,15827,2,0
2023-04-07 17:06:25,15827,15827,15827,2,0
2023-04-07 17:06:25,15827,15827,15827,10,0
2023-04-07 17:06:25,15827,15827,15827,2,0
2023-04-07 17:06:25,15827,15827,15827,2,0
2023-04-07 17:06:48,15827,15827,15827,2,0
2023-04-07 17:06:57,15827,15827,15827,2,0
2023-04-07 17:06:57,15827,15827,15827,2,0
2023-04-07 17:07:00,15827,15827,15827,2,0
2023-04-07 17:07:01,15826,15826,15826,2,-2
2023-04-07 17:07:03,15826,15826,15826,2,0
2023-04-07 17:07:03,15826,15826,15826,2,0
2023-04-07 17:07:05,15826,15826,15826,2,0
2023-04-07 17:07:06,15826,15826,15826,2,0
2023-04-07 17:07:07,15826,15826,15826,2,0
2023-04-07 17:07:10,15826,15826,15826,2,0
2023-04-07 17:07:13,15826,15826,15826,2,0
2023-04-07 17:07:17,15827,15827,15827,2,2
2023-04-07 17:07:32,15826,15826,15826,2,-2
2023-04-07 17:08:01,15826,15826,15826,2,0
2023-04-07 17:08:02,15826,15826,15826,2,0
2023-04-07 17:08:02,15826,15826,15826,2,0
2023-04-07 17:08:02,15826,15826,15826,2,0
2023-04-07 17:08:33,15826,15826,15826,2,0
2023-04-07 17:08:39,15826,15826,15826,2,0
2023-04-07 17:08:39,15826,15826,15826,2,0
2023-04-07 17:08:42,15826,15826,15826,2,0
2023-04-07 17:08:47,15826,15826,15826,2,0
2023-04-07 17:09:00,15826,15826,15826,2,0
2023-04-07 17:09:02,15826,15826,15826,2,0
2023-04-07 17:09:02,15826,15826,15826,2,0
2023-04-07 17:09:12,15826,15826,15826,2,0
2023-04-07 17:09:18,15827,15827,15827,2,2
2023-04-07 17:09:18,15827,15827,15827,2,0
2023-04-07 17:09:18,15827,15827,15827,2,0
2023-04-07 17:09:18,15827,15827,15827,2,0
2023-04-07 17:09:18,15827,15827,15827,2,0
2023-04-07 17:09:23,15827,15827,15827,6,0
2023-04-07 17:09:31,15827,15827,15827,2,0
2023-04-07 17:09:31,15827,15827,15827,2,0
2023-04-07 17:09:31,15827,15827,15827,2,0
2023-04-07 17:09:35,15828,15828,15828,2,2
2023-04-07 17:10:11,15828,15828,15828,2,0
2023-04-07 17:10:12,15828,15828,15828,4,0
2023-04-07 17:10:12,15828,15828,15828,2,0
2023-04-07 17:10:12,15828,15828,15828,4,0
2023-04-07 17:10:12,15828,15828,15828,4,0
2023-04-07 17:10:12,15828,15828,15828,4,0
2023-04-07 17:10:58,15827,15827,15827,2,-2
2023-04-07 17:11:35,15827,15827,15827,2,0
2023-04-07 17:11:56,15827,15827,15827,2,0
2023-04-07 17:12:08,15826,15826,15826,2,-2
2023-04-07 17:13:03,15826,15826,15826,2,0
2023-04-07 17:13:03,15826,15826,15826,4,0
2023-04-07 17:13:03,15826,15826,15826,2,0
2023-04-07 17:13:03,15826,15826,15826,2,0
2023-04-07 17:13:03,15826,15826,15826,2,0
2023-04-07 17:13:03,15826,15826,15826,2,0
2023-04-07 17:13:03,15826,15826,15826,2,0
2023-04-07 17:13:08,15826,15826,15826,2,0
2023-04-07 17:13:27,15825,15825,15825,2,-2
2023-04-07 17:14:37,15825,15825,15825,4,0
2023-04-07 17:14:42,15825,15825,15825,10,0
2023-04-07 17:15:07,15825,15825,15825,2,0
2023-04-07 17:15:09,15825,15825,15825,2,0
2023-04-07 17:15:12,15825,15825,15825,2,0
2023-04-07 17:15:13,15825,15825,15825,2,0
2023-04-07 17:15:20,15826,15826,15826,2,2
2023-04-07 17:15:20,15826,15826,15826,6,0
2023-04-07 17:15:20,15826,15826,15826,6,0
2023-04-07 17:15:25,15827,15827,15827,4,4
2023-04-07 17:15:32,15826,15826,15826,2,-2
2023-04-07 17:17:07,15828,15828,15828,2,2
2023-04-07 17:17:07,15828,15828,15828,2,0
2023-04-07 17:17:07,15828,15828,15828,2,0
2023-04-07 17:17:07,15828,15828,15828,30,0
2023-04-07 17:17:20,15829,15829,15829,2,2
2023-04-07 17:17:21,15829,15829,15829,6,0
2023-04-07 17:17:27,15829,15829,15829,2,0
2023-04-07 17:17:38,15829,15829,15829,2,0
2023-04-07 17:17:43,15829,15829,15829,6,0
2023-04-07 17:17:50,15829,15829,15829,2,0
2023-04-07 17:17:50,15829,15829,15829,2,0
2023-04-07 17:18:10,15828,15828,15828,4,-4
2023-04-07 17:18:10,15828,15828,15828,2,0
2023-04-07 17:18:10,15828,15828,15828,2,0
2023-04-07 17:18:10,15828,15828,15828,2,0
2023-04-07 17:18:10,15828,15828,15828,4,0
2023-04-07 17:18:15,15827,15827,15827,2,-2
2023-04-07 17:18:15,15827,15827,15827,2,0
2023-04-07 17:18:15,15827,15827,15827,2,0
2023-04-07 17:18:40,15828,15828,15828,2,2
2023-04-07 17:18:48,15828,15828,15828,2,0
2023-04-07 17:19:05,15828,15828,15828,2,0
2023-04-07 17:19:06,15828,15828,15828,2,0
2023-04-07 17:19:06,15828,15828,15828,2,0
2023-04-07 17:19:12,15827,15827,15827,2,-2
2023-04-07 17:19:12,15827,15827,15827,2,0
2023-04-07 17:19:12,15827,15827,15827,2,0
2023-04-07 17:19:12,15827,15827,15827,2,0
2023-04-07 17:19:12,15827,15827,15827,2,0
2023-04-07 17:19:12,15827,15827,15827,4,0
2023-04-07 17:19:12,15827,15827,15827,2,0
2023-04-07 17:20:21,15828,15828,15828,4,4
2023-04-07 17:20:28,15827,15827,15827,2,-2
2023-04-07 17:20:36,15827,15827,15827,2,0
2023-04-07 17:21:15,15827,15827,15827,4,0
2023-04-07 17:22:37,15827,15827,15827,2,0
2023-04-07 17:22:49,15828,15828,15828,2,2
2023-04-07 17:22:49,15828,15828,15828,4,0
2023-04-07 17:22:49,15828,15828,15828,4,0
2023-04-07 17:22:49,15828,15828,15828,2,0
2023-04-07 17:22:49,15828,15828,15828,2,0
2023-04-07 17:22:49,15828,15828,15828,2,0
2023-04-07 17:22:52,15828,15828,15828,2,0
2023-04-07 17:22:52,15828,15828,15828,2,0
2023-04-07 17:22:52,15828,15828,15828,4,0
2023-04-07 17:22:52,15828,15828,15828,2,0
2023-04-07 17:23:03,15828,15828,15828,2,0
2023-04-07 17:24:07,15828,15828,15828,2,0
2023-04-07 17:24:11,15829,15829,15829,4,4
2023-04-07 17:24:16,15828,15828,15828,2,-2
2023-04-07 17:24:27,15829,15829,15829,2,2
2023-04-07 17:24:35,15828,15828,15828,2,-2
2023-04-07 17:24:39,15828,15828,15828,2,0
2023-04-07 17:24:43,15829,15829,15829,2,2
2023-04-07 17:24:43,15829,15829,15829,2,0
2023-04-07 17:24:54,15829,15829,15829,2,0
2023-04-07 17:24:57,15828,15828,15828,2,-2
2023-04-07 17:25:09,15829,15829,15829,2,2
2023-04-07 17:25:26,15828,15828,15828,2,-2
2023-04-07 17:25:26,15828,15828,15828,2,0
2023-04-07 17:25:26,15828,15828,15828,2,0
2023-04-07 17:25:26,15828,15828,15828,2,0
2023-04-07 17:25:26,15828,15828,15828,2,0
2023-04-07 17:25:26,15828,15828,15828,4,0
2023-04-07 17:25:30,15828,15828,15828,2,0
2023-04-07 17:25:30,15829,15829,15829,2,2
2023-04-07 17:25:40,15828,15828,15828,2,-2
2023-04-07 17:26:10,15828,15828,15828,2,0
2023-04-07 17:26:10,15828,15828,15828,2,0
2023-04-07 17:26:10,15828,15828,15828,2,0
2023-04-07 17:26:35,15828,15828,15828,2,0
2023-04-07 17:27:17,15828,15828,15828,2,0
2023-04-07 17:27:23,15828,15828,15828,4,0
2023-04-07 17:27:46,15827,15827,15827,4,-4
2023-04-07 17:28:01,15828,15828,15828,6,6
2023-04-07 17:28:01,15828,15828,15828,6,0
2023-04-07 17:28:01,15828,15828,15828,2,0
2023-04-07 17:28:01,15828,15828,15828,2,0
2023-04-07 17:28:01,15828,15828,15828,6,0
2023-04-07 17:28:01,15828,15828,15828,6,0
2023-04-07 17:28:12,15827,15827,15827,2,-2
2023-04-07 17:28:12,15827,15827,15827,2,0
2023-04-07 17:28:12,15827,15827,15827,2,0
2023-04-07 17:28:12,15827,15827,15827,2,0
2023-04-07 17:28:13,15827,15827,15827,2,0
2023-04-07 17:29:08,15827,15827,15827,4,0
2023-04-07 17:29:22,15827,15827,15827,4,0
2023-04-07 17:29:22,15827,15827,15827,2,0
2023-04-07 17:29:22,15827,15827,15827,4,0
2023-04-07 17:29:25,15827,15827,15827,2,0
2023-04-07 17:29:42,15828,15828,15828,10,10
2023-04-07 17:30:34,15828,15828,15828,4,0
2023-04-07 17:30:35,15828,15828,15828,2,0
2023-04-07 17:30:35,15829,15829,15829,4,4
2023-04-07 17:30:35,15829,15829,15829,2,0
2023-04-07 17:30:35,15829,15829,15829,2,0
2023-04-07 17:30:35,15829,15829,15829,2,0
2023-04-07 17:30:35,15829,15829,15829,2,0
2023-04-07 17:30:35,15829,15829,15829,2,0
2023-04-07 17:31:46,15829,15829,15829,12,0
2023-04-07 17:31:48,15829,15829,15829,10,0
2023-04-07 17:31:59,15828,15828,15828,4,-4
2023-04-07 17:32:29,15828,15828,15828,2,0
2023-04-07 17:32:29,15828,15828,15828,2,0
2023-04-07 17:32:29,15828,15828,15828,4,0
2023-04-07 17:33:00,15827,15827,15827,2,-2
2023-04-07 17:33:00,15827,15827,15827,2,0
2023-04-07 17:33:00,15827,15827,15827,2,0
2023-04-07 17:33:00,15828,15828,15828,2,2
2023-04-07 17:33:15,15826,15826,15826,2,-2
2023-04-07 17:33:25,15826,15826,15826,2,0
2023-04-07 17:33:51,15827,15827,15827,2,2
2023-04-07 17:34:10,15827,15827,15827,2,0
2023-04-07 17:34:10,15828,15828,15828,2,2
2023-04-07 17:35:22,15827,15827,15827,2,-2
2023-04-07 17:35:22,15827,15827,15827,2,0
2023-04-07 17:35:57,15828,15828,15828,4,4
2023-04-07 17:36:23,15828,15828,15828,2,0
2023-04-07 17:37:06,15828,15828,15828,6,0
2023-04-07 17:37:06,15828,15828,15828,2,0
2023-04-07 17:37:06,15828,15828,15828,2,0
2023-04-07 17:37:06,15828,15828,15828,18,0
2023-04-07 17:37:06,15829,15829,15829,4,4
2023-04-07 17:37:31,15828,15828,15828,2,-2
2023-04-07 17:37:37,15828,15828,15828,2,0
2023-04-07 17:37:58,15827,15827,15827,2,-2
2023-04-07 17:40:45,15828,15828,15828,2,2
2023-04-07 17:40:52,15829,15829,15829,2,2
2023-04-07 17:40:52,15829,15829,15829,10,0
2023-04-07 17:40:52,15829,15829,15829,2,0
2023-04-07 17:40:52,15829,15829,15829,64,0
2023-04-07 17:40:52,15830,15830,15830,2,2
2023-04-07 17:40:52,15830,15830,15830,2,0
2023-04-07 17:40:52,15830,15830,15830,2,0
2023-04-07 17:40:52,15830,15830,15830,2,0
2023-04-07 17:40:52,15830,15830,15830,4,0
2023-04-07 17:40:52,15830,15830,15830,2,0
2023-04-07 17:40:53,15830,15830,15830,16,0
2023-04-07 17:40:53,15830,15830,15830,2,0
2023-04-07 17:40:53,15830,15830,15830,4,0
2023-04-07 17:40:53,15830,15830,15830,2,0
2023-04-07 17:40:53,15830,15830,15830,2,0
2023-04-07 17:40:53,15830,15830,15830,2,0
2023-04-07 17:40:53,15830,15830,15830,2,0
2023-04-07 17:40:53,15830,15830,15830,2,0
2023-04-07 17:40:53,15830,15830,15830,2,0
2023-04-07 17:40:53,15830,15830,15830,8,0
2023-04-07 17:40:53,15830,15830,15830,2,0
2023-04-07 17:40:53,15830,15830,15830,2,0
2023-04-07 17:40:53,15830,15830,15830,8,0
2023-04-07 17:40:55,15830,15830,15830,20,0
2023-04-07 17:41:01,15830,15830,15830,2,0
2023-04-07 17:41:01,15830,15830,15830,2,0
2023-04-07 17:41:01,15830,15830,15830,4,0
2023-04-07 17:41:02,15830,15830,15830,2,0
2023-04-07 17:41:18,15831,15831,15831,2,2
2023-04-07 17:41:18,15831,15831,15831,2,0
2023-04-07 17:41:18,15831,15831,15831,2,0
2023-04-07 17:41:18,15831,15831,15831,2,0
2023-04-07 17:41:18,15831,15831,15831,2,0
2023-04-07 17:41:48,15831,15831,15831,2,0
2023-04-07 17:41:52,15831,15831,15831,2,0
2023-04-07 17:42:16,15831,15831,15831,2,0
2023-04-07 17:42:16,15831,15831,15831,4,0
2023-04-07 17:42:16,15831,15831,15831,4,0
2023-04-07 17:42:20,15830,15830,15830,2,-2
2023-04-07 17:42:20,15830,15830,15830,2,0
2023-04-07 17:42:20,15830,15830,15830,2,0
2023-04-07 17:42:21,15831,15831,15831,4,4
2023-04-07 17:42:31,15830,15830,15830,2,-2
2023-04-07 17:42:37,15830,15830,15830,2,0
2023-04-07 17:42:40,15830,15830,15830,2,0
2023-04-07 17:42:49,15830,15830,15830,2,0
2023-04-07 17:42:50,15830,15830,15830,16,0
2023-04-07 17:42:53,15830,15830,15830,2,0
2023-04-07 17:43:04,15830,15830,15830,2,0
2023-04-07 17:43:05,15829,15829,15829,2,-2
2023-04-07 17:43:05,15829,15829,15829,2,0
2023-04-07 17:43:06,15829,15829,15829,2,0
2023-04-07 17:43:25,15830,15830,15830,10,10
2023-04-07 17:43:49,15830,15830,15830,2,0
2023-04-07 17:43:49,15831,15831,15831,4,4
2023-04-07 17:44:27,15830,15830,15830,2,-2
2023-04-07 17:44:54,15830,15830,15830,2,0
2023-04-07 17:45:03,15830,15830,15830,2,0
2023-04-07 17:45:03,15830,15830,15830,2,0
2023-04-07 17:45:03,15831,15831,15831,2,2
2023-04-07 17:45:04,15831,15831,15831,12,0
2023-04-07 17:45:04,15831,15831,15831,2,0
2023-04-07 17:45:04,15831,15831,15831,2,0
2023-04-07 17:45:04,15831,15831,15831,2,0
2023-04-07 17:45:04,15831,15831,15831,2,0
2023-04-07 17:45:04,15831,15831,15831,2,0
2023-04-07 17:45:04,15831,15831,15831,2,0
2023-04-07 17:45:04,15831,15831,15831,2,0
2023-04-07 17:45:04,15831,15831,15831,2,0
2023-04-07 17:45:04,15831,15831,15831,2,0
2023-04-07 17:45:04,15831,15831,15831,2,0
2023-04-07 17:45:05,15831,15831,15831,2,0
2023-04-07 17:45:09,15831,15831,15831,2,0
2023-04-07 17:45:11,15831,15831,15831,6,0
2023-04-07 17:45:12,15831,15831,15831,2,0
2023-04-07 17:45:24,15830,15830,15830,2,-2
2023-04-07 17:45:25,15831,15831,15831,4,4
2023-04-07 17:45:25,15831,15831,15831,2,0
2023-04-07 17:45:29,15830,15830,15830,2,-2
2023-04-07 17:45:33,15830,15830,15830,2,0
2023-04-07 17:45:37,15831,15831,15831,2,2
2023-04-07 17:45:52,15830,15830,15830,2,-2
2023-04-07 17:45:56,15830,15830,15830,2,0
2023-04-07 17:47:11,15830,15830,15830,4,0
2023-04-07 17:48:17,15829,15829,15829,2,-2
2023-04-07 17:48:17,15829,15829,15829,2,0
2023-04-07 17:48:17,15829,15829,15829,4,0
2023-04-07 17:48:17,15829,15829,15829,2,0
2023-04-07 17:48:32,15830,15830,15830,4,4
2023-04-07 17:48:33,15829,15829,15829,2,-2
2023-04-07 17:48:42,15829,15829,15829,2,0
2023-04-07 17:48:54,15829,15829,15829,2,0
2023-04-07 17:49:24,15829,15829,15829,2,0
2023-04-07 17:49:24,15829,15829,15829,2,0
2023-04-07 17:50:23,15829,15829,15829,2,0
2023-04-07 17:50:27,15829,15829,15829,4,0
2023-04-07 17:50:36,15830,15830,15830,2,2
2023-04-07 17:50:36,15830,15830,15830,2,0
2023-04-07 17:50:36,15830,15830,15830,2,0
2023-04-07 17:50:37,15830,15830,15830,2,0
2023-04-07 17:50:43,15830,15830,15830,2,0
2023-04-07 17:50:44,15830,15830,15830,2,0
2023-04-07 17:50:45,15830,15830,15830,2,0
2023-04-07 17:50:55,15830,15830,15830,2,0
2023-04-07 17:52:38,15829,15829,15829,4,-4
2023-04-07 17:52:45,15830,15830,15830,2,2
2023-04-07 17:54:01,15829,15829,15829,2,-2
2023-04-07 17:54:01,15829,15829,15829,8,0
2023-04-07 17:54:01,15829,15829,15829,6,0
2023-04-07 17:54:01,15829,15829,15829,2,0
2023-04-07 17:54:01,15829,15829,15829,2,0
2023-04-07 17:54:01,15829,15829,15829,6,0
2023-04-07 17:54:02,15829,15829,15829,2,0
2023-04-07 17:54:25,15829,15829,15829,2,0
2023-04-07 17:54:25,15829,15829,15829,10,0
2023-04-07 17:54:56,15829,15829,15829,2,0
2023-04-07 17:55:00,15829,15829,15829,2,0
2023-04-07 17:55:00,15829,15829,15829,2,0
2023-04-07 17:55:18,15830,15830,15830,2,2
2023-04-07 17:55:49,15830,15830,15830,2,0
2023-04-07 17:55:59,15829,15829,15829,2,-2
2023-04-07 17:56:02,15830,15830,15830,2,2
2023-04-07 17:56:28,15830,15830,15830,2,0
2023-04-07 17:56:29,15830,15830,15830,2,0
2023-04-07 17:56:37,15830,15830,15830,2,0
2023-04-07 17:56:37,15830,15830,15830,2,0
2023-04-07 17:56:37,15830,15830,15830,2,0
2023-04-07 17:57:28,15830,15830,15830,2,0
2023-04-07 17:57:28,15830,15830,15830,2,0
2023-04-07 17:57:28,15830,15830,15830,4,0
2023-04-07 17:57:28,15830,15830,15830,2,0
2023-04-07 17:57:28,15831,15831,15831,2,2
2023-04-07 17:57:28,15831,15831,15831,2,0
2023-04-07 17:57:28,15831,15831,15831,2,0
2023-04-07 17:57:28,15831,15831,15831,2,0
2023-04-07 17:57:28,15831,15831,15831,2,0
2023-04-07 17:57:31,15831,15831,15831,2,0
2023-04-07 17:57:33,15831,15831,15831,2,0
2023-04-07 17:57:34,15831,15831,15831,2,0
2023-04-07 17:58:02,15831,15831,15831,2,0
2023-04-07 17:58:02,15831,15831,15831,2,0
2023-04-07 17:58:10,15831,15831,15831,2,0
2023-04-07 17:58:11,15831,15831,15831,2,0
2023-04-07 17:58:13,15831,15831,15831,2,0
2023-04-07 17:58:15,15831,15831,15831,2,0
2023-04-07 17:58:30,15831,15831,15831,2,0
2023-04-07 17:58:52,15831,15831,15831,10,0
2023-04-07 17:58:57,15830,15830,15830,2,-2
2023-04-07 17:58:57,15830,15830,15830,2,0
2023-04-07 17:58:57,15830,15830,15830,2,0
2023-04-07 17:58:57,15830,15830,15830,2,0
2023-04-07 17:58:57,15830,15830,15830,4,0
2023-04-07 17:58:57,15830,15830,15830,2,0
2023-04-07 17:58:57,15830,15830,15830,2,0
2023-04-07 17:58:57,15830,15830,15830,2,0
2023-04-07 17:58:57,15830,15830,15830,2,0
2023-04-07 17:58:59,15831,15831,15831,8,8
2023-04-07 17:59:19,15831,15831,15831,4,0
2023-04-07 17:59:24,15830,15830,15830,2,-2
2023-04-07 17:59:32,15830,15830,15830,2,0
2023-04-07 17:59:59,15831,15831,15831,2,2
2023-04-07 18:00:04,15831,15831,15831,2,0
2023-04-07 18:00:04,15831,15831,15831,2,0
2023-04-07 18:00:04,15831,15831,15831,2,0
2023-04-07 18:00:04,15831,15831,15831,2,0
2023-04-07 18:00:04,15831,15831,15831,2,0
2023-04-07 18:00:04,15831,15831,15831,2,0
2023-04-07 18:00:04,15832,15832,15832,14,14
2023-04-07 18:00:04,15832,15832,15832,2,0
2023-04-07 18:00:04,15832,15832,15832,4,0
2023-04-07 18:00:04,15832,15832,15832,2,0
2023-04-07 18:00:04,15832,15832,15832,2,0
2023-04-07 18:00:05,15832,15832,15832,2,0
2023-04-07 18:00:05,15832,15832,15832,2,0
2023-04-07 18:00:05,15832,15832,15832,2,0
2023-04-07 18:00:05,15832,15832,15832,2,0
2023-04-07 18:00:05,15832,15832,15832,4,0
2023-04-07 18:00:05,15832,15832,15832,2,0
2023-04-07 18:00:05,15832,15832,15832,2,0
2023-04-07 18:00:07,15832,15832,15832,2,0
2023-04-07 18:00:32,15832,15832,15832,2,0
2023-04-07 18:00:34,15832,15832,15832,2,0
2023-04-07 18:00:34,15831,15831,15831,4,-4
2023-04-07 18:00:34,15831,15831,15831,2,0
2023-04-07 18:00:38,15831,15831,15831,2,0
2023-04-07 18:00:40,15831,15831,15831,2,0
2023-04-07 18:00:53,15831,15831,15831,2,0
2023-04-07 18:01:02,15831,15831,15831,2,0
2023-04-07 18:01:16,15831,15831,15831,2,0
2023-04-07 18:01:18,15831,15831,15831,2,0
2023-04-07 18:01:24,15831,15831,15831,2,0
2023-04-07 18:01:38,15831,15831,15831,2,0
2023-04-07 18:01:38,15831,15831,15831,2,0
2023-04-07 18:01:38,15831,15831,15831,2,0
2023-04-07 18:01:38,15831,15831,15831,2,0
2023-04-07 18:01:38,15831,15831,15831,4,0
2023-04-07 18:01:38,15831,15831,15831,2,0
2023-04-07 18:01:39,15831,15831,15831,2,0
2023-04-07 18:01:42,15831,15831,15831,2,0
2023-04-07 18:01:49,15831,15831,15831,6,0
2023-04-07 18:02:47,15831,15831,15831,2,0
2023-04-07 18:02:47,15831,15831,15831,2,0
2023-04-07 18:03:02,15832,15832,15832,2,2
2023-04-07 18:03:02,15832,15832,15832,2,0
2023-04-07 18:03:02,15832,15832,15832,2,0
2023-04-07 18:03:02,15832,15832,15832,2,0
2023-04-07 18:03:20,15831,15831,15831,2,-2
2023-04-07 18:03:22,15831,15831,15831,2,0
2023-04-07 18:03:22,15832,15832,15832,2,2
2023-04-07 18:04:23,15831,15831,15831,2,-2
2023-04-07 18:04:24,15830,15830,15830,2,-2
2023-04-07 18:04:24,15830,15830,15830,2,0
2023-04-07 18:04:24,15830,15830,15830,4,0
2023-04-07 18:04:24,15831,15831,15831,2,2
2023-04-07 18:04:40,15830,15830,15830,2,-2
2023-04-07 18:04:40,15830,15830,15830,2,0
2023-04-07 18:04:43,15829,15829,15829,4,-4
2023-04-07 18:04:43,15829,15829,15829,2,0
2023-04-07 18:04:43,15829,15829,15829,2,0
2023-04-07 18:04:44,15829,15829,15829,4,0
2023-04-07 18:04:55,15829,15829,15829,2,0
2023-04-07 18:04:55,15829,15829,15829,2,0
2023-04-07 18:04:55,15828,15828,15828,2,-2
2023-04-07 18:04:55,15828,15828,15828,2,0
2023-04-07 18:04:55,15828,15828,15828,4,0
2023-04-07 18:04:55,15828,15828,15828,2,0
2023-04-07 18:04:55,15828,15828,15828,2,0
2023-04-07 18:05:07,15828,15828,15828,2,0
2023-04-07 18:06:13,15828,15828,15828,2,0
2023-04-07 18:06:14,15828,15828,15828,2,0
2023-04-07 18:06:14,15828,15828,15828,2,0
2023-04-07 18:06:33,15828,15828,15828,2,0
2023-04-07 18:06:33,15828,15828,15828,2,0
2023-04-07 18:07:08,15828,15828,15828,2,0
2023-04-07 18:07:08,15828,15828,15828,4,0
2023-04-07 18:07:09,15828,15828,15828,2,0
2023-04-07 18:07:30,15828,15828,15828,4,0
2023-04-07 18:07:40,15829,15829,15829,2,2
2023-04-07 18:07:41,15829,15829,15829,2,0
2023-04-07 18:07:41,15829,15829,15829,2,0
2023-04-07 18:07:41,15829,15829,15829,2,0
2023-04-07 18:07:52,15829,15829,15829,2,0
2023-04-07 18:07:59,15829,15829,15829,2,0
2023-04-07 18:08:23,15829,15829,15829,2,0
2023-04-07 18:08:27,15828,15828,15828,2,-2
2023-04-07 18:08:39,15828,15828,15828,2,0
2023-04-07 18:08:45,15828,15828,15828,2,0
2023-04-07 18:08:45,15828,15828,15828,2,0
2023-04-07 18:09:06,15828,15828,15828,4,0
2023-04-07 18:09:06,15828,15828,15828,30,0
2023-04-07 18:09:06,15828,15828,15828,16,0
2023-04-07 18:09:06,15828,15828,15828,2,0
2023-04-07 18:09:06,15828,15828,15828,2,0
2023-04-07 18:09:07,15827,15827,15827,2,-2
2023-04-07 18:09:07,15827,15827,15827,2,0
2023-04-07 18:09:07,15827,15827,15827,2,0
2023-04-07 18:09:07,15827,15827,15827,2,0
2023-04-07 18:09:07,15827,15827,15827,2,0
2023-04-07 18:09:24,15826,15826,15826,10,-10
2023-04-07 18:09:25,15826,15826,15826,4,0
2023-04-07 18:09:25,15826,15826,15826,4,0
2023-04-07 18:09:25,15826,15826,15826,2,0
2023-04-07 18:09:25,15826,15826,15826,2,0
2023-04-07 18:09:25,15826,15826,15826,2,0
2023-04-07 18:09:25,15826,15826,15826,2,0
2023-04-07 18:09:25,15826,15826,15826,2,0
2023-04-07 18:09:25,15826,15826,15826,2,0
2023-04-07 18:09:25,15826,15826,15826,2,0
2023-04-07 18:09:25,15826,15826,15826,8,0
2023-04-07 18:09:27,15826,15826,15826,2,0
2023-04-07 18:10:20,15826,15826,15826,4,0
2023-04-07 18:10:20,15826,15826,15826,4,0
2023-04-07 18:10:20,15826,15826,15826,2,0
2023-04-07 18:10:20,15826,15826,15826,2,0
2023-04-07 18:10:20,15826,15826,15826,4,0
2023-04-07 18:10:20,15826,15826,15826,2,0
2023-04-07 18:10:20,15826,15826,15826,4,0
2023-04-07 18:10:20,15826,15826,15826,6,0
2023-04-07 18:10:20,15826,15826,15826,2,0
2023-04-07 18:10:20,15826,15826,15826,4,0
2023-04-07 18:10:20,15825,15825,15825,2,-2
2023-04-07 18:10:20,15825,15825,15825,4,0
2023-04-07 18:10:20,15825,15825,15825,4,0
2023-04-07 18:10:20,15825,15825,15825,2,0
2023-04-07 18:10:20,15825,15825,15825,2,0
2023-04-07 18:10:21,15825,15825,15825,2,0
2023-04-07 18:10:22,15825,15825,15825,2,0
2023-04-07 18:10:22,15825,15825,15825,2,0
2023-04-07 18:10:22,15825,15825,15825,4,0
2023-04-07 18:10:22,15825,15825,15825,2,0
2023-04-07 18:10:22,15825,15825,15825,4,0
2023-04-07 18:10:34,15825,15825,15825,2,0
2023-04-07 18:10:41,15825,15825,15825,2,0
2023-04-07 18:10:41,15825,15825,15825,12,0
2023-04-07 18:10:41,15825,15825,15825,2,0
2023-04-07 18:10:41,15825,15825,15825,2,0
2023-04-07 18:10:41,15825,15825,15825,2,0
2023-04-07 18:10:41,15825,15825,15825,2,0
2023-04-07 18:10:41,15825,15825,15825,2,0
2023-04-07 18:10:41,15825,15825,15825,2,0
2023-04-07 18:10:41,15825,15825,15825,4,0
2023-04-07 18:10:41,15825,15825,15825,4,0
2023-04-07 18:10:41,15824,15824,15824,2,-2
2023-04-07 18:10:41,15825,15825,15825,2,2
2023-04-07 18:10:41,15824,15824,15824,2,-2
2023-04-07 18:10:51,15824,15824,15824,2,0
2023-04-07 18:10:54,15825,15825,15825,2,2
2023-04-07 18:11:01,15824,15824,15824,2,-2
2023-04-07 18:11:10,15824,15824,15824,8,0
2023-04-07 18:11:10,15824,15824,15824,2,0
2023-04-07 18:11:10,15824,15824,15824,2,0
2023-04-07 18:11:10,15824,15824,15824,2,0
2023-04-07 18:11:10,15824,15824,15824,2,0
2023-04-07 18:11:10,15824,15824,15824,2,0
2023-04-07 18:11:10,15824,15824,15824,2,0
2023-04-07 18:11:10,15824,15824,15824,2,0
2023-04-07 18:11:12,15824,15824,15824,2,0
2023-04-07 18:11:12,15824,15824,15824,2,0
2023-04-07 18:11:16,15824,15824,15824,8,0
2023-04-07 18:11:17,15824,15824,15824,2,0
2023-04-07 18:11:17,15824,15824,15824,2,0
2023-04-07 18:11:17,15824,15824,15824,2,0
2023-04-07 18:11:17,15823,15823,15823,8,-8
2023-04-07 18:11:19,15825,15825,15825,2,2
2023-04-07 18:11:28,15824,15824,15824,2,-2
2023-04-07 18:11:28,15824,15824,15824,2,0
2023-04-07 18:11:36,15825,15825,15825,10,10
2023-04-07 18:11:46,15825,15825,15825,2,0
2023-04-07 18:11:46,15825,15825,15825,4,0
2023-04-07 18:11:46,15825,15825,15825,4,0
2023-04-07 18:11:52,15825,15825,15825,2,0
2023-04-07 18:11:56,15824,15824,15824,4,-4
2023-04-07 18:11:58,15825,15825,15825,4,4
2023-04-07 18:12:08,15824,15824,15824,4,-4
2023-04-07 18:12:14,15824,15824,15824,2,0
2023-04-07 18:12:14,15824,15824,15824,2,0
2023-04-07 18:12:14,15824,15824,15824,2,0
2023-04-07 18:12:14,15824,15824,15824,2,0
2023-04-07 18:12:14,15824,15824,15824,2,0
2023-04-07 18:12:21,15824,15824,15824,2,0
2023-04-07 18:12:31,15824,15824,15824,2,0
2023-04-07 18:12:43,15825,15825,15825,2,2
2023-04-07 18:13:06,15825,15825,15825,4,0
2023-04-07 18:13:06,15825,15825,15825,4,0
2023-04-07 18:13:06,15825,15825,15825,2,0
2023-04-07 18:13:10,15826,15826,15826,4,4
2023-04-07 18:13:15,15825,15825,15825,2,-2
2023-04-07 18:13:32,15825,15825,15825,2,0
2023-04-07 18:13:47,15825,15825,15825,2,0
2023-04-07 18:13:58,15825,15825,15825,2,0
2023-04-07 18:14:02,15825,15825,15825,2,0
2023-04-07 18:14:02,15826,15826,15826,4,4
2023-04-07 18:14:02,15826,15826,15826,4,0
2023-04-07 18:14:53,15826,15826,15826,2,0
2023-04-07 18:15:01,15827,15827,15827,2,2
2023-04-07 18:15:01,15827,15827,15827,2,0
2023-04-07 18:15:01,15827,15827,15827,6,0
2023-04-07 18:15:01,15827,15827,15827,16,0
2023-04-07 18:15:01,15828,15828,15828,2,2
2023-04-07 18:15:01,15828,15828,15828,2,0
2023-04-07 18:15:01,15828,15828,15828,4,0
2023-04-07 18:15:01,15828,15828,15828,2,0
2023-04-07 18:15:01,15828,15828,15828,2,0
2023-04-07 18:15:38,15826,15826,15826,2,-2
2023-04-07 18:15:58,15827,15827,15827,2,2
2023-04-07 18:16:28,15827,15827,15827,2,0
2023-04-07 18:16:29,15827,15827,15827,2,0
2023-04-07 18:16:32,15827,15827,15827,2,0
2023-04-07 18:16:38,15826,15826,15826,2,-2
2023-04-07 18:16:38,15826,15826,15826,2,0
2023-04-07 18:16:42,15827,15827,15827,10,10
2023-04-07 18:17:41,15826,15826,15826,2,-2
2023-04-07 18:18:06,15826,15826,15826,2,0
2023-04-07 18:18:27,15825,15825,15825,2,-2
2023-04-07 18:18:31,15825,15825,15825,8,0
2023-04-07 18:18:31,15825,15825,15825,6,0
2023-04-07 18:18:31,15825,15825,15825,2,0
2023-04-07 18:18:31,15825,15825,15825,2,0
2023-04-07 18:18:38,15825,15825,15825,16,0
2023-04-07 18:18:44,15825,15825,15825,2,0
2023-04-07 18:18:44,15825,15825,15825,2,0
2023-04-07 18:18:45,15824,15824,15824,2,-2
2023-04-07 18:18:45,15824,15824,15824,2,0
2023-04-07 18:20:06,15824,15824,15824,2,0
2023-04-07 18:20:33,15825,15825,15825,2,2
2023-04-07 18:20:42,15824,15824,15824,2,-2
2023-04-07 18:20:53,15825,15825,15825,2,2
2023-04-07 18:21:06,15825,15825,15825,2,0
2023-04-07 18:21:10,15825,15825,15825,2,0
2023-04-07 18:21:12,15824,15824,15824,4,-4
2023-04-07 18:21:12,15824,15824,15824,2,0
2023-04-07 18:21:13,15825,15825,15825,2,2
2023-04-07 18:21:18,15824,15824,15824,8,-8
2023-04-07 18:21:22,15825,15825,15825,4,4
2023-04-07 18:21:44,15824,15824,15824,4,-4
2023-04-07 18:22:11,15825,15825,15825,10,10
2023-04-07 18:22:15,15824,15824,15824,2,-2
2023-04-07 18:22:30,15824,15824,15824,2,0
2023-04-07 18:23:19,15825,15825,15825,4,4
2023-04-07 18:23:19,15825,15825,15825,2,0
2023-04-07 18:23:27,15826,15826,15826,4,4
2023-04-07 18:25:44,15825,15825,15825,2,-2
2023-04-07 18:25:44,15825,15825,15825,2,0
2023-04-07 18:26:13,15825,15825,15825,2,0
2023-04-07 18:26:44,15825,15825,15825,2,0
2023-04-07 18:27:49,15825,15825,15825,2,0
2023-04-07 18:29:06,15826,15826,15826,2,2
2023-04-07 18:29:06,15826,15826,15826,2,0
2023-04-07 18:29:10,15825,15825,15825,2,-2
2023-04-07 18:29:36,15825,15825,15825,2,0
2023-04-07 18:30:38,15825,15825,15825,2,0
2023-04-07 18:30:38,15825,15825,15825,2,0
2023-04-07 18:30:38,15825,15825,15825,2,0
2023-04-07 18:30:39,15825,15825,15825,2,0
2023-04-07 18:30:39,15825,15825,15825,2,0
2023-04-07 18:30:39,15825,15825,15825,2,0
2023-04-07 18:30:39,15825,15825,15825,2,0
2023-04-07 18:30:39,15825,15825,15825,2,0
2023-04-07 18:30:42,15825,15825,15825,2,0
2023-04-07 18:31:00,15825,15825,15825,2,0
2023-04-07 18:31:47,15825,15825,15825,2,0
2023-04-07 18:31:55,15825,15825,15825,2,0
2023-04-07 18:31:56,15826,15826,15826,2,2
2023-04-07 18:32:08,15826,15826,15826,2,0
2023-04-07 18:32:54,15826,15826,15826,18,0
2023-04-07 18:33:10,15827,15827,15827,2,2
2023-04-07 18:33:48,15827,15827,15827,10,0
2023-04-07 18:34:07,15827,15827,15827,34,0
2023-04-07 18:34:07,15827,15827,15827,2,0
2023-04-07 18:34:12,15828,15828,15828,4,4
2023-04-07 18:34:24,15827,15827,15827,2,-2
2023-04-07 18:34:24,15827,15827,15827,4,0
2023-04-07 18:34:29,15827,15827,15827,2,0
2023-04-07 18:34:32,15826,15826,15826,2,-2
2023-04-07 18:34:45,15825,15825,15825,2,-2
2023-04-07 18:34:45,15825,15825,15825,2,0
2023-04-07 18:34:45,15825,15825,15825,2,0
2023-04-07 18:34:45,15825,15825,15825,2,0
2023-04-07 18:34:45,15825,15825,15825,2,0
2023-04-07 18:36:58,15825,15825,15825,2,0
2023-04-07 18:38:45,15825,15825,15825,2,0
2023-04-07 18:38:45,15825,15825,15825,2,0
2023-04-07 18:38:47,15826,15826,15826,2,2
2023-04-07 18:39:00,15826,15826,15826,2,0
2023-04-07 18:39:00,15826,15826,15826,2,0
2023-04-07 18:39:09,15826,15826,15826,2,0
2023-04-07 18:39:25,15826,15826,15826,2,0
2023-04-07 18:39:29,15827,15827,15827,2,2
2023-04-07 18:39:38,15827,15827,15827,2,0
2023-04-07 18:40:24,15827,15827,15827,2,0
2023-04-07 18:40:24,15827,15827,15827,2,0
2023-04-07 18:40:24,15827,15827,15827,2,0
2023-04-07 18:40:24,15827,15827,15827,4,0
2023-04-07 18:41:09,15828,15828,15828,2,2
2023-04-07 18:42:51,15827,15827,15827,2,-2
2023-04-07 18:42:51,15828,15828,15828,4,4
2023-04-07 18:43:21,15827,15827,15827,2,-2
2023-04-07 18:44:10,15827,15827,15827,2,0
2023-04-07 18:44:10,15827,15827,15827,2,0
2023-04-07 18:44:59,15827,15827,15827,6,0
2023-04-07 18:46:54,15827,15827,15827,4,0
2023-04-07 18:46:54,15827,15827,15827,6,0
2023-04-07 18:46:54,15827,15827,15827,10,0
2023-04-07 18:46:54,15828,15828,15828,4,4
2023-04-07 18:46:55,15828,15828,15828,4,0
2023-04-07 18:46:55,15828,15828,15828,4,0
2023-04-07 18:46:55,15828,15828,15828,2,0
2023-04-07 18:47:04,15828,15828,15828,2,0
2023-04-07 18:47:05,15828,15828,15828,4,0
2023-04-07 18:47:27,15828,15828,15828,2,0
2023-04-07 18:47:27,15828,15828,15828,2,0
2023-04-07 18:48:09,15828,15828,15828,2,0
2023-04-07 18:48:46,15828,15828,15828,2,0
2023-04-07 18:48:51,15828,15828,15828,2,0
2023-04-07 18:50:38,15828,15828,15828,2,0
2023-04-07 18:50:38,15829,15829,15829,2,2
2023-04-07 18:51:13,15828,15828,15828,2,-2
2023-04-07 18:53:10,15828,15828,15828,2,0
2023-04-07 18:53:26,15828,15828,15828,2,0
2023-04-07 18:53:41,15828,15828,15828,2,0
2023-04-07 18:54:42,15828,15828,15828,2,0
2023-04-07 18:54:42,15828,15828,15828,2,0
2023-04-07 18:55:36,15828,15828,15828,2,0
2023-04-07 18:56:25,15828,15828,15828,2,0
2023-04-07 18:58:05,15828,15828,15828,2,0
2023-04-07 18:59:05,15828,15828,15828,4,0
2023-04-07 19:00:10,15827,15827,15827,2,-2
2023-04-07 19:00:10,15827,15827,15827,2,0
2023-04-07 19:00:11,15829,15829,15829,2,2
2023-04-07 19:00:11,15827,15827,15827,2,-2
2023-04-07 19:00:11,15827,15827,15827,2,0
2023-04-07 19:00:11,15827,15827,15827,2,0
2023-04-07 19:00:11,15827,15827,15827,2,0
2023-04-07 19:00:11,15827,15827,15827,2,0
2023-04-07 19:00:11,15826,15826,15826,2,-2
2023-04-07 19:00:11,15826,15826,15826,2,0
2023-04-07 19:00:11,15826,15826,15826,2,0
2023-04-07 19:00:14,15826,15826,15826,2,0
2023-04-07 19:01:18,15826,15826,15826,2,0
2023-04-07 19:01:22,15826,15826,15826,2,0
2023-04-07 19:01:22,15826,15826,15826,2,0
2023-04-07 19:01:22,15826,15826,15826,4,0
2023-04-07 19:01:22,15826,15826,15826,4,0
2023-04-07 19:01:22,15826,15826,15826,4,0
2023-04-07 19:01:22,15826,15826,15826,2,0
2023-04-07 19:02:13,15826,15826,15826,2,0
2023-04-07 19:02:29,15826,15826,15826,2,0
2023-04-07 19:02:29,15826,15826,15826,2,0
2023-04-07 19:02:50,15826,15826,15826,2,0
2023-04-07 19:02:50,15826,15826,15826,2,0
2023-04-07 19:03:22,15826,15826,15826,2,0
2023-04-07 19:03:25,15825,15825,15825,2,-2
2023-04-07 19:03:25,15825,15825,15825,4,0
2023-04-07 19:03:25,15825,15825,15825,2,0
2023-04-07 19:03:25,15825,15825,15825,4,0
2023-04-07 19:03:25,15825,15825,15825,6,0
2023-04-07 19:03:25,15825,15825,15825,2,0
2023-04-07 19:03:25,15825,15825,15825,4,0
2023-04-07 19:03:25,15825,15825,15825,2,0
2023-04-07 19:03:25,15825,15825,15825,2,0
2023-04-07 19:03:26,15825,15825,15825,2,0
2023-04-07 19:03:26,15825,15825,15825,2,0
2023-04-07 19:03:28,15825,15825,15825,4,0
2023-04-07 19:04:15,15825,15825,15825,2,0
2023-04-07 19:04:27,15825,15825,15825,2,0
2023-04-07 19:04:27,15825,15825,15825,4,0
2023-04-07 19:04:33,15824,15824,15824,2,-2
2023-04-07 19:04:49,15824,15824,15824,4,0
2023-04-07 19:04:49,15824,15824,15824,2,0
2023-04-07 19:04:49,15824,15824,15824,4,0
2023-04-07 19:05:22,15824,15824,15824,2,0
2023-04-07 19:05:45,15824,15824,15824,2,0
2023-04-07 19:05:58,15825,15825,15825,4,4
2023-04-07 19:05:59,15824,15824,15824,2,-2
2023-04-07 19:06:48,15825,15825,15825,2,2
2023-04-07 19:07:10,15825,15825,15825,2,0
2023-04-07 19:09:51,15825,15825,15825,2,0
2023-04-07 19:09:51,15824,15824,15824,2,-2
2023-04-07 19:10:06,15824,15824,15824,2,0
2023-04-07 19:11:12,15825,15825,15825,2,2
2023-04-07 19:11:32,15825,15825,15825,2,0
2023-04-07 19:11:32,15825,15825,15825,2,0
2023-04-07 19:11:32,15825,15825,15825,2,0
2023-04-07 19:11:32,15825,15825,15825,2,0
2023-04-07 19:11:32,15825,15825,15825,2,0
2023-04-07 19:12:20,15826,15826,15826,2,2
2023-04-07 19:13:54,15825,15825,15825,2,-2
2023-04-07 19:14:08,15825,15825,15825,2,0
2023-04-07 19:14:08,15825,15825,15825,4,0
2023-04-07 19:14:08,15825,15825,15825,4,0
2023-04-07 19:14:08,15825,15825,15825,2,0
2023-04-07 19:14:08,15825,15825,15825,2,0
2023-04-07 19:14:34,15825,15825,15825,6,0
2023-04-07 19:15:01,15825,15825,15825,2,0
2023-04-07 19:15:02,15824,15824,15824,8,-8
2023-04-07 19:15:02,15824,15824,15824,2,0
2023-04-07 19:15:02,15824,15824,15824,2,0
2023-04-07 19:15:02,15825,15825,15825,2,2
2023-04-07 19:15:42,15825,15825,15825,2,0
2023-04-07 19:16:50,15824,15824,15824,6,-6
2023-04-07 19:16:50,15824,15824,15824,2,0
2023-04-07 19:16:50,15824,15824,15824,4,0
2023-04-07 19:16:50,15824,15824,15824,2,0
2023-04-07 19:16:50,15824,15824,15824,2,0
2023-04-07 19:16:50,15824,15824,15824,2,0
2023-04-07 19:16:50,15824,15824,15824,2,0
2023-04-07 19:16:50,15824,15824,15824,2,0
2023-04-07 19:16:50,15824,15824,15824,2,0
2023-04-07 19:16:50,15824,15824,15824,2,0
2023-04-07 19:16:50,15824,15824,15824,2,0
2023-04-07 19:16:50,15824,15824,15824,2,0
2023-04-07 19:17:11,15823,15823,15823,6,-6
2023-04-07 19:17:11,15823,15823,15823,4,0
2023-04-07 19:17:22,15823,15823,15823,4,0
2023-04-07 19:17:22,15823,15823,15823,2,0
2023-04-07 19:17:22,15823,15823,15823,2,0
2023-04-07 19:17:22,15823,15823,15823,4,0
2023-04-07 19:17:22,15823,15823,15823,2,0
2023-04-07 19:17:22,15823,15823,15823,2,0
2023-04-07 19:17:22,15823,15823,15823,2,0
2023-04-07 19:17:22,15823,15823,15823,2,0
2023-04-07 19:17:22,15823,15823,15823,2,0
2023-04-07 19:17:22,15823,15823,15823,2,0
2023-04-07 19:17:22,15823,15823,15823,2,0
2023-04-07 19:17:22,15823,15823,15823,2,0
2023-04-07 19:17:22,15823,15823,15823,2,0
2023-04-07 19:17:47,15822,15822,15822,4,-4
2023-04-07 19:17:47,15822,15822,15822,6,0
2023-04-07 19:17:47,15822,15822,15822,2,0
2023-04-07 19:17:52,15822,15822,15822,4,0
2023-04-07 19:18:00,15822,15822,15822,2,0
2023-04-07 19:18:04,15822,15822,15822,2,0
2023-04-07 19:18:16,15822,15822,15822,10,0
2023-04-07 19:18:16,15822,15822,15822,2,0
2023-04-07 19:18:16,15822,15822,15822,4,0
2023-04-07 19:18:16,15822,15822,15822,4,0
2023-04-07 19:18:19,15822,15822,15822,2,0
2023-04-07 19:18:19,15822,15822,15822,2,0
2023-04-07 19:18:19,15822,15822,15822,2,0
2023-04-07 19:18:19,15822,15822,15822,2,0
2023-04-07 19:18:27,15821,15821,15821,2,-2
2023-04-07 19:18:27,15822,15822,15822,2,2
2023-04-07 19:18:53,15822,15822,15822,2,0
2023-04-07 19:18:56,15822,15822,15822,10,0
2023-04-07 19:18:56,15822,15822,15822,4,0
2023-04-07 19:19:00,15822,15822,15822,4,0
2023-04-07 19:19:00,15822,15822,15822,2,0
2023-04-07 19:19:16,15822,15822,15822,2,0
2023-04-07 19:19:27,15822,15822,15822,2,0
