2023-06-13 15:00:00,17237,17237,17237,180,0
2023-06-13 15:00:00,17237,17237,17237,2,0
2023-06-13 15:00:00,17238,17238,17238,8,8
2023-06-13 15:00:00,17238,17238,17238,2,0
2023-06-13 15:00:00,17238,17238,17238,6,0
2023-06-13 15:00:00,17239,17239,17239,4,4
2023-06-13 15:00:00,17237,17237,17237,4,-4
2023-06-13 15:00:00,17238,17238,17238,2,2
2023-06-13 15:00:00,17238,17238,17238,2,0
2023-06-13 15:00:00,17238,17238,17238,2,0
2023-06-13 15:00:00,17239,17239,17239,2,2
2023-06-13 15:00:00,17236,17236,17236,2,-2
2023-06-13 15:00:00,17236,17236,17236,2,0
2023-06-13 15:00:00,17236,17236,17236,2,0
2023-06-13 15:00:00,17236,17236,17236,2,0
2023-06-13 15:00:00,17236,17236,17236,4,0
2023-06-13 15:00:00,17236,17236,17236,2,0
2023-06-13 15:00:00,17236,17236,17236,2,0
2023-06-13 15:00:00,17237,17237,17237,2,2
2023-06-13 15:00:00,17237,17237,17237,4,0
2023-06-13 15:00:00,17235,17235,17235,2,-2
2023-06-13 15:00:00,17235,17235,17235,20,0
2023-06-13 15:00:00,17235,17235,17235,2,0
2023-06-13 15:00:00,17235,17235,17235,2,0
2023-06-13 15:00:00,17235,17235,17235,4,0
2023-06-13 15:00:00,17235,17235,17235,2,0
2023-06-13 15:00:00,17234,17234,17234,2,-2
2023-06-13 15:00:00,17234,17234,17234,2,0
2023-06-13 15:00:00,17233,17233,17233,2,-2
2023-06-13 15:00:00,17233,17233,17233,2,0
2023-06-13 15:00:00,17235,17235,17235,2,2
2023-06-13 15:00:00,17234,17234,17234,2,-2
2023-06-13 15:00:00,17234,17234,17234,6,0
2023-06-13 15:00:01,17232,17232,17232,2,-2
2023-06-13 15:00:01,17232,17232,17232,2,0
2023-06-13 15:00:01,17234,17234,17234,2,2
2023-06-13 15:00:01,17234,17234,17234,2,0
2023-06-13 15:00:01,17234,17234,17234,2,0
2023-06-13 15:00:02,17231,17231,17231,2,-2
2023-06-13 15:00:02,17234,17234,17234,2,2
2023-06-13 15:00:02,17232,17232,17232,2,-2
2023-06-13 15:00:02,17234,17234,17234,2,2
2023-06-13 15:00:02,17232,17232,17232,2,-2
2023-06-13 15:00:03,17234,17234,17234,2,2
2023-06-13 15:00:03,17233,17233,17233,2,-2
2023-06-13 15:00:04,17234,17234,17234,2,2
2023-06-13 15:00:04,17233,17233,17233,4,-4
2023-06-13 15:00:04,17233,17233,17233,2,0
2023-06-13 15:00:05,17233,17233,17233,4,0
2023-06-13 15:00:05,17233,17233,17233,2,0
2023-06-13 15:00:05,17233,17233,17233,2,0
2023-06-13 15:00:05,17233,17233,17233,2,0
2023-06-13 15:00:06,17233,17233,17233,2,0
2023-06-13 15:00:07,17232,17232,17232,2,-2
2023-06-13 15:00:07,17232,17232,17232,6,0
2023-06-13 15:00:08,17232,17232,17232,2,0
2023-06-13 15:00:08,17232,17232,17232,2,0
2023-06-13 15:00:08,17231,17231,17231,2,-2
2023-06-13 15:00:08,17231,17231,17231,2,0
2023-06-13 15:00:08,17231,17231,17231,6,0
2023-06-13 15:00:09,17231,17231,17231,2,0
2023-06-13 15:00:09,17230,17230,17230,8,-8
2023-06-13 15:00:09,17230,17230,17230,2,0
2023-06-13 15:00:09,17230,17230,17230,2,0
2023-06-13 15:00:09,17230,17230,17230,2,0
2023-06-13 15:00:09,17230,17230,17230,2,0
2023-06-13 15:00:09,17230,17230,17230,2,0
2023-06-13 15:00:09,17230,17230,17230,2,0
2023-06-13 15:00:09,17230,17230,17230,8,0
2023-06-13 15:00:09,17229,17229,17229,2,-2
2023-06-13 15:00:10,17228,17228,17228,2,-2
2023-06-13 15:00:10,17230,17230,17230,4,4
2023-06-13 15:00:10,17230,17230,17230,2,0
2023-06-13 15:00:11,17229,17229,17229,2,-2
2023-06-13 15:00:11,17228,17228,17228,2,-2
2023-06-13 15:00:11,17228,17228,17228,2,0
2023-06-13 15:00:11,17228,17228,17228,2,0
2023-06-13 15:00:11,17230,17230,17230,2,2
2023-06-13 15:00:11,17230,17230,17230,10,0
2023-06-13 15:00:11,17228,17228,17228,2,-2
2023-06-13 15:00:11,17228,17228,17228,2,0
2023-06-13 15:00:13,17229,17229,17229,2,2
2023-06-13 15:00:13,17228,17228,17228,2,-2
2023-06-13 15:00:13,17228,17228,17228,2,0
2023-06-13 15:00:13,17229,17229,17229,6,6
2023-06-13 15:00:13,17230,17230,17230,4,4
2023-06-13 15:00:13,17230,17230,17230,2,0
2023-06-13 15:00:15,17229,17229,17229,2,-2
2023-06-13 15:00:15,17227,17227,17227,2,-2
2023-06-13 15:00:15,17230,17230,17230,4,4
2023-06-13 15:00:16,17230,17230,17230,4,0
2023-06-13 15:00:16,17228,17228,17228,2,-2
2023-06-13 15:00:16,17228,17228,17228,2,0
2023-06-13 15:00:18,17230,17230,17230,6,6
2023-06-13 15:00:19,17230,17230,17230,2,0
2023-06-13 15:00:20,17230,17230,17230,2,0
2023-06-13 15:00:21,17230,17230,17230,2,0
2023-06-13 15:00:21,17231,17231,17231,6,6
2023-06-13 15:00:21,17231,17231,17231,6,0
2023-06-13 15:00:22,17232,17232,17232,4,4
2023-06-13 15:00:23,17230,17230,17230,2,-2
2023-06-13 15:00:23,17233,17233,17233,2,2
2023-06-13 15:00:26,17231,17231,17231,2,-2
2023-06-13 15:00:28,17230,17230,17230,2,-2
2023-06-13 15:00:29,17230,17230,17230,4,0
2023-06-13 15:00:29,17230,17230,17230,2,0
2023-06-13 15:00:30,17231,17231,17231,2,2
2023-06-13 15:00:31,17231,17231,17231,2,0
2023-06-13 15:00:31,17231,17231,17231,2,0
2023-06-13 15:00:31,17230,17230,17230,2,-2
2023-06-13 15:00:32,17230,17230,17230,2,0
2023-06-13 15:00:32,17231,17231,17231,2,2
2023-06-13 15:00:33,17230,17230,17230,2,-2
2023-06-13 15:00:35,17230,17230,17230,2,0
2023-06-13 15:00:37,17231,17231,17231,2,2
2023-06-13 15:00:41,17231,17231,17231,2,0
2023-06-13 15:00:41,17231,17231,17231,2,0
2023-06-13 15:00:41,17231,17231,17231,2,0
2023-06-13 15:00:42,17232,17232,17232,4,4
2023-06-13 15:00:42,17232,17232,17232,8,0
2023-06-13 15:00:42,17232,17232,17232,2,0
2023-06-13 15:00:42,17232,17232,17232,8,0
2023-06-13 15:00:44,17232,17232,17232,2,0
2023-06-13 15:00:44,17233,17233,17233,2,2
2023-06-13 15:00:45,17232,17232,17232,2,-2
2023-06-13 15:00:45,17232,17232,17232,2,0
2023-06-13 15:00:46,17232,17232,17232,4,0
2023-06-13 15:00:46,17232,17232,17232,2,0
2023-06-13 15:00:48,17231,17231,17231,4,-4
2023-06-13 15:00:48,17231,17231,17231,2,0
2023-06-13 15:00:48,17231,17231,17231,4,0
2023-06-13 15:00:48,17232,17232,17232,2,2
2023-06-13 15:00:48,17232,17232,17232,2,0
2023-06-13 15:00:48,17231,17231,17231,2,-2
2023-06-13 15:00:48,17230,17230,17230,2,-2
2023-06-13 15:00:49,17230,17230,17230,2,0
2023-06-13 15:00:49,17230,17230,17230,2,0
2023-06-13 15:00:49,17230,17230,17230,2,0
2023-06-13 15:00:49,17230,17230,17230,4,0
2023-06-13 15:00:49,17230,17230,17230,2,0
2023-06-13 15:00:49,17230,17230,17230,2,0
2023-06-13 15:00:49,17230,17230,17230,2,0
2023-06-13 15:00:49,17230,17230,17230,2,0
2023-06-13 15:00:49,17230,17230,17230,2,0
2023-06-13 15:00:49,17231,17231,17231,10,10
2023-06-13 15:00:50,17230,17230,17230,2,-2
2023-06-13 15:00:50,17229,17229,17229,2,-2
2023-06-13 15:00:50,17229,17229,17229,2,0
2023-06-13 15:00:52,17229,17229,17229,2,0
2023-06-13 15:00:52,17229,17229,17229,2,0
2023-06-13 15:00:52,17230,17230,17230,2,2
2023-06-13 15:00:55,17231,17231,17231,6,6
2023-06-13 15:00:55,17230,17230,17230,2,-2
2023-06-13 15:00:55,17230,17230,17230,2,0
2023-06-13 15:00:57,17230,17230,17230,2,0
2023-06-13 15:00:57,17231,17231,17231,6,6
2023-06-13 15:00:57,17231,17231,17231,2,0
2023-06-13 15:00:58,17231,17231,17231,2,0
2023-06-13 15:00:58,17230,17230,17230,2,-2
2023-06-13 15:00:59,17229,17229,17229,2,-2
2023-06-13 15:00:59,17230,17230,17230,2,2
2023-06-13 15:00:59,17230,17230,17230,2,0
2023-06-13 15:01:00,17231,17231,17231,8,8
2023-06-13 15:01:00,17231,17231,17231,2,0
2023-06-13 15:01:00,17231,17231,17231,2,0
2023-06-13 15:01:00,17232,17232,17232,8,8
2023-06-13 15:01:00,17231,17231,17231,2,-2
2023-06-13 15:01:00,17232,17232,17232,2,2
2023-06-13 15:01:00,17232,17232,17232,2,0
2023-06-13 15:01:01,17230,17230,17230,2,-2
2023-06-13 15:01:01,17230,17230,17230,2,0
2023-06-13 15:01:01,17230,17230,17230,2,0
2023-06-13 15:01:01,17230,17230,17230,2,0
2023-06-13 15:01:01,17230,17230,17230,2,0
2023-06-13 15:01:01,17229,17229,17229,2,-2
2023-06-13 15:01:01,17229,17229,17229,2,0
2023-06-13 15:01:01,17232,17232,17232,2,2
2023-06-13 15:01:01,17230,17230,17230,2,-2
2023-06-13 15:01:01,17230,17230,17230,2,0
2023-06-13 15:01:01,17230,17230,17230,4,0
2023-06-13 15:01:03,17232,17232,17232,4,4
2023-06-13 15:01:03,17231,17231,17231,2,-2
2023-06-13 15:01:03,17232,17232,17232,2,2
2023-06-13 15:01:04,17232,17232,17232,12,0
2023-06-13 15:01:04,17233,17233,17233,4,4
2023-06-13 15:01:07,17232,17232,17232,2,-2
2023-06-13 15:01:09,17232,17232,17232,2,0
2023-06-13 15:01:09,17232,17232,17232,2,0
2023-06-13 15:01:10,17232,17232,17232,2,0
2023-06-13 15:01:10,17231,17231,17231,2,-2
2023-06-13 15:01:11,17232,17232,17232,2,2
2023-06-13 15:01:13,17233,17233,17233,2,2
2023-06-13 15:01:14,17232,17232,17232,2,-2
2023-06-13 15:01:15,17233,17233,17233,20,20
2023-06-13 15:01:15,17233,17233,17233,2,0
2023-06-13 15:01:15,17233,17233,17233,4,0
2023-06-13 15:01:15,17233,17233,17233,8,0
2023-06-13 15:01:16,17234,17234,17234,2,2
2023-06-13 15:01:16,17234,17234,17234,6,0
2023-06-13 15:01:16,17234,17234,17234,2,0
2023-06-13 15:01:16,17235,17235,17235,6,6
2023-06-13 15:01:16,17235,17235,17235,2,0
2023-06-13 15:01:16,17234,17234,17234,2,-2
2023-06-13 15:01:16,17234,17234,17234,2,0
2023-06-13 15:01:17,17235,17235,17235,2,2
2023-06-13 15:01:17,17235,17235,17235,2,0
2023-06-13 15:01:17,17235,17235,17235,4,0
2023-06-13 15:01:17,17235,17235,17235,4,0
2023-06-13 15:01:19,17235,17235,17235,2,0
2023-06-13 15:01:19,17235,17235,17235,2,0
2023-06-13 15:01:20,17235,17235,17235,2,0
2023-06-13 15:01:20,17236,17236,17236,4,4
2023-06-13 15:01:23,17236,17236,17236,2,0
2023-06-13 15:01:23,17236,17236,17236,2,0
2023-06-13 15:01:23,17236,17236,17236,6,0
2023-06-13 15:01:23,17236,17236,17236,4,0
2023-06-13 15:01:23,17236,17236,17236,2,0
2023-06-13 15:01:24,17237,17237,17237,2,2
2023-06-13 15:01:24,17237,17237,17237,2,0
2023-06-13 15:01:25,17236,17236,17236,2,-2
2023-06-13 15:01:26,17237,17237,17237,4,4
2023-06-13 15:01:27,17237,17237,17237,2,0
2023-06-13 15:01:27,17237,17237,17237,2,0
2023-06-13 15:01:27,17237,17237,17237,2,0
2023-06-13 15:01:30,17237,17237,17237,4,0
2023-06-13 15:01:30,17237,17237,17237,2,0
2023-06-13 15:01:30,17237,17237,17237,2,0
2023-06-13 15:01:30,17237,17237,17237,2,0
2023-06-13 15:01:30,17237,17237,17237,2,0
2023-06-13 15:01:30,17237,17237,17237,2,0
2023-06-13 15:01:30,17237,17237,17237,2,0
2023-06-13 15:01:31,17238,17238,17238,12,12
2023-06-13 15:01:31,17237,17237,17237,2,-2
2023-06-13 15:01:31,17237,17237,17237,2,0
2023-06-13 15:01:32,17238,17238,17238,10,10
2023-06-13 15:01:32,17239,17239,17239,4,4
2023-06-13 15:01:32,17239,17239,17239,4,0
2023-06-13 15:01:32,17237,17237,17237,2,-2
2023-06-13 15:01:36,17238,17238,17238,2,2
2023-06-13 15:01:36,17238,17238,17238,2,0
2023-06-13 15:01:36,17237,17237,17237,2,-2
2023-06-13 15:01:38,17238,17238,17238,6,6
2023-06-13 15:01:38,17238,17238,17238,2,0
2023-06-13 15:01:38,17238,17238,17238,2,0
2023-06-13 15:01:39,17238,17238,17238,2,0
2023-06-13 15:01:40,17237,17237,17237,2,-2
2023-06-13 15:01:42,17238,17238,17238,2,2
2023-06-13 15:01:42,17238,17238,17238,4,0
2023-06-13 15:01:44,17237,17237,17237,2,-2
2023-06-13 15:01:44,17237,17237,17237,2,0
2023-06-13 15:01:44,17237,17237,17237,6,0
2023-06-13 15:01:44,17237,17237,17237,2,0
2023-06-13 15:01:44,17237,17237,17237,2,0
2023-06-13 15:01:44,17237,17237,17237,2,0
2023-06-13 15:01:44,17237,17237,17237,2,0
2023-06-13 15:01:44,17237,17237,17237,2,0
2023-06-13 15:01:44,17237,17237,17237,4,0
2023-06-13 15:01:45,17236,17236,17236,4,-4
2023-06-13 15:01:45,17236,17236,17236,10,0
2023-06-13 15:01:45,17236,17236,17236,2,0
2023-06-13 15:01:45,17236,17236,17236,6,0
2023-06-13 15:01:45,17236,17236,17236,2,0
2023-06-13 15:01:45,17236,17236,17236,2,0
2023-06-13 15:01:47,17235,17235,17235,2,-2
2023-06-13 15:01:47,17235,17235,17235,4,0
2023-06-13 15:01:48,17236,17236,17236,2,2
2023-06-13 15:01:48,17236,17236,17236,2,0
2023-06-13 15:01:50,17237,17237,17237,18,18
2023-06-13 15:01:50,17238,17238,17238,2,2
2023-06-13 15:01:51,17236,17236,17236,2,-2
2023-06-13 15:01:51,17236,17236,17236,2,0
2023-06-13 15:01:53,17236,17236,17236,2,0
2023-06-13 15:01:53,17237,17237,17237,2,2
2023-06-13 15:01:53,17236,17236,17236,2,-2
2023-06-13 15:01:58,17236,17236,17236,2,0
2023-06-13 15:02:00,17236,17236,17236,2,0
2023-06-13 15:02:00,17235,17235,17235,2,-2
2023-06-13 15:02:00,17235,17235,17235,2,0
2023-06-13 15:02:00,17235,17235,17235,2,0
2023-06-13 15:02:00,17235,17235,17235,2,0
2023-06-13 15:02:00,17235,17235,17235,4,0
2023-06-13 15:02:00,17235,17235,17235,2,0
2023-06-13 15:02:00,17235,17235,17235,2,0
2023-06-13 15:02:00,17235,17235,17235,2,0
2023-06-13 15:02:00,17234,17234,17234,2,-2
2023-06-13 15:02:00,17234,17234,17234,2,0
2023-06-13 15:02:00,17236,17236,17236,2,2
2023-06-13 15:02:00,17235,17235,17235,2,-2
2023-06-13 15:02:00,17235,17235,17235,2,0
2023-06-13 15:02:00,17234,17234,17234,2,-2
2023-06-13 15:02:00,17234,17234,17234,2,0
2023-06-13 15:02:01,17234,17234,17234,2,0
2023-06-13 15:02:01,17235,17235,17235,2,2
2023-06-13 15:02:01,17235,17235,17235,4,0
2023-06-13 15:02:01,17235,17235,17235,4,0
2023-06-13 15:02:02,17235,17235,17235,2,0
2023-06-13 15:02:03,17235,17235,17235,6,0
2023-06-13 15:02:10,17236,17236,17236,2,2
2023-06-13 15:02:13,17235,17235,17235,2,-2
2023-06-13 15:02:18,17234,17234,17234,2,-2
2023-06-13 15:02:18,17234,17234,17234,4,0
2023-06-13 15:02:18,17234,17234,17234,2,0
2023-06-13 15:02:18,17234,17234,17234,4,0
2023-06-13 15:02:18,17233,17233,17233,2,-2
2023-06-13 15:02:20,17234,17234,17234,2,2
2023-06-13 15:02:20,17235,17235,17235,2,2
2023-06-13 15:02:23,17235,17235,17235,2,0
2023-06-13 15:02:23,17235,17235,17235,2,0
2023-06-13 15:02:26,17235,17235,17235,2,0
2023-06-13 15:02:29,17235,17235,17235,8,0
2023-06-13 15:02:29,17236,17236,17236,2,2
2023-06-13 15:02:29,17236,17236,17236,2,0
2023-06-13 15:02:29,17236,17236,17236,2,0
2023-06-13 15:02:29,17236,17236,17236,2,0
2023-06-13 15:02:29,17237,17237,17237,4,4
2023-06-13 15:02:29,17238,17238,17238,2,2
2023-06-13 15:02:29,17237,17237,17237,2,-2
2023-06-13 15:02:29,17238,17238,17238,2,2
2023-06-13 15:02:29,17238,17238,17238,4,0
2023-06-13 15:02:29,17238,17238,17238,2,0
2023-06-13 15:02:30,17238,17238,17238,2,0
2023-06-13 15:02:31,17237,17237,17237,2,-2
2023-06-13 15:02:31,17237,17237,17237,2,0
2023-06-13 15:02:38,17237,17237,17237,2,0
2023-06-13 15:02:39,17237,17237,17237,6,0
2023-06-13 15:02:39,17238,17238,17238,14,14
2023-06-13 15:02:43,17236,17236,17236,2,-2
2023-06-13 15:02:44,17237,17237,17237,2,2
2023-06-13 15:02:44,17237,17237,17237,6,0
2023-06-13 15:02:44,17237,17237,17237,2,0
2023-06-13 15:02:44,17237,17237,17237,6,0
2023-06-13 15:02:48,17237,17237,17237,4,0
2023-06-13 15:02:49,17237,17237,17237,2,0
2023-06-13 15:02:50,17236,17236,17236,2,-2
2023-06-13 15:02:51,17236,17236,17236,2,0
2023-06-13 15:02:53,17236,17236,17236,2,0
2023-06-13 15:02:54,17237,17237,17237,4,4
2023-06-13 15:02:56,17236,17236,17236,4,-4
2023-06-13 15:02:57,17236,17236,17236,2,0
2023-06-13 15:03:01,17237,17237,17237,2,2
2023-06-13 15:03:02,17237,17237,17237,6,0
2023-06-13 15:03:02,17238,17238,17238,2,2
2023-06-13 15:03:02,17237,17237,17237,2,-2
2023-06-13 15:03:02,17238,17238,17238,2,2
2023-06-13 15:03:02,17237,17237,17237,2,-2
2023-06-13 15:03:05,17238,17238,17238,36,36
2023-06-13 15:03:07,17239,17239,17239,8,8
2023-06-13 15:03:07,17239,17239,17239,36,0
2023-06-13 15:03:07,17239,17239,17239,2,0
2023-06-13 15:03:08,17240,17240,17240,2,2
2023-06-13 15:03:08,17238,17238,17238,2,-2
2023-06-13 15:03:10,17238,17238,17238,2,0
2023-06-13 15:03:10,17239,17239,17239,2,2
2023-06-13 15:03:11,17238,17238,17238,4,-4
2023-06-13 15:03:11,17238,17238,17238,2,0
2023-06-13 15:03:11,17238,17238,17238,2,0
2023-06-13 15:03:11,17238,17238,17238,2,0
2023-06-13 15:03:11,17238,17238,17238,4,0
2023-06-13 15:03:12,17237,17237,17237,2,-2
2023-06-13 15:03:14,17239,17239,17239,2,2
2023-06-13 15:03:18,17238,17238,17238,2,-2
2023-06-13 15:03:21,17239,17239,17239,2,2
2023-06-13 15:03:26,17239,17239,17239,2,0
2023-06-13 15:03:26,17239,17239,17239,2,0
2023-06-13 15:03:26,17239,17239,17239,2,0
2023-06-13 15:03:27,17239,17239,17239,4,0
2023-06-13 15:03:27,17239,17239,17239,4,0
2023-06-13 15:03:28,17239,17239,17239,2,0
2023-06-13 15:03:28,17239,17239,17239,2,0
2023-06-13 15:03:28,17239,17239,17239,2,0
2023-06-13 15:03:31,17239,17239,17239,2,0
2023-06-13 15:03:34,17239,17239,17239,10,0
2023-06-13 15:03:34,17239,17239,17239,2,0
2023-06-13 15:03:35,17238,17238,17238,2,-2
2023-06-13 15:03:35,17238,17238,17238,2,0
2023-06-13 15:03:35,17238,17238,17238,2,0
2023-06-13 15:03:35,17238,17238,17238,2,0
2023-06-13 15:03:35,17238,17238,17238,2,0
2023-06-13 15:03:38,17238,17238,17238,2,0
2023-06-13 15:03:38,17238,17238,17238,2,0
2023-06-13 15:03:38,17238,17238,17238,2,0
2023-06-13 15:03:38,17238,17238,17238,2,0
2023-06-13 15:03:38,17237,17237,17237,2,-2
2023-06-13 15:03:39,17238,17238,17238,2,2
2023-06-13 15:03:39,17238,17238,17238,2,0
2023-06-13 15:03:39,17238,17238,17238,2,0
2023-06-13 15:03:39,17237,17237,17237,4,-4
2023-06-13 15:03:39,17237,17237,17237,4,0
2023-06-13 15:03:39,17237,17237,17237,2,0
2023-06-13 15:03:39,17237,17237,17237,2,0
2023-06-13 15:03:39,17236,17236,17236,2,-2
2023-06-13 15:03:39,17236,17236,17236,2,0
2023-06-13 15:03:44,17237,17237,17237,2,2
2023-06-13 15:03:50,17237,17237,17237,2,0
2023-06-13 15:03:51,17236,17236,17236,2,-2
2023-06-13 15:03:57,17237,17237,17237,2,2
2023-06-13 15:04:00,17236,17236,17236,2,-2
2023-06-13 15:04:00,17236,17236,17236,4,0
2023-06-13 15:04:00,17236,17236,17236,2,0
2023-06-13 15:04:00,17236,17236,17236,4,0
2023-06-13 15:04:00,17236,17236,17236,2,0
2023-06-13 15:04:00,17236,17236,17236,10,0
2023-06-13 15:04:00,17236,17236,17236,2,0
2023-06-13 15:04:00,17236,17236,17236,2,0
2023-06-13 15:04:00,17236,17236,17236,2,0
2023-06-13 15:04:00,17236,17236,17236,4,0
2023-06-13 15:04:00,17236,17236,17236,2,0
2023-06-13 15:04:01,17235,17235,17235,2,-2
2023-06-13 15:04:01,17235,17235,17235,2,0
2023-06-13 15:04:01,17235,17235,17235,2,0
2023-06-13 15:04:01,17235,17235,17235,6,0
2023-06-13 15:04:01,17235,17235,17235,4,0
2023-06-13 15:04:01,17235,17235,17235,2,0
2023-06-13 15:04:02,17235,17235,17235,8,0
2023-06-13 15:04:05,17234,17234,17234,2,-2
2023-06-13 15:04:06,17234,17234,17234,2,0
2023-06-13 15:04:07,17234,17234,17234,4,0
2023-06-13 15:04:07,17234,17234,17234,2,0
2023-06-13 15:04:07,17234,17234,17234,2,0
2023-06-13 15:04:07,17234,17234,17234,4,0
2023-06-13 15:04:07,17234,17234,17234,2,0
2023-06-13 15:04:08,17233,17233,17233,2,-2
2023-06-13 15:04:08,17233,17233,17233,4,0
2023-06-13 15:04:08,17233,17233,17233,6,0
2023-06-13 15:04:08,17233,17233,17233,2,0
2023-06-13 15:04:08,17233,17233,17233,2,0
2023-06-13 15:04:08,17233,17233,17233,2,0
2023-06-13 15:04:08,17233,17233,17233,2,0
2023-06-13 15:04:08,17233,17233,17233,2,0
2023-06-13 15:04:08,17233,17233,17233,2,0
2023-06-13 15:04:08,17232,17232,17232,2,-2
2023-06-13 15:04:08,17233,17233,17233,2,2
2023-06-13 15:04:09,17232,17232,17232,2,-2
2023-06-13 15:04:11,17233,17233,17233,2,2
2023-06-13 15:04:12,17233,17233,17233,2,0
2023-06-13 15:04:13,17233,17233,17233,2,0
2023-06-13 15:04:14,17232,17232,17232,2,-2
2023-06-13 15:04:14,17232,17232,17232,4,0
2023-06-13 15:04:14,17232,17232,17232,4,0
2023-06-13 15:04:14,17232,17232,17232,2,0
2023-06-13 15:04:14,17232,17232,17232,16,0
2023-06-13 15:04:14,17232,17232,17232,2,0
2023-06-13 15:04:14,17232,17232,17232,2,0
2023-06-13 15:04:14,17232,17232,17232,2,0
2023-06-13 15:04:14,17232,17232,17232,2,0
2023-06-13 15:04:14,17232,17232,17232,2,0
2023-06-13 15:04:15,17232,17232,17232,2,0
2023-06-13 15:04:15,17232,17232,17232,2,0
2023-06-13 15:04:15,17232,17232,17232,2,0
2023-06-13 15:04:16,17232,17232,17232,2,0
2023-06-13 15:04:16,17232,17232,17232,2,0
2023-06-13 15:04:16,17233,17233,17233,2,2
2023-06-13 15:04:16,17233,17233,17233,2,0
2023-06-13 15:04:16,17233,17233,17233,2,0
2023-06-13 15:04:16,17233,17233,17233,2,0
2023-06-13 15:04:16,17233,17233,17233,2,0
2023-06-13 15:04:16,17233,17233,17233,2,0
2023-06-13 15:04:16,17233,17233,17233,2,0
2023-06-13 15:04:20,17232,17232,17232,2,-2
2023-06-13 15:04:20,17232,17232,17232,2,0
2023-06-13 15:04:21,17232,17232,17232,6,0
2023-06-13 15:04:23,17232,17232,17232,2,0
2023-06-13 15:04:23,17232,17232,17232,2,0
2023-06-13 15:04:26,17232,17232,17232,2,0
2023-06-13 15:04:27,17232,17232,17232,2,0
2023-06-13 15:04:28,17232,17232,17232,2,0
2023-06-13 15:04:29,17233,17233,17233,2,2
2023-06-13 15:04:30,17232,17232,17232,2,-2
2023-06-13 15:04:31,17232,17232,17232,2,0
2023-06-13 15:04:33,17233,17233,17233,2,2
2023-06-13 15:04:33,17233,17233,17233,2,0
2023-06-13 15:04:33,17233,17233,17233,10,0
2023-06-13 15:04:33,17234,17234,17234,2,2
2023-06-13 15:04:33,17234,17234,17234,2,0
2023-06-13 15:04:37,17234,17234,17234,2,0
2023-06-13 15:04:37,17235,17235,17235,8,8
2023-06-13 15:04:37,17234,17234,17234,2,-2
2023-06-13 15:04:37,17235,17235,17235,10,10
2023-06-13 15:04:45,17236,17236,17236,2,2
2023-06-13 15:04:49,17236,17236,17236,6,0
2023-06-13 15:04:50,17237,17237,17237,2,2
2023-06-13 15:04:50,17237,17237,17237,2,0
2023-06-13 15:04:50,17237,17237,17237,2,0
2023-06-13 15:04:50,17237,17237,17237,2,0
2023-06-13 15:04:51,17237,17237,17237,2,0
2023-06-13 15:04:51,17237,17237,17237,2,0
2023-06-13 15:04:51,17237,17237,17237,2,0
2023-06-13 15:04:51,17237,17237,17237,2,0
2023-06-13 15:04:51,17237,17237,17237,2,0
2023-06-13 15:04:51,17237,17237,17237,2,0
2023-06-13 15:04:51,17237,17237,17237,2,0
2023-06-13 15:04:51,17237,17237,17237,2,0
2023-06-13 15:04:51,17237,17237,17237,2,0
2023-06-13 15:04:51,17237,17237,17237,2,0
2023-06-13 15:04:51,17237,17237,17237,2,0
2023-06-13 15:04:51,17237,17237,17237,2,0
2023-06-13 15:04:51,17237,17237,17237,2,0
2023-06-13 15:04:54,17237,17237,17237,2,0
2023-06-13 15:04:54,17237,17237,17237,2,0
2023-06-13 15:04:55,17238,17238,17238,2,2
2023-06-13 15:04:55,17237,17237,17237,2,-2
2023-06-13 15:04:56,17237,17237,17237,4,0
2023-06-13 15:04:58,17236,17236,17236,2,-2
2023-06-13 15:04:59,17237,17237,17237,2,2
2023-06-13 15:05:03,17237,17237,17237,2,0
2023-06-13 15:05:06,17237,17237,17237,2,0
2023-06-13 15:05:10,17237,17237,17237,2,0
2023-06-13 15:05:13,17237,17237,17237,2,0
2023-06-13 15:05:15,17237,17237,17237,2,0
2023-06-13 15:05:16,17236,17236,17236,2,-2
2023-06-13 15:05:16,17236,17236,17236,2,0
2023-06-13 15:05:16,17236,17236,17236,2,0
2023-06-13 15:05:19,17235,17235,17235,4,-4
2023-06-13 15:05:19,17235,17235,17235,2,0
2023-06-13 15:05:19,17235,17235,17235,4,0
2023-06-13 15:05:20,17234,17234,17234,2,-2
2023-06-13 15:05:20,17234,17234,17234,2,0
2023-06-13 15:05:20,17234,17234,17234,2,0
2023-06-13 15:05:21,17235,17235,17235,2,2
2023-06-13 15:05:24,17235,17235,17235,2,0
2023-06-13 15:05:26,17233,17233,17233,2,-2
2023-06-13 15:05:28,17234,17234,17234,2,2
2023-06-13 15:05:31,17234,17234,17234,2,0
2023-06-13 15:05:31,17234,17234,17234,2,0
2023-06-13 15:05:37,17234,17234,17234,2,0
2023-06-13 15:05:37,17235,17235,17235,6,6
2023-06-13 15:05:39,17233,17233,17233,2,-2
2023-06-13 15:05:39,17234,17234,17234,2,2
2023-06-13 15:05:45,17236,17236,17236,4,4
2023-06-13 15:05:47,17235,17235,17235,2,-2
2023-06-13 15:05:47,17235,17235,17235,2,0
2023-06-13 15:05:47,17235,17235,17235,6,0
2023-06-13 15:05:53,17235,17235,17235,2,0
2023-06-13 15:06:00,17235,17235,17235,2,0
2023-06-13 15:06:00,17234,17234,17234,2,-2
2023-06-13 15:06:00,17234,17234,17234,2,0
2023-06-13 15:06:00,17234,17234,17234,2,0
2023-06-13 15:06:00,17234,17234,17234,2,0
2023-06-13 15:06:04,17235,17235,17235,2,2
2023-06-13 15:06:05,17235,17235,17235,2,0
2023-06-13 15:06:05,17236,17236,17236,2,2
2023-06-13 15:06:06,17234,17234,17234,2,-2
2023-06-13 15:06:07,17234,17234,17234,2,0
2023-06-13 15:06:18,17235,17235,17235,2,2
2023-06-13 15:06:22,17235,17235,17235,2,0
2023-06-13 15:06:28,17235,17235,17235,2,0
2023-06-13 15:06:32,17235,17235,17235,2,0
2023-06-13 15:06:33,17235,17235,17235,2,0
2023-06-13 15:06:38,17235,17235,17235,2,0
2023-06-13 15:06:42,17234,17234,17234,2,-2
2023-06-13 15:06:42,17234,17234,17234,2,0
2023-06-13 15:06:42,17234,17234,17234,2,0
2023-06-13 15:06:42,17234,17234,17234,2,0
2023-06-13 15:06:45,17234,17234,17234,6,0
2023-06-13 15:06:48,17234,17234,17234,4,0
2023-06-13 15:06:53,17233,17233,17233,2,-2
2023-06-13 15:06:53,17233,17233,17233,2,0
2023-06-13 15:06:53,17233,17233,17233,2,0
2023-06-13 15:06:53,17233,17233,17233,4,0
2023-06-13 15:06:53,17233,17233,17233,2,0
2023-06-13 15:06:53,17233,17233,17233,4,0
2023-06-13 15:06:53,17233,17233,17233,2,0
2023-06-13 15:06:53,17233,17233,17233,2,0
2023-06-13 15:06:53,17233,17233,17233,2,0
2023-06-13 15:06:54,17233,17233,17233,6,0
2023-06-13 15:06:57,17233,17233,17233,4,0
2023-06-13 15:07:01,17233,17233,17233,4,0
2023-06-13 15:07:04,17233,17233,17233,6,0
2023-06-13 15:07:05,17233,17233,17233,24,0
2023-06-13 15:07:05,17233,17233,17233,10,0
2023-06-13 15:07:05,17233,17233,17233,2,0
2023-06-13 15:07:07,17232,17232,17232,2,-2
2023-06-13 15:07:08,17233,17233,17233,2,2
2023-06-13 15:07:09,17233,17233,17233,4,0
2023-06-13 15:07:10,17233,17233,17233,2,0
2023-06-13 15:07:12,17233,17233,17233,4,0
2023-06-13 15:07:12,17233,17233,17233,2,0
2023-06-13 15:07:15,17233,17233,17233,2,0
2023-06-13 15:07:17,17232,17232,17232,2,-2
2023-06-13 15:07:21,17233,17233,17233,2,2
2023-06-13 15:07:26,17233,17233,17233,10,0
2023-06-13 15:07:30,17232,17232,17232,8,-8
2023-06-13 15:07:30,17232,17232,17232,10,0
2023-06-13 15:07:30,17232,17232,17232,2,0
2023-06-13 15:07:30,17232,17232,17232,2,0
2023-06-13 15:07:30,17232,17232,17232,2,0
2023-06-13 15:07:30,17232,17232,17232,2,0
2023-06-13 15:07:30,17232,17232,17232,6,0
2023-06-13 15:07:30,17232,17232,17232,2,0
2023-06-13 15:07:30,17232,17232,17232,2,0
2023-06-13 15:07:30,17232,17232,17232,2,0
2023-06-13 15:07:30,17232,17232,17232,4,0
2023-06-13 15:07:31,17232,17232,17232,2,0
2023-06-13 15:07:33,17231,17231,17231,10,-10
2023-06-13 15:07:33,17231,17231,17231,2,0
2023-06-13 15:07:33,17231,17231,17231,2,0
2023-06-13 15:07:33,17231,17231,17231,2,0
2023-06-13 15:07:33,17231,17231,17231,2,0
2023-06-13 15:07:33,17231,17231,17231,4,0
2023-06-13 15:07:33,17231,17231,17231,2,0
2023-06-13 15:07:33,17231,17231,17231,2,0
2023-06-13 15:07:33,17230,17230,17230,2,-2
2023-06-13 15:07:33,17230,17230,17230,4,0
2023-06-13 15:07:33,17230,17230,17230,2,0
2023-06-13 15:07:33,17230,17230,17230,2,0
2023-06-13 15:07:33,17230,17230,17230,4,0
2023-06-13 15:07:33,17230,17230,17230,2,0
2023-06-13 15:07:33,17230,17230,17230,2,0
2023-06-13 15:07:34,17229,17229,17229,2,-2
2023-06-13 15:07:34,17229,17229,17229,2,0
2023-06-13 15:07:34,17229,17229,17229,2,0
2023-06-13 15:07:34,17229,17229,17229,2,0
2023-06-13 15:07:34,17229,17229,17229,2,0
2023-06-13 15:07:34,17228,17228,17228,2,-2
2023-06-13 15:07:34,17228,17228,17228,2,0
2023-06-13 15:07:34,17228,17228,17228,2,0
2023-06-13 15:07:34,17228,17228,17228,6,0
2023-06-13 15:07:34,17229,17229,17229,2,2
2023-06-13 15:07:34,17228,17228,17228,4,-4
2023-06-13 15:07:34,17228,17228,17228,2,0
2023-06-13 15:07:34,17228,17228,17228,2,0
2023-06-13 15:07:34,17228,17228,17228,4,0
2023-06-13 15:07:34,17228,17228,17228,2,0
2023-06-13 15:07:34,17228,17228,17228,2,0
2023-06-13 15:07:34,17228,17228,17228,2,0
2023-06-13 15:07:34,17228,17228,17228,2,0
2023-06-13 15:07:34,17228,17228,17228,6,0
2023-06-13 15:07:34,17228,17228,17228,2,0
2023-06-13 15:07:34,17228,17228,17228,2,0
2023-06-13 15:07:38,17227,17227,17227,2,-2
2023-06-13 15:07:38,17227,17227,17227,2,0
2023-06-13 15:07:38,17227,17227,17227,2,0
2023-06-13 15:07:38,17227,17227,17227,2,0
2023-06-13 15:07:38,17227,17227,17227,2,0
2023-06-13 15:07:38,17227,17227,17227,2,0
2023-06-13 15:07:38,17227,17227,17227,2,0
2023-06-13 15:07:38,17227,17227,17227,6,0
2023-06-13 15:07:38,17227,17227,17227,2,0
2023-06-13 15:07:39,17228,17228,17228,2,2
2023-06-13 15:07:40,17228,17228,17228,2,0
2023-06-13 15:07:41,17227,17227,17227,2,-2
2023-06-13 15:07:42,17227,17227,17227,4,0
2023-06-13 15:07:42,17227,17227,17227,2,0
2023-06-13 15:07:42,17227,17227,17227,2,0
2023-06-13 15:07:43,17227,17227,17227,2,0
2023-06-13 15:07:44,17227,17227,17227,2,0
2023-06-13 15:07:45,17227,17227,17227,2,0
2023-06-13 15:07:46,17228,17228,17228,8,8
2023-06-13 15:07:46,17228,17228,17228,2,0
2023-06-13 15:07:46,17228,17228,17228,2,0
2023-06-13 15:07:46,17227,17227,17227,2,-2
2023-06-13 15:07:46,17227,17227,17227,2,0
2023-06-13 15:07:47,17229,17229,17229,2,2
2023-06-13 15:07:48,17229,17229,17229,2,0
2023-06-13 15:07:48,17229,17229,17229,2,0
2023-06-13 15:07:48,17228,17228,17228,2,-2
2023-06-13 15:07:48,17228,17228,17228,2,0
2023-06-13 15:07:48,17228,17228,17228,4,0
2023-06-13 15:07:48,17228,17228,17228,2,0
2023-06-13 15:07:48,17228,17228,17228,6,0
2023-06-13 15:07:51,17229,17229,17229,2,2
2023-06-13 15:07:56,17229,17229,17229,2,0
2023-06-13 15:08:00,17229,17229,17229,2,0
2023-06-13 15:08:04,17229,17229,17229,2,0
2023-06-13 15:08:04,17229,17229,17229,2,0
2023-06-13 15:08:04,17229,17229,17229,4,0
2023-06-13 15:08:04,17229,17229,17229,2,0
2023-06-13 15:08:04,17229,17229,17229,2,0
2023-06-13 15:08:05,17229,17229,17229,4,0
2023-06-13 15:08:08,17228,17228,17228,2,-2
2023-06-13 15:08:10,17230,17230,17230,2,2
2023-06-13 15:08:10,17230,17230,17230,2,0
2023-06-13 15:08:10,17230,17230,17230,2,0
2023-06-13 15:08:10,17230,17230,17230,2,0
2023-06-13 15:08:10,17230,17230,17230,2,0
2023-06-13 15:08:10,17230,17230,17230,2,0
2023-06-13 15:08:10,17229,17229,17229,2,-2
2023-06-13 15:08:10,17229,17229,17229,2,0
2023-06-13 15:08:10,17229,17229,17229,4,0
2023-06-13 15:08:10,17229,17229,17229,6,0
2023-06-13 15:08:21,17230,17230,17230,2,2
2023-06-13 15:08:21,17230,17230,17230,2,0
2023-06-13 15:08:21,17230,17230,17230,2,0
2023-06-13 15:08:21,17230,17230,17230,2,0
2023-06-13 15:08:25,17231,17231,17231,6,6
2023-06-13 15:08:25,17232,17232,17232,22,22
2023-06-13 15:08:25,17233,17233,17233,2,2
2023-06-13 15:08:35,17232,17232,17232,2,-2
2023-06-13 15:08:35,17232,17232,17232,2,0
2023-06-13 15:08:39,17232,17232,17232,6,0
2023-06-13 15:08:39,17232,17232,17232,6,0
2023-06-13 15:08:39,17232,17232,17232,2,0
2023-06-13 15:08:40,17232,17232,17232,2,0
2023-06-13 15:08:40,17232,17232,17232,2,0
2023-06-13 15:08:41,17232,17232,17232,2,0
2023-06-13 15:08:44,17232,17232,17232,2,0
2023-06-13 15:08:44,17232,17232,17232,2,0
2023-06-13 15:08:45,17232,17232,17232,4,0
2023-06-13 15:08:51,17232,17232,17232,2,0
2023-06-13 15:08:56,17232,17232,17232,2,0
2023-06-13 15:08:56,17232,17232,17232,2,0
2023-06-13 15:08:57,17232,17232,17232,2,0
2023-06-13 15:09:00,17232,17232,17232,2,0
2023-06-13 15:09:05,17232,17232,17232,2,0
2023-06-13 15:09:05,17232,17232,17232,2,0
2023-06-13 15:09:08,17232,17232,17232,2,0
2023-06-13 15:09:16,17231,17231,17231,4,-4
2023-06-13 15:09:16,17231,17231,17231,6,0
2023-06-13 15:09:17,17231,17231,17231,2,0
2023-06-13 15:09:17,17231,17231,17231,2,0
2023-06-13 15:09:17,17231,17231,17231,2,0
2023-06-13 15:09:17,17231,17231,17231,2,0
2023-06-13 15:09:17,17231,17231,17231,2,0
2023-06-13 15:09:17,17231,17231,17231,2,0
2023-06-13 15:09:21,17233,17233,17233,2,2
2023-06-13 15:09:24,17233,17233,17233,2,0
2023-06-13 15:09:25,17233,17233,17233,14,0
2023-06-13 15:09:29,17233,17233,17233,2,0
2023-06-13 15:09:30,17234,17234,17234,2,2
2023-06-13 15:09:31,17233,17233,17233,2,-2
2023-06-13 15:09:33,17235,17235,17235,6,6
2023-06-13 15:09:34,17234,17234,17234,2,-2
2023-06-13 15:09:38,17235,17235,17235,2,2
2023-06-13 15:09:42,17235,17235,17235,4,0
2023-06-13 15:09:44,17235,17235,17235,2,0
2023-06-13 15:09:49,17236,17236,17236,4,4
2023-06-13 15:09:50,17235,17235,17235,2,-2
2023-06-13 15:09:52,17236,17236,17236,2,2
2023-06-13 15:09:52,17237,17237,17237,2,2
2023-06-13 15:09:53,17236,17236,17236,2,-2
2023-06-13 15:09:54,17237,17237,17237,10,10
2023-06-13 15:09:55,17237,17237,17237,14,0
2023-06-13 15:09:55,17238,17238,17238,16,16
2023-06-13 15:09:57,17238,17238,17238,2,0
2023-06-13 15:09:57,17237,17237,17237,2,-2
2023-06-13 15:09:59,17237,17237,17237,2,0
2023-06-13 15:10:00,17238,17238,17238,20,20
2023-06-13 15:10:01,17239,17239,17239,2,2
2023-06-13 15:10:01,17239,17239,17239,2,0
2023-06-13 15:10:01,17239,17239,17239,2,0
2023-06-13 15:10:01,17239,17239,17239,2,0
2023-06-13 15:10:01,17239,17239,17239,2,0
2023-06-13 15:10:01,17239,17239,17239,2,0
2023-06-13 15:10:01,17239,17239,17239,2,0
2023-06-13 15:10:01,17239,17239,17239,2,0
2023-06-13 15:10:01,17239,17239,17239,2,0
2023-06-13 15:10:01,17239,17239,17239,2,0
2023-06-13 15:10:01,17239,17239,17239,2,0
2023-06-13 15:10:01,17239,17239,17239,2,0
2023-06-13 15:10:01,17239,17239,17239,2,0
2023-06-13 15:10:01,17239,17239,17239,2,0
2023-06-13 15:10:01,17239,17239,17239,2,0
2023-06-13 15:10:01,17239,17239,17239,2,0
2023-06-13 15:10:02,17240,17240,17240,2,2
2023-06-13 15:10:03,17239,17239,17239,2,-2
2023-06-13 15:10:03,17239,17239,17239,2,0
2023-06-13 15:10:06,17239,17239,17239,2,0
2023-06-13 15:10:06,17239,17239,17239,2,0
2023-06-13 15:10:08,17239,17239,17239,2,0
2023-06-13 15:10:09,17240,17240,17240,2,2
2023-06-13 15:10:12,17240,17240,17240,6,0
2023-06-13 15:10:14,17240,17240,17240,8,0
2023-06-13 15:10:14,17239,17239,17239,2,-2
2023-06-13 15:10:14,17240,17240,17240,2,2
2023-06-13 15:10:15,17240,17240,17240,26,0
2023-06-13 15:10:16,17240,17240,17240,2,0
2023-06-13 15:10:16,17241,17241,17241,2,2
2023-06-13 15:10:17,17240,17240,17240,2,-2
2023-06-13 15:10:20,17240,17240,17240,2,0
2023-06-13 15:10:20,17240,17240,17240,2,0
2023-06-13 15:10:21,17241,17241,17241,2,2
2023-06-13 15:10:23,17242,17242,17242,32,32
2023-06-13 15:10:23,17242,17242,17242,4,0
2023-06-13 15:10:24,17243,17243,17243,4,4
2023-06-13 15:10:24,17243,17243,17243,2,0
2023-06-13 15:10:24,17243,17243,17243,2,0
2023-06-13 15:10:25,17243,17243,17243,2,0
2023-06-13 15:10:26,17243,17243,17243,2,0
2023-06-13 15:10:28,17243,17243,17243,2,0
2023-06-13 15:10:31,17244,17244,17244,4,4
2023-06-13 15:10:32,17244,17244,17244,4,0
2023-06-13 15:10:32,17243,17243,17243,2,-2
2023-06-13 15:10:32,17243,17243,17243,6,0
2023-06-13 15:10:32,17243,17243,17243,2,0
2023-06-13 15:10:32,17243,17243,17243,2,0
2023-06-13 15:10:32,17243,17243,17243,2,0
2023-06-13 15:10:32,17243,17243,17243,2,0
2023-06-13 15:10:32,17243,17243,17243,2,0
2023-06-13 15:10:32,17243,17243,17243,2,0
2023-06-13 15:10:32,17243,17243,17243,2,0
2023-06-13 15:10:32,17243,17243,17243,4,0
2023-06-13 15:10:33,17242,17242,17242,2,-2
2023-06-13 15:10:33,17243,17243,17243,2,2
2023-06-13 15:10:35,17243,17243,17243,2,0
2023-06-13 15:10:37,17243,17243,17243,2,0
2023-06-13 15:10:37,17243,17243,17243,2,0
2023-06-13 15:10:37,17244,17244,17244,2,2
2023-06-13 15:10:39,17244,17244,17244,2,0
2023-06-13 15:10:39,17243,17243,17243,2,-2
2023-06-13 15:10:39,17243,17243,17243,2,0
2023-06-13 15:10:42,17243,17243,17243,2,0
2023-06-13 15:10:43,17243,17243,17243,2,0
2023-06-13 15:10:43,17243,17243,17243,2,0
2023-06-13 15:10:43,17243,17243,17243,2,0
2023-06-13 15:10:43,17243,17243,17243,2,0
2023-06-13 15:10:44,17244,17244,17244,4,4
2023-06-13 15:10:47,17244,17244,17244,2,0
2023-06-13 15:10:47,17244,17244,17244,40,0
2023-06-13 15:10:48,17244,17244,17244,2,0
2023-06-13 15:10:48,17244,17244,17244,2,0
2023-06-13 15:10:50,17244,17244,17244,2,0
2023-06-13 15:10:50,17244,17244,17244,2,0
2023-06-13 15:10:50,17244,17244,17244,2,0
2023-06-13 15:10:50,17245,17245,17245,4,4
2023-06-13 15:10:51,17245,17245,17245,4,0
2023-06-13 15:10:51,17245,17245,17245,8,0
2023-06-13 15:10:51,17246,17246,17246,2,2
2023-06-13 15:10:52,17245,17245,17245,4,-4
2023-06-13 15:10:52,17246,17246,17246,2,2
2023-06-13 15:10:55,17246,17246,17246,2,0
2023-06-13 15:10:57,17246,17246,17246,2,0
2023-06-13 15:10:58,17246,17246,17246,2,0
2023-06-13 15:10:58,17245,17245,17245,2,-2
2023-06-13 15:10:59,17245,17245,17245,2,0
2023-06-13 15:10:59,17245,17245,17245,2,0
2023-06-13 15:10:59,17245,17245,17245,2,0
2023-06-13 15:10:59,17245,17245,17245,4,0
2023-06-13 15:11:00,17245,17245,17245,2,0
2023-06-13 15:11:00,17244,17244,17244,2,-2
2023-06-13 15:11:00,17244,17244,17244,6,0
2023-06-13 15:11:01,17244,17244,17244,6,0
2023-06-13 15:11:01,17244,17244,17244,6,0
2023-06-13 15:11:02,17243,17243,17243,2,-2
2023-06-13 15:11:05,17244,17244,17244,6,6
2023-06-13 15:11:07,17245,17245,17245,4,4
2023-06-13 15:11:08,17244,17244,17244,2,-2
2023-06-13 15:11:10,17244,17244,17244,2,0
2023-06-13 15:11:12,17244,17244,17244,2,0
2023-06-13 15:11:16,17244,17244,17244,2,0
2023-06-13 15:11:16,17243,17243,17243,2,-2
2023-06-13 15:11:16,17243,17243,17243,2,0
2023-06-13 15:11:16,17243,17243,17243,2,0
2023-06-13 15:11:16,17243,17243,17243,2,0
2023-06-13 15:11:16,17243,17243,17243,2,0
2023-06-13 15:11:16,17243,17243,17243,2,0
2023-06-13 15:11:16,17243,17243,17243,6,0
2023-06-13 15:11:17,17243,17243,17243,2,0
2023-06-13 15:11:17,17243,17243,17243,2,0
2023-06-13 15:11:21,17244,17244,17244,2,2
2023-06-13 15:11:26,17243,17243,17243,16,-16
2023-06-13 15:11:26,17243,17243,17243,2,0
2023-06-13 15:11:26,17243,17243,17243,4,0
2023-06-13 15:11:26,17243,17243,17243,2,0
2023-06-13 15:11:26,17243,17243,17243,2,0
2023-06-13 15:11:26,17243,17243,17243,2,0
2023-06-13 15:11:26,17243,17243,17243,2,0
2023-06-13 15:11:26,17243,17243,17243,2,0
2023-06-13 15:11:26,17243,17243,17243,2,0
2023-06-13 15:11:26,17243,17243,17243,2,0
2023-06-13 15:11:27,17242,17242,17242,2,-2
2023-06-13 15:11:27,17242,17242,17242,2,0
2023-06-13 15:11:27,17242,17242,17242,2,0
2023-06-13 15:11:28,17243,17243,17243,4,4
2023-06-13 15:11:28,17242,17242,17242,2,-2
2023-06-13 15:11:29,17242,17242,17242,2,0
2023-06-13 15:11:31,17242,17242,17242,2,0
2023-06-13 15:11:32,17242,17242,17242,4,0
2023-06-13 15:11:33,17241,17241,17241,4,-4
2023-06-13 15:11:34,17241,17241,17241,2,0
2023-06-13 15:11:34,17241,17241,17241,2,0
2023-06-13 15:11:35,17241,17241,17241,6,0
2023-06-13 15:11:35,17240,17240,17240,6,-6
2023-06-13 15:11:37,17240,17240,17240,6,0
2023-06-13 15:11:37,17240,17240,17240,4,0
2023-06-13 15:11:39,17240,17240,17240,2,0
2023-06-13 15:11:39,17240,17240,17240,2,0
2023-06-13 15:11:39,17240,17240,17240,2,0
2023-06-13 15:11:40,17240,17240,17240,4,0
2023-06-13 15:11:40,17240,17240,17240,2,0
2023-06-13 15:11:40,17240,17240,17240,2,0
2023-06-13 15:11:40,17240,17240,17240,2,0
2023-06-13 15:11:40,17240,17240,17240,2,0
2023-06-13 15:11:40,17240,17240,17240,2,0
2023-06-13 15:11:40,17240,17240,17240,2,0
2023-06-13 15:11:42,17240,17240,17240,4,0
2023-06-13 15:11:44,17240,17240,17240,2,0
2023-06-13 15:11:45,17240,17240,17240,14,0
2023-06-13 15:11:45,17240,17240,17240,2,0
2023-06-13 15:11:45,17240,17240,17240,2,0
2023-06-13 15:11:45,17240,17240,17240,6,0
2023-06-13 15:11:48,17240,17240,17240,8,0
2023-06-13 15:11:48,17240,17240,17240,2,0
2023-06-13 15:11:52,17240,17240,17240,2,0
2023-06-13 15:11:54,17240,17240,17240,2,0
2023-06-13 15:11:57,17240,17240,17240,2,0
2023-06-13 15:11:57,17240,17240,17240,2,0
2023-06-13 15:11:57,17240,17240,17240,2,0
2023-06-13 15:11:57,17241,17241,17241,14,14
2023-06-13 15:11:59,17241,17241,17241,2,0
2023-06-13 15:12:00,17239,17239,17239,4,-4
2023-06-13 15:12:00,17240,17240,17240,2,2
2023-06-13 15:12:00,17239,17239,17239,2,-2
2023-06-13 15:12:00,17239,17239,17239,2,0
2023-06-13 15:12:01,17238,17238,17238,2,-2
2023-06-13 15:12:01,17239,17239,17239,2,2
2023-06-13 15:12:01,17239,17239,17239,2,0
2023-06-13 15:12:01,17239,17239,17239,2,0
2023-06-13 15:12:02,17239,17239,17239,2,0
2023-06-13 15:12:02,17239,17239,17239,16,0
2023-06-13 15:12:02,17240,17240,17240,6,6
2023-06-13 15:12:02,17240,17240,17240,4,0
2023-06-13 15:12:02,17240,17240,17240,2,0
2023-06-13 15:12:02,17240,17240,17240,4,0
2023-06-13 15:12:02,17240,17240,17240,4,0
2023-06-13 15:12:02,17240,17240,17240,4,0
2023-06-13 15:12:02,17239,17239,17239,4,-4
2023-06-13 15:12:02,17239,17239,17239,2,0
2023-06-13 15:12:02,17240,17240,17240,2,2
2023-06-13 15:12:03,17238,17238,17238,2,-2
2023-06-13 15:12:04,17238,17238,17238,2,0
2023-06-13 15:12:04,17238,17238,17238,2,0
2023-06-13 15:12:04,17238,17238,17238,2,0
2023-06-13 15:12:04,17238,17238,17238,4,0
2023-06-13 15:12:04,17238,17238,17238,8,0
2023-06-13 15:12:04,17238,17238,17238,2,0
2023-06-13 15:12:04,17238,17238,17238,6,0
2023-06-13 15:12:04,17238,17238,17238,2,0
2023-06-13 15:12:05,17238,17238,17238,2,0
2023-06-13 15:12:05,17238,17238,17238,2,0
2023-06-13 15:12:06,17237,17237,17237,2,-2
2023-06-13 15:12:06,17237,17237,17237,2,0
2023-06-13 15:12:06,17237,17237,17237,4,0
2023-06-13 15:12:06,17237,17237,17237,6,0
2023-06-13 15:12:06,17237,17237,17237,2,0
2023-06-13 15:12:06,17237,17237,17237,2,0
2023-06-13 15:12:06,17237,17237,17237,2,0
2023-06-13 15:12:06,17237,17237,17237,4,0
2023-06-13 15:12:06,17237,17237,17237,2,0
2023-06-13 15:12:06,17237,17237,17237,2,0
2023-06-13 15:12:06,17237,17237,17237,2,0
2023-06-13 15:12:06,17237,17237,17237,2,0
2023-06-13 15:12:07,17236,17236,17236,2,-2
2023-06-13 15:12:07,17237,17237,17237,2,2
2023-06-13 15:12:12,17237,17237,17237,2,0
2023-06-13 15:12:14,17237,17237,17237,2,0
2023-06-13 15:12:15,17237,17237,17237,2,0
2023-06-13 15:12:16,17237,17237,17237,2,0
2023-06-13 15:12:16,17237,17237,17237,2,0
2023-06-13 15:12:17,17237,17237,17237,2,0
2023-06-13 15:12:20,17237,17237,17237,2,0
2023-06-13 15:12:20,17236,17236,17236,2,-2
2023-06-13 15:12:23,17237,17237,17237,4,4
2023-06-13 15:12:25,17237,17237,17237,2,0
2023-06-13 15:12:25,17237,17237,17237,2,0
2023-06-13 15:12:25,17237,17237,17237,4,0
2023-06-13 15:12:25,17237,17237,17237,2,0
2023-06-13 15:12:25,17237,17237,17237,6,0
2023-06-13 15:12:25,17237,17237,17237,2,0
2023-06-13 15:12:25,17237,17237,17237,2,0
2023-06-13 15:12:26,17237,17237,17237,2,0
2023-06-13 15:12:29,17237,17237,17237,2,0
2023-06-13 15:12:30,17237,17237,17237,2,0
2023-06-13 15:12:37,17236,17236,17236,2,-2
2023-06-13 15:12:38,17237,17237,17237,2,2
2023-06-13 15:12:38,17236,17236,17236,2,-2
2023-06-13 15:12:39,17236,17236,17236,2,0
2023-06-13 15:12:39,17236,17236,17236,2,0
2023-06-13 15:12:39,17236,17236,17236,2,0
2023-06-13 15:12:39,17236,17236,17236,2,0
2023-06-13 15:12:39,17236,17236,17236,2,0
2023-06-13 15:12:39,17236,17236,17236,2,0
2023-06-13 15:12:39,17236,17236,17236,2,0
2023-06-13 15:12:39,17236,17236,17236,2,0
2023-06-13 15:12:39,17236,17236,17236,4,0
2023-06-13 15:12:39,17236,17236,17236,2,0
2023-06-13 15:12:39,17236,17236,17236,2,0
2023-06-13 15:12:39,17236,17236,17236,2,0
2023-06-13 15:12:43,17236,17236,17236,2,0
2023-06-13 15:12:43,17236,17236,17236,2,0
2023-06-13 15:12:46,17236,17236,17236,4,0
2023-06-13 15:12:49,17237,17237,17237,2,2
2023-06-13 15:12:52,17236,17236,17236,2,-2
2023-06-13 15:12:52,17236,17236,17236,2,0
2023-06-13 15:12:52,17237,17237,17237,2,2
2023-06-13 15:12:52,17236,17236,17236,2,-2
2023-06-13 15:12:54,17236,17236,17236,4,0
2023-06-13 15:12:55,17235,17235,17235,4,-4
2023-06-13 15:12:58,17237,17237,17237,4,4
2023-06-13 15:12:59,17236,17236,17236,2,-2
2023-06-13 15:12:59,17236,17236,17236,2,0
2023-06-13 15:12:59,17236,17236,17236,2,0
2023-06-13 15:13:00,17236,17236,17236,2,0
2023-06-13 15:13:00,17236,17236,17236,2,0
2023-06-13 15:13:00,17236,17236,17236,2,0
2023-06-13 15:13:00,17236,17236,17236,2,0
2023-06-13 15:13:10,17236,17236,17236,2,0
2023-06-13 15:13:11,17237,17237,17237,2,2
2023-06-13 15:13:11,17236,17236,17236,2,-2
2023-06-13 15:13:11,17236,17236,17236,2,0
2023-06-13 15:13:14,17237,17237,17237,2,2
2023-06-13 15:13:14,17237,17237,17237,2,0
2023-06-13 15:13:14,17237,17237,17237,2,0
2023-06-13 15:13:14,17237,17237,17237,2,0
2023-06-13 15:13:14,17237,17237,17237,2,0
2023-06-13 15:13:14,17237,17237,17237,2,0
2023-06-13 15:13:14,17237,17237,17237,2,0
2023-06-13 15:13:15,17237,17237,17237,2,0
2023-06-13 15:13:15,17237,17237,17237,2,0
2023-06-13 15:13:19,17237,17237,17237,4,0
2023-06-13 15:13:19,17237,17237,17237,2,0
2023-06-13 15:13:19,17237,17237,17237,2,0
2023-06-13 15:13:19,17237,17237,17237,2,0
2023-06-13 15:13:19,17237,17237,17237,6,0
2023-06-13 15:13:19,17237,17237,17237,2,0
2023-06-13 15:13:19,17237,17237,17237,2,0
2023-06-13 15:13:20,17237,17237,17237,2,0
2023-06-13 15:13:20,17237,17237,17237,2,0
2023-06-13 15:13:20,17237,17237,17237,6,0
2023-06-13 15:13:21,17237,17237,17237,2,0
2023-06-13 15:13:21,17237,17237,17237,4,0
2023-06-13 15:13:23,17238,17238,17238,4,4
2023-06-13 15:13:23,17238,17238,17238,2,0
2023-06-13 15:13:24,17239,17239,17239,2,2
2023-06-13 15:13:26,17239,17239,17239,2,0
2023-06-13 15:13:28,17238,17238,17238,2,-2
2023-06-13 15:13:34,17238,17238,17238,2,0
2023-06-13 15:13:34,17237,17237,17237,2,-2
2023-06-13 15:13:35,17237,17237,17237,2,0
2023-06-13 15:13:35,17237,17237,17237,2,0
2023-06-13 15:13:35,17237,17237,17237,6,0
2023-06-13 15:13:39,17237,17237,17237,4,0
2023-06-13 15:13:47,17237,17237,17237,2,0
2023-06-13 15:13:47,17237,17237,17237,2,0
2023-06-13 15:13:47,17237,17237,17237,2,0
2023-06-13 15:13:47,17237,17237,17237,2,0
2023-06-13 15:13:47,17237,17237,17237,2,0
2023-06-13 15:13:47,17237,17237,17237,2,0
2023-06-13 15:13:49,17236,17236,17236,2,-2
2023-06-13 15:13:49,17236,17236,17236,2,0
2023-06-13 15:13:49,17236,17236,17236,2,0
2023-06-13 15:13:49,17236,17236,17236,2,0
2023-06-13 15:13:52,17236,17236,17236,2,0
2023-06-13 15:13:52,17235,17235,17235,2,-2
2023-06-13 15:13:52,17235,17235,17235,2,0
2023-06-13 15:13:52,17235,17235,17235,2,0
2023-06-13 15:13:52,17235,17235,17235,4,0
2023-06-13 15:13:52,17235,17235,17235,2,0
2023-06-13 15:13:52,17235,17235,17235,10,0
2023-06-13 15:13:52,17235,17235,17235,2,0
2023-06-13 15:13:52,17235,17235,17235,2,0
2023-06-13 15:13:52,17235,17235,17235,2,0
2023-06-13 15:13:52,17235,17235,17235,2,0
2023-06-13 15:13:52,17235,17235,17235,2,0
2023-06-13 15:13:55,17234,17234,17234,2,-2
2023-06-13 15:13:55,17234,17234,17234,2,0
2023-06-13 15:13:57,17234,17234,17234,2,0
2023-06-13 15:13:57,17234,17234,17234,2,0
2023-06-13 15:14:00,17233,17233,17233,2,-2
2023-06-13 15:14:01,17234,17234,17234,2,2
2023-06-13 15:14:02,17233,17233,17233,2,-2
2023-06-13 15:14:04,17234,17234,17234,4,4
2023-06-13 15:14:05,17234,17234,17234,6,0
2023-06-13 15:14:05,17233,17233,17233,2,-2
2023-06-13 15:14:05,17233,17233,17233,2,0
2023-06-13 15:14:05,17233,17233,17233,2,0
2023-06-13 15:14:05,17233,17233,17233,2,0
2023-06-13 15:14:05,17233,17233,17233,2,0
2023-06-13 15:14:05,17233,17233,17233,2,0
2023-06-13 15:14:06,17232,17232,17232,2,-2
2023-06-13 15:14:06,17232,17232,17232,4,0
2023-06-13 15:14:06,17232,17232,17232,2,0
2023-06-13 15:14:06,17232,17232,17232,2,0
2023-06-13 15:14:06,17232,17232,17232,2,0
2023-06-13 15:14:06,17232,17232,17232,2,0
2023-06-13 15:14:06,17232,17232,17232,2,0
2023-06-13 15:14:07,17232,17232,17232,2,0
2023-06-13 15:14:07,17232,17232,17232,2,0
2023-06-13 15:14:11,17232,17232,17232,2,0
2023-06-13 15:14:11,17232,17232,17232,2,0
2023-06-13 15:14:17,17233,17233,17233,2,2
2023-06-13 15:14:18,17233,17233,17233,2,0
2023-06-13 15:14:18,17234,17234,17234,2,2
2023-06-13 15:14:23,17233,17233,17233,2,-2
2023-06-13 15:14:23,17233,17233,17233,2,0
2023-06-13 15:14:23,17233,17233,17233,4,0
2023-06-13 15:14:24,17232,17232,17232,2,-2
2023-06-13 15:14:24,17233,17233,17233,2,2
2023-06-13 15:14:31,17233,17233,17233,2,0
2023-06-13 15:14:33,17233,17233,17233,2,0
2023-06-13 15:14:33,17233,17233,17233,8,0
2023-06-13 15:14:37,17233,17233,17233,2,0
2023-06-13 15:14:40,17233,17233,17233,2,0
2023-06-13 15:14:40,17233,17233,17233,2,0
2023-06-13 15:14:40,17233,17233,17233,2,0
2023-06-13 15:14:40,17233,17233,17233,2,0
2023-06-13 15:14:40,17233,17233,17233,2,0
2023-06-13 15:14:40,17233,17233,17233,4,0
2023-06-13 15:14:40,17233,17233,17233,2,0
2023-06-13 15:14:40,17233,17233,17233,6,0
2023-06-13 15:14:40,17233,17233,17233,2,0
2023-06-13 15:14:40,17233,17233,17233,2,0
2023-06-13 15:14:40,17233,17233,17233,2,0
2023-06-13 15:14:44,17233,17233,17233,2,0
2023-06-13 15:14:46,17234,17234,17234,2,2
2023-06-13 15:14:51,17233,17233,17233,2,-2
2023-06-13 15:14:51,17233,17233,17233,2,0
2023-06-13 15:14:51,17233,17233,17233,2,0
2023-06-13 15:14:51,17233,17233,17233,4,0
2023-06-13 15:14:51,17233,17233,17233,2,0
2023-06-13 15:14:51,17233,17233,17233,2,0
2023-06-13 15:14:51,17233,17233,17233,4,0
2023-06-13 15:14:51,17233,17233,17233,2,0
2023-06-13 15:14:51,17233,17233,17233,2,0
2023-06-13 15:14:51,17233,17233,17233,2,0
2023-06-13 15:14:51,17233,17233,17233,2,0
2023-06-13 15:14:54,17233,17233,17233,2,0
2023-06-13 15:14:54,17233,17233,17233,2,0
2023-06-13 15:14:54,17233,17233,17233,4,0
2023-06-13 15:14:54,17233,17233,17233,2,0
2023-06-13 15:14:59,17233,17233,17233,2,0
2023-06-13 15:14:59,17233,17233,17233,2,0
2023-06-13 15:15:00,17233,17233,17233,2,0
2023-06-13 15:15:00,17232,17232,17232,2,-2
2023-06-13 15:15:00,17232,17232,17232,2,0
2023-06-13 15:15:02,17233,17233,17233,2,2
2023-06-13 15:15:03,17233,17233,17233,2,0
2023-06-13 15:15:04,17232,17232,17232,2,-2
2023-06-13 15:15:04,17232,17232,17232,2,0
2023-06-13 15:15:04,17232,17232,17232,2,0
2023-06-13 15:15:04,17232,17232,17232,4,0
2023-06-13 15:15:04,17232,17232,17232,4,0
2023-06-13 15:15:04,17232,17232,17232,12,0
2023-06-13 15:15:04,17232,17232,17232,2,0
2023-06-13 15:15:04,17232,17232,17232,2,0
2023-06-13 15:15:04,17232,17232,17232,4,0
2023-06-13 15:15:04,17232,17232,17232,2,0
2023-06-13 15:15:04,17232,17232,17232,20,0
2023-06-13 15:15:04,17232,17232,17232,2,0
2023-06-13 15:15:04,17232,17232,17232,2,0
2023-06-13 15:15:04,17231,17231,17231,2,-2
2023-06-13 15:15:04,17231,17231,17231,2,0
2023-06-13 15:15:04,17231,17231,17231,6,0
2023-06-13 15:15:04,17231,17231,17231,2,0
2023-06-13 15:15:04,17231,17231,17231,6,0
2023-06-13 15:15:04,17231,17231,17231,2,0
2023-06-13 15:15:04,17231,17231,17231,2,0
2023-06-13 15:15:04,17231,17231,17231,2,0
2023-06-13 15:15:04,17231,17231,17231,2,0
2023-06-13 15:15:04,17231,17231,17231,4,0
2023-06-13 15:15:04,17231,17231,17231,2,0
2023-06-13 15:15:04,17230,17230,17230,2,-2
2023-06-13 15:15:04,17230,17230,17230,2,0
2023-06-13 15:15:04,17230,17230,17230,2,0
2023-06-13 15:15:04,17230,17230,17230,2,0
2023-06-13 15:15:04,17230,17230,17230,2,0
2023-06-13 15:15:04,17230,17230,17230,2,0
2023-06-13 15:15:04,17230,17230,17230,2,0
2023-06-13 15:15:04,17230,17230,17230,2,0
2023-06-13 15:15:04,17230,17230,17230,8,0
2023-06-13 15:15:04,17230,17230,17230,2,0
2023-06-13 15:15:04,17230,17230,17230,4,0
2023-06-13 15:15:04,17230,17230,17230,2,0
2023-06-13 15:15:04,17229,17229,17229,10,-10
2023-06-13 15:15:04,17229,17229,17229,4,0
2023-06-13 15:15:08,17229,17229,17229,2,0
2023-06-13 15:15:08,17229,17229,17229,2,0
2023-06-13 15:15:08,17229,17229,17229,2,0
2023-06-13 15:15:08,17229,17229,17229,2,0
2023-06-13 15:15:08,17229,17229,17229,2,0
2023-06-13 15:15:08,17229,17229,17229,2,0
2023-06-13 15:15:08,17229,17229,17229,2,0
2023-06-13 15:15:08,17229,17229,17229,2,0
2023-06-13 15:15:09,17229,17229,17229,2,0
2023-06-13 15:15:09,17228,17228,17228,2,-2
2023-06-13 15:15:09,17228,17228,17228,2,0
2023-06-13 15:15:09,17228,17228,17228,2,0
2023-06-13 15:15:09,17228,17228,17228,2,0
2023-06-13 15:15:09,17228,17228,17228,2,0
2023-06-13 15:15:09,17228,17228,17228,2,0
2023-06-13 15:15:09,17228,17228,17228,10,0
2023-06-13 15:15:09,17228,17228,17228,16,0
2023-06-13 15:15:09,17228,17228,17228,2,0
2023-06-13 15:15:09,17228,17228,17228,2,0
2023-06-13 15:15:09,17228,17228,17228,2,0
2023-06-13 15:15:10,17228,17228,17228,2,0
2023-06-13 15:15:10,17228,17228,17228,4,0
2023-06-13 15:15:11,17229,17229,17229,2,2
2023-06-13 15:15:13,17227,17227,17227,2,-2
2023-06-13 15:15:13,17227,17227,17227,2,0
2023-06-13 15:15:13,17227,17227,17227,2,0
2023-06-13 15:15:13,17227,17227,17227,2,0
2023-06-13 15:15:13,17227,17227,17227,2,0
2023-06-13 15:15:13,17227,17227,17227,2,0
2023-06-13 15:15:13,17227,17227,17227,2,0
2023-06-13 15:15:13,17227,17227,17227,2,0
2023-06-13 15:15:13,17227,17227,17227,2,0
2023-06-13 15:15:13,17227,17227,17227,2,0
2023-06-13 15:15:13,17227,17227,17227,2,0
2023-06-13 15:15:13,17227,17227,17227,2,0
2023-06-13 15:15:13,17227,17227,17227,2,0
2023-06-13 15:15:13,17226,17226,17226,2,-2
2023-06-13 15:15:13,17226,17226,17226,2,0
2023-06-13 15:15:13,17226,17226,17226,2,0
2023-06-13 15:15:13,17226,17226,17226,2,0
2023-06-13 15:15:13,17226,17226,17226,2,0
2023-06-13 15:15:13,17226,17226,17226,2,0
2023-06-13 15:15:13,17226,17226,17226,2,0
2023-06-13 15:15:13,17226,17226,17226,2,0
2023-06-13 15:15:14,17225,17225,17225,2,-2
2023-06-13 15:15:14,17225,17225,17225,2,0
2023-06-13 15:15:14,17225,17225,17225,2,0
2023-06-13 15:15:14,17226,17226,17226,2,2
2023-06-13 15:15:14,17225,17225,17225,2,-2
2023-06-13 15:15:14,17225,17225,17225,2,0
2023-06-13 15:15:14,17225,17225,17225,4,0
2023-06-13 15:15:14,17225,17225,17225,4,0
2023-06-13 15:15:14,17225,17225,17225,2,0
2023-06-13 15:15:15,17227,17227,17227,2,2
2023-06-13 15:15:19,17226,17226,17226,2,-2
2023-06-13 15:15:20,17228,17228,17228,2,2
2023-06-13 15:15:20,17227,17227,17227,2,-2
2023-06-13 15:15:21,17226,17226,17226,2,-2
2023-06-13 15:15:22,17226,17226,17226,2,0
2023-06-13 15:15:23,17227,17227,17227,2,2
2023-06-13 15:15:27,17226,17226,17226,2,-2
2023-06-13 15:15:31,17229,17229,17229,2,2
2023-06-13 15:15:34,17230,17230,17230,2,2
2023-06-13 15:15:34,17229,17229,17229,2,-2
2023-06-13 15:15:34,17229,17229,17229,4,0
2023-06-13 15:15:34,17229,17229,17229,2,0
2023-06-13 15:15:34,17229,17229,17229,6,0
2023-06-13 15:15:34,17229,17229,17229,2,0
2023-06-13 15:15:34,17229,17229,17229,2,0
2023-06-13 15:15:34,17229,17229,17229,4,0
2023-06-13 15:15:34,17229,17229,17229,4,0
2023-06-13 15:15:34,17229,17229,17229,2,0
2023-06-13 15:15:34,17229,17229,17229,2,0
2023-06-13 15:15:40,17231,17231,17231,4,4
2023-06-13 15:15:41,17230,17230,17230,2,-2
2023-06-13 15:15:43,17230,17230,17230,2,0
2023-06-13 15:15:48,17229,17229,17229,2,-2
2023-06-13 15:15:51,17228,17228,17228,2,-2
2023-06-13 15:15:58,17228,17228,17228,2,0
2023-06-13 15:15:59,17229,17229,17229,2,2
2023-06-13 15:16:01,17228,17228,17228,2,-2
2023-06-13 15:16:01,17230,17230,17230,2,2
2023-06-13 15:16:01,17230,17230,17230,2,0
2023-06-13 15:16:01,17230,17230,17230,2,0
2023-06-13 15:16:11,17230,17230,17230,2,0
2023-06-13 15:16:11,17229,17229,17229,4,-4
2023-06-13 15:16:20,17229,17229,17229,2,0
2023-06-13 15:16:20,17229,17229,17229,2,0
2023-06-13 15:16:20,17229,17229,17229,2,0
2023-06-13 15:16:20,17229,17229,17229,2,0
2023-06-13 15:16:20,17229,17229,17229,2,0
2023-06-13 15:16:20,17230,17230,17230,2,2
2023-06-13 15:16:20,17230,17230,17230,2,0
2023-06-13 15:16:20,17230,17230,17230,2,0
2023-06-13 15:16:20,17230,17230,17230,2,0
2023-06-13 15:16:20,17230,17230,17230,2,0
2023-06-13 15:16:20,17230,17230,17230,2,0
2023-06-13 15:16:22,17229,17229,17229,2,-2
2023-06-13 15:16:22,17229,17229,17229,4,0
2023-06-13 15:16:22,17229,17229,17229,2,0
2023-06-13 15:16:22,17229,17229,17229,4,0
2023-06-13 15:16:22,17230,17230,17230,2,2
2023-06-13 15:16:27,17230,17230,17230,2,0
2023-06-13 15:16:27,17230,17230,17230,8,0
2023-06-13 15:16:27,17230,17230,17230,2,0
2023-06-13 15:16:27,17230,17230,17230,2,0
2023-06-13 15:16:27,17230,17230,17230,4,0
2023-06-13 15:16:27,17230,17230,17230,4,0
2023-06-13 15:16:30,17230,17230,17230,2,0
2023-06-13 15:16:30,17231,17231,17231,2,2
2023-06-13 15:16:30,17231,17231,17231,2,0
2023-06-13 15:16:30,17231,17231,17231,2,0
2023-06-13 15:16:30,17231,17231,17231,2,0
2023-06-13 15:16:30,17232,17232,17232,2,2
2023-06-13 15:16:30,17232,17232,17232,2,0
2023-06-13 15:16:31,17232,17232,17232,8,0
2023-06-13 15:16:33,17232,17232,17232,2,0
2023-06-13 15:16:34,17232,17232,17232,2,0
2023-06-13 15:16:37,17234,17234,17234,10,10
2023-06-13 15:16:37,17235,17235,17235,30,30
2023-06-13 15:16:38,17234,17234,17234,2,-2
2023-06-13 15:16:38,17235,17235,17235,2,2
2023-06-13 15:16:38,17235,17235,17235,2,0
2023-06-13 15:16:38,17234,17234,17234,4,-4
2023-06-13 15:16:38,17234,17234,17234,2,0
2023-06-13 15:16:38,17234,17234,17234,2,0
2023-06-13 15:16:38,17233,17233,17233,2,-2
2023-06-13 15:16:39,17233,17233,17233,4,0
2023-06-13 15:16:39,17233,17233,17233,2,0
2023-06-13 15:16:39,17233,17233,17233,2,0
2023-06-13 15:16:39,17233,17233,17233,2,0
2023-06-13 15:16:43,17233,17233,17233,4,0
2023-06-13 15:16:43,17233,17233,17233,4,0
2023-06-13 15:16:43,17233,17233,17233,2,0
2023-06-13 15:16:43,17233,17233,17233,2,0
2023-06-13 15:16:44,17233,17233,17233,2,0
2023-06-13 15:16:46,17233,17233,17233,2,0
2023-06-13 15:16:48,17232,17232,17232,2,-2
2023-06-13 15:16:48,17232,17232,17232,2,0
2023-06-13 15:16:50,17233,17233,17233,4,4
2023-06-13 15:16:51,17235,17235,17235,8,8
2023-06-13 15:16:54,17233,17233,17233,6,-6
2023-06-13 15:16:54,17233,17233,17233,4,0
2023-06-13 15:16:54,17233,17233,17233,2,0
2023-06-13 15:16:56,17233,17233,17233,2,0
2023-06-13 15:16:57,17234,17234,17234,2,2
2023-06-13 15:17:01,17234,17234,17234,2,0
2023-06-13 15:17:01,17234,17234,17234,4,0
2023-06-13 15:17:01,17234,17234,17234,6,0
2023-06-13 15:17:01,17234,17234,17234,14,0
2023-06-13 15:17:03,17234,17234,17234,2,0
2023-06-13 15:17:05,17234,17234,17234,2,0
2023-06-13 15:17:06,17234,17234,17234,8,0
2023-06-13 15:17:06,17234,17234,17234,2,0
2023-06-13 15:17:06,17232,17232,17232,2,-2
2023-06-13 15:17:13,17233,17233,17233,2,2
2023-06-13 15:17:13,17232,17232,17232,2,-2
2023-06-13 15:17:14,17232,17232,17232,2,0
2023-06-13 15:17:14,17232,17232,17232,2,0
2023-06-13 15:17:14,17231,17231,17231,2,-2
2023-06-13 15:17:21,17234,17234,17234,2,2
2023-06-13 15:17:23,17232,17232,17232,2,-2
2023-06-13 15:17:23,17232,17232,17232,2,0
2023-06-13 15:17:24,17231,17231,17231,2,-2
2023-06-13 15:17:25,17231,17231,17231,2,0
2023-06-13 15:17:25,17231,17231,17231,2,0
2023-06-13 15:17:26,17230,17230,17230,2,-2
2023-06-13 15:17:26,17230,17230,17230,2,0
2023-06-13 15:17:26,17230,17230,17230,4,0
2023-06-13 15:17:26,17230,17230,17230,2,0
2023-06-13 15:17:26,17230,17230,17230,2,0
2023-06-13 15:17:31,17229,17229,17229,2,-2
2023-06-13 15:17:31,17229,17229,17229,2,0
2023-06-13 15:17:31,17229,17229,17229,2,0
2023-06-13 15:17:32,17228,17228,17228,2,-2
2023-06-13 15:17:36,17228,17228,17228,2,0
2023-06-13 15:17:38,17228,17228,17228,2,0
2023-06-13 15:17:38,17228,17228,17228,2,0
2023-06-13 15:17:40,17228,17228,17228,2,0
2023-06-13 15:17:42,17227,17227,17227,4,-4
2023-06-13 15:17:42,17227,17227,17227,4,0
2023-06-13 15:17:43,17227,17227,17227,2,0
2023-06-13 15:17:43,17227,17227,17227,2,0
2023-06-13 15:17:43,17227,17227,17227,2,0
2023-06-13 15:17:44,17226,17226,17226,4,-4
2023-06-13 15:17:44,17226,17226,17226,4,0
2023-06-13 15:17:44,17226,17226,17226,2,0
2023-06-13 15:17:48,17228,17228,17228,6,6
2023-06-13 15:18:01,17231,17231,17231,2,2
2023-06-13 15:18:02,17231,17231,17231,2,0
2023-06-13 15:18:08,17234,17234,17234,2,2
2023-06-13 15:18:12,17234,17234,17234,2,0
2023-06-13 15:18:16,17233,17233,17233,2,-2
2023-06-13 15:18:18,17234,17234,17234,8,8
2023-06-13 15:18:21,17233,17233,17233,2,-2
2023-06-13 15:18:21,17233,17233,17233,2,0
2023-06-13 15:18:21,17233,17233,17233,2,0
2023-06-13 15:18:29,17232,17232,17232,2,-2
2023-06-13 15:18:34,17231,17231,17231,2,-2
2023-06-13 15:18:35,17231,17231,17231,4,0
2023-06-13 15:18:36,17231,17231,17231,2,0
2023-06-13 15:18:42,17230,17230,17230,2,-2
2023-06-13 15:18:44,17230,17230,17230,2,0
2023-06-13 15:18:45,17231,17231,17231,2,2
2023-06-13 15:18:49,17231,17231,17231,2,0
2023-06-13 15:18:51,17231,17231,17231,2,0
2023-06-13 15:18:52,17231,17231,17231,4,0
2023-06-13 15:18:56,17231,17231,17231,2,0
2023-06-13 15:19:00,17230,17230,17230,2,-2
2023-06-13 15:19:00,17230,17230,17230,2,0
2023-06-13 15:19:03,17230,17230,17230,2,0
2023-06-13 15:19:06,17231,17231,17231,2,2
2023-06-13 15:19:09,17231,17231,17231,2,0
2023-06-13 15:19:22,17229,17229,17229,2,-2
2023-06-13 15:19:34,17229,17229,17229,2,0
2023-06-13 15:19:34,17229,17229,17229,4,0
2023-06-13 15:19:39,17229,17229,17229,2,0
2023-06-13 15:19:40,17229,17229,17229,4,0
2023-06-13 15:19:40,17229,17229,17229,2,0
2023-06-13 15:19:43,17230,17230,17230,8,8
2023-06-13 15:19:43,17230,17230,17230,2,0
2023-06-13 15:19:48,17230,17230,17230,2,0
2023-06-13 15:19:53,17229,17229,17229,2,-2
2023-06-13 15:19:55,17229,17229,17229,2,0
2023-06-13 15:20:02,17228,17228,17228,2,-2
2023-06-13 15:20:02,17228,17228,17228,2,0
2023-06-13 15:20:02,17228,17228,17228,2,0
2023-06-13 15:20:02,17228,17228,17228,2,0
2023-06-13 15:20:02,17228,17228,17228,2,0
2023-06-13 15:20:04,17227,17227,17227,2,-2
2023-06-13 15:20:10,17228,17228,17228,2,2
2023-06-13 15:20:14,17228,17228,17228,2,0
2023-06-13 15:20:14,17227,17227,17227,2,-2
2023-06-13 15:20:16,17227,17227,17227,2,0
2023-06-13 15:20:16,17227,17227,17227,2,0
2023-06-13 15:20:16,17227,17227,17227,8,0
2023-06-13 15:20:16,17227,17227,17227,2,0
2023-06-13 15:20:16,17227,17227,17227,4,0
2023-06-13 15:20:16,17227,17227,17227,2,0
2023-06-13 15:20:16,17227,17227,17227,2,0
2023-06-13 15:20:16,17227,17227,17227,2,0
2023-06-13 15:20:16,17227,17227,17227,2,0
2023-06-13 15:20:20,17227,17227,17227,6,0
2023-06-13 15:20:23,17227,17227,17227,2,0
2023-06-13 15:20:28,17228,17228,17228,2,2
2023-06-13 15:20:28,17228,17228,17228,2,0
2023-06-13 15:20:29,17230,17230,17230,2,2
2023-06-13 15:20:39,17229,17229,17229,2,-2
2023-06-13 15:20:39,17229,17229,17229,2,0
2023-06-13 15:20:39,17229,17229,17229,2,0
2023-06-13 15:20:41,17229,17229,17229,2,0
2023-06-13 15:20:43,17229,17229,17229,2,0
2023-06-13 15:20:43,17229,17229,17229,2,0
2023-06-13 15:20:43,17229,17229,17229,2,0
2023-06-13 15:20:50,17229,17229,17229,2,0
2023-06-13 15:20:50,17229,17229,17229,2,0
2023-06-13 15:20:50,17229,17229,17229,2,0
2023-06-13 15:20:54,17229,17229,17229,2,0
2023-06-13 15:20:55,17228,17228,17228,2,-2
2023-06-13 15:20:57,17228,17228,17228,2,0
2023-06-13 15:20:58,17229,17229,17229,4,4
2023-06-13 15:20:59,17228,17228,17228,2,-2
2023-06-13 15:21:02,17228,17228,17228,2,0
2023-06-13 15:21:03,17229,17229,17229,4,4
2023-06-13 15:21:04,17230,17230,17230,12,12
2023-06-13 15:21:05,17231,17231,17231,4,4
2023-06-13 15:21:05,17231,17231,17231,12,0
2023-06-13 15:21:05,17231,17231,17231,2,0
2023-06-13 15:21:05,17231,17231,17231,2,0
2023-06-13 15:21:05,17231,17231,17231,2,0
2023-06-13 15:21:07,17232,17232,17232,2,2
2023-06-13 15:21:08,17233,17233,17233,2,2
2023-06-13 15:21:08,17233,17233,17233,2,0
2023-06-13 15:21:15,17232,17232,17232,2,-2
2023-06-13 15:21:19,17232,17232,17232,2,0
2023-06-13 15:21:20,17232,17232,17232,2,0
2023-06-13 15:21:30,17232,17232,17232,2,0
2023-06-13 15:21:32,17232,17232,17232,2,0
2023-06-13 15:21:38,17232,17232,17232,2,0
2023-06-13 15:21:40,17232,17232,17232,4,0
2023-06-13 15:21:40,17232,17232,17232,2,0
2023-06-13 15:21:42,17231,17231,17231,2,-2
2023-06-13 15:21:42,17231,17231,17231,2,0
2023-06-13 15:21:43,17230,17230,17230,2,-2
2023-06-13 15:21:43,17230,17230,17230,2,0
2023-06-13 15:21:43,17230,17230,17230,2,0
2023-06-13 15:21:43,17230,17230,17230,2,0
2023-06-13 15:21:43,17230,17230,17230,4,0
2023-06-13 15:21:43,17230,17230,17230,2,0
2023-06-13 15:21:43,17230,17230,17230,2,0
2023-06-13 15:21:43,17230,17230,17230,2,0
2023-06-13 15:21:43,17230,17230,17230,2,0
2023-06-13 15:21:43,17230,17230,17230,2,0
2023-06-13 15:22:00,17230,17230,17230,2,0
2023-06-13 15:22:01,17230,17230,17230,4,0
2023-06-13 15:22:01,17231,17231,17231,20,20
2023-06-13 15:22:01,17231,17231,17231,2,0
2023-06-13 15:22:01,17231,17231,17231,2,0
2023-06-13 15:22:01,17231,17231,17231,4,0
2023-06-13 15:22:01,17231,17231,17231,2,0
2023-06-13 15:22:06,17230,17230,17230,24,-24
2023-06-13 15:22:06,17230,17230,17230,10,0
2023-06-13 15:22:06,17230,17230,17230,6,0
2023-06-13 15:22:06,17230,17230,17230,6,0
2023-06-13 15:22:06,17230,17230,17230,4,0
2023-06-13 15:22:06,17230,17230,17230,6,0
2023-06-13 15:22:06,17230,17230,17230,2,0
2023-06-13 15:22:06,17230,17230,17230,2,0
2023-06-13 15:22:06,17230,17230,17230,2,0
2023-06-13 15:22:06,17230,17230,17230,2,0
2023-06-13 15:22:06,17230,17230,17230,2,0
2023-06-13 15:22:06,17230,17230,17230,2,0
2023-06-13 15:22:06,17230,17230,17230,2,0
2023-06-13 15:22:06,17229,17229,17229,2,-2
2023-06-13 15:22:06,17229,17229,17229,18,0
2023-06-13 15:22:06,17230,17230,17230,2,2
2023-06-13 15:22:06,17229,17229,17229,2,-2
2023-06-13 15:22:06,17229,17229,17229,2,0
2023-06-13 15:22:06,17230,17230,17230,2,2
2023-06-13 15:22:06,17230,17230,17230,4,0
2023-06-13 15:22:09,17228,17228,17228,2,-2
2023-06-13 15:22:10,17228,17228,17228,2,0
2023-06-13 15:22:10,17228,17228,17228,2,0
2023-06-13 15:22:10,17228,17228,17228,2,0
2023-06-13 15:22:10,17228,17228,17228,2,0
2023-06-13 15:22:12,17227,17227,17227,2,-2
2023-06-13 15:22:18,17229,17229,17229,2,2
2023-06-13 15:22:19,17228,17228,17228,2,-2
2023-06-13 15:22:21,17228,17228,17228,2,0
2023-06-13 15:22:22,17228,17228,17228,2,0
2023-06-13 15:22:43,17232,17232,17232,2,2
2023-06-13 15:22:43,17232,17232,17232,2,0
2023-06-13 15:22:43,17231,17231,17231,2,-2
2023-06-13 15:22:50,17231,17231,17231,6,0
2023-06-13 15:22:53,17231,17231,17231,10,0
2023-06-13 15:22:58,17231,17231,17231,2,0
2023-06-13 15:22:58,17231,17231,17231,2,0
2023-06-13 15:23:01,17232,17232,17232,16,16
2023-06-13 15:23:01,17232,17232,17232,2,0
2023-06-13 15:23:01,17232,17232,17232,2,0
2023-06-13 15:23:03,17232,17232,17232,2,0
2023-06-13 15:23:03,17232,17232,17232,2,0
2023-06-13 15:23:07,17233,17233,17233,2,2
2023-06-13 15:23:07,17233,17233,17233,2,0
2023-06-13 15:23:07,17233,17233,17233,16,0
2023-06-13 15:23:10,17234,17234,17234,2,2
2023-06-13 15:23:10,17234,17234,17234,2,0
2023-06-13 15:23:10,17234,17234,17234,2,0
2023-06-13 15:23:10,17234,17234,17234,4,0
2023-06-13 15:23:10,17234,17234,17234,4,0
2023-06-13 15:23:14,17233,17233,17233,2,-2
2023-06-13 15:23:21,17234,17234,17234,4,4
2023-06-13 15:23:28,17234,17234,17234,2,0
2023-06-13 15:23:30,17235,17235,17235,4,4
2023-06-13 15:23:31,17235,17235,17235,2,0
2023-06-13 15:23:40,17234,17234,17234,2,-2
2023-06-13 15:23:40,17234,17234,17234,2,0
2023-06-13 15:23:40,17234,17234,17234,2,0
2023-06-13 15:23:40,17234,17234,17234,2,0
2023-06-13 15:23:40,17234,17234,17234,2,0
2023-06-13 15:23:40,17234,17234,17234,2,0
2023-06-13 15:23:47,17233,17233,17233,10,-10
2023-06-13 15:24:04,17232,17232,17232,2,-2
2023-06-13 15:24:04,17232,17232,17232,2,0
2023-06-13 15:24:04,17232,17232,17232,2,0
2023-06-13 15:24:05,17232,17232,17232,6,0
2023-06-13 15:24:05,17232,17232,17232,2,0
2023-06-13 15:24:13,17232,17232,17232,2,0
2023-06-13 15:24:17,17232,17232,17232,10,0
2023-06-13 15:24:23,17232,17232,17232,2,0
2023-06-13 15:24:23,17232,17232,17232,2,0
2023-06-13 15:24:23,17232,17232,17232,2,0
2023-06-13 15:24:29,17232,17232,17232,2,0
2023-06-13 15:24:29,17232,17232,17232,2,0
2023-06-13 15:24:29,17232,17232,17232,2,0
2023-06-13 15:24:31,17232,17232,17232,4,0
2023-06-13 15:24:41,17232,17232,17232,2,0
2023-06-13 15:24:41,17232,17232,17232,2,0
2023-06-13 15:24:41,17232,17232,17232,2,0
2023-06-13 15:24:45,17231,17231,17231,2,-2
2023-06-13 15:24:45,17231,17231,17231,2,0
2023-06-13 15:24:45,17231,17231,17231,6,0
2023-06-13 15:24:45,17231,17231,17231,4,0
2023-06-13 15:24:45,17231,17231,17231,2,0
2023-06-13 15:24:45,17231,17231,17231,2,0
2023-06-13 15:24:46,17230,17230,17230,4,-4
2023-06-13 15:24:46,17230,17230,17230,2,0
2023-06-13 15:24:50,17230,17230,17230,2,0
2023-06-13 15:24:57,17229,17229,17229,2,-2
2023-06-13 15:24:57,17229,17229,17229,2,0
2023-06-13 15:24:57,17229,17229,17229,2,0
2023-06-13 15:24:57,17229,17229,17229,2,0
2023-06-13 15:24:57,17229,17229,17229,2,0
2023-06-13 15:25:00,17230,17230,17230,2,2
2023-06-13 15:25:00,17230,17230,17230,2,0
2023-06-13 15:25:00,17231,17231,17231,2,2
2023-06-13 15:25:13,17231,17231,17231,2,0
2023-06-13 15:25:13,17231,17231,17231,2,0
2023-06-13 15:25:32,17232,17232,17232,2,2
2023-06-13 15:25:36,17233,17233,17233,6,6
2023-06-13 15:25:36,17233,17233,17233,2,0
2023-06-13 15:25:36,17233,17233,17233,2,0
2023-06-13 15:25:36,17233,17233,17233,2,0
2023-06-13 15:25:36,17233,17233,17233,2,0
2023-06-13 15:25:36,17233,17233,17233,2,0
2023-06-13 15:25:36,17233,17233,17233,2,0
2023-06-13 15:25:36,17233,17233,17233,6,0
2023-06-13 15:25:36,17233,17233,17233,2,0
2023-06-13 15:25:36,17233,17233,17233,2,0
2023-06-13 15:25:36,17233,17233,17233,2,0
2023-06-13 15:25:36,17233,17233,17233,12,0
2023-06-13 15:25:36,17233,17233,17233,2,0
2023-06-13 15:25:36,17233,17233,17233,2,0
2023-06-13 15:25:36,17233,17233,17233,4,0
2023-06-13 15:25:36,17233,17233,17233,2,0
2023-06-13 15:25:38,17233,17233,17233,2,0
2023-06-13 15:25:38,17233,17233,17233,2,0
2023-06-13 15:25:41,17233,17233,17233,2,0
2023-06-13 15:25:42,17234,17234,17234,2,2
2023-06-13 15:25:50,17232,17232,17232,2,-2
2023-06-13 15:26:09,17233,17233,17233,10,10
2023-06-13 15:26:21,17233,17233,17233,2,0
2023-06-13 15:26:21,17233,17233,17233,8,0
2023-06-13 15:26:51,17233,17233,17233,2,0
2023-06-13 15:26:51,17233,17233,17233,2,0
2023-06-13 15:26:51,17233,17233,17233,2,0
2023-06-13 15:26:51,17233,17233,17233,2,0
2023-06-13 15:26:51,17233,17233,17233,2,0
2023-06-13 15:26:57,17233,17233,17233,2,0
2023-06-13 15:26:58,17233,17233,17233,8,0
2023-06-13 15:26:58,17233,17233,17233,2,0
2023-06-13 15:26:58,17233,17233,17233,2,0
2023-06-13 15:27:16,17231,17231,17231,2,-2
2023-06-13 15:27:16,17231,17231,17231,2,0
2023-06-13 15:27:16,17231,17231,17231,2,0
2023-06-13 15:27:16,17231,17231,17231,2,0
2023-06-13 15:27:20,17230,17230,17230,2,-2
2023-06-13 15:27:20,17230,17230,17230,2,0
2023-06-13 15:27:20,17230,17230,17230,4,0
2023-06-13 15:27:20,17231,17231,17231,4,4
2023-06-13 15:27:23,17230,17230,17230,2,-2
2023-06-13 15:27:23,17230,17230,17230,2,0
2023-06-13 15:27:23,17230,17230,17230,2,0
2023-06-13 15:27:31,17230,17230,17230,2,0
2023-06-13 15:27:37,17230,17230,17230,2,0
2023-06-13 15:27:37,17230,17230,17230,2,0
2023-06-13 15:27:39,17230,17230,17230,2,0
2023-06-13 15:27:40,17229,17229,17229,4,-4
2023-06-13 15:27:47,17230,17230,17230,2,2
2023-06-13 15:28:00,17230,17230,17230,2,0
2023-06-13 15:28:00,17230,17230,17230,4,0
2023-06-13 15:28:00,17230,17230,17230,2,0
2023-06-13 15:28:00,17231,17231,17231,2,2
2023-06-13 15:28:07,17230,17230,17230,2,-2
2023-06-13 15:28:07,17230,17230,17230,2,0
2023-06-13 15:28:18,17229,17229,17229,2,-2
2023-06-13 15:28:24,17230,17230,17230,2,2
2023-06-13 15:28:28,17230,17230,17230,2,0
2023-06-13 15:28:28,17229,17229,17229,2,-2
2023-06-13 15:28:29,17230,17230,17230,2,2
2023-06-13 15:28:31,17230,17230,17230,2,0
2023-06-13 15:28:40,17231,17231,17231,2,2
2023-06-13 15:28:42,17232,17232,17232,2,2
2023-06-13 15:28:42,17233,17233,17233,2,2
2023-06-13 15:28:48,17233,17233,17233,4,0
2023-06-13 15:28:50,17233,17233,17233,2,0
2023-06-13 15:29:08,17234,17234,17234,8,8
2023-06-13 15:29:08,17234,17234,17234,6,0
2023-06-13 15:29:10,17235,17235,17235,2,2
2023-06-13 15:29:11,17234,17234,17234,2,-2
2023-06-13 15:29:11,17234,17234,17234,2,0
2023-06-13 15:29:25,17232,17232,17232,2,-2
2023-06-13 15:29:35,17233,17233,17233,2,2
2023-06-13 15:29:35,17233,17233,17233,2,0
2023-06-13 15:29:56,17233,17233,17233,2,0
2023-06-13 15:29:57,17233,17233,17233,2,0
2023-06-13 15:30:01,17234,17234,17234,2,2
2023-06-13 15:30:01,17234,17234,17234,2,0
2023-06-13 15:30:02,17233,17233,17233,4,-4
2023-06-13 15:30:02,17233,17233,17233,2,0
2023-06-13 15:30:02,17233,17233,17233,2,0
2023-06-13 15:30:02,17233,17233,17233,4,0
2023-06-13 15:30:02,17233,17233,17233,2,0
2023-06-13 15:30:02,17233,17233,17233,2,0
2023-06-13 15:30:02,17233,17233,17233,2,0
2023-06-13 15:30:02,17233,17233,17233,6,0
2023-06-13 15:30:05,17234,17234,17234,6,6
2023-06-13 15:30:05,17234,17234,17234,6,0
2023-06-13 15:30:10,17235,17235,17235,2,2
2023-06-13 15:30:13,17235,17235,17235,2,0
2023-06-13 15:30:13,17235,17235,17235,2,0
2023-06-13 15:30:16,17234,17234,17234,2,-2
2023-06-13 15:30:17,17235,17235,17235,2,2
2023-06-13 15:30:18,17234,17234,17234,2,-2
2023-06-13 15:30:18,17235,17235,17235,10,10
2023-06-13 15:30:23,17235,17235,17235,2,0
2023-06-13 15:30:29,17235,17235,17235,4,0
2023-06-13 15:30:29,17235,17235,17235,6,0
2023-06-13 15:30:29,17236,17236,17236,4,4
2023-06-13 15:30:29,17236,17236,17236,2,0
2023-06-13 15:30:29,17236,17236,17236,2,0
2023-06-13 15:30:29,17236,17236,17236,2,0
2023-06-13 15:30:29,17236,17236,17236,2,0
2023-06-13 15:30:29,17237,17237,17237,2,2
2023-06-13 15:30:30,17237,17237,17237,2,0
2023-06-13 15:30:30,17237,17237,17237,2,0
2023-06-13 15:30:30,17237,17237,17237,2,0
2023-06-13 15:30:30,17237,17237,17237,2,0
2023-06-13 15:30:32,17238,17238,17238,26,26
2023-06-13 15:30:34,17239,17239,17239,2,2
2023-06-13 15:30:34,17239,17239,17239,2,0
2023-06-13 15:30:34,17239,17239,17239,6,0
2023-06-13 15:30:34,17239,17239,17239,12,0
2023-06-13 15:30:36,17240,17240,17240,2,2
2023-06-13 15:30:38,17240,17240,17240,4,0
2023-06-13 15:30:38,17239,17239,17239,2,-2
2023-06-13 15:30:39,17240,17240,17240,2,2
2023-06-13 15:30:39,17240,17240,17240,4,0
2023-06-13 15:30:39,17240,17240,17240,10,0
2023-06-13 15:30:40,17240,17240,17240,2,0
2023-06-13 15:30:40,17241,17241,17241,2,2
2023-06-13 15:30:40,17241,17241,17241,2,0
2023-06-13 15:30:41,17241,17241,17241,2,0
2023-06-13 15:30:41,17241,17241,17241,8,0
2023-06-13 15:30:41,17241,17241,17241,8,0
2023-06-13 15:30:42,17240,17240,17240,2,-2
2023-06-13 15:30:43,17240,17240,17240,2,0
2023-06-13 15:30:47,17241,17241,17241,2,2
2023-06-13 15:30:47,17241,17241,17241,2,0
2023-06-13 15:30:47,17241,17241,17241,2,0
2023-06-13 15:30:48,17242,17242,17242,2,2
2023-06-13 15:30:48,17241,17241,17241,2,-2
2023-06-13 15:30:49,17242,17242,17242,4,4
2023-06-13 15:30:50,17242,17242,17242,8,0
2023-06-13 15:30:50,17242,17242,17242,8,0
2023-06-13 15:30:50,17242,17242,17242,2,0
2023-06-13 15:30:53,17241,17241,17241,2,-2
2023-06-13 15:30:53,17241,17241,17241,2,0
2023-06-13 15:30:53,17241,17241,17241,2,0
2023-06-13 15:30:55,17241,17241,17241,2,0
2023-06-13 15:30:58,17241,17241,17241,4,0
2023-06-13 15:31:01,17241,17241,17241,2,0
2023-06-13 15:31:03,17241,17241,17241,6,0
2023-06-13 15:31:06,17242,17242,17242,18,18
2023-06-13 15:31:06,17243,17243,17243,6,6
2023-06-13 15:31:06,17243,17243,17243,2,0
2023-06-13 15:31:06,17243,17243,17243,6,0
2023-06-13 15:31:06,17243,17243,17243,2,0
2023-06-13 15:31:06,17243,17243,17243,2,0
2023-06-13 15:31:07,17243,17243,17243,2,0
2023-06-13 15:31:07,17243,17243,17243,2,0
2023-06-13 15:31:07,17243,17243,17243,2,0
2023-06-13 15:31:07,17243,17243,17243,2,0
2023-06-13 15:31:07,17243,17243,17243,2,0
2023-06-13 15:31:09,17244,17244,17244,2,2
2023-06-13 15:31:11,17244,17244,17244,2,0
2023-06-13 15:31:11,17244,17244,17244,2,0
2023-06-13 15:31:12,17244,17244,17244,2,0
2023-06-13 15:31:12,17244,17244,17244,4,0
2023-06-13 15:31:14,17244,17244,17244,2,0
2023-06-13 15:31:15,17245,17245,17245,10,10
2023-06-13 15:31:15,17245,17245,17245,2,0
2023-06-13 15:31:15,17245,17245,17245,2,0
2023-06-13 15:31:17,17244,17244,17244,2,-2
2023-06-13 15:31:17,17244,17244,17244,2,0
2023-06-13 15:31:17,17244,17244,17244,2,0
2023-06-13 15:31:17,17244,17244,17244,2,0
2023-06-13 15:31:17,17244,17244,17244,2,0
2023-06-13 15:31:20,17243,17243,17243,2,-2
2023-06-13 15:31:20,17245,17245,17245,2,2
2023-06-13 15:31:23,17245,17245,17245,2,0
2023-06-13 15:31:24,17245,17245,17245,2,0
2023-06-13 15:31:26,17245,17245,17245,10,0
2023-06-13 15:31:27,17244,17244,17244,2,-2
2023-06-13 15:31:27,17244,17244,17244,2,0
2023-06-13 15:31:31,17243,17243,17243,2,-2
2023-06-13 15:31:31,17243,17243,17243,2,0
2023-06-13 15:31:31,17243,17243,17243,2,0
2023-06-13 15:31:31,17243,17243,17243,2,0
2023-06-13 15:31:40,17242,17242,17242,2,-2
2023-06-13 15:31:41,17241,17241,17241,2,-2
2023-06-13 15:31:41,17240,17240,17240,2,-2
2023-06-13 15:31:41,17240,17240,17240,4,0
2023-06-13 15:31:41,17240,17240,17240,2,0
2023-06-13 15:31:41,17240,17240,17240,2,0
2023-06-13 15:31:41,17240,17240,17240,2,0
2023-06-13 15:31:41,17240,17240,17240,2,0
2023-06-13 15:31:41,17240,17240,17240,2,0
2023-06-13 15:31:45,17239,17239,17239,2,-2
2023-06-13 15:31:45,17239,17239,17239,2,0
2023-06-13 15:31:46,17240,17240,17240,2,2
2023-06-13 15:31:47,17239,17239,17239,2,-2
2023-06-13 15:31:50,17239,17239,17239,2,0
2023-06-13 15:31:53,17240,17240,17240,2,2
2023-06-13 15:31:56,17241,17241,17241,2,2
2023-06-13 15:31:58,17242,17242,17242,2,2
2023-06-13 15:31:59,17241,17241,17241,2,-2
2023-06-13 15:32:00,17242,17242,17242,6,6
2023-06-13 15:32:01,17243,17243,17243,2,2
2023-06-13 15:32:01,17243,17243,17243,2,0
2023-06-13 15:32:01,17244,17244,17244,2,2
2023-06-13 15:32:13,17243,17243,17243,2,-2
2023-06-13 15:32:13,17243,17243,17243,2,0
2023-06-13 15:32:15,17244,17244,17244,2,2
2023-06-13 15:32:15,17244,17244,17244,4,0
2023-06-13 15:32:18,17243,17243,17243,2,-2
2023-06-13 15:32:19,17243,17243,17243,2,0
2023-06-13 15:32:20,17243,17243,17243,2,0
2023-06-13 15:32:24,17243,17243,17243,6,0
2023-06-13 15:32:24,17242,17242,17242,2,-2
2023-06-13 15:32:30,17243,17243,17243,6,6
2023-06-13 15:32:30,17244,17244,17244,2,2
2023-06-13 15:32:30,17242,17242,17242,2,-2
2023-06-13 15:32:31,17243,17243,17243,2,2
2023-06-13 15:32:32,17241,17241,17241,2,-2
2023-06-13 15:32:40,17242,17242,17242,2,2
2023-06-13 15:32:46,17243,17243,17243,2,2
2023-06-13 15:32:57,17242,17242,17242,10,-10
2023-06-13 15:32:57,17243,17243,17243,2,2
2023-06-13 15:33:09,17243,17243,17243,12,0
2023-06-13 15:33:09,17244,17244,17244,2,2
2023-06-13 15:33:11,17244,17244,17244,14,0
2023-06-13 15:33:11,17244,17244,17244,4,0
2023-06-13 15:33:11,17244,17244,17244,2,0
2023-06-13 15:33:11,17244,17244,17244,4,0
2023-06-13 15:33:11,17244,17244,17244,4,0
2023-06-13 15:33:11,17244,17244,17244,2,0
2023-06-13 15:33:11,17244,17244,17244,2,0
2023-06-13 15:33:11,17244,17244,17244,28,0
2023-06-13 15:33:11,17244,17244,17244,6,0
2023-06-13 15:33:11,17244,17244,17244,2,0
2023-06-13 15:33:11,17245,17245,17245,4,4
2023-06-13 15:33:13,17244,17244,17244,2,-2
2023-06-13 15:33:13,17243,17243,17243,4,-4
2023-06-13 15:33:13,17243,17243,17243,2,0
2023-06-13 15:33:13,17243,17243,17243,2,0
2023-06-13 15:33:16,17245,17245,17245,4,4
2023-06-13 15:33:16,17245,17245,17245,6,0
2023-06-13 15:33:16,17245,17245,17245,2,0
2023-06-13 15:33:16,17245,17245,17245,2,0
2023-06-13 15:33:17,17245,17245,17245,2,0
2023-06-13 15:33:17,17245,17245,17245,2,0
2023-06-13 15:33:17,17245,17245,17245,2,0
2023-06-13 15:33:20,17245,17245,17245,2,0
2023-06-13 15:33:34,17245,17245,17245,2,0
2023-06-13 15:33:35,17245,17245,17245,2,0
2023-06-13 15:33:35,17245,17245,17245,2,0
2023-06-13 15:33:39,17246,17246,17246,2,2
2023-06-13 15:33:39,17246,17246,17246,2,0
2023-06-13 15:33:39,17246,17246,17246,2,0
2023-06-13 15:33:39,17246,17246,17246,2,0
2023-06-13 15:33:39,17246,17246,17246,2,0
2023-06-13 15:33:41,17246,17246,17246,2,0
2023-06-13 15:33:43,17246,17246,17246,2,0
2023-06-13 15:33:44,17246,17246,17246,6,0
2023-06-13 15:33:44,17246,17246,17246,2,0
2023-06-13 15:33:44,17246,17246,17246,2,0
2023-06-13 15:33:44,17246,17246,17246,2,0
2023-06-13 15:33:44,17247,17247,17247,2,2
2023-06-13 15:33:44,17247,17247,17247,10,0
2023-06-13 15:33:44,17247,17247,17247,2,0
2023-06-13 15:33:44,17247,17247,17247,2,0
2023-06-13 15:33:44,17247,17247,17247,2,0
2023-06-13 15:33:44,17247,17247,17247,2,0
2023-06-13 15:33:49,17247,17247,17247,2,0
2023-06-13 15:33:51,17245,17245,17245,2,-2
2023-06-13 15:33:59,17246,17246,17246,2,2
2023-06-13 15:34:02,17246,17246,17246,2,0
2023-06-13 15:34:03,17246,17246,17246,4,0
2023-06-13 15:34:06,17246,17246,17246,2,0
2023-06-13 15:34:06,17246,17246,17246,8,0
2023-06-13 15:34:06,17245,17245,17245,2,-2
2023-06-13 15:34:08,17245,17245,17245,4,0
2023-06-13 15:34:08,17245,17245,17245,2,0
2023-06-13 15:34:08,17245,17245,17245,2,0
2023-06-13 15:34:08,17245,17245,17245,2,0
2023-06-13 15:34:08,17245,17245,17245,2,0
2023-06-13 15:34:11,17244,17244,17244,2,-2
2023-06-13 15:34:12,17243,17243,17243,2,-2
2023-06-13 15:34:12,17243,17243,17243,2,0
2023-06-13 15:34:12,17243,17243,17243,2,0
2023-06-13 15:34:12,17243,17243,17243,2,0
2023-06-13 15:34:14,17241,17241,17241,4,-4
2023-06-13 15:34:16,17243,17243,17243,2,2
2023-06-13 15:34:24,17243,17243,17243,8,0
2023-06-13 15:34:25,17243,17243,17243,2,0
2023-06-13 15:34:32,17243,17243,17243,2,0
2023-06-13 15:34:39,17243,17243,17243,4,0
2023-06-13 15:34:39,17243,17243,17243,2,0
2023-06-13 15:34:40,17243,17243,17243,4,0
2023-06-13 15:34:51,17243,17243,17243,2,0
2023-06-13 15:34:51,17244,17244,17244,4,4
2023-06-13 15:34:53,17244,17244,17244,2,0
2023-06-13 15:35:00,17246,17246,17246,10,10
2023-06-13 15:35:00,17246,17246,17246,2,0
2023-06-13 15:35:00,17247,17247,17247,2,2
2023-06-13 15:35:04,17247,17247,17247,6,0
2023-06-13 15:35:04,17247,17247,17247,4,0
2023-06-13 15:35:04,17247,17247,17247,6,0
2023-06-13 15:35:04,17247,17247,17247,4,0
2023-06-13 15:35:04,17247,17247,17247,8,0
2023-06-13 15:35:04,17247,17247,17247,4,0
2023-06-13 15:35:04,17247,17247,17247,6,0
2023-06-13 15:35:04,17248,17248,17248,2,2
2023-06-13 15:35:04,17248,17248,17248,2,0
2023-06-13 15:35:04,17248,17248,17248,2,0
2023-06-13 15:35:04,17248,17248,17248,4,0
2023-06-13 15:35:04,17248,17248,17248,2,0
2023-06-13 15:35:06,17247,17247,17247,2,-2
2023-06-13 15:35:08,17248,17248,17248,2,2
2023-06-13 15:35:09,17247,17247,17247,4,-4
2023-06-13 15:35:09,17247,17247,17247,2,0
2023-06-13 15:35:09,17247,17247,17247,2,0
2023-06-13 15:35:10,17247,17247,17247,2,0
2023-06-13 15:35:10,17247,17247,17247,2,0
2023-06-13 15:35:10,17247,17247,17247,2,0
2023-06-13 15:35:13,17247,17247,17247,4,0
2023-06-13 15:35:14,17247,17247,17247,2,0
2023-06-13 15:35:14,17247,17247,17247,2,0
2023-06-13 15:35:15,17247,17247,17247,2,0
2023-06-13 15:35:20,17247,17247,17247,2,0
2023-06-13 15:35:20,17248,17248,17248,6,6
2023-06-13 15:35:20,17248,17248,17248,2,0
2023-06-13 15:35:20,17248,17248,17248,2,0
2023-06-13 15:35:20,17248,17248,17248,8,0
2023-06-13 15:35:20,17248,17248,17248,14,0
2023-06-13 15:35:20,17248,17248,17248,4,0
2023-06-13 15:35:20,17248,17248,17248,4,0
2023-06-13 15:35:20,17248,17248,17248,2,0
2023-06-13 15:35:21,17249,17249,17249,2,2
2023-06-13 15:35:26,17249,17249,17249,2,0
2023-06-13 15:35:28,17249,17249,17249,2,0
2023-06-13 15:35:30,17249,17249,17249,4,0
2023-06-13 15:35:31,17249,17249,17249,10,0
2023-06-13 15:35:32,17249,17249,17249,2,0
2023-06-13 15:35:32,17249,17249,17249,2,0
2023-06-13 15:35:32,17249,17249,17249,6,0
2023-06-13 15:35:32,17249,17249,17249,8,0
2023-06-13 15:35:32,17250,17250,17250,2,2
2023-06-13 15:35:32,17250,17250,17250,2,0
2023-06-13 15:35:33,17249,17249,17249,2,-2
2023-06-13 15:35:33,17249,17249,17249,2,0
2023-06-13 15:35:33,17249,17249,17249,2,0
2023-06-13 15:35:33,17248,17248,17248,2,-2
2023-06-13 15:35:33,17248,17248,17248,2,0
2023-06-13 15:35:33,17248,17248,17248,6,0
2023-06-13 15:35:33,17248,17248,17248,2,0
2023-06-13 15:35:34,17247,17247,17247,2,-2
2023-06-13 15:35:34,17248,17248,17248,2,2
2023-06-13 15:35:34,17249,17249,17249,2,2
2023-06-13 15:35:36,17250,17250,17250,2,2
2023-06-13 15:35:37,17250,17250,17250,2,0
2023-06-13 15:35:37,17250,17250,17250,6,0
2023-06-13 15:35:37,17250,17250,17250,4,0
2023-06-13 15:35:37,17250,17250,17250,4,0
2023-06-13 15:35:37,17250,17250,17250,2,0
2023-06-13 15:35:37,17250,17250,17250,14,0
2023-06-13 15:35:38,17251,17251,17251,2,2
2023-06-13 15:35:38,17251,17251,17251,2,0
2023-06-13 15:35:38,17251,17251,17251,2,0
2023-06-13 15:35:39,17250,17250,17250,2,-2
2023-06-13 15:35:39,17250,17250,17250,4,0
2023-06-13 15:35:39,17250,17250,17250,2,0
2023-06-13 15:35:43,17251,17251,17251,4,4
2023-06-13 15:35:46,17251,17251,17251,2,0
2023-06-13 15:35:47,17251,17251,17251,2,0
2023-06-13 15:35:53,17252,17252,17252,2,2
2023-06-13 15:35:53,17252,17252,17252,2,0
2023-06-13 15:35:53,17252,17252,17252,2,0
2023-06-13 15:35:54,17252,17252,17252,4,0
2023-06-13 15:35:54,17252,17252,17252,12,0
2023-06-13 15:35:54,17253,17253,17253,2,2
2023-06-13 15:35:54,17253,17253,17253,2,0
2023-06-13 15:35:54,17252,17252,17252,2,-2
2023-06-13 15:35:57,17253,17253,17253,4,4
2023-06-13 15:35:59,17253,17253,17253,2,0
2023-06-13 15:36:00,17253,17253,17253,4,0
2023-06-13 15:36:00,17253,17253,17253,2,0
2023-06-13 15:36:00,17254,17254,17254,2,2
2023-06-13 15:36:00,17254,17254,17254,2,0
2023-06-13 15:36:00,17254,17254,17254,4,0
2023-06-13 15:36:00,17254,17254,17254,4,0
2023-06-13 15:36:00,17253,17253,17253,2,-2
2023-06-13 15:36:00,17253,17253,17253,2,0
2023-06-13 15:36:00,17253,17253,17253,4,0
2023-06-13 15:36:00,17253,17253,17253,2,0
2023-06-13 15:36:04,17253,17253,17253,2,0
2023-06-13 15:36:04,17253,17253,17253,2,0
2023-06-13 15:36:04,17253,17253,17253,2,0
2023-06-13 15:36:04,17253,17253,17253,4,0
2023-06-13 15:36:04,17254,17254,17254,4,4
2023-06-13 15:36:04,17253,17253,17253,2,-2
2023-06-13 15:36:04,17253,17253,17253,2,0
2023-06-13 15:36:04,17253,17253,17253,2,0
2023-06-13 15:36:04,17254,17254,17254,2,2
2023-06-13 15:36:04,17252,17252,17252,2,-2
2023-06-13 15:36:04,17252,17252,17252,2,0
2023-06-13 15:36:04,17252,17252,17252,2,0
2023-06-13 15:36:05,17253,17253,17253,2,2
2023-06-13 15:36:05,17253,17253,17253,2,0
2023-06-13 15:36:06,17252,17252,17252,6,-6
2023-06-13 15:36:08,17254,17254,17254,2,2
2023-06-13 15:36:11,17254,17254,17254,2,0
2023-06-13 15:36:12,17254,17254,17254,2,0
2023-06-13 15:36:12,17254,17254,17254,2,0
2023-06-13 15:36:16,17254,17254,17254,6,0
2023-06-13 15:36:16,17254,17254,17254,2,0
2023-06-13 15:36:17,17254,17254,17254,6,0
2023-06-13 15:36:17,17253,17253,17253,6,-6
2023-06-13 15:36:17,17254,17254,17254,2,2
2023-06-13 15:36:17,17255,17255,17255,4,4
2023-06-13 15:36:18,17254,17254,17254,2,-2
2023-06-13 15:36:18,17255,17255,17255,10,10
2023-06-13 15:36:18,17255,17255,17255,2,0
2023-06-13 15:36:18,17255,17255,17255,2,0
2023-06-13 15:36:18,17254,17254,17254,2,-2
2023-06-13 15:36:18,17254,17254,17254,2,0
2023-06-13 15:36:20,17255,17255,17255,2,2
2023-06-13 15:36:21,17254,17254,17254,2,-2
2023-06-13 15:36:24,17254,17254,17254,2,0
2023-06-13 15:36:24,17254,17254,17254,2,0
2023-06-13 15:36:24,17254,17254,17254,2,0
2023-06-13 15:36:25,17254,17254,17254,2,0
2023-06-13 15:36:25,17254,17254,17254,2,0
2023-06-13 15:36:25,17255,17255,17255,4,4
2023-06-13 15:36:27,17254,17254,17254,2,-2
2023-06-13 15:36:27,17255,17255,17255,2,2
2023-06-13 15:36:27,17255,17255,17255,2,0
2023-06-13 15:36:28,17254,17254,17254,4,-4
2023-06-13 15:36:28,17255,17255,17255,2,2
2023-06-13 15:36:28,17254,17254,17254,2,-2
2023-06-13 15:36:28,17255,17255,17255,4,4
2023-06-13 15:36:30,17254,17254,17254,2,-2
2023-06-13 15:36:30,17255,17255,17255,2,2
2023-06-13 15:36:31,17254,17254,17254,2,-2
2023-06-13 15:36:31,17254,17254,17254,2,0
2023-06-13 15:36:31,17254,17254,17254,4,0
2023-06-13 15:36:31,17255,17255,17255,4,4
2023-06-13 15:36:32,17254,17254,17254,2,-2
2023-06-13 15:36:33,17254,17254,17254,2,0
2023-06-13 15:36:33,17255,17255,17255,2,2
2023-06-13 15:36:34,17254,17254,17254,2,-2
2023-06-13 15:36:34,17255,17255,17255,2,2
2023-06-13 15:36:35,17254,17254,17254,2,-2
2023-06-13 15:36:36,17255,17255,17255,2,2
2023-06-13 15:36:36,17255,17255,17255,2,0
2023-06-13 15:36:37,17255,17255,17255,2,0
2023-06-13 15:36:37,17255,17255,17255,2,0
2023-06-13 15:36:37,17255,17255,17255,2,0
2023-06-13 15:36:37,17254,17254,17254,2,-2
2023-06-13 15:36:38,17255,17255,17255,2,2
2023-06-13 15:36:39,17254,17254,17254,2,-2
2023-06-13 15:36:39,17254,17254,17254,2,0
2023-06-13 15:36:39,17254,17254,17254,2,0
2023-06-13 15:36:39,17253,17253,17253,2,-2
2023-06-13 15:36:39,17253,17253,17253,4,0
2023-06-13 15:36:39,17253,17253,17253,10,0
2023-06-13 15:36:39,17253,17253,17253,2,0
2023-06-13 15:36:39,17253,17253,17253,2,0
2023-06-13 15:36:39,17253,17253,17253,2,0
2023-06-13 15:36:39,17252,17252,17252,2,-2
2023-06-13 15:36:41,17253,17253,17253,2,2
2023-06-13 15:36:41,17254,17254,17254,2,2
2023-06-13 15:36:42,17252,17252,17252,2,-2
2023-06-13 15:36:43,17253,17253,17253,4,4
2023-06-13 15:36:44,17253,17253,17253,4,0
2023-06-13 15:36:44,17253,17253,17253,10,0
2023-06-13 15:36:45,17253,17253,17253,2,0
2023-06-13 15:36:45,17253,17253,17253,2,0
2023-06-13 15:36:45,17254,17254,17254,6,6
2023-06-13 15:36:46,17252,17252,17252,2,-2
2023-06-13 15:36:49,17252,17252,17252,2,0
2023-06-13 15:36:49,17253,17253,17253,2,2
2023-06-13 15:36:51,17252,17252,17252,2,-2
2023-06-13 15:36:52,17252,17252,17252,4,0
2023-06-13 15:36:52,17252,17252,17252,2,0
2023-06-13 15:36:52,17252,17252,17252,2,0
2023-06-13 15:36:52,17252,17252,17252,2,0
2023-06-13 15:36:52,17252,17252,17252,2,0
2023-06-13 15:36:52,17252,17252,17252,2,0
2023-06-13 15:36:52,17252,17252,17252,2,0
2023-06-13 15:36:52,17252,17252,17252,2,0
2023-06-13 15:36:52,17252,17252,17252,2,0
2023-06-13 15:36:52,17252,17252,17252,2,0
2023-06-13 15:36:52,17252,17252,17252,2,0
2023-06-13 15:36:52,17252,17252,17252,2,0
2023-06-13 15:36:52,17252,17252,17252,2,0
2023-06-13 15:36:52,17252,17252,17252,4,0
2023-06-13 15:36:53,17252,17252,17252,2,0
2023-06-13 15:36:53,17252,17252,17252,2,0
2023-06-13 15:36:56,17252,17252,17252,4,0
2023-06-13 15:36:57,17252,17252,17252,2,0
2023-06-13 15:36:57,17253,17253,17253,2,2
2023-06-13 15:36:57,17251,17251,17251,2,-2
2023-06-13 15:36:58,17252,17252,17252,2,2
2023-06-13 15:37:00,17251,17251,17251,2,-2
2023-06-13 15:37:02,17253,17253,17253,2,2
2023-06-13 15:37:02,17253,17253,17253,2,0
2023-06-13 15:37:03,17254,17254,17254,8,8
2023-06-13 15:37:03,17254,17254,17254,2,0
2023-06-13 15:37:03,17254,17254,17254,4,0
2023-06-13 15:37:04,17254,17254,17254,2,0
2023-06-13 15:37:04,17254,17254,17254,4,0
2023-06-13 15:37:04,17254,17254,17254,2,0
2023-06-13 15:37:04,17254,17254,17254,4,0
2023-06-13 15:37:04,17253,17253,17253,2,-2
2023-06-13 15:37:07,17254,17254,17254,2,2
2023-06-13 15:37:07,17254,17254,17254,2,0
2023-06-13 15:37:07,17254,17254,17254,4,0
2023-06-13 15:37:08,17255,17255,17255,8,8
2023-06-13 15:37:09,17255,17255,17255,2,0
2023-06-13 15:37:09,17255,17255,17255,2,0
2023-06-13 15:37:10,17255,17255,17255,2,0
2023-06-13 15:37:11,17256,17256,17256,2,2
2023-06-13 15:37:11,17256,17256,17256,2,0
2023-06-13 15:37:11,17255,17255,17255,2,-2
2023-06-13 15:37:13,17255,17255,17255,2,0
2023-06-13 15:37:16,17255,17255,17255,2,0
2023-06-13 15:37:16,17255,17255,17255,2,0
2023-06-13 15:37:16,17254,17254,17254,2,-2
2023-06-13 15:37:18,17255,17255,17255,2,2
2023-06-13 15:37:20,17255,17255,17255,2,0
2023-06-13 15:37:20,17255,17255,17255,2,0
2023-06-13 15:37:23,17255,17255,17255,2,0
2023-06-13 15:37:23,17255,17255,17255,4,0
2023-06-13 15:37:23,17255,17255,17255,2,0
2023-06-13 15:37:25,17255,17255,17255,2,0
2023-06-13 15:37:25,17255,17255,17255,2,0
2023-06-13 15:37:31,17256,17256,17256,2,2
2023-06-13 15:37:34,17256,17256,17256,14,0
2023-06-13 15:37:35,17255,17255,17255,2,-2
2023-06-13 15:37:35,17255,17255,17255,2,0
2023-06-13 15:37:37,17256,17256,17256,2,2
2023-06-13 15:37:39,17255,17255,17255,2,-2
2023-06-13 15:37:41,17256,17256,17256,2,2
2023-06-13 15:37:42,17257,17257,17257,2,2
2023-06-13 15:37:42,17257,17257,17257,2,0
2023-06-13 15:37:43,17257,17257,17257,2,0
2023-06-13 15:37:43,17257,17257,17257,2,0
2023-06-13 15:37:43,17256,17256,17256,2,-2
2023-06-13 15:37:43,17256,17256,17256,2,0
2023-06-13 15:37:47,17257,17257,17257,16,16
2023-06-13 15:37:48,17257,17257,17257,2,0
2023-06-13 15:37:48,17257,17257,17257,2,0
2023-06-13 15:37:51,17258,17258,17258,2,2
2023-06-13 15:37:51,17258,17258,17258,2,0
2023-06-13 15:37:52,17258,17258,17258,2,0
2023-06-13 15:37:53,17257,17257,17257,2,-2
2023-06-13 15:37:53,17258,17258,17258,2,2
2023-06-13 15:37:55,17258,17258,17258,8,0
2023-06-13 15:37:55,17258,17258,17258,2,0
2023-06-13 15:37:55,17258,17258,17258,2,0
2023-06-13 15:37:55,17258,17258,17258,2,0
2023-06-13 15:37:55,17258,17258,17258,4,0
2023-06-13 15:37:55,17258,17258,17258,4,0
2023-06-13 15:37:55,17258,17258,17258,4,0
2023-06-13 15:37:55,17258,17258,17258,2,0
2023-06-13 15:37:55,17259,17259,17259,2,2
2023-06-13 15:37:55,17259,17259,17259,2,0
2023-06-13 15:37:55,17259,17259,17259,2,0
2023-06-13 15:37:55,17259,17259,17259,2,0
2023-06-13 15:37:55,17259,17259,17259,2,0
2023-06-13 15:37:55,17259,17259,17259,2,0
2023-06-13 15:37:55,17259,17259,17259,2,0
2023-06-13 15:37:55,17259,17259,17259,2,0
2023-06-13 15:37:56,17258,17258,17258,2,-2
2023-06-13 15:37:56,17258,17258,17258,4,0
2023-06-13 15:37:56,17258,17258,17258,6,0
2023-06-13 15:37:56,17258,17258,17258,2,0
2023-06-13 15:37:56,17258,17258,17258,6,0
2023-06-13 15:37:56,17259,17259,17259,2,2
2023-06-13 15:37:56,17259,17259,17259,2,0
2023-06-13 15:37:59,17259,17259,17259,2,0
2023-06-13 15:37:59,17259,17259,17259,2,0
2023-06-13 15:37:59,17259,17259,17259,2,0
2023-06-13 15:38:00,17259,17259,17259,2,0
2023-06-13 15:38:00,17259,17259,17259,2,0
2023-06-13 15:38:00,17259,17259,17259,2,0
2023-06-13 15:38:00,17260,17260,17260,2,2
2023-06-13 15:38:00,17260,17260,17260,2,0
2023-06-13 15:38:01,17260,17260,17260,2,0
2023-06-13 15:38:02,17259,17259,17259,2,-2
2023-06-13 15:38:02,17260,17260,17260,2,2
2023-06-13 15:38:04,17260,17260,17260,2,0
2023-06-13 15:38:05,17260,17260,17260,2,0
2023-06-13 15:38:05,17259,17259,17259,2,-2
2023-06-13 15:38:06,17260,17260,17260,2,2
2023-06-13 15:38:06,17260,17260,17260,4,0
2023-06-13 15:38:08,17260,17260,17260,12,0
2023-06-13 15:38:09,17260,17260,17260,2,0
2023-06-13 15:38:09,17260,17260,17260,2,0
2023-06-13 15:38:10,17260,17260,17260,2,0
2023-06-13 15:38:10,17260,17260,17260,2,0
2023-06-13 15:38:10,17261,17261,17261,10,10
2023-06-13 15:38:10,17259,17259,17259,2,-2
2023-06-13 15:38:10,17259,17259,17259,2,0
2023-06-13 15:38:11,17260,17260,17260,12,12
2023-06-13 15:38:12,17260,17260,17260,2,0
2023-06-13 15:38:14,17260,17260,17260,4,0
2023-06-13 15:38:19,17259,17259,17259,16,-16
2023-06-13 15:38:19,17259,17259,17259,2,0
2023-06-13 15:38:19,17259,17259,17259,2,0
2023-06-13 15:38:19,17259,17259,17259,2,0
2023-06-13 15:38:19,17259,17259,17259,4,0
2023-06-13 15:38:19,17259,17259,17259,2,0
2023-06-13 15:38:19,17259,17259,17259,2,0
2023-06-13 15:38:19,17259,17259,17259,4,0
2023-06-13 15:38:19,17259,17259,17259,2,0
2023-06-13 15:38:19,17258,17258,17258,2,-2
2023-06-13 15:38:19,17258,17258,17258,2,0
2023-06-13 15:38:19,17258,17258,17258,2,0
2023-06-13 15:38:19,17258,17258,17258,2,0
2023-06-13 15:38:19,17258,17258,17258,2,0
2023-06-13 15:38:19,17258,17258,17258,2,0
2023-06-13 15:38:19,17257,17257,17257,16,-16
2023-06-13 15:38:19,17257,17257,17257,4,0
2023-06-13 15:38:19,17257,17257,17257,12,0
2023-06-13 15:38:19,17257,17257,17257,2,0
2023-06-13 15:38:19,17257,17257,17257,4,0
2023-06-13 15:38:19,17257,17257,17257,6,0
2023-06-13 15:38:19,17257,17257,17257,2,0
2023-06-13 15:38:19,17257,17257,17257,2,0
2023-06-13 15:38:19,17257,17257,17257,2,0
2023-06-13 15:38:19,17257,17257,17257,6,0
2023-06-13 15:38:19,17257,17257,17257,2,0
2023-06-13 15:38:19,17257,17257,17257,2,0
2023-06-13 15:38:19,17257,17257,17257,2,0
2023-06-13 15:38:19,17257,17257,17257,2,0
2023-06-13 15:38:19,17256,17256,17256,4,-4
2023-06-13 15:38:19,17256,17256,17256,2,0
2023-06-13 15:38:19,17256,17256,17256,2,0
2023-06-13 15:38:19,17256,17256,17256,4,0
2023-06-13 15:38:19,17256,17256,17256,2,0
2023-06-13 15:38:19,17256,17256,17256,2,0
2023-06-13 15:38:19,17255,17255,17255,4,-4
2023-06-13 15:38:19,17255,17255,17255,2,0
2023-06-13 15:38:19,17255,17255,17255,2,0
2023-06-13 15:38:19,17255,17255,17255,6,0
2023-06-13 15:38:19,17255,17255,17255,4,0
2023-06-13 15:38:19,17255,17255,17255,2,0
2023-06-13 15:38:19,17255,17255,17255,2,0
2023-06-13 15:38:19,17255,17255,17255,2,0
2023-06-13 15:38:19,17257,17257,17257,4,4
2023-06-13 15:38:19,17257,17257,17257,4,0
2023-06-13 15:38:19,17255,17255,17255,2,-2
2023-06-13 15:38:19,17255,17255,17255,2,0
2023-06-13 15:38:19,17255,17255,17255,2,0
2023-06-13 15:38:19,17255,17255,17255,2,0
2023-06-13 15:38:19,17255,17255,17255,2,0
2023-06-13 15:38:19,17255,17255,17255,4,0
2023-06-13 15:38:19,17255,17255,17255,2,0
2023-06-13 15:38:19,17255,17255,17255,2,0
2023-06-13 15:38:19,17255,17255,17255,2,0
2023-06-13 15:38:21,17255,17255,17255,2,0
2023-06-13 15:38:21,17255,17255,17255,2,0
2023-06-13 15:38:21,17255,17255,17255,2,0
2023-06-13 15:38:21,17256,17256,17256,2,2
2023-06-13 15:38:21,17256,17256,17256,2,0
2023-06-13 15:38:21,17256,17256,17256,2,0
2023-06-13 15:38:32,17257,17257,17257,4,4
2023-06-13 15:38:35,17256,17256,17256,2,-2
2023-06-13 15:38:35,17256,17256,17256,2,0
2023-06-13 15:38:36,17256,17256,17256,2,0
2023-06-13 15:38:37,17255,17255,17255,2,-2
2023-06-13 15:38:37,17255,17255,17255,2,0
2023-06-13 15:38:38,17254,17254,17254,2,-2
2023-06-13 15:38:38,17254,17254,17254,2,0
2023-06-13 15:38:41,17254,17254,17254,2,0
2023-06-13 15:38:41,17254,17254,17254,2,0
2023-06-13 15:38:41,17254,17254,17254,2,0
2023-06-13 15:38:41,17254,17254,17254,2,0
2023-06-13 15:38:44,17256,17256,17256,2,2
2023-06-13 15:38:44,17254,17254,17254,2,-2
2023-06-13 15:38:45,17255,17255,17255,2,2
2023-06-13 15:38:45,17255,17255,17255,2,0
2023-06-13 15:38:47,17255,17255,17255,2,0
2023-06-13 15:38:55,17254,17254,17254,2,-2
2023-06-13 15:38:55,17254,17254,17254,2,0
2023-06-13 15:38:55,17254,17254,17254,2,0
2023-06-13 15:38:55,17254,17254,17254,2,0
2023-06-13 15:38:55,17254,17254,17254,2,0
2023-06-13 15:38:55,17254,17254,17254,2,0
2023-06-13 15:38:55,17254,17254,17254,2,0
2023-06-13 15:38:55,17254,17254,17254,2,0
2023-06-13 15:38:55,17254,17254,17254,2,0
2023-06-13 15:38:55,17254,17254,17254,2,0
2023-06-13 15:38:55,17254,17254,17254,2,0
2023-06-13 15:38:55,17254,17254,17254,2,0
2023-06-13 15:38:55,17254,17254,17254,2,0
2023-06-13 15:38:55,17254,17254,17254,2,0
2023-06-13 15:38:55,17254,17254,17254,2,0
2023-06-13 15:38:56,17254,17254,17254,6,0
2023-06-13 15:38:56,17253,17253,17253,2,-2
2023-06-13 15:39:02,17254,17254,17254,2,2
2023-06-13 15:39:02,17254,17254,17254,2,0
2023-06-13 15:39:02,17255,17255,17255,8,8
2023-06-13 15:39:08,17255,17255,17255,4,0
2023-06-13 15:39:09,17255,17255,17255,2,0
2023-06-13 15:39:11,17256,17256,17256,4,4
2023-06-13 15:39:11,17257,17257,17257,2,2
2023-06-13 15:39:11,17255,17255,17255,2,-2
2023-06-13 15:39:11,17255,17255,17255,6,0
2023-06-13 15:39:11,17255,17255,17255,4,0
2023-06-13 15:39:11,17255,17255,17255,2,0
2023-06-13 15:39:12,17255,17255,17255,4,0
2023-06-13 15:39:12,17255,17255,17255,2,0
2023-06-13 15:39:14,17256,17256,17256,2,2
2023-06-13 15:39:18,17258,17258,17258,2,2
2023-06-13 15:39:23,17258,17258,17258,2,0
2023-06-13 15:39:38,17256,17256,17256,2,-2
2023-06-13 15:39:38,17256,17256,17256,4,0
2023-06-13 15:39:38,17256,17256,17256,2,0
2023-06-13 15:39:42,17256,17256,17256,2,0
2023-06-13 15:39:45,17256,17256,17256,2,0
2023-06-13 15:39:48,17256,17256,17256,2,0
2023-06-13 15:39:48,17256,17256,17256,2,0
2023-06-13 15:39:48,17256,17256,17256,2,0
2023-06-13 15:39:48,17256,17256,17256,2,0
2023-06-13 15:39:48,17256,17256,17256,2,0
2023-06-13 15:39:50,17256,17256,17256,2,0
2023-06-13 15:39:51,17256,17256,17256,2,0
2023-06-13 15:39:58,17257,17257,17257,18,18
2023-06-13 15:39:58,17257,17257,17257,8,0
2023-06-13 15:40:00,17258,17258,17258,6,6
2023-06-13 15:40:00,17258,17258,17258,2,0
2023-06-13 15:40:00,17258,17258,17258,2,0
2023-06-13 15:40:00,17258,17258,17258,4,0
2023-06-13 15:40:01,17259,17259,17259,2,2
2023-06-13 15:40:01,17259,17259,17259,2,0
2023-06-13 15:40:01,17259,17259,17259,2,0
2023-06-13 15:40:07,17258,17258,17258,6,-6
2023-06-13 15:40:08,17257,17257,17257,4,-4
2023-06-13 15:40:11,17257,17257,17257,2,0
2023-06-13 15:40:13,17258,17258,17258,2,2
2023-06-13 15:40:14,17258,17258,17258,2,0
2023-06-13 15:40:17,17258,17258,17258,2,0
2023-06-13 15:40:18,17258,17258,17258,4,0
2023-06-13 15:40:20,17258,17258,17258,4,0
2023-06-13 15:40:21,17258,17258,17258,2,0
2023-06-13 15:40:21,17258,17258,17258,2,0
2023-06-13 15:40:22,17257,17257,17257,2,-2
2023-06-13 15:40:22,17258,17258,17258,6,6
2023-06-13 15:40:23,17258,17258,17258,2,0
2023-06-13 15:40:26,17258,17258,17258,2,0
2023-06-13 15:40:29,17258,17258,17258,2,0
2023-06-13 15:40:30,17258,17258,17258,8,0
2023-06-13 15:40:32,17257,17257,17257,2,-2
2023-06-13 15:40:32,17257,17257,17257,4,0
2023-06-13 15:40:32,17257,17257,17257,2,0
2023-06-13 15:40:32,17257,17257,17257,6,0
2023-06-13 15:40:32,17257,17257,17257,4,0
2023-06-13 15:40:32,17257,17257,17257,2,0
2023-06-13 15:40:32,17258,17258,17258,2,2
2023-06-13 15:40:33,17256,17256,17256,2,-2
2023-06-13 15:40:34,17257,17257,17257,6,6
2023-06-13 15:40:35,17256,17256,17256,2,-2
2023-06-13 15:40:37,17256,17256,17256,2,0
2023-06-13 15:40:39,17256,17256,17256,2,0
2023-06-13 15:40:39,17256,17256,17256,4,0
2023-06-13 15:40:39,17256,17256,17256,2,0
2023-06-13 15:40:43,17257,17257,17257,2,2
2023-06-13 15:40:47,17258,17258,17258,2,2
2023-06-13 15:40:47,17258,17258,17258,14,0
2023-06-13 15:40:59,17258,17258,17258,2,0
2023-06-13 15:41:00,17258,17258,17258,2,0
2023-06-13 15:41:00,17259,17259,17259,8,8
2023-06-13 15:41:01,17258,17258,17258,4,-4
2023-06-13 15:41:01,17258,17258,17258,2,0
2023-06-13 15:41:01,17258,17258,17258,2,0
2023-06-13 15:41:01,17258,17258,17258,2,0
2023-06-13 15:41:03,17258,17258,17258,2,0
2023-06-13 15:41:07,17258,17258,17258,2,0
2023-06-13 15:41:08,17257,17257,17257,2,-2
2023-06-13 15:41:12,17257,17257,17257,2,0
2023-06-13 15:41:16,17258,17258,17258,4,4
2023-06-13 15:41:17,17258,17258,17258,10,0
2023-06-13 15:41:18,17258,17258,17258,2,0
2023-06-13 15:41:20,17259,17259,17259,4,4
2023-06-13 15:41:22,17259,17259,17259,4,0
2023-06-13 15:41:44,17258,17258,17258,2,-2
2023-06-13 15:41:44,17258,17258,17258,6,0
2023-06-13 15:41:46,17258,17258,17258,2,0
2023-06-13 15:41:46,17258,17258,17258,2,0
2023-06-13 15:41:47,17258,17258,17258,2,0
2023-06-13 15:41:47,17258,17258,17258,2,0
2023-06-13 15:41:50,17258,17258,17258,2,0
2023-06-13 15:41:53,17258,17258,17258,2,0
2023-06-13 15:41:59,17259,17259,17259,2,2
2023-06-13 15:42:04,17259,17259,17259,4,0
2023-06-13 15:42:05,17259,17259,17259,4,0
2023-06-13 15:42:07,17258,17258,17258,4,-4
2023-06-13 15:42:07,17258,17258,17258,4,0
2023-06-13 15:42:07,17258,17258,17258,2,0
2023-06-13 15:42:07,17258,17258,17258,2,0
2023-06-13 15:42:07,17258,17258,17258,2,0
2023-06-13 15:42:07,17258,17258,17258,2,0
2023-06-13 15:42:09,17258,17258,17258,6,0
2023-06-13 15:42:12,17258,17258,17258,2,0
2023-06-13 15:42:12,17258,17258,17258,2,0
2023-06-13 15:42:15,17258,17258,17258,2,0
2023-06-13 15:42:18,17258,17258,17258,4,0
2023-06-13 15:42:23,17258,17258,17258,6,0
2023-06-13 15:42:23,17258,17258,17258,2,0
2023-06-13 15:42:23,17257,17257,17257,2,-2
2023-06-13 15:42:28,17257,17257,17257,2,0
