2022-11-09 15:00:00.080,13580,13581,13581,85,85
2022-11-09 15:00:00.105,13581,13582,13581,1,-1
2022-11-09 15:00:00.115,13581,13582,13582,1,1
2022-11-09 15:00:00.196,13581,13582,13582,1,1
2022-11-09 15:00:00.221,13581,13582,13583,4,4
2022-11-09 15:00:00.231,13581,13582,13582,2,2
2022-11-09 15:00:00.233,13581,13582,13581,1,-1
2022-11-09 15:00:00.249,13581,13582,13582,1,1
2022-11-09 15:00:00.361,13581,13582,13582,1,1
2022-11-09 15:00:00.817,13582,13583,13583,1,1
2022-11-09 15:00:00.855,13582,13583,13583,9,9
2022-11-09 15:00:00.896,13583,13584,13583,1,-1
2022-11-09 15:00:00.918,13583,13584,13583,1,-1
2022-11-09 15:00:00.920,13583,13584,13583,1,-1
2022-11-09 15:00:00.922,13583,13584,13582,1,-1
2022-11-09 15:00:00.949,13583,13584,13582,1,-1
2022-11-09 15:00:00.949,13583,13584,13582,1,-1
2022-11-09 15:00:01.027,13582,13584,13584,1,1
2022-11-09 15:00:01.030,13582,13584,13582,1,-1
2022-11-09 15:00:01.154,13583,13584,13584,1,1
2022-11-09 15:00:01.184,13583,13584,13583,1,-1
2022-11-09 15:00:01.292,13582,13584,13582,2,-2
2022-11-09 15:00:01.708,13582,13584,13583,1,-1
2022-11-09 15:00:02.261,13582,13584,13584,1,1
2022-11-09 15:00:02.900,13582,13584,13582,2,-2
2022-11-09 15:00:03.418,13583,13584,13584,3,3
2022-11-09 15:00:04.022,13584,13585,13585,2,2
2022-11-09 15:00:04.321,13584,13585,13585,1,1
2022-11-09 15:00:04.526,13584,13585,13584,1,-1
2022-11-09 15:00:04.605,13584,13585,13585,1,1
2022-11-09 15:00:04.697,13584,13585,13584,3,-3
2022-11-09 15:00:04.697,13584,13585,13583,2,-2
2022-11-09 15:00:04.720,13584,13585,13584,1,-1
2022-11-09 15:00:04.949,13582,13585,13585,1,1
2022-11-09 15:00:05.141,13582,13585,13585,1,1
2022-11-09 15:00:05.307,13583,13585,13585,1,1
2022-11-09 15:00:06.769,13583,13585,13585,1,1
2022-11-09 15:00:07.100,13584,13585,13585,4,4
2022-11-09 15:00:07.377,13584,13586,13584,13,-13
2022-11-09 15:00:07.377,13584,13586,13583,7,-7
2022-11-09 15:00:08.365,13584,13585,13584,1,-1
2022-11-09 15:00:09.017,13584,13585,13584,1,-1
2022-11-09 15:00:09.091,13584,13585,13584,2,-2
2022-11-09 15:00:09.091,13584,13585,13583,2,-2
2022-11-09 15:00:10.034,13584,13585,13584,2,-2
2022-11-09 15:00:10.160,13583,13584,13583,2,-2
2022-11-09 15:00:10.161,13583,13584,13583,2,-2
2022-11-09 15:00:10.239,13583,13584,13583,2,-2
2022-11-09 15:00:10.363,13582,13584,13584,2,2
2022-11-09 15:00:10.487,13582,13584,13584,2,2
2022-11-09 15:00:10.611,13582,13585,13584,2,2
2022-11-09 15:00:11.378,13583,13584,13583,2,-2
2022-11-09 15:00:11.522,13583,13584,13584,2,2
2022-11-09 15:00:14.091,13583,13585,13585,2,2
2022-11-09 15:00:14.984,13583,13585,13583,1,-1
2022-11-09 15:00:15.876,13583,13585,13585,5,5
2022-11-09 15:00:15.901,13584,13585,13585,1,1
2022-11-09 15:00:15.909,13584,13585,13585,1,1
2022-11-09 15:00:15.931,13584,13585,13585,1,1
2022-11-09 15:00:15.932,13584,13585,13585,2,2
2022-11-09 15:00:15.943,13584,13585,13586,1,1
2022-11-09 15:00:16.576,13584,13586,13586,1,1
2022-11-09 15:00:17.496,13584,13586,13586,1,1
2022-11-09 15:00:17.880,13585,13586,13585,1,-1
2022-11-09 15:00:17.880,13585,13586,13585,1,-1
2022-11-09 15:00:18.947,13584,13585,13585,3,3
2022-11-09 15:00:19.238,13585,13586,13586,1,1
2022-11-09 15:00:19.267,13585,13586,13586,3,3
2022-11-09 15:00:20.742,13585,13586,13586,1,1
2022-11-09 15:00:20.784,13585,13586,13585,1,-1
2022-11-09 15:00:21.626,13585,13586,13586,4,4
2022-11-09 15:00:21.668,13586,13587,13586,1,-1
2022-11-09 15:00:22.972,13586,13587,13587,1,1
2022-11-09 15:00:23.123,13586,13587,13586,1,-1
2022-11-09 15:00:23.547,13586,13587,13586,1,-1
2022-11-09 15:00:23.601,13586,13587,13587,1,1
2022-11-09 15:00:26.655,13585,13586,13586,1,1
2022-11-09 15:00:28.713,13586,13587,13587,7,7
2022-11-09 15:00:28.764,13587,13588,13587,2,-2
2022-11-09 15:00:29.404,13587,13588,13587,1,-1
2022-11-09 15:00:29.720,13586,13588,13586,1,-1
2022-11-09 15:00:30.314,13586,13588,13586,1,-1
2022-11-09 15:00:30.832,13586,13588,13586,1,-1
2022-11-09 15:00:31.441,13586,13588,13586,1,-1
2022-11-09 15:00:31.462,13586,13588,13586,2,-2
2022-11-09 15:00:32.309,13587,13588,13587,1,-1
2022-11-09 15:00:34.528,13587,13588,13588,1,1
2022-11-09 15:00:35.114,13587,13588,13587,1,-1
2022-11-09 15:00:35.282,13587,13588,13588,1,1
2022-11-09 15:00:36.536,13587,13588,13587,1,-1
2022-11-09 15:00:37.473,13587,13588,13588,3,3
2022-11-09 15:00:38.046,13587,13588,13588,19,19
2022-11-09 15:00:38.947,13588,13589,13588,1,-1
2022-11-09 15:00:41.011,13588,13589,13589,1,1
2022-11-09 15:00:41.608,13588,13589,13589,1,1
2022-11-09 15:00:42.003,13588,13589,13588,1,-1
2022-11-09 15:00:42.003,13588,13589,13588,3,-3
2022-11-09 15:00:42.451,13588,13589,13588,1,-1
2022-11-09 15:00:42.825,13587,13589,13587,11,-11
2022-11-09 15:00:44.108,13586,13588,13588,1,1
2022-11-09 15:00:44.186,13586,13588,13588,4,4
2022-11-09 15:00:44.214,13586,13588,13587,1,1
2022-11-09 15:00:46.122,13586,13588,13588,1,1
2022-11-09 15:00:47.248,13586,13588,13587,3,3
2022-11-09 15:00:48.324,13587,13588,13588,5,5
2022-11-09 15:00:48.475,13587,13588,13587,1,-1
2022-11-09 15:00:50.324,13587,13588,13588,11,11
2022-11-09 15:00:50.620,13587,13589,13589,1,1
2022-11-09 15:00:51.400,13588,13589,13589,1,1
2022-11-09 15:00:51.602,13588,13589,13588,1,-1
2022-11-09 15:00:53.100,13587,13589,13589,4,4
2022-11-09 15:00:53.109,13587,13589,13587,1,-1
2022-11-09 15:00:53.833,13588,13589,13589,6,6
2022-11-09 15:00:54.699,13588,13590,13588,1,-1
2022-11-09 15:00:55.368,13588,13590,13588,1,-1
2022-11-09 15:00:55.387,13588,13590,13588,1,-1
2022-11-09 15:00:55.389,13588,13590,13588,1,-1
2022-11-09 15:00:55.426,13588,13590,13589,1,-1
2022-11-09 15:00:55.559,13588,13590,13589,1,-1
2022-11-09 15:00:56.500,13588,13590,13589,2,-2
2022-11-09 15:00:58.300,13588,13590,13589,2,-2
2022-11-09 15:00:58.729,13588,13590,13589,1,-1
2022-11-09 15:01:00.879,13588,13590,13590,3,3
2022-11-09 15:01:01.357,13588,13590,13588,1,-1
2022-11-09 15:01:01.441,13588,13590,13589,1,-1
2022-11-09 15:01:01.865,13588,13590,13588,1,-1
2022-11-09 15:01:01.920,13588,13590,13590,1,1
2022-11-09 15:01:03.242,13588,13590,13590,1,1
2022-11-09 15:01:03.313,13588,13590,13589,1,1
2022-11-09 15:01:04.841,13588,13590,13590,34,34
2022-11-09 15:01:04.842,13588,13590,13591,2,2
2022-11-09 15:01:04.843,13588,13590,13591,2,2
2022-11-09 15:01:04.868,13588,13590,13590,14,14
2022-11-09 15:01:04.868,13588,13590,13589,6,6
2022-11-09 15:01:05.031,13589,13591,13590,1,1
2022-11-09 15:01:05.123,13589,13591,13591,2,2
2022-11-09 15:01:05.123,13589,13591,13591,2,2
2022-11-09 15:01:05.133,13589,13591,13591,1,1
2022-11-09 15:01:05.192,13589,13591,13590,1,1
2022-11-09 15:01:05.193,13589,13591,13591,1,1
2022-11-09 15:01:06.112,13591,13592,13592,1,1
2022-11-09 15:01:06.487,13591,13592,13592,2,2
2022-11-09 15:01:06.488,13591,13592,13592,13,13
2022-11-09 15:01:06.852,13592,13593,13592,1,-1
2022-11-09 15:01:06.859,13592,13593,13592,1,-1
2022-11-09 15:01:07.808,13591,13592,13591,4,-4
2022-11-09 15:01:07.808,13591,13592,13591,6,-6
2022-11-09 15:01:08.133,13590,13591,13591,2,2
2022-11-09 15:01:08.171,13590,13591,13591,1,1
2022-11-09 15:01:09.734,13590,13592,13590,3,-3
2022-11-09 15:01:09.735,13590,13592,13590,6,-6
2022-11-09 15:01:09.759,13589,13590,13589,1,-1
2022-11-09 15:01:09.759,13589,13590,13589,1,-1
2022-11-09 15:01:09.759,13589,13590,13589,1,-1
2022-11-09 15:01:09.787,13589,13590,13589,4,-4
2022-11-09 15:01:09.799,13589,13590,13589,1,-1
2022-11-09 15:01:09.804,13589,13590,13589,1,-1
2022-11-09 15:01:09.824,13589,13590,13589,3,-3
2022-11-09 15:01:09.827,13589,13590,13589,1,-1
2022-11-09 15:01:09.827,13589,13590,13589,17,-17
2022-11-09 15:01:09.912,13588,13589,13588,7,-7
2022-11-09 15:01:09.912,13588,13589,13588,1,-1
2022-11-09 15:01:10.130,13587,13588,13588,1,1
2022-11-09 15:01:10.872,13587,13588,13588,1,1
2022-11-09 15:01:10.872,13587,13588,13587,2,-2
2022-11-09 15:01:10.872,13587,13588,13587,21,-21
2022-11-09 15:01:10.908,13586,13587,13586,1,-1
2022-11-09 15:01:10.911,13586,13587,13586,1,-1
2022-11-09 15:01:10.916,13586,13587,13586,1,-1
2022-11-09 15:01:10.986,13586,13587,13587,2,2
2022-11-09 15:01:11.111,13586,13587,13587,2,2
2022-11-09 15:01:13.025,13587,13588,13588,1,1
2022-11-09 15:01:13.036,13587,13588,13588,1,1
2022-11-09 15:01:13.040,13587,13588,13588,5,5
2022-11-09 15:01:13.557,13588,13590,13590,2,2
2022-11-09 15:01:13.954,13588,13590,13588,1,-1
2022-11-09 15:01:14.203,13588,13590,13588,5,-5
2022-11-09 15:01:14.916,13588,13590,13588,1,-1
2022-11-09 15:01:16.221,13588,13590,13588,1,-1
2022-11-09 15:01:18.430,13588,13590,13588,5,-5
2022-11-09 15:01:18.534,13588,13590,13588,7,-7
2022-11-09 15:01:18.546,13588,13590,13588,13,-13
2022-11-09 15:01:19.047,13588,13589,13589,5,5
2022-11-09 15:01:19.205,13588,13589,13588,1,-1
2022-11-09 15:01:19.434,13587,13589,13587,1,-1
2022-11-09 15:01:22.349,13587,13588,13588,2,2
2022-11-09 15:01:22.638,13587,13588,13587,1,-1
2022-11-09 15:01:22.846,13587,13588,13587,1,-1
2022-11-09 15:01:22.996,13587,13588,13587,1,-1
2022-11-09 15:01:29.513,13587,13588,13588,3,3
2022-11-09 15:01:29.537,13587,13588,13588,2,2
2022-11-09 15:01:29.554,13587,13588,13588,2,2
2022-11-09 15:01:29.563,13587,13588,13588,2,2
2022-11-09 15:01:29.613,13587,13588,13588,1,1
2022-11-09 15:01:33.244,13588,13589,13589,5,5
2022-11-09 15:01:33.244,13588,13589,13589,5,5
2022-11-09 15:01:36.320,13589,13590,13590,1,1
2022-11-09 15:01:38.975,13589,13590,13590,1,1
2022-11-09 15:01:40.101,13589,13590,13590,2,2
2022-11-09 15:01:41.096,13589,13590,13590,3,3
2022-11-09 15:01:41.251,13589,13590,13590,1,1
2022-11-09 15:01:41.713,13589,13590,13589,2,-2
2022-11-09 15:01:45.409,13589,13590,13590,1,1
2022-11-09 15:01:47.061,13589,13590,13590,1,1
2022-11-09 15:01:47.062,13589,13590,13590,5,5
2022-11-09 15:01:47.152,13589,13590,13590,1,1
2022-11-09 15:01:49.650,13589,13590,13590,2,2
2022-11-09 15:01:50.097,13589,13590,13590,2,2
2022-11-09 15:01:50.930,13589,13590,13590,1,1
2022-11-09 15:01:51.827,13589,13590,13589,2,-2
2022-11-09 15:01:53.152,13589,13590,13590,2,2
2022-11-09 15:01:53.408,13589,13590,13589,3,-3
2022-11-09 15:01:53.526,13589,13590,13590,1,1
2022-11-09 15:01:55.263,13590,13591,13591,1,1
2022-11-09 15:01:56.029,13590,13591,13591,1,1
2022-11-09 15:01:56.030,13590,13591,13591,6,6
2022-11-09 15:01:57.905,13590,13591,13591,1,1
2022-11-09 15:02:00.254,13590,13591,13591,2,2
2022-11-09 15:02:01.760,13590,13591,13591,1,1
2022-11-09 15:02:02.074,13590,13591,13591,2,2
2022-11-09 15:02:02.941,13591,13592,13591,1,-1
2022-11-09 15:02:03.080,13591,13592,13591,1,-1
2022-11-09 15:02:06.836,13591,13592,13591,1,-1
2022-11-09 15:02:08.048,13591,13592,13592,2,2
2022-11-09 15:02:12.135,13591,13592,13592,1,1
2022-11-09 15:02:12.720,13592,13593,13592,1,-1
2022-11-09 15:02:12.732,13592,13593,13592,3,-3
2022-11-09 15:02:12.736,13592,13593,13592,1,-1
2022-11-09 15:02:12.783,13591,13593,13591,1,-1
2022-11-09 15:02:12.787,13591,13593,13591,1,-1
2022-11-09 15:02:12.799,13591,13593,13591,1,-1
2022-11-09 15:02:13.788,13591,13592,13592,1,1
2022-11-09 15:02:14.172,13592,13593,13592,1,-1
2022-11-09 15:02:14.172,13592,13593,13592,1,-1
2022-11-09 15:02:14.181,13592,13593,13592,1,-1
2022-11-09 15:02:14.572,13591,13593,13592,1,-1
2022-11-09 15:02:15.231,13592,13593,13592,1,-1
2022-11-09 15:02:17.095,13592,13593,13593,5,5
2022-11-09 15:02:20.078,13592,13594,13594,1,1
2022-11-09 15:02:22.034,13592,13594,13594,1,1
2022-11-09 15:02:23.174,13593,13594,13594,2,2
2022-11-09 15:02:23.348,13593,13595,13594,1,1
2022-11-09 15:02:23.386,13594,13595,13595,6,6
2022-11-09 15:02:24.147,13594,13596,13594,3,-3
2022-11-09 15:02:24.186,13594,13596,13596,1,1
2022-11-09 15:02:24.314,13594,13596,13596,1,1
2022-11-09 15:02:25.219,13594,13595,13595,1,1
2022-11-09 15:02:30.208,13594,13595,13595,1,1
2022-11-09 15:02:31.008,13594,13596,13594,1,-1
2022-11-09 15:02:33.983,13594,13595,13595,1,1
2022-11-09 15:02:34.334,13594,13595,13595,1,1
2022-11-09 15:02:36.731,13594,13595,13595,1,1
2022-11-09 15:02:37.338,13594,13595,13595,1,1
2022-11-09 15:02:38.853,13594,13595,13594,1,-1
2022-11-09 15:02:39.092,13594,13595,13594,2,-2
2022-11-09 15:02:39.165,13594,13595,13595,1,1
2022-11-09 15:02:41.917,13594,13595,13595,1,1
2022-11-09 15:02:42.508,13594,13595,13594,6,-6
2022-11-09 15:02:42.553,13594,13595,13595,1,1
2022-11-09 15:02:42.781,13594,13595,13594,2,-2
2022-11-09 15:02:45.655,13593,13594,13594,1,1
2022-11-09 15:02:46.814,13593,13594,13593,2,-2
2022-11-09 15:02:47.089,13593,13594,13593,10,-10
2022-11-09 15:02:48.338,13592,13594,13594,3,3
2022-11-09 15:02:51.791,13594,13595,13594,1,-1
2022-11-09 15:02:52.684,13594,13595,13594,1,-1
2022-11-09 15:02:57.315,13593,13594,13594,1,1
2022-11-09 15:02:58.051,13593,13595,13594,1,1
2022-11-09 15:03:01.026,13594,13595,13595,9,9
2022-11-09 15:03:01.573,13594,13595,13595,5,5
2022-11-09 15:03:03.611,13594,13595,13595,1,1
2022-11-09 15:03:04.391,13595,13596,13595,1,-1
2022-11-09 15:03:05.203,13594,13595,13595,1,1
2022-11-09 15:03:07.962,13595,13596,13596,2,2
2022-11-09 15:03:08.198,13595,13596,13595,1,-1
2022-11-09 15:03:08.781,13595,13596,13595,1,-1
2022-11-09 15:03:09.767,13595,13596,13596,1,1
2022-11-09 15:03:12.667,13595,13596,13596,7,7
2022-11-09 15:03:12.668,13595,13596,13596,2,2
2022-11-09 15:03:16.568,13595,13596,13596,5,5
2022-11-09 15:03:20.848,13596,13597,13597,4,4
2022-11-09 15:03:21.550,13596,13597,13596,1,-1
2022-11-09 15:03:22.162,13596,13597,13596,1,-1
2022-11-09 15:03:25.084,13596,13597,13596,1,-1
2022-11-09 15:03:25.149,13596,13597,13597,9,9
2022-11-09 15:03:26.962,13597,13598,13598,1,1
2022-11-09 15:03:27.320,13597,13598,13598,1,1
2022-11-09 15:03:28.944,13597,13598,13598,5,5
2022-11-09 15:03:29.666,13597,13598,13598,2,2
2022-11-09 15:03:30.120,13597,13598,13598,2,2
2022-11-09 15:03:31.542,13597,13598,13597,1,-1
2022-11-09 15:03:33.218,13597,13598,13598,1,1
2022-11-09 15:03:38.178,13597,13598,13598,1,1
2022-11-09 15:03:40.259,13597,13598,13597,1,-1
2022-11-09 15:03:40.508,13597,13598,13597,2,-2
2022-11-09 15:03:42.281,13597,13598,13598,5,5
2022-11-09 15:03:42.779,13598,13599,13598,1,-1
2022-11-09 15:03:46.938,13598,13599,13598,1,-1
2022-11-09 15:03:48.111,13598,13599,13598,1,-1
2022-11-09 15:03:48.388,13598,13599,13598,11,-11
2022-11-09 15:03:48.407,13598,13599,13598,1,-1
2022-11-09 15:03:48.407,13598,13599,13598,2,-2
2022-11-09 15:03:48.407,13598,13599,13598,2,-2
2022-11-09 15:03:48.407,13598,13599,13598,1,-1
2022-11-09 15:03:48.512,13597,13598,13598,2,2
2022-11-09 15:03:53.060,13597,13598,13598,1,1
2022-11-09 15:03:54.727,13597,13598,13597,1,-1
2022-11-09 15:03:55.227,13597,13598,13598,5,5
2022-11-09 15:03:55.428,13597,13598,13598,2,2
2022-11-09 15:03:56.473,13597,13598,13598,1,1
2022-11-09 15:03:58.049,13597,13598,13598,1,1
2022-11-09 15:03:59.439,13597,13598,13598,3,3
2022-11-09 15:03:59.605,13597,13598,13598,1,1
2022-11-09 15:04:00.239,13597,13598,13598,3,3
2022-11-09 15:04:01.360,13597,13598,13598,1,1
2022-11-09 15:04:04.615,13597,13598,13597,3,-3
2022-11-09 15:04:04.763,13597,13598,13598,1,1
2022-11-09 15:04:07.595,13597,13598,13597,3,-3
2022-11-09 15:04:08.813,13596,13597,13597,1,1
2022-11-09 15:04:11.685,13596,13597,13597,2,2
2022-11-09 15:04:12.386,13596,13597,13597,1,1
2022-11-09 15:04:12.698,13596,13597,13597,1,1
2022-11-09 15:04:13.247,13597,13598,13598,1,1
2022-11-09 15:04:15.179,13597,13598,13597,1,-1
2022-11-09 15:04:22.468,13596,13597,13597,1,1
2022-11-09 15:04:23.224,13596,13597,13597,1,1
2022-11-09 15:04:24.619,13596,13597,13597,1,1
2022-11-09 15:04:25.424,13596,13597,13597,1,1
2022-11-09 15:04:25.979,13596,13597,13596,1,-1
2022-11-09 15:04:26.028,13596,13597,13597,1,1
2022-11-09 15:04:26.576,13596,13597,13596,2,-2
2022-11-09 15:04:26.875,13596,13597,13596,2,-2
2022-11-09 15:04:28.746,13597,13598,13597,1,-1
2022-11-09 15:04:29.208,13597,13598,13597,1,-1
2022-11-09 15:04:30.422,13597,13598,13597,1,-1
2022-11-09 15:04:33.232,13597,13598,13598,10,10
2022-11-09 15:04:33.232,13597,13598,13598,2,2
2022-11-09 15:04:33.233,13597,13598,13598,1,1
2022-11-09 15:04:33.828,13597,13598,13598,2,2
2022-11-09 15:04:39.262,13598,13599,13598,1,-1
2022-11-09 15:04:40.694,13598,13599,13599,2,2
2022-11-09 15:04:40.824,13598,13599,13598,1,-1
2022-11-09 15:04:44.963,13598,13599,13599,1,1
2022-11-09 15:04:45.034,13598,13599,13598,1,-1
2022-11-09 15:04:45.768,13598,13599,13598,1,-1
2022-11-09 15:04:45.987,13598,13599,13599,3,3
2022-11-09 15:04:45.987,13598,13599,13599,7,7
2022-11-09 15:04:48.523,13599,13600,13599,1,-1
2022-11-09 15:04:48.591,13599,13600,13600,1,1
2022-11-09 15:04:48.665,13599,13600,13600,1,1
2022-11-09 15:04:49.802,13599,13600,13599,1,-1
2022-11-09 15:04:52.177,13599,13600,13600,1,1
2022-11-09 15:04:52.935,13599,13600,13600,1,1
2022-11-09 15:04:53.442,13599,13600,13600,2,2
2022-11-09 15:04:55.074,13599,13600,13600,2,2
2022-11-09 15:05:02.033,13599,13600,13599,3,-3
2022-11-09 15:05:05.009,13599,13600,13599,1,-1
2022-11-09 15:05:05.009,13599,13600,13599,2,-2
2022-11-09 15:05:08.086,13598,13600,13598,1,-1
2022-11-09 15:05:11.242,13599,13600,13599,2,-2
2022-11-09 15:05:14.060,13599,13600,13599,1,-1
2022-11-09 15:05:14.201,13598,13599,13598,5,-5
2022-11-09 15:05:14.990,13597,13599,13599,3,3
2022-11-09 15:05:15.120,13597,13599,13599,4,4
2022-11-09 15:05:17.447,13597,13599,13599,1,1
2022-11-09 15:05:21.339,13597,13599,13599,1,1
2022-11-09 15:05:21.736,13597,13598,13597,15,-15
2022-11-09 15:05:21.737,13597,13598,13597,2,-2
2022-11-09 15:05:29.687,13597,13598,13597,2,-2
2022-11-09 15:05:30.553,13597,13598,13598,1,1
2022-11-09 15:05:31.541,13597,13598,13598,1,1
2022-11-09 15:05:33.898,13597,13598,13597,2,-2
2022-11-09 15:05:35.431,13596,13598,13598,1,1
2022-11-09 15:05:36.652,13597,13598,13597,2,-2
2022-11-09 15:05:36.652,13597,13598,13596,1,-1
2022-11-09 15:05:39.319,13596,13597,13596,2,-2
2022-11-09 15:05:39.327,13596,13597,13597,1,1
2022-11-09 15:05:42.594,13596,13597,13597,1,1
2022-11-09 15:05:45.711,13597,13598,13598,1,1
2022-11-09 15:05:45.712,13597,13598,13598,1,1
2022-11-09 15:05:52.086,13598,13599,13598,1,-1
2022-11-09 15:05:53.451,13597,13599,13597,1,-1
2022-11-09 15:05:55.434,13597,13598,13598,1,1
2022-11-09 15:05:57.132,13597,13598,13598,1,1
2022-11-09 15:05:57.132,13597,13598,13597,4,-4
2022-11-09 15:05:57.714,13597,13598,13597,1,-1
2022-11-09 15:06:03.003,13597,13598,13598,4,4
2022-11-09 15:06:05.424,13598,13599,13599,1,1
2022-11-09 15:06:05.425,13598,13599,13599,5,5
2022-11-09 15:06:31.980,13599,13600,13599,2,-2
2022-11-09 15:06:32.485,13599,13600,13599,1,-1
2022-11-09 15:06:32.579,13599,13600,13600,3,3
2022-11-09 15:06:35.014,13599,13600,13600,4,4
2022-11-09 15:06:37.891,13599,13600,13600,1,1
2022-11-09 15:06:38.391,13599,13600,13600,1,1
2022-11-09 15:06:39.869,13599,13600,13600,1,1
2022-11-09 15:06:40.082,13599,13600,13600,1,1
2022-11-09 15:06:40.279,13599,13600,13600,1,1
2022-11-09 15:06:43.795,13599,13600,13600,1,1
2022-11-09 15:06:43.818,13599,13600,13600,1,1
2022-11-09 15:06:43.818,13599,13600,13600,1,1
2022-11-09 15:06:43.819,13599,13600,13600,4,4
2022-11-09 15:06:48.117,13600,13601,13600,1,-1
2022-11-09 15:06:50.683,13600,13601,13601,1,1
2022-11-09 15:06:50.790,13600,13601,13601,1,1
2022-11-09 15:06:51.004,13600,13601,13601,2,2
2022-11-09 15:06:55.870,13601,13602,13602,1,1
2022-11-09 15:07:00.134,13601,13602,13602,1,1
2022-11-09 15:07:00.378,13601,13602,13602,1,1
2022-11-09 15:07:02.161,13601,13602,13602,7,7
2022-11-09 15:07:02.298,13601,13603,13601,1,-1
2022-11-09 15:07:03.929,13602,13603,13603,2,2
2022-11-09 15:07:04.095,13602,13603,13603,1,1
2022-11-09 15:07:04.221,13602,13604,13604,1,1
2022-11-09 15:07:09.019,13603,13604,13604,1,1
2022-11-09 15:07:11.588,13603,13604,13604,1,1
2022-11-09 15:07:11.765,13603,13604,13604,1,1
2022-11-09 15:07:11.989,13603,13604,13604,1,1
2022-11-09 15:07:12.786,13603,13604,13604,1,1
2022-11-09 15:07:13.007,13603,13604,13603,1,-1
2022-11-09 15:07:17.845,13603,13604,13603,1,-1
2022-11-09 15:07:17.909,13603,13604,13603,1,-1
2022-11-09 15:07:18.233,13603,13604,13604,1,1
2022-11-09 15:07:18.957,13603,13604,13604,1,1
2022-11-09 15:07:19.917,13603,13604,13604,10,10
2022-11-09 15:07:19.917,13603,13604,13605,19,19
2022-11-09 15:07:19.917,13603,13604,13606,1,1
2022-11-09 15:07:20.128,13604,13606,13604,1,-1
2022-11-09 15:07:20.144,13604,13605,13604,1,-1
2022-11-09 15:07:20.199,13604,13605,13604,2,-2
2022-11-09 15:07:20.410,13603,13604,13603,7,-7
2022-11-09 15:07:20.458,13603,13604,13604,2,2
2022-11-09 15:07:20.712,13602,13603,13603,1,1
2022-11-09 15:07:24.912,13602,13603,13602,5,-5
2022-11-09 15:07:25.036,13601,13603,13601,4,-4
2022-11-09 15:07:25.601,13600,13601,13601,2,2
2022-11-09 15:07:25.712,13600,13601,13600,2,-2
2022-11-09 15:07:25.853,13600,13601,13601,1,1
2022-11-09 15:07:28.444,13600,13601,13601,1,1
2022-11-09 15:07:34.847,13600,13601,13601,1,1
2022-11-09 15:07:35.925,13600,13601,13601,1,1
2022-11-09 15:07:38.670,13600,13601,13601,2,2
2022-11-09 15:07:38.671,13600,13601,13601,3,3
2022-11-09 15:07:38.671,13600,13601,13601,1,1
2022-11-09 15:07:38.671,13600,13601,13601,1,1
2022-11-09 15:07:38.671,13600,13601,13601,1,1
2022-11-09 15:07:38.671,13600,13601,13601,1,1
2022-11-09 15:07:40.109,13601,13603,13602,1,1
2022-11-09 15:07:40.109,13601,13603,13602,1,1
2022-11-09 15:07:42.517,13601,13603,13602,1,1
2022-11-09 15:07:42.517,13601,13603,13603,13,13
2022-11-09 15:07:42.517,13601,13603,13604,15,15
2022-11-09 15:07:42.517,13601,13603,13605,1,1
2022-11-09 15:07:47.083,13603,13604,13603,1,-1
2022-11-09 15:07:48.431,13602,13603,13602,1,-1
2022-11-09 15:07:50.818,13602,13603,13602,1,-1
2022-11-09 15:07:52.299,13602,13603,13603,1,1
2022-11-09 15:07:53.805,13602,13603,13603,1,1
2022-11-09 15:07:55.007,13603,13604,13603,1,-1
2022-11-09 15:07:57.771,13602,13604,13602,1,-1
2022-11-09 15:07:58.118,13602,13604,13602,1,-1
2022-11-09 15:07:59.180,13602,13603,13602,1,-1
2022-11-09 15:08:04.611,13602,13603,13603,2,2
2022-11-09 15:08:05.847,13603,13604,13603,1,-1
2022-11-09 15:08:06.148,13602,13604,13604,2,2
2022-11-09 15:08:13.657,13603,13604,13603,1,-1
2022-11-09 15:08:21.031,13603,13604,13603,1,-1
2022-11-09 15:08:23.177,13603,13604,13603,1,-1
2022-11-09 15:08:24.587,13603,13604,13604,1,1
2022-11-09 15:08:24.966,13603,13604,13603,2,-2
2022-11-09 15:08:27.671,13603,13604,13604,1,1
2022-11-09 15:08:28.102,13603,13604,13604,1,1
2022-11-09 15:08:29.181,13603,13604,13604,1,1
2022-11-09 15:08:34.628,13603,13604,13603,1,-1
2022-11-09 15:08:34.709,13603,13604,13603,4,-4
2022-11-09 15:08:36.533,13602,13603,13603,1,1
2022-11-09 15:08:37.511,13602,13603,13603,1,1
2022-11-09 15:08:38.708,13602,13603,13602,2,-2
2022-11-09 15:08:47.081,13602,13603,13603,2,2
2022-11-09 15:08:47.081,13602,13603,13604,1,1
2022-11-09 15:08:53.700,13603,13604,13603,1,-1
2022-11-09 15:08:57.418,13603,13604,13604,5,5
2022-11-09 15:08:58.307,13603,13604,13603,1,-1
2022-11-09 15:08:59.917,13603,13604,13604,1,1
2022-11-09 15:09:01.009,13603,13604,13604,3,3
2022-11-09 15:09:03.944,13603,13604,13604,1,1
2022-11-09 15:09:05.418,13603,13604,13603,4,-4
2022-11-09 15:09:06.251,13602,13603,13603,1,1
2022-11-09 15:09:10.075,13602,13603,13603,1,1
2022-11-09 15:09:10.075,13602,13603,13604,2,2
2022-11-09 15:09:10.158,13602,13603,13603,1,1
2022-11-09 15:09:14.193,13602,13603,13602,1,-1
2022-11-09 15:09:15.157,13602,13603,13602,1,-1
2022-11-09 15:09:23.087,13602,13603,13603,1,1
2022-11-09 15:09:29.530,13602,13603,13603,2,2
2022-11-09 15:09:29.530,13602,13603,13604,8,8
2022-11-09 15:09:33.080,13603,13604,13604,1,1
2022-11-09 15:09:35.860,13603,13604,13604,2,2
2022-11-09 15:09:36.266,13603,13604,13604,1,1
2022-11-09 15:09:40.799,13603,13604,13604,1,1
2022-11-09 15:09:41.298,13603,13604,13604,1,1
2022-11-09 15:09:42.877,13603,13605,13603,1,-1
2022-11-09 15:09:46.198,13603,13605,13605,1,1
2022-11-09 15:09:46.408,13603,13605,13605,1,1
2022-11-09 15:09:51.377,13604,13605,13605,1,1
2022-11-09 15:09:52.333,13604,13605,13605,1,1
2022-11-09 15:09:58.471,13604,13605,13605,1,1
2022-11-09 15:09:58.483,13604,13605,13605,1,1
2022-11-09 15:09:58.696,13604,13605,13604,1,-1
2022-11-09 15:10:02.053,13604,13605,13605,5,5
2022-11-09 15:10:02.054,13604,13605,13605,1,1
2022-11-09 15:10:02.054,13604,13605,13605,1,1
2022-11-09 15:10:08.075,13605,13606,13605,1,-1
2022-11-09 15:10:09.851,13605,13606,13605,1,-1
2022-11-09 15:10:11.629,13605,13606,13606,2,2
2022-11-09 15:10:11.798,13605,13606,13606,1,1
2022-11-09 15:10:11.849,13605,13606,13605,1,-1
2022-11-09 15:10:11.905,13605,13606,13605,1,-1
2022-11-09 15:10:13.625,13604,13605,13605,1,1
2022-11-09 15:10:13.672,13604,13605,13605,1,1
2022-11-09 15:10:17.033,13604,13605,13605,1,1
2022-11-09 15:10:17.880,13604,13605,13605,1,1
2022-11-09 15:10:20.140,13604,13605,13605,1,1
2022-11-09 15:10:22.344,13604,13605,13605,1,1
2022-11-09 15:10:23.871,13604,13605,13605,1,1
2022-11-09 15:10:25.544,13604,13605,13605,1,1
2022-11-09 15:10:25.604,13604,13605,13605,1,1
2022-11-09 15:10:26.393,13604,13605,13605,2,2
2022-11-09 15:10:26.499,13604,13605,13604,5,-5
2022-11-09 15:10:28.884,13604,13605,13605,5,5
2022-11-09 15:10:31.940,13604,13605,13605,1,1
2022-11-09 15:10:31.940,13604,13605,13605,1,1
2022-11-09 15:10:31.940,13604,13605,13605,2,2
2022-11-09 15:10:31.940,13604,13605,13605,8,8
2022-11-09 15:10:32.453,13605,13606,13606,1,1
2022-11-09 15:10:32.874,13605,13606,13606,2,2
2022-11-09 15:10:32.874,13605,13606,13606,2,2
2022-11-09 15:10:32.874,13605,13606,13606,7,7
2022-11-09 15:10:39.756,13606,13607,13607,2,2
2022-11-09 15:10:39.811,13606,13607,13607,1,1
2022-11-09 15:10:39.901,13606,13607,13607,1,1
2022-11-09 15:10:40.208,13606,13607,13607,3,3
2022-11-09 15:10:41.155,13606,13607,13606,5,-5
2022-11-09 15:10:42.157,13605,13606,13606,2,2
2022-11-09 15:10:42.478,13605,13606,13606,15,15
2022-11-09 15:10:42.478,13605,13606,13607,17,17
2022-11-09 15:10:42.478,13605,13606,13608,18,18
2022-11-09 15:10:42.479,13605,13606,13607,1,1
2022-11-09 15:10:43.022,13606,13608,13608,1,1
2022-11-09 15:10:43.273,13606,13608,13608,1,1
2022-11-09 15:10:43.489,13607,13609,13609,3,3
2022-11-09 15:10:43.546,13607,13609,13609,1,1
2022-11-09 15:10:43.636,13607,13609,13609,1,1
2022-11-09 15:10:43.772,13607,13609,13607,1,-1
2022-11-09 15:10:46.049,13608,13609,13609,2,2
2022-11-09 15:10:47.555,13608,13609,13608,1,-1
2022-11-09 15:10:49.012,13608,13609,13609,20,20
2022-11-09 15:10:49.064,13608,13609,13608,1,-1
2022-11-09 15:10:50.684,13608,13609,13609,1,1
2022-11-09 15:10:51.448,13608,13609,13609,1,1
2022-11-09 15:10:51.448,13608,13609,13610,1,1
2022-11-09 15:10:52.083,13608,13610,13609,1,1
2022-11-09 15:10:52.676,13609,13610,13609,1,-1
2022-11-09 15:10:53.301,13609,13610,13609,5,-5
2022-11-09 15:10:53.693,13609,13610,13609,1,-1
2022-11-09 15:10:55.148,13608,13609,13609,2,2
2022-11-09 15:10:55.388,13608,13609,13609,1,1
2022-11-09 15:10:58.877,13609,13610,13610,1,1
2022-11-09 15:10:58.877,13609,13610,13610,4,4
2022-11-09 15:10:58.877,13609,13610,13610,1,1
2022-11-09 15:10:58.877,13609,13610,13610,1,1
2022-11-09 15:10:58.877,13609,13610,13610,1,1
2022-11-09 15:10:58.877,13609,13610,13610,1,1
2022-11-09 15:10:58.877,13609,13610,13610,1,1
2022-11-09 15:10:58.877,13609,13610,13610,1,1
2022-11-09 15:10:58.877,13609,13610,13610,1,1
2022-11-09 15:10:58.877,13609,13610,13610,1,1
2022-11-09 15:10:58.987,13610,13611,13611,1,1
2022-11-09 15:10:59.159,13610,13611,13610,1,-1
2022-11-09 15:10:59.356,13609,13610,13610,1,1
2022-11-09 15:11:01.673,13609,13610,13610,6,6
2022-11-09 15:11:04.530,13609,13610,13609,1,-1
2022-11-09 15:11:04.531,13609,13610,13609,10,-10
2022-11-09 15:11:04.697,13608,13610,13609,2,-2
2022-11-09 15:11:04.841,13608,13609,13610,2,2
2022-11-09 15:11:05.835,13608,13610,13610,1,1
2022-11-09 15:11:09.933,13609,13610,13610,2,2
2022-11-09 15:11:09.954,13609,13610,13610,2,2
2022-11-09 15:11:12.302,13609,13610,13610,2,2
2022-11-09 15:11:13.566,13609,13610,13610,3,3
2022-11-09 15:11:14.841,13610,13611,13610,1,-1
2022-11-09 15:11:16.107,13610,13611,13610,1,-1
2022-11-09 15:11:20.210,13610,13611,13611,4,4
2022-11-09 15:11:21.109,13610,13611,13610,1,-1
2022-11-09 15:11:24.607,13610,13611,13611,1,1
2022-11-09 15:11:25.258,13610,13611,13611,10,10
2022-11-09 15:11:27.001,13610,13611,13611,2,2
2022-11-09 15:11:27.286,13610,13611,13611,1,1
2022-11-09 15:11:28.151,13610,13611,13610,1,-1
2022-11-09 15:11:28.996,13610,13611,13611,1,1
2022-11-09 15:11:29.375,13610,13611,13611,2,2
2022-11-09 15:11:29.856,13610,13611,13611,10,10
2022-11-09 15:11:29.856,13610,13611,13612,20,20
2022-11-09 15:11:29.858,13610,13611,13612,6,6
2022-11-09 15:11:30.048,13611,13613,13613,1,1
2022-11-09 15:11:30.084,13611,13613,13613,1,1
2022-11-09 15:11:30.165,13611,13613,13613,1,1
2022-11-09 15:11:30.166,13611,13613,13613,1,1
2022-11-09 15:11:30.169,13611,13613,13613,2,2
2022-11-09 15:11:30.191,13611,13613,13613,4,4
2022-11-09 15:11:30.201,13611,13613,13613,2,2
2022-11-09 15:11:30.201,13611,13613,13613,2,2
2022-11-09 15:11:30.238,13611,13613,13613,3,3
2022-11-09 15:11:30.244,13611,13613,13613,1,1
2022-11-09 15:11:30.284,13611,13613,13613,1,1
2022-11-09 15:11:30.295,13611,13613,13613,1,1
2022-11-09 15:11:30.313,13611,13613,13613,1,1
2022-11-09 15:11:30.318,13611,13613,13613,1,1
2022-11-09 15:11:30.410,13611,13613,13613,2,2
2022-11-09 15:11:30.462,13611,13613,13613,1,1
2022-11-09 15:11:30.466,13611,13613,13613,1,1
2022-11-09 15:11:30.471,13611,13613,13613,1,1
2022-11-09 15:11:30.494,13611,13613,13613,1,1
2022-11-09 15:11:30.494,13611,13613,13613,1,1
2022-11-09 15:11:30.497,13611,13613,13613,1,1
2022-11-09 15:11:30.520,13612,13613,13613,2,2
2022-11-09 15:11:30.532,13612,13613,13613,1,1
2022-11-09 15:11:30.548,13612,13613,13613,1,1
2022-11-09 15:11:30.552,13612,13613,13614,1,1
2022-11-09 15:11:30.563,13612,13613,13614,3,3
2022-11-09 15:11:30.573,13612,13613,13612,1,-1
2022-11-09 15:11:30.622,13612,13613,13614,1,1
2022-11-09 15:11:30.644,13612,13614,13614,1,1
2022-11-09 15:11:30.647,13612,13614,13614,1,1
2022-11-09 15:11:30.647,13612,13614,13614,1,1
2022-11-09 15:11:30.648,13612,13614,13614,1,1
2022-11-09 15:11:30.648,13612,13614,13614,1,1
2022-11-09 15:11:30.653,13612,13614,13614,1,1
2022-11-09 15:11:30.656,13612,13614,13614,1,1
2022-11-09 15:11:30.656,13612,13614,13614,1,1
2022-11-09 15:11:30.672,13612,13614,13614,1,1
2022-11-09 15:11:30.686,13612,13614,13613,4,4
2022-11-09 15:11:30.687,13612,13614,13614,1,1
2022-11-09 15:11:30.715,13612,13614,13614,3,3
2022-11-09 15:11:30.758,13613,13614,13614,1,1
2022-11-09 15:11:30.770,13613,13614,13614,1,1
2022-11-09 15:11:30.928,13613,13614,13614,11,11
2022-11-09 15:11:30.977,13613,13614,13614,1,1
2022-11-09 15:11:30.978,13613,13614,13614,1,1
2022-11-09 15:11:30.984,13613,13614,13614,1,1
2022-11-09 15:11:30.986,13613,13614,13614,2,2
2022-11-09 15:11:31.005,13613,13614,13614,1,1
2022-11-09 15:11:31.035,13613,13614,13614,1,1
2022-11-09 15:11:31.158,13613,13614,13614,1,1
2022-11-09 15:11:31.255,13613,13614,13614,1,1
2022-11-09 15:11:33.333,13613,13615,13613,1,-1
2022-11-09 15:11:34.385,13613,13614,13614,2,2
2022-11-09 15:11:35.586,13613,13614,13614,2,2
2022-11-09 15:11:36.670,13614,13615,13615,1,1
2022-11-09 15:11:36.784,13614,13615,13615,2,2
2022-11-09 15:11:36.793,13614,13615,13615,1,1
2022-11-09 15:11:36.919,13614,13615,13615,1,1
2022-11-09 15:11:36.954,13614,13615,13614,1,-1
2022-11-09 15:11:36.960,13614,13615,13615,1,1
2022-11-09 15:11:37.977,13613,13615,13615,4,4
2022-11-09 15:11:38.400,13614,13615,13615,8,8
2022-11-09 15:11:38.400,13614,13615,13615,1,1
2022-11-09 15:11:38.401,13614,13615,13615,3,3
2022-11-09 15:11:38.401,13614,13615,13615,1,1
2022-11-09 15:11:38.401,13614,13615,13615,9,9
2022-11-09 15:11:38.401,13614,13615,13615,5,5
2022-11-09 15:11:38.401,13614,13615,13615,1,1
2022-11-09 15:11:39.349,13614,13616,13614,2,-2
2022-11-09 15:11:39.439,13614,13616,13614,1,-1
2022-11-09 15:11:39.622,13614,13616,13616,2,2
2022-11-09 15:11:39.663,13614,13616,13616,2,2
2022-11-09 15:11:39.704,13614,13616,13614,1,-1
2022-11-09 15:11:39.784,13614,13616,13614,1,-1
2022-11-09 15:11:39.835,13614,13616,13614,1,-1
2022-11-09 15:11:39.845,13614,13616,13616,1,1
2022-11-09 15:11:39.918,13614,13616,13614,1,-1
2022-11-09 15:11:40.049,13614,13616,13615,1,-1
2022-11-09 15:11:40.049,13614,13616,13614,2,-2
2022-11-09 15:11:40.170,13614,13616,13614,1,-1
2022-11-09 15:11:40.378,13614,13616,13616,1,1
2022-11-09 15:11:42.501,13614,13615,13615,1,1
2022-11-09 15:11:42.766,13614,13616,13616,3,3
2022-11-09 15:11:43.204,13615,13616,13616,1,1
2022-11-09 15:11:43.799,13615,13616,13615,1,-1
2022-11-09 15:11:44.164,13615,13616,13615,4,-4
2022-11-09 15:11:44.494,13615,13616,13616,2,2
2022-11-09 15:11:46.025,13615,13616,13615,1,-1
2022-11-09 15:11:46.126,13615,13616,13616,1,1
2022-11-09 15:11:46.321,13615,13616,13616,1,1
2022-11-09 15:11:47.429,13615,13616,13616,1,1
2022-11-09 15:11:47.775,13615,13616,13616,7,7
2022-11-09 15:11:47.776,13615,13616,13616,1,1
2022-11-09 15:11:47.776,13615,13616,13616,1,1
2022-11-09 15:11:48.027,13615,13616,13616,1,1
2022-11-09 15:11:48.504,13615,13616,13616,1,1
2022-11-09 15:11:49.049,13616,13617,13617,4,4
2022-11-09 15:11:49.050,13616,13617,13617,8,8
2022-11-09 15:11:49.479,13616,13618,13616,1,-1
2022-11-09 15:11:49.831,13616,13618,13616,1,-1
2022-11-09 15:11:50.521,13617,13618,13617,1,-1
2022-11-09 15:11:51.664,13617,13618,13618,14,14
2022-11-09 15:11:51.665,13617,13618,13618,1,1
2022-11-09 15:11:51.937,13617,13619,13619,1,1
2022-11-09 15:11:52.018,13617,13619,13619,6,6
2022-11-09 15:11:52.198,13618,13619,13618,1,-1
2022-11-09 15:11:52.321,13618,13619,13619,1,1
2022-11-09 15:11:52.658,13618,13619,13619,3,3
2022-11-09 15:11:52.785,13619,13620,13619,1,-1
2022-11-09 15:11:53.042,13618,13620,13620,1,1
2022-11-09 15:11:53.153,13618,13620,13620,2,2
2022-11-09 15:11:53.163,13618,13620,13620,1,1
2022-11-09 15:11:53.218,13618,13620,13620,1,1
2022-11-09 15:11:53.221,13618,13620,13618,1,-1
2022-11-09 15:11:53.589,13619,13620,13620,1,1
2022-11-09 15:11:53.928,13619,13620,13620,6,6
2022-11-09 15:11:54.132,13619,13620,13620,3,3
2022-11-09 15:11:54.132,13619,13620,13621,7,7
2022-11-09 15:11:54.391,13620,13621,13620,1,-1
2022-11-09 15:11:54.413,13620,13621,13621,1,1
2022-11-09 15:11:54.423,13620,13621,13621,1,1
2022-11-09 15:11:54.439,13620,13621,13622,1,1
2022-11-09 15:11:54.498,13620,13621,13620,1,-1
2022-11-09 15:11:54.548,13620,13621,13621,1,1
2022-11-09 15:11:54.699,13620,13621,13621,1,1
2022-11-09 15:11:54.872,13620,13622,13622,1,1
2022-11-09 15:11:55.042,13620,13622,13621,1,1
2022-11-09 15:11:55.077,13620,13622,13621,1,1
2022-11-09 15:11:55.244,13620,13621,13621,1,1
2022-11-09 15:11:55.277,13620,13622,13622,1,1
2022-11-09 15:11:55.492,13620,13621,13621,1,1
2022-11-09 15:11:55.601,13620,13621,13621,1,1
2022-11-09 15:11:55.608,13620,13621,13621,2,2
2022-11-09 15:11:55.728,13620,13621,13621,1,1
2022-11-09 15:11:55.925,13620,13622,13622,1,1
2022-11-09 15:11:55.976,13620,13622,13622,1,1
2022-11-09 15:11:56.255,13620,13621,13620,1,-1
2022-11-09 15:11:56.300,13620,13621,13621,1,1
2022-11-09 15:11:56.371,13620,13621,13621,1,1
2022-11-09 15:11:56.613,13620,13622,13622,1,1
2022-11-09 15:11:56.859,13620,13621,13621,1,1
2022-11-09 15:11:56.953,13620,13622,13622,1,1
2022-11-09 15:11:57.148,13620,13621,13621,1,1
2022-11-09 15:11:57.148,13620,13621,13622,1,1
2022-11-09 15:11:57.193,13620,13621,13622,1,1
2022-11-09 15:11:57.522,13621,13622,13622,3,3
2022-11-09 15:11:58.566,13621,13622,13621,1,-1
2022-11-09 15:11:59.085,13621,13622,13621,3,-3
2022-11-09 15:11:59.085,13621,13622,13621,2,-2
2022-11-09 15:11:59.085,13621,13622,13621,2,-2
2022-11-09 15:12:00.185,13620,13621,13621,1,1
2022-11-09 15:12:00.194,13620,13621,13621,5,5
2022-11-09 15:12:01.891,13620,13621,13621,6,6
2022-11-09 15:12:01.959,13620,13621,13622,1,1
2022-11-09 15:12:02.163,13620,13621,13621,2,2
2022-11-09 15:12:02.374,13621,13622,13622,1,1
2022-11-09 15:12:03.006,13621,13622,13622,1,1
2022-11-09 15:12:03.839,13621,13622,13622,1,1
2022-11-09 15:12:04.099,13621,13622,13622,1,1
2022-11-09 15:12:04.302,13621,13622,13622,1,1
2022-11-09 15:12:04.326,13621,13622,13621,1,-1
2022-11-09 15:12:04.615,13621,13622,13622,1,1
2022-11-09 15:12:05.721,13621,13622,13622,5,5
2022-11-09 15:12:05.722,13621,13622,13622,1,1
2022-11-09 15:12:05.722,13621,13622,13622,1,1
2022-11-09 15:12:05.868,13622,13623,13622,1,-1
2022-11-09 15:12:05.908,13621,13623,13623,2,2
2022-11-09 15:12:05.989,13621,13623,13623,5,5
2022-11-09 15:12:06.239,13622,13623,13622,1,-1
2022-11-09 15:12:06.291,13622,13623,13623,2,2
2022-11-09 15:12:06.567,13622,13623,13623,2,2
2022-11-09 15:12:06.569,13622,13623,13622,1,-1
2022-11-09 15:12:06.899,13622,13624,13624,1,1
2022-11-09 15:12:06.945,13622,13624,13624,1,1
2022-11-09 15:12:07.095,13622,13623,13623,1,1
2022-11-09 15:12:07.130,13622,13623,13622,1,-1
2022-11-09 15:12:07.926,13622,13623,13623,1,1
2022-11-09 15:12:07.926,13622,13623,13624,3,3
2022-11-09 15:12:08.022,13622,13624,13622,1,-1
2022-11-09 15:12:08.058,13622,13624,13624,3,3
2022-11-09 15:12:08.630,13622,13624,13622,1,-1
2022-11-09 15:12:08.643,13622,13624,13624,1,1
2022-11-09 15:12:09.864,13622,13623,13623,1,1
2022-11-09 15:12:09.874,13622,13623,13623,1,1
2022-11-09 15:12:09.884,13622,13623,13623,1,1
2022-11-09 15:12:10.481,13622,13624,13624,1,1
2022-11-09 15:12:10.994,13622,13624,13624,1,1
2022-11-09 15:12:11.083,13622,13624,13624,1,1
2022-11-09 15:12:11.482,13622,13624,13624,1,1
2022-11-09 15:12:11.887,13622,13624,13622,5,-5
2022-11-09 15:12:12.051,13622,13623,13623,1,1
2022-11-09 15:12:12.862,13622,13624,13623,2,2
2022-11-09 15:12:13.907,13623,13624,13623,1,-1
2022-11-09 15:12:13.910,13623,13624,13623,1,-1
2022-11-09 15:12:14.046,13622,13623,13622,3,-3
2022-11-09 15:12:14.570,13621,13622,13622,1,1
2022-11-09 15:12:14.750,13621,13622,13621,1,-1
2022-11-09 15:12:14.860,13621,13622,13622,1,1
2022-11-09 15:12:14.875,13621,13622,13622,3,3
2022-11-09 15:12:14.875,13621,13622,13623,6,6
2022-11-09 15:12:15.388,13621,13623,13623,2,2
2022-11-09 15:12:15.911,13621,13623,13623,1,1
2022-11-09 15:12:15.952,13621,13623,13622,1,1
2022-11-09 15:12:16.706,13622,13623,13623,1,1
2022-11-09 15:12:17.453,13622,13623,13623,5,5
2022-11-09 15:12:17.730,13623,13624,13623,1,-1
2022-11-09 15:12:17.734,13623,13624,13623,3,-3
2022-11-09 15:12:18.775,13623,13624,13623,1,-1
2022-11-09 15:12:19.652,13623,13624,13623,1,-1
2022-11-09 15:12:19.838,13623,13624,13624,3,3
2022-11-09 15:12:20.043,13623,13624,13623,1,-1
2022-11-09 15:12:20.665,13623,13624,13623,1,-1
2022-11-09 15:12:21.087,13623,13624,13623,1,-1
2022-11-09 15:12:22.601,13623,13624,13623,11,-11
2022-11-09 15:12:22.896,13622,13623,13623,1,1
2022-11-09 15:12:23.461,13622,13623,13623,1,1
2022-11-09 15:12:23.461,13622,13623,13624,1,1
2022-11-09 15:12:23.885,13623,13624,13623,1,-1
2022-11-09 15:12:25.487,13622,13623,13622,1,-1
2022-11-09 15:12:26.204,13622,13623,13623,1,1
2022-11-09 15:12:27.029,13622,13623,13623,1,1
2022-11-09 15:12:27.088,13622,13623,13622,1,-1
2022-11-09 15:12:27.503,13622,13623,13623,1,1
2022-11-09 15:12:27.824,13622,13623,13622,10,-10
2022-11-09 15:12:29.516,13621,13622,13622,2,2
2022-11-09 15:12:29.660,13621,13623,13621,1,-1
2022-11-09 15:12:29.853,13621,13623,13623,1,1
2022-11-09 15:12:30.193,13621,13622,13621,1,-1
2022-11-09 15:12:30.411,13621,13622,13622,1,1
2022-11-09 15:12:30.880,13621,13622,13621,1,-1
2022-11-09 15:12:31.328,13621,13623,13622,2,-2
2022-11-09 15:12:31.328,13621,13623,13622,1,-1
2022-11-09 15:12:31.328,13621,13623,13622,1,-1
2022-11-09 15:12:31.329,13621,13623,13622,1,-1
2022-11-09 15:12:31.329,13621,13623,13622,1,-1
2022-11-09 15:12:31.497,13622,13623,13622,5,-5
2022-11-09 15:12:31.507,13621,13622,13622,1,1
2022-11-09 15:12:31.938,13622,13623,13622,2,-2
2022-11-09 15:12:32.849,13621,13622,13621,6,-6
2022-11-09 15:12:33.022,13621,13622,13621,6,-6
2022-11-09 15:12:33.022,13621,13622,13621,2,-2
2022-11-09 15:12:33.180,13621,13622,13621,1,-1
2022-11-09 15:12:33.280,13620,13621,13621,1,1
2022-11-09 15:12:33.297,13620,13621,13621,2,2
2022-11-09 15:12:33.311,13620,13621,13621,1,1
2022-11-09 15:12:33.459,13620,13621,13620,5,-5
2022-11-09 15:12:34.570,13620,13621,13621,1,1
2022-11-09 15:12:35.915,13620,13621,13621,1,1
2022-11-09 15:12:36.141,13621,13622,13621,1,-1
2022-11-09 15:12:36.305,13621,13622,13622,4,4
2022-11-09 15:12:37.158,13621,13622,13621,1,-1
2022-11-09 15:12:37.824,13620,13622,13622,1,1
2022-11-09 15:12:39.945,13621,13622,13622,6,6
2022-11-09 15:12:39.945,13621,13622,13622,4,4
2022-11-09 15:12:39.945,13621,13622,13621,2,-2
2022-11-09 15:12:40.112,13621,13623,13621,6,-6
2022-11-09 15:12:40.225,13621,13623,13621,2,-2
2022-11-09 15:12:40.544,13621,13623,13621,6,-6
2022-11-09 15:12:41.400,13621,13622,13621,4,-4
2022-11-09 15:12:42.120,13620,13621,13621,10,10
2022-11-09 15:12:42.259,13620,13621,13621,1,1
2022-11-09 15:12:43.766,13620,13621,13621,2,2
2022-11-09 15:12:43.803,13620,13621,13621,3,3
2022-11-09 15:12:43.818,13620,13621,13621,1,1
2022-11-09 15:12:45.107,13620,13621,13621,1,1
2022-11-09 15:12:45.367,13620,13621,13621,3,3
2022-11-09 15:12:47.169,13620,13622,13622,1,1
2022-11-09 15:12:47.191,13620,13622,13622,2,2
2022-11-09 15:12:47.321,13621,13622,13620,4,-4
2022-11-09 15:12:48.126,13621,13622,13621,2,-2
2022-11-09 15:12:48.776,13620,13621,13620,1,-1
2022-11-09 15:12:48.909,13620,13621,13620,5,-5
2022-11-09 15:12:49.029,13620,13621,13620,1,-1
2022-11-09 15:12:49.074,13620,13621,13620,5,-5
2022-11-09 15:12:49.227,13620,13621,13620,5,-5
2022-11-09 15:12:49.227,13620,13621,13620,13,-13
2022-11-09 15:12:49.288,13618,13620,13620,5,5
2022-11-09 15:12:49.907,13618,13620,13620,6,6
2022-11-09 15:12:50.022,13619,13620,13620,1,1
2022-11-09 15:12:50.343,13619,13621,13621,1,1
2022-11-09 15:12:51.707,13619,13620,13619,1,-1
2022-11-09 15:12:54.478,13619,13621,13620,1,-1
2022-11-09 15:12:55.723,13619,13620,13619,2,-2
2022-11-09 15:12:57.041,13619,13620,13620,2,2
2022-11-09 15:12:57.041,13619,13620,13620,1,1
2022-11-09 15:12:57.041,13619,13620,13620,1,1
2022-11-09 15:12:58.033,13620,13621,13620,1,-1
2022-11-09 15:12:58.821,13620,13621,13620,1,-1
2022-11-09 15:13:00.096,13620,13621,13621,1,1
2022-11-09 15:13:00.127,13620,13621,13620,5,-5
2022-11-09 15:13:01.058,13619,13620,13620,1,1
2022-11-09 15:13:02.082,13619,13620,13620,1,1
2022-11-09 15:13:02.095,13619,13620,13620,1,1
2022-11-09 15:13:02.599,13619,13620,13620,6,6
2022-11-09 15:13:02.601,13619,13620,13620,4,4
2022-11-09 15:13:02.685,13619,13620,13619,1,-1
2022-11-09 15:13:04.312,13619,13621,13619,1,-1
2022-11-09 15:13:05.557,13619,13620,13620,1,1
2022-11-09 15:13:05.993,13619,13621,13621,2,2
2022-11-09 15:13:06.295,13620,13621,13620,1,-1
2022-11-09 15:13:06.318,13620,13621,13620,1,-1
2022-11-09 15:13:06.887,13620,13621,13621,2,2
2022-11-09 15:13:07.095,13620,13621,13620,1,-1
2022-11-09 15:13:07.095,13620,13621,13621,10,10
2022-11-09 15:13:07.271,13621,13622,13621,2,-2
2022-11-09 15:13:07.272,13621,13622,13621,4,-4
2022-11-09 15:13:07.329,13621,13622,13622,1,1
2022-11-09 15:13:07.359,13621,13622,13622,1,1
2022-11-09 15:13:07.427,13621,13622,13621,1,-1
2022-11-09 15:13:07.428,13621,13622,13621,1,-1
2022-11-09 15:13:07.507,13620,13621,13621,1,1
2022-11-09 15:13:07.634,13620,13622,13620,1,-1
2022-11-09 15:13:07.955,13620,13622,13620,5,-5
2022-11-09 15:13:09.127,13620,13621,13621,2,2
2022-11-09 15:13:09.507,13620,13621,13621,4,4
2022-11-09 15:13:09.691,13621,13622,13621,5,-5
2022-11-09 15:13:09.910,13621,13622,13621,1,-1
2022-11-09 15:13:09.910,13621,13622,13620,4,-4
2022-11-09 15:13:10.406,13620,13621,13620,1,-1
2022-11-09 15:13:13.403,13619,13620,13619,5,-5
2022-11-09 15:13:13.438,13619,13620,13620,1,1
2022-11-09 15:13:13.576,13619,13620,13619,5,-5
2022-11-09 15:13:13.725,13619,13620,13619,5,-5
2022-11-09 15:13:13.725,13619,13620,13619,1,-1
2022-11-09 15:13:14.654,13618,13620,13620,1,1
2022-11-09 15:13:14.662,13618,13620,13618,1,-1
2022-11-09 15:13:15.875,13618,13620,13620,1,1
2022-11-09 15:13:16.575,13618,13619,13619,1,1
2022-11-09 15:13:16.933,13618,13620,13620,1,1
2022-11-09 15:13:17.001,13618,13620,13618,1,-1
2022-11-09 15:13:17.963,13618,13619,13618,1,-1
2022-11-09 15:13:17.963,13618,13619,13618,25,-25
2022-11-09 15:13:20.872,13617,13619,13617,3,-3
2022-11-09 15:13:21.345,13617,13619,13618,6,-6
2022-11-09 15:13:22.882,13617,13618,13617,6,-6
2022-11-09 15:13:23.048,13617,13618,13617,6,-6
2022-11-09 15:13:23.178,13617,13618,13617,2,-2
2022-11-09 15:13:23.546,13616,13617,13617,4,4
2022-11-09 15:13:23.934,13617,13618,13617,3,-3
2022-11-09 15:13:26.227,13617,13618,13617,1,-1
2022-11-09 15:13:28.415,13617,13618,13618,2,2
2022-11-09 15:13:29.242,13617,13618,13618,1,1
2022-11-09 15:13:34.112,13617,13618,13618,3,3
2022-11-09 15:13:34.412,13617,13618,13617,1,-1
2022-11-09 15:13:35.550,13617,13618,13618,3,3
2022-11-09 15:13:40.287,13617,13618,13617,1,-1
2022-11-09 15:13:40.287,13617,13618,13617,1,-1
2022-11-09 15:13:40.651,13616,13617,13617,2,2
2022-11-09 15:13:41.654,13616,13617,13616,10,-10
2022-11-09 15:13:42.586,13616,13617,13616,1,-1
2022-11-09 15:13:43.166,13616,13617,13616,7,-7
2022-11-09 15:13:44.957,13616,13617,13616,2,-2
2022-11-09 15:13:45.032,13615,13616,13615,15,-15
2022-11-09 15:13:48.602,13615,13616,13615,1,-1
2022-11-09 15:13:54.072,13615,13616,13616,1,1
2022-11-09 15:13:54.367,13615,13616,13616,2,2
2022-11-09 15:13:56.987,13615,13616,13616,2,2
2022-11-09 15:14:00.560,13615,13616,13616,2,2
2022-11-09 15:14:01.053,13615,13616,13616,2,2
2022-11-09 15:14:01.055,13615,13616,13616,2,2
2022-11-09 15:14:01.954,13616,13617,13616,6,-6
2022-11-09 15:14:02.987,13615,13616,13615,1,-1
2022-11-09 15:14:03.523,13615,13616,13616,1,1
2022-11-09 15:14:06.819,13615,13616,13616,1,1
2022-11-09 15:14:07.161,13615,13616,13616,1,1
2022-11-09 15:14:08.175,13615,13616,13615,1,-1
2022-11-09 15:14:08.282,13615,13616,13616,1,1
2022-11-09 15:14:08.402,13615,13616,13616,4,4
2022-11-09 15:14:11.145,13615,13616,13615,20,-20
2022-11-09 15:14:11.170,13615,13616,13615,1,-1
2022-11-09 15:14:11.277,13614,13615,13615,5,5
2022-11-09 15:14:11.277,13614,13615,13616,4,4
2022-11-09 15:14:11.281,13614,13615,13616,2,2
2022-11-09 15:14:12.986,13614,13616,13616,2,2
2022-11-09 15:14:13.725,13614,13616,13614,3,-3
2022-11-09 15:14:23.678,13614,13615,13614,1,-1
2022-11-09 15:14:24.456,13614,13615,13615,1,1
2022-11-09 15:14:25.341,13614,13616,13615,1,1
2022-11-09 15:14:27.989,13614,13615,13614,3,-3
2022-11-09 15:14:28.267,13614,13615,13614,3,-3
2022-11-09 15:14:28.556,13614,13615,13614,3,-3
2022-11-09 15:14:29.728,13614,13615,13614,3,-3
2022-11-09 15:14:30.308,13614,13615,13615,1,1
2022-11-09 15:14:30.308,13614,13615,13616,4,4
2022-11-09 15:14:30.944,13614,13615,13614,1,-1
2022-11-09 15:14:30.953,13614,13615,13614,1,-1
2022-11-09 15:14:32.994,13614,13615,13615,1,1
2022-11-09 15:14:33.158,13614,13615,13615,1,1
2022-11-09 15:14:38.070,13615,13616,13615,3,-3
2022-11-09 15:14:38.070,13615,13616,13614,3,-3
2022-11-09 15:14:39.128,13615,13616,13615,1,-1
2022-11-09 15:14:39.821,13615,13616,13616,2,2
2022-11-09 15:14:39.822,13615,13616,13616,2,2
2022-11-09 15:14:39.822,13615,13616,13616,4,4
2022-11-09 15:14:39.930,13616,13617,13616,3,-3
2022-11-09 15:14:40.043,13615,13617,13615,1,-1
2022-11-09 15:14:40.092,13615,13617,13617,4,4
2022-11-09 15:14:41.646,13616,13618,13616,1,-1
2022-11-09 15:14:42.043,13617,13618,13618,1,1
2022-11-09 15:14:42.043,13617,13618,13618,1,1
2022-11-09 15:14:43.672,13617,13618,13617,3,-3
2022-11-09 15:14:44.922,13617,13618,13617,1,-1
2022-11-09 15:14:47.366,13616,13617,13617,1,1
2022-11-09 15:14:49.552,13616,13617,13616,3,-3
2022-11-09 15:14:50.374,13615,13616,13615,3,-3
2022-11-09 15:14:52.431,13614,13615,13615,2,2
2022-11-09 15:14:54.066,13615,13616,13616,2,2
2022-11-09 15:14:57.863,13615,13616,13615,5,-5
2022-11-09 15:14:58.505,13614,13616,13614,1,-1
2022-11-09 15:14:58.913,13614,13616,13616,1,1
2022-11-09 15:15:03.232,13614,13616,13616,1,1
2022-11-09 15:15:03.497,13615,13616,13615,3,-3
2022-11-09 15:15:04.585,13615,13616,13615,1,-1
2022-11-09 15:15:04.635,13615,13616,13615,1,-1
2022-11-09 15:15:06.939,13615,13616,13615,3,-3
2022-11-09 15:15:08.195,13614,13615,13615,1,1
2022-11-09 15:15:09.003,13614,13615,13614,5,-5
2022-11-09 15:15:09.004,13614,13615,13614,11,-11
2022-11-09 15:15:10.690,13613,13614,13613,3,-3
2022-11-09 15:15:10.764,13613,13614,13614,1,1
2022-11-09 15:15:10.864,13613,13614,13614,1,1
2022-11-09 15:15:10.864,13613,13614,13614,1,1
2022-11-09 15:15:10.865,13613,13614,13614,1,1
2022-11-09 15:15:10.964,13613,13614,13614,1,1
2022-11-09 15:15:11.065,13613,13614,13614,1,1
2022-11-09 15:15:13.579,13614,13615,13614,1,-1
2022-11-09 15:15:13.758,13614,13615,13614,1,-1
2022-11-09 15:15:13.972,13614,13615,13614,1,-1
2022-11-09 15:15:14.072,13613,13614,13614,1,1
2022-11-09 15:15:16.787,13613,13614,13614,1,1
2022-11-09 15:15:21.135,13613,13614,13614,1,1
2022-11-09 15:15:22.895,13613,13615,13614,1,1
2022-11-09 15:15:23.516,13613,13614,13614,1,1
2022-11-09 15:15:23.516,13613,13614,13614,1,1
2022-11-09 15:15:25.463,13613,13614,13613,1,-1
2022-11-09 15:15:26.742,13613,13614,13614,3,3
2022-11-09 15:15:27.114,13613,13615,13615,3,3
2022-11-09 15:15:28.652,13614,13615,13614,1,-1
2022-11-09 15:15:28.652,13614,13615,13613,2,-2
2022-11-09 15:15:28.759,13613,13615,13613,1,-1
2022-11-09 15:15:28.759,13613,13615,13613,1,-1
2022-11-09 15:15:28.765,13613,13615,13613,1,-1
2022-11-09 15:15:32.582,13613,13614,13613,8,-8
2022-11-09 15:15:33.536,13612,13613,13613,1,1
2022-11-09 15:15:34.913,13612,13613,13612,1,-1
2022-11-09 15:15:36.366,13611,13613,13612,1,-1
2022-11-09 15:15:36.507,13611,13613,13612,1,-1
2022-11-09 15:15:38.072,13612,13613,13613,2,2
2022-11-09 15:15:45.652,13612,13613,13612,1,-1
2022-11-09 15:15:47.645,13612,13613,13612,1,-1
2022-11-09 15:15:49.312,13612,13613,13612,5,-5
2022-11-09 15:15:49.687,13612,13613,13612,5,-5
2022-11-09 15:15:52.287,13612,13613,13612,5,-5
2022-11-09 15:15:52.671,13612,13613,13612,4,-4
2022-11-09 15:15:52.671,13612,13613,13611,1,-1
2022-11-09 15:15:52.972,13611,13613,13611,5,-5
2022-11-09 15:15:54.860,13611,13612,13611,5,-5
2022-11-09 15:15:55.887,13611,13612,13612,2,2
2022-11-09 15:16:00.213,13611,13612,13612,1,1
2022-11-09 15:16:00.857,13611,13612,13611,1,-1
2022-11-09 15:16:02.610,13612,13613,13612,4,-4
2022-11-09 15:16:02.799,13611,13612,13612,1,1
2022-11-09 15:16:02.888,13612,13613,13612,3,-3
2022-11-09 15:16:02.888,13612,13613,13611,2,-2
2022-11-09 15:16:03.100,13611,13613,13613,1,1
2022-11-09 15:16:03.150,13611,13613,13613,1,1
2022-11-09 15:16:05.155,13611,13612,13611,5,-5
2022-11-09 15:16:06.242,13611,13612,13611,3,-3
2022-11-09 15:16:07.064,13610,13611,13610,5,-5
2022-11-09 15:16:07.386,13610,13611,13610,1,-1
2022-11-09 15:16:08.054,13610,13611,13611,1,1
2022-11-09 15:16:09.942,13610,13611,13611,1,1
2022-11-09 15:16:10.009,13611,13612,13612,1,1
2022-11-09 15:16:10.572,13611,13612,13612,1,1
2022-11-09 15:16:10.869,13611,13612,13611,5,-5
2022-11-09 15:16:11.238,13610,13612,13610,1,-1
2022-11-09 15:16:11.624,13610,13612,13610,2,-2
2022-11-09 15:16:11.916,13610,13612,13610,1,-1
2022-11-09 15:16:12.569,13611,13612,13611,1,-1
2022-11-09 15:16:13.546,13610,13612,13610,1,-1
2022-11-09 15:16:14.413,13610,13612,13610,1,-1
2022-11-09 15:16:15.900,13610,13611,13610,1,-1
2022-11-09 15:16:16.801,13610,13611,13611,2,2
2022-11-09 15:16:16.883,13610,13611,13611,1,1
2022-11-09 15:16:17.645,13610,13611,13611,1,1
2022-11-09 15:16:18.509,13610,13611,13611,4,4
2022-11-09 15:16:18.720,13610,13611,13611,1,1
2022-11-09 15:16:20.492,13610,13611,13610,5,-5
2022-11-09 15:16:21.442,13609,13611,13611,1,1
2022-11-09 15:16:22.165,13609,13611,13609,1,-1
2022-11-09 15:16:22.293,13609,13611,13609,1,-1
2022-11-09 15:16:22.293,13609,13611,13610,1,-1
2022-11-09 15:16:22.563,13610,13611,13610,2,-2
2022-11-09 15:16:22.563,13610,13611,13609,3,-3
2022-11-09 15:16:22.616,13610,13611,13609,5,-5
2022-11-09 15:16:24.223,13609,13610,13610,1,1
2022-11-09 15:16:29.143,13610,13611,13610,1,-1
2022-11-09 15:16:30.840,13610,13611,13610,1,-1
2022-11-09 15:16:35.418,13610,13611,13611,1,1
2022-11-09 15:16:35.419,13610,13611,13611,2,2
2022-11-09 15:16:35.419,13610,13611,13611,1,1
2022-11-09 15:16:35.419,13610,13611,13611,1,1
2022-11-09 15:16:37.441,13610,13611,13610,1,-1
2022-11-09 15:16:37.609,13610,13611,13611,1,1
2022-11-09 15:16:37.610,13610,13611,13611,1,1
2022-11-09 15:16:37.610,13610,13611,13611,1,1
2022-11-09 15:16:37.610,13610,13611,13611,2,2
2022-11-09 15:16:37.610,13610,13611,13611,2,2
2022-11-09 15:16:39.131,13611,13613,13611,14,-14
2022-11-09 15:16:39.131,13611,13613,13610,5,-5
2022-11-09 15:16:39.687,13610,13612,13612,1,1
2022-11-09 15:16:40.791,13610,13612,13610,3,-3
2022-11-09 15:16:45.182,13610,13611,13611,1,1
2022-11-09 15:16:46.187,13610,13611,13610,6,-6
2022-11-09 15:16:46.282,13609,13610,13610,3,3
2022-11-09 15:16:47.946,13609,13610,13610,1,1
2022-11-09 15:16:48.021,13609,13611,13611,2,2
2022-11-09 15:16:51.977,13610,13611,13611,1,1
2022-11-09 15:16:55.316,13610,13611,13611,1,1
2022-11-09 15:16:59.663,13610,13611,13610,3,-3
2022-11-09 15:17:03.423,13610,13611,13610,3,-3
2022-11-09 15:17:05.443,13610,13611,13611,1,1
2022-11-09 15:17:06.365,13610,13611,13610,1,-1
2022-11-09 15:17:06.611,13610,13611,13610,1,-1
2022-11-09 15:17:06.905,13610,13611,13610,1,-1
2022-11-09 15:17:08.183,13610,13611,13610,1,-1
2022-11-09 15:17:10.213,13610,13611,13610,1,-1
2022-11-09 15:17:10.213,13610,13611,13610,15,-15
2022-11-09 15:17:11.073,13609,13610,13609,3,-3
2022-11-09 15:17:11.975,13608,13609,13609,1,1
2022-11-09 15:17:12.440,13608,13609,13608,1,-1
2022-11-09 15:17:12.578,13608,13609,13608,1,-1
2022-11-09 15:17:12.579,13608,13609,13608,10,-10
2022-11-09 15:17:12.579,13608,13609,13608,1,-1
2022-11-09 15:17:13.274,13607,13608,13607,4,-4
2022-11-09 15:17:13.275,13607,13608,13607,1,-1
2022-11-09 15:17:13.275,13607,13608,13607,1,-1
2022-11-09 15:17:13.275,13607,13608,13607,1,-1
2022-11-09 15:17:14.653,13606,13607,13607,1,1
2022-11-09 15:17:16.795,13606,13607,13607,1,1
2022-11-09 15:17:17.305,13606,13607,13607,1,1
2022-11-09 15:17:18.049,13606,13607,13607,1,1
2022-11-09 15:17:18.979,13606,13607,13607,1,1
2022-11-09 15:17:19.649,13606,13607,13606,1,-1
2022-11-09 15:17:19.787,13606,13607,13606,1,-1
2022-11-09 15:17:20.901,13606,13607,13607,2,2
2022-11-09 15:17:20.901,13606,13607,13608,1,1
2022-11-09 15:17:22.327,13607,13608,13608,1,1
2022-11-09 15:17:23.559,13607,13608,13607,4,-4
2022-11-09 15:17:24.001,13607,13608,13607,1,-1
2022-11-09 15:17:24.747,13606,13608,13606,1,-1
2022-11-09 15:17:25.573,13607,13608,13607,1,-1
2022-11-09 15:17:26.863,13606,13607,13606,1,-1
2022-11-09 15:17:28.486,13606,13607,13607,1,1
2022-11-09 15:17:28.638,13606,13607,13606,2,-2
2022-11-09 15:17:29.924,13606,13607,13606,1,-1
2022-11-09 15:17:38.380,13606,13607,13607,1,1
2022-11-09 15:17:43.371,13606,13607,13607,1,1
2022-11-09 15:17:43.371,13606,13607,13607,4,4
2022-11-09 15:17:43.371,13606,13607,13607,2,2
2022-11-09 15:17:43.371,13606,13607,13607,1,1
2022-11-09 15:17:43.371,13606,13607,13607,1,1
2022-11-09 15:17:43.539,13607,13608,13607,1,-1
2022-11-09 15:17:46.352,13606,13607,13607,1,1
2022-11-09 15:17:46.728,13606,13607,13607,1,1
2022-11-09 15:17:48.899,13606,13607,13607,1,1
2022-11-09 15:17:54.403,13606,13607,13607,1,1
2022-11-09 15:18:02.161,13606,13607,13607,1,1
2022-11-09 15:18:04.633,13606,13607,13606,1,-1
2022-11-09 15:18:07.054,13606,13607,13607,1,1
2022-11-09 15:18:11.440,13606,13607,13607,2,2
2022-11-09 15:18:17.671,13606,13607,13607,1,1
2022-11-09 15:18:19.497,13606,13607,13607,1,1
2022-11-09 15:18:21.083,13606,13607,13607,1,1
2022-11-09 15:18:25.383,13606,13607,13607,1,1
2022-11-09 15:18:25.383,13606,13607,13607,1,1
2022-11-09 15:18:25.383,13606,13607,13607,1,1
2022-11-09 15:18:25.384,13606,13607,13607,3,3
2022-11-09 15:18:25.388,13606,13607,13608,2,2
2022-11-09 15:18:26.060,13607,13608,13607,2,-2
2022-11-09 15:18:26.085,13607,13608,13607,3,-3
2022-11-09 15:18:27.937,13607,13608,13608,1,1
2022-11-09 15:18:28.154,13607,13608,13608,3,3
2022-11-09 15:18:28.154,13607,13608,13608,8,8
2022-11-09 15:18:30.170,13608,13609,13609,2,2
2022-11-09 15:18:30.323,13608,13609,13609,1,1
2022-11-09 15:18:32.492,13607,13609,13609,1,1
2022-11-09 15:18:32.509,13609,13610,13610,1,1
2022-11-09 15:18:32.676,13609,13611,13611,1,1
2022-11-09 15:18:35.351,13608,13610,13610,1,1
2022-11-09 15:18:36.928,13608,13610,13610,1,1
2022-11-09 15:18:38.933,13609,13610,13610,1,1
2022-11-09 15:18:41.311,13609,13610,13610,3,3
2022-11-09 15:18:43.434,13609,13610,13610,1,1
2022-11-09 15:18:44.549,13609,13610,13610,1,1
2022-11-09 15:18:46.993,13609,13610,13610,1,1
2022-11-09 15:18:47.241,13609,13610,13610,2,2
2022-11-09 15:18:48.077,13610,13611,13610,1,-1
2022-11-09 15:18:52.675,13610,13611,13611,1,1
2022-11-09 15:18:52.888,13610,13611,13610,1,-1
2022-11-09 15:18:52.938,13610,13611,13610,1,-1
2022-11-09 15:18:52.938,13610,13611,13610,1,-1
2022-11-09 15:18:52.939,13610,13611,13610,2,-2
2022-11-09 15:18:53.954,13609,13610,13610,1,1
2022-11-09 15:18:57.741,13609,13610,13610,1,1
2022-11-09 15:18:57.953,13609,13611,13609,2,-2
2022-11-09 15:19:00.630,13609,13610,13609,7,-7
2022-11-09 15:19:01.193,13608,13609,13609,1,1
2022-11-09 15:19:05.130,13608,13609,13608,1,-1
2022-11-09 15:19:11.158,13608,13609,13608,1,-1
2022-11-09 15:19:12.073,13608,13609,13608,1,-1
2022-11-09 15:19:15.653,13608,13609,13609,2,2
2022-11-09 15:19:15.653,13608,13609,13609,1,1
2022-11-09 15:19:20.196,13609,13610,13609,1,-1
2022-11-09 15:19:24.980,13609,13610,13610,1,1
2022-11-09 15:19:25.292,13609,13610,13609,1,-1
2022-11-09 15:19:28.388,13609,13610,13610,4,4
2022-11-09 15:19:28.829,13610,13611,13610,1,-1
2022-11-09 15:19:35.582,13610,13611,13610,1,-1
2022-11-09 15:19:35.583,13610,13611,13610,3,-3
2022-11-09 15:19:37.782,13610,13611,13611,1,1
2022-11-09 15:19:40.695,13610,13611,13611,1,1
2022-11-09 15:19:42.245,13610,13611,13611,2,2
2022-11-09 15:19:44.415,13610,13611,13611,1,1
2022-11-09 15:19:45.115,13610,13611,13611,2,2
2022-11-09 15:19:45.398,13610,13611,13611,13,13
2022-11-09 15:19:47.608,13611,13612,13612,1,1
2022-11-09 15:19:54.306,13611,13612,13612,1,1
2022-11-09 15:19:57.422,13611,13612,13611,1,-1
2022-11-09 15:19:58.511,13611,13612,13611,2,-2
2022-11-09 15:19:59.084,13610,13612,13612,1,1
2022-11-09 15:19:59.351,13610,13612,13610,1,-1
2022-11-09 15:19:59.837,13610,13612,13612,1,1
2022-11-09 15:20:00.720,13610,13612,13612,1,1
2022-11-09 15:20:03.215,13610,13611,13610,20,-20
2022-11-09 15:20:03.655,13609,13610,13610,1,1
2022-11-09 15:20:03.655,13609,13610,13611,1,1
2022-11-09 15:20:03.939,13609,13611,13609,1,-1
2022-11-09 15:20:08.958,13610,13611,13611,1,1
2022-11-09 15:20:13.615,13611,13612,13612,1,1
2022-11-09 15:20:14.795,13611,13612,13611,1,-1
2022-11-09 15:20:15.178,13611,13612,13611,2,-2
2022-11-09 15:20:20.193,13610,13611,13610,3,-3
2022-11-09 15:20:26.250,13610,13611,13610,2,-2
2022-11-09 15:20:42.568,13610,13611,13610,1,-1
2022-11-09 15:20:42.660,13610,13611,13610,1,-1
2022-11-09 15:20:49.295,13610,13611,13610,1,-1
2022-11-09 15:20:50.098,13610,13611,13610,1,-1
2022-11-09 15:20:50.099,13610,13611,13610,3,-3
2022-11-09 15:20:55.072,13609,13610,13609,12,-12
2022-11-09 15:20:55.072,13609,13610,13609,6,-6
2022-11-09 15:21:02.339,13608,13609,13609,1,1
2022-11-09 15:21:09.152,13608,13609,13609,1,1
2022-11-09 15:21:09.152,13608,13609,13609,1,1
2022-11-09 15:21:09.152,13608,13609,13609,1,1
2022-11-09 15:21:09.153,13608,13609,13609,1,1
2022-11-09 15:21:09.153,13608,13609,13609,1,1
2022-11-09 15:21:11.743,13609,13610,13609,1,-1
2022-11-09 15:21:16.408,13609,13610,13610,5,5
2022-11-09 15:21:17.351,13610,13611,13611,5,5
2022-11-09 15:21:17.351,13610,13611,13611,1,1
2022-11-09 15:21:17.352,13610,13611,13611,4,4
2022-11-09 15:21:19.252,13611,13612,13611,1,-1
2022-11-09 15:21:19.852,13611,13612,13612,3,3
2022-11-09 15:21:27.729,13612,13613,13612,1,-1
2022-11-09 15:21:32.231,13612,13613,13612,1,-1
2022-11-09 15:21:32.237,13612,13613,13612,1,-1
2022-11-09 15:21:32.237,13612,13613,13612,1,-1
2022-11-09 15:21:38.187,13610,13612,13612,1,1
2022-11-09 15:21:38.351,13610,13612,13612,1,1
2022-11-09 15:21:40.289,13610,13612,13611,1,1
2022-11-09 15:21:42.961,13610,13612,13612,1,1
2022-11-09 15:21:49.341,13611,13612,13611,1,-1
2022-11-09 15:21:54.277,13611,13612,13611,1,-1
2022-11-09 15:21:55.770,13611,13612,13611,1,-1
2022-11-09 15:21:57.153,13610,13612,13610,1,-1
2022-11-09 15:21:58.405,13610,13612,13610,1,-1
2022-11-09 15:22:03.343,13611,13612,13612,5,5
2022-11-09 15:22:12.630,13611,13612,13612,2,2
2022-11-09 15:22:13.016,13612,13613,13613,5,5
2022-11-09 15:22:13.920,13612,13613,13613,3,3
2022-11-09 15:22:17.954,13613,13614,13614,5,5
2022-11-09 15:22:20.192,13613,13614,13613,2,-2
2022-11-09 15:22:21.893,13613,13614,13614,1,1
2022-11-09 15:22:22.199,13613,13614,13613,2,-2
2022-11-09 15:22:22.205,13613,13614,13613,1,-1
2022-11-09 15:22:22.470,13612,13613,13613,1,1
2022-11-09 15:22:23.481,13612,13613,13613,1,1
2022-11-09 15:22:25.861,13612,13613,13613,2,2
2022-11-09 15:22:25.861,13612,13613,13614,1,1
2022-11-09 15:22:31.303,13613,13614,13614,2,2
2022-11-09 15:22:34.719,13613,13614,13614,1,1
2022-11-09 15:22:37.798,13613,13614,13614,1,1
2022-11-09 15:22:40.036,13613,13614,13613,4,-4
2022-11-09 15:22:40.036,13613,13614,13613,2,-2
2022-11-09 15:22:41.372,13612,13613,13612,1,-1
2022-11-09 15:22:41.581,13612,13613,13613,5,5
2022-11-09 15:22:54.018,13613,13614,13613,1,-1
2022-11-09 15:22:56.174,13613,13614,13613,3,-3
2022-11-09 15:22:56.174,13613,13614,13613,4,-4
2022-11-09 15:22:56.175,13613,13614,13613,1,-1
2022-11-09 15:22:56.175,13613,13614,13613,11,-11
2022-11-09 15:22:56.175,13613,13614,13613,1,-1
2022-11-09 15:22:56.175,13613,13614,13613,1,-1
2022-11-09 15:22:56.175,13613,13614,13613,1,-1
2022-11-09 15:22:56.224,13613,13614,13613,2,-2
2022-11-09 15:22:56.309,13612,13613,13613,1,1
2022-11-09 15:22:59.755,13612,13613,13612,1,-1
2022-11-09 15:23:00.201,13612,13613,13612,2,-2
2022-11-09 15:23:00.603,13612,13613,13612,1,-1
2022-11-09 15:23:00.604,13612,13613,13612,1,-1
2022-11-09 15:23:01.616,13611,13612,13612,1,1
2022-11-09 15:23:03.948,13611,13612,13611,1,-1
2022-11-09 15:23:04.030,13611,13612,13612,1,1
2022-11-09 15:23:05.121,13611,13612,13612,2,2
2022-11-09 15:23:06.095,13611,13612,13611,1,-1
2022-11-09 15:23:06.314,13611,13612,13612,2,2
2022-11-09 15:23:17.326,13611,13612,13611,2,-2
2022-11-09 15:23:17.329,13611,13612,13611,4,-4
2022-11-09 15:23:17.333,13611,13612,13611,1,-1
2022-11-09 15:23:20.193,13611,13612,13611,4,-4
2022-11-09 15:23:21.091,13611,13612,13612,2,2
2022-11-09 15:23:23.454,13611,13612,13611,1,-1
2022-11-09 15:23:26.070,13611,13612,13612,1,1
2022-11-09 15:23:28.442,13611,13612,13611,1,-1
2022-11-09 15:23:32.326,13611,13612,13611,2,-2
2022-11-09 15:23:38.131,13610,13612,13610,1,-1
2022-11-09 15:23:40.191,13610,13611,13610,2,-2
2022-11-09 15:23:40.421,13610,13611,13610,1,-1
2022-11-09 15:23:40.770,13610,13611,13610,9,-9
2022-11-09 15:23:43.262,13609,13610,13609,1,-1
2022-11-09 15:23:43.408,13609,13610,13610,1,1
2022-11-09 15:23:44.027,13609,13610,13609,1,-1
2022-11-09 15:23:44.089,13609,13610,13610,1,1
2022-11-09 15:23:46.351,13609,13611,13610,2,2
2022-11-09 15:23:46.700,13608,13610,13608,2,-2
2022-11-09 15:23:52.543,13608,13609,13608,4,-4
2022-11-09 15:23:54.446,13607,13608,13608,1,1
2022-11-09 15:24:00.192,13608,13609,13608,1,-1
2022-11-09 15:24:00.532,13607,13609,13609,2,2
2022-11-09 15:24:01.104,13607,13609,13609,3,3
2022-11-09 15:24:01.705,13608,13609,13608,1,-1
2022-11-09 15:24:04.145,13608,13610,13608,1,-1
2022-11-09 15:24:05.785,13608,13610,13608,1,-1
2022-11-09 15:24:07.538,13608,13610,13608,1,-1
2022-11-09 15:24:13.333,13609,13610,13610,2,2
2022-11-09 15:24:13.333,13609,13610,13611,2,2
2022-11-09 15:24:21.234,13609,13610,13609,2,-2
2022-11-09 15:24:21.234,13609,13610,13609,1,-1
2022-11-09 15:24:24.026,13608,13609,13609,2,2
2022-11-09 15:24:26.034,13608,13609,13608,4,-4
2022-11-09 15:24:26.058,13608,13609,13608,5,-5
2022-11-09 15:24:32.623,13608,13609,13609,1,1
2022-11-09 15:24:35.438,13608,13609,13608,1,-1
2022-11-09 15:24:35.438,13608,13609,13608,1,-1
2022-11-09 15:24:36.359,13607,13609,13609,1,1
2022-11-09 15:24:38.436,13607,13608,13608,1,1
2022-11-09 15:24:39.596,13607,13608,13608,1,1
2022-11-09 15:24:40.109,13607,13609,13608,2,2
2022-11-09 15:24:40.185,13607,13608,13608,1,1
2022-11-09 15:24:40.309,13607,13608,13607,1,-1
2022-11-09 15:24:40.309,13607,13608,13607,1,-1
2022-11-09 15:24:40.309,13607,13608,13607,5,-5
2022-11-09 15:24:40.330,13607,13608,13607,1,-1
2022-11-09 15:24:40.330,13607,13608,13607,1,-1
2022-11-09 15:24:40.414,13606,13608,13606,1,-1
2022-11-09 15:24:42.895,13606,13607,13607,1,1
2022-11-09 15:24:43.107,13606,13607,13606,1,-1
2022-11-09 15:24:44.597,13606,13607,13606,1,-1
2022-11-09 15:24:44.982,13606,13607,13606,5,-5
2022-11-09 15:24:47.085,13606,13607,13607,1,1
2022-11-09 15:24:48.068,13606,13608,13606,1,-1
2022-11-09 15:24:49.832,13606,13607,13607,3,3
2022-11-09 15:24:49.832,13606,13607,13608,2,2
2022-11-09 15:24:50.890,13607,13608,13607,1,-1
2022-11-09 15:24:52.815,13607,13608,13607,1,-1
2022-11-09 15:24:56.271,13606,13608,13606,2,-2
2022-11-09 15:24:58.811,13607,13608,13607,1,-1
2022-11-09 15:24:59.737,13607,13608,13607,5,-5
2022-11-09 15:24:59.844,13607,13608,13608,1,1
2022-11-09 15:24:59.845,13607,13608,13608,1,1
2022-11-09 15:24:59.845,13607,13608,13608,1,1
2022-11-09 15:24:59.845,13607,13608,13608,1,1
2022-11-09 15:24:59.845,13607,13608,13608,1,1
2022-11-09 15:25:00.192,13607,13608,13607,1,-1
2022-11-09 15:25:04.762,13606,13607,13606,1,-1
2022-11-09 15:25:12.935,13606,13607,13606,1,-1
2022-11-09 15:25:14.578,13606,13607,13606,5,-5
2022-11-09 15:25:15.278,13606,13607,13606,4,-4
2022-11-09 15:25:16.985,13606,13607,13606,2,-2
2022-11-09 15:25:17.499,13606,13607,13606,7,-7
2022-11-09 15:25:24.445,13605,13606,13605,4,-4
2022-11-09 15:25:24.585,13605,13606,13605,1,-1
2022-11-09 15:25:24.742,13605,13606,13606,1,1
2022-11-09 15:25:25.059,13605,13606,13605,1,-1
2022-11-09 15:25:26.229,13605,13606,13606,4,4
2022-11-09 15:25:27.043,13605,13606,13605,2,-2
2022-11-09 15:25:30.060,13605,13606,13605,1,-1
2022-11-09 15:25:33.221,13605,13606,13605,1,-1
2022-11-09 15:25:38.094,13605,13606,13605,1,-1
2022-11-09 15:25:38.450,13605,13606,13605,1,-1
2022-11-09 15:25:39.340,13604,13605,13605,1,1
2022-11-09 15:25:39.340,13604,13605,13605,1,1
2022-11-09 15:25:40.061,13605,13606,13605,1,-1
2022-11-09 15:25:40.203,13605,13606,13605,1,-1
2022-11-09 15:25:41.481,13605,13606,13605,2,-2
2022-11-09 15:25:43.309,13605,13606,13606,9,9
2022-11-09 15:25:50.599,13606,13608,13608,1,1
2022-11-09 15:26:00.190,13607,13608,13607,4,-4
2022-11-09 15:26:00.931,13607,13608,13607,1,-1
2022-11-09 15:26:05.302,13607,13608,13607,1,-1
2022-11-09 15:26:14.629,13607,13608,13608,1,1
2022-11-09 15:26:16.062,13607,13608,13608,4,4
2022-11-09 15:26:27.241,13607,13608,13607,7,-7
2022-11-09 15:26:31.296,13606,13607,13607,1,1
2022-11-09 15:26:37.437,13606,13607,13607,1,1
2022-11-09 15:26:40.195,13606,13607,13606,1,-1
2022-11-09 15:26:52.228,13606,13607,13606,1,-1
2022-11-09 15:26:58.886,13606,13607,13606,8,-8
2022-11-09 15:27:00.337,13606,13607,13607,3,3
2022-11-09 15:27:00.337,13606,13607,13607,2,2
2022-11-09 15:27:00.338,13606,13607,13607,12,12
2022-11-09 15:27:00.338,13606,13607,13607,1,1
2022-11-09 15:27:03.079,13606,13608,13607,4,4
2022-11-09 15:27:03.619,13607,13608,13607,3,-3
2022-11-09 15:27:08.450,13606,13607,13607,1,1
2022-11-09 15:27:11.194,13606,13607,13607,1,1
2022-11-09 15:27:13.144,13606,13607,13607,2,2
2022-11-09 15:27:19.645,13606,13607,13606,13,-13
2022-11-09 15:27:22.541,13605,13606,13606,4,4
2022-11-09 15:27:28.979,13605,13606,13605,1,-1
2022-11-09 15:27:34.497,13605,13606,13605,4,-4
2022-11-09 15:27:36.695,13605,13606,13606,1,1
2022-11-09 15:27:45.717,13605,13606,13606,1,1
2022-11-09 15:27:51.942,13605,13606,13606,1,1
2022-11-09 15:28:09.675,13605,13606,13606,1,1
2022-11-09 15:28:29.595,13605,13606,13606,2,2
2022-11-09 15:28:31.880,13605,13606,13606,7,7
2022-11-09 15:28:34.810,13606,13607,13607,1,1
2022-11-09 15:28:57.170,13607,13608,13608,3,3
2022-11-09 15:28:57.170,13607,13608,13608,2,2
2022-11-09 15:28:57.170,13607,13608,13608,2,2
2022-11-09 15:28:57.170,13607,13608,13608,1,1
2022-11-09 15:28:57.170,13607,13608,13608,1,1
2022-11-09 15:28:57.170,13607,13608,13608,1,1
2022-11-09 15:28:57.170,13607,13608,13608,1,1
2022-11-09 15:28:57.184,13607,13608,13609,1,1
2022-11-09 15:28:58.386,13609,13610,13609,1,-1
2022-11-09 15:29:00.370,13609,13610,13610,6,6
2022-11-09 15:29:01.173,13610,13611,13611,1,1
2022-11-09 15:29:02.914,13610,13612,13612,1,1
2022-11-09 15:29:03.570,13610,13612,13612,1,1
2022-11-09 15:29:05.061,13610,13612,13612,4,4
2022-11-09 15:29:09.100,13611,13613,13613,1,1
2022-11-09 15:29:10.743,13611,13612,13612,1,1
2022-11-09 15:29:12.474,13612,13613,13612,1,-1
2022-11-09 15:29:17.729,13612,13613,13612,9,-9
2022-11-09 15:29:22.769,13611,13612,13612,1,1
2022-11-09 15:29:24.387,13611,13612,13611,4,-4
2022-11-09 15:29:25.220,13611,13612,13612,2,2
2022-11-09 15:29:25.720,13611,13612,13612,1,1
2022-11-09 15:29:26.288,13611,13612,13611,1,-1
2022-11-09 15:29:26.288,13611,13612,13611,1,-1
2022-11-09 15:29:31.135,13610,13612,13612,1,1
2022-11-09 15:29:32.479,13610,13611,13611,1,1
2022-11-09 15:29:33.908,13610,13612,13612,20,20
2022-11-09 15:29:33.930,13610,13612,13612,2,2
2022-11-09 15:29:33.984,13610,13612,13611,1,1
2022-11-09 15:29:34.172,13611,13612,13611,1,-1
2022-11-09 15:29:34.631,13611,13612,13611,1,-1
2022-11-09 15:29:34.812,13611,13612,13611,1,-1
2022-11-09 15:29:36.914,13610,13611,13611,1,1
2022-11-09 15:29:36.914,13610,13611,13612,14,14
2022-11-09 15:29:36.914,13610,13611,13613,5,5
2022-11-09 15:29:37.021,13611,13613,13611,1,-1
2022-11-09 15:29:37.219,13611,13613,13611,1,-1
2022-11-09 15:29:37.408,13611,13613,13611,1,-1
2022-11-09 15:29:37.634,13611,13613,13611,1,-1
2022-11-09 15:29:37.783,13611,13613,13611,1,-1
2022-11-09 15:29:37.989,13611,13613,13611,1,-1
2022-11-09 15:29:38.204,13611,13613,13611,1,-1
2022-11-09 15:29:38.390,13611,13612,13611,1,-1
2022-11-09 15:29:41.266,13611,13612,13611,1,-1
2022-11-09 15:29:41.480,13611,13612,13611,1,-1
2022-11-09 15:29:41.675,13611,13612,13611,1,-1
2022-11-09 15:29:44.553,13611,13612,13612,1,1
2022-11-09 15:29:49.704,13611,13612,13612,1,1
2022-11-09 15:29:49.704,13611,13612,13613,4,4
2022-11-09 15:29:56.193,13612,13613,13613,4,4
2022-11-09 15:30:04.003,13612,13613,13613,2,2
2022-11-09 15:30:04.279,13612,13613,13613,2,2
2022-11-09 15:30:04.279,13612,13613,13614,3,3
2022-11-09 15:30:04.280,13612,13613,13614,2,2
2022-11-09 15:30:04.282,13612,13613,13614,1,1
2022-11-09 15:30:04.322,13612,13613,13614,1,1
2022-11-09 15:30:04.478,13612,13614,13614,1,1
2022-11-09 15:30:09.789,13613,13614,13614,1,1
2022-11-09 15:30:09.885,13613,13614,13614,1,1
2022-11-09 15:30:09.969,13613,13614,13614,1,1
2022-11-09 15:30:11.898,13613,13614,13614,7,7
2022-11-09 15:30:14.054,13613,13614,13614,2,2
2022-11-09 15:30:16.449,13614,13615,13615,1,1
2022-11-09 15:30:16.520,13614,13615,13615,1,1
2022-11-09 15:30:16.536,13614,13615,13615,1,1
2022-11-09 15:30:16.702,13614,13615,13615,1,1
2022-11-09 15:30:17.207,13614,13615,13615,20,20
2022-11-09 15:30:17.208,13614,13615,13615,2,2
2022-11-09 15:30:17.208,13614,13615,13615,1,1
2022-11-09 15:30:17.208,13614,13615,13615,9,9
2022-11-09 15:30:17.209,13614,13615,13615,2,2
2022-11-09 15:30:17.209,13614,13615,13615,1,1
2022-11-09 15:30:17.209,13614,13615,13615,1,1
2022-11-09 15:30:17.209,13614,13615,13615,1,1
2022-11-09 15:30:17.209,13614,13615,13615,10,10
2022-11-09 15:30:18.125,13615,13616,13616,1,1
2022-11-09 15:30:20.050,13615,13616,13616,1,1
2022-11-09 15:30:20.050,13615,13616,13616,1,1
2022-11-09 15:30:20.051,13615,13616,13616,1,1
2022-11-09 15:30:20.504,13616,13617,13616,1,-1
2022-11-09 15:30:20.746,13616,13617,13617,1,1
2022-11-09 15:30:20.758,13616,13617,13616,2,-2
2022-11-09 15:30:20.796,13616,13617,13617,5,5
2022-11-09 15:30:23.140,13616,13617,13616,1,-1
2022-11-09 15:30:23.141,13616,13617,13617,4,4
2022-11-09 15:30:24.349,13616,13617,13617,2,2
2022-11-09 15:30:24.935,13616,13618,13618,1,1
2022-11-09 15:30:25.044,13616,13618,13618,1,1
2022-11-09 15:30:25.998,13616,13618,13617,1,1
2022-11-09 15:30:29.869,13617,13618,13617,1,-1
2022-11-09 15:30:31.023,13617,13618,13617,1,-1
2022-11-09 15:30:34.705,13617,13618,13618,1,1
2022-11-09 15:30:35.280,13617,13618,13618,3,3
2022-11-09 15:30:35.688,13617,13618,13617,1,-1
2022-11-09 15:30:36.300,13617,13618,13617,3,-3
2022-11-09 15:30:36.384,13617,13618,13618,1,1
2022-11-09 15:30:39.729,13617,13618,13618,1,1
2022-11-09 15:30:40.203,13617,13618,13618,1,1
2022-11-09 15:30:40.829,13617,13618,13617,1,-1
2022-11-09 15:30:41.888,13617,13618,13617,1,-1
2022-11-09 15:30:42.128,13617,13618,13618,16,16
2022-11-09 15:30:42.128,13617,13618,13619,13,13
2022-11-09 15:30:42.128,13617,13618,13620,1,1
2022-11-09 15:30:43.153,13618,13619,13618,3,-3
2022-11-09 15:30:43.153,13618,13619,13617,1,-1
2022-11-09 15:30:45.142,13618,13619,13619,1,1
2022-11-09 15:30:45.676,13618,13620,13620,2,2
2022-11-09 15:30:52.203,13618,13619,13619,1,1
2022-11-09 15:30:52.427,13618,13619,13619,1,1
2022-11-09 15:30:53.698,13618,13619,13619,1,1
2022-11-09 15:30:53.698,13618,13619,13619,1,1
2022-11-09 15:30:55.383,13619,13620,13620,2,2
2022-11-09 15:30:56.497,13619,13620,13620,5,5
2022-11-09 15:30:56.810,13619,13620,13619,1,-1
2022-11-09 15:30:57.131,13619,13620,13620,1,1
2022-11-09 15:30:57.295,13619,13620,13620,2,2
2022-11-09 15:30:58.009,13619,13620,13620,2,2
2022-11-09 15:31:00.193,13619,13620,13620,4,4
2022-11-09 15:31:00.760,13619,13620,13620,14,14
2022-11-09 15:31:01.575,13620,13621,13620,1,-1
2022-11-09 15:31:01.667,13619,13621,13619,3,-3
2022-11-09 15:31:02.588,13620,13621,13621,3,3
2022-11-09 15:31:02.971,13620,13621,13620,1,-1
2022-11-09 15:31:03.629,13620,13621,13620,1,-1
2022-11-09 15:31:03.629,13620,13621,13620,1,-1
2022-11-09 15:31:03.630,13620,13621,13620,1,-1
2022-11-09 15:31:03.630,13620,13621,13620,1,-1
2022-11-09 15:31:03.630,13620,13621,13620,1,-1
2022-11-09 15:31:03.630,13620,13621,13620,1,-1
2022-11-09 15:31:03.811,13619,13620,13620,2,2
2022-11-09 15:31:06.142,13620,13621,13621,2,2
2022-11-09 15:31:06.850,13620,13621,13621,1,1
2022-11-09 15:31:06.850,13620,13621,13621,3,3
2022-11-09 15:31:07.137,13620,13622,13620,1,-1
2022-11-09 15:31:08.795,13621,13622,13621,1,-1
2022-11-09 15:31:09.557,13621,13622,13621,1,-1
2022-11-09 15:31:11.085,13620,13621,13621,2,2
2022-11-09 15:31:12.526,13620,13621,13621,1,1
2022-11-09 15:31:14.432,13621,13622,13621,2,-2
2022-11-09 15:31:15.298,13620,13621,13621,1,1
2022-11-09 15:31:15.657,13620,13621,13621,1,1
2022-11-09 15:31:16.569,13620,13621,13621,1,1
2022-11-09 15:31:18.249,13620,13621,13621,1,1
2022-11-09 15:31:18.700,13620,13621,13621,1,1
2022-11-09 15:31:21.042,13620,13621,13620,3,-3
2022-11-09 15:31:21.556,13620,13621,13621,1,1
2022-11-09 15:31:22.374,13620,13621,13620,1,-1
2022-11-09 15:31:23.284,13620,13621,13620,11,-11
2022-11-09 15:31:23.284,13620,13621,13620,2,-2
2022-11-09 15:31:23.285,13620,13621,13620,2,-2
2022-11-09 15:31:23.285,13620,13621,13620,1,-1
2022-11-09 15:31:23.404,13619,13620,13620,4,4
2022-11-09 15:31:23.404,13619,13620,13621,14,14
2022-11-09 15:31:23.404,13619,13620,13621,1,1
2022-11-09 15:31:23.405,13619,13620,13620,1,1
2022-11-09 15:31:23.439,13619,13620,13620,1,1
2022-11-09 15:31:28.336,13620,13621,13621,1,1
2022-11-09 15:31:30.613,13620,13621,13620,3,-3
2022-11-09 15:31:32.662,13620,13621,13621,2,2
2022-11-09 15:31:37.295,13620,13621,13620,1,-1
2022-11-09 15:31:41.874,13620,13621,13620,1,-1
2022-11-09 15:31:41.884,13620,13621,13621,1,1
2022-11-09 15:31:47.304,13620,13621,13621,1,1
2022-11-09 15:31:47.356,13620,13621,13621,1,1
2022-11-09 15:31:48.249,13620,13621,13621,1,1
2022-11-09 15:31:52.344,13620,13621,13621,2,2
2022-11-09 15:31:54.106,13620,13621,13621,2,2
2022-11-09 15:31:56.771,13620,13621,13621,1,1
2022-11-09 15:31:56.954,13620,13621,13620,1,-1
2022-11-09 15:31:57.336,13620,13621,13620,1,-1
2022-11-09 15:31:57.914,13620,13621,13621,1,1
2022-11-09 15:31:59.782,13620,13621,13621,3,3
2022-11-09 15:32:00.554,13620,13621,13620,1,-1
2022-11-09 15:32:04.970,13620,13621,13621,3,3
2022-11-09 15:32:04.970,13620,13621,13622,2,2
2022-11-09 15:32:05.052,13621,13622,13621,1,-1
2022-11-09 15:32:05.468,13621,13622,13621,2,-2
2022-11-09 15:32:08.051,13621,13622,13622,8,8
2022-11-09 15:32:08.052,13621,13622,13622,1,1
2022-11-09 15:32:08.052,13621,13622,13622,1,1
2022-11-09 15:32:11.016,13621,13623,13621,1,-1
2022-11-09 15:32:11.470,13622,13623,13623,1,1
2022-11-09 15:32:15.809,13622,13623,13623,1,1
2022-11-09 15:32:17.279,13622,13623,13623,1,1
2022-11-09 15:32:18.314,13622,13623,13623,1,1
2022-11-09 15:32:20.195,13622,13623,13623,1,1
2022-11-09 15:32:22.122,13622,13623,13622,2,-2
2022-11-09 15:32:22.122,13622,13623,13622,1,-1
2022-11-09 15:32:22.931,13622,13623,13622,5,-5
2022-11-09 15:32:22.983,13622,13623,13623,1,1
2022-11-09 15:32:26.475,13621,13622,13621,1,-1
2022-11-09 15:32:27.339,13621,13622,13622,1,1
2022-11-09 15:32:27.530,13621,13622,13621,1,-1
2022-11-09 15:32:27.963,13621,13622,13622,1,1
2022-11-09 15:32:27.963,13621,13622,13623,19,19
2022-11-09 15:32:27.963,13621,13622,13624,20,20
2022-11-09 15:32:28.034,13623,13624,13624,1,1
2022-11-09 15:32:28.034,13623,13624,13623,1,-1
2022-11-09 15:32:28.039,13623,13624,13624,1,1
2022-11-09 15:32:28.047,13623,13624,13624,1,1
2022-11-09 15:32:28.059,13623,13624,13624,1,1
2022-11-09 15:32:28.060,13623,13624,13624,5,5
2022-11-09 15:32:28.181,13623,13625,13625,1,1
2022-11-09 15:32:28.266,13623,13625,13625,9,9
2022-11-09 15:32:28.273,13623,13625,13624,1,1
2022-11-09 15:32:28.274,13623,13625,13625,1,1
2022-11-09 15:32:28.280,13623,13625,13625,1,1
2022-11-09 15:32:28.282,13623,13625,13625,1,1
2022-11-09 15:32:28.300,13623,13625,13625,1,1
2022-11-09 15:32:28.301,13623,13625,13625,12,12
2022-11-09 15:32:28.306,13623,13625,13626,1,1
2022-11-09 15:32:28.326,13623,13625,13626,1,1
2022-11-09 15:32:28.433,13625,13626,13625,2,-2
2022-11-09 15:32:28.440,13625,13626,13625,1,-1
2022-11-09 15:32:28.447,13625,13626,13626,3,3
2022-11-09 15:32:28.459,13625,13626,13626,3,3
2022-11-09 15:32:28.490,13625,13626,13625,1,-1
2022-11-09 15:32:28.582,13624,13626,13626,1,1
2022-11-09 15:32:28.593,13624,13626,13626,2,2
2022-11-09 15:32:29.752,13624,13626,13624,1,-1
2022-11-09 15:32:30.292,13624,13626,13625,1,-1
2022-11-09 15:32:31.206,13624,13626,13626,7,7
2022-11-09 15:32:32.097,13624,13626,13625,1,1
2022-11-09 15:32:32.495,13624,13626,13624,1,-1
2022-11-09 15:32:33.338,13624,13626,13626,1,1
2022-11-09 15:32:35.577,13624,13625,13624,7,-7
2022-11-09 15:32:35.931,13622,13624,13624,1,1
2022-11-09 15:32:36.680,13623,13625,13625,1,1
2022-11-09 15:32:40.725,13624,13625,13625,1,1
2022-11-09 15:32:42.005,13624,13625,13625,2,2
2022-11-09 15:32:44.405,13624,13625,13624,1,-1
2022-11-09 15:32:44.685,13624,13625,13624,1,-1
2022-11-09 15:32:45.669,13624,13625,13625,1,1
2022-11-09 15:32:45.752,13624,13625,13625,1,1
2022-11-09 15:32:46.223,13625,13626,13625,3,-3
2022-11-09 15:32:46.223,13625,13626,13624,1,-1
2022-11-09 15:32:49.057,13625,13626,13625,1,-1
2022-11-09 15:32:49.606,13625,13626,13625,1,-1
2022-11-09 15:32:50.462,13625,13626,13625,6,-6
2022-11-09 15:32:50.740,13624,13625,13625,1,1
2022-11-09 15:32:50.860,13624,13625,13625,2,2
2022-11-09 15:32:50.979,13624,13625,13625,1,1
2022-11-09 15:32:51.531,13624,13625,13624,1,-1
2022-11-09 15:32:51.531,13624,13625,13623,1,-1
2022-11-09 15:32:51.789,13624,13625,13625,1,1
2022-11-09 15:32:54.704,13625,13626,13625,1,-1
2022-11-09 15:32:54.716,13625,13626,13625,1,-1
2022-11-09 15:32:56.021,13625,13626,13625,1,-1
2022-11-09 15:32:56.263,13625,13626,13625,1,-1
2022-11-09 15:32:57.652,13625,13626,13625,1,-1
2022-11-09 15:32:57.667,13625,13626,13626,1,1
2022-11-09 15:32:58.075,13625,13626,13625,1,-1
2022-11-09 15:33:00.391,13625,13626,13626,10,10
2022-11-09 15:33:00.440,13625,13626,13625,1,-1
2022-11-09 15:33:05.282,13625,13626,13625,1,-1
2022-11-09 15:33:05.663,13625,13626,13626,1,1
2022-11-09 15:33:07.195,13625,13626,13625,1,-1
2022-11-09 15:33:11.263,13625,13626,13625,2,-2
2022-11-09 15:33:12.853,13625,13626,13626,1,1
2022-11-09 15:33:13.358,13625,13626,13626,1,1
2022-11-09 15:33:15.536,13625,13626,13625,1,-1
2022-11-09 15:33:15.743,13625,13626,13626,2,2
2022-11-09 15:33:17.433,13625,13626,13626,1,1
2022-11-09 15:33:20.150,13625,13626,13626,5,5
2022-11-09 15:33:23.038,13625,13626,13626,1,1
2022-11-09 15:33:23.042,13625,13626,13626,1,1
2022-11-09 15:33:23.043,13625,13626,13626,1,1
2022-11-09 15:33:23.043,13625,13626,13626,1,1
2022-11-09 15:33:23.492,13626,13627,13626,1,-1
2022-11-09 15:33:23.553,13626,13627,13626,1,-1
2022-11-09 15:33:25.880,13626,13627,13626,1,-1
2022-11-09 15:33:30.273,13626,13627,13626,1,-1
2022-11-09 15:33:30.280,13626,13627,13627,3,3
2022-11-09 15:33:30.734,13626,13627,13626,1,-1
2022-11-09 15:33:31.357,13626,13627,13626,1,-1
2022-11-09 15:33:31.560,13626,13627,13627,1,1
2022-11-09 15:33:31.622,13626,13627,13626,1,-1
2022-11-09 15:33:31.682,13626,13627,13626,19,-19
2022-11-09 15:33:32.394,13626,13627,13626,1,-1
2022-11-09 15:33:32.844,13626,13627,13626,2,-2
2022-11-09 15:33:38.007,13625,13626,13626,2,2
2022-11-09 15:33:38.893,13625,13626,13625,1,-1
2022-11-09 15:33:39.702,13625,13626,13626,1,1
2022-11-09 15:33:40.188,13625,13626,13626,1,1
2022-11-09 15:33:40.590,13625,13626,13626,1,1
2022-11-09 15:33:42.231,13625,13626,13625,1,-1
2022-11-09 15:33:42.368,13625,13626,13626,3,3
2022-11-09 15:33:42.651,13625,13626,13625,1,-1
2022-11-09 15:33:43.262,13625,13626,13625,1,-1
2022-11-09 15:33:44.552,13625,13626,13625,1,-1
2022-11-09 15:33:47.368,13625,13626,13625,1,-1
2022-11-09 15:33:47.571,13625,13626,13625,1,-1
2022-11-09 15:33:48.119,13625,13626,13625,1,-1
2022-11-09 15:33:48.985,13625,13626,13625,1,-1
2022-11-09 15:33:49.666,13625,13626,13625,1,-1
2022-11-09 15:33:49.731,13625,13626,13625,4,-4
2022-11-09 15:33:49.732,13625,13626,13625,1,-1
2022-11-09 15:33:49.732,13625,13626,13625,1,-1
2022-11-09 15:33:49.732,13625,13626,13625,1,-1
2022-11-09 15:33:49.732,13625,13626,13625,1,-1
2022-11-09 15:33:49.732,13625,13626,13625,7,-7
2022-11-09 15:33:51.548,13624,13626,13624,1,-1
2022-11-09 15:33:51.695,13624,13626,13626,4,4
2022-11-09 15:33:52.612,13625,13626,13625,2,-2
2022-11-09 15:33:52.612,13625,13626,13624,1,-1
2022-11-09 15:33:54.188,13624,13626,13626,11,11
2022-11-09 15:33:54.188,13624,13626,13627,17,17
2022-11-09 15:33:54.188,13624,13626,13628,2,2
2022-11-09 15:33:54.197,13624,13626,13627,4,4
2022-11-09 15:33:54.537,13626,13628,13627,1,1
2022-11-09 15:33:54.555,13626,13628,13626,1,-1
2022-11-09 15:33:56.434,13625,13626,13625,1,-1
2022-11-09 15:33:59.903,13625,13626,13626,3,3
2022-11-09 15:34:01.691,13625,13626,13626,1,1
2022-11-09 15:34:06.491,13625,13626,13625,1,-1
2022-11-09 15:34:08.947,13625,13626,13625,3,-3
2022-11-09 15:34:10.217,13625,13626,13625,1,-1
2022-11-09 15:34:15.230,13625,13626,13625,1,-1
2022-11-09 15:34:15.231,13625,13626,13625,1,-1
2022-11-09 15:34:15.231,13625,13626,13625,1,-1
2022-11-09 15:34:15.231,13625,13626,13625,1,-1
2022-11-09 15:34:15.231,13625,13626,13625,1,-1
2022-11-09 15:34:15.231,13625,13626,13625,1,-1
2022-11-09 15:34:15.231,13625,13626,13625,4,-4
2022-11-09 15:34:19.099,13624,13625,13624,4,-4
2022-11-09 15:34:19.110,13624,13625,13624,1,-1
2022-11-09 15:34:19.139,13623,13625,13625,2,2
2022-11-09 15:34:20.241,13623,13625,13623,1,-1
2022-11-09 15:34:20.346,13623,13625,13623,1,-1
2022-11-09 15:34:25.476,13623,13624,13623,2,-2
2022-11-09 15:34:30.301,13623,13624,13623,1,-1
2022-11-09 15:34:31.773,13623,13624,13624,1,1
2022-11-09 15:34:32.491,13623,13624,13624,2,2
2022-11-09 15:34:33.033,13623,13624,13624,2,2
2022-11-09 15:34:33.328,13623,13625,13623,1,-1
2022-11-09 15:34:34.771,13623,13624,13623,1,-1
2022-11-09 15:34:34.966,13623,13624,13624,1,1
2022-11-09 15:34:39.519,13623,13624,13624,2,2
2022-11-09 15:34:39.964,13623,13624,13623,1,-1
2022-11-09 15:34:41.537,13623,13624,13623,1,-1
2022-11-09 15:34:45.401,13623,13624,13623,1,-1
2022-11-09 15:34:46.272,13623,13624,13623,1,-1
2022-11-09 15:34:46.730,13623,13624,13623,1,-1
2022-11-09 15:34:50.831,13623,13624,13623,2,-2
2022-11-09 15:34:50.832,13623,13624,13623,4,-4
2022-11-09 15:34:50.832,13623,13624,13623,1,-1
2022-11-09 15:34:50.832,13623,13624,13623,7,-7
2022-11-09 15:34:52.657,13622,13623,13623,5,5
2022-11-09 15:34:53.397,13622,13623,13623,1,1
2022-11-09 15:34:58.778,13622,13624,13624,1,1
2022-11-09 15:35:05.610,13622,13623,13623,1,1
2022-11-09 15:35:05.856,13622,13623,13622,2,-2
2022-11-09 15:35:05.944,13622,13623,13623,1,1
2022-11-09 15:35:05.988,13622,13623,13623,1,1
2022-11-09 15:35:06.247,13622,13623,13623,1,1
2022-11-09 15:35:07.553,13622,13624,13624,1,1
2022-11-09 15:35:09.562,13622,13624,13623,1,1
2022-11-09 15:35:10.560,13622,13624,13622,1,-1
2022-11-09 15:35:14.036,13622,13623,13622,5,-5
2022-11-09 15:35:14.059,13622,13623,13622,1,-1
2022-11-09 15:35:21.066,13622,13623,13622,1,-1
2022-11-09 15:35:21.152,13621,13623,13621,1,-1
2022-11-09 15:35:22.753,13621,13623,13621,2,-2
2022-11-09 15:35:22.803,13621,13622,13621,4,-4
2022-11-09 15:35:22.804,13621,13622,13621,3,-3
2022-11-09 15:35:23.287,13620,13621,13620,1,-1
2022-11-09 15:35:25.830,13620,13621,13620,2,-2
2022-11-09 15:35:29.075,13620,13621,13620,5,-5
2022-11-09 15:35:35.790,13620,13621,13620,1,-1
2022-11-09 15:35:37.961,13620,13621,13621,1,1
2022-11-09 15:35:44.706,13620,13621,13620,2,-2
2022-11-09 15:35:47.695,13620,13621,13620,1,-1
2022-11-09 15:35:49.112,13620,13621,13620,1,-1
2022-11-09 15:35:49.112,13620,13621,13620,3,-3
2022-11-09 15:35:49.112,13620,13621,13620,1,-1
2022-11-09 15:35:49.113,13620,13621,13620,6,-6
2022-11-09 15:35:49.113,13620,13621,13620,3,-3
2022-11-09 15:35:49.142,13620,13621,13620,10,-10
2022-11-09 15:35:49.205,13620,13621,13620,2,-2
2022-11-09 15:35:54.040,13620,13621,13620,1,-1
2022-11-09 15:35:54.040,13620,13621,13620,1,-1
2022-11-09 15:35:54.150,13620,13621,13620,1,-1
2022-11-09 15:35:56.400,13619,13620,13620,1,1
2022-11-09 15:36:03.259,13619,13620,13619,1,-1
2022-11-09 15:36:03.405,13619,13620,13619,1,-1
2022-11-09 15:36:05.072,13619,13620,13619,3,-3
2022-11-09 15:36:05.629,13619,13620,13619,1,-1
2022-11-09 15:36:06.842,13619,13620,13620,1,1
2022-11-09 15:36:11.820,13619,13620,13620,1,1
2022-11-09 15:36:12.250,13619,13620,13620,1,1
2022-11-09 15:36:17.351,13619,13620,13619,1,-1
2022-11-09 15:36:18.345,13619,13620,13620,1,1
2022-11-09 15:36:19.482,13619,13620,13619,5,-5
2022-11-09 15:36:19.482,13619,13620,13619,1,-1
2022-11-09 15:36:19.496,13619,13620,13618,11,-11
2022-11-09 15:36:19.604,13618,13619,13618,2,-2
2022-11-09 15:36:19.825,13617,13618,13617,1,-1
2022-11-09 15:36:19.918,13617,13618,13617,1,-1
2022-11-09 15:36:21.095,13616,13617,13617,1,1
2022-11-09 15:36:25.370,13616,13617,13616,2,-2
2022-11-09 15:36:25.370,13616,13617,13616,1,-1
2022-11-09 15:36:25.404,13615,13616,13615,1,-1
2022-11-09 15:36:25.405,13615,13616,13615,1,-1
2022-11-09 15:36:25.413,13615,13616,13615,2,-2
2022-11-09 15:36:25.454,13615,13616,13614,1,-1
2022-11-09 15:36:26.506,13614,13615,13614,1,-1
2022-11-09 15:36:30.796,13614,13615,13614,2,-2
2022-11-09 15:36:30.962,13614,13615,13614,1,-1
2022-11-09 15:36:32.222,13614,13615,13615,2,2
2022-11-09 15:36:32.223,13614,13615,13615,2,2
2022-11-09 15:36:32.223,13614,13615,13615,1,1
2022-11-09 15:36:32.223,13614,13615,13615,1,1
2022-11-09 15:36:33.809,13614,13615,13615,1,1
2022-11-09 15:36:35.777,13614,13615,13614,1,-1
2022-11-09 15:36:40.219,13614,13615,13614,2,-2
2022-11-09 15:36:41.678,13614,13615,13615,1,1
2022-11-09 15:36:42.080,13614,13615,13614,2,-2
2022-11-09 15:36:48.892,13614,13615,13615,1,1
2022-11-09 15:36:48.892,13614,13615,13615,1,1
2022-11-09 15:36:52.150,13614,13615,13614,1,-1
2022-11-09 15:36:54.530,13614,13615,13614,5,-5
2022-11-09 15:36:54.838,13613,13615,13614,3,-3
2022-11-09 15:36:58.346,13614,13615,13614,1,-1
2022-11-09 15:37:01.567,13613,13614,13614,1,1
2022-11-09 15:37:03.287,13613,13614,13614,1,1
2022-11-09 15:37:06.054,13613,13614,13614,1,1
2022-11-09 15:37:07.469,13613,13614,13614,2,2
2022-11-09 15:37:07.470,13613,13614,13615,3,3
2022-11-09 15:37:07.471,13613,13614,13615,1,1
2022-11-09 15:37:07.471,13613,13614,13615,2,2
2022-11-09 15:37:07.683,13614,13615,13615,4,4
2022-11-09 15:37:07.683,13614,13615,13615,1,1
2022-11-09 15:37:07.683,13614,13615,13615,2,2
2022-11-09 15:37:12.528,13614,13615,13615,1,1
2022-11-09 15:37:20.196,13614,13615,13614,1,-1
2022-11-09 15:37:22.885,13614,13615,13614,1,-1
2022-11-09 15:37:26.968,13613,13614,13614,1,1
2022-11-09 15:37:26.968,13613,13614,13614,1,1
2022-11-09 15:37:27.013,13614,13615,13614,1,-1
2022-11-09 15:37:31.745,13614,13615,13614,1,-1
2022-11-09 15:37:32.870,13614,13615,13614,1,-1
2022-11-09 15:37:40.189,13614,13615,13614,3,-3
2022-11-09 15:37:40.317,13614,13615,13615,1,1
2022-11-09 15:37:40.376,13614,13615,13614,1,-1
2022-11-09 15:37:45.373,13614,13615,13614,1,-1
2022-11-09 15:37:51.467,13614,13615,13614,4,-4
2022-11-09 15:38:02.341,13613,13614,13614,1,1
2022-11-09 15:38:02.341,13613,13614,13614,1,1
2022-11-09 15:38:02.341,13613,13614,13614,2,2
2022-11-09 15:38:02.341,13613,13614,13614,3,3
2022-11-09 15:38:02.342,13613,13614,13614,1,1
2022-11-09 15:38:02.792,13614,13615,13614,1,-1
2022-11-09 15:38:03.607,13614,13615,13615,4,4
2022-11-09 15:38:05.485,13615,13616,13616,1,1
2022-11-09 15:38:05.485,13615,13616,13616,1,1
2022-11-09 15:38:05.777,13615,13617,13615,1,-1
2022-11-09 15:38:06.335,13615,13617,13617,2,2
2022-11-09 15:38:06.336,13615,13617,13616,1,1
2022-11-09 15:38:08.166,13616,13618,13616,1,-1
2022-11-09 15:38:13.034,13616,13617,13617,1,1
2022-11-09 15:38:15.177,13616,13617,13617,1,1
2022-11-09 15:38:19.606,13616,13617,13617,2,2
2022-11-09 15:38:20.908,13617,13618,13618,2,2
2022-11-09 15:38:20.908,13617,13618,13619,2,2
2022-11-09 15:38:21.381,13617,13619,13617,1,-1
2022-11-09 15:38:21.399,13617,13619,13619,1,1
2022-11-09 15:38:21.435,13617,13619,13619,1,1
2022-11-09 15:38:21.777,13617,13619,13619,1,1
2022-11-09 15:38:21.821,13617,13619,13619,1,1
2022-11-09 15:38:21.822,13617,13619,13618,2,2
2022-11-09 15:38:25.051,13617,13619,13619,1,1
2022-11-09 15:38:25.344,13617,13619,13619,1,1
2022-11-09 15:38:25.552,13617,13619,13619,1,1
2022-11-09 15:38:25.656,13617,13619,13619,1,1
2022-11-09 15:38:27.412,13617,13619,13619,1,1
2022-11-09 15:38:28.420,13618,13619,13618,1,-1
2022-11-09 15:38:28.871,13617,13618,13619,2,2
2022-11-09 15:38:29.364,13617,13619,13618,2,2
2022-11-09 15:38:34.073,13618,13619,13619,8,8
2022-11-09 15:38:35.529,13618,13619,13618,6,-6
2022-11-09 15:38:43.538,13617,13618,13618,1,1
2022-11-09 15:38:44.832,13617,13618,13618,1,1
2022-11-09 15:38:58.105,13618,13619,13619,1,1
2022-11-09 15:38:59.893,13618,13619,13619,2,2
2022-11-09 15:39:17.435,13618,13619,13619,1,1
2022-11-09 15:39:18.160,13618,13619,13619,1,1
2022-11-09 15:39:23.599,13618,13619,13619,1,1
2022-11-09 15:39:27.206,13618,13620,13620,17,17
2022-11-09 15:39:27.226,13618,13620,13621,2,2
2022-11-09 15:39:27.672,13621,13622,13621,1,-1
2022-11-09 15:39:27.679,13621,13622,13621,2,-2
2022-11-09 15:39:27.687,13621,13622,13621,1,-1
2022-11-09 15:39:28.331,13620,13621,13620,1,-1
2022-11-09 15:39:34.675,13620,13621,13620,1,-1
2022-11-09 15:39:35.816,13620,13621,13621,4,4
2022-11-09 15:39:38.793,13621,13622,13622,1,1
2022-11-09 15:39:41.488,13621,13622,13621,2,-2
2022-11-09 15:39:49.603,13621,13622,13622,1,1
2022-11-09 15:39:49.604,13621,13622,13622,1,1
2022-11-09 15:39:51.284,13622,13623,13622,1,-1
2022-11-09 15:39:52.855,13622,13623,13623,2,2
2022-11-09 15:39:52.916,13622,13623,13623,1,1
2022-11-09 15:39:56.147,13622,13623,13622,1,-1
2022-11-09 15:39:57.691,13622,13623,13623,8,8
2022-11-09 15:39:57.735,13622,13623,13623,7,7
2022-11-09 15:39:58.139,13623,13624,13624,1,1
2022-11-09 15:40:02.416,13623,13624,13624,1,1
2022-11-09 15:40:02.429,13623,13624,13624,2,2
2022-11-09 15:40:05.867,13623,13624,13624,2,2
2022-11-09 15:40:13.605,13623,13624,13624,2,2
2022-11-09 15:40:18.616,13623,13624,13623,1,-1
2022-11-09 15:40:19.964,13621,13623,13623,4,4
2022-11-09 15:40:32.756,13623,13624,13623,1,-1
2022-11-09 15:40:37.618,13623,13624,13623,2,-2
2022-11-09 15:40:52.654,13622,13623,13622,1,-1
2022-11-09 15:40:53.013,13621,13623,13621,4,-4
2022-11-09 15:40:53.014,13621,13623,13622,1,-1
2022-11-09 15:40:57.395,13622,13623,13622,1,-1
2022-11-09 15:40:59.549,13622,13623,13622,1,-1
2022-11-09 15:40:59.590,13622,13623,13622,3,-3
2022-11-09 15:41:01.546,13622,13623,13622,1,-1
2022-11-09 15:41:09.086,13622,13623,13622,1,-1
2022-11-09 15:41:10.940,13622,13623,13622,1,-1
2022-11-09 15:41:15.961,13622,13623,13622,2,-2
2022-11-09 15:41:17.283,13621,13623,13623,1,1
2022-11-09 15:41:18.857,13621,13623,13621,1,-1
2022-11-09 15:41:24.042,13621,13623,13623,10,10
2022-11-09 15:41:33.758,13621,13623,13623,17,17
2022-11-09 15:41:33.758,13621,13623,13624,3,3
2022-11-09 15:41:43.639,13622,13623,13623,1,1
2022-11-09 15:41:44.259,13622,13623,13623,1,1
2022-11-09 15:41:44.443,13622,13623,13622,1,-1
2022-11-09 15:41:48.056,13622,13623,13623,10,10
2022-11-09 15:41:49.675,13622,13623,13623,4,4
2022-11-09 15:41:49.696,13622,13623,13622,2,-2
2022-11-09 15:41:53.471,13623,13624,13623,1,-1
2022-11-09 15:41:53.545,13623,13624,13623,1,-1
2022-11-09 15:41:54.156,13623,13624,13623,1,-1
2022-11-09 15:41:54.422,13623,13624,13623,1,-1
2022-11-09 15:41:56.838,13623,13624,13623,3,-3
2022-11-09 15:41:56.838,13623,13624,13623,1,-1
2022-11-09 15:41:56.881,13623,13624,13623,2,-2
2022-11-09 15:41:58.292,13621,13623,13621,1,-1
2022-11-09 15:42:03.225,13622,13623,13622,1,-1
2022-11-09 15:42:03.458,13622,13623,13622,1,-1
2022-11-09 15:42:03.458,13622,13623,13622,1,-1
2022-11-09 15:42:03.458,13622,13623,13622,1,-1
2022-11-09 15:42:03.458,13622,13623,13622,10,-10
2022-11-09 15:42:09.540,13621,13622,13622,3,3
2022-11-09 15:42:16.843,13622,13623,13623,10,10
2022-11-09 15:42:16.844,13622,13623,13623,1,1
2022-11-09 15:42:19.033,13623,13624,13623,17,-17
2022-11-09 15:42:22.992,13622,13623,13623,1,1
2022-11-09 15:42:25.138,13622,13623,13622,1,-1
2022-11-09 15:42:25.138,13622,13623,13622,1,-1
2022-11-09 15:42:25.138,13622,13623,13622,1,-1
2022-11-09 15:42:25.138,13622,13623,13622,4,-4
2022-11-09 15:42:25.139,13622,13623,13622,1,-1
2022-11-09 15:42:25.139,13622,13623,13622,1,-1
2022-11-09 15:42:25.139,13622,13623,13622,12,-12
2022-11-09 15:42:25.139,13622,13623,13622,1,-1
2022-11-09 15:42:25.139,13622,13623,13622,1,-1
2022-11-09 15:42:25.139,13622,13623,13622,3,-3
2022-11-09 15:42:25.139,13622,13623,13622,1,-1
2022-11-09 15:42:25.139,13622,13623,13622,3,-3
2022-11-09 15:42:25.240,13622,13623,13622,4,-4
2022-11-09 15:42:25.240,13622,13623,13623,6,6
2022-11-09 15:42:25.282,13621,13622,13621,5,-5
2022-11-09 15:42:35.719,13622,13623,13623,3,3
2022-11-09 15:42:35.720,13622,13623,13623,1,1
2022-11-09 15:42:35.762,13623,13624,13623,4,-4
2022-11-09 15:42:43.119,13622,13623,13623,9,9
2022-11-09 15:42:43.502,13623,13624,13623,1,-1
2022-11-09 15:42:44.417,13622,13623,13622,10,-10
2022-11-09 15:42:48.122,13622,13623,13622,1,-1
2022-11-09 15:42:49.783,13621,13623,13621,1,-1
2022-11-09 15:42:50.386,13621,13622,13622,2,2
2022-11-09 15:42:51.836,13621,13623,13623,1,1
2022-11-09 15:42:52.645,13621,13623,13621,2,-2
2022-11-09 15:42:53.268,13622,13623,13622,1,-1
2022-11-09 15:42:57.375,13622,13623,13622,1,-1
2022-11-09 15:43:09.358,13622,13623,13622,1,-1
2022-11-09 15:43:10.370,13622,13623,13622,1,-1
2022-11-09 15:43:10.413,13622,13623,13622,2,-2
2022-11-09 15:43:15.424,13621,13622,13622,1,1
2022-11-09 15:43:29.302,13621,13622,13621,1,-1
2022-11-09 15:43:29.302,13621,13622,13621,1,-1
2022-11-09 15:43:29.302,13621,13622,13621,1,-1
2022-11-09 15:43:29.302,13621,13622,13621,1,-1
2022-11-09 15:43:29.302,13621,13622,13621,10,-10
2022-11-09 15:43:44.599,13620,13621,13620,1,-1
2022-11-09 15:43:44.599,13620,13621,13620,1,-1
2022-11-09 15:43:44.599,13620,13621,13620,3,-3
2022-11-09 15:43:44.599,13620,13621,13620,6,-6
2022-11-09 15:43:44.616,13620,13621,13620,3,-3
2022-11-09 15:43:53.021,13619,13620,13620,4,4
2022-11-09 15:43:56.772,13620,13621,13620,1,-1
2022-11-09 15:44:06.742,13620,13621,13620,3,-3
2022-11-09 15:44:08.784,13620,13621,13620,1,-1
2022-11-09 15:44:22.625,13620,13621,13620,3,-3
2022-11-09 15:44:24.831,13620,13621,13620,2,-2
2022-11-09 15:44:24.831,13620,13621,13620,1,-1
2022-11-09 15:44:28.770,13619,13620,13620,1,1
2022-11-09 15:44:35.909,13620,13621,13620,1,-1
2022-11-09 15:44:40.437,13620,13621,13621,4,4
2022-11-09 15:44:40.999,13621,13622,13621,1,-1
2022-11-09 15:44:54.343,13621,13622,13621,1,-1
2022-11-09 15:44:58.215,13621,13622,13622,1,1
2022-11-09 15:45:00.485,13621,13622,13622,1,1
2022-11-09 15:45:00.486,13621,13622,13622,10,10
2022-11-09 15:45:02.224,13622,13623,13622,1,-1
2022-11-09 15:45:03.281,13622,13623,13623,1,1
2022-11-09 15:45:04.253,13622,13623,13622,1,-1
2022-11-09 15:45:10.886,13622,13623,13622,2,-2
2022-11-09 15:45:10.994,13622,13623,13622,1,-1
2022-11-09 15:45:11.590,13622,13623,13622,1,-1
2022-11-09 15:45:18.404,13622,13623,13622,1,-1
2022-11-09 15:45:20.908,13622,13623,13622,9,-9
2022-11-09 15:45:22.039,13621,13622,13622,1,1
2022-11-09 15:45:25.312,13621,13622,13622,1,1
2022-11-09 15:45:25.917,13621,13622,13622,1,1
2022-11-09 15:45:38.389,13622,13623,13623,1,1
2022-11-09 15:45:38.389,13622,13623,13623,1,1
2022-11-09 15:45:38.389,13622,13623,13623,1,1
2022-11-09 15:45:38.389,13622,13623,13623,1,1
2022-11-09 15:45:38.389,13622,13623,13623,1,1
2022-11-09 15:45:38.389,13622,13623,13623,1,1
2022-11-09 15:45:38.389,13622,13623,13623,2,2
2022-11-09 15:45:38.389,13622,13623,13623,8,8
2022-11-09 15:45:38.389,13622,13623,13623,1,1
2022-11-09 15:45:38.389,13622,13623,13623,7,7
2022-11-09 15:45:38.389,13622,13623,13623,1,1
2022-11-09 15:45:38.389,13622,13623,13623,5,5
2022-11-09 15:45:38.389,13622,13623,13623,1,1
2022-11-09 15:45:38.389,13622,13623,13623,1,1
2022-11-09 15:45:38.389,13622,13623,13623,1,1
2022-11-09 15:45:42.911,13623,13624,13623,1,-1
2022-11-09 15:45:49.172,13623,13624,13624,1,1
2022-11-09 15:45:52.355,13623,13624,13624,1,1
2022-11-09 15:45:52.550,13623,13624,13624,3,3
2022-11-09 15:45:52.562,13623,13624,13624,2,2
2022-11-09 15:45:52.585,13623,13624,13624,7,7
2022-11-09 15:45:52.585,13623,13624,13624,1,1
2022-11-09 15:45:52.585,13623,13624,13624,4,4
2022-11-09 15:45:52.585,13623,13624,13624,1,1
2022-11-09 15:45:58.673,13624,13625,13624,5,-5
2022-11-09 15:45:59.391,13624,13625,13625,16,16
2022-11-09 15:45:59.607,13625,13626,13626,1,1
2022-11-09 15:46:04.003,13625,13626,13625,1,-1
2022-11-09 15:46:06.552,13625,13626,13625,1,-1
2022-11-09 15:46:06.635,13625,13626,13626,1,1
2022-11-09 15:46:06.635,13625,13626,13626,1,1
2022-11-09 15:46:06.636,13625,13626,13626,1,1
2022-11-09 15:46:09.904,13625,13626,13626,1,1
2022-11-09 15:46:10.010,13625,13626,13626,1,1
2022-11-09 15:46:10.010,13625,13626,13626,1,1
2022-11-09 15:46:10.010,13625,13626,13626,1,1
2022-11-09 15:46:10.010,13625,13626,13626,2,2
2022-11-09 15:46:10.011,13625,13626,13626,1,1
2022-11-09 15:46:10.471,13625,13626,13626,1,1
2022-11-09 15:46:11.095,13625,13626,13626,2,2
2022-11-09 15:46:11.192,13625,13627,13627,4,4
2022-11-09 15:46:11.219,13625,13627,13626,1,1
2022-11-09 15:46:12.579,13626,13627,13627,1,1
2022-11-09 15:46:12.579,13626,13627,13627,1,1
2022-11-09 15:46:12.580,13626,13627,13627,1,1
2022-11-09 15:46:14.838,13627,13628,13627,1,-1
2022-11-09 15:46:15.484,13627,13628,13628,1,1
2022-11-09 15:46:15.706,13627,13628,13628,1,1
2022-11-09 15:46:16.385,13627,13628,13627,1,-1
2022-11-09 15:46:16.397,13627,13628,13628,1,1
2022-11-09 15:46:17.214,13627,13628,13628,1,1
2022-11-09 15:46:18.366,13627,13628,13628,1,1
2022-11-09 15:46:18.674,13627,13628,13628,4,4
2022-11-09 15:46:19.677,13627,13628,13628,1,1
2022-11-09 15:46:20.025,13627,13628,13628,1,1
2022-11-09 15:46:21.031,13627,13628,13627,1,-1
2022-11-09 15:46:23.037,13627,13628,13628,2,2
2022-11-09 15:46:24.006,13627,13628,13627,2,-2
2022-11-09 15:46:25.094,13627,13628,13628,2,2
2022-11-09 15:46:25.469,13628,13629,13629,1,1
2022-11-09 15:46:25.469,13628,13629,13629,3,3
2022-11-09 15:46:25.470,13628,13629,13629,1,1
2022-11-09 15:46:25.723,13629,13630,13630,19,19
2022-11-09 15:46:25.723,13629,13630,13630,1,1
2022-11-09 15:46:25.723,13629,13630,13630,2,2
2022-11-09 15:46:25.723,13629,13630,13630,2,2
2022-11-09 15:46:25.723,13629,13630,13630,6,6
2022-11-09 15:46:25.723,13629,13630,13630,2,2
2022-11-09 15:46:25.723,13629,13630,13630,3,3
2022-11-09 15:46:25.723,13629,13630,13630,3,3
2022-11-09 15:46:25.724,13629,13630,13630,4,4
2022-11-09 15:46:25.724,13629,13630,13630,1,1
2022-11-09 15:46:25.724,13629,13630,13630,1,1
2022-11-09 15:46:25.807,13630,13631,13630,1,-1
2022-11-09 15:46:25.812,13630,13631,13630,1,-1
2022-11-09 15:46:25.830,13630,13631,13631,1,1
2022-11-09 15:46:25.832,13630,13631,13630,1,-1
2022-11-09 15:46:25.841,13630,13631,13630,1,-1
2022-11-09 15:46:25.889,13630,13631,13630,1,-1
2022-11-09 15:46:25.907,13630,13631,13631,1,1
2022-11-09 15:46:25.924,13630,13631,13631,1,1
2022-11-09 15:46:26.141,13630,13631,13631,2,2
2022-11-09 15:46:26.178,13630,13631,13631,7,7
2022-11-09 15:46:26.670,13631,13632,13632,1,1
2022-11-09 15:46:26.778,13631,13632,13632,1,1
2022-11-09 15:46:26.790,13631,13632,13631,1,-1
