2021-09-29 15:00:00.072,16830,16833,16828,62,-62
2021-09-29 15:00:00.074,16827,16828,16827,3,-3
2021-09-29 15:00:00.075,16827,16828,16828,9,9
2021-09-29 15:00:00.075,16827,16828,16829,3,3
2021-09-29 15:00:00.075,16827,16828,16830,24,24
2021-09-29 15:00:00.075,16827,16828,16830,10,10
2021-09-29 15:00:00.075,16827,16828,16830,12,12
2021-09-29 15:00:00.216,16826,16832,16832,1,1
2021-09-29 15:00:00.372,16831,16832,16832,1,1
2021-09-29 15:00:00.375,16831,16832,16831,2,-2
2021-09-29 15:00:00.451,16831,16832,16831,1,-1
2021-09-29 15:00:00.451,16831,16832,16830,2,-2
2021-09-29 15:00:00.472,16831,16832,16830,1,-1
2021-09-29 15:00:00.472,16831,16832,16829,1,-1
2021-09-29 15:00:00.558,16831,16832,16830,1,1
2021-09-29 15:00:00.558,16831,16832,16829,2,-2
2021-09-29 15:00:00.572,16828,16832,16828,2,-2
2021-09-29 15:00:00.584,16828,16832,16828,1,-1
2021-09-29 15:00:00.597,16828,16832,16832,1,1
2021-09-29 15:00:00.597,16828,16832,16833,5,5
2021-09-29 15:00:00.597,16828,16832,16834,3,3
2021-09-29 15:00:00.597,16828,16832,16835,3,3
2021-09-29 15:00:00.721,16828,16832,16835,3,3
2021-09-29 15:00:00.784,16828,16832,16835,1,1
2021-09-29 15:00:00.799,16828,16832,16828,2,-2
2021-09-29 15:00:00.888,16828,16835,16830,1,1
2021-09-29 15:00:00.888,16828,16835,16828,3,-3
2021-09-29 15:00:00.895,16828,16835,16831,1,1
2021-09-29 15:00:00.909,16828,16835,16831,1,-1
2021-09-29 15:00:00.942,16828,16835,16834,1,1
2021-09-29 15:00:00.981,16832,16836,16836,1,1
2021-09-29 15:00:00.983,16832,16836,16836,1,1
2021-09-29 15:00:00.984,16832,16836,16836,1,1
2021-09-29 15:00:01.043,16832,16836,16833,1,-1
2021-09-29 15:00:01.059,16832,16836,16835,1,1
2021-09-29 15:00:01.088,16833,16835,16833,2,-2
2021-09-29 15:00:01.167,16833,16835,16834,1,1
2021-09-29 15:00:01.171,16833,16835,16831,1,-1
2021-09-29 15:00:01.200,16831,16834,16831,1,-1
2021-09-29 15:00:01.200,16831,16834,16830,1,-1
2021-09-29 15:00:01.348,16830,16833,16833,1,1
2021-09-29 15:00:01.371,16830,16833,16830,1,-1
2021-09-29 15:00:01.458,16830,16833,16833,1,1
2021-09-29 15:00:01.643,16830,16833,16830,1,-1
2021-09-29 15:00:02.720,16830,16832,16832,1,1
2021-09-29 15:00:03.012,16830,16833,16830,1,-1
2021-09-29 15:00:03.420,16829,16832,16829,1,-1
2021-09-29 15:00:03.623,16828,16831,16828,4,-4
2021-09-29 15:00:04.055,16828,16830,16831,1,1
2021-09-29 15:00:05.222,16830,16831,16831,1,1
2021-09-29 15:00:05.549,16831,16833,16831,1,-1
2021-09-29 15:00:06.100,16830,16833,16830,2,-2
2021-09-29 15:00:06.953,16829,16830,16830,1,1
2021-09-29 15:00:07.435,16830,16832,16830,1,-1
2021-09-29 15:00:07.957,16829,16832,16829,1,-1
2021-09-29 15:00:09.296,16830,16832,16830,1,1
2021-09-29 15:00:09.425,16829,16832,16830,1,-1
2021-09-29 15:00:09.425,16829,16832,16829,3,-3
2021-09-29 15:00:09.588,16829,16831,16829,1,-1
2021-09-29 15:00:09.598,16829,16831,16828,1,-1
2021-09-29 15:00:09.598,16829,16831,16828,7,-7
2021-09-29 15:00:09.873,16828,16829,16828,1,-1
2021-09-29 15:00:11.386,16828,16829,16829,1,1
2021-09-29 15:00:11.386,16828,16829,16831,1,1
2021-09-29 15:00:13.529,16830,16831,16830,1,-1
2021-09-29 15:00:13.529,16830,16831,16829,1,-1
2021-09-29 15:00:13.682,16828,16831,16831,1,1
2021-09-29 15:00:13.714,16829,16831,16829,1,-1
2021-09-29 15:00:13.714,16829,16831,16828,3,-3
2021-09-29 15:00:13.907,16827,16830,16830,1,1
2021-09-29 15:00:14.473,16827,16830,16829,1,-1
2021-09-29 15:00:14.773,16827,16829,16827,2,-2
2021-09-29 15:00:14.773,16827,16829,16826,2,-2
2021-09-29 15:00:14.774,16827,16829,16826,2,-2
2021-09-29 15:00:14.901,16825,16827,16827,1,1
2021-09-29 15:00:14.972,16825,16828,16825,1,-1
2021-09-29 15:00:15.533,16826,16829,16829,1,1
2021-09-29 15:00:16.145,16827,16829,16829,1,1
2021-09-29 15:00:16.960,16827,16829,16829,2,2
2021-09-29 15:00:17.379,16829,16830,16829,1,-1
2021-09-29 15:00:17.875,16828,16829,16829,1,1
2021-09-29 15:00:18.292,16828,16829,16830,1,1
2021-09-29 15:00:18.298,16828,16829,16830,1,1
2021-09-29 15:00:19.950,16828,16830,16830,3,3
2021-09-29 15:00:20.226,16828,16830,16828,2,-2
2021-09-29 15:00:20.317,16828,16830,16830,1,1
2021-09-29 15:00:21.753,16829,16830,16829,1,-1
2021-09-29 15:00:22.945,16828,16829,16828,1,-1
2021-09-29 15:00:23.198,16827,16829,16829,1,1
2021-09-29 15:00:24.007,16827,16829,16827,2,-2
2021-09-29 15:00:24.412,16826,16827,16827,1,1
2021-09-29 15:00:24.445,16827,16828,16827,1,-1
2021-09-29 15:00:24.446,16827,16828,16826,2,-2
2021-09-29 15:00:24.591,16825,16827,16825,1,-1
2021-09-29 15:00:25.683,16824,16826,16825,1,-1
2021-09-29 15:00:25.684,16824,16826,16824,1,-1
2021-09-29 15:00:25.996,16825,16826,16825,1,1
2021-09-29 15:00:26.130,16823,16826,16826,1,1
2021-09-29 15:00:26.566,16823,16826,16826,1,1
2021-09-29 15:00:27.447,16823,16826,16823,2,-2
2021-09-29 15:00:27.447,16823,16826,16823,1,-1
2021-09-29 15:00:27.745,16823,16824,16824,1,1
2021-09-29 15:00:27.745,16823,16824,16823,1,-1
2021-09-29 15:00:27.751,16823,16824,16821,1,-1
2021-09-29 15:00:27.810,16823,16824,16824,1,1
2021-09-29 15:00:27.913,16821,16824,16824,2,2
2021-09-29 15:00:27.917,16821,16824,16823,1,-1
2021-09-29 15:00:28.014,16821,16824,16824,1,1
2021-09-29 15:00:29.015,16821,16824,16823,1,-1
2021-09-29 15:00:29.979,16823,16824,16823,1,-1
2021-09-29 15:00:29.979,16823,16824,16821,4,-4
2021-09-29 15:00:30.278,16821,16824,16821,1,-1
2021-09-29 15:00:30.278,16821,16824,16821,1,-1
2021-09-29 15:00:30.418,16821,16824,16824,4,4
2021-09-29 15:00:30.849,16821,16823,16822,1,-1
2021-09-29 15:00:30.955,16820,16823,16820,1,-1
2021-09-29 15:00:31.246,16820,16823,16820,3,-3
2021-09-29 15:00:31.770,16820,16821,16821,1,1
2021-09-29 15:00:31.820,16821,16822,16822,1,1
2021-09-29 15:00:32.001,16822,16824,16822,3,-3
2021-09-29 15:00:32.168,16822,16824,16822,1,-1
2021-09-29 15:00:33.598,16822,16823,16822,1,-1
2021-09-29 15:00:33.621,16822,16823,16822,1,-1
2021-09-29 15:00:33.674,16822,16823,16822,1,-1
2021-09-29 15:00:33.846,16822,16823,16823,1,1
2021-09-29 15:00:36.676,16823,16824,16824,5,5
2021-09-29 15:00:39.324,16823,16825,16823,1,-1
2021-09-29 15:00:41.281,16824,16825,16825,1,1
2021-09-29 15:00:41.322,16824,16826,16824,1,-1
2021-09-29 15:00:41.732,16824,16826,16824,1,-1
2021-09-29 15:00:42.056,16824,16826,16826,1,1
2021-09-29 15:00:42.436,16824,16826,16826,6,6
2021-09-29 15:00:42.437,16824,16826,16827,1,1
2021-09-29 15:00:42.515,16827,16828,16827,2,-2
2021-09-29 15:00:42.515,16827,16828,16828,1,1
2021-09-29 15:00:43.008,16828,16829,16829,1,1
2021-09-29 15:00:43.278,16828,16829,16828,1,-1
2021-09-29 15:00:43.413,16825,16828,16828,1,1
2021-09-29 15:00:43.783,16826,16828,16828,1,1
2021-09-29 15:00:43.992,16826,16828,16826,1,-1
2021-09-29 15:00:45.145,16827,16828,16828,1,1
2021-09-29 15:00:45.634,16827,16828,16827,1,-1
2021-09-29 15:00:46.732,16826,16828,16828,1,1
2021-09-29 15:00:46.850,16826,16828,16828,1,1
2021-09-29 15:00:46.893,16826,16828,16828,1,1
2021-09-29 15:00:46.941,16826,16828,16829,2,2
2021-09-29 15:00:46.941,16826,16828,16829,7,7
2021-09-29 15:00:47.136,16829,16830,16829,1,-1
2021-09-29 15:00:47.509,16827,16828,16828,1,1
2021-09-29 15:00:47.614,16827,16830,16830,1,1
2021-09-29 15:00:47.749,16827,16830,16830,1,1
2021-09-29 15:00:48.031,16828,16830,16830,1,1
2021-09-29 15:00:48.620,16828,16829,16829,1,1
2021-09-29 15:00:48.731,16828,16830,16828,1,-1
2021-09-29 15:00:49.757,16828,16830,16828,1,-1
2021-09-29 15:00:50.500,16828,16829,16829,1,1
2021-09-29 15:00:50.652,16828,16830,16828,2,-2
2021-09-29 15:00:50.652,16828,16830,16827,1,-1
2021-09-29 15:00:50.653,16828,16830,16830,8,8
2021-09-29 15:00:51.305,16829,16830,16830,5,5
2021-09-29 15:00:51.341,16830,16831,16830,2,-2
2021-09-29 15:00:51.819,16830,16831,16830,1,-1
2021-09-29 15:00:52.625,16829,16830,16830,10,10
2021-09-29 15:00:52.894,16829,16831,16831,1,1
2021-09-29 15:00:52.908,16829,16831,16831,3,3
2021-09-29 15:00:53.149,16831,16832,16832,1,1
2021-09-29 15:00:53.360,16829,16832,16829,1,-1
2021-09-29 15:00:53.955,16829,16832,16832,4,4
2021-09-29 15:00:54.136,16830,16832,16832,6,6
2021-09-29 15:00:54.261,16830,16833,16833,1,1
2021-09-29 15:00:54.381,16830,16833,16830,1,-1
2021-09-29 15:00:54.475,16830,16833,16830,1,-1
2021-09-29 15:00:54.757,16830,16833,16830,1,-1
2021-09-29 15:00:54.991,16831,16832,16832,2,2
2021-09-29 15:00:54.992,16831,16832,16832,4,4
2021-09-29 15:00:55.615,16831,16833,16831,1,-1
2021-09-29 15:00:56.963,16831,16833,16833,9,9
2021-09-29 15:00:56.964,16831,16833,16834,3,3
2021-09-29 15:00:56.964,16831,16833,16834,1,1
2021-09-29 15:00:58.010,16832,16835,16832,1,-1
2021-09-29 15:00:58.588,16832,16834,16832,1,-1
2021-09-29 15:00:59.073,16833,16834,16833,1,1
2021-09-29 15:00:59.588,16831,16834,16834,6,6
2021-09-29 15:00:59.588,16831,16834,16835,10,10
2021-09-29 15:00:59.588,16831,16834,16836,10,10
2021-09-29 15:01:00.043,16832,16834,16834,1,1
2021-09-29 15:01:00.044,16832,16834,16834,1,1
2021-09-29 15:01:00.046,16832,16834,16834,1,1
2021-09-29 15:01:00.046,16832,16834,16834,1,1
2021-09-29 15:01:00.058,16832,16834,16836,1,1
2021-09-29 15:01:00.059,16832,16834,16836,1,1
2021-09-29 15:01:00.059,16832,16834,16836,1,1
2021-09-29 15:01:00.062,16832,16834,16836,1,1
2021-09-29 15:01:00.075,16834,16836,16837,1,1
2021-09-29 15:01:00.076,16834,16836,16837,1,1
2021-09-29 15:01:00.077,16834,16836,16837,1,1
2021-09-29 15:01:00.151,16834,16836,16837,3,3
2021-09-29 15:01:00.507,16834,16837,16834,1,-1
2021-09-29 15:01:00.944,16832,16834,16832,1,-1
2021-09-29 15:01:01.148,16831,16833,16833,1,1
2021-09-29 15:01:01.166,16831,16833,16834,1,1
2021-09-29 15:01:01.197,16831,16834,16834,1,1
2021-09-29 15:01:01.197,16831,16834,16835,1,1
2021-09-29 15:01:01.198,16831,16834,16835,1,1
2021-09-29 15:01:01.198,16831,16834,16835,1,1
2021-09-29 15:01:01.198,16831,16834,16835,1,1
2021-09-29 15:01:01.198,16831,16834,16835,1,1
2021-09-29 15:01:01.198,16831,16834,16835,1,1
2021-09-29 15:01:01.198,16831,16834,16836,1,1
2021-09-29 15:01:01.198,16831,16834,16836,1,1
2021-09-29 15:01:01.198,16831,16834,16836,1,1
2021-09-29 15:01:01.198,16831,16834,16836,1,1
2021-09-29 15:01:01.198,16831,16834,16837,1,1
2021-09-29 15:01:01.199,16831,16834,16837,1,1
2021-09-29 15:01:01.199,16831,16834,16837,1,1
2021-09-29 15:01:01.199,16831,16834,16837,1,1
2021-09-29 15:01:01.200,16831,16834,16837,1,1
2021-09-29 15:01:01.201,16831,16834,16837,1,1
2021-09-29 15:01:01.302,16831,16834,16837,1,1
2021-09-29 15:01:01.849,16833,16837,16837,5,5
2021-09-29 15:01:02.081,16835,16838,16835,1,-1
2021-09-29 15:01:02.648,16834,16836,16834,1,-1
2021-09-29 15:01:03.012,16833,16836,16836,2,2
2021-09-29 15:01:03.842,16834,16836,16836,1,1
2021-09-29 15:01:04.397,16835,16837,16835,1,-1
2021-09-29 15:01:04.589,16834,16837,16837,3,3
2021-09-29 15:01:07.143,16837,16838,16837,1,-1
2021-09-29 15:01:07.511,16836,16837,16836,1,-1
2021-09-29 15:01:08.358,16835,16837,16835,1,-1
2021-09-29 15:01:08.447,16834,16837,16837,1,1
2021-09-29 15:01:08.447,16834,16837,16837,1,1
2021-09-29 15:01:08.447,16834,16837,16837,1,1
2021-09-29 15:01:08.448,16834,16837,16837,1,1
2021-09-29 15:01:08.448,16834,16837,16837,1,1
2021-09-29 15:01:08.448,16834,16837,16837,1,1
2021-09-29 15:01:10.204,16834,16836,16834,1,-1
2021-09-29 15:01:10.205,16834,16836,16834,4,-4
2021-09-29 15:01:10.205,16834,16836,16834,4,-4
2021-09-29 15:01:10.485,16833,16835,16833,1,-1
2021-09-29 15:01:10.796,16832,16834,16832,1,-1
2021-09-29 15:01:11.342,16831,16833,16831,4,-4
2021-09-29 15:01:11.436,16831,16833,16831,1,-1
2021-09-29 15:01:11.562,16830,16832,16830,4,-4
2021-09-29 15:01:12.481,16829,16831,16829,1,-1
2021-09-29 15:01:13.739,16829,16831,16830,2,2
2021-09-29 15:01:13.889,16829,16831,16829,1,-1
2021-09-29 15:01:13.975,16828,16831,16828,1,-1
2021-09-29 15:01:14.028,16828,16831,16827,1,-1
2021-09-29 15:01:14.028,16828,16831,16826,1,-1
2021-09-29 15:01:14.680,16826,16828,16826,3,-3
2021-09-29 15:01:14.779,16825,16827,16827,1,1
2021-09-29 15:01:16.360,16825,16827,16825,5,-5
2021-09-29 15:01:18.246,16826,16828,16828,7,7
2021-09-29 15:01:18.246,16826,16828,16829,3,3
2021-09-29 15:01:18.321,16827,16829,16829,1,1
2021-09-29 15:01:18.322,16827,16829,16829,1,1
2021-09-29 15:01:18.322,16827,16829,16829,1,1
2021-09-29 15:01:18.323,16827,16829,16829,1,1
2021-09-29 15:01:18.323,16827,16829,16829,1,1
2021-09-29 15:01:18.323,16827,16829,16830,1,1
2021-09-29 15:01:18.324,16827,16829,16830,1,1
2021-09-29 15:01:18.324,16827,16829,16831,1,1
2021-09-29 15:01:18.324,16827,16829,16831,1,1
2021-09-29 15:01:18.325,16827,16829,16831,1,1
2021-09-29 15:01:18.327,16827,16829,16832,1,1
2021-09-29 15:01:18.328,16827,16829,16833,1,1
2021-09-29 15:01:18.329,16827,16829,16832,1,1
2021-09-29 15:01:19.171,16830,16833,16830,1,-1
2021-09-29 15:01:19.454,16829,16831,16831,1,1
2021-09-29 15:01:19.962,16829,16832,16829,2,-2
2021-09-29 15:01:20.139,16828,16832,16832,1,1
2021-09-29 15:01:20.484,16829,16832,16831,1,-1
2021-09-29 15:01:20.692,16829,16832,16830,5,-5
2021-09-29 15:01:24.056,16830,16832,16832,1,1
2021-09-29 15:01:24.868,16830,16832,16830,2,-2
2021-09-29 15:01:28.136,16830,16831,16831,1,1
2021-09-29 15:01:28.452,16830,16832,16830,2,-2
2021-09-29 15:01:28.607,16830,16832,16831,1,1
2021-09-29 15:01:31.369,16830,16832,16832,3,3
2021-09-29 15:01:31.447,16830,16832,16832,1,1
2021-09-29 15:01:31.447,16830,16832,16832,1,1
2021-09-29 15:01:31.447,16830,16832,16832,1,1
2021-09-29 15:01:31.447,16830,16832,16832,1,1
2021-09-29 15:01:31.447,16830,16832,16833,1,1
2021-09-29 15:01:31.448,16830,16832,16833,1,1
2021-09-29 15:01:31.448,16830,16832,16833,1,1
2021-09-29 15:01:31.448,16830,16832,16833,1,1
2021-09-29 15:01:31.599,16832,16833,16832,1,-1
2021-09-29 15:01:33.415,16831,16832,16831,1,-1
2021-09-29 15:01:33.762,16830,16832,16832,2,2
2021-09-29 15:01:34.574,16830,16832,16832,1,1
2021-09-29 15:01:34.776,16830,16832,16831,1,-1
2021-09-29 15:01:34.776,16830,16832,16832,2,2
2021-09-29 15:01:36.117,16830,16832,16830,2,-2
2021-09-29 15:01:36.818,16830,16832,16830,2,-2
2021-09-29 15:01:36.819,16830,16832,16830,1,-1
2021-09-29 15:01:37.692,16829,16832,16829,1,-1
2021-09-29 15:01:37.692,16829,16832,16828,9,-9
2021-09-29 15:01:37.697,16827,16829,16829,1,1
2021-09-29 15:01:37.697,16827,16829,16830,1,1
2021-09-29 15:01:37.697,16827,16829,16830,1,1
2021-09-29 15:01:37.697,16827,16829,16830,1,1
2021-09-29 15:01:37.698,16827,16829,16830,1,1
2021-09-29 15:01:37.698,16827,16829,16830,1,1
2021-09-29 15:01:37.698,16827,16829,16830,1,1
2021-09-29 15:01:37.698,16827,16829,16830,1,1
2021-09-29 15:01:37.699,16827,16829,16831,1,1
2021-09-29 15:01:39.977,16828,16831,16830,1,-1
2021-09-29 15:01:40.164,16829,16831,16829,1,-1
2021-09-29 15:01:41.314,16828,16831,16829,1,-1
2021-09-29 15:01:42.535,16828,16831,16831,1,1
2021-09-29 15:01:42.910,16828,16830,16829,1,-1
2021-09-29 15:01:43.870,16829,16830,16830,1,1
2021-09-29 15:01:44.364,16830,16831,16831,1,1
2021-09-29 15:01:45.254,16830,16831,16831,1,1
2021-09-29 15:01:45.254,16830,16831,16832,8,8
2021-09-29 15:01:45.254,16830,16831,16833,1,1
2021-09-29 15:01:45.765,16831,16832,16832,3,3
2021-09-29 15:01:47.557,16832,16833,16833,4,4
2021-09-29 15:01:47.557,16832,16833,16833,2,2
2021-09-29 15:01:50.085,16832,16833,16833,1,1
2021-09-29 15:01:51.058,16832,16834,16832,1,-1
2021-09-29 15:01:51.396,16833,16834,16834,3,3
2021-09-29 15:01:52.194,16834,16835,16834,1,-1
2021-09-29 15:01:52.885,16833,16835,16833,1,-1
2021-09-29 15:01:53.618,16834,16835,16834,1,1
2021-09-29 15:01:53.816,16833,16835,16833,3,-3
2021-09-29 15:01:53.818,16833,16835,16833,4,-4
2021-09-29 15:01:55.327,16833,16835,16835,3,3
2021-09-29 15:01:56.143,16834,16835,16834,1,-1
2021-09-29 15:01:58.731,16834,16835,16834,1,-1
2021-09-29 15:01:58.732,16834,16835,16834,1,-1
2021-09-29 15:01:59.200,16834,16835,16834,1,-1
2021-09-29 15:01:59.331,16833,16834,16833,1,-1
2021-09-29 15:02:00.115,16832,16833,16832,4,-4
2021-09-29 15:02:00.148,16832,16833,16833,1,1
2021-09-29 15:02:00.281,16831,16833,16833,3,3
2021-09-29 15:02:00.478,16831,16833,16831,1,-1
2021-09-29 15:02:00.501,16831,16833,16831,4,-4
2021-09-29 15:02:01.609,16830,16832,16832,1,1
2021-09-29 15:02:04.008,16830,16832,16830,2,-2
2021-09-29 15:02:04.270,16829,16831,16831,1,1
2021-09-29 15:02:04.344,16829,16831,16829,6,-6
2021-09-29 15:02:05.686,16828,16831,16831,1,1
2021-09-29 15:02:06.050,16828,16830,16830,1,1
2021-09-29 15:02:10.165,16828,16830,16828,1,-1
2021-09-29 15:02:10.945,16828,16829,16828,4,-4
2021-09-29 15:02:10.946,16828,16829,16828,4,-4
2021-09-29 15:02:11.492,16827,16828,16827,1,-1
2021-09-29 15:02:11.493,16827,16828,16827,1,-1
2021-09-29 15:02:11.493,16827,16828,16827,1,-1
2021-09-29 15:02:11.494,16827,16828,16827,1,-1
2021-09-29 15:02:12.056,16826,16828,16826,1,-1
2021-09-29 15:02:12.169,16826,16827,16826,2,-2
2021-09-29 15:02:13.889,16825,16828,16828,1,1
2021-09-29 15:02:15.010,16826,16828,16826,1,-1
2021-09-29 15:02:16.630,16825,16827,16827,4,4
2021-09-29 15:02:16.630,16825,16827,16827,11,11
2021-09-29 15:02:20.309,16826,16828,16828,2,2
2021-09-29 15:02:20.322,16826,16829,16829,1,1
2021-09-29 15:02:20.322,16826,16829,16829,1,1
2021-09-29 15:02:20.323,16826,16829,16829,1,1
2021-09-29 15:02:20.323,16826,16829,16829,1,1
2021-09-29 15:02:20.323,16826,16829,16830,1,1
2021-09-29 15:02:22.377,16826,16827,16826,1,-1
2021-09-29 15:02:24.038,16825,16827,16826,2,-2
2021-09-29 15:02:24.293,16825,16827,16825,1,-1
2021-09-29 15:02:24.293,16825,16827,16825,10,-10
2021-09-29 15:02:24.648,16824,16826,16826,1,1
2021-09-29 15:02:30.267,16826,16828,16828,1,1
2021-09-29 15:02:30.498,16826,16827,16826,3,-3
2021-09-29 15:02:30.649,16825,16827,16825,2,-2
2021-09-29 15:02:32.970,16825,16826,16825,1,-1
2021-09-29 15:02:33.624,16824,16826,16826,1,1
2021-09-29 15:02:35.792,16824,16826,16825,1,-1
2021-09-29 15:02:36.156,16824,16826,16824,2,-2
2021-09-29 15:02:38.027,16823,16826,16823,1,-1
2021-09-29 15:02:39.862,16823,16825,16825,2,2
2021-09-29 15:02:39.863,16823,16825,16825,1,1
2021-09-29 15:02:39.968,16823,16826,16823,1,-1
2021-09-29 15:02:40.811,16823,16824,16824,1,1
2021-09-29 15:02:41.714,16823,16825,16823,1,-1
2021-09-29 15:02:42.405,16823,16825,16823,4,-4
2021-09-29 15:02:42.405,16823,16825,16823,1,-1
2021-09-29 15:02:42.409,16823,16825,16823,1,-1
2021-09-29 15:02:42.863,16822,16823,16822,4,-4
2021-09-29 15:02:47.900,16821,16822,16821,5,-5
2021-09-29 15:02:48.038,16820,16821,16821,1,1
2021-09-29 15:02:49.116,16820,16821,16821,1,1
2021-09-29 15:02:49.183,16820,16821,16822,1,1
2021-09-29 15:02:49.467,16821,16822,16822,1,1
2021-09-29 15:02:51.333,16821,16823,16821,4,-4
2021-09-29 15:02:51.438,16821,16823,16821,1,-1
2021-09-29 15:02:52.538,16821,16822,16822,1,1
2021-09-29 15:02:55.882,16821,16822,16822,1,1
2021-09-29 15:02:58.309,16822,16823,16822,1,-1
2021-09-29 15:02:59.717,16821,16823,16823,1,1
2021-09-29 15:03:00.049,16821,16823,16822,1,-1
2021-09-29 15:03:00.070,16822,16823,16822,2,-2
2021-09-29 15:03:00.119,16822,16823,16823,1,1
2021-09-29 15:03:00.123,16822,16823,16822,3,-3
2021-09-29 15:03:00.824,16821,16823,16821,2,-2
2021-09-29 15:03:04.607,16822,16823,16823,1,1
2021-09-29 15:03:05.865,16822,16823,16822,1,-1
2021-09-29 15:03:09.333,16822,16823,16822,1,-1
2021-09-29 15:03:09.530,16821,16823,16823,1,1
2021-09-29 15:03:13.043,16821,16823,16821,4,-4
2021-09-29 15:03:13.072,16821,16823,16823,1,1
2021-09-29 15:03:13.072,16821,16823,16823,1,1
2021-09-29 15:03:13.072,16821,16823,16823,1,1
2021-09-29 15:03:13.072,16821,16823,16823,1,1
2021-09-29 15:03:13.072,16821,16823,16823,1,1
2021-09-29 15:03:13.072,16821,16823,16823,1,1
2021-09-29 15:03:13.073,16821,16823,16823,1,1
2021-09-29 15:03:13.073,16821,16823,16823,1,1
2021-09-29 15:03:13.073,16821,16823,16823,1,1
2021-09-29 15:03:13.073,16821,16823,16823,1,1
2021-09-29 15:03:13.073,16821,16823,16823,1,1
2021-09-29 15:03:13.073,16821,16823,16824,1,1
2021-09-29 15:03:13.074,16821,16823,16824,1,1
2021-09-29 15:03:13.074,16821,16823,16824,1,1
2021-09-29 15:03:14.017,16821,16822,16822,1,1
2021-09-29 15:03:14.018,16821,16822,16822,1,1
2021-09-29 15:03:20.448,16823,16824,16823,1,1
2021-09-29 15:03:20.573,16823,16824,16824,1,1
2021-09-29 15:03:20.573,16823,16824,16824,1,1
2021-09-29 15:03:20.622,16823,16824,16825,1,1
2021-09-29 15:03:22.614,16824,16825,16825,1,1
2021-09-29 15:03:22.614,16824,16825,16825,1,1
2021-09-29 15:03:22.622,16824,16825,16825,1,1
2021-09-29 15:03:22.622,16824,16825,16825,2,2
2021-09-29 15:03:22.623,16824,16825,16825,3,3
2021-09-29 15:03:22.623,16824,16825,16825,2,2
2021-09-29 15:03:22.624,16824,16825,16825,1,1
2021-09-29 15:03:22.698,16825,16826,16826,1,1
2021-09-29 15:03:22.698,16825,16826,16826,1,1
2021-09-29 15:03:25.638,16825,16826,16825,2,-2
2021-09-29 15:03:26.421,16825,16826,16826,1,1
2021-09-29 15:03:26.695,16826,16827,16826,4,-4
2021-09-29 15:03:29.034,16825,16826,16826,1,1
2021-09-29 15:03:30.048,16825,16826,16826,1,1
2021-09-29 15:03:31.131,16825,16826,16826,1,1
2021-09-29 15:03:32.565,16825,16827,16826,1,-1
2021-09-29 15:03:33.730,16826,16827,16826,1,-1
2021-09-29 15:03:34.338,16825,16826,16825,1,-1
2021-09-29 15:03:34.338,16825,16826,16825,4,-4
2021-09-29 15:03:38.879,16822,16824,16824,1,1
2021-09-29 15:03:41.601,16824,16826,16824,1,-1
2021-09-29 15:03:45.816,16823,16824,16824,1,1
2021-09-29 15:03:47.924,16823,16824,16823,1,-1
2021-09-29 15:03:48.303,16822,16824,16824,1,1
2021-09-29 15:03:48.324,16822,16824,16824,1,1
2021-09-29 15:03:48.736,16823,16824,16824,1,1
2021-09-29 15:03:50.271,16823,16824,16824,1,1
2021-09-29 15:03:51.718,16823,16824,16824,4,4
2021-09-29 15:03:51.718,16823,16824,16825,1,1
2021-09-29 15:03:51.774,16823,16824,16825,1,1
2021-09-29 15:03:54.228,16823,16825,16825,4,4
2021-09-29 15:03:54.404,16824,16826,16826,4,4
2021-09-29 15:03:54.526,16824,16826,16826,1,1
2021-09-29 15:03:55.521,16825,16826,16825,1,-1
2021-09-29 15:03:57.539,16823,16825,16825,2,2
2021-09-29 15:04:00.578,16822,16823,16822,8,-8
2021-09-29 15:04:00.697,16821,16822,16822,1,1
2021-09-29 15:04:00.698,16821,16822,16823,1,1
2021-09-29 15:04:00.699,16821,16822,16823,1,1
2021-09-29 15:04:00.703,16821,16822,16823,1,1
2021-09-29 15:04:00.704,16821,16822,16823,1,1
2021-09-29 15:04:01.341,16821,16822,16822,3,3
2021-09-29 15:04:01.341,16821,16822,16823,2,2
2021-09-29 15:04:01.416,16821,16822,16821,2,-2
2021-09-29 15:04:01.450,16821,16823,16823,1,1
2021-09-29 15:04:02.195,16821,16822,16821,9,-9
2021-09-29 15:04:02.411,16820,16821,16821,1,1
2021-09-29 15:04:02.432,16820,16821,16821,1,1
2021-09-29 15:04:05.352,16820,16821,16821,1,1
2021-09-29 15:04:06.785,16820,16822,16820,10,-10
2021-09-29 15:04:07.119,16819,16821,16819,2,-2
2021-09-29 15:04:07.197,16819,16821,16821,1,1
2021-09-29 15:04:07.197,16819,16821,16821,1,1
2021-09-29 15:04:07.198,16819,16821,16821,1,1
2021-09-29 15:04:07.198,16819,16821,16821,1,1
2021-09-29 15:04:07.198,16819,16821,16822,1,1
2021-09-29 15:04:07.276,16819,16821,16819,1,-1
2021-09-29 15:04:07.771,16819,16820,16820,1,1
2021-09-29 15:04:08.244,16819,16821,16819,3,-3
2021-09-29 15:04:08.353,16818,16819,16818,6,-6
2021-09-29 15:04:08.412,16818,16819,16817,3,-3
2021-09-29 15:04:10.850,16816,16818,16816,2,-2
2021-09-29 15:04:10.995,16816,16818,16816,1,-1
2021-09-29 15:04:11.116,16816,16818,16816,1,-1
2021-09-29 15:04:11.990,16816,16818,16816,1,-1
2021-09-29 15:04:12.041,16816,16818,16818,1,1
2021-09-29 15:04:14.604,16816,16818,16816,3,-3
2021-09-29 15:04:14.920,16816,16818,16816,2,-2
2021-09-29 15:04:16.620,16815,16816,16816,1,1
2021-09-29 15:04:16.746,16815,16816,16816,1,1
2021-09-29 15:04:16.890,16815,16816,16816,1,1
2021-09-29 15:04:16.945,16815,16816,16816,4,4
2021-09-29 15:04:16.945,16815,16816,16816,2,2
2021-09-29 15:04:16.945,16815,16816,16816,1,1
2021-09-29 15:04:17.311,16816,16817,16815,1,-1
2021-09-29 15:04:17.322,16815,16817,16817,1,1
2021-09-29 15:04:17.322,16815,16817,16817,1,1
2021-09-29 15:04:17.323,16815,16817,16816,1,-1
2021-09-29 15:04:18.515,16815,16817,16815,3,-3
2021-09-29 15:04:19.279,16815,16817,16815,1,-1
2021-09-29 15:04:19.477,16815,16817,16815,1,-1
2021-09-29 15:04:20.229,16816,16817,16816,1,1
2021-09-29 15:04:20.719,16815,16816,16816,1,1
2021-09-29 15:04:21.086,16815,16816,16815,1,-1
2021-09-29 15:04:21.234,16815,16816,16815,2,-2
2021-09-29 15:04:22.130,16815,16816,16815,1,-1
2021-09-29 15:04:22.465,16815,16816,16815,3,-3
2021-09-29 15:04:24.691,16815,16816,16815,1,-1
2021-09-29 15:04:25.123,16815,16816,16816,1,1
2021-09-29 15:04:26.384,16815,16817,16816,1,-1
2021-09-29 15:04:27.780,16815,16817,16815,1,-1
2021-09-29 15:04:27.807,16815,16817,16815,1,-1
2021-09-29 15:04:27.866,16815,16817,16815,4,-4
2021-09-29 15:04:27.871,16815,16817,16815,1,-1
2021-09-29 15:04:29.188,16814,16815,16815,2,2
2021-09-29 15:04:29.682,16814,16815,16815,1,1
2021-09-29 15:04:29.683,16814,16815,16815,2,2
2021-09-29 15:04:30.102,16815,16817,16815,1,-1
2021-09-29 15:04:30.668,16815,16817,16815,3,-3
2021-09-29 15:04:33.150,16815,16816,16815,3,-3
2021-09-29 15:04:35.384,16815,16816,16815,1,-1
2021-09-29 15:04:36.138,16815,16816,16815,1,-1
2021-09-29 15:04:36.138,16815,16816,16815,1,-1
2021-09-29 15:04:36.138,16815,16816,16815,1,-1
2021-09-29 15:04:36.138,16815,16816,16815,1,-1
2021-09-29 15:04:36.142,16815,16816,16815,7,-7
2021-09-29 15:04:36.213,16814,16815,16814,8,-8
2021-09-29 15:04:36.734,16813,16815,16813,4,-4
2021-09-29 15:04:36.817,16813,16815,16812,1,-1
2021-09-29 15:04:37.233,16811,16813,16813,1,1
2021-09-29 15:04:37.832,16811,16813,16811,1,-1
2021-09-29 15:04:37.910,16811,16813,16810,1,-1
2021-09-29 15:04:38.118,16810,16812,16810,1,-1
2021-09-29 15:04:38.199,16810,16812,16810,4,-4
2021-09-29 15:04:39.816,16809,16810,16809,1,-1
2021-09-29 15:04:39.817,16809,16810,16809,3,-3
2021-09-29 15:04:39.887,16808,16809,16809,1,1
2021-09-29 15:04:40.697,16808,16809,16809,1,1
2021-09-29 15:04:40.929,16808,16809,16808,1,-1
2021-09-29 15:04:41.140,16808,16809,16808,2,-2
2021-09-29 15:04:41.588,16808,16809,16809,1,1
2021-09-29 15:04:41.590,16808,16809,16809,1,1
2021-09-29 15:04:42.141,16809,16810,16809,1,-1
2021-09-29 15:04:43.240,16809,16810,16810,2,2
2021-09-29 15:04:43.401,16809,16810,16809,4,-4
2021-09-29 15:04:43.448,16808,16809,16809,1,1
2021-09-29 15:04:43.726,16808,16809,16809,1,1
2021-09-29 15:04:44.226,16808,16809,16809,1,1
2021-09-29 15:04:44.531,16809,16810,16809,1,-1
2021-09-29 15:04:45.049,16809,16810,16810,3,3
2021-09-29 15:04:45.387,16810,16812,16810,1,-1
2021-09-29 15:04:45.792,16810,16813,16813,9,9
2021-09-29 15:04:45.792,16810,16813,16814,9,9
2021-09-29 15:04:45.920,16812,16814,16812,3,-3
2021-09-29 15:04:45.920,16812,16814,16811,6,-6
2021-09-29 15:04:45.934,16812,16814,16811,3,-3
2021-09-29 15:04:46.297,16811,16813,16813,4,4
2021-09-29 15:04:46.297,16811,16813,16814,1,1
2021-09-29 15:04:46.962,16812,16814,16812,3,-3
2021-09-29 15:04:50.147,16811,16813,16811,2,-2
2021-09-29 15:04:50.813,16810,16811,16810,5,-5
2021-09-29 15:04:51.151,16809,16810,16809,4,-4
2021-09-29 15:04:51.151,16809,16810,16809,1,-1
2021-09-29 15:04:51.422,16809,16810,16809,2,-2
2021-09-29 15:04:53.039,16808,16809,16808,1,-1
2021-09-29 15:04:53.207,16807,16808,16808,1,1
2021-09-29 15:04:54.049,16807,16808,16808,1,1
2021-09-29 15:04:54.591,16807,16808,16807,1,-1
2021-09-29 15:04:55.233,16806,16807,16806,1,-1
2021-09-29 15:04:56.748,16805,16806,16806,1,1
2021-09-29 15:04:57.666,16805,16806,16805,4,-4
2021-09-29 15:04:58.146,16805,16806,16806,1,1
2021-09-29 15:04:58.216,16805,16806,16806,1,1
2021-09-29 15:04:58.365,16805,16806,16805,1,-1
2021-09-29 15:04:59.183,16805,16806,16805,1,-1
2021-09-29 15:04:59.222,16805,16806,16805,1,-1
2021-09-29 15:04:59.269,16805,16806,16805,1,-1
2021-09-29 15:04:59.297,16805,16806,16804,2,-2
2021-09-29 15:04:59.297,16805,16806,16803,1,-1
2021-09-29 15:04:59.456,16803,16805,16805,1,1
2021-09-29 15:04:59.777,16803,16805,16803,1,-1
2021-09-29 15:05:00.471,16803,16805,16805,1,1
2021-09-29 15:05:00.746,16803,16805,16803,1,-1
2021-09-29 15:05:00.786,16803,16805,16803,1,-1
2021-09-29 15:05:01.477,16804,16805,16804,1,1
2021-09-29 15:05:01.573,16803,16805,16805,1,1
2021-09-29 15:05:01.573,16803,16805,16806,1,1
2021-09-29 15:05:01.573,16803,16805,16806,1,1
2021-09-29 15:05:01.574,16803,16805,16806,1,1
2021-09-29 15:05:01.575,16803,16805,16806,1,1
2021-09-29 15:05:02.035,16805,16806,16806,1,1
2021-09-29 15:05:02.035,16805,16806,16807,1,1
2021-09-29 15:05:04.032,16805,16806,16806,1,1
2021-09-29 15:05:04.149,16806,16807,16806,1,-1
2021-09-29 15:05:04.228,16806,16807,16806,1,-1
2021-09-29 15:05:04.425,16806,16807,16806,1,-1
2021-09-29 15:05:05.046,16805,16807,16806,2,-2
2021-09-29 15:05:05.046,16805,16807,16805,6,-6
2021-09-29 15:05:05.046,16805,16807,16804,1,-1
2021-09-29 15:05:06.091,16804,16805,16804,3,-3
2021-09-29 15:05:06.340,16803,16804,16804,2,2
2021-09-29 15:05:06.356,16803,16804,16805,1,1
2021-09-29 15:05:06.447,16804,16805,16805,6,6
2021-09-29 15:05:06.682,16804,16807,16805,5,-5
2021-09-29 15:05:06.943,16805,16807,16805,2,-2
2021-09-29 15:05:08.092,16804,16806,16806,5,5
2021-09-29 15:05:09.514,16804,16805,16804,1,-1
2021-09-29 15:05:09.699,16803,16804,16804,1,1
2021-09-29 15:05:09.701,16803,16804,16804,1,1
2021-09-29 15:05:09.701,16803,16804,16805,3,3
2021-09-29 15:05:10.785,16803,16805,16803,1,-1
2021-09-29 15:05:11.180,16803,16805,16803,2,-2
2021-09-29 15:05:11.934,16804,16805,16804,1,1
2021-09-29 15:05:12.706,16803,16805,16803,1,-1
2021-09-29 15:05:13.019,16803,16805,16803,1,-1
2021-09-29 15:05:13.060,16803,16805,16805,5,5
2021-09-29 15:05:14.228,16803,16804,16804,1,1
2021-09-29 15:05:14.329,16803,16804,16804,1,1
2021-09-29 15:05:14.336,16803,16804,16804,1,1
2021-09-29 15:05:14.759,16804,16806,16806,1,1
2021-09-29 15:05:15.466,16803,16806,16803,3,-3
2021-09-29 15:05:16.797,16803,16805,16805,2,2
2021-09-29 15:05:16.797,16803,16805,16806,3,3
2021-09-29 15:05:19.956,16804,16806,16806,5,5
2021-09-29 15:05:20.866,16805,16806,16806,2,2
2021-09-29 15:05:21.649,16805,16806,16806,2,2
2021-09-29 15:05:21.924,16806,16807,16806,3,-3
2021-09-29 15:05:22.755,16806,16807,16807,1,1
2021-09-29 15:05:22.755,16806,16807,16807,2,2
2021-09-29 15:05:22.755,16806,16807,16807,1,1
2021-09-29 15:05:22.756,16806,16807,16807,3,3
2021-09-29 15:05:22.772,16806,16807,16808,1,1
2021-09-29 15:05:23.024,16807,16808,16807,2,-2
2021-09-29 15:05:23.024,16807,16808,16806,5,-5
2021-09-29 15:05:23.025,16807,16808,16806,11,-11
2021-09-29 15:05:23.978,16807,16808,16808,1,1
2021-09-29 15:05:25.265,16807,16808,16807,1,-1
2021-09-29 15:05:25.340,16807,16808,16808,1,1
2021-09-29 15:05:25.483,16807,16808,16808,1,1
2021-09-29 15:05:26.828,16808,16809,16808,1,-1
2021-09-29 15:05:29.636,16807,16808,16808,1,1
2021-09-29 15:05:30.857,16807,16808,16807,1,-1
2021-09-29 15:05:31.820,16806,16807,16806,3,-3
2021-09-29 15:05:32.110,16805,16806,16806,2,2
2021-09-29 15:05:34.400,16805,16806,16805,1,-1
2021-09-29 15:05:34.400,16805,16806,16805,1,-1
2021-09-29 15:05:34.400,16805,16806,16805,1,-1
2021-09-29 15:05:34.915,16804,16805,16805,2,2
2021-09-29 15:05:35.412,16804,16806,16804,4,-4
2021-09-29 15:05:36.032,16803,16805,16805,1,1
2021-09-29 15:05:38.170,16805,16807,16807,1,1
2021-09-29 15:05:41.352,16805,16807,16805,1,-1
2021-09-29 15:05:41.834,16805,16806,16806,1,1
2021-09-29 15:05:41.926,16805,16806,16806,4,4
2021-09-29 15:05:41.926,16805,16806,16805,4,-4
2021-09-29 15:05:41.927,16805,16806,16805,1,-1
2021-09-29 15:05:41.927,16805,16806,16805,1,-1
2021-09-29 15:05:42.504,16806,16807,16806,1,1
2021-09-29 15:05:42.504,16806,16807,16806,2,-2
2021-09-29 15:05:43.892,16803,16805,16805,1,1
2021-09-29 15:05:45.457,16803,16804,16804,1,1
2021-09-29 15:05:45.570,16803,16804,16803,1,-1
2021-09-29 15:05:45.571,16803,16804,16803,2,-2
2021-09-29 15:05:45.571,16803,16804,16803,6,-6
2021-09-29 15:05:45.571,16803,16804,16803,1,-1
2021-09-29 15:05:45.610,16803,16804,16803,1,-1
2021-09-29 15:05:45.782,16803,16804,16803,1,-1
2021-09-29 15:05:46.740,16802,16804,16802,2,-2
2021-09-29 15:05:47.122,16802,16804,16804,1,1
2021-09-29 15:05:49.345,16802,16804,16802,4,-4
2021-09-29 15:05:50.173,16801,16802,16801,1,-1
2021-09-29 15:05:50.712,16801,16802,16802,1,1
2021-09-29 15:05:51.044,16801,16802,16802,2,2
2021-09-29 15:05:51.244,16801,16802,16802,6,6
2021-09-29 15:05:51.244,16801,16802,16802,1,1
2021-09-29 15:05:51.245,16801,16802,16802,1,1
2021-09-29 15:05:51.245,16801,16802,16802,3,3
2021-09-29 15:05:53.548,16802,16804,16802,1,-1
2021-09-29 15:05:55.819,16803,16804,16804,1,1
2021-09-29 15:05:58.107,16804,16805,16805,4,4
2021-09-29 15:05:58.107,16804,16805,16806,1,1
2021-09-29 15:05:58.397,16804,16806,16806,1,1
2021-09-29 15:05:59.989,16805,16806,16805,1,-1
2021-09-29 15:06:00.499,16805,16806,16805,1,-1
2021-09-29 15:06:00.838,16805,16806,16805,1,-1
2021-09-29 15:06:01.848,16805,16806,16806,1,1
2021-09-29 15:06:02.020,16805,16807,16805,1,-1
2021-09-29 15:06:02.585,16805,16807,16805,1,-1
2021-09-29 15:06:02.826,16805,16807,16805,1,-1
2021-09-29 15:06:02.833,16805,16807,16805,1,-1
2021-09-29 15:06:02.979,16805,16807,16805,3,-3
2021-09-29 15:06:04.309,16804,16805,16804,1,-1
2021-09-29 15:06:05.451,16804,16805,16804,1,-1
2021-09-29 15:06:05.742,16804,16805,16804,1,-1
2021-09-29 15:06:05.743,16804,16805,16804,2,-2
2021-09-29 15:06:07.314,16804,16805,16804,1,-1
2021-09-29 15:06:07.315,16804,16805,16804,1,-1
2021-09-29 15:06:07.422,16803,16804,16803,5,-5
2021-09-29 15:06:09.965,16802,16803,16803,1,1
2021-09-29 15:06:10.541,16802,16803,16803,1,1
2021-09-29 15:06:14.560,16803,16804,16803,1,-1
2021-09-29 15:06:16.373,16803,16804,16803,5,-5
2021-09-29 15:06:16.658,16803,16804,16803,1,-1
2021-09-29 15:06:17.036,16803,16804,16804,1,1
2021-09-29 15:06:17.424,16803,16804,16803,1,-1
2021-09-29 15:06:17.491,16802,16804,16804,1,1
2021-09-29 15:06:22.073,16803,16805,16803,3,-3
2021-09-29 15:06:23.545,16803,16805,16803,1,-1
2021-09-29 15:06:23.676,16803,16805,16805,8,8
2021-09-29 15:06:23.800,16805,16806,16806,1,1
2021-09-29 15:06:24.063,16805,16807,16807,1,1
2021-09-29 15:06:26.873,16806,16807,16807,4,4
2021-09-29 15:06:29.191,16806,16808,16807,1,-1
2021-09-29 15:06:37.962,16805,16806,16805,1,-1
2021-09-29 15:06:39.349,16805,16806,16806,1,1
2021-09-29 15:06:39.616,16805,16807,16807,12,12
2021-09-29 15:06:41.043,16806,16807,16807,1,1
2021-09-29 15:06:41.106,16807,16808,16808,1,1
2021-09-29 15:06:43.272,16807,16808,16807,1,-1
2021-09-29 15:06:43.651,16807,16808,16808,1,1
2021-09-29 15:06:43.652,16807,16808,16808,3,3
2021-09-29 15:06:43.803,16807,16808,16808,4,4
2021-09-29 15:06:44.422,16807,16808,16807,2,-2
2021-09-29 15:06:44.503,16807,16808,16808,1,1
2021-09-29 15:06:44.546,16807,16808,16808,6,6
2021-09-29 15:06:45.242,16807,16809,16809,1,1
2021-09-29 15:06:47.607,16807,16808,16807,2,-2
2021-09-29 15:06:48.316,16807,16808,16808,1,1
2021-09-29 15:06:50.485,16807,16808,16808,1,1
2021-09-29 15:06:51.123,16807,16808,16807,1,-1
2021-09-29 15:06:51.485,16807,16808,16808,1,1
2021-09-29 15:06:52.258,16807,16808,16808,3,3
2021-09-29 15:06:52.956,16807,16808,16808,5,5
2021-09-29 15:06:53.561,16807,16808,16807,3,-3
2021-09-29 15:06:54.631,16806,16808,16808,3,3
2021-09-29 15:06:54.632,16806,16808,16808,3,3
2021-09-29 15:06:54.632,16806,16808,16809,1,1
2021-09-29 15:06:54.650,16806,16808,16807,1,-1
2021-09-29 15:06:54.661,16806,16808,16809,1,1
2021-09-29 15:06:58.068,16806,16808,16808,1,1
2021-09-29 15:06:59.034,16806,16808,16808,1,1
2021-09-29 15:07:00.613,16806,16808,16806,1,-1
2021-09-29 15:07:00.626,16806,16808,16805,3,-3
2021-09-29 15:07:00.626,16806,16808,16805,2,-2
2021-09-29 15:07:01.042,16804,16806,16806,1,1
2021-09-29 15:07:01.047,16804,16806,16806,1,1
2021-09-29 15:07:01.529,16804,16806,16804,1,-1
2021-09-29 15:07:01.564,16804,16806,16806,1,1
2021-09-29 15:07:01.608,16804,16806,16806,1,1
2021-09-29 15:07:01.767,16804,16806,16804,1,-1
2021-09-29 15:07:04.607,16805,16808,16808,1,1
2021-09-29 15:07:06.273,16807,16808,16807,1,-1
2021-09-29 15:07:07.599,16806,16808,16808,5,5
2021-09-29 15:07:12.205,16805,16807,16807,1,1
2021-09-29 15:07:16.040,16805,16807,16807,3,3
2021-09-29 15:07:16.043,16805,16807,16807,9,9
2021-09-29 15:07:16.099,16806,16808,16808,1,1
2021-09-29 15:07:19.393,16807,16808,16807,1,-1
2021-09-29 15:07:21.687,16807,16808,16808,1,1
2021-09-29 15:07:22.630,16807,16808,16808,1,1
2021-09-29 15:07:26.899,16807,16808,16808,1,1
2021-09-29 15:07:30.032,16807,16808,16807,2,-2
2021-09-29 15:07:30.032,16807,16808,16807,1,-1
2021-09-29 15:07:30.243,16806,16807,16807,1,1
2021-09-29 15:07:34.041,16807,16808,16807,1,-1
2021-09-29 15:07:36.762,16806,16807,16806,1,-1
2021-09-29 15:07:36.762,16806,16807,16806,1,-1
2021-09-29 15:07:36.762,16806,16807,16806,1,-1
2021-09-29 15:07:36.763,16806,16807,16806,1,-1
2021-09-29 15:07:40.492,16805,16806,16805,1,-1
2021-09-29 15:07:40.493,16805,16806,16805,2,-2
2021-09-29 15:07:40.493,16805,16806,16805,3,-3
2021-09-29 15:07:41.040,16804,16806,16806,1,1
2021-09-29 15:07:42.041,16804,16806,16806,1,1
2021-09-29 15:07:51.302,16805,16806,16805,5,-5
2021-09-29 15:07:51.310,16805,16806,16804,7,-7
2021-09-29 15:07:51.506,16803,16805,16805,1,1
2021-09-29 15:07:54.316,16803,16805,16805,1,1
2021-09-29 15:07:56.997,16804,16805,16804,1,-1
2021-09-29 15:08:00.387,16804,16805,16805,1,1
2021-09-29 15:08:00.568,16805,16807,16807,5,5
2021-09-29 15:08:01.200,16806,16807,16807,4,4
2021-09-29 15:08:03.012,16806,16808,16808,1,1
2021-09-29 15:08:07.008,16807,16808,16807,1,-1
2021-09-29 15:08:09.532,16806,16807,16807,1,1
2021-09-29 15:08:10.028,16806,16807,16807,1,1
2021-09-29 15:08:18.081,16806,16807,16807,1,1
2021-09-29 15:08:18.380,16806,16807,16807,1,1
2021-09-29 15:08:20.470,16806,16807,16806,1,-1
2021-09-29 15:08:23.037,16806,16807,16807,1,1
2021-09-29 15:08:24.138,16806,16807,16806,2,-2
2021-09-29 15:08:32.177,16807,16808,16808,13,13
2021-09-29 15:08:35.597,16807,16808,16808,1,1
2021-09-29 15:08:35.597,16807,16808,16808,1,1
2021-09-29 15:08:35.597,16807,16808,16808,5,5
2021-09-29 15:08:39.501,16808,16809,16809,1,1
2021-09-29 15:08:39.501,16808,16809,16809,1,1
2021-09-29 15:08:39.501,16808,16809,16809,1,1
2021-09-29 15:08:39.687,16808,16809,16809,1,1
2021-09-29 15:08:41.380,16808,16809,16808,1,-1
2021-09-29 15:08:41.825,16807,16809,16807,2,-2
2021-09-29 15:08:42.361,16808,16809,16809,3,3
2021-09-29 15:08:51.269,16808,16809,16808,1,-1
2021-09-29 15:08:55.070,16808,16809,16808,1,-1
2021-09-29 15:08:55.070,16808,16809,16808,1,-1
2021-09-29 15:08:55.070,16808,16809,16808,1,-1
2021-09-29 15:08:55.071,16808,16809,16808,3,-3
2021-09-29 15:08:55.071,16808,16809,16808,1,-1
2021-09-29 15:08:55.071,16808,16809,16808,2,-2
2021-09-29 15:08:57.069,16808,16809,16808,1,-1
2021-09-29 15:08:58.364,16807,16808,16808,1,1
2021-09-29 15:08:58.364,16807,16808,16808,2,2
2021-09-29 15:08:58.415,16807,16808,16809,1,1
2021-09-29 15:09:00.503,16808,16809,16809,1,1
2021-09-29 15:09:00.979,16808,16809,16809,1,1
2021-09-29 15:09:01.609,16809,16810,16810,2,2
2021-09-29 15:09:05.052,16809,16810,16810,1,1
2021-09-29 15:09:05.964,16809,16810,16810,1,1
2021-09-29 15:09:05.987,16809,16810,16810,17,17
2021-09-29 15:09:05.987,16809,16810,16810,2,2
2021-09-29 15:09:05.987,16809,16810,16810,1,1
2021-09-29 15:09:05.987,16809,16810,16810,1,1
2021-09-29 15:09:05.987,16809,16810,16810,1,1
2021-09-29 15:09:05.988,16809,16810,16810,1,1
2021-09-29 15:09:05.988,16809,16810,16810,1,1
2021-09-29 15:09:05.988,16809,16810,16810,1,1
2021-09-29 15:09:05.988,16809,16810,16810,1,1
2021-09-29 15:09:05.988,16809,16810,16810,4,4
2021-09-29 15:09:07.508,16810,16811,16811,1,1
2021-09-29 15:09:07.773,16810,16811,16811,1,1
2021-09-29 15:09:08.466,16810,16811,16811,2,2
2021-09-29 15:09:10.690,16811,16812,16812,5,5
2021-09-29 15:09:11.008,16811,16812,16812,1,1
2021-09-29 15:09:11.029,16811,16812,16813,1,1
2021-09-29 15:09:11.031,16811,16812,16813,1,1
2021-09-29 15:09:15.232,16812,16813,16812,1,-1
2021-09-29 15:09:17.349,16811,16812,16812,1,1
2021-09-29 15:09:19.490,16811,16812,16812,1,1
2021-09-29 15:09:19.994,16811,16812,16812,3,3
2021-09-29 15:09:22.655,16812,16813,16813,1,1
2021-09-29 15:09:22.657,16812,16813,16813,1,1
2021-09-29 15:09:22.657,16812,16813,16813,5,5
2021-09-29 15:09:22.658,16812,16813,16813,1,1
2021-09-29 15:09:25.762,16813,16814,16813,1,-1
2021-09-29 15:09:25.762,16813,16814,16813,1,-1
2021-09-29 15:09:26.425,16812,16814,16812,2,-2
2021-09-29 15:09:26.558,16811,16813,16813,2,2
2021-09-29 15:09:27.091,16811,16813,16811,1,-1
2021-09-29 15:09:27.260,16811,16813,16813,1,1
2021-09-29 15:09:27.813,16811,16812,16811,14,-14
2021-09-29 15:09:27.848,16810,16811,16811,1,1
2021-09-29 15:09:29.131,16810,16812,16812,1,1
2021-09-29 15:09:36.440,16810,16811,16810,1,-1
2021-09-29 15:09:36.440,16810,16811,16810,3,-3
2021-09-29 15:09:41.505,16810,16811,16811,1,1
2021-09-29 15:09:47.052,16810,16811,16811,1,1
2021-09-29 15:09:48.691,16810,16811,16810,1,-1
2021-09-29 15:09:51.189,16810,16811,16810,1,-1
2021-09-29 15:09:52.086,16810,16811,16811,1,1
2021-09-29 15:09:52.697,16810,16811,16810,1,-1
2021-09-29 15:09:55.249,16810,16811,16810,2,-2
2021-09-29 15:09:55.519,16809,16811,16811,1,1
2021-09-29 15:09:55.895,16809,16811,16811,1,1
2021-09-29 15:09:55.916,16809,16811,16812,1,1
2021-09-29 15:10:00.154,16811,16812,16812,1,1
2021-09-29 15:10:00.740,16812,16813,16813,4,4
2021-09-29 15:10:00.859,16812,16814,16812,1,-1
2021-09-29 15:10:02.017,16812,16813,16813,1,1
2021-09-29 15:10:04.253,16812,16814,16814,1,1
2021-09-29 15:10:05.052,16812,16813,16813,1,1
2021-09-29 15:10:09.387,16812,16813,16812,1,-1
2021-09-29 15:10:09.387,16812,16813,16812,1,-1
2021-09-29 15:10:12.260,16811,16812,16811,1,-1
2021-09-29 15:10:12.322,16810,16811,16811,1,1
2021-09-29 15:10:12.323,16810,16811,16811,1,1
2021-09-29 15:10:13.680,16810,16811,16812,3,3
2021-09-29 15:10:19.319,16811,16813,16811,1,-1
2021-09-29 15:10:19.453,16812,16813,16813,1,1
2021-09-29 15:10:19.834,16812,16814,16814,1,1
2021-09-29 15:10:20.197,16813,16814,16814,3,3
2021-09-29 15:10:29.034,16813,16815,16815,1,1
2021-09-29 15:10:29.161,16813,16815,16815,6,6
2021-09-29 15:10:30.766,16814,16815,16815,1,1
2021-09-29 15:10:32.691,16814,16816,16814,1,-1
2021-09-29 15:10:36.409,16813,16814,16815,1,1
2021-09-29 15:10:36.673,16813,16815,16814,1,-1
2021-09-29 15:10:37.491,16813,16814,16813,2,-2
2021-09-29 15:10:40.036,16812,16813,16813,1,1
2021-09-29 15:10:45.189,16813,16815,16813,1,-1
2021-09-29 15:10:47.327,16814,16815,16815,2,2
2021-09-29 15:10:47.327,16814,16815,16815,1,1
2021-09-29 15:10:47.327,16814,16815,16815,1,1
2021-09-29 15:10:47.339,16814,16815,16816,2,2
2021-09-29 15:10:47.852,16815,16816,16816,1,1
2021-09-29 15:10:49.835,16816,16817,16817,1,1
2021-09-29 15:10:49.835,16816,16817,16817,1,1
2021-09-29 15:10:51.038,16816,16818,16818,1,1
2021-09-29 15:10:51.302,16816,16818,16816,1,-1
2021-09-29 15:10:54.021,16817,16818,16817,1,1
2021-09-29 15:10:55.736,16816,16818,16818,1,1
2021-09-29 15:11:00.637,16816,16817,16816,3,-3
2021-09-29 15:11:05.619,16814,16815,16815,1,1
2021-09-29 15:11:05.731,16814,16815,16815,1,1
2021-09-29 15:11:06.368,16814,16815,16815,1,1
2021-09-29 15:11:09.075,16814,16815,16815,1,1
2021-09-29 15:11:11.033,16814,16816,16816,1,1
2021-09-29 15:11:21.651,16815,16816,16815,3,-3
2021-09-29 15:11:21.651,16815,16816,16815,3,-3
2021-09-29 15:11:24.413,16814,16815,16814,1,-1
2021-09-29 15:11:24.413,16814,16815,16814,2,-2
2021-09-29 15:11:24.414,16814,16815,16814,1,-1
2021-09-29 15:11:24.538,16813,16814,16813,4,-4
2021-09-29 15:11:24.669,16812,16813,16814,1,1
2021-09-29 15:11:32.153,16813,16814,16813,2,-2
2021-09-29 15:11:32.153,16813,16814,16813,1,-1
2021-09-29 15:11:32.154,16813,16814,16812,1,-1
2021-09-29 15:11:32.154,16813,16814,16812,1,-1
2021-09-29 15:11:33.868,16812,16814,16814,1,1
2021-09-29 15:11:34.801,16812,16814,16811,10,-10
2021-09-29 15:11:35.230,16811,16813,16811,1,-1
2021-09-29 15:11:35.230,16811,16813,16811,1,-1
2021-09-29 15:11:35.945,16810,16813,16813,1,1
2021-09-29 15:11:38.081,16811,16813,16813,1,1
2021-09-29 15:11:41.340,16812,16814,16812,1,-1
2021-09-29 15:11:50.722,16813,16815,16813,1,1
2021-09-29 15:11:51.028,16812,16815,16815,2,2
2021-09-29 15:11:53.043,16814,16816,16816,1,1
2021-09-29 15:11:55.035,16813,16816,16813,2,-2
2021-09-29 15:11:56.493,16814,16815,16815,2,2
2021-09-29 15:11:57.227,16814,16816,16815,1,-1
2021-09-29 15:11:57.315,16814,16816,16814,1,-1
2021-09-29 15:11:59.961,16812,16814,16814,1,1
2021-09-29 15:12:02.883,16814,16815,16815,1,1
2021-09-29 15:12:03.270,16814,16816,16816,1,1
2021-09-29 15:12:04.622,16814,16817,16817,1,1
2021-09-29 15:12:04.780,16815,16817,16817,1,1
2021-09-29 15:12:05.370,16814,16817,16817,1,1
2021-09-29 15:12:08.064,16816,16817,16816,1,-1
2021-09-29 15:12:10.766,16815,16816,16815,2,-2
2021-09-29 15:12:21.709,16815,16816,16816,1,1
2021-09-29 15:12:22.070,16816,16817,16816,1,-1
2021-09-29 15:12:22.693,16816,16817,16816,1,-1
2021-09-29 15:12:27.021,16816,16817,16816,1,-1
2021-09-29 15:12:28.421,16816,16817,16817,1,1
2021-09-29 15:12:29.098,16816,16817,16817,5,5
2021-09-29 15:12:34.051,16817,16818,16818,1,1
2021-09-29 15:12:34.316,16817,16818,16817,1,-1
2021-09-29 15:12:39.740,16817,16818,16817,1,-1
2021-09-29 15:12:46.207,16816,16817,16816,1,-1
2021-09-29 15:12:46.493,16816,16817,16817,2,2
2021-09-29 15:12:47.583,16816,16817,16816,1,-1
2021-09-29 15:12:48.777,16816,16817,16816,1,-1
2021-09-29 15:12:53.006,16816,16817,16817,4,4
2021-09-29 15:12:53.006,16816,16817,16817,1,1
2021-09-29 15:12:55.190,16816,16817,16817,1,1
2021-09-29 15:12:55.190,16816,16817,16817,1,1
2021-09-29 15:13:05.129,16817,16818,16817,1,-1
2021-09-29 15:13:05.130,16817,16818,16817,1,-1
2021-09-29 15:13:11.945,16817,16818,16818,1,1
2021-09-29 15:13:11.945,16817,16818,16818,1,1
2021-09-29 15:13:11.946,16817,16818,16818,3,3
2021-09-29 15:13:11.946,16817,16818,16818,1,1
2021-09-29 15:13:11.946,16817,16818,16818,7,7
2021-09-29 15:13:11.946,16817,16818,16818,1,1
2021-09-29 15:13:11.946,16817,16818,16818,6,6
2021-09-29 15:13:12.443,16818,16819,16819,1,1
2021-09-29 15:13:13.871,16818,16819,16819,1,1
2021-09-29 15:13:15.590,16818,16819,16819,2,2
2021-09-29 15:13:16.028,16819,16820,16820,1,1
2021-09-29 15:13:16.168,16819,16820,16820,1,1
2021-09-29 15:13:17.214,16819,16820,16820,1,1
2021-09-29 15:13:17.299,16819,16820,16819,1,-1
2021-09-29 15:13:18.108,16819,16820,16820,1,1
2021-09-29 15:13:18.140,16819,16820,16819,1,-1
2021-09-29 15:13:19.118,16819,16820,16820,1,1
2021-09-29 15:13:22.367,16819,16820,16820,1,1
2021-09-29 15:13:22.368,16819,16820,16820,6,6
2021-09-29 15:13:22.369,16819,16820,16820,1,1
2021-09-29 15:13:22.369,16819,16820,16820,4,4
2021-09-29 15:13:22.833,16820,16821,16821,2,2
2021-09-29 15:13:23.023,16820,16821,16821,2,2
2021-09-29 15:13:23.249,16820,16821,16821,2,2
2021-09-29 15:13:23.250,16820,16821,16821,1,1
2021-09-29 15:13:24.538,16821,16822,16822,1,1
2021-09-29 15:13:24.782,16821,16822,16822,2,2
2021-09-29 15:13:27.138,16821,16822,16822,1,1
2021-09-29 15:13:28.162,16821,16822,16821,1,-1
2021-09-29 15:13:28.632,16821,16822,16822,1,1
2021-09-29 15:13:29.432,16821,16822,16822,1,1
2021-09-29 15:13:32.240,16822,16823,16823,1,1
2021-09-29 15:13:32.334,16822,16823,16823,1,1
2021-09-29 15:13:33.045,16822,16823,16823,1,1
2021-09-29 15:13:33.730,16822,16823,16823,1,1
2021-09-29 15:13:36.186,16822,16823,16823,1,1
2021-09-29 15:13:37.469,16822,16823,16823,3,3
2021-09-29 15:13:37.469,16822,16823,16823,1,1
2021-09-29 15:13:37.572,16822,16824,16822,1,-1
2021-09-29 15:13:37.572,16822,16824,16822,1,-1
2021-09-29 15:13:37.572,16822,16824,16822,1,-1
2021-09-29 15:13:37.573,16822,16824,16821,1,-1
2021-09-29 15:13:37.573,16822,16824,16821,1,-1
2021-09-29 15:13:37.573,16822,16824,16821,1,-1
2021-09-29 15:13:37.574,16822,16824,16821,1,-1
2021-09-29 15:13:37.868,16821,16823,16823,1,1
2021-09-29 15:13:38.294,16821,16823,16823,1,1
2021-09-29 15:13:55.363,16823,16824,16823,2,-2
2021-09-29 15:13:55.363,16823,16824,16823,2,-2
2021-09-29 15:13:56.931,16823,16824,16823,1,-1
2021-09-29 15:13:56.947,16822,16824,16822,1,-1
2021-09-29 15:13:56.947,16822,16824,16822,1,-1
2021-09-29 15:13:57.436,16822,16823,16823,1,1
2021-09-29 15:13:58.060,16822,16824,16824,1,1
2021-09-29 15:14:00.613,16822,16824,16824,1,1
2021-09-29 15:14:00.721,16822,16824,16822,1,-1
2021-09-29 15:14:01.820,16822,16824,16824,1,1
2021-09-29 15:14:06.548,16823,16824,16824,1,1
2021-09-29 15:14:08.908,16823,16824,16824,3,3
2021-09-29 15:14:12.375,16823,16824,16824,1,1
2021-09-29 15:14:13.417,16823,16824,16824,1,1
2021-09-29 15:14:14.263,16824,16825,16825,1,1
2021-09-29 15:14:14.264,16824,16825,16825,4,4
2021-09-29 15:14:14.320,16824,16825,16825,4,4
2021-09-29 15:14:14.320,16824,16825,16825,1,1
2021-09-29 15:14:14.320,16824,16825,16825,1,1
2021-09-29 15:14:14.354,16824,16825,16826,1,1
2021-09-29 15:14:15.317,16825,16826,16825,3,-3
2021-09-29 15:14:15.317,16825,16826,16824,2,-2
2021-09-29 15:14:15.372,16824,16826,16826,2,2
2021-09-29 15:14:17.346,16824,16826,16825,1,-1
2021-09-29 15:14:19.930,16823,16826,16826,1,1
2021-09-29 15:14:22.595,16824,16825,16825,1,1
2021-09-29 15:14:23.531,16824,16825,16825,1,1
2021-09-29 15:14:26.792,16824,16825,16825,2,2
2021-09-29 15:14:27.174,16824,16825,16825,2,2
2021-09-29 15:14:27.224,16824,16826,16824,1,-1
2021-09-29 15:14:27.522,16823,16825,16825,1,1
2021-09-29 15:14:29.355,16823,16825,16825,1,1
2021-09-29 15:14:30.206,16823,16825,16825,1,1
2021-09-29 15:14:33.780,16823,16825,16825,1,1
2021-09-29 15:14:35.642,16823,16825,16825,5,5
2021-09-29 15:14:40.046,16825,16826,16826,1,1
2021-09-29 15:14:40.098,16825,16826,16825,1,-1
2021-09-29 15:14:41.921,16825,16826,16825,1,-1
2021-09-29 15:14:51.441,16825,16826,16825,1,-1
2021-09-29 15:14:55.579,16825,16826,16825,1,-1
2021-09-29 15:14:55.743,16824,16825,16824,1,-1
2021-09-29 15:15:01.199,16825,16826,16826,1,1
2021-09-29 15:15:04.191,16825,16826,16826,2,2
2021-09-29 15:15:04.191,16825,16826,16826,1,1
2021-09-29 15:15:05.718,16826,16827,16827,1,1
2021-09-29 15:15:06.084,16826,16827,16827,1,1
2021-09-29 15:15:08.103,16826,16827,16827,1,1
2021-09-29 15:15:08.992,16826,16827,16827,1,1
2021-09-29 15:15:10.767,16827,16828,16827,4,-4
2021-09-29 15:15:11.859,16827,16828,16828,1,1
2021-09-29 15:15:18.116,16827,16828,16827,1,-1
2021-09-29 15:15:18.264,16827,16828,16828,1,1
2021-09-29 15:15:18.415,16827,16828,16828,2,2
2021-09-29 15:15:18.430,16827,16828,16828,2,2
2021-09-29 15:15:18.513,16827,16828,16828,3,3
2021-09-29 15:15:18.543,16827,16828,16828,1,1
2021-09-29 15:15:18.761,16827,16829,16829,1,1
2021-09-29 15:15:19.285,16827,16829,16828,1,-1
2021-09-29 15:15:19.322,16827,16829,16829,1,1
2021-09-29 15:15:21.351,16828,16829,16828,1,-1
2021-09-29 15:15:21.962,16827,16829,16829,3,3
2021-09-29 15:15:22.043,16827,16829,16829,1,1
2021-09-29 15:15:22.637,16827,16829,16829,10,10
2021-09-29 15:15:22.695,16828,16829,16829,1,1
2021-09-29 15:15:23.413,16827,16829,16829,1,1
2021-09-29 15:15:26.998,16829,16830,16830,1,1
2021-09-29 15:15:26.999,16829,16830,16830,7,7
2021-09-29 15:15:26.999,16829,16830,16830,1,1
2021-09-29 15:15:26.999,16829,16830,16830,1,1
2021-09-29 15:15:27.000,16829,16830,16830,7,7
2021-09-29 15:15:27.000,16829,16830,16830,1,1
2021-09-29 15:15:27.000,16829,16830,16830,1,1
2021-09-29 15:15:27.000,16829,16830,16830,1,1
2021-09-29 15:15:27.117,16830,16831,16831,1,1
2021-09-29 15:15:27.310,16831,16832,16832,5,5
2021-09-29 15:15:27.557,16831,16833,16833,1,1
2021-09-29 15:15:27.641,16831,16833,16833,5,5
2021-09-29 15:15:27.733,16831,16833,16833,1,1
2021-09-29 15:15:28.585,16831,16832,16832,1,1
2021-09-29 15:15:29.332,16831,16833,16833,1,1
2021-09-29 15:15:30.753,16832,16833,16832,1,-1
2021-09-29 15:15:31.141,16831,16833,16833,1,1
2021-09-29 15:15:31.283,16831,16833,16833,1,1
2021-09-29 15:15:31.653,16831,16833,16833,1,1
2021-09-29 15:15:32.034,16831,16833,16831,1,-1
2021-09-29 15:15:32.267,16832,16833,16832,1,1
2021-09-29 15:15:32.743,16831,16833,16833,5,5
2021-09-29 15:15:36.429,16832,16833,16832,1,-1
2021-09-29 15:15:38.309,16832,16833,16833,2,2
2021-09-29 15:15:38.625,16832,16833,16833,1,1
2021-09-29 15:15:39.708,16832,16833,16832,1,-1
2021-09-29 15:15:40.108,16832,16833,16833,1,1
2021-09-29 15:15:40.611,16832,16833,16832,2,-2
2021-09-29 15:15:41.358,16831,16833,16833,1,1
2021-09-29 15:15:41.469,16831,16833,16833,2,2
2021-09-29 15:15:41.813,16831,16833,16833,1,1
2021-09-29 15:15:42.661,16831,16833,16833,1,1
2021-09-29 15:15:44.800,16833,16834,16833,1,-1
2021-09-29 15:15:45.458,16832,16833,16833,1,1
2021-09-29 15:15:45.735,16832,16833,16833,2,2
2021-09-29 15:15:48.160,16831,16833,16831,6,-6
2021-09-29 15:15:48.487,16830,16832,16832,3,3
2021-09-29 15:15:49.358,16831,16833,16833,1,1
2021-09-29 15:15:54.019,16830,16832,16832,1,1
2021-09-29 15:15:54.247,16830,16832,16832,2,2
2021-09-29 15:15:54.468,16830,16832,16830,2,-2
2021-09-29 15:15:54.765,16829,16831,16831,1,1
2021-09-29 15:15:58.097,16830,16831,16831,1,1
2021-09-29 15:15:58.686,16830,16831,16830,3,-3
2021-09-29 15:16:02.663,16829,16830,16829,4,-4
2021-09-29 15:16:02.825,16828,16829,16828,3,-3
2021-09-29 15:16:04.037,16827,16829,16829,1,1
2021-09-29 15:16:06.927,16828,16829,16828,2,-2
2021-09-29 15:16:07.155,16828,16830,16830,2,2
2021-09-29 15:16:13.282,16829,16830,16829,5,-5
2021-09-29 15:16:13.539,16827,16830,16830,2,2
2021-09-29 15:16:19.663,16828,16829,16829,3,3
2021-09-29 15:16:19.663,16828,16829,16828,2,-2
2021-09-29 15:16:20.037,16827,16829,16829,1,1
2021-09-29 15:16:20.884,16828,16829,16828,1,-1
2021-09-29 15:16:22.707,16826,16828,16828,2,2
2021-09-29 15:16:23.338,16827,16828,16827,1,-1
2021-09-29 15:16:23.545,16827,16828,16828,1,1
2021-09-29 15:16:24.528,16828,16829,16829,2,2
2021-09-29 15:16:25.596,16828,16830,16828,1,-1
2021-09-29 15:16:25.622,16828,16830,16829,2,2
2021-09-29 15:16:29.041,16828,16829,16828,1,-1
2021-09-29 15:16:29.224,16828,16829,16829,2,2
2021-09-29 15:16:29.309,16828,16829,16828,2,-2
2021-09-29 15:16:31.194,16829,16830,16829,1,1
2021-09-29 15:16:31.322,16829,16830,16830,1,1
2021-09-29 15:16:31.438,16829,16830,16829,1,-1
2021-09-29 15:16:31.661,16828,16830,16830,2,2
2021-09-29 15:16:32.258,16828,16830,16828,1,-1
2021-09-29 15:16:33.318,16827,16828,16828,1,1
2021-09-29 15:16:33.363,16828,16829,16828,1,-1
2021-09-29 15:16:34.607,16828,16829,16829,1,1
2021-09-29 15:16:34.608,16828,16829,16829,1,1
2021-09-29 15:16:35.702,16828,16830,16828,1,-1
2021-09-29 15:16:36.373,16829,16830,16829,1,1
2021-09-29 15:16:36.373,16829,16830,16829,1,-1
2021-09-29 15:16:37.270,16828,16829,16829,2,2
2021-09-29 15:16:38.297,16828,16829,16829,2,2
2021-09-29 15:16:38.565,16828,16830,16828,3,-3
2021-09-29 15:16:39.936,16828,16829,16829,2,2
2021-09-29 15:16:40.098,16828,16829,16829,1,1
2021-09-29 15:16:40.098,16828,16829,16830,1,1
2021-09-29 15:16:41.011,16828,16830,16828,1,-1
2021-09-29 15:16:41.808,16829,16830,16829,1,1
2021-09-29 15:16:41.808,16829,16830,16829,1,-1
2021-09-29 15:16:42.878,16828,16829,16829,1,1
2021-09-29 15:16:46.046,16829,16830,16830,1,1
2021-09-29 15:16:47.088,16829,16830,16830,2,2
2021-09-29 15:16:48.123,16829,16830,16829,1,-1
2021-09-29 15:16:53.595,16829,16830,16830,2,2
2021-09-29 15:16:54.139,16829,16830,16830,1,1
2021-09-29 15:16:55.277,16829,16830,16830,1,1
2021-09-29 15:17:01.238,16830,16831,16830,1,-1
2021-09-29 15:17:01.238,16830,16831,16830,1,-1
2021-09-29 15:17:01.238,16830,16831,16830,1,-1
2021-09-29 15:17:01.239,16830,16831,16830,1,-1
2021-09-29 15:17:01.239,16830,16831,16830,1,-1
2021-09-29 15:17:03.910,16829,16830,16830,1,1
2021-09-29 15:17:03.911,16829,16830,16830,1,1
2021-09-29 15:17:04.177,16829,16830,16830,1,1
2021-09-29 15:17:04.177,16829,16830,16830,1,1
2021-09-29 15:17:04.178,16829,16830,16830,2,2
2021-09-29 15:17:04.191,16829,16830,16831,3,3
2021-09-29 15:17:04.279,16830,16831,16831,1,1
2021-09-29 15:17:05.569,16831,16832,16831,3,-3
2021-09-29 15:17:05.569,16831,16832,16832,6,6
2021-09-29 15:17:08.215,16832,16833,16832,1,-1
2021-09-29 15:17:09.976,16832,16833,16833,2,2
2021-09-29 15:17:10.477,16832,16833,16832,1,-1
2021-09-29 15:17:10.477,16832,16833,16832,1,-1
2021-09-29 15:17:11.273,16830,16832,16832,2,2
2021-09-29 15:17:13.126,16832,16833,16832,1,-1
2021-09-29 15:17:13.127,16832,16833,16832,1,-1
2021-09-29 15:17:13.237,16830,16833,16833,2,2
2021-09-29 15:17:16.250,16832,16833,16833,2,2
2021-09-29 15:17:16.364,16832,16833,16833,2,2
2021-09-29 15:17:17.376,16832,16833,16833,2,2
2021-09-29 15:17:18.312,16832,16833,16833,2,2
2021-09-29 15:17:19.216,16832,16833,16833,2,2
2021-09-29 15:17:19.550,16832,16833,16833,2,2
2021-09-29 15:17:20.908,16832,16833,16832,1,-1
2021-09-29 15:17:20.908,16832,16833,16832,1,-1
2021-09-29 15:17:24.595,16831,16832,16832,1,1
2021-09-29 15:17:25.291,16831,16832,16832,3,3
2021-09-29 15:17:25.680,16831,16832,16831,3,-3
2021-09-29 15:17:28.037,16831,16832,16832,1,1
2021-09-29 15:17:29.779,16832,16833,16832,1,-1
2021-09-29 15:17:38.339,16830,16832,16832,1,1
2021-09-29 15:17:38.935,16831,16832,16832,1,1
2021-09-29 15:17:43.112,16831,16832,16831,1,-1
2021-09-29 15:17:43.112,16831,16832,16831,1,-1
2021-09-29 15:17:44.606,16831,16832,16831,1,-1
2021-09-29 15:17:51.957,16830,16831,16831,1,1
2021-09-29 15:17:55.508,16830,16831,16831,1,1
2021-09-29 15:17:55.508,16830,16831,16831,1,1
2021-09-29 15:17:55.508,16830,16831,16831,1,1
2021-09-29 15:17:56.184,16831,16832,16832,1,1
2021-09-29 15:17:56.184,16831,16832,16832,1,1
2021-09-29 15:17:56.185,16831,16832,16832,1,1
2021-09-29 15:17:56.185,16831,16832,16832,7,7
2021-09-29 15:17:56.185,16831,16832,16832,2,2
2021-09-29 15:17:56.185,16831,16832,16832,4,4
2021-09-29 15:17:59.493,16832,16833,16833,1,1
2021-09-29 15:17:59.493,16832,16833,16833,1,1
2021-09-29 15:17:59.494,16832,16833,16833,1,1
2021-09-29 15:18:00.486,16833,16834,16834,1,1
2021-09-29 15:18:00.582,16833,16834,16833,1,-1
2021-09-29 15:18:00.594,16833,16834,16834,1,1
2021-09-29 15:18:00.594,16833,16834,16834,3,3
2021-09-29 15:18:00.859,16833,16835,16835,1,1
2021-09-29 15:18:00.903,16833,16835,16835,1,1
2021-09-29 15:18:00.952,16833,16835,16835,1,1
2021-09-29 15:18:00.959,16833,16835,16835,1,1
2021-09-29 15:18:00.975,16833,16835,16835,4,4
2021-09-29 15:18:00.975,16833,16835,16835,5,5
2021-09-29 15:18:00.976,16833,16835,16835,1,1
2021-09-29 15:18:00.976,16833,16835,16835,2,2
2021-09-29 15:18:00.983,16833,16835,16836,1,1
2021-09-29 15:18:00.988,16833,16835,16836,1,1
2021-09-29 15:18:01.016,16833,16835,16836,7,7
2021-09-29 15:18:01.016,16833,16835,16836,1,1
2021-09-29 15:18:01.017,16833,16835,16836,2,2
2021-09-29 15:18:01.050,16833,16835,16837,2,2
2021-09-29 15:18:01.179,16836,16837,16837,5,5
2021-09-29 15:18:01.179,16836,16837,16838,1,1
2021-09-29 15:18:01.445,16836,16838,16838,1,1
2021-09-29 15:18:01.663,16837,16838,16838,1,1
2021-09-29 15:18:01.682,16837,16838,16838,1,1
2021-09-29 15:18:01.744,16837,16838,16838,1,1
2021-09-29 15:18:01.758,16837,16838,16838,1,1
2021-09-29 15:18:01.871,16837,16838,16838,1,1
2021-09-29 15:18:01.909,16837,16838,16838,1,1
2021-09-29 15:18:01.918,16837,16838,16838,1,1
2021-09-29 15:18:03.475,16836,16838,16838,1,1
2021-09-29 15:18:04.659,16835,16837,16835,1,-1
2021-09-29 15:18:06.570,16835,16837,16837,2,2
2021-09-29 15:18:06.695,16837,16838,16838,4,4
2021-09-29 15:18:06.820,16837,16838,16838,1,1
2021-09-29 15:18:07.182,16837,16838,16837,1,-1
2021-09-29 15:18:09.606,16837,16838,16837,1,-1
2021-09-29 15:18:10.050,16837,16838,16838,1,1
2021-09-29 15:18:10.572,16837,16838,16838,1,1
2021-09-29 15:18:11.188,16838,16839,16838,1,-1
2021-09-29 15:18:12.545,16837,16838,16838,1,1
2021-09-29 15:18:13.144,16837,16838,16837,4,-4
2021-09-29 15:18:14.296,16836,16838,16836,1,-1
2021-09-29 15:18:16.279,16836,16837,16837,2,2
2021-09-29 15:18:17.857,16837,16838,16837,1,-1
2021-09-29 15:18:17.947,16837,16838,16838,1,1
2021-09-29 15:18:17.948,16837,16838,16839,1,1
2021-09-29 15:18:17.948,16837,16838,16839,1,1
2021-09-29 15:18:17.948,16837,16838,16839,1,1
2021-09-29 15:18:17.950,16837,16838,16839,1,1
2021-09-29 15:18:18.117,16838,16839,16839,2,2
2021-09-29 15:18:18.434,16838,16839,16839,1,1
2021-09-29 15:18:18.434,16838,16839,16840,1,1
2021-09-29 15:18:20.265,16839,16840,16839,2,-2
2021-09-29 15:18:20.490,16838,16840,16840,1,1
2021-09-29 15:18:20.887,16839,16840,16840,1,1
2021-09-29 15:18:20.887,16839,16840,16840,7,7
2021-09-29 15:18:20.887,16839,16840,16840,1,1
2021-09-29 15:18:20.887,16839,16840,16840,7,7
2021-09-29 15:18:20.887,16839,16840,16840,1,1
2021-09-29 15:18:20.892,16839,16840,16840,1,1
2021-09-29 15:18:20.894,16839,16840,16840,1,1
2021-09-29 15:18:20.895,16839,16840,16840,1,1
2021-09-29 15:18:20.897,16839,16840,16840,1,1
2021-09-29 15:18:20.900,16839,16840,16840,2,2
2021-09-29 15:18:20.900,16839,16840,16840,1,1
2021-09-29 15:18:20.900,16839,16840,16840,2,2
2021-09-29 15:18:22.100,16840,16841,16841,1,1
2021-09-29 15:18:22.237,16840,16841,16841,2,2
2021-09-29 15:18:22.516,16840,16841,16841,1,1
2021-09-29 15:18:23.068,16840,16841,16841,1,1
2021-09-29 15:18:23.245,16840,16841,16840,1,-1
2021-09-29 15:18:23.360,16840,16841,16841,1,1
2021-09-29 15:18:23.683,16840,16841,16841,1,1
2021-09-29 15:18:23.997,16840,16841,16840,1,-1
2021-09-29 15:18:24.183,16840,16841,16840,1,-1
2021-09-29 15:18:24.820,16840,16841,16841,1,1
2021-09-29 15:18:26.366,16840,16841,16841,1,1
2021-09-29 15:18:27.843,16841,16842,16842,4,4
2021-09-29 15:18:27.947,16841,16843,16843,1,1
2021-09-29 15:18:27.947,16841,16843,16843,1,1
2021-09-29 15:18:27.947,16841,16843,16843,1,1
2021-09-29 15:18:27.947,16841,16843,16843,1,1
2021-09-29 15:18:27.947,16841,16843,16843,1,1
2021-09-29 15:18:27.949,16841,16843,16843,1,1
2021-09-29 15:18:28.024,16841,16843,16841,1,-1
2021-09-29 15:18:28.027,16841,16843,16841,1,-1
2021-09-29 15:18:28.037,16841,16843,16841,1,-1
2021-09-29 15:18:28.041,16841,16843,16843,1,1
2021-09-29 15:18:28.392,16841,16843,16843,2,2
2021-09-29 15:18:28.403,16841,16843,16843,2,2
2021-09-29 15:18:28.551,16841,16843,16843,1,1
2021-09-29 15:18:28.601,16841,16843,16843,2,2
2021-09-29 15:18:29.152,16841,16843,16841,5,-5
2021-09-29 15:18:30.946,16842,16843,16843,1,1
2021-09-29 15:18:31.570,16842,16843,16843,2,2
2021-09-29 15:18:34.775,16843,16844,16843,5,-5
2021-09-29 15:18:34.859,16842,16844,16842,1,-1
2021-09-29 15:18:34.927,16842,16844,16844,1,1
2021-09-29 15:18:35.869,16842,16843,16842,1,-1
2021-09-29 15:18:36.251,16842,16843,16843,1,1
2021-09-29 15:18:36.251,16842,16843,16844,2,2
2021-09-29 15:18:38.998,16843,16844,16844,2,2
2021-09-29 15:18:39.073,16843,16844,16844,1,1
2021-09-29 15:18:39.073,16843,16844,16844,1,1
2021-09-29 15:18:40.514,16843,16844,16844,1,1
2021-09-29 15:18:41.795,16843,16844,16843,5,-5
2021-09-29 15:18:42.312,16842,16843,16843,1,1
2021-09-29 15:18:43.373,16842,16843,16842,6,-6
2021-09-29 15:18:43.374,16842,16843,16841,11,-11
2021-09-29 15:18:43.584,16840,16842,16840,1,-1
2021-09-29 15:18:43.585,16840,16842,16840,24,-24
2021-09-29 15:18:45.595,16838,16840,16840,1,1
2021-09-29 15:18:46.556,16838,16839,16839,1,1
2021-09-29 15:18:47.990,16838,16840,16840,3,3
2021-09-29 15:18:47.990,16838,16840,16841,2,2
2021-09-29 15:18:48.119,16839,16840,16840,1,1
2021-09-29 15:18:48.632,16839,16840,16839,3,-3
2021-09-29 15:18:49.106,16839,16840,16840,1,1
2021-09-29 15:18:50.593,16840,16842,16842,1,1
2021-09-29 15:18:51.041,16840,16842,16842,1,1
2021-09-29 15:18:52.944,16840,16842,16840,1,-1
2021-09-29 15:19:00.477,16840,16841,16840,1,-1
2021-09-29 15:19:00.519,16840,16841,16841,1,1
2021-09-29 15:19:02.916,16841,16842,16841,2,-2
2021-09-29 15:19:02.947,16841,16842,16842,1,1
2021-09-29 15:19:02.947,16841,16842,16842,1,1
2021-09-29 15:19:02.972,16841,16842,16841,1,-1
2021-09-29 15:19:05.336,16841,16842,16842,2,2
2021-09-29 15:19:05.337,16841,16842,16842,1,1
2021-09-29 15:19:16.615,16842,16843,16843,1,1
2021-09-29 15:19:16.871,16842,16843,16843,4,4
2021-09-29 15:19:16.871,16842,16843,16844,1,1
2021-09-29 15:19:16.887,16842,16843,16844,2,2
2021-09-29 15:19:18.066,16843,16844,16843,1,-1
2021-09-29 15:19:18.072,16843,16844,16844,1,1
2021-09-29 15:19:18.073,16843,16844,16844,1,1
2021-09-29 15:19:18.073,16843,16844,16845,1,1
2021-09-29 15:19:18.377,16843,16845,16845,5,5
2021-09-29 15:19:18.412,16843,16845,16845,2,2
2021-09-29 15:19:18.776,16843,16845,16843,1,-1
2021-09-29 15:19:18.848,16842,16845,16845,1,1
2021-09-29 15:19:19.195,16844,16845,16844,1,-1
2021-09-29 15:19:22.683,16843,16844,16843,10,-10
2021-09-29 15:19:26.286,16842,16843,16843,1,1
2021-09-29 15:19:26.286,16842,16843,16844,3,3
2021-09-29 15:19:30.453,16843,16844,16843,1,-1
2021-09-29 15:19:30.454,16843,16844,16843,1,-1
2021-09-29 15:19:30.700,16842,16844,16844,1,1
2021-09-29 15:19:30.989,16842,16843,16843,2,2
2021-09-29 15:19:31.367,16843,16844,16843,1,-1
2021-09-29 15:19:31.798,16843,16844,16843,2,-2
2021-09-29 15:19:31.799,16843,16844,16842,12,-12
2021-09-29 15:19:32.716,16841,16842,16841,2,-2
2021-09-29 15:19:33.052,16841,16842,16842,1,1
2021-09-29 15:19:33.297,16841,16842,16842,1,1
2021-09-29 15:19:40.489,16842,16843,16843,2,2
2021-09-29 15:19:41.002,16842,16843,16843,1,1
2021-09-29 15:19:41.073,16842,16843,16843,1,1
2021-09-29 15:19:41.839,16842,16843,16842,1,-1
2021-09-29 15:19:45.356,16842,16843,16842,1,-1
2021-09-29 15:19:45.547,16842,16843,16842,2,-2
2021-09-29 15:19:47.336,16842,16843,16843,5,5
2021-09-29 15:19:49.416,16842,16843,16843,5,5
2021-09-29 15:19:49.447,16842,16843,16843,1,1
2021-09-29 15:19:50.516,16842,16843,16842,1,-1
2021-09-29 15:19:53.242,16842,16843,16843,2,2
2021-09-29 15:19:54.210,16842,16843,16843,5,5
2021-09-29 15:19:54.210,16842,16843,16843,2,2
2021-09-29 15:19:54.211,16842,16843,16843,1,1
2021-09-29 15:19:54.211,16842,16843,16843,1,1
2021-09-29 15:19:54.864,16843,16844,16844,7,7
2021-09-29 15:19:54.865,16843,16844,16844,1,1
2021-09-29 15:19:54.865,16843,16844,16844,4,4
2021-09-29 15:19:54.865,16843,16844,16844,1,1
2021-09-29 15:19:54.865,16843,16844,16844,1,1
2021-09-29 15:19:59.105,16844,16845,16844,2,-2
2021-09-29 15:19:59.263,16844,16845,16844,1,-1
2021-09-29 15:20:01.995,16844,16845,16845,1,1
2021-09-29 15:20:02.349,16844,16845,16845,1,1
2021-09-29 15:20:02.358,16844,16845,16845,1,1
2021-09-29 15:20:02.361,16844,16845,16845,1,1
2021-09-29 15:20:02.362,16844,16845,16845,3,3
2021-09-29 15:20:02.362,16844,16845,16845,1,1
2021-09-29 15:20:02.362,16844,16845,16845,6,6
2021-09-29 15:20:02.449,16845,16846,16846,1,1
2021-09-29 15:20:02.558,16845,16846,16846,1,1
2021-09-29 15:20:02.649,16845,16846,16846,1,1
2021-09-29 15:20:02.780,16845,16846,16846,3,3
2021-09-29 15:20:02.800,16845,16846,16847,3,3
2021-09-29 15:20:02.933,16845,16847,16847,1,1
2021-09-29 15:20:03.081,16845,16847,16847,1,1
2021-09-29 15:20:03.774,16845,16847,16847,1,1
2021-09-29 15:20:04.403,16845,16847,16847,1,1
2021-09-29 15:20:04.917,16846,16848,16848,1,1
2021-09-29 15:20:06.337,16846,16848,16848,1,1
2021-09-29 15:20:07.124,16846,16848,16848,2,2
2021-09-29 15:20:07.198,16846,16848,16848,1,1
2021-09-29 15:20:09.294,16846,16847,16847,1,1
2021-09-29 15:20:09.442,16847,16848,16848,2,2
2021-09-29 15:20:10.105,16847,16848,16848,2,2
2021-09-29 15:20:10.457,16847,16848,16848,4,4
2021-09-29 15:20:10.511,16847,16848,16848,2,2
2021-09-29 15:20:11.063,16847,16848,16847,1,-1
2021-09-29 15:20:12.289,16846,16848,16848,1,1
2021-09-29 15:20:14.102,16847,16848,16847,1,-1
2021-09-29 15:20:14.839,16847,16848,16848,1,1
2021-09-29 15:20:15.039,16847,16848,16848,1,1
2021-09-29 15:20:15.053,16847,16848,16848,1,1
2021-09-29 15:20:16.075,16847,16848,16847,1,-1
2021-09-29 15:20:16.502,16847,16848,16848,1,1
2021-09-29 15:20:17.366,16847,16848,16848,1,1
2021-09-29 15:20:17.447,16847,16848,16848,1,1
2021-09-29 15:20:17.447,16847,16848,16848,1,1
2021-09-29 15:20:17.447,16847,16848,16848,1,1
2021-09-29 15:20:18.422,16847,16849,16847,4,-4
2021-09-29 15:20:19.625,16847,16848,16847,8,-8
2021-09-29 15:20:20.506,16846,16848,16847,1,-1
2021-09-29 15:20:21.592,16846,16848,16847,4,-4
2021-09-29 15:20:22.100,16846,16848,16848,5,5
2021-09-29 15:20:23.529,16846,16848,16846,2,-2
2021-09-29 15:20:23.595,16846,16848,16847,1,1
2021-09-29 15:20:24.888,16846,16847,16847,1,1
2021-09-29 15:20:27.793,16847,16848,16847,4,-4
2021-09-29 15:20:27.795,16847,16848,16847,7,-7
2021-09-29 15:20:28.205,16846,16848,16847,1,-1
2021-09-29 15:20:30.188,16846,16847,16846,1,-1
2021-09-29 15:20:31.809,16846,16847,16847,2,2
2021-09-29 15:20:34.378,16846,16847,16847,1,1
2021-09-29 15:20:35.011,16846,16847,16847,1,1
2021-09-29 15:20:35.011,16846,16847,16847,1,1
2021-09-29 15:20:35.011,16846,16847,16847,3,3
2021-09-29 15:20:35.011,16846,16847,16847,1,1
2021-09-29 15:20:35.011,16846,16847,16847,1,1
2021-09-29 15:20:38.353,16847,16848,16848,1,1
2021-09-29 15:20:39.655,16847,16848,16848,1,1
2021-09-29 15:20:40.524,16847,16848,16848,2,2
2021-09-29 15:20:41.108,16847,16848,16848,1,1
2021-09-29 15:20:42.690,16848,16849,16848,3,-3
2021-09-29 15:20:43.882,16847,16848,16848,1,1
2021-09-29 15:20:44.746,16847,16848,16847,4,-4
2021-09-29 15:20:45.195,16846,16847,16847,1,1
2021-09-29 15:20:45.744,16846,16847,16847,1,1
2021-09-29 15:20:45.839,16846,16847,16847,1,1
2021-09-29 15:20:45.839,16846,16847,16847,1,1
2021-09-29 15:20:45.840,16846,16847,16847,2,2
2021-09-29 15:20:46.400,16847,16848,16848,1,1
2021-09-29 15:20:47.619,16847,16848,16848,1,1
2021-09-29 15:20:49.029,16847,16848,16848,1,1
2021-09-29 15:20:49.932,16847,16848,16848,2,2
2021-09-29 15:20:50.470,16847,16848,16848,3,3
2021-09-29 15:20:50.542,16847,16848,16849,1,1
2021-09-29 15:20:50.836,16847,16849,16849,1,1
2021-09-29 15:20:50.887,16847,16849,16849,2,2
2021-09-29 15:20:50.911,16847,16849,16849,1,1
2021-09-29 15:20:51.041,16847,16849,16849,1,1
2021-09-29 15:20:51.587,16848,16849,16849,1,1
2021-09-29 15:20:57.031,16848,16849,16849,1,1
2021-09-29 15:20:57.237,16848,16849,16849,1,1
2021-09-29 15:20:58.239,16848,16849,16849,6,6
2021-09-29 15:21:00.489,16849,16850,16850,1,1
2021-09-29 15:21:00.490,16849,16850,16850,1,1
2021-09-29 15:21:00.574,16849,16850,16850,1,1
2021-09-29 15:21:00.574,16849,16850,16850,1,1
2021-09-29 15:21:00.574,16849,16850,16850,1,1
2021-09-29 15:21:00.574,16849,16850,16850,1,1
2021-09-29 15:21:00.574,16849,16850,16850,2,2
2021-09-29 15:21:00.574,16849,16850,16850,4,4
2021-09-29 15:21:00.574,16849,16850,16850,10,10
2021-09-29 15:21:00.575,16849,16850,16850,5,5
2021-09-29 15:21:00.575,16849,16850,16850,1,1
2021-09-29 15:21:00.575,16849,16850,16850,1,1
2021-09-29 15:21:00.575,16849,16850,16850,1,1
2021-09-29 15:21:00.576,16849,16850,16850,7,7
2021-09-29 15:21:00.576,16849,16850,16850,1,1
2021-09-29 15:21:00.576,16849,16850,16850,1,1
2021-09-29 15:21:00.576,16849,16850,16850,2,2
2021-09-29 15:21:00.577,16849,16850,16851,1,1
2021-09-29 15:21:00.577,16849,16850,16851,4,4
2021-09-29 15:21:00.577,16849,16850,16852,15,15
2021-09-29 15:21:00.577,16849,16850,16853,6,6
2021-09-29 15:21:00.634,16849,16850,16853,1,1
2021-09-29 15:21:00.647,16849,16850,16853,1,1
2021-09-29 15:21:00.652,16849,16850,16853,1,1
2021-09-29 15:21:00.653,16849,16850,16853,1,1
2021-09-29 15:21:00.706,16851,16853,16853,1,1
2021-09-29 15:21:00.752,16851,16853,16853,3,3
2021-09-29 15:21:00.793,16851,16853,16853,1,1
2021-09-29 15:21:00.795,16851,16853,16854,9,9
2021-09-29 15:21:00.909,16853,16855,16855,4,4
2021-09-29 15:21:00.910,16853,16855,16855,1,1
2021-09-29 15:21:00.924,16853,16855,16855,4,4
2021-09-29 15:21:00.967,16853,16855,16855,2,2
2021-09-29 15:21:00.967,16853,16855,16855,1,1
2021-09-29 15:21:00.995,16853,16855,16856,1,1
2021-09-29 15:21:00.995,16853,16855,16856,1,1
2021-09-29 15:21:00.997,16853,16855,16856,1,1
2021-09-29 15:21:01.001,16853,16855,16857,3,3
2021-09-29 15:21:01.005,16853,16855,16857,1,1
2021-09-29 15:21:01.006,16853,16855,16855,3,3
2021-09-29 15:21:01.018,16853,16855,16857,2,2
2021-09-29 15:21:01.018,16853,16855,16857,1,1
2021-09-29 15:21:01.020,16853,16855,16857,1,1
2021-09-29 15:21:01.020,16853,16855,16858,1,1
2021-09-29 15:21:01.023,16853,16855,16857,1,1
2021-09-29 15:21:01.027,16853,16855,16857,1,1
2021-09-29 15:21:01.033,16853,16855,16857,3,3
2021-09-29 15:21:01.036,16853,16855,16857,1,1
2021-09-29 15:21:01.039,16853,16855,16858,1,1
2021-09-29 15:21:01.040,16853,16855,16858,2,2
2021-09-29 15:21:01.044,16853,16855,16858,1,1
2021-09-29 15:21:01.044,16853,16855,16858,2,2
2021-09-29 15:21:01.044,16853,16855,16858,7,7
2021-09-29 15:21:01.044,16853,16855,16858,1,1
2021-09-29 15:21:01.045,16853,16855,16858,1,1
2021-09-29 15:21:01.045,16853,16855,16858,1,1
2021-09-29 15:21:01.046,16853,16855,16859,1,1
2021-09-29 15:21:01.047,16853,16855,16858,1,1
2021-09-29 15:21:01.061,16853,16855,16858,1,1
2021-09-29 15:21:01.065,16853,16855,16858,2,2
2021-09-29 15:21:01.066,16853,16855,16858,1,1
2021-09-29 15:21:01.066,16853,16855,16859,1,1
2021-09-29 15:21:01.072,16857,16859,16859,1,1
2021-09-29 15:21:01.072,16857,16859,16859,1,1
2021-09-29 15:21:01.073,16857,16859,16859,1,1
2021-09-29 15:21:01.073,16857,16859,16859,1,1
2021-09-29 15:21:01.073,16857,16859,16859,1,1
2021-09-29 15:21:01.073,16857,16859,16859,7,7
2021-09-29 15:21:01.073,16857,16859,16859,1,1
2021-09-29 15:21:01.073,16857,16859,16859,1,1
2021-09-29 15:21:01.073,16857,16859,16859,1,1
2021-09-29 15:21:01.073,16857,16859,16860,1,1
2021-09-29 15:21:01.073,16857,16859,16859,1,1
2021-09-29 15:21:01.074,16857,16859,16860,1,1
2021-09-29 15:21:01.074,16857,16859,16860,1,1
2021-09-29 15:21:01.074,16857,16859,16859,1,1
2021-09-29 15:21:01.074,16857,16859,16860,1,1
2021-09-29 15:21:01.074,16857,16859,16860,1,1
2021-09-29 15:21:01.074,16857,16859,16860,1,1
2021-09-29 15:21:01.074,16857,16859,16860,2,2
2021-09-29 15:21:01.074,16857,16859,16860,1,1
2021-09-29 15:21:01.074,16857,16859,16859,1,1
2021-09-29 15:21:01.075,16857,16859,16859,1,1
2021-09-29 15:21:01.075,16857,16859,16859,1,1
2021-09-29 15:21:01.075,16857,16859,16860,1,1
2021-09-29 15:21:01.075,16857,16859,16859,1,1
2021-09-29 15:21:01.075,16857,16859,16859,1,1
2021-09-29 15:21:01.091,16857,16859,16860,1,1
2021-09-29 15:21:01.093,16857,16859,16860,1,1
2021-09-29 15:21:01.101,16857,16859,16860,1,1
2021-09-29 15:21:01.111,16857,16859,16860,1,1
2021-09-29 15:21:01.112,16857,16859,16860,6,6
2021-09-29 15:21:01.112,16857,16859,16860,1,1
2021-09-29 15:21:01.114,16857,16859,16859,1,1
2021-09-29 15:21:01.114,16857,16859,16860,1,1
2021-09-29 15:21:01.124,16857,16859,16859,1,1
2021-09-29 15:21:01.164,16857,16859,16859,1,1
2021-09-29 15:21:01.176,16857,16859,16859,1,1
2021-09-29 15:21:01.202,16857,16859,16859,1,1
2021-09-29 15:21:01.242,16857,16859,16860,1,1
2021-09-29 15:21:01.251,16857,16859,16860,1,1
2021-09-29 15:21:01.257,16857,16859,16860,1,1
2021-09-29 15:21:01.257,16857,16859,16860,1,1
2021-09-29 15:21:01.278,16857,16859,16860,1,1
2021-09-29 15:21:01.280,16857,16859,16860,3,3
2021-09-29 15:21:01.306,16857,16859,16860,1,1
2021-09-29 15:21:01.309,16857,16859,16860,1,1
2021-09-29 15:21:01.357,16857,16860,16860,1,1
2021-09-29 15:21:01.360,16857,16860,16860,2,2
2021-09-29 15:21:01.366,16857,16860,16860,1,1
2021-09-29 15:21:01.371,16857,16860,16860,1,1
2021-09-29 15:21:01.402,16857,16860,16860,1,1
2021-09-29 15:21:01.404,16857,16860,16860,1,1
2021-09-29 15:21:01.432,16857,16860,16860,1,1
2021-09-29 15:21:01.442,16857,16860,16860,1,1
2021-09-29 15:21:01.450,16858,16860,16860,1,1
2021-09-29 15:21:01.481,16858,16860,16859,1,-1
2021-09-29 15:21:01.516,16858,16860,16859,1,-1
2021-09-29 15:21:01.516,16858,16860,16859,1,-1
2021-09-29 15:21:01.517,16858,16860,16859,1,-1
2021-09-29 15:21:01.519,16858,16860,16860,1,1
2021-09-29 15:21:01.519,16858,16860,16860,1,1
2021-09-29 15:21:01.552,16858,16860,16860,1,1
2021-09-29 15:21:01.558,16858,16860,16860,1,1
2021-09-29 15:21:01.566,16858,16860,16861,1,1
2021-09-29 15:21:01.567,16858,16860,16861,1,1
2021-09-29 15:21:01.569,16858,16860,16861,1,1
2021-09-29 15:21:01.571,16859,16861,16859,1,-1
2021-09-29 15:21:01.577,16859,16861,16860,1,1
2021-09-29 15:21:01.581,16859,16861,16860,1,-1
2021-09-29 15:21:01.584,16859,16861,16860,1,-1
2021-09-29 15:21:01.589,16859,16861,16861,2,2
2021-09-29 15:21:01.619,16859,16861,16861,1,1
2021-09-29 15:21:01.644,16859,16861,16859,1,-1
2021-09-29 15:21:01.648,16859,16861,16859,1,-1
2021-09-29 15:21:01.657,16859,16861,16859,1,-1
2021-09-29 15:21:01.672,16859,16861,16860,1,1
2021-09-29 15:21:01.678,16859,16861,16860,1,-1
2021-09-29 15:21:01.689,16859,16861,16858,1,-1
2021-09-29 15:21:01.717,16858,16860,16858,1,-1
2021-09-29 15:21:01.751,16858,16860,16859,1,1
2021-09-29 15:21:01.752,16858,16860,16859,1,-1
2021-09-29 15:21:01.835,16857,16859,16859,1,1
2021-09-29 15:21:01.958,16857,16859,16858,1,-1
2021-09-29 15:21:01.994,16857,16859,16858,2,-2
2021-09-29 15:21:01.994,16857,16859,16859,2,2
2021-09-29 15:21:02.024,16857,16859,16858,1,-1
2021-09-29 15:21:02.025,16857,16859,16858,1,-1
2021-09-29 15:21:02.084,16856,16858,16858,1,1
2021-09-29 15:21:02.085,16856,16858,16858,1,1
2021-09-29 15:21:02.757,16856,16858,16858,1,1
2021-09-29 15:21:03.127,16856,16858,16858,3,3
2021-09-29 15:21:03.127,16856,16858,16859,1,1
2021-09-29 15:21:03.207,16857,16858,16858,1,1
2021-09-29 15:21:03.209,16857,16858,16859,1,1
2021-09-29 15:21:03.213,16857,16858,16859,1,1
2021-09-29 15:21:03.225,16857,16858,16859,1,1
2021-09-29 15:21:03.255,16857,16858,16859,1,1
2021-09-29 15:21:03.263,16857,16858,16859,1,1
2021-09-29 15:21:03.279,16857,16858,16859,1,1
2021-09-29 15:21:03.284,16857,16858,16859,1,1
2021-09-29 15:21:03.288,16857,16858,16860,1,1
2021-09-29 15:21:03.914,16856,16858,16858,1,1
2021-09-29 15:21:04.037,16856,16858,16858,1,1
2021-09-29 15:21:05.012,16856,16858,16858,2,2
2021-09-29 15:21:05.042,16856,16858,16858,1,1
2021-09-29 15:21:05.042,16856,16858,16859,2,2
2021-09-29 15:21:05.314,16857,16859,16859,5,5
2021-09-29 15:21:05.315,16857,16859,16859,3,3
2021-09-29 15:21:05.807,16858,16859,16858,1,-1
2021-09-29 15:21:06.431,16856,16858,16856,4,-4
2021-09-29 15:21:06.736,16854,16856,16856,1,1
2021-09-29 15:21:07.580,16853,16855,16855,1,1
2021-09-29 15:21:07.697,16853,16855,16855,1,1
2021-09-29 15:21:07.697,16853,16855,16856,1,1
2021-09-29 15:21:07.697,16853,16855,16856,1,1
2021-09-29 15:21:07.697,16853,16855,16856,1,1
2021-09-29 15:21:07.698,16853,16855,16856,1,1
2021-09-29 15:21:08.139,16854,16856,16854,1,-1
2021-09-29 15:21:10.935,16853,16854,16853,1,-1
2021-09-29 15:21:12.112,16853,16854,16854,2,2
2021-09-29 15:21:12.112,16853,16854,16854,1,1
2021-09-29 15:21:12.112,16853,16854,16854,1,1
2021-09-29 15:21:12.276,16853,16855,16854,1,-1
2021-09-29 15:21:12.432,16853,16855,16855,2,2
2021-09-29 15:21:12.432,16853,16855,16855,1,1
2021-09-29 15:21:12.432,16853,16855,16855,1,1
2021-09-29 15:21:13.156,16853,16855,16855,1,1
2021-09-29 15:21:15.388,16853,16856,16856,1,1
2021-09-29 15:21:15.450,16854,16856,16856,1,1
2021-09-29 15:21:15.557,16854,16856,16856,1,1
2021-09-29 15:21:15.558,16854,16856,16856,1,1
2021-09-29 15:21:15.558,16854,16856,16856,1,1
2021-09-29 15:21:16.145,16854,16856,16853,1,-1
2021-09-29 15:21:16.933,16853,16855,16855,1,1
2021-09-29 15:21:16.935,16853,16855,16855,4,4
2021-09-29 15:21:17.721,16853,16855,16855,1,1
2021-09-29 15:21:17.822,16854,16856,16856,1,1
2021-09-29 15:21:17.822,16854,16856,16856,1,1
2021-09-29 15:21:17.822,16854,16856,16856,1,1
2021-09-29 15:21:17.822,16854,16856,16856,1,1
2021-09-29 15:21:17.822,16854,16856,16856,1,1
2021-09-29 15:21:17.823,16854,16856,16856,1,1
2021-09-29 15:21:17.823,16854,16856,16857,1,1
2021-09-29 15:21:17.823,16854,16856,16857,1,1
2021-09-29 15:21:17.823,16854,16856,16857,1,1
2021-09-29 15:21:17.823,16854,16856,16857,1,1
2021-09-29 15:21:17.823,16854,16856,16857,1,1
2021-09-29 15:21:17.824,16854,16856,16857,1,1
2021-09-29 15:21:17.824,16854,16856,16857,1,1
2021-09-29 15:21:18.959,16855,16857,16855,2,-2
2021-09-29 15:21:19.306,16855,16857,16857,1,1
2021-09-29 15:21:19.562,16856,16858,16857,1,-1
2021-09-29 15:21:19.777,16856,16858,16856,1,-1
2021-09-29 15:21:23.962,16855,16857,16857,1,1
2021-09-29 15:21:25.551,16855,16856,16855,1,-1
2021-09-29 15:21:26.127,16855,16856,16856,1,1
2021-09-29 15:21:28.793,16856,16857,16856,1,-1
2021-09-29 15:21:28.822,16856,16857,16857,1,1
2021-09-29 15:21:28.822,16856,16857,16858,1,1
2021-09-29 15:21:28.822,16856,16857,16858,1,1
2021-09-29 15:21:28.822,16856,16857,16858,1,1
2021-09-29 15:21:28.823,16856,16857,16858,1,1
2021-09-29 15:21:30.243,16856,16858,16856,1,-1
2021-09-29 15:21:30.285,16856,16858,16856,1,-1
2021-09-29 15:21:31.329,16857,16858,16857,4,4
2021-09-29 15:21:31.329,16857,16858,16856,1,-1
2021-09-29 15:21:34.440,16857,16858,16858,3,3
2021-09-29 15:21:37.538,16857,16858,16858,1,1
2021-09-29 15:21:37.609,16857,16858,16857,3,-3
2021-09-29 15:21:37.869,16857,16858,16858,1,1
2021-09-29 15:21:37.869,16857,16858,16858,1,1
2021-09-29 15:21:38.147,16858,16859,16858,1,-1
2021-09-29 15:21:38.197,16858,16859,16859,1,1
2021-09-29 15:21:38.197,16858,16859,16859,1,1
2021-09-29 15:21:38.970,16858,16859,16858,1,-1
2021-09-29 15:21:39.027,16858,16859,16858,1,-1
2021-09-29 15:21:39.034,16858,16859,16859,1,1
2021-09-29 15:21:39.131,16858,16859,16859,1,1
2021-09-29 15:21:39.132,16858,16859,16859,3,3
2021-09-29 15:21:39.132,16858,16859,16859,2,2
2021-09-29 15:21:41.023,16858,16859,16859,1,1
2021-09-29 15:21:41.213,16858,16859,16859,1,1
2021-09-29 15:21:41.749,16858,16860,16860,1,1
2021-09-29 15:21:42.390,16858,16860,16858,1,-1
2021-09-29 15:21:43.756,16858,16859,16858,2,-2
2021-09-29 15:21:44.886,16858,16859,16858,4,-4
2021-09-29 15:21:45.702,16857,16859,16857,2,-2
2021-09-29 15:21:46.596,16857,16859,16859,1,1
2021-09-29 15:21:47.464,16857,16859,16859,1,1
2021-09-29 15:21:48.795,16858,16859,16859,1,1
2021-09-29 15:21:48.833,16858,16859,16859,1,1
2021-09-29 15:21:50.147,16858,16859,16859,3,3
2021-09-29 15:21:50.148,16858,16859,16859,1,1
2021-09-29 15:21:51.109,16859,16860,16859,2,-2
2021-09-29 15:21:51.240,16858,16860,16858,1,-1
2021-09-29 15:21:51.240,16858,16860,16858,2,-2
2021-09-29 15:21:52.150,16857,16859,16857,5,-5
2021-09-29 15:21:52.300,16856,16857,16856,1,-1
2021-09-29 15:21:52.300,16856,16857,16856,6,-6
2021-09-29 15:21:53.661,16855,16857,16857,1,1
2021-09-29 15:21:53.804,16855,16857,16855,1,-1
2021-09-29 15:21:55.941,16855,16857,16857,1,1
2021-09-29 15:21:56.046,16855,16857,16855,1,-1
2021-09-29 15:21:56.616,16855,16857,16857,1,1
2021-09-29 15:21:57.834,16856,16857,16857,1,1
2021-09-29 15:21:58.958,16856,16857,16857,1,1
2021-09-29 15:22:00.840,16856,16857,16857,5,5
2021-09-29 15:22:00.840,16856,16857,16858,3,3
2021-09-29 15:22:02.017,16856,16857,16856,1,-1
2021-09-29 15:22:02.183,16856,16857,16857,1,1
2021-09-29 15:22:07.439,16856,16858,16857,1,-1
2021-09-29 15:22:07.830,16856,16858,16857,1,-1
2021-09-29 15:22:08.501,16856,16858,16856,1,-1
2021-09-29 15:22:10.546,16856,16858,16858,1,1
2021-09-29 15:22:11.862,16856,16858,16856,1,-1
2021-09-29 15:22:13.253,16856,16858,16856,1,-1
2021-09-29 15:22:14.947,16856,16857,16856,2,-2
2021-09-29 15:22:16.103,16855,16857,16855,2,-2
2021-09-29 15:22:16.300,16855,16857,16855,24,-24
2021-09-29 15:22:17.191,16854,16856,16854,1,-1
2021-09-29 15:22:17.191,16854,16856,16854,4,-4
2021-09-29 15:22:19.152,16853,16854,16854,1,1
2021-09-29 15:22:20.303,16853,16855,16855,1,1
2021-09-29 15:22:20.318,16853,16855,16853,1,-1
2021-09-29 15:22:21.035,16853,16856,16856,1,1
2021-09-29 15:22:21.399,16853,16855,16855,1,1
2021-09-29 15:22:22.827,16853,16856,16853,4,-4
2021-09-29 15:22:22.828,16853,16856,16853,3,-3
2021-09-29 15:22:25.690,16854,16856,16854,1,1
2021-09-29 15:22:26.229,16853,16855,16854,1,-1
2021-09-29 15:22:30.773,16854,16856,16856,1,1
2021-09-29 15:22:30.779,16854,16856,16856,1,1
2021-09-29 15:22:30.818,16854,16856,16855,1,-1
2021-09-29 15:22:31.982,16854,16856,16854,1,-1
2021-09-29 15:22:32.628,16854,16856,16854,2,-2
2021-09-29 15:22:35.113,16853,16854,16854,6,6
2021-09-29 15:22:36.964,16853,16854,16854,1,1
2021-09-29 15:22:40.394,16853,16854,16853,7,-7
2021-09-29 15:22:40.394,16853,16854,16853,1,-1
2021-09-29 15:22:40.394,16853,16854,16853,1,-1
2021-09-29 15:22:40.394,16853,16854,16853,1,-1
2021-09-29 15:22:41.155,16852,16853,16852,1,-1
2021-09-29 15:22:41.156,16852,16853,16852,1,-1
2021-09-29 15:22:45.201,16853,16854,16853,1,1
2021-09-29 15:22:46.524,16853,16854,16854,4,4
2021-09-29 15:22:47.903,16853,16855,16854,1,-1
2021-09-29 15:22:48.792,16854,16855,16854,1,-1
2021-09-29 15:22:49.261,16854,16855,16855,1,1
2021-09-29 15:22:49.487,16854,16855,16854,1,-1
2021-09-29 15:22:49.664,16853,16855,16855,6,6
2021-09-29 15:22:49.664,16853,16855,16856,4,4
2021-09-29 15:22:53.286,16854,16856,16854,5,-5
2021-09-29 15:22:53.848,16854,16856,16856,1,1
2021-09-29 15:22:54.138,16855,16856,16855,1,-1
2021-09-29 15:22:59.875,16854,16855,16854,1,-1
2021-09-29 15:23:03.040,16854,16855,16855,1,1
2021-09-29 15:23:03.764,16854,16855,16854,1,-1
2021-09-29 15:23:09.028,16854,16855,16854,1,-1
2021-09-29 15:23:11.420,16854,16855,16855,1,1
2021-09-29 15:23:12.190,16854,16855,16855,1,1
2021-09-29 15:23:12.842,16854,16855,16854,2,-2
2021-09-29 15:23:13.192,16854,16855,16854,1,-1
2021-09-29 15:23:26.418,16853,16854,16854,5,5
2021-09-29 15:23:27.272,16853,16854,16853,1,-1
2021-09-29 15:23:27.272,16853,16854,16853,2,-2
2021-09-29 15:23:27.272,16853,16854,16853,1,-1
2021-09-29 15:23:27.273,16853,16854,16853,9,-9
2021-09-29 15:23:27.322,16852,16853,16853,1,1
2021-09-29 15:23:27.322,16852,16853,16853,1,1
2021-09-29 15:23:27.323,16852,16853,16853,1,1
2021-09-29 15:23:35.243,16852,16853,16853,1,1
2021-09-29 15:23:36.675,16853,16854,16854,11,11
2021-09-29 15:23:36.675,16853,16854,16855,17,17
2021-09-29 15:23:36.677,16853,16854,16855,2,2
2021-09-29 15:23:36.677,16853,16854,16856,2,2
2021-09-29 15:23:36.678,16853,16854,16856,5,5
2021-09-29 15:23:37.147,16855,16857,16856,1,-1
2021-09-29 15:23:37.835,16856,16857,16856,1,-1
2021-09-29 15:23:39.958,16856,16857,16856,1,-1
2021-09-29 15:23:45.041,16855,16856,16856,1,1
2021-09-29 15:23:54.704,16856,16857,16856,1,-1
2021-09-29 15:23:54.704,16856,16857,16857,2,2
2021-09-29 15:23:58.564,16856,16857,16857,3,3
2021-09-29 15:23:58.564,16856,16857,16858,2,2
2021-09-29 15:23:58.761,16856,16858,16856,1,-1
2021-09-29 15:24:02.013,16857,16858,16857,1,1
2021-09-29 15:24:02.013,16857,16858,16856,13,-13
2021-09-29 15:24:02.013,16857,16858,16855,16,-16
2021-09-29 15:24:02.073,16855,16856,16856,2,2
2021-09-29 15:24:02.074,16855,16856,16857,1,1
2021-09-29 15:24:02.074,16855,16856,16857,1,1
2021-09-29 15:24:02.075,16855,16856,16857,1,1
2021-09-29 15:24:02.075,16855,16856,16857,1,1
2021-09-29 15:24:02.507,16855,16857,16857,1,1
2021-09-29 15:24:02.509,16855,16857,16857,1,1
2021-09-29 15:24:02.903,16855,16857,16857,1,1
2021-09-29 15:24:05.103,16855,16858,16858,1,1
2021-09-29 15:24:05.198,16855,16858,16858,1,1
2021-09-29 15:24:05.198,16855,16858,16858,1,1
2021-09-29 15:24:12.170,16856,16858,16858,1,1
2021-09-29 15:24:13.295,16856,16858,16858,1,1
2021-09-29 15:24:13.323,16856,16858,16858,1,1
2021-09-29 15:24:13.323,16856,16858,16858,1,1
2021-09-29 15:24:13.323,16856,16858,16858,1,1
2021-09-29 15:24:13.379,16856,16858,16858,1,1
2021-09-29 15:24:14.171,16857,16858,16857,1,-1
2021-09-29 15:24:15.852,16856,16858,16858,1,1
2021-09-29 15:24:17.028,16856,16858,16858,3,3
2021-09-29 15:24:20.362,16857,16858,16858,1,1
2021-09-29 15:24:20.446,16857,16858,16858,1,1
2021-09-29 15:24:20.448,16857,16858,16858,1,1
2021-09-29 15:24:20.448,16857,16858,16858,1,1
2021-09-29 15:24:23.737,16857,16858,16858,1,1
2021-09-29 15:24:24.560,16857,16858,16857,1,-1
2021-09-29 15:24:25.650,16857,16858,16858,10,10
2021-09-29 15:24:25.651,16857,16858,16858,3,3
2021-09-29 15:24:27.044,16857,16858,16858,1,1
2021-09-29 15:24:28.056,16857,16858,16858,1,1
2021-09-29 15:24:28.072,16857,16858,16858,1,1
2021-09-29 15:24:28.072,16857,16858,16858,1,1
2021-09-29 15:24:28.072,16857,16858,16859,1,1
2021-09-29 15:24:28.073,16857,16858,16859,1,1
2021-09-29 15:24:29.418,16857,16858,16858,1,1
2021-09-29 15:24:29.431,16857,16858,16857,1,-1
2021-09-29 15:24:30.328,16857,16858,16858,1,1
2021-09-29 15:24:30.682,16857,16858,16858,1,1
2021-09-29 15:24:31.621,16857,16858,16857,5,-5
2021-09-29 15:24:33.824,16856,16858,16858,1,1
2021-09-29 15:24:33.947,16856,16858,16857,5,-5
2021-09-29 15:24:34.585,16856,16858,16856,6,-6
2021-09-29 15:24:35.311,16855,16857,16855,30,-30
2021-09-29 15:24:35.311,16855,16857,16854,1,-1
2021-09-29 15:24:35.311,16855,16857,16854,1,-1
2021-09-29 15:24:39.482,16853,16854,16853,2,-2
2021-09-29 15:24:40.762,16852,16854,16854,1,1
2021-09-29 15:24:40.823,16852,16854,16854,1,1
2021-09-29 15:24:40.824,16852,16854,16855,1,1
2021-09-29 15:24:45.870,16853,16855,16855,1,1
2021-09-29 15:24:46.302,16853,16855,16855,3,3
2021-09-29 15:24:46.302,16853,16855,16855,2,2
2021-09-29 15:24:48.069,16854,16855,16855,1,1
2021-09-29 15:24:48.444,16854,16855,16855,1,1
2021-09-29 15:24:50.240,16854,16856,16856,1,1
2021-09-29 15:24:52.111,16854,16855,16855,1,1
2021-09-29 15:24:53.285,16854,16856,16855,1,-1
2021-09-29 15:24:57.286,16854,16855,16855,1,1
2021-09-29 15:25:03.576,16855,16856,16855,1,-1
2021-09-29 15:25:05.639,16855,16856,16855,1,-1
2021-09-29 15:25:06.838,16855,16856,16856,2,2
2021-09-29 15:25:07.301,16855,16856,16855,1,-1
2021-09-29 15:25:08.031,16855,16856,16856,1,1
2021-09-29 15:25:11.943,16855,16856,16855,2,-2
2021-09-29 15:25:12.939,16853,16855,16855,1,1
2021-09-29 15:25:18.103,16853,16855,16855,1,1
2021-09-29 15:25:19.094,16853,16855,16853,1,-1
2021-09-29 15:25:19.197,16853,16855,16855,1,1
2021-09-29 15:25:25.296,16854,16855,16855,2,2
2021-09-29 15:25:26.945,16853,16855,16855,4,4
2021-09-29 15:25:29.081,16853,16855,16853,2,-2
2021-09-29 15:25:29.197,16853,16855,16855,1,1
2021-09-29 15:25:33.454,16854,16855,16855,1,1
2021-09-29 15:25:33.644,16854,16856,16854,2,-2
2021-09-29 15:25:35.568,16854,16856,16855,1,1
2021-09-29 15:25:37.053,16854,16855,16855,1,1
2021-09-29 15:25:37.055,16854,16855,16855,1,1
2021-09-29 15:25:38.454,16855,16856,16856,10,10
2021-09-29 15:25:38.454,16855,16856,16856,3,3
2021-09-29 15:25:38.454,16855,16856,16856,1,1
2021-09-29 15:25:38.454,16855,16856,16856,1,1
2021-09-29 15:25:38.454,16855,16856,16856,6,6
2021-09-29 15:25:38.455,16855,16856,16857,3,3
2021-09-29 15:25:38.455,16855,16856,16858,1,1
2021-09-29 15:25:38.837,16856,16858,16856,1,-1
2021-09-29 15:25:47.569,16855,16857,16855,2,-2
2021-09-29 15:25:49.443,16855,16856,16855,1,-1
2021-09-29 15:25:50.037,16855,16856,16856,1,1
2021-09-29 15:25:50.546,16855,16857,16857,1,1
2021-09-29 15:25:52.753,16855,16856,16856,1,1
2021-09-29 15:25:54.140,16855,16857,16855,2,-2
2021-09-29 15:25:57.781,16855,16857,16855,1,-1
2021-09-29 15:25:57.781,16855,16857,16854,1,-1
2021-09-29 15:25:58.022,16854,16856,16856,1,1
2021-09-29 15:25:58.141,16854,16856,16856,1,1
2021-09-29 15:25:58.282,16854,16857,16857,1,1
2021-09-29 15:26:00.476,16855,16856,16855,1,-1
2021-09-29 15:26:06.614,16854,16855,16855,1,1
2021-09-29 15:26:06.614,16854,16855,16855,1,1
2021-09-29 15:26:09.601,16855,16856,16856,1,1
2021-09-29 15:26:11.589,16855,16857,16855,1,-1
2021-09-29 15:26:15.593,16855,16856,16856,2,2
2021-09-29 15:26:16.046,16855,16856,16855,2,-2
2021-09-29 15:26:26.172,16854,16855,16855,1,1
2021-09-29 15:26:26.197,16854,16855,16855,1,1
2021-09-29 15:26:29.400,16854,16855,16854,1,-1
2021-09-29 15:26:31.659,16854,16855,16854,1,-1
2021-09-29 15:26:31.891,16854,16855,16855,2,2
2021-09-29 15:26:32.045,16854,16855,16855,1,1
2021-09-29 15:26:36.358,16854,16855,16855,10,10
2021-09-29 15:26:38.680,16854,16855,16854,1,-1
2021-09-29 15:26:41.139,16854,16855,16855,10,10
2021-09-29 15:26:41.140,16854,16855,16855,4,4
2021-09-29 15:26:41.140,16854,16855,16855,1,1
2021-09-29 15:26:41.592,16855,16856,16856,2,2
2021-09-29 15:26:42.440,16855,16857,16855,1,-1
2021-09-29 15:26:49.942,16855,16856,16856,1,1
2021-09-29 15:26:49.942,16855,16856,16857,1,1
2021-09-29 15:26:49.943,16855,16856,16856,1,1
2021-09-29 15:26:50.542,16855,16856,16855,1,-1
2021-09-29 15:26:52.068,16855,16856,16856,1,1
2021-09-29 15:26:52.673,16856,16857,16857,2,2
2021-09-29 15:26:53.511,16856,16857,16856,1,-1
2021-09-29 15:26:55.196,16856,16857,16857,3,3
2021-09-29 15:26:56.150,16857,16858,16857,1,-1
2021-09-29 15:27:01.536,16856,16857,16856,1,-1
2021-09-29 15:27:01.650,16855,16857,16855,1,-1
2021-09-29 15:27:14.041,16855,16857,16857,1,1
2021-09-29 15:27:14.197,16855,16857,16857,1,1
2021-09-29 15:27:14.295,16855,16857,16857,1,1
2021-09-29 15:27:15.911,16856,16857,16856,1,-1
2021-09-29 15:27:22.448,16855,16856,16856,1,1
2021-09-29 15:27:32.012,16856,16857,16857,2,2
2021-09-29 15:27:32.012,16856,16857,16857,2,2
2021-09-29 15:27:32.072,16857,16858,16858,1,1
2021-09-29 15:27:32.072,16857,16858,16858,1,1
2021-09-29 15:27:32.277,16857,16858,16857,1,-1
2021-09-29 15:27:32.514,16857,16858,16857,1,-1
2021-09-29 15:27:33.237,16857,16858,16858,3,3
2021-09-29 15:27:33.237,16857,16858,16858,4,4
2021-09-29 15:27:33.237,16857,16858,16858,1,1
2021-09-29 15:27:33.237,16857,16858,16858,3,3
2021-09-29 15:27:33.237,16857,16858,16858,1,1
2021-09-29 15:27:33.237,16857,16858,16858,12,12
2021-09-29 15:27:35.273,16857,16859,16857,1,-1
2021-09-29 15:27:37.384,16858,16859,16858,1,1
2021-09-29 15:27:38.033,16858,16859,16858,1,-1
2021-09-29 15:27:39.809,16858,16859,16859,11,11
2021-09-29 15:27:39.809,16858,16859,16859,1,1
2021-09-29 15:27:39.810,16858,16859,16859,3,3
2021-09-29 15:27:39.810,16858,16859,16859,7,7
2021-09-29 15:27:39.810,16858,16859,16859,1,1
2021-09-29 15:27:39.810,16858,16859,16859,1,1
2021-09-29 15:27:39.810,16858,16859,16859,2,2
2021-09-29 15:27:39.816,16858,16859,16860,1,1
2021-09-29 15:27:39.816,16858,16859,16860,7,7
2021-09-29 15:27:39.816,16858,16859,16860,1,1
2021-09-29 15:27:39.817,16858,16859,16860,1,1
2021-09-29 15:27:39.817,16858,16859,16860,1,1
2021-09-29 15:27:39.817,16858,16859,16860,1,1
2021-09-29 15:27:39.817,16858,16859,16860,4,4
2021-09-29 15:27:41.058,16859,16860,16859,1,-1
2021-09-29 15:27:42.210,16859,16860,16860,8,8
2021-09-29 15:27:42.317,16859,16860,16860,1,1
2021-09-29 15:27:43.087,16860,16861,16861,1,1
2021-09-29 15:27:43.406,16859,16861,16861,2,2
2021-09-29 15:27:43.408,16859,16861,16861,2,2
2021-09-29 15:27:43.870,16859,16861,16861,2,2
2021-09-29 15:27:44.139,16859,16862,16861,1,-1
2021-09-29 15:27:46.447,16860,16861,16860,1,-1
2021-09-29 15:27:50.411,16859,16860,16860,1,1
2021-09-29 15:27:50.774,16859,16860,16860,3,3
2021-09-29 15:27:52.885,16859,16860,16860,5,5
2021-09-29 15:27:52.952,16859,16861,16861,1,1
2021-09-29 15:27:53.707,16859,16860,16859,4,-4
2021-09-29 15:27:55.981,16858,16860,16860,1,1
2021-09-29 15:27:56.032,16858,16860,16860,1,1
2021-09-29 15:27:59.311,16858,16860,16860,1,1
2021-09-29 15:27:59.311,16858,16860,16861,2,2
2021-09-29 15:28:01.583,16858,16860,16860,1,1
2021-09-29 15:28:01.704,16858,16860,16860,1,1
2021-09-29 15:28:01.980,16858,16860,16860,1,1
2021-09-29 15:28:02.126,16858,16860,16860,1,1
2021-09-29 15:28:02.197,16859,16861,16861,1,1
2021-09-29 15:28:04.845,16859,16860,16860,1,1
2021-09-29 15:28:05.245,16859,16860,16860,1,1
2021-09-29 15:28:08.572,16859,16860,16860,1,1
2021-09-29 15:28:11.143,16859,16860,16860,1,1
2021-09-29 15:28:12.260,16859,16860,16860,1,1
2021-09-29 15:28:13.349,16859,16860,16860,1,1
2021-09-29 15:28:13.786,16859,16860,16860,1,1
2021-09-29 15:28:14.595,16859,16860,16860,2,2
2021-09-29 15:28:15.385,16860,16861,16860,2,-2
2021-09-29 15:28:16.785,16860,16861,16861,1,1
2021-09-29 15:28:17.002,16860,16861,16861,1,1
2021-09-29 15:28:18.150,16860,16861,16860,1,-1
2021-09-29 15:28:18.363,16860,16861,16860,1,-1
2021-09-29 15:28:19.101,16859,16860,16859,1,-1
2021-09-29 15:28:19.643,16858,16860,16860,1,1
2021-09-29 15:28:24.046,16859,16861,16861,1,1
2021-09-29 15:28:27.071,16859,16861,16861,29,29
2021-09-29 15:28:27.522,16861,16862,16862,1,1
2021-09-29 15:28:27.782,16861,16862,16862,1,1
2021-09-29 15:28:28.066,16861,16862,16862,1,1
2021-09-29 15:28:28.216,16861,16862,16862,1,1
2021-09-29 15:28:28.217,16861,16862,16862,6,6
2021-09-29 15:28:28.261,16861,16862,16862,4,4
2021-09-29 15:28:28.628,16861,16863,16863,4,4
2021-09-29 15:28:28.702,16862,16863,16863,1,1
2021-09-29 15:28:28.702,16862,16863,16864,2,2
2021-09-29 15:28:28.979,16863,16864,16864,1,1
2021-09-29 15:28:29.172,16863,16864,16864,1,1
2021-09-29 15:28:29.224,16863,16864,16864,1,1
2021-09-29 15:28:29.666,16863,16865,16865,1,1
2021-09-29 15:28:29.718,16863,16865,16865,1,1
2021-09-29 15:28:29.870,16863,16865,16865,1,1
2021-09-29 15:28:30.928,16863,16865,16863,1,-1
2021-09-29 15:28:32.476,16863,16864,16863,1,-1
2021-09-29 15:28:32.530,16863,16864,16864,9,9
2021-09-29 15:28:32.530,16863,16864,16865,1,1
2021-09-29 15:28:32.863,16862,16864,16862,1,-1
2021-09-29 15:28:33.441,16863,16864,16863,1,1
2021-09-29 15:28:33.567,16862,16864,16862,1,-1
2021-09-29 15:28:33.713,16862,16864,16863,1,1
2021-09-29 15:28:35.716,16862,16864,16862,1,-1
2021-09-29 15:28:36.836,16862,16863,16862,4,-4
2021-09-29 15:28:37.342,16862,16863,16863,1,1
2021-09-29 15:28:37.369,16862,16863,16862,1,-1
2021-09-29 15:28:38.035,16862,16864,16864,1,1
2021-09-29 15:28:38.942,16862,16864,16864,1,1
2021-09-29 15:28:40.260,16863,16864,16864,1,1
2021-09-29 15:28:40.469,16863,16864,16864,1,1
2021-09-29 15:28:40.470,16863,16864,16865,4,4
2021-09-29 15:28:40.473,16863,16864,16864,7,7
2021-09-29 15:28:40.684,16863,16865,16865,1,1
2021-09-29 15:28:40.950,16864,16865,16865,1,1
2021-09-29 15:28:41.138,16864,16865,16865,1,1
2021-09-29 15:28:41.153,16864,16865,16864,1,-1
2021-09-29 15:28:41.482,16864,16865,16864,1,-1
2021-09-29 15:28:41.732,16863,16865,16865,1,1
2021-09-29 15:28:43.823,16863,16864,16863,4,-4
2021-09-29 15:28:46.683,16862,16864,16864,1,1
2021-09-29 15:28:47.302,16862,16864,16862,1,-1
2021-09-29 15:28:48.003,16862,16863,16862,6,-6
2021-09-29 15:28:48.004,16862,16863,16862,2,-2
2021-09-29 15:28:48.522,16861,16862,16861,3,-3
2021-09-29 15:28:48.804,16860,16862,16862,1,1
2021-09-29 15:28:50.701,16860,16862,16860,5,-5
2021-09-29 15:28:51.313,16860,16861,16860,1,-1
2021-09-29 15:28:52.620,16859,16860,16859,1,-1
2021-09-29 15:28:52.879,16858,16860,16860,1,1
2021-09-29 15:28:54.614,16858,16860,16860,1,1
2021-09-29 15:28:54.640,16858,16860,16860,1,1
2021-09-29 15:28:58.853,16859,16860,16859,1,-1
2021-09-29 15:28:59.510,16858,16860,16858,20,-20
2021-09-29 15:28:59.511,16858,16860,16857,3,-3
2021-09-29 15:29:01.124,16856,16857,16856,3,-3
2021-09-29 15:29:01.124,16856,16857,16856,4,-4
2021-09-29 15:29:01.124,16856,16857,16856,4,-4
2021-09-29 15:29:02.110,16855,16856,16856,1,1
2021-09-29 15:29:02.320,16855,16856,16855,4,-4
2021-09-29 15:29:02.320,16855,16856,16855,12,-12
2021-09-29 15:29:02.460,16854,16855,16855,1,1
2021-09-29 15:29:02.511,16854,16855,16854,1,-1
2021-09-29 15:29:02.720,16854,16855,16854,1,-1
2021-09-29 15:29:03.117,16854,16855,16855,1,1
2021-09-29 15:29:03.233,16854,16856,16856,1,1
2021-09-29 15:29:04.626,16854,16856,16856,1,1
2021-09-29 15:29:04.997,16854,16856,16856,4,4
2021-09-29 15:29:05.470,16855,16857,16857,1,1
2021-09-29 15:29:07.125,16855,16857,16857,1,1
2021-09-29 15:29:11.297,16856,16857,16856,1,-1
2021-09-29 15:29:11.323,16855,16857,16857,1,1
2021-09-29 15:29:13.769,16857,16858,16857,2,-2
2021-09-29 15:29:14.497,16856,16858,16856,1,-1
2021-09-29 15:29:15.092,16856,16858,16856,1,-1
2021-09-29 15:29:16.962,16857,16858,16857,1,1
2021-09-29 15:29:17.486,16855,16857,16857,1,1
2021-09-29 15:29:17.549,16855,16857,16856,1,-1
2021-09-29 15:29:18.265,16855,16857,16857,1,1
2021-09-29 15:29:20.036,16855,16857,16857,1,1
2021-09-29 15:29:23.825,16855,16856,16856,1,1
2021-09-29 15:29:24.617,16855,16856,16856,1,1
2021-09-29 15:29:25.668,16856,16857,16856,1,-1
2021-09-29 15:29:26.324,16855,16857,16855,1,-1
2021-09-29 15:29:28.494,16855,16856,16856,1,1
2021-09-29 15:29:31.952,16855,16856,16855,2,-2
2021-09-29 15:29:33.478,16855,16856,16855,1,-1
2021-09-29 15:29:34.638,16855,16856,16855,1,-1
2021-09-29 15:29:35.060,16855,16856,16855,1,-1
2021-09-29 15:29:35.299,16855,16856,16855,1,-1
2021-09-29 15:29:36.569,16854,16855,16854,1,-1
2021-09-29 15:29:38.619,16854,16855,16855,1,1
2021-09-29 15:29:40.724,16854,16855,16855,1,1
2021-09-29 15:29:42.037,16855,16856,16855,1,-1
2021-09-29 15:29:44.326,16854,16855,16854,1,-1
2021-09-29 15:29:49.835,16854,16855,16854,8,-8
2021-09-29 15:29:54.503,16853,16854,16854,1,1
2021-09-29 15:29:55.286,16853,16854,16854,4,4
2021-09-29 15:29:57.026,16854,16855,16855,4,4
2021-09-29 15:29:58.061,16855,16856,16855,1,-1
2021-09-29 15:29:58.258,16855,16856,16856,1,1
2021-09-29 15:29:58.432,16855,16856,16855,1,-1
2021-09-29 15:29:59.148,16855,16856,16855,1,-1
2021-09-29 15:30:00.243,16855,16856,16856,1,1
2021-09-29 15:30:00.423,16855,16856,16856,2,2
2021-09-29 15:30:00.432,16855,16856,16857,1,1
2021-09-29 15:30:00.450,16855,16857,16857,4,4
2021-09-29 15:30:00.458,16855,16857,16857,2,2
2021-09-29 15:30:00.509,16855,16857,16857,4,4
2021-09-29 15:30:00.560,16855,16857,16858,1,1
2021-09-29 15:30:00.571,16856,16858,16858,4,4
2021-09-29 15:30:00.597,16856,16858,16858,1,1
2021-09-29 15:30:00.685,16856,16858,16858,1,1
2021-09-29 15:30:00.711,16856,16858,16858,1,1
2021-09-29 15:30:00.721,16856,16858,16858,2,2
2021-09-29 15:30:00.733,16856,16858,16856,1,-1
2021-09-29 15:30:00.797,16856,16858,16859,2,2
2021-09-29 15:30:01.278,16857,16859,16857,4,-4
2021-09-29 15:30:01.300,16857,16859,16856,1,-1
2021-09-29 15:30:01.509,16857,16858,16859,2,2
2021-09-29 15:30:01.963,16857,16859,16859,3,3
2021-09-29 15:30:02.054,16857,16859,16859,1,1
2021-09-29 15:30:02.089,16857,16859,16859,2,2
2021-09-29 15:30:03.133,16857,16859,16857,2,-2
2021-09-29 15:30:04.992,16856,16858,16856,3,-3
