2023-04-24 15:00:00,15629,15629,15629,112,0
2023-04-24 15:00:00,15628,15628,15628,8,-8
2023-04-24 15:00:00,15628,15628,15628,2,0
2023-04-24 15:00:00,15626,15626,15626,2,-2
2023-04-24 15:00:00,15627,15627,15627,2,2
2023-04-24 15:00:00,15627,15627,15627,2,0
2023-04-24 15:00:00,15627,15627,15627,2,0
2023-04-24 15:00:00,15625,15625,15625,4,-4
2023-04-24 15:00:00,15625,15625,15625,6,0
2023-04-24 15:00:00,15626,15626,15626,2,2
2023-04-24 15:00:00,15626,15626,15626,2,0
2023-04-24 15:00:01,15626,15626,15626,2,0
2023-04-24 15:00:01,15626,15626,15626,2,0
2023-04-24 15:00:01,15626,15626,15626,2,0
2023-04-24 15:00:01,15628,15628,15628,22,22
2023-04-24 15:00:01,15628,15628,15628,4,0
2023-04-24 15:00:02,15627,15627,15627,2,-2
2023-04-24 15:00:02,15627,15627,15627,2,0
2023-04-24 15:00:02,15627,15627,15627,2,0
2023-04-24 15:00:02,15627,15627,15627,2,0
2023-04-24 15:00:02,15627,15627,15627,2,0
2023-04-24 15:00:03,15628,15628,15628,6,6
2023-04-24 15:00:03,15627,15627,15627,2,-2
2023-04-24 15:00:04,15626,15626,15626,2,-2
2023-04-24 15:00:04,15626,15626,15626,2,0
2023-04-24 15:00:04,15626,15626,15626,2,0
2023-04-24 15:00:04,15626,15626,15626,4,0
2023-04-24 15:00:04,15626,15626,15626,2,0
2023-04-24 15:00:04,15626,15626,15626,2,0
2023-04-24 15:00:04,15626,15626,15626,2,0
2023-04-24 15:00:04,15625,15625,15625,2,-2
2023-04-24 15:00:05,15625,15625,15625,2,0
2023-04-24 15:00:05,15627,15627,15627,2,2
2023-04-24 15:00:05,15626,15626,15626,2,-2
2023-04-24 15:00:06,15626,15626,15626,2,0
2023-04-24 15:00:07,15627,15627,15627,2,2
2023-04-24 15:00:07,15625,15625,15625,2,-2
2023-04-24 15:00:07,15625,15625,15625,4,0
2023-04-24 15:00:07,15625,15625,15625,2,0
2023-04-24 15:00:07,15625,15625,15625,2,0
2023-04-24 15:00:08,15625,15625,15625,2,0
2023-04-24 15:00:08,15625,15625,15625,2,0
2023-04-24 15:00:08,15625,15625,15625,2,0
2023-04-24 15:00:09,15625,15625,15625,2,0
2023-04-24 15:00:11,15626,15626,15626,4,4
2023-04-24 15:00:11,15626,15626,15626,2,0
2023-04-24 15:00:11,15625,15625,15625,2,-2
2023-04-24 15:00:11,15626,15626,15626,2,2
2023-04-24 15:00:14,15626,15626,15626,2,0
2023-04-24 15:00:15,15625,15625,15625,2,-2
2023-04-24 15:00:16,15625,15625,15625,2,0
2023-04-24 15:00:16,15625,15625,15625,2,0
2023-04-24 15:00:17,15626,15626,15626,2,2
2023-04-24 15:00:18,15625,15625,15625,2,-2
2023-04-24 15:00:18,15625,15625,15625,4,0
2023-04-24 15:00:18,15625,15625,15625,2,0
2023-04-24 15:00:18,15625,15625,15625,2,0
2023-04-24 15:00:20,15624,15624,15624,2,-2
2023-04-24 15:00:20,15624,15624,15624,4,0
2023-04-24 15:00:20,15624,15624,15624,10,0
2023-04-24 15:00:20,15624,15624,15624,2,0
2023-04-24 15:00:20,15625,15625,15625,2,2
2023-04-24 15:00:20,15625,15625,15625,2,0
2023-04-24 15:00:20,15625,15625,15625,2,0
2023-04-24 15:00:24,15624,15624,15624,2,-2
2023-04-24 15:00:25,15624,15624,15624,2,0
2023-04-24 15:00:25,15624,15624,15624,2,0
2023-04-24 15:00:26,15624,15624,15624,2,0
2023-04-24 15:00:27,15624,15624,15624,4,0
2023-04-24 15:00:31,15624,15624,15624,2,0
2023-04-24 15:00:31,15624,15624,15624,2,0
2023-04-24 15:00:32,15625,15625,15625,2,2
2023-04-24 15:00:33,15624,15624,15624,2,-2
2023-04-24 15:00:40,15625,15625,15625,10,10
2023-04-24 15:00:40,15624,15624,15624,2,-2
2023-04-24 15:00:40,15624,15624,15624,2,0
2023-04-24 15:00:40,15624,15624,15624,2,0
2023-04-24 15:00:40,15624,15624,15624,4,0
2023-04-24 15:00:40,15624,15624,15624,2,0
2023-04-24 15:00:40,15624,15624,15624,2,0
2023-04-24 15:00:40,15624,15624,15624,2,0
2023-04-24 15:00:40,15624,15624,15624,2,0
2023-04-24 15:00:43,15624,15624,15624,4,0
2023-04-24 15:00:44,15624,15624,15624,2,0
2023-04-24 15:00:46,15624,15624,15624,8,0
2023-04-24 15:00:51,15623,15623,15623,2,-2
2023-04-24 15:00:51,15623,15623,15623,2,0
2023-04-24 15:00:51,15624,15624,15624,2,2
2023-04-24 15:00:56,15623,15623,15623,2,-2
2023-04-24 15:00:59,15623,15623,15623,2,0
2023-04-24 15:00:59,15623,15623,15623,6,0
2023-04-24 15:01:00,15623,15623,15623,4,0
2023-04-24 15:01:00,15623,15623,15623,2,0
2023-04-24 15:01:00,15623,15623,15623,8,0
2023-04-24 15:01:00,15623,15623,15623,6,0
2023-04-24 15:01:00,15623,15623,15623,4,0
2023-04-24 15:01:00,15623,15623,15623,6,0
2023-04-24 15:01:00,15622,15622,15622,2,-2
2023-04-24 15:01:00,15622,15622,15622,2,0
2023-04-24 15:01:00,15622,15622,15622,6,0
2023-04-24 15:01:00,15622,15622,15622,2,0
2023-04-24 15:01:00,15622,15622,15622,2,0
2023-04-24 15:01:00,15622,15622,15622,2,0
2023-04-24 15:01:01,15622,15622,15622,8,0
2023-04-24 15:01:01,15622,15622,15622,4,0
2023-04-24 15:01:01,15622,15622,15622,2,0
2023-04-24 15:01:01,15622,15622,15622,2,0
2023-04-24 15:01:01,15622,15622,15622,2,0
2023-04-24 15:01:01,15621,15621,15621,2,-2
2023-04-24 15:01:01,15621,15621,15621,2,0
2023-04-24 15:01:01,15622,15622,15622,2,2
2023-04-24 15:01:03,15621,15621,15621,2,-2
2023-04-24 15:01:03,15621,15621,15621,2,0
2023-04-24 15:01:03,15621,15621,15621,2,0
2023-04-24 15:01:03,15621,15621,15621,10,0
2023-04-24 15:01:03,15621,15621,15621,2,0
2023-04-24 15:01:04,15621,15621,15621,2,0
2023-04-24 15:01:05,15620,15620,15620,2,-2
2023-04-24 15:01:05,15620,15620,15620,6,0
2023-04-24 15:01:05,15620,15620,15620,2,0
2023-04-24 15:01:05,15620,15620,15620,2,0
2023-04-24 15:01:05,15620,15620,15620,26,0
2023-04-24 15:01:05,15620,15620,15620,10,0
2023-04-24 15:01:05,15620,15620,15620,2,0
2023-04-24 15:01:05,15620,15620,15620,2,0
2023-04-24 15:01:05,15620,15620,15620,18,0
2023-04-24 15:01:05,15620,15620,15620,6,0
2023-04-24 15:01:05,15620,15620,15620,2,0
2023-04-24 15:01:05,15620,15620,15620,2,0
2023-04-24 15:01:05,15620,15620,15620,2,0
2023-04-24 15:01:06,15620,15620,15620,2,0
2023-04-24 15:01:06,15620,15620,15620,4,0
2023-04-24 15:01:06,15620,15620,15620,2,0
2023-04-24 15:01:07,15620,15620,15620,2,0
2023-04-24 15:01:08,15619,15619,15619,2,-2
2023-04-24 15:01:09,15620,15620,15620,2,2
2023-04-24 15:01:10,15621,15621,15621,2,2
2023-04-24 15:01:10,15621,15621,15621,4,0
2023-04-24 15:01:14,15621,15621,15621,2,0
2023-04-24 15:01:15,15622,15622,15622,2,2
2023-04-24 15:01:15,15621,15621,15621,2,-2
2023-04-24 15:01:16,15623,15623,15623,12,12
2023-04-24 15:01:16,15624,15624,15624,4,4
2023-04-24 15:01:18,15624,15624,15624,2,0
2023-04-24 15:01:20,15623,15623,15623,4,-4
2023-04-24 15:01:20,15623,15623,15623,2,0
2023-04-24 15:01:20,15623,15623,15623,2,0
2023-04-24 15:01:20,15623,15623,15623,2,0
2023-04-24 15:01:20,15623,15623,15623,2,0
2023-04-24 15:01:20,15624,15624,15624,20,20
2023-04-24 15:01:22,15624,15624,15624,2,0
2023-04-24 15:01:23,15625,15625,15625,2,2
2023-04-24 15:01:24,15624,15624,15624,2,-2
2023-04-24 15:01:24,15624,15624,15624,2,0
2023-04-24 15:01:25,15624,15624,15624,2,0
2023-04-24 15:01:26,15625,15625,15625,2,2
2023-04-24 15:01:28,15625,15625,15625,2,0
2023-04-24 15:01:28,15625,15625,15625,2,0
2023-04-24 15:01:30,15624,15624,15624,2,-2
2023-04-24 15:01:30,15625,15625,15625,4,4
2023-04-24 15:01:35,15624,15624,15624,2,-2
2023-04-24 15:01:37,15625,15625,15625,6,6
2023-04-24 15:01:39,15623,15623,15623,2,-2
2023-04-24 15:01:39,15623,15623,15623,2,0
2023-04-24 15:01:45,15623,15623,15623,2,0
2023-04-24 15:01:55,15623,15623,15623,2,0
2023-04-24 15:01:56,15623,15623,15623,2,0
2023-04-24 15:01:56,15623,15623,15623,2,0
2023-04-24 15:01:59,15623,15623,15623,2,0
2023-04-24 15:01:59,15623,15623,15623,2,0
2023-04-24 15:02:00,15622,15622,15622,2,-2
2023-04-24 15:02:00,15622,15622,15622,4,0
2023-04-24 15:02:00,15622,15622,15622,2,0
2023-04-24 15:02:00,15622,15622,15622,2,0
2023-04-24 15:02:00,15621,15621,15621,2,-2
2023-04-24 15:02:00,15623,15623,15623,2,2
2023-04-24 15:02:04,15622,15622,15622,2,-2
2023-04-24 15:02:05,15622,15622,15622,2,0
2023-04-24 15:02:06,15622,15622,15622,2,0
2023-04-24 15:02:09,15623,15623,15623,4,4
2023-04-24 15:02:09,15623,15623,15623,2,0
2023-04-24 15:02:09,15623,15623,15623,4,0
2023-04-24 15:02:09,15623,15623,15623,2,0
2023-04-24 15:02:10,15624,15624,15624,2,2
2023-04-24 15:02:12,15623,15623,15623,2,-2
2023-04-24 15:02:14,15625,15625,15625,4,4
2023-04-24 15:02:14,15625,15625,15625,12,0
2023-04-24 15:02:20,15625,15625,15625,2,0
2023-04-24 15:02:23,15624,15624,15624,2,-2
2023-04-24 15:02:23,15624,15624,15624,2,0
2023-04-24 15:02:23,15624,15624,15624,2,0
2023-04-24 15:02:23,15623,15623,15623,2,-2
2023-04-24 15:02:34,15624,15624,15624,2,2
2023-04-24 15:02:37,15623,15623,15623,2,-2
2023-04-24 15:02:41,15623,15623,15623,2,0
2023-04-24 15:02:43,15623,15623,15623,2,0
2023-04-24 15:02:50,15623,15623,15623,2,0
2023-04-24 15:02:52,15624,15624,15624,2,2
2023-04-24 15:02:56,15624,15624,15624,2,0
2023-04-24 15:02:57,15623,15623,15623,2,-2
2023-04-24 15:02:58,15623,15623,15623,2,0
2023-04-24 15:02:58,15623,15623,15623,2,0
2023-04-24 15:03:00,15624,15624,15624,2,2
2023-04-24 15:03:00,15623,15623,15623,2,-2
2023-04-24 15:03:00,15623,15623,15623,6,0
2023-04-24 15:03:00,15623,15623,15623,6,0
2023-04-24 15:03:00,15623,15623,15623,8,0
2023-04-24 15:03:00,15624,15624,15624,8,8
2023-04-24 15:03:04,15622,15622,15622,2,-2
2023-04-24 15:03:05,15622,15622,15622,2,0
2023-04-24 15:03:08,15624,15624,15624,2,2
2023-04-24 15:03:14,15623,15623,15623,2,-2
2023-04-24 15:03:15,15624,15624,15624,2,2
2023-04-24 15:03:21,15624,15624,15624,2,0
2023-04-24 15:03:21,15625,15625,15625,2,2
2023-04-24 15:03:23,15625,15625,15625,2,0
2023-04-24 15:03:24,15624,15624,15624,2,-2
2023-04-24 15:03:24,15625,15625,15625,2,2
2023-04-24 15:03:25,15625,15625,15625,4,0
2023-04-24 15:03:28,15625,15625,15625,2,0
2023-04-24 15:03:30,15626,15626,15626,2,2
2023-04-24 15:03:45,15626,15626,15626,2,0
2023-04-24 15:03:51,15625,15625,15625,4,-4
2023-04-24 15:03:51,15625,15625,15625,2,0
2023-04-24 15:03:55,15625,15625,15625,2,0
2023-04-24 15:03:57,15625,15625,15625,2,0
2023-04-24 15:04:00,15624,15624,15624,2,-2
2023-04-24 15:04:00,15624,15624,15624,2,0
2023-04-24 15:04:00,15624,15624,15624,2,0
2023-04-24 15:04:00,15624,15624,15624,6,0
2023-04-24 15:04:00,15624,15624,15624,6,0
2023-04-24 15:04:00,15624,15624,15624,4,0
2023-04-24 15:04:00,15624,15624,15624,2,0
2023-04-24 15:04:01,15623,15623,15623,2,-2
2023-04-24 15:04:01,15623,15623,15623,2,0
2023-04-24 15:04:01,15624,15624,15624,4,4
2023-04-24 15:04:01,15625,15625,15625,2,2
2023-04-24 15:04:03,15624,15624,15624,2,-2
2023-04-24 15:04:04,15623,15623,15623,2,-2
2023-04-24 15:04:09,15623,15623,15623,2,0
2023-04-24 15:04:10,15624,15624,15624,2,2
2023-04-24 15:04:11,15625,15625,15625,2,2
2023-04-24 15:04:11,15625,15625,15625,2,0
2023-04-24 15:04:17,15624,15624,15624,2,-2
2023-04-24 15:04:19,15624,15624,15624,2,0
2023-04-24 15:04:25,15624,15624,15624,4,0
2023-04-24 15:04:25,15624,15624,15624,2,0
2023-04-24 15:04:41,15624,15624,15624,2,0
2023-04-24 15:04:41,15624,15624,15624,2,0
2023-04-24 15:04:41,15624,15624,15624,2,0
2023-04-24 15:04:48,15624,15624,15624,2,0
2023-04-24 15:04:49,15624,15624,15624,2,0
2023-04-24 15:04:51,15624,15624,15624,8,0
2023-04-24 15:04:54,15623,15623,15623,8,-8
2023-04-24 15:04:54,15623,15623,15623,4,0
2023-04-24 15:04:59,15624,15624,15624,8,8
2023-04-24 15:05:00,15623,15623,15623,4,-4
2023-04-24 15:05:00,15623,15623,15623,12,0
2023-04-24 15:05:00,15623,15623,15623,2,0
2023-04-24 15:05:00,15623,15623,15623,4,0
2023-04-24 15:05:00,15623,15623,15623,2,0
2023-04-24 15:05:00,15623,15623,15623,2,0
2023-04-24 15:05:00,15623,15623,15623,2,0
2023-04-24 15:05:04,15623,15623,15623,2,0
2023-04-24 15:05:05,15623,15623,15623,2,0
2023-04-24 15:05:05,15624,15624,15624,2,2
2023-04-24 15:05:05,15624,15624,15624,2,0
2023-04-24 15:05:05,15624,15624,15624,2,0
2023-04-24 15:05:05,15624,15624,15624,2,0
2023-04-24 15:05:05,15623,15623,15623,2,-2
2023-04-24 15:05:05,15623,15623,15623,2,0
2023-04-24 15:05:06,15623,15623,15623,2,0
2023-04-24 15:05:06,15622,15622,15622,4,-4
2023-04-24 15:05:06,15623,15623,15623,2,2
2023-04-24 15:05:07,15623,15623,15623,2,0
2023-04-24 15:05:10,15623,15623,15623,2,0
2023-04-24 15:05:14,15624,15624,15624,2,2
2023-04-24 15:05:41,15625,15625,15625,4,4
2023-04-24 15:05:45,15625,15625,15625,2,0
2023-04-24 15:05:45,15624,15624,15624,2,-2
2023-04-24 15:05:55,15624,15624,15624,2,0
2023-04-24 15:06:00,15623,15623,15623,8,-8
2023-04-24 15:06:00,15623,15623,15623,2,0
2023-04-24 15:06:00,15623,15623,15623,2,0
2023-04-24 15:06:06,15624,15624,15624,2,2
2023-04-24 15:06:12,15625,15625,15625,2,2
2023-04-24 15:06:12,15625,15625,15625,2,0
2023-04-24 15:06:12,15624,15624,15624,2,-2
2023-04-24 15:06:12,15624,15624,15624,2,0
2023-04-24 15:06:12,15624,15624,15624,4,0
2023-04-24 15:06:14,15624,15624,15624,4,0
2023-04-24 15:06:19,15624,15624,15624,2,0
2023-04-24 15:06:20,15623,15623,15623,2,-2
2023-04-24 15:06:28,15623,15623,15623,2,0
2023-04-24 15:06:29,15623,15623,15623,2,0
2023-04-24 15:06:33,15623,15623,15623,2,0
2023-04-24 15:06:38,15624,15624,15624,2,2
2023-04-24 15:06:38,15623,15623,15623,2,-2
2023-04-24 15:06:43,15622,15622,15622,2,-2
2023-04-24 15:06:43,15622,15622,15622,6,0
2023-04-24 15:06:43,15622,15622,15622,2,0
2023-04-24 15:06:43,15622,15622,15622,2,0
2023-04-24 15:06:43,15622,15622,15622,6,0
2023-04-24 15:06:43,15622,15622,15622,4,0
2023-04-24 15:06:47,15622,15622,15622,2,0
2023-04-24 15:06:53,15622,15622,15622,32,0
2023-04-24 15:06:53,15622,15622,15622,8,0
2023-04-24 15:06:53,15622,15622,15622,6,0
2023-04-24 15:06:53,15622,15622,15622,4,0
2023-04-24 15:06:56,15621,15621,15621,20,-20
2023-04-24 15:06:56,15621,15621,15621,2,0
2023-04-24 15:06:56,15621,15621,15621,2,0
2023-04-24 15:06:56,15621,15621,15621,6,0
2023-04-24 15:06:56,15621,15621,15621,2,0
2023-04-24 15:06:56,15621,15621,15621,6,0
2023-04-24 15:06:56,15620,15620,15620,2,-2
2023-04-24 15:06:56,15620,15620,15620,2,0
2023-04-24 15:06:56,15620,15620,15620,2,0
2023-04-24 15:06:56,15620,15620,15620,4,0
2023-04-24 15:06:56,15620,15620,15620,2,0
2023-04-24 15:06:56,15620,15620,15620,2,0
2023-04-24 15:06:56,15620,15620,15620,6,0
2023-04-24 15:06:56,15620,15620,15620,4,0
2023-04-24 15:06:56,15620,15620,15620,2,0
2023-04-24 15:06:56,15620,15620,15620,2,0
2023-04-24 15:06:56,15620,15620,15620,4,0
2023-04-24 15:06:56,15620,15620,15620,2,0
2023-04-24 15:06:56,15620,15620,15620,2,0
2023-04-24 15:06:56,15620,15620,15620,4,0
2023-04-24 15:06:56,15620,15620,15620,6,0
2023-04-24 15:06:56,15620,15620,15620,6,0
2023-04-24 15:06:56,15620,15620,15620,20,0
2023-04-24 15:06:56,15620,15620,15620,2,0
2023-04-24 15:06:56,15620,15620,15620,2,0
2023-04-24 15:06:56,15620,15620,15620,2,0
2023-04-24 15:06:56,15620,15620,15620,2,0
2023-04-24 15:06:56,15620,15620,15620,2,0
2023-04-24 15:06:56,15620,15620,15620,2,0
2023-04-24 15:06:56,15620,15620,15620,10,0
2023-04-24 15:06:56,15620,15620,15620,10,0
2023-04-24 15:06:56,15620,15620,15620,10,0
2023-04-24 15:06:56,15619,15619,15619,2,-2
2023-04-24 15:06:56,15619,15619,15619,10,0
2023-04-24 15:06:56,15619,15619,15619,2,0
2023-04-24 15:06:56,15619,15619,15619,4,0
2023-04-24 15:06:56,15619,15619,15619,2,0
2023-04-24 15:06:56,15619,15619,15619,2,0
2023-04-24 15:06:56,15619,15619,15619,2,0
2023-04-24 15:06:56,15619,15619,15619,2,0
2023-04-24 15:06:56,15619,15619,15619,6,0
2023-04-24 15:06:56,15619,15619,15619,2,0
2023-04-24 15:06:56,15619,15619,15619,2,0
2023-04-24 15:06:56,15619,15619,15619,6,0
2023-04-24 15:06:56,15619,15619,15619,4,0
2023-04-24 15:06:56,15619,15619,15619,2,0
2023-04-24 15:06:56,15619,15619,15619,2,0
2023-04-24 15:06:56,15619,15619,15619,2,0
2023-04-24 15:06:56,15619,15619,15619,2,0
2023-04-24 15:06:56,15618,15618,15618,2,-2
2023-04-24 15:06:56,15618,15618,15618,2,0
2023-04-24 15:06:56,15618,15618,15618,2,0
2023-04-24 15:06:56,15618,15618,15618,2,0
2023-04-24 15:06:56,15618,15618,15618,2,0
2023-04-24 15:06:56,15618,15618,15618,2,0
2023-04-24 15:06:56,15618,15618,15618,2,0
2023-04-24 15:06:56,15618,15618,15618,2,0
2023-04-24 15:06:56,15618,15618,15618,4,0
2023-04-24 15:06:56,15618,15618,15618,2,0
2023-04-24 15:06:56,15619,15619,15619,2,2
2023-04-24 15:06:57,15618,15618,15618,2,-2
2023-04-24 15:06:58,15618,15618,15618,2,0
2023-04-24 15:07:03,15618,15618,15618,2,0
2023-04-24 15:07:07,15618,15618,15618,2,0
2023-04-24 15:07:10,15618,15618,15618,2,0
2023-04-24 15:07:12,15617,15617,15617,2,-2
2023-04-24 15:07:12,15617,15617,15617,2,0
2023-04-24 15:07:12,15617,15617,15617,8,0
2023-04-24 15:07:12,15617,15617,15617,2,0
2023-04-24 15:07:12,15617,15617,15617,2,0
2023-04-24 15:07:12,15617,15617,15617,2,0
2023-04-24 15:07:14,15617,15617,15617,2,0
2023-04-24 15:07:14,15617,15617,15617,2,0
2023-04-24 15:07:17,15616,15616,15616,2,-2
2023-04-24 15:07:18,15616,15616,15616,2,0
2023-04-24 15:07:18,15616,15616,15616,2,0
2023-04-24 15:07:18,15617,15617,15617,2,2
2023-04-24 15:07:19,15617,15617,15617,4,0
2023-04-24 15:07:20,15616,15616,15616,2,-2
2023-04-24 15:07:23,15616,15616,15616,2,0
2023-04-24 15:07:24,15616,15616,15616,2,0
2023-04-24 15:07:25,15616,15616,15616,2,0
2023-04-24 15:07:27,15616,15616,15616,2,0
2023-04-24 15:07:28,15616,15616,15616,2,0
2023-04-24 15:07:30,15615,15615,15615,2,-2
2023-04-24 15:07:30,15615,15615,15615,4,0
2023-04-24 15:07:30,15615,15615,15615,6,0
2023-04-24 15:07:30,15615,15615,15615,2,0
2023-04-24 15:07:30,15615,15615,15615,2,0
2023-04-24 15:07:30,15615,15615,15615,2,0
2023-04-24 15:07:31,15616,15616,15616,4,4
2023-04-24 15:07:36,15615,15615,15615,2,-2
2023-04-24 15:07:40,15615,15615,15615,2,0
2023-04-24 15:07:40,15615,15615,15615,2,0
2023-04-24 15:07:42,15615,15615,15615,2,0
2023-04-24 15:07:42,15615,15615,15615,2,0
2023-04-24 15:07:42,15615,15615,15615,2,0
2023-04-24 15:07:43,15615,15615,15615,2,0
2023-04-24 15:07:44,15615,15615,15615,2,0
2023-04-24 15:07:44,15616,15616,15616,2,2
2023-04-24 15:07:46,15615,15615,15615,2,-2
2023-04-24 15:07:49,15615,15615,15615,2,0
2023-04-24 15:07:49,15615,15615,15615,2,0
2023-04-24 15:07:56,15616,15616,15616,2,2
2023-04-24 15:07:56,15615,15615,15615,2,-2
2023-04-24 15:07:57,15616,15616,15616,2,2
2023-04-24 15:07:58,15616,15616,15616,2,0
2023-04-24 15:07:58,15616,15616,15616,2,0
2023-04-24 15:07:58,15616,15616,15616,4,0
2023-04-24 15:07:58,15616,15616,15616,2,0
2023-04-24 15:07:58,15616,15616,15616,2,0
2023-04-24 15:07:58,15616,15616,15616,2,0
2023-04-24 15:07:59,15615,15615,15615,2,-2
2023-04-24 15:08:04,15617,15617,15617,4,4
2023-04-24 15:08:04,15616,15616,15616,2,-2
2023-04-24 15:08:04,15616,15616,15616,2,0
2023-04-24 15:08:04,15616,15616,15616,2,0
2023-04-24 15:08:25,15616,15616,15616,2,0
2023-04-24 15:08:25,15616,15616,15616,4,0
2023-04-24 15:08:25,15616,15616,15616,2,0
2023-04-24 15:08:25,15615,15615,15615,2,-2
2023-04-24 15:08:25,15617,15617,15617,2,2
2023-04-24 15:08:26,15616,15616,15616,2,-2
2023-04-24 15:08:40,15617,15617,15617,2,2
2023-04-24 15:08:42,15617,15617,15617,2,0
2023-04-24 15:08:48,15617,15617,15617,2,0
2023-04-24 15:08:48,15617,15617,15617,2,0
2023-04-24 15:08:50,15617,15617,15617,2,0
2023-04-24 15:08:57,15617,15617,15617,2,0
2023-04-24 15:08:59,15617,15617,15617,18,0
2023-04-24 15:09:02,15618,15618,15618,2,2
2023-04-24 15:09:05,15617,15617,15617,2,-2
2023-04-24 15:09:12,15618,15618,15618,2,2
2023-04-24 15:09:28,15618,15618,15618,4,0
2023-04-24 15:09:36,15617,15617,15617,2,-2
2023-04-24 15:09:47,15618,15618,15618,2,2
2023-04-24 15:09:47,15618,15618,15618,2,0
2023-04-24 15:09:47,15618,15618,15618,4,0
2023-04-24 15:10:01,15620,15620,15620,4,4
2023-04-24 15:10:01,15620,15620,15620,6,0
2023-04-24 15:10:08,15620,15620,15620,2,0
2023-04-24 15:10:09,15622,15622,15622,2,2
2023-04-24 15:10:12,15622,15622,15622,2,0
2023-04-24 15:10:16,15622,15622,15622,2,0
2023-04-24 15:10:18,15623,15623,15623,10,10
2023-04-24 15:10:20,15623,15623,15623,6,0
2023-04-24 15:10:22,15621,15621,15621,6,-6
2023-04-24 15:10:22,15621,15621,15621,2,0
2023-04-24 15:10:37,15621,15621,15621,6,0
2023-04-24 15:10:38,15620,15620,15620,2,-2
2023-04-24 15:10:40,15620,15620,15620,2,0
2023-04-24 15:10:40,15620,15620,15620,8,0
2023-04-24 15:10:40,15620,15620,15620,2,0
2023-04-24 15:10:40,15620,15620,15620,2,0
2023-04-24 15:10:52,15620,15620,15620,2,0
2023-04-24 15:10:57,15619,15619,15619,2,-2
2023-04-24 15:11:01,15619,15619,15619,2,0
2023-04-24 15:11:01,15619,15619,15619,2,0
2023-04-24 15:11:01,15619,15619,15619,2,0
2023-04-24 15:11:01,15619,15619,15619,2,0
2023-04-24 15:11:05,15619,15619,15619,2,0
2023-04-24 15:11:14,15619,15619,15619,2,0
2023-04-24 15:11:30,15619,15619,15619,30,0
2023-04-24 15:11:30,15620,15620,15620,20,20
2023-04-24 15:11:33,15618,15618,15618,2,-2
2023-04-24 15:11:40,15617,15617,15617,2,-2
2023-04-24 15:11:56,15617,15617,15617,4,0
2023-04-24 15:11:56,15617,15617,15617,2,0
2023-04-24 15:11:56,15617,15617,15617,4,0
2023-04-24 15:11:56,15617,15617,15617,2,0
2023-04-24 15:11:56,15617,15617,15617,8,0
2023-04-24 15:11:56,15617,15617,15617,2,0
2023-04-24 15:11:56,15617,15617,15617,2,0
2023-04-24 15:11:56,15617,15617,15617,2,0
2023-04-24 15:11:56,15617,15617,15617,2,0
2023-04-24 15:11:56,15616,15616,15616,2,-2
2023-04-24 15:11:57,15616,15616,15616,4,0
2023-04-24 15:11:57,15616,15616,15616,4,0
2023-04-24 15:11:57,15616,15616,15616,2,0
2023-04-24 15:12:00,15616,15616,15616,2,0
2023-04-24 15:12:00,15616,15616,15616,2,0
2023-04-24 15:12:00,15615,15615,15615,2,-2
2023-04-24 15:12:01,15616,15616,15616,2,2
2023-04-24 15:12:01,15615,15615,15615,2,-2
2023-04-24 15:12:01,15615,15615,15615,2,0
2023-04-24 15:12:02,15616,15616,15616,4,4
2023-04-24 15:12:03,15615,15615,15615,6,-6
2023-04-24 15:12:03,15615,15615,15615,4,0
2023-04-24 15:12:03,15615,15615,15615,2,0
2023-04-24 15:12:03,15615,15615,15615,2,0
2023-04-24 15:12:03,15615,15615,15615,2,0
2023-04-24 15:12:03,15615,15615,15615,12,0
2023-04-24 15:12:03,15615,15615,15615,2,0
2023-04-24 15:12:03,15615,15615,15615,2,0
2023-04-24 15:12:03,15615,15615,15615,2,0
2023-04-24 15:12:03,15615,15615,15615,2,0
2023-04-24 15:12:03,15615,15615,15615,2,0
2023-04-24 15:12:03,15614,15614,15614,4,-4
2023-04-24 15:12:03,15614,15614,15614,4,0
2023-04-24 15:12:03,15614,15614,15614,2,0
2023-04-24 15:12:03,15614,15614,15614,6,0
2023-04-24 15:12:03,15614,15614,15614,2,0
2023-04-24 15:12:03,15614,15614,15614,2,0
2023-04-24 15:12:03,15614,15614,15614,2,0
2023-04-24 15:12:03,15614,15614,15614,2,0
2023-04-24 15:12:05,15614,15614,15614,2,0
2023-04-24 15:12:05,15614,15614,15614,8,0
2023-04-24 15:12:07,15613,15613,15613,2,-2
2023-04-24 15:12:07,15613,15613,15613,2,0
2023-04-24 15:12:07,15614,15614,15614,2,2
2023-04-24 15:12:07,15613,15613,15613,2,-2
2023-04-24 15:12:09,15614,15614,15614,2,2
2023-04-24 15:12:12,15614,15614,15614,2,0
2023-04-24 15:12:14,15614,15614,15614,2,0
2023-04-24 15:12:14,15614,15614,15614,2,0
2023-04-24 15:12:14,15614,15614,15614,2,0
2023-04-24 15:12:14,15614,15614,15614,2,0
2023-04-24 15:12:14,15614,15614,15614,2,0
2023-04-24 15:12:16,15614,15614,15614,6,0
2023-04-24 15:12:17,15614,15614,15614,2,0
2023-04-24 15:12:20,15614,15614,15614,12,0
2023-04-24 15:12:23,15614,15614,15614,2,0
2023-04-24 15:12:27,15614,15614,15614,2,0
2023-04-24 15:12:27,15614,15614,15614,2,0
2023-04-24 15:12:28,15613,15613,15613,2,-2
2023-04-24 15:12:30,15613,15613,15613,2,0
2023-04-24 15:12:32,15613,15613,15613,2,0
2023-04-24 15:12:35,15613,15613,15613,2,0
2023-04-24 15:12:37,15613,15613,15613,2,0
2023-04-24 15:12:44,15614,15614,15614,2,2
2023-04-24 15:12:44,15614,15614,15614,2,0
2023-04-24 15:12:44,15614,15614,15614,6,0
2023-04-24 15:12:44,15614,15614,15614,2,0
2023-04-24 15:12:44,15614,15614,15614,2,0
2023-04-24 15:12:44,15614,15614,15614,2,0
2023-04-24 15:12:44,15614,15614,15614,2,0
2023-04-24 15:12:45,15613,15613,15613,2,-2
2023-04-24 15:12:49,15614,15614,15614,2,2
2023-04-24 15:12:52,15614,15614,15614,4,0
2023-04-24 15:12:52,15613,15613,15613,4,-4
2023-04-24 15:12:52,15613,15613,15613,2,0
2023-04-24 15:12:52,15613,15613,15613,2,0
2023-04-24 15:12:52,15613,15613,15613,2,0
2023-04-24 15:12:52,15613,15613,15613,4,0
2023-04-24 15:12:52,15613,15613,15613,2,0
2023-04-24 15:12:54,15613,15613,15613,2,0
2023-04-24 15:12:57,15614,15614,15614,2,2
2023-04-24 15:12:57,15615,15615,15615,4,4
2023-04-24 15:13:02,15615,15615,15615,2,0
2023-04-24 15:13:05,15615,15615,15615,2,0
2023-04-24 15:13:05,15615,15615,15615,2,0
2023-04-24 15:13:07,15615,15615,15615,4,0
2023-04-24 15:13:08,15616,15616,15616,2,2
2023-04-24 15:13:15,15615,15615,15615,2,-2
2023-04-24 15:13:16,15615,15615,15615,6,0
2023-04-24 15:13:39,15616,15616,15616,2,2
2023-04-24 15:13:41,15615,15615,15615,2,-2
2023-04-24 15:13:44,15615,15615,15615,2,0
2023-04-24 15:13:45,15615,15615,15615,2,0
2023-04-24 15:13:49,15616,15616,15616,2,2
2023-04-24 15:13:52,15616,15616,15616,2,0
2023-04-24 15:13:58,15617,15617,15617,4,4
2023-04-24 15:13:59,15616,15616,15616,2,-2
2023-04-24 15:14:03,15616,15616,15616,2,0
2023-04-24 15:14:03,15616,15616,15616,2,0
2023-04-24 15:14:15,15616,15616,15616,2,0
2023-04-24 15:14:20,15616,15616,15616,2,0
2023-04-24 15:14:23,15616,15616,15616,2,0
2023-04-24 15:14:24,15616,15616,15616,2,0
2023-04-24 15:14:33,15616,15616,15616,2,0
2023-04-24 15:14:34,15616,15616,15616,2,0
2023-04-24 15:14:37,15615,15615,15615,2,-2
2023-04-24 15:14:40,15616,15616,15616,2,2
2023-04-24 15:14:40,15616,15616,15616,2,0
2023-04-24 15:14:40,15616,15616,15616,2,0
2023-04-24 15:14:44,15616,15616,15616,4,0
2023-04-24 15:14:44,15617,15617,15617,2,2
2023-04-24 15:14:48,15617,15617,15617,2,0
2023-04-24 15:15:00,15616,15616,15616,2,-2
2023-04-24 15:15:00,15615,15615,15615,2,-2
2023-04-24 15:15:01,15615,15615,15615,2,0
2023-04-24 15:15:01,15615,15615,15615,2,0
2023-04-24 15:15:01,15615,15615,15615,2,0
2023-04-24 15:15:01,15615,15615,15615,2,0
2023-04-24 15:15:01,15615,15615,15615,2,0
2023-04-24 15:15:01,15615,15615,15615,2,0
2023-04-24 15:15:02,15615,15615,15615,2,0
2023-04-24 15:15:06,15616,15616,15616,4,4
2023-04-24 15:15:11,15616,15616,15616,2,0
2023-04-24 15:15:11,15616,15616,15616,2,0
2023-04-24 15:15:13,15617,15617,15617,2,2
2023-04-24 15:15:20,15618,15618,15618,2,2
2023-04-24 15:15:23,15618,15618,15618,2,0
2023-04-24 15:15:24,15617,15617,15617,4,-4
2023-04-24 15:15:25,15618,15618,15618,2,2
2023-04-24 15:15:28,15618,15618,15618,12,0
2023-04-24 15:15:28,15618,15618,15618,2,0
2023-04-24 15:15:32,15619,15619,15619,2,2
2023-04-24 15:15:32,15617,15617,15617,2,-2
2023-04-24 15:15:51,15618,15618,15618,2,2
2023-04-24 15:15:52,15619,15619,15619,2,2
2023-04-24 15:15:53,15619,15619,15619,8,0
2023-04-24 15:15:53,15620,15620,15620,4,4
2023-04-24 15:15:53,15620,15620,15620,8,0
2023-04-24 15:15:57,15620,15620,15620,2,0
2023-04-24 15:15:57,15620,15620,15620,2,0
2023-04-24 15:15:59,15621,15621,15621,2,2
2023-04-24 15:16:00,15621,15621,15621,2,0
2023-04-24 15:16:00,15620,15620,15620,2,-2
2023-04-24 15:16:01,15620,15620,15620,2,0
2023-04-24 15:16:03,15620,15620,15620,2,0
2023-04-24 15:16:04,15620,15620,15620,2,0
2023-04-24 15:16:11,15621,15621,15621,2,2
2023-04-24 15:16:11,15622,15622,15622,8,8
2023-04-24 15:16:16,15620,15620,15620,2,-2
2023-04-24 15:16:16,15620,15620,15620,4,0
2023-04-24 15:16:16,15620,15620,15620,2,0
2023-04-24 15:16:20,15621,15621,15621,2,2
2023-04-24 15:16:25,15621,15621,15621,2,0
2023-04-24 15:16:27,15621,15621,15621,2,0
2023-04-24 15:16:27,15621,15621,15621,2,0
2023-04-24 15:16:29,15621,15621,15621,2,0
2023-04-24 15:16:31,15620,15620,15620,2,-2
2023-04-24 15:16:31,15620,15620,15620,2,0
2023-04-24 15:16:31,15620,15620,15620,2,0
2023-04-24 15:16:32,15620,15620,15620,2,0
2023-04-24 15:16:32,15620,15620,15620,2,0
2023-04-24 15:16:32,15620,15620,15620,2,0
2023-04-24 15:16:33,15620,15620,15620,2,0
2023-04-24 15:16:33,15620,15620,15620,2,0
2023-04-24 15:16:34,15620,15620,15620,2,0
2023-04-24 15:16:35,15620,15620,15620,2,0
2023-04-24 15:16:35,15620,15620,15620,2,0
2023-04-24 15:16:35,15619,15619,15619,2,-2
2023-04-24 15:16:36,15619,15619,15619,2,0
2023-04-24 15:16:42,15620,15620,15620,2,2
2023-04-24 15:16:42,15619,15619,15619,2,-2
2023-04-24 15:16:42,15619,15619,15619,6,0
2023-04-24 15:16:42,15619,15619,15619,6,0
2023-04-24 15:16:42,15619,15619,15619,2,0
2023-04-24 15:16:42,15619,15619,15619,4,0
2023-04-24 15:16:42,15619,15619,15619,2,0
2023-04-24 15:16:42,15619,15619,15619,6,0
2023-04-24 15:16:42,15619,15619,15619,2,0
2023-04-24 15:16:42,15619,15619,15619,2,0
2023-04-24 15:16:42,15619,15619,15619,8,0
2023-04-24 15:16:44,15619,15619,15619,2,0
2023-04-24 15:16:44,15617,15617,15617,2,-2
2023-04-24 15:16:44,15617,15617,15617,2,0
2023-04-24 15:16:45,15619,15619,15619,2,2
2023-04-24 15:16:50,15617,15617,15617,2,-2
2023-04-24 15:16:51,15619,15619,15619,2,2
2023-04-24 15:16:52,15618,15618,15618,2,-2
2023-04-24 15:16:55,15617,15617,15617,2,-2
2023-04-24 15:16:56,15617,15617,15617,2,0
2023-04-24 15:16:58,15617,15617,15617,2,0
2023-04-24 15:17:01,15618,15618,15618,2,2
2023-04-24 15:17:02,15617,15617,15617,2,-2
2023-04-24 15:17:08,15618,15618,15618,2,2
2023-04-24 15:17:19,15617,15617,15617,2,-2
2023-04-24 15:17:19,15617,15617,15617,2,0
2023-04-24 15:17:19,15617,15617,15617,2,0
2023-04-24 15:17:19,15617,15617,15617,2,0
2023-04-24 15:17:19,15617,15617,15617,2,0
2023-04-24 15:17:19,15617,15617,15617,2,0
2023-04-24 15:17:19,15617,15617,15617,2,0
2023-04-24 15:17:40,15616,15616,15616,2,-2
2023-04-24 15:17:41,15617,15617,15617,2,2
2023-04-24 15:17:50,15617,15617,15617,6,0
2023-04-24 15:17:55,15618,15618,15618,2,2
2023-04-24 15:18:11,15618,15618,15618,2,0
2023-04-24 15:18:18,15617,15617,15617,2,-2
2023-04-24 15:18:22,15618,15618,15618,2,2
2023-04-24 15:18:26,15617,15617,15617,2,-2
2023-04-24 15:18:27,15618,15618,15618,2,2
2023-04-24 15:18:29,15617,15617,15617,2,-2
2023-04-24 15:18:29,15616,15616,15616,2,-2
2023-04-24 15:18:30,15616,15616,15616,6,0
2023-04-24 15:18:31,15617,15617,15617,2,2
2023-04-24 15:18:52,15617,15617,15617,2,0
2023-04-24 15:18:59,15617,15617,15617,4,0
2023-04-24 15:19:01,15617,15617,15617,4,0
2023-04-24 15:19:13,15618,15618,15618,2,2
2023-04-24 15:19:15,15618,15618,15618,2,0
2023-04-24 15:19:27,15619,15619,15619,2,2
2023-04-24 15:19:27,15619,15619,15619,4,0
2023-04-24 15:19:27,15619,15619,15619,18,0
2023-04-24 15:19:27,15619,15619,15619,4,0
2023-04-24 15:19:28,15620,15620,15620,2,2
2023-04-24 15:19:29,15620,15620,15620,2,0
2023-04-24 15:19:40,15619,15619,15619,2,-2
2023-04-24 15:20:09,15619,15619,15619,2,0
2023-04-24 15:20:10,15619,15619,15619,2,0
2023-04-24 15:20:10,15619,15619,15619,2,0
2023-04-24 15:20:17,15619,15619,15619,2,0
2023-04-24 15:20:17,15619,15619,15619,4,0
2023-04-24 15:20:22,15619,15619,15619,2,0
2023-04-24 15:20:22,15619,15619,15619,2,0
2023-04-24 15:20:26,15619,15619,15619,2,0
2023-04-24 15:20:38,15619,15619,15619,2,0
2023-04-24 15:20:41,15619,15619,15619,2,0
2023-04-24 15:20:44,15619,15619,15619,2,0
2023-04-24 15:20:46,15619,15619,15619,2,0
2023-04-24 15:20:53,15619,15619,15619,2,0
2023-04-24 15:21:07,15620,15620,15620,2,2
2023-04-24 15:21:07,15620,15620,15620,2,0
2023-04-24 15:21:07,15620,15620,15620,2,0
2023-04-24 15:21:07,15620,15620,15620,26,0
2023-04-24 15:21:12,15621,15621,15621,2,2
2023-04-24 15:21:14,15621,15621,15621,2,0
2023-04-24 15:21:15,15622,15622,15622,2,2
2023-04-24 15:21:18,15622,15622,15622,4,0
2023-04-24 15:21:20,15622,15622,15622,6,0
2023-04-24 15:21:21,15622,15622,15622,2,0
2023-04-24 15:21:21,15622,15622,15622,2,0
2023-04-24 15:21:22,15623,15623,15623,14,14
2023-04-24 15:21:22,15624,15624,15624,2,2
2023-04-24 15:21:24,15622,15622,15622,2,-2
2023-04-24 15:21:28,15622,15622,15622,2,0
2023-04-24 15:21:31,15623,15623,15623,2,2
2023-04-24 15:21:40,15624,15624,15624,30,30
2023-04-24 15:21:40,15624,15624,15624,4,0
2023-04-24 15:21:44,15624,15624,15624,2,0
2023-04-24 15:21:50,15623,15623,15623,2,-2
2023-04-24 15:21:50,15623,15623,15623,2,0
2023-04-24 15:21:51,15623,15623,15623,2,0
2023-04-24 15:21:59,15624,15624,15624,2,2
2023-04-24 15:22:00,15624,15624,15624,4,0
2023-04-24 15:22:17,15624,15624,15624,2,0
2023-04-24 15:22:22,15624,15624,15624,2,0
2023-04-24 15:22:24,15624,15624,15624,2,0
2023-04-24 15:22:30,15625,15625,15625,2,2
2023-04-24 15:22:35,15625,15625,15625,2,0
2023-04-24 15:22:40,15625,15625,15625,2,0
2023-04-24 15:22:42,15625,15625,15625,32,0
2023-04-24 15:22:48,15626,15626,15626,12,12
2023-04-24 15:22:48,15626,15626,15626,2,0
2023-04-24 15:22:48,15626,15626,15626,4,0
2023-04-24 15:22:48,15626,15626,15626,6,0
2023-04-24 15:22:48,15626,15626,15626,2,0
2023-04-24 15:22:48,15626,15626,15626,2,0
2023-04-24 15:22:54,15627,15627,15627,8,8
2023-04-24 15:22:54,15627,15627,15627,2,0
2023-04-24 15:22:54,15627,15627,15627,2,0
2023-04-24 15:22:54,15627,15627,15627,2,0
2023-04-24 15:22:55,15627,15627,15627,2,0
2023-04-24 15:22:57,15627,15627,15627,2,0
2023-04-24 15:22:58,15627,15627,15627,2,0
2023-04-24 15:22:59,15628,15628,15628,2,2
2023-04-24 15:23:02,15628,15628,15628,10,0
2023-04-24 15:23:02,15627,15627,15627,2,-2
2023-04-24 15:23:02,15628,15628,15628,2,2
2023-04-24 15:23:02,15627,15627,15627,2,-2
2023-04-24 15:23:02,15627,15627,15627,2,0
2023-04-24 15:23:03,15628,15628,15628,2,2
2023-04-24 15:23:03,15628,15628,15628,2,0
2023-04-24 15:23:03,15627,15627,15627,4,-4
2023-04-24 15:23:04,15628,15628,15628,2,2
2023-04-24 15:23:05,15628,15628,15628,10,0
2023-04-24 15:23:06,15628,15628,15628,2,0
2023-04-24 15:23:07,15628,15628,15628,2,0
2023-04-24 15:23:08,15628,15628,15628,2,0
2023-04-24 15:23:09,15627,15627,15627,2,-2
2023-04-24 15:23:10,15628,15628,15628,4,4
2023-04-24 15:23:10,15627,15627,15627,2,-2
2023-04-24 15:23:12,15627,15627,15627,2,0
2023-04-24 15:23:12,15627,15627,15627,2,0
2023-04-24 15:23:13,15628,15628,15628,4,4
2023-04-24 15:23:14,15628,15628,15628,2,0
2023-04-24 15:23:16,15627,15627,15627,2,-2
2023-04-24 15:23:19,15628,15628,15628,2,2
2023-04-24 15:23:19,15628,15628,15628,2,0
2023-04-24 15:23:21,15627,15627,15627,2,-2
2023-04-24 15:23:21,15628,15628,15628,2,2
2023-04-24 15:23:21,15628,15628,15628,2,0
2023-04-24 15:23:31,15628,15628,15628,10,0
2023-04-24 15:23:32,15628,15628,15628,2,0
2023-04-24 15:23:33,15628,15628,15628,2,0
2023-04-24 15:23:37,15628,15628,15628,6,0
2023-04-24 15:23:38,15628,15628,15628,2,0
2023-04-24 15:23:38,15628,15628,15628,2,0
2023-04-24 15:23:40,15629,15629,15629,8,8
2023-04-24 15:23:41,15628,15628,15628,2,-2
2023-04-24 15:23:45,15628,15628,15628,2,0
2023-04-24 15:23:51,15628,15628,15628,2,0
2023-04-24 15:23:51,15628,15628,15628,2,0
2023-04-24 15:23:57,15628,15628,15628,2,0
2023-04-24 15:23:57,15628,15628,15628,20,0
2023-04-24 15:24:00,15628,15628,15628,4,0
2023-04-24 15:24:00,15628,15628,15628,2,0
2023-04-24 15:24:01,15627,15627,15627,2,-2
2023-04-24 15:24:03,15627,15627,15627,2,0
2023-04-24 15:24:04,15627,15627,15627,2,0
2023-04-24 15:24:04,15627,15627,15627,2,0
2023-04-24 15:24:10,15627,15627,15627,2,0
2023-04-24 15:24:19,15627,15627,15627,2,0
2023-04-24 15:24:21,15627,15627,15627,2,0
2023-04-24 15:24:25,15626,15626,15626,2,-2
2023-04-24 15:24:28,15626,15626,15626,2,0
2023-04-24 15:24:37,15626,15626,15626,2,0
2023-04-24 15:24:41,15626,15626,15626,2,0
2023-04-24 15:24:44,15626,15626,15626,2,0
2023-04-24 15:24:50,15626,15626,15626,2,0
2023-04-24 15:24:53,15627,15627,15627,8,8
2023-04-24 15:24:53,15627,15627,15627,2,0
2023-04-24 15:24:53,15628,15628,15628,2,2
2023-04-24 15:24:53,15628,15628,15628,8,0
2023-04-24 15:24:53,15628,15628,15628,2,0
2023-04-24 15:24:53,15628,15628,15628,2,0
2023-04-24 15:24:53,15628,15628,15628,6,0
2023-04-24 15:24:53,15628,15628,15628,34,0
2023-04-24 15:24:54,15629,15629,15629,36,36
2023-04-24 15:24:54,15629,15629,15629,6,0
2023-04-24 15:24:55,15630,15630,15630,10,10
2023-04-24 15:24:55,15630,15630,15630,2,0
2023-04-24 15:24:55,15630,15630,15630,2,0
2023-04-24 15:24:55,15630,15630,15630,12,0
2023-04-24 15:24:55,15630,15630,15630,2,0
2023-04-24 15:24:55,15630,15630,15630,2,0
2023-04-24 15:24:55,15630,15630,15630,8,0
2023-04-24 15:24:55,15630,15630,15630,2,0
2023-04-24 15:24:55,15630,15630,15630,2,0
2023-04-24 15:24:55,15630,15630,15630,2,0
2023-04-24 15:24:55,15630,15630,15630,2,0
2023-04-24 15:24:55,15630,15630,15630,8,0
2023-04-24 15:24:55,15630,15630,15630,2,0
2023-04-24 15:24:55,15630,15630,15630,4,0
2023-04-24 15:24:57,15630,15630,15630,2,0
2023-04-24 15:25:00,15631,15631,15631,16,16
2023-04-24 15:25:00,15631,15631,15631,2,0
2023-04-24 15:25:01,15632,15632,15632,14,14
2023-04-24 15:25:01,15632,15632,15632,2,0
2023-04-24 15:25:01,15633,15633,15633,4,4
2023-04-24 15:25:01,15633,15633,15633,2,0
2023-04-24 15:25:01,15633,15633,15633,2,0
2023-04-24 15:25:01,15633,15633,15633,2,0
2023-04-24 15:25:01,15633,15633,15633,2,0
2023-04-24 15:25:01,15633,15633,15633,2,0
2023-04-24 15:25:01,15633,15633,15633,4,0
2023-04-24 15:25:01,15633,15633,15633,12,0
2023-04-24 15:25:01,15634,15634,15634,4,4
2023-04-24 15:25:01,15634,15634,15634,8,0
2023-04-24 15:25:01,15634,15634,15634,2,0
2023-04-24 15:25:01,15634,15634,15634,4,0
2023-04-24 15:25:01,15634,15634,15634,2,0
2023-04-24 15:25:01,15633,15633,15633,2,-2
2023-04-24 15:25:01,15634,15634,15634,14,14
2023-04-24 15:25:01,15634,15634,15634,4,0
2023-04-24 15:25:01,15635,15635,15635,2,2
2023-04-24 15:25:01,15635,15635,15635,2,0
2023-04-24 15:25:01,15635,15635,15635,2,0
2023-04-24 15:25:01,15635,15635,15635,2,0
2023-04-24 15:25:01,15635,15635,15635,2,0
2023-04-24 15:25:01,15635,15635,15635,2,0
2023-04-24 15:25:01,15635,15635,15635,2,0
2023-04-24 15:25:01,15634,15634,15634,2,-2
2023-04-24 15:25:01,15634,15634,15634,2,0
2023-04-24 15:25:01,15634,15634,15634,2,0
2023-04-24 15:25:01,15634,15634,15634,4,0
2023-04-24 15:25:02,15634,15634,15634,2,0
2023-04-24 15:25:02,15634,15634,15634,2,0
2023-04-24 15:25:03,15633,15633,15633,2,-2
2023-04-24 15:25:03,15633,15633,15633,2,0
2023-04-24 15:25:04,15633,15633,15633,2,0
2023-04-24 15:25:04,15633,15633,15633,2,0
2023-04-24 15:25:04,15633,15633,15633,2,0
2023-04-24 15:25:05,15634,15634,15634,2,2
2023-04-24 15:25:05,15633,15633,15633,2,-2
2023-04-24 15:25:06,15632,15632,15632,2,-2
2023-04-24 15:25:07,15633,15633,15633,2,2
2023-04-24 15:25:08,15631,15631,15631,2,-2
2023-04-24 15:25:08,15633,15633,15633,2,2
2023-04-24 15:25:10,15633,15633,15633,6,0
2023-04-24 15:25:10,15633,15633,15633,2,0
2023-04-24 15:25:10,15633,15633,15633,2,0
2023-04-24 15:25:11,15634,15634,15634,2,2
2023-04-24 15:25:12,15634,15634,15634,2,0
2023-04-24 15:25:17,15633,15633,15633,8,-8
2023-04-24 15:25:18,15633,15633,15633,2,0
2023-04-24 15:25:21,15633,15633,15633,2,0
2023-04-24 15:25:22,15632,15632,15632,2,-2
2023-04-24 15:25:25,15633,15633,15633,2,2
2023-04-24 15:25:28,15633,15633,15633,2,0
2023-04-24 15:25:37,15633,15633,15633,4,0
2023-04-24 15:25:40,15633,15633,15633,4,0
2023-04-24 15:25:40,15632,15632,15632,2,-2
2023-04-24 15:25:40,15632,15632,15632,6,0
2023-04-24 15:25:40,15632,15632,15632,2,0
2023-04-24 15:25:45,15633,15633,15633,2,2
2023-04-24 15:25:45,15633,15633,15633,24,0
2023-04-24 15:25:46,15633,15633,15633,6,0
2023-04-24 15:25:53,15633,15633,15633,4,0
2023-04-24 15:25:55,15632,15632,15632,2,-2
2023-04-24 15:25:56,15633,15633,15633,2,2
2023-04-24 15:25:59,15633,15633,15633,2,0
2023-04-24 15:26:00,15633,15633,15633,2,0
2023-04-24 15:26:00,15633,15633,15633,2,0
2023-04-24 15:26:02,15633,15633,15633,6,0
2023-04-24 15:26:07,15633,15633,15633,14,0
2023-04-24 15:26:11,15633,15633,15633,2,0
2023-04-24 15:26:12,15633,15633,15633,2,0
2023-04-24 15:26:12,15633,15633,15633,2,0
2023-04-24 15:26:20,15633,15633,15633,2,0
2023-04-24 15:26:20,15634,15634,15634,2,2
2023-04-24 15:26:22,15634,15634,15634,2,0
2023-04-24 15:26:22,15634,15634,15634,16,0
2023-04-24 15:26:23,15634,15634,15634,2,0
2023-04-24 15:26:32,15634,15634,15634,2,0
2023-04-24 15:26:32,15634,15634,15634,2,0
2023-04-24 15:26:35,15634,15634,15634,2,0
2023-04-24 15:26:36,15633,15633,15633,2,-2
2023-04-24 15:26:36,15634,15634,15634,2,2
2023-04-24 15:26:36,15634,15634,15634,2,0
2023-04-24 15:26:36,15634,15634,15634,2,0
2023-04-24 15:26:40,15634,15634,15634,2,0
2023-04-24 15:26:41,15634,15634,15634,2,0
2023-04-24 15:26:43,15633,15633,15633,2,-2
2023-04-24 15:26:44,15634,15634,15634,2,2
2023-04-24 15:26:45,15634,15634,15634,2,0
2023-04-24 15:26:50,15633,15633,15633,2,-2
2023-04-24 15:26:50,15633,15633,15633,2,0
2023-04-24 15:26:50,15633,15633,15633,4,0
2023-04-24 15:26:50,15633,15633,15633,2,0
2023-04-24 15:26:50,15633,15633,15633,6,0
2023-04-24 15:26:50,15633,15633,15633,4,0
2023-04-24 15:26:50,15633,15633,15633,2,0
2023-04-24 15:26:50,15633,15633,15633,2,0
2023-04-24 15:26:50,15633,15633,15633,2,0
2023-04-24 15:26:50,15633,15633,15633,2,0
2023-04-24 15:26:50,15633,15633,15633,2,0
2023-04-24 15:26:55,15634,15634,15634,2,2
2023-04-24 15:27:00,15634,15634,15634,2,0
2023-04-24 15:27:01,15633,15633,15633,2,-2
2023-04-24 15:27:03,15633,15633,15633,2,0
2023-04-24 15:27:07,15634,15634,15634,2,2
2023-04-24 15:27:09,15634,15634,15634,34,0
2023-04-24 15:27:10,15635,15635,15635,2,2
2023-04-24 15:27:10,15634,15634,15634,2,-2
2023-04-24 15:27:11,15634,15634,15634,2,0
2023-04-24 15:27:11,15634,15634,15634,2,0
2023-04-24 15:27:13,15634,15634,15634,2,0
2023-04-24 15:27:14,15634,15634,15634,2,0
2023-04-24 15:27:20,15635,15635,15635,6,6
2023-04-24 15:27:20,15635,15635,15635,6,0
2023-04-24 15:27:20,15635,15635,15635,2,0
2023-04-24 15:27:20,15635,15635,15635,6,0
2023-04-24 15:27:20,15635,15635,15635,2,0
2023-04-24 15:27:20,15635,15635,15635,6,0
2023-04-24 15:27:20,15635,15635,15635,10,0
2023-04-24 15:27:21,15635,15635,15635,2,0
2023-04-24 15:27:23,15636,15636,15636,8,8
2023-04-24 15:27:27,15636,15636,15636,2,0
2023-04-24 15:27:28,15636,15636,15636,2,0
2023-04-24 15:27:28,15636,15636,15636,2,0
2023-04-24 15:27:28,15635,15635,15635,2,-2
2023-04-24 15:27:29,15635,15635,15635,2,0
2023-04-24 15:27:29,15635,15635,15635,2,0
2023-04-24 15:27:29,15635,15635,15635,6,0
2023-04-24 15:27:29,15635,15635,15635,2,0
2023-04-24 15:27:29,15635,15635,15635,2,0
2023-04-24 15:27:29,15635,15635,15635,2,0
2023-04-24 15:27:29,15635,15635,15635,4,0
2023-04-24 15:27:29,15635,15635,15635,2,0
2023-04-24 15:27:29,15635,15635,15635,2,0
2023-04-24 15:27:29,15635,15635,15635,2,0
2023-04-24 15:27:31,15634,15634,15634,2,-2
2023-04-24 15:27:34,15634,15634,15634,2,0
2023-04-24 15:27:34,15635,15635,15635,2,2
2023-04-24 15:27:37,15635,15635,15635,2,0
2023-04-24 15:27:38,15634,15634,15634,2,-2
2023-04-24 15:27:40,15635,15635,15635,4,4
2023-04-24 15:27:41,15634,15634,15634,2,-2
2023-04-24 15:27:41,15635,15635,15635,4,4
2023-04-24 15:27:43,15634,15634,15634,2,-2
2023-04-24 15:27:47,15635,15635,15635,20,20
2023-04-24 15:27:52,15635,15635,15635,2,0
2023-04-24 15:27:52,15635,15635,15635,2,0
2023-04-24 15:27:53,15635,15635,15635,6,0
2023-04-24 15:27:57,15635,15635,15635,4,0
2023-04-24 15:27:58,15634,15634,15634,2,-2
2023-04-24 15:28:04,15634,15634,15634,2,0
2023-04-24 15:28:04,15634,15634,15634,4,0
2023-04-24 15:28:04,15634,15634,15634,2,0
2023-04-24 15:28:04,15634,15634,15634,2,0
2023-04-24 15:28:04,15634,15634,15634,2,0
2023-04-24 15:28:04,15634,15634,15634,2,0
2023-04-24 15:28:07,15634,15634,15634,2,0
2023-04-24 15:28:11,15634,15634,15634,2,0
2023-04-24 15:28:15,15633,15633,15633,2,-2
2023-04-24 15:28:15,15633,15633,15633,2,0
2023-04-24 15:28:15,15633,15633,15633,2,0
2023-04-24 15:28:15,15633,15633,15633,2,0
2023-04-24 15:28:15,15633,15633,15633,2,0
2023-04-24 15:28:22,15633,15633,15633,2,0
2023-04-24 15:28:22,15634,15634,15634,2,2
2023-04-24 15:28:23,15633,15633,15633,2,-2
2023-04-24 15:28:30,15633,15633,15633,2,0
2023-04-24 15:28:31,15633,15633,15633,2,0
2023-04-24 15:28:32,15633,15633,15633,2,0
2023-04-24 15:28:35,15633,15633,15633,2,0
2023-04-24 15:28:35,15633,15633,15633,2,0
2023-04-24 15:28:40,15633,15633,15633,2,0
2023-04-24 15:28:45,15633,15633,15633,2,0
2023-04-24 15:28:50,15633,15633,15633,2,0
2023-04-24 15:28:50,15633,15633,15633,2,0
2023-04-24 15:29:00,15633,15633,15633,2,0
2023-04-24 15:29:00,15633,15633,15633,2,0
2023-04-24 15:29:00,15634,15634,15634,2,2
2023-04-24 15:29:06,15633,15633,15633,2,-2
2023-04-24 15:29:09,15633,15633,15633,2,0
2023-04-24 15:29:22,15633,15633,15633,2,0
2023-04-24 15:29:23,15633,15633,15633,2,0
2023-04-24 15:29:33,15633,15633,15633,2,0
2023-04-24 15:29:33,15633,15633,15633,2,0
2023-04-24 15:29:33,15633,15633,15633,2,0
2023-04-24 15:29:33,15633,15633,15633,2,0
2023-04-24 15:29:33,15633,15633,15633,2,0
2023-04-24 15:29:48,15633,15633,15633,2,0
2023-04-24 15:29:53,15633,15633,15633,2,0
2023-04-24 15:29:53,15632,15632,15632,2,-2
2023-04-24 15:30:01,15633,15633,15633,2,2
2023-04-24 15:30:01,15633,15633,15633,2,0
2023-04-24 15:30:01,15634,15634,15634,2,2
2023-04-24 15:30:01,15633,15633,15633,2,-2
2023-04-24 15:30:01,15633,15633,15633,2,0
2023-04-24 15:30:01,15634,15634,15634,16,16
2023-04-24 15:30:02,15633,15633,15633,2,-2
2023-04-24 15:30:02,15634,15634,15634,2,2
2023-04-24 15:30:11,15634,15634,15634,2,0
2023-04-24 15:30:17,15634,15634,15634,2,0
2023-04-24 15:30:18,15635,15635,15635,8,8
2023-04-24 15:30:18,15635,15635,15635,8,0
2023-04-24 15:30:18,15635,15635,15635,6,0
2023-04-24 15:30:27,15636,15636,15636,2,2
2023-04-24 15:30:28,15636,15636,15636,4,0
2023-04-24 15:30:28,15636,15636,15636,4,0
2023-04-24 15:30:28,15636,15636,15636,2,0
2023-04-24 15:30:28,15636,15636,15636,2,0
2023-04-24 15:30:28,15636,15636,15636,8,0
2023-04-24 15:30:28,15636,15636,15636,2,0
2023-04-24 15:30:28,15636,15636,15636,4,0
2023-04-24 15:30:28,15636,15636,15636,4,0
2023-04-24 15:30:35,15635,15635,15635,10,-10
2023-04-24 15:30:35,15635,15635,15635,2,0
2023-04-24 15:30:38,15634,15634,15634,4,-4
2023-04-24 15:30:38,15635,15635,15635,4,4
2023-04-24 15:30:38,15635,15635,15635,2,0
2023-04-24 15:30:42,15634,15634,15634,8,-8
2023-04-24 15:30:43,15634,15634,15634,2,0
2023-04-24 15:30:43,15634,15634,15634,2,0
2023-04-24 15:30:44,15634,15634,15634,10,0
2023-04-24 15:30:50,15634,15634,15634,32,0
2023-04-24 15:30:50,15634,15634,15634,2,0
2023-04-24 15:30:50,15634,15634,15634,2,0
2023-04-24 15:30:50,15634,15634,15634,2,0
2023-04-24 15:30:50,15633,15633,15633,2,-2
2023-04-24 15:30:50,15633,15633,15633,6,0
2023-04-24 15:30:50,15633,15633,15633,6,0
2023-04-24 15:30:50,15633,15633,15633,4,0
2023-04-24 15:30:50,15633,15633,15633,4,0
2023-04-24 15:30:50,15633,15633,15633,2,0
2023-04-24 15:30:50,15633,15633,15633,6,0
2023-04-24 15:30:50,15633,15633,15633,2,0
2023-04-24 15:30:50,15633,15633,15633,2,0
2023-04-24 15:30:50,15633,15633,15633,2,0
2023-04-24 15:30:50,15633,15633,15633,2,0
2023-04-24 15:30:59,15633,15633,15633,2,0
2023-04-24 15:30:59,15632,15632,15632,2,-2
2023-04-24 15:31:02,15633,15633,15633,2,2
2023-04-24 15:31:06,15634,15634,15634,2,2
2023-04-24 15:31:06,15634,15634,15634,10,0
2023-04-24 15:31:06,15634,15634,15634,10,0
2023-04-24 15:31:09,15635,15635,15635,4,4
2023-04-24 15:31:16,15634,15634,15634,2,-2
2023-04-24 15:31:16,15634,15634,15634,4,0
2023-04-24 15:31:16,15634,15634,15634,10,0
2023-04-24 15:31:18,15635,15635,15635,2,2
2023-04-24 15:31:18,15635,15635,15635,2,0
2023-04-24 15:31:19,15635,15635,15635,2,0
2023-04-24 15:31:21,15635,15635,15635,4,0
2023-04-24 15:31:23,15635,15635,15635,2,0
2023-04-24 15:31:24,15635,15635,15635,2,0
2023-04-24 15:31:27,15636,15636,15636,2,2
2023-04-24 15:31:27,15636,15636,15636,20,0
2023-04-24 15:31:27,15636,15636,15636,2,0
2023-04-24 15:31:27,15636,15636,15636,16,0
2023-04-24 15:31:27,15636,15636,15636,4,0
2023-04-24 15:31:27,15636,15636,15636,2,0
2023-04-24 15:31:27,15636,15636,15636,2,0
2023-04-24 15:31:27,15636,15636,15636,6,0
2023-04-24 15:31:27,15636,15636,15636,2,0
2023-04-24 15:31:27,15636,15636,15636,2,0
2023-04-24 15:31:27,15637,15637,15637,6,6
2023-04-24 15:31:27,15637,15637,15637,2,0
2023-04-24 15:31:28,15636,15636,15636,2,-2
2023-04-24 15:31:28,15636,15636,15636,2,0
2023-04-24 15:31:28,15636,15636,15636,2,0
2023-04-24 15:31:29,15637,15637,15637,2,2
2023-04-24 15:31:31,15637,15637,15637,2,0
2023-04-24 15:31:42,15637,15637,15637,4,0
2023-04-24 15:31:43,15637,15637,15637,2,0
2023-04-24 15:31:44,15637,15637,15637,2,0
2023-04-24 15:31:49,15637,15637,15637,2,0
2023-04-24 15:31:50,15637,15637,15637,2,0
2023-04-24 15:31:50,15637,15637,15637,8,0
2023-04-24 15:31:53,15638,15638,15638,4,4
2023-04-24 15:31:53,15638,15638,15638,2,0
2023-04-24 15:31:54,15638,15638,15638,2,0
2023-04-24 15:31:54,15638,15638,15638,4,0
2023-04-24 15:31:55,15637,15637,15637,2,-2
2023-04-24 15:31:58,15638,15638,15638,2,2
2023-04-24 15:32:00,15638,15638,15638,4,0
2023-04-24 15:32:00,15638,15638,15638,2,0
2023-04-24 15:32:00,15638,15638,15638,2,0
2023-04-24 15:32:01,15638,15638,15638,2,0
2023-04-24 15:32:01,15638,15638,15638,6,0
2023-04-24 15:32:02,15638,15638,15638,4,0
2023-04-24 15:32:03,15638,15638,15638,2,0
2023-04-24 15:32:04,15638,15638,15638,2,0
2023-04-24 15:32:04,15638,15638,15638,2,0
2023-04-24 15:32:05,15638,15638,15638,2,0
2023-04-24 15:32:05,15637,15637,15637,4,-4
2023-04-24 15:32:05,15637,15637,15637,2,0
2023-04-24 15:32:05,15637,15637,15637,2,0
2023-04-24 15:32:05,15637,15637,15637,2,0
2023-04-24 15:32:05,15637,15637,15637,2,0
2023-04-24 15:32:06,15637,15637,15637,16,0
2023-04-24 15:32:07,15638,15638,15638,4,4
2023-04-24 15:32:07,15638,15638,15638,2,0
2023-04-24 15:32:08,15636,15636,15636,2,-2
2023-04-24 15:32:08,15636,15636,15636,2,0
2023-04-24 15:32:08,15636,15636,15636,2,0
2023-04-24 15:32:08,15636,15636,15636,6,0
2023-04-24 15:32:08,15636,15636,15636,6,0
2023-04-24 15:32:08,15636,15636,15636,2,0
2023-04-24 15:32:08,15636,15636,15636,2,0
2023-04-24 15:32:08,15636,15636,15636,2,0
2023-04-24 15:32:08,15636,15636,15636,2,0
2023-04-24 15:32:08,15635,15635,15635,6,-6
2023-04-24 15:32:08,15635,15635,15635,2,0
2023-04-24 15:32:08,15635,15635,15635,6,0
2023-04-24 15:32:08,15635,15635,15635,20,0
2023-04-24 15:32:08,15635,15635,15635,2,0
2023-04-24 15:32:08,15635,15635,15635,2,0
2023-04-24 15:32:08,15635,15635,15635,6,0
2023-04-24 15:32:08,15635,15635,15635,2,0
2023-04-24 15:32:08,15635,15635,15635,2,0
2023-04-24 15:32:08,15635,15635,15635,2,0
2023-04-24 15:32:08,15635,15635,15635,2,0
2023-04-24 15:32:08,15635,15635,15635,4,0
2023-04-24 15:32:08,15635,15635,15635,2,0
2023-04-24 15:32:08,15635,15635,15635,2,0
2023-04-24 15:32:08,15635,15635,15635,2,0
2023-04-24 15:32:08,15635,15635,15635,2,0
2023-04-24 15:32:08,15635,15635,15635,10,0
2023-04-24 15:32:08,15635,15635,15635,2,0
2023-04-24 15:32:08,15635,15635,15635,2,0
2023-04-24 15:32:08,15635,15635,15635,2,0
2023-04-24 15:32:18,15636,15636,15636,2,2
2023-04-24 15:32:20,15636,15636,15636,2,0
2023-04-24 15:32:25,15635,15635,15635,4,-4
2023-04-24 15:32:25,15635,15635,15635,6,0
2023-04-24 15:32:25,15635,15635,15635,6,0
2023-04-24 15:32:25,15635,15635,15635,2,0
2023-04-24 15:32:25,15635,15635,15635,2,0
2023-04-24 15:32:25,15635,15635,15635,2,0
2023-04-24 15:32:25,15635,15635,15635,2,0
2023-04-24 15:32:26,15636,15636,15636,2,2
2023-04-24 15:32:28,15636,15636,15636,2,0
2023-04-24 15:32:29,15636,15636,15636,2,0
2023-04-24 15:32:32,15635,15635,15635,2,-2
2023-04-24 15:32:41,15636,15636,15636,2,2
2023-04-24 15:32:41,15636,15636,15636,2,0
2023-04-24 15:32:41,15636,15636,15636,2,0
2023-04-24 15:32:51,15635,15635,15635,2,-2
2023-04-24 15:32:58,15634,15634,15634,20,-20
2023-04-24 15:32:58,15634,15634,15634,2,0
2023-04-24 15:32:58,15634,15634,15634,4,0
2023-04-24 15:32:58,15634,15634,15634,2,0
2023-04-24 15:33:03,15634,15634,15634,4,0
2023-04-24 15:33:16,15633,15633,15633,2,-2
2023-04-24 15:33:17,15633,15633,15633,2,0
2023-04-24 15:33:22,15633,15633,15633,2,0
2023-04-24 15:33:22,15633,15633,15633,2,0
2023-04-24 15:33:22,15633,15633,15633,2,0
2023-04-24 15:33:24,15633,15633,15633,12,0
2023-04-24 15:33:26,15633,15633,15633,2,0
2023-04-24 15:33:29,15633,15633,15633,2,0
2023-04-24 15:33:29,15634,15634,15634,2,2
2023-04-24 15:33:29,15632,15632,15632,2,-2
2023-04-24 15:33:29,15632,15632,15632,4,0
2023-04-24 15:33:29,15632,15632,15632,2,0
2023-04-24 15:33:29,15632,15632,15632,2,0
2023-04-24 15:33:32,15632,15632,15632,8,0
2023-04-24 15:33:36,15632,15632,15632,14,0
2023-04-24 15:33:36,15632,15632,15632,2,0
2023-04-24 15:33:36,15632,15632,15632,6,0
2023-04-24 15:33:36,15632,15632,15632,2,0
2023-04-24 15:33:36,15632,15632,15632,6,0
2023-04-24 15:33:36,15632,15632,15632,6,0
2023-04-24 15:33:36,15632,15632,15632,2,0
2023-04-24 15:33:36,15632,15632,15632,2,0
2023-04-24 15:33:36,15632,15632,15632,2,0
2023-04-24 15:33:36,15632,15632,15632,2,0
2023-04-24 15:33:36,15632,15632,15632,2,0
2023-04-24 15:33:36,15632,15632,15632,2,0
2023-04-24 15:33:36,15632,15632,15632,2,0
2023-04-24 15:33:41,15631,15631,15631,6,-6
2023-04-24 15:33:42,15632,15632,15632,2,2
2023-04-24 15:33:45,15631,15631,15631,2,-2
2023-04-24 15:33:45,15631,15631,15631,8,0
2023-04-24 15:33:45,15631,15631,15631,4,0
2023-04-24 15:33:45,15631,15631,15631,2,0
2023-04-24 15:33:45,15631,15631,15631,2,0
2023-04-24 15:33:45,15631,15631,15631,2,0
2023-04-24 15:33:45,15631,15631,15631,2,0
2023-04-24 15:33:45,15631,15631,15631,2,0
2023-04-24 15:33:45,15631,15631,15631,2,0
2023-04-24 15:33:45,15631,15631,15631,2,0
2023-04-24 15:33:45,15631,15631,15631,2,0
2023-04-24 15:33:45,15631,15631,15631,2,0
2023-04-24 15:33:46,15630,15630,15630,2,-2
2023-04-24 15:33:46,15630,15630,15630,2,0
2023-04-24 15:33:46,15630,15630,15630,4,0
2023-04-24 15:33:49,15630,15630,15630,2,0
2023-04-24 15:33:51,15631,15631,15631,2,2
2023-04-24 15:33:53,15630,15630,15630,4,-4
2023-04-24 15:33:53,15630,15630,15630,2,0
2023-04-24 15:33:53,15630,15630,15630,2,0
2023-04-24 15:33:54,15630,15630,15630,4,0
2023-04-24 15:33:55,15630,15630,15630,8,0
2023-04-24 15:33:55,15630,15630,15630,2,0
2023-04-24 15:33:55,15630,15630,15630,2,0
2023-04-24 15:33:55,15630,15630,15630,2,0
2023-04-24 15:33:55,15630,15630,15630,2,0
2023-04-24 15:33:55,15630,15630,15630,2,0
2023-04-24 15:33:55,15630,15630,15630,2,0
2023-04-24 15:33:56,15630,15630,15630,2,0
2023-04-24 15:33:57,15629,15629,15629,2,-2
2023-04-24 15:33:57,15629,15629,15629,2,0
2023-04-24 15:33:57,15629,15629,15629,2,0
2023-04-24 15:33:59,15629,15629,15629,2,0
2023-04-24 15:34:01,15628,15628,15628,2,-2
2023-04-24 15:34:01,15628,15628,15628,2,0
2023-04-24 15:34:02,15629,15629,15629,10,10
2023-04-24 15:34:02,15628,15628,15628,2,-2
2023-04-24 15:34:09,15628,15628,15628,2,0
2023-04-24 15:34:12,15629,15629,15629,2,2
2023-04-24 15:34:12,15628,15628,15628,2,-2
2023-04-24 15:34:15,15629,15629,15629,2,2
2023-04-24 15:34:23,15629,15629,15629,2,0
2023-04-24 15:34:23,15629,15629,15629,2,0
2023-04-24 15:34:23,15629,15629,15629,2,0
2023-04-24 15:34:23,15629,15629,15629,2,0
2023-04-24 15:34:23,15629,15629,15629,2,0
2023-04-24 15:34:23,15629,15629,15629,6,0
2023-04-24 15:34:23,15629,15629,15629,2,0
2023-04-24 15:34:23,15629,15629,15629,4,0
2023-04-24 15:34:23,15629,15629,15629,2,0
2023-04-24 15:34:23,15629,15629,15629,2,0
2023-04-24 15:34:24,15629,15629,15629,2,0
2023-04-24 15:34:29,15628,15628,15628,4,-4
2023-04-24 15:34:32,15628,15628,15628,2,0
2023-04-24 15:34:41,15629,15629,15629,14,14
2023-04-24 15:34:42,15629,15629,15629,2,0
2023-04-24 15:34:54,15629,15629,15629,4,0
2023-04-24 15:34:54,15629,15629,15629,2,0
2023-04-24 15:34:54,15629,15629,15629,2,0
2023-04-24 15:34:54,15629,15629,15629,2,0
2023-04-24 15:34:54,15629,15629,15629,2,0
2023-04-24 15:34:58,15629,15629,15629,2,0
2023-04-24 15:35:04,15630,15630,15630,2,2
2023-04-24 15:35:04,15630,15630,15630,2,0
2023-04-24 15:35:10,15630,15630,15630,2,0
2023-04-24 15:35:11,15631,15631,15631,2,2
2023-04-24 15:35:14,15631,15631,15631,2,0
2023-04-24 15:35:25,15632,15632,15632,20,20
2023-04-24 15:35:26,15631,15631,15631,2,-2
2023-04-24 15:35:31,15631,15631,15631,2,0
2023-04-24 15:35:31,15632,15632,15632,2,2
2023-04-24 15:35:43,15632,15632,15632,2,0
2023-04-24 15:35:43,15632,15632,15632,2,0
2023-04-24 15:35:45,15633,15633,15633,6,6
2023-04-24 15:35:45,15633,15633,15633,6,0
2023-04-24 15:35:47,15634,15634,15634,10,10
2023-04-24 15:35:50,15634,15634,15634,6,0
2023-04-24 15:35:50,15635,15635,15635,6,6
2023-04-24 15:35:52,15635,15635,15635,2,0
2023-04-24 15:35:53,15635,15635,15635,2,0
2023-04-24 15:35:53,15635,15635,15635,2,0
2023-04-24 15:35:53,15635,15635,15635,2,0
2023-04-24 15:35:53,15635,15635,15635,2,0
2023-04-24 15:35:53,15635,15635,15635,2,0
2023-04-24 15:35:55,15635,15635,15635,6,0
2023-04-24 15:35:58,15634,15634,15634,20,-20
2023-04-24 15:35:58,15634,15634,15634,2,0
2023-04-24 15:36:00,15634,15634,15634,30,0
2023-04-24 15:36:00,15634,15634,15634,8,0
2023-04-24 15:36:00,15635,15635,15635,2,2
2023-04-24 15:36:07,15633,15633,15633,6,-6
2023-04-24 15:36:07,15634,15634,15634,2,2
2023-04-24 15:36:22,15632,15632,15632,2,-2
2023-04-24 15:36:27,15632,15632,15632,2,0
2023-04-24 15:36:29,15634,15634,15634,6,6
2023-04-24 15:36:34,15634,15634,15634,2,0
2023-04-24 15:36:38,15634,15634,15634,2,0
2023-04-24 15:36:42,15634,15634,15634,2,0
2023-04-24 15:36:49,15635,15635,15635,8,8
2023-04-24 15:36:50,15635,15635,15635,2,0
2023-04-24 15:36:50,15635,15635,15635,2,0
2023-04-24 15:36:55,15636,15636,15636,2,2
2023-04-24 15:36:58,15635,15635,15635,2,-2
2023-04-24 15:36:58,15635,15635,15635,2,0
2023-04-24 15:37:02,15635,15635,15635,2,0
2023-04-24 15:37:02,15635,15635,15635,2,0
2023-04-24 15:37:02,15635,15635,15635,2,0
2023-04-24 15:37:02,15636,15636,15636,4,4
2023-04-24 15:37:03,15636,15636,15636,2,0
2023-04-24 15:37:03,15636,15636,15636,2,0
2023-04-24 15:37:05,15635,15635,15635,2,-2
2023-04-24 15:37:07,15636,15636,15636,2,2
2023-04-24 15:37:07,15636,15636,15636,4,0
2023-04-24 15:37:07,15637,15637,15637,2,2
2023-04-24 15:37:07,15637,15637,15637,6,0
2023-04-24 15:37:12,15637,15637,15637,8,0
2023-04-24 15:37:13,15636,15636,15636,2,-2
2023-04-24 15:37:13,15636,15636,15636,2,0
2023-04-24 15:37:14,15635,15635,15635,2,-2
2023-04-24 15:37:15,15635,15635,15635,2,0
2023-04-24 15:37:18,15635,15635,15635,2,0
2023-04-24 15:37:25,15635,15635,15635,2,0
2023-04-24 15:37:25,15636,15636,15636,2,2
2023-04-24 15:37:27,15636,15636,15636,2,0
2023-04-24 15:37:30,15637,15637,15637,2,2
2023-04-24 15:37:31,15636,15636,15636,4,-4
2023-04-24 15:37:32,15637,15637,15637,6,6
2023-04-24 15:37:32,15637,15637,15637,6,0
2023-04-24 15:37:32,15637,15637,15637,6,0
2023-04-24 15:37:32,15638,15638,15638,6,6
2023-04-24 15:37:32,15638,15638,15638,12,0
2023-04-24 15:37:36,15638,15638,15638,24,0
2023-04-24 15:37:36,15639,15639,15639,36,36
2023-04-24 15:37:36,15638,15638,15638,2,-2
2023-04-24 15:37:36,15638,15638,15638,2,0
2023-04-24 15:37:36,15638,15638,15638,2,0
2023-04-24 15:37:36,15637,15637,15637,2,-2
2023-04-24 15:37:36,15637,15637,15637,2,0
2023-04-24 15:37:36,15637,15637,15637,2,0
2023-04-24 15:37:36,15637,15637,15637,2,0
2023-04-24 15:37:36,15637,15637,15637,2,0
2023-04-24 15:37:36,15638,15638,15638,2,2
2023-04-24 15:37:36,15638,15638,15638,2,0
2023-04-24 15:37:36,15638,15638,15638,2,0
2023-04-24 15:37:37,15638,15638,15638,2,0
2023-04-24 15:37:37,15638,15638,15638,2,0
2023-04-24 15:37:45,15638,15638,15638,2,0
2023-04-24 15:37:45,15638,15638,15638,34,0
2023-04-24 15:37:45,15638,15638,15638,2,0
2023-04-24 15:37:45,15638,15638,15638,2,0
2023-04-24 15:37:45,15638,15638,15638,2,0
2023-04-24 15:37:45,15638,15638,15638,2,0
2023-04-24 15:37:45,15638,15638,15638,6,0
2023-04-24 15:37:45,15637,15637,15637,2,-2
2023-04-24 15:37:45,15637,15637,15637,2,0
2023-04-24 15:37:45,15637,15637,15637,2,0
2023-04-24 15:37:45,15637,15637,15637,2,0
2023-04-24 15:37:45,15637,15637,15637,2,0
2023-04-24 15:37:45,15637,15637,15637,2,0
2023-04-24 15:37:50,15637,15637,15637,2,0
2023-04-24 15:37:59,15638,15638,15638,2,2
2023-04-24 15:38:00,15638,15638,15638,4,0
2023-04-24 15:38:02,15638,15638,15638,2,0
2023-04-24 15:38:02,15638,15638,15638,2,0
2023-04-24 15:38:04,15638,15638,15638,2,0
2023-04-24 15:38:04,15638,15638,15638,2,0
2023-04-24 15:38:05,15638,15638,15638,4,0
2023-04-24 15:38:05,15638,15638,15638,2,0
2023-04-24 15:38:06,15638,15638,15638,2,0
2023-04-24 15:38:07,15638,15638,15638,2,0
2023-04-24 15:38:09,15638,15638,15638,4,0
2023-04-24 15:38:15,15638,15638,15638,4,0
2023-04-24 15:38:19,15639,15639,15639,4,4
2023-04-24 15:38:20,15638,15638,15638,2,-2
2023-04-24 15:38:22,15639,15639,15639,8,8
2023-04-24 15:38:22,15638,15638,15638,6,-6
2023-04-24 15:38:23,15639,15639,15639,2,2
2023-04-24 15:38:23,15638,15638,15638,2,-2
2023-04-24 15:38:23,15638,15638,15638,2,0
2023-04-24 15:38:24,15638,15638,15638,2,0
2023-04-24 15:38:24,15638,15638,15638,2,0
2023-04-24 15:38:26,15639,15639,15639,2,2
2023-04-24 15:38:27,15639,15639,15639,6,0
2023-04-24 15:38:28,15639,15639,15639,2,0
2023-04-24 15:38:28,15639,15639,15639,2,0
2023-04-24 15:38:28,15639,15639,15639,2,0
2023-04-24 15:38:28,15638,15638,15638,2,-2
2023-04-24 15:38:32,15638,15638,15638,2,0
2023-04-24 15:38:33,15637,15637,15637,2,-2
2023-04-24 15:38:33,15637,15637,15637,2,0
2023-04-24 15:38:33,15637,15637,15637,2,0
2023-04-24 15:38:33,15637,15637,15637,2,0
2023-04-24 15:38:33,15637,15637,15637,2,0
2023-04-24 15:38:33,15637,15637,15637,2,0
2023-04-24 15:38:33,15637,15637,15637,2,0
2023-04-24 15:38:33,15637,15637,15637,6,0
2023-04-24 15:38:33,15637,15637,15637,4,0
2023-04-24 15:38:33,15637,15637,15637,2,0
2023-04-24 15:38:35,15638,15638,15638,2,2
2023-04-24 15:38:37,15638,15638,15638,2,0
2023-04-24 15:38:43,15637,15637,15637,2,-2
2023-04-24 15:38:43,15637,15637,15637,2,0
2023-04-24 15:38:43,15637,15637,15637,6,0
2023-04-24 15:38:43,15637,15637,15637,2,0
2023-04-24 15:38:43,15637,15637,15637,4,0
2023-04-24 15:38:43,15637,15637,15637,20,0
2023-04-24 15:38:43,15637,15637,15637,2,0
2023-04-24 15:38:43,15637,15637,15637,2,0
2023-04-24 15:38:43,15637,15637,15637,2,0
2023-04-24 15:38:43,15637,15637,15637,2,0
2023-04-24 15:38:43,15637,15637,15637,6,0
2023-04-24 15:38:44,15637,15637,15637,6,0
2023-04-24 15:38:44,15637,15637,15637,6,0
2023-04-24 15:38:44,15637,15637,15637,6,0
2023-04-24 15:38:44,15637,15637,15637,6,0
2023-04-24 15:38:51,15637,15637,15637,2,0
2023-04-24 15:38:53,15637,15637,15637,4,0
2023-04-24 15:38:53,15637,15637,15637,2,0
2023-04-24 15:39:02,15637,15637,15637,4,0
2023-04-24 15:39:03,15636,15636,15636,2,-2
2023-04-24 15:39:11,15637,15637,15637,4,4
2023-04-24 15:39:12,15636,15636,15636,2,-2
2023-04-24 15:39:12,15637,15637,15637,2,2
2023-04-24 15:39:16,15637,15637,15637,2,0
2023-04-24 15:39:18,15637,15637,15637,2,0
2023-04-24 15:39:20,15637,15637,15637,2,0
2023-04-24 15:39:21,15637,15637,15637,2,0
2023-04-24 15:39:22,15637,15637,15637,4,0
2023-04-24 15:39:23,15638,15638,15638,2,2
2023-04-24 15:39:24,15637,15637,15637,2,-2
2023-04-24 15:39:31,15637,15637,15637,2,0
2023-04-24 15:39:37,15637,15637,15637,2,0
2023-04-24 15:39:50,15638,15638,15638,20,20
2023-04-24 15:39:50,15638,15638,15638,2,0
2023-04-24 15:39:50,15638,15638,15638,2,0
2023-04-24 15:39:58,15638,15638,15638,2,0
2023-04-24 15:40:01,15639,15639,15639,2,2
2023-04-24 15:40:04,15639,15639,15639,2,0
2023-04-24 15:40:05,15638,15638,15638,2,-2
2023-04-24 15:40:11,15638,15638,15638,2,0
2023-04-24 15:40:24,15638,15638,15638,2,0
2023-04-24 15:40:25,15638,15638,15638,2,0
2023-04-24 15:40:32,15639,15639,15639,2,2
2023-04-24 15:40:32,15639,15639,15639,16,0
2023-04-24 15:40:32,15639,15639,15639,2,0
2023-04-24 15:40:32,15639,15639,15639,4,0
2023-04-24 15:40:32,15639,15639,15639,8,0
2023-04-24 15:40:32,15639,15639,15639,2,0
2023-04-24 15:40:32,15639,15639,15639,4,0
2023-04-24 15:40:32,15639,15639,15639,2,0
2023-04-24 15:40:32,15639,15639,15639,4,0
2023-04-24 15:40:32,15639,15639,15639,2,0
2023-04-24 15:40:32,15639,15639,15639,2,0
2023-04-24 15:40:32,15639,15639,15639,4,0
2023-04-24 15:40:35,15639,15639,15639,6,0
2023-04-24 15:40:35,15639,15639,15639,2,0
2023-04-24 15:40:35,15638,15638,15638,2,-2
2023-04-24 15:40:40,15640,15640,15640,6,6
2023-04-24 15:40:40,15640,15640,15640,2,0
2023-04-24 15:40:40,15640,15640,15640,6,0
2023-04-24 15:40:40,15640,15640,15640,2,0
2023-04-24 15:40:40,15640,15640,15640,2,0
2023-04-24 15:40:40,15640,15640,15640,6,0
2023-04-24 15:40:40,15640,15640,15640,6,0
2023-04-24 15:40:40,15640,15640,15640,6,0
2023-04-24 15:40:45,15640,15640,15640,2,0
2023-04-24 15:40:45,15639,15639,15639,2,-2
2023-04-24 15:40:47,15639,15639,15639,2,0
2023-04-24 15:40:50,15640,15640,15640,16,16
2023-04-24 15:40:53,15640,15640,15640,2,0
2023-04-24 15:40:57,15639,15639,15639,2,-2
2023-04-24 15:40:57,15640,15640,15640,6,6
2023-04-24 15:40:57,15640,15640,15640,6,0
2023-04-24 15:40:57,15641,15641,15641,2,2
2023-04-24 15:40:57,15641,15641,15641,10,0
2023-04-24 15:40:57,15641,15641,15641,2,0
2023-04-24 15:40:57,15641,15641,15641,2,0
2023-04-24 15:40:57,15639,15639,15639,2,-2
2023-04-24 15:41:00,15640,15640,15640,2,2
2023-04-24 15:41:02,15640,15640,15640,2,0
2023-04-24 15:41:04,15641,15641,15641,2,2
2023-04-24 15:41:07,15640,15640,15640,4,-4
2023-04-24 15:41:08,15640,15640,15640,2,0
2023-04-24 15:41:08,15641,15641,15641,4,4
2023-04-24 15:41:08,15639,15639,15639,2,-2
2023-04-24 15:41:10,15640,15640,15640,2,2
2023-04-24 15:41:10,15640,15640,15640,2,0
2023-04-24 15:41:14,15640,15640,15640,2,0
2023-04-24 15:41:24,15640,15640,15640,2,0
2023-04-24 15:41:24,15640,15640,15640,2,0
2023-04-24 15:41:26,15639,15639,15639,2,-2
2023-04-24 15:41:26,15639,15639,15639,2,0
2023-04-24 15:41:26,15639,15639,15639,4,0
2023-04-24 15:41:26,15639,15639,15639,2,0
2023-04-24 15:41:26,15639,15639,15639,4,0
2023-04-24 15:41:26,15638,15638,15638,2,-2
2023-04-24 15:41:26,15638,15638,15638,2,0
2023-04-24 15:41:28,15638,15638,15638,2,0
2023-04-24 15:41:31,15638,15638,15638,2,0
2023-04-24 15:41:31,15638,15638,15638,2,0
2023-04-24 15:41:31,15638,15638,15638,2,0
2023-04-24 15:41:31,15638,15638,15638,2,0
2023-04-24 15:41:31,15637,15637,15637,2,-2
2023-04-24 15:41:31,15637,15637,15637,2,0
2023-04-24 15:41:39,15637,15637,15637,6,0
2023-04-24 15:41:40,15639,15639,15639,2,2
2023-04-24 15:41:51,15638,15638,15638,2,-2
2023-04-24 15:41:54,15637,15637,15637,2,-2
2023-04-24 15:41:54,15638,15638,15638,2,2
2023-04-24 15:42:10,15638,15638,15638,10,0
2023-04-24 15:42:11,15637,15637,15637,4,-4
2023-04-24 15:42:15,15638,15638,15638,2,2
2023-04-24 15:42:23,15637,15637,15637,2,-2
2023-04-24 15:42:26,15636,15636,15636,6,-6
2023-04-24 15:42:26,15636,15636,15636,4,0
2023-04-24 15:42:26,15636,15636,15636,4,0
2023-04-24 15:42:28,15638,15638,15638,10,10
2023-04-24 15:42:32,15636,15636,15636,2,-2
2023-04-24 15:42:35,15638,15638,15638,2,2
2023-04-24 15:42:35,15638,15638,15638,2,0
2023-04-24 15:42:35,15638,15638,15638,2,0
2023-04-24 15:42:51,15638,15638,15638,2,0
2023-04-24 15:42:51,15638,15638,15638,2,0
2023-04-24 15:42:51,15638,15638,15638,2,0
2023-04-24 15:42:51,15638,15638,15638,4,0
2023-04-24 15:42:51,15638,15638,15638,4,0
2023-04-24 15:42:56,15639,15639,15639,4,4
2023-04-24 15:42:56,15639,15639,15639,6,0
2023-04-24 15:43:01,15639,15639,15639,2,0
2023-04-24 15:43:01,15638,15638,15638,2,-2
2023-04-24 15:43:03,15639,15639,15639,2,2
2023-04-24 15:43:03,15640,15640,15640,26,26
2023-04-24 15:43:07,15639,15639,15639,2,-2
2023-04-24 15:43:27,15638,15638,15638,2,-2
2023-04-24 15:43:41,15639,15639,15639,4,4
2023-04-24 15:44:01,15638,15638,15638,2,-2
2023-04-24 15:44:02,15638,15638,15638,4,0
2023-04-24 15:44:02,15637,15637,15637,2,-2
2023-04-24 15:44:02,15637,15637,15637,2,0
2023-04-24 15:44:02,15638,15638,15638,4,4
2023-04-24 15:44:06,15637,15637,15637,2,-2
2023-04-24 15:44:09,15637,15637,15637,2,0
2023-04-24 15:44:09,15637,15637,15637,2,0
2023-04-24 15:44:09,15637,15637,15637,2,0
2023-04-24 15:44:09,15637,15637,15637,2,0
2023-04-24 15:44:10,15636,15636,15636,2,-2
2023-04-24 15:44:24,15636,15636,15636,2,0
2023-04-24 15:44:36,15636,15636,15636,2,0
2023-04-24 15:44:47,15637,15637,15637,2,2
2023-04-24 15:44:55,15638,15638,15638,2,2
2023-04-24 15:45:02,15639,15639,15639,2,2
2023-04-24 15:45:02,15640,15640,15640,2,2
2023-04-24 15:45:02,15640,15640,15640,2,0
2023-04-24 15:45:10,15639,15639,15639,2,-2
2023-04-24 15:45:16,15638,15638,15638,2,-2
2023-04-24 15:45:16,15638,15638,15638,2,0
2023-04-24 15:45:16,15638,15638,15638,2,0
2023-04-24 15:45:22,15638,15638,15638,2,0
2023-04-24 15:45:23,15637,15637,15637,2,-2
2023-04-24 15:45:34,15637,15637,15637,2,0
2023-04-24 15:45:34,15637,15637,15637,4,0
2023-04-24 15:45:39,15637,15637,15637,2,0
2023-04-24 15:45:50,15636,15636,15636,2,-2
2023-04-24 15:45:56,15636,15636,15636,2,0
2023-04-24 15:46:01,15636,15636,15636,2,0
2023-04-24 15:46:01,15637,15637,15637,4,4
2023-04-24 15:46:02,15638,15638,15638,2,2
2023-04-24 15:46:02,15638,15638,15638,2,0
2023-04-24 15:46:02,15639,15639,15639,2,2
2023-04-24 15:46:17,15638,15638,15638,2,-2
2023-04-24 15:46:18,15638,15638,15638,2,0
2023-04-24 15:46:25,15639,15639,15639,2,2
2023-04-24 15:46:25,15639,15639,15639,2,0
2023-04-24 15:46:25,15639,15639,15639,4,0
2023-04-24 15:46:25,15640,15640,15640,10,10
2023-04-24 15:46:31,15641,15641,15641,8,8
2023-04-24 15:46:31,15641,15641,15641,8,0
2023-04-24 15:46:31,15641,15641,15641,12,0
2023-04-24 15:46:31,15642,15642,15642,4,4
2023-04-24 15:46:31,15642,15642,15642,2,0
2023-04-24 15:46:31,15642,15642,15642,2,0
2023-04-24 15:46:38,15640,15640,15640,2,-2
2023-04-24 15:46:43,15641,15641,15641,2,2
2023-04-24 15:46:48,15641,15641,15641,2,0
2023-04-24 15:46:57,15641,15641,15641,2,0
2023-04-24 15:46:58,15642,15642,15642,2,2
2023-04-24 15:46:58,15642,15642,15642,50,0
2023-04-24 15:46:58,15642,15642,15642,2,0
2023-04-24 15:46:58,15641,15641,15641,2,-2
2023-04-24 15:46:59,15642,15642,15642,2,2
2023-04-24 15:47:02,15643,15643,15643,2,2
2023-04-24 15:47:03,15643,15643,15643,2,0
2023-04-24 15:47:03,15643,15643,15643,2,0
2023-04-24 15:47:03,15643,15643,15643,2,0
2023-04-24 15:47:03,15643,15643,15643,2,0
2023-04-24 15:47:03,15643,15643,15643,2,0
2023-04-24 15:47:03,15643,15643,15643,2,0
2023-04-24 15:47:03,15643,15643,15643,2,0
2023-04-24 15:47:03,15643,15643,15643,2,0
2023-04-24 15:47:03,15643,15643,15643,2,0
2023-04-24 15:47:03,15643,15643,15643,2,0
2023-04-24 15:47:03,15643,15643,15643,2,0
2023-04-24 15:47:03,15643,15643,15643,2,0
2023-04-24 15:47:04,15643,15643,15643,2,0
2023-04-24 15:47:04,15643,15643,15643,2,0
2023-04-24 15:47:04,15644,15644,15644,2,2
2023-04-24 15:47:04,15644,15644,15644,2,0
2023-04-24 15:47:04,15644,15644,15644,2,0
2023-04-24 15:47:04,15642,15642,15642,2,-2
2023-04-24 15:47:08,15643,15643,15643,2,2
2023-04-24 15:47:15,15643,15643,15643,4,0
2023-04-24 15:47:18,15643,15643,15643,2,0
2023-04-24 15:47:18,15643,15643,15643,4,0
2023-04-24 15:47:24,15643,15643,15643,8,0
2023-04-24 15:47:24,15643,15643,15643,6,0
2023-04-24 15:47:24,15643,15643,15643,6,0
2023-04-24 15:47:31,15642,15642,15642,2,-2
2023-04-24 15:47:31,15642,15642,15642,2,0
2023-04-24 15:47:31,15642,15642,15642,2,0
2023-04-24 15:47:31,15642,15642,15642,2,0
2023-04-24 15:47:31,15642,15642,15642,2,0
2023-04-24 15:47:31,15642,15642,15642,4,0
2023-04-24 15:47:32,15643,15643,15643,2,2
2023-04-24 15:47:36,15642,15642,15642,2,-2
2023-04-24 15:47:36,15642,15642,15642,4,0
2023-04-24 15:47:36,15641,15641,15641,4,-4
2023-04-24 15:47:38,15642,15642,15642,2,2
2023-04-24 15:47:38,15641,15641,15641,2,-2
2023-04-24 15:47:54,15642,15642,15642,2,2
2023-04-24 15:47:54,15642,15642,15642,4,0
2023-04-24 15:47:59,15642,15642,15642,4,0
2023-04-24 15:47:59,15642,15642,15642,2,0
2023-04-24 15:48:04,15642,15642,15642,4,0
2023-04-24 15:48:04,15642,15642,15642,2,0
2023-04-24 15:48:06,15642,15642,15642,8,0
2023-04-24 15:48:06,15642,15642,15642,2,0
2023-04-24 15:48:17,15643,15643,15643,10,10
2023-04-24 15:48:17,15643,15643,15643,2,0
2023-04-24 15:48:18,15643,15643,15643,2,0
2023-04-24 15:48:36,15643,15643,15643,2,0
2023-04-24 15:48:39,15643,15643,15643,26,0
2023-04-24 15:48:48,15644,15644,15644,6,6
2023-04-24 15:48:53,15644,15644,15644,4,0
2023-04-24 15:48:55,15644,15644,15644,6,0
2023-04-24 15:48:59,15644,15644,15644,2,0
2023-04-24 15:49:01,15644,15644,15644,10,0
2023-04-24 15:49:01,15643,15643,15643,2,-2
2023-04-24 15:49:01,15644,15644,15644,6,6
2023-04-24 15:49:01,15644,15644,15644,4,0
2023-04-24 15:49:02,15643,15643,15643,2,-2
2023-04-24 15:49:06,15644,15644,15644,2,2
2023-04-24 15:49:10,15644,15644,15644,4,0
2023-04-24 15:49:17,15644,15644,15644,2,0
2023-04-24 15:49:18,15644,15644,15644,10,0
2023-04-24 15:49:19,15644,15644,15644,8,0
2023-04-24 15:49:19,15644,15644,15644,2,0
2023-04-24 15:49:21,15643,15643,15643,2,-2
2023-04-24 15:49:24,15643,15643,15643,2,0
2023-04-24 15:49:24,15643,15643,15643,2,0
2023-04-24 15:49:24,15643,15643,15643,2,0
2023-04-24 15:49:24,15643,15643,15643,2,0
2023-04-24 15:49:24,15643,15643,15643,2,0
2023-04-24 15:49:24,15644,15644,15644,2,2
2023-04-24 15:49:24,15643,15643,15643,2,-2
2023-04-24 15:49:28,15643,15643,15643,2,0
2023-04-24 15:49:31,15643,15643,15643,2,0
2023-04-24 15:49:31,15642,15642,15642,2,-2
2023-04-24 15:49:37,15643,15643,15643,2,2
2023-04-24 15:49:39,15643,15643,15643,2,0
2023-04-24 15:49:40,15644,15644,15644,10,10
2023-04-24 15:49:41,15643,15643,15643,2,-2
2023-04-24 15:49:43,15642,15642,15642,2,-2
2023-04-24 15:49:50,15643,15643,15643,2,2
2023-04-24 15:49:54,15644,15644,15644,4,4
2023-04-24 15:50:00,15643,15643,15643,4,-4
2023-04-24 15:50:00,15643,15643,15643,4,0
2023-04-24 15:50:00,15643,15643,15643,2,0
2023-04-24 15:50:00,15643,15643,15643,2,0
2023-04-24 15:50:01,15643,15643,15643,2,0
2023-04-24 15:50:01,15643,15643,15643,2,0
2023-04-24 15:50:01,15642,15642,15642,2,-2
2023-04-24 15:50:05,15643,15643,15643,4,4
2023-04-24 15:50:06,15642,15642,15642,6,-6
2023-04-24 15:50:06,15642,15642,15642,4,0
2023-04-24 15:50:06,15642,15642,15642,2,0
2023-04-24 15:50:06,15642,15642,15642,2,0
2023-04-24 15:50:06,15642,15642,15642,10,0
2023-04-24 15:50:06,15642,15642,15642,4,0
2023-04-24 15:50:06,15642,15642,15642,6,0
2023-04-24 15:50:06,15642,15642,15642,2,0
2023-04-24 15:50:06,15642,15642,15642,4,0
2023-04-24 15:50:06,15642,15642,15642,2,0
2023-04-24 15:50:08,15642,15642,15642,2,0
2023-04-24 15:50:09,15642,15642,15642,4,0
2023-04-24 15:50:29,15641,15641,15641,4,-4
2023-04-24 15:50:31,15642,15642,15642,2,2
2023-04-24 15:50:43,15642,15642,15642,2,0
2023-04-24 15:50:44,15642,15642,15642,2,0
2023-04-24 15:50:53,15642,15642,15642,2,0
2023-04-24 15:50:55,15642,15642,15642,2,0
2023-04-24 15:50:58,15641,15641,15641,2,-2
2023-04-24 15:50:59,15641,15641,15641,2,0
2023-04-24 15:51:11,15642,15642,15642,2,2
2023-04-24 15:51:23,15642,15642,15642,10,0
2023-04-24 15:51:32,15642,15642,15642,2,0
2023-04-24 15:51:46,15643,15643,15643,2,2
2023-04-24 15:51:52,15642,15642,15642,2,-2
2023-04-24 15:51:52,15642,15642,15642,6,0
2023-04-24 15:51:52,15642,15642,15642,2,0
2023-04-24 15:51:52,15642,15642,15642,4,0
2023-04-24 15:51:52,15642,15642,15642,2,0
2023-04-24 15:51:52,15642,15642,15642,2,0
2023-04-24 15:51:52,15642,15642,15642,6,0
2023-04-24 15:51:52,15642,15642,15642,2,0
2023-04-24 15:51:52,15642,15642,15642,2,0
2023-04-24 15:51:52,15642,15642,15642,2,0
2023-04-24 15:52:06,15642,15642,15642,2,0
2023-04-24 15:52:08,15641,15641,15641,2,-2
2023-04-24 15:52:08,15641,15641,15641,2,0
2023-04-24 15:52:08,15641,15641,15641,2,0
2023-04-24 15:52:08,15641,15641,15641,4,0
2023-04-24 15:52:08,15641,15641,15641,2,0
2023-04-24 15:52:08,15641,15641,15641,4,0
2023-04-24 15:52:08,15641,15641,15641,2,0
2023-04-24 15:52:08,15641,15641,15641,2,0
2023-04-24 15:52:08,15641,15641,15641,2,0
2023-04-24 15:52:08,15641,15641,15641,2,0
2023-04-24 15:52:08,15641,15641,15641,2,0
2023-04-24 15:52:08,15641,15641,15641,2,0
2023-04-24 15:52:08,15641,15641,15641,2,0
2023-04-24 15:52:08,15641,15641,15641,2,0
2023-04-24 15:52:08,15641,15641,15641,2,0
2023-04-24 15:52:27,15641,15641,15641,2,0
2023-04-24 15:52:27,15641,15641,15641,4,0
2023-04-24 15:52:58,15640,15640,15640,2,-2
2023-04-24 15:52:59,15640,15640,15640,8,0
2023-04-24 15:52:59,15640,15640,15640,10,0
2023-04-24 15:52:59,15640,15640,15640,2,0
2023-04-24 15:52:59,15640,15640,15640,2,0
2023-04-24 15:52:59,15640,15640,15640,2,0
2023-04-24 15:52:59,15640,15640,15640,4,0
2023-04-24 15:52:59,15640,15640,15640,2,0
2023-04-24 15:52:59,15640,15640,15640,4,0
2023-04-24 15:52:59,15640,15640,15640,2,0
2023-04-24 15:53:01,15639,15639,15639,2,-2
2023-04-24 15:53:01,15640,15640,15640,2,2
2023-04-24 15:53:01,15640,15640,15640,2,0
2023-04-24 15:53:01,15640,15640,15640,2,0
2023-04-24 15:53:03,15639,15639,15639,2,-2
2023-04-24 15:53:03,15640,15640,15640,2,2
2023-04-24 15:53:12,15640,15640,15640,2,0
2023-04-24 15:53:13,15639,15639,15639,2,-2
2023-04-24 15:53:13,15640,15640,15640,2,2
2023-04-24 15:53:19,15639,15639,15639,2,-2
2023-04-24 15:53:23,15639,15639,15639,2,0
2023-04-24 15:53:25,15640,15640,15640,24,24
2023-04-24 15:53:25,15640,15640,15640,4,0
2023-04-24 15:53:26,15640,15640,15640,2,0
2023-04-24 15:53:27,15641,15641,15641,2,2
2023-04-24 15:53:27,15640,15640,15640,2,-2
2023-04-24 15:53:27,15640,15640,15640,2,0
2023-04-24 15:53:27,15640,15640,15640,2,0
2023-04-24 15:53:29,15641,15641,15641,2,2
2023-04-24 15:53:30,15641,15641,15641,2,0
2023-04-24 15:53:47,15640,15640,15640,2,-2
2023-04-24 15:53:47,15639,15639,15639,2,-2
2023-04-24 15:53:47,15639,15639,15639,2,0
2023-04-24 15:53:47,15639,15639,15639,4,0
2023-04-24 15:53:47,15639,15639,15639,6,0
2023-04-24 15:53:47,15640,15640,15640,2,2
2023-04-24 15:53:47,15640,15640,15640,2,0
2023-04-24 15:53:48,15640,15640,15640,2,0
2023-04-24 15:53:48,15640,15640,15640,2,0
2023-04-24 15:53:48,15640,15640,15640,2,0
2023-04-24 15:53:48,15640,15640,15640,2,0
2023-04-24 15:53:49,15640,15640,15640,2,0
2023-04-24 15:53:49,15640,15640,15640,2,0
2023-04-24 15:53:49,15640,15640,15640,2,0
2023-04-24 15:53:50,15640,15640,15640,2,0
2023-04-24 15:53:50,15640,15640,15640,2,0
2023-04-24 15:53:57,15640,15640,15640,2,0
2023-04-24 15:54:01,15638,15638,15638,2,-2
2023-04-24 15:54:01,15638,15638,15638,2,0
2023-04-24 15:54:01,15638,15638,15638,6,0
2023-04-24 15:54:02,15638,15638,15638,2,0
2023-04-24 15:54:02,15640,15640,15640,8,8
2023-04-24 15:54:11,15639,15639,15639,2,-2
2023-04-24 15:54:12,15639,15639,15639,2,0
2023-04-24 15:54:12,15640,15640,15640,2,2
2023-04-24 15:54:12,15640,15640,15640,2,0
2023-04-24 15:54:13,15640,15640,15640,2,0
2023-04-24 15:54:14,15639,15639,15639,2,-2
2023-04-24 15:54:15,15640,15640,15640,2,2
2023-04-24 15:54:15,15639,15639,15639,6,-6
2023-04-24 15:54:16,15640,15640,15640,2,2
2023-04-24 15:54:17,15640,15640,15640,2,0
2023-04-24 15:54:18,15640,15640,15640,2,0
2023-04-24 15:54:19,15640,15640,15640,2,0
2023-04-24 15:54:20,15640,15640,15640,2,0
2023-04-24 15:54:21,15640,15640,15640,2,0
2023-04-24 15:54:21,15640,15640,15640,2,0
2023-04-24 15:54:24,15639,15639,15639,2,-2
2023-04-24 15:54:26,15639,15639,15639,2,0
2023-04-24 15:54:27,15640,15640,15640,2,2
2023-04-24 15:54:27,15640,15640,15640,2,0
2023-04-24 15:54:27,15641,15641,15641,2,2
2023-04-24 15:54:28,15641,15641,15641,2,0
2023-04-24 15:54:28,15641,15641,15641,2,0
2023-04-24 15:54:34,15640,15640,15640,2,-2
2023-04-24 15:54:46,15641,15641,15641,2,2
2023-04-24 15:55:00,15639,15639,15639,8,-8
2023-04-24 15:55:03,15639,15639,15639,2,0
2023-04-24 15:55:06,15639,15639,15639,2,0
2023-04-24 15:55:25,15639,15639,15639,4,0
2023-04-24 15:55:26,15639,15639,15639,2,0
2023-04-24 15:55:36,15639,15639,15639,2,0
2023-04-24 15:55:36,15639,15639,15639,2,0
2023-04-24 15:55:36,15639,15639,15639,4,0
2023-04-24 15:55:36,15639,15639,15639,4,0
2023-04-24 15:55:42,15638,15638,15638,2,-2
2023-04-24 15:55:42,15638,15638,15638,6,0
2023-04-24 15:55:42,15638,15638,15638,2,0
2023-04-24 15:55:42,15638,15638,15638,2,0
2023-04-24 15:55:45,15637,15637,15637,2,-2
2023-04-24 15:55:46,15637,15637,15637,2,0
2023-04-24 15:55:54,15637,15637,15637,4,0
2023-04-24 15:55:56,15637,15637,15637,2,0
2023-04-24 15:55:56,15637,15637,15637,2,0
2023-04-24 15:55:56,15637,15637,15637,8,0
2023-04-24 15:55:56,15637,15637,15637,2,0
2023-04-24 15:55:56,15637,15637,15637,2,0
2023-04-24 15:55:56,15637,15637,15637,2,0
2023-04-24 15:55:56,15637,15637,15637,2,0
2023-04-24 15:55:56,15637,15637,15637,2,0
2023-04-24 15:55:59,15637,15637,15637,2,0
2023-04-24 15:56:00,15637,15637,15637,2,0
2023-04-24 15:56:00,15637,15637,15637,2,0
2023-04-24 15:56:00,15637,15637,15637,2,0
2023-04-24 15:56:00,15637,15637,15637,2,0
2023-04-24 15:56:08,15637,15637,15637,4,0
2023-04-24 15:56:08,15638,15638,15638,6,6
2023-04-24 15:56:08,15637,15637,15637,2,-2
2023-04-24 15:56:09,15637,15637,15637,2,0
2023-04-24 15:56:10,15637,15637,15637,2,0
2023-04-24 15:56:21,15638,15638,15638,2,2
2023-04-24 15:56:25,15638,15638,15638,10,0
2023-04-24 15:56:27,15638,15638,15638,10,0
2023-04-24 15:56:29,15638,15638,15638,2,0
2023-04-24 15:56:46,15638,15638,15638,2,0
2023-04-24 15:56:46,15638,15638,15638,2,0
2023-04-24 15:57:13,15638,15638,15638,2,0
2023-04-24 15:57:29,15639,15639,15639,2,2
2023-04-24 15:57:36,15639,15639,15639,2,0
2023-04-24 15:57:40,15639,15639,15639,2,0
2023-04-24 15:57:46,15638,15638,15638,2,-2
2023-04-24 15:57:46,15638,15638,15638,2,0
2023-04-24 15:57:46,15638,15638,15638,2,0
2023-04-24 15:57:46,15638,15638,15638,2,0
2023-04-24 15:57:46,15639,15639,15639,10,10
2023-04-24 15:57:47,15639,15639,15639,2,0
2023-04-24 15:57:55,15639,15639,15639,2,0
2023-04-24 15:57:55,15639,15639,15639,2,0
2023-04-24 15:57:59,15638,15638,15638,2,-2
2023-04-24 15:58:18,15639,15639,15639,2,2
2023-04-24 15:58:21,15638,15638,15638,2,-2
2023-04-24 15:58:28,15638,15638,15638,2,0
2023-04-24 15:58:39,15638,15638,15638,2,0
2023-04-24 15:59:30,15638,15638,15638,2,0
2023-04-24 15:59:31,15639,15639,15639,2,2
2023-04-24 15:59:31,15639,15639,15639,2,0
2023-04-24 15:59:33,15639,15639,15639,2,0
2023-04-24 15:59:34,15640,15640,15640,2,2
2023-04-24 15:59:55,15638,15638,15638,2,-2
2023-04-24 15:59:58,15638,15638,15638,2,0
2023-04-24 15:59:59,15638,15638,15638,2,0
2023-04-24 16:00:01,15638,15638,15638,2,0
2023-04-24 16:00:01,15638,15638,15638,2,0
2023-04-24 16:00:01,15638,15638,15638,6,0
2023-04-24 16:00:01,15638,15638,15638,2,0
2023-04-24 16:00:01,15638,15638,15638,2,0
2023-04-24 16:00:01,15638,15638,15638,2,0
2023-04-24 16:00:01,15638,15638,15638,2,0
2023-04-24 16:00:01,15637,15637,15637,4,-4
2023-04-24 16:00:01,15637,15637,15637,2,0
2023-04-24 16:00:01,15637,15637,15637,2,0
2023-04-24 16:00:01,15637,15637,15637,2,0
2023-04-24 16:00:01,15637,15637,15637,2,0
2023-04-24 16:00:01,15637,15637,15637,2,0
2023-04-24 16:00:01,15638,15638,15638,2,2
2023-04-24 16:00:01,15636,15636,15636,2,-2
2023-04-24 16:00:01,15636,15636,15636,2,0
2023-04-24 16:00:01,15638,15638,15638,2,2
2023-04-24 16:00:02,15638,15638,15638,2,0
2023-04-24 16:00:02,15639,15639,15639,2,2
2023-04-24 16:00:02,15639,15639,15639,4,0
2023-04-24 16:00:02,15639,15639,15639,4,0
2023-04-24 16:00:02,15639,15639,15639,4,0
2023-04-24 16:00:06,15638,15638,15638,2,-2
2023-04-24 16:00:12,15637,15637,15637,2,-2
2023-04-24 16:00:12,15637,15637,15637,6,0
2023-04-24 16:00:12,15637,15637,15637,6,0
2023-04-24 16:00:12,15637,15637,15637,2,0
2023-04-24 16:00:12,15637,15637,15637,2,0
2023-04-24 16:00:12,15637,15637,15637,2,0
2023-04-24 16:00:26,15638,15638,15638,2,2
2023-04-24 16:00:26,15638,15638,15638,2,0
2023-04-24 16:00:29,15639,15639,15639,2,2
2023-04-24 16:00:29,15638,15638,15638,2,-2
2023-04-24 16:00:32,15640,15640,15640,2,2
2023-04-24 16:00:36,15639,15639,15639,2,-2
2023-04-24 16:00:40,15638,15638,15638,2,-2
2023-04-24 16:00:41,15638,15638,15638,2,0
2023-04-24 16:00:55,15639,15639,15639,2,2
2023-04-24 16:00:55,15639,15639,15639,2,0
2023-04-24 16:01:01,15640,15640,15640,28,28
2023-04-24 16:01:01,15641,15641,15641,2,2
2023-04-24 16:01:01,15641,15641,15641,2,0
2023-04-24 16:01:01,15641,15641,15641,2,0
2023-04-24 16:01:01,15641,15641,15641,2,0
2023-04-24 16:01:01,15641,15641,15641,34,0
2023-04-24 16:01:01,15641,15641,15641,2,0
2023-04-24 16:01:01,15641,15641,15641,2,0
2023-04-24 16:01:01,15642,15642,15642,18,18
2023-04-24 16:01:02,15642,15642,15642,2,0
2023-04-24 16:01:02,15642,15642,15642,2,0
2023-04-24 16:01:02,15642,15642,15642,2,0
2023-04-24 16:01:03,15642,15642,15642,12,0
2023-04-24 16:01:03,15643,15643,15643,8,8
2023-04-24 16:01:09,15643,15643,15643,6,0
2023-04-24 16:01:09,15643,15643,15643,10,0
2023-04-24 16:01:15,15643,15643,15643,4,0
2023-04-24 16:01:21,15642,15642,15642,2,-2
2023-04-24 16:01:34,15642,15642,15642,8,0
2023-04-24 16:01:45,15642,15642,15642,2,0
2023-04-24 16:01:46,15641,15641,15641,2,-2
2023-04-24 16:01:52,15641,15641,15641,2,0
2023-04-24 16:01:54,15641,15641,15641,2,0
2023-04-24 16:01:55,15642,15642,15642,2,2
2023-04-24 16:01:55,15642,15642,15642,2,0
2023-04-24 16:02:03,15641,15641,15641,2,-2
2023-04-24 16:02:03,15640,15640,15640,2,-2
2023-04-24 16:02:09,15639,15639,15639,2,-2
2023-04-24 16:02:09,15639,15639,15639,2,0
2023-04-24 16:02:14,15641,15641,15641,2,2
2023-04-24 16:02:17,15642,15642,15642,2,2
2023-04-24 16:02:17,15642,15642,15642,6,0
2023-04-24 16:02:17,15642,15642,15642,6,0
2023-04-24 16:02:17,15642,15642,15642,6,0
2023-04-24 16:02:19,15641,15641,15641,2,-2
2023-04-24 16:02:27,15641,15641,15641,2,0
2023-04-24 16:02:42,15640,15640,15640,10,-10
2023-04-24 16:03:02,15640,15640,15640,2,0
2023-04-24 16:03:07,15640,15640,15640,2,0
2023-04-24 16:03:13,15639,15639,15639,2,-2
2023-04-24 16:03:13,15639,15639,15639,2,0
2023-04-24 16:03:31,15639,15639,15639,6,0
2023-04-24 16:03:35,15638,15638,15638,2,-2
2023-04-24 16:03:43,15639,15639,15639,2,2
2023-04-24 16:03:59,15640,15640,15640,2,2
2023-04-24 16:04:01,15640,15640,15640,2,0
2023-04-24 16:04:01,15640,15640,15640,2,0
2023-04-24 16:04:01,15640,15640,15640,6,0
2023-04-24 16:04:06,15641,15641,15641,2,2
2023-04-24 16:04:07,15641,15641,15641,16,0
2023-04-24 16:04:07,15641,15641,15641,2,0
2023-04-24 16:04:13,15640,15640,15640,2,-2
2023-04-24 16:04:14,15640,15640,15640,2,0
2023-04-24 16:04:19,15640,15640,15640,2,0
2023-04-24 16:04:35,15640,15640,15640,2,0
2023-04-24 16:04:36,15640,15640,15640,2,0
2023-04-24 16:04:36,15640,15640,15640,6,0
2023-04-24 16:04:36,15640,15640,15640,6,0
2023-04-24 16:04:36,15640,15640,15640,8,0
2023-04-24 16:04:36,15640,15640,15640,4,0
2023-04-24 16:04:36,15640,15640,15640,2,0
2023-04-24 16:04:36,15640,15640,15640,2,0
2023-04-24 16:04:36,15640,15640,15640,2,0
2023-04-24 16:04:36,15640,15640,15640,8,0
2023-04-24 16:04:37,15641,15641,15641,4,4
2023-04-24 16:04:39,15641,15641,15641,2,0
2023-04-24 16:04:52,15642,15642,15642,8,8
2023-04-24 16:05:04,15643,15643,15643,8,8
2023-04-24 16:05:04,15644,15644,15644,4,4
2023-04-24 16:05:04,15644,15644,15644,4,0
2023-04-24 16:05:04,15644,15644,15644,4,0
2023-04-24 16:05:04,15644,15644,15644,2,0
2023-04-24 16:05:04,15644,15644,15644,2,0
2023-04-24 16:05:04,15644,15644,15644,2,0
2023-04-24 16:05:04,15644,15644,15644,2,0
2023-04-24 16:05:04,15644,15644,15644,2,0
2023-04-24 16:05:04,15644,15644,15644,8,0
2023-04-24 16:05:04,15644,15644,15644,6,0
2023-04-24 16:05:04,15645,15645,15645,4,4
2023-04-24 16:05:04,15645,15645,15645,2,0
2023-04-24 16:05:04,15645,15645,15645,2,0
2023-04-24 16:05:04,15645,15645,15645,20,0
2023-04-24 16:05:04,15645,15645,15645,2,0
2023-04-24 16:05:04,15645,15645,15645,4,0
2023-04-24 16:05:04,15645,15645,15645,10,0
2023-04-24 16:05:04,15645,15645,15645,4,0
2023-04-24 16:05:04,15645,15645,15645,8,0
2023-04-24 16:05:04,15645,15645,15645,4,0
2023-04-24 16:05:04,15645,15645,15645,14,0
2023-04-24 16:05:04,15645,15645,15645,2,0
2023-04-24 16:05:04,15645,15645,15645,4,0
2023-04-24 16:05:04,15645,15645,15645,2,0
2023-04-24 16:05:04,15645,15645,15645,6,0
2023-04-24 16:05:05,15646,15646,15646,2,2
2023-04-24 16:05:05,15646,15646,15646,2,0
2023-04-24 16:05:05,15646,15646,15646,2,0
2023-04-24 16:05:05,15646,15646,15646,10,0
2023-04-24 16:05:05,15646,15646,15646,10,0
2023-04-24 16:05:05,15646,15646,15646,2,0
2023-04-24 16:05:05,15646,15646,15646,10,0
2023-04-24 16:05:05,15646,15646,15646,12,0
2023-04-24 16:05:05,15645,15645,15645,2,-2
2023-04-24 16:05:05,15645,15645,15645,2,0
2023-04-24 16:05:05,15645,15645,15645,2,0
2023-04-24 16:05:05,15645,15645,15645,2,0
2023-04-24 16:05:05,15645,15645,15645,2,0
2023-04-24 16:05:11,15644,15644,15644,2,-2
2023-04-24 16:05:11,15644,15644,15644,6,0
2023-04-24 16:05:11,15644,15644,15644,2,0
2023-04-24 16:05:15,15643,15643,15643,2,-2
2023-04-24 16:05:15,15644,15644,15644,10,10
2023-04-24 16:05:16,15644,15644,15644,4,0
2023-04-24 16:05:16,15643,15643,15643,2,-2
2023-04-24 16:05:26,15643,15643,15643,6,0
2023-04-24 16:05:33,15643,15643,15643,2,0
2023-04-24 16:05:33,15644,15644,15644,6,6
2023-04-24 16:05:39,15643,15643,15643,2,-2
2023-04-24 16:05:39,15642,15642,15642,2,-2
2023-04-24 16:05:39,15642,15642,15642,6,0
2023-04-24 16:05:39,15642,15642,15642,6,0
2023-04-24 16:05:39,15642,15642,15642,2,0
2023-04-24 16:05:39,15642,15642,15642,2,0
2023-04-24 16:05:44,15642,15642,15642,2,0
2023-04-24 16:05:44,15642,15642,15642,2,0
2023-04-24 16:05:44,15642,15642,15642,2,0
2023-04-24 16:05:49,15642,15642,15642,2,0
2023-04-24 16:06:06,15642,15642,15642,4,0
2023-04-24 16:06:06,15643,15643,15643,2,2
2023-04-24 16:06:07,15643,15643,15643,2,0
2023-04-24 16:06:07,15643,15643,15643,2,0
2023-04-24 16:06:10,15643,15643,15643,2,0
2023-04-24 16:06:34,15644,15644,15644,6,6
2023-04-24 16:06:36,15644,15644,15644,2,0
2023-04-24 16:06:36,15644,15644,15644,14,0
2023-04-24 16:06:36,15644,15644,15644,6,0
2023-04-24 16:06:38,15644,15644,15644,2,0
2023-04-24 16:06:38,15644,15644,15644,2,0
2023-04-24 16:06:38,15644,15644,15644,2,0
2023-04-24 16:06:38,15644,15644,15644,2,0
2023-04-24 16:06:49,15644,15644,15644,8,0
2023-04-24 16:06:52,15645,15645,15645,2,2
2023-04-24 16:06:53,15645,15645,15645,8,0
2023-04-24 16:06:55,15646,15646,15646,20,20
2023-04-24 16:06:56,15646,15646,15646,6,0
2023-04-24 16:07:03,15646,15646,15646,2,0
2023-04-24 16:07:04,15646,15646,15646,2,0
2023-04-24 16:07:06,15646,15646,15646,2,0
2023-04-24 16:07:10,15646,15646,15646,2,0
2023-04-24 16:07:10,15646,15646,15646,4,0
2023-04-24 16:07:15,15646,15646,15646,2,0
2023-04-24 16:07:21,15646,15646,15646,2,0
2023-04-24 16:07:21,15646,15646,15646,2,0
2023-04-24 16:07:23,15646,15646,15646,2,0
2023-04-24 16:07:31,15646,15646,15646,2,0
2023-04-24 16:07:43,15646,15646,15646,2,0
2023-04-24 16:07:48,15646,15646,15646,6,0
2023-04-24 16:07:51,15645,15645,15645,4,-4
2023-04-24 16:07:51,15645,15645,15645,6,0
2023-04-24 16:07:51,15645,15645,15645,2,0
2023-04-24 16:07:51,15645,15645,15645,2,0
2023-04-24 16:07:51,15645,15645,15645,10,0
2023-04-24 16:07:51,15645,15645,15645,2,0
2023-04-24 16:07:51,15645,15645,15645,2,0
2023-04-24 16:07:51,15645,15645,15645,2,0
2023-04-24 16:07:53,15645,15645,15645,2,0
2023-04-24 16:07:55,15644,15644,15644,12,-12
2023-04-24 16:07:55,15644,15644,15644,2,0
2023-04-24 16:07:55,15644,15644,15644,6,0
2023-04-24 16:08:05,15644,15644,15644,2,0
2023-04-24 16:08:09,15644,15644,15644,6,0
2023-04-24 16:08:11,15643,15643,15643,2,-2
2023-04-24 16:08:14,15644,15644,15644,6,6
2023-04-24 16:08:14,15644,15644,15644,2,0
2023-04-24 16:08:14,15645,15645,15645,4,4
2023-04-24 16:08:14,15645,15645,15645,6,0
2023-04-24 16:08:14,15643,15643,15643,2,-2
2023-04-24 16:08:16,15643,15643,15643,10,0
2023-04-24 16:08:21,15644,15644,15644,2,2
2023-04-24 16:08:27,15645,15645,15645,2,2
2023-04-24 16:08:30,15644,15644,15644,2,-2
2023-04-24 16:08:31,15644,15644,15644,4,0
2023-04-24 16:08:40,15644,15644,15644,2,0
2023-04-24 16:08:41,15643,15643,15643,2,-2
2023-04-24 16:08:46,15643,15643,15643,4,0
2023-04-24 16:08:57,15643,15643,15643,2,0
2023-04-24 16:09:00,15644,15644,15644,2,2
2023-04-24 16:09:03,15644,15644,15644,6,0
2023-04-24 16:09:07,15643,15643,15643,2,-2
2023-04-24 16:09:07,15643,15643,15643,2,0
2023-04-24 16:09:07,15643,15643,15643,2,0
2023-04-24 16:09:07,15643,15643,15643,2,0
2023-04-24 16:09:10,15642,15642,15642,2,-2
2023-04-24 16:09:10,15642,15642,15642,2,0
2023-04-24 16:09:10,15642,15642,15642,2,0
2023-04-24 16:09:20,15642,15642,15642,2,0
2023-04-24 16:09:21,15642,15642,15642,4,0
2023-04-24 16:09:31,15642,15642,15642,2,0
2023-04-24 16:09:35,15642,15642,15642,6,0
2023-04-24 16:09:37,15641,15641,15641,2,-2
2023-04-24 16:09:37,15641,15641,15641,4,0
2023-04-24 16:09:37,15641,15641,15641,2,0
2023-04-24 16:09:37,15641,15641,15641,6,0
2023-04-24 16:09:37,15641,15641,15641,2,0
2023-04-24 16:09:37,15641,15641,15641,2,0
2023-04-24 16:09:37,15641,15641,15641,6,0
2023-04-24 16:09:37,15641,15641,15641,2,0
2023-04-24 16:09:37,15641,15641,15641,2,0
2023-04-24 16:09:37,15641,15641,15641,2,0
2023-04-24 16:09:37,15641,15641,15641,4,0
2023-04-24 16:09:37,15641,15641,15641,2,0
2023-04-24 16:09:37,15641,15641,15641,10,0
2023-04-24 16:09:37,15641,15641,15641,2,0
2023-04-24 16:09:37,15641,15641,15641,2,0
2023-04-24 16:09:44,15641,15641,15641,12,0
2023-04-24 16:09:44,15641,15641,15641,4,0
2023-04-24 16:09:44,15641,15641,15641,8,0
2023-04-24 16:09:44,15641,15641,15641,26,0
2023-04-24 16:09:44,15641,15641,15641,2,0
2023-04-24 16:09:44,15642,15642,15642,2,2
2023-04-24 16:09:44,15642,15642,15642,2,0
2023-04-24 16:09:44,15642,15642,15642,2,0
2023-04-24 16:09:49,15643,15643,15643,2,2
2023-04-24 16:09:57,15642,15642,15642,2,-2
2023-04-24 16:10:00,15642,15642,15642,2,0
2023-04-24 16:10:00,15642,15642,15642,2,0
2023-04-24 16:10:08,15640,15640,15640,8,-8
2023-04-24 16:10:08,15640,15640,15640,2,0
2023-04-24 16:10:08,15640,15640,15640,2,0
2023-04-24 16:10:08,15640,15640,15640,2,0
2023-04-24 16:10:08,15640,15640,15640,4,0
2023-04-24 16:10:08,15640,15640,15640,2,0
2023-04-24 16:10:08,15640,15640,15640,2,0
2023-04-24 16:10:10,15639,15639,15639,2,-2
2023-04-24 16:10:14,15639,15639,15639,2,0
2023-04-24 16:10:16,15639,15639,15639,2,0
2023-04-24 16:10:17,15640,15640,15640,2,2
2023-04-24 16:10:17,15640,15640,15640,6,0
2023-04-24 16:10:17,15640,15640,15640,2,0
2023-04-24 16:10:17,15640,15640,15640,2,0
2023-04-24 16:10:17,15640,15640,15640,2,0
2023-04-24 16:10:32,15640,15640,15640,2,0
2023-04-24 16:10:32,15640,15640,15640,2,0
2023-04-24 16:10:34,15639,15639,15639,4,-4
2023-04-24 16:10:34,15639,15639,15639,2,0
2023-04-24 16:10:34,15639,15639,15639,2,0
2023-04-24 16:10:34,15639,15639,15639,2,0
2023-04-24 16:10:35,15640,15640,15640,8,8
2023-04-24 16:10:38,15640,15640,15640,2,0
2023-04-24 16:10:41,15639,15639,15639,2,-2
2023-04-24 16:10:45,15639,15639,15639,2,0
2023-04-24 16:10:51,15640,15640,15640,8,8
2023-04-24 16:11:00,15639,15639,15639,2,-2
2023-04-24 16:11:05,15639,15639,15639,2,0
2023-04-24 16:11:26,15639,15639,15639,8,0
2023-04-24 16:11:28,15638,15638,15638,2,-2
2023-04-24 16:11:28,15638,15638,15638,2,0
2023-04-24 16:11:28,15638,15638,15638,2,0
2023-04-24 16:11:28,15638,15638,15638,2,0
2023-04-24 16:11:28,15638,15638,15638,2,0
2023-04-24 16:11:28,15638,15638,15638,2,0
2023-04-24 16:11:28,15638,15638,15638,2,0
2023-04-24 16:11:28,15638,15638,15638,2,0
2023-04-24 16:11:28,15638,15638,15638,2,0
2023-04-24 16:11:28,15638,15638,15638,2,0
2023-04-24 16:11:28,15638,15638,15638,4,0
2023-04-24 16:11:28,15638,15638,15638,2,0
2023-04-24 16:11:28,15638,15638,15638,2,0
2023-04-24 16:11:36,15637,15637,15637,2,-2
2023-04-24 16:11:36,15637,15637,15637,2,0
2023-04-24 16:11:36,15637,15637,15637,2,0
2023-04-24 16:11:36,15637,15637,15637,2,0
2023-04-24 16:11:36,15637,15637,15637,2,0
2023-04-24 16:11:48,15637,15637,15637,2,0
2023-04-24 16:11:48,15637,15637,15637,4,0
2023-04-24 16:11:48,15637,15637,15637,2,0
2023-04-24 16:11:48,15637,15637,15637,4,0
2023-04-24 16:11:48,15637,15637,15637,2,0
2023-04-24 16:11:49,15636,15636,15636,2,-2
2023-04-24 16:11:53,15636,15636,15636,4,0
2023-04-24 16:11:53,15636,15636,15636,2,0
2023-04-24 16:11:53,15636,15636,15636,2,0
2023-04-24 16:11:53,15636,15636,15636,2,0
2023-04-24 16:11:53,15636,15636,15636,8,0
2023-04-24 16:11:53,15636,15636,15636,2,0
2023-04-24 16:11:53,15636,15636,15636,4,0
2023-04-24 16:11:53,15636,15636,15636,2,0
2023-04-24 16:11:53,15636,15636,15636,2,0
2023-04-24 16:11:53,15636,15636,15636,2,0
2023-04-24 16:11:57,15635,15635,15635,6,-6
2023-04-24 16:11:57,15635,15635,15635,2,0
2023-04-24 16:11:57,15635,15635,15635,6,0
2023-04-24 16:11:57,15635,15635,15635,2,0
2023-04-24 16:11:57,15635,15635,15635,2,0
2023-04-24 16:11:57,15635,15635,15635,2,0
2023-04-24 16:12:02,15635,15635,15635,4,0
2023-04-24 16:12:02,15635,15635,15635,2,0
2023-04-24 16:12:02,15635,15635,15635,2,0
2023-04-24 16:12:02,15635,15635,15635,2,0
2023-04-24 16:12:02,15635,15635,15635,2,0
2023-04-24 16:12:02,15635,15635,15635,2,0
2023-04-24 16:12:02,15635,15635,15635,2,0
2023-04-24 16:12:02,15635,15635,15635,2,0
2023-04-24 16:12:02,15635,15635,15635,2,0
2023-04-24 16:12:11,15635,15635,15635,2,0
2023-04-24 16:12:13,15634,15634,15634,2,-2
2023-04-24 16:12:13,15634,15634,15634,2,0
2023-04-24 16:12:15,15634,15634,15634,2,0
2023-04-24 16:12:15,15634,15634,15634,2,0
2023-04-24 16:12:22,15634,15634,15634,4,0
2023-04-24 16:12:25,15634,15634,15634,2,0
2023-04-24 16:12:25,15634,15634,15634,2,0
2023-04-24 16:12:25,15633,15633,15633,6,-6
2023-04-24 16:12:26,15634,15634,15634,2,2
2023-04-24 16:12:27,15634,15634,15634,2,0
2023-04-24 16:12:31,15634,15634,15634,2,0
2023-04-24 16:12:31,15634,15634,15634,2,0
2023-04-24 16:12:31,15634,15634,15634,2,0
2023-04-24 16:12:33,15635,15635,15635,2,2
2023-04-24 16:12:34,15634,15634,15634,2,-2
2023-04-24 16:12:35,15634,15634,15634,2,0
2023-04-24 16:12:37,15634,15634,15634,6,0
2023-04-24 16:12:37,15635,15635,15635,6,6
2023-04-24 16:12:37,15635,15635,15635,4,0
2023-04-24 16:12:40,15636,15636,15636,2,2
2023-04-24 16:12:45,15635,15635,15635,2,-2
2023-04-24 16:12:49,15634,15634,15634,2,-2
2023-04-24 16:12:52,15634,15634,15634,2,0
2023-04-24 16:12:52,15634,15634,15634,2,0
2023-04-24 16:12:53,15634,15634,15634,2,0
2023-04-24 16:12:54,15634,15634,15634,2,0
2023-04-24 16:12:55,15634,15634,15634,2,0
2023-04-24 16:12:55,15634,15634,15634,2,0
2023-04-24 16:13:00,15634,15634,15634,2,0
2023-04-24 16:13:00,15634,15634,15634,2,0
2023-04-24 16:13:03,15634,15634,15634,2,0
2023-04-24 16:13:04,15635,15635,15635,2,2
2023-04-24 16:13:05,15635,15635,15635,8,0
2023-04-24 16:13:07,15636,15636,15636,2,2
2023-04-24 16:13:07,15637,15637,15637,2,2
2023-04-24 16:13:14,15636,15636,15636,2,-2
2023-04-24 16:13:24,15636,15636,15636,2,0
2023-04-24 16:13:30,15636,15636,15636,2,0
2023-04-24 16:13:30,15636,15636,15636,6,0
2023-04-24 16:13:34,15636,15636,15636,2,0
2023-04-24 16:13:36,15637,15637,15637,2,2
2023-04-24 16:13:36,15637,15637,15637,4,0
2023-04-24 16:13:37,15637,15637,15637,4,0
2023-04-24 16:13:37,15638,15638,15638,2,2
2023-04-24 16:13:42,15638,15638,15638,2,0
2023-04-24 16:13:45,15638,15638,15638,4,0
2023-04-24 16:13:46,15638,15638,15638,2,0
2023-04-24 16:14:01,15638,15638,15638,2,0
2023-04-24 16:14:12,15638,15638,15638,10,0
2023-04-24 16:14:17,15638,15638,15638,2,0
2023-04-24 16:14:30,15638,15638,15638,10,0
2023-04-24 16:14:40,15637,15637,15637,2,-2
2023-04-24 16:14:40,15637,15637,15637,4,0
2023-04-24 16:14:40,15637,15637,15637,2,0
2023-04-24 16:14:40,15638,15638,15638,2,2
2023-04-24 16:14:42,15637,15637,15637,2,-2
2023-04-24 16:15:07,15637,15637,15637,2,0
2023-04-24 16:15:07,15637,15637,15637,10,0
2023-04-24 16:15:07,15637,15637,15637,2,0
2023-04-24 16:15:14,15636,15636,15636,2,-2
2023-04-24 16:15:20,15637,15637,15637,2,2
2023-04-24 16:15:20,15637,15637,15637,2,0
2023-04-24 16:15:29,15640,15640,15640,2,2
2023-04-24 16:15:46,15638,15638,15638,2,-2
2023-04-24 16:15:51,15638,15638,15638,4,0
2023-04-24 16:15:58,15638,15638,15638,2,0
2023-04-24 16:16:02,15637,15637,15637,2,-2
2023-04-24 16:16:03,15636,15636,15636,2,-2
2023-04-24 16:16:04,15636,15636,15636,2,0
2023-04-24 16:16:06,15636,15636,15636,8,0
2023-04-24 16:16:22,15636,15636,15636,2,0
2023-04-24 16:16:32,15637,15637,15637,2,2
2023-04-24 16:16:38,15637,15637,15637,4,0
2023-04-24 16:16:46,15636,15636,15636,2,-2
2023-04-24 16:16:46,15636,15636,15636,2,0
2023-04-24 16:16:46,15636,15636,15636,2,0
2023-04-24 16:16:50,15636,15636,15636,2,0
2023-04-24 16:16:50,15635,15635,15635,2,-2
2023-04-24 16:16:50,15635,15635,15635,2,0
2023-04-24 16:16:50,15635,15635,15635,2,0
2023-04-24 16:16:50,15635,15635,15635,2,0
2023-04-24 16:16:53,15634,15634,15634,2,-2
2023-04-24 16:16:53,15634,15634,15634,2,0
2023-04-24 16:16:58,15635,15635,15635,2,2
2023-04-24 16:16:59,15635,15635,15635,2,0
2023-04-24 16:17:01,15635,15635,15635,2,0
2023-04-24 16:17:02,15634,15634,15634,4,-4
2023-04-24 16:17:02,15636,15636,15636,2,2
2023-04-24 16:17:07,15636,15636,15636,2,0
2023-04-24 16:17:08,15636,15636,15636,2,0
2023-04-24 16:17:09,15636,15636,15636,2,0
2023-04-24 16:17:10,15636,15636,15636,2,0
2023-04-24 16:17:11,15636,15636,15636,2,0
2023-04-24 16:17:11,15636,15636,15636,2,0
2023-04-24 16:17:12,15636,15636,15636,2,0
2023-04-24 16:17:13,15636,15636,15636,2,0
2023-04-24 16:17:13,15636,15636,15636,2,0
2023-04-24 16:17:13,15636,15636,15636,2,0
2023-04-24 16:17:13,15636,15636,15636,2,0
2023-04-24 16:17:14,15636,15636,15636,2,0
2023-04-24 16:17:14,15636,15636,15636,2,0
2023-04-24 16:17:14,15636,15636,15636,2,0
2023-04-24 16:17:15,15636,15636,15636,2,0
2023-04-24 16:17:15,15636,15636,15636,2,0
2023-04-24 16:17:15,15637,15637,15637,2,2
2023-04-24 16:17:15,15637,15637,15637,2,0
2023-04-24 16:17:16,15637,15637,15637,2,0
2023-04-24 16:17:21,15638,15638,15638,2,2
2023-04-24 16:17:33,15638,15638,15638,2,0
2023-04-24 16:17:46,15638,15638,15638,2,0
2023-04-24 16:17:56,15637,15637,15637,2,-2
2023-04-24 16:17:56,15637,15637,15637,2,0
2023-04-24 16:18:15,15637,15637,15637,2,0
2023-04-24 16:18:23,15637,15637,15637,2,0
2023-04-24 16:18:26,15637,15637,15637,2,0
2023-04-24 16:18:46,15637,15637,15637,4,0
2023-04-24 16:19:30,15637,15637,15637,2,0
2023-04-24 16:19:34,15637,15637,15637,4,0
2023-04-24 16:19:51,15638,15638,15638,10,10
2023-04-24 16:19:56,15638,15638,15638,4,0
2023-04-24 16:20:04,15637,15637,15637,2,-2
2023-04-24 16:20:04,15637,15637,15637,2,0
2023-04-24 16:20:09,15637,15637,15637,2,0
2023-04-24 16:20:11,15637,15637,15637,10,0
2023-04-24 16:20:23,15637,15637,15637,2,0
2023-04-24 16:20:48,15637,15637,15637,2,0
2023-04-24 16:20:51,15637,15637,15637,2,0
2023-04-24 16:20:58,15636,15636,15636,2,-2
2023-04-24 16:21:18,15637,15637,15637,10,10
2023-04-24 16:21:31,15636,15636,15636,2,-2
2023-04-24 16:21:31,15636,15636,15636,2,0
2023-04-24 16:21:31,15636,15636,15636,2,0
