2021-07-15 15:00:00.048,18004,18005,18004,138,-138
2021-07-15 15:00:00.050,18004,18005,18005,29,29
2021-07-15 15:00:00.119,18004,18005,18005,2,2
2021-07-15 15:00:00.181,18004,18006,18005,1,-1
2021-07-15 15:00:00.193,18004,18006,18004,1,-1
2021-07-15 15:00:00.253,18004,18006,18004,1,-1
2021-07-15 15:00:00.306,18004,18006,18006,3,3
2021-07-15 15:00:00.311,18004,18006,18006,2,2
2021-07-15 15:00:00.325,18004,18006,18006,1,1
2021-07-15 15:00:00.327,18004,18006,18006,1,1
2021-07-15 15:00:00.327,18004,18006,18006,1,1
2021-07-15 15:00:00.328,18004,18006,18006,1,1
2021-07-15 15:00:00.328,18004,18006,18006,1,1
2021-07-15 15:00:00.328,18004,18006,18006,1,1
2021-07-15 15:00:00.335,18004,18006,18006,1,1
2021-07-15 15:00:00.350,18004,18006,18006,3,3
2021-07-15 15:00:00.350,18004,18006,18007,1,1
2021-07-15 15:00:00.355,18004,18006,18004,3,-3
2021-07-15 15:00:00.357,18004,18006,18007,1,1
2021-07-15 15:00:00.374,18004,18007,18004,1,-1
2021-07-15 15:00:00.420,18004,18007,18007,1,1
2021-07-15 15:00:00.426,18004,18007,18004,1,-1
2021-07-15 15:00:00.427,18004,18007,18004,3,-3
2021-07-15 15:00:00.429,18004,18007,18007,2,2
2021-07-15 15:00:00.437,18004,18007,18007,1,1
2021-07-15 15:00:00.474,18004,18007,18004,1,-1
2021-07-15 15:00:00.476,18004,18007,18007,1,1
2021-07-15 15:00:00.476,18004,18007,18008,2,2
2021-07-15 15:00:00.502,18005,18008,18008,2,2
2021-07-15 15:00:00.522,18005,18008,18005,1,-1
2021-07-15 15:00:00.523,18005,18008,18004,2,-2
2021-07-15 15:00:00.555,18005,18008,18008,2,2
2021-07-15 15:00:00.559,18005,18008,18005,1,-1
2021-07-15 15:00:00.559,18005,18008,18004,1,-1
2021-07-15 15:00:00.605,18005,18008,18004,2,-2
2021-07-15 15:00:00.629,18004,18007,18007,1,1
2021-07-15 15:00:00.630,18004,18007,18008,1,1
2021-07-15 15:00:00.641,18004,18007,18008,3,3
2021-07-15 15:00:00.645,18004,18007,18005,3,-3
2021-07-15 15:00:00.645,18004,18007,18004,1,-1
2021-07-15 15:00:00.656,18004,18007,18008,1,1
2021-07-15 15:00:00.716,18004,18007,18008,1,1
2021-07-15 15:00:00.718,18004,18007,18008,1,1
2021-07-15 15:00:00.729,18004,18007,18005,1,-1
2021-07-15 15:00:00.781,18005,18008,18008,1,1
2021-07-15 15:00:00.782,18005,18008,18008,1,1
2021-07-15 15:00:00.784,18005,18008,18008,2,2
2021-07-15 15:00:00.796,18005,18008,18007,2,-2
2021-07-15 15:00:00.815,18005,18008,18006,1,-1
2021-07-15 15:00:00.816,18005,18008,18008,1,1
2021-07-15 15:00:00.823,18005,18008,18007,1,-1
2021-07-15 15:00:00.832,18005,18008,18007,1,-1
2021-07-15 15:00:00.848,18005,18008,18005,2,-2
2021-07-15 15:00:00.884,18005,18008,18005,1,-1
2021-07-15 15:00:00.976,18005,18008,18006,1,1
2021-07-15 15:00:01.014,18005,18007,18005,2,-2
2021-07-15 15:00:01.017,18005,18007,18005,1,-1
2021-07-15 15:00:01.036,18005,18007,18007,1,1
2021-07-15 15:00:01.175,18006,18007,18006,1,-1
2021-07-15 15:00:01.351,18005,18007,18007,1,1
2021-07-15 15:00:01.351,18005,18007,18008,1,1
2021-07-15 15:00:01.366,18005,18007,18008,2,2
2021-07-15 15:00:01.448,18005,18008,18008,1,1
2021-07-15 15:00:01.537,18006,18008,18008,1,1
2021-07-15 15:00:01.672,18006,18008,18007,2,-2
2021-07-15 15:00:01.672,18006,18008,18008,6,6
2021-07-15 15:00:01.672,18006,18008,18009,10,10
2021-07-15 15:00:01.736,18006,18008,18009,5,5
2021-07-15 15:00:01.863,18007,18009,18009,5,5
2021-07-15 15:00:01.999,18008,18009,18008,1,-1
2021-07-15 15:00:02.083,18008,18009,18008,1,-1
2021-07-15 15:00:02.676,18008,18009,18009,2,2
2021-07-15 15:00:02.736,18008,18009,18008,2,-2
2021-07-15 15:00:02.756,18008,18009,18009,1,1
2021-07-15 15:00:02.831,18008,18009,18008,1,-1
2021-07-15 15:00:02.941,18008,18009,18009,1,1
2021-07-15 15:00:03.011,18008,18009,18008,2,-2
2021-07-15 15:00:03.011,18008,18009,18007,18,-18
2021-07-15 15:00:03.040,18008,18009,18009,1,1
2021-07-15 15:00:03.182,18008,18010,18010,1,1
2021-07-15 15:00:03.212,18008,18010,18010,2,2
2021-07-15 15:00:03.242,18008,18010,18010,2,2
2021-07-15 15:00:03.349,18008,18010,18010,1,1
2021-07-15 15:00:03.487,18008,18010,18010,1,1
2021-07-15 15:00:03.560,18008,18010,18010,1,1
2021-07-15 15:00:03.580,18008,18010,18008,1,-1
2021-07-15 15:00:03.641,18008,18010,18010,1,1
2021-07-15 15:00:04.143,18008,18010,18009,1,-1
2021-07-15 15:00:04.425,18009,18010,18010,3,3
2021-07-15 15:00:04.462,18009,18010,18010,3,3
2021-07-15 15:00:04.611,18009,18010,18010,1,1
2021-07-15 15:00:04.620,18009,18010,18010,1,1
2021-07-15 15:00:04.638,18009,18010,18010,2,2
2021-07-15 15:00:04.672,18009,18010,18010,1,1
2021-07-15 15:00:05.110,18009,18010,18009,3,-3
2021-07-15 15:00:05.110,18009,18010,18008,1,-1
2021-07-15 15:00:05.628,18007,18009,18009,1,1
2021-07-15 15:00:08.549,18008,18009,18008,4,-4
2021-07-15 15:00:08.873,18007,18008,18008,1,1
2021-07-15 15:00:08.873,18007,18008,18009,1,1
2021-07-15 15:00:09.071,18007,18009,18009,1,1
2021-07-15 15:00:09.253,18007,18008,18008,1,1
2021-07-15 15:00:09.434,18007,18008,18008,1,1
2021-07-15 15:00:09.867,18007,18008,18008,1,1
2021-07-15 15:00:09.867,18007,18008,18009,1,1
2021-07-15 15:00:11.219,18007,18009,18009,1,1
2021-07-15 15:00:11.234,18007,18009,18009,1,1
2021-07-15 15:00:11.292,18007,18009,18007,2,-2
2021-07-15 15:00:11.720,18007,18009,18009,1,1
2021-07-15 15:00:11.792,18008,18010,18009,1,-1
2021-07-15 15:00:12.116,18008,18010,18008,1,-1
2021-07-15 15:00:12.468,18008,18009,18009,3,3
2021-07-15 15:00:12.468,18008,18009,18010,2,2
2021-07-15 15:00:13.066,18008,18009,18008,1,-1
2021-07-15 15:00:13.066,18008,18009,18007,2,-2
2021-07-15 15:00:13.301,18006,18007,18007,6,6
2021-07-15 15:00:13.301,18006,18007,18007,1,1
2021-07-15 15:00:13.450,18006,18009,18009,1,1
2021-07-15 15:00:13.674,18006,18009,18009,1,1
2021-07-15 15:00:14.147,18007,18009,18009,2,2
2021-07-15 15:00:14.445,18007,18008,18007,1,-1
2021-07-15 15:00:14.717,18006,18008,18008,1,1
2021-07-15 15:00:15.446,18007,18008,18008,1,1
2021-07-15 15:00:15.770,18007,18008,18008,4,4
2021-07-15 15:00:16.031,18007,18008,18008,1,1
2021-07-15 15:00:16.115,18007,18008,18009,1,1
2021-07-15 15:00:16.244,18007,18009,18009,1,1
2021-07-15 15:00:17.504,18007,18008,18008,1,1
2021-07-15 15:00:17.505,18007,18008,18008,1,1
2021-07-15 15:00:19.092,18007,18009,18009,4,4
2021-07-15 15:00:19.092,18007,18009,18010,11,11
2021-07-15 15:00:19.702,18008,18010,18010,10,10
2021-07-15 15:00:20.199,18008,18010,18009,1,-1
2021-07-15 15:00:20.387,18008,18010,18010,5,5
2021-07-15 15:00:20.638,18008,18010,18010,3,3
2021-07-15 15:00:21.073,18009,18010,18010,5,5
2021-07-15 15:00:21.073,18009,18010,18011,1,1
2021-07-15 15:00:21.934,18010,18011,18011,1,1
2021-07-15 15:00:22.260,18010,18011,18011,1,1
2021-07-15 15:00:22.488,18010,18011,18011,3,3
2021-07-15 15:00:22.488,18010,18011,18012,2,2
2021-07-15 15:00:23.299,18011,18012,18012,1,1
2021-07-15 15:00:23.454,18011,18012,18012,1,1
2021-07-15 15:00:23.741,18011,18012,18012,1,1
2021-07-15 15:00:24.238,18011,18012,18012,1,1
2021-07-15 15:00:24.822,18011,18012,18011,3,-3
2021-07-15 15:00:24.935,18011,18012,18012,1,1
2021-07-15 15:00:25.129,18011,18012,18012,1,1
2021-07-15 15:00:25.764,18011,18012,18011,2,-2
2021-07-15 15:00:26.035,18010,18011,18011,1,1
2021-07-15 15:00:26.056,18010,18011,18011,1,1
2021-07-15 15:00:26.080,18010,18011,18012,1,1
2021-07-15 15:00:26.823,18010,18011,18011,1,1
2021-07-15 15:00:26.823,18010,18011,18012,2,2
2021-07-15 15:00:28.219,18011,18012,18011,2,-2
2021-07-15 15:00:28.437,18010,18012,18012,1,1
2021-07-15 15:00:28.574,18010,18011,18011,1,1
2021-07-15 15:00:28.789,18010,18011,18011,1,1
2021-07-15 15:00:29.151,18010,18011,18010,5,-5
2021-07-15 15:00:29.547,18009,18010,18009,1,-1
2021-07-15 15:00:29.566,18009,18010,18010,1,1
2021-07-15 15:00:29.824,18009,18010,18009,2,-2
2021-07-15 15:00:30.048,18008,18010,18010,1,1
2021-07-15 15:00:30.267,18008,18010,18009,1,-1
2021-07-15 15:00:30.478,18008,18010,18010,1,1
2021-07-15 15:00:30.536,18008,18010,18010,1,1
2021-07-15 15:00:30.817,18008,18010,18010,1,1
2021-07-15 15:00:31.258,18008,18009,18009,1,1
2021-07-15 15:00:32.021,18008,18009,18009,1,1
2021-07-15 15:00:32.451,18008,18009,18008,9,-9
2021-07-15 15:00:32.521,18007,18008,18007,5,-5
2021-07-15 15:00:33.918,18007,18008,18008,2,2
2021-07-15 15:00:34.961,18008,18009,18008,2,-2
2021-07-15 15:00:35.440,18007,18009,18009,2,2
2021-07-15 15:00:35.456,18007,18009,18007,11,-11
2021-07-15 15:00:35.801,18006,18009,18006,3,-3
2021-07-15 15:00:36.035,18006,18008,18006,1,-1
2021-07-15 15:00:36.343,18007,18008,18007,1,1
2021-07-15 15:00:36.426,18006,18008,18006,1,-1
2021-07-15 15:00:36.780,18006,18008,18006,1,-1
2021-07-15 15:00:36.780,18006,18008,18006,1,-1
2021-07-15 15:00:37.208,18005,18007,18005,3,-3
2021-07-15 15:00:37.573,18005,18007,18007,1,1
2021-07-15 15:00:37.590,18005,18007,18005,1,-1
2021-07-15 15:00:38.021,18005,18007,18005,2,-2
2021-07-15 15:00:38.035,18005,18007,18005,1,-1
2021-07-15 15:00:38.166,18005,18006,18006,1,1
2021-07-15 15:00:38.295,18005,18006,18005,1,-1
2021-07-15 15:00:38.322,18005,18006,18006,1,1
2021-07-15 15:00:38.322,18005,18006,18007,2,2
2021-07-15 15:00:38.578,18005,18006,18005,1,-1
2021-07-15 15:00:39.238,18005,18006,18006,1,1
2021-07-15 15:00:39.948,18005,18006,18005,1,-1
2021-07-15 15:00:40.160,18005,18006,18005,3,-3
2021-07-15 15:00:40.198,18005,18006,18005,2,-2
2021-07-15 15:00:40.198,18005,18006,18005,1,-1
2021-07-15 15:00:40.257,18004,18005,18004,1,-1
2021-07-15 15:00:40.287,18004,18005,18005,1,1
2021-07-15 15:00:40.288,18004,18005,18005,1,1
2021-07-15 15:00:40.327,18004,18005,18006,1,1
2021-07-15 15:00:40.645,18005,18007,18005,1,-1
2021-07-15 15:00:40.737,18005,18007,18005,4,-4
2021-07-15 15:00:40.737,18005,18007,18004,1,-1
2021-07-15 15:00:41.597,18004,18006,18006,1,1
2021-07-15 15:00:41.738,18004,18006,18004,16,-16
2021-07-15 15:00:41.739,18004,18006,18004,1,-1
2021-07-15 15:00:41.740,18004,18006,18003,1,-1
2021-07-15 15:00:41.812,18003,18005,18003,5,-5
2021-07-15 15:00:41.976,18003,18005,18003,1,-1
2021-07-15 15:00:42.149,18003,18005,18005,1,1
2021-07-15 15:00:42.674,18003,18005,18005,1,1
2021-07-15 15:00:43.232,18003,18004,18004,1,1
2021-07-15 15:00:43.796,18004,18005,18005,1,1
2021-07-15 15:00:43.921,18004,18005,18004,3,-3
2021-07-15 15:00:44.748,18004,18005,18005,1,1
2021-07-15 15:00:45.274,18004,18005,18004,2,-2
2021-07-15 15:00:45.745,18004,18005,18004,1,-1
2021-07-15 15:00:45.745,18004,18005,18003,3,-3
2021-07-15 15:00:46.420,18004,18005,18005,1,1
2021-07-15 15:00:46.925,18004,18005,18004,3,-3
2021-07-15 15:00:46.959,18004,18005,18004,1,-1
2021-07-15 15:00:47.252,18003,18004,18003,1,-1
2021-07-15 15:00:47.698,18003,18004,18004,1,1
2021-07-15 15:00:48.131,18003,18004,18003,4,-4
2021-07-15 15:00:48.725,18003,18004,18004,1,1
2021-07-15 15:00:48.913,18003,18004,18004,1,1
2021-07-15 15:00:49.019,18003,18004,18004,1,1
2021-07-15 15:00:49.440,18003,18004,18003,1,-1
2021-07-15 15:00:49.531,18003,18004,18003,2,-2
2021-07-15 15:00:49.784,18003,18004,18003,1,-1
2021-07-15 15:00:50.073,18003,18004,18003,1,-1
2021-07-15 15:00:51.087,18002,18004,18003,1,-1
2021-07-15 15:00:51.268,18002,18004,18004,1,1
2021-07-15 15:00:52.723,18002,18004,18004,1,1
2021-07-15 15:00:52.961,18003,18004,18003,1,-1
2021-07-15 15:00:53.096,18002,18003,18003,1,1
2021-07-15 15:00:56.681,18002,18003,18003,1,1
2021-07-15 15:00:56.846,18002,18003,18002,1,-1
2021-07-15 15:00:56.887,18002,18003,18002,1,-1
2021-07-15 15:00:57.094,18002,18003,18002,4,-4
2021-07-15 15:00:57.144,18002,18003,18003,3,3
2021-07-15 15:00:57.374,18002,18003,18003,8,8
2021-07-15 15:00:57.600,18002,18003,18003,1,1
2021-07-15 15:00:57.600,18002,18003,18003,3,3
2021-07-15 15:00:57.600,18002,18003,18003,1,1
2021-07-15 15:00:57.600,18002,18003,18003,1,1
2021-07-15 15:00:57.601,18002,18003,18003,1,1
2021-07-15 15:00:57.828,18002,18004,18002,16,-16
2021-07-15 15:00:57.933,18001,18002,18002,2,2
2021-07-15 15:00:58.024,18001,18002,18002,1,1
2021-07-15 15:00:58.024,18001,18002,18002,1,1
2021-07-15 15:00:58.538,18002,18004,18002,1,-1
2021-07-15 15:00:59.024,18002,18003,18002,1,-1
2021-07-15 15:00:59.416,18002,18003,18003,1,1
2021-07-15 15:00:59.463,18002,18003,18002,1,-1
2021-07-15 15:00:59.666,18002,18004,18002,1,-1
2021-07-15 15:01:00.017,18002,18004,18002,1,-1
2021-07-15 15:01:00.026,18002,18004,18004,2,2
2021-07-15 15:01:00.030,18002,18004,18002,1,-1
2021-07-15 15:01:00.041,18002,18004,18002,2,-2
2021-07-15 15:01:00.052,18002,18004,18002,1,-1
2021-07-15 15:01:00.056,18002,18004,18001,2,-2
2021-07-15 15:01:00.058,18002,18004,18003,2,2
2021-07-15 15:01:00.059,18002,18004,18001,1,-1
2021-07-15 15:01:00.059,18002,18004,18001,1,-1
2021-07-15 15:01:00.064,18002,18004,18003,1,1
2021-07-15 15:01:00.064,18002,18004,18004,1,1
2021-07-15 15:01:00.066,18002,18004,18001,1,-1
2021-07-15 15:01:00.080,18002,18004,18001,1,-1
2021-07-15 15:01:00.083,18002,18004,18001,2,-2
2021-07-15 15:01:00.094,18002,18004,18001,1,-1
2021-07-15 15:01:00.094,18002,18004,18001,1,-1
2021-07-15 15:01:00.094,18002,18004,18001,1,-1
2021-07-15 15:01:00.094,18002,18004,18001,1,-1
2021-07-15 15:01:00.094,18002,18004,18001,2,-2
2021-07-15 15:01:00.098,18002,18004,18001,1,-1
2021-07-15 15:01:00.120,18002,18004,18001,1,-1
2021-07-15 15:01:00.175,18001,18003,18003,1,1
2021-07-15 15:01:00.207,18001,18003,18001,1,-1
2021-07-15 15:01:00.350,18001,18004,18003,2,2
2021-07-15 15:01:00.397,18001,18003,18003,2,2
2021-07-15 15:01:00.535,18002,18004,18002,1,-1
2021-07-15 15:01:00.665,18001,18003,18003,1,1
2021-07-15 15:01:00.885,18002,18004,18004,1,1
2021-07-15 15:01:01.451,18002,18004,18004,1,1
2021-07-15 15:01:01.502,18002,18004,18003,1,-1
2021-07-15 15:01:01.725,18003,18004,18003,1,-1
2021-07-15 15:01:02.031,18003,18004,18003,2,-2
2021-07-15 15:01:02.031,18003,18004,18002,8,-8
2021-07-15 15:01:02.031,18003,18004,18001,10,-10
2021-07-15 15:01:02.487,18001,18003,18003,1,1
2021-07-15 15:01:03.711,18001,18003,18003,1,1
2021-07-15 15:01:06.500,18002,18003,18002,1,-1
2021-07-15 15:01:06.900,18002,18003,18002,3,-3
2021-07-15 15:01:06.900,18002,18003,18001,10,-10
2021-07-15 15:01:06.900,18002,18003,18000,7,-7
2021-07-15 15:01:07.046,18000,18002,18000,1,-1
2021-07-15 15:01:07.067,18000,18002,18000,1,-1
2021-07-15 15:01:07.125,18000,18002,18000,1,-1
2021-07-15 15:01:07.126,18000,18002,18000,1,-1
2021-07-15 15:01:07.126,18000,18002,18000,1,-1
2021-07-15 15:01:07.126,18000,18002,18000,1,-1
2021-07-15 15:01:07.128,18000,18002,18000,1,-1
2021-07-15 15:01:07.213,18000,18002,18000,21,-21
2021-07-15 15:01:07.213,18000,18002,17999,5,-5
2021-07-15 15:01:07.214,18000,18002,17999,5,-5
2021-07-15 15:01:07.231,18000,18002,17998,5,-5
2021-07-15 15:01:07.279,17998,18000,17998,1,-1
2021-07-15 15:01:07.370,17998,18000,17998,1,-1
2021-07-15 15:01:07.377,17998,18000,17998,6,-6
2021-07-15 15:01:07.383,17998,18000,17998,1,-1
2021-07-15 15:01:07.425,17998,18000,17998,1,-1
2021-07-15 15:01:07.634,17998,18000,17998,2,-2
2021-07-15 15:01:07.766,17998,18000,18000,1,1
2021-07-15 15:01:07.941,17998,18000,17998,1,-1
2021-07-15 15:01:08.057,17998,18000,18000,1,1
2021-07-15 15:01:08.223,17999,18001,17999,1,-1
2021-07-15 15:01:08.681,17999,18001,17999,1,-1
2021-07-15 15:01:08.810,17999,18001,17999,1,-1
2021-07-15 15:01:09.365,17999,18001,18001,1,1
2021-07-15 15:01:09.379,17999,18001,18001,1,1
2021-07-15 15:01:09.638,17999,18002,17999,1,-1
2021-07-15 15:01:09.844,17999,18001,17999,5,-5
2021-07-15 15:01:10.553,18000,18001,18000,1,1
2021-07-15 15:01:10.980,18000,18001,18001,1,1
2021-07-15 15:01:11.530,18000,18001,18001,1,1
2021-07-15 15:01:11.593,18000,18001,18000,5,-5
2021-07-15 15:01:11.593,18000,18001,17999,5,-5
2021-07-15 15:01:11.600,18000,18001,17999,1,-1
2021-07-15 15:01:11.764,17998,17999,17999,9,9
2021-07-15 15:01:11.793,17998,17999,17999,6,6
2021-07-15 15:01:13.321,17998,17999,17999,1,1
2021-07-15 15:01:13.326,17998,17999,17999,1,1
2021-07-15 15:01:13.738,17998,17999,17999,1,1
2021-07-15 15:01:14.264,17998,17999,17998,1,-1
2021-07-15 15:01:14.387,17998,17999,17998,1,-1
2021-07-15 15:01:15.110,17998,17999,17999,1,1
2021-07-15 15:01:16.170,17998,17999,17998,4,-4
2021-07-15 15:01:17.040,17998,17999,17999,12,12
2021-07-15 15:01:17.125,17999,18000,17999,1,-1
2021-07-15 15:01:17.125,17999,18000,17999,1,-1
2021-07-15 15:01:17.126,17999,18000,17999,1,-1
2021-07-15 15:01:17.126,17999,18000,17999,1,-1
2021-07-15 15:01:17.607,17999,18000,17999,1,-1
2021-07-15 15:01:17.736,17999,18000,18000,1,1
2021-07-15 15:01:17.931,17999,18000,17999,1,-1
2021-07-15 15:01:18.118,17999,18000,18000,1,1
2021-07-15 15:01:18.224,17999,18000,17999,1,-1
2021-07-15 15:01:18.754,17999,18000,18000,1,1
2021-07-15 15:01:18.828,17999,18000,18000,1,1
2021-07-15 15:01:18.828,17999,18000,18000,2,2
2021-07-15 15:01:19.279,17999,18001,17999,1,-1
2021-07-15 15:01:20.790,17999,18001,17999,1,-1
2021-07-15 15:01:20.895,17999,18001,17999,1,-1
2021-07-15 15:01:21.653,17999,18001,17999,2,-2
2021-07-15 15:01:21.858,17999,18001,17999,4,-4
2021-07-15 15:01:21.886,17999,18001,18001,1,1
2021-07-15 15:01:22.007,17999,18001,17999,2,-2
2021-07-15 15:01:22.555,17999,18001,18001,1,1
2021-07-15 15:01:23.723,17999,18001,18001,1,1
2021-07-15 15:01:24.861,18000,18001,18001,1,1
2021-07-15 15:01:24.861,18000,18001,18002,4,4
2021-07-15 15:01:25.759,18001,18002,18002,3,3
2021-07-15 15:01:25.759,18001,18002,18003,2,2
2021-07-15 15:01:25.925,18001,18003,18001,1,-1
2021-07-15 15:01:27.031,18000,18002,18000,1,-1
2021-07-15 15:01:27.601,17999,18002,18000,1,-1
2021-07-15 15:01:27.629,17999,18002,18000,1,-1
2021-07-15 15:01:27.979,18000,18002,18000,1,-1
2021-07-15 15:01:27.994,18000,18002,18000,1,-1
2021-07-15 15:01:28.661,17999,18001,18001,1,1
2021-07-15 15:01:28.751,18000,18002,18000,1,-1
2021-07-15 15:01:28.751,18000,18002,18000,1,-1
2021-07-15 15:01:28.751,18000,18002,18000,1,-1
2021-07-15 15:01:28.751,18000,18002,18000,1,-1
2021-07-15 15:01:30.090,18000,18002,18000,2,-2
2021-07-15 15:01:30.731,18000,18001,18000,1,-1
2021-07-15 15:01:31.999,18000,18001,18001,1,1
2021-07-15 15:01:32.080,18000,18001,18000,2,-2
2021-07-15 15:01:32.669,18000,18002,18000,1,-1
2021-07-15 15:01:33.280,18000,18002,18000,1,-1
2021-07-15 15:01:33.280,18000,18002,17999,1,-1
2021-07-15 15:01:33.629,17999,18000,18000,1,1
2021-07-15 15:01:34.554,18000,18001,18000,1,-1
2021-07-15 15:01:34.809,18000,18001,18000,2,-2
2021-07-15 15:01:34.831,18000,18001,17999,1,-1
2021-07-15 15:01:34.893,17999,18001,17999,1,-1
2021-07-15 15:01:36.280,18000,18001,18000,2,2
2021-07-15 15:01:36.280,18000,18001,18000,1,-1
2021-07-15 15:01:37.778,17999,18000,18000,2,2
2021-07-15 15:01:37.875,18000,18001,18000,1,-1
2021-07-15 15:01:38.257,18000,18001,18000,2,-2
2021-07-15 15:01:38.497,18000,18001,18000,2,-2
2021-07-15 15:01:38.551,18000,18001,18000,5,-5
2021-07-15 15:01:38.695,18000,18001,18000,3,-3
2021-07-15 15:01:38.801,18000,18001,18000,2,-2
2021-07-15 15:01:39.238,18000,18001,18001,1,1
2021-07-15 15:01:39.561,18000,18001,18001,3,3
2021-07-15 15:01:39.562,18000,18001,18001,2,2
2021-07-15 15:01:40.779,18000,18002,18002,1,1
2021-07-15 15:01:41.129,18000,18002,18000,2,-2
2021-07-15 15:01:41.264,18000,18002,18000,1,-1
2021-07-15 15:01:41.327,18000,18002,18000,2,-2
2021-07-15 15:01:41.573,18000,18002,18000,2,-2
2021-07-15 15:01:42.115,18001,18002,18001,1,1
2021-07-15 15:01:43.204,18000,18002,18000,1,-1
2021-07-15 15:01:43.289,18000,18002,18000,2,-2
2021-07-15 15:01:43.473,18000,18002,18000,1,-1
2021-07-15 15:01:43.661,18000,18002,18000,2,-2
2021-07-15 15:01:44.134,18000,18002,18001,1,1
2021-07-15 15:01:45.771,18000,18001,18000,1,-1
2021-07-15 15:01:46.576,18000,18001,18001,1,1
2021-07-15 15:01:47.033,18000,18001,18001,2,2
2021-07-15 15:01:47.127,18000,18002,18000,1,-1
2021-07-15 15:01:47.595,18001,18002,18002,7,7
2021-07-15 15:01:48.660,18002,18003,18002,1,-1
2021-07-15 15:01:48.887,18001,18003,18003,5,5
2021-07-15 15:01:49.986,18001,18003,18001,1,-1
2021-07-15 15:01:51.478,18001,18003,18001,2,-2
2021-07-15 15:01:51.862,18001,18003,18001,2,-2
2021-07-15 15:01:54.252,18001,18003,18001,5,-5
2021-07-15 15:01:54.253,18001,18003,18001,1,-1
2021-07-15 15:01:54.253,18001,18003,18001,5,-5
2021-07-15 15:01:54.422,18001,18002,18001,1,-1
2021-07-15 15:01:54.423,18001,18002,18001,1,-1
2021-07-15 15:01:54.674,18001,18002,18001,1,-1
2021-07-15 15:01:55.571,18001,18002,18001,1,-1
2021-07-15 15:01:57.069,18001,18002,18001,2,-2
2021-07-15 15:01:57.149,18001,18002,18002,1,1
2021-07-15 15:01:57.748,18001,18002,18001,2,-2
2021-07-15 15:01:58.243,18001,18002,18002,1,1
2021-07-15 15:01:58.392,18001,18003,18003,2,2
2021-07-15 15:01:58.686,18001,18003,18003,1,1
2021-07-15 15:01:58.787,18001,18003,18003,1,1
2021-07-15 15:02:00.103,18002,18003,18003,1,1
2021-07-15 15:02:00.103,18002,18003,18004,3,3
2021-07-15 15:02:01.388,18002,18003,18003,1,1
2021-07-15 15:02:01.903,18002,18003,18002,1,-1
2021-07-15 15:02:02.081,18002,18004,18004,1,1
2021-07-15 15:02:02.356,18002,18004,18004,2,2
2021-07-15 15:02:02.361,18002,18004,18002,3,-3
2021-07-15 15:02:02.417,18001,18004,18003,1,1
2021-07-15 15:02:02.417,18001,18004,18004,1,1
2021-07-15 15:02:02.428,18001,18004,18004,2,2
2021-07-15 15:02:02.434,18001,18004,18004,4,4
2021-07-15 15:02:02.446,18001,18004,18004,2,2
2021-07-15 15:02:04.400,18002,18004,18002,2,-2
2021-07-15 15:02:04.622,18002,18004,18004,1,1
2021-07-15 15:02:05.029,18003,18004,18004,2,2
2021-07-15 15:02:08.831,18003,18004,18004,1,1
2021-07-15 15:02:08.831,18003,18004,18005,1,1
2021-07-15 15:02:09.160,18003,18005,18003,2,-2
2021-07-15 15:02:09.173,18003,18005,18002,1,-1
2021-07-15 15:02:09.184,18003,18005,18002,4,-4
2021-07-15 15:02:09.223,18003,18005,18002,1,-1
2021-07-15 15:02:09.934,18002,18004,18002,2,-2
2021-07-15 15:02:09.986,18002,18004,18004,1,1
2021-07-15 15:02:10.083,18002,18004,18004,1,1
2021-07-15 15:02:11.784,18002,18003,18002,1,-1
2021-07-15 15:02:12.061,18002,18003,18003,1,1
2021-07-15 15:02:12.742,18002,18004,18002,1,-1
2021-07-15 15:02:14.719,18003,18004,18003,1,1
2021-07-15 15:02:15.326,18002,18004,18004,2,2
2021-07-15 15:02:17.532,18004,18005,18004,1,-1
2021-07-15 15:02:18.174,18004,18005,18004,1,-1
2021-07-15 15:02:18.672,18004,18005,18004,2,-2
2021-07-15 15:02:19.392,18004,18005,18005,1,1
2021-07-15 15:02:19.649,18004,18005,18004,2,-2
2021-07-15 15:02:19.906,18004,18005,18005,23,23
2021-07-15 15:02:19.907,18004,18005,18005,1,1
2021-07-15 15:02:22.804,18004,18006,18004,2,-2
2021-07-15 15:02:23.107,18004,18006,18004,1,-1
2021-07-15 15:02:24.339,18004,18006,18006,1,1
2021-07-15 15:02:24.384,18004,18006,18005,1,-1
2021-07-15 15:02:24.541,18004,18006,18004,1,-1
2021-07-15 15:02:24.788,18004,18006,18004,1,-1
2021-07-15 15:02:25.369,18004,18006,18005,1,1
2021-07-15 15:02:26.254,18005,18006,18006,1,1
2021-07-15 15:02:29.059,18005,18006,18005,4,-4
2021-07-15 15:02:29.236,18004,18006,18004,1,-1
2021-07-15 15:02:31.550,18004,18006,18004,1,-1
2021-07-15 15:02:31.728,18004,18006,18006,1,1
2021-07-15 15:02:36.328,18004,18005,18005,1,1
2021-07-15 15:02:36.653,18004,18006,18004,2,-2
2021-07-15 15:02:39.248,18004,18005,18005,7,7
2021-07-15 15:02:40.292,18005,18006,18005,3,-3
2021-07-15 15:02:42.314,18005,18006,18005,2,-2
2021-07-15 15:02:44.142,18005,18006,18005,5,-5
2021-07-15 15:02:44.303,18004,18005,18005,1,1
2021-07-15 15:02:44.674,18004,18005,18005,1,1
2021-07-15 15:02:44.693,18004,18005,18005,1,1
2021-07-15 15:02:46.772,18004,18005,18005,1,1
2021-07-15 15:02:47.522,18004,18005,18005,2,2
2021-07-15 15:02:47.666,18004,18005,18004,1,-1
2021-07-15 15:02:47.709,18004,18005,18004,1,-1
2021-07-15 15:02:51.158,18004,18005,18005,1,1
2021-07-15 15:02:53.173,18004,18005,18004,2,-2
2021-07-15 15:02:53.875,18004,18005,18005,4,4
2021-07-15 15:02:55.671,18004,18005,18005,1,1
2021-07-15 15:02:57.689,18004,18005,18005,1,1
2021-07-15 15:02:57.762,18004,18005,18004,10,-10
2021-07-15 15:02:58.019,18004,18005,18004,1,-1
2021-07-15 15:02:58.334,18004,18005,18005,1,1
2021-07-15 15:02:58.905,18004,18005,18004,1,-1
2021-07-15 15:03:00.204,18004,18005,18005,1,1
2021-07-15 15:03:00.781,18004,18005,18004,1,-1
2021-07-15 15:03:00.781,18004,18005,18004,1,-1
2021-07-15 15:03:01.068,18003,18004,18003,1,-1
2021-07-15 15:03:01.126,18003,18004,18004,3,3
2021-07-15 15:03:01.126,18003,18004,18005,1,1
2021-07-15 15:03:02.334,18004,18005,18004,1,-1
2021-07-15 15:03:03.237,18003,18004,18004,1,1
2021-07-15 15:03:03.358,18003,18005,18005,1,1
2021-07-15 15:03:03.604,18003,18005,18004,2,-2
2021-07-15 15:03:08.637,18004,18005,18004,1,-1
2021-07-15 15:03:09.158,18004,18005,18004,2,-2
2021-07-15 15:03:09.158,18004,18005,18003,3,-3
2021-07-15 15:03:09.446,18003,18005,18004,1,1
2021-07-15 15:03:11.505,18004,18005,18005,3,3
2021-07-15 15:03:11.623,18004,18005,18005,3,3
2021-07-15 15:03:14.290,18004,18005,18004,1,-1
2021-07-15 15:03:15.036,18004,18005,18005,1,1
2021-07-15 15:03:18.476,18004,18005,18005,1,1
2021-07-15 15:03:18.976,18005,18006,18005,1,-1
2021-07-15 15:03:18.976,18005,18006,18004,4,-4
2021-07-15 15:03:21.823,18004,18005,18004,1,-1
2021-07-15 15:03:21.824,18004,18005,18004,1,-1
2021-07-15 15:03:22.802,18003,18004,18004,1,1
2021-07-15 15:03:23.068,18003,18005,18005,1,1
2021-07-15 15:03:23.273,18003,18005,18003,3,-3
2021-07-15 15:03:23.277,18003,18005,18003,3,-3
2021-07-15 15:03:23.281,18003,18005,18003,1,-1
2021-07-15 15:03:23.859,18003,18005,18003,1,-1
2021-07-15 15:03:23.882,18002,18005,18002,1,-1
2021-07-15 15:03:25.730,18002,18004,18004,2,2
2021-07-15 15:03:30.218,18004,18005,18004,1,-1
2021-07-15 15:03:30.218,18004,18005,18003,4,-4
2021-07-15 15:03:30.532,18003,18004,18003,4,-4
2021-07-15 15:03:31.398,18002,18003,18002,5,-5
2021-07-15 15:03:32.226,18002,18003,18002,5,-5
2021-07-15 15:03:32.338,18001,18003,18001,1,-1
2021-07-15 15:03:32.958,18001,18002,18001,5,-5
2021-07-15 15:03:33.863,18001,18002,18001,2,-2
2021-07-15 15:03:33.873,18001,18002,18001,3,-3
2021-07-15 15:03:33.874,18001,18002,18001,17,-17
2021-07-15 15:03:33.874,18001,18002,18001,1,-1
2021-07-15 15:03:33.877,18001,18002,18000,1,-1
2021-07-15 15:03:33.883,18001,18002,18001,1,1
2021-07-15 15:03:33.899,18001,18002,18000,1,-1
2021-07-15 15:03:34.172,18000,18001,18000,13,-13
2021-07-15 15:03:34.172,18000,18001,18000,4,-4
2021-07-15 15:03:34.173,18000,18001,18000,1,-1
2021-07-15 15:03:34.173,18000,18001,18000,23,-23
2021-07-15 15:03:34.173,18000,18001,18000,1,-1
2021-07-15 15:03:34.173,18000,18001,18000,1,-1
2021-07-15 15:03:34.173,18000,18001,18000,1,-1
2021-07-15 15:03:34.174,18000,18001,18000,1,-1
2021-07-15 15:03:34.174,18000,18001,18000,1,-1
2021-07-15 15:03:34.174,18000,18001,18000,1,-1
2021-07-15 15:03:34.249,18000,18001,18000,8,-8
2021-07-15 15:03:34.392,18000,18001,18000,1,-1
2021-07-15 15:03:35.292,18000,18001,18000,2,-2
2021-07-15 15:03:35.300,18000,18001,18001,1,1
2021-07-15 15:03:35.344,18000,18001,18000,2,-2
2021-07-15 15:03:35.345,18000,18001,18000,1,-1
2021-07-15 15:03:35.345,18000,18001,18000,2,-2
2021-07-15 15:03:35.558,18000,18001,18000,1,-1
2021-07-15 15:03:35.592,18000,18001,18000,1,-1
2021-07-15 15:03:35.780,17999,18000,17999,3,-3
2021-07-15 15:03:35.780,17999,18000,18000,2,2
2021-07-15 15:03:36.251,17999,18000,18000,1,1
2021-07-15 15:03:36.309,17999,18000,18000,1,1
2021-07-15 15:03:37.275,18000,18001,18000,1,-1
2021-07-15 15:03:38.276,18000,18001,18001,1,1
2021-07-15 15:03:38.858,18001,18002,18001,1,-1
2021-07-15 15:03:39.170,18000,18002,18000,1,-1
2021-07-15 15:03:41.517,18000,18002,18000,1,-1
2021-07-15 15:03:43.024,18000,18002,18000,1,-1
2021-07-15 15:03:43.887,18001,18002,18001,2,2
2021-07-15 15:03:44.490,18001,18002,18001,1,-1
2021-07-15 15:03:46.260,18001,18002,18001,3,-3
2021-07-15 15:03:46.260,18001,18002,18000,2,-2
2021-07-15 15:03:47.482,18000,18002,18000,1,-1
2021-07-15 15:03:48.747,18000,18002,18001,1,1
2021-07-15 15:03:51.342,18000,18002,18000,5,-5
2021-07-15 15:03:51.901,17999,18002,18002,2,2
2021-07-15 15:03:52.443,18000,18002,18000,7,-7
2021-07-15 15:03:52.444,18000,18002,18000,1,-1
2021-07-15 15:03:52.930,17999,18002,17999,1,-1
2021-07-15 15:03:52.958,17999,18002,17999,1,-1
2021-07-15 15:03:53.052,18000,18002,18000,1,1
2021-07-15 15:03:55.123,18000,18002,18002,4,4
2021-07-15 15:03:55.664,18001,18003,18001,1,-1
2021-07-15 15:03:56.759,18001,18003,18003,1,1
2021-07-15 15:03:56.765,18001,18003,18002,1,-1
2021-07-15 15:03:59.249,18002,18003,18003,1,1
2021-07-15 15:03:59.949,18002,18004,18004,1,1
2021-07-15 15:04:02.386,18001,18003,18003,1,1
2021-07-15 15:04:02.553,18001,18003,18001,1,-1
2021-07-15 15:04:02.581,18001,18003,18001,1,-1
2021-07-15 15:04:02.868,18001,18003,18003,2,2
2021-07-15 15:04:02.875,18002,18003,18002,2,-2
2021-07-15 15:04:03.374,18002,18003,18003,1,1
2021-07-15 15:04:04.374,18002,18003,18003,2,2
2021-07-15 15:04:04.841,18002,18003,18003,1,1
2021-07-15 15:04:06.673,18002,18003,18002,5,-5
2021-07-15 15:04:07.532,18001,18003,18003,4,4
2021-07-15 15:04:09.319,18002,18003,18002,1,-1
2021-07-15 15:04:15.014,18002,18003,18003,1,1
2021-07-15 15:04:15.163,18002,18003,18003,3,3
2021-07-15 15:04:20.339,18003,18004,18004,8,8
2021-07-15 15:04:21.298,18004,18005,18004,4,-4
2021-07-15 15:04:21.298,18004,18005,18003,1,-1
2021-07-15 15:04:26.124,18003,18005,18005,1,1
2021-07-15 15:04:26.274,18003,18005,18003,1,-1
2021-07-15 15:04:28.611,18003,18005,18003,1,-1
2021-07-15 15:04:35.147,18003,18005,18003,1,-1
2021-07-15 15:04:35.168,18003,18005,18003,1,-1
2021-07-15 15:04:36.526,18004,18005,18005,1,1
2021-07-15 15:04:37.359,18004,18005,18004,5,-5
2021-07-15 15:04:37.420,18004,18005,18004,1,-1
2021-07-15 15:04:37.421,18004,18005,18004,2,-2
2021-07-15 15:04:38.184,18004,18005,18005,1,1
2021-07-15 15:04:38.469,18004,18005,18005,1,1
2021-07-15 15:04:38.470,18004,18005,18005,1,1
2021-07-15 15:04:40.011,18005,18006,18006,1,1
2021-07-15 15:04:40.338,18005,18006,18005,1,-1
2021-07-15 15:04:41.820,18005,18006,18005,1,-1
2021-07-15 15:04:44.716,18004,18005,18004,1,-1
2021-07-15 15:04:44.849,18004,18005,18005,1,1
2021-07-15 15:04:44.890,18004,18005,18005,1,1
2021-07-15 15:04:45.363,18004,18006,18006,1,1
2021-07-15 15:04:46.218,18005,18006,18005,1,-1
2021-07-15 15:04:46.747,18004,18006,18004,1,-1
2021-07-15 15:04:48.353,18004,18006,18005,1,1
2021-07-15 15:04:51.749,18004,18005,18005,3,3
2021-07-15 15:04:52.231,18005,18006,18005,1,-1
2021-07-15 15:04:53.588,18005,18006,18005,1,-1
2021-07-15 15:04:55.616,18005,18006,18006,3,3
2021-07-15 15:04:58.027,18005,18006,18006,2,2
2021-07-15 15:04:58.028,18005,18006,18006,2,2
2021-07-15 15:04:58.028,18005,18006,18006,16,16
2021-07-15 15:04:58.471,18005,18007,18005,1,-1
2021-07-15 15:04:59.890,18006,18007,18006,1,1
2021-07-15 15:05:00.159,18006,18007,18006,1,-1
2021-07-15 15:05:01.282,18006,18007,18006,1,-1
2021-07-15 15:05:01.282,18006,18007,18006,3,-3
2021-07-15 15:05:01.719,18005,18006,18006,1,1
2021-07-15 15:05:01.738,18005,18006,18006,1,1
2021-07-15 15:05:01.860,18005,18006,18005,1,-1
2021-07-15 15:05:04.228,18005,18006,18006,1,1
2021-07-15 15:05:04.806,18005,18006,18006,1,1
2021-07-15 15:05:05.523,18006,18007,18006,1,-1
2021-07-15 15:05:06.152,18005,18007,18007,2,2
2021-07-15 15:05:06.180,18005,18007,18005,1,-1
2021-07-15 15:05:12.721,18005,18006,18006,3,3
2021-07-15 15:05:13.310,18005,18007,18007,1,1
2021-07-15 15:05:16.721,18005,18006,18006,2,2
2021-07-15 15:05:19.485,18006,18007,18006,3,-3
2021-07-15 15:05:20.887,18006,18007,18007,1,1
2021-07-15 15:05:21.207,18006,18007,18007,1,1
2021-07-15 15:05:26.305,18006,18007,18007,1,1
2021-07-15 15:05:27.592,18006,18007,18007,8,8
2021-07-15 15:05:27.592,18006,18007,18008,10,10
2021-07-15 15:05:27.592,18006,18007,18009,2,2
2021-07-15 15:05:27.847,18007,18009,18009,1,1
2021-07-15 15:05:27.914,18007,18009,18009,1,1
2021-07-15 15:05:27.920,18007,18009,18009,1,1
2021-07-15 15:05:30.798,18008,18009,18009,1,1
2021-07-15 15:05:31.750,18008,18009,18009,1,1
2021-07-15 15:05:32.550,18008,18009,18009,1,1
2021-07-15 15:05:34.579,18008,18010,18010,1,1
2021-07-15 15:05:34.662,18008,18010,18010,1,1
2021-07-15 15:05:34.664,18008,18010,18010,1,1
2021-07-15 15:05:35.018,18008,18010,18010,1,1
2021-07-15 15:05:35.125,18008,18010,18010,1,1
2021-07-15 15:05:38.195,18009,18010,18009,2,-2
2021-07-15 15:05:38.398,18008,18009,18008,1,-1
2021-07-15 15:05:39.318,18008,18009,18009,1,1
2021-07-15 15:05:39.972,18008,18009,18009,1,1
2021-07-15 15:05:40.376,18008,18009,18009,4,4
2021-07-15 15:05:40.463,18008,18009,18008,1,-1
2021-07-15 15:05:41.691,18008,18009,18009,1,1
2021-07-15 15:05:43.976,18008,18009,18008,1,-1
2021-07-15 15:05:43.976,18008,18009,18008,4,-4
2021-07-15 15:05:43.976,18008,18009,18008,1,-1
2021-07-15 15:05:44.617,18007,18008,18008,1,1
2021-07-15 15:05:44.725,18007,18008,18008,2,2
2021-07-15 15:05:44.727,18007,18008,18008,3,3
2021-07-15 15:05:50.245,18007,18008,18007,2,-2
2021-07-15 15:05:50.908,18006,18008,18008,2,2
2021-07-15 15:05:52.372,18007,18008,18008,4,4
2021-07-15 15:05:52.373,18008,18009,18008,1,-1
2021-07-15 15:05:52.627,18007,18008,18008,1,1
2021-07-15 15:05:52.898,18007,18008,18007,1,-1
2021-07-15 15:05:55.448,18007,18008,18008,1,1
2021-07-15 15:06:00.837,18007,18008,18007,3,-3
2021-07-15 15:06:00.951,18006,18008,18007,2,-2
2021-07-15 15:06:01.288,18006,18007,18007,1,1
2021-07-15 15:06:01.444,18006,18007,18006,2,-2
2021-07-15 15:06:02.883,18006,18007,18006,1,-1
2021-07-15 15:06:03.259,18006,18007,18007,1,1
2021-07-15 15:06:03.994,18006,18007,18007,1,1
2021-07-15 15:06:04.722,18006,18007,18007,1,1
2021-07-15 15:06:07.305,18006,18007,18007,2,2
2021-07-15 15:06:10.046,18006,18008,18008,1,1
2021-07-15 15:06:11.781,18006,18007,18007,2,2
2021-07-15 15:06:11.782,18006,18007,18007,1,1
2021-07-15 15:06:19.979,18007,18008,18007,1,-1
2021-07-15 15:06:21.827,18007,18008,18007,6,-6
2021-07-15 15:06:24.658,18006,18007,18006,2,-2
2021-07-15 15:06:24.981,18006,18007,18006,9,-9
2021-07-15 15:06:25.064,18005,18007,18005,1,-1
2021-07-15 15:06:26.138,18005,18006,18006,1,1
2021-07-15 15:06:27.308,18005,18006,18005,1,-1
2021-07-15 15:06:27.350,18005,18006,18005,1,-1
2021-07-15 15:06:28.119,18005,18006,18005,6,-6
2021-07-15 15:06:29.226,18005,18006,18005,2,-2
2021-07-15 15:06:29.226,18005,18006,18005,2,-2
2021-07-15 15:06:29.226,18005,18006,18005,1,-1
2021-07-15 15:06:29.226,18005,18006,18005,4,-4
2021-07-15 15:06:31.546,18004,18006,18005,1,-1
2021-07-15 15:06:35.906,18004,18006,18004,1,-1
2021-07-15 15:06:36.027,18004,18006,18005,3,3
2021-07-15 15:06:38.383,18004,18006,18005,1,-1
2021-07-15 15:06:39.133,18004,18005,18004,1,-1
2021-07-15 15:06:42.048,18004,18005,18005,1,1
2021-07-15 15:06:45.900,18004,18005,18005,1,1
2021-07-15 15:06:45.900,18004,18005,18005,1,1
2021-07-15 15:06:50.411,18005,18006,18005,1,-1
2021-07-15 15:06:53.801,18005,18006,18005,1,-1
2021-07-15 15:06:56.258,18004,18005,18005,1,1
2021-07-15 15:07:01.036,18005,18006,18005,4,-4
2021-07-15 15:07:02.229,18004,18005,18004,15,-15
2021-07-15 15:07:02.381,18003,18005,18003,1,-1
2021-07-15 15:07:02.658,18003,18005,18003,2,-2
2021-07-15 15:07:02.658,18003,18005,18002,3,-3
2021-07-15 15:07:03.515,18003,18005,18003,1,1
2021-07-15 15:07:15.580,18004,18005,18004,1,1
2021-07-15 15:07:16.254,18003,18004,18004,2,2
2021-07-15 15:07:16.778,18003,18005,18003,1,-1
2021-07-15 15:07:17.129,18003,18005,18003,5,-5
2021-07-15 15:07:21.982,18003,18004,18003,1,-1
2021-07-15 15:07:22.281,18002,18003,18002,1,-1
2021-07-15 15:07:24.543,18002,18004,18002,5,-5
2021-07-15 15:07:25.341,18002,18004,18003,1,1
2021-07-15 15:07:31.023,18002,18003,18003,1,1
2021-07-15 15:07:31.104,18002,18003,18002,1,-1
2021-07-15 15:07:35.286,18002,18003,18003,1,1
2021-07-15 15:07:36.224,18002,18003,18002,4,-4
2021-07-15 15:07:37.255,18002,18003,18002,1,-1
2021-07-15 15:07:38.249,18002,18003,18003,1,1
2021-07-15 15:07:38.250,18002,18003,18003,2,2
2021-07-15 15:07:38.250,18002,18003,18003,1,1
2021-07-15 15:07:39.237,18003,18004,18003,1,-1
2021-07-15 15:07:39.907,18003,18004,18004,3,3
2021-07-15 15:07:39.907,18003,18004,18005,2,2
2021-07-15 15:07:45.835,18005,18006,18005,1,-1
2021-07-15 15:07:48.258,18005,18006,18006,6,6
2021-07-15 15:07:50.783,18006,18007,18007,1,1
2021-07-15 15:07:51.015,18006,18007,18006,1,-1
2021-07-15 15:08:02.844,18006,18007,18006,7,-7
2021-07-15 15:08:03.163,18005,18006,18006,1,1
2021-07-15 15:08:03.758,18005,18007,18005,1,-1
2021-07-15 15:08:04.767,18005,18006,18005,2,-2
2021-07-15 15:08:05.083,18005,18006,18006,2,2
2021-07-15 15:08:07.187,18006,18007,18006,1,-1
2021-07-15 15:08:07.647,18006,18007,18006,1,-1
2021-07-15 15:08:11.568,18006,18007,18006,1,-1
2021-07-15 15:08:11.568,18006,18007,18006,1,-1
2021-07-15 15:08:12.875,18005,18007,18007,1,1
2021-07-15 15:08:17.848,18005,18006,18006,1,1
2021-07-15 15:08:38.610,18005,18006,18005,1,-1
2021-07-15 15:08:41.817,18005,18006,18006,1,1
2021-07-15 15:08:42.018,18005,18006,18005,1,-1
2021-07-15 15:08:48.602,18005,18006,18005,1,-1
2021-07-15 15:08:48.719,18005,18006,18005,8,-8
2021-07-15 15:08:51.296,18005,18006,18005,1,-1
2021-07-15 15:08:51.614,18005,18006,18005,5,-5
2021-07-15 15:08:51.654,18005,18006,18005,2,-2
2021-07-15 15:08:51.654,18005,18006,18004,3,-3
2021-07-15 15:08:53.847,18004,18005,18005,1,1
2021-07-15 15:08:53.848,18004,18005,18005,1,1
2021-07-15 15:08:56.010,18005,18006,18005,1,-1
2021-07-15 15:09:00.893,18005,18006,18005,2,-2
2021-07-15 15:09:02.052,18005,18006,18005,2,-2
2021-07-15 15:09:02.052,18005,18006,18005,1,-1
2021-07-15 15:09:02.079,18005,18006,18005,1,-1
2021-07-15 15:09:05.969,18005,18006,18005,1,-1
2021-07-15 15:09:08.255,18005,18006,18005,2,-2
2021-07-15 15:09:13.289,18005,18006,18006,1,1
2021-07-15 15:09:13.290,18005,18006,18006,5,5
2021-07-15 15:09:13.290,18005,18006,18006,2,2
2021-07-15 15:09:13.290,18005,18006,18006,3,3
2021-07-15 15:09:17.876,18006,18007,18006,1,-1
2021-07-15 15:09:21.469,18006,18007,18006,1,-1
2021-07-15 15:09:21.740,18005,18007,18005,1,-1
2021-07-15 15:09:21.763,18005,18007,18005,1,-1
2021-07-15 15:09:22.893,18005,18006,18006,1,1
2021-07-15 15:09:28.866,18005,18006,18006,2,2
2021-07-15 15:09:30.605,18006,18007,18007,5,5
2021-07-15 15:09:30.605,18006,18007,18007,2,2
2021-07-15 15:09:30.606,18006,18007,18007,2,2
2021-07-15 15:09:30.607,18006,18007,18007,13,13
2021-07-15 15:09:31.665,18006,18008,18007,1,-1
2021-07-15 15:09:33.022,18006,18008,18008,1,1
2021-07-15 15:09:38.439,18006,18007,18007,1,1
2021-07-15 15:09:40.152,18006,18007,18006,2,-2
2021-07-15 15:09:41.001,18006,18007,18006,2,-2
2021-07-15 15:09:43.142,18006,18007,18006,2,-2
2021-07-15 15:09:43.965,18006,18007,18006,1,-1
2021-07-15 15:09:43.965,18006,18007,18005,15,-15
2021-07-15 15:09:43.966,18006,18007,18005,1,-1
2021-07-15 15:09:43.966,18006,18007,18005,3,-3
2021-07-15 15:09:47.742,18006,18007,18006,1,1
2021-07-15 15:09:50.137,18005,18006,18005,7,-7
2021-07-15 15:09:50.137,18005,18006,18004,1,-1
2021-07-15 15:09:53.292,18005,18006,18006,1,1
2021-07-15 15:09:55.009,18005,18006,18005,1,-1
2021-07-15 15:10:00.190,18005,18006,18005,2,-2
2021-07-15 15:10:00.606,18004,18005,18004,3,-3
2021-07-15 15:10:00.614,18004,18005,18004,1,-1
2021-07-15 15:10:01.392,18004,18005,18004,18,-18
2021-07-15 15:10:01.941,18003,18004,18004,2,2
2021-07-15 15:10:01.941,18003,18004,18005,2,2
2021-07-15 15:10:06.414,18003,18004,18004,1,1
2021-07-15 15:10:07.110,18003,18004,18003,5,-5
2021-07-15 15:10:07.110,18003,18004,18003,2,-2
2021-07-15 15:10:07.111,18003,18004,18003,1,-1
2021-07-15 15:10:07.188,18002,18004,18002,5,-5
2021-07-15 15:10:07.302,18002,18004,18002,2,-2
2021-07-15 15:10:07.302,18002,18004,18001,3,-3
2021-07-15 15:10:07.469,18001,18004,18001,5,-5
2021-07-15 15:10:13.715,18003,18004,18004,1,1
2021-07-15 15:10:14.967,18003,18006,18003,1,-1
2021-07-15 15:10:15.408,18004,18005,18004,1,1
2021-07-15 15:10:15.446,18004,18005,18004,1,-1
2021-07-15 15:10:15.503,18003,18005,18003,1,-1
2021-07-15 15:10:17.431,18004,18006,18005,1,1
2021-07-15 15:10:18.470,18004,18005,18005,1,1
2021-07-15 15:10:19.196,18004,18006,18006,1,1
2021-07-15 15:10:19.450,18005,18006,18005,1,-1
2021-07-15 15:10:19.450,18005,18006,18004,4,-4
2021-07-15 15:10:19.450,18005,18006,18004,1,-1
2021-07-15 15:10:19.450,18005,18006,18004,2,-2
2021-07-15 15:10:19.450,18005,18006,18004,9,-9
2021-07-15 15:10:19.451,18005,18006,18004,2,-2
2021-07-15 15:10:19.451,18005,18006,18004,1,-1
2021-07-15 15:10:26.262,18004,18005,18005,1,1
2021-07-15 15:10:27.931,18004,18005,18005,1,1
2021-07-15 15:10:28.475,18004,18005,18005,1,1
2021-07-15 15:10:29.771,18005,18006,18005,1,-1
2021-07-15 15:10:34.901,18004,18005,18005,6,6
2021-07-15 15:10:46.554,18004,18005,18004,10,-10
2021-07-15 15:10:49.890,18003,18004,18004,1,1
2021-07-15 15:10:58.203,18003,18004,18003,2,-2
2021-07-15 15:10:58.877,18003,18004,18003,2,-2
2021-07-15 15:10:59.659,18003,18004,18003,1,-1
2021-07-15 15:10:59.943,18003,18004,18004,1,1
2021-07-15 15:11:00.449,18003,18004,18003,2,-2
2021-07-15 15:11:01.140,18002,18004,18002,2,-2
2021-07-15 15:11:01.787,18002,18003,18003,1,1
2021-07-15 15:11:01.829,18002,18003,18003,1,1
2021-07-15 15:11:05.594,18002,18004,18002,5,-5
2021-07-15 15:11:08.342,18002,18004,18003,2,2
2021-07-15 15:11:11.476,18002,18004,18002,1,-1
2021-07-15 15:11:14.209,18003,18004,18003,1,1
2021-07-15 15:11:14.238,18003,18004,18003,1,-1
2021-07-15 15:11:14.827,18003,18004,18003,1,-1
2021-07-15 15:11:14.860,18003,18004,18004,9,9
2021-07-15 15:11:14.861,18003,18004,18004,1,1
2021-07-15 15:11:14.861,18003,18004,18004,1,1
2021-07-15 15:11:18.464,18004,18005,18004,1,-1
2021-07-15 15:11:19.078,18003,18004,18004,1,1
2021-07-15 15:11:19.710,18003,18004,18004,1,1
2021-07-15 15:11:23.568,18003,18004,18004,24,24
2021-07-15 15:11:23.729,18004,18005,18004,1,-1
2021-07-15 15:11:27.732,18004,18005,18005,1,1
2021-07-15 15:11:28.570,18004,18005,18005,15,15
2021-07-15 15:11:28.570,18004,18005,18005,1,1
2021-07-15 15:11:28.570,18004,18005,18005,3,3
2021-07-15 15:11:33.153,18005,18006,18006,1,1
2021-07-15 15:11:33.742,18005,18006,18005,3,-3
2021-07-15 15:11:33.742,18005,18006,18004,2,-2
2021-07-15 15:11:34.219,18005,18006,18006,5,5
2021-07-15 15:11:38.350,18005,18006,18006,5,5
2021-07-15 15:11:38.351,18005,18006,18006,6,6
2021-07-15 15:11:38.351,18005,18006,18006,1,1
2021-07-15 15:11:38.482,18005,18006,18006,1,1
2021-07-15 15:11:38.581,18005,18007,18005,3,-3
2021-07-15 15:11:39.009,18005,18007,18005,1,-1
2021-07-15 15:11:44.859,18006,18007,18006,2,2
2021-07-15 15:11:48.870,18005,18006,18006,1,1
2021-07-15 15:11:49.413,18005,18006,18006,1,1
2021-07-15 15:11:52.147,18005,18006,18006,4,4
2021-07-15 15:11:57.093,18005,18006,18006,1,1
2021-07-15 15:11:57.990,18005,18006,18006,1,1
2021-07-15 15:12:00.568,18005,18006,18006,2,2
2021-07-15 15:12:00.819,18005,18006,18006,3,3
2021-07-15 15:12:00.821,18005,18006,18006,2,2
2021-07-15 15:12:00.873,18005,18006,18006,3,3
2021-07-15 15:12:01.188,18005,18006,18005,2,-2
2021-07-15 15:12:01.876,18005,18006,18006,1,1
2021-07-15 15:12:13.039,18005,18006,18006,1,1
2021-07-15 15:12:13.904,18005,18006,18006,1,1
2021-07-15 15:12:28.794,18005,18006,18006,2,2
2021-07-15 15:12:29.550,18005,18006,18006,2,2
2021-07-15 15:12:30.040,18005,18006,18006,1,1
2021-07-15 15:12:36.534,18005,18006,18006,1,1
2021-07-15 15:12:37.369,18005,18006,18006,4,4
2021-07-15 15:12:40.626,18005,18006,18005,1,-1
2021-07-15 15:12:48.782,18005,18006,18006,1,1
2021-07-15 15:12:50.004,18005,18006,18005,1,-1
2021-07-15 15:12:50.083,18005,18006,18006,2,2
2021-07-15 15:12:50.232,18005,18006,18006,2,2
2021-07-15 15:12:55.639,18005,18006,18006,1,1
2021-07-15 15:12:57.368,18005,18006,18005,1,-1
2021-07-15 15:13:05.980,18005,18006,18006,1,1
2021-07-15 15:13:06.046,18005,18006,18005,10,-10
2021-07-15 15:13:22.235,18005,18006,18005,14,-14
2021-07-15 15:13:22.348,18004,18005,18005,1,1
2021-07-15 15:13:23.479,18004,18005,18005,1,1
2021-07-15 15:13:30.545,18004,18005,18004,1,-1
2021-07-15 15:13:30.546,18004,18005,18004,9,-9
2021-07-15 15:13:30.794,18003,18005,18005,4,4
2021-07-15 15:13:37.364,18003,18004,18004,1,1
2021-07-15 15:13:38.196,18003,18004,18004,1,1
2021-07-15 15:13:46.351,18004,18005,18005,1,1
2021-07-15 15:13:56.574,18004,18005,18004,1,-1
2021-07-15 15:13:58.460,18004,18005,18004,1,-1
2021-07-15 15:14:02.542,18004,18005,18004,1,-1
2021-07-15 15:14:03.363,18004,18005,18004,2,-2
2021-07-15 15:14:03.462,18004,18005,18004,1,-1
2021-07-15 15:14:03.462,18004,18005,18003,2,-2
2021-07-15 15:14:05.602,18004,18005,18004,5,5
2021-07-15 15:14:07.698,18004,18005,18005,1,1
2021-07-15 15:14:09.934,18004,18005,18004,1,-1
2021-07-15 15:14:10.145,18004,18005,18004,1,-1
2021-07-15 15:14:24.778,18003,18004,18003,2,-2
2021-07-15 15:14:24.895,18003,18004,18004,1,1
2021-07-15 15:14:28.274,18003,18004,18003,1,-1
2021-07-15 15:14:34.900,18003,18004,18003,9,-9
2021-07-15 15:14:40.968,18002,18003,18003,1,1
2021-07-15 15:14:43.502,18002,18003,18003,1,1
2021-07-15 15:14:47.697,18002,18003,18003,2,2
2021-07-15 15:14:49.363,18002,18003,18003,1,1
2021-07-15 15:14:51.232,18002,18003,18002,9,-9
2021-07-15 15:14:51.629,18002,18003,18003,1,1
2021-07-15 15:14:55.614,18002,18003,18002,18,-18
2021-07-15 15:14:55.615,18002,18003,18002,9,-9
2021-07-15 15:14:56.600,18002,18003,18002,1,-1
2021-07-15 15:14:59.162,18001,18002,18002,1,1
2021-07-15 15:15:01.377,18001,18003,18001,1,-1
2021-07-15 15:15:01.393,18001,18003,18001,1,-1
2021-07-15 15:15:01.760,18001,18003,18001,5,-5
2021-07-15 15:15:01.980,18001,18003,18001,5,-5
2021-07-15 15:15:01.980,18001,18003,18001,5,-5
2021-07-15 15:15:01.982,18001,18003,18002,2,2
2021-07-15 15:15:02.117,18001,18003,18003,1,1
2021-07-15 15:15:02.117,18001,18003,18003,1,1
2021-07-15 15:15:02.120,18001,18003,18003,1,1
2021-07-15 15:15:02.126,18001,18003,18003,1,1
2021-07-15 15:15:02.465,18001,18003,18001,1,-1
2021-07-15 15:15:03.863,18001,18002,18002,1,1
2021-07-15 15:15:07.228,18001,18002,18001,1,-1
2021-07-15 15:15:09.659,18001,18002,18002,1,1
2021-07-15 15:15:09.990,18001,18002,18002,1,1
2021-07-15 15:15:11.039,18001,18002,18001,9,-9
2021-07-15 15:15:11.741,18000,18001,18000,18,-18
2021-07-15 15:15:11.741,18000,18001,18000,37,-37
2021-07-15 15:15:11.742,18000,18001,18000,2,-2
2021-07-15 15:15:11.742,18000,18001,18000,2,-2
2021-07-15 15:15:11.742,18000,18001,18000,2,-2
2021-07-15 15:15:11.742,18000,18001,18000,1,-1
2021-07-15 15:15:11.742,18000,18001,17999,1,-1
2021-07-15 15:15:11.743,18000,18001,17999,1,-1
2021-07-15 15:15:11.743,18000,18001,17999,1,-1
2021-07-15 15:15:11.744,18000,18001,17999,1,-1
2021-07-15 15:15:11.744,18000,18001,17999,1,-1
2021-07-15 15:15:11.744,18000,18001,17999,1,-1
2021-07-15 15:15:11.802,17999,18000,18000,1,1
2021-07-15 15:15:11.978,17999,18000,17999,3,-3
2021-07-15 15:15:12.112,17999,18000,17999,1,-1
2021-07-15 15:15:13.850,17999,18000,17999,1,-1
2021-07-15 15:15:19.831,17999,18000,18000,2,2
2021-07-15 15:15:19.963,17999,18000,17999,1,-1
2021-07-15 15:15:20.370,17998,18000,18000,1,1
2021-07-15 15:15:25.305,18000,18001,18001,1,1
2021-07-15 15:15:26.191,18000,18001,18000,1,-1
2021-07-15 15:15:28.241,18000,18001,18000,1,-1
2021-07-15 15:15:32.522,18000,18001,18001,1,1
2021-07-15 15:15:32.897,18000,18001,18000,1,-1
2021-07-15 15:15:32.940,18000,18001,18000,3,-3
2021-07-15 15:15:32.940,18000,18001,18000,1,-1
2021-07-15 15:15:33.428,18000,18001,18000,1,-1
2021-07-15 15:15:33.868,18000,18001,18000,1,-1
2021-07-15 15:15:34.372,17999,18001,17999,5,-5
2021-07-15 15:15:37.621,17999,18000,18000,1,1
2021-07-15 15:15:37.784,17999,18000,17999,1,-1
2021-07-15 15:15:37.943,17999,18000,17999,6,-6
2021-07-15 15:15:37.967,17999,18000,17999,1,-1
2021-07-15 15:15:38.617,17999,18000,18000,1,1
2021-07-15 15:15:39.145,17999,18000,18000,1,1
2021-07-15 15:15:39.687,17999,18000,17999,5,-5
2021-07-15 15:15:41.165,17999,18000,17999,2,-2
2021-07-15 15:15:44.140,17998,17999,17998,5,-5
2021-07-15 15:15:44.233,17998,17999,17999,3,3
2021-07-15 15:15:44.346,17999,18000,17999,1,-1
2021-07-15 15:15:44.346,17999,18000,17999,1,-1
2021-07-15 15:15:44.384,17999,18000,17999,1,-1
2021-07-15 15:15:44.396,17999,18000,17999,1,-1
2021-07-15 15:15:44.442,17999,18000,18000,1,1
2021-07-15 15:15:44.478,17999,18000,17999,2,-2
2021-07-15 15:15:44.478,17999,18000,17998,1,-1
2021-07-15 15:15:44.529,17998,18000,17998,1,-1
2021-07-15 15:15:44.547,17998,18000,17998,1,-1
2021-07-15 15:15:44.581,17998,18000,17998,2,-2
2021-07-15 15:15:44.728,17998,17999,17998,1,-1
2021-07-15 15:15:44.785,17998,17999,17998,1,-1
2021-07-15 15:15:44.806,17998,17999,17998,1,-1
2021-07-15 15:15:44.810,17998,17999,17998,1,-1
2021-07-15 15:15:44.821,17998,17999,17998,1,-1
2021-07-15 15:15:44.845,17998,17999,17998,1,-1
2021-07-15 15:15:44.955,17997,17999,17997,1,-1
2021-07-15 15:15:44.964,17997,17999,17997,1,-1
2021-07-15 15:15:45.015,17997,17999,17997,2,-2
2021-07-15 15:15:45.021,17997,17999,17997,5,-5
2021-07-15 15:15:45.083,17997,17999,17997,1,-1
2021-07-15 15:15:45.149,17997,17998,17997,2,-2
2021-07-15 15:15:45.213,17997,17998,17997,1,-1
2021-07-15 15:15:45.213,17997,17998,17997,1,-1
2021-07-15 15:15:45.224,17997,17998,17996,1,-1
2021-07-15 15:15:45.271,17996,17999,17996,1,-1
2021-07-15 15:15:45.275,17996,17999,17996,1,-1
2021-07-15 15:15:45.306,17996,17999,17996,1,-1
2021-07-15 15:15:45.308,17996,17999,17996,1,-1
2021-07-15 15:15:45.404,17996,17998,17996,1,-1
2021-07-15 15:15:45.423,17996,17998,17996,1,-1
2021-07-15 15:15:45.447,17996,17998,17996,1,-1
2021-07-15 15:15:45.467,17996,17998,17996,1,-1
2021-07-15 15:15:45.479,17996,17998,17996,1,-1
2021-07-15 15:15:45.481,17996,17998,17996,2,-2
2021-07-15 15:15:45.484,17996,17998,17996,1,-1
2021-07-15 15:15:45.490,17996,17998,17996,2,-2
2021-07-15 15:15:45.490,17996,17998,17996,1,-1
2021-07-15 15:15:45.521,17996,17997,17996,1,-1
2021-07-15 15:15:45.535,17996,17997,17996,2,-2
2021-07-15 15:15:45.545,17996,17997,17997,1,1
2021-07-15 15:15:45.551,17996,17997,17996,1,-1
2021-07-15 15:15:45.619,17996,17997,17996,1,-1
2021-07-15 15:15:45.653,17996,17997,17996,1,-1
2021-07-15 15:15:45.682,17996,17997,17996,1,-1
2021-07-15 15:15:45.710,17996,17997,17996,2,-2
2021-07-15 15:15:45.882,17995,17997,17996,1,-1
2021-07-15 15:15:45.904,17995,17997,17995,1,-1
2021-07-15 15:15:45.933,17995,17997,17997,1,1
2021-07-15 15:15:45.968,17995,17997,17995,2,-2
2021-07-15 15:15:45.972,17995,17997,17995,10,-10
2021-07-15 15:15:46.019,17995,17997,17995,1,-1
2021-07-15 15:15:46.031,17995,17997,17995,2,-2
2021-07-15 15:15:46.080,17995,17997,17995,1,-1
2021-07-15 15:15:46.098,17995,17997,17995,2,-2
2021-07-15 15:15:46.102,17995,17997,17995,1,-1
2021-07-15 15:15:46.113,17995,17997,17994,1,-1
2021-07-15 15:15:46.167,17994,17997,17994,1,-1
2021-07-15 15:15:46.182,17994,17997,17994,1,-1
2021-07-15 15:15:46.193,17994,17997,17994,1,-1
2021-07-15 15:15:46.246,17994,17997,17994,1,-1
2021-07-15 15:15:46.270,17994,17997,17995,1,1
2021-07-15 15:15:46.287,17994,17997,17995,1,-1
2021-07-15 15:15:46.294,17994,17997,17995,1,-1
2021-07-15 15:15:46.333,17994,17997,17995,1,-1
2021-07-15 15:15:46.338,17994,17997,17994,1,-1
2021-07-15 15:15:46.339,17994,17997,17994,1,-1
2021-07-15 15:15:46.349,17994,17997,17994,1,-1
2021-07-15 15:15:46.352,17994,17997,17994,1,-1
2021-07-15 15:15:46.387,17994,17997,17994,1,-1
2021-07-15 15:15:46.405,17994,17997,17994,1,-1
2021-07-15 15:15:46.407,17994,17997,17994,1,-1
2021-07-15 15:15:46.408,17994,17997,17994,3,-3
2021-07-15 15:15:46.408,17994,17997,17994,1,-1
2021-07-15 15:15:46.409,17994,17997,17995,1,1
2021-07-15 15:15:46.423,17994,17997,17994,1,-1
2021-07-15 15:15:46.430,17994,17997,17994,1,-1
2021-07-15 15:15:46.450,17994,17997,17994,3,-3
2021-07-15 15:15:46.512,17994,17996,17994,2,-2
2021-07-15 15:15:46.583,17994,17996,17994,2,-2
2021-07-15 15:15:47.279,17996,17998,17996,1,1
2021-07-15 15:15:47.343,17996,17998,17996,3,-3
2021-07-15 15:15:47.505,17995,17998,17995,1,-1
2021-07-15 15:15:47.992,17996,17998,17996,1,1
2021-07-15 15:15:48.910,17997,17998,17997,1,1
2021-07-15 15:15:50.292,17997,17998,17997,1,-1
2021-07-15 15:15:50.292,17997,17998,17996,4,-4
2021-07-15 15:15:50.519,17996,17998,17998,1,1
2021-07-15 15:15:50.665,17996,17998,17998,1,1
2021-07-15 15:15:51.536,17996,17998,17997,1,-1
2021-07-15 15:15:52.881,17997,17998,17997,1,-1
2021-07-15 15:15:53.084,17996,17998,17996,1,-1
2021-07-15 15:15:53.722,17996,17998,17997,1,1
2021-07-15 15:15:57.182,17996,17997,17996,1,-1
2021-07-15 15:15:57.396,17996,17997,17996,1,-1
2021-07-15 15:15:58.216,17996,17997,17996,2,-2
2021-07-15 15:16:00.836,17996,17997,17996,2,-2
2021-07-15 15:16:00.878,17996,17997,17996,1,-1
2021-07-15 15:16:01.545,17996,17997,17997,1,1
2021-07-15 15:16:01.625,17996,17997,17996,1,-1
2021-07-15 15:16:01.625,17996,17997,17996,1,-1
2021-07-15 15:16:01.626,17996,17997,17996,1,-1
2021-07-15 15:16:02.493,17995,17996,17995,1,-1
2021-07-15 15:16:02.531,17995,17996,17995,4,-4
2021-07-15 15:16:02.534,17995,17996,17995,1,-1
2021-07-15 15:16:02.539,17995,17996,17994,1,-1
2021-07-15 15:16:02.546,17995,17996,17994,1,-1
2021-07-15 15:16:04.407,17994,17996,17994,1,-1
2021-07-15 15:16:05.189,17995,17996,17996,1,1
2021-07-15 15:16:06.910,17995,17996,17995,1,-1
2021-07-15 15:16:07.545,17995,17996,17995,1,-1
2021-07-15 15:16:07.625,17995,17996,17995,1,-1
2021-07-15 15:16:07.626,17995,17996,17995,1,-1
2021-07-15 15:16:07.626,17995,17996,17995,1,-1
2021-07-15 15:16:07.626,17995,17996,17995,1,-1
2021-07-15 15:16:07.864,17995,17996,17995,1,-1
2021-07-15 15:16:09.158,17995,17996,17996,1,1
2021-07-15 15:16:11.111,17995,17996,17996,1,1
2021-07-15 15:16:11.837,17995,17996,17996,1,1
2021-07-15 15:16:11.919,17995,17996,17996,2,2
2021-07-15 15:16:11.919,17995,17996,17997,1,1
2021-07-15 15:16:12.181,17995,17997,17995,1,-1
2021-07-15 15:16:12.183,17995,17997,17995,2,-2
2021-07-15 15:16:13.166,17996,17997,17996,1,1
2021-07-15 15:16:14.556,17996,17997,17996,1,-1
2021-07-15 15:16:14.830,17996,17997,17996,1,-1
2021-07-15 15:16:15.955,17996,17997,17997,1,1
2021-07-15 15:16:17.353,17996,17997,17996,1,-1
2021-07-15 15:16:18.137,17996,17997,17997,1,1
2021-07-15 15:16:18.139,17996,17997,17997,2,2
2021-07-15 15:16:18.139,17996,17997,17997,2,2
2021-07-15 15:16:18.139,17996,17997,17997,6,6
2021-07-15 15:16:18.250,17996,17998,17996,1,-1
2021-07-15 15:16:18.250,17996,17998,17996,1,-1
2021-07-15 15:16:18.250,17996,17998,17996,1,-1
2021-07-15 15:16:18.250,17996,17998,17996,1,-1
2021-07-15 15:16:18.250,17996,17998,17996,1,-1
2021-07-15 15:16:18.251,17996,17998,17996,1,-1
2021-07-15 15:16:18.251,17996,17998,17996,1,-1
2021-07-15 15:16:18.589,17996,17998,17996,1,-1
2021-07-15 15:16:19.513,17996,17998,17996,7,-7
2021-07-15 15:16:19.513,17996,17998,17995,13,-13
2021-07-15 15:16:21.766,17996,17998,17996,2,2
2021-07-15 15:16:24.148,17996,17998,17998,1,1
2021-07-15 15:16:27.519,17996,17998,17996,2,-2
2021-07-15 15:16:27.637,17996,17997,17996,1,-1
2021-07-15 15:16:27.751,17996,17997,17997,3,3
2021-07-15 15:16:27.802,17996,17997,17997,1,1
2021-07-15 15:16:29.368,17996,17997,17996,2,-2
2021-07-15 15:16:29.375,17996,17997,17996,1,-1
2021-07-15 15:16:31.683,17996,17997,17996,1,-1
2021-07-15 15:16:32.044,17996,17997,17997,1,1
2021-07-15 15:16:32.501,17996,17997,17996,2,-2
2021-07-15 15:16:34.502,17996,17997,17997,1,1
2021-07-15 15:16:38.963,17997,17998,17998,3,3
2021-07-15 15:16:40.150,17998,17999,17998,1,-1
2021-07-15 15:16:40.250,17998,17999,17998,1,-1
2021-07-15 15:16:40.250,17998,17999,17998,1,-1
2021-07-15 15:16:40.251,17998,17999,17998,1,-1
2021-07-15 15:16:40.251,17998,17999,17998,1,-1
2021-07-15 15:16:43.108,17998,17999,17998,1,-1
2021-07-15 15:16:43.108,17998,17999,17997,4,-4
2021-07-15 15:16:43.621,17997,17999,17998,2,2
2021-07-15 15:16:44.554,17998,17999,17998,1,-1
2021-07-15 15:16:44.579,17998,17999,17998,1,-1
2021-07-15 15:16:48.622,17997,17998,17998,2,2
2021-07-15 15:16:49.582,17997,17998,17998,1,1
2021-07-15 15:16:51.031,17997,17998,17998,1,1
2021-07-15 15:16:51.105,17997,17998,17998,1,1
2021-07-15 15:16:57.077,17998,17999,17998,2,-2
2021-07-15 15:16:57.911,17998,17999,17998,2,-2
2021-07-15 15:16:58.455,17998,17999,17998,4,-4
2021-07-15 15:16:58.455,17998,17999,17997,16,-16
2021-07-15 15:16:58.500,17997,17998,17997,1,-1
2021-07-15 15:16:59.564,17997,17998,17997,2,-2
2021-07-15 15:17:00.316,17997,17998,17997,2,-2
2021-07-15 15:17:01.292,17997,17998,17997,1,-1
2021-07-15 15:17:01.294,17997,17998,17997,1,-1
2021-07-15 15:17:02.495,17996,17997,17997,2,2
2021-07-15 15:17:03.540,17997,17998,17997,2,-2
2021-07-15 15:17:04.483,17997,17998,17997,2,-2
2021-07-15 15:17:05.352,17997,17998,17997,1,-1
2021-07-15 15:17:05.353,17997,17998,17997,1,-1
2021-07-15 15:17:06.521,17997,17998,17998,4,4
2021-07-15 15:17:06.676,17997,17998,17997,2,-2
2021-07-15 15:17:06.690,17997,17998,17998,1,1
2021-07-15 15:17:06.752,17997,17998,17997,1,-1
2021-07-15 15:17:07.052,17997,17998,17997,2,-2
2021-07-15 15:17:08.370,17997,17998,17998,1,1
2021-07-15 15:17:08.371,17997,17998,17998,4,4
2021-07-15 15:17:09.792,17997,17998,17998,1,1
2021-07-15 15:17:10.717,17997,17998,17998,1,1
2021-07-15 15:17:11.310,17997,17999,17997,2,-2
2021-07-15 15:17:11.347,17997,17999,17998,2,2
2021-07-15 15:17:12.215,17998,17999,17998,2,-2
2021-07-15 15:17:13.005,17998,17999,17998,1,-1
2021-07-15 15:17:13.044,17998,17999,17998,1,-1
2021-07-15 15:17:16.191,17997,17998,17998,1,1
2021-07-15 15:17:16.616,17997,17998,17998,2,2
2021-07-15 15:17:17.281,17998,17999,17999,1,1
2021-07-15 15:17:17.520,17998,17999,17998,1,-1
2021-07-15 15:17:17.804,17997,17998,17998,1,1
2021-07-15 15:17:19.416,17997,17998,17998,1,1
2021-07-15 15:17:19.417,17997,17998,17998,1,1
2021-07-15 15:17:22.974,17998,17999,17998,2,-2
2021-07-15 15:17:23.185,17998,17999,17999,1,1
2021-07-15 15:17:25.746,17998,17999,17999,1,1
2021-07-15 15:17:28.330,17998,17999,17999,1,1
2021-07-15 15:17:29.291,17998,17999,17999,1,1
2021-07-15 15:17:29.465,17998,17999,17999,1,1
2021-07-15 15:17:29.977,17998,17999,17998,2,-2
2021-07-15 15:17:31.937,17998,17999,17998,2,-2
2021-07-15 15:17:33.925,17998,17999,17998,2,-2
2021-07-15 15:17:34.936,17997,17998,17998,1,1
2021-07-15 15:17:36.881,17998,17999,17998,2,-2
2021-07-15 15:17:38.173,17997,17998,17998,1,1
2021-07-15 15:17:39.953,17997,17998,17998,1,1
2021-07-15 15:17:51.525,17997,17998,17998,1,1
2021-07-15 15:17:53.450,17997,17998,17998,1,1
2021-07-15 15:17:53.615,17997,17998,17998,2,2
2021-07-15 15:17:56.591,17998,17999,17998,2,-2
2021-07-15 15:17:56.977,17998,17999,17998,1,-1
2021-07-15 15:17:57.132,17997,17998,17998,1,1
2021-07-15 15:17:59.533,17997,17998,17998,2,2
2021-07-15 15:18:00.996,17997,17999,17998,2,-2
2021-07-15 15:18:02.050,17998,17999,17998,1,-1
2021-07-15 15:18:02.120,17998,17999,17998,1,-1
2021-07-15 15:18:02.802,17997,17999,17999,2,2
2021-07-15 15:18:03.486,17997,17999,17997,2,-2
2021-07-15 15:18:05.479,17997,17998,17998,1,1
2021-07-15 15:18:06.216,17997,17998,17998,1,1
2021-07-15 15:18:06.216,17997,17998,17999,1,1
2021-07-15 15:18:07.471,17998,17999,17998,1,-1
2021-07-15 15:18:09.612,17997,17998,17998,1,1
2021-07-15 15:18:10.316,17997,17998,17998,1,1
2021-07-15 15:18:10.639,17998,17999,17998,2,-2
2021-07-15 15:18:12.070,17998,17999,17998,2,-2
2021-07-15 15:18:14.008,17998,17999,17998,1,-1
2021-07-15 15:18:16.487,17997,17998,17998,1,1
2021-07-15 15:18:18.011,17997,17998,17998,2,2
2021-07-15 15:18:18.824,17997,17998,17997,2,-2
2021-07-15 15:18:23.205,17997,17998,17997,2,-2
2021-07-15 15:18:26.245,17997,17998,17997,2,-2
2021-07-15 15:18:28.449,17997,17998,17998,1,1
2021-07-15 15:18:29.881,17997,17998,17998,1,1
2021-07-15 15:18:29.894,17997,17998,17998,1,1
2021-07-15 15:18:29.895,17997,17998,17998,1,1
2021-07-15 15:18:30.431,17998,17999,17998,1,-1
2021-07-15 15:18:31.566,17998,17999,17999,1,1
2021-07-15 15:18:33.385,17998,17999,17998,1,-1
2021-07-15 15:18:34.090,17997,17998,17998,1,1
2021-07-15 15:18:34.762,17998,17999,17998,1,-1
2021-07-15 15:18:38.371,17997,17998,17998,1,1
2021-07-15 15:18:39.840,17997,17998,17998,2,2
2021-07-15 15:18:40.472,17998,17999,17998,2,-2
2021-07-15 15:18:42.194,17998,17999,17998,2,-2
2021-07-15 15:18:43.573,17998,17999,17998,1,-1
2021-07-15 15:18:45.426,17998,17999,17998,1,-1
2021-07-15 15:18:46.847,17997,17998,17998,1,1
2021-07-15 15:18:48.070,17998,17999,17998,2,-2
2021-07-15 15:18:49.675,17998,17999,17999,1,1
2021-07-15 15:18:49.761,17998,17999,17998,2,-2
2021-07-15 15:18:50.754,17997,17999,17998,1,-1
2021-07-15 15:18:50.755,17997,17999,17998,1,-1
2021-07-15 15:18:57.489,17997,17998,17997,1,-1
2021-07-15 15:18:59.401,17997,17998,17997,1,-1
2021-07-15 15:19:02.478,17997,17998,17997,1,-1
2021-07-15 15:19:02.904,17997,17998,17997,2,-2
2021-07-15 15:19:06.519,17997,17998,17997,3,-3
2021-07-15 15:19:07.183,17997,17998,17997,1,-1
2021-07-15 15:19:10.496,17997,17998,17997,3,-3
2021-07-15 15:19:11.052,17997,17998,17998,1,1
2021-07-15 15:19:11.348,17997,17998,17997,1,-1
2021-07-15 15:19:11.351,17997,17998,17997,1,-1
2021-07-15 15:19:12.090,17997,17998,17997,3,-3
2021-07-15 15:19:14.655,17997,17998,17998,2,2
2021-07-15 15:19:16.245,17997,17998,17997,4,-4
2021-07-15 15:19:18.538,17997,17998,17998,1,1
2021-07-15 15:19:23.490,17997,17998,17998,1,1
2021-07-15 15:19:24.437,17997,17998,17997,2,-2
2021-07-15 15:19:25.017,17996,17997,17996,1,-1
2021-07-15 15:19:28.192,17996,17997,17997,1,1
2021-07-15 15:19:30.232,17996,17997,17996,1,-1
2021-07-15 15:19:30.232,17996,17997,17996,1,-1
2021-07-15 15:19:30.233,17996,17997,17996,1,-1
2021-07-15 15:19:30.233,17996,17997,17996,8,-8
2021-07-15 15:19:30.235,17996,17997,17996,26,-26
2021-07-15 15:19:31.221,17995,17996,17996,1,1
2021-07-15 15:19:31.768,17995,17996,17996,2,2
2021-07-15 15:19:32.179,17995,17996,17995,4,-4
2021-07-15 15:19:34.492,17995,17996,17995,3,-3
2021-07-15 15:19:39.816,17995,17996,17996,1,1
2021-07-15 15:19:41.508,17995,17996,17996,1,1
2021-07-15 15:19:43.010,17995,17996,17995,4,-4
2021-07-15 15:19:47.092,17995,17996,17995,2,-2
2021-07-15 15:19:47.325,17995,17996,17995,2,-2
2021-07-15 15:19:48.160,17995,17996,17995,4,-4
2021-07-15 15:19:48.492,17995,17996,17995,3,-3
2021-07-15 15:19:48.604,17995,17996,17995,1,-1
2021-07-15 15:19:52.436,17995,17996,17995,10,-10
2021-07-15 15:19:52.437,17995,17996,17995,10,-10
2021-07-15 15:19:52.437,17995,17996,17995,5,-5
2021-07-15 15:19:52.437,17995,17996,17995,1,-1
2021-07-15 15:19:52.437,17995,17996,17995,1,-1
2021-07-15 15:19:52.437,17995,17996,17995,1,-1
2021-07-15 15:19:52.437,17995,17996,17995,2,-2
2021-07-15 15:19:52.437,17995,17996,17995,2,-2
2021-07-15 15:19:52.438,17995,17996,17995,1,-1
2021-07-15 15:19:53.067,17995,17996,17996,6,6
2021-07-15 15:19:55.811,17995,17996,17995,7,-7
2021-07-15 15:19:58.037,17995,17996,17995,2,-2
2021-07-15 15:19:58.412,17995,17996,17995,2,-2
2021-07-15 15:19:58.611,17995,17996,17995,1,-1
2021-07-15 15:19:59.906,17995,17996,17996,1,1
2021-07-15 15:20:00.417,17995,17996,17996,1,1
2021-07-15 15:20:01.103,17995,17996,17995,2,-2
2021-07-15 15:20:01.627,17995,17996,17995,2,-2
2021-07-15 15:20:05.408,17994,17995,17994,1,-1
2021-07-15 15:20:05.408,17994,17995,17994,1,-1
2021-07-15 15:20:05.408,17994,17995,17994,1,-1
2021-07-15 15:20:06.147,17994,17995,17994,1,-1
2021-07-15 15:20:06.163,17994,17995,17994,9,-9
2021-07-15 15:20:06.334,17993,17994,17993,1,-1
2021-07-15 15:20:06.435,17993,17994,17993,3,-3
2021-07-15 15:20:06.480,17993,17994,17993,10,-10
2021-07-15 15:20:06.480,17993,17994,17993,1,-1
2021-07-15 15:20:06.568,17993,17994,17993,1,-1
2021-07-15 15:20:06.585,17993,17994,17993,1,-1
2021-07-15 15:20:06.710,17993,17994,17993,2,-2
2021-07-15 15:20:06.786,17993,17994,17993,1,-1
2021-07-15 15:20:09.691,17993,17995,17993,4,-4
2021-07-15 15:20:10.114,17993,17995,17994,1,1
2021-07-15 15:20:11.171,17994,17995,17994,1,-1
2021-07-15 15:20:12.765,17994,17995,17995,4,4
2021-07-15 15:20:14.146,17994,17996,17995,1,-1
2021-07-15 15:20:16.712,17994,17996,17994,1,-1
2021-07-15 15:20:18.318,17995,17996,17995,1,1
2021-07-15 15:20:19.249,17994,17995,17994,7,-7
2021-07-15 15:20:19.249,17994,17995,17993,13,-13
2021-07-15 15:20:19.571,17993,17994,17993,3,-3
2021-07-15 15:20:20.365,17993,17994,17994,1,1
2021-07-15 15:20:24.771,17994,17995,17995,1,1
2021-07-15 15:20:24.771,17994,17995,17995,2,2
2021-07-15 15:20:24.771,17994,17995,17995,2,2
2021-07-15 15:20:24.772,17994,17995,17995,1,1
2021-07-15 15:20:27.412,17994,17996,17996,1,1
2021-07-15 15:20:33.629,17995,17996,17995,1,-1
2021-07-15 15:20:42.370,17994,17995,17995,1,1
2021-07-15 15:20:46.196,17994,17995,17994,1,-1
2021-07-15 15:20:46.196,17994,17995,17994,2,-2
2021-07-15 15:20:46.197,17994,17995,17994,7,-7
2021-07-15 15:20:46.197,17994,17995,17994,2,-2
2021-07-15 15:20:46.453,17993,17994,17993,7,-7
2021-07-15 15:20:46.627,17992,17993,17992,1,-1
2021-07-15 15:20:46.772,17992,17993,17992,5,-5
2021-07-15 15:20:46.789,17992,17993,17992,5,-5
2021-07-15 15:20:46.806,17992,17993,17992,5,-5
2021-07-15 15:20:46.821,17992,17993,17992,5,-5
2021-07-15 15:20:46.838,17992,17993,17992,5,-5
2021-07-15 15:20:46.856,17992,17993,17992,5,-5
2021-07-15 15:20:46.938,17992,17993,17992,1,-1
2021-07-15 15:20:47.299,17992,17993,17992,2,-2
2021-07-15 15:20:48.513,17992,17993,17993,1,1
2021-07-15 15:20:49.043,17992,17993,17993,3,3
2021-07-15 15:20:49.043,17992,17993,17994,11,11
2021-07-15 15:20:50.151,17992,17995,17992,6,-6
2021-07-15 15:20:53.387,17993,17994,17994,1,1
2021-07-15 15:20:56.330,17993,17994,17993,2,-2
2021-07-15 15:20:58.734,17992,17994,17992,4,-4
2021-07-15 15:21:00.022,17992,17993,17993,1,1
2021-07-15 15:21:01.100,17992,17993,17992,2,-2
2021-07-15 15:21:01.687,17992,17993,17992,4,-4
2021-07-15 15:21:01.720,17992,17993,17992,1,-1
2021-07-15 15:21:02.024,17992,17993,17992,2,-2
2021-07-15 15:21:02.024,17992,17993,17992,1,-1
2021-07-15 15:21:02.638,17992,17993,17992,1,-1
2021-07-15 15:21:02.688,17992,17993,17991,1,-1
2021-07-15 15:21:02.789,17991,17993,17991,1,-1
2021-07-15 15:21:02.828,17991,17993,17992,1,1
2021-07-15 15:21:02.878,17991,17992,17992,1,1
2021-07-15 15:21:02.948,17991,17992,17991,1,-1
2021-07-15 15:21:02.950,17991,17992,17991,1,-1
2021-07-15 15:21:02.995,17991,17992,17991,1,-1
2021-07-15 15:21:03.028,17991,17992,17992,1,1
2021-07-15 15:21:03.043,17991,17992,17991,1,-1
2021-07-15 15:21:03.099,17991,17992,17991,1,-1
2021-07-15 15:21:03.102,17991,17992,17991,1,-1
2021-07-15 15:21:03.194,17991,17992,17991,1,-1
2021-07-15 15:21:03.687,17991,17992,17991,1,-1
2021-07-15 15:21:04.801,17991,17992,17991,1,-1
2021-07-15 15:21:05.921,17991,17992,17992,2,2
2021-07-15 15:21:05.921,17991,17992,17993,3,3
2021-07-15 15:21:06.746,17991,17993,17992,1,-1
2021-07-15 15:21:12.845,17992,17993,17992,1,-1
2021-07-15 15:21:12.941,17991,17992,17992,2,2
2021-07-15 15:21:12.941,17991,17992,17993,1,1
2021-07-15 15:21:13.528,17991,17993,17992,2,-2
2021-07-15 15:21:15.893,17991,17992,17991,20,-20
2021-07-15 15:21:15.894,17991,17992,17991,1,-1
2021-07-15 15:21:15.894,17991,17992,17991,1,-1
2021-07-15 15:21:16.749,17991,17992,17992,4,4
2021-07-15 15:21:17.004,17991,17992,17991,1,-1
2021-07-15 15:21:18.483,17991,17992,17991,1,-1
2021-07-15 15:21:20.620,17991,17992,17992,2,2
2021-07-15 15:21:20.620,17991,17992,17992,1,1
2021-07-15 15:21:20.621,17991,17992,17992,3,3
2021-07-15 15:21:20.812,17992,17993,17992,1,-1
2021-07-15 15:21:21.927,17991,17993,17991,2,-2
2021-07-15 15:21:22.562,17992,17993,17992,1,1
2021-07-15 15:21:25.495,17991,17992,17992,1,1
2021-07-15 15:21:25.620,17992,17993,17992,1,-1
2021-07-15 15:21:25.854,17992,17993,17992,2,-2
2021-07-15 15:21:29.577,17992,17993,17992,3,-3
2021-07-15 15:21:30.226,17991,17992,17992,2,2
2021-07-15 15:21:32.157,17991,17993,17991,5,-5
2021-07-15 15:21:40.706,17991,17993,17991,1,-1
2021-07-15 15:21:41.585,17991,17993,17991,1,-1
2021-07-15 15:21:41.766,17991,17993,17991,1,-1
2021-07-15 15:21:49.481,17991,17992,17992,1,1
2021-07-15 15:21:50.084,17991,17992,17992,1,1
2021-07-15 15:21:50.892,17991,17993,17991,18,-18
2021-07-15 15:21:51.394,17990,17991,17990,1,-1
2021-07-15 15:21:51.620,17990,17991,17990,4,-4
2021-07-15 15:21:51.720,17990,17991,17990,5,-5
2021-07-15 15:21:51.723,17990,17991,17990,1,-1
2021-07-15 15:21:51.734,17990,17991,17990,1,-1
2021-07-15 15:21:51.791,17990,17991,17990,6,-6
2021-07-15 15:21:51.793,17990,17991,17990,3,-3
2021-07-15 15:21:51.835,17990,17991,17990,1,-1
2021-07-15 15:21:51.838,17990,17991,17990,1,-1
2021-07-15 15:21:51.855,17990,17991,17990,1,-1
2021-07-15 15:21:51.882,17990,17991,17990,1,-1
2021-07-15 15:21:51.913,17990,17991,17990,1,-1
2021-07-15 15:21:51.944,17990,17991,17990,1,-1
2021-07-15 15:21:51.954,17990,17991,17990,2,-2
2021-07-15 15:21:51.996,17990,17991,17990,4,-4
2021-07-15 15:21:51.997,17990,17991,17990,2,-2
2021-07-15 15:21:51.997,17990,17991,17990,1,-1
2021-07-15 15:21:52.087,17990,17991,17990,1,-1
2021-07-15 15:21:52.125,17990,17991,17990,2,-2
2021-07-15 15:21:52.139,17990,17991,17989,1,-1
2021-07-15 15:21:52.171,17990,17991,17989,1,-1
2021-07-15 15:21:52.214,17990,17991,17989,2,-2
2021-07-15 15:21:52.314,17989,17991,17989,1,-1
2021-07-15 15:21:52.321,17989,17991,17989,3,-3
2021-07-15 15:21:52.323,17989,17991,17989,1,-1
2021-07-15 15:21:52.332,17989,17991,17989,2,-2
2021-07-15 15:21:52.359,17989,17991,17989,1,-1
2021-07-15 15:21:52.361,17989,17991,17988,1,-1
2021-07-15 15:21:52.375,17988,17990,17988,1,-1
2021-07-15 15:21:52.430,17988,17990,17988,15,-15
2021-07-15 15:21:52.431,17988,17990,17988,1,-1
2021-07-15 15:21:52.443,17988,17990,17988,2,-2
2021-07-15 15:21:52.445,17988,17990,17988,1,-1
2021-07-15 15:21:52.453,17988,17990,17988,1,-1
2021-07-15 15:21:52.469,17988,17990,17988,1,-1
2021-07-15 15:21:52.488,17988,17990,17988,1,-1
2021-07-15 15:21:52.504,17988,17990,17988,3,-3
2021-07-15 15:21:52.562,17988,17990,17988,1,-1
2021-07-15 15:21:52.571,17988,17990,17988,1,-1
2021-07-15 15:21:52.640,17988,17990,17988,2,-2
2021-07-15 15:21:52.647,17988,17990,17988,1,-1
2021-07-15 15:21:52.727,17988,17990,17988,1,-1
2021-07-15 15:21:52.740,17988,17990,17990,1,1
2021-07-15 15:21:52.744,17988,17990,17988,2,-2
2021-07-15 15:21:52.790,17988,17990,17988,1,-1
2021-07-15 15:21:52.829,17988,17990,17988,1,-1
2021-07-15 15:21:52.858,17988,17990,17988,1,-1
2021-07-15 15:21:52.919,17988,17990,17988,1,-1
2021-07-15 15:21:52.964,17988,17990,17988,1,-1
2021-07-15 15:21:52.965,17988,17990,17988,1,-1
2021-07-15 15:21:52.977,17988,17990,17988,1,-1
2021-07-15 15:21:53.084,17988,17990,17988,1,-1
2021-07-15 15:21:53.119,17988,17990,17988,1,-1
2021-07-15 15:21:53.119,17988,17990,17987,2,-2
2021-07-15 15:21:53.120,17988,17990,17987,2,-2
2021-07-15 15:21:53.154,17987,17988,17987,1,-1
2021-07-15 15:21:53.166,17987,17988,17987,2,-2
2021-07-15 15:21:53.167,17987,17988,17987,4,-4
2021-07-15 15:21:53.192,17987,17988,17987,2,-2
2021-07-15 15:21:53.206,17987,17988,17987,1,-1
2021-07-15 15:21:53.283,17987,17988,17987,1,-1
2021-07-15 15:21:53.303,17987,17988,17987,1,-1
2021-07-15 15:21:53.352,17987,17988,17987,1,-1
2021-07-15 15:21:53.387,17986,17988,17986,1,-1
2021-07-15 15:21:53.418,17986,17988,17986,1,-1
2021-07-15 15:21:53.509,17986,17988,17986,14,-14
2021-07-15 15:21:53.558,17986,17988,17985,1,-1
2021-07-15 15:21:53.566,17986,17988,17985,1,-1
2021-07-15 15:21:53.592,17986,17988,17985,8,-8
2021-07-15 15:21:53.593,17986,17988,17985,20,-20
2021-07-15 15:21:53.593,17986,17988,17984,8,-8
2021-07-15 15:21:53.651,17984,17985,17984,3,-3
2021-07-15 15:21:53.677,17984,17985,17984,1,-1
2021-07-15 15:21:53.766,17984,17985,17984,1,-1
2021-07-15 15:21:53.794,17984,17985,17984,2,-2
2021-07-15 15:21:53.832,17984,17985,17983,4,-4
2021-07-15 15:21:53.886,17983,17984,17983,1,-1
2021-07-15 15:21:53.906,17983,17984,17983,1,-1
2021-07-15 15:21:53.907,17983,17984,17983,1,-1
2021-07-15 15:21:53.917,17983,17984,17983,1,-1
2021-07-15 15:21:53.963,17983,17984,17984,2,2
2021-07-15 15:21:53.969,17983,17984,17983,5,-5
2021-07-15 15:21:53.969,17983,17984,17983,1,-1
2021-07-15 15:21:53.970,17983,17984,17983,1,-1
2021-07-15 15:21:53.973,17983,17984,17982,4,-4
2021-07-15 15:21:53.976,17983,17984,17983,1,1
2021-07-15 15:21:53.989,17983,17984,17982,1,-1
2021-07-15 15:21:54.061,17982,17984,17982,2,-2
2021-07-15 15:21:54.081,17982,17984,17982,1,-1
2021-07-15 15:21:54.092,17982,17984,17982,1,-1
2021-07-15 15:21:54.105,17982,17984,17982,1,-1
2021-07-15 15:21:54.114,17982,17984,17982,1,-1
2021-07-15 15:21:54.115,17982,17984,17982,1,-1
2021-07-15 15:21:54.125,17982,17983,17982,1,-1
2021-07-15 15:21:54.129,17982,17983,17982,2,-2
2021-07-15 15:21:54.133,17982,17983,17981,1,-1
2021-07-15 15:21:54.150,17982,17983,17981,1,-1
2021-07-15 15:21:54.184,17982,17983,17981,1,-1
2021-07-15 15:21:54.201,17982,17983,17981,1,-1
2021-07-15 15:21:54.222,17982,17983,17981,1,-1
2021-07-15 15:21:54.321,17981,17983,17982,1,1
2021-07-15 15:21:54.343,17981,17983,17983,1,1
2021-07-15 15:21:54.404,17982,17983,17982,2,-2
2021-07-15 15:21:54.559,17982,17983,17983,2,2
2021-07-15 15:21:54.569,17982,17983,17982,1,-1
2021-07-15 15:21:54.596,17982,17983,17982,1,-1
2021-07-15 15:21:54.596,17982,17983,17982,2,-2
2021-07-15 15:21:54.596,17982,17983,17981,13,-13
2021-07-15 15:21:54.658,17981,17983,17981,1,-1
2021-07-15 15:21:55.026,17981,17984,17981,1,-1
2021-07-15 15:21:55.234,17982,17984,17982,1,1
2021-07-15 15:21:55.242,17982,17984,17982,5,-5
2021-07-15 15:21:55.389,17982,17984,17982,1,-1
2021-07-15 15:21:55.480,17982,17984,17982,1,-1
2021-07-15 15:21:55.509,17982,17984,17982,1,-1
2021-07-15 15:21:55.527,17982,17984,17981,1,-1
2021-07-15 15:21:55.533,17982,17984,17981,1,-1
2021-07-15 15:21:55.564,17982,17984,17981,1,-1
2021-07-15 15:21:55.655,17981,17983,17981,1,-1
2021-07-15 15:21:55.871,17981,17983,17983,1,1
2021-07-15 15:21:56.308,17983,17984,17983,1,-1
2021-07-15 15:21:56.472,17982,17984,17984,1,1
2021-07-15 15:21:56.996,17983,17984,17984,1,1
2021-07-15 15:21:58.029,17983,17985,17983,2,-2
2021-07-15 15:21:58.368,17983,17985,17983,1,-1
2021-07-15 15:21:58.826,17983,17984,17984,1,1
2021-07-15 15:21:58.977,17983,17984,17984,1,1
2021-07-15 15:21:59.549,17983,17984,17984,1,1
2021-07-15 15:22:00.020,17983,17985,17985,1,1
2021-07-15 15:22:00.329,17984,17985,17984,1,-1
2021-07-15 15:22:00.458,17984,17985,17985,1,1
2021-07-15 15:22:02.368,17984,17986,17984,1,-1
2021-07-15 15:22:02.376,17984,17986,17984,1,-1
2021-07-15 15:22:02.441,17984,17986,17984,1,-1
2021-07-15 15:22:03.178,17984,17986,17984,1,-1
2021-07-15 15:22:03.208,17984,17986,17984,1,-1
2021-07-15 15:22:03.250,17984,17986,17984,1,-1
2021-07-15 15:22:03.421,17984,17986,17984,1,-1
2021-07-15 15:22:04.189,17985,17986,17985,1,1
2021-07-15 15:22:05.127,17984,17985,17985,1,1
2021-07-15 15:22:06.447,17984,17985,17984,1,-1
2021-07-15 15:22:06.698,17984,17985,17985,1,1
2021-07-15 15:22:08.166,17985,17987,17985,2,-2
2021-07-15 15:22:08.250,17985,17987,17985,1,-1
2021-07-15 15:22:09.995,17985,17986,17986,1,1
2021-07-15 15:22:10.056,17985,17986,17985,1,-1
2021-07-15 15:22:11.157,17985,17986,17985,2,-2
2021-07-15 15:22:12.075,17985,17986,17986,1,1
2021-07-15 15:22:12.316,17985,17987,17985,4,-4
2021-07-15 15:22:12.455,17984,17985,17985,1,1
2021-07-15 15:22:13.341,17984,17986,17986,1,1
2021-07-15 15:22:15.055,17984,17985,17985,1,1
2021-07-15 15:22:16.052,17985,17986,17985,1,-1
2021-07-15 15:22:16.646,17985,17986,17985,9,-9
2021-07-15 15:22:16.646,17985,17986,17985,1,-1
2021-07-15 15:22:16.677,17985,17986,17986,4,4
2021-07-15 15:22:17.327,17985,17986,17985,1,-1
2021-07-15 15:22:17.537,17984,17986,17985,1,-1
2021-07-15 15:22:18.234,17984,17986,17985,1,-1
2021-07-15 15:22:18.335,17984,17985,17985,1,1
2021-07-15 15:22:18.696,17984,17985,17985,5,5
2021-07-15 15:22:19.224,17984,17985,17985,1,1
2021-07-15 15:22:20.160,17984,17985,17984,1,-1
2021-07-15 15:22:20.553,17984,17985,17984,1,-1
2021-07-15 15:22:21.359,17984,17985,17984,1,-1
2021-07-15 15:22:21.562,17984,17985,17984,1,-1
2021-07-15 15:22:21.625,17984,17985,17985,2,2
2021-07-15 15:22:21.838,17984,17985,17985,1,1
2021-07-15 15:22:21.899,17984,17985,17985,5,5
2021-07-15 15:22:23.735,17984,17985,17985,4,4
2021-07-15 15:22:23.834,17984,17985,17984,2,-2
2021-07-15 15:22:24.782,17983,17984,17984,1,1
2021-07-15 15:22:27.960,17983,17984,17984,2,2
2021-07-15 15:22:28.480,17983,17985,17983,1,-1
2021-07-15 15:22:29.739,17983,17985,17984,1,1
2021-07-15 15:22:29.800,17984,17985,17984,1,-1
2021-07-15 15:22:30.109,17984,17985,17984,3,-3
2021-07-15 15:22:30.109,17984,17985,17983,7,-7
2021-07-15 15:22:31.421,17983,17984,17985,2,2
2021-07-15 15:22:33.236,17983,17984,17984,3,3
2021-07-15 15:22:34.945,17983,17984,17984,1,1
2021-07-15 15:22:35.056,17983,17984,17984,3,3
2021-07-15 15:22:35.319,17983,17984,17983,1,-1
2021-07-15 15:22:35.759,17983,17984,17983,1,-1
2021-07-15 15:22:36.909,17983,17984,17983,1,-1
2021-07-15 15:22:37.263,17983,17984,17984,1,1
2021-07-15 15:22:37.375,17983,17984,17983,1,-1
2021-07-15 15:22:37.837,17983,17984,17983,1,-1
2021-07-15 15:22:39.263,17983,17984,17983,1,-1
2021-07-15 15:22:40.002,17983,17984,17983,1,-1
2021-07-15 15:22:40.782,17983,17984,17984,1,1
2021-07-15 15:22:41.108,17983,17984,17983,7,-7
2021-07-15 15:22:41.109,17983,17984,17983,1,-1
2021-07-15 15:22:41.253,17983,17984,17983,1,-1
2021-07-15 15:22:41.512,17983,17984,17984,1,1
2021-07-15 15:22:41.582,17983,17984,17983,1,-1
2021-07-15 15:22:42.370,17983,17984,17984,2,2
2021-07-15 15:22:43.706,17983,17984,17983,1,-1
2021-07-15 15:22:44.128,17983,17984,17983,1,-1
2021-07-15 15:22:44.139,17983,17984,17983,1,-1
2021-07-15 15:22:47.056,17983,17984,17984,4,4
2021-07-15 15:22:47.505,17983,17984,17983,1,-1
2021-07-15 15:22:48.095,17983,17984,17983,10,-10
2021-07-15 15:22:48.096,17983,17984,17983,1,-1
2021-07-15 15:22:48.883,17983,17984,17984,6,6
2021-07-15 15:22:48.883,17983,17984,17984,1,1
2021-07-15 15:22:48.883,17983,17984,17984,1,1
2021-07-15 15:22:49.350,17984,17985,17985,4,4
2021-07-15 15:22:49.408,17984,17986,17984,1,-1
2021-07-15 15:22:49.603,17984,17986,17984,1,-1
2021-07-15 15:22:51.353,17985,17986,17985,1,1
2021-07-15 15:22:51.579,17984,17986,17984,3,-3
2021-07-15 15:22:55.275,17985,17986,17985,1,1
2021-07-15 15:22:57.293,17984,17986,17985,1,-1
2021-07-15 15:22:58.799,17984,17985,17985,1,1
2021-07-15 15:23:00.346,17984,17986,17985,1,-1
2021-07-15 15:23:00.346,17984,17986,17986,1,1
2021-07-15 15:23:00.899,17984,17986,17984,1,-1
2021-07-15 15:23:01.158,17984,17986,17984,1,-1
2021-07-15 15:23:01.158,17984,17986,17984,1,-1
2021-07-15 15:23:01.159,17984,17986,17984,1,-1
2021-07-15 15:23:01.159,17984,17986,17984,1,-1
2021-07-15 15:23:01.159,17984,17986,17984,1,-1
2021-07-15 15:23:01.159,17984,17986,17984,1,-1
2021-07-15 15:23:01.159,17984,17986,17984,1,-1
2021-07-15 15:23:01.159,17984,17986,17984,1,-1
2021-07-15 15:23:01.281,17983,17984,17983,1,-1
2021-07-15 15:23:03.572,17983,17985,17983,1,-1
2021-07-15 15:23:04.851,17984,17985,17984,1,1
2021-07-15 15:23:06.579,17983,17985,17983,5,-5
2021-07-15 15:23:11.086,17983,17984,17983,2,-2
2021-07-15 15:23:11.209,17983,17984,17983,3,-3
2021-07-15 15:23:11.209,17983,17984,17983,1,-1
2021-07-15 15:23:11.214,17983,17984,17983,1,-1
2021-07-15 15:23:11.560,17983,17984,17983,1,-1
2021-07-15 15:23:11.839,17983,17984,17983,1,-1
2021-07-15 15:23:12.364,17983,17984,17983,1,-1
2021-07-15 15:23:13.941,17983,17984,17983,1,-1
2021-07-15 15:23:13.982,17983,17984,17983,1,-1
2021-07-15 15:23:13.999,17983,17984,17983,1,-1
2021-07-15 15:23:13.999,17983,17984,17983,1,-1
2021-07-15 15:23:14.004,17983,17984,17983,1,-1
2021-07-15 15:23:14.004,17983,17984,17983,7,-7
2021-07-15 15:23:14.260,17982,17983,17983,3,3
2021-07-15 15:23:15.756,17983,17984,17983,5,-5
2021-07-15 15:23:16.000,17983,17984,17983,5,-5
2021-07-15 15:23:16.353,17983,17984,17983,3,-3
2021-07-15 15:23:17.335,17982,17983,17983,4,4
2021-07-15 15:23:17.335,17982,17983,17984,1,1
2021-07-15 15:23:17.494,17982,17984,17982,1,-1
2021-07-15 15:23:18.908,17982,17983,17982,2,-2
2021-07-15 15:23:19.089,17982,17983,17982,2,-2
2021-07-15 15:23:20.613,17982,17983,17983,1,1
2021-07-15 15:23:20.613,17982,17983,17982,1,-1
2021-07-15 15:23:20.864,17982,17983,17982,1,-1
2021-07-15 15:23:20.864,17982,17983,17981,2,-2
2021-07-15 15:23:20.872,17982,17983,17981,3,-3
2021-07-15 15:23:20.987,17981,17983,17981,3,-3
2021-07-15 15:23:21.295,17981,17983,17981,1,-1
2021-07-15 15:23:21.977,17981,17982,17981,8,-8
2021-07-15 15:23:22.063,17981,17982,17981,1,-1
2021-07-15 15:23:22.587,17981,17982,17981,1,-1
2021-07-15 15:23:23.376,17981,17982,17982,1,1
2021-07-15 15:23:23.869,17981,17982,17982,2,2
2021-07-15 15:23:23.869,17981,17982,17983,9,9
2021-07-15 15:23:24.036,17981,17983,17981,1,-1
2021-07-15 15:23:25.393,17981,17983,17981,3,-3
2021-07-15 15:23:26.388,17981,17983,17981,1,-1
2021-07-15 15:23:28.003,17982,17983,17982,6,6
2021-07-15 15:23:28.897,17981,17982,17981,1,-1
2021-07-15 15:23:30.954,17981,17982,17982,1,1
2021-07-15 15:23:31.205,17981,17982,17981,3,-3
2021-07-15 15:23:31.756,17981,17982,17981,3,-3
2021-07-15 15:23:31.864,17981,17982,17982,1,1
2021-07-15 15:23:34.302,17981,17983,17981,1,-1
2021-07-15 15:23:34.343,17981,17983,17981,5,-5
2021-07-15 15:23:35.092,17981,17983,17981,6,-6
2021-07-15 15:23:35.713,17981,17983,17981,6,-6
2021-07-15 15:23:35.787,17981,17982,17981,1,-1
2021-07-15 15:23:36.257,17981,17982,17981,1,-1
2021-07-15 15:23:36.414,17980,17982,17980,1,-1
2021-07-15 15:23:36.516,17980,17982,17980,5,-5
2021-07-15 15:23:36.523,17980,17982,17980,2,-2
2021-07-15 15:23:36.569,17980,17982,17980,6,-6
2021-07-15 15:23:36.583,17980,17982,17980,1,-1
2021-07-15 15:23:36.654,17980,17982,17980,1,-1
2021-07-15 15:23:36.673,17980,17982,17982,1,1
2021-07-15 15:23:36.687,17980,17982,17980,2,-2
2021-07-15 15:23:36.691,17980,17982,17980,3,-3
2021-07-15 15:23:36.724,17980,17982,17980,3,-3
2021-07-15 15:23:36.737,17980,17982,17980,2,-2
2021-07-15 15:23:36.754,17980,17982,17980,3,-3
2021-07-15 15:23:36.761,17980,17982,17980,2,-2
2021-07-15 15:23:37.397,17980,17981,17980,1,-1
2021-07-15 15:23:37.615,17980,17981,17981,2,2
2021-07-15 15:23:37.627,17981,17982,17981,1,-1
2021-07-15 15:23:37.924,17981,17982,17981,2,-2
2021-07-15 15:23:38.186,17981,17982,17981,1,-1
2021-07-15 15:23:38.444,17981,17982,17982,1,1
2021-07-15 15:23:39.237,17981,17982,17982,1,1
2021-07-15 15:23:39.460,17981,17982,17982,1,1
2021-07-15 15:23:40.075,17981,17983,17981,2,-2
2021-07-15 15:23:41.763,17981,17983,17981,5,-5
2021-07-15 15:23:43.356,17981,17982,17981,1,-1
2021-07-15 15:23:44.249,17981,17982,17982,1,1
2021-07-15 15:23:45.427,17982,17983,17983,7,7
2021-07-15 15:23:46.391,17983,17984,17983,2,-2
2021-07-15 15:23:48.644,17982,17983,17983,1,1
2021-07-15 15:23:48.704,17982,17983,17983,1,1
2021-07-15 15:23:48.954,17982,17984,17982,3,-3
2021-07-15 15:23:50.599,17982,17984,17983,2,2
2021-07-15 15:23:53.047,17983,17984,17984,1,1
2021-07-15 15:23:53.339,17983,17984,17983,1,-1
2021-07-15 15:23:54.625,17983,17984,17984,1,1
2021-07-15 15:23:55.015,17983,17984,17983,1,-1
2021-07-15 15:23:55.015,17983,17984,17982,2,-2
2021-07-15 15:23:56.063,17982,17983,17982,14,-14
2021-07-15 15:23:56.317,17981,17982,17982,1,1
2021-07-15 15:23:56.332,17981,17982,17981,1,-1
2021-07-15 15:23:57.739,17981,17983,17981,1,-1
2021-07-15 15:23:59.932,17982,17984,17984,1,1
2021-07-15 15:24:01.753,17982,17984,17982,2,-2
2021-07-15 15:24:02.242,17982,17984,17984,1,1
2021-07-15 15:24:02.491,17982,17984,17982,2,-2
2021-07-15 15:24:07.753,17982,17984,17982,2,-2
2021-07-15 15:24:10.989,17983,17984,17984,1,1
2021-07-15 15:24:10.991,17983,17984,17984,6,6
2021-07-15 15:24:11.121,17984,17985,17984,1,-1
2021-07-15 15:24:12.384,17983,17985,17985,1,1
2021-07-15 15:24:12.940,17983,17985,17985,3,3
2021-07-15 15:24:14.158,17983,17985,17983,2,-2
2021-07-15 15:24:14.614,17983,17985,17983,11,-11
2021-07-15 15:24:14.615,17983,17985,17983,9,-9
2021-07-15 15:24:14.615,17983,17985,17983,1,-1
2021-07-15 15:24:17.336,17983,17984,17984,1,1
2021-07-15 15:24:20.423,17984,17985,17984,1,-1
2021-07-15 15:24:22.592,17983,17984,17983,10,-10
2021-07-15 15:24:22.721,17982,17983,17982,1,-1
2021-07-15 15:24:22.807,17982,17983,17982,1,-1
2021-07-15 15:24:26.496,17982,17983,17982,12,-12
2021-07-15 15:24:26.496,17982,17983,17981,8,-8
2021-07-15 15:24:26.724,17981,17983,17983,1,1
2021-07-15 15:24:28.071,17982,17983,17982,3,-3
2021-07-15 15:24:28.071,17982,17983,17981,17,-17
2021-07-15 15:24:30.270,17981,17982,17982,1,1
2021-07-15 15:24:31.399,17981,17982,17981,1,-1
2021-07-15 15:24:33.199,17980,17982,17982,2,2
2021-07-15 15:24:36.568,17981,17982,17981,2,-2
2021-07-15 15:24:37.659,17981,17982,17982,1,1
2021-07-15 15:24:39.377,17981,17982,17981,1,-1
2021-07-15 15:24:40.378,17981,17982,17981,10,-10
2021-07-15 15:24:40.378,17981,17982,17980,10,-10
2021-07-15 15:24:40.593,17980,17982,17980,3,-3
2021-07-15 15:24:40.659,17980,17982,17980,2,-2
2021-07-15 15:24:40.800,17980,17982,17981,1,1
2021-07-15 15:24:40.800,17980,17982,17980,2,-2
2021-07-15 15:24:40.836,17980,17982,17980,3,-3
2021-07-15 15:24:40.953,17980,17982,17980,3,-3
2021-07-15 15:24:42.671,17980,17981,17980,1,-1
2021-07-15 15:24:43.568,17980,17981,17981,5,5
2021-07-15 15:24:43.940,17980,17982,17982,2,2
2021-07-15 15:24:45.834,17981,17983,17981,1,-1
2021-07-15 15:24:49.535,17980,17982,17980,20,-20
2021-07-15 15:24:50.236,17981,17982,17981,2,2
2021-07-15 15:24:50.991,17980,17982,17981,1,-1
2021-07-15 15:24:51.211,17980,17982,17981,1,-1
2021-07-15 15:24:51.211,17980,17982,17980,14,-14
2021-07-15 15:24:51.211,17980,17982,17979,5,-5
2021-07-15 15:24:51.284,17979,17980,17980,1,1
2021-07-15 15:24:51.451,17979,17981,17979,1,-1
2021-07-15 15:24:51.498,17979,17981,17979,1,-1
2021-07-15 15:24:51.498,17979,17981,17979,1,-1
2021-07-15 15:24:51.503,17979,17981,17979,1,-1
2021-07-15 15:24:51.511,17979,17981,17979,1,-1
2021-07-15 15:24:51.512,17979,17981,17978,1,-1
2021-07-15 15:24:51.533,17979,17981,17978,1,-1
2021-07-15 15:24:51.566,17979,17981,17978,1,-1
2021-07-15 15:24:51.566,17979,17981,17978,3,-3
2021-07-15 15:24:51.618,17979,17981,17978,1,-1
2021-07-15 15:24:51.627,17978,17980,17978,2,-2
2021-07-15 15:24:51.633,17978,17980,17978,2,-2
2021-07-15 15:24:51.642,17978,17980,17978,1,-1
2021-07-15 15:24:51.658,17978,17980,17978,2,-2
2021-07-15 15:24:51.660,17978,17980,17978,1,-1
2021-07-15 15:24:51.688,17978,17980,17978,6,-6
2021-07-15 15:24:51.704,17978,17980,17980,2,2
2021-07-15 15:24:51.725,17978,17980,17978,2,-2
2021-07-15 15:24:51.785,17978,17980,17978,1,-1
2021-07-15 15:24:51.800,17978,17980,17978,3,-3
2021-07-15 15:24:51.800,17978,17980,17977,1,-1
2021-07-15 15:24:51.806,17978,17980,17977,18,-18
2021-07-15 15:24:51.833,17978,17980,17977,1,-1
2021-07-15 15:24:51.853,17978,17980,17977,1,-1
2021-07-15 15:24:51.853,17978,17980,17976,1,-1
2021-07-15 15:24:51.853,17978,17980,17976,3,-3
2021-07-15 15:24:51.875,17976,17978,17976,1,-1
2021-07-15 15:24:51.913,17976,17978,17976,1,-1
2021-07-15 15:24:51.941,17976,17978,17976,4,-4
2021-07-15 15:24:51.942,17976,17978,17976,3,-3
2021-07-15 15:24:51.978,17976,17978,17976,1,-1
2021-07-15 15:24:51.981,17976,17978,17976,1,-1
2021-07-15 15:24:52.000,17976,17978,17976,1,-1
2021-07-15 15:24:52.042,17976,17978,17976,1,-1
2021-07-15 15:24:52.075,17976,17978,17976,1,-1
2021-07-15 15:24:52.112,17976,17978,17977,1,1
2021-07-15 15:24:52.123,17977,17979,17977,1,-1
2021-07-15 15:24:52.180,17977,17979,17976,1,-1
2021-07-15 15:24:52.213,17977,17979,17977,1,1
2021-07-15 15:24:52.213,17977,17979,17977,1,-1
2021-07-15 15:24:52.267,17977,17980,17977,1,-1
2021-07-15 15:24:52.268,17977,17980,17977,1,-1
2021-07-15 15:24:52.449,17977,17979,17977,1,-1
2021-07-15 15:24:52.670,17977,17979,17977,2,-2
2021-07-15 15:24:52.670,17977,17979,17976,2,-2
2021-07-15 15:24:52.670,17977,17979,17976,1,-1
2021-07-15 15:24:52.681,17977,17979,17976,1,-1
2021-07-15 15:24:52.701,17977,17979,17976,1,-1
2021-07-15 15:24:52.711,17977,17979,17976,1,-1
2021-07-15 15:24:52.744,17977,17979,17976,1,-1
2021-07-15 15:24:52.765,17976,17979,17976,1,-1
2021-07-15 15:24:52.826,17976,17979,17976,1,-1
2021-07-15 15:24:52.949,17977,17979,17977,1,1
2021-07-15 15:24:53.033,17977,17979,17977,1,-1
2021-07-15 15:24:53.049,17977,17979,17976,1,-1
2021-07-15 15:24:53.190,17976,17978,17976,1,-1
2021-07-15 15:24:53.291,17976,17978,17978,3,3
2021-07-15 15:24:53.313,17976,17978,17979,2,2
2021-07-15 15:24:53.317,17976,17978,17978,3,3
2021-07-15 15:24:55.823,17978,17979,17978,1,-1
2021-07-15 15:24:57.146,17978,17979,17978,2,-2
2021-07-15 15:24:57.146,17978,17979,17977,1,-1
2021-07-15 15:24:59.746,17978,17980,17979,1,1
2021-07-15 15:25:00.089,17978,17981,17978,1,-1
2021-07-15 15:25:00.129,17978,17980,17978,1,-1
2021-07-15 15:25:00.129,17978,17980,17978,1,-1
2021-07-15 15:25:00.803,17978,17981,17978,1,-1
2021-07-15 15:25:00.837,17978,17981,17981,1,1
2021-07-15 15:25:00.895,17978,17981,17978,1,-1
2021-07-15 15:25:01.208,17978,17981,17978,3,-3
2021-07-15 15:25:01.251,17978,17980,17978,1,-1
2021-07-15 15:25:01.465,17978,17980,17978,2,-2
2021-07-15 15:25:01.840,17978,17980,17978,1,-1
2021-07-15 15:25:02.153,17978,17980,17978,1,-1
2021-07-15 15:25:02.157,17978,17980,17978,1,-1
2021-07-15 15:25:02.244,17978,17980,17978,1,-1
2021-07-15 15:25:02.460,17978,17980,17978,1,-1
2021-07-15 15:25:03.525,17978,17980,17980,1,1
2021-07-15 15:25:04.185,17978,17979,17978,1,-1
2021-07-15 15:25:04.543,17978,17979,17979,1,1
2021-07-15 15:25:05.457,17978,17980,17980,1,1
2021-07-15 15:25:05.463,17978,17980,17978,2,-2
2021-07-15 15:25:05.486,17978,17980,17978,1,-1
2021-07-15 15:25:05.486,17978,17980,17977,1,-1
2021-07-15 15:25:06.694,17978,17979,17979,1,1
2021-07-15 15:25:06.771,17978,17979,17979,1,1
2021-07-15 15:25:07.297,17979,17980,17979,1,-1
2021-07-15 15:25:07.375,17978,17980,17978,1,-1
2021-07-15 15:25:07.375,17978,17980,17978,1,-1
2021-07-15 15:25:07.375,17978,17980,17978,1,-1
2021-07-15 15:25:07.375,17978,17980,17977,1,-1
2021-07-15 15:25:07.375,17978,17980,17977,1,-1
2021-07-15 15:25:07.375,17978,17980,17977,1,-1
2021-07-15 15:25:07.376,17978,17980,17977,1,-1
2021-07-15 15:25:07.376,17978,17980,17977,1,-1
2021-07-15 15:25:07.376,17978,17980,17977,1,-1
2021-07-15 15:25:07.728,17977,17979,17978,1,1
2021-07-15 15:25:08.502,17979,17980,17980,3,3
2021-07-15 15:25:09.933,17979,17980,17979,1,-1
2021-07-15 15:25:10.161,17979,17980,17979,2,-2
2021-07-15 15:25:10.395,17979,17980,17979,1,-1
2021-07-15 15:25:12.854,17979,17980,17980,1,1
2021-07-15 15:25:14.570,17979,17980,17979,5,-5
2021-07-15 15:25:15.711,17979,17980,17979,5,-5
2021-07-15 15:25:16.162,17978,17980,17980,1,1
2021-07-15 15:25:17.091,17978,17980,17978,1,-1
2021-07-15 15:25:17.125,17978,17980,17978,1,-1
2021-07-15 15:25:17.126,17978,17980,17978,1,-1
2021-07-15 15:25:17.126,17978,17980,17978,1,-1
2021-07-15 15:25:17.127,17978,17980,17978,1,-1
2021-07-15 15:25:17.983,17978,17980,17979,1,1
2021-07-15 15:25:23.773,17979,17980,17980,6,6
2021-07-15 15:25:23.774,17979,17980,17980,1,1
2021-07-15 15:25:23.774,17979,17980,17980,2,2
2021-07-15 15:25:24.041,17979,17980,17980,7,7
2021-07-15 15:25:25.464,17980,17981,17980,1,-1
2021-07-15 15:25:27.153,17980,17981,17980,1,-1
2021-07-15 15:25:27.602,17980,17981,17980,1,-1
2021-07-15 15:25:27.602,17980,17981,17979,16,-16
2021-07-15 15:25:27.603,17980,17981,17979,3,-3
2021-07-15 15:25:32.196,17979,17980,17980,1,1
2021-07-15 15:25:32.196,17979,17980,17980,1,1
2021-07-15 15:25:32.250,17979,17981,17979,1,-1
2021-07-15 15:25:32.251,17979,17981,17979,1,-1
2021-07-15 15:25:32.251,17979,17981,17979,1,-1
2021-07-15 15:25:32.251,17979,17981,17979,1,-1
2021-07-15 15:25:32.251,17979,17981,17979,1,-1
2021-07-15 15:25:32.252,17979,17981,17979,1,-1
2021-07-15 15:25:32.252,17979,17981,17979,1,-1
2021-07-15 15:25:32.252,17979,17981,17979,1,-1
2021-07-15 15:25:32.252,17979,17981,17978,1,-1
2021-07-15 15:25:32.539,17979,17981,17981,1,1
2021-07-15 15:25:35.145,17979,17981,17979,1,-1
2021-07-15 15:25:36.048,17979,17981,17981,1,1
2021-07-15 15:25:39.574,17980,17981,17980,1,-1
2021-07-15 15:25:39.625,17979,17981,17979,1,-1
2021-07-15 15:25:39.626,17979,17981,17979,1,-1
2021-07-15 15:25:43.194,17980,17981,17981,1,1
2021-07-15 15:25:43.683,17980,17981,17980,2,-2
2021-07-15 15:25:43.684,17980,17981,17981,2,2
2021-07-15 15:25:43.684,17980,17981,17981,1,1
2021-07-15 15:25:43.684,17980,17981,17981,1,1
2021-07-15 15:25:43.684,17980,17981,17981,1,1
2021-07-15 15:25:44.285,17981,17982,17981,1,-1
2021-07-15 15:25:44.285,17981,17982,17980,1,-1
2021-07-15 15:25:45.102,17981,17982,17981,1,1
2021-07-15 15:25:45.102,17981,17982,17981,1,-1
2021-07-15 15:25:46.165,17981,17982,17981,1,-1
2021-07-15 15:25:48.016,17981,17982,17982,6,6
2021-07-15 15:25:48.125,17981,17983,17981,1,-1
2021-07-15 15:25:49.965,17982,17983,17983,5,5
2021-07-15 15:25:50.750,17982,17983,17983,5,5
2021-07-15 15:25:52.842,17982,17983,17983,1,1
2021-07-15 15:25:53.237,17982,17984,17984,5,5
2021-07-15 15:25:55.723,17983,17984,17984,1,1
2021-07-15 15:25:56.080,17983,17984,17984,3,3
2021-07-15 15:25:56.763,17983,17984,17983,1,-1
2021-07-15 15:25:56.763,17983,17984,17983,3,-3
2021-07-15 15:25:56.763,17983,17984,17983,2,-2
2021-07-15 15:25:56.849,17983,17984,17983,1,-1
2021-07-15 15:25:57.027,17982,17984,17982,1,-1
2021-07-15 15:25:57.214,17982,17984,17984,1,1
2021-07-15 15:25:59.228,17982,17983,17983,1,1
2021-07-15 15:25:59.945,17982,17984,17984,2,2
2021-07-15 15:26:01.672,17982,17983,17983,2,2
2021-07-15 15:26:02.054,17982,17983,17982,3,-3
2021-07-15 15:26:02.363,17981,17982,17981,1,-1
2021-07-15 15:26:04.627,17981,17982,17981,4,-4
2021-07-15 15:26:06.481,17981,17982,17982,1,1
2021-07-15 15:26:07.085,17981,17982,17982,1,1
2021-07-15 15:26:07.911,17981,17982,17981,8,-8
2021-07-15 15:26:07.954,17981,17982,17981,1,-1
2021-07-15 15:26:09.350,17980,17981,17981,1,1
2021-07-15 15:26:10.228,17980,17981,17981,1,1
2021-07-15 15:26:10.416,17980,17982,17980,1,-1
2021-07-15 15:26:15.600,17981,17982,17982,1,1
2021-07-15 15:26:16.124,17981,17982,17981,2,-2
2021-07-15 15:26:16.226,17981,17982,17980,4,-4
2021-07-15 15:26:16.741,17980,17982,17982,1,1
2021-07-15 15:26:16.824,17980,17982,17980,1,-1
2021-07-15 15:26:18.267,17981,17982,17981,1,1
2021-07-15 15:26:19.739,17980,17982,17982,1,1
2021-07-15 15:26:22.232,17981,17982,17981,1,-1
2021-07-15 15:26:22.996,17980,17981,17980,2,-2
2021-07-15 15:26:23.299,17980,17981,17981,1,1
2021-07-15 15:26:25.656,17980,17981,17980,1,-1
2021-07-15 15:26:27.235,17980,17981,17981,1,1
2021-07-15 15:26:27.235,17980,17981,17981,2,2
2021-07-15 15:26:29.764,17980,17981,17981,1,1
2021-07-15 15:26:37.154,17980,17981,17981,1,1
2021-07-15 15:26:51.669,17980,17981,17980,3,-3
2021-07-15 15:26:57.276,17980,17981,17980,2,-2
2021-07-15 15:26:58.260,17980,17981,17981,10,10
2021-07-15 15:26:59.980,17980,17981,17981,1,1
2021-07-15 15:27:00.200,17980,17981,17980,3,-3
2021-07-15 15:27:00.591,17980,17981,17981,1,1
2021-07-15 15:27:00.630,17980,17981,17981,1,1
2021-07-15 15:27:00.730,17980,17981,17981,1,1
2021-07-15 15:27:00.888,17980,17981,17980,1,-1
2021-07-15 15:27:03.653,17980,17981,17980,3,-3
2021-07-15 15:27:04.925,17980,17981,17980,1,-1
2021-07-15 15:27:05.315,17980,17981,17981,1,1
2021-07-15 15:27:05.507,17980,17981,17981,1,1
2021-07-15 15:27:05.507,17980,17981,17981,1,1
2021-07-15 15:27:05.507,17980,17981,17981,5,5
2021-07-15 15:27:05.507,17980,17981,17981,3,3
2021-07-15 15:27:06.076,17981,17982,17982,1,1
2021-07-15 15:27:07.466,17981,17982,17981,1,-1
2021-07-15 15:27:07.639,17981,17982,17981,1,-1
2021-07-15 15:27:10.904,17981,17982,17982,2,2
2021-07-15 15:27:10.905,17981,17982,17982,5,5
2021-07-15 15:27:14.489,17981,17982,17982,1,1
2021-07-15 15:27:14.947,17981,17982,17982,1,1
2021-07-15 15:27:14.947,17981,17982,17983,1,1
2021-07-15 15:27:17.097,17981,17982,17982,1,1
2021-07-15 15:27:18.368,17981,17982,17982,1,1
2021-07-15 15:27:18.738,17981,17982,17982,1,1
2021-07-15 15:27:19.294,17981,17983,17981,12,-12
2021-07-15 15:27:20.051,17982,17983,17982,1,1
2021-07-15 15:27:30.197,17982,17983,17983,3,3
2021-07-15 15:27:30.229,17982,17983,17982,1,-1
2021-07-15 15:27:30.978,17982,17983,17982,1,-1
2021-07-15 15:27:31.005,17981,17982,17981,1,-1
2021-07-15 15:27:31.283,17981,17982,17982,1,1
2021-07-15 15:27:35.253,17981,17982,17982,1,1
2021-07-15 15:27:39.428,17981,17982,17981,1,-1
2021-07-15 15:27:44.274,17981,17982,17981,5,-5
2021-07-15 15:27:44.413,17981,17982,17981,1,-1
2021-07-15 15:27:45.083,17981,17982,17981,1,-1
2021-07-15 15:27:45.083,17981,17982,17981,1,-1
2021-07-15 15:27:45.083,17981,17982,17981,3,-3
2021-07-15 15:27:46.438,17980,17982,17980,1,-1
2021-07-15 15:27:51.800,17981,17982,17981,5,5
2021-07-15 15:27:51.988,17981,17982,17981,1,-1
2021-07-15 15:28:00.417,17981,17982,17981,1,-1
2021-07-15 15:28:01.926,17981,17982,17982,1,1
2021-07-15 15:28:02.629,17981,17982,17981,1,-1
2021-07-15 15:28:04.130,17981,17982,17981,1,-1
2021-07-15 15:28:04.696,17981,17982,17982,1,1
2021-07-15 15:28:08.912,17981,17982,17982,2,2
2021-07-15 15:28:11.785,17981,17982,17982,1,1
2021-07-15 15:28:11.833,17981,17982,17982,1,1
2021-07-15 15:28:12.321,17981,17982,17981,8,-8
2021-07-15 15:28:12.856,17980,17982,17982,4,4
2021-07-15 15:28:20.508,17981,17982,17981,1,-1
2021-07-15 15:28:22.658,17981,17982,17982,1,1
2021-07-15 15:28:24.092,17981,17982,17982,2,2
2021-07-15 15:28:24.448,17981,17983,17981,4,-4
2021-07-15 15:28:26.948,17981,17983,17983,1,1
2021-07-15 15:28:29.304,17982,17983,17983,5,5
2021-07-15 15:28:30.819,17982,17983,17983,1,1
2021-07-15 15:28:37.567,17983,17984,17984,5,5
2021-07-15 15:28:38.125,17983,17984,17984,1,1
2021-07-15 15:28:38.126,17983,17984,17984,1,1
2021-07-15 15:28:38.862,17984,17985,17984,2,-2
2021-07-15 15:28:40.145,17984,17985,17985,1,1
2021-07-15 15:28:42.637,17984,17985,17985,6,6
2021-07-15 15:28:43.888,17985,17986,17985,1,-1
2021-07-15 15:28:46.446,17985,17986,17985,1,-1
2021-07-15 15:28:49.405,17985,17986,17985,2,-2
2021-07-15 15:28:49.722,17985,17986,17986,1,1
2021-07-15 15:28:50.176,17985,17986,17985,13,-13
2021-07-15 15:28:50.177,17985,17986,17985,2,-2
2021-07-15 15:28:50.545,17984,17986,17986,1,1
2021-07-15 15:28:51.517,17985,17986,17986,1,1
2021-07-15 15:28:53.680,17985,17986,17986,1,1
2021-07-15 15:28:55.277,17985,17986,17986,1,1
2021-07-15 15:28:56.755,17985,17986,17985,1,-1
2021-07-15 15:28:59.128,17985,17986,17986,2,2
2021-07-15 15:29:01.125,17985,17986,17986,1,1
2021-07-15 15:29:02.305,17985,17986,17986,1,1
2021-07-15 15:29:03.274,17985,17986,17986,1,1
2021-07-15 15:29:03.538,17985,17986,17986,1,1
2021-07-15 15:29:04.544,17985,17986,17986,1,1
2021-07-15 15:29:05.255,17985,17986,17985,2,-2
2021-07-15 15:29:05.255,17985,17986,17985,2,-2
2021-07-15 15:29:05.255,17985,17986,17985,1,-1
2021-07-15 15:29:05.255,17985,17986,17985,2,-2
2021-07-15 15:29:05.255,17985,17986,17985,1,-1
2021-07-15 15:29:05.255,17985,17986,17985,2,-2
2021-07-15 15:29:05.407,17984,17985,17985,1,1
2021-07-15 15:29:05.423,17984,17985,17985,1,1
2021-07-15 15:29:05.923,17984,17985,17984,1,-1
2021-07-15 15:29:06.211,17983,17985,17985,1,1
2021-07-15 15:29:06.574,17983,17985,17983,1,-1
2021-07-15 15:29:06.740,17983,17985,17985,1,1
2021-07-15 15:29:11.925,17983,17985,17985,1,1
2021-07-15 15:29:12.177,17984,17985,17984,1,-1
2021-07-15 15:29:16.706,17984,17985,17984,1,-1
2021-07-15 15:29:18.111,17984,17985,17985,2,2
2021-07-15 15:29:18.111,17984,17985,17985,1,1
2021-07-15 15:29:18.111,17984,17985,17985,1,1
2021-07-15 15:29:19.778,17984,17986,17986,2,2
2021-07-15 15:29:19.778,17984,17986,17987,1,1
2021-07-15 15:29:22.228,17984,17986,17984,1,-1
2021-07-15 15:29:29.523,17985,17986,17985,5,5
2021-07-15 15:29:31.320,17984,17985,17985,1,1
2021-07-15 15:29:35.173,17984,17985,17985,1,1
2021-07-15 15:29:39.861,17984,17985,17985,1,1
2021-07-15 15:29:40.463,17984,17985,17985,1,1
2021-07-15 15:29:40.848,17984,17985,17985,1,1
2021-07-15 15:29:41.059,17984,17985,17985,1,1
2021-07-15 15:29:43.231,17984,17985,17985,1,1
2021-07-15 15:29:43.726,17984,17985,17985,2,2
2021-07-15 15:29:43.726,17984,17985,17985,4,4
2021-07-15 15:29:43.726,17984,17985,17985,2,2
2021-07-15 15:29:43.727,17984,17985,17985,1,1
2021-07-15 15:29:48.923,17985,17986,17985,2,-2
2021-07-15 15:29:49.026,17985,17986,17986,1,1
2021-07-15 15:29:59.167,17985,17986,17986,1,1
2021-07-15 15:30:01.087,17985,17986,17985,1,-1
2021-07-15 15:30:01.087,17985,17986,17985,1,-1
2021-07-15 15:30:01.087,17985,17986,17985,2,-2
2021-07-15 15:30:01.116,17985,17986,17985,1,-1
2021-07-15 15:30:01.118,17985,17986,17985,1,-1
2021-07-15 15:30:01.118,17985,17986,17985,1,-1
2021-07-15 15:30:01.119,17985,17986,17985,1,-1
2021-07-15 15:30:01.318,17984,17986,17984,1,-1
2021-07-15 15:30:01.418,17984,17986,17984,4,-4
2021-07-15 15:30:01.420,17984,17986,17984,1,-1
2021-07-15 15:30:01.432,17984,17986,17984,3,-3
2021-07-15 15:30:01.563,17984,17986,17986,2,2
2021-07-15 15:30:01.566,17984,17986,17986,2,2
2021-07-15 15:30:01.663,17984,17986,17984,3,-3
2021-07-15 15:30:02.013,17984,17985,17985,1,1
2021-07-15 15:30:02.079,17984,17985,17985,2,2
2021-07-15 15:30:02.080,17984,17985,17986,1,1
2021-07-15 15:30:02.087,17984,17985,17986,1,1
2021-07-15 15:30:02.087,17984,17985,17986,1,1
2021-07-15 15:30:02.131,17984,17986,17986,2,2
2021-07-15 15:30:02.296,17984,17986,17986,1,1
2021-07-15 15:30:03.103,17984,17985,17985,1,1
2021-07-15 15:30:05.821,17984,17985,17984,1,-1
2021-07-15 15:30:05.824,17984,17985,17984,1,-1
2021-07-15 15:30:05.922,17984,17985,17984,1,-1
2021-07-15 15:30:05.956,17984,17985,17984,1,-1
2021-07-15 15:30:06.634,17984,17985,17984,1,-1
2021-07-15 15:30:07.863,17984,17985,17985,1,1
2021-07-15 15:30:09.114,17984,17985,17984,1,-1
2021-07-15 15:30:10.551,17984,17985,17984,1,-1
2021-07-15 15:30:10.660,17984,17985,17985,1,1
2021-07-15 15:30:11.223,17984,17985,17985,1,1
2021-07-15 15:30:12.020,17984,17985,17984,1,-1
2021-07-15 15:30:14.211,17984,17985,17984,1,-1
2021-07-15 15:30:14.212,17984,17985,17984,2,-2
