2019-09-24 15:00:00.062,10906,10908,10907,32,-32
2019-09-24 15:00:00.072,10906,10907,10906,1,-1
2019-09-24 15:00:00.109,10906,10907,10906,2,-2
2019-09-24 15:00:00.109,10906,10907,10906,1,-1
2019-09-24 15:00:00.110,10906,10907,10906,2,-2
2019-09-24 15:00:00.158,10906,10907,10907,1,1
2019-09-24 15:00:00.355,10906,10908,10906,1,-1
2019-09-24 15:00:00.366,10906,10908,10905,5,-5
2019-09-24 15:00:00.714,10906,10907,10906,1,1
2019-09-24 15:00:01.184,10906,10907,10907,1,1
2019-09-24 15:00:01.951,10906,10907,10906,2,-2
2019-09-24 15:00:04.929,10905,10906,10905,1,-1
2019-09-24 15:00:07.664,10904,10905,10904,3,-3
2019-09-24 15:00:09.733,10904,10905,10904,1,-1
2019-09-24 15:00:10.314,10904,10905,10904,1,-1
2019-09-24 15:00:10.647,10904,10905,10904,2,-2
2019-09-24 15:00:16.819,10904,10905,10904,6,-6
2019-09-24 15:00:17.498,10903,10904,10904,1,1
2019-09-24 15:00:17.680,10903,10904,10904,1,1
2019-09-24 15:00:18.035,10903,10904,10904,1,1
2019-09-24 15:00:19.074,10903,10904,10904,1,1
2019-09-24 15:00:21.277,10903,10904,10904,4,4
2019-09-24 15:00:24.315,10903,10904,10904,1,1
2019-09-24 15:00:24.502,10903,10904,10903,2,-2
2019-09-24 15:00:24.780,10903,10904,10903,2,-2
2019-09-24 15:00:24.875,10903,10904,10904,2,2
2019-09-24 15:00:30.208,10903,10904,10903,2,-2
2019-09-24 15:00:33.057,10903,10904,10904,1,1
2019-09-24 15:00:36.049,10903,10904,10904,1,1
2019-09-24 15:00:36.441,10903,10904,10903,3,-3
2019-09-24 15:00:37.437,10903,10904,10903,4,-4
2019-09-24 15:00:38.716,10903,10904,10903,1,-1
2019-09-24 15:00:40.373,10903,10904,10903,2,-2
2019-09-24 15:00:41.240,10903,10904,10903,4,-4
2019-09-24 15:00:43.665,10903,10904,10903,3,-3
2019-09-24 15:00:52.205,10902,10903,10903,2,2
2019-09-24 15:00:53.372,10902,10903,10902,2,-2
2019-09-24 15:00:54.332,10902,10903,10902,3,-3
2019-09-24 15:00:59.052,10902,10903,10903,3,3
2019-09-24 15:00:59.631,10902,10903,10902,1,-1
2019-09-24 15:01:00.106,10902,10903,10903,1,1
2019-09-24 15:01:01.522,10902,10903,10902,2,-2
2019-09-24 15:01:04.093,10902,10903,10903,1,1
2019-09-24 15:01:04.268,10902,10903,10903,10,10
2019-09-24 15:01:08.185,10903,10904,10903,1,-1
2019-09-24 15:01:09.994,10903,10904,10904,3,3
2019-09-24 15:01:10.006,10903,10904,10904,7,7
2019-09-24 15:01:10.006,10903,10904,10904,5,5
2019-09-24 15:01:13.681,10904,10905,10905,1,1
2019-09-24 15:01:14.052,10904,10905,10905,1,1
2019-09-24 15:01:26.418,10904,10905,10905,2,2
2019-09-24 15:01:27.960,10904,10905,10905,4,4
2019-09-24 15:01:28.356,10904,10905,10905,1,1
2019-09-24 15:01:30.320,10904,10905,10905,2,2
2019-09-24 15:01:31.640,10904,10905,10904,1,-1
2019-09-24 15:01:35.166,10904,10905,10905,6,6
2019-09-24 15:01:35.428,10905,10906,10905,1,-1
2019-09-24 15:01:37.050,10905,10906,10905,1,-1
2019-09-24 15:01:40.039,10905,10906,10905,5,-5
2019-09-24 15:01:42.881,10905,10906,10905,4,-4
2019-09-24 15:01:53.479,10904,10905,10905,1,1
2019-09-24 15:01:53.512,10904,10905,10905,1,1
2019-09-24 15:01:53.569,10904,10905,10905,1,1
2019-09-24 15:01:53.585,10904,10905,10905,1,1
2019-09-24 15:01:53.719,10904,10905,10906,1,1
2019-09-24 15:02:00.610,10905,10906,10905,1,-1
2019-09-24 15:02:06.381,10905,10906,10906,2,2
2019-09-24 15:02:06.631,10905,10906,10906,3,3
2019-09-24 15:02:08.000,10905,10906,10906,2,2
2019-09-24 15:02:08.243,10905,10906,10906,2,2
2019-09-24 15:02:14.642,10906,10907,10907,1,1
2019-09-24 15:02:17.604,10906,10907,10907,1,1
2019-09-24 15:02:18.706,10906,10907,10907,2,2
2019-09-24 15:02:24.650,10906,10907,10907,1,1
2019-09-24 15:02:26.688,10906,10907,10906,1,-1
2019-09-24 15:02:26.837,10906,10907,10907,1,1
2019-09-24 15:02:31.001,10906,10907,10906,3,-3
2019-09-24 15:02:33.206,10906,10907,10906,1,-1
2019-09-24 15:02:33.637,10906,10907,10907,2,2
2019-09-24 15:02:35.509,10906,10907,10906,1,-1
2019-09-24 15:02:36.307,10906,10907,10907,1,1
2019-09-24 15:02:38.180,10906,10907,10907,3,3
2019-09-24 15:02:39.094,10906,10908,10908,2,2
2019-09-24 15:02:39.182,10906,10908,10908,2,2
2019-09-24 15:02:43.908,10907,10908,10907,1,-1
2019-09-24 15:02:46.004,10906,10907,10907,1,1
2019-09-24 15:02:47.401,10906,10907,10907,1,1
2019-09-24 15:02:50.522,10907,10908,10908,2,2
2019-09-24 15:02:56.519,10907,10908,10907,1,-1
2019-09-24 15:02:56.663,10907,10908,10908,3,3
2019-09-24 15:02:59.475,10907,10908,10908,1,1
2019-09-24 15:03:02.894,10907,10908,10908,6,6
2019-09-24 15:03:03.247,10907,10908,10908,3,3
2019-09-24 15:03:03.712,10907,10908,10908,17,17
2019-09-24 15:03:08.510,10907,10908,10908,3,3
2019-09-24 15:03:12.141,10907,10908,10907,2,-2
2019-09-24 15:03:14.071,10907,10908,10908,18,18
2019-09-24 15:03:14.072,10907,10908,10908,1,1
2019-09-24 15:03:14.072,10907,10908,10908,3,3
2019-09-24 15:03:14.072,10907,10908,10908,1,1
2019-09-24 15:03:14.149,10908,10909,10908,29,-29
2019-09-24 15:03:22.776,10907,10908,10908,4,4
2019-09-24 15:03:29.067,10907,10908,10908,1,1
2019-09-24 15:03:32.861,10907,10908,10908,1,1
2019-09-24 15:03:33.318,10907,10908,10908,5,5
2019-09-24 15:03:39.975,10907,10908,10908,1,1
2019-09-24 15:03:41.047,10907,10908,10907,2,-2
2019-09-24 15:03:42.077,10907,10908,10908,2,2
2019-09-24 15:03:56.273,10907,10908,10907,1,-1
2019-09-24 15:03:57.239,10907,10908,10907,22,-22
2019-09-24 15:03:57.508,10906,10907,10906,2,-2
2019-09-24 15:04:00.816,10906,10907,10907,1,1
2019-09-24 15:04:02.976,10906,10907,10906,1,-1
2019-09-24 15:04:03.070,10906,10907,10906,1,-1
2019-09-24 15:04:05.409,10906,10907,10907,1,1
2019-09-24 15:04:17.091,10906,10907,10907,1,1
2019-09-24 15:04:21.496,10906,10907,10906,1,-1
2019-09-24 15:04:23.678,10906,10907,10907,1,1
2019-09-24 15:04:26.369,10906,10907,10907,1,1
2019-09-24 15:04:37.734,10906,10907,10906,5,-5
2019-09-24 15:04:38.120,10906,10907,10906,5,-5
2019-09-24 15:04:40.689,10906,10907,10906,2,-2
2019-09-24 15:04:41.736,10906,10907,10906,3,-3
2019-09-24 15:04:41.736,10906,10907,10905,2,-2
2019-09-24 15:04:41.987,10906,10907,10905,5,-5
2019-09-24 15:04:42.563,10905,10907,10905,1,-1
2019-09-24 15:04:45.496,10905,10906,10906,1,1
2019-09-24 15:04:51.237,10905,10906,10906,1,1
2019-09-24 15:05:00.909,10906,10907,10906,4,-4
2019-09-24 15:05:00.919,10906,10907,10906,1,-1
2019-09-24 15:05:02.031,10906,10907,10907,2,2
2019-09-24 15:05:02.469,10906,10907,10906,5,-5
2019-09-24 15:05:02.796,10906,10907,10906,5,-5
2019-09-24 15:05:07.679,10906,10907,10907,1,1
2019-09-24 15:05:08.074,10906,10907,10906,1,-1
2019-09-24 15:05:08.278,10906,10907,10906,7,-7
2019-09-24 15:05:09.188,10905,10907,10907,1,1
2019-09-24 15:05:22.318,10905,10906,10906,1,1
2019-09-24 15:05:25.515,10905,10906,10906,2,2
2019-09-24 15:05:35.872,10905,10906,10906,1,1
2019-09-24 15:05:37.697,10905,10906,10906,1,1
2019-09-24 15:05:41.189,10906,10907,10906,5,-5
2019-09-24 15:05:44.381,10906,10907,10906,8,-8
2019-09-24 15:05:44.439,10906,10907,10905,5,-5
2019-09-24 15:05:45.518,10905,10906,10906,1,1
2019-09-24 15:05:45.855,10905,10906,10905,1,-1
2019-09-24 15:05:47.379,10905,10906,10905,1,-1
2019-09-24 15:05:55.722,10905,10906,10905,2,-2
2019-09-24 15:05:56.638,10905,10906,10905,1,-1
2019-09-24 15:05:58.044,10905,10906,10905,1,-1
2019-09-24 15:06:07.960,10905,10906,10905,1,-1
2019-09-24 15:06:23.678,10905,10906,10905,1,-1
2019-09-24 15:06:29.160,10905,10906,10905,1,-1
2019-09-24 15:06:33.543,10904,10905,10905,1,1
2019-09-24 15:06:47.987,10904,10905,10905,1,1
2019-09-24 15:07:02.208,10904,10905,10905,4,4
2019-09-24 15:07:06.399,10904,10905,10904,1,-1
2019-09-24 15:07:21.514,10904,10905,10904,2,-2
2019-09-24 15:07:22.876,10904,10905,10904,1,-1
2019-09-24 15:07:38.189,10904,10905,10905,1,1
2019-09-24 15:07:48.471,10904,10905,10905,3,3
2019-09-24 15:07:54.803,10904,10905,10904,1,-1
2019-09-24 15:07:55.276,10904,10905,10905,1,1
2019-09-24 15:08:01.192,10904,10905,10904,2,-2
2019-09-24 15:08:42.394,10904,10905,10905,3,3
2019-09-24 15:08:43.884,10904,10905,10905,5,5
2019-09-24 15:08:46.131,10905,10906,10906,1,1
2019-09-24 15:08:48.160,10905,10906,10905,1,-1
2019-09-24 15:08:54.613,10905,10906,10905,2,-2
2019-09-24 15:09:08.375,10904,10905,10905,9,9
2019-09-24 15:09:08.381,10905,10906,10905,20,-20
2019-09-24 15:09:09.678,10904,10905,10905,1,1
2019-09-24 15:09:09.835,10904,10905,10904,11,-11
2019-09-24 15:09:10.300,10903,10904,10904,1,1
2019-09-24 15:09:19.145,10903,10904,10904,1,1
2019-09-24 15:09:20.948,10903,10904,10904,1,1
2019-09-24 15:09:22.825,10903,10904,10904,3,3
2019-09-24 15:09:28.205,10904,10905,10904,1,-1
2019-09-24 15:09:32.756,10904,10905,10904,1,-1
2019-09-24 15:09:41.736,10904,10905,10904,1,-1
2019-09-24 15:09:53.563,10903,10904,10904,2,2
2019-09-24 15:10:02.233,10903,10904,10903,1,-1
2019-09-24 15:10:06.941,10903,10904,10903,2,-2
2019-09-24 15:10:38.834,10903,10904,10903,1,-1
2019-09-24 15:10:40.048,10903,10904,10903,1,-1
2019-09-24 15:10:48.258,10903,10904,10903,1,-1
2019-09-24 15:10:57.455,10903,10904,10904,3,3
2019-09-24 15:10:57.455,10903,10904,10904,4,4
2019-09-24 15:10:57.456,10903,10904,10904,3,3
2019-09-24 15:11:03.496,10904,10905,10904,1,-1
2019-09-24 15:11:25.437,10904,10905,10905,10,10
2019-09-24 15:11:25.561,10904,10905,10905,2,2
2019-09-24 15:11:29.959,10904,10905,10905,7,7
2019-09-24 15:11:43.079,10905,10906,10905,1,-1
2019-09-24 15:11:48.121,10905,10906,10905,11,-11
2019-09-24 15:11:59.765,10904,10905,10905,1,1
2019-09-24 15:12:05.518,10904,10905,10905,5,5
2019-09-24 15:12:21.385,10904,10905,10905,1,1
2019-09-24 15:12:23.914,10905,10906,10905,1,-1
2019-09-24 15:12:24.495,10905,10906,10906,17,17
2019-09-24 15:12:24.590,10905,10906,10906,2,2
2019-09-24 15:12:24.881,10905,10906,10906,17,17
2019-09-24 15:12:38.099,10905,10906,10905,1,-1
2019-09-24 15:12:40.757,10905,10906,10906,1,1
2019-09-24 15:12:53.346,10905,10906,10905,4,-4
2019-09-24 15:13:18.844,10904,10905,10905,1,1
2019-09-24 15:13:26.424,10904,10905,10905,1,1
2019-09-24 15:13:30.222,10904,10905,10905,1,1
2019-09-24 15:13:36.449,10905,10906,10905,2,-2
2019-09-24 15:14:21.017,10905,10906,10905,1,-1
2019-09-24 15:14:21.131,10905,10906,10905,2,-2
2019-09-24 15:14:28.060,10905,10906,10905,1,-1
2019-09-24 15:14:51.256,10905,10906,10905,9,-9
2019-09-24 15:14:51.381,10905,10906,10905,3,-3
2019-09-24 15:15:09.722,10904,10905,10904,1,-1
2019-09-24 15:15:26.616,10904,10905,10904,1,-1
2019-09-24 15:15:26.794,10904,10905,10904,2,-2
2019-09-24 15:15:26.881,10904,10905,10904,2,-2
2019-09-24 15:15:27.971,10903,10905,10903,1,-1
2019-09-24 15:15:49.552,10903,10904,10903,1,-1
2019-09-24 15:15:52.252,10903,10904,10903,1,-1
2019-09-24 15:15:52.252,10903,10904,10903,3,-3
2019-09-24 15:15:52.253,10903,10904,10903,3,-3
2019-09-24 15:15:52.253,10903,10904,10903,1,-1
2019-09-24 15:15:52.253,10903,10904,10903,9,-9
2019-09-24 15:15:52.253,10903,10904,10903,2,-2
2019-09-24 15:15:52.256,10903,10904,10903,1,-1
2019-09-24 15:15:52.344,10903,10904,10902,1,-1
2019-09-24 15:15:52.346,10903,10904,10902,7,-7
2019-09-24 15:15:52.346,10903,10904,10902,1,-1
2019-09-24 15:15:52.404,10902,10903,10902,2,-2
2019-09-24 15:15:52.409,10902,10903,10902,1,-1
2019-09-24 15:15:52.506,10902,10903,10902,4,-4
2019-09-24 15:15:52.521,10902,10903,10902,2,-2
2019-09-24 15:15:52.631,10902,10903,10902,2,-2
2019-09-24 15:15:52.973,10901,10903,10903,1,1
2019-09-24 15:15:54.126,10901,10903,10903,1,1
2019-09-24 15:16:12.832,10902,10903,10903,1,1
2019-09-24 15:16:20.496,10902,10903,10903,1,1
2019-09-24 15:16:42.062,10903,10904,10903,1,-1
2019-09-24 15:16:50.354,10903,10904,10903,1,-1
2019-09-24 15:17:11.817,10903,10904,10904,2,2
2019-09-24 15:17:12.051,10903,10904,10904,1,1
2019-09-24 15:17:34.014,10904,10905,10904,5,-5
2019-09-24 15:17:37.658,10904,10905,10904,1,-1
2019-09-24 15:17:41.522,10903,10905,10905,1,1
2019-09-24 15:17:50.975,10904,10905,10904,2,-2
2019-09-24 15:18:13.747,10903,10904,10904,2,2
2019-09-24 15:18:19.669,10903,10904,10904,1,1
2019-09-24 15:18:25.325,10903,10904,10904,1,1
2019-09-24 15:18:34.134,10903,10904,10904,1,1
2019-09-24 15:19:01.470,10903,10904,10903,1,-1
2019-09-24 15:19:04.147,10903,10904,10903,1,-1
2019-09-24 15:19:36.479,10903,10904,10903,1,-1
2019-09-24 15:20:01.124,10903,10904,10903,1,-1
2019-09-24 15:20:02.097,10903,10904,10903,1,-1
2019-09-24 15:20:22.186,10903,10904,10903,1,-1
2019-09-24 15:20:28.747,10903,10904,10903,1,-1
2019-09-24 15:21:05.825,10903,10904,10903,1,-1
2019-09-24 15:21:18.836,10903,10904,10903,2,-2
2019-09-24 15:22:13.719,10903,10904,10903,7,-7
2019-09-24 15:22:13.720,10903,10904,10903,3,-3
2019-09-24 15:22:13.720,10903,10904,10903,2,-2
2019-09-24 15:22:15.806,10902,10903,10902,3,-3
2019-09-24 15:22:28.446,10902,10903,10902,22,-22
2019-09-24 15:22:43.013,10901,10902,10901,1,-1
2019-09-24 15:22:43.229,10901,10902,10901,1,-1
2019-09-24 15:22:49.301,10901,10902,10901,1,-1
2019-09-24 15:23:04.923,10901,10902,10902,4,4
2019-09-24 15:23:09.793,10902,10903,10902,1,-1
2019-09-24 15:23:16.778,10902,10903,10902,1,-1
2019-09-24 15:23:17.177,10902,10903,10902,1,-1
2019-09-24 15:23:21.912,10901,10902,10902,1,1
2019-09-24 15:23:28.133,10902,10903,10902,2,-2
2019-09-24 15:23:31.818,10902,10903,10902,1,-1
2019-09-24 15:23:41.443,10902,10903,10903,4,4
2019-09-24 15:23:42.619,10903,10904,10903,1,-1
2019-09-24 15:23:53.339,10903,10904,10904,1,1
2019-09-24 15:23:54.757,10903,10904,10904,1,1
2019-09-24 15:24:04.508,10903,10904,10904,1,1
2019-09-24 15:24:13.081,10903,10904,10904,1,1
2019-09-24 15:24:13.137,10903,10904,10903,1,-1
2019-09-24 15:24:19.848,10903,10904,10904,2,2
2019-09-24 15:24:46.038,10903,10904,10904,7,7
2019-09-24 15:24:57.304,10904,10905,10904,1,-1
2019-09-24 15:25:54.414,10904,10905,10904,1,-1
2019-09-24 15:25:54.649,10904,10905,10904,1,-1
2019-09-24 15:26:14.863,10904,10905,10904,3,-3
2019-09-24 15:26:29.824,10904,10905,10904,7,-7
2019-09-24 15:26:33.269,10904,10905,10904,1,-1
2019-09-24 15:26:51.376,10904,10905,10904,1,-1
2019-09-24 15:26:51.377,10904,10905,10904,8,-8
2019-09-24 15:26:51.756,10904,10905,10904,2,-2
2019-09-24 15:27:00.142,10903,10904,10904,2,2
2019-09-24 15:27:37.601,10904,10905,10904,1,-1
2019-09-24 15:27:39.306,10904,10905,10904,1,-1
2019-09-24 15:28:11.918,10904,10905,10905,12,12
2019-09-24 15:28:26.694,10904,10905,10905,1,1
2019-09-24 15:28:42.549,10904,10905,10904,4,-4
2019-09-24 15:28:42.847,10903,10904,10904,2,2
2019-09-24 15:28:43.816,10903,10904,10904,1,1
2019-09-24 15:29:10.841,10903,10904,10903,1,-1
2019-09-24 15:30:02.939,10903,10904,10904,2,2
2019-09-24 15:30:04.054,10903,10904,10904,1,1
2019-09-24 15:30:04.184,10903,10904,10904,1,1
2019-09-24 15:30:04.184,10903,10904,10905,1,1
2019-09-24 15:30:38.460,10903,10904,10904,1,1
2019-09-24 15:31:13.232,10903,10904,10904,1,1
2019-09-24 15:31:31.382,10903,10904,10904,1,1
2019-09-24 15:31:31.382,10903,10904,10905,4,4
2019-09-24 15:32:11.534,10904,10905,10904,1,-1
2019-09-24 15:32:11.966,10904,10905,10905,1,1
2019-09-24 15:32:14.045,10904,10905,10905,1,1
2019-09-24 15:32:43.753,10904,10905,10905,2,2
2019-09-24 15:33:04.240,10904,10905,10905,10,10
2019-09-24 15:33:18.284,10905,10906,10906,1,1
2019-09-24 15:33:20.511,10905,10906,10905,1,-1
2019-09-24 15:33:36.830,10905,10906,10905,1,-1
2019-09-24 15:33:54.672,10905,10906,10906,1,1
2019-09-24 15:33:56.709,10905,10906,10906,5,5
2019-09-24 15:34:08.876,10905,10906,10906,1,1
2019-09-24 15:34:13.290,10905,10906,10906,19,19
2019-09-24 15:34:51.422,10906,10907,10906,1,-1
2019-09-24 15:34:53.864,10906,10907,10906,1,-1
2019-09-24 15:35:40.436,10906,10907,10906,1,-1
2019-09-24 15:36:38.609,10906,10907,10906,1,-1
2019-09-24 15:36:39.135,10906,10907,10906,2,-2
2019-09-24 15:36:56.693,10906,10907,10906,1,-1
2019-09-24 15:36:57.236,10906,10907,10907,1,1
2019-09-24 15:36:57.752,10906,10907,10906,2,-2
2019-09-24 15:38:21.913,10906,10907,10907,2,2
2019-09-24 15:38:35.004,10906,10907,10906,6,-6
2019-09-24 15:38:37.913,10906,10907,10907,1,1
2019-09-24 15:39:33.567,10906,10907,10907,1,1
2019-09-24 15:39:38.197,10906,10907,10907,1,1
2019-09-24 15:39:56.272,10906,10907,10907,1,1
2019-09-24 15:40:06.257,10906,10907,10907,13,13
2019-09-24 15:40:06.381,10906,10907,10907,3,3
2019-09-24 15:40:06.381,10906,10907,10907,2,2
2019-09-24 15:40:08.406,10907,10908,10907,1,-1
2019-09-24 15:40:17.485,10907,10908,10907,1,-1
2019-09-24 15:40:21.426,10907,10908,10907,2,-2
2019-09-24 15:40:22.350,10907,10908,10907,2,-2
2019-09-24 15:40:25.699,10907,10908,10907,1,-1
2019-09-24 15:40:37.437,10907,10908,10907,1,-1
2019-09-24 15:40:46.023,10907,10908,10907,1,-1
2019-09-24 15:40:47.416,10906,10907,10907,2,2
2019-09-24 15:40:47.996,10906,10907,10907,1,1
2019-09-24 15:40:49.501,10906,10907,10907,2,2
2019-09-24 15:41:40.246,10906,10907,10907,1,1
2019-09-24 15:41:44.698,10906,10907,10907,1,1
2019-09-24 15:41:45.941,10906,10907,10907,2,2
2019-09-24 15:41:46.652,10906,10907,10907,1,1
2019-09-24 15:41:47.241,10906,10908,10908,2,2
2019-09-24 15:41:47.290,10906,10908,10908,1,1
2019-09-24 15:41:47.295,10906,10908,10908,1,1
2019-09-24 15:41:47.549,10906,10908,10908,1,1
2019-09-24 15:41:47.845,10906,10908,10908,1,1
2019-09-24 15:41:54.184,10906,10908,10908,1,1
2019-09-24 15:42:04.181,10906,10907,10906,1,-1
2019-09-24 15:42:04.400,10906,10907,10907,1,1
2019-09-24 15:42:07.277,10906,10907,10907,6,6
2019-09-24 15:42:46.205,10906,10907,10907,1,1
2019-09-24 15:43:56.683,10906,10907,10907,1,1
2019-09-24 15:44:29.558,10906,10907,10906,3,-3
2019-09-24 15:44:56.100,10906,10907,10907,1,1
2019-09-24 15:45:08.726,10906,10907,10907,1,1
2019-09-24 15:46:59.657,10906,10907,10907,16,16
2019-09-24 15:47:17.435,10907,10908,10907,2,-2
2019-09-24 15:47:17.506,10907,10908,10907,1,-1
2019-09-24 15:47:20.595,10907,10908,10907,2,-2
2019-09-24 15:47:46.626,10907,10908,10907,1,-1
2019-09-24 15:48:04.348,10907,10908,10908,2,2
2019-09-24 15:48:13.444,10907,10908,10908,1,1
2019-09-24 15:48:15.669,10907,10908,10908,2,2
2019-09-24 15:48:27.027,10907,10908,10908,1,1
2019-09-24 15:48:29.650,10907,10908,10907,1,-1
2019-09-24 15:48:38.944,10907,10908,10907,1,-1
2019-09-24 15:48:51.366,10907,10908,10907,1,-1
2019-09-24 15:48:52.297,10907,10908,10907,1,-1
2019-09-24 15:48:56.177,10907,10908,10907,2,-2
2019-09-24 15:49:10.870,10906,10907,10906,2,-2
2019-09-24 15:49:11.006,10906,10907,10907,2,2
2019-09-24 15:49:34.616,10906,10907,10907,1,1
2019-09-24 15:50:55.860,10906,10907,10906,2,-2
2019-09-24 15:51:19.359,10906,10907,10906,1,-1
2019-09-24 15:51:34.321,10906,10907,10906,1,-1
2019-09-24 15:52:26.087,10906,10907,10907,1,1
2019-09-24 15:53:04.707,10906,10907,10907,23,23
2019-09-24 15:53:05.187,10907,10908,10906,2,-2
2019-09-24 15:53:29.757,10906,10907,10906,18,-18
2019-09-24 15:53:29.881,10906,10907,10906,5,-5
2019-09-24 15:53:32.593,10905,10906,10906,1,1
2019-09-24 15:53:38.993,10905,10906,10905,2,-2
2019-09-24 15:53:58.905,10905,10906,10905,1,-1
2019-09-24 15:54:12.746,10905,10906,10905,1,-1
2019-09-24 15:54:19.377,10905,10906,10905,2,-2
2019-09-24 15:54:42.513,10905,10906,10905,1,-1
2019-09-24 15:55:18.120,10905,10906,10905,1,-1
2019-09-24 15:55:20.662,10905,10906,10905,3,-3
2019-09-24 15:56:00.412,10905,10906,10905,1,-1
2019-09-24 15:56:20.621,10905,10906,10905,1,-1
2019-09-24 15:56:23.285,10905,10906,10905,3,-3
2019-09-24 15:56:29.542,10904,10905,10905,3,3
2019-09-24 15:56:41.850,10904,10905,10904,2,-2
2019-09-24 15:56:52.870,10904,10905,10904,1,-1
2019-09-24 15:57:20.700,10904,10905,10904,1,-1
2019-09-24 15:57:35.399,10904,10905,10905,5,5
2019-09-24 15:59:19.621,10904,10905,10904,1,-1
2019-09-24 15:59:20.470,10904,10905,10904,1,-1
2019-09-24 15:59:23.211,10904,10905,10905,6,6
2019-09-24 15:59:34.395,10905,10906,10905,1,-1
2019-09-24 15:59:35.501,10905,10906,10905,1,-1
2019-09-24 15:59:35.501,10905,10906,10906,5,5
2019-09-24 15:59:36.501,10905,10906,10906,2,2
2019-09-24 16:00:04.513,10905,10906,10905,2,-2
2019-09-24 16:00:09.318,10904,10905,10905,1,1
2019-09-24 16:00:09.318,10904,10905,10905,1,1
2019-09-24 16:00:10.535,10905,10906,10906,1,1
2019-09-24 16:00:10.737,10905,10906,10906,1,1
2019-09-24 16:00:10.938,10905,10906,10906,1,1
2019-09-24 16:00:11.137,10905,10906,10906,1,1
2019-09-24 16:00:11.437,10905,10906,10906,1,1
2019-09-24 16:00:11.437,10905,10906,10907,9,9
2019-09-24 16:00:11.572,10905,10907,10906,1,-1
2019-09-24 16:00:11.573,10905,10907,10906,1,-1
2019-09-24 16:00:11.738,10905,10906,10906,1,1
2019-09-24 16:00:12.039,10905,10906,10906,1,1
2019-09-24 16:00:12.103,10905,10906,10906,1,1
2019-09-24 16:00:12.126,10905,10906,10906,1,1
2019-09-24 16:00:12.138,10905,10906,10906,2,2
2019-09-24 16:00:12.155,10905,10906,10907,2,2
2019-09-24 16:00:12.165,10905,10906,10907,1,1
2019-09-24 16:00:12.177,10905,10906,10907,1,1
2019-09-24 16:00:13.846,10906,10907,10906,6,-6
2019-09-24 16:00:30.100,10905,10906,10906,2,2
2019-09-24 16:00:33.147,10905,10906,10906,1,1
2019-09-24 16:00:33.148,10905,10906,10906,1,1
2019-09-24 16:00:36.889,10906,10907,10907,1,1
2019-09-24 16:00:36.889,10906,10907,10907,1,1
2019-09-24 16:00:36.889,10906,10907,10907,4,4
2019-09-24 16:00:46.844,10906,10908,10908,2,2
2019-09-24 16:00:49.704,10906,10908,10908,2,2
2019-09-24 16:01:07.295,10906,10907,10906,1,-1
2019-09-24 16:01:10.109,10906,10907,10906,1,-1
2019-09-24 16:01:20.833,10905,10906,10906,2,2
2019-09-24 16:01:30.073,10905,10907,10907,1,1
2019-09-24 16:01:51.687,10905,10906,10906,1,1
2019-09-24 16:01:51.785,10905,10906,10906,2,2
2019-09-24 16:02:10.204,10905,10906,10906,1,1
2019-09-24 16:02:48.382,10905,10906,10906,1,1
2019-09-24 16:03:33.837,10905,10906,10905,1,-1
2019-09-24 16:03:52.131,10905,10906,10906,2,2
2019-09-24 16:03:52.131,10905,10906,10906,1,1
2019-09-24 16:04:01.173,10905,10906,10906,1,1
2019-09-24 16:04:02.397,10905,10906,10906,4,4
2019-09-24 16:04:16.969,10906,10907,10906,1,-1
2019-09-24 16:04:37.141,10905,10906,10905,1,-1
2019-09-24 16:05:48.205,10905,10906,10905,5,-5
2019-09-24 16:05:57.658,10904,10905,10905,3,3
2019-09-24 16:05:57.756,10904,10905,10905,2,2
2019-09-24 16:06:02.831,10904,10905,10904,1,-1
2019-09-24 16:06:13.773,10904,10905,10904,2,-2
2019-09-24 16:06:26.644,10904,10905,10905,2,2
2019-09-24 16:07:24.725,10905,10906,10905,2,-2
2019-09-24 16:07:39.154,10904,10905,10905,1,1
2019-09-24 16:07:44.103,10905,10906,10905,1,-1
2019-09-24 16:08:03.058,10905,10906,10905,2,-2
2019-09-24 16:08:05.175,10905,10906,10905,2,-2
2019-09-24 16:09:30.424,10905,10906,10905,1,-1
2019-09-24 16:10:02.306,10905,10906,10905,3,-3
2019-09-24 16:10:43.163,10905,10906,10905,3,-3
2019-09-24 16:11:12.880,10905,10906,10906,8,8
2019-09-24 16:11:12.881,10905,10906,10906,8,8
2019-09-24 16:11:44.382,10906,10907,10907,14,14
2019-09-24 16:11:44.563,10907,10908,10907,1,-1
2019-09-24 16:12:10.086,10907,10908,10907,1,-1
2019-09-24 16:12:19.386,10907,10908,10907,2,-2
2019-09-24 16:12:51.360,10906,10907,10907,2,2
2019-09-24 16:13:33.923,10906,10907,10907,1,1
2019-09-24 16:13:40.006,10906,10907,10906,4,-4
2019-09-24 16:13:54.110,10906,10907,10906,4,-4
2019-09-24 16:14:01.142,10906,10907,10906,3,-3
2019-09-24 16:14:07.886,10906,10907,10906,1,-1
2019-09-24 16:14:34.135,10906,10907,10906,2,-2
2019-09-24 16:15:05.608,10906,10907,10906,1,-1
2019-09-24 16:15:56.048,10906,10907,10906,1,-1
2019-09-24 16:16:16.368,10905,10906,10906,1,1
2019-09-24 16:16:16.388,10905,10907,10907,1,1
2019-09-24 16:16:16.436,10905,10907,10907,1,1
2019-09-24 16:16:16.451,10905,10907,10907,1,1
2019-09-24 16:16:16.541,10905,10907,10907,1,1
2019-09-24 16:16:16.577,10905,10907,10907,1,1
2019-09-24 16:16:16.683,10905,10907,10907,1,1
2019-09-24 16:16:16.755,10905,10907,10907,1,1
2019-09-24 16:16:16.784,10905,10907,10907,1,1
2019-09-24 16:16:17.006,10906,10907,10907,1,1
2019-09-24 16:16:17.061,10906,10907,10907,1,1
2019-09-24 16:16:17.116,10906,10907,10907,2,2
2019-09-24 16:16:17.187,10906,10907,10907,1,1
2019-09-24 16:16:17.213,10906,10907,10907,1,1
2019-09-24 16:16:17.259,10906,10907,10907,2,2
2019-09-24 16:16:17.321,10906,10907,10907,2,2
2019-09-24 16:16:17.361,10906,10907,10907,1,1
2019-09-24 16:16:17.393,10906,10907,10907,1,1
2019-09-24 16:16:19.382,10906,10907,10907,1,1
2019-09-24 16:16:20.171,10906,10907,10907,1,1
2019-09-24 16:16:20.273,10906,10907,10907,1,1
2019-09-24 16:17:16.405,10906,10907,10906,2,-2
2019-09-24 16:17:18.789,10906,10907,10906,2,-2
2019-09-24 16:17:39.335,10906,10907,10906,1,-1
2019-09-24 16:19:05.669,10906,10907,10907,1,1
2019-09-24 16:19:47.624,10906,10907,10907,4,4
2019-09-24 16:20:34.176,10906,10907,10907,1,1
2019-09-24 16:20:54.631,10906,10907,10906,1,-1
2019-09-24 16:22:05.916,10906,10907,10907,1,1
2019-09-24 16:22:53.244,10906,10907,10907,1,1
2019-09-24 16:23:22.180,10906,10907,10906,5,-5
2019-09-24 16:23:22.256,10906,10907,10906,9,-9
2019-09-24 16:23:45.963,10905,10906,10905,15,-15
2019-09-24 16:23:46.217,10904,10905,10904,1,-1
2019-09-24 16:23:46.319,10904,10905,10904,4,-4
2019-09-24 16:24:06.762,10904,10905,10905,2,2
2019-09-24 16:24:07.086,10904,10905,10905,2,2
2019-09-24 16:24:07.165,10904,10905,10905,2,2
2019-09-24 16:24:17.617,10904,10905,10905,1,1
2019-09-24 16:24:17.644,10904,10905,10905,1,1
2019-09-24 16:24:34.379,10904,10905,10905,1,1
2019-09-24 16:24:54.292,10904,10905,10904,35,-35
2019-09-24 16:24:54.292,10904,10905,10903,25,-25
2019-09-24 16:24:54.417,10903,10904,10903,14,-14
2019-09-24 16:24:59.226,10902,10903,10903,1,1
2019-09-24 16:25:07.516,10902,10903,10902,1,-1
2019-09-24 16:25:09.245,10902,10903,10902,1,-1
2019-09-24 16:25:10.528,10902,10903,10902,5,-5
2019-09-24 16:25:14.310,10902,10903,10902,1,-1
2019-09-24 16:25:22.724,10902,10903,10903,11,11
2019-09-24 16:25:22.756,10902,10903,10903,20,20
2019-09-24 16:25:22.881,10902,10903,10903,11,11
2019-09-24 16:25:22.881,10902,10903,10903,5,5
2019-09-24 16:25:28.725,10903,10904,10903,1,-1
2019-09-24 16:25:28.889,10903,10904,10903,1,-1
2019-09-24 16:25:29.807,10903,10904,10903,5,-5
2019-09-24 16:25:37.865,10903,10904,10904,1,1
2019-09-24 16:25:37.881,10903,10905,10904,1,-1
2019-09-24 16:25:38.006,10904,10905,10904,1,-1
2019-09-24 16:25:38.337,10904,10905,10904,1,-1
2019-09-24 16:25:38.381,10904,10905,10904,1,-1
2019-09-24 16:25:39.054,10904,10905,10904,4,-4
2019-09-24 16:25:39.054,10904,10905,10903,1,-1
2019-09-24 16:25:42.134,10903,10904,10903,12,-12
2019-09-24 16:25:42.134,10903,10904,10902,61,-61
2019-09-24 16:25:42.216,10903,10904,10903,3,3
2019-09-24 16:25:42.256,10902,10903,10902,9,-9
2019-09-24 16:25:42.256,10902,10903,10902,2,-2
2019-09-24 16:25:42.381,10901,10903,10901,1,-1
2019-09-24 16:25:42.506,10901,10902,10902,2,2
2019-09-24 16:25:42.549,10901,10902,10901,5,-5
2019-09-24 16:25:42.554,10901,10902,10901,5,-5
2019-09-24 16:25:44.093,10901,10902,10902,6,6
2019-09-24 16:25:49.844,10902,10903,10902,20,-20
2019-09-24 16:25:49.881,10901,10902,10902,4,4
2019-09-24 16:25:50.876,10902,10903,10902,7,-7
2019-09-24 16:25:53.363,10902,10903,10902,8,-8
2019-09-24 16:25:53.381,10901,10902,10902,2,2
2019-09-24 16:25:55.442,10902,10903,10902,2,-2
2019-09-24 16:25:55.457,10902,10903,10902,1,-1
2019-09-24 16:25:56.104,10902,10903,10903,4,4
2019-09-24 16:25:56.104,10902,10903,10903,1,1
2019-09-24 16:25:56.196,10902,10903,10903,3,3
2019-09-24 16:25:56.196,10902,10903,10903,3,3
2019-09-24 16:25:59.659,10903,10904,10903,1,-1
2019-09-24 16:26:13.657,10903,10904,10903,1,-1
2019-09-24 16:26:14.577,10903,10904,10903,1,-1
2019-09-24 16:26:14.961,10903,10904,10903,1,-1
2019-09-24 16:26:30.498,10903,10904,10903,1,-1
2019-09-24 16:26:31.577,10903,10904,10903,1,-1
2019-09-24 16:26:40.971,10903,10904,10903,1,-1
2019-09-24 16:27:10.467,10903,10904,10904,1,1
2019-09-24 16:27:20.651,10903,10904,10904,2,2
2019-09-24 16:27:23.447,10903,10904,10904,2,2
2019-09-24 16:29:02.359,10903,10904,10903,1,-1
2019-09-24 16:29:26.972,10903,10904,10904,1,1
2019-09-24 16:32:20.063,10903,10904,10903,1,-1
2019-09-24 16:32:22.115,10903,10904,10903,2,-2
2019-09-24 16:32:49.974,10903,10904,10903,1,-1
2019-09-24 16:33:02.808,10903,10904,10903,2,-2
2019-09-24 16:33:05.539,10903,10904,10903,1,-1
2019-09-24 16:33:28.847,10903,10904,10903,1,-1
2019-09-24 16:33:51.104,10902,10903,10903,1,1
2019-09-24 16:33:51.104,10902,10903,10904,5,5
2019-09-24 16:34:00.215,10903,10904,10903,2,-2
2019-09-24 16:34:08.973,10903,10904,10903,2,-2
2019-09-24 16:34:33.083,10902,10903,10902,2,-2
2019-09-24 16:34:39.537,10902,10903,10903,1,1
2019-09-24 16:35:03.035,10902,10903,10902,1,-1
2019-09-24 16:35:24.284,10902,10903,10902,1,-1
2019-09-24 16:35:27.431,10902,10903,10902,2,-2
2019-09-24 16:35:55.385,10902,10903,10902,1,-1
2019-09-24 16:35:55.936,10902,10903,10902,1,-1
2019-09-24 16:36:13.853,10902,10903,10902,1,-1
2019-09-24 16:37:27.522,10902,10903,10902,1,-1
2019-09-24 16:37:30.456,10902,10903,10902,1,-1
2019-09-24 16:37:49.311,10902,10903,10902,2,-2
2019-09-24 16:38:20.868,10902,10903,10903,5,5
2019-09-24 16:38:21.544,10902,10903,10903,5,5
2019-09-24 16:38:31.208,10902,10903,10903,1,1
2019-09-24 16:38:51.265,10903,10904,10903,5,-5
2019-09-24 16:39:03.198,10903,10904,10903,1,-1
2019-09-24 16:39:12.456,10902,10903,10903,1,1
2019-09-24 16:39:17.302,10902,10903,10903,8,8
2019-09-24 16:39:21.195,10903,10904,10904,1,1
2019-09-24 16:39:39.751,10903,10904,10904,1,1
2019-09-24 16:39:49.872,10903,10904,10904,1,1
2019-09-24 16:39:53.306,10903,10904,10903,1,-1
2019-09-24 16:40:09.097,10902,10903,10903,1,1
2019-09-24 16:41:07.363,10902,10903,10903,2,2
2019-09-24 16:42:14.558,10903,10904,10903,1,-1
2019-09-24 16:42:26.966,10903,10904,10903,1,-1
2019-09-24 16:43:14.431,10903,10904,10903,3,-3
2019-09-24 16:43:51.880,10903,10904,10903,1,-1
2019-09-24 16:44:53.985,10903,10904,10903,1,-1
2019-09-24 16:44:54.931,10903,10904,10903,1,-1
2019-09-24 16:45:04.488,10903,10904,10904,6,6
2019-09-24 16:45:31.266,10904,10905,10904,1,-1
2019-09-24 16:45:34.915,10903,10904,10904,1,1
2019-09-24 16:45:46.871,10903,10904,10903,1,-1
2019-09-24 16:45:47.584,10903,10904,10903,1,-1
2019-09-24 16:46:18.031,10903,10904,10903,1,-1
2019-09-24 16:48:54.881,10903,10904,10904,2,2
2019-09-24 16:48:54.881,10903,10904,10904,2,2
2019-09-24 16:48:55.005,10903,10904,10904,3,3
2019-09-24 16:48:55.006,10903,10904,10904,4,4
2019-09-24 16:48:55.360,10904,10905,10904,1,-1
2019-09-24 16:50:39.424,10904,10905,10904,1,-1
2019-09-24 16:52:49.803,10904,10905,10904,1,-1
2019-09-24 16:52:52.937,10904,10905,10904,1,-1
2019-09-24 16:52:53.632,10904,10905,10904,1,-1
2019-09-24 16:52:56.229,10904,10905,10905,2,2
2019-09-24 16:53:10.208,10904,10905,10905,1,1
2019-09-24 16:53:16.165,10904,10905,10905,4,4
2019-09-24 16:53:26.469,10904,10905,10905,6,6
2019-09-24 16:53:52.103,10904,10905,10905,1,1
2019-09-24 16:53:53.156,10904,10905,10905,4,4
2019-09-24 16:54:06.071,10904,10905,10905,1,1
2019-09-24 16:54:55.768,10904,10905,10905,12,12
2019-09-24 16:55:01.673,10904,10905,10905,7,7
2019-09-24 16:55:01.756,10905,10906,10905,3,-3
2019-09-24 16:55:31.679,10904,10905,10905,1,1
2019-09-24 16:55:38.291,10904,10905,10905,1,1
2019-09-24 16:55:59.489,10904,10905,10905,1,1
2019-09-24 16:56:05.177,10904,10905,10905,1,1
2019-09-24 16:56:14.594,10904,10905,10904,1,-1
2019-09-24 16:56:16.426,10904,10905,10905,1,1
2019-09-24 16:56:21.311,10904,10905,10905,1,1
2019-09-24 16:56:50.387,10904,10906,10905,1,-1
2019-09-24 16:57:15.518,10904,10906,10904,1,-1
2019-09-24 16:57:18.695,10904,10906,10904,1,-1
2019-09-24 16:58:32.739,10904,10905,10904,2,-2
2019-09-24 16:59:28.582,10904,10905,10904,1,-1
2019-09-24 16:59:29.250,10904,10905,10904,1,-1
2019-09-24 16:59:59.517,10904,10905,10904,2,-2
2019-09-24 17:01:14.970,10904,10905,10905,1,1
2019-09-24 17:01:25.411,10904,10905,10905,1,1
2019-09-24 17:02:39.191,10904,10905,10905,2,2
2019-09-24 17:03:18.806,10904,10905,10905,1,1
2019-09-24 17:03:26.112,10904,10905,10905,1,1
2019-09-24 17:03:46.200,10904,10905,10905,1,1
2019-09-24 17:03:51.620,10904,10905,10905,5,5
2019-09-24 17:04:38.978,10904,10905,10905,1,1
2019-09-24 17:04:39.166,10904,10905,10905,1,1
2019-09-24 17:05:12.370,10904,10905,10905,1,1
2019-09-24 17:05:17.057,10904,10905,10905,1,1
2019-09-24 17:06:14.116,10904,10905,10905,1,1
2019-09-24 17:06:39.961,10904,10905,10905,1,1
2019-09-24 17:07:16.794,10904,10905,10905,1,1
2019-09-24 17:08:07.798,10904,10905,10905,1,1
2019-09-24 17:08:32.801,10904,10905,10905,1,1
2019-09-24 17:08:50.519,10904,10905,10905,1,1
2019-09-24 17:09:32.962,10904,10905,10905,1,1
2019-09-24 17:11:56.788,10904,10905,10905,1,1
2019-09-24 17:12:20.241,10904,10905,10905,1,1
2019-09-24 17:12:30.093,10904,10905,10905,1,1
2019-09-24 17:12:31.740,10904,10905,10905,6,6
2019-09-24 17:13:27.564,10904,10905,10905,1,1
2019-09-24 17:13:28.421,10904,10905,10905,3,3
2019-09-24 17:13:53.268,10904,10905,10905,21,21
2019-09-24 17:13:55.780,10905,10906,10905,5,-5
2019-09-24 17:14:04.255,10905,10906,10905,5,-5
2019-09-24 17:14:09.040,10905,10906,10905,1,-1
2019-09-24 17:14:09.132,10904,10905,10905,4,4
2019-09-24 17:14:10.318,10904,10906,10905,1,-1
2019-09-24 17:14:14.186,10905,10906,10905,3,-3
2019-09-24 17:14:14.257,10904,10905,10905,2,2
2019-09-24 17:14:16.266,10904,10906,10906,3,3
2019-09-24 17:14:19.828,10905,10906,10905,5,-5
2019-09-24 17:14:30.665,10905,10906,10905,1,-1
2019-09-24 17:14:58.776,10905,10906,10906,20,20
2019-09-24 17:14:58.882,10905,10906,10906,1,1
2019-09-24 17:15:34.783,10906,10907,10907,30,30
2019-09-24 17:15:49.390,10906,10907,10907,1,1
2019-09-24 17:16:02.170,10906,10907,10907,1,1
2019-09-24 17:16:09.558,10906,10907,10906,5,-5
2019-09-24 17:16:22.810,10906,10907,10906,2,-2
2019-09-24 17:16:23.043,10906,10907,10906,2,-2
2019-09-24 17:16:24.124,10906,10907,10906,2,-2
2019-09-24 17:16:24.358,10906,10907,10906,2,-2
2019-09-24 17:16:28.667,10905,10906,10906,3,3
2019-09-24 17:16:36.380,10905,10906,10906,2,2
2019-09-24 17:16:57.130,10905,10906,10906,1,1
2019-09-24 17:17:28.379,10905,10906,10905,1,-1
2019-09-24 17:17:44.864,10905,10906,10905,1,-1
2019-09-24 17:18:03.763,10905,10906,10906,2,2
2019-09-24 17:18:19.438,10905,10906,10905,4,-4
2019-09-24 17:18:53.494,10905,10906,10905,2,-2
2019-09-24 17:18:53.506,10905,10906,10905,1,-1
2019-09-24 17:18:53.679,10905,10906,10905,1,-1
2019-09-24 17:18:53.679,10905,10906,10905,1,-1
2019-09-24 17:18:55.137,10904,10905,10905,1,1
2019-09-24 17:19:46.233,10905,10906,10906,1,1
2019-09-24 17:21:58.778,10906,10907,10907,6,6
2019-09-24 17:22:05.356,10906,10907,10907,4,4
2019-09-24 17:22:05.510,10906,10907,10907,2,2
2019-09-24 17:22:09.347,10906,10907,10907,1,1
2019-09-24 17:22:09.348,10906,10907,10907,1,1
2019-09-24 17:22:09.381,10906,10907,10907,1,1
2019-09-24 17:22:09.381,10906,10907,10907,1,1
2019-09-24 17:22:09.381,10906,10907,10907,1,1
2019-09-24 17:22:09.506,10906,10907,10907,1,1
2019-09-24 17:22:10.131,10906,10907,10907,2,2
2019-09-24 17:22:10.257,10906,10907,10907,8,8
2019-09-24 17:22:13.568,10907,10908,10907,6,-6
2019-09-24 17:22:40.408,10907,10908,10907,8,-8
2019-09-24 17:22:46.578,10907,10908,10907,1,-1
2019-09-24 17:23:20.967,10907,10908,10908,1,1
2019-09-24 17:23:21.393,10907,10908,10908,1,1
2019-09-24 17:23:21.393,10907,10908,10908,2,2
2019-09-24 17:23:21.528,10907,10908,10908,2,2
2019-09-24 17:23:21.643,10907,10908,10908,1,1
2019-09-24 17:23:21.645,10907,10908,10908,2,2
2019-09-24 17:23:21.721,10907,10908,10908,1,1
2019-09-24 17:23:21.722,10907,10908,10908,1,1
2019-09-24 17:23:21.724,10907,10908,10908,1,1
2019-09-24 17:23:21.736,10907,10908,10908,1,1
2019-09-24 17:23:21.844,10907,10908,10908,3,3
2019-09-24 17:23:21.876,10907,10908,10908,3,3
2019-09-24 17:23:21.887,10907,10908,10908,1,1
2019-09-24 17:23:21.938,10907,10908,10908,1,1
2019-09-24 17:23:26.569,10907,10908,10908,1,1
2019-09-24 17:23:38.820,10907,10908,10908,1,1
2019-09-24 17:23:40.990,10907,10908,10908,2,2
2019-09-24 17:24:22.406,10907,10908,10907,1,-1
2019-09-24 17:24:24.114,10907,10908,10908,2,2
2019-09-24 17:25:00.479,10907,10908,10907,2,-2
2019-09-24 17:25:07.853,10907,10908,10907,4,-4
2019-09-24 17:25:07.881,10907,10908,10907,11,-11
2019-09-24 17:25:11.922,10906,10907,10907,3,3
2019-09-24 17:25:39.989,10906,10907,10906,1,-1
2019-09-24 17:25:56.413,10906,10907,10906,1,-1
2019-09-24 17:26:05.871,10906,10907,10906,2,-2
2019-09-24 17:26:46.567,10906,10907,10906,3,-3
2019-09-24 17:27:52.509,10906,10907,10906,5,-5
2019-09-24 17:27:54.319,10906,10907,10906,2,-2
2019-09-24 17:27:54.559,10906,10907,10906,2,-2
2019-09-24 17:28:18.990,10905,10906,10906,1,1
2019-09-24 17:28:19.891,10905,10906,10906,1,1
2019-09-24 17:29:01.900,10905,10906,10906,2,2
2019-09-24 17:30:04.333,10905,10906,10906,6,6
2019-09-24 17:30:04.333,10905,10906,10906,1,1
2019-09-24 17:30:04.572,10906,10907,10906,2,-2
2019-09-24 17:30:20.368,10906,10907,10906,2,-2
2019-09-24 17:30:20.603,10906,10907,10906,1,-1
2019-09-24 17:30:24.929,10905,10906,10906,1,1
2019-09-24 17:30:24.929,10905,10906,10907,1,1
2019-09-24 17:30:40.858,10906,10907,10907,1,1
2019-09-24 17:31:15.421,10906,10907,10907,2,2
2019-09-24 17:31:27.719,10906,10907,10907,5,5
2019-09-24 17:34:28.015,10906,10907,10906,1,-1
2019-09-24 17:34:28.345,10906,10907,10906,1,-1
2019-09-24 17:34:28.346,10906,10907,10906,1,-1
2019-09-24 17:34:53.926,10906,10907,10906,1,-1
2019-09-24 17:35:02.781,10905,10906,10906,2,2
2019-09-24 17:35:44.103,10906,10907,10906,2,-2
2019-09-24 17:35:57.631,10905,10906,10906,1,1
2019-09-24 17:35:57.881,10905,10906,10906,1,1
2019-09-24 17:35:58.131,10905,10906,10906,1,1
2019-09-24 17:35:59.381,10905,10906,10906,1,1
2019-09-24 17:35:59.631,10905,10906,10906,1,1
2019-09-24 17:35:59.881,10905,10906,10906,1,1
2019-09-24 17:36:00.131,10905,10906,10906,1,1
2019-09-24 17:36:07.306,10905,10907,10905,9,-9
2019-09-24 17:36:07.506,10905,10906,10906,4,4
2019-09-24 17:36:32.604,10906,10907,10906,1,-1
2019-09-24 17:36:48.630,10906,10907,10906,1,-1
2019-09-24 17:38:07.756,10905,10906,10906,2,2
2019-09-24 17:38:35.365,10906,10907,10906,1,-1
2019-09-24 17:39:37.971,10906,10907,10906,1,-1
2019-09-24 17:39:41.377,10906,10907,10907,15,15
2019-09-24 17:39:41.381,10906,10907,10907,1,1
2019-09-24 17:39:41.446,10906,10907,10906,1,-1
2019-09-24 17:39:59.296,10906,10907,10906,1,-1
2019-09-24 17:41:08.963,10905,10906,10905,1,-1
2019-09-24 17:41:20.087,10905,10906,10906,2,2
2019-09-24 17:41:20.395,10905,10906,10906,1,1
2019-09-24 17:41:55.132,10906,10907,10906,1,-1
2019-09-24 17:42:17.516,10906,10907,10906,3,-3
2019-09-24 17:42:18.707,10906,10907,10906,2,-2
2019-09-24 17:42:26.598,10906,10907,10907,5,5
2019-09-24 17:42:49.423,10906,10907,10906,5,-5
2019-09-24 17:42:49.506,10906,10907,10906,1,-1
2019-09-24 17:42:49.506,10906,10907,10906,1,-1
2019-09-24 17:42:56.418,10906,10907,10906,5,-5
2019-09-24 17:43:35.595,10906,10907,10906,3,-3
2019-09-24 17:45:51.860,10905,10906,10906,5,5
2019-09-24 17:45:51.927,10905,10906,10906,3,3
2019-09-24 17:46:04.862,10906,10907,10906,5,-5
2019-09-24 17:46:16.437,10906,10907,10907,7,7
2019-09-24 17:46:16.441,10906,10907,10908,1,1
2019-09-24 17:46:38.323,10906,10907,10907,1,1
2019-09-24 17:46:52.343,10907,10908,10907,1,-1
2019-09-24 17:46:52.344,10907,10908,10907,1,-1
2019-09-24 17:47:57.760,10906,10907,10907,1,1
2019-09-24 17:47:57.761,10906,10907,10907,2,2
2019-09-24 17:47:58.007,10906,10907,10907,2,2
2019-09-24 17:47:58.214,10906,10907,10907,1,1
2019-09-24 17:47:58.214,10906,10907,10908,1,1
2019-09-24 17:47:58.283,10906,10908,10908,1,1
2019-09-24 17:47:58.283,10906,10908,10908,1,1
2019-09-24 17:47:58.284,10906,10908,10908,1,1
2019-09-24 17:47:58.384,10906,10908,10908,1,1
2019-09-24 17:48:04.628,10907,10908,10907,1,-1
2019-09-24 17:48:09.077,10907,10908,10907,2,-2
2019-09-24 17:48:09.158,10907,10908,10907,2,-2
2019-09-24 17:48:09.268,10906,10908,10907,1,-1
2019-09-24 17:48:26.275,10907,10908,10907,2,-2
2019-09-24 17:48:34.911,10907,10908,10907,1,-1
2019-09-24 17:48:35.055,10906,10907,10907,1,1
2019-09-24 17:49:04.297,10906,10907,10907,1,1
2019-09-24 17:49:07.527,10906,10907,10907,1,1
2019-09-24 17:49:10.748,10907,10908,10907,1,-1
2019-09-24 17:49:49.636,10906,10907,10907,5,5
2019-09-24 17:50:10.443,10906,10907,10907,2,2
2019-09-24 17:51:06.227,10906,10907,10907,2,2
2019-09-24 17:51:12.945,10906,10908,10908,1,1
2019-09-24 17:51:35.996,10906,10907,10907,1,1
2019-09-24 17:51:38.136,10906,10908,10908,2,2
2019-09-24 17:52:14.575,10907,10908,10908,3,3
2019-09-24 17:52:31.794,10907,10908,10908,1,1
2019-09-24 17:53:44.390,10907,10908,10907,5,-5
2019-09-24 17:54:00.484,10907,10908,10907,1,-1
2019-09-24 17:54:19.316,10907,10908,10907,1,-1
2019-09-24 17:56:15.992,10907,10908,10907,5,-5
2019-09-24 17:56:16.168,10907,10908,10907,5,-5
2019-09-24 17:56:27.307,10907,10908,10907,1,-1
2019-09-24 17:56:32.177,10907,10908,10908,1,1
2019-09-24 17:56:47.835,10907,10908,10907,2,-2
2019-09-24 17:56:56.879,10906,10907,10907,1,1
2019-09-24 17:58:43.083,10906,10907,10906,1,-1
2019-09-24 17:58:43.523,10906,10907,10906,1,-1
2019-09-24 17:59:32.172,10906,10907,10907,1,1
2019-09-24 17:59:32.375,10906,10907,10907,1,1
2019-09-24 17:59:44.890,10906,10907,10906,1,-1
2019-09-24 17:59:46.437,10906,10907,10907,1,1
2019-09-24 17:59:51.584,10906,10907,10906,1,-1
2019-09-24 17:59:55.904,10906,10907,10907,1,1
2019-09-24 18:00:16.279,10906,10907,10906,14,-14
2019-09-24 18:00:16.986,10905,10906,10905,2,-2
2019-09-24 18:00:30.079,10905,10906,10906,5,5
2019-09-24 18:00:30.329,10905,10906,10906,5,5
2019-09-24 18:00:30.572,10905,10906,10906,1,1
2019-09-24 18:03:02.299,10905,10906,10905,1,-1
2019-09-24 18:03:07.699,10905,10906,10905,1,-1
2019-09-24 18:03:12.505,10905,10906,10905,1,-1
2019-09-24 18:03:12.506,10905,10906,10905,1,-1
2019-09-24 18:03:28.438,10905,10906,10905,13,-13
2019-09-24 18:03:28.488,10905,10906,10906,10,10
2019-09-24 18:03:28.506,10905,10906,10905,1,-1
2019-09-24 18:03:28.506,10905,10906,10906,10,10
2019-09-24 18:03:32.043,10905,10906,10905,1,-1
2019-09-24 18:04:02.678,10905,10906,10905,4,-4
2019-09-24 18:04:06.669,10905,10906,10905,1,-1
2019-09-24 18:04:06.838,10905,10906,10905,2,-2
2019-09-24 18:04:14.091,10904,10905,10905,1,1
2019-09-24 18:04:14.418,10905,10906,10905,1,-1
2019-09-24 18:04:34.676,10905,10906,10905,1,-1
2019-09-24 18:04:46.666,10905,10906,10905,3,-3
2019-09-24 18:04:46.671,10905,10906,10905,1,-1
2019-09-24 18:04:59.525,10904,10905,10905,2,2
2019-09-24 18:05:00.552,10904,10905,10905,4,4
2019-09-24 18:05:04.179,10904,10905,10905,2,2
2019-09-24 18:05:04.181,10904,10905,10905,2,2
2019-09-24 18:05:04.182,10904,10905,10905,1,1
2019-09-24 18:05:23.085,10905,10906,10906,1,1
2019-09-24 18:05:33.256,10905,10906,10905,1,-1
2019-09-24 18:05:33.381,10905,10906,10905,2,-2
2019-09-24 18:05:40.576,10905,10906,10905,1,-1
2019-09-24 18:05:50.912,10904,10906,10904,1,-1
2019-09-24 18:05:51.039,10904,10906,10904,4,-4
2019-09-24 18:05:51.263,10904,10906,10904,2,-2
2019-09-24 18:05:51.820,10904,10906,10904,1,-1
2019-09-24 18:05:51.910,10904,10906,10904,1,-1
2019-09-24 18:05:51.910,10904,10906,10904,1,-1
2019-09-24 18:05:51.911,10904,10906,10904,1,-1
2019-09-24 18:05:52.010,10904,10906,10904,1,-1
2019-09-24 18:05:57.053,10905,10906,10905,1,1
2019-09-24 18:06:43.553,10905,10906,10905,2,-2
2019-09-24 18:06:53.710,10905,10906,10905,2,-2
2019-09-24 18:08:34.340,10905,10906,10906,3,3
2019-09-24 18:10:19.694,10905,10906,10906,1,1
2019-09-24 18:10:36.322,10905,10906,10905,2,-2
2019-09-24 18:10:36.642,10905,10906,10905,2,-2
2019-09-24 18:10:37.130,10905,10906,10905,2,-2
2019-09-24 18:10:37.940,10905,10906,10905,2,-2
2019-09-24 18:10:38.428,10905,10906,10905,3,-3
2019-09-24 18:10:38.450,10905,10906,10905,2,-2
2019-09-24 18:10:39.612,10905,10906,10905,1,-1
2019-09-24 18:10:39.621,10905,10906,10905,1,-1
2019-09-24 18:10:39.621,10905,10906,10905,1,-1
2019-09-24 18:10:39.621,10905,10906,10905,2,-2
2019-09-24 18:10:39.621,10905,10906,10905,4,-4
2019-09-24 18:10:47.393,10904,10905,10905,1,1
2019-09-24 18:11:14.263,10904,10905,10904,1,-1
2019-09-24 18:11:23.491,10904,10905,10904,1,-1
2019-09-24 18:11:23.593,10904,10905,10904,1,-1
2019-09-24 18:11:23.941,10904,10905,10904,2,-2
2019-09-24 18:11:24.836,10904,10905,10904,2,-2
2019-09-24 18:11:24.987,10904,10905,10904,2,-2
2019-09-24 18:11:27.373,10904,10905,10904,1,-1
2019-09-24 18:11:40.352,10904,10905,10904,4,-4
2019-09-24 18:11:48.431,10904,10905,10904,3,-3
2019-09-24 18:12:05.993,10904,10905,10904,11,-11
2019-09-24 18:12:11.801,10904,10905,10904,1,-1
2019-09-24 18:12:15.641,10904,10905,10904,1,-1
2019-09-24 18:12:32.881,10904,10905,10905,1,1
2019-09-24 18:12:43.015,10904,10905,10904,4,-4
2019-09-24 18:12:43.685,10904,10905,10904,8,-8
2019-09-24 18:12:43.835,10904,10905,10904,2,-2
2019-09-24 18:12:44.367,10904,10905,10904,2,-2
2019-09-24 18:12:45.281,10904,10905,10905,4,4
2019-09-24 18:12:45.685,10904,10905,10904,2,-2
2019-09-24 18:13:09.371,10904,10905,10904,2,-2
2019-09-24 18:13:43.526,10904,10905,10904,1,-1
2019-09-24 18:14:02.875,10904,10905,10904,1,-1
2019-09-24 18:14:03.707,10904,10905,10904,2,-2
2019-09-24 18:14:05.685,10904,10905,10904,2,-2
2019-09-24 18:14:05.830,10904,10905,10904,2,-2
2019-09-24 18:14:06.651,10904,10905,10904,2,-2
2019-09-24 18:14:07.965,10903,10904,10903,3,-3
2019-09-24 18:14:08.058,10903,10904,10903,1,-1
2019-09-24 18:14:23.910,10903,10904,10903,1,-1
2019-09-24 18:14:39.575,10903,10904,10903,1,-1
2019-09-24 18:14:51.605,10903,10904,10903,1,-1
2019-09-24 18:15:17.810,10903,10904,10904,1,1
2019-09-24 18:15:18.295,10903,10904,10903,1,-1
2019-09-24 18:15:22.272,10903,10904,10903,4,-4
2019-09-24 18:15:37.195,10903,10904,10903,1,-1
2019-09-24 18:16:05.490,10903,10904,10904,7,7
2019-09-24 18:16:16.559,10903,10904,10903,1,-1
2019-09-24 18:18:16.309,10903,10904,10904,10,10
2019-09-24 18:19:00.510,10903,10904,10903,2,-2
2019-09-24 18:19:00.993,10903,10904,10903,2,-2
2019-09-24 18:19:01.561,10903,10904,10903,2,-2
2019-09-24 18:19:01.745,10903,10904,10903,2,-2
2019-09-24 18:19:01.913,10903,10904,10903,2,-2
2019-09-24 18:19:05.865,10903,10904,10903,2,-2
2019-09-24 18:19:07.929,10903,10904,10903,2,-2
2019-09-24 18:19:09.137,10903,10904,10903,2,-2
2019-09-24 18:19:10.687,10903,10904,10903,2,-2
2019-09-24 18:19:39.801,10903,10904,10903,2,-2
2019-09-24 18:19:42.481,10903,10904,10903,2,-2
2019-09-24 18:20:10.587,10903,10904,10903,1,-1
2019-09-24 18:20:21.123,10903,10904,10903,2,-2
2019-09-24 18:20:39.593,10903,10904,10903,2,-2
2019-09-24 18:20:39.928,10903,10904,10903,2,-2
2019-09-24 18:20:53.789,10903,10904,10903,2,-2
2019-09-24 18:20:57.629,10903,10904,10903,2,-2
2019-09-24 18:20:59.261,10903,10904,10903,1,-1
2019-09-24 18:21:14.001,10903,10904,10903,1,-1
2019-09-24 18:21:14.006,10903,10904,10903,5,-5
2019-09-24 18:21:14.131,10903,10904,10903,5,-5
2019-09-24 18:21:14.131,10903,10904,10903,1,-1
2019-09-24 18:21:14.131,10903,10904,10903,2,-2
2019-09-24 18:21:14.131,10903,10904,10903,1,-1
2019-09-24 18:21:14.131,10903,10904,10903,1,-1
2019-09-24 18:21:15.031,10902,10903,10902,8,-8
2019-09-24 18:21:34.618,10902,10903,10902,2,-2
2019-09-24 18:21:35.040,10902,10903,10902,2,-2
2019-09-24 18:22:00.920,10902,10903,10902,2,-2
2019-09-24 18:22:01.952,10902,10903,10902,2,-2
2019-09-24 18:22:08.412,10902,10903,10902,4,-4
2019-09-24 18:23:20.805,10902,10903,10902,2,-2
2019-09-24 18:23:21.270,10902,10903,10902,2,-2
2019-09-24 18:24:17.034,10902,10903,10902,1,-1
2019-09-24 18:24:20.407,10902,10903,10903,1,1
2019-09-24 18:24:26.240,10902,10903,10903,1,1
2019-09-24 18:24:30.228,10902,10903,10903,4,4
2019-09-24 18:24:39.851,10902,10903,10903,1,1
2019-09-24 18:24:47.119,10902,10903,10903,5,5
2019-09-24 18:24:47.131,10902,10903,10903,2,2
2019-09-24 18:24:58.529,10902,10903,10903,1,1
2019-09-24 18:25:02.221,10902,10903,10903,1,1
2019-09-24 18:25:33.184,10902,10903,10903,1,1
2019-09-24 18:25:54.433,10902,10903,10903,1,1
2019-09-24 18:26:50.794,10902,10903,10902,42,-42
2019-09-24 18:26:51.305,10902,10903,10902,4,-4
2019-09-24 18:26:52.057,10902,10903,10902,1,-1
2019-09-24 18:26:55.932,10902,10903,10902,7,-7
2019-09-24 18:27:00.932,10902,10903,10902,3,-3
2019-09-24 18:27:10.262,10902,10903,10902,3,-3
2019-09-24 18:27:12.525,10902,10903,10902,1,-1
2019-09-24 18:27:37.814,10902,10903,10902,1,-1
2019-09-24 18:27:38.558,10902,10903,10902,2,-2
2019-09-24 18:27:40.990,10902,10903,10902,1,-1
2019-09-24 18:29:07.004,10902,10903,10902,2,-2
2019-09-24 18:29:07.034,10902,10903,10902,1,-1
2019-09-24 18:29:27.601,10902,10903,10902,9,-9
2019-09-24 18:29:27.631,10902,10903,10902,1,-1
2019-09-24 18:29:27.631,10902,10903,10902,2,-2
2019-09-24 18:29:30.458,10902,10903,10902,1,-1
2019-09-24 18:29:31.750,10902,10903,10902,1,-1
2019-09-24 18:29:32.870,10901,10902,10902,1,1
2019-09-24 18:30:05.022,10901,10902,10902,1,1
2019-09-24 18:30:06.189,10901,10902,10901,1,-1
2019-09-24 18:30:06.311,10901,10902,10901,2,-2
2019-09-24 18:30:06.333,10901,10902,10901,1,-1
2019-09-24 18:30:06.353,10901,10902,10901,1,-1
2019-09-24 18:30:06.416,10901,10902,10901,2,-2
2019-09-24 18:30:06.481,10901,10902,10901,2,-2
2019-09-24 18:30:06.491,10901,10902,10901,2,-2
2019-09-24 18:30:06.538,10901,10902,10901,1,-1
2019-09-24 18:30:06.544,10901,10902,10901,2,-2
2019-09-24 18:30:06.607,10901,10902,10901,2,-2
2019-09-24 18:30:06.785,10901,10902,10901,3,-3
2019-09-24 18:30:06.893,10901,10902,10901,1,-1
2019-09-24 18:30:06.911,10901,10902,10901,2,-2
2019-09-24 18:30:06.936,10901,10902,10901,2,-2
2019-09-24 18:30:07.002,10901,10902,10901,2,-2
2019-09-24 18:30:07.298,10901,10902,10901,1,-1
2019-09-24 18:30:07.380,10901,10902,10901,1,-1
2019-09-24 18:30:08.178,10901,10902,10901,1,-1
2019-09-24 18:30:08.180,10901,10902,10901,1,-1
2019-09-24 18:30:09.377,10901,10902,10901,1,-1
2019-09-24 18:30:09.574,10901,10902,10901,1,-1
2019-09-24 18:30:09.979,10901,10902,10902,2,2
2019-09-24 18:30:12.242,10901,10902,10901,2,-2
2019-09-24 18:30:40.131,10901,10902,10901,2,-2
2019-09-24 18:30:40.296,10901,10902,10901,2,-2
2019-09-24 18:32:21.385,10901,10902,10901,1,-1
2019-09-24 18:32:40.700,10901,10902,10901,1,-1
2019-09-24 18:32:59.478,10901,10902,10901,1,-1
2019-09-24 18:33:20.341,10901,10902,10902,1,1
2019-09-24 18:33:47.145,10901,10902,10902,1,1
2019-09-24 18:33:52.037,10901,10902,10901,1,-1
2019-09-24 18:33:57.119,10901,10902,10901,1,-1
2019-09-24 18:34:24.323,10901,10902,10902,3,3
2019-09-24 18:34:31.410,10901,10902,10901,1,-1
2019-09-24 18:34:50.935,10901,10902,10902,1,1
2019-09-24 18:34:57.954,10901,10902,10902,2,2
2019-09-24 18:35:03.780,10901,10902,10901,1,-1
2019-09-24 18:35:05.327,10901,10902,10901,4,-4
2019-09-24 18:35:08.296,10901,10902,10902,1,1
2019-09-24 18:35:23.704,10901,10902,10902,1,1
2019-09-24 18:35:56.411,10901,10902,10902,1,1
2019-09-24 18:36:15.230,10901,10902,10902,1,1
2019-09-24 18:36:49.899,10901,10902,10902,1,1
2019-09-24 18:36:58.924,10901,10902,10902,1,1
2019-09-24 18:36:59.340,10901,10902,10902,1,1
2019-09-24 18:37:00.325,10901,10902,10902,3,3
2019-09-24 18:37:00.325,10901,10902,10902,2,2
2019-09-24 18:37:00.325,10901,10902,10902,4,4
2019-09-24 18:37:00.393,10902,10903,10902,3,-3
2019-09-24 18:37:00.562,10902,10903,10902,1,-1
2019-09-24 18:37:09.516,10902,10903,10902,2,-2
2019-09-24 18:37:14.865,10902,10903,10903,1,1
2019-09-24 18:37:29.299,10902,10903,10903,1,1
2019-09-24 18:37:34.555,10902,10903,10902,1,-1
2019-09-24 18:37:37.402,10902,10903,10902,2,-2
2019-09-24 18:37:53.025,10902,10903,10902,1,-1
2019-09-24 18:39:00.470,10902,10903,10902,5,-5
2019-09-24 18:39:07.194,10902,10903,10902,2,-2
2019-09-24 18:39:07.702,10902,10903,10902,2,-2
2019-09-24 18:39:08.521,10902,10903,10902,2,-2
2019-09-24 18:39:10.481,10902,10903,10903,1,1
2019-09-24 18:39:11.247,10902,10903,10902,1,-1
2019-09-24 18:39:14.856,10902,10903,10903,1,1
2019-09-24 18:39:17.158,10902,10903,10902,1,-1
2019-09-24 18:39:17.653,10902,10903,10902,2,-2
2019-09-24 18:39:29.079,10902,10903,10902,1,-1
2019-09-24 18:39:54.845,10901,10902,10902,1,1
2019-09-24 18:40:07.527,10902,10903,10902,1,-1
2019-09-24 18:40:07.527,10902,10903,10901,1,-1
2019-09-24 18:40:07.633,10901,10903,10901,1,-1
2019-09-24 18:40:07.633,10901,10903,10901,1,-1
2019-09-24 18:40:07.634,10901,10903,10901,1,-1
2019-09-24 18:40:08.011,10901,10903,10901,4,-4
2019-09-24 18:40:08.021,10901,10903,10901,6,-6
2019-09-24 18:40:08.206,10901,10903,10901,1,-1
2019-09-24 18:40:08.287,10901,10902,10901,2,-2
2019-09-24 18:40:08.288,10901,10902,10901,1,-1
2019-09-24 18:40:08.361,10901,10902,10901,2,-2
2019-09-24 18:40:08.374,10901,10902,10901,2,-2
2019-09-24 18:40:08.388,10901,10903,10901,2,-2
2019-09-24 18:40:08.390,10901,10903,10901,2,-2
2019-09-24 18:40:08.475,10901,10903,10901,6,-6
2019-09-24 18:40:08.497,10901,10903,10901,2,-2
2019-09-24 18:40:08.557,10901,10902,10901,4,-4
2019-09-24 18:40:20.495,10901,10902,10902,1,1
2019-09-24 18:40:26.558,10901,10902,10902,1,1
2019-09-24 18:40:44.336,10901,10902,10902,1,1
2019-09-24 18:40:51.176,10901,10902,10902,1,1
2019-09-24 18:40:58.147,10901,10902,10902,1,1
2019-09-24 18:41:17.595,10901,10902,10902,2,2
2019-09-24 18:41:18.343,10901,10902,10902,1,1
2019-09-24 18:41:27.406,10902,10903,10902,1,-1
2019-09-24 18:41:40.738,10901,10902,10902,1,1
2019-09-24 18:41:50.369,10902,10903,10902,1,-1
2019-09-24 18:43:46.605,10902,10903,10902,1,-1
2019-09-24 18:43:46.994,10902,10903,10902,2,-2
2019-09-24 18:44:22.123,10902,10903,10902,1,-1
2019-09-24 18:44:22.635,10902,10903,10902,2,-2
2019-09-24 18:44:22.738,10902,10903,10903,10,10
2019-09-24 18:44:22.756,10902,10904,10903,1,-1
2019-09-24 18:44:22.757,10902,10904,10903,1,-1
2019-09-24 18:44:36.548,10903,10904,10904,1,1
2019-09-24 18:44:44.586,10903,10904,10903,1,-1
2019-09-24 18:44:49.390,10903,10904,10904,1,1
2019-09-24 18:44:50.236,10903,10904,10904,1,1
2019-09-24 18:44:50.464,10903,10904,10904,1,1
2019-09-24 18:44:50.698,10903,10904,10904,1,1
2019-09-24 18:45:10.140,10903,10904,10904,1,1
2019-09-24 18:45:24.699,10903,10904,10904,1,1
2019-09-24 18:46:03.392,10903,10904,10904,1,1
2019-09-24 18:46:12.757,10903,10904,10904,7,7
2019-09-24 18:46:12.881,10903,10904,10904,2,2
2019-09-24 18:46:12.881,10903,10904,10904,8,8
2019-09-24 18:46:13.248,10904,10905,10904,1,-1
2019-09-24 18:46:26.930,10904,10905,10905,1,1
2019-09-24 18:46:34.531,10904,10905,10905,1,1
2019-09-24 18:46:40.953,10904,10905,10905,1,1
2019-09-24 18:47:52.164,10904,10905,10904,1,-1
2019-09-24 18:47:52.166,10904,10905,10904,1,-1
2019-09-24 18:47:52.167,10904,10905,10904,1,-1
2019-09-24 18:47:52.202,10904,10905,10904,1,-1
2019-09-24 18:47:52.215,10904,10905,10904,1,-1
2019-09-24 18:47:52.215,10904,10905,10904,1,-1
2019-09-24 18:47:52.215,10904,10905,10904,1,-1
2019-09-24 18:48:54.230,10903,10904,10903,1,-1
2019-09-24 18:48:54.975,10903,10904,10903,1,-1
2019-09-24 18:48:56.799,10903,10904,10903,1,-1
2019-09-24 18:48:58.286,10903,10904,10903,1,-1
2019-09-24 18:49:57.869,10903,10904,10903,1,-1
2019-09-24 18:50:14.814,10903,10904,10903,1,-1
2019-09-24 18:50:15.559,10903,10904,10903,1,-1
2019-09-24 18:53:19.069,10903,10904,10903,2,-2
2019-09-24 18:54:00.619,10903,10904,10903,1,-1
2019-09-24 18:55:12.256,10903,10904,10904,2,2
2019-09-24 18:55:12.381,10903,10904,10904,2,2
2019-09-24 18:56:38.031,10903,10904,10904,8,8
2019-09-24 18:57:19.249,10904,10905,10904,1,-1
2019-09-24 18:57:41.509,10903,10904,10904,1,1
2019-09-24 18:58:07.051,10903,10904,10904,3,3
2019-09-24 18:58:07.398,10903,10904,10903,1,-1
2019-09-24 18:58:50.556,10903,10904,10904,3,3
2019-09-24 18:59:21.328,10903,10904,10904,2,2
2019-09-24 18:59:23.631,10903,10904,10904,1,1
2019-09-24 18:59:37.064,10903,10904,10904,1,1
2019-09-24 18:59:40.677,10904,10905,10904,1,-1
2019-09-24 18:59:49.346,10904,10905,10905,1,1
2019-09-24 19:00:29.734,10904,10905,10904,1,-1
2019-09-24 19:00:30.077,10904,10905,10905,2,2
2019-09-24 19:00:30.193,10904,10905,10905,2,2
2019-09-24 19:00:30.341,10904,10905,10904,1,-1
2019-09-24 19:00:33.346,10904,10905,10905,1,1
2019-09-24 19:00:33.387,10904,10905,10904,1,-1
2019-09-24 19:01:03.114,10904,10905,10905,42,42
2019-09-24 19:01:03.131,10904,10905,10905,3,3
2019-09-24 19:01:03.131,10904,10905,10905,2,2
2019-09-24 19:01:48.496,10904,10905,10905,1,1
2019-09-24 19:02:32.670,10904,10905,10904,1,-1
2019-09-24 19:03:44.294,10904,10905,10904,5,-5
2019-09-24 19:03:59.323,10903,10904,10904,1,1
2019-09-24 19:03:59.323,10903,10904,10904,1,1
2019-09-24 19:03:59.364,10903,10904,10904,2,2
2019-09-24 19:04:09.534,10903,10904,10904,1,1
2019-09-24 19:05:30.061,10903,10904,10904,1,1
2019-09-24 19:07:27.277,10903,10904,10904,2,2
2019-09-24 19:07:29.006,10903,10904,10903,1,-1
2019-09-24 19:07:29.191,10903,10904,10903,5,-5
2019-09-24 19:07:29.208,10903,10904,10903,4,-4
2019-09-24 19:07:29.565,10903,10904,10903,1,-1
2019-09-24 19:07:29.612,10903,10904,10903,4,-4
2019-09-24 19:07:31.209,10903,10904,10903,2,-2
2019-09-24 19:07:32.650,10903,10904,10903,2,-2
2019-09-24 19:07:32.942,10903,10904,10903,3,-3
2019-09-24 19:07:33.318,10903,10904,10904,1,1
2019-09-24 19:08:26.298,10903,10904,10904,1,1
2019-09-24 19:08:47.415,10903,10904,10904,1,1
2019-09-24 19:09:18.305,10903,10904,10904,1,1
2019-09-24 19:09:21.285,10903,10904,10904,1,1
2019-09-24 19:09:28.343,10903,10904,10904,1,1
2019-09-24 19:09:51.105,10903,10904,10904,2,2
2019-09-24 19:10:07.239,10904,10905,10905,5,5
2019-09-24 19:10:14.622,10904,10905,10905,1,1
2019-09-24 19:10:47.120,10904,10905,10904,1,-1
2019-09-24 19:10:47.961,10904,10905,10904,1,-1
2019-09-24 19:11:52.254,10904,10905,10905,1,1
2019-09-24 19:12:09.135,10904,10905,10905,5,5
2019-09-24 19:12:24.836,10904,10905,10904,1,-1
2019-09-24 19:13:12.379,10904,10905,10905,3,3
2019-09-24 19:13:12.379,10904,10905,10905,1,1
2019-09-24 19:13:12.379,10904,10905,10905,8,8
2019-09-24 19:13:26.007,10905,10906,10905,1,-1
2019-09-24 19:13:26.952,10905,10906,10905,3,-3
2019-09-24 19:13:45.278,10905,10906,10905,1,-1
2019-09-24 19:13:52.087,10904,10906,10905,1,-1
2019-09-24 19:13:53.886,10904,10905,10905,1,1
2019-09-24 19:13:55.776,10904,10905,10905,3,3
2019-09-24 19:14:12.612,10905,10906,10905,2,-2
2019-09-24 19:14:41.698,10905,10906,10906,1,1
2019-09-24 19:15:01.636,10905,10906,10906,2,2
2019-09-24 19:15:03.240,10905,10906,10905,3,-3
2019-09-24 19:15:03.293,10905,10906,10906,1,1
2019-09-24 19:15:09.571,10905,10906,10905,1,-1
2019-09-24 19:15:22.647,10905,10906,10905,7,-7
2019-09-24 19:15:23.900,10905,10906,10905,2,-2
2019-09-24 19:15:41.502,10905,10906,10905,1,-1
2019-09-24 19:15:41.502,10905,10906,10905,2,-2
2019-09-24 19:15:41.502,10905,10906,10905,2,-2
2019-09-24 19:15:41.502,10905,10906,10905,3,-3
2019-09-24 19:15:42.152,10904,10905,10905,2,2
2019-09-24 19:15:44.460,10904,10905,10904,1,-1
2019-09-24 19:15:45.468,10904,10905,10904,1,-1
2019-09-24 19:15:47.564,10904,10905,10904,1,-1
2019-09-24 19:15:47.632,10904,10905,10905,3,3
2019-09-24 19:16:02.159,10904,10905,10904,2,-2
2019-09-24 19:16:14.507,10904,10905,10905,2,2
2019-09-24 19:16:22.141,10904,10905,10905,1,1
2019-09-24 19:16:31.241,10904,10905,10905,2,2
2019-09-24 19:17:24.297,10904,10905,10905,10,10
2019-09-24 19:17:24.873,10904,10905,10904,2,-2
2019-09-24 19:17:25.003,10904,10905,10905,2,2
2019-09-24 19:17:25.383,10904,10905,10905,2,2
2019-09-24 19:17:25.615,10904,10905,10905,1,1
2019-09-24 19:17:31.760,10905,10906,10905,2,-2
2019-09-24 19:17:31.762,10905,10906,10905,1,-1
2019-09-24 19:17:33.018,10905,10906,10905,1,-1
2019-09-24 19:17:38.761,10905,10906,10906,1,1
2019-09-24 19:17:38.762,10905,10906,10906,1,1
2019-09-24 19:18:02.887,10905,10906,10905,1,-1
2019-09-24 19:18:03.645,10905,10906,10905,1,-1
2019-09-24 19:18:08.280,10905,10906,10905,1,-1
2019-09-24 19:18:24.715,10905,10906,10905,2,-2
2019-09-24 19:19:03.766,10905,10906,10905,1,-1
2019-09-24 19:19:36.371,10905,10906,10905,2,-2
2019-09-24 19:19:38.869,10905,10906,10905,1,-1
2019-09-24 19:19:38.881,10905,10906,10905,1,-1
2019-09-24 19:19:38.881,10905,10906,10905,1,-1
2019-09-24 19:19:39.006,10905,10906,10905,2,-2
2019-09-24 19:19:42.012,10905,10906,10905,2,-2
2019-09-24 19:19:42.012,10905,10906,10905,9,-9
2019-09-24 19:19:42.247,10904,10905,10905,2,2
2019-09-24 19:19:42.254,10904,10905,10905,2,2
2019-09-24 19:19:42.480,10904,10905,10905,1,1
2019-09-24 19:20:27.046,10905,10906,10905,2,-2
2019-09-24 19:20:27.131,10905,10906,10905,8,-8
2019-09-24 19:20:27.256,10905,10906,10905,1,-1
2019-09-24 19:21:21.513,10904,10905,10904,1,-1
2019-09-24 19:21:22.327,10904,10905,10904,1,-1
2019-09-24 19:21:22.819,10904,10905,10904,1,-1
2019-09-24 19:21:24.432,10904,10905,10904,1,-1
2019-09-24 19:21:30.814,10904,10905,10904,1,-1
2019-09-24 19:22:01.522,10904,10905,10904,1,-1
2019-09-24 19:22:10.021,10904,10905,10904,1,-1
2019-09-24 19:22:27.373,10904,10905,10905,1,1
2019-09-24 19:23:19.308,10904,10905,10905,1,1
2019-09-24 19:23:21.011,10904,10905,10905,1,1
2019-09-24 19:23:26.135,10904,10905,10905,1,1
2019-09-24 19:23:26.398,10904,10905,10905,1,1
2019-09-24 19:23:29.220,10904,10905,10904,22,-22
2019-09-24 19:23:29.221,10904,10905,10904,1,-1
2019-09-24 19:23:29.256,10903,10904,10904,10,10
2019-09-24 19:23:29.307,10903,10904,10904,10,10
2019-09-24 19:23:29.357,10903,10904,10904,10,10
2019-09-24 19:23:29.381,10903,10904,10904,8,8
2019-09-24 19:23:29.381,10903,10904,10904,3,3
2019-09-24 19:23:56.520,10904,10905,10904,1,-1
2019-09-24 19:24:06.715,10904,10905,10904,1,-1
2019-09-24 19:24:09.007,10903,10905,10903,1,-1
2019-09-24 19:24:10.708,10903,10905,10903,1,-1
2019-09-24 19:24:10.731,10903,10905,10903,1,-1
2019-09-24 19:24:20.469,10903,10905,10903,1,-1
2019-09-24 19:24:48.536,10903,10904,10904,1,1
2019-09-24 19:25:27.699,10904,10905,10904,1,-1
2019-09-24 19:27:47.026,10904,10905,10904,1,-1
2019-09-24 19:28:13.651,10904,10905,10904,1,-1
2019-09-24 19:29:29.600,10904,10905,10905,15,15
2019-09-24 19:29:46.782,10904,10905,10905,1,1
2019-09-24 19:30:14.382,10904,10905,10904,1,-1
2019-09-24 19:30:30.066,10904,10905,10904,1,-1
2019-09-24 19:32:04.143,10904,10905,10905,1,1
2019-09-24 19:32:04.243,10904,10905,10905,7,7
2019-09-24 19:32:04.378,10905,10906,10905,1,-1
2019-09-24 19:32:17.049,10904,10905,10905,2,2
2019-09-24 19:32:30.782,10904,10905,10905,1,1
2019-09-24 19:32:33.377,10904,10905,10905,1,1
2019-09-24 19:33:07.845,10904,10905,10905,1,1
2019-09-24 19:33:56.805,10904,10905,10905,1,1
2019-09-24 19:35:01.356,10905,10906,10905,2,-2
2019-09-24 19:35:15.562,10905,10906,10905,2,-2
2019-09-24 19:35:19.988,10905,10906,10905,1,-1
2019-09-24 19:35:22.923,10904,10905,10905,1,1
2019-09-24 19:35:31.338,10905,10906,10905,2,-2
2019-09-24 19:36:50.680,10904,10905,10904,11,-11
2019-09-24 19:36:55.682,10904,10905,10904,2,-2
2019-09-24 19:36:55.682,10904,10905,10904,4,-4
2019-09-24 19:36:55.682,10904,10905,10904,1,-1
2019-09-24 19:37:03.223,10903,10904,10904,3,3
2019-09-24 19:37:03.223,10903,10904,10904,4,4
2019-09-24 19:38:49.506,10904,10905,10905,4,4
2019-09-24 19:38:49.506,10904,10905,10905,1,1
2019-09-24 19:38:49.514,10904,10905,10905,5,5
2019-09-24 19:38:49.631,10904,10905,10905,5,5
2019-09-24 19:38:49.631,10904,10905,10905,3,3
2019-09-24 19:39:35.050,10905,10906,10906,1,1
2019-09-24 19:39:54.019,10905,10906,10906,2,2
2019-09-24 19:41:09.087,10905,10906,10906,2,2
2019-09-24 19:41:21.125,10905,10906,10906,2,2
2019-09-24 19:41:35.962,10905,10906,10906,1,1
2019-09-24 19:41:35.979,10905,10906,10906,16,16
2019-09-24 19:41:35.980,10905,10906,10906,5,5
2019-09-24 19:41:43.196,10906,10907,10906,1,-1
2019-09-24 19:41:49.043,10906,10907,10906,1,-1
2019-09-24 19:41:55.291,10906,10907,10906,1,-1
2019-09-24 19:42:24.769,10906,10907,10906,1,-1
2019-09-24 19:42:58.397,10906,10907,10906,13,-13
2019-09-24 19:42:58.634,10905,10906,10906,2,2
2019-09-24 19:46:06.448,10905,10906,10905,1,-1
2019-09-24 19:46:06.794,10905,10906,10905,2,-2
2019-09-24 19:46:06.828,10905,10906,10905,7,-7
2019-09-24 19:46:06.828,10905,10906,10904,1,-1
2019-09-24 19:46:06.954,10904,10905,10904,1,-1
2019-09-24 19:46:07.059,10904,10905,10905,1,1
2019-09-24 19:46:07.067,10904,10905,10904,1,-1
2019-09-24 19:46:07.157,10904,10905,10904,1,-1
2019-09-24 19:46:07.157,10904,10905,10904,1,-1
2019-09-24 19:46:07.238,10904,10905,10904,1,-1
2019-09-24 19:46:07.565,10904,10905,10904,1,-1
2019-09-24 19:46:11.386,10904,10905,10904,1,-1
2019-09-24 19:46:13.167,10904,10905,10905,1,1
2019-09-24 19:46:40.117,10904,10905,10904,1,-1
2019-09-24 19:46:40.692,10904,10905,10904,1,-1
2019-09-24 19:48:26.244,10904,10905,10904,1,-1
2019-09-24 19:51:02.329,10904,10905,10904,1,-1
2019-09-24 19:51:42.621,10904,10905,10904,1,-1
2019-09-24 19:52:16.564,10904,10905,10904,5,-5
2019-09-24 19:53:50.084,10903,10904,10904,1,1
2019-09-24 19:55:05.734,10903,10904,10904,2,2
2019-09-24 19:55:40.264,10903,10904,10904,1,1
2019-09-24 19:56:09.694,10903,10904,10904,1,1
2019-09-24 19:56:14.456,10903,10904,10904,1,1
2019-09-24 19:56:15.609,10903,10904,10904,1,1
2019-09-24 19:56:37.290,10904,10905,10904,1,-1
2019-09-24 19:56:37.524,10903,10904,10904,1,1
2019-09-24 19:56:56.779,10904,10905,10904,1,-1
2019-09-24 19:57:27.951,10904,10905,10904,1,-1
2019-09-24 19:57:28.318,10903,10904,10903,1,-1
2019-09-24 19:57:28.411,10903,10904,10903,1,-1
2019-09-24 19:57:28.511,10903,10904,10903,5,-5
2019-09-24 19:57:28.522,10903,10904,10903,1,-1
2019-09-24 19:57:28.524,10903,10904,10903,1,-1
2019-09-24 19:57:28.524,10903,10904,10903,2,-2
2019-09-24 19:57:28.531,10903,10904,10903,3,-3
2019-09-24 19:57:28.619,10903,10904,10903,2,-2
2019-09-24 19:57:28.624,10903,10904,10903,7,-7
2019-09-24 19:57:28.673,10903,10904,10903,2,-2
2019-09-24 19:57:28.673,10903,10904,10903,5,-5
2019-09-24 19:57:28.736,10903,10904,10903,2,-2
2019-09-24 19:57:28.753,10903,10904,10903,3,-3
2019-09-24 19:57:47.731,10903,10904,10904,1,1
2019-09-24 19:58:04.836,10903,10904,10904,1,1
2019-09-24 19:58:05.032,10903,10904,10904,1,1
2019-09-24 19:58:31.073,10903,10904,10904,1,1
2019-09-24 19:58:44.220,10903,10904,10903,1,-1
2019-09-24 19:58:44.630,10903,10904,10904,1,1
2019-09-24 19:59:27.696,10903,10904,10904,1,1
2019-09-24 19:59:27.698,10903,10904,10904,1,1
2019-09-24 20:02:37.717,10903,10904,10904,1,1
2019-09-24 20:02:39.349,10903,10904,10903,3,-3
2019-09-24 20:02:56.221,10903,10904,10904,1,1
2019-09-24 20:03:44.246,10903,10904,10904,1,1
2019-09-24 20:04:01.179,10904,10905,10904,1,-1
2019-09-24 20:04:01.179,10904,10905,10904,1,-1
2019-09-24 20:04:01.179,10904,10905,10904,1,-1
2019-09-24 20:04:01.179,10904,10905,10904,1,-1
2019-09-24 20:04:35.971,10903,10904,10904,1,1
2019-09-24 20:04:55.777,10903,10904,10903,1,-1
2019-09-24 20:04:55.777,10903,10904,10903,3,-3
2019-09-24 20:04:55.777,10903,10904,10903,2,-2
2019-09-24 20:04:55.777,10903,10904,10903,1,-1
2019-09-24 20:04:55.777,10903,10904,10903,3,-3
2019-09-24 20:05:11.590,10902,10903,10903,1,1
2019-09-24 20:05:37.307,10902,10903,10902,1,-1
2019-09-24 20:05:37.324,10902,10903,10902,2,-2
2019-09-24 20:05:37.407,10902,10903,10902,1,-1
2019-09-24 20:05:37.410,10902,10903,10902,1,-1
2019-09-24 20:05:37.413,10902,10903,10902,1,-1
2019-09-24 20:05:37.540,10902,10903,10902,1,-1
2019-09-24 20:06:10.594,10902,10903,10902,1,-1
2019-09-24 20:06:10.882,10902,10903,10902,1,-1
2019-09-24 20:06:11.050,10902,10903,10902,2,-2
2019-09-24 20:06:12.576,10902,10903,10902,1,-1
2019-09-24 20:06:21.376,10902,10903,10903,1,1
2019-09-24 20:06:22.222,10902,10903,10902,1,-1
2019-09-24 20:06:34.633,10902,10903,10903,1,1
2019-09-24 20:07:01.311,10902,10903,10903,1,1
2019-09-24 20:07:35.723,10903,10904,10903,1,-1
2019-09-24 20:07:36.233,10903,10904,10903,1,-1
2019-09-24 20:07:36.672,10903,10904,10903,1,-1
2019-09-24 20:08:10.995,10903,10904,10903,4,-4
2019-09-24 20:08:22.496,10902,10903,10903,1,1
2019-09-24 20:08:31.953,10902,10903,10903,2,2
2019-09-24 20:08:32.077,10903,10904,10903,1,-1
2019-09-24 20:08:36.892,10903,10904,10903,2,-2
2019-09-24 20:09:17.354,10903,10904,10903,2,-2
2019-09-24 20:09:17.687,10903,10904,10903,2,-2
2019-09-24 20:10:19.518,10903,10904,10904,1,1
2019-09-24 20:10:20.220,10903,10904,10903,2,-2
2019-09-24 20:10:40.102,10903,10904,10903,1,-1
2019-09-24 20:11:18.761,10903,10904,10904,1,1
2019-09-24 20:12:58.152,10903,10904,10903,1,-1
2019-09-24 20:13:01.048,10903,10904,10903,1,-1
2019-09-24 20:13:36.992,10903,10904,10903,1,-1
2019-09-24 20:13:55.193,10903,10904,10903,2,-2
2019-09-24 20:14:08.157,10903,10904,10903,1,-1
2019-09-24 20:14:08.157,10903,10904,10903,3,-3
2019-09-24 20:14:08.157,10903,10904,10903,1,-1
2019-09-24 20:14:28.470,10902,10903,10903,1,1
2019-09-24 20:14:39.894,10902,10903,10903,1,1
2019-09-24 20:15:02.217,10902,10903,10902,2,-2
2019-09-24 20:15:58.820,10902,10903,10902,1,-1
2019-09-24 20:16:52.661,10902,10903,10903,2,2
2019-09-24 20:16:52.663,10902,10903,10903,1,1
2019-09-24 20:17:10.529,10902,10903,10902,1,-1
2019-09-24 20:17:30.340,10902,10903,10903,1,1
2019-09-24 20:17:46.204,10902,10903,10902,1,-1
2019-09-24 20:17:52.775,10902,10903,10902,1,-1
2019-09-24 20:17:54.337,10902,10903,10903,2,2
2019-09-24 20:20:38.029,10903,10904,10903,2,-2
2019-09-24 20:21:14.660,10903,10904,10903,2,-2
2019-09-24 20:21:15.096,10903,10904,10903,2,-2
2019-09-24 20:21:15.353,10903,10904,10903,1,-1
2019-09-24 20:21:20.206,10903,10904,10903,1,-1
2019-09-24 20:21:20.360,10903,10904,10903,1,-1
2019-09-24 20:21:22.264,10902,10903,10903,1,1
2019-09-24 20:21:35.487,10903,10904,10903,1,-1
2019-09-24 20:21:57.047,10903,10904,10903,1,-1
2019-09-24 20:22:25.996,10903,10904,10903,5,-5
2019-09-24 20:23:06.081,10903,10904,10903,1,-1
2019-09-24 20:23:53.095,10902,10903,10903,1,1
2019-09-24 20:24:32.792,10903,10904,10903,1,-1
2019-09-24 20:24:48.325,10903,10904,10903,3,-3
2019-09-24 20:25:22.344,10903,10904,10903,4,-4
2019-09-24 20:26:21.221,10903,10904,10903,1,-1
2019-09-24 20:26:32.850,10903,10904,10903,2,-2
2019-09-24 20:27:13.125,10903,10904,10903,1,-1
2019-09-24 20:27:37.264,10902,10903,10903,1,1
2019-09-24 20:28:58.132,10902,10903,10902,2,-2
2019-09-24 20:29:50.357,10902,10903,10902,1,-1
2019-09-24 20:29:50.406,10902,10903,10902,1,-1
2019-09-24 20:29:50.578,10902,10903,10902,1,-1
2019-09-24 20:29:51.161,10902,10903,10902,1,-1
2019-09-24 20:29:51.347,10902,10903,10902,1,-1
2019-09-24 20:29:51.839,10902,10903,10902,1,-1
2019-09-24 20:29:52.256,10902,10903,10902,1,-1
2019-09-24 20:29:52.670,10902,10903,10902,1,-1
2019-09-24 20:29:53.235,10902,10903,10902,1,-1
2019-09-24 20:29:53.397,10902,10903,10902,1,-1
2019-09-24 20:29:53.589,10902,10903,10902,1,-1
2019-09-24 20:29:54.311,10902,10903,10902,1,-1
2019-09-24 20:29:54.848,10902,10903,10902,1,-1
2019-09-24 20:30:19.449,10902,10903,10903,7,7
2019-09-24 20:30:19.449,10902,10903,10903,1,1
2019-09-24 20:30:19.450,10902,10903,10903,2,2
2019-09-24 20:31:48.692,10903,10904,10903,1,-1
2019-09-24 20:31:49.869,10903,10904,10903,2,-2
2019-09-24 20:31:49.876,10903,10904,10903,1,-1
2019-09-24 20:32:16.110,10902,10903,10903,1,1
2019-09-24 20:32:36.130,10902,10903,10903,1,1
2019-09-24 20:33:57.361,10902,10903,10902,1,-1
2019-09-24 20:34:30.809,10902,10903,10902,30,-30
2019-09-24 20:34:30.881,10902,10903,10902,3,-3
2019-09-24 20:34:31.006,10902,10903,10902,1,-1
2019-09-24 20:34:31.484,10901,10903,10902,1,-1
2019-09-24 20:35:13.112,10901,10902,10902,1,1
2019-09-24 20:35:32.034,10902,10903,10902,2,-2
2019-09-24 20:35:35.960,10902,10903,10902,1,-1
2019-09-24 20:35:47.859,10901,10902,10902,1,1
2019-09-24 20:37:11.665,10902,10903,10902,1,-1
2019-09-24 20:37:16.909,10902,10903,10903,1,1
2019-09-24 20:37:31.204,10902,10903,10902,5,-5
2019-09-24 20:38:40.546,10902,10903,10902,1,-1
2019-09-24 20:39:30.891,10902,10903,10902,2,-2
2019-09-24 20:39:34.873,10902,10903,10902,1,-1
2019-09-24 20:39:34.875,10902,10903,10902,1,-1
2019-09-24 20:39:49.450,10902,10903,10902,1,-1
2019-09-24 20:40:01.223,10902,10903,10902,1,-1
2019-09-24 20:40:02.933,10902,10903,10902,2,-2
2019-09-24 20:40:02.933,10902,10903,10902,5,-5
2019-09-24 20:40:17.774,10901,10902,10901,2,-2
2019-09-24 20:40:17.964,10901,10902,10901,1,-1
2019-09-24 20:40:17.971,10901,10902,10901,1,-1
2019-09-24 20:40:17.987,10901,10902,10901,1,-1
2019-09-24 20:40:18.341,10901,10902,10901,3,-3
2019-09-24 20:40:18.350,10901,10902,10901,1,-1
2019-09-24 20:40:18.418,10901,10902,10901,3,-3
2019-09-24 20:40:18.484,10901,10902,10901,1,-1
2019-09-24 20:40:18.722,10901,10902,10901,1,-1
2019-09-24 20:40:18.732,10901,10902,10901,1,-1
2019-09-24 20:40:19.103,10901,10902,10901,1,-1
2019-09-24 20:40:29.556,10901,10902,10902,1,1
2019-09-24 20:40:39.059,10901,10902,10901,13,-13
2019-09-24 20:40:40.612,10901,10902,10901,18,-18
2019-09-24 20:40:40.651,10901,10902,10901,11,-11
2019-09-24 20:40:40.756,10901,10902,10901,2,-2
2019-09-24 20:40:42.781,10900,10901,10901,1,1
2019-09-24 20:40:44.367,10900,10901,10900,3,-3
2019-09-24 20:40:44.425,10900,10901,10900,1,-1
2019-09-24 20:40:44.455,10900,10901,10900,1,-1
2019-09-24 20:40:44.467,10900,10901,10900,2,-2
2019-09-24 20:40:44.484,10900,10901,10900,1,-1
2019-09-24 20:40:44.597,10900,10901,10900,4,-4
2019-09-24 20:40:44.600,10900,10901,10900,1,-1
2019-09-24 20:40:44.637,10900,10901,10900,2,-2
2019-09-24 20:40:45.038,10900,10901,10900,1,-1
2019-09-24 20:40:45.229,10900,10901,10900,1,-1
2019-09-24 20:40:45.294,10900,10901,10900,4,-4
2019-09-24 20:40:45.352,10900,10901,10900,2,-2
2019-09-24 20:40:45.938,10900,10901,10900,2,-2
2019-09-24 20:41:01.688,10900,10901,10900,4,-4
2019-09-24 20:41:03.863,10900,10901,10900,1,-1
2019-09-24 20:41:07.300,10900,10901,10901,1,1
2019-09-24 20:41:09.252,10900,10901,10900,1,-1
2019-09-24 20:41:12.068,10900,10901,10900,1,-1
2019-09-24 20:41:31.896,10900,10901,10900,1,-1
2019-09-24 20:41:37.347,10900,10901,10901,1,1
2019-09-24 20:41:40.547,10900,10901,10901,1,1
2019-09-24 20:41:43.049,10900,10901,10901,1,1
2019-09-24 20:41:54.439,10900,10901,10901,1,1
2019-09-24 20:41:54.713,10900,10901,10901,1,1
2019-09-24 20:41:55.021,10900,10901,10901,1,1
2019-09-24 20:41:55.337,10900,10901,10901,1,1
2019-09-24 20:41:55.669,10900,10901,10901,1,1
2019-09-24 20:41:56.180,10901,10902,10901,1,-1
2019-09-24 20:41:58.256,10901,10902,10901,3,-3
2019-09-24 20:41:58.955,10900,10901,10901,1,1
2019-09-24 20:42:06.273,10900,10901,10900,1,-1
2019-09-24 20:42:24.550,10900,10901,10900,14,-14
2019-09-24 20:42:25.545,10900,10901,10900,1,-1
2019-09-24 20:42:32.293,10900,10901,10900,20,-20
2019-09-24 20:42:33.434,10900,10901,10900,3,-3
2019-09-24 20:42:36.340,10900,10901,10900,17,-17
2019-09-24 20:42:42.695,10899,10900,10899,2,-2
2019-09-24 20:42:42.782,10899,10900,10899,1,-1
2019-09-24 20:42:42.796,10899,10900,10899,1,-1
2019-09-24 20:42:42.966,10899,10900,10899,1,-1
2019-09-24 20:42:42.974,10899,10900,10899,3,-3
2019-09-24 20:42:42.989,10899,10900,10899,1,-1
2019-09-24 20:42:43.238,10899,10900,10899,1,-1
2019-09-24 20:42:44.039,10899,10900,10899,1,-1
2019-09-24 20:42:44.092,10899,10900,10899,1,-1
2019-09-24 20:42:49.612,10899,10900,10900,2,2
2019-09-24 20:42:51.334,10899,10900,10899,1,-1
2019-09-24 20:42:51.918,10899,10900,10899,1,-1
2019-09-24 20:42:52.665,10899,10900,10900,1,1
2019-09-24 20:42:52.985,10899,10900,10900,1,1
2019-09-24 20:42:53.322,10899,10900,10900,1,1
2019-09-24 20:42:53.657,10899,10900,10900,1,1
2019-09-24 20:42:53.993,10899,10900,10900,1,1
2019-09-24 20:42:54.321,10899,10900,10900,1,1
2019-09-24 20:42:54.673,10899,10900,10900,1,1
2019-09-24 20:42:55.018,10899,10900,10900,1,1
2019-09-24 20:42:55.368,10899,10900,10900,1,1
2019-09-24 20:43:13.460,10900,10901,10900,1,-1
2019-09-24 20:43:14.065,10900,10901,10900,7,-7
2019-09-24 20:43:26.554,10899,10900,10900,2,2
2019-09-24 20:43:36.721,10899,10900,10899,1,-1
2019-09-24 20:43:37.293,10899,10900,10899,1,-1
2019-09-24 20:43:37.313,10899,10900,10899,1,-1
2019-09-24 20:43:44.990,10899,10900,10899,1,-1
2019-09-24 20:43:48.667,10899,10900,10899,10,-10
2019-09-24 20:43:51.368,10899,10900,10899,1,-1
2019-09-24 20:43:51.472,10899,10900,10899,15,-15
2019-09-24 20:44:01.671,10899,10900,10899,1,-1
2019-09-24 20:44:02.207,10899,10900,10899,1,-1
2019-09-24 20:44:03.561,10899,10900,10899,1,-1
2019-09-24 20:44:04.074,10899,10900,10899,1,-1
2019-09-24 20:44:04.933,10899,10900,10900,11,11
2019-09-24 20:44:08.448,10899,10901,10899,2,-2
2019-09-24 20:44:08.912,10899,10901,10901,2,2
2019-09-24 20:44:14.700,10899,10900,10900,1,1
2019-09-24 20:44:15.108,10899,10900,10900,1,1
2019-09-24 20:44:16.180,10900,10901,10900,2,-2
2019-09-24 20:44:17.049,10899,10900,10900,1,1
2019-09-24 20:44:19.638,10900,10901,10900,1,-1
2019-09-24 20:44:20.611,10900,10901,10900,4,-4
2019-09-24 20:44:34.710,10900,10901,10900,1,-1
2019-09-24 20:44:44.355,10900,10901,10900,1,-1
2019-09-24 20:44:46.276,10900,10901,10900,1,-1
2019-09-24 20:44:53.853,10899,10900,10900,1,1
2019-09-24 20:44:53.895,10899,10900,10900,1,1
2019-09-24 20:45:08.313,10899,10900,10900,4,4
2019-09-24 20:45:08.763,10899,10900,10899,1,-1
2019-09-24 20:45:09.028,10899,10900,10899,2,-2
2019-09-24 20:45:09.572,10899,10900,10899,12,-12
2019-09-24 20:45:15.231,10899,10900,10900,1,1
2019-09-24 20:45:18.667,10899,10900,10899,2,-2
2019-09-24 20:45:33.703,10899,10900,10899,2,-2
2019-09-24 20:45:35.283,10899,10900,10899,1,-1
2019-09-24 20:45:35.359,10899,10900,10899,5,-5
2019-09-24 20:45:41.892,10898,10899,10899,1,1
2019-09-24 20:45:45.202,10899,10900,10899,1,-1
2019-09-24 20:46:03.391,10899,10900,10899,2,-2
2019-09-24 20:46:03.391,10899,10900,10899,2,-2
2019-09-24 20:46:17.215,10898,10899,10899,2,2
2019-09-24 20:46:19.480,10898,10899,10899,1,1
2019-09-24 20:46:19.620,10898,10899,10899,1,1
2019-09-24 20:46:22.536,10898,10899,10899,1,1
2019-09-24 20:46:31.704,10898,10899,10899,1,1
2019-09-24 20:46:34.499,10898,10899,10899,1,1
2019-09-24 20:46:36.185,10898,10899,10898,1,-1
2019-09-24 20:46:36.283,10898,10899,10898,1,-1
2019-09-24 20:46:36.310,10898,10899,10898,1,-1
2019-09-24 20:46:36.455,10898,10899,10898,1,-1
2019-09-24 20:46:36.850,10898,10899,10898,1,-1
2019-09-24 20:46:36.919,10898,10899,10898,1,-1
2019-09-24 20:46:37.499,10898,10899,10898,1,-1
2019-09-24 20:46:38.400,10898,10899,10899,1,1
2019-09-24 20:46:40.285,10898,10899,10898,1,-1
2019-09-24 20:47:22.520,10898,10899,10899,1,1
2019-09-24 20:47:24.566,10898,10899,10899,1,1
2019-09-24 20:47:33.022,10898,10899,10898,1,-1
2019-09-24 20:47:38.464,10898,10899,10899,1,1
2019-09-24 20:47:42.495,10898,10899,10899,1,1
2019-09-24 20:47:51.719,10898,10899,10899,1,1
2019-09-24 20:47:53.321,10898,10899,10899,1,1
2019-09-24 20:47:56.021,10898,10899,10898,1,-1
2019-09-24 20:48:00.466,10898,10899,10899,1,1
2019-09-24 20:48:02.387,10898,10899,10899,1,1
2019-09-24 20:48:31.786,10898,10899,10899,1,1
2019-09-24 20:48:35.548,10898,10899,10899,1,1
2019-09-24 20:48:52.564,10899,10900,10899,1,-1
2019-09-24 20:49:07.034,10899,10900,10900,1,1
2019-09-24 20:49:10.183,10899,10900,10900,1,1
2019-09-24 20:49:21.319,10899,10900,10900,3,3
2019-09-24 20:49:34.666,10899,10900,10900,1,1
2019-09-24 20:49:48.888,10899,10900,10900,1,1
2019-09-24 20:50:07.056,10899,10900,10900,1,1
2019-09-24 20:50:08.550,10899,10900,10899,1,-1
2019-09-24 20:50:10.280,10899,10900,10900,1,1
2019-09-24 20:50:14.966,10899,10900,10900,1,1
2019-09-24 20:50:42.017,10899,10900,10899,1,-1
2019-09-24 20:50:49.450,10899,10900,10899,1,-1
2019-09-24 20:51:33.245,10899,10900,10900,1,1
2019-09-24 20:51:57.984,10899,10900,10900,1,1
2019-09-24 20:53:23.179,10899,10900,10900,1,1
2019-09-24 20:53:24.897,10899,10900,10900,1,1
2019-09-24 20:53:24.897,10899,10900,10900,14,14
2019-09-24 20:53:24.897,10899,10900,10900,1,1
2019-09-24 20:53:24.898,10899,10900,10900,1,1
2019-09-24 20:53:24.898,10899,10900,10900,4,4
2019-09-24 20:53:24.898,10899,10900,10900,5,5
2019-09-24 20:53:24.898,10899,10900,10900,3,3
2019-09-24 20:53:24.900,10899,10900,10900,1,1
2019-09-24 20:53:32.540,10900,10901,10900,1,-1
2019-09-24 20:53:44.487,10900,10901,10901,1,1
2019-09-24 20:53:44.554,10900,10901,10901,1,1
2019-09-24 20:53:47.731,10900,10901,10901,5,5
2019-09-24 20:53:48.342,10900,10901,10901,1,1
2019-09-24 20:53:54.710,10900,10901,10901,1,1
2019-09-24 20:54:00.285,10900,10902,10902,1,1
2019-09-24 20:54:00.498,10900,10902,10902,1,1
2019-09-24 20:54:10.287,10901,10902,10902,1,1
2019-09-24 20:54:10.621,10901,10902,10902,1,1
2019-09-24 20:54:13.780,10901,10902,10902,3,3
2019-09-24 20:55:07.175,10901,10902,10901,1,-1
2019-09-24 20:55:07.334,10901,10902,10901,3,-3
2019-09-24 20:55:07.737,10900,10902,10900,1,-1
2019-09-24 20:55:11.046,10901,10902,10901,1,1
2019-09-24 20:55:30.478,10901,10902,10901,5,-5
2019-09-24 20:56:29.687,10901,10902,10901,1,-1
2019-09-24 20:57:35.957,10901,10902,10901,1,-1
2019-09-24 20:57:39.434,10901,10902,10902,1,1
2019-09-24 20:58:11.052,10901,10902,10902,1,1
2019-09-24 21:00:10.068,10901,10902,10901,2,-2
2019-09-24 21:00:10.125,10901,10902,10901,1,-1
2019-09-24 21:00:10.802,10901,10902,10901,1,-1
2019-09-24 21:00:10.803,10901,10902,10901,2,-2
2019-09-24 21:00:10.804,10901,10902,10901,1,-1
2019-09-24 21:00:10.805,10901,10902,10901,1,-1
2019-09-24 21:00:10.844,10901,10902,10901,1,-1
2019-09-24 21:00:10.845,10901,10902,10901,1,-1
2019-09-24 21:00:11.210,10900,10902,10900,2,-2
2019-09-24 21:00:23.106,10900,10901,10901,1,1
2019-09-24 21:00:24.437,10900,10902,10900,1,-1
2019-09-24 21:00:45.080,10900,10901,10901,1,1
2019-09-24 21:01:36.349,10901,10902,10901,4,-4
2019-09-24 21:01:36.350,10901,10902,10901,2,-2
2019-09-24 21:01:36.350,10901,10902,10901,6,-6
2019-09-24 21:01:38.085,10900,10901,10901,1,1
2019-09-24 21:01:53.381,10901,10902,10901,1,-1
2019-09-24 21:01:57.838,10901,10902,10901,1,-1
2019-09-24 21:02:01.036,10901,10902,10901,2,-2
2019-09-24 21:02:41.804,10901,10902,10901,1,-1
2019-09-24 21:04:18.132,10901,10902,10902,8,8
2019-09-24 21:04:21.143,10901,10902,10901,2,-2
2019-09-24 21:04:23.255,10901,10902,10901,2,-2
2019-09-24 21:04:44.136,10901,10902,10901,2,-2
2019-09-24 21:05:12.467,10901,10902,10901,1,-1
2019-09-24 21:05:15.280,10901,10902,10901,1,-1
2019-09-24 21:05:46.296,10901,10902,10901,1,-1
2019-09-24 21:06:20.351,10901,10902,10901,1,-1
2019-09-24 21:07:12.096,10901,10902,10901,4,-4
2019-09-24 21:07:21.127,10901,10902,10901,1,-1
2019-09-24 21:07:23.837,10901,10902,10901,1,-1
2019-09-24 21:07:34.446,10901,10902,10901,1,-1
2019-09-24 21:07:48.884,10901,10902,10901,2,-2
2019-09-24 21:08:03.148,10901,10902,10901,1,-1
2019-09-24 21:08:09.637,10900,10901,10901,1,1
2019-09-24 21:08:09.639,10900,10901,10901,1,1
2019-09-24 21:08:17.612,10900,10901,10901,5,5
2019-09-24 21:08:21.029,10900,10901,10900,1,-1
2019-09-24 21:08:33.639,10900,10901,10901,1,1
2019-09-24 21:08:43.583,10900,10901,10901,2,2
2019-09-24 21:09:01.348,10901,10902,10902,3,3
2019-09-24 21:09:08.728,10901,10902,10901,1,-1
2019-09-24 21:09:46.820,10901,10902,10901,1,-1
2019-09-24 21:09:56.612,10901,10902,10902,2,2
2019-09-24 21:10:47.383,10901,10902,10902,2,2
2019-09-24 21:10:47.383,10901,10902,10902,1,1
2019-09-24 21:10:47.384,10901,10902,10902,2,2
2019-09-24 21:10:48.883,10901,10902,10902,4,4
2019-09-24 21:10:49.006,10901,10902,10902,4,4
2019-09-24 21:10:56.064,10901,10902,10902,1,1
2019-09-24 21:10:56.207,10901,10902,10902,2,2
2019-09-24 21:11:32.067,10901,10902,10902,1,1
2019-09-24 21:12:00.794,10902,10903,10903,2,2
2019-09-24 21:12:00.904,10902,10903,10903,1,1
2019-09-24 21:12:01.014,10902,10903,10903,1,1
2019-09-24 21:12:03.310,10902,10903,10903,12,12
2019-09-24 21:12:03.311,10902,10903,10903,3,3
2019-09-24 21:12:19.756,10903,10904,10903,1,-1
2019-09-24 21:12:21.381,10903,10904,10903,1,-1
2019-09-24 21:12:21.631,10903,10904,10903,1,-1
2019-09-24 21:12:31.192,10903,10904,10903,3,-3
2019-09-24 21:12:36.528,10902,10903,10903,1,1
2019-09-24 21:12:39.502,10902,10903,10903,3,3
2019-09-24 21:12:39.506,10903,10904,10903,2,-2
2019-09-24 21:12:47.392,10902,10903,10903,1,1
2019-09-24 21:12:54.565,10902,10903,10903,3,3
2019-09-24 21:12:54.631,10903,10904,10903,2,-2
2019-09-24 21:12:59.283,10902,10904,10902,1,-1
2019-09-24 21:13:42.180,10903,10904,10903,1,1
2019-09-24 21:14:25.506,10903,10904,10903,1,-1
2019-09-24 21:14:26.372,10902,10904,10904,2,2
2019-09-24 21:14:26.564,10902,10904,10904,1,1
2019-09-24 21:14:26.573,10902,10904,10904,1,1
2019-09-24 21:14:26.763,10902,10904,10904,1,1
2019-09-24 21:14:42.137,10903,10904,10904,1,1
2019-09-24 21:14:46.357,10903,10904,10904,1,1
2019-09-24 21:14:59.942,10903,10904,10904,2,2
2019-09-24 21:15:00.430,10903,10904,10904,1,1
2019-09-24 21:15:00.936,10903,10904,10904,1,1
2019-09-24 21:15:01.007,10903,10904,10904,1,1
2019-09-24 21:15:01.279,10903,10904,10904,2,2
2019-09-24 21:15:01.279,10903,10904,10904,13,13
2019-09-24 21:15:05.904,10904,10905,10904,1,-1
2019-09-24 21:15:22.103,10904,10905,10904,1,-1
2019-09-24 21:15:24.256,10904,10905,10904,1,-1
2019-09-24 21:15:50.637,10904,10905,10904,5,-5
2019-09-24 21:16:05.341,10903,10905,10905,1,1
2019-09-24 21:16:05.412,10903,10905,10905,3,3
2019-09-24 21:16:07.794,10903,10905,10905,1,1
2019-09-24 21:16:16.244,10903,10905,10905,3,3
2019-09-24 21:16:31.944,10903,10905,10905,1,1
2019-09-24 21:16:43.163,10904,10905,10904,2,-2
2019-09-24 21:16:51.716,10904,10905,10904,1,-1
2019-09-24 21:17:33.474,10904,10905,10904,2,-2
2019-09-24 21:17:33.532,10904,10905,10904,5,-5
2019-09-24 21:17:38.561,10904,10905,10904,2,-2
2019-09-24 21:17:42.963,10903,10905,10904,1,-1
2019-09-24 21:17:53.243,10904,10905,10904,2,-2
2019-09-24 21:17:53.319,10904,10905,10904,6,-6
2019-09-24 21:17:57.759,10903,10904,10904,2,2
2019-09-24 21:17:57.761,10903,10904,10904,2,2
2019-09-24 21:18:33.614,10903,10904,10904,5,5
2019-09-24 21:18:33.959,10903,10904,10904,5,5
2019-09-24 21:18:44.924,10903,10904,10903,2,-2
2019-09-24 21:18:49.634,10903,10904,10904,2,2
2019-09-24 21:19:15.517,10903,10904,10904,20,20
2019-09-24 21:20:33.386,10903,10904,10904,1,1
2019-09-24 21:21:38.927,10903,10904,10903,1,-1
2019-09-24 21:22:07.422,10903,10904,10903,1,-1
2019-09-24 21:22:10.004,10903,10904,10903,1,-1
2019-09-24 21:22:14.532,10903,10904,10903,1,-1
2019-09-24 21:22:14.534,10903,10904,10903,1,-1
2019-09-24 21:22:14.534,10903,10904,10903,2,-2
2019-09-24 21:22:14.631,10903,10904,10903,2,-2
2019-09-24 21:22:26.991,10903,10904,10903,2,-2
2019-09-24 21:22:26.991,10903,10904,10903,8,-8
2019-09-24 21:22:59.756,10902,10903,10903,1,1
2019-09-24 21:23:15.394,10902,10903,10902,2,-2
2019-09-24 21:23:15.960,10902,10903,10902,2,-2
2019-09-24 21:23:16.218,10902,10903,10902,4,-4
2019-09-24 21:23:20.826,10902,10903,10902,1,-1
2019-09-24 21:23:37.664,10902,10903,10902,1,-1
2019-09-24 21:23:50.583,10902,10903,10902,1,-1
2019-09-24 21:23:57.973,10902,10903,10903,1,1
2019-09-24 21:24:01.554,10902,10903,10903,1,1
2019-09-24 21:24:05.196,10902,10903,10902,16,-16
2019-09-24 21:24:20.758,10901,10902,10902,1,1
2019-09-24 21:24:43.327,10902,10903,10903,2,2
2019-09-24 21:24:45.201,10903,10904,10903,2,-2
2019-09-24 21:25:39.565,10903,10904,10903,8,-8
2019-09-24 21:25:39.615,10903,10904,10903,3,-3
2019-09-24 21:26:34.673,10902,10903,10902,3,-3
2019-09-24 21:26:39.286,10902,10903,10902,1,-1
2019-09-24 21:27:09.594,10902,10903,10902,2,-2
2019-09-24 21:27:42.052,10902,10903,10902,2,-2
2019-09-24 21:27:51.352,10902,10903,10903,1,1
2019-09-24 21:27:51.578,10902,10903,10902,3,-3
2019-09-24 21:28:00.726,10902,10903,10902,3,-3
2019-09-24 21:28:02.384,10902,10903,10903,6,6
2019-09-24 21:28:02.619,10903,10904,10903,1,-1
2019-09-24 21:28:32.394,10903,10904,10903,4,-4
2019-09-24 21:29:07.788,10903,10904,10903,1,-1
2019-09-24 21:29:15.875,10902,10903,10903,1,1
2019-09-24 21:29:16.508,10902,10903,10903,2,2
2019-09-24 21:29:26.568,10902,10903,10903,1,1
2019-09-24 21:29:50.212,10902,10903,10903,2,2
2019-09-24 21:30:00.083,10902,10903,10903,4,4
2019-09-24 21:30:00.092,10902,10903,10903,1,1
2019-09-24 21:30:01.349,10903,10904,10903,1,-1
2019-09-24 21:30:02.105,10902,10903,10902,2,-2
2019-09-24 21:30:05.506,10902,10903,10903,2,2
2019-09-24 21:30:12.310,10902,10903,10903,1,1
2019-09-24 21:30:12.799,10902,10903,10903,1,1
2019-09-24 21:30:49.154,10902,10903,10903,5,5
2019-09-24 21:30:57.023,10902,10903,10903,1,1
2019-09-24 21:30:57.965,10903,10904,10903,2,-2
2019-09-24 21:30:58.201,10902,10903,10903,2,2
2019-09-24 21:31:02.535,10903,10904,10903,2,-2
2019-09-24 21:31:02.776,10903,10904,10904,1,1
2019-09-24 21:31:04.233,10903,10904,10904,1,1
2019-09-24 21:31:05.512,10903,10904,10904,1,1
2019-09-24 21:31:06.226,10903,10904,10904,2,2
2019-09-24 21:31:06.256,10903,10904,10904,10,10
2019-09-24 21:31:07.044,10904,10905,10903,2,-2
2019-09-24 21:31:07.045,10904,10905,10903,2,-2
2019-09-24 21:31:07.047,10904,10905,10903,3,-3
2019-09-24 21:31:07.047,10904,10905,10903,4,-4
2019-09-24 21:31:07.047,10904,10905,10903,3,-3
2019-09-24 21:31:07.047,10904,10905,10903,3,-3
2019-09-24 21:31:07.053,10904,10905,10903,5,-5
2019-09-24 21:31:07.355,10902,10903,10903,1,1
2019-09-24 21:31:08.222,10902,10903,10903,1,1
2019-09-24 21:31:12.387,10903,10904,10903,2,-2
2019-09-24 21:31:12.387,10903,10904,10903,2,-2
2019-09-24 21:31:24.192,10902,10903,10903,1,1
2019-09-24 21:31:26.694,10902,10903,10902,11,-11
2019-09-24 21:31:26.756,10902,10903,10902,3,-3
2019-09-24 21:31:26.756,10902,10903,10902,1,-1
2019-09-24 21:31:26.756,10902,10903,10902,2,-2
2019-09-24 21:31:26.806,10902,10903,10902,3,-3
2019-09-24 21:31:31.978,10901,10902,10901,3,-3
2019-09-24 21:31:31.979,10901,10902,10901,1,-1
2019-09-24 21:31:31.979,10901,10902,10901,2,-2
2019-09-24 21:31:31.979,10901,10902,10901,1,-1
2019-09-24 21:31:31.979,10901,10902,10901,3,-3
2019-09-24 21:31:31.979,10901,10902,10901,3,-3
2019-09-24 21:31:34.651,10900,10901,10900,1,-1
2019-09-24 21:31:39.570,10900,10901,10901,1,1
2019-09-24 21:31:40.912,10900,10901,10901,1,1
2019-09-24 21:31:41.094,10901,10902,10901,2,-2
2019-09-24 21:31:41.701,10901,10902,10902,1,1
2019-09-24 21:31:47.088,10901,10902,10901,1,-1
2019-09-24 21:31:52.460,10901,10902,10901,2,-2
2019-09-24 21:31:54.645,10900,10902,10900,2,-2
2019-09-24 21:32:03.536,10901,10902,10902,1,1
2019-09-24 21:32:04.502,10901,10902,10902,2,2
2019-09-24 21:32:04.885,10901,10902,10902,1,1
2019-09-24 21:32:14.930,10901,10902,10902,1,1
2019-09-24 21:32:16.507,10901,10902,10901,3,-3
2019-09-24 21:32:20.416,10900,10902,10900,2,-2
2019-09-24 21:32:28.705,10900,10901,10900,2,-2
2019-09-24 21:32:34.863,10900,10901,10900,1,-1
2019-09-24 21:32:37.757,10900,10901,10900,1,-1
2019-09-24 21:32:39.040,10900,10901,10900,1,-1
2019-09-24 21:32:41.529,10900,10901,10900,1,-1
2019-09-24 21:32:50.260,10900,10901,10900,1,-1
2019-09-24 21:32:57.374,10900,10901,10901,2,2
2019-09-24 21:32:57.374,10900,10901,10901,1,1
2019-09-24 21:32:57.375,10900,10901,10901,11,11
2019-09-24 21:32:57.426,10901,10902,10901,2,-2
2019-09-24 21:32:57.612,10901,10902,10901,1,-1
2019-09-24 21:33:01.752,10901,10902,10902,1,1
2019-09-24 21:33:10.552,10901,10902,10901,2,-2
2019-09-24 21:33:14.136,10901,10902,10901,1,-1
2019-09-24 21:33:14.827,10900,10901,10900,1,-1
2019-09-24 21:33:15.866,10900,10901,10901,2,2
2019-09-24 21:33:16.183,10900,10901,10901,1,1
2019-09-24 21:33:19.787,10901,10902,10901,1,-1
2019-09-24 21:33:19.787,10901,10902,10900,1,-1
2019-09-24 21:33:32.279,10900,10901,10900,1,-1
2019-09-24 21:33:32.655,10900,10901,10901,2,2
2019-09-24 21:33:35.986,10901,10902,10902,5,5
2019-09-24 21:33:41.741,10901,10902,10902,1,1
2019-09-24 21:33:42.000,10901,10902,10902,1,1
2019-09-24 21:33:46.026,10901,10902,10901,2,-2
2019-09-24 21:33:48.786,10901,10902,10901,2,-2
2019-09-24 21:33:50.506,10901,10902,10901,1,-1
2019-09-24 21:33:56.819,10901,10902,10901,5,-5
2019-09-24 21:34:11.587,10900,10901,10900,2,-2
2019-09-24 21:34:21.207,10900,10901,10901,3,3
2019-09-24 21:34:21.207,10900,10901,10902,2,2
2019-09-24 21:34:43.387,10901,10902,10902,1,1
2019-09-24 21:34:49.282,10901,10902,10901,6,-6
2019-09-24 21:34:49.511,10900,10901,10901,1,1
2019-09-24 21:35:00.272,10901,10902,10902,4,4
2019-09-24 21:35:00.273,10901,10902,10902,9,9
2019-09-24 21:35:00.541,10902,10903,10902,1,-1
2019-09-24 21:35:01.277,10902,10903,10902,2,-2
2019-09-24 21:35:08.252,10902,10903,10903,1,1
2019-09-24 21:35:11.908,10902,10903,10902,1,-1
2019-09-24 21:35:12.229,10901,10902,10902,1,1
2019-09-24 21:35:12.489,10901,10902,10901,1,-1
2019-09-24 21:35:16.332,10901,10902,10902,5,5
2019-09-24 21:35:16.711,10902,10903,10902,1,-1
2019-09-24 21:35:20.682,10902,10903,10902,1,-1
2019-09-24 21:35:24.493,10902,10903,10902,1,-1
2019-09-24 21:35:28.820,10902,10903,10902,1,-1
2019-09-24 21:35:35.303,10902,10903,10903,1,1
2019-09-24 21:35:36.512,10902,10903,10902,1,-1
2019-09-24 21:35:44.948,10902,10903,10902,2,-2
2019-09-24 21:35:48.131,10902,10903,10903,2,2
2019-09-24 21:35:48.256,10902,10903,10903,10,10
2019-09-24 21:35:48.478,10903,10904,10903,1,-1
2019-09-24 21:35:55.457,10903,10904,10904,1,1
2019-09-24 21:35:55.835,10903,10904,10904,2,2
2019-09-24 21:36:00.506,10903,10904,10903,1,-1
2019-09-24 21:36:03.231,10903,10904,10903,8,-8
2019-09-24 21:36:05.461,10903,10904,10904,1,1
2019-09-24 21:36:07.957,10903,10904,10903,1,-1
2019-09-24 21:36:12.008,10902,10903,10903,1,1
2019-09-24 21:36:12.510,10903,10904,10903,1,-1
2019-09-24 21:36:13.165,10903,10904,10903,1,-1
2019-09-24 21:36:13.359,10903,10904,10903,1,-1
2019-09-24 21:36:20.264,10903,10904,10904,1,1
2019-09-24 21:36:24.521,10903,10904,10903,1,-1
2019-09-24 21:36:25.141,10903,10904,10903,2,-2
2019-09-24 21:36:25.142,10903,10904,10903,3,-3
2019-09-24 21:36:29.042,10902,10903,10903,4,4
2019-09-24 21:36:33.066,10902,10903,10903,1,1
2019-09-24 21:36:36.480,10902,10903,10902,1,-1
2019-09-24 21:36:45.545,10902,10903,10903,1,1
2019-09-24 21:36:48.462,10903,10904,10903,1,-1
2019-09-24 21:36:52.881,10903,10904,10903,1,-1
2019-09-24 21:37:00.487,10903,10904,10903,1,-1
2019-09-24 21:37:03.548,10903,10904,10904,5,5
2019-09-24 21:37:04.412,10903,10904,10903,1,-1
2019-09-24 21:37:10.523,10902,10903,10903,1,1
2019-09-24 21:37:12.484,10902,10904,10902,1,-1
2019-09-24 21:37:17.822,10902,10903,10903,1,1
2019-09-24 21:37:24.471,10902,10903,10902,1,-1
2019-09-24 21:37:28.972,10902,10903,10903,2,2
2019-09-24 21:37:29.926,10902,10903,10903,2,2
2019-09-24 21:37:30.151,10902,10903,10903,1,1
2019-09-24 21:37:30.151,10902,10903,10903,1,1
2019-09-24 21:37:36.535,10902,10903,10902,1,-1
2019-09-24 21:37:39.095,10902,10903,10902,5,-5
2019-09-24 21:37:39.446,10902,10903,10902,5,-5
2019-09-24 21:37:40.349,10902,10903,10902,5,-5
2019-09-24 21:37:40.607,10902,10903,10902,5,-5
2019-09-24 21:37:40.631,10902,10903,10902,2,-2
2019-09-24 21:37:41.743,10902,10903,10902,5,-5
2019-09-24 21:37:42.019,10902,10903,10902,3,-3
2019-09-24 21:37:42.044,10902,10903,10901,5,-5
2019-09-24 21:37:42.537,10901,10902,10902,1,1
2019-09-24 21:37:48.496,10902,10903,10902,1,-1
2019-09-24 21:38:00.447,10902,10903,10902,1,-1
2019-09-24 21:38:12.494,10902,10903,10902,1,-1
2019-09-24 21:38:15.403,10902,10903,10902,2,-2
2019-09-24 21:38:16.595,10902,10903,10902,2,-2
2019-09-24 21:38:16.703,10902,10903,10902,6,-6
2019-09-24 21:38:20.392,10901,10902,10902,1,1
2019-09-24 21:38:20.920,10901,10902,10902,1,1
2019-09-24 21:38:23.189,10902,10903,10902,1,-1
2019-09-24 21:38:24.419,10901,10903,10901,1,-1
2019-09-24 21:38:30.190,10902,10903,10903,8,8
2019-09-24 21:38:30.231,10902,10903,10904,1,1
2019-09-24 21:38:30.232,10902,10903,10904,5,5
2019-09-24 21:38:30.232,10902,10903,10904,4,4
2019-09-24 21:38:30.232,10902,10903,10904,1,1
2019-09-24 21:38:36.446,10903,10904,10903,1,-1
2019-09-24 21:38:37.894,10903,10904,10904,1,1
2019-09-24 21:38:40.717,10903,10904,10904,2,2
2019-09-24 21:38:43.807,10903,10904,10904,1,1
2019-09-24 21:38:48.430,10903,10904,10903,1,-1
2019-09-24 21:39:00.444,10903,10904,10903,1,-1
2019-09-24 21:39:00.552,10903,10904,10903,2,-2
2019-09-24 21:39:00.632,10903,10904,10903,1,-1
2019-09-24 21:39:11.444,10903,10904,10904,1,1
2019-09-24 21:39:12.483,10903,10904,10903,1,-1
2019-09-24 21:39:16.779,10903,10904,10903,1,-1
2019-09-24 21:39:24.524,10903,10904,10903,1,-1
2019-09-24 21:39:25.397,10903,10904,10903,5,-5
2019-09-24 21:39:29.215,10903,10904,10903,6,-6
2019-09-24 21:39:31.232,10902,10903,10903,1,1
2019-09-24 21:39:34.874,10902,10903,10903,2,2
2019-09-24 21:39:36.474,10902,10903,10902,1,-1
2019-09-24 21:39:45.054,10902,10903,10902,2,-2
2019-09-24 21:39:46.260,10902,10903,10902,1,-1
2019-09-24 21:39:48.438,10902,10903,10902,1,-1
2019-09-24 21:39:57.110,10902,10903,10903,1,1
2019-09-24 21:40:00.518,10902,10903,10902,1,-1
2019-09-24 21:40:00.588,10902,10903,10903,2,2
2019-09-24 21:40:05.247,10902,10903,10903,1,1
2019-09-24 21:40:06.435,10902,10903,10903,1,1
2019-09-24 21:40:06.884,10903,10904,10903,2,-2
2019-09-24 21:40:07.198,10902,10904,10902,2,-2
2019-09-24 21:40:07.220,10902,10904,10902,1,-1
2019-09-24 21:40:08.431,10902,10904,10902,2,-2
2019-09-24 21:40:12.471,10903,10904,10903,1,1
2019-09-24 21:40:24.453,10903,10904,10903,1,-1
2019-09-24 21:40:29.643,10903,10904,10903,2,-2
2019-09-24 21:40:30.588,10903,10904,10903,1,-1
2019-09-24 21:40:36.453,10903,10904,10903,1,-1
2019-09-24 21:40:40.731,10903,10904,10904,4,4
2019-09-24 21:40:42.473,10903,10904,10904,1,1
2019-09-24 21:40:45.060,10903,10904,10904,1,1
2019-09-24 21:40:45.643,10903,10904,10904,3,3
2019-09-24 21:40:46.128,10903,10904,10904,1,1
2019-09-24 21:40:47.244,10903,10905,10905,1,1
2019-09-24 21:40:47.280,10903,10905,10905,1,1
2019-09-24 21:40:47.282,10903,10905,10905,1,1
2019-09-24 21:40:47.566,10904,10905,10904,2,-2
2019-09-24 21:40:47.943,10904,10905,10904,1,-1
2019-09-24 21:40:48.478,10903,10904,10903,1,-1
2019-09-24 21:40:49.120,10903,10904,10904,1,1
2019-09-24 21:40:55.069,10904,10905,10904,5,-5
2019-09-24 21:40:55.900,10903,10904,10904,3,3
2019-09-24 21:40:56.419,10904,10905,10905,1,1
2019-09-24 21:40:58.840,10904,10905,10905,1,1
2019-09-24 21:41:00.426,10904,10905,10904,3,-3
2019-09-24 21:41:00.491,10904,10905,10904,1,-1
2019-09-24 21:41:03.849,10904,10905,10904,2,-2
2019-09-24 21:41:12.491,10903,10904,10903,1,-1
2019-09-24 21:41:13.365,10903,10904,10904,1,1
2019-09-24 21:41:16.006,10903,10904,10903,1,-1
2019-09-24 21:41:16.006,10903,10904,10903,2,-2
2019-09-24 21:41:16.006,10903,10904,10903,1,-1
2019-09-24 21:41:16.113,10903,10904,10903,1,-1
2019-09-24 21:41:16.113,10903,10904,10903,1,-1
2019-09-24 21:41:16.168,10903,10904,10903,4,-4
2019-09-24 21:41:16.168,10903,10904,10903,2,-2
2019-09-24 21:41:16.168,10903,10904,10903,1,-1
2019-09-24 21:41:16.169,10903,10904,10903,2,-2
2019-09-24 21:41:16.169,10903,10904,10903,3,-3
2019-09-24 21:41:16.169,10903,10904,10903,1,-1
2019-09-24 21:41:18.933,10902,10903,10903,1,1
2019-09-24 21:41:24.505,10902,10904,10902,1,-1
2019-09-24 21:41:29.154,10902,10903,10902,1,-1
2019-09-24 21:41:36.530,10902,10903,10902,1,-1
2019-09-24 21:41:48.525,10902,10904,10902,1,-1
2019-09-24 21:42:00.503,10902,10904,10902,1,-1
2019-09-24 21:42:12.508,10903,10904,10903,1,1
2019-09-24 21:42:19.665,10903,10904,10904,1,1
2019-09-24 21:42:24.471,10903,10904,10903,1,-1
2019-09-24 21:42:36.548,10903,10904,10903,1,-1
2019-09-24 21:42:37.086,10903,10904,10903,2,-2
2019-09-24 21:42:41.222,10903,10904,10903,1,-1
2019-09-24 21:42:48.526,10903,10904,10903,1,-1
2019-09-24 21:43:00.485,10903,10904,10903,1,-1
2019-09-24 21:43:00.725,10903,10904,10903,3,-3
2019-09-24 21:43:01.871,10902,10903,10903,1,1
2019-09-24 21:43:02.199,10902,10903,10903,1,1
2019-09-24 21:43:03.262,10902,10903,10902,2,-2
2019-09-24 21:43:03.633,10902,10903,10903,1,1
2019-09-24 21:43:12.391,10902,10903,10902,20,-20
2019-09-24 21:43:12.486,10902,10903,10902,1,-1
2019-09-24 21:43:12.587,10902,10903,10902,1,-1
2019-09-24 21:43:12.587,10902,10903,10901,15,-15
2019-09-24 21:43:12.861,10901,10902,10901,15,-15
2019-09-24 21:43:12.861,10901,10902,10900,1,-1
2019-09-24 21:43:13.020,10901,10902,10902,1,1
2019-09-24 21:43:13.096,10901,10902,10901,8,-8
2019-09-24 21:43:13.096,10901,10902,10900,6,-6
2019-09-24 21:43:13.131,10900,10902,10901,1,1
2019-09-24 21:43:13.297,10901,10902,10901,2,-2
2019-09-24 21:43:13.297,10901,10902,10900,2,-2
2019-09-24 21:43:13.631,10900,10901,10901,17,17
2019-09-24 21:43:13.641,10900,10901,10901,11,11
2019-09-24 21:43:13.659,10900,10901,10901,7,7
2019-09-24 21:43:13.673,10900,10901,10901,4,4
2019-09-24 21:43:13.756,10900,10901,10901,1,1
2019-09-24 21:43:14.234,10901,10902,10901,2,-2
2019-09-24 21:43:14.500,10901,10902,10901,16,-16
2019-09-24 21:43:14.500,10901,10902,10900,55,-55
2019-09-24 21:43:14.500,10901,10902,10899,29,-29
2019-09-24 21:43:14.506,10899,10900,10899,2,-2
2019-09-24 21:43:14.506,10899,10900,10900,2,2
2019-09-24 21:43:14.506,10899,10900,10899,5,-5
2019-09-24 21:43:14.507,10899,10900,10899,5,-5
2019-09-24 21:43:14.601,10899,10900,10899,11,-11
2019-09-24 21:43:14.601,10899,10900,10898,89,-89
2019-09-24 21:43:14.602,10899,10900,10899,3,3
2019-09-24 21:43:14.631,10898,10899,10899,2,2
2019-09-24 21:43:14.631,10898,10899,10899,1,1
2019-09-24 21:43:14.641,10898,10899,10899,1,1
2019-09-24 21:43:14.641,10898,10899,10899,1,1
2019-09-24 21:43:14.644,10898,10899,10899,2,2
2019-09-24 21:43:14.662,10898,10899,10899,1,1
2019-09-24 21:43:14.666,10898,10899,10898,1,-1
2019-09-24 21:43:14.704,10898,10899,10898,1,-1
2019-09-24 21:43:14.712,10898,10899,10898,21,-21
2019-09-24 21:43:14.712,10898,10899,10897,40,-40
2019-09-24 21:43:14.712,10898,10899,10896,39,-39
2019-09-24 21:43:14.754,10898,10899,10898,2,2
2019-09-24 21:43:14.755,10898,10899,10898,1,-1
2019-09-24 21:43:14.755,10896,10899,10899,4,4
2019-09-24 21:43:14.756,10896,10899,10899,1,1
2019-09-24 21:43:14.756,10896,10899,10899,1,1
2019-09-24 21:43:14.756,10896,10899,10899,3,3
2019-09-24 21:43:14.757,10896,10899,10898,4,-4
2019-09-24 21:43:14.785,10896,10899,10898,3,-3
2019-09-24 21:43:14.785,10896,10899,10899,2,2
2019-09-24 21:43:14.813,10896,10899,10897,1,-1
2019-09-24 21:43:14.827,10896,10899,10897,4,-4
2019-09-24 21:43:14.861,10896,10899,10897,3,-3
2019-09-24 21:43:14.861,10896,10899,10896,1,-1
2019-09-24 21:43:14.865,10896,10899,10896,4,-4
2019-09-24 21:43:14.872,10896,10899,10896,1,-1
2019-09-24 21:43:14.880,10896,10899,10898,4,4
2019-09-24 21:43:14.882,10896,10898,10898,3,3
