2019-03-26 15:00:00.072,10518,10518,10518,57,57
2019-03-26 15:00:00.076,10518,10518,10518,1,1
2019-03-26 15:00:00.076,10518,10518,10518,1,1
2019-03-26 15:00:00.185,10518,10518,10518,1,1
2019-03-26 15:00:00.395,10518,10518,10518,2,2
2019-03-26 15:00:00.726,10519,10519,10519,1,1
2019-03-26 15:00:01.103,10519,10519,10519,1,1
2019-03-26 15:00:01.374,10519,10519,10519,1,1
2019-03-26 15:00:01.629,10519,10519,10519,4,4
2019-03-26 15:00:01.991,10519,10519,10519,3,3
2019-03-26 15:00:04.085,10519,10519,10519,1,1
2019-03-26 15:00:04.688,10520,10520,10520,3,3
2019-03-26 15:00:05.535,10520,10520,10520,1,1
2019-03-26 15:00:06.302,10519,10519,10519,1,-1
2019-03-26 15:00:06.754,10520,10520,10520,1,1
2019-03-26 15:00:07.663,10520,10520,10520,5,5
2019-03-26 15:00:07.845,10519,10519,10519,1,-1
2019-03-26 15:00:10.143,10519,10519,10519,1,1
2019-03-26 15:00:10.348,10519,10519,10519,1,1
2019-03-26 15:00:17.608,10519,10519,10519,2,2
2019-03-26 15:00:19.295,10519,10519,10519,2,2
2019-03-26 15:00:19.333,10520,10520,10520,4,4
2019-03-26 15:00:19.891,10519,10519,10519,2,-2
2019-03-26 15:00:19.996,10519,10519,10519,3,3
2019-03-26 15:00:20.579,10519,10519,10519,4,4
2019-03-26 15:00:21.810,10518,10518,10518,1,-1
2019-03-26 15:00:23.002,10518,10518,10518,1,1
2019-03-26 15:00:23.133,10519,10519,10519,1,1
2019-03-26 15:00:25.554,10519,10519,10519,10,10
2019-03-26 15:00:26.381,10519,10519,10519,10,10
2019-03-26 15:00:26.443,10518,10518,10518,1,-1
2019-03-26 15:00:32.850,10519,10519,10519,1,1
2019-03-26 15:00:37.911,10518,10518,10518,4,-4
2019-03-26 15:00:43.313,10518,10518,10518,4,4
2019-03-26 15:00:43.518,10518,10518,10518,1,1
2019-03-26 15:00:44.094,10518,10518,10518,1,1
2019-03-26 15:00:44.485,10518,10518,10518,2,2
2019-03-26 15:00:45.289,10518,10518,10518,1,1
2019-03-26 15:00:47.207,10518,10518,10518,2,2
2019-03-26 15:00:47.998,10518,10518,10518,1,1
2019-03-26 15:00:48.454,10518,10518,10518,1,1
2019-03-26 15:00:51.331,10518,10518,10518,2,2
2019-03-26 15:00:51.453,10519,10519,10519,1,1
2019-03-26 15:00:53.686,10518,10518,10518,2,-2
2019-03-26 15:00:58.614,10519,10519,10519,3,3
2019-03-26 15:01:00.017,10518,10518,10518,14,-14
2019-03-26 15:01:00.151,10518,10518,10518,1,1
2019-03-26 15:01:00.460,10517,10517,10517,1,-1
2019-03-26 15:01:04.173,10518,10518,10518,4,4
2019-03-26 15:01:06.540,10518,10518,10518,1,1
2019-03-26 15:01:07.821,10518,10518,10518,4,4
2019-03-26 15:01:09.083,10517,10517,10517,3,-3
2019-03-26 15:01:10.296,10518,10518,10518,1,1
2019-03-26 15:01:16.053,10517,10517,10517,1,-1
2019-03-26 15:01:19.332,10517,10517,10517,3,3
2019-03-26 15:01:20.042,10518,10518,10518,5,5
2019-03-26 15:01:23.038,10518,10518,10518,1,1
2019-03-26 15:01:27.169,10518,10518,10518,1,1
2019-03-26 15:01:27.382,10518,10518,10518,1,1
2019-03-26 15:01:29.367,10518,10518,10518,1,1
2019-03-26 15:01:31.584,10518,10518,10518,2,2
2019-03-26 15:01:33.313,10518,10518,10518,1,1
2019-03-26 15:01:35.169,10518,10518,10518,1,1
2019-03-26 15:01:36.582,10518,10518,10518,1,1
2019-03-26 15:01:37.064,10518,10518,10518,1,1
2019-03-26 15:01:37.955,10518,10518,10518,1,1
2019-03-26 15:01:39.068,10518,10518,10518,1,1
2019-03-26 15:01:39.581,10518,10518,10518,1,1
2019-03-26 15:01:40.237,10518,10518,10518,1,1
2019-03-26 15:01:41.539,10518,10518,10518,1,1
2019-03-26 15:01:42.411,10518,10518,10518,5,5
2019-03-26 15:01:45.226,10517,10517,10517,1,-1
2019-03-26 15:01:47.746,10518,10518,10518,1,1
2019-03-26 15:01:49.070,10518,10518,10518,1,1
2019-03-26 15:01:52.815,10518,10518,10518,1,1
2019-03-26 15:01:53.997,10518,10518,10518,1,1
2019-03-26 15:02:13.892,10517,10517,10517,1,-1
2019-03-26 15:02:16.037,10518,10518,10518,1,1
2019-03-26 15:02:18.634,10518,10518,10518,1,1
2019-03-26 15:02:20.002,10518,10518,10518,1,1
2019-03-26 15:02:20.621,10517,10517,10517,6,-6
2019-03-26 15:02:20.643,10517,10517,10517,4,4
2019-03-26 15:02:20.643,10517,10517,10517,4,4
2019-03-26 15:02:20.643,10517,10517,10517,2,2
2019-03-26 15:02:20.643,10517,10517,10517,3,3
2019-03-26 15:02:20.644,10517,10517,10517,5,5
2019-03-26 15:02:20.644,10517,10517,10517,2,2
2019-03-26 15:02:20.767,10517,10517,10517,2,2
2019-03-26 15:02:22.467,10517,10517,10517,1,1
2019-03-26 15:02:23.500,10517,10517,10517,1,1
2019-03-26 15:02:25.406,10517,10517,10517,5,5
2019-03-26 15:02:27.974,10517,10517,10517,1,1
2019-03-26 15:02:29.810,10517,10517,10517,5,5
2019-03-26 15:02:31.842,10516,10516,10516,2,-2
2019-03-26 15:02:32.234,10517,10517,10517,1,1
2019-03-26 15:02:33.705,10517,10517,10517,1,1
2019-03-26 15:02:36.439,10517,10517,10517,5,5
2019-03-26 15:02:38.648,10517,10517,10517,5,5
2019-03-26 15:02:39.433,10517,10517,10517,1,1
2019-03-26 15:02:40.867,10517,10517,10517,1,1
2019-03-26 15:02:41.570,10516,10516,10516,1,-1
2019-03-26 15:02:47.023,10516,10516,10516,1,1
2019-03-26 15:02:51.009,10517,10517,10517,2,2
2019-03-26 15:02:51.169,10516,10516,10516,1,-1
2019-03-26 15:02:52.060,10516,10516,10516,1,1
2019-03-26 15:02:52.181,10516,10516,10516,1,1
2019-03-26 15:03:07.359,10517,10517,10517,2,2
2019-03-26 15:03:08.700,10517,10517,10517,1,1
2019-03-26 15:03:08.700,10517,10517,10517,1,1
2019-03-26 15:03:08.700,10517,10517,10517,10,10
2019-03-26 15:03:08.892,10517,10517,10517,1,1
2019-03-26 15:03:09.495,10517,10517,10517,4,4
2019-03-26 15:03:09.656,10517,10517,10517,1,1
2019-03-26 15:03:20.683,10518,10518,10518,1,1
2019-03-26 15:03:23.180,10518,10518,10518,40,40
2019-03-26 15:03:23.517,10518,10518,10518,10,10
2019-03-26 15:03:32.767,10518,10518,10518,3,3
2019-03-26 15:03:35.103,10518,10518,10518,1,1
2019-03-26 15:03:42.834,10518,10518,10518,6,6
2019-03-26 15:03:45.854,10518,10518,10518,1,1
2019-03-26 15:03:51.469,10518,10518,10518,3,3
2019-03-26 15:03:51.520,10518,10518,10518,2,2
2019-03-26 15:03:51.856,10518,10518,10518,1,1
2019-03-26 15:03:53.652,10518,10518,10518,1,1
2019-03-26 15:03:53.652,10518,10518,10518,1,1
2019-03-26 15:03:53.868,10518,10518,10518,1,1
2019-03-26 15:03:55.440,10518,10518,10518,2,2
2019-03-26 15:03:56.290,10518,10518,10518,2,2
2019-03-26 15:04:00.309,10518,10518,10518,6,6
2019-03-26 15:04:01.730,10518,10518,10518,1,1
2019-03-26 15:04:02.425,10518,10518,10518,1,1
2019-03-26 15:04:03.439,10518,10518,10518,1,1
2019-03-26 15:04:05.288,10518,10518,10518,1,1
2019-03-26 15:04:09.141,10518,10518,10518,1,1
2019-03-26 15:04:20.091,10518,10518,10518,13,13
2019-03-26 15:04:20.215,10518,10518,10518,2,2
2019-03-26 15:04:21.133,10519,10519,10519,2,2
2019-03-26 15:04:21.207,10518,10518,10518,1,-1
2019-03-26 15:04:26.787,10518,10518,10518,3,3
2019-03-26 15:04:26.892,10518,10518,10518,1,1
2019-03-26 15:04:32.671,10518,10518,10518,1,1
2019-03-26 15:04:33.209,10518,10518,10518,3,3
2019-03-26 15:04:50.757,10518,10518,10518,2,2
2019-03-26 15:04:53.846,10518,10518,10518,1,1
2019-03-26 15:04:54.375,10518,10518,10518,8,8
2019-03-26 15:04:54.375,10518,10518,10518,2,2
2019-03-26 15:04:55.465,10519,10519,10519,2,2
2019-03-26 15:05:01.118,10518,10518,10518,1,-1
2019-03-26 15:05:01.725,10517,10517,10517,1,-1
2019-03-26 15:05:02.232,10519,10519,10519,1,1
2019-03-26 15:05:08.827,10518,10518,10518,1,-1
2019-03-26 15:05:15.775,10518,10518,10518,1,1
2019-03-26 15:05:16.121,10518,10518,10518,1,1
2019-03-26 15:05:16.332,10518,10518,10518,1,1
2019-03-26 15:05:20.012,10518,10518,10518,1,1
2019-03-26 15:05:21.095,10518,10518,10518,1,1
2019-03-26 15:05:22.545,10518,10518,10518,1,1
2019-03-26 15:05:24.752,10519,10519,10519,2,2
2019-03-26 15:05:26.718,10518,10518,10518,1,-1
2019-03-26 15:05:32.863,10518,10518,10518,4,4
2019-03-26 15:05:33.061,10518,10518,10518,1,1
2019-03-26 15:05:42.424,10518,10518,10518,8,8
2019-03-26 15:05:42.424,10518,10518,10518,2,2
2019-03-26 15:05:42.635,10517,10517,10517,1,-1
2019-03-26 15:05:42.696,10517,10517,10517,1,1
2019-03-26 15:05:47.166,10517,10517,10517,5,5
2019-03-26 15:05:47.501,10517,10517,10517,5,5
2019-03-26 15:05:51.785,10518,10518,10518,1,1
2019-03-26 15:06:04.923,10517,10517,10517,2,-2
2019-03-26 15:06:07.514,10517,10517,10517,5,5
2019-03-26 15:06:08.914,10517,10517,10517,1,1
2019-03-26 15:06:09.568,10517,10517,10517,1,1
2019-03-26 15:06:09.854,10517,10517,10517,4,4
2019-03-26 15:06:17.624,10517,10517,10517,2,2
2019-03-26 15:06:27.654,10517,10517,10517,1,1
2019-03-26 15:06:29.383,10517,10517,10517,2,2
2019-03-26 15:06:29.810,10517,10517,10517,2,2
2019-03-26 15:06:29.892,10517,10517,10517,1,1
2019-03-26 15:06:30.480,10517,10517,10517,2,2
2019-03-26 15:06:33.955,10517,10517,10517,1,1
2019-03-26 15:06:34.273,10518,10518,10518,1,1
2019-03-26 15:06:34.371,10517,10517,10517,1,-1
2019-03-26 15:06:34.702,10517,10517,10517,2,2
2019-03-26 15:06:42.546,10517,10517,10517,5,5
2019-03-26 15:06:44.860,10517,10517,10517,1,1
2019-03-26 15:06:45.885,10517,10517,10517,1,1
2019-03-26 15:06:48.596,10517,10517,10517,1,1
2019-03-26 15:06:49.800,10517,10517,10517,2,2
2019-03-26 15:06:54.017,10517,10517,10517,1,1
2019-03-26 15:06:56.355,10517,10517,10517,2,2
2019-03-26 15:07:11.287,10517,10517,10517,1,1
2019-03-26 15:07:15.735,10517,10517,10517,2,2
2019-03-26 15:07:28.115,10517,10517,10517,1,1
2019-03-26 15:07:33.959,10516,10516,10516,1,-1
2019-03-26 15:07:36.148,10516,10516,10516,1,1
2019-03-26 15:07:38.430,10516,10516,10516,7,7
2019-03-26 15:07:47.330,10516,10516,10516,1,1
2019-03-26 15:07:50.503,10517,10517,10517,1,1
2019-03-26 15:07:57.782,10517,10517,10517,1,1
2019-03-26 15:08:04.389,10517,10517,10517,1,1
2019-03-26 15:08:12.315,10517,10517,10517,1,1
2019-03-26 15:08:13.856,10517,10517,10517,1,1
2019-03-26 15:08:18.177,10516,10516,10516,1,-1
2019-03-26 15:08:18.254,10517,10517,10517,8,8
2019-03-26 15:08:18.254,10517,10517,10517,2,2
2019-03-26 15:08:18.255,10517,10517,10517,8,8
2019-03-26 15:08:18.268,10517,10517,10517,9,9
2019-03-26 15:08:18.268,10517,10517,10517,1,1
2019-03-26 15:08:18.494,10517,10517,10517,2,2
2019-03-26 15:08:18.501,10517,10517,10517,2,2
2019-03-26 15:08:19.612,10517,10517,10517,2,2
2019-03-26 15:08:21.759,10517,10517,10517,1,1
2019-03-26 15:08:23.517,10517,10517,10517,1,1
2019-03-26 15:08:24.917,10517,10517,10517,1,1
2019-03-26 15:08:25.613,10517,10517,10517,2,2
2019-03-26 15:08:29.472,10517,10517,10517,2,2
2019-03-26 15:08:31.678,10517,10517,10517,2,2
2019-03-26 15:08:37.521,10517,10517,10517,1,1
2019-03-26 15:08:38.010,10517,10517,10517,2,2
2019-03-26 15:08:44.008,10517,10517,10517,6,6
2019-03-26 15:08:44.017,10517,10517,10517,1,1
2019-03-26 15:08:44.086,10517,10517,10517,1,1
2019-03-26 15:08:51.821,10517,10517,10517,2,2
2019-03-26 15:08:53.502,10517,10517,10517,1,1
2019-03-26 15:08:54.509,10517,10517,10517,2,2
2019-03-26 15:08:57.456,10517,10517,10517,5,5
2019-03-26 15:09:01.491,10517,10517,10517,4,4
2019-03-26 15:09:04.986,10518,10518,10518,1,1
2019-03-26 15:09:06.966,10517,10517,10517,1,-1
2019-03-26 15:09:06.968,10517,10517,10517,2,2
2019-03-26 15:09:06.968,10517,10517,10517,1,1
2019-03-26 15:09:06.969,10517,10517,10517,5,5
2019-03-26 15:09:13.733,10516,10516,10516,5,-5
2019-03-26 15:09:19.398,10517,10517,10517,1,1
2019-03-26 15:09:45.293,10517,10517,10517,2,2
2019-03-26 15:09:46.766,10517,10517,10517,1,1
2019-03-26 15:10:03.734,10517,10517,10517,5,5
2019-03-26 15:10:11.909,10517,10517,10517,1,1
2019-03-26 15:10:27.982,10517,10517,10517,1,1
2019-03-26 15:10:38.677,10516,10516,10516,1,-1
2019-03-26 15:10:39.645,10516,10516,10516,14,14
2019-03-26 15:10:41.623,10516,10516,10516,1,1
2019-03-26 15:10:44.017,10516,10516,10516,1,1
2019-03-26 15:10:49.045,10516,10516,10516,9,9
2019-03-26 15:11:01.544,10517,10517,10517,4,4
2019-03-26 15:11:01.546,10517,10517,10517,1,1
2019-03-26 15:11:01.549,10517,10517,10517,8,8
2019-03-26 15:11:01.585,10517,10517,10517,4,4
2019-03-26 15:11:01.642,10517,10517,10517,1,1
2019-03-26 15:11:02.664,10517,10517,10517,1,1
2019-03-26 15:11:06.142,10517,10517,10517,1,1
2019-03-26 15:11:24.267,10517,10517,10517,1,1
2019-03-26 15:11:29.274,10516,10516,10516,1,-1
2019-03-26 15:11:44.656,10517,10517,10517,2,2
2019-03-26 15:11:44.678,10517,10517,10517,1,1
2019-03-26 15:11:46.091,10516,10516,10516,1,-1
2019-03-26 15:11:56.069,10517,10517,10517,1,1
2019-03-26 15:11:56.233,10517,10517,10517,1,1
2019-03-26 15:11:56.829,10517,10517,10517,1,1
2019-03-26 15:12:06.959,10517,10517,10517,1,1
2019-03-26 15:12:08.881,10517,10517,10517,1,1
2019-03-26 15:12:13.694,10517,10517,10517,1,1
2019-03-26 15:12:14.009,10517,10517,10517,1,1
2019-03-26 15:12:14.522,10517,10517,10517,1,1
2019-03-26 15:12:17.795,10517,10517,10517,1,1
2019-03-26 15:12:41.912,10517,10517,10517,2,2
2019-03-26 15:12:43.977,10517,10517,10517,1,1
2019-03-26 15:12:44.201,10517,10517,10517,1,1
2019-03-26 15:12:47.200,10517,10517,10517,1,1
2019-03-26 15:12:49.493,10517,10517,10517,1,1
2019-03-26 15:13:07.498,10517,10517,10517,1,1
2019-03-26 15:13:19.543,10517,10517,10517,2,2
2019-03-26 15:13:30.232,10517,10517,10517,2,2
2019-03-26 15:13:37.539,10517,10517,10517,1,1
2019-03-26 15:13:47.585,10517,10517,10517,1,1
2019-03-26 15:14:16.514,10516,10516,10516,1,-1
2019-03-26 15:14:21.554,10517,10517,10517,15,15
2019-03-26 15:14:21.557,10517,10517,10517,1,1
2019-03-26 15:14:21.576,10517,10517,10517,3,3
2019-03-26 15:14:30.884,10516,10516,10516,1,-1
2019-03-26 15:14:37.967,10517,10517,10517,1,1
2019-03-26 15:14:40.886,10517,10517,10517,1,1
2019-03-26 15:14:52.885,10517,10517,10517,3,3
2019-03-26 15:14:58.069,10517,10517,10517,1,1
2019-03-26 15:15:00.987,10517,10517,10517,1,1
2019-03-26 15:15:01.573,10516,10516,10516,4,-4
2019-03-26 15:15:01.642,10516,10516,10516,17,17
2019-03-26 15:15:01.701,10516,10516,10516,1,1
2019-03-26 15:15:01.768,10516,10516,10516,8,8
2019-03-26 15:15:01.768,10516,10516,10516,12,12
2019-03-26 15:15:16.211,10516,10516,10516,1,1
2019-03-26 15:15:21.078,10516,10516,10516,1,1
2019-03-26 15:15:26.826,10516,10516,10516,1,1
2019-03-26 15:15:40.356,10516,10516,10516,2,2
2019-03-26 15:15:45.536,10516,10516,10516,1,1
2019-03-26 15:15:46.346,10516,10516,10516,1,1
2019-03-26 15:15:47.751,10516,10516,10516,1,1
2019-03-26 15:15:56.205,10516,10516,10516,2,2
2019-03-26 15:15:59.995,10516,10516,10516,1,1
2019-03-26 15:16:14.729,10516,10516,10516,1,1
2019-03-26 15:16:15.470,10516,10516,10516,1,1
2019-03-26 15:16:18.270,10516,10516,10516,1,1
2019-03-26 15:16:19.546,10516,10516,10516,3,3
2019-03-26 15:16:48.905,10516,10516,10516,1,1
2019-03-26 15:17:30.559,10515,10515,10515,1,-1
2019-03-26 15:17:33.141,10515,10515,10515,1,1
2019-03-26 15:17:42.975,10515,10515,10515,3,3
2019-03-26 15:17:48.053,10515,10515,10515,1,1
2019-03-26 15:17:54.153,10515,10515,10515,2,2
2019-03-26 15:18:25.710,10516,10516,10516,1,1
2019-03-26 15:18:26.458,10515,10515,10515,1,-1
2019-03-26 15:18:33.219,10515,10515,10515,1,1
2019-03-26 15:18:35.191,10515,10515,10515,9,9
2019-03-26 15:18:44.615,10515,10515,10515,1,1
2019-03-26 15:18:47.413,10515,10515,10515,1,1
2019-03-26 15:18:51.234,10515,10515,10515,1,1
2019-03-26 15:18:57.362,10515,10515,10515,1,1
2019-03-26 15:18:57.772,10515,10515,10515,1,1
2019-03-26 15:19:01.516,10515,10515,10515,1,1
2019-03-26 15:19:03.493,10515,10515,10515,1,1
2019-03-26 15:19:10.531,10515,10515,10515,1,1
2019-03-26 15:19:17.292,10515,10515,10515,1,1
2019-03-26 15:19:19.950,10515,10515,10515,1,1
2019-03-26 15:19:23.188,10515,10515,10515,1,1
2019-03-26 15:19:30.666,10515,10515,10515,1,1
2019-03-26 15:19:30.928,10515,10515,10515,3,3
2019-03-26 15:19:41.930,10515,10515,10515,1,1
2019-03-26 15:19:42.373,10515,10515,10515,1,1
2019-03-26 15:20:01.374,10516,10516,10516,1,1
2019-03-26 15:20:09.667,10515,10515,10515,4,-4
2019-03-26 15:20:15.344,10516,10516,10516,1,1
2019-03-26 15:20:26.361,10516,10516,10516,1,1
2019-03-26 15:20:26.361,10516,10516,10516,2,2
2019-03-26 15:20:26.361,10516,10516,10516,4,4
2019-03-26 15:20:26.361,10516,10516,10516,8,8
2019-03-26 15:20:26.518,10516,10516,10516,13,13
2019-03-26 15:20:26.600,10516,10516,10516,1,1
2019-03-26 15:20:26.959,10516,10516,10516,1,1
2019-03-26 15:20:46.904,10517,10517,10517,1,1
2019-03-26 15:20:47.107,10516,10516,10516,1,-1
2019-03-26 15:21:16.345,10516,10516,10516,1,1
2019-03-26 15:21:24.999,10516,10516,10516,3,3
2019-03-26 15:21:25.743,10516,10516,10516,2,2
2019-03-26 15:21:30.064,10516,10516,10516,3,3
2019-03-26 15:21:37.399,10516,10516,10516,1,1
2019-03-26 15:21:40.997,10516,10516,10516,1,1
2019-03-26 15:21:49.356,10516,10516,10516,1,1
2019-03-26 15:22:26.198,10516,10516,10516,1,1
2019-03-26 15:22:26.199,10516,10516,10516,3,3
2019-03-26 15:22:28.353,10516,10516,10516,1,1
2019-03-26 15:22:34.107,10516,10516,10516,1,1
2019-03-26 15:22:34.107,10517,10517,10517,1,1
2019-03-26 15:22:39.973,10516,10516,10516,1,-1
2019-03-26 15:22:46.463,10517,10517,10517,1,1
2019-03-26 15:22:52.031,10516,10516,10516,1,-1
2019-03-26 15:23:20.361,10517,10517,10517,1,1
2019-03-26 15:23:23.934,10517,10517,10517,1,1
2019-03-26 15:23:24.459,10517,10517,10517,3,3
2019-03-26 15:23:24.903,10517,10517,10517,3,3
2019-03-26 15:24:06.611,10517,10517,10517,1,1
2019-03-26 15:25:00.123,10517,10517,10517,1,1
2019-03-26 15:25:00.123,10517,10517,10517,2,2
2019-03-26 15:25:00.123,10517,10517,10517,5,5
2019-03-26 15:25:00.363,10517,10517,10517,1,1
2019-03-26 15:25:04.633,10517,10517,10517,1,1
2019-03-26 15:25:05.765,10516,10516,10516,3,-3
2019-03-26 15:25:05.765,10516,10516,10516,16,16
2019-03-26 15:25:09.412,10516,10516,10516,1,1
2019-03-26 15:25:28.186,10516,10516,10516,1,1
2019-03-26 15:25:28.186,10516,10516,10516,2,2
2019-03-26 15:25:42.540,10516,10516,10516,1,1
2019-03-26 15:25:48.865,10516,10516,10516,1,1
2019-03-26 15:26:02.272,10516,10516,10516,2,2
2019-03-26 15:26:10.725,10516,10516,10516,4,4
2019-03-26 15:26:33.118,10516,10516,10516,1,1
2019-03-26 15:26:58.822,10516,10516,10516,1,1
2019-03-26 15:26:58.822,10516,10516,10516,5,5
2019-03-26 15:26:58.822,10516,10516,10516,4,4
2019-03-26 15:27:16.789,10516,10516,10516,1,1
2019-03-26 15:27:47.373,10516,10516,10516,2,2
2019-03-26 15:27:47.373,10516,10516,10516,4,4
2019-03-26 15:28:01.550,10516,10516,10516,1,1
2019-03-26 15:28:06.186,10516,10516,10516,1,1
2019-03-26 15:28:23.032,10515,10515,10515,1,-1
2019-03-26 15:28:23.069,10515,10515,10515,4,4
2019-03-26 15:28:26.519,10515,10515,10515,1,1
2019-03-26 15:28:29.484,10515,10515,10515,5,5
2019-03-26 15:28:31.693,10515,10515,10515,3,3
2019-03-26 15:28:42.169,10515,10515,10515,1,1
2019-03-26 15:28:45.586,10515,10515,10515,1,1
2019-03-26 15:28:49.594,10515,10515,10515,5,5
2019-03-26 15:28:50.330,10515,10515,10515,1,1
2019-03-26 15:28:54.077,10515,10515,10515,1,1
2019-03-26 15:28:56.095,10515,10515,10515,1,1
2019-03-26 15:29:00.468,10515,10515,10515,4,4
2019-03-26 15:29:02.213,10515,10515,10515,1,1
2019-03-26 15:29:02.267,10515,10515,10515,1,1
2019-03-26 15:29:02.310,10515,10515,10515,1,1
2019-03-26 15:29:04.526,10514,10514,10514,2,-2
2019-03-26 15:29:04.730,10514,10514,10514,1,1
2019-03-26 15:29:05.361,10514,10514,10514,2,2
2019-03-26 15:29:05.911,10514,10514,10514,2,2
2019-03-26 15:29:07.169,10515,10515,10515,1,1
2019-03-26 15:29:33.133,10514,10514,10514,2,-2
2019-03-26 15:29:34.850,10514,10514,10514,1,1
2019-03-26 15:29:37.952,10514,10514,10514,1,1
2019-03-26 15:29:41.239,10514,10514,10514,1,1
2019-03-26 15:29:46.065,10514,10514,10514,1,1
2019-03-26 15:29:46.742,10515,10515,10515,10,10
2019-03-26 15:29:46.742,10515,10515,10515,8,8
2019-03-26 15:29:46.779,10515,10515,10515,1,1
2019-03-26 15:29:47.031,10515,10515,10515,1,1
2019-03-26 15:29:58.738,10515,10515,10515,1,1
2019-03-26 15:30:11.935,10515,10515,10515,3,3
2019-03-26 15:30:12.313,10514,10514,10514,1,-1
2019-03-26 15:30:12.737,10515,10515,10515,1,1
2019-03-26 15:30:12.991,10514,10514,10514,5,-5
2019-03-26 15:30:13.163,10514,10514,10514,2,2
2019-03-26 15:30:13.223,10514,10514,10514,1,1
2019-03-26 15:30:13.496,10514,10514,10514,1,1
2019-03-26 15:30:14.094,10514,10514,10514,2,2
2019-03-26 15:30:23.416,10514,10514,10514,2,2
2019-03-26 15:30:25.831,10514,10514,10514,1,1
2019-03-26 15:30:26.903,10514,10514,10514,2,2
2019-03-26 15:30:29.895,10514,10514,10514,3,3
2019-03-26 15:30:35.429,10514,10514,10514,1,1
2019-03-26 15:31:02.017,10515,10515,10515,1,1
2019-03-26 15:31:02.070,10515,10515,10515,2,2
2019-03-26 15:31:02.070,10515,10515,10515,4,4
2019-03-26 15:31:02.070,10515,10515,10515,5,5
2019-03-26 15:31:02.070,10515,10515,10515,4,4
2019-03-26 15:31:02.070,10515,10515,10515,1,1
2019-03-26 15:31:07.047,10516,10516,10516,1,1
2019-03-26 15:31:34.854,10515,10515,10515,10,-10
2019-03-26 15:31:42.368,10515,10515,10515,2,2
2019-03-26 15:31:42.368,10514,10514,10514,2,-2
2019-03-26 15:31:48.390,10515,10515,10515,1,1
2019-03-26 15:31:49.850,10515,10515,10515,1,1
2019-03-26 15:31:59.412,10515,10515,10515,1,1
2019-03-26 15:32:03.169,10515,10515,10515,2,2
2019-03-26 15:32:03.169,10514,10514,10514,8,-8
2019-03-26 15:32:04.229,10515,10515,10515,1,1
2019-03-26 15:32:30.219,10515,10515,10515,1,1
2019-03-26 15:32:52.380,10515,10515,10515,2,2
2019-03-26 15:33:25.606,10515,10515,10515,1,1
2019-03-26 15:33:25.665,10515,10515,10515,1,1
2019-03-26 15:33:37.644,10515,10515,10515,1,1
2019-03-26 15:33:48.517,10515,10515,10515,1,1
2019-03-26 15:34:26.772,10515,10515,10515,13,13
2019-03-26 15:34:28.444,10515,10515,10515,1,1
2019-03-26 15:35:01.105,10515,10515,10515,3,3
2019-03-26 15:35:01.144,10515,10515,10515,1,1
2019-03-26 15:35:47.551,10515,10515,10515,3,3
2019-03-26 15:35:48.355,10515,10515,10515,1,1
2019-03-26 15:35:48.361,10515,10515,10515,1,1
2019-03-26 15:36:02.716,10516,10516,10516,6,6
2019-03-26 15:36:02.767,10516,10516,10516,15,15
2019-03-26 15:36:04.869,10517,10517,10517,1,1
2019-03-26 15:36:06.181,10517,10517,10517,1,1
2019-03-26 15:36:21.478,10516,10516,10516,1,-1
2019-03-26 15:36:24.710,10516,10516,10516,8,8
2019-03-26 15:36:24.710,10516,10516,10516,2,2
2019-03-26 15:36:24.908,10516,10516,10516,2,2
2019-03-26 15:36:27.005,10516,10516,10516,1,1
2019-03-26 15:36:29.904,10516,10516,10516,1,1
2019-03-26 15:36:40.400,10516,10516,10516,1,1
2019-03-26 15:36:48.767,10516,10516,10516,2,2
2019-03-26 15:37:02.825,10517,10517,10517,3,3
2019-03-26 15:37:03.989,10516,10516,10516,8,-8
2019-03-26 15:37:04.633,10516,10516,10516,1,1
2019-03-26 15:37:05.505,10516,10516,10516,1,1
2019-03-26 15:37:05.505,10516,10516,10516,1,1
2019-03-26 15:37:05.506,10516,10516,10516,1,1
2019-03-26 15:37:08.302,10516,10516,10516,1,1
2019-03-26 15:37:12.366,10516,10516,10516,1,1
2019-03-26 15:37:13.280,10516,10516,10516,5,5
2019-03-26 15:37:13.850,10516,10516,10516,1,1
2019-03-26 15:37:18.791,10516,10516,10516,1,1
2019-03-26 15:38:15.483,10516,10516,10516,1,1
2019-03-26 15:38:19.933,10517,10517,10517,9,9
2019-03-26 15:38:19.933,10517,10517,10517,2,2
2019-03-26 15:38:19.933,10517,10517,10517,3,3
2019-03-26 15:38:57.892,10517,10517,10517,1,1
2019-03-26 15:39:54.399,10517,10517,10517,1,1
2019-03-26 15:40:02.153,10518,10518,10518,2,2
2019-03-26 15:40:04.499,10517,10517,10517,1,-1
2019-03-26 15:40:15.747,10517,10517,10517,1,1
2019-03-26 15:40:29.454,10517,10517,10517,10,10
2019-03-26 15:40:33.489,10517,10517,10517,1,1
2019-03-26 15:41:05.710,10518,10518,10518,1,1
2019-03-26 15:41:09.767,10518,10518,10518,2,2
2019-03-26 15:41:09.768,10518,10518,10518,2,2
2019-03-26 15:41:09.892,10518,10518,10518,1,1
2019-03-26 15:41:09.892,10518,10518,10518,5,5
2019-03-26 15:41:24.316,10519,10519,10519,1,1
2019-03-26 15:41:29.304,10518,10518,10518,1,-1
2019-03-26 15:41:29.304,10518,10518,10518,2,2
2019-03-26 15:41:29.304,10518,10518,10518,4,4
2019-03-26 15:41:29.304,10518,10518,10518,6,6
2019-03-26 15:41:29.304,10518,10518,10518,2,2
2019-03-26 15:41:29.304,10518,10518,10518,2,2
2019-03-26 15:41:29.304,10518,10518,10518,1,1
2019-03-26 15:41:29.304,10518,10518,10518,10,10
2019-03-26 15:41:29.304,10518,10518,10518,5,5
2019-03-26 15:41:35.402,10518,10518,10518,1,1
2019-03-26 15:41:46.898,10519,10519,10519,15,15
2019-03-26 15:41:51.154,10518,10518,10518,2,-2
2019-03-26 15:41:51.154,10518,10518,10518,1,1
2019-03-26 15:42:32.250,10519,10519,10519,1,1
2019-03-26 15:42:40.819,10519,10519,10519,1,1
2019-03-26 15:42:41.286,10519,10519,10519,5,5
2019-03-26 15:42:43.445,10519,10519,10519,3,3
2019-03-26 15:43:02.059,10519,10519,10519,1,1
2019-03-26 15:43:02.524,10520,10520,10520,3,3
2019-03-26 15:43:02.664,10520,10520,10520,1,1
2019-03-26 15:43:02.667,10520,10520,10520,5,5
2019-03-26 15:43:02.667,10520,10520,10520,5,5
2019-03-26 15:43:02.673,10520,10520,10520,1,1
2019-03-26 15:43:09.122,10520,10520,10520,2,2
2019-03-26 15:43:23.551,10520,10520,10520,3,3
2019-03-26 15:43:30.217,10520,10520,10520,1,1
2019-03-26 15:43:30.429,10520,10520,10520,1,1
2019-03-26 15:43:31.115,10520,10520,10520,1,1
2019-03-26 15:43:31.127,10520,10520,10520,1,1
2019-03-26 15:43:32.081,10520,10520,10520,3,3
2019-03-26 15:43:32.295,10520,10520,10520,1,1
2019-03-26 15:43:38.711,10520,10520,10520,2,2
2019-03-26 15:43:40.726,10520,10520,10520,10,10
2019-03-26 15:43:41.531,10520,10520,10520,1,1
2019-03-26 15:43:41.850,10520,10520,10520,1,1
2019-03-26 15:43:42.343,10520,10520,10520,1,1
2019-03-26 15:43:48.625,10520,10520,10520,1,1
2019-03-26 15:43:58.101,10520,10520,10520,1,1
2019-03-26 15:43:58.144,10520,10520,10520,7,7
2019-03-26 15:44:00.524,10519,10519,10519,1,-1
2019-03-26 15:44:15.052,10520,10520,10520,1,1
2019-03-26 15:44:18.115,10520,10520,10520,1,1
2019-03-26 15:44:21.238,10520,10520,10520,5,5
2019-03-26 15:44:21.892,10520,10520,10520,3,3
2019-03-26 15:44:21.892,10520,10520,10520,2,2
2019-03-26 15:44:32.844,10520,10520,10520,2,2
2019-03-26 15:44:35.501,10520,10520,10520,2,2
2019-03-26 15:44:35.501,10520,10520,10520,4,4
2019-03-26 15:44:35.501,10521,10521,10521,1,1
2019-03-26 15:44:35.712,10521,10521,10521,2,2
2019-03-26 15:44:36.501,10521,10521,10521,1,1
2019-03-26 15:44:37.499,10520,10520,10520,2,-2
2019-03-26 15:44:37.500,10520,10520,10520,2,2
2019-03-26 15:44:49.559,10520,10520,10520,1,1
2019-03-26 15:44:55.974,10520,10520,10520,1,1
2019-03-26 15:44:58.662,10521,10521,10521,3,3
2019-03-26 15:45:03.925,10521,10521,10521,3,3
2019-03-26 15:45:04.349,10520,10520,10520,1,-1
2019-03-26 15:45:10.161,10521,10521,10521,2,2
2019-03-26 15:45:18.617,10520,10520,10520,1,-1
2019-03-26 15:45:18.870,10521,10521,10521,1,1
2019-03-26 15:45:19.120,10521,10521,10521,1,1
2019-03-26 15:45:23.673,10521,10521,10521,2,2
2019-03-26 15:45:31.558,10521,10521,10521,1,1
2019-03-26 15:45:54.107,10521,10521,10521,1,1
2019-03-26 15:45:58.146,10521,10521,10521,6,6
2019-03-26 15:45:58.267,10521,10521,10521,8,8
2019-03-26 15:45:58.268,10521,10521,10521,4,4
2019-03-26 15:45:58.687,10522,10522,10522,1,1
2019-03-26 15:46:02.841,10522,10522,10522,3,3
2019-03-26 15:46:03.466,10521,10521,10521,1,-1
2019-03-26 15:46:12.431,10522,10522,10522,5,5
2019-03-26 15:46:13.085,10521,10521,10521,1,-1
2019-03-26 15:46:27.653,10521,10521,10521,2,2
2019-03-26 15:46:30.788,10521,10521,10521,5,5
2019-03-26 15:46:40.310,10521,10521,10521,1,1
2019-03-26 15:46:42.642,10521,10521,10521,3,3
2019-03-26 15:47:04.069,10521,10521,10521,2,2
2019-03-26 15:47:04.309,10521,10521,10521,1,1
2019-03-26 15:47:14.353,10522,10522,10522,2,2
2019-03-26 15:47:14.855,10521,10521,10521,1,-1
2019-03-26 15:47:16.347,10521,10521,10521,1,1
2019-03-26 15:47:17.005,10522,10522,10522,2,2
2019-03-26 15:47:22.957,10522,10522,10522,1,1
2019-03-26 15:47:24.847,10522,10522,10522,1,1
2019-03-26 15:47:28.918,10522,10522,10522,1,1
2019-03-26 15:47:34.229,10522,10522,10522,15,15
2019-03-26 15:47:38.560,10522,10522,10522,1,1
2019-03-26 15:47:50.124,10522,10522,10522,1,1
2019-03-26 15:48:19.430,10522,10522,10522,3,3
2019-03-26 15:48:19.529,10522,10522,10522,2,2
2019-03-26 15:48:24.190,10522,10522,10522,5,5
2019-03-26 15:48:24.247,10522,10522,10522,12,12
2019-03-26 15:48:38.129,10523,10523,10523,1,1
2019-03-26 15:48:38.324,10522,10522,10522,2,-2
2019-03-26 15:48:38.908,10523,10523,10523,3,3
2019-03-26 15:48:40.747,10523,10523,10523,4,4
2019-03-26 15:48:41.780,10523,10523,10523,1,1
2019-03-26 15:48:44.632,10523,10523,10523,3,3
2019-03-26 15:48:44.881,10523,10523,10523,2,2
2019-03-26 15:48:46.048,10523,10523,10523,1,1
2019-03-26 15:48:52.754,10523,10523,10523,2,2
2019-03-26 15:48:56.128,10523,10523,10523,1,1
2019-03-26 15:48:56.987,10523,10523,10523,1,1
2019-03-26 15:49:01.460,10523,10523,10523,1,1
2019-03-26 15:49:06.166,10523,10523,10523,1,1
2019-03-26 15:49:06.352,10523,10523,10523,1,1
2019-03-26 15:49:06.472,10523,10523,10523,1,1
2019-03-26 15:49:07.644,10523,10523,10523,1,1
2019-03-26 15:49:07.979,10523,10523,10523,1,1
2019-03-26 15:49:08.683,10523,10523,10523,15,15
2019-03-26 15:49:10.450,10523,10523,10523,3,3
2019-03-26 15:49:19.809,10523,10523,10523,19,19
2019-03-26 15:49:25.387,10523,10523,10523,4,4
2019-03-26 15:49:27.629,10523,10523,10523,1,1
2019-03-26 15:49:33.114,10523,10523,10523,1,1
2019-03-26 15:49:36.616,10523,10523,10523,3,3
2019-03-26 15:49:36.961,10523,10523,10523,1,1
2019-03-26 15:49:42.366,10524,10524,10524,1,1
2019-03-26 15:49:42.417,10524,10524,10524,1,1
2019-03-26 15:49:53.601,10523,10523,10523,2,-2
2019-03-26 15:50:02.285,10524,10524,10524,10,10
2019-03-26 15:50:02.472,10524,10524,10524,1,1
2019-03-26 15:50:04.275,10524,10524,10524,1,1
2019-03-26 15:50:08.103,10524,10524,10524,1,1
2019-03-26 15:50:22.523,10524,10524,10524,1,1
2019-03-26 15:50:31.603,10523,10523,10523,1,-1
2019-03-26 15:50:37.959,10523,10523,10523,1,1
2019-03-26 15:50:47.755,10523,10523,10523,1,1
2019-03-26 15:51:02.398,10524,10524,10524,6,6
2019-03-26 15:51:15.728,10524,10524,10524,3,3
2019-03-26 15:51:19.052,10524,10524,10524,1,1
2019-03-26 15:51:23.001,10524,10524,10524,1,1
2019-03-26 15:51:23.001,10524,10524,10524,3,3
2019-03-26 15:51:23.017,10524,10524,10524,7,7
2019-03-26 15:51:23.017,10524,10524,10524,5,5
2019-03-26 15:51:35.721,10525,10525,10525,3,3
2019-03-26 15:51:35.799,10525,10525,10525,2,2
2019-03-26 15:51:41.385,10525,10525,10525,1,1
2019-03-26 15:52:02.500,10525,10525,10525,7,7
2019-03-26 15:52:07.058,10525,10525,10525,1,1
2019-03-26 15:52:07.848,10525,10525,10525,1,1
2019-03-26 15:52:09.514,10525,10525,10525,2,2
2019-03-26 15:52:11.601,10525,10525,10525,1,1
2019-03-26 15:52:13.339,10525,10525,10525,1,1
2019-03-26 15:52:13.841,10525,10525,10525,1,1
2019-03-26 15:52:14.381,10525,10525,10525,1,1
2019-03-26 15:52:14.999,10525,10525,10525,1,1
2019-03-26 15:52:15.679,10525,10525,10525,1,1
2019-03-26 15:52:17.543,10525,10525,10525,1,1
2019-03-26 15:52:18.495,10525,10525,10525,1,1
2019-03-26 15:52:19.285,10525,10525,10525,1,1
2019-03-26 15:52:19.953,10525,10525,10525,1,1
2019-03-26 15:52:21.331,10525,10525,10525,1,1
2019-03-26 15:52:21.564,10525,10525,10525,1,1
2019-03-26 15:52:22.488,10525,10525,10525,1,1
2019-03-26 15:52:23.536,10525,10525,10525,1,1
2019-03-26 15:52:24.281,10525,10525,10525,1,1
2019-03-26 15:52:24.281,10525,10525,10525,3,3
2019-03-26 15:52:37.799,10525,10525,10525,1,1
2019-03-26 15:52:38.961,10525,10525,10525,8,8
2019-03-26 15:52:41.005,10526,10526,10526,2,2
2019-03-26 15:52:41.064,10526,10526,10526,1,1
2019-03-26 15:52:41.212,10526,10526,10526,1,1
2019-03-26 15:52:41.229,10526,10526,10526,1,1
2019-03-26 15:52:41.521,10525,10525,10525,1,-1
2019-03-26 15:52:47.528,10526,10526,10526,2,2
2019-03-26 15:52:48.771,10525,10525,10525,1,-1
2019-03-26 15:52:49.291,10525,10525,10525,1,1
2019-03-26 15:52:54.192,10525,10525,10525,1,1
2019-03-26 15:52:56.090,10526,10526,10526,1,1
2019-03-26 15:53:13.642,10525,10525,10525,3,-3
2019-03-26 15:53:16.264,10525,10525,10525,2,2
2019-03-26 15:53:16.270,10525,10525,10525,8,8
2019-03-26 15:53:16.597,10526,10526,10526,1,1
2019-03-26 15:53:24.356,10525,10525,10525,1,-1
2019-03-26 15:53:48.260,10525,10525,10525,1,1
2019-03-26 15:53:51.935,10525,10525,10525,1,1
2019-03-26 15:54:04.437,10525,10525,10525,1,1
2019-03-26 15:54:15.235,10524,10524,10524,1,-1
2019-03-26 15:54:19.944,10524,10524,10524,1,1
2019-03-26 15:54:19.944,10524,10524,10524,2,2
2019-03-26 15:54:21.986,10524,10524,10524,1,1
2019-03-26 15:54:33.757,10524,10524,10524,1,1
2019-03-26 15:54:36.910,10524,10524,10524,1,1
2019-03-26 15:54:41.184,10524,10524,10524,1,1
2019-03-26 15:54:46.473,10524,10524,10524,5,5
2019-03-26 15:54:52.381,10523,10523,10523,1,-1
2019-03-26 15:55:33.493,10523,10523,10523,1,1
2019-03-26 15:55:40.218,10523,10523,10523,1,1
2019-03-26 15:55:42.016,10523,10523,10523,2,2
2019-03-26 15:55:44.381,10524,10524,10524,1,1
2019-03-26 15:56:05.458,10524,10524,10524,2,2
2019-03-26 15:56:05.458,10524,10524,10524,2,2
2019-03-26 15:56:05.458,10524,10524,10524,2,2
2019-03-26 15:56:05.458,10524,10524,10524,2,2
2019-03-26 15:56:05.458,10524,10524,10524,4,4
2019-03-26 15:56:10.656,10524,10524,10524,1,1
2019-03-26 15:56:22.008,10524,10524,10524,1,1
2019-03-26 15:56:28.427,10524,10524,10524,1,1
2019-03-26 15:56:32.044,10524,10524,10524,3,3
2019-03-26 15:56:38.869,10525,10525,10525,3,3
2019-03-26 15:56:40.770,10524,10524,10524,1,-1
2019-03-26 15:56:43.966,10524,10524,10524,1,1
2019-03-26 15:57:03.150,10525,10525,10525,1,1
2019-03-26 15:57:15.374,10524,10524,10524,1,-1
2019-03-26 15:57:27.064,10524,10524,10524,1,1
2019-03-26 15:57:27.550,10524,10524,10524,1,1
2019-03-26 15:57:37.145,10524,10524,10524,2,2
2019-03-26 15:57:41.126,10524,10524,10524,1,1
2019-03-26 15:57:53.468,10524,10524,10524,1,1
2019-03-26 15:57:59.239,10524,10524,10524,2,2
2019-03-26 15:58:00.512,10524,10524,10524,1,1
2019-03-26 15:58:12.868,10524,10524,10524,1,1
2019-03-26 15:58:16.632,10524,10524,10524,3,3
2019-03-26 15:58:55.329,10524,10524,10524,5,5
2019-03-26 15:59:00.432,10524,10524,10524,1,1
2019-03-26 15:59:07.073,10524,10524,10524,1,1
2019-03-26 15:59:18.044,10524,10524,10524,1,1
2019-03-26 15:59:18.741,10524,10524,10524,1,1
2019-03-26 15:59:45.154,10524,10524,10524,1,1
2019-03-26 15:59:45.155,10524,10524,10524,1,1
2019-03-26 15:59:45.155,10524,10524,10524,1,1
2019-03-26 15:59:45.155,10524,10524,10524,4,4
2019-03-26 15:59:45.745,10524,10524,10524,2,2
2019-03-26 16:00:08.782,10524,10524,10524,1,1
2019-03-26 16:00:09.293,10523,10523,10523,1,-1
2019-03-26 16:00:09.723,10524,10524,10524,1,1
2019-03-26 16:00:10.833,10523,10523,10523,1,-1
2019-03-26 16:00:17.471,10524,10524,10524,1,1
2019-03-26 16:00:17.641,10524,10524,10524,1,1
2019-03-26 16:00:18.908,10524,10524,10524,1,1
2019-03-26 16:00:33.227,10524,10524,10524,1,1
2019-03-26 16:00:40.253,10524,10524,10524,1,1
2019-03-26 16:00:41.074,10524,10524,10524,1,1
2019-03-26 16:00:47.428,10523,10523,10523,16,-16
2019-03-26 16:00:47.429,10523,10523,10523,2,2
2019-03-26 16:00:47.429,10523,10523,10523,5,5
2019-03-26 16:00:47.430,10523,10523,10523,4,4
2019-03-26 16:00:47.503,10523,10523,10523,1,1
2019-03-26 16:00:49.620,10522,10522,10522,1,-1
2019-03-26 16:00:52.660,10522,10522,10522,1,1
2019-03-26 16:00:56.619,10522,10522,10522,10,10
2019-03-26 16:01:02.197,10521,10521,10521,2,-2
2019-03-26 16:01:02.652,10522,10522,10522,2,2
2019-03-26 16:01:17.294,10522,10522,10522,1,1
2019-03-26 16:01:19.142,10522,10522,10522,4,4
2019-03-26 16:01:20.634,10522,10522,10522,1,1
2019-03-26 16:01:25.739,10522,10522,10522,1,1
2019-03-26 16:01:30.852,10522,10522,10522,1,1
2019-03-26 16:01:45.839,10521,10521,10521,1,-1
2019-03-26 16:01:50.957,10521,10521,10521,1,1
2019-03-26 16:01:57.145,10521,10521,10521,1,1
2019-03-26 16:02:08.907,10521,10521,10521,1,1
2019-03-26 16:02:14.902,10521,10521,10521,1,1
2019-03-26 16:02:24.966,10521,10521,10521,1,1
2019-03-26 16:02:26.900,10521,10521,10521,1,1
2019-03-26 16:02:27.794,10521,10521,10521,1,1
2019-03-26 16:02:30.271,10521,10521,10521,1,1
2019-03-26 16:02:59.498,10522,10522,10522,4,4
2019-03-26 16:02:59.498,10522,10522,10522,1,1
2019-03-26 16:02:59.498,10522,10522,10522,2,2
2019-03-26 16:03:05.388,10523,10523,10523,1,1
2019-03-26 16:03:08.804,10523,10523,10523,6,6
2019-03-26 16:03:22.523,10522,10522,10522,1,-1
2019-03-26 16:03:38.020,10522,10522,10522,1,1
2019-03-26 16:03:53.672,10522,10522,10522,1,1
2019-03-26 16:04:07.531,10522,10522,10522,5,5
2019-03-26 16:04:28.444,10522,10522,10522,2,2
2019-03-26 16:04:31.387,10522,10522,10522,1,1
2019-03-26 16:04:44.023,10523,10523,10523,19,19
2019-03-26 16:04:46.305,10522,10522,10522,5,-5
2019-03-26 16:05:04.304,10522,10522,10522,1,1
2019-03-26 16:05:07.210,10522,10522,10522,5,5
2019-03-26 16:05:09.263,10521,10521,10521,14,-14
2019-03-26 16:05:14.676,10521,10521,10521,4,4
2019-03-26 16:05:14.767,10521,10521,10521,11,11
2019-03-26 16:05:49.017,10520,10520,10520,1,-1
2019-03-26 16:05:49.020,10520,10520,10520,1,1
2019-03-26 16:05:49.142,10520,10520,10520,2,2
2019-03-26 16:05:49.142,10520,10520,10520,1,1
2019-03-26 16:05:49.143,10520,10520,10520,2,2
2019-03-26 16:05:49.143,10520,10520,10520,6,6
2019-03-26 16:05:49.143,10520,10520,10520,4,4
2019-03-26 16:05:49.143,10520,10520,10520,2,2
2019-03-26 16:05:49.143,10520,10520,10520,4,4
2019-03-26 16:05:49.143,10520,10520,10520,5,5
2019-03-26 16:05:49.143,10520,10520,10520,1,1
2019-03-26 16:06:08.205,10520,10520,10520,5,5
2019-03-26 16:06:20.149,10520,10520,10520,1,1
2019-03-26 16:06:20.149,10520,10520,10520,2,2
2019-03-26 16:06:20.150,10520,10520,10520,1,1
2019-03-26 16:06:20.348,10520,10520,10520,1,1
2019-03-26 16:07:01.410,10521,10521,10521,5,5
2019-03-26 16:07:03.360,10521,10521,10521,1,1
2019-03-26 16:07:06.091,10521,10521,10521,1,1
2019-03-26 16:07:07.932,10520,10520,10520,1,-1
2019-03-26 16:07:22.371,10520,10520,10520,1,1
2019-03-26 16:07:31.563,10520,10520,10520,3,3
2019-03-26 16:07:31.571,10520,10520,10520,4,4
2019-03-26 16:07:31.579,10520,10520,10520,1,1
2019-03-26 16:07:36.310,10520,10520,10520,1,1
2019-03-26 16:07:38.243,10520,10520,10520,1,1
2019-03-26 16:07:48.935,10520,10520,10520,1,1
2019-03-26 16:08:03.398,10520,10520,10520,10,10
2019-03-26 16:08:15.754,10520,10520,10520,10,10
2019-03-26 16:08:21.454,10520,10520,10520,1,1
2019-03-26 16:08:22.509,10520,10520,10520,1,1
2019-03-26 16:08:24.225,10520,10520,10520,1,1
2019-03-26 16:08:27.027,10520,10520,10520,4,4
2019-03-26 16:08:33.324,10521,10521,10521,5,5
2019-03-26 16:08:41.844,10522,10522,10522,1,1
2019-03-26 16:08:47.528,10522,10522,10522,1,1
2019-03-26 16:09:04.054,10523,10523,10523,1,1
2019-03-26 16:09:04.182,10523,10523,10523,1,1
2019-03-26 16:09:24.312,10522,10522,10522,2,-2
2019-03-26 16:09:38.813,10523,10523,10523,1,1
2019-03-26 16:09:38.892,10523,10523,10523,7,7
2019-03-26 16:09:47.657,10523,10523,10523,2,2
2019-03-26 16:09:47.897,10523,10523,10523,1,1
2019-03-26 16:10:04.655,10523,10523,10523,2,2
2019-03-26 16:10:11.205,10524,10524,10524,3,3
2019-03-26 16:10:22.702,10524,10524,10524,2,2
2019-03-26 16:10:25.003,10524,10524,10524,1,1
2019-03-26 16:10:31.763,10523,10523,10523,1,-1
2019-03-26 16:10:45.696,10523,10523,10523,1,1
2019-03-26 16:10:45.933,10523,10523,10523,1,1
2019-03-26 16:10:58.406,10523,10523,10523,1,1
2019-03-26 16:10:58.406,10523,10523,10523,2,2
2019-03-26 16:10:58.406,10523,10523,10523,3,3
2019-03-26 16:10:58.407,10523,10523,10523,4,4
2019-03-26 16:10:58.407,10523,10523,10523,3,3
2019-03-26 16:11:21.443,10522,10522,10522,6,-6
2019-03-26 16:11:28.691,10521,10521,10521,2,-2
2019-03-26 16:11:29.249,10520,10520,10520,1,-1
2019-03-26 16:11:32.521,10521,10521,10521,2,2
2019-03-26 16:12:04.318,10521,10521,10521,20,20
2019-03-26 16:12:04.347,10522,10522,10522,1,1
2019-03-26 16:12:18.092,10522,10522,10522,2,2
2019-03-26 16:12:18.296,10523,10523,10523,10,10
2019-03-26 16:12:20.394,10523,10523,10523,10,10
2019-03-26 16:12:20.572,10523,10523,10523,7,7
2019-03-26 16:12:20.618,10523,10523,10523,1,1
2019-03-26 16:12:20.649,10523,10523,10523,2,2
2019-03-26 16:12:26.224,10522,10522,10522,5,-5
2019-03-26 16:12:26.224,10522,10522,10522,2,2
2019-03-26 16:12:26.224,10522,10522,10522,3,3
2019-03-26 16:12:26.267,10522,10522,10522,2,2
2019-03-26 16:12:26.267,10522,10522,10522,1,1
2019-03-26 16:12:26.267,10522,10522,10522,5,5
2019-03-26 16:12:32.626,10522,10522,10522,1,1
2019-03-26 16:12:44.644,10521,10521,10521,7,-7
2019-03-26 16:12:44.769,10521,10521,10521,1,1
2019-03-26 16:13:01.392,10521,10521,10521,1,1
2019-03-26 16:13:26.316,10520,10520,10520,2,-2
2019-03-26 16:13:47.522,10521,10521,10521,1,1
2019-03-26 16:13:47.568,10521,10521,10521,1,1
2019-03-26 16:13:47.642,10521,10521,10521,1,1
2019-03-26 16:13:50.537,10521,10521,10521,2,2
2019-03-26 16:13:50.537,10521,10521,10521,3,3
2019-03-26 16:14:06.045,10521,10521,10521,1,1
2019-03-26 16:14:10.287,10521,10521,10521,1,1
2019-03-26 16:14:13.909,10520,10520,10520,1,-1
2019-03-26 16:14:29.881,10520,10520,10520,2,2
2019-03-26 16:14:30.974,10520,10520,10520,3,3
2019-03-26 16:14:30.975,10520,10520,10520,4,4
2019-03-26 16:14:30.975,10520,10520,10520,1,1
2019-03-26 16:14:53.570,10520,10520,10520,4,4
2019-03-26 16:15:10.260,10520,10520,10520,2,2
2019-03-26 16:15:12.758,10519,10519,10519,13,-13
2019-03-26 16:15:13.471,10518,10518,10518,2,-2
2019-03-26 16:15:13.535,10518,10518,10518,1,1
2019-03-26 16:15:13.625,10518,10518,10518,1,1
2019-03-26 16:15:13.670,10518,10518,10518,4,4
2019-03-26 16:15:13.688,10518,10518,10518,7,7
2019-03-26 16:15:14.677,10518,10518,10518,1,1
2019-03-26 16:15:15.409,10518,10518,10518,1,1
2019-03-26 16:15:15.765,10518,10518,10518,2,2
2019-03-26 16:15:25.058,10518,10518,10518,2,2
2019-03-26 16:15:25.834,10518,10518,10518,2,2
2019-03-26 16:15:30.990,10518,10518,10518,1,1
2019-03-26 16:15:32.560,10518,10518,10518,1,1
2019-03-26 16:15:32.936,10518,10518,10518,1,1
2019-03-26 16:15:33.533,10518,10518,10518,1,1
2019-03-26 16:15:34.829,10518,10518,10518,1,1
2019-03-26 16:15:36.375,10518,10518,10518,2,2
2019-03-26 16:15:36.595,10518,10518,10518,6,6
2019-03-26 16:15:48.508,10518,10518,10518,5,5
2019-03-26 16:15:55.538,10517,10517,10517,1,-1
2019-03-26 16:15:55.660,10517,10517,10517,1,1
2019-03-26 16:15:56.232,10517,10517,10517,1,1
2019-03-26 16:16:01.009,10517,10517,10517,2,2
2019-03-26 16:16:06.093,10517,10517,10517,2,2
2019-03-26 16:16:08.207,10518,10518,10518,1,1
2019-03-26 16:16:10.779,10517,10517,10517,10,-10
2019-03-26 16:16:10.997,10517,10517,10517,10,10
2019-03-26 16:16:11.376,10516,10516,10516,10,-10
2019-03-26 16:16:13.011,10516,10516,10516,1,1
2019-03-26 16:16:19.263,10516,10516,10516,1,1
2019-03-26 16:16:19.768,10517,10517,10517,1,1
2019-03-26 16:16:48.614,10517,10517,10517,1,1
2019-03-26 16:16:55.731,10517,10517,10517,1,1
2019-03-26 16:16:57.874,10516,10516,10516,1,-1
2019-03-26 16:16:58.653,10517,10517,10517,1,1
2019-03-26 16:17:01.378,10516,10516,10516,1,-1
2019-03-26 16:17:04.283,10516,10516,10516,1,1
2019-03-26 16:17:10.394,10517,10517,10517,19,19
2019-03-26 16:17:23.324,10518,10518,10518,1,1
2019-03-26 16:17:30.401,10518,10518,10518,1,1
2019-03-26 16:17:32.556,10518,10518,10518,2,2
2019-03-26 16:17:33.399,10518,10518,10518,1,1
2019-03-26 16:17:36.009,10517,10517,10517,1,-1
2019-03-26 16:17:39.316,10517,10517,10517,1,1
2019-03-26 16:17:43.380,10517,10517,10517,2,2
2019-03-26 16:17:46.983,10517,10517,10517,3,3
2019-03-26 16:17:47.017,10517,10517,10517,2,2
2019-03-26 16:17:55.526,10517,10517,10517,1,1
2019-03-26 16:17:58.954,10517,10517,10517,7,7
2019-03-26 16:18:04.057,10517,10517,10517,1,1
2019-03-26 16:18:26.496,10517,10517,10517,1,1
2019-03-26 16:18:53.138,10517,10517,10517,1,1
2019-03-26 16:19:02.383,10516,10516,10516,1,-1
2019-03-26 16:19:03.774,10516,10516,10516,10,10
2019-03-26 16:19:03.926,10516,10516,10516,1,1
2019-03-26 16:19:05.463,10516,10516,10516,10,10
2019-03-26 16:19:10.490,10517,10517,10517,4,4
2019-03-26 16:19:10.490,10517,10517,10517,2,2
2019-03-26 16:19:10.490,10517,10517,10517,1,1
2019-03-26 16:19:13.443,10517,10517,10517,1,1
2019-03-26 16:19:15.833,10517,10517,10517,1,1
2019-03-26 16:19:30.451,10518,10518,10518,1,1
2019-03-26 16:19:30.451,10517,10517,10517,11,-11
2019-03-26 16:19:30.624,10518,10518,10518,1,1
2019-03-26 16:19:42.017,10518,10518,10518,1,1
2019-03-26 16:19:46.985,10518,10518,10518,1,1
2019-03-26 16:19:54.699,10518,10518,10518,1,1
2019-03-26 16:19:55.572,10518,10518,10518,1,1
2019-03-26 16:20:00.499,10517,10517,10517,2,-2
2019-03-26 16:20:14.023,10517,10517,10517,1,1
2019-03-26 16:20:25.588,10518,10518,10518,1,1
2019-03-26 16:20:33.111,10517,10517,10517,1,-1
2019-03-26 16:20:39.598,10518,10518,10518,3,3
2019-03-26 16:20:42.742,10518,10518,10518,1,1
2019-03-26 16:20:47.192,10518,10518,10518,3,3
2019-03-26 16:20:49.025,10518,10518,10518,1,1
2019-03-26 16:20:52.016,10517,10517,10517,1,-1
2019-03-26 16:20:54.153,10517,10517,10517,2,2
2019-03-26 16:20:54.153,10517,10517,10517,1,1
2019-03-26 16:20:54.153,10517,10517,10517,3,3
2019-03-26 16:20:56.961,10516,10516,10516,1,-1
2019-03-26 16:21:00.990,10516,10516,10516,1,1
2019-03-26 16:21:06.487,10516,10516,10516,1,1
2019-03-26 16:21:10.884,10516,10516,10516,1,1
2019-03-26 16:21:18.173,10516,10516,10516,1,1
2019-03-26 16:21:19.947,10516,10516,10516,1,1
2019-03-26 16:21:21.782,10516,10516,10516,1,1
2019-03-26 16:21:22.242,10516,10516,10516,1,1
2019-03-26 16:21:25.916,10516,10516,10516,1,1
2019-03-26 16:21:25.955,10516,10516,10516,2,2
2019-03-26 16:21:29.076,10517,10517,10517,1,1
2019-03-26 16:21:29.730,10516,10516,10516,1,-1
2019-03-26 16:21:32.565,10517,10517,10517,1,1
2019-03-26 16:21:34.796,10517,10517,10517,1,1
2019-03-26 16:21:36.846,10516,10516,10516,2,-2
2019-03-26 16:21:37.103,10516,10516,10516,12,12
2019-03-26 16:21:37.103,10516,10516,10516,8,8
2019-03-26 16:21:37.142,10516,10516,10516,2,2
2019-03-26 16:21:37.146,10516,10516,10516,3,3
2019-03-26 16:21:37.308,10516,10516,10516,1,1
2019-03-26 16:21:39.962,10515,10515,10515,1,-1
2019-03-26 16:21:40.122,10515,10515,10515,1,1
2019-03-26 16:21:42.413,10516,10516,10516,2,2
2019-03-26 16:21:49.780,10516,10516,10516,1,1
2019-03-26 16:21:51.463,10515,10515,10515,10,-10
2019-03-26 16:21:51.646,10515,10515,10515,8,8
2019-03-26 16:21:54.865,10515,10515,10515,1,1
2019-03-26 16:21:59.246,10515,10515,10515,1,1
2019-03-26 16:22:14.138,10515,10515,10515,4,4
2019-03-26 16:22:14.142,10515,10515,10515,2,2
2019-03-26 16:22:14.170,10515,10515,10515,2,2
2019-03-26 16:22:16.549,10515,10515,10515,1,1
2019-03-26 16:22:18.229,10515,10515,10515,2,2
2019-03-26 16:22:18.229,10515,10515,10515,7,7
2019-03-26 16:22:18.603,10515,10515,10515,1,1
2019-03-26 16:22:26.031,10516,10516,10516,1,1
2019-03-26 16:23:03.728,10516,10516,10516,3,3
2019-03-26 16:23:03.873,10516,10516,10516,2,2
2019-03-26 16:23:07.651,10517,10517,10517,1,1
2019-03-26 16:23:09.295,10516,10516,10516,21,-21
2019-03-26 16:23:33.643,10516,10516,10516,1,1
2019-03-26 16:23:46.385,10517,10517,10517,13,13
2019-03-26 16:24:00.895,10518,10518,10518,3,3
2019-03-26 16:24:12.890,10518,10518,10518,1,1
2019-03-26 16:24:26.439,10518,10518,10518,1,1
2019-03-26 16:24:33.153,10518,10518,10518,1,1
2019-03-26 16:24:36.607,10518,10518,10518,1,1
2019-03-26 16:24:44.220,10518,10518,10518,1,1
2019-03-26 16:25:26.158,10518,10518,10518,1,1
2019-03-26 16:25:26.696,10518,10518,10518,1,1
2019-03-26 16:25:41.393,10518,10518,10518,2,2
2019-03-26 16:26:09.415,10519,10519,10519,1,1
2019-03-26 16:26:32.007,10519,10519,10519,1,1
2019-03-26 16:26:38.473,10519,10519,10519,5,5
2019-03-26 16:27:59.927,10518,10518,10518,1,-1
2019-03-26 16:27:59.927,10518,10518,10518,1,1
2019-03-26 16:28:13.407,10519,10519,10519,3,3
2019-03-26 16:28:49.736,10520,10520,10520,1,1
2019-03-26 16:28:55.950,10520,10520,10520,1,1
2019-03-26 16:29:02.307,10520,10520,10520,2,2
2019-03-26 16:29:07.538,10520,10520,10520,1,1
2019-03-26 16:29:14.062,10520,10520,10520,5,5
2019-03-26 16:29:58.074,10519,10519,10519,2,-2
2019-03-26 16:30:05.642,10520,10520,10520,12,12
2019-03-26 16:30:13.403,10520,10520,10520,1,1
2019-03-26 16:30:32.886,10519,10519,10519,1,-1
2019-03-26 16:30:33.364,10520,10520,10520,1,1
2019-03-26 16:30:46.367,10520,10520,10520,1,1
2019-03-26 16:30:48.851,10520,10520,10520,1,1
2019-03-26 16:31:13.177,10520,10520,10520,1,1
2019-03-26 16:31:18.057,10520,10520,10520,1,1
2019-03-26 16:31:19.115,10520,10520,10520,5,5
2019-03-26 16:31:25.098,10521,10521,10521,1,1
2019-03-26 16:31:36.157,10521,10521,10521,1,1
2019-03-26 16:31:36.158,10521,10521,10521,2,2
2019-03-26 16:31:38.121,10521,10521,10521,1,1
2019-03-26 16:31:38.121,10521,10521,10521,4,4
2019-03-26 16:31:38.121,10521,10521,10521,2,2
2019-03-26 16:31:38.333,10521,10521,10521,2,2
2019-03-26 16:31:43.959,10521,10521,10521,1,1
2019-03-26 16:31:46.180,10521,10521,10521,2,2
2019-03-26 16:32:17.701,10521,10521,10521,7,7
2019-03-26 16:32:20.517,10520,10520,10520,4,-4
2019-03-26 16:32:20.642,10520,10520,10520,2,2
2019-03-26 16:32:25.047,10521,10521,10521,1,1
2019-03-26 16:33:16.576,10520,10520,10520,1,-1
2019-03-26 16:34:09.828,10521,10521,10521,5,5
2019-03-26 16:34:31.335,10521,10521,10521,1,1
2019-03-26 16:35:03.380,10520,10520,10520,7,-7
2019-03-26 16:35:03.392,10520,10520,10520,4,4
2019-03-26 16:35:11.100,10519,10519,10519,1,-1
2019-03-26 16:35:11.100,10519,10519,10519,1,1
2019-03-26 16:35:11.101,10519,10519,10519,1,1
2019-03-26 16:35:11.101,10519,10519,10519,1,1
2019-03-26 16:35:11.101,10519,10519,10519,2,2
2019-03-26 16:35:11.101,10519,10519,10519,3,3
2019-03-26 16:35:11.504,10519,10519,10519,1,1
2019-03-26 16:35:11.528,10520,10520,10520,1,1
2019-03-26 16:35:18.081,10518,10518,10518,1,-1
2019-03-26 16:35:18.989,10518,10518,10518,1,1
2019-03-26 16:35:20.727,10518,10518,10518,1,1
2019-03-26 16:35:22.217,10518,10518,10518,1,1
2019-03-26 16:35:27.704,10519,10519,10519,1,1
2019-03-26 16:35:37.270,10519,10519,10519,1,1
2019-03-26 16:35:43.901,10518,10518,10518,2,-2
2019-03-26 16:36:14.283,10519,10519,10519,1,1
2019-03-26 16:36:47.946,10519,10519,10519,1,1
2019-03-26 16:37:05.801,10518,10518,10518,19,-19
2019-03-26 16:37:05.801,10518,10518,10518,1,1
2019-03-26 16:37:23.796,10517,10517,10517,1,-1
2019-03-26 16:37:33.730,10517,10517,10517,1,1
2019-03-26 16:37:49.388,10517,10517,10517,1,1
2019-03-26 16:37:51.779,10517,10517,10517,2,2
2019-03-26 16:37:52.366,10517,10517,10517,1,1
2019-03-26 16:38:06.276,10516,10516,10516,1,-1
2019-03-26 16:38:44.421,10516,10516,10516,1,1
2019-03-26 16:38:48.584,10516,10516,10516,5,5
2019-03-26 16:38:50.723,10516,10516,10516,1,1
2019-03-26 16:38:57.055,10516,10516,10516,1,1
2019-03-26 16:38:59.426,10516,10516,10516,5,5
2019-03-26 16:39:07.414,10517,10517,10517,3,3
2019-03-26 16:39:37.204,10517,10517,10517,1,1
2019-03-26 16:40:01.539,10516,10516,10516,1,-1
2019-03-26 16:40:01.883,10516,10516,10516,1,1
2019-03-26 16:40:02.054,10516,10516,10516,1,1
2019-03-26 16:40:03.087,10516,10516,10516,1,1
2019-03-26 16:40:04.054,10516,10516,10516,2,2
2019-03-26 16:40:05.650,10516,10516,10516,1,1
2019-03-26 16:40:07.122,10516,10516,10516,3,3
2019-03-26 16:40:07.122,10516,10516,10516,1,1
2019-03-26 16:40:10.571,10516,10516,10516,1,1
2019-03-26 16:40:12.221,10516,10516,10516,2,2
2019-03-26 16:40:16.005,10516,10516,10516,1,1
2019-03-26 16:40:22.886,10516,10516,10516,2,2
2019-03-26 16:40:30.083,10516,10516,10516,1,1
2019-03-26 16:40:33.212,10516,10516,10516,1,1
2019-03-26 16:40:36.012,10516,10516,10516,1,1
2019-03-26 16:40:36.375,10516,10516,10516,1,1
2019-03-26 16:40:37.088,10517,10517,10517,1,1
2019-03-26 16:40:37.429,10517,10517,10517,1,1
2019-03-26 16:40:38.651,10517,10517,10517,1,1
2019-03-26 16:40:39.423,10517,10517,10517,1,1
2019-03-26 16:40:44.177,10517,10517,10517,1,1
2019-03-26 16:40:47.446,10517,10517,10517,1,1
2019-03-26 16:41:04.794,10517,10517,10517,1,1
2019-03-26 16:41:38.060,10517,10517,10517,1,1
2019-03-26 16:41:47.493,10517,10517,10517,1,1
2019-03-26 16:41:59.839,10517,10517,10517,1,1
2019-03-26 16:42:22.124,10517,10517,10517,4,4
2019-03-26 16:42:40.272,10517,10517,10517,2,2
2019-03-26 16:42:44.440,10517,10517,10517,5,5
2019-03-26 16:42:45.303,10517,10517,10517,1,1
2019-03-26 16:43:06.062,10518,10518,10518,2,2
2019-03-26 16:43:06.164,10518,10518,10518,5,5
2019-03-26 16:43:25.971,10519,10519,10519,4,4
2019-03-26 16:44:09.621,10519,10519,10519,4,4
2019-03-26 16:44:44.685,10519,10519,10519,1,1
2019-03-26 16:45:01.541,10518,10518,10518,3,-3
2019-03-26 16:45:01.541,10518,10518,10518,1,1
2019-03-26 16:45:16.679,10518,10518,10518,1,1
2019-03-26 16:45:29.653,10518,10518,10518,1,1
2019-03-26 16:45:47.810,10518,10518,10518,1,1
2019-03-26 16:47:14.643,10518,10518,10518,1,1
2019-03-26 16:47:18.543,10518,10518,10518,1,1
2019-03-26 16:47:26.156,10519,10519,10519,2,2
2019-03-26 16:47:51.990,10518,10518,10518,2,-2
2019-03-26 16:47:52.227,10518,10518,10518,1,1
2019-03-26 16:48:04.229,10519,10519,10519,2,2
2019-03-26 16:48:04.267,10519,10519,10519,1,1
2019-03-26 16:48:19.393,10518,10518,10518,1,-1
2019-03-26 16:49:23.580,10517,10517,10517,2,-2
2019-03-26 16:49:30.485,10517,10517,10517,1,1
2019-03-26 16:49:49.254,10518,10518,10518,1,1
2019-03-26 16:49:56.532,10518,10518,10518,1,1
2019-03-26 16:50:12.632,10517,10517,10517,2,-2
2019-03-26 16:50:16.849,10518,10518,10518,1,1
2019-03-26 16:50:19.143,10517,10517,10517,1,-1
2019-03-26 16:50:25.324,10518,10518,10518,1,1
2019-03-26 16:50:26.548,10518,10518,10518,1,1
2019-03-26 16:50:26.874,10518,10518,10518,1,1
2019-03-26 16:50:27.123,10518,10518,10518,1,1
2019-03-26 16:50:36.313,10518,10518,10518,5,5
2019-03-26 16:50:50.432,10517,10517,10517,2,-2
2019-03-26 16:50:50.517,10517,10517,10517,2,2
2019-03-26 16:50:50.518,10517,10517,10517,3,3
2019-03-26 16:50:50.518,10517,10517,10517,4,4
2019-03-26 16:50:56.173,10517,10517,10517,4,4
2019-03-26 16:50:57.714,10518,10518,10518,2,2
2019-03-26 16:51:06.886,10518,10518,10518,5,5
2019-03-26 16:51:22.890,10517,10517,10517,2,-2
2019-03-26 16:51:24.157,10517,10517,10517,1,1
2019-03-26 16:51:24.862,10517,10517,10517,2,2
2019-03-26 16:51:25.511,10517,10517,10517,1,1
2019-03-26 16:51:26.055,10517,10517,10517,1,1
2019-03-26 16:51:37.184,10517,10517,10517,2,2
2019-03-26 16:51:37.899,10517,10517,10517,2,2
2019-03-26 16:51:40.196,10517,10517,10517,1,1
2019-03-26 16:51:43.093,10517,10517,10517,2,2
2019-03-26 16:51:43.837,10517,10517,10517,2,2
2019-03-26 16:51:44.225,10517,10517,10517,1,1
2019-03-26 16:51:46.432,10517,10517,10517,3,3
2019-03-26 16:51:59.629,10517,10517,10517,2,2
2019-03-26 16:52:07.261,10517,10517,10517,1,1
2019-03-26 16:52:09.357,10517,10517,10517,2,2
2019-03-26 16:53:17.182,10517,10517,10517,1,1
2019-03-26 16:53:17.737,10517,10517,10517,1,1
2019-03-26 16:53:18.495,10517,10517,10517,1,1
2019-03-26 16:53:26.351,10517,10517,10517,1,1
2019-03-26 16:53:27.336,10517,10517,10517,2,2
2019-03-26 16:53:52.369,10517,10517,10517,2,2
2019-03-26 16:54:01.961,10517,10517,10517,1,1
2019-03-26 16:54:10.251,10517,10517,10517,2,2
2019-03-26 16:54:20.364,10517,10517,10517,1,1
2019-03-26 16:54:26.122,10517,10517,10517,1,1
2019-03-26 16:54:26.186,10517,10517,10517,3,3
2019-03-26 16:54:26.186,10517,10517,10517,2,2
2019-03-26 16:54:27.741,10517,10517,10517,1,1
2019-03-26 16:55:07.523,10517,10517,10517,1,1
2019-03-26 16:55:07.803,10516,10516,10516,1,-1
2019-03-26 16:55:12.105,10516,10516,10516,1,1
2019-03-26 16:55:17.088,10516,10516,10516,1,1
2019-03-26 16:55:28.758,10516,10516,10516,2,2
2019-03-26 16:55:39.855,10516,10516,10516,3,3
2019-03-26 16:55:45.577,10517,10517,10517,1,1
2019-03-26 16:55:54.757,10516,10516,10516,2,-2
2019-03-26 16:57:04.381,10516,10516,10516,25,25
2019-03-26 16:57:04.771,10517,10517,10517,2,2
2019-03-26 16:57:05.119,10516,10516,10516,1,-1
2019-03-26 16:57:28.176,10516,10516,10516,2,2
2019-03-26 16:57:50.534,10517,10517,10517,1,1
2019-03-26 16:57:50.642,10517,10517,10517,1,1
2019-03-26 16:57:50.767,10517,10517,10517,1,1
2019-03-26 16:57:51.390,10517,10517,10517,1,1
2019-03-26 16:57:52.339,10517,10517,10517,1,1
2019-03-26 16:57:52.340,10517,10517,10517,1,1
2019-03-26 16:57:52.340,10517,10517,10517,2,2
2019-03-26 16:57:52.340,10517,10517,10517,5,5
2019-03-26 16:57:52.340,10517,10517,10517,7,7
2019-03-26 16:58:07.462,10517,10517,10517,1,1
2019-03-26 16:58:09.998,10517,10517,10517,2,2
2019-03-26 16:58:10.236,10517,10517,10517,1,1
2019-03-26 16:58:13.552,10517,10517,10517,2,2
2019-03-26 16:58:13.552,10516,10516,10516,4,-4
2019-03-26 16:58:25.286,10517,10517,10517,1,1
2019-03-26 16:58:28.465,10517,10517,10517,1,1
2019-03-26 16:58:29.720,10518,10518,10518,1,1
2019-03-26 16:58:47.508,10517,10517,10517,2,-2
2019-03-26 16:58:57.645,10516,10516,10516,1,-1
2019-03-26 16:59:17.907,10516,10516,10516,2,2
2019-03-26 16:59:18.341,10516,10516,10516,1,1
2019-03-26 16:59:18.344,10516,10516,10516,1,1
2019-03-26 16:59:18.347,10516,10516,10516,1,1
2019-03-26 16:59:18.368,10516,10516,10516,1,1
2019-03-26 16:59:22.650,10516,10516,10516,2,2
2019-03-26 16:59:23.059,10516,10516,10516,2,2
2019-03-26 16:59:24.161,10516,10516,10516,2,2
2019-03-26 16:59:24.579,10516,10516,10516,2,2
2019-03-26 16:59:25.966,10516,10516,10516,2,2
2019-03-26 16:59:25.973,10516,10516,10516,1,1
2019-03-26 16:59:27.319,10516,10516,10516,1,1
2019-03-26 16:59:28.731,10517,10517,10517,1,1
2019-03-26 16:59:33.426,10516,10516,10516,1,-1
2019-03-26 16:59:42.275,10516,10516,10516,2,2
2019-03-26 16:59:45.178,10516,10516,10516,1,1
2019-03-26 16:59:49.700,10516,10516,10516,3,3
2019-03-26 16:59:51.802,10516,10516,10516,2,2
2019-03-26 16:59:55.625,10516,10516,10516,1,1
2019-03-26 17:00:02.233,10516,10516,10516,2,2
2019-03-26 17:00:02.570,10516,10516,10516,1,1
2019-03-26 17:00:02.869,10516,10516,10516,1,1
2019-03-26 17:00:02.896,10516,10516,10516,1,1
2019-03-26 17:00:03.611,10516,10516,10516,1,1
2019-03-26 17:00:19.094,10516,10516,10516,1,1
2019-03-26 17:00:21.534,10515,10515,10515,5,-5
2019-03-26 17:00:32.517,10516,10516,10516,1,1
2019-03-26 17:00:44.938,10516,10516,10516,1,1
2019-03-26 17:00:49.212,10516,10516,10516,1,1
2019-03-26 17:00:49.212,10516,10516,10516,1,1
2019-03-26 17:00:49.213,10516,10516,10516,1,1
2019-03-26 17:00:49.213,10516,10516,10516,2,2
2019-03-26 17:00:49.215,10516,10516,10516,1,1
2019-03-26 17:00:49.215,10516,10516,10516,2,2
2019-03-26 17:01:10.249,10517,10517,10517,3,3
2019-03-26 17:01:10.250,10517,10517,10517,4,4
2019-03-26 17:01:10.847,10518,10518,10518,2,2
2019-03-26 17:01:39.130,10518,10518,10518,2,2
2019-03-26 17:01:57.772,10517,10517,10517,5,-5
2019-03-26 17:01:58.620,10518,10518,10518,1,1
2019-03-26 17:01:59.268,10518,10518,10518,1,1
2019-03-26 17:02:01.560,10518,10518,10518,1,1
2019-03-26 17:02:01.561,10518,10518,10518,3,3
2019-03-26 17:02:01.561,10518,10518,10518,3,3
2019-03-26 17:02:01.561,10518,10518,10518,1,1
2019-03-26 17:02:15.491,10518,10518,10518,1,1
2019-03-26 17:02:44.143,10518,10518,10518,2,2
2019-03-26 17:03:04.350,10518,10518,10518,3,3
2019-03-26 17:03:31.824,10518,10518,10518,1,1
2019-03-26 17:03:42.687,10518,10518,10518,1,1
2019-03-26 17:03:54.901,10518,10518,10518,1,1
2019-03-26 17:04:10.082,10518,10518,10518,1,1
2019-03-26 17:04:46.917,10518,10518,10518,3,3
2019-03-26 17:04:46.917,10518,10518,10518,2,2
2019-03-26 17:04:59.694,10518,10518,10518,1,1
2019-03-26 17:04:59.695,10518,10518,10518,1,1
2019-03-26 17:05:00.991,10518,10518,10518,1,1
2019-03-26 17:05:04.741,10518,10518,10518,1,1
2019-03-26 17:05:07.862,10518,10518,10518,1,1
2019-03-26 17:06:22.379,10518,10518,10518,1,1
2019-03-26 17:07:08.425,10518,10518,10518,2,2
2019-03-26 17:07:09.015,10518,10518,10518,1,1
2019-03-26 17:07:18.780,10518,10518,10518,1,1
2019-03-26 17:07:24.974,10519,10519,10519,6,6
2019-03-26 17:07:26.620,10518,10518,10518,3,-3
2019-03-26 17:07:51.053,10518,10518,10518,1,1
2019-03-26 17:08:01.839,10518,10518,10518,3,3
2019-03-26 17:08:24.285,10518,10518,10518,4,4
2019-03-26 17:08:45.855,10518,10518,10518,1,1
2019-03-26 17:08:45.855,10518,10518,10518,1,1
2019-03-26 17:08:49.921,10518,10518,10518,1,1
2019-03-26 17:09:54.383,10517,10517,10517,1,-1
2019-03-26 17:10:24.271,10518,10518,10518,1,1
2019-03-26 17:10:25.885,10518,10518,10518,1,1
2019-03-26 17:10:32.343,10518,10518,10518,1,1
2019-03-26 17:10:33.878,10518,10518,10518,1,1
2019-03-26 17:10:39.726,10518,10518,10518,1,1
2019-03-26 17:10:50.530,10519,10519,10519,1,1
2019-03-26 17:11:38.241,10519,10519,10519,1,1
2019-03-26 17:12:00.644,10519,10519,10519,16,16
2019-03-26 17:12:03.227,10520,10520,10520,13,13
2019-03-26 17:12:03.228,10520,10520,10520,5,5
2019-03-26 17:12:03.228,10520,10520,10520,1,1
2019-03-26 17:12:03.311,10521,10521,10521,1,1
2019-03-26 17:12:09.600,10520,10520,10520,1,-1
2019-03-26 17:12:10.082,10521,10521,10521,3,3
2019-03-26 17:12:18.530,10521,10521,10521,3,3
2019-03-26 17:12:18.642,10521,10521,10521,4,4
2019-03-26 17:12:21.006,10522,10522,10522,1,1
2019-03-26 17:12:21.081,10522,10522,10522,3,3
2019-03-26 17:12:22.644,10522,10522,10522,1,1
2019-03-26 17:12:23.477,10522,10522,10522,1,1
2019-03-26 17:12:24.206,10522,10522,10522,1,1
2019-03-26 17:12:36.225,10522,10522,10522,3,3
2019-03-26 17:12:39.457,10522,10522,10522,1,1
2019-03-26 17:12:49.690,10522,10522,10522,1,1
2019-03-26 17:12:49.721,10522,10522,10522,2,2
2019-03-26 17:12:49.721,10522,10522,10522,3,3
2019-03-26 17:12:51.459,10523,10523,10523,2,2
2019-03-26 17:12:54.867,10523,10523,10523,2,2
2019-03-26 17:13:02.260,10523,10523,10523,2,2
2019-03-26 17:13:08.812,10522,10522,10522,1,-1
2019-03-26 17:13:10.267,10522,10522,10522,1,1
2019-03-26 17:13:10.281,10522,10522,10522,1,1
2019-03-26 17:13:10.392,10522,10522,10522,11,11
2019-03-26 17:13:10.392,10522,10522,10522,1,1
2019-03-26 17:13:10.517,10522,10522,10522,1,1
2019-03-26 17:13:18.815,10522,10522,10522,2,2
2019-03-26 17:13:45.756,10522,10522,10522,2,2
2019-03-26 17:14:02.720,10522,10522,10522,1,1
2019-03-26 17:14:04.333,10522,10522,10522,1,1
2019-03-26 17:14:07.047,10522,10522,10522,1,1
2019-03-26 17:14:12.911,10522,10522,10522,2,2
2019-03-26 17:14:13.687,10522,10522,10522,1,1
2019-03-26 17:14:13.688,10522,10522,10522,1,1
2019-03-26 17:14:37.745,10522,10522,10522,1,1
2019-03-26 17:14:37.746,10522,10522,10522,5,5
2019-03-26 17:14:37.746,10522,10522,10522,1,1
2019-03-26 17:14:37.768,10522,10522,10522,1,1
2019-03-26 17:14:41.931,10522,10522,10522,1,1
2019-03-26 17:15:00.956,10522,10522,10522,3,3
2019-03-26 17:15:02.476,10522,10522,10522,1,1
2019-03-26 17:15:03.571,10522,10522,10522,1,1
2019-03-26 17:15:25.949,10521,10521,10521,1,-1
2019-03-26 17:15:26.017,10521,10521,10521,1,1
2019-03-26 17:15:34.677,10522,10522,10522,1,1
2019-03-26 17:16:02.581,10522,10522,10522,4,4
2019-03-26 17:16:17.343,10522,10522,10522,1,1
2019-03-26 17:17:12.140,10522,10522,10522,1,1
2019-03-26 17:17:46.276,10521,10521,10521,1,-1
2019-03-26 17:17:50.916,10521,10521,10521,1,1
2019-03-26 17:17:51.899,10521,10521,10521,2,2
2019-03-26 17:17:53.965,10521,10521,10521,2,2
2019-03-26 17:17:54.017,10521,10521,10521,1,1
2019-03-26 17:17:54.143,10521,10521,10521,1,1
2019-03-26 17:17:58.077,10521,10521,10521,1,1
2019-03-26 17:18:10.222,10521,10521,10521,3,3
2019-03-26 17:18:13.026,10522,10522,10522,3,3
2019-03-26 17:18:13.728,10521,10521,10521,2,-2
2019-03-26 17:18:20.868,10522,10522,10522,1,1
2019-03-26 17:18:22.564,10522,10522,10522,1,1
2019-03-26 17:18:23.964,10522,10522,10522,1,1
2019-03-26 17:18:30.226,10522,10522,10522,14,14
2019-03-26 17:18:30.267,10522,10522,10522,1,1
2019-03-26 17:18:30.268,10522,10522,10522,3,3
2019-03-26 17:18:30.268,10522,10522,10522,3,3
2019-03-26 17:18:31.284,10522,10522,10522,2,2
2019-03-26 17:18:31.515,10522,10522,10522,1,1
2019-03-26 17:18:33.467,10522,10522,10522,2,2
2019-03-26 17:18:36.193,10522,10522,10522,2,2
2019-03-26 17:18:56.688,10522,10522,10522,2,2
2019-03-26 17:19:02.255,10522,10522,10522,2,2
2019-03-26 17:19:23.480,10522,10522,10522,1,1
2019-03-26 17:19:23.480,10522,10522,10522,1,1
2019-03-26 17:19:23.480,10522,10522,10522,2,2
2019-03-26 17:19:36.682,10522,10522,10522,2,2
2019-03-26 17:20:03.009,10522,10522,10522,3,3
2019-03-26 17:20:06.260,10522,10522,10522,2,2
2019-03-26 17:20:11.757,10522,10522,10522,1,1
2019-03-26 17:20:14.821,10522,10522,10522,1,1
2019-03-26 17:20:16.107,10522,10522,10522,2,2
2019-03-26 17:20:37.319,10522,10522,10522,2,2
2019-03-26 17:21:03.120,10523,10523,10523,6,6
2019-03-26 17:21:16.822,10523,10523,10523,3,3
2019-03-26 17:21:53.260,10523,10523,10523,3,3
2019-03-26 17:21:59.728,10523,10523,10523,1,1
2019-03-26 17:22:10.536,10523,10523,10523,1,1
2019-03-26 17:22:29.614,10523,10523,10523,1,1
2019-03-26 17:22:36.947,10522,10522,10522,2,-2
2019-03-26 17:22:38.929,10523,10523,10523,1,1
2019-03-26 17:22:42.165,10523,10523,10523,4,4
2019-03-26 17:22:42.185,10523,10523,10523,8,8
2019-03-26 17:22:42.255,10523,10523,10523,9,9
2019-03-26 17:22:42.255,10523,10523,10523,2,2
2019-03-26 17:23:02.332,10524,10524,10524,3,3
2019-03-26 17:23:02.558,10524,10524,10524,1,1
2019-03-26 17:23:02.563,10524,10524,10524,1,1
2019-03-26 17:23:02.639,10524,10524,10524,1,1
2019-03-26 17:23:02.649,10524,10524,10524,1,1
2019-03-26 17:23:02.740,10524,10524,10524,1,1
2019-03-26 17:23:02.740,10524,10524,10524,1,1
2019-03-26 17:23:02.906,10524,10524,10524,1,1
2019-03-26 17:23:02.927,10524,10524,10524,1,1
2019-03-26 17:23:09.871,10524,10524,10524,1,1
2019-03-26 17:23:10.405,10524,10524,10524,1,1
2019-03-26 17:23:11.437,10524,10524,10524,1,1
2019-03-26 17:23:15.459,10524,10524,10524,1,1
2019-03-26 17:23:18.727,10524,10524,10524,2,2
2019-03-26 17:23:18.976,10524,10524,10524,3,3
2019-03-26 17:23:18.976,10524,10524,10524,3,3
2019-03-26 17:23:18.976,10524,10524,10524,1,1
2019-03-26 17:23:18.977,10524,10524,10524,1,1
2019-03-26 17:23:20.055,10524,10524,10524,1,1
2019-03-26 17:23:22.071,10524,10524,10524,2,2
2019-03-26 17:23:22.071,10524,10524,10524,2,2
2019-03-26 17:23:25.173,10524,10524,10524,1,1
2019-03-26 17:23:38.655,10524,10524,10524,2,2
2019-03-26 17:23:39.259,10525,10525,10525,3,3
2019-03-26 17:23:46.162,10525,10525,10525,1,1
2019-03-26 17:23:56.084,10524,10524,10524,2,-2
2019-03-26 17:23:59.402,10525,10525,10525,1,1
2019-03-26 17:24:07.728,10524,10524,10524,1,-1
2019-03-26 17:24:07.729,10524,10524,10524,6,6
2019-03-26 17:24:07.729,10524,10524,10524,1,1
2019-03-26 17:24:19.907,10524,10524,10524,3,3
2019-03-26 17:24:22.828,10524,10524,10524,2,2
2019-03-26 17:24:22.895,10523,10523,10523,1,-1
2019-03-26 17:24:31.007,10524,10524,10524,1,1
2019-03-26 17:24:40.196,10524,10524,10524,1,1
2019-03-26 17:24:42.089,10524,10524,10524,1,1
2019-03-26 17:24:46.898,10523,10523,10523,4,-4
2019-03-26 17:25:05.401,10523,10523,10523,1,1
2019-03-26 17:25:11.585,10524,10524,10524,1,1
2019-03-26 17:25:20.595,10524,10524,10524,1,1
2019-03-26 17:25:25.726,10524,10524,10524,2,2
2019-03-26 17:25:30.050,10523,10523,10523,1,-1
2019-03-26 17:25:39.948,10523,10523,10523,1,1
2019-03-26 17:25:55.780,10524,10524,10524,5,5
2019-03-26 17:26:01.333,10523,10523,10523,2,-2
2019-03-26 17:26:18.778,10523,10523,10523,2,2
2019-03-26 17:26:25.517,10524,10524,10524,1,1
2019-03-26 17:26:26.507,10524,10524,10524,5,5
2019-03-26 17:26:37.897,10524,10524,10524,1,1
2019-03-26 17:26:39.700,10523,10523,10523,2,-2
2019-03-26 17:26:44.266,10523,10523,10523,2,2
2019-03-26 17:26:54.037,10523,10523,10523,2,2
2019-03-26 17:26:56.169,10523,10523,10523,1,1
2019-03-26 17:27:01.034,10523,10523,10523,1,1
2019-03-26 17:27:02.393,10523,10523,10523,1,1
2019-03-26 17:27:13.288,10523,10523,10523,1,1
2019-03-26 17:27:20.310,10523,10523,10523,1,1
2019-03-26 17:27:23.024,10523,10523,10523,1,1
2019-03-26 17:27:26.671,10523,10523,10523,1,1
2019-03-26 17:27:28.420,10523,10523,10523,2,2
2019-03-26 17:27:32.603,10523,10523,10523,1,1
2019-03-26 17:27:40.133,10523,10523,10523,5,5
2019-03-26 17:27:42.693,10523,10523,10523,1,1
2019-03-26 17:27:59.032,10523,10523,10523,1,1
2019-03-26 17:28:12.867,10523,10523,10523,1,1
2019-03-26 17:28:13.017,10523,10523,10523,1,1
2019-03-26 17:28:13.248,10523,10523,10523,2,2
2019-03-26 17:28:13.392,10523,10523,10523,1,1
2019-03-26 17:28:13.642,10523,10523,10523,1,1
2019-03-26 17:28:23.267,10524,10524,10524,15,15
2019-03-26 17:28:27.385,10524,10524,10524,2,2
2019-03-26 17:28:27.392,10524,10524,10524,4,4
2019-03-26 17:28:30.270,10524,10524,10524,2,2
2019-03-26 17:28:31.142,10524,10524,10524,3,3
2019-03-26 17:28:37.678,10524,10524,10524,1,1
2019-03-26 17:28:41.063,10524,10524,10524,1,1
2019-03-26 17:28:47.908,10524,10524,10524,1,1
2019-03-26 17:28:49.441,10524,10524,10524,1,1
2019-03-26 17:28:54.608,10524,10524,10524,1,1
2019-03-26 17:29:07.898,10524,10524,10524,1,1
2019-03-26 17:29:12.035,10524,10524,10524,1,1
2019-03-26 17:29:21.594,10524,10524,10524,9,9
2019-03-26 17:29:21.606,10524,10524,10524,2,2
2019-03-26 17:29:21.612,10524,10524,10524,2,2
2019-03-26 17:29:21.612,10525,10525,10525,2,2
2019-03-26 17:29:21.614,10525,10525,10525,4,4
2019-03-26 17:29:21.642,10524,10524,10524,3,-3
2019-03-26 17:29:21.643,10524,10524,10524,5,5
2019-03-26 17:29:21.644,10524,10524,10524,4,4
2019-03-26 17:29:21.662,10524,10524,10524,5,5
2019-03-26 17:29:21.738,10525,10525,10525,5,5
2019-03-26 17:29:21.738,10525,10525,10525,16,16
2019-03-26 17:29:21.827,10524,10524,10524,1,-1
2019-03-26 17:29:22.841,10525,10525,10525,5,5
2019-03-26 17:29:23.017,10525,10525,10525,21,21
2019-03-26 17:29:23.114,10525,10525,10525,1,1
2019-03-26 17:29:23.114,10525,10525,10525,1,1
2019-03-26 17:29:23.114,10525,10525,10525,2,2
2019-03-26 17:29:23.774,10525,10525,10525,1,1
2019-03-26 17:29:23.824,10525,10525,10525,1,1
2019-03-26 17:29:30.679,10525,10525,10525,1,1
2019-03-26 17:29:36.470,10525,10525,10525,2,2
2019-03-26 17:29:37.767,10525,10525,10525,1,1
2019-03-26 17:29:43.859,10525,10525,10525,1,1
2019-03-26 17:29:50.517,10525,10525,10525,2,2
2019-03-26 17:29:53.469,10525,10525,10525,1,1
2019-03-26 17:29:54.597,10524,10524,10524,1,-1
2019-03-26 17:30:15.704,10524,10524,10524,2,2
2019-03-26 17:30:15.704,10524,10524,10524,2,2
2019-03-26 17:30:16.346,10523,10523,10523,1,-1
2019-03-26 17:30:16.519,10524,10524,10524,5,5
2019-03-26 17:30:59.851,10524,10524,10524,1,1
2019-03-26 17:30:59.851,10523,10523,10523,4,-4
2019-03-26 17:31:03.632,10524,10524,10524,1,1
2019-03-26 17:31:08.619,10523,10523,10523,1,-1
2019-03-26 17:31:09.144,10524,10524,10524,2,2
2019-03-26 17:31:29.171,10524,10524,10524,6,6
2019-03-26 17:31:30.265,10524,10524,10524,1,1
2019-03-26 17:31:46.737,10524,10524,10524,2,2
2019-03-26 17:31:46.958,10525,10525,10525,10,10
2019-03-26 17:31:47.130,10525,10525,10525,10,10
2019-03-26 17:31:58.788,10524,10524,10524,1,-1
2019-03-26 17:31:58.892,10524,10524,10524,7,7
2019-03-26 17:32:12.432,10523,10523,10523,1,-1
2019-03-26 17:32:12.527,10523,10523,10523,1,1
2019-03-26 17:32:13.881,10523,10523,10523,1,1
2019-03-26 17:33:10.351,10523,10523,10523,5,5
2019-03-26 17:33:10.569,10523,10523,10523,1,1
2019-03-26 17:33:12.107,10523,10523,10523,1,1
2019-03-26 17:33:14.961,10523,10523,10523,1,1
2019-03-26 17:33:19.406,10523,10523,10523,1,1
2019-03-26 17:33:22.343,10523,10523,10523,1,1
2019-03-26 17:33:23.036,10524,10524,10524,4,4
2019-03-26 17:33:32.513,10523,10523,10523,1,-1
2019-03-26 17:33:51.472,10523,10523,10523,2,2
2019-03-26 17:34:02.833,10522,10522,10522,3,-3
2019-03-26 17:34:13.969,10522,10522,10522,1,1
2019-03-26 17:34:37.392,10522,10522,10522,1,1
2019-03-26 17:34:37.394,10522,10522,10522,5,5
2019-03-26 17:34:37.394,10522,10522,10522,2,2
2019-03-26 17:34:37.395,10522,10522,10522,1,1
2019-03-26 17:34:48.079,10522,10522,10522,5,5
2019-03-26 17:35:03.532,10522,10522,10522,5,5
2019-03-26 17:35:11.322,10522,10522,10522,1,1
2019-03-26 17:35:15.903,10522,10522,10522,1,1
2019-03-26 17:35:29.024,10522,10522,10522,2,2
2019-03-26 17:35:29.078,10522,10522,10522,1,1
2019-03-26 17:35:37.425,10521,10521,10521,5,-5
2019-03-26 17:35:37.705,10521,10521,10521,1,1
2019-03-26 17:35:40.750,10521,10521,10521,1,1
2019-03-26 17:35:44.386,10521,10521,10521,1,1
2019-03-26 17:35:51.396,10521,10521,10521,2,2
2019-03-26 17:35:51.396,10521,10521,10521,1,1
2019-03-26 17:35:57.712,10521,10521,10521,3,3
2019-03-26 17:35:57.931,10521,10521,10521,3,3
2019-03-26 17:36:05.759,10521,10521,10521,1,1
2019-03-26 17:36:31.203,10521,10521,10521,1,1
2019-03-26 17:36:31.460,10521,10521,10521,2,2
2019-03-26 17:36:31.460,10521,10521,10521,2,2
2019-03-26 17:36:31.460,10521,10521,10521,3,3
2019-03-26 17:37:00.411,10521,10521,10521,1,1
2019-03-26 17:37:13.608,10520,10520,10520,2,-2
2019-03-26 17:37:19.399,10520,10520,10520,7,7
2019-03-26 17:37:19.399,10520,10520,10520,8,8
2019-03-26 17:37:19.517,10520,10520,10520,2,2
2019-03-26 17:37:19.517,10520,10520,10520,2,2
2019-03-26 17:37:22.966,10520,10520,10520,2,2
2019-03-26 17:37:25.749,10520,10520,10520,2,2
2019-03-26 17:37:46.190,10520,10520,10520,1,1
2019-03-26 17:37:56.717,10521,10521,10521,5,5
2019-03-26 17:37:57.129,10520,10520,10520,2,-2
2019-03-26 17:38:10.204,10521,10521,10521,1,1
2019-03-26 17:38:10.204,10521,10521,10521,1,1
2019-03-26 17:38:10.204,10521,10521,10521,1,1
2019-03-26 17:38:10.205,10521,10521,10521,1,1
2019-03-26 17:38:10.205,10521,10521,10521,1,1
2019-03-26 17:38:15.084,10522,10522,10522,1,1
2019-03-26 17:38:19.911,10522,10522,10522,2,2
2019-03-26 17:38:23.474,10522,10522,10522,2,2
2019-03-26 17:38:33.827,10522,10522,10522,1,1
2019-03-26 17:38:34.081,10522,10522,10522,1,1
2019-03-26 17:38:34.082,10522,10522,10522,3,3
2019-03-26 17:38:44.561,10522,10522,10522,2,2
2019-03-26 17:38:50.064,10522,10522,10522,1,1
2019-03-26 17:38:50.065,10522,10522,10522,1,1
2019-03-26 17:38:50.065,10522,10522,10522,2,2
2019-03-26 17:38:54.315,10522,10522,10522,1,1
2019-03-26 17:38:57.500,10522,10522,10522,1,1
2019-03-26 17:39:03.037,10522,10522,10522,1,1
2019-03-26 17:39:08.728,10522,10522,10522,1,1
2019-03-26 17:39:18.972,10522,10522,10522,1,1
2019-03-26 17:39:19.410,10522,10522,10522,1,1
2019-03-26 17:39:26.191,10522,10522,10522,1,1
2019-03-26 17:39:26.267,10522,10522,10522,1,1
2019-03-26 17:39:29.495,10522,10522,10522,1,1
2019-03-26 17:40:05.942,10521,10521,10521,29,-29
2019-03-26 17:40:10.490,10521,10521,10521,1,1
2019-03-26 17:40:15.065,10522,10522,10522,4,4
2019-03-26 17:40:22.554,10522,10522,10522,1,1
2019-03-26 17:40:40.303,10522,10522,10522,1,1
2019-03-26 17:41:12.875,10523,10523,10523,1,1
2019-03-26 17:41:13.107,10523,10523,10523,1,1
2019-03-26 17:41:13.396,10523,10523,10523,4,4
2019-03-26 17:41:13.436,10523,10523,10523,3,3
2019-03-26 17:41:13.459,10523,10523,10523,1,1
2019-03-26 17:41:13.462,10523,10523,10523,1,1
2019-03-26 17:41:13.467,10523,10523,10523,1,1
2019-03-26 17:41:13.517,10523,10523,10523,2,2
2019-03-26 17:41:18.264,10524,10524,10524,1,1
2019-03-26 17:41:27.795,10523,10523,10523,5,-5
2019-03-26 17:41:53.572,10524,10524,10524,14,14
2019-03-26 17:42:06.260,10524,10524,10524,1,1
2019-03-26 17:42:17.322,10523,10523,10523,11,-11
2019-03-26 17:42:25.392,10523,10523,10523,1,1
2019-03-26 17:42:25.588,10523,10523,10523,1,1
2019-03-26 17:42:35.441,10522,10522,10522,2,-2
2019-03-26 17:43:17.881,10522,10522,10522,1,1
2019-03-26 17:43:18.138,10522,10522,10522,1,1
2019-03-26 17:43:18.361,10522,10522,10522,1,1
2019-03-26 17:43:24.972,10522,10522,10522,1,1
2019-03-26 17:43:42.490,10522,10522,10522,2,2
2019-03-26 17:43:42.517,10522,10522,10522,2,2
2019-03-26 17:43:42.518,10522,10522,10522,2,2
2019-03-26 17:43:44.277,10522,10522,10522,1,1
2019-03-26 17:44:03.509,10522,10522,10522,5,5
2019-03-26 17:44:19.197,10522,10522,10522,2,2
2019-03-26 17:44:51.661,10523,10523,10523,1,1
2019-03-26 17:45:07.361,10523,10523,10523,1,1
2019-03-26 17:45:23.452,10523,10523,10523,1,1
2019-03-26 17:45:49.364,10522,10522,10522,1,-1
2019-03-26 17:46:07.663,10522,10522,10522,1,1
2019-03-26 17:46:34.296,10522,10522,10522,1,1
2019-03-26 17:46:42.992,10522,10522,10522,2,2
2019-03-26 17:47:00.988,10522,10522,10522,1,1
2019-03-26 17:47:03.670,10523,10523,10523,1,1
2019-03-26 17:47:03.675,10523,10523,10523,1,1
2019-03-26 17:47:14.113,10523,10523,10523,1,1
2019-03-26 17:47:33.641,10523,10523,10523,5,5
2019-03-26 17:47:52.513,10523,10523,10523,1,1
2019-03-26 17:47:59.481,10523,10523,10523,1,1
2019-03-26 17:47:59.481,10523,10523,10523,3,3
2019-03-26 17:47:59.481,10523,10523,10523,1,1
2019-03-26 17:48:11.621,10524,10524,10524,1,1
2019-03-26 17:48:35.477,10524,10524,10524,8,8
2019-03-26 17:48:35.477,10524,10524,10524,7,7
2019-03-26 17:48:35.478,10524,10524,10524,7,7
2019-03-26 17:48:35.478,10524,10524,10524,5,5
2019-03-26 17:48:35.535,10525,10525,10525,1,1
2019-03-26 17:48:35.536,10525,10525,10525,2,2
2019-03-26 17:48:35.536,10525,10525,10525,1,1
2019-03-26 17:48:35.642,10525,10525,10525,12,12
2019-03-26 17:48:35.642,10525,10525,10525,6,6
2019-03-26 17:48:35.770,10525,10525,10525,1,1
2019-03-26 17:48:52.998,10525,10525,10525,1,1
2019-03-26 17:48:53.260,10525,10525,10525,1,1
2019-03-26 17:49:02.048,10525,10525,10525,1,1
2019-03-26 17:49:02.142,10525,10525,10525,5,5
2019-03-26 17:49:08.767,10524,10524,10524,19,-19
2019-03-26 17:49:16.087,10524,10524,10524,1,1
2019-03-26 17:49:16.344,10524,10524,10524,1,1
2019-03-26 17:49:16.573,10524,10524,10524,1,1
2019-03-26 17:49:16.841,10524,10524,10524,1,1
2019-03-26 17:49:22.162,10524,10524,10524,1,1
2019-03-26 17:49:24.029,10524,10524,10524,2,2
2019-03-26 17:49:27.624,10525,10525,10525,4,4
2019-03-26 17:49:39.052,10524,10524,10524,2,-2
2019-03-26 17:50:13.199,10525,10525,10525,1,1
2019-03-26 17:50:13.628,10525,10525,10525,1,1
2019-03-26 17:50:13.638,10525,10525,10525,1,1
2019-03-26 17:51:07.257,10525,10525,10525,1,1
2019-03-26 17:51:07.652,10525,10525,10525,1,1
2019-03-26 17:51:14.798,10525,10525,10525,4,4
2019-03-26 17:51:15.973,10525,10525,10525,1,1
2019-03-26 17:51:19.771,10525,10525,10525,1,1
2019-03-26 17:51:21.485,10525,10525,10525,1,1
2019-03-26 17:51:30.839,10525,10525,10525,2,2
2019-03-26 17:51:59.364,10525,10525,10525,1,1
2019-03-26 17:51:59.566,10525,10525,10525,5,5
2019-03-26 17:51:59.642,10525,10525,10525,1,1
2019-03-26 17:51:59.642,10525,10525,10525,1,1
2019-03-26 17:51:59.724,10525,10525,10525,1,1
2019-03-26 17:51:59.727,10525,10525,10525,4,4
2019-03-26 17:52:09.772,10525,10525,10525,1,1
2019-03-26 17:52:18.917,10525,10525,10525,1,1
2019-03-26 17:52:23.335,10525,10525,10525,1,1
2019-03-26 17:52:27.687,10525,10525,10525,5,5
2019-03-26 17:52:41.142,10525,10525,10525,1,1
2019-03-26 17:53:12.418,10525,10525,10525,1,1
2019-03-26 17:53:12.421,10525,10525,10525,1,1
2019-03-26 17:53:12.422,10525,10525,10525,2,2
2019-03-26 17:53:12.517,10525,10525,10525,2,2
2019-03-26 17:53:27.471,10526,10526,10526,1,1
2019-03-26 17:53:27.543,10526,10526,10526,1,1
2019-03-26 17:53:27.978,10526,10526,10526,3,3
2019-03-26 17:53:31.964,10526,10526,10526,2,2
2019-03-26 17:53:32.658,10525,10525,10525,1,-1
2019-03-26 17:53:41.480,10525,10525,10525,2,2
2019-03-26 17:53:41.481,10525,10525,10525,6,6
2019-03-26 17:53:44.175,10525,10525,10525,1,1
2019-03-26 17:53:47.978,10525,10525,10525,10,10
2019-03-26 17:54:12.439,10525,10525,10525,2,2
2019-03-26 17:54:25.692,10525,10525,10525,1,1
2019-03-26 17:54:38.772,10525,10525,10525,1,1
2019-03-26 17:54:42.058,10525,10525,10525,1,1
2019-03-26 17:54:46.828,10525,10525,10525,1,1
2019-03-26 17:55:01.005,10526,10526,10526,2,2
2019-03-26 17:55:01.263,10525,10525,10525,1,-1
2019-03-26 17:55:02.116,10526,10526,10526,1,1
2019-03-26 17:55:02.162,10526,10526,10526,1,1
2019-03-26 17:55:02.800,10526,10526,10526,7,7
2019-03-26 17:55:12.151,10526,10526,10526,2,2
2019-03-26 17:55:15.714,10526,10526,10526,1,1
2019-03-26 17:55:16.139,10526,10526,10526,1,1
2019-03-26 17:55:16.943,10526,10526,10526,1,1
2019-03-26 17:55:17.388,10526,10526,10526,1,1
2019-03-26 17:55:34.122,10526,10526,10526,2,2
2019-03-26 17:55:52.507,10525,10525,10525,6,-6
2019-03-26 17:55:57.205,10525,10525,10525,1,1
2019-03-26 17:56:06.766,10525,10525,10525,1,1
2019-03-26 17:56:10.469,10525,10525,10525,1,1
2019-03-26 17:56:56.413,10525,10525,10525,1,1
2019-03-26 17:57:00.027,10525,10525,10525,2,2
2019-03-26 17:57:01.864,10525,10525,10525,2,2
2019-03-26 17:57:07.310,10525,10525,10525,1,1
2019-03-26 17:57:09.738,10525,10525,10525,1,1
2019-03-26 17:57:09.739,10525,10525,10525,1,1
2019-03-26 17:57:09.739,10525,10525,10525,3,3
2019-03-26 17:57:11.931,10525,10525,10525,1,1
2019-03-26 17:57:12.613,10525,10525,10525,1,1
2019-03-26 17:57:18.925,10526,10526,10526,1,1
2019-03-26 17:57:19.575,10526,10526,10526,2,2
2019-03-26 17:57:21.462,10525,10525,10525,1,-1
2019-03-26 17:57:34.640,10525,10525,10525,5,5
2019-03-26 17:57:35.510,10525,10525,10525,1,1
2019-03-26 17:57:35.767,10525,10525,10525,1,1
2019-03-26 17:57:36.583,10525,10525,10525,1,1
2019-03-26 17:57:54.523,10525,10525,10525,1,1
2019-03-26 17:58:00.339,10525,10525,10525,1,1
2019-03-26 17:58:06.081,10525,10525,10525,1,1
2019-03-26 17:58:06.811,10525,10525,10525,1,1
2019-03-26 17:58:11.478,10525,10525,10525,2,2
2019-03-26 17:58:18.859,10525,10525,10525,1,1
2019-03-26 17:58:34.834,10525,10525,10525,1,1
2019-03-26 17:58:52.319,10525,10525,10525,3,3
2019-03-26 17:59:08.705,10525,10525,10525,1,1
2019-03-26 17:59:25.235,10525,10525,10525,2,2
2019-03-26 17:59:51.318,10524,10524,10524,1,-1
2019-03-26 17:59:58.856,10524,10524,10524,1,1
2019-03-26 17:59:59.987,10525,10525,10525,1,1
2019-03-26 18:00:03.350,10525,10525,10525,2,2
2019-03-26 18:00:03.516,10524,10524,10524,7,-7
2019-03-26 18:00:03.658,10524,10524,10524,1,1
2019-03-26 18:00:03.820,10525,10525,10525,1,1
2019-03-26 18:00:05.896,10525,10525,10525,1,1
2019-03-26 18:00:41.978,10524,10524,10524,1,-1
2019-03-26 18:00:52.442,10524,10524,10524,1,1
2019-03-26 18:01:05.886,10524,10524,10524,1,1
2019-03-26 18:02:01.599,10524,10524,10524,2,2
2019-03-26 18:03:11.335,10524,10524,10524,2,2
2019-03-26 18:04:21.401,10524,10524,10524,2,2
2019-03-26 18:04:35.894,10524,10524,10524,5,5
2019-03-26 18:04:48.885,10524,10524,10524,5,5
2019-03-26 18:04:50.220,10524,10524,10524,1,1
2019-03-26 18:04:51.008,10524,10524,10524,1,1
2019-03-26 18:04:54.909,10524,10524,10524,6,6
2019-03-26 18:05:04.673,10524,10524,10524,2,2
2019-03-26 18:05:54.326,10524,10524,10524,1,1
2019-03-26 18:06:53.505,10524,10524,10524,6,6
2019-03-26 18:06:53.505,10524,10524,10524,1,1
2019-03-26 18:07:03.864,10524,10524,10524,1,1
2019-03-26 18:07:17.269,10524,10524,10524,1,1
2019-03-26 18:07:38.577,10523,10523,10523,4,-4
2019-03-26 18:09:06.325,10523,10523,10523,1,1
2019-03-26 18:09:11.541,10524,10524,10524,2,2
2019-03-26 18:09:24.030,10523,10523,10523,1,-1
2019-03-26 18:10:14.830,10523,10523,10523,1,1
2019-03-26 18:10:20.163,10523,10523,10523,1,1
2019-03-26 18:11:03.051,10523,10523,10523,1,1
2019-03-26 18:11:30.394,10523,10523,10523,4,4
2019-03-26 18:11:39.414,10524,10524,10524,1,1
2019-03-26 18:11:55.882,10524,10524,10524,1,1
2019-03-26 18:11:55.883,10524,10524,10524,1,1
2019-03-26 18:11:55.884,10524,10524,10524,1,1
2019-03-26 18:11:55.894,10524,10524,10524,4,4
2019-03-26 18:11:55.895,10524,10524,10524,6,6
2019-03-26 18:11:56.194,10525,10525,10525,1,1
2019-03-26 18:12:01.867,10525,10525,10525,2,2
2019-03-26 18:12:02.683,10525,10525,10525,2,2
2019-03-26 18:12:03.798,10525,10525,10525,1,1
2019-03-26 18:12:14.517,10525,10525,10525,6,6
2019-03-26 18:12:14.642,10525,10525,10525,8,8
2019-03-26 18:12:24.082,10525,10525,10525,10,10
2019-03-26 18:12:27.080,10526,10526,10526,2,2
2019-03-26 18:12:37.582,10525,10525,10525,17,-17
2019-03-26 18:12:37.582,10525,10525,10525,1,1
2019-03-26 18:12:37.582,10525,10525,10525,1,1
2019-03-26 18:12:37.588,10525,10525,10525,1,1
2019-03-26 18:12:38.730,10525,10525,10525,1,1
2019-03-26 18:12:41.495,10525,10525,10525,1,1
2019-03-26 18:12:42.565,10525,10525,10525,1,1
2019-03-26 18:12:42.681,10526,10526,10526,28,28
2019-03-26 18:13:02.808,10526,10526,10526,4,4
2019-03-26 18:13:02.896,10526,10526,10526,1,1
2019-03-26 18:13:06.901,10526,10526,10526,2,2
2019-03-26 18:13:09.808,10526,10526,10526,1,1
2019-03-26 18:13:15.612,10526,10526,10526,1,1
2019-03-26 18:13:17.317,10526,10526,10526,3,3
2019-03-26 18:13:20.409,10526,10526,10526,1,1
2019-03-26 18:13:23.555,10526,10526,10526,1,1
2019-03-26 18:13:24.128,10526,10526,10526,1,1
2019-03-26 18:13:32.989,10526,10526,10526,1,1
2019-03-26 18:13:38.237,10525,10525,10525,1,-1
2019-03-26 18:13:47.558,10526,10526,10526,1,1
2019-03-26 18:13:52.773,10525,10525,10525,1,-1
2019-03-26 18:13:59.823,10526,10526,10526,1,1
2019-03-26 18:14:00.695,10526,10526,10526,4,4
2019-03-26 18:14:07.784,10526,10526,10526,1,1
2019-03-26 18:14:08.574,10526,10526,10526,1,1
2019-03-26 18:14:11.437,10526,10526,10526,2,2
2019-03-26 18:14:15.959,10526,10526,10526,1,1
2019-03-26 18:14:16.199,10526,10526,10526,5,5
2019-03-26 18:14:17.180,10526,10526,10526,5,5
2019-03-26 18:14:20.247,10526,10526,10526,1,1
2019-03-26 18:14:20.247,10525,10525,10525,1,-1
2019-03-26 18:14:23.335,10526,10526,10526,1,1
2019-03-26 18:14:27.317,10526,10526,10526,1,1
2019-03-26 18:14:40.384,10526,10526,10526,1,1
2019-03-26 18:14:48.683,10526,10526,10526,1,1
2019-03-26 18:14:49.758,10526,10526,10526,1,1
2019-03-26 18:14:57.167,10526,10526,10526,1,1
2019-03-26 18:14:57.647,10526,10526,10526,1,1
2019-03-26 18:15:02.259,10526,10526,10526,1,1
2019-03-26 18:15:02.458,10526,10526,10526,1,1
2019-03-26 18:15:02.474,10526,10526,10526,1,1
2019-03-26 18:15:09.586,10526,10526,10526,2,2
2019-03-26 18:15:13.277,10526,10526,10526,3,3
2019-03-26 18:15:16.965,10526,10526,10526,1,1
2019-03-26 18:15:19.590,10526,10526,10526,1,1
2019-03-26 18:15:23.138,10526,10526,10526,1,1
2019-03-26 18:15:30.133,10526,10526,10526,20,20
2019-03-26 18:15:33.125,10526,10526,10526,1,1
2019-03-26 18:15:34.622,10526,10526,10526,1,1
2019-03-26 18:15:41.200,10526,10526,10526,4,4
2019-03-26 18:15:51.758,10526,10526,10526,1,1
2019-03-26 18:15:56.663,10526,10526,10526,2,2
2019-03-26 18:16:04.479,10526,10526,10526,1,1
2019-03-26 18:16:18.041,10526,10526,10526,1,1
2019-03-26 18:16:27.249,10525,10525,10525,5,-5
2019-03-26 18:16:39.660,10526,10526,10526,2,2
2019-03-26 18:16:45.680,10525,10525,10525,1,-1
2019-03-26 18:16:48.181,10526,10526,10526,5,5
2019-03-26 18:17:22.025,10525,10525,10525,1,-1
2019-03-26 18:18:14.767,10526,10526,10526,1,1
2019-03-26 18:18:15.889,10525,10525,10525,1,-1
2019-03-26 18:18:18.283,10525,10525,10525,19,19
2019-03-26 18:18:18.284,10525,10525,10525,7,7
2019-03-26 18:18:24.938,10525,10525,10525,1,1
2019-03-26 18:18:44.673,10524,10524,10524,3,-3
2019-03-26 18:18:44.767,10524,10524,10524,1,1
2019-03-26 18:18:47.749,10524,10524,10524,1,1
2019-03-26 18:18:47.749,10524,10524,10524,6,6
2019-03-26 18:18:47.749,10524,10524,10524,1,1
2019-03-26 18:18:47.749,10524,10524,10524,1,1
2019-03-26 18:18:47.749,10524,10524,10524,2,2
2019-03-26 18:18:55.992,10524,10524,10524,5,5
2019-03-26 18:18:56.133,10524,10524,10524,3,3
2019-03-26 18:19:02.510,10524,10524,10524,1,1
2019-03-26 18:19:04.172,10524,10524,10524,2,2
2019-03-26 18:19:22.987,10524,10524,10524,1,1
2019-03-26 18:19:50.344,10525,10525,10525,3,3
2019-03-26 18:19:50.617,10525,10525,10525,6,6
2019-03-26 18:19:50.617,10525,10525,10525,2,2
2019-03-26 18:19:52.203,10526,10526,10526,1,1
2019-03-26 18:19:53.324,10525,10525,10525,1,-1
2019-03-26 18:20:28.269,10525,10525,10525,13,13
2019-03-26 18:20:38.547,10525,10525,10525,1,1
2019-03-26 18:21:11.465,10525,10525,10525,8,8
2019-03-26 18:21:11.465,10525,10525,10525,7,7
2019-03-26 18:21:11.465,10525,10525,10525,6,6
2019-03-26 18:21:15.886,10525,10525,10525,1,1
2019-03-26 18:21:39.042,10525,10525,10525,1,1
2019-03-26 18:22:03.502,10524,10524,10524,2,-2
2019-03-26 18:22:58.824,10524,10524,10524,1,1
2019-03-26 18:23:23.833,10524,10524,10524,10,10
2019-03-26 18:23:26.865,10525,10525,10525,1,1
2019-03-26 18:23:36.628,10524,10524,10524,1,-1
2019-03-26 18:23:37.033,10524,10524,10524,1,1
2019-03-26 18:23:40.660,10524,10524,10524,1,1
2019-03-26 18:23:43.707,10524,10524,10524,1,1
2019-03-26 18:23:48.152,10524,10524,10524,1,1
2019-03-26 18:24:10.867,10524,10524,10524,8,8
2019-03-26 18:24:10.873,10525,10525,10525,1,1
2019-03-26 18:24:10.883,10525,10525,10525,1,1
2019-03-26 18:24:13.528,10525,10525,10525,1,1
2019-03-26 18:24:29.127,10525,10525,10525,8,8
2019-03-26 18:24:29.127,10525,10525,10525,7,7
2019-03-26 18:24:29.127,10525,10525,10525,6,6
2019-03-26 18:24:29.132,10526,10526,10526,1,1
2019-03-26 18:24:29.140,10526,10526,10526,1,1
2019-03-26 18:24:35.895,10526,10526,10526,2,2
2019-03-26 18:24:39.534,10526,10526,10526,1,1
2019-03-26 18:24:43.828,10525,10525,10525,15,-15
2019-03-26 18:24:44.165,10526,10526,10526,1,1
2019-03-26 18:24:49.196,10525,10525,10525,1,-1
2019-03-26 18:24:52.145,10526,10526,10526,1,1
2019-03-26 18:24:58.211,10526,10526,10526,2,2
2019-03-26 18:24:58.211,10526,10526,10526,2,2
2019-03-26 18:24:58.211,10526,10526,10526,1,1
2019-03-26 18:24:58.211,10526,10526,10526,1,1
2019-03-26 18:24:58.211,10526,10526,10526,2,2
2019-03-26 18:24:58.211,10526,10526,10526,1,1
2019-03-26 18:24:58.211,10526,10526,10526,1,1
2019-03-26 18:24:58.211,10526,10526,10526,1,1
2019-03-26 18:24:58.212,10526,10526,10526,2,2
2019-03-26 18:24:58.214,10526,10526,10526,1,1
2019-03-26 18:24:58.214,10526,10526,10526,1,1
2019-03-26 18:25:03.274,10526,10526,10526,2,2
2019-03-26 18:25:08.038,10526,10526,10526,1,1
2019-03-26 18:25:12.708,10526,10526,10526,1,1
2019-03-26 18:25:25.127,10526,10526,10526,1,1
2019-03-26 18:25:33.659,10526,10526,10526,1,1
2019-03-26 18:25:39.579,10526,10526,10526,1,1
2019-03-26 18:25:41.123,10526,10526,10526,1,1
2019-03-26 18:25:48.797,10526,10526,10526,1,1
2019-03-26 18:26:02.201,10526,10526,10526,8,8
2019-03-26 18:26:13.644,10525,10525,10525,2,-2
2019-03-26 18:26:13.645,10525,10525,10525,1,1
2019-03-26 18:26:13.645,10525,10525,10525,12,12
2019-03-26 18:26:13.670,10525,10525,10525,1,1
2019-03-26 18:26:13.796,10525,10525,10525,5,5
2019-03-26 18:26:16.318,10524,10524,10524,2,-2
2019-03-26 18:26:16.435,10524,10524,10524,1,1
2019-03-26 18:26:20.006,10524,10524,10524,1,1
2019-03-26 18:26:21.484,10524,10524,10524,1,1
2019-03-26 18:26:24.080,10524,10524,10524,1,1
2019-03-26 18:26:29.196,10524,10524,10524,3,3
2019-03-26 18:27:02.304,10524,10524,10524,3,3
2019-03-26 18:27:07.989,10524,10524,10524,1,1
2019-03-26 18:27:08.017,10524,10524,10524,1,1
2019-03-26 18:27:08.142,10524,10524,10524,1,1
2019-03-26 18:27:13.914,10523,10523,10523,1,-1
2019-03-26 18:27:28.766,10524,10524,10524,1,1
2019-03-26 18:27:28.900,10523,10523,10523,1,-1
2019-03-26 18:27:44.517,10524,10524,10524,5,5
2019-03-26 18:27:52.371,10525,10525,10525,3,3
2019-03-26 18:27:52.392,10525,10525,10525,3,3
2019-03-26 18:28:07.818,10525,10525,10525,1,1
2019-03-26 18:28:15.022,10526,10526,10526,2,2
2019-03-26 18:28:25.074,10525,10525,10525,1,-1
2019-03-26 18:28:30.267,10526,10526,10526,2,2
2019-03-26 18:28:30.268,10526,10526,10526,2,2
2019-03-26 18:28:30.268,10526,10526,10526,4,4
2019-03-26 18:28:30.280,10526,10526,10526,7,7
2019-03-26 18:28:32.717,10526,10526,10526,1,1
2019-03-26 18:28:41.761,10526,10526,10526,5,5
2019-03-26 18:28:47.369,10526,10526,10526,1,1
2019-03-26 18:28:47.392,10526,10526,10526,1,1
2019-03-26 18:28:47.517,10526,10526,10526,2,2
2019-03-26 18:28:52.059,10527,10527,10527,8,8
2019-03-26 18:28:52.059,10527,10527,10527,7,7
2019-03-26 18:28:52.059,10527,10527,10527,8,8
2019-03-26 18:28:52.060,10527,10527,10527,7,7
2019-03-26 18:28:52.142,10527,10527,10527,3,3
2019-03-26 18:28:52.142,10527,10527,10527,2,2
2019-03-26 18:28:52.143,10527,10527,10527,1,1
2019-03-26 18:28:52.346,10528,10528,10528,1,1
2019-03-26 18:28:52.358,10528,10528,10528,1,1
2019-03-26 18:28:52.374,10528,10528,10528,6,6
2019-03-26 18:28:52.394,10527,10527,10527,2,-2
2019-03-26 18:28:52.432,10528,10528,10528,1,1
2019-03-26 18:28:52.462,10528,10528,10528,1,1
2019-03-26 18:28:52.662,10528,10528,10528,1,1
2019-03-26 18:28:52.682,10528,10528,10528,1,1
2019-03-26 18:28:52.686,10528,10528,10528,1,1
2019-03-26 18:28:52.696,10528,10528,10528,1,1
2019-03-26 18:28:52.705,10528,10528,10528,1,1
2019-03-26 18:28:52.714,10528,10528,10528,1,1
2019-03-26 18:28:52.753,10528,10528,10528,1,1
2019-03-26 18:28:52.921,10528,10528,10528,5,5
2019-03-26 18:28:53.026,10528,10528,10528,1,1
2019-03-26 18:28:53.031,10528,10528,10528,1,1
2019-03-26 18:28:53.176,10528,10528,10528,1,1
2019-03-26 18:28:53.279,10527,10527,10527,1,-1
2019-03-26 18:29:01.387,10527,10527,10527,1,1
2019-03-26 18:29:02.650,10527,10527,10527,1,1
2019-03-26 18:29:02.650,10527,10527,10527,2,2
2019-03-26 18:29:12.184,10527,10527,10527,1,1
2019-03-26 18:29:14.963,10526,10526,10526,1,-1
2019-03-26 18:29:26.247,10526,10526,10526,2,2
2019-03-26 18:29:32.132,10526,10526,10526,3,3
2019-03-26 18:29:34.219,10526,10526,10526,1,1
2019-03-26 18:29:57.060,10527,10527,10527,1,1
2019-03-26 18:30:02.628,10527,10527,10527,5,5
2019-03-26 18:30:04.624,10527,10527,10527,1,1
2019-03-26 18:30:13.339,10526,10526,10526,3,-3
2019-03-26 18:30:13.534,10527,10527,10527,1,1
2019-03-26 18:30:13.642,10526,10526,10526,1,-1
2019-03-26 18:30:13.642,10526,10526,10526,1,1
2019-03-26 18:30:48.949,10526,10526,10526,2,2
2019-03-26 18:31:11.173,10525,10525,10525,2,-2
2019-03-26 18:31:11.267,10525,10525,10525,1,1
2019-03-26 18:31:13.260,10525,10525,10525,22,22
2019-03-26 18:31:13.267,10525,10525,10525,1,1
2019-03-26 18:31:28.457,10525,10525,10525,1,1
2019-03-26 18:32:15.451,10524,10524,10524,1,-1
2019-03-26 18:32:15.683,10524,10524,10524,1,1
2019-03-26 18:32:18.744,10524,10524,10524,1,1
2019-03-26 18:32:20.795,10525,10525,10525,1,1
2019-03-26 18:33:07.009,10524,10524,10524,1,-1
2019-03-26 18:33:14.402,10524,10524,10524,1,1
2019-03-26 18:33:15.520,10524,10524,10524,1,1
2019-03-26 18:34:59.702,10524,10524,10524,1,1
2019-03-26 18:34:59.767,10524,10524,10524,2,2
2019-03-26 18:34:59.813,10524,10524,10524,2,2
2019-03-26 18:34:59.813,10524,10524,10524,3,3
2019-03-26 18:35:06.750,10523,10523,10523,1,-1
2019-03-26 18:35:06.774,10523,10523,10523,4,4
2019-03-26 18:35:06.799,10523,10523,10523,4,4
2019-03-26 18:35:07.638,10523,10523,10523,1,1
2019-03-26 18:35:07.782,10523,10523,10523,1,1
2019-03-26 18:35:07.798,10523,10523,10523,7,7
2019-03-26 18:35:31.292,10523,10523,10523,1,1
2019-03-26 18:35:44.206,10523,10523,10523,1,1
2019-03-26 18:36:18.830,10523,10523,10523,5,5
2019-03-26 18:36:19.171,10523,10523,10523,5,5
2019-03-26 18:36:31.012,10523,10523,10523,2,2
2019-03-26 18:36:31.017,10523,10523,10523,12,12
2019-03-26 18:36:36.912,10523,10523,10523,1,1
2019-03-26 18:36:40.308,10523,10523,10523,1,1
2019-03-26 18:37:06.556,10524,10524,10524,4,4
2019-03-26 18:37:10.318,10524,10524,10524,1,1
2019-03-26 18:37:10.318,10524,10524,10524,5,5
2019-03-26 18:37:10.318,10524,10524,10524,1,1
2019-03-26 18:37:10.319,10524,10524,10524,1,1
2019-03-26 18:37:28.401,10524,10524,10524,1,1
2019-03-26 18:37:43.436,10524,10524,10524,1,1
2019-03-26 18:38:28.975,10524,10524,10524,1,1
2019-03-26 18:39:00.114,10524,10524,10524,2,2
2019-03-26 18:39:14.851,10524,10524,10524,1,1
2019-03-26 18:39:15.605,10524,10524,10524,1,1
2019-03-26 18:39:33.511,10523,10523,10523,2,-2
2019-03-26 18:40:03.416,10523,10523,10523,2,2
2019-03-26 18:40:06.163,10523,10523,10523,6,6
2019-03-26 18:40:06.163,10523,10523,10523,2,2
2019-03-26 18:40:06.164,10523,10523,10523,2,2
2019-03-26 18:40:06.164,10523,10523,10523,1,1
2019-03-26 18:40:10.401,10522,10522,10522,2,-2
2019-03-26 18:40:10.401,10522,10522,10522,3,3
2019-03-26 18:40:10.401,10522,10522,10522,3,3
2019-03-26 18:40:10.401,10522,10522,10522,2,2
2019-03-26 18:40:10.401,10522,10522,10522,2,2
2019-03-26 18:40:10.401,10522,10522,10522,4,4
2019-03-26 18:40:10.401,10522,10522,10522,1,1
2019-03-26 18:40:13.772,10523,10523,10523,1,1
2019-03-26 18:40:21.312,10523,10523,10523,1,1
2019-03-26 18:40:38.419,10523,10523,10523,1,1
2019-03-26 18:40:47.830,10523,10523,10523,1,1
2019-03-26 18:40:49.392,10523,10523,10523,2,2
2019-03-26 18:41:01.808,10523,10523,10523,4,4
2019-03-26 18:41:01.808,10523,10523,10523,1,1
2019-03-26 18:41:01.884,10523,10523,10523,1,1
2019-03-26 18:41:12.171,10523,10523,10523,1,1
2019-03-26 18:41:30.093,10523,10523,10523,2,2
2019-03-26 18:41:38.823,10523,10523,10523,2,2
2019-03-26 18:43:07.342,10523,10523,10523,3,3
2019-03-26 18:43:13.572,10523,10523,10523,1,1
2019-03-26 18:43:15.063,10523,10523,10523,2,2
2019-03-26 18:43:50.484,10523,10523,10523,1,1
2019-03-26 18:44:29.267,10522,10522,10522,1,-1
2019-03-26 18:44:31.099,10522,10522,10522,1,1
2019-03-26 18:44:40.586,10522,10522,10522,1,1
2019-03-26 18:44:54.375,10522,10522,10522,1,1
2019-03-26 18:44:55.377,10522,10522,10522,1,1
2019-03-26 18:44:55.377,10522,10522,10522,4,4
2019-03-26 18:44:55.377,10522,10522,10522,6,6
2019-03-26 18:45:09.157,10522,10522,10522,3,3
2019-03-26 18:45:10.900,10522,10522,10522,2,2
2019-03-26 18:45:25.429,10522,10522,10522,1,1
2019-03-26 18:45:50.644,10522,10522,10522,1,1
2019-03-26 18:45:51.305,10522,10522,10522,1,1
2019-03-26 18:46:04.551,10522,10522,10522,2,2
2019-03-26 18:46:15.180,10523,10523,10523,2,2
2019-03-26 18:46:28.269,10523,10523,10523,2,2
2019-03-26 18:46:36.634,10523,10523,10523,1,1
2019-03-26 18:47:22.403,10522,10522,10522,2,-2
2019-03-26 18:47:27.253,10522,10522,10522,1,1
2019-03-26 18:47:46.286,10522,10522,10522,1,1
2019-03-26 18:48:02.524,10523,10523,10523,2,2
2019-03-26 18:48:08.775,10523,10523,10523,2,2
2019-03-26 18:48:19.768,10523,10523,10523,4,4
2019-03-26 18:48:19.892,10523,10523,10523,1,1
2019-03-26 18:48:56.065,10524,10524,10524,1,1
2019-03-26 18:48:56.065,10524,10524,10524,1,1
2019-03-26 18:49:27.559,10524,10524,10524,1,1
2019-03-26 18:49:38.135,10524,10524,10524,1,1
2019-03-26 18:50:15.422,10524,10524,10524,1,1
2019-03-26 18:50:16.163,10523,10523,10523,4,-4
2019-03-26 18:50:16.163,10523,10523,10523,4,4
2019-03-26 18:50:16.208,10523,10523,10523,4,4
2019-03-26 18:50:16.208,10523,10523,10523,4,4
2019-03-26 18:50:16.457,10523,10523,10523,3,3
2019-03-26 18:50:16.459,10523,10523,10523,3,3
2019-03-26 18:50:16.526,10523,10523,10523,2,2
2019-03-26 18:50:30.166,10523,10523,10523,1,1
2019-03-26 18:50:33.094,10523,10523,10523,1,1
2019-03-26 18:50:53.348,10523,10523,10523,2,2
2019-03-26 18:50:56.902,10523,10523,10523,6,6
2019-03-26 18:51:17.912,10523,10523,10523,1,1
2019-03-26 18:52:00.440,10523,10523,10523,6,6
2019-03-26 18:52:09.375,10523,10523,10523,1,1
2019-03-26 18:52:23.933,10523,10523,10523,5,5
2019-03-26 18:52:29.675,10523,10523,10523,1,1
2019-03-26 18:52:56.918,10523,10523,10523,1,1
2019-03-26 18:52:56.967,10524,10524,10524,1,1
2019-03-26 18:52:56.967,10524,10524,10524,1,1
2019-03-26 18:52:57.246,10523,10523,10523,1,-1
2019-03-26 18:53:21.193,10524,10524,10524,5,5
2019-03-26 18:53:26.263,10524,10524,10524,1,1
2019-03-26 18:53:27.977,10524,10524,10524,1,1
2019-03-26 18:53:46.142,10524,10524,10524,1,1
2019-03-26 18:53:46.267,10524,10524,10524,1,1
2019-03-26 18:54:03.938,10524,10524,10524,1,1
2019-03-26 18:54:24.020,10523,10523,10523,1,-1
2019-03-26 18:54:35.453,10524,10524,10524,1,1
2019-03-26 18:54:35.559,10524,10524,10524,1,1
2019-03-26 18:54:43.890,10524,10524,10524,3,3
2019-03-26 18:54:49.201,10525,10525,10525,1,1
2019-03-26 18:54:50.487,10525,10525,10525,2,2
2019-03-26 18:55:16.972,10525,10525,10525,1,1
2019-03-26 18:55:21.628,10524,10524,10524,1,-1
2019-03-26 18:55:45.126,10524,10524,10524,1,1
2019-03-26 18:56:30.185,10525,10525,10525,1,1
2019-03-26 18:56:30.269,10525,10525,10525,3,3
2019-03-26 18:56:30.392,10525,10525,10525,12,12
2019-03-26 18:56:40.882,10525,10525,10525,1,1
2019-03-26 18:57:05.041,10525,10525,10525,1,1
2019-03-26 18:57:08.354,10525,10525,10525,1,1
2019-03-26 18:57:17.474,10524,10524,10524,6,-6
2019-03-26 18:57:45.660,10525,10525,10525,1,1
2019-03-26 18:57:53.049,10525,10525,10525,3,3
2019-03-26 18:57:57.653,10525,10525,10525,2,2
2019-03-26 18:59:34.959,10525,10525,10525,1,1
2019-03-26 18:59:36.761,10525,10525,10525,1,1
2019-03-26 18:59:39.518,10525,10525,10525,1,1
2019-03-26 18:59:47.347,10524,10524,10524,1,-1
2019-03-26 18:59:48.392,10525,10525,10525,7,7
2019-03-26 19:00:15.144,10525,10525,10525,1,1
2019-03-26 19:00:15.269,10525,10525,10525,2,2
2019-03-26 19:00:15.769,10525,10525,10525,1,1
2019-03-26 19:00:15.769,10524,10524,10524,3,-3
2019-03-26 19:00:16.062,10524,10524,10524,2,2
2019-03-26 19:00:45.031,10526,10526,10526,1,1
2019-03-26 19:00:57.933,10526,10526,10526,2,2
2019-03-26 19:00:58.113,10526,10526,10526,1,1
2019-03-26 19:00:58.148,10526,10526,10526,3,3
2019-03-26 19:00:58.151,10526,10526,10526,1,1
2019-03-26 19:00:58.196,10526,10526,10526,2,2
2019-03-26 19:00:58.196,10526,10526,10526,1,1
2019-03-26 19:00:58.196,10526,10526,10526,2,2
2019-03-26 19:00:58.196,10526,10526,10526,1,1
2019-03-26 19:00:58.196,10526,10526,10526,6,6
2019-03-26 19:00:58.196,10526,10526,10526,4,4
2019-03-26 19:00:58.196,10526,10526,10526,11,11
2019-03-26 19:00:58.396,10527,10527,10527,1,1
2019-03-26 19:01:01.394,10526,10526,10526,1,-1
2019-03-26 19:01:06.414,10526,10526,10526,2,2
2019-03-26 19:01:07.323,10526,10526,10526,2,2
2019-03-26 19:01:15.835,10526,10526,10526,2,2
2019-03-26 19:01:22.362,10526,10526,10526,3,3
2019-03-26 19:01:25.679,10526,10526,10526,1,1
2019-03-26 19:01:32.078,10526,10526,10526,2,2
2019-03-26 19:01:35.862,10526,10526,10526,1,1
2019-03-26 19:01:37.316,10526,10526,10526,1,1
2019-03-26 19:02:29.534,10526,10526,10526,8,8
2019-03-26 19:02:34.267,10526,10526,10526,1,1
2019-03-26 19:02:34.267,10526,10526,10526,1,1
2019-03-26 19:02:34.329,10526,10526,10526,1,1
2019-03-26 19:02:35.562,10526,10526,10526,1,1
2019-03-26 19:02:39.830,10525,10525,10525,1,-1
2019-03-26 19:03:08.478,10526,10526,10526,1,1
2019-03-26 19:03:08.686,10525,10525,10525,3,-3
2019-03-26 19:03:08.836,10525,10525,10525,3,3
2019-03-26 19:03:29.117,10526,10526,10526,1,1
2019-03-26 19:03:31.835,10526,10526,10526,1,1
2019-03-26 19:03:39.380,10526,10526,10526,1,1
2019-03-26 19:03:41.348,10527,10527,10527,1,1
2019-03-26 19:03:48.736,10527,10527,10527,1,1
2019-03-26 19:04:03.151,10527,10527,10527,6,6
2019-03-26 19:04:21.933,10526,10526,10526,1,-1
2019-03-26 19:04:46.817,10526,10526,10526,1,1
2019-03-26 19:04:51.655,10526,10526,10526,3,3
2019-03-26 19:04:54.934,10526,10526,10526,1,1
2019-03-26 19:04:55.595,10526,10526,10526,3,3
2019-03-26 19:05:10.969,10526,10526,10526,2,2
2019-03-26 19:05:10.970,10526,10526,10526,2,2
2019-03-26 19:05:15.374,10526,10526,10526,2,2
2019-03-26 19:05:38.218,10526,10526,10526,2,2
2019-03-26 19:05:43.792,10526,10526,10526,1,1
2019-03-26 19:05:44.008,10526,10526,10526,2,2
