2022-06-21 15:00:00.078,15315,15316,15316,152,152
2022-06-21 15:00:00.081,15316,15317,15317,1,1
2022-06-21 15:00:00.115,15316,15318,15316,1,-1
2022-06-21 15:00:00.115,15316,15318,15318,1,1
2022-06-21 15:00:00.232,15316,15320,15316,1,-1
2022-06-21 15:00:00.301,15316,15320,15317,2,-2
2022-06-21 15:00:00.376,15317,15320,15320,1,1
2022-06-21 15:00:00.388,15317,15320,15317,2,-2
2022-06-21 15:00:00.393,15317,15320,15316,1,-1
2022-06-21 15:00:00.423,15317,15320,15316,1,-1
2022-06-21 15:00:00.466,15316,15320,15317,5,-5
2022-06-21 15:00:00.467,15316,15320,15316,1,-1
2022-06-21 15:00:00.472,15316,15320,15316,2,-2
2022-06-21 15:00:00.526,15316,15320,15320,1,1
2022-06-21 15:00:00.564,15316,15320,15320,1,1
2022-06-21 15:00:00.657,15316,15320,15316,1,-1
2022-06-21 15:00:00.666,15316,15320,15320,1,1
2022-06-21 15:00:00.667,15316,15320,15321,1,1
2022-06-21 15:00:00.673,15316,15320,15323,1,1
2022-06-21 15:00:00.682,15316,15320,15316,1,-1
2022-06-21 15:00:00.743,15316,15323,15323,2,2
2022-06-21 15:00:01.032,15317,15322,15321,1,1
2022-06-21 15:00:01.050,15317,15322,15321,1,1
2022-06-21 15:00:01.050,15317,15322,15320,1,1
2022-06-21 15:00:01.050,15317,15322,15319,1,-1
2022-06-21 15:00:01.050,15317,15322,15321,1,1
2022-06-21 15:00:01.072,15320,15321,15321,1,1
2022-06-21 15:00:01.072,15320,15321,15321,1,1
2022-06-21 15:00:01.087,15320,15321,15321,1,1
2022-06-21 15:00:01.103,15320,15321,15320,2,-2
2022-06-21 15:00:01.103,15320,15321,15319,2,-2
2022-06-21 15:00:01.103,15320,15321,15318,4,-4
2022-06-21 15:00:01.103,15320,15321,15317,2,-2
2022-06-21 15:00:01.109,15320,15321,15321,1,1
2022-06-21 15:00:01.109,15320,15321,15322,3,3
2022-06-21 15:00:01.128,15320,15321,15321,1,1
2022-06-21 15:00:01.128,15320,15321,15321,1,1
2022-06-21 15:00:01.179,15320,15321,15322,2,2
2022-06-21 15:00:01.294,15321,15323,15323,1,1
2022-06-21 15:00:01.297,15321,15323,15323,2,2
2022-06-21 15:00:01.297,15321,15323,15323,1,1
2022-06-21 15:00:01.367,15322,15324,15322,1,-1
2022-06-21 15:00:01.553,15323,15324,15323,1,-1
2022-06-21 15:00:01.606,15323,15324,15323,1,-1
2022-06-21 15:00:01.956,15323,15324,15324,1,1
2022-06-21 15:00:01.980,15323,15324,15324,1,1
2022-06-21 15:00:01.980,15323,15324,15324,2,2
2022-06-21 15:00:02.040,15323,15324,15323,1,-1
2022-06-21 15:00:02.347,15322,15324,15324,4,4
2022-06-21 15:00:02.382,15322,15324,15325,1,1
2022-06-21 15:00:02.421,15322,15324,15325,1,1
2022-06-21 15:00:02.734,15322,15325,15325,4,4
2022-06-21 15:00:02.734,15322,15325,15326,2,2
2022-06-21 15:00:02.734,15322,15325,15327,1,1
2022-06-21 15:00:03.078,15323,15324,15323,1,-1
2022-06-21 15:00:03.155,15323,15324,15323,1,-1
2022-06-21 15:00:03.181,15323,15324,15322,2,-2
2022-06-21 15:00:03.181,15323,15324,15321,3,-3
2022-06-21 15:00:03.200,15320,15322,15322,3,3
2022-06-21 15:00:03.250,15320,15322,15322,1,1
2022-06-21 15:00:03.275,15320,15322,15322,1,1
2022-06-21 15:00:03.319,15321,15322,15321,3,-3
2022-06-21 15:00:03.319,15321,15322,15320,3,-3
2022-06-21 15:00:03.320,15321,15322,15319,5,-5
2022-06-21 15:00:03.320,15321,15322,15320,24,-24
2022-06-21 15:00:03.349,15321,15322,15322,3,3
2022-06-21 15:00:03.454,15320,15323,15320,1,-1
2022-06-21 15:00:03.956,15320,15322,15322,1,1
2022-06-21 15:00:03.956,15320,15322,15322,1,1
2022-06-21 15:00:03.956,15320,15322,15323,1,1
2022-06-21 15:00:04.257,15320,15323,15322,2,2
2022-06-21 15:00:04.257,15320,15323,15323,1,1
2022-06-21 15:00:04.323,15321,15323,15323,2,2
2022-06-21 15:00:05.186,15322,15324,15324,1,1
2022-06-21 15:00:05.236,15322,15324,15324,1,1
2022-06-21 15:00:05.277,15322,15324,15324,1,1
2022-06-21 15:00:05.378,15324,15325,15325,3,3
2022-06-21 15:00:05.675,15325,15326,15324,1,-1
2022-06-21 15:00:05.679,15325,15326,15324,2,-2
2022-06-21 15:00:05.806,15323,15325,15325,1,1
2022-06-21 15:00:06.011,15324,15325,15324,2,-2
2022-06-21 15:00:06.101,15323,15325,15324,1,-1
2022-06-21 15:00:06.101,15323,15325,15323,3,-3
2022-06-21 15:00:06.194,15322,15323,15323,2,2
2022-06-21 15:00:06.253,15322,15323,15324,2,2
2022-06-21 15:00:06.304,15322,15323,15325,2,2
2022-06-21 15:00:06.305,15322,15323,15325,1,1
2022-06-21 15:00:06.443,15324,15325,15325,1,1
2022-06-21 15:00:06.746,15323,15325,15325,1,1
2022-06-21 15:00:06.943,15324,15326,15326,1,1
2022-06-21 15:00:07.341,15324,15326,15326,1,1
2022-06-21 15:00:08.192,15325,15326,15326,1,1
2022-06-21 15:00:08.243,15325,15326,15326,1,1
2022-06-21 15:00:08.401,15325,15327,15325,1,-1
2022-06-21 15:00:08.650,15325,15326,15325,1,-1
2022-06-21 15:00:08.662,15325,15326,15326,1,1
2022-06-21 15:00:08.804,15325,15326,15325,1,-1
2022-06-21 15:00:08.891,15325,15327,15325,1,-1
2022-06-21 15:00:09.324,15325,15326,15326,2,2
2022-06-21 15:00:09.771,15325,15326,15326,1,1
2022-06-21 15:00:09.799,15325,15326,15326,2,2
2022-06-21 15:00:09.871,15325,15327,15327,1,1
2022-06-21 15:00:09.895,15325,15327,15327,1,1
2022-06-21 15:00:10.078,15325,15327,15325,2,-2
2022-06-21 15:00:10.896,15326,15327,15327,4,4
2022-06-21 15:00:11.358,15326,15327,15326,2,-2
2022-06-21 15:00:11.897,15325,15327,15326,1,-1
2022-06-21 15:00:11.897,15325,15327,15327,2,2
2022-06-21 15:00:12.858,15325,15327,15327,1,1
2022-06-21 15:00:12.879,15325,15327,15327,1,1
2022-06-21 15:00:12.896,15325,15327,15327,1,1
2022-06-21 15:00:13.061,15325,15327,15325,3,-3
2022-06-21 15:00:13.061,15325,15327,15324,9,-9
2022-06-21 15:00:13.151,15324,15325,15325,2,2
2022-06-21 15:00:13.224,15325,15326,15326,1,1
2022-06-21 15:00:13.382,15325,15326,15325,1,-1
2022-06-21 15:00:13.572,15326,15327,15326,1,-1
2022-06-21 15:00:13.896,15325,15327,15327,3,3
2022-06-21 15:00:13.991,15325,15327,15327,2,2
2022-06-21 15:00:13.991,15325,15327,15328,2,2
2022-06-21 15:00:14.199,15326,15328,15326,1,-1
2022-06-21 15:00:14.556,15326,15328,15326,2,-2
2022-06-21 15:00:14.556,15326,15328,15325,2,-2
2022-06-21 15:00:14.780,15325,15326,15326,1,1
2022-06-21 15:00:15.630,15325,15326,15326,3,3
2022-06-21 15:00:15.630,15325,15326,15327,2,2
2022-06-21 15:00:15.699,15325,15327,15327,1,1
2022-06-21 15:00:15.915,15325,15327,15325,3,-3
2022-06-21 15:00:15.989,15325,15327,15327,3,3
2022-06-21 15:00:16.989,15325,15327,15327,4,4
2022-06-21 15:00:16.990,15325,15327,15327,1,1
2022-06-21 15:00:17.989,15325,15327,15327,4,4
2022-06-21 15:00:18.245,15326,15328,15326,1,-1
2022-06-21 15:00:18.245,15326,15328,15325,1,-1
2022-06-21 15:00:18.989,15325,15327,15327,4,4
2022-06-21 15:00:19.084,15325,15327,15327,4,4
2022-06-21 15:00:19.121,15325,15327,15325,2,-2
2022-06-21 15:00:19.137,15325,15327,15327,1,1
2022-06-21 15:00:20.082,15325,15326,15326,3,3
2022-06-21 15:00:20.193,15325,15326,15326,1,1
2022-06-21 15:00:20.879,15326,15327,15327,3,3
2022-06-21 15:00:20.879,15326,15327,15327,1,1
2022-06-21 15:00:21.035,15326,15328,15328,1,1
2022-06-21 15:00:21.080,15327,15328,15328,5,5
2022-06-21 15:00:22.321,15327,15328,15328,1,1
2022-06-21 15:00:23.083,15328,15329,15329,3,3
2022-06-21 15:00:24.058,15328,15329,15329,1,1
2022-06-21 15:00:24.949,15328,15329,15329,2,2
2022-06-21 15:00:25.086,15328,15329,15329,1,1
2022-06-21 15:00:25.150,15328,15329,15328,1,-1
2022-06-21 15:00:25.214,15327,15328,15327,1,-1
2022-06-21 15:00:25.214,15327,15328,15326,3,-3
2022-06-21 15:00:25.256,15327,15328,15328,1,1
2022-06-21 15:00:25.308,15327,15328,15327,1,-1
2022-06-21 15:00:25.353,15327,15328,15328,1,1
2022-06-21 15:00:26.036,15327,15328,15327,1,-1
2022-06-21 15:00:26.094,15327,15328,15327,1,-1
2022-06-21 15:00:26.094,15327,15328,15326,3,-3
2022-06-21 15:00:26.258,15326,15327,15327,1,1
2022-06-21 15:00:26.350,15326,15327,15327,1,1
2022-06-21 15:00:26.900,15327,15328,15328,1,1
2022-06-21 15:00:26.901,15327,15328,15328,3,3
2022-06-21 15:00:27.150,15328,15330,15330,1,1
2022-06-21 15:00:27.350,15329,15330,15330,5,5
2022-06-21 15:00:27.701,15329,15330,15329,1,-1
2022-06-21 15:00:27.771,15329,15330,15329,1,-1
2022-06-21 15:00:28.119,15329,15330,15329,1,-1
2022-06-21 15:00:28.243,15329,15330,15330,2,2
2022-06-21 15:00:28.243,15329,15330,15331,2,2
2022-06-21 15:00:28.351,15329,15331,15331,1,1
2022-06-21 15:00:28.374,15329,15331,15329,4,-4
2022-06-21 15:00:28.463,15329,15331,15329,1,-1
2022-06-21 15:00:28.572,15329,15331,15329,2,-2
2022-06-21 15:00:29.352,15328,15329,15329,1,1
2022-06-21 15:00:29.924,15328,15329,15328,4,-4
2022-06-21 15:00:30.040,15328,15329,15329,1,1
2022-06-21 15:00:30.282,15328,15329,15328,1,-1
2022-06-21 15:00:30.468,15328,15329,15329,1,1
2022-06-21 15:00:30.500,15328,15329,15330,1,1
2022-06-21 15:00:30.582,15329,15330,15329,1,-1
2022-06-21 15:00:30.834,15328,15330,15330,1,1
2022-06-21 15:00:31.080,15328,15330,15328,1,-1
2022-06-21 15:00:31.352,15328,15330,15330,2,2
2022-06-21 15:00:31.447,15328,15330,15330,6,6
2022-06-21 15:00:31.980,15329,15330,15330,1,1
2022-06-21 15:00:32.648,15330,15331,15330,2,-2
2022-06-21 15:00:32.648,15330,15331,15329,4,-4
2022-06-21 15:00:32.664,15330,15331,15329,1,-1
2022-06-21 15:00:32.730,15328,15330,15330,1,1
2022-06-21 15:00:33.033,15328,15331,15329,1,-1
2022-06-21 15:00:34.020,15328,15331,15328,1,-1
2022-06-21 15:00:34.901,15329,15331,15329,1,-1
2022-06-21 15:00:35.148,15329,15331,15329,1,-1
2022-06-21 15:00:35.625,15329,15330,15329,1,-1
2022-06-21 15:00:35.625,15329,15330,15329,1,-1
2022-06-21 15:00:37.117,15329,15330,15329,1,-1
2022-06-21 15:00:40.061,15329,15330,15329,1,-1
2022-06-21 15:00:40.197,15329,15330,15330,2,2
2022-06-21 15:00:40.484,15329,15330,15329,2,-2
2022-06-21 15:00:42.046,15329,15330,15329,7,-7
2022-06-21 15:00:42.047,15329,15330,15329,1,-1
2022-06-21 15:00:42.112,15328,15330,15329,2,-2
2022-06-21 15:00:42.122,15328,15330,15329,1,-1
2022-06-21 15:00:42.343,15328,15329,15328,5,-5
2022-06-21 15:00:42.343,15328,15329,15328,3,-3
2022-06-21 15:00:42.835,15327,15328,15328,3,3
2022-06-21 15:00:42.835,15327,15328,15329,8,8
2022-06-21 15:00:42.836,15327,15328,15327,9,-9
2022-06-21 15:00:44.249,15326,15328,15326,1,-1
2022-06-21 15:00:44.432,15326,15328,15326,5,-5
2022-06-21 15:00:44.449,15326,15327,15326,3,-3
2022-06-21 15:00:44.449,15326,15327,15325,10,-10
2022-06-21 15:00:44.450,15326,15327,15325,4,-4
2022-06-21 15:00:44.608,15324,15326,15325,1,-1
2022-06-21 15:00:44.644,15324,15326,15325,1,-1
2022-06-21 15:00:44.644,15324,15326,15324,5,-5
2022-06-21 15:00:44.644,15324,15326,15323,7,-7
2022-06-21 15:00:44.726,15323,15324,15323,1,-1
2022-06-21 15:00:44.889,15323,15324,15324,1,1
2022-06-21 15:00:44.895,15323,15324,15324,4,4
2022-06-21 15:00:44.895,15323,15324,15323,4,-4
2022-06-21 15:00:44.895,15323,15324,15322,5,-5
2022-06-21 15:00:45.160,15323,15325,15325,3,3
2022-06-21 15:00:45.160,15323,15325,15326,2,2
2022-06-21 15:00:45.791,15324,15326,15326,1,1
2022-06-21 15:00:45.994,15324,15326,15326,1,1
2022-06-21 15:00:46.103,15324,15326,15326,1,1
2022-06-21 15:00:46.994,15324,15325,15324,5,-5
2022-06-21 15:00:48.160,15323,15324,15323,1,-1
2022-06-21 15:00:48.160,15323,15324,15323,4,-4
2022-06-21 15:00:48.251,15322,15323,15323,1,1
2022-06-21 15:00:48.637,15322,15324,15322,1,-1
2022-06-21 15:00:48.852,15322,15324,15322,1,-1
2022-06-21 15:00:49.124,15322,15323,15322,2,-2
2022-06-21 15:00:49.357,15322,15323,15322,1,-1
2022-06-21 15:00:49.369,15322,15323,15322,1,-1
2022-06-21 15:00:49.369,15322,15323,15322,5,-5
2022-06-21 15:00:49.413,15322,15323,15321,4,-4
2022-06-21 15:00:49.413,15322,15323,15321,3,-3
2022-06-21 15:00:49.414,15322,15323,15321,1,-1
2022-06-21 15:00:49.422,15322,15323,15322,1,-1
2022-06-21 15:00:49.521,15320,15322,15321,1,-1
2022-06-21 15:00:49.534,15320,15322,15320,1,-1
2022-06-21 15:00:50.038,15321,15322,15322,2,2
2022-06-21 15:00:50.038,15321,15322,15323,2,2
2022-06-21 15:00:51.155,15322,15323,15323,1,1
2022-06-21 15:00:51.703,15322,15323,15322,1,-1
2022-06-21 15:00:52.006,15322,15323,15323,1,1
2022-06-21 15:00:52.129,15323,15324,15323,1,-1
2022-06-21 15:00:52.589,15323,15324,15324,1,1
2022-06-21 15:00:52.773,15323,15324,15323,1,-1
2022-06-21 15:00:53.738,15323,15324,15324,1,1
2022-06-21 15:00:53.779,15323,15324,15324,1,1
2022-06-21 15:00:54.302,15323,15325,15325,1,1
2022-06-21 15:00:54.460,15323,15325,15325,1,1
2022-06-21 15:00:54.581,15323,15325,15323,1,-1
2022-06-21 15:00:54.615,15323,15325,15325,1,1
2022-06-21 15:00:56.720,15324,15325,15325,1,1
2022-06-21 15:00:57.223,15324,15325,15324,4,-4
2022-06-21 15:00:57.333,15324,15325,15324,1,-1
2022-06-21 15:00:57.334,15324,15325,15324,1,-1
2022-06-21 15:00:57.451,15323,15325,15325,1,1
2022-06-21 15:00:57.587,15323,15325,15323,2,-2
2022-06-21 15:00:57.821,15323,15325,15323,2,-2
2022-06-21 15:00:59.197,15323,15324,15323,4,-4
2022-06-21 15:00:59.475,15323,15324,15323,1,-1
2022-06-21 15:00:59.475,15323,15324,15323,5,-5
2022-06-21 15:01:00.004,15322,15323,15322,3,-3
2022-06-21 15:01:00.004,15322,15323,15322,1,-1
2022-06-21 15:01:00.069,15321,15323,15321,1,-1
2022-06-21 15:01:00.189,15321,15323,15323,1,1
2022-06-21 15:01:00.288,15321,15323,15321,1,-1
2022-06-21 15:01:02.355,15321,15322,15321,2,-2
2022-06-21 15:01:02.356,15321,15322,15321,4,-4
2022-06-21 15:01:02.442,15320,15322,15320,1,-1
2022-06-21 15:01:02.988,15320,15322,15320,1,-1
2022-06-21 15:01:04.014,15320,15321,15321,1,1
2022-06-21 15:01:04.677,15320,15321,15320,1,-1
2022-06-21 15:01:04.684,15320,15321,15320,7,-7
2022-06-21 15:01:04.685,15320,15321,15320,6,-6
2022-06-21 15:01:04.860,15319,15320,15320,1,1
2022-06-21 15:01:06.000,15320,15321,15320,3,-3
2022-06-21 15:01:06.064,15319,15321,15319,1,-1
2022-06-21 15:01:06.843,15320,15321,15320,1,-1
2022-06-21 15:01:07.255,15319,15320,15320,1,1
2022-06-21 15:01:07.316,15319,15320,15319,1,-1
2022-06-21 15:01:07.548,15319,15320,15319,4,-4
2022-06-21 15:01:08.031,15318,15320,15318,2,-2
2022-06-21 15:01:08.068,15318,15320,15318,5,-5
2022-06-21 15:01:08.235,15318,15320,15320,1,1
2022-06-21 15:01:08.408,15319,15320,15319,2,-2
2022-06-21 15:01:09.337,15319,15320,15320,3,3
2022-06-21 15:01:09.399,15319,15320,15321,2,2
2022-06-21 15:01:10.219,15320,15322,15320,1,-1
2022-06-21 15:01:10.248,15320,15322,15320,1,-1
2022-06-21 15:01:10.519,15320,15322,15320,4,-4
2022-06-21 15:01:10.519,15320,15322,15319,2,-2
2022-06-21 15:01:10.955,15320,15322,15320,1,-1
2022-06-21 15:01:11.194,15320,15321,15321,1,1
2022-06-21 15:01:11.271,15320,15321,15320,1,-1
2022-06-21 15:01:11.728,15319,15320,15319,2,-2
2022-06-21 15:01:14.126,15318,15319,15318,1,-1
2022-06-21 15:01:14.764,15318,15319,15319,2,2
2022-06-21 15:01:16.096,15319,15320,15319,1,-1
2022-06-21 15:01:17.493,15319,15320,15319,1,-1
2022-06-21 15:01:18.484,15319,15320,15320,4,4
2022-06-21 15:01:18.484,15319,15320,15320,6,6
2022-06-21 15:01:18.526,15319,15320,15321,2,2
2022-06-21 15:01:18.566,15321,15322,15321,1,-1
2022-06-21 15:01:18.566,15321,15322,15321,1,-1
2022-06-21 15:01:19.171,15321,15322,15321,1,-1
2022-06-21 15:01:19.641,15321,15322,15321,1,-1
2022-06-21 15:01:20.096,15321,15322,15322,1,1
2022-06-21 15:01:20.221,15322,15323,15322,1,-1
2022-06-21 15:01:21.013,15322,15323,15323,2,2
2022-06-21 15:01:22.165,15322,15324,15324,1,1
2022-06-21 15:01:22.788,15322,15324,15322,1,-1
2022-06-21 15:01:23.903,15322,15323,15322,1,-1
2022-06-21 15:01:23.904,15322,15323,15322,1,-1
2022-06-21 15:01:23.970,15321,15323,15323,1,1
2022-06-21 15:01:24.726,15323,15324,15323,1,-1
2022-06-21 15:01:25.156,15323,15324,15324,2,2
2022-06-21 15:01:25.780,15323,15325,15323,1,-1
2022-06-21 15:01:27.758,15324,15325,15324,1,-1
2022-06-21 15:01:27.758,15324,15325,15323,2,-2
2022-06-21 15:01:28.720,15323,15325,15324,1,-1
2022-06-21 15:01:28.816,15323,15325,15323,1,-1
2022-06-21 15:01:32.164,15324,15325,15324,2,-2
2022-06-21 15:01:32.216,15324,15325,15325,3,3
2022-06-21 15:01:32.216,15324,15325,15325,2,2
2022-06-21 15:01:32.309,15324,15325,15326,1,1
2022-06-21 15:01:32.362,15326,15327,15327,1,1
2022-06-21 15:01:32.450,15326,15327,15326,1,-1
2022-06-21 15:01:32.746,15326,15327,15326,1,-1
2022-06-21 15:01:32.962,15326,15327,15327,1,1
2022-06-21 15:01:33.225,15326,15327,15327,1,1
2022-06-21 15:01:33.226,15326,15327,15327,1,1
2022-06-21 15:01:33.227,15326,15327,15327,1,1
2022-06-21 15:01:33.408,15327,15328,15327,1,-1
2022-06-21 15:01:33.973,15326,15328,15326,1,-1
2022-06-21 15:01:34.598,15326,15328,15328,1,1
2022-06-21 15:01:37.889,15327,15328,15328,2,2
2022-06-21 15:01:38.172,15327,15329,15327,2,-2
2022-06-21 15:01:41.723,15328,15329,15328,1,-1
2022-06-21 15:01:41.869,15328,15329,15329,4,4
2022-06-21 15:01:41.869,15328,15329,15329,1,1
2022-06-21 15:01:41.870,15328,15329,15329,1,1
2022-06-21 15:01:41.870,15328,15329,15329,4,4
2022-06-21 15:01:41.870,15328,15329,15329,3,3
2022-06-21 15:01:41.870,15328,15329,15329,1,1
2022-06-21 15:01:41.870,15328,15329,15329,1,1
2022-06-21 15:01:41.870,15328,15329,15329,7,7
2022-06-21 15:01:42.346,15329,15330,15329,1,-1
2022-06-21 15:01:42.603,15329,15330,15330,1,1
2022-06-21 15:01:42.903,15329,15330,15329,2,-2
2022-06-21 15:01:42.903,15329,15330,15328,1,-1
2022-06-21 15:01:43.218,15328,15329,15328,1,-1
2022-06-21 15:01:43.320,15328,15329,15329,1,1
2022-06-21 15:01:43.866,15328,15330,15329,1,1
2022-06-21 15:01:43.871,15328,15330,15329,1,1
2022-06-21 15:01:44.177,15328,15329,15329,1,1
2022-06-21 15:01:46.410,15328,15329,15329,1,1
2022-06-21 15:01:46.441,15328,15330,15328,1,-1
2022-06-21 15:01:48.546,15328,15329,15329,3,3
2022-06-21 15:01:49.974,15329,15330,15329,1,-1
2022-06-21 15:01:49.974,15329,15330,15328,1,-1
2022-06-21 15:01:51.127,15328,15329,15329,1,1
2022-06-21 15:01:51.859,15328,15329,15329,1,1
2022-06-21 15:01:54.408,15328,15329,15328,2,-2
2022-06-21 15:01:54.408,15328,15329,15328,2,-2
2022-06-21 15:01:55.125,15327,15328,15327,1,-1
2022-06-21 15:01:55.125,15327,15328,15327,1,-1
2022-06-21 15:01:55.739,15326,15328,15327,1,-1
2022-06-21 15:01:55.814,15326,15327,15326,3,-3
2022-06-21 15:01:58.151,15325,15327,15326,1,-1
2022-06-21 15:02:00.064,15325,15326,15325,1,-1
2022-06-21 15:02:00.198,15325,15326,15326,1,1
2022-06-21 15:02:00.787,15325,15327,15325,2,-2
2022-06-21 15:02:00.788,15325,15327,15325,3,-3
2022-06-21 15:02:04.513,15324,15325,15324,1,-1
2022-06-21 15:02:04.513,15324,15325,15324,1,-1
2022-06-21 15:02:04.513,15324,15325,15324,1,-1
2022-06-21 15:02:04.544,15324,15325,15325,1,1
2022-06-21 15:02:08.327,15324,15326,15326,2,2
2022-06-21 15:02:09.815,15324,15325,15325,4,4
2022-06-21 15:02:10.201,15324,15325,15324,1,-1
2022-06-21 15:02:10.201,15324,15325,15323,1,-1
2022-06-21 15:02:10.927,15323,15325,15323,2,-2
2022-06-21 15:02:12.770,15323,15325,15323,2,-2
2022-06-21 15:02:13.523,15323,15324,15324,1,1
2022-06-21 15:02:14.638,15323,15324,15323,1,-1
2022-06-21 15:02:15.658,15322,15323,15323,1,1
2022-06-21 15:02:17.170,15322,15323,15323,1,1
2022-06-21 15:02:20.193,15322,15323,15323,1,1
2022-06-21 15:02:20.453,15322,15323,15323,1,1
2022-06-21 15:02:21.023,15322,15323,15323,1,1
2022-06-21 15:02:21.968,15322,15323,15322,1,-1
2022-06-21 15:02:22.438,15322,15323,15323,1,1
2022-06-21 15:02:24.043,15322,15324,15322,2,-2
2022-06-21 15:02:26.166,15322,15323,15323,1,1
2022-06-21 15:02:28.070,15322,15324,15323,1,1
2022-06-21 15:02:28.951,15322,15324,15324,1,1
2022-06-21 15:02:30.495,15322,15324,15322,1,-1
2022-06-21 15:02:31.342,15323,15324,15324,1,1
2022-06-21 15:02:34.179,15323,15324,15323,1,-1
2022-06-21 15:02:34.903,15323,15324,15324,1,1
2022-06-21 15:02:37.731,15323,15324,15323,1,-1
2022-06-21 15:02:38.476,15322,15324,15324,1,1
2022-06-21 15:02:40.186,15323,15324,15324,5,5
2022-06-21 15:02:41.273,15324,15325,15325,1,1
2022-06-21 15:02:41.273,15324,15325,15325,1,1
2022-06-21 15:02:44.113,15324,15326,15326,1,1
2022-06-21 15:02:44.545,15324,15326,15325,1,1
2022-06-21 15:02:44.645,15325,15326,15326,1,1
2022-06-21 15:02:44.893,15325,15326,15325,1,-1
2022-06-21 15:02:46.090,15325,15326,15326,1,1
2022-06-21 15:02:47.134,15325,15326,15325,1,-1
2022-06-21 15:02:47.252,15325,15326,15325,1,-1
2022-06-21 15:02:49.821,15324,15326,15324,1,-1
2022-06-21 15:02:50.693,15325,15326,15325,1,-1
2022-06-21 15:02:50.801,15325,15326,15325,3,-3
2022-06-21 15:02:52.624,15325,15326,15326,1,1
2022-06-21 15:02:55.076,15325,15326,15325,2,-2
2022-06-21 15:02:56.532,15325,15326,15326,10,10
2022-06-21 15:02:56.846,15325,15327,15327,1,1
2022-06-21 15:03:00.007,15325,15327,15325,1,-1
2022-06-21 15:03:00.386,15325,15327,15325,2,-2
2022-06-21 15:03:00.694,15325,15326,15326,1,1
2022-06-21 15:03:00.768,15325,15326,15327,1,1
2022-06-21 15:03:00.852,15325,15327,15325,1,-1
2022-06-21 15:03:01.503,15324,15325,15324,4,-4
2022-06-21 15:03:02.344,15324,15325,15324,2,-2
2022-06-21 15:03:03.300,15323,15325,15325,1,1
2022-06-21 15:03:03.603,15323,15325,15325,1,1
2022-06-21 15:03:06.319,15324,15326,15326,1,1
2022-06-21 15:03:11.350,15323,15324,15323,3,-3
2022-06-21 15:03:11.351,15323,15324,15323,1,-1
2022-06-21 15:03:11.441,15323,15324,15323,1,-1
2022-06-21 15:03:11.442,15323,15324,15323,1,-1
2022-06-21 15:03:11.636,15322,15324,15324,2,2
2022-06-21 15:03:11.793,15322,15324,15322,2,-2
2022-06-21 15:03:11.795,15322,15324,15322,14,-14
2022-06-21 15:03:11.796,15322,15324,15321,3,-3
2022-06-21 15:03:11.895,15320,15322,15320,2,-2
2022-06-21 15:03:11.895,15320,15322,15320,3,-3
2022-06-21 15:03:13.002,15319,15321,15321,1,1
2022-06-21 15:03:13.836,15320,15321,15321,1,1
2022-06-21 15:03:13.909,15320,15321,15321,1,1
2022-06-21 15:03:13.948,15320,15321,15321,1,1
2022-06-21 15:03:14.058,15320,15321,15321,1,1
2022-06-21 15:03:14.317,15320,15322,15322,1,1
2022-06-21 15:03:16.480,15321,15323,15323,1,1
2022-06-21 15:03:19.858,15321,15322,15321,1,-1
2022-06-21 15:03:24.159,15321,15322,15321,3,-3
2022-06-21 15:03:25.748,15321,15322,15322,1,1
2022-06-21 15:03:27.317,15322,15323,15323,1,1
2022-06-21 15:03:27.692,15322,15324,15324,1,1
2022-06-21 15:03:28.600,15322,15324,15322,3,-3
2022-06-21 15:03:34.149,15322,15323,15322,2,-2
2022-06-21 15:03:34.527,15321,15323,15321,2,-2
2022-06-21 15:03:35.965,15321,15322,15322,1,1
2022-06-21 15:03:35.965,15321,15322,15323,2,2
2022-06-21 15:03:36.031,15321,15322,15321,5,-5
2022-06-21 15:03:38.656,15321,15322,15322,2,2
2022-06-21 15:03:39.937,15322,15324,15324,1,1
2022-06-21 15:03:41.644,15322,15324,15324,1,1
2022-06-21 15:03:43.310,15323,15324,15324,1,1
2022-06-21 15:03:44.443,15324,15325,15325,1,1
2022-06-21 15:03:50.112,15325,15326,15325,1,-1
2022-06-21 15:03:54.669,15324,15325,15325,5,5
2022-06-21 15:03:55.279,15324,15325,15325,3,3
2022-06-21 15:03:57.036,15324,15325,15325,1,1
2022-06-21 15:03:59.994,15325,15326,15325,1,-1
2022-06-21 15:04:00.133,15325,15326,15325,1,-1
2022-06-21 15:04:00.202,15325,15326,15326,3,3
2022-06-21 15:04:00.204,15325,15326,15325,1,-1
2022-06-21 15:04:02.109,15325,15327,15325,1,-1
2022-06-21 15:04:04.263,15326,15327,15327,1,1
2022-06-21 15:04:04.911,15326,15327,15327,2,2
2022-06-21 15:04:06.787,15327,15328,15328,1,1
2022-06-21 15:04:07.002,15327,15328,15328,1,1
2022-06-21 15:04:07.003,15327,15328,15328,1,1
2022-06-21 15:04:07.319,15327,15328,15328,1,1
2022-06-21 15:04:07.871,15328,15329,15328,1,-1
2022-06-21 15:04:09.118,15328,15329,15329,3,3
2022-06-21 15:04:10.112,15329,15330,15330,3,3
2022-06-21 15:04:10.112,15329,15330,15330,1,1
2022-06-21 15:04:10.112,15329,15330,15330,3,3
2022-06-21 15:04:10.112,15329,15330,15330,19,19
2022-06-21 15:04:10.113,15329,15330,15330,4,4
2022-06-21 15:04:10.113,15329,15330,15330,1,1
2022-06-21 15:04:10.113,15329,15330,15330,1,1
2022-06-21 15:04:10.113,15329,15330,15330,1,1
2022-06-21 15:04:10.113,15329,15330,15330,1,1
2022-06-21 15:04:10.114,15329,15330,15330,1,1
2022-06-21 15:04:10.114,15329,15330,15330,1,1
2022-06-21 15:04:10.382,15330,15331,15331,3,3
2022-06-21 15:04:10.747,15330,15332,15331,1,1
2022-06-21 15:04:11.590,15330,15332,15332,2,2
2022-06-21 15:04:11.590,15330,15332,15333,1,1
2022-06-21 15:04:12.397,15331,15332,15331,1,-1
2022-06-21 15:04:12.403,15331,15332,15332,1,1
2022-06-21 15:04:12.403,15331,15332,15332,1,1
2022-06-21 15:04:13.651,15331,15333,15332,1,1
2022-06-21 15:04:13.651,15331,15333,15332,2,2
2022-06-21 15:04:13.651,15331,15333,15332,1,1
2022-06-21 15:04:13.784,15331,15332,15332,1,1
2022-06-21 15:04:13.967,15330,15332,15332,2,2
2022-06-21 15:04:16.226,15331,15332,15331,1,-1
2022-06-21 15:04:16.270,15331,15332,15330,1,-1
2022-06-21 15:04:16.511,15329,15331,15331,1,1
2022-06-21 15:04:16.540,15329,15331,15330,1,1
2022-06-21 15:04:16.540,15329,15331,15330,1,1
2022-06-21 15:04:16.702,15329,15330,15330,1,1
2022-06-21 15:04:26.236,15330,15331,15331,1,1
2022-06-21 15:04:30.222,15330,15331,15331,1,1
2022-06-21 15:04:31.350,15330,15331,15330,3,-3
2022-06-21 15:04:31.569,15329,15330,15330,1,1
2022-06-21 15:04:34.128,15329,15331,15330,1,1
2022-06-21 15:04:34.150,15329,15331,15329,2,-2
2022-06-21 15:04:35.043,15329,15330,15330,2,2
2022-06-21 15:04:35.228,15329,15331,15331,1,1
2022-06-21 15:04:35.935,15329,15330,15329,12,-12
2022-06-21 15:04:35.936,15329,15330,15328,5,-5
2022-06-21 15:04:35.937,15329,15330,15328,1,-1
2022-06-21 15:04:35.962,15327,15328,15327,1,-1
2022-06-21 15:04:36.347,15327,15328,15328,1,1
2022-06-21 15:04:36.445,15327,15328,15328,1,1
2022-06-21 15:04:40.199,15327,15328,15328,2,2
2022-06-21 15:04:42.807,15327,15328,15327,2,-2
2022-06-21 15:04:42.807,15327,15328,15327,1,-1
2022-06-21 15:04:42.808,15327,15328,15327,1,-1
2022-06-21 15:04:42.809,15327,15328,15327,1,-1
2022-06-21 15:04:44.068,15327,15328,15328,1,1
2022-06-21 15:04:46.639,15328,15330,15329,1,1
2022-06-21 15:04:48.284,15328,15330,15328,4,-4
2022-06-21 15:04:48.284,15328,15330,15328,1,-1
2022-06-21 15:04:54.201,15327,15328,15328,1,1
2022-06-21 15:04:55.789,15328,15329,15328,1,-1
2022-06-21 15:04:55.789,15328,15329,15327,1,-1
2022-06-21 15:04:55.888,15328,15329,15328,1,-1
2022-06-21 15:04:58.482,15329,15330,15329,1,-1
2022-06-21 15:05:01.445,15328,15330,15330,3,3
2022-06-21 15:05:01.755,15329,15330,15329,1,-1
2022-06-21 15:05:01.757,15329,15330,15329,1,-1
2022-06-21 15:05:01.761,15329,15330,15328,1,-1
2022-06-21 15:05:01.772,15329,15330,15329,3,-3
2022-06-21 15:05:01.772,15329,15330,15330,2,2
2022-06-21 15:05:03.225,15328,15330,15330,1,1
2022-06-21 15:05:03.490,15329,15330,15329,2,-2
2022-06-21 15:05:04.031,15329,15330,15330,2,2
2022-06-21 15:05:04.032,15329,15330,15330,3,3
2022-06-21 15:05:04.032,15329,15330,15330,1,1
2022-06-21 15:05:04.033,15329,15330,15330,1,1
2022-06-21 15:05:04.033,15329,15330,15330,2,2
2022-06-21 15:05:04.033,15329,15330,15330,1,1
2022-06-21 15:05:04.033,15329,15330,15330,1,1
2022-06-21 15:05:04.033,15329,15330,15330,8,8
2022-06-21 15:05:04.242,15330,15331,15330,5,-5
2022-06-21 15:05:04.243,15330,15331,15330,1,-1
2022-06-21 15:05:04.949,15329,15330,15330,3,3
2022-06-21 15:05:05.835,15330,15331,15330,1,-1
2022-06-21 15:05:06.010,15329,15331,15329,1,-1
2022-06-21 15:05:07.804,15330,15331,15331,1,1
2022-06-21 15:05:08.470,15330,15331,15331,1,1
2022-06-21 15:05:08.612,15330,15331,15331,2,2
2022-06-21 15:05:09.503,15330,15332,15330,1,-1
2022-06-21 15:05:09.836,15330,15332,15330,1,-1
2022-06-21 15:05:11.825,15331,15332,15331,1,-1
2022-06-21 15:05:13.849,15329,15331,15331,2,2
2022-06-21 15:05:16.249,15331,15332,15331,1,-1
2022-06-21 15:05:18.390,15329,15331,15331,1,1
2022-06-21 15:05:20.190,15330,15331,15331,2,2
2022-06-21 15:05:23.279,15331,15332,15331,1,-1
2022-06-21 15:05:25.509,15330,15331,15330,1,-1
2022-06-21 15:05:25.510,15330,15331,15330,1,-1
2022-06-21 15:05:25.510,15330,15331,15330,1,-1
2022-06-21 15:05:26.204,15329,15330,15329,1,-1
2022-06-21 15:05:26.344,15328,15329,15329,3,3
2022-06-21 15:05:26.344,15328,15329,15330,2,2
2022-06-21 15:05:26.968,15328,15330,15330,1,1
2022-06-21 15:05:33.427,15328,15329,15329,1,1
2022-06-21 15:05:33.767,15328,15329,15329,1,1
2022-06-21 15:05:34.012,15328,15330,15329,1,1
2022-06-21 15:05:36.252,15329,15330,15330,1,1
2022-06-21 15:05:37.336,15329,15331,15330,1,1
2022-06-21 15:05:38.225,15329,15331,15329,1,-1
2022-06-21 15:05:45.093,15329,15330,15330,2,2
2022-06-21 15:05:46.452,15329,15330,15330,1,1
2022-06-21 15:05:46.587,15329,15330,15329,3,-3
2022-06-21 15:05:48.094,15328,15329,15328,1,-1
2022-06-21 15:05:48.285,15328,15329,15328,2,-2
2022-06-21 15:05:50.057,15328,15329,15329,1,1
2022-06-21 15:05:54.877,15329,15330,15330,2,2
2022-06-21 15:05:57.286,15330,15331,15331,2,2
2022-06-21 15:05:57.345,15331,15332,15331,1,-1
2022-06-21 15:05:58.054,15331,15332,15332,1,1
2022-06-21 15:05:58.919,15331,15332,15332,1,1
2022-06-21 15:05:58.919,15331,15332,15332,2,2
2022-06-21 15:05:58.919,15331,15332,15332,1,1
2022-06-21 15:05:58.920,15331,15332,15332,1,1
2022-06-21 15:05:58.920,15331,15332,15332,5,5
2022-06-21 15:06:00.192,15332,15333,15333,3,3
2022-06-21 15:06:00.316,15332,15333,15332,1,-1
2022-06-21 15:06:00.420,15332,15333,15332,5,-5
2022-06-21 15:06:00.501,15332,15333,15333,1,1
2022-06-21 15:06:03.210,15332,15333,15332,2,-2
2022-06-21 15:06:03.338,15332,15333,15332,1,-1
2022-06-21 15:06:04.047,15332,15333,15333,1,1
2022-06-21 15:06:04.346,15332,15334,15333,1,1
2022-06-21 15:06:04.717,15333,15334,15333,1,-1
2022-06-21 15:06:05.142,15333,15334,15333,2,-2
2022-06-21 15:06:07.172,15333,15334,15334,4,4
2022-06-21 15:06:07.473,15333,15335,15333,1,-1
2022-06-21 15:06:07.524,15333,15335,15334,1,-1
2022-06-21 15:06:07.658,15333,15335,15333,3,-3
2022-06-21 15:06:07.701,15333,15335,15333,2,-2
2022-06-21 15:06:07.812,15333,15335,15333,1,-1
2022-06-21 15:06:08.530,15333,15335,15335,1,1
2022-06-21 15:06:08.622,15333,15335,15335,1,1
2022-06-21 15:06:08.833,15333,15335,15333,1,-1
2022-06-21 15:06:09.896,15333,15335,15335,1,1
2022-06-21 15:06:11.204,15334,15335,15335,1,1
2022-06-21 15:06:12.828,15334,15335,15335,5,5
2022-06-21 15:06:12.846,15334,15335,15334,2,-2
2022-06-21 15:06:13.124,15334,15336,15336,1,1
2022-06-21 15:06:13.149,15334,15336,15335,1,1
2022-06-21 15:06:13.217,15334,15336,15336,1,1
2022-06-21 15:06:14.886,15335,15336,15336,18,18
2022-06-21 15:06:14.886,15335,15336,15336,1,1
2022-06-21 15:06:14.886,15335,15336,15336,2,2
2022-06-21 15:06:14.886,15335,15336,15336,1,1
2022-06-21 15:06:14.886,15335,15336,15336,1,1
2022-06-21 15:06:14.886,15335,15336,15336,6,6
2022-06-21 15:06:14.886,15335,15336,15336,3,3
2022-06-21 15:06:15.281,15335,15337,15335,1,-1
2022-06-21 15:06:16.003,15335,15337,15335,1,-1
2022-06-21 15:06:16.482,15335,15336,15336,1,1
2022-06-21 15:06:16.662,15335,15336,15336,2,2
2022-06-21 15:06:17.359,15335,15336,15336,1,1
2022-06-21 15:06:18.187,15336,15337,15336,1,-1
2022-06-21 15:06:18.853,15335,15337,15336,1,-1
2022-06-21 15:06:20.195,15336,15337,15337,1,1
2022-06-21 15:06:20.578,15336,15337,15337,1,1
2022-06-21 15:06:21.654,15336,15337,15337,1,1
2022-06-21 15:06:21.654,15336,15337,15338,1,1
2022-06-21 15:06:21.749,15336,15338,15338,2,2
2022-06-21 15:06:23.019,15337,15338,15337,1,-1
2022-06-21 15:06:23.673,15336,15337,15337,1,1
2022-06-21 15:06:24.010,15336,15337,15337,3,3
2022-06-21 15:06:24.137,15336,15337,15337,1,1
2022-06-21 15:06:24.928,15336,15337,15337,1,1
2022-06-21 15:06:25.834,15336,15337,15337,1,1
2022-06-21 15:06:25.958,15336,15338,15338,1,1
2022-06-21 15:06:25.978,15336,15338,15338,2,2
2022-06-21 15:06:26.306,15336,15338,15338,2,2
2022-06-21 15:06:27.291,15336,15337,15337,1,1
2022-06-21 15:06:27.330,15336,15337,15337,1,1
2022-06-21 15:06:27.576,15336,15337,15337,1,1
2022-06-21 15:06:27.861,15336,15337,15337,1,1
2022-06-21 15:06:27.923,15336,15337,15338,1,1
2022-06-21 15:06:29.438,15336,15337,15337,1,1
2022-06-21 15:06:31.765,15336,15337,15336,12,-12
2022-06-21 15:06:33.044,15335,15336,15336,5,5
2022-06-21 15:06:33.949,15336,15337,15337,1,1
2022-06-21 15:06:34.563,15336,15337,15337,1,1
2022-06-21 15:06:35.883,15336,15337,15337,1,1
2022-06-21 15:06:37.240,15336,15337,15337,1,1
2022-06-21 15:06:38.171,15336,15337,15336,1,-1
2022-06-21 15:06:39.260,15336,15337,15337,1,1
2022-06-21 15:06:40.219,15336,15337,15336,1,-1
2022-06-21 15:06:41.638,15336,15337,15337,4,4
2022-06-21 15:06:45.755,15336,15337,15336,1,-1
2022-06-21 15:06:45.818,15336,15337,15337,1,1
2022-06-21 15:06:47.106,15336,15337,15337,2,2
2022-06-21 15:06:47.106,15336,15337,15338,1,1
2022-06-21 15:06:49.980,15337,15338,15337,1,-1
2022-06-21 15:06:50.388,15337,15338,15338,3,3
2022-06-21 15:06:52.388,15337,15338,15338,1,1
2022-06-21 15:06:55.227,15337,15338,15338,6,6
2022-06-21 15:06:56.933,15337,15338,15338,5,5
2022-06-21 15:06:57.182,15337,15338,15338,4,4
2022-06-21 15:06:57.242,15337,15338,15338,3,3
2022-06-21 15:06:58.943,15337,15338,15338,1,1
2022-06-21 15:07:00.515,15338,15339,15338,1,-1
2022-06-21 15:07:00.574,15338,15339,15338,1,-1
2022-06-21 15:07:01.951,15337,15338,15338,1,1
2022-06-21 15:07:02.323,15337,15339,15337,8,-8
2022-06-21 15:07:02.404,15337,15339,15339,1,1
2022-06-21 15:07:04.118,15337,15338,15338,1,1
2022-06-21 15:07:05.721,15338,15339,15338,1,-1
2022-06-21 15:07:05.721,15338,15339,15337,1,-1
2022-06-21 15:07:08.179,15338,15339,15338,1,-1
2022-06-21 15:07:09.775,15338,15339,15339,1,1
2022-06-21 15:07:11.466,15338,15339,15338,1,-1
2022-06-21 15:07:11.982,15337,15338,15338,3,3
2022-06-21 15:07:12.821,15337,15339,15338,1,1
2022-06-21 15:07:13.041,15337,15338,15338,1,1
2022-06-21 15:07:13.256,15337,15339,15339,3,3
2022-06-21 15:07:14.743,15337,15338,15338,1,1
2022-06-21 15:07:16.256,15338,15339,15338,1,-1
2022-06-21 15:07:21.170,15338,15339,15339,3,3
2022-06-21 15:07:22.935,15338,15339,15338,2,-2
2022-06-21 15:07:22.949,15337,15338,15337,6,-6
2022-06-21 15:07:24.863,15336,15337,15337,2,2
2022-06-21 15:07:24.863,15336,15337,15338,1,1
2022-06-21 15:07:26.502,15337,15338,15338,11,11
2022-06-21 15:07:26.502,15337,15338,15339,14,14
2022-06-21 15:07:27.607,15337,15339,15337,1,-1
2022-06-21 15:07:30.011,15337,15338,15337,1,-1
2022-06-21 15:07:30.151,15336,15337,15337,3,3
2022-06-21 15:07:30.379,15336,15338,15338,1,1
2022-06-21 15:07:33.603,15337,15338,15337,1,-1
2022-06-21 15:07:33.736,15336,15337,15337,1,1
2022-06-21 15:07:34.688,15336,15337,15336,4,-4
2022-06-21 15:07:34.850,15335,15336,15336,1,1
2022-06-21 15:07:34.926,15335,15336,15336,2,2
2022-06-21 15:07:34.926,15335,15336,15337,1,1
2022-06-21 15:07:35.894,15335,15337,15337,1,1
2022-06-21 15:07:36.759,15335,15337,15335,2,-2
2022-06-21 15:07:37.445,15335,15336,15336,3,3
2022-06-21 15:07:37.751,15335,15336,15335,1,-1
2022-06-21 15:07:39.512,15335,15336,15336,2,2
2022-06-21 15:07:39.512,15335,15336,15337,1,1
2022-06-21 15:07:40.485,15336,15338,15336,1,-1
2022-06-21 15:07:41.775,15337,15338,15338,3,3
2022-06-21 15:07:44.027,15338,15339,15338,1,-1
2022-06-21 15:07:44.334,15338,15339,15339,5,5
2022-06-21 15:07:44.334,15338,15339,15339,19,19
2022-06-21 15:07:44.982,15339,15340,15339,1,-1
2022-06-21 15:07:48.007,15339,15340,15340,5,5
2022-06-21 15:07:48.521,15339,15340,15340,5,5
2022-06-21 15:07:50.061,15339,15340,15340,5,5
2022-06-21 15:07:50.132,15339,15340,15339,1,-1
2022-06-21 15:07:51.700,15339,15340,15339,4,-4
2022-06-21 15:07:51.700,15339,15340,15338,5,-5
2022-06-21 15:07:51.700,15339,15340,15337,1,-1
2022-06-21 15:07:53.459,15337,15339,15339,1,1
2022-06-21 15:07:58.227,15337,15338,15338,5,5
2022-06-21 15:07:58.228,15337,15338,15338,5,5
2022-06-21 15:07:58.574,15337,15338,15338,2,2
2022-06-21 15:07:58.574,15337,15338,15339,8,8
2022-06-21 15:07:59.167,15337,15339,15337,1,-1
2022-06-21 15:07:59.924,15337,15339,15339,4,4
2022-06-21 15:07:59.926,15337,15339,15339,1,1
2022-06-21 15:08:09.309,15339,15340,15339,3,-3
2022-06-21 15:08:16.808,15339,15340,15340,5,5
2022-06-21 15:08:18.894,15339,15340,15340,2,2
2022-06-21 15:08:18.894,15339,15340,15341,1,1
2022-06-21 15:08:19.605,15340,15341,15341,1,1
2022-06-21 15:08:19.916,15340,15341,15341,1,1
2022-06-21 15:08:20.792,15340,15341,15340,1,-1
2022-06-21 15:08:23.103,15340,15341,15341,1,1
2022-06-21 15:08:23.104,15340,15341,15341,3,3
2022-06-21 15:08:23.106,15340,15341,15341,1,1
2022-06-21 15:08:24.940,15341,15342,15341,1,-1
2022-06-21 15:08:26.001,15340,15342,15342,5,5
2022-06-21 15:08:26.177,15340,15342,15342,1,1
2022-06-21 15:08:31.785,15341,15342,15342,1,1
2022-06-21 15:08:32.020,15341,15342,15342,1,1
2022-06-21 15:08:33.831,15341,15342,15342,1,1
2022-06-21 15:08:36.094,15342,15343,15342,1,-1
2022-06-21 15:08:43.490,15341,15342,15342,1,1
2022-06-21 15:08:44.176,15341,15342,15342,1,1
2022-06-21 15:08:45.078,15341,15342,15342,2,2
2022-06-21 15:08:45.936,15341,15342,15342,5,5
2022-06-21 15:08:45.936,15341,15342,15343,1,1
2022-06-21 15:08:46.268,15341,15343,15343,1,1
2022-06-21 15:08:49.654,15341,15342,15342,1,1
2022-06-21 15:08:50.288,15341,15342,15341,4,-4
2022-06-21 15:08:51.122,15340,15341,15340,2,-2
2022-06-21 15:08:55.550,15340,15341,15341,1,1
2022-06-21 15:08:55.926,15340,15341,15340,1,-1
2022-06-21 15:08:59.028,15339,15340,15340,5,5
2022-06-21 15:09:04.163,15340,15341,15340,2,-2
2022-06-21 15:09:05.054,15339,15340,15340,1,1
2022-06-21 15:09:05.332,15339,15341,15339,1,-1
2022-06-21 15:09:06.940,15340,15341,15340,1,-1
2022-06-21 15:09:07.652,15340,15341,15340,1,-1
2022-06-21 15:09:08.941,15340,15341,15340,1,-1
2022-06-21 15:09:09.996,15340,15341,15340,1,-1
2022-06-21 15:09:10.031,15340,15341,15340,1,-1
2022-06-21 15:09:11.046,15340,15341,15340,1,-1
2022-06-21 15:09:12.683,15339,15341,15340,2,-2
2022-06-21 15:09:12.898,15339,15340,15339,1,-1
2022-06-21 15:09:13.827,15339,15340,15340,1,1
2022-06-21 15:09:19.874,15339,15340,15339,2,-2
2022-06-21 15:09:19.874,15339,15340,15339,1,-1
2022-06-21 15:09:22.816,15338,15339,15338,1,-1
2022-06-21 15:09:24.690,15338,15339,15339,1,1
2022-06-21 15:09:26.819,15338,15339,15339,1,1
2022-06-21 15:09:29.465,15338,15339,15339,1,1
2022-06-21 15:09:34.570,15338,15339,15338,1,-1
2022-06-21 15:09:35.394,15338,15339,15339,1,1
2022-06-21 15:09:45.933,15338,15339,15338,5,-5
2022-06-21 15:09:47.626,15338,15339,15339,1,1
2022-06-21 15:09:48.540,15338,15339,15338,1,-1
2022-06-21 15:09:48.762,15337,15339,15339,1,1
2022-06-21 15:09:50.303,15338,15339,15338,1,-1
2022-06-21 15:09:56.408,15337,15338,15338,1,1
2022-06-21 15:10:00.338,15337,15338,15338,1,1
2022-06-21 15:10:08.631,15337,15338,15338,1,1
2022-06-21 15:10:09.018,15337,15338,15338,3,3
2022-06-21 15:10:09.018,15337,15338,15339,2,2
2022-06-21 15:10:15.849,15337,15338,15337,1,-1
2022-06-21 15:10:15.849,15337,15338,15337,1,-1
2022-06-21 15:10:15.849,15337,15338,15337,5,-5
2022-06-21 15:10:16.967,15336,15337,15337,1,1
2022-06-21 15:10:21.907,15336,15337,15337,1,1
2022-06-21 15:10:26.402,15337,15338,15337,1,-1
2022-06-21 15:10:28.859,15336,15338,15336,1,-1
2022-06-21 15:10:30.678,15336,15337,15336,1,-1
2022-06-21 15:10:33.033,15336,15337,15337,1,1
2022-06-21 15:10:33.621,15336,15337,15337,1,1
2022-06-21 15:10:41.962,15336,15337,15337,1,1
2022-06-21 15:10:44.581,15336,15337,15337,1,1
2022-06-21 15:10:44.581,15336,15337,15337,2,2
2022-06-21 15:10:44.581,15336,15337,15337,1,1
2022-06-21 15:10:55.405,15337,15338,15338,1,1
2022-06-21 15:10:57.624,15337,15338,15337,2,-2
2022-06-21 15:10:58.630,15336,15337,15337,1,1
2022-06-21 15:10:59.196,15336,15337,15337,1,1
2022-06-21 15:11:00.218,15336,15337,15336,3,-3
2022-06-21 15:11:05.736,15336,15337,15336,2,-2
2022-06-21 15:11:10.198,15336,15337,15336,1,-1
2022-06-21 15:11:10.199,15336,15337,15336,1,-1
2022-06-21 15:11:12.642,15335,15336,15336,1,1
2022-06-21 15:11:12.649,15335,15336,15336,2,2
2022-06-21 15:11:12.694,15335,15336,15336,1,1
2022-06-21 15:11:13.900,15335,15337,15336,1,1
2022-06-21 15:11:20.306,15336,15337,15337,1,1
2022-06-21 15:11:23.240,15336,15337,15336,1,-1
2022-06-21 15:11:23.241,15336,15337,15336,3,-3
2022-06-21 15:11:23.629,15335,15336,15336,1,1
2022-06-21 15:11:24.164,15335,15337,15335,2,-2
2022-06-21 15:11:26.349,15335,15336,15335,2,-2
2022-06-21 15:11:27.769,15335,15336,15335,2,-2
2022-06-21 15:11:28.087,15335,15336,15335,2,-2
2022-06-21 15:11:28.569,15335,15336,15335,1,-1
2022-06-21 15:11:28.569,15335,15336,15335,3,-3
2022-06-21 15:11:31.963,15334,15335,15335,1,1
2022-06-21 15:11:33.119,15334,15335,15335,1,1
2022-06-21 15:11:33.119,15334,15335,15335,2,2
2022-06-21 15:11:33.119,15334,15335,15335,1,1
2022-06-21 15:11:33.316,15335,15336,15335,3,-3
2022-06-21 15:11:35.665,15335,15336,15336,2,2
2022-06-21 15:11:35.665,15335,15336,15336,1,1
2022-06-21 15:11:37.784,15335,15337,15335,3,-3
2022-06-21 15:11:37.977,15334,15335,15334,1,-1
2022-06-21 15:11:39.056,15334,15335,15334,1,-1
2022-06-21 15:11:39.110,15334,15335,15334,2,-2
2022-06-21 15:11:39.758,15334,15335,15334,1,-1
2022-06-21 15:11:40.304,15333,15334,15334,1,1
2022-06-21 15:11:41.049,15333,15335,15333,1,-1
2022-06-21 15:11:45.689,15333,15334,15333,1,-1
2022-06-21 15:11:48.629,15332,15333,15333,1,1
2022-06-21 15:11:49.520,15332,15333,15333,6,6
2022-06-21 15:11:50.797,15333,15334,15333,1,-1
2022-06-21 15:11:53.757,15332,15334,15332,2,-2
2022-06-21 15:11:54.105,15332,15333,15333,1,1
2022-06-21 15:11:54.379,15332,15334,15332,1,-1
2022-06-21 15:11:54.788,15333,15334,15333,1,-1
2022-06-21 15:11:57.350,15333,15334,15334,1,1
2022-06-21 15:11:57.351,15333,15334,15334,1,1
2022-06-21 15:11:57.712,15334,15335,15334,1,-1
2022-06-21 15:11:59.845,15334,15335,15335,1,1
2022-06-21 15:12:00.191,15334,15335,15335,1,1
2022-06-21 15:12:00.235,15334,15335,15334,1,-1
2022-06-21 15:12:01.126,15334,15335,15335,1,1
2022-06-21 15:12:01.607,15334,15336,15336,1,1
2022-06-21 15:12:01.989,15334,15336,15336,1,1
2022-06-21 15:12:02.629,15335,15336,15335,2,-2
2022-06-21 15:12:03.258,15335,15336,15336,1,1
2022-06-21 15:12:03.774,15333,15335,15335,1,1
2022-06-21 15:12:05.297,15334,15335,15335,1,1
2022-06-21 15:12:08.157,15334,15335,15335,1,1
2022-06-21 15:12:09.044,15334,15336,15334,1,-1
2022-06-21 15:12:10.100,15333,15335,15335,2,2
2022-06-21 15:12:13.639,15334,15335,15335,1,1
2022-06-21 15:12:13.640,15334,15335,15335,1,1
2022-06-21 15:12:18.475,15335,15336,15336,1,1
2022-06-21 15:12:18.476,15335,15336,15336,3,3
2022-06-21 15:12:19.687,15336,15337,15336,2,-2
2022-06-21 15:12:20.312,15335,15337,15336,2,-2
2022-06-21 15:12:21.964,15335,15336,15336,1,1
2022-06-21 15:12:24.393,15335,15336,15336,2,2
2022-06-21 15:12:25.753,15336,15337,15337,10,10
2022-06-21 15:12:25.756,15336,15337,15338,1,1
2022-06-21 15:12:25.756,15336,15337,15338,1,1
2022-06-21 15:12:25.756,15336,15337,15338,2,2
2022-06-21 15:12:25.756,15336,15337,15338,1,1
2022-06-21 15:12:25.757,15336,15337,15338,1,1
2022-06-21 15:12:25.832,15337,15338,15338,1,1
2022-06-21 15:12:26.252,15337,15339,15337,1,-1
2022-06-21 15:12:27.962,15337,15338,15338,2,2
2022-06-21 15:12:28.188,15338,15339,15338,2,-2
2022-06-21 15:12:28.207,15338,15339,15339,2,2
2022-06-21 15:12:29.549,15338,15339,15338,1,-1
2022-06-21 15:12:29.550,15338,15339,15338,1,-1
2022-06-21 15:12:29.782,15337,15339,15337,1,-1
2022-06-21 15:12:30.610,15337,15339,15339,1,1
2022-06-21 15:12:30.652,15337,15339,15339,6,6
2022-06-21 15:12:30.694,15339,15340,15340,1,1
2022-06-21 15:12:30.694,15339,15340,15340,4,4
2022-06-21 15:12:30.694,15339,15340,15340,1,1
2022-06-21 15:12:30.694,15339,15340,15340,1,1
2022-06-21 15:12:30.754,15339,15340,15340,5,5
2022-06-21 15:12:32.563,15340,15341,15340,1,-1
2022-06-21 15:12:34.202,15339,15341,15341,1,1
2022-06-21 15:12:34.379,15339,15340,15340,1,1
2022-06-21 15:12:35.013,15339,15340,15340,1,1
2022-06-21 15:12:35.388,15339,15340,15340,1,1
2022-06-21 15:12:37.440,15339,15340,15340,1,1
2022-06-21 15:12:37.855,15339,15340,15340,2,2
2022-06-21 15:12:37.855,15339,15340,15341,2,2
2022-06-21 15:12:38.632,15339,15340,15340,1,1
2022-06-21 15:12:39.728,15340,15341,15340,1,-1
2022-06-21 15:12:40.196,15340,15341,15341,2,2
2022-06-21 15:12:41.116,15340,15341,15340,2,-2
2022-06-21 15:12:41.342,15339,15341,15339,1,-1
2022-06-21 15:12:43.836,15338,15339,15339,1,1
2022-06-21 15:12:44.758,15338,15339,15338,2,-2
2022-06-21 15:12:44.803,15338,15339,15339,1,1
2022-06-21 15:12:44.885,15337,15339,15337,2,-2
2022-06-21 15:12:45.188,15337,15339,15337,1,-1
2022-06-21 15:12:46.405,15338,15339,15338,2,-2
2022-06-21 15:12:49.279,15338,15339,15338,2,-2
2022-06-21 15:12:51.551,15338,15339,15339,3,3
2022-06-21 15:12:51.614,15338,15339,15338,1,-1
2022-06-21 15:12:51.862,15338,15339,15339,1,1
2022-06-21 15:12:53.941,15339,15340,15339,2,-2
2022-06-21 15:12:54.973,15339,15340,15339,2,-2
2022-06-21 15:12:56.125,15339,15340,15339,2,-2
2022-06-21 15:12:57.095,15339,15340,15339,1,-1
2022-06-21 15:12:57.096,15339,15340,15339,4,-4
2022-06-21 15:12:59.569,15339,15340,15339,1,-1
2022-06-21 15:13:00.827,15338,15339,15339,4,4
2022-06-21 15:13:06.565,15339,15340,15339,2,-2
2022-06-21 15:13:08.661,15339,15340,15340,1,1
2022-06-21 15:13:08.857,15339,15340,15339,1,-1
2022-06-21 15:13:09.167,15338,15339,15339,1,1
2022-06-21 15:13:10.323,15338,15339,15339,2,2
2022-06-21 15:13:11.468,15339,15340,15339,2,-2
2022-06-21 15:13:11.776,15338,15339,15339,1,1
2022-06-21 15:13:14.047,15339,15340,15340,3,3
2022-06-21 15:13:14.047,15339,15340,15340,1,1
2022-06-21 15:13:14.048,15339,15340,15340,2,2
2022-06-21 15:13:14.048,15339,15340,15340,1,1
2022-06-21 15:13:14.048,15339,15340,15340,2,2
2022-06-21 15:13:14.048,15339,15340,15340,1,1
2022-06-21 15:13:14.166,15340,15341,15340,1,-1
2022-06-21 15:13:15.235,15339,15341,15341,3,3
2022-06-21 15:13:15.295,15339,15341,15340,2,2
2022-06-21 15:13:15.997,15340,15342,15341,2,2
2022-06-21 15:13:16.305,15340,15342,15341,2,2
2022-06-21 15:13:16.987,15341,15342,15342,1,1
2022-06-21 15:13:17.404,15341,15342,15341,1,-1
2022-06-21 15:13:17.406,15341,15342,15341,1,-1
2022-06-21 15:13:19.016,15340,15341,15341,1,1
2022-06-21 15:13:20.051,15340,15342,15341,1,1
2022-06-21 15:13:20.309,15340,15342,15341,1,1
2022-06-21 15:13:22.206,15341,15342,15342,6,6
2022-06-21 15:13:23.013,15342,15343,15342,1,-1
2022-06-21 15:13:23.278,15342,15343,15342,1,-1
2022-06-21 15:13:24.407,15342,15343,15342,1,-1
2022-06-21 15:13:25.212,15341,15343,15342,1,-1
2022-06-21 15:13:26.764,15342,15343,15342,2,-2
2022-06-21 15:13:27.997,15341,15342,15342,2,2
2022-06-21 15:13:28.637,15341,15342,15342,1,1
2022-06-21 15:13:28.653,15341,15342,15342,1,1
2022-06-21 15:13:29.750,15342,15343,15343,7,7
2022-06-21 15:13:29.884,15342,15344,15342,2,-2
2022-06-21 15:13:30.421,15343,15344,15343,1,-1
2022-06-21 15:13:30.456,15342,15343,15343,1,1
2022-06-21 15:13:30.624,15342,15344,15342,1,-1
2022-06-21 15:13:31.570,15342,15344,15342,1,-1
2022-06-21 15:13:31.764,15342,15344,15343,2,-2
2022-06-21 15:13:34.901,15342,15344,15342,1,-1
2022-06-21 15:13:35.564,15342,15343,15343,1,1
2022-06-21 15:13:36.979,15342,15343,15343,1,1
2022-06-21 15:13:37.568,15342,15343,15342,1,-1
2022-06-21 15:13:37.881,15341,15342,15341,6,-6
2022-06-21 15:13:38.416,15340,15342,15342,1,1
2022-06-21 15:13:40.355,15340,15342,15342,2,2
2022-06-21 15:13:41.597,15340,15341,15341,2,2
2022-06-21 15:13:42.236,15340,15341,15340,1,-1
2022-06-21 15:13:42.996,15340,15341,15340,1,-1
2022-06-21 15:13:43.699,15340,15341,15340,1,-1
2022-06-21 15:13:44.567,15340,15341,15341,1,1
2022-06-21 15:13:44.812,15340,15341,15340,1,-1
2022-06-21 15:13:45.715,15340,15341,15340,1,-1
2022-06-21 15:13:47.430,15339,15340,15340,1,1
2022-06-21 15:13:48.537,15339,15341,15341,2,2
2022-06-21 15:13:50.036,15339,15341,15341,1,1
2022-06-21 15:13:51.716,15339,15340,15339,1,-1
2022-06-21 15:13:51.782,15339,15340,15339,4,-4
2022-06-21 15:13:52.764,15337,15339,15339,1,1
2022-06-21 15:13:53.829,15339,15340,15339,2,-2
2022-06-21 15:13:54.303,15339,15340,15339,2,-2
2022-06-21 15:13:55.100,15339,15340,15339,2,-2
2022-06-21 15:13:55.453,15339,15340,15339,2,-2
2022-06-21 15:13:57.907,15339,15340,15339,2,-2
2022-06-21 15:13:57.912,15339,15340,15339,1,-1
2022-06-21 15:14:00.183,15338,15339,15339,2,2
2022-06-21 15:14:00.183,15338,15339,15339,1,1
2022-06-21 15:14:00.397,15339,15340,15340,1,1
2022-06-21 15:14:02.694,15340,15341,15340,2,-2
2022-06-21 15:14:04.254,15339,15341,15340,1,-1
2022-06-21 15:14:05.789,15340,15341,15340,1,-1
2022-06-21 15:14:09.126,15339,15340,15339,1,-1
2022-06-21 15:14:09.854,15339,15340,15340,5,5
2022-06-21 15:14:10.308,15339,15340,15340,1,1
2022-06-21 15:14:10.618,15339,15340,15340,3,3
2022-06-21 15:14:15.283,15339,15340,15340,2,2
2022-06-21 15:14:15.420,15339,15341,15339,2,-2
2022-06-21 15:14:16.551,15339,15340,15339,1,-1
2022-06-21 15:14:17.001,15338,15339,15338,2,-2
2022-06-21 15:14:18.507,15338,15339,15339,1,1
2022-06-21 15:14:19.551,15339,15340,15339,1,-1
2022-06-21 15:14:19.568,15338,15339,15338,4,-4
2022-06-21 15:14:21.107,15337,15338,15337,2,-2
2022-06-21 15:14:21.536,15337,15338,15338,1,1
2022-06-21 15:14:21.536,15337,15338,15338,1,1
2022-06-21 15:14:23.071,15337,15338,15337,6,-6
2022-06-21 15:14:23.938,15336,15337,15337,1,1
2022-06-21 15:14:25.646,15336,15337,15337,1,1
2022-06-21 15:14:28.103,15337,15338,15337,2,-2
2022-06-21 15:14:28.575,15337,15338,15337,2,-2
2022-06-21 15:14:29.335,15337,15338,15337,2,-2
2022-06-21 15:14:29.958,15337,15338,15337,2,-2
2022-06-21 15:14:31.003,15337,15338,15337,1,-1
2022-06-21 15:14:31.796,15336,15337,15337,1,1
2022-06-21 15:14:32.264,15336,15337,15337,1,1
2022-06-21 15:14:32.898,15336,15337,15337,1,1
2022-06-21 15:14:33.429,15336,15337,15337,1,1
2022-06-21 15:14:33.996,15336,15337,15336,2,-2
2022-06-21 15:14:35.806,15336,15337,15337,1,1
2022-06-21 15:14:35.806,15336,15337,15337,1,1
2022-06-21 15:14:36.231,15337,15338,15338,1,1
2022-06-21 15:14:37.932,15337,15338,15338,2,2
2022-06-21 15:14:39.711,15337,15338,15338,1,1
2022-06-21 15:14:39.711,15337,15338,15338,1,1
2022-06-21 15:14:40.337,15338,15339,15339,1,1
2022-06-21 15:14:41.485,15338,15339,15338,1,-1
2022-06-21 15:14:42.351,15338,15339,15338,2,-2
2022-06-21 15:14:43.510,15338,15339,15338,2,-2
2022-06-21 15:14:43.810,15338,15339,15339,1,1
2022-06-21 15:14:43.811,15338,15339,15339,4,4
2022-06-21 15:14:44.339,15339,15340,15339,2,-2
2022-06-21 15:14:46.240,15338,15339,15339,1,1
2022-06-21 15:14:46.241,15338,15339,15339,1,1
2022-06-21 15:14:46.415,15339,15340,15340,3,3
2022-06-21 15:14:46.415,15339,15340,15340,2,2
2022-06-21 15:14:48.678,15339,15341,15341,1,1
2022-06-21 15:14:49.855,15339,15340,15339,2,-2
2022-06-21 15:14:50.153,15339,15340,15340,2,2
2022-06-21 15:14:51.317,15339,15340,15340,2,2
2022-06-21 15:14:53.110,15340,15341,15341,1,1
2022-06-21 15:14:53.111,15340,15341,15341,5,5
2022-06-21 15:14:53.111,15340,15341,15341,6,6
2022-06-21 15:14:53.524,15340,15342,15340,2,-2
2022-06-21 15:14:55.285,15340,15341,15341,2,2
2022-06-21 15:14:55.323,15340,15341,15341,1,1
2022-06-21 15:14:55.594,15340,15341,15341,2,2
2022-06-21 15:14:55.847,15340,15342,15341,1,1
2022-06-21 15:15:00.189,15340,15341,15341,2,2
2022-06-21 15:15:00.328,15340,15341,15341,1,1
2022-06-21 15:15:00.501,15340,15341,15341,2,2
2022-06-21 15:15:00.635,15340,15342,15342,4,4
2022-06-21 15:15:02.212,15341,15342,15342,5,5
2022-06-21 15:15:02.337,15341,15343,15343,3,3
2022-06-21 15:15:02.613,15341,15343,15343,2,2
2022-06-21 15:15:02.613,15341,15343,15343,2,2
2022-06-21 15:15:02.613,15341,15343,15343,1,1
2022-06-21 15:15:02.615,15341,15343,15344,1,1
2022-06-21 15:15:02.616,15341,15343,15344,4,4
2022-06-21 15:15:02.616,15341,15343,15345,3,3
2022-06-21 15:15:02.617,15341,15343,15345,4,4
2022-06-21 15:15:02.617,15341,15343,15345,5,5
2022-06-21 15:15:02.618,15341,15343,15345,2,2
2022-06-21 15:15:02.618,15341,15343,15345,3,3
2022-06-21 15:15:02.620,15341,15343,15345,2,2
2022-06-21 15:15:02.884,15344,15346,15346,10,10
2022-06-21 15:15:03.213,15345,15346,15345,2,-2
2022-06-21 15:15:03.478,15344,15345,15345,4,4
2022-06-21 15:15:04.485,15344,15346,15345,1,1
2022-06-21 15:15:04.856,15344,15346,15346,1,1
2022-06-21 15:15:05.424,15344,15346,15344,4,-4
2022-06-21 15:15:05.661,15343,15344,15344,1,1
2022-06-21 15:15:05.661,15343,15344,15344,1,1
2022-06-21 15:15:07.154,15343,15344,15344,1,1
2022-06-21 15:15:07.154,15343,15344,15344,2,2
2022-06-21 15:15:07.378,15343,15344,15343,1,-1
2022-06-21 15:15:08.976,15341,15342,15342,1,1
2022-06-21 15:15:08.976,15341,15342,15343,1,1
2022-06-21 15:15:12.489,15342,15343,15343,3,3
2022-06-21 15:15:15.694,15342,15343,15343,3,3
2022-06-21 15:15:17.201,15342,15344,15343,1,1
2022-06-21 15:15:18.457,15342,15343,15342,1,-1
2022-06-21 15:15:18.458,15342,15343,15341,6,-6
2022-06-21 15:15:18.518,15342,15343,15342,2,-2
2022-06-21 15:15:19.115,15340,15342,15342,1,1
2022-06-21 15:15:19.569,15340,15342,15342,3,3
2022-06-21 15:15:20.890,15340,15342,15340,1,-1
2022-06-21 15:15:21.207,15340,15342,15342,1,1
2022-06-21 15:15:22.815,15341,15342,15342,1,1
2022-06-21 15:15:23.075,15341,15343,15343,1,1
2022-06-21 15:15:24.139,15341,15343,15341,1,-1
2022-06-21 15:15:24.184,15341,15343,15343,2,2
2022-06-21 15:15:28.367,15341,15342,15342,1,1
2022-06-21 15:15:30.065,15342,15343,15343,1,1
2022-06-21 15:15:30.065,15342,15343,15343,1,1
2022-06-21 15:15:33.806,15343,15344,15344,1,1
2022-06-21 15:15:35.078,15343,15344,15344,1,1
2022-06-21 15:15:37.382,15343,15344,15344,1,1
2022-06-21 15:15:40.187,15343,15344,15344,4,4
2022-06-21 15:15:41.299,15344,15345,15344,1,-1
2022-06-21 15:15:45.694,15344,15345,15344,1,-1
2022-06-21 15:15:45.767,15344,15345,15344,3,-3
2022-06-21 15:15:45.769,15344,15345,15344,1,-1
2022-06-21 15:15:46.034,15343,15345,15345,2,2
2022-06-21 15:15:47.510,15344,15345,15344,2,-2
2022-06-21 15:15:51.732,15344,15345,15345,4,4
2022-06-21 15:15:52.043,15344,15345,15345,3,3
2022-06-21 15:15:52.853,15344,15346,15344,1,-1
2022-06-21 15:15:53.784,15343,15345,15345,2,2
2022-06-21 15:15:53.784,15343,15345,15345,1,1
2022-06-21 15:15:57.715,15345,15346,15345,1,-1
2022-06-21 15:15:58.383,15345,15346,15346,4,4
2022-06-21 15:15:58.441,15346,15347,15346,1,-1
2022-06-21 15:15:58.976,15345,15347,15347,4,4
2022-06-21 15:15:59.298,15346,15347,15347,1,1
2022-06-21 15:16:00.697,15347,15348,15347,1,-1
2022-06-21 15:16:00.866,15346,15348,15348,1,1
2022-06-21 15:16:00.866,15346,15348,15348,1,1
2022-06-21 15:16:00.866,15346,15348,15348,1,1
2022-06-21 15:16:00.867,15346,15348,15348,1,1
2022-06-21 15:16:00.867,15346,15348,15348,8,8
2022-06-21 15:16:00.869,15346,15348,15349,2,2
2022-06-21 15:16:00.869,15346,15348,15349,5,5
2022-06-21 15:16:00.869,15346,15348,15349,1,1
2022-06-21 15:16:00.870,15346,15348,15349,1,1
2022-06-21 15:16:00.870,15346,15348,15349,1,1
2022-06-21 15:16:00.870,15346,15348,15349,1,1
2022-06-21 15:16:01.190,15347,15349,15349,3,3
2022-06-21 15:16:01.194,15347,15349,15349,2,2
2022-06-21 15:16:01.262,15347,15349,15347,1,-1
2022-06-21 15:16:01.488,15347,15349,15346,1,-1
2022-06-21 15:16:01.493,15347,15349,15346,1,-1
2022-06-21 15:16:01.641,15346,15348,15348,1,1
2022-06-21 15:16:01.751,15346,15348,15348,1,1
2022-06-21 15:16:01.751,15346,15348,15348,2,2
2022-06-21 15:16:01.758,15346,15348,15348,1,1
2022-06-21 15:16:01.823,15346,15348,15348,1,1
2022-06-21 15:16:02.306,15346,15347,15346,1,-1
2022-06-21 15:16:02.307,15346,15347,15346,1,-1
2022-06-21 15:16:02.490,15345,15347,15346,4,-4
2022-06-21 15:16:02.493,15345,15347,15346,2,-2
2022-06-21 15:16:03.126,15345,15347,15347,1,1
2022-06-21 15:16:03.212,15345,15347,15347,1,1
2022-06-21 15:16:03.635,15345,15347,15347,2,2
2022-06-21 15:16:04.150,15345,15347,15345,1,-1
2022-06-21 15:16:04.883,15345,15346,15346,2,2
2022-06-21 15:16:07.350,15345,15346,15345,2,-2
2022-06-21 15:16:07.350,15345,15346,15345,1,-1
2022-06-21 15:16:07.861,15344,15345,15346,9,9
2022-06-21 15:16:08.117,15345,15347,15346,1,1
2022-06-21 15:16:09.110,15345,15346,15346,1,1
2022-06-21 15:16:09.119,15345,15346,15346,1,1
2022-06-21 15:16:09.119,15345,15346,15346,1,1
2022-06-21 15:16:09.120,15345,15346,15346,1,1
2022-06-21 15:16:09.193,15345,15347,15346,1,1
2022-06-21 15:16:09.988,15345,15347,15347,1,1
2022-06-21 15:16:10.115,15345,15347,15347,1,1
2022-06-21 15:16:12.435,15345,15347,15347,1,1
2022-06-21 15:16:14.944,15346,15347,15347,1,1
2022-06-21 15:16:15.557,15346,15347,15347,1,1
2022-06-21 15:16:19.169,15346,15347,15347,3,3
2022-06-21 15:16:19.169,15346,15347,15348,6,6
2022-06-21 15:16:19.308,15346,15348,15346,1,-1
2022-06-21 15:16:21.178,15346,15347,15347,1,1
2022-06-21 15:16:22.187,15346,15348,15348,4,4
2022-06-21 15:16:22.247,15346,15348,15346,1,-1
2022-06-21 15:16:26.551,15347,15348,15347,1,-1
2022-06-21 15:16:26.896,15347,15348,15347,9,-9
2022-06-21 15:16:26.901,15347,15348,15346,1,-1
2022-06-21 15:16:27.267,15346,15347,15347,3,3
2022-06-21 15:16:29.228,15346,15347,15346,4,-4
2022-06-21 15:16:29.812,15345,15346,15346,2,2
2022-06-21 15:16:30.767,15346,15347,15347,1,1
2022-06-21 15:16:30.856,15346,15347,15346,1,-1
2022-06-21 15:16:35.116,15346,15347,15346,1,-1
2022-06-21 15:16:35.116,15346,15347,15346,7,-7
2022-06-21 15:16:35.129,15346,15347,15345,3,-3
2022-06-21 15:16:35.266,15345,15346,15346,1,1
2022-06-21 15:16:35.842,15345,15346,15346,6,6
2022-06-21 15:16:39.928,15346,15347,15346,2,-2
2022-06-21 15:16:41.645,15346,15347,15347,1,1
2022-06-21 15:16:41.645,15346,15347,15347,1,1
2022-06-21 15:16:42.182,15347,15348,15347,1,-1
2022-06-21 15:16:42.182,15347,15348,15346,4,-4
2022-06-21 15:16:42.453,15346,15348,15346,1,-1
2022-06-21 15:16:43.749,15346,15348,15346,1,-1
2022-06-21 15:16:47.358,15346,15348,15348,6,6
2022-06-21 15:16:50.161,15346,15347,15347,5,5
2022-06-21 15:16:50.236,15346,15348,15346,1,-1
2022-06-21 15:16:51.590,15346,15348,15348,1,1
2022-06-21 15:16:51.672,15346,15348,15347,1,1
2022-06-21 15:16:53.091,15346,15348,15348,6,6
2022-06-21 15:16:55.201,15346,15348,15348,1,1
2022-06-21 15:16:55.283,15346,15348,15348,2,2
2022-06-21 15:16:55.284,15346,15348,15348,1,1
2022-06-21 15:17:00.822,15347,15348,15348,1,1
2022-06-21 15:17:04.305,15347,15348,15348,3,3
2022-06-21 15:17:04.305,15347,15348,15349,1,1
2022-06-21 15:17:06.112,15347,15349,15347,1,-1
2022-06-21 15:17:06.607,15347,15348,15348,2,2
2022-06-21 15:17:07.993,15347,15348,15348,1,1
2022-06-21 15:17:08.739,15347,15348,15347,1,-1
2022-06-21 15:17:09.928,15346,15347,15346,1,-1
2022-06-21 15:17:11.332,15346,15347,15347,1,1
2022-06-21 15:17:11.669,15346,15347,15347,1,1
2022-06-21 15:17:11.827,15346,15347,15346,1,-1
2022-06-21 15:17:11.833,15346,15347,15346,1,-1
2022-06-21 15:17:14.915,15346,15347,15347,4,4
2022-06-21 15:17:15.412,15346,15347,15346,2,-2
2022-06-21 15:17:15.412,15346,15347,15346,10,-10
2022-06-21 15:17:15.426,15346,15347,15345,2,-2
2022-06-21 15:17:15.542,15345,15346,15345,1,-1
2022-06-21 15:17:15.659,15345,15346,15345,2,-2
2022-06-21 15:17:15.662,15345,15346,15345,5,-5
2022-06-21 15:17:15.663,15345,15346,15345,1,-1
2022-06-21 15:17:15.663,15345,15346,15345,2,-2
2022-06-21 15:17:15.663,15345,15346,15345,2,-2
2022-06-21 15:17:15.663,15345,15346,15345,1,-1
2022-06-21 15:17:20.044,15344,15345,15345,1,1
2022-06-21 15:17:22.053,15344,15345,15344,1,-1
2022-06-21 15:17:22.177,15344,15345,15344,1,-1
2022-06-21 15:17:23.844,15344,15345,15345,1,1
2022-06-21 15:17:23.851,15344,15345,15345,1,1
2022-06-21 15:17:23.902,15344,15345,15344,1,-1
2022-06-21 15:17:24.472,15344,15346,15344,7,-7
2022-06-21 15:17:24.472,15344,15346,15343,5,-5
2022-06-21 15:17:25.844,15344,15345,15344,1,-1
2022-06-21 15:17:26.848,15343,15344,15344,1,1
2022-06-21 15:17:31.281,15344,15345,15344,1,-1
2022-06-21 15:17:34.224,15344,15345,15344,2,-2
2022-06-21 15:17:34.225,15344,15345,15343,5,-5
2022-06-21 15:17:34.225,15344,15345,15343,1,-1
2022-06-21 15:17:35.886,15343,15344,15343,1,-1
2022-06-21 15:17:36.401,15343,15344,15343,1,-1
2022-06-21 15:17:36.819,15343,15344,15344,1,1
2022-06-21 15:17:41.448,15344,15345,15345,1,1
2022-06-21 15:17:43.338,15344,15346,15344,1,-1
2022-06-21 15:17:49.625,15344,15345,15344,3,-3
2022-06-21 15:17:50.035,15344,15345,15344,2,-2
2022-06-21 15:17:50.992,15343,15344,15344,1,1
2022-06-21 15:17:51.109,15343,15344,15344,2,2
2022-06-21 15:17:51.283,15343,15345,15343,1,-1
2022-06-21 15:17:52.524,15343,15345,15343,1,-1
2022-06-21 15:17:58.432,15343,15345,15343,3,-3
2022-06-21 15:17:59.855,15343,15345,15343,1,-1
2022-06-21 15:18:08.426,15342,15343,15343,1,1
2022-06-21 15:18:08.426,15342,15343,15343,1,1
2022-06-21 15:18:08.426,15342,15343,15343,1,1
2022-06-21 15:18:10.106,15342,15343,15343,1,1
2022-06-21 15:18:10.169,15342,15343,15343,1,1
2022-06-21 15:18:11.548,15343,15344,15344,1,1
2022-06-21 15:18:14.609,15343,15344,15343,1,-1
2022-06-21 15:18:17.706,15344,15345,15345,1,1
2022-06-21 15:18:17.706,15344,15345,15346,1,1
2022-06-21 15:18:25.322,15344,15345,15344,1,-1
2022-06-21 15:18:27.177,15343,15344,15343,2,-2
2022-06-21 15:18:28.458,15343,15344,15343,2,-2
2022-06-21 15:18:29.332,15343,15344,15343,2,-2
2022-06-21 15:18:32.073,15343,15344,15343,2,-2
2022-06-21 15:18:33.124,15343,15344,15343,2,-2
2022-06-21 15:18:33.677,15343,15344,15344,5,5
2022-06-21 15:18:33.698,15344,15345,15345,1,1
2022-06-21 15:18:33.769,15344,15345,15344,1,-1
2022-06-21 15:18:34.229,15344,15345,15345,3,3
2022-06-21 15:18:34.229,15344,15345,15346,1,1
2022-06-21 15:18:34.511,15344,15346,15344,2,-2
2022-06-21 15:18:35.513,15342,15344,15343,2,-2
2022-06-21 15:18:37.411,15342,15343,15343,1,1
2022-06-21 15:18:38.223,15342,15343,15343,1,1
2022-06-21 15:18:41.076,15342,15343,15343,1,1
2022-06-21 15:18:43.472,15342,15343,15343,2,2
2022-06-21 15:18:45.708,15342,15343,15342,1,-1
2022-06-21 15:18:46.568,15342,15343,15342,1,-1
2022-06-21 15:18:48.098,15342,15343,15342,1,-1
2022-06-21 15:18:49.742,15342,15343,15342,6,-6
2022-06-21 15:18:50.899,15342,15343,15342,2,-2
2022-06-21 15:18:52.223,15341,15342,15342,1,1
2022-06-21 15:18:53.952,15342,15343,15342,2,-2
2022-06-21 15:18:54.143,15342,15343,15343,4,4
2022-06-21 15:18:54.144,15342,15343,15343,1,1
2022-06-21 15:18:54.932,15342,15344,15343,2,2
2022-06-21 15:18:57.681,15342,15343,15343,1,1
2022-06-21 15:19:01.823,15342,15343,15343,5,5
2022-06-21 15:19:01.970,15343,15344,15343,7,-7
2022-06-21 15:19:01.970,15343,15344,15343,1,-1
2022-06-21 15:19:01.970,15343,15344,15343,1,-1
2022-06-21 15:19:01.971,15343,15344,15343,2,-2
2022-06-21 15:19:01.971,15343,15344,15343,1,-1
2022-06-21 15:19:01.971,15343,15344,15343,2,-2
2022-06-21 15:19:01.971,15343,15344,15343,1,-1
2022-06-21 15:19:01.971,15343,15344,15343,2,-2
2022-06-21 15:19:01.971,15343,15344,15343,1,-1
2022-06-21 15:19:01.971,15343,15344,15343,1,-1
2022-06-21 15:19:01.972,15343,15344,15343,4,-4
2022-06-21 15:19:01.974,15343,15344,15343,1,-1
2022-06-21 15:19:01.975,15343,15344,15343,1,-1
2022-06-21 15:19:01.975,15343,15344,15343,10,-10
2022-06-21 15:19:01.986,15343,15344,15342,1,-1
2022-06-21 15:19:05.893,15342,15343,15343,2,2
2022-06-21 15:19:05.893,15342,15343,15343,1,1
2022-06-21 15:19:07.260,15342,15343,15343,2,2
2022-06-21 15:19:08.120,15343,15344,15343,1,-1
2022-06-21 15:19:12.397,15342,15343,15342,1,-1
2022-06-21 15:19:14.473,15342,15343,15343,1,1
2022-06-21 15:19:14.473,15342,15343,15343,4,4
2022-06-21 15:19:16.802,15342,15343,15343,2,2
2022-06-21 15:19:18.789,15342,15343,15343,2,2
2022-06-21 15:19:20.351,15343,15344,15343,2,-2
2022-06-21 15:19:26.304,15342,15343,15343,1,1
2022-06-21 15:19:28.585,15342,15343,15343,1,1
2022-06-21 15:19:30.083,15342,15343,15343,1,1
2022-06-21 15:19:30.083,15342,15343,15344,1,1
2022-06-21 15:19:31.841,15343,15344,15343,1,-1
2022-06-21 15:19:33.022,15342,15343,15342,4,-4
2022-06-21 15:19:34.415,15341,15342,15342,1,1
2022-06-21 15:19:39.305,15342,15343,15342,1,-1
2022-06-21 15:19:43.160,15342,15343,15343,1,1
2022-06-21 15:19:43.231,15342,15344,15342,1,-1
2022-06-21 15:19:43.463,15342,15343,15343,1,1
2022-06-21 15:19:49.054,15341,15342,15342,2,2
2022-06-21 15:19:53.630,15342,15343,15342,1,-1
2022-06-21 15:19:55.974,15341,15342,15341,1,-1
2022-06-21 15:19:57.492,15341,15342,15341,2,-2
2022-06-21 15:20:01.518,15341,15342,15342,1,1
2022-06-21 15:20:01.862,15341,15342,15342,1,1
2022-06-21 15:20:05.700,15341,15342,15341,8,-8
2022-06-21 15:20:05.702,15341,15342,15340,1,-1
2022-06-21 15:20:05.702,15341,15342,15340,17,-17
2022-06-21 15:20:05.897,15339,15340,15339,1,-1
2022-06-21 15:20:05.937,15339,15340,15340,1,1
2022-06-21 15:20:05.996,15339,15340,15340,1,1
2022-06-21 15:20:06.016,15339,15340,15339,2,-2
2022-06-21 15:20:09.671,15339,15341,15341,1,1
2022-06-21 15:20:11.763,15339,15341,15341,1,1
2022-06-21 15:20:12.992,15340,15341,15340,2,-2
2022-06-21 15:20:14.135,15340,15341,15340,1,-1
2022-06-21 15:20:14.846,15340,15341,15340,2,-2
2022-06-21 15:20:15.606,15339,15340,15340,2,2
2022-06-21 15:20:15.606,15339,15340,15341,2,2
2022-06-21 15:20:17.420,15339,15340,15340,1,1
2022-06-21 15:20:17.952,15339,15340,15339,2,-2
2022-06-21 15:20:19.066,15339,15340,15339,2,-2
2022-06-21 15:20:19.879,15339,15340,15339,2,-2
2022-06-21 15:20:20.704,15339,15340,15339,2,-2
2022-06-21 15:20:23.613,15338,15339,15339,1,1
2022-06-21 15:20:24.838,15338,15339,15339,1,1
2022-06-21 15:20:28.561,15338,15339,15338,1,-1
2022-06-21 15:20:34.634,15338,15339,15338,2,-2
2022-06-21 15:20:35.515,15338,15339,15338,1,-1
2022-06-21 15:20:38.801,15338,15339,15339,3,3
2022-06-21 15:20:38.977,15339,15340,15339,1,-1
2022-06-21 15:20:41.943,15338,15339,15339,1,1
2022-06-21 15:20:45.089,15338,15339,15339,2,2
2022-06-21 15:20:46.577,15338,15339,15338,1,-1
2022-06-21 15:20:47.434,15338,15339,15338,1,-1
2022-06-21 15:20:47.984,15337,15339,15339,1,1
2022-06-21 15:20:52.615,15337,15338,15337,1,-1
2022-06-21 15:20:52.837,15337,15338,15337,1,-1
2022-06-21 15:21:00.650,15337,15338,15338,2,2
2022-06-21 15:21:08.265,15337,15338,15338,1,1
2022-06-21 15:21:08.723,15337,15338,15338,1,1
2022-06-21 15:21:09.413,15338,15339,15338,1,-1
2022-06-21 15:21:09.968,15338,15339,15339,4,4
2022-06-21 15:21:14.655,15338,15340,15340,1,1
2022-06-21 15:21:15.168,15339,15340,15340,1,1
2022-06-21 15:21:16.380,15339,15340,15339,1,-1
2022-06-21 15:21:26.725,15339,15340,15340,1,1
2022-06-21 15:21:28.826,15339,15340,15339,1,-1
2022-06-21 15:21:29.668,15339,15340,15339,1,-1
2022-06-21 15:21:29.906,15338,15339,15339,1,1
2022-06-21 15:21:41.024,15338,15339,15339,3,3
2022-06-21 15:21:51.865,15338,15339,15339,2,2
2022-06-21 15:21:53.865,15338,15339,15338,1,-1
2022-06-21 15:21:55.572,15338,15339,15339,5,5
2022-06-21 15:21:57.655,15338,15339,15339,1,1
2022-06-21 15:21:58.633,15339,15340,15340,5,5
2022-06-21 15:22:06.924,15339,15340,15340,2,2
2022-06-21 15:22:06.924,15339,15340,15340,1,1
2022-06-21 15:22:06.924,15339,15340,15340,2,2
2022-06-21 15:22:08.372,15340,15341,15340,1,-1
2022-06-21 15:22:11.821,15340,15341,15340,1,-1
2022-06-21 15:22:13.866,15340,15341,15341,4,4
2022-06-21 15:22:13.866,15340,15341,15341,8,8
2022-06-21 15:22:19.647,15341,15342,15341,1,-1
2022-06-21 15:22:26.344,15341,15342,15342,2,2
2022-06-21 15:22:27.069,15341,15342,15341,1,-1
2022-06-21 15:22:30.282,15341,15342,15341,1,-1
2022-06-21 15:22:30.282,15341,15342,15341,1,-1
2022-06-21 15:22:32.740,15340,15342,15340,1,-1
2022-06-21 15:22:32.740,15340,15342,15340,5,-5
2022-06-21 15:22:33.258,15340,15341,15340,2,-2
2022-06-21 15:22:43.455,15340,15341,15341,3,3
2022-06-21 15:22:49.846,15340,15341,15340,1,-1
2022-06-21 15:22:53.949,15340,15341,15340,1,-1
2022-06-21 15:22:53.991,15340,15341,15339,2,-2
2022-06-21 15:22:58.127,15339,15340,15339,1,-1
2022-06-21 15:22:59.235,15339,15340,15340,1,1
2022-06-21 15:23:02.913,15338,15340,15340,2,2
2022-06-21 15:23:03.208,15338,15340,15340,1,1
2022-06-21 15:23:13.484,15339,15340,15340,1,1
2022-06-21 15:23:13.484,15339,15340,15340,2,2
2022-06-21 15:23:13.485,15339,15340,15340,1,1
2022-06-21 15:23:14.954,15339,15341,15341,2,2
2022-06-21 15:23:16.560,15339,15340,15340,1,1
2022-06-21 15:23:19.387,15339,15340,15339,1,-1
2022-06-21 15:23:22.088,15338,15340,15338,3,-3
2022-06-21 15:23:26.121,15339,15340,15339,1,-1
2022-06-21 15:23:32.168,15339,15340,15339,1,-1
2022-06-21 15:23:45.000,15339,15340,15339,1,-1
2022-06-21 15:23:51.202,15339,15340,15340,2,2
2022-06-21 15:23:52.420,15339,15340,15339,1,-1
2022-06-21 15:23:54.137,15339,15340,15339,1,-1
2022-06-21 15:24:03.541,15339,15340,15340,1,1
2022-06-21 15:24:03.541,15339,15340,15340,2,2
2022-06-21 15:24:03.856,15340,15341,15341,3,3
2022-06-21 15:24:04.857,15340,15342,15340,1,-1
2022-06-21 15:24:08.743,15341,15342,15341,1,-1
2022-06-21 15:24:19.787,15340,15341,15341,1,1
2022-06-21 15:24:19.787,15340,15341,15342,1,1
2022-06-21 15:24:19.942,15341,15342,15342,1,1
2022-06-21 15:24:20.299,15340,15342,15340,4,-4
2022-06-21 15:24:25.497,15340,15341,15340,1,-1
2022-06-21 15:24:28.183,15340,15342,15340,3,-3
2022-06-21 15:24:35.566,15339,15340,15340,1,1
2022-06-21 15:24:36.748,15339,15340,15339,2,-2
2022-06-21 15:24:41.500,15339,15340,15340,1,1
2022-06-21 15:24:41.500,15339,15340,15340,1,1
2022-06-21 15:24:41.500,15339,15340,15340,1,1
2022-06-21 15:24:54.346,15340,15342,15340,2,-2
2022-06-21 15:24:57.554,15340,15341,15342,1,1
2022-06-21 15:25:03.602,15340,15342,15342,2,2
2022-06-21 15:25:10.341,15341,15342,15342,3,3
2022-06-21 15:25:10.342,15341,15342,15342,1,1
2022-06-21 15:25:10.342,15341,15342,15342,2,2
2022-06-21 15:25:10.343,15341,15342,15342,1,1
2022-06-21 15:25:19.710,15342,15343,15343,2,2
2022-06-21 15:25:21.003,15343,15344,15343,1,-1
2022-06-21 15:25:29.639,15342,15343,15343,1,1
2022-06-21 15:25:29.639,15342,15343,15343,2,2
2022-06-21 15:25:29.640,15342,15343,15343,2,2
2022-06-21 15:25:33.379,15342,15343,15342,1,-1
2022-06-21 15:25:50.439,15341,15342,15341,1,-1
2022-06-21 15:25:57.600,15340,15341,15340,3,-3
2022-06-21 15:26:00.064,15340,15341,15340,1,-1
2022-06-21 15:26:03.020,15339,15340,15340,1,1
2022-06-21 15:26:03.020,15339,15340,15340,1,1
2022-06-21 15:26:05.451,15339,15341,15339,1,-1
2022-06-21 15:26:07.576,15339,15340,15339,2,-2
2022-06-21 15:26:07.578,15339,15340,15339,6,-6
2022-06-21 15:26:08.361,15339,15340,15340,2,2
2022-06-21 15:26:09.852,15339,15341,15339,1,-1
2022-06-21 15:26:18.142,15338,15340,15340,2,2
2022-06-21 15:26:18.341,15338,15340,15340,2,2
2022-06-21 15:26:20.689,15338,15339,15339,4,4
2022-06-21 15:26:23.377,15339,15340,15340,1,1
2022-06-21 15:26:25.665,15339,15340,15340,1,1
2022-06-21 15:26:47.040,15339,15340,15340,1,1
2022-06-21 15:26:48.737,15339,15340,15339,1,-1
2022-06-21 15:26:50.823,15339,15340,15339,2,-2
2022-06-21 15:26:56.836,15339,15340,15339,1,-1
2022-06-21 15:26:59.875,15339,15340,15340,1,1
2022-06-21 15:26:59.875,15339,15340,15340,1,1
2022-06-21 15:26:59.875,15339,15340,15340,1,1
2022-06-21 15:26:59.876,15339,15340,15340,3,3
2022-06-21 15:27:00.532,15340,15341,15340,1,-1
2022-06-21 15:27:05.634,15339,15341,15341,2,2
2022-06-21 15:27:05.713,15339,15341,15342,1,1
2022-06-21 15:27:09.020,15340,15341,15341,1,1
2022-06-21 15:27:24.808,15340,15342,15343,2,2
2022-06-21 15:27:24.893,15341,15343,15343,2,2
2022-06-21 15:27:26.129,15341,15343,15343,2,2
2022-06-21 15:27:26.459,15341,15343,15341,1,-1
2022-06-21 15:27:32.943,15341,15342,15342,2,2
2022-06-21 15:27:49.570,15341,15342,15341,2,-2
2022-06-21 15:27:49.570,15341,15342,15340,2,-2
2022-06-21 15:28:06.188,15342,15343,15343,6,6
2022-06-21 15:28:06.188,15342,15343,15343,1,1
2022-06-21 15:28:06.189,15342,15343,15343,1,1
2022-06-21 15:28:06.746,15343,15344,15344,3,3
2022-06-21 15:28:06.747,15343,15344,15344,4,4
2022-06-21 15:28:10.114,15343,15345,15343,1,-1
2022-06-21 15:28:10.608,15344,15345,15345,11,11
2022-06-21 15:28:10.609,15344,15345,15345,1,1
2022-06-21 15:28:10.609,15344,15345,15345,1,1
2022-06-21 15:28:15.557,15343,15345,15345,5,5
2022-06-21 15:28:16.710,15344,15345,15345,1,1
2022-06-21 15:28:16.765,15344,15345,15346,5,5
2022-06-21 15:28:17.266,15344,15345,15345,1,1
2022-06-21 15:28:18.621,15345,15346,15345,1,-1
2022-06-21 15:28:21.971,15345,15346,15346,2,2
2022-06-21 15:28:23.632,15345,15346,15346,1,1
2022-06-21 15:28:25.611,15345,15346,15346,1,1
2022-06-21 15:28:25.970,15345,15346,15345,1,-1
2022-06-21 15:28:26.276,15345,15346,15346,1,1
2022-06-21 15:28:26.277,15345,15346,15346,3,3
2022-06-21 15:28:26.720,15345,15346,15346,1,1
2022-06-21 15:28:31.374,15345,15346,15346,1,1
2022-06-21 15:28:32.250,15345,15346,15345,2,-2
2022-06-21 15:28:32.251,15345,15346,15345,1,-1
2022-06-21 15:28:32.251,15345,15346,15345,1,-1
2022-06-21 15:28:32.251,15345,15346,15345,1,-1
2022-06-21 15:28:36.443,15344,15345,15345,1,1
2022-06-21 15:28:37.803,15344,15345,15345,1,1
2022-06-21 15:28:37.803,15344,15345,15346,1,1
2022-06-21 15:28:40.194,15344,15345,15345,3,3
2022-06-21 15:28:47.858,15344,15345,15345,2,2
2022-06-21 15:28:48.616,15344,15345,15345,1,1
2022-06-21 15:28:59.733,15344,15346,15345,1,1
2022-06-21 15:29:00.021,15344,15346,15345,3,3
2022-06-21 15:29:00.021,15344,15346,15345,2,2
2022-06-21 15:29:01.179,15345,15346,15346,1,1
2022-06-21 15:29:01.179,15345,15346,15346,2,2
2022-06-21 15:29:01.180,15345,15346,15346,1,1
2022-06-21 15:29:01.184,15345,15346,15347,3,3
2022-06-21 15:29:01.184,15345,15346,15347,5,5
2022-06-21 15:29:01.184,15345,15346,15347,2,2
2022-06-21 15:29:01.184,15345,15346,15347,2,2
2022-06-21 15:29:01.184,15345,15346,15347,2,2
2022-06-21 15:29:01.184,15345,15346,15347,1,1
2022-06-21 15:29:01.185,15345,15346,15347,4,4
2022-06-21 15:29:01.185,15345,15346,15347,3,3
2022-06-21 15:29:01.186,15345,15346,15347,1,1
2022-06-21 15:29:01.186,15345,15346,15347,1,1
2022-06-21 15:29:01.187,15345,15346,15348,7,7
2022-06-21 15:29:01.187,15345,15346,15348,1,1
2022-06-21 15:29:01.188,15345,15346,15348,1,1
2022-06-21 15:29:01.188,15345,15346,15347,5,5
2022-06-21 15:29:01.188,15348,15349,15348,2,-2
2022-06-21 15:29:01.188,15348,15349,15349,4,4
2022-06-21 15:29:01.189,15348,15349,15348,1,-1
2022-06-21 15:29:01.189,15348,15349,15348,1,-1
2022-06-21 15:29:01.189,15348,15349,15349,1,1
2022-06-21 15:29:01.190,15348,15349,15349,5,5
2022-06-21 15:29:01.191,15348,15349,15349,1,1
2022-06-21 15:29:01.197,15348,15349,15349,1,1
2022-06-21 15:29:01.337,15347,15349,15349,1,1
2022-06-21 15:29:01.346,15347,15349,15349,1,1
2022-06-21 15:29:01.447,15347,15349,15349,1,1
2022-06-21 15:29:01.448,15347,15349,15349,1,1
2022-06-21 15:29:01.599,15348,15350,15349,1,1
2022-06-21 15:29:01.599,15348,15350,15349,1,1
2022-06-21 15:29:02.318,15347,15349,15349,1,1
2022-06-21 15:29:02.459,15347,15349,15349,1,1
2022-06-21 15:29:04.114,15348,15349,15348,1,-1
2022-06-21 15:29:10.662,15346,15347,15346,1,-1
2022-06-21 15:29:10.662,15346,15347,15346,1,-1
2022-06-21 15:29:10.728,15345,15346,15345,1,-1
2022-06-21 15:29:10.766,15345,15346,15344,1,-1
2022-06-21 15:29:11.061,15344,15345,15344,1,-1
2022-06-21 15:29:13.552,15344,15346,15346,2,2
2022-06-21 15:29:20.974,15345,15346,15346,3,3
2022-06-21 15:29:25.087,15345,15346,15346,1,1
2022-06-21 15:29:25.090,15345,15346,15347,1,1
2022-06-21 15:29:25.104,15345,15346,15348,1,1
2022-06-21 15:29:29.706,15347,15348,15348,1,1
2022-06-21 15:29:30.146,15347,15349,15349,3,3
2022-06-21 15:29:33.521,15347,15349,15349,1,1
2022-06-21 15:29:34.759,15348,15349,15349,7,7
2022-06-21 15:29:34.759,15348,15349,15350,1,1
2022-06-21 15:29:34.876,15348,15350,15350,4,4
2022-06-21 15:29:34.998,15348,15350,15350,1,1
2022-06-21 15:29:35.026,15348,15350,15348,1,-1
2022-06-21 15:29:40.198,15348,15349,15349,2,2
2022-06-21 15:29:41.969,15348,15349,15349,5,5
2022-06-21 15:29:44.303,15349,15350,15349,2,-2
2022-06-21 15:29:44.617,15349,15350,15350,1,1
2022-06-21 15:29:47.393,15349,15350,15350,2,2
2022-06-21 15:29:47.393,15349,15350,15350,5,5
2022-06-21 15:29:48.607,15349,15350,15349,1,-1
2022-06-21 15:29:50.712,15349,15350,15350,11,11
2022-06-21 15:29:51.349,15349,15351,15351,1,1
2022-06-21 15:29:51.359,15349,15351,15350,1,1
2022-06-21 15:29:52.451,15350,15351,15350,2,-2
2022-06-21 15:29:55.825,15350,15351,15351,3,3
2022-06-21 15:29:55.857,15350,15351,15351,1,1
2022-06-21 15:29:55.857,15350,15351,15351,1,1
2022-06-21 15:29:55.858,15350,15351,15351,1,1
2022-06-21 15:29:55.858,15350,15351,15351,1,1
2022-06-21 15:29:55.858,15350,15351,15351,1,1
2022-06-21 15:29:55.858,15350,15351,15351,1,1
2022-06-21 15:29:55.859,15350,15351,15351,1,1
2022-06-21 15:29:55.870,15350,15351,15351,1,1
2022-06-21 15:29:55.873,15350,15351,15350,2,-2
2022-06-21 15:29:55.900,15350,15351,15351,1,1
2022-06-21 15:29:57.634,15350,15352,15352,1,1
2022-06-21 15:29:58.294,15350,15352,15352,1,1
2022-06-21 15:29:58.664,15350,15352,15352,1,1
2022-06-21 15:29:58.882,15350,15352,15352,1,1
2022-06-21 15:29:59.410,15351,15352,15352,1,1
2022-06-21 15:29:59.644,15351,15352,15352,1,1
2022-06-21 15:30:00.508,15351,15353,15353,1,1
2022-06-21 15:30:00.514,15351,15353,15353,1,1
2022-06-21 15:30:00.514,15351,15353,15353,2,2
2022-06-21 15:30:00.515,15351,15353,15353,2,2
2022-06-21 15:30:00.521,15351,15353,15353,1,1
2022-06-21 15:30:00.547,15351,15353,15353,5,5
2022-06-21 15:30:00.577,15352,15354,15354,1,1
2022-06-21 15:30:00.640,15352,15354,15354,1,1
2022-06-21 15:30:00.849,15353,15354,15354,1,1
2022-06-21 15:30:00.859,15353,15354,15354,5,5
2022-06-21 15:30:00.859,15353,15354,15354,1,1
2022-06-21 15:30:00.859,15353,15354,15354,1,1
2022-06-21 15:30:00.931,15353,15354,15355,3,3
2022-06-21 15:30:00.981,15353,15355,15355,1,1
2022-06-21 15:30:01.016,15353,15355,15355,1,1
2022-06-21 15:30:01.048,15353,15355,15355,2,2
2022-06-21 15:30:01.097,15354,15355,15355,1,1
2022-06-21 15:30:01.111,15354,15355,15355,1,1
2022-06-21 15:30:01.111,15354,15355,15356,4,4
2022-06-21 15:30:01.115,15354,15355,15355,2,2
2022-06-21 15:30:01.292,15354,15356,15354,3,-3
2022-06-21 15:30:01.306,15354,15356,15355,1,-1
2022-06-21 15:30:01.412,15353,15355,15355,1,1
2022-06-21 15:30:01.625,15353,15355,15353,6,-6
2022-06-21 15:30:01.709,15352,15354,15354,7,7
2022-06-21 15:30:01.967,15353,15355,15355,3,3
2022-06-21 15:30:02.007,15353,15355,15353,1,-1
2022-06-21 15:30:02.354,15353,15355,15355,1,1
2022-06-21 15:30:02.364,15353,15355,15354,1,1
2022-06-21 15:30:02.428,15353,15355,15354,1,1
2022-06-21 15:30:02.927,15353,15354,15354,1,1
2022-06-21 15:30:03.493,15353,15355,15353,1,-1
2022-06-21 15:30:03.842,15353,15355,15355,1,1
2022-06-21 15:30:03.912,15353,15355,15355,2,2
2022-06-21 15:30:04.011,15353,15355,15355,1,1
2022-06-21 15:30:04.550,15353,15355,15355,1,1
2022-06-21 15:30:06.161,15353,15355,15355,3,3
2022-06-21 15:30:06.356,15353,15355,15355,1,1
2022-06-21 15:30:07.534,15354,15355,15355,1,1
2022-06-21 15:30:07.681,15354,15356,15354,3,-3
2022-06-21 15:30:08.093,15353,15355,15355,3,3
2022-06-21 15:30:08.211,15353,15355,15355,1,1
2022-06-21 15:30:09.332,15353,15355,15355,1,1
2022-06-21 15:30:10.404,15353,15355,15353,1,-1
2022-06-21 15:30:14.598,15354,15355,15354,2,-2
2022-06-21 15:30:14.598,15354,15355,15353,2,-2
2022-06-21 15:30:16.538,15353,15355,15355,3,3
2022-06-21 15:30:16.828,15354,15356,15354,1,-1
2022-06-21 15:30:18.614,15354,15355,15355,1,1
2022-06-21 15:30:19.913,15354,15356,15354,1,-1
2022-06-21 15:30:23.275,15354,15356,15355,1,-1
2022-06-21 15:30:23.964,15355,15356,15356,2,2
2022-06-21 15:30:24.085,15355,15356,15356,1,1
2022-06-21 15:30:24.160,15355,15356,15356,8,8
2022-06-21 15:30:25.268,15356,15357,15357,7,7
2022-06-21 15:30:25.836,15357,15358,15358,1,1
2022-06-21 15:30:26.102,15357,15358,15358,1,1
2022-06-21 15:30:26.753,15357,15358,15358,1,1
2022-06-21 15:30:26.774,15357,15358,15357,1,-1
2022-06-21 15:30:27.061,15356,15358,15358,1,1
2022-06-21 15:30:27.074,15356,15358,15358,1,1
2022-06-21 15:30:30.515,15357,15358,15358,1,1
2022-06-21 15:30:30.550,15357,15358,15358,1,1
2022-06-21 15:30:31.949,15357,15358,15358,1,1
2022-06-21 15:30:31.949,15357,15358,15358,14,14
2022-06-21 15:30:32.585,15357,15359,15359,1,1
2022-06-21 15:30:34.088,15358,15359,15359,2,2
2022-06-21 15:30:34.881,15358,15359,15358,4,-4
2022-06-21 15:30:34.881,15358,15359,15357,1,-1
2022-06-21 15:30:36.531,15358,15359,15359,14,14
2022-06-21 15:30:36.563,15358,15359,15359,2,2
2022-06-21 15:30:36.563,15358,15359,15359,1,1
2022-06-21 15:30:36.564,15358,15359,15359,5,5
2022-06-21 15:30:36.564,15358,15359,15359,1,1
2022-06-21 15:30:36.564,15358,15359,15359,4,4
2022-06-21 15:30:36.564,15358,15359,15359,1,1
2022-06-21 15:30:36.564,15358,15359,15359,4,4
2022-06-21 15:30:36.580,15358,15359,15360,34,34
2022-06-21 15:30:36.581,15358,15359,15361,1,1
2022-06-21 15:30:36.581,15358,15359,15361,4,4
2022-06-21 15:30:36.581,15358,15359,15361,1,1
2022-06-21 15:30:36.581,15358,15359,15361,3,3
2022-06-21 15:30:36.581,15358,15359,15361,3,3
2022-06-21 15:30:36.582,15358,15359,15362,1,1
2022-06-21 15:30:36.583,15358,15359,15362,1,1
2022-06-21 15:30:36.663,15358,15359,15362,1,1
2022-06-21 15:30:36.709,15361,15362,15361,1,-1
2022-06-21 15:30:36.734,15361,15362,15362,2,2
2022-06-21 15:30:36.734,15361,15362,15362,1,1
2022-06-21 15:30:36.734,15361,15362,15363,1,1
2022-06-21 15:30:36.734,15361,15362,15363,1,1
2022-06-21 15:30:36.744,15361,15362,15362,9,9
2022-06-21 15:30:36.744,15361,15362,15363,10,10
2022-06-21 15:30:36.744,15361,15362,15364,1,1
2022-06-21 15:30:36.767,15361,15362,15363,3,3
2022-06-21 15:30:36.767,15361,15362,15363,1,1
2022-06-21 15:30:36.767,15361,15362,15364,1,1
2022-06-21 15:30:36.769,15361,15362,15363,2,2
2022-06-21 15:30:36.781,15361,15362,15363,1,1
2022-06-21 15:30:36.787,15361,15362,15363,1,1
2022-06-21 15:30:36.794,15361,15362,15363,1,1
2022-06-21 15:30:36.809,15361,15362,15363,1,1
2022-06-21 15:30:36.811,15361,15362,15364,1,1
2022-06-21 15:30:36.812,15361,15362,15363,1,1
2022-06-21 15:30:36.835,15362,15363,15363,1,1
2022-06-21 15:30:36.835,15362,15363,15364,3,3
2022-06-21 15:30:36.835,15362,15363,15363,1,1
2022-06-21 15:30:36.852,15362,15363,15363,1,1
2022-06-21 15:30:36.852,15362,15363,15364,1,1
2022-06-21 15:30:36.860,15362,15363,15364,1,1
2022-06-21 15:30:36.868,15362,15363,15364,1,1
2022-06-21 15:30:36.919,15362,15363,15364,1,1
2022-06-21 15:30:36.919,15362,15363,15365,2,2
2022-06-21 15:30:36.929,15362,15363,15365,2,2
2022-06-21 15:30:36.972,15363,15365,15364,1,1
2022-06-21 15:30:37.011,15363,15365,15365,1,1
2022-06-21 15:30:37.053,15363,15365,15365,2,2
2022-06-21 15:30:37.066,15363,15365,15365,1,1
2022-06-21 15:30:37.073,15363,15365,15365,1,1
2022-06-21 15:30:37.108,15363,15365,15365,1,1
2022-06-21 15:30:37.168,15363,15365,15365,1,1
2022-06-21 15:30:37.172,15363,15365,15365,1,1
2022-06-21 15:30:37.201,15363,15365,15365,1,1
2022-06-21 15:30:37.212,15363,15365,15364,1,1
2022-06-21 15:30:37.306,15363,15365,15364,1,1
2022-06-21 15:30:37.352,15363,15364,15364,1,1
2022-06-21 15:30:37.486,15363,15365,15364,1,1
2022-06-21 15:30:37.747,15363,15364,15364,1,1
2022-06-21 15:30:38.138,15363,15364,15364,1,1
2022-06-21 15:30:38.206,15363,15364,15364,1,1
2022-06-21 15:30:38.580,15363,15365,15365,1,1
2022-06-21 15:30:38.811,15363,15365,15364,10,10
2022-06-21 15:30:39.463,15363,15364,15364,1,1
2022-06-21 15:30:39.475,15363,15364,15365,3,3
2022-06-21 15:30:39.705,15365,15366,15365,3,-3
2022-06-21 15:30:39.705,15365,15366,15364,7,-7
2022-06-21 15:30:39.858,15364,15365,15364,1,-1
2022-06-21 15:30:40.050,15363,15365,15363,1,-1
2022-06-21 15:30:40.450,15364,15365,15364,1,-1
2022-06-21 15:30:41.244,15363,15365,15365,1,1
2022-06-21 15:30:41.274,15363,15365,15364,1,1
2022-06-21 15:30:41.398,15363,15365,15365,2,2
2022-06-21 15:30:41.460,15364,15366,15366,1,1
2022-06-21 15:30:41.603,15364,15365,15366,1,1
2022-06-21 15:30:41.604,15364,15365,15366,1,1
2022-06-21 15:30:41.843,15364,15366,15364,1,-1
2022-06-21 15:30:42.256,15364,15366,15365,1,-1
2022-06-21 15:30:42.264,15364,15366,15364,1,-1
2022-06-21 15:30:43.148,15365,15366,15365,1,-1
2022-06-21 15:30:43.546,15364,15366,15364,1,-1
2022-06-21 15:30:44.900,15363,15365,15364,1,-1
2022-06-21 15:30:46.309,15363,15365,15363,1,-1
2022-06-21 15:30:46.562,15363,15365,15364,1,-1
2022-06-21 15:30:46.992,15364,15365,15364,1,-1
2022-06-21 15:30:47.790,15363,15364,15364,1,1
2022-06-21 15:30:47.864,15364,15365,15364,1,-1
2022-06-21 15:30:48.107,15363,15364,15363,3,-3
2022-06-21 15:30:48.195,15363,15364,15364,2,2
2022-06-21 15:30:48.222,15363,15364,15364,1,1
2022-06-21 15:30:49.248,15363,15364,15363,1,-1
2022-06-21 15:30:49.248,15363,15364,15362,1,-1
2022-06-21 15:30:49.277,15363,15364,15364,1,1
2022-06-21 15:30:50.150,15363,15364,15364,1,1
2022-06-21 15:30:50.939,15363,15365,15363,3,-3
2022-06-21 15:30:51.355,15362,15364,15364,1,1
2022-06-21 15:30:52.204,15363,15365,15365,1,1
2022-06-21 15:30:52.909,15364,15365,15365,1,1
2022-06-21 15:30:52.909,15364,15365,15365,4,4
2022-06-21 15:30:52.909,15364,15365,15365,3,3
2022-06-21 15:30:53.838,15364,15366,15364,1,-1
2022-06-21 15:30:55.108,15364,15366,15366,1,1
2022-06-21 15:30:55.988,15364,15365,15365,1,1
2022-06-21 15:31:00.232,15364,15366,15366,1,1
2022-06-21 15:31:00.725,15364,15365,15365,2,2
2022-06-21 15:31:01.349,15365,15366,15365,1,-1
2022-06-21 15:31:01.962,15365,15366,15366,2,2
2022-06-21 15:31:02.288,15365,15366,15366,6,6
2022-06-21 15:31:02.765,15366,15367,15366,2,-2
2022-06-21 15:31:04.440,15366,15367,15367,1,1
2022-06-21 15:31:05.292,15366,15367,15366,1,-1
2022-06-21 15:31:06.019,15366,15367,15367,1,1
2022-06-21 15:31:06.039,15366,15367,15366,1,-1
2022-06-21 15:31:06.172,15365,15367,15365,1,-1
2022-06-21 15:31:08.252,15365,15366,15366,1,1
2022-06-21 15:31:08.993,15365,15366,15366,1,1
2022-06-21 15:31:10.458,15366,15367,15366,1,-1
2022-06-21 15:31:11.226,15365,15366,15366,1,1
2022-06-21 15:31:11.752,15365,15367,15365,1,-1
2022-06-21 15:31:11.943,15365,15367,15365,1,-1
2022-06-21 15:31:13.739,15365,15367,15367,1,1
2022-06-21 15:31:14.221,15365,15366,15366,2,2
2022-06-21 15:31:14.659,15365,15366,15365,2,-2
2022-06-21 15:31:14.946,15365,15366,15365,4,-4
2022-06-21 15:31:16.010,15365,15366,15366,1,1
2022-06-21 15:31:16.145,15365,15366,15366,10,10
2022-06-21 15:31:16.592,15365,15367,15367,2,2
2022-06-21 15:31:16.602,15365,15367,15366,1,1
2022-06-21 15:31:17.245,15366,15367,15366,1,-1
2022-06-21 15:31:17.433,15365,15367,15367,1,1
2022-06-21 15:31:17.842,15365,15367,15365,1,-1
2022-06-21 15:31:18.531,15365,15366,15366,1,1
2022-06-21 15:31:19.893,15365,15366,15366,1,1
2022-06-21 15:31:19.894,15365,15366,15366,2,2
2022-06-21 15:31:20.557,15366,15367,15367,1,1
2022-06-21 15:31:20.766,15366,15368,15366,1,-1
2022-06-21 15:31:21.115,15366,15368,15368,4,4
2022-06-21 15:31:21.115,15366,15368,15368,1,1
2022-06-21 15:31:21.116,15366,15368,15368,4,4
2022-06-21 15:31:21.116,15366,15368,15368,5,5
2022-06-21 15:31:21.116,15366,15368,15368,1,1
2022-06-21 15:31:21.121,15366,15368,15369,1,1
2022-06-21 15:31:21.121,15366,15368,15369,1,1
2022-06-21 15:31:21.121,15366,15368,15369,1,1
2022-06-21 15:31:21.121,15366,15368,15369,1,1
2022-06-21 15:31:21.491,15367,15369,15369,1,1
2022-06-21 15:31:21.498,15367,15369,15369,1,1
2022-06-21 15:31:21.542,15367,15369,15369,1,1
2022-06-21 15:31:21.542,15367,15369,15370,1,1
2022-06-21 15:31:21.551,15367,15369,15370,1,1
2022-06-21 15:31:21.552,15367,15369,15370,1,1
2022-06-21 15:31:21.584,15368,15370,15370,2,2
2022-06-21 15:31:21.817,15369,15370,15370,1,1
2022-06-21 15:31:21.828,15369,15370,15370,2,2
2022-06-21 15:31:21.834,15369,15370,15370,1,1
2022-06-21 15:31:21.845,15369,15370,15371,1,1
2022-06-21 15:31:21.877,15369,15370,15371,1,1
2022-06-21 15:31:21.902,15369,15370,15371,1,1
2022-06-21 15:31:21.941,15369,15370,15369,1,-1
2022-06-21 15:31:21.963,15369,15370,15370,1,1
2022-06-21 15:31:22.000,15369,15370,15371,2,2
2022-06-21 15:31:22.001,15369,15370,15371,1,1
2022-06-21 15:31:22.010,15369,15370,15371,1,1
2022-06-21 15:31:22.019,15369,15370,15371,1,1
2022-06-21 15:31:22.108,15370,15371,15371,2,2
2022-06-21 15:31:22.109,15370,15371,15371,1,1
2022-06-21 15:31:22.313,15370,15371,15371,1,1
2022-06-21 15:31:22.313,15370,15371,15372,1,1
2022-06-21 15:31:22.618,15370,15372,15372,1,1
2022-06-21 15:31:22.691,15370,15372,15372,1,1
2022-06-21 15:31:22.719,15370,15372,15372,1,1
2022-06-21 15:31:22.719,15370,15372,15372,1,1
2022-06-21 15:31:22.721,15370,15372,15372,1,1
2022-06-21 15:31:22.769,15370,15372,15373,1,1
2022-06-21 15:31:22.855,15371,15373,15372,3,3
2022-06-21 15:31:22.928,15371,15373,15372,1,1
2022-06-21 15:31:23.114,15370,15372,15372,1,1
2022-06-21 15:31:23.882,15369,15371,15371,2,2
2022-06-21 15:31:25.193,15369,15370,15370,1,1
2022-06-21 15:31:25.814,15369,15370,15370,1,1
2022-06-21 15:31:27.946,15370,15371,15371,1,1
2022-06-21 15:31:28.024,15370,15371,15370,1,-1
2022-06-21 15:31:28.646,15369,15370,15369,1,-1
2022-06-21 15:31:28.740,15369,15370,15370,1,1
2022-06-21 15:31:28.934,15369,15370,15370,1,1
2022-06-21 15:31:28.934,15369,15370,15371,3,3
2022-06-21 15:31:28.980,15369,15371,15369,1,-1
2022-06-21 15:31:29.722,15371,15372,15371,1,-1
2022-06-21 15:31:29.994,15371,15372,15371,1,-1
2022-06-21 15:31:30.575,15370,15372,15372,1,1
2022-06-21 15:31:31.079,15370,15372,15372,1,1
2022-06-21 15:31:31.379,15370,15371,15370,1,-1
2022-06-21 15:31:33.052,15370,15371,15371,4,4
2022-06-21 15:31:33.201,15370,15371,15370,1,-1
2022-06-21 15:31:33.549,15370,15371,15370,1,-1
2022-06-21 15:31:33.559,15370,15371,15371,1,1
2022-06-21 15:31:34.209,15370,15371,15371,3,3
2022-06-21 15:31:35.107,15370,15371,15371,1,1
2022-06-21 15:31:35.584,15370,15371,15370,1,-1
2022-06-21 15:31:36.002,15370,15371,15371,1,1
2022-06-21 15:31:36.206,15370,15372,15371,1,1
2022-06-21 15:31:36.256,15370,15372,15372,2,2
2022-06-21 15:31:36.859,15370,15372,15372,4,4
2022-06-21 15:31:37.619,15370,15371,15371,1,1
2022-06-21 15:31:41.537,15371,15372,15372,1,1
2022-06-21 15:31:43.624,15371,15372,15372,1,1
2022-06-21 15:31:44.028,15371,15372,15372,1,1
2022-06-21 15:31:44.028,15371,15372,15373,2,2
2022-06-21 15:31:44.123,15371,15372,15372,1,1
2022-06-21 15:31:44.123,15371,15372,15373,1,1
2022-06-21 15:31:46.303,15371,15372,15371,4,-4
2022-06-21 15:31:46.734,15370,15371,15370,2,-2
2022-06-21 15:31:46.915,15370,15371,15370,3,-3
2022-06-21 15:31:46.915,15370,15371,15370,2,-2
2022-06-21 15:31:46.915,15370,15371,15370,4,-4
2022-06-21 15:31:46.935,15370,15371,15369,2,-2
2022-06-21 15:31:47.230,15369,15370,15371,1,1
2022-06-21 15:31:51.040,15369,15370,15370,2,2
2022-06-21 15:31:51.120,15369,15370,15370,1,1
2022-06-21 15:31:52.526,15370,15371,15371,1,1
2022-06-21 15:31:52.909,15370,15371,15371,1,1
2022-06-21 15:31:55.391,15370,15371,15370,2,-2
2022-06-21 15:31:56.298,15369,15371,15369,1,-1
2022-06-21 15:31:56.513,15369,15370,15369,2,-2
2022-06-21 15:31:56.777,15369,15370,15370,1,1
2022-06-21 15:31:56.887,15369,15371,15370,2,2
2022-06-21 15:31:58.024,15370,15371,15370,5,-5
2022-06-21 15:31:58.037,15370,15371,15369,3,-3
2022-06-21 15:31:58.604,15369,15370,15370,2,2
2022-06-21 15:31:59.396,15369,15370,15370,1,1
2022-06-21 15:31:59.667,15369,15371,15370,1,1
2022-06-21 15:32:00.268,15369,15371,15370,4,4
2022-06-21 15:32:00.402,15369,15371,15370,2,2
2022-06-21 15:32:01.558,15369,15371,15369,1,-1
2022-06-21 15:32:01.724,15369,15370,15369,1,-1
2022-06-21 15:32:01.770,15369,15370,15370,1,1
2022-06-21 15:32:01.819,15368,15370,15370,1,1
2022-06-21 15:32:01.884,15368,15370,15371,1,1
2022-06-21 15:32:02.225,15369,15371,15370,1,1
2022-06-21 15:32:04.511,15369,15370,15369,1,-1
2022-06-21 15:32:04.511,15369,15370,15368,1,-1
2022-06-21 15:32:04.761,15369,15370,15370,1,1
2022-06-21 15:32:06.352,15369,15370,15369,1,-1
2022-06-21 15:32:07.421,15369,15370,15369,2,-2
2022-06-21 15:32:08.339,15369,15370,15369,2,-2
2022-06-21 15:32:10.627,15369,15370,15369,3,-3
2022-06-21 15:32:10.695,15368,15369,15369,1,1
2022-06-21 15:32:11.840,15368,15369,15368,1,-1
2022-06-21 15:32:11.893,15368,15369,15368,2,-2
2022-06-21 15:32:12.568,15367,15369,15369,7,7
2022-06-21 15:32:15.028,15366,15368,15367,1,1
2022-06-21 15:32:15.028,15366,15368,15368,1,1
2022-06-21 15:32:15.919,15366,15368,15368,1,1
2022-06-21 15:32:17.556,15366,15367,15366,3,-3
2022-06-21 15:32:18.965,15365,15366,15366,1,1
2022-06-21 15:32:19.294,15365,15366,15365,1,-1
2022-06-21 15:32:20.089,15365,15366,15365,1,-1
2022-06-21 15:32:20.195,15365,15366,15366,1,1
2022-06-21 15:32:21.091,15365,15367,15365,6,-6
2022-06-21 15:32:23.027,15365,15367,15365,2,-2
2022-06-21 15:32:25.809,15365,15366,15366,1,1
2022-06-21 15:32:25.975,15366,15367,15366,1,-1
2022-06-21 15:32:28.262,15365,15367,15365,1,-1
2022-06-21 15:32:28.377,15365,15366,15366,1,1
2022-06-21 15:32:28.734,15366,15367,15366,1,-1
2022-06-21 15:32:28.998,15366,15367,15366,1,-1
2022-06-21 15:32:32.353,15365,15366,15365,1,-1
2022-06-21 15:32:32.631,15365,15366,15365,1,-1
2022-06-21 15:32:36.314,15365,15366,15365,1,-1
2022-06-21 15:32:36.492,15365,15366,15366,2,2
2022-06-21 15:32:37.444,15366,15367,15366,1,-1
2022-06-21 15:32:37.460,15366,15367,15366,1,-1
2022-06-21 15:32:37.531,15366,15367,15366,1,-1
2022-06-21 15:32:37.542,15366,15367,15365,1,-1
2022-06-21 15:32:37.566,15365,15367,15367,1,1
2022-06-21 15:32:37.577,15365,15367,15365,1,-1
2022-06-21 15:32:39.269,15365,15367,15365,1,-1
2022-06-21 15:32:39.591,15365,15367,15365,1,-1
2022-06-21 15:32:40.297,15365,15366,15366,1,1
2022-06-21 15:32:42.853,15366,15367,15367,5,5
2022-06-21 15:32:42.854,15366,15367,15367,1,1
2022-06-21 15:32:42.854,15366,15367,15367,2,2
2022-06-21 15:32:42.854,15366,15367,15367,1,1
2022-06-21 15:32:42.854,15366,15367,15367,3,3
2022-06-21 15:32:43.276,15367,15368,15367,1,-1
2022-06-21 15:32:45.993,15367,15368,15367,1,-1
2022-06-21 15:32:47.319,15367,15368,15368,3,3
2022-06-21 15:32:47.350,15367,15368,15369,1,1
2022-06-21 15:32:48.747,15368,15370,15368,1,-1
2022-06-21 15:32:49.253,15368,15370,15370,2,2
2022-06-21 15:32:51.201,15368,15369,15369,2,2
2022-06-21 15:32:51.311,15368,15369,15369,1,1
2022-06-21 15:32:52.003,15369,15370,15369,1,-1
2022-06-21 15:32:52.004,15369,15370,15369,1,-1
2022-06-21 15:32:54.252,15368,15369,15369,5,5
2022-06-21 15:32:54.634,15368,15369,15369,1,1
2022-06-21 15:32:55.930,15368,15369,15369,5,5
2022-06-21 15:32:56.255,15368,15369,15369,1,1
2022-06-21 15:32:56.621,15368,15369,15368,2,-2
2022-06-21 15:32:56.636,15368,15369,15368,2,-2
2022-06-21 15:32:56.844,15367,15369,15367,2,-2
2022-06-21 15:32:58.503,15366,15367,15366,2,-2
2022-06-21 15:33:00.611,15366,15368,15368,1,1
2022-06-21 15:33:03.928,15367,15369,15369,1,1
2022-06-21 15:33:04.316,15367,15368,15368,1,1
2022-06-21 15:33:04.460,15367,15369,15367,1,-1
2022-06-21 15:33:06.793,15367,15369,15369,4,4
2022-06-21 15:33:07.571,15367,15369,15369,4,4
2022-06-21 15:33:08.373,15368,15370,15368,1,-1
2022-06-21 15:33:09.636,15368,15370,15368,2,-2
2022-06-21 15:33:09.811,15368,15370,15370,4,4
2022-06-21 15:33:11.017,15368,15370,15368,1,-1
2022-06-21 15:33:11.299,15368,15370,15368,1,-1
2022-06-21 15:33:11.325,15368,15370,15370,4,4
2022-06-21 15:33:11.538,15368,15370,15368,1,-1
2022-06-21 15:33:13.128,15367,15369,15369,2,2
2022-06-21 15:33:19.569,15367,15368,15367,4,-4
2022-06-21 15:33:19.826,15366,15368,15366,1,-1
2022-06-21 15:33:20.379,15366,15368,15366,1,-1
2022-06-21 15:33:21.136,15366,15368,15368,1,1
2022-06-21 15:33:22.162,15366,15368,15366,1,-1
2022-06-21 15:33:22.163,15366,15368,15366,27,-27
2022-06-21 15:33:22.164,15366,15368,15365,2,-2
2022-06-21 15:33:22.779,15365,15366,15365,5,-5
2022-06-21 15:33:26.584,15365,15366,15365,1,-1
2022-06-21 15:33:26.798,15364,15366,15366,2,2
2022-06-21 15:33:28.802,15364,15365,15365,1,1
2022-06-21 15:33:28.802,15364,15365,15366,1,1
2022-06-21 15:33:32.889,15364,15366,15367,1,1
2022-06-21 15:33:38.651,15366,15367,15367,4,4
2022-06-21 15:33:38.652,15366,15367,15367,1,1
2022-06-21 15:33:38.652,15366,15367,15367,1,1
2022-06-21 15:33:41.254,15367,15369,15367,1,-1
2022-06-21 15:33:46.138,15367,15368,15366,1,-1
2022-06-21 15:33:46.183,15367,15368,15367,1,-1
2022-06-21 15:33:46.184,15367,15368,15367,1,-1
2022-06-21 15:33:46.184,15367,15368,15367,1,-1
2022-06-21 15:33:46.270,15366,15368,15366,1,-1
2022-06-21 15:33:56.169,15367,15368,15367,1,-1
2022-06-21 15:33:56.381,15367,15368,15367,1,-1
2022-06-21 15:33:56.381,15367,15368,15367,6,-6
2022-06-21 15:33:57.290,15366,15368,15368,1,1
2022-06-21 15:33:57.320,15366,15368,15366,1,-1
2022-06-21 15:33:57.320,15366,15368,15366,3,-3
2022-06-21 15:33:57.320,15366,15368,15366,1,-1
2022-06-21 15:33:57.321,15366,15368,15366,1,-1
2022-06-21 15:33:57.321,15366,15368,15366,2,-2
2022-06-21 15:33:57.325,15366,15368,15366,1,-1
2022-06-21 15:33:57.325,15366,15368,15366,1,-1
2022-06-21 15:33:57.325,15366,15368,15366,2,-2
2022-06-21 15:33:57.325,15366,15368,15366,2,-2
2022-06-21 15:33:57.325,15366,15368,15366,1,-1
2022-06-21 15:33:57.325,15366,15368,15366,4,-4
2022-06-21 15:33:57.325,15366,15368,15366,1,-1
2022-06-21 15:33:57.325,15366,15368,15366,1,-1
2022-06-21 15:33:57.325,15366,15368,15366,1,-1
2022-06-21 15:33:57.325,15366,15368,15366,9,-9
2022-06-21 15:33:57.775,15365,15366,15366,1,1
2022-06-21 15:33:59.652,15365,15366,15366,1,1
2022-06-21 15:33:59.709,15365,15367,15367,5,5
2022-06-21 15:34:01.337,15366,15368,15366,1,-1
2022-06-21 15:34:01.337,15366,15368,15365,3,-3
2022-06-21 15:34:01.654,15365,15367,15365,4,-4
2022-06-21 15:34:02.702,15366,15367,15366,1,-1
2022-06-21 15:34:02.938,15366,15367,15366,1,-1
2022-06-21 15:34:04.729,15366,15368,15366,1,-1
2022-06-21 15:34:05.261,15366,15368,15366,1,-1
2022-06-21 15:34:08.822,15366,15367,15366,1,-1
2022-06-21 15:34:09.718,15366,15367,15367,1,1
2022-06-21 15:34:09.941,15367,15368,15367,1,-1
2022-06-21 15:34:12.552,15367,15368,15367,1,-1
2022-06-21 15:34:13.143,15367,15368,15368,3,3
2022-06-21 15:34:16.539,15366,15368,15366,3,-3
2022-06-21 15:34:16.736,15366,15367,15367,2,2
2022-06-21 15:34:19.132,15366,15367,15366,5,-5
2022-06-21 15:34:19.132,15366,15367,15366,1,-1
2022-06-21 15:34:20.148,15364,15366,15366,1,1
2022-06-21 15:34:25.304,15364,15365,15365,1,1
2022-06-21 15:34:28.344,15364,15365,15364,1,-1
2022-06-21 15:34:28.564,15364,15365,15364,3,-3
2022-06-21 15:34:30.208,15364,15365,15365,2,2
2022-06-21 15:34:32.538,15364,15365,15365,3,3
2022-06-21 15:34:35.149,15365,15366,15366,2,2
2022-06-21 15:34:37.005,15366,15367,15366,1,-1
2022-06-21 15:34:37.005,15366,15367,15365,14,-14
2022-06-21 15:34:37.006,15366,15367,15365,10,-10
2022-06-21 15:34:37.007,15366,15367,15365,1,-1
2022-06-21 15:34:42.812,15366,15367,15367,2,2
2022-06-21 15:34:42.812,15366,15367,15367,1,1
2022-06-21 15:34:42.936,15366,15368,15366,1,-1
2022-06-21 15:34:44.264,15366,15368,15368,5,5
2022-06-21 15:34:44.448,15367,15368,15367,1,-1
2022-06-21 15:34:46.561,15367,15368,15368,2,2
2022-06-21 15:34:46.562,15367,15368,15368,1,1
2022-06-21 15:34:46.562,15367,15368,15368,1,1
2022-06-21 15:34:46.562,15367,15368,15368,4,4
2022-06-21 15:34:46.562,15367,15368,15368,1,1
2022-06-21 15:34:47.117,15368,15369,15369,2,2
2022-06-21 15:34:51.030,15367,15369,15369,1,1
2022-06-21 15:34:51.801,15367,15368,15368,1,1
2022-06-21 15:34:52.785,15367,15369,15369,2,2
2022-06-21 15:34:57.877,15367,15369,15369,3,3
2022-06-21 15:34:58.038,15367,15369,15369,1,1
2022-06-21 15:34:59.538,15367,15369,15369,1,1
2022-06-21 15:35:02.229,15367,15369,15369,1,1
2022-06-21 15:35:02.547,15367,15369,15369,1,1
2022-06-21 15:35:05.744,15368,15369,15369,2,2
2022-06-21 15:35:08.926,15368,15370,15369,1,1
2022-06-21 15:35:09.044,15368,15369,15368,1,-1
2022-06-21 15:35:14.203,15368,15369,15368,1,-1
2022-06-21 15:35:19.189,15368,15369,15369,3,3
2022-06-21 15:35:24.911,15368,15369,15369,1,1
2022-06-21 15:35:27.744,15368,15369,15368,1,-1
2022-06-21 15:35:28.958,15368,15369,15368,1,-1
2022-06-21 15:35:30.909,15368,15369,15368,2,-2
2022-06-21 15:35:30.909,15368,15369,15368,1,-1
2022-06-21 15:35:30.909,15368,15369,15368,4,-4
2022-06-21 15:35:30.917,15368,15369,15368,1,-1
2022-06-21 15:35:31.190,15367,15368,15367,1,-1
2022-06-21 15:35:32.462,15367,15368,15368,1,1
2022-06-21 15:35:36.839,15367,15368,15368,1,1
2022-06-21 15:35:47.491,15368,15369,15368,1,-1
2022-06-21 15:35:48.732,15367,15368,15368,1,1
2022-06-21 15:35:48.997,15368,15369,15368,1,-1
2022-06-21 15:35:52.202,15367,15368,15368,1,1
2022-06-21 15:35:54.322,15367,15368,15368,1,1
2022-06-21 15:36:00.192,15367,15368,15368,1,1
2022-06-21 15:36:00.532,15367,15368,15368,2,2
2022-06-21 15:36:00.532,15367,15368,15368,5,5
2022-06-21 15:36:00.574,15368,15369,15369,1,1
2022-06-21 15:36:00.603,15368,15369,15369,1,1
2022-06-21 15:36:00.629,15368,15369,15369,1,1
2022-06-21 15:36:00.702,15368,15369,15369,2,2
2022-06-21 15:36:00.708,15368,15369,15369,1,1
2022-06-21 15:36:00.714,15368,15369,15369,1,1
2022-06-21 15:36:00.715,15368,15369,15369,3,3
2022-06-21 15:36:00.715,15368,15369,15369,1,1
2022-06-21 15:36:00.715,15368,15369,15369,3,3
2022-06-21 15:36:00.715,15368,15369,15369,5,5
2022-06-21 15:36:00.715,15368,15369,15369,1,1
2022-06-21 15:36:00.715,15368,15369,15369,1,1
2022-06-21 15:36:00.715,15368,15369,15369,1,1
2022-06-21 15:36:00.742,15368,15369,15370,1,1
2022-06-21 15:36:00.779,15368,15369,15369,1,1
2022-06-21 15:36:04.948,15369,15370,15370,4,4
2022-06-21 15:36:05.475,15369,15370,15370,2,2
2022-06-21 15:36:05.481,15369,15370,15370,2,2
2022-06-21 15:36:05.584,15369,15371,15371,2,2
2022-06-21 15:36:05.589,15369,15371,15371,2,2
2022-06-21 15:36:05.780,15369,15371,15371,1,1
2022-06-21 15:36:14.611,15369,15370,15370,2,2
2022-06-21 15:36:15.151,15369,15370,15370,2,2
2022-06-21 15:36:17.138,15369,15370,15370,2,2
2022-06-21 15:36:20.052,15370,15371,15370,2,-2
2022-06-21 15:36:20.199,15370,15371,15371,1,1
2022-06-21 15:36:21.140,15370,15371,15370,1,-1
2022-06-21 15:36:21.142,15370,15371,15370,1,-1
2022-06-21 15:36:21.211,15369,15370,15369,1,-1
2022-06-21 15:36:21.533,15369,15370,15369,1,-1
2022-06-21 15:36:21.548,15369,15370,15369,1,-1
2022-06-21 15:36:21.578,15369,15370,15369,1,-1
2022-06-21 15:36:21.811,15369,15370,15370,1,1
2022-06-21 15:36:23.789,15370,15371,15370,1,-1
2022-06-21 15:36:25.477,15370,15371,15370,2,-2
2022-06-21 15:36:25.515,15370,15371,15370,2,-2
2022-06-21 15:36:25.515,15370,15371,15370,4,-4
2022-06-21 15:36:31.975,15370,15371,15371,2,2
2022-06-21 15:36:37.569,15370,15371,15371,2,2
2022-06-21 15:36:37.569,15370,15371,15371,1,1
2022-06-21 15:36:37.570,15370,15371,15371,2,2
2022-06-21 15:36:37.572,15370,15371,15371,4,4
2022-06-21 15:36:37.746,15370,15372,15370,1,-1
2022-06-21 15:36:41.176,15371,15372,15371,1,-1
2022-06-21 15:36:43.238,15370,15372,15370,1,-1
2022-06-21 15:36:44.133,15370,15372,15372,1,1
2022-06-21 15:36:48.972,15371,15372,15372,1,1
2022-06-21 15:36:49.921,15371,15372,15372,1,1
