2023-06-12 15:00:00,16948,16948,16948,78,0
2023-06-12 15:00:00,16947,16947,16947,2,-2
2023-06-12 15:00:00,16946,16946,16946,2,-2
2023-06-12 15:00:00,16946,16946,16946,2,0
2023-06-12 15:00:00,16946,16946,16946,8,0
2023-06-12 15:00:00,16948,16948,16948,2,2
2023-06-12 15:00:00,16948,16948,16948,2,0
2023-06-12 15:00:00,16949,16949,16949,2,2
2023-06-12 15:00:00,16950,16950,16950,4,4
2023-06-12 15:00:00,16951,16951,16951,2,2
2023-06-12 15:00:00,16951,16951,16951,2,0
2023-06-12 15:00:00,16951,16951,16951,2,0
2023-06-12 15:00:00,16952,16952,16952,2,2
2023-06-12 15:00:00,16952,16952,16952,8,0
2023-06-12 15:00:00,16952,16952,16952,2,0
2023-06-12 15:00:00,16954,16954,16954,2,2
2023-06-12 15:00:00,16954,16954,16954,4,0
2023-06-12 15:00:00,16954,16954,16954,6,0
2023-06-12 15:00:00,16955,16955,16955,2,2
2023-06-12 15:00:00,16950,16950,16950,2,-2
2023-06-12 15:00:00,16955,16955,16955,2,2
2023-06-12 15:00:00,16955,16955,16955,4,0
2023-06-12 15:00:00,16955,16955,16955,2,0
2023-06-12 15:00:01,16950,16950,16950,8,-8
2023-06-12 15:00:01,16951,16951,16951,2,2
2023-06-12 15:00:01,16951,16951,16951,2,0
2023-06-12 15:00:01,16949,16949,16949,2,-2
2023-06-12 15:00:01,16949,16949,16949,2,0
2023-06-12 15:00:01,16950,16950,16950,2,2
2023-06-12 15:00:01,16947,16947,16947,2,-2
2023-06-12 15:00:02,16947,16947,16947,2,0
2023-06-12 15:00:02,16947,16947,16947,2,0
2023-06-12 15:00:02,16948,16948,16948,2,2
2023-06-12 15:00:04,16948,16948,16948,2,0
2023-06-12 15:00:04,16947,16947,16947,2,-2
2023-06-12 15:00:05,16947,16947,16947,2,0
2023-06-12 15:00:05,16946,16946,16946,2,-2
2023-06-12 15:00:05,16946,16946,16946,4,0
2023-06-12 15:00:05,16948,16948,16948,2,2
2023-06-12 15:00:06,16949,16949,16949,2,2
2023-06-12 15:00:06,16949,16949,16949,4,0
2023-06-12 15:00:06,16949,16949,16949,4,0
2023-06-12 15:00:07,16948,16948,16948,2,-2
2023-06-12 15:00:07,16947,16947,16947,2,-2
2023-06-12 15:00:07,16947,16947,16947,2,0
2023-06-12 15:00:07,16949,16949,16949,2,2
2023-06-12 15:00:07,16949,16949,16949,14,0
2023-06-12 15:00:08,16949,16949,16949,2,0
2023-06-12 15:00:09,16948,16948,16948,4,-4
2023-06-12 15:00:10,16949,16949,16949,4,4
2023-06-12 15:00:11,16948,16948,16948,2,-2
2023-06-12 15:00:11,16949,16949,16949,2,2
2023-06-12 15:00:12,16949,16949,16949,2,0
2023-06-12 15:00:13,16949,16949,16949,2,0
2023-06-12 15:00:14,16950,16950,16950,4,4
2023-06-12 15:00:14,16949,16949,16949,2,-2
2023-06-12 15:00:15,16949,16949,16949,2,0
2023-06-12 15:00:17,16948,16948,16948,2,-2
2023-06-12 15:00:17,16948,16948,16948,4,0
2023-06-12 15:00:17,16948,16948,16948,2,0
2023-06-12 15:00:17,16948,16948,16948,12,0
2023-06-12 15:00:17,16948,16948,16948,2,0
2023-06-12 15:00:17,16948,16948,16948,4,0
2023-06-12 15:00:17,16948,16948,16948,6,0
2023-06-12 15:00:17,16948,16948,16948,4,0
2023-06-12 15:00:17,16948,16948,16948,2,0
2023-06-12 15:00:17,16948,16948,16948,2,0
2023-06-12 15:00:20,16947,16947,16947,8,-8
2023-06-12 15:00:20,16946,16946,16946,2,-2
2023-06-12 15:00:20,16946,16946,16946,4,0
2023-06-12 15:00:24,16945,16945,16945,2,-2
2023-06-12 15:00:29,16947,16947,16947,4,4
2023-06-12 15:00:29,16946,16946,16946,2,-2
2023-06-12 15:00:29,16946,16946,16946,2,0
2023-06-12 15:00:29,16946,16946,16946,2,0
2023-06-12 15:00:33,16945,16945,16945,2,-2
2023-06-12 15:00:33,16945,16945,16945,2,0
2023-06-12 15:00:33,16946,16946,16946,2,2
2023-06-12 15:00:35,16946,16946,16946,2,0
2023-06-12 15:00:36,16946,16946,16946,2,0
2023-06-12 15:00:36,16947,16947,16947,2,2
2023-06-12 15:00:39,16946,16946,16946,2,-2
2023-06-12 15:00:39,16946,16946,16946,2,0
2023-06-12 15:00:39,16947,16947,16947,2,2
2023-06-12 15:00:41,16946,16946,16946,2,-2
2023-06-12 15:00:42,16946,16946,16946,4,0
2023-06-12 15:00:42,16947,16947,16947,10,10
2023-06-12 15:00:42,16947,16947,16947,2,0
2023-06-12 15:00:44,16948,16948,16948,12,12
2023-06-12 15:00:44,16947,16947,16947,2,-2
2023-06-12 15:00:47,16948,16948,16948,4,4
2023-06-12 15:00:50,16949,16949,16949,24,24
2023-06-12 15:00:50,16950,16950,16950,26,26
2023-06-12 15:00:50,16949,16949,16949,2,-2
2023-06-12 15:00:50,16950,16950,16950,2,2
2023-06-12 15:00:50,16949,16949,16949,2,-2
2023-06-12 15:00:51,16950,16950,16950,2,2
2023-06-12 15:00:51,16950,16950,16950,2,0
2023-06-12 15:00:51,16950,16950,16950,8,0
2023-06-12 15:00:53,16951,16951,16951,2,2
2023-06-12 15:00:53,16951,16951,16951,12,0
2023-06-12 15:00:53,16951,16951,16951,2,0
2023-06-12 15:00:54,16950,16950,16950,2,-2
2023-06-12 15:00:55,16950,16950,16950,2,0
2023-06-12 15:00:55,16950,16950,16950,2,0
2023-06-12 15:00:55,16950,16950,16950,4,0
2023-06-12 15:00:56,16951,16951,16951,4,4
2023-06-12 15:00:56,16951,16951,16951,6,0
2023-06-12 15:00:57,16952,16952,16952,2,2
2023-06-12 15:00:57,16952,16952,16952,2,0
2023-06-12 15:00:58,16951,16951,16951,2,-2
2023-06-12 15:00:58,16951,16951,16951,2,0
2023-06-12 15:00:58,16951,16951,16951,2,0
2023-06-12 15:00:59,16951,16951,16951,10,0
2023-06-12 15:01:00,16951,16951,16951,4,0
2023-06-12 15:01:00,16951,16951,16951,2,0
2023-06-12 15:01:00,16952,16952,16952,4,4
2023-06-12 15:01:00,16952,16952,16952,4,0
2023-06-12 15:01:00,16952,16952,16952,2,0
2023-06-12 15:01:00,16952,16952,16952,2,0
2023-06-12 15:01:03,16952,16952,16952,2,0
2023-06-12 15:01:03,16952,16952,16952,2,0
2023-06-12 15:01:03,16952,16952,16952,2,0
2023-06-12 15:01:05,16951,16951,16951,2,-2
2023-06-12 15:01:06,16951,16951,16951,2,0
2023-06-12 15:01:06,16951,16951,16951,2,0
2023-06-12 15:01:06,16950,16950,16950,2,-2
2023-06-12 15:01:06,16950,16950,16950,2,0
2023-06-12 15:01:06,16950,16950,16950,2,0
2023-06-12 15:01:06,16950,16950,16950,4,0
2023-06-12 15:01:06,16950,16950,16950,2,0
2023-06-12 15:01:06,16952,16952,16952,6,6
2023-06-12 15:01:07,16950,16950,16950,2,-2
2023-06-12 15:01:08,16952,16952,16952,2,2
2023-06-12 15:01:08,16952,16952,16952,2,0
2023-06-12 15:01:12,16952,16952,16952,2,0
2023-06-12 15:01:12,16952,16952,16952,2,0
2023-06-12 15:01:13,16951,16951,16951,4,-4
2023-06-12 15:01:13,16952,16952,16952,2,2
2023-06-12 15:01:13,16952,16952,16952,2,0
2023-06-12 15:01:19,16952,16952,16952,2,0
2023-06-12 15:01:19,16951,16951,16951,2,-2
2023-06-12 15:01:20,16950,16950,16950,2,-2
2023-06-12 15:01:20,16951,16951,16951,2,2
2023-06-12 15:01:20,16952,16952,16952,2,2
2023-06-12 15:01:20,16950,16950,16950,2,-2
2023-06-12 15:01:22,16950,16950,16950,2,0
2023-06-12 15:01:23,16950,16950,16950,2,0
2023-06-12 15:01:23,16950,16950,16950,8,0
2023-06-12 15:01:23,16950,16950,16950,2,0
2023-06-12 15:01:23,16950,16950,16950,2,0
2023-06-12 15:01:23,16950,16950,16950,2,0
2023-06-12 15:01:23,16950,16950,16950,2,0
2023-06-12 15:01:23,16950,16950,16950,2,0
2023-06-12 15:01:23,16950,16950,16950,4,0
2023-06-12 15:01:23,16950,16950,16950,2,0
2023-06-12 15:01:24,16950,16950,16950,2,0
2023-06-12 15:01:25,16950,16950,16950,2,0
2023-06-12 15:01:26,16948,16948,16948,2,-2
2023-06-12 15:01:29,16947,16947,16947,2,-2
2023-06-12 15:01:29,16947,16947,16947,2,0
2023-06-12 15:01:29,16949,16949,16949,2,2
2023-06-12 15:01:31,16948,16948,16948,2,-2
2023-06-12 15:01:33,16947,16947,16947,2,-2
2023-06-12 15:01:34,16948,16948,16948,2,2
2023-06-12 15:01:35,16949,16949,16949,2,2
2023-06-12 15:01:36,16948,16948,16948,2,-2
2023-06-12 15:01:37,16948,16948,16948,2,0
2023-06-12 15:01:37,16948,16948,16948,2,0
2023-06-12 15:01:39,16949,16949,16949,6,6
2023-06-12 15:01:39,16950,16950,16950,2,2
2023-06-12 15:01:40,16950,16950,16950,2,0
2023-06-12 15:01:40,16950,16950,16950,4,0
2023-06-12 15:01:43,16950,16950,16950,2,0
2023-06-12 15:01:48,16951,16951,16951,18,18
2023-06-12 15:01:48,16952,16952,16952,4,4
2023-06-12 15:01:48,16952,16952,16952,4,0
2023-06-12 15:01:48,16952,16952,16952,10,0
2023-06-12 15:01:48,16953,16953,16953,2,2
2023-06-12 15:01:48,16953,16953,16953,2,0
2023-06-12 15:01:49,16953,16953,16953,2,0
2023-06-12 15:01:50,16952,16952,16952,2,-2
2023-06-12 15:01:53,16951,16951,16951,2,-2
2023-06-12 15:01:54,16952,16952,16952,8,8
2023-06-12 15:01:56,16953,16953,16953,2,2
2023-06-12 15:01:58,16952,16952,16952,2,-2
2023-06-12 15:01:58,16952,16952,16952,2,0
2023-06-12 15:01:58,16952,16952,16952,2,0
2023-06-12 15:01:58,16952,16952,16952,2,0
2023-06-12 15:01:58,16952,16952,16952,2,0
2023-06-12 15:02:00,16952,16952,16952,2,0
2023-06-12 15:02:00,16951,16951,16951,2,-2
2023-06-12 15:02:00,16951,16951,16951,2,0
2023-06-12 15:02:00,16951,16951,16951,2,0
2023-06-12 15:02:01,16951,16951,16951,2,0
2023-06-12 15:02:01,16951,16951,16951,2,0
2023-06-12 15:02:02,16951,16951,16951,2,0
2023-06-12 15:02:03,16951,16951,16951,2,0
2023-06-12 15:02:05,16951,16951,16951,6,0
2023-06-12 15:02:08,16950,16950,16950,2,-2
2023-06-12 15:02:08,16950,16950,16950,2,0
2023-06-12 15:02:08,16950,16950,16950,2,0
2023-06-12 15:02:10,16951,16951,16951,2,2
2023-06-12 15:02:12,16951,16951,16951,4,0
2023-06-12 15:02:16,16951,16951,16951,6,0
2023-06-12 15:02:22,16951,16951,16951,4,0
2023-06-12 15:02:22,16950,16950,16950,2,-2
2023-06-12 15:02:23,16950,16950,16950,2,0
2023-06-12 15:02:23,16950,16950,16950,2,0
2023-06-12 15:02:25,16950,16950,16950,2,0
2023-06-12 15:02:26,16951,16951,16951,14,14
2023-06-12 15:02:26,16951,16951,16951,4,0
2023-06-12 15:02:28,16951,16951,16951,2,0
2023-06-12 15:02:32,16951,16951,16951,4,0
2023-06-12 15:02:33,16952,16952,16952,2,2
2023-06-12 15:02:36,16951,16951,16951,2,-2
2023-06-12 15:02:38,16951,16951,16951,2,0
2023-06-12 15:02:40,16952,16952,16952,2,2
2023-06-12 15:02:40,16951,16951,16951,2,-2
2023-06-12 15:02:47,16951,16951,16951,4,0
2023-06-12 15:02:52,16950,16950,16950,2,-2
2023-06-12 15:02:52,16950,16950,16950,2,0
2023-06-12 15:02:52,16950,16950,16950,2,0
2023-06-12 15:02:52,16950,16950,16950,2,0
2023-06-12 15:02:55,16949,16949,16949,2,-2
2023-06-12 15:02:55,16949,16949,16949,2,0
2023-06-12 15:02:55,16949,16949,16949,2,0
2023-06-12 15:02:55,16949,16949,16949,2,0
2023-06-12 15:02:58,16948,16948,16948,2,-2
2023-06-12 15:03:01,16949,16949,16949,2,2
2023-06-12 15:03:10,16949,16949,16949,8,0
2023-06-12 15:03:13,16948,16948,16948,2,-2
2023-06-12 15:03:16,16949,16949,16949,2,2
2023-06-12 15:03:19,16948,16948,16948,2,-2
2023-06-12 15:03:19,16948,16948,16948,2,0
2023-06-12 15:03:19,16948,16948,16948,2,0
2023-06-12 15:03:19,16948,16948,16948,2,0
2023-06-12 15:03:19,16948,16948,16948,2,0
2023-06-12 15:03:19,16948,16948,16948,2,0
2023-06-12 15:03:19,16948,16948,16948,2,0
2023-06-12 15:03:20,16948,16948,16948,2,0
2023-06-12 15:03:23,16947,16947,16947,2,-2
2023-06-12 15:03:23,16947,16947,16947,2,0
2023-06-12 15:03:23,16947,16947,16947,2,0
2023-06-12 15:03:24,16946,16946,16946,2,-2
2023-06-12 15:03:25,16946,16946,16946,2,0
2023-06-12 15:03:29,16947,16947,16947,2,2
2023-06-12 15:03:30,16946,16946,16946,2,-2
2023-06-12 15:03:34,16946,16946,16946,2,0
2023-06-12 15:03:36,16946,16946,16946,2,0
2023-06-12 15:03:54,16946,16946,16946,2,0
2023-06-12 15:03:57,16946,16946,16946,2,0
2023-06-12 15:03:59,16947,16947,16947,2,2
2023-06-12 15:04:01,16947,16947,16947,2,0
2023-06-12 15:04:02,16947,16947,16947,2,0
2023-06-12 15:04:02,16947,16947,16947,2,0
2023-06-12 15:04:09,16946,16946,16946,2,-2
2023-06-12 15:04:13,16947,16947,16947,2,2
2023-06-12 15:04:13,16947,16947,16947,4,0
2023-06-12 15:04:14,16948,16948,16948,12,12
2023-06-12 15:04:16,16949,16949,16949,2,2
2023-06-12 15:04:17,16949,16949,16949,2,0
2023-06-12 15:04:17,16950,16950,16950,2,2
2023-06-12 15:04:24,16950,16950,16950,2,0
2023-06-12 15:04:24,16950,16950,16950,6,0
2023-06-12 15:04:24,16950,16950,16950,2,0
2023-06-12 15:04:24,16950,16950,16950,2,0
2023-06-12 15:04:24,16950,16950,16950,2,0
2023-06-12 15:04:24,16951,16951,16951,2,2
2023-06-12 15:04:24,16952,16952,16952,2,2
2023-06-12 15:04:31,16952,16952,16952,2,0
2023-06-12 15:04:31,16952,16952,16952,14,0
2023-06-12 15:04:35,16953,16953,16953,2,2
2023-06-12 15:04:42,16953,16953,16953,2,0
2023-06-12 15:04:42,16953,16953,16953,2,0
2023-06-12 15:04:42,16953,16953,16953,6,0
2023-06-12 15:04:42,16953,16953,16953,4,0
2023-06-12 15:04:42,16954,16954,16954,2,2
2023-06-12 15:04:44,16954,16954,16954,2,0
2023-06-12 15:04:49,16955,16955,16955,2,2
2023-06-12 15:04:50,16954,16954,16954,2,-2
2023-06-12 15:04:50,16954,16954,16954,2,0
2023-06-12 15:04:55,16953,16953,16953,2,-2
2023-06-12 15:05:00,16955,16955,16955,20,20
2023-06-12 15:05:01,16956,16956,16956,10,10
2023-06-12 15:05:01,16954,16954,16954,2,-2
2023-06-12 15:05:02,16956,16956,16956,2,2
2023-06-12 15:05:04,16955,16955,16955,4,-4
2023-06-12 15:05:11,16956,16956,16956,2,2
2023-06-12 15:05:11,16956,16956,16956,2,0
2023-06-12 15:05:15,16957,16957,16957,2,2
2023-06-12 15:05:15,16957,16957,16957,6,0
2023-06-12 15:05:15,16957,16957,16957,2,0
2023-06-12 15:05:15,16957,16957,16957,2,0
2023-06-12 15:05:15,16957,16957,16957,2,0
2023-06-12 15:05:16,16957,16957,16957,2,0
2023-06-12 15:05:16,16957,16957,16957,2,0
2023-06-12 15:05:17,16957,16957,16957,4,0
2023-06-12 15:05:17,16957,16957,16957,4,0
2023-06-12 15:05:18,16957,16957,16957,6,0
2023-06-12 15:05:19,16957,16957,16957,4,0
2023-06-12 15:05:20,16957,16957,16957,2,0
2023-06-12 15:05:24,16957,16957,16957,2,0
2023-06-12 15:05:24,16958,16958,16958,12,12
2023-06-12 15:05:24,16958,16958,16958,2,0
2023-06-12 15:05:24,16958,16958,16958,2,0
2023-06-12 15:05:24,16959,16959,16959,4,4
2023-06-12 15:05:24,16959,16959,16959,6,0
2023-06-12 15:05:26,16959,16959,16959,2,0
2023-06-12 15:05:26,16958,16958,16958,2,-2
2023-06-12 15:05:27,16957,16957,16957,4,-4
2023-06-12 15:05:27,16957,16957,16957,4,0
2023-06-12 15:05:27,16957,16957,16957,2,0
2023-06-12 15:05:28,16957,16957,16957,2,0
2023-06-12 15:05:29,16957,16957,16957,2,0
2023-06-12 15:05:29,16958,16958,16958,2,2
2023-06-12 15:05:30,16958,16958,16958,2,0
2023-06-12 15:05:32,16958,16958,16958,2,0
2023-06-12 15:05:32,16958,16958,16958,4,0
2023-06-12 15:05:32,16958,16958,16958,2,0
2023-06-12 15:05:34,16957,16957,16957,2,-2
2023-06-12 15:05:35,16957,16957,16957,8,0
2023-06-12 15:05:35,16957,16957,16957,2,0
2023-06-12 15:05:38,16957,16957,16957,4,0
2023-06-12 15:05:39,16956,16956,16956,2,-2
2023-06-12 15:05:39,16956,16956,16956,2,0
2023-06-12 15:05:39,16956,16956,16956,4,0
2023-06-12 15:05:39,16956,16956,16956,16,0
2023-06-12 15:05:39,16956,16956,16956,2,0
2023-06-12 15:05:39,16956,16956,16956,2,0
2023-06-12 15:05:39,16956,16956,16956,2,0
2023-06-12 15:05:39,16956,16956,16956,2,0
2023-06-12 15:05:44,16956,16956,16956,2,0
2023-06-12 15:05:45,16955,16955,16955,2,-2
2023-06-12 15:05:45,16955,16955,16955,2,0
2023-06-12 15:05:45,16955,16955,16955,2,0
2023-06-12 15:05:45,16955,16955,16955,4,0
2023-06-12 15:05:53,16954,16954,16954,2,-2
2023-06-12 15:05:53,16954,16954,16954,2,0
2023-06-12 15:05:53,16954,16954,16954,2,0
2023-06-12 15:05:55,16954,16954,16954,6,0
2023-06-12 15:05:56,16952,16952,16952,2,-2
2023-06-12 15:05:59,16952,16952,16952,2,0
2023-06-12 15:06:01,16952,16952,16952,2,0
2023-06-12 15:06:01,16952,16952,16952,2,0
2023-06-12 15:06:09,16952,16952,16952,2,0
2023-06-12 15:06:10,16951,16951,16951,4,-4
2023-06-12 15:06:10,16951,16951,16951,4,0
2023-06-12 15:06:10,16951,16951,16951,2,0
2023-06-12 15:06:10,16950,16950,16950,2,-2
2023-06-12 15:06:10,16950,16950,16950,2,0
2023-06-12 15:06:10,16950,16950,16950,2,0
2023-06-12 15:06:10,16950,16950,16950,2,0
2023-06-12 15:06:10,16950,16950,16950,2,0
2023-06-12 15:06:10,16950,16950,16950,2,0
2023-06-12 15:06:10,16951,16951,16951,2,2
2023-06-12 15:06:15,16950,16950,16950,2,-2
2023-06-12 15:06:15,16950,16950,16950,2,0
2023-06-12 15:06:15,16950,16950,16950,2,0
2023-06-12 15:06:15,16950,16950,16950,2,0
2023-06-12 15:06:15,16950,16950,16950,2,0
2023-06-12 15:06:16,16949,16949,16949,2,-2
2023-06-12 15:06:16,16949,16949,16949,2,0
2023-06-12 15:06:17,16949,16949,16949,2,0
2023-06-12 15:06:19,16950,16950,16950,2,2
2023-06-12 15:06:20,16949,16949,16949,2,-2
2023-06-12 15:06:23,16948,16948,16948,2,-2
2023-06-12 15:06:23,16948,16948,16948,2,0
2023-06-12 15:06:27,16949,16949,16949,2,2
2023-06-12 15:06:28,16948,16948,16948,6,-6
2023-06-12 15:06:28,16948,16948,16948,2,0
2023-06-12 15:06:28,16948,16948,16948,2,0
2023-06-12 15:06:29,16948,16948,16948,2,0
2023-06-12 15:06:32,16947,16947,16947,2,-2
2023-06-12 15:06:33,16947,16947,16947,2,0
2023-06-12 15:06:33,16947,16947,16947,2,0
2023-06-12 15:06:33,16947,16947,16947,2,0
2023-06-12 15:06:33,16947,16947,16947,2,0
2023-06-12 15:06:38,16947,16947,16947,2,0
2023-06-12 15:06:38,16947,16947,16947,2,0
2023-06-12 15:06:40,16947,16947,16947,2,0
2023-06-12 15:06:40,16947,16947,16947,2,0
2023-06-12 15:06:40,16947,16947,16947,2,0
2023-06-12 15:06:41,16947,16947,16947,2,0
2023-06-12 15:06:42,16947,16947,16947,2,0
2023-06-12 15:06:42,16948,16948,16948,2,2
2023-06-12 15:06:46,16948,16948,16948,2,0
2023-06-12 15:06:46,16948,16948,16948,4,0
2023-06-12 15:06:46,16948,16948,16948,2,0
2023-06-12 15:06:51,16949,16949,16949,2,2
2023-06-12 15:06:51,16949,16949,16949,2,0
2023-06-12 15:06:52,16949,16949,16949,2,0
2023-06-12 15:06:52,16949,16949,16949,2,0
2023-06-12 15:06:52,16950,16950,16950,2,2
2023-06-12 15:06:54,16950,16950,16950,2,0
2023-06-12 15:07:06,16951,16951,16951,2,2
2023-06-12 15:07:11,16951,16951,16951,2,0
2023-06-12 15:07:13,16951,16951,16951,2,0
2023-06-12 15:07:13,16951,16951,16951,2,0
2023-06-12 15:07:13,16951,16951,16951,2,0
2023-06-12 15:07:22,16953,16953,16953,2,2
2023-06-12 15:07:27,16953,16953,16953,8,0
2023-06-12 15:07:29,16954,16954,16954,4,4
2023-06-12 15:07:29,16954,16954,16954,2,0
2023-06-12 15:07:29,16954,16954,16954,2,0
2023-06-12 15:07:30,16953,16953,16953,2,-2
2023-06-12 15:07:39,16953,16953,16953,22,0
2023-06-12 15:07:39,16953,16953,16953,10,0
2023-06-12 15:07:49,16954,16954,16954,2,2
2023-06-12 15:07:52,16954,16954,16954,4,0
2023-06-12 15:07:53,16954,16954,16954,4,0
2023-06-12 15:08:02,16955,16955,16955,4,4
2023-06-12 15:08:03,16954,16954,16954,2,-2
2023-06-12 15:08:07,16955,16955,16955,4,4
2023-06-12 15:08:07,16955,16955,16955,6,0
2023-06-12 15:08:08,16956,16956,16956,2,2
2023-06-12 15:08:09,16956,16956,16956,2,0
2023-06-12 15:08:09,16956,16956,16956,2,0
2023-06-12 15:08:09,16956,16956,16956,2,0
2023-06-12 15:08:09,16956,16956,16956,2,0
2023-06-12 15:08:22,16956,16956,16956,2,0
2023-06-12 15:08:24,16955,16955,16955,2,-2
2023-06-12 15:08:36,16955,16955,16955,8,0
2023-06-12 15:08:36,16955,16955,16955,2,0
2023-06-12 15:08:36,16955,16955,16955,4,0
2023-06-12 15:08:48,16954,16954,16954,4,-4
2023-06-12 15:08:56,16954,16954,16954,2,0
2023-06-12 15:08:56,16954,16954,16954,4,0
2023-06-12 15:08:56,16954,16954,16954,2,0
2023-06-12 15:08:56,16954,16954,16954,2,0
2023-06-12 15:08:56,16954,16954,16954,4,0
2023-06-12 15:09:03,16953,16953,16953,2,-2
2023-06-12 15:09:06,16954,16954,16954,6,6
2023-06-12 15:09:08,16954,16954,16954,2,0
2023-06-12 15:09:10,16953,16953,16953,2,-2
2023-06-12 15:09:25,16952,16952,16952,2,-2
2023-06-12 15:09:26,16953,16953,16953,10,10
2023-06-12 15:09:28,16951,16951,16951,2,-2
2023-06-12 15:09:29,16951,16951,16951,2,0
2023-06-12 15:09:33,16951,16951,16951,2,0
2023-06-12 15:09:34,16953,16953,16953,4,4
2023-06-12 15:09:39,16953,16953,16953,2,0
2023-06-12 15:09:42,16954,16954,16954,2,2
2023-06-12 15:09:43,16953,16953,16953,2,-2
2023-06-12 15:09:44,16952,16952,16952,2,-2
2023-06-12 15:10:00,16952,16952,16952,2,0
2023-06-12 15:10:02,16953,16953,16953,2,2
2023-06-12 15:10:03,16953,16953,16953,2,0
2023-06-12 15:10:03,16953,16953,16953,4,0
2023-06-12 15:10:04,16953,16953,16953,2,0
2023-06-12 15:10:08,16952,16952,16952,2,-2
2023-06-12 15:10:08,16952,16952,16952,14,0
2023-06-12 15:10:08,16952,16952,16952,2,0
2023-06-12 15:10:08,16952,16952,16952,2,0
2023-06-12 15:10:08,16952,16952,16952,2,0
2023-06-12 15:10:08,16952,16952,16952,4,0
2023-06-12 15:10:08,16952,16952,16952,2,0
2023-06-12 15:10:10,16951,16951,16951,4,-4
2023-06-12 15:10:10,16951,16951,16951,2,0
2023-06-12 15:10:10,16951,16951,16951,2,0
2023-06-12 15:10:10,16951,16951,16951,8,0
2023-06-12 15:10:11,16950,16950,16950,2,-2
2023-06-12 15:10:13,16950,16950,16950,2,0
2023-06-12 15:10:13,16950,16950,16950,2,0
2023-06-12 15:10:13,16950,16950,16950,2,0
2023-06-12 15:10:16,16950,16950,16950,2,0
2023-06-12 15:10:16,16950,16950,16950,2,0
2023-06-12 15:10:16,16950,16950,16950,2,0
2023-06-12 15:10:16,16950,16950,16950,2,0
2023-06-12 15:10:16,16950,16950,16950,2,0
2023-06-12 15:10:16,16950,16950,16950,2,0
2023-06-12 15:10:16,16950,16950,16950,2,0
2023-06-12 15:10:16,16950,16950,16950,2,0
2023-06-12 15:10:16,16950,16950,16950,6,0
2023-06-12 15:10:16,16950,16950,16950,2,0
2023-06-12 15:10:16,16950,16950,16950,2,0
2023-06-12 15:10:20,16949,16949,16949,12,-12
2023-06-12 15:10:20,16949,16949,16949,2,0
2023-06-12 15:10:20,16949,16949,16949,6,0
2023-06-12 15:10:20,16949,16949,16949,6,0
2023-06-12 15:10:20,16949,16949,16949,2,0
2023-06-12 15:10:20,16949,16949,16949,2,0
2023-06-12 15:10:24,16948,16948,16948,2,-2
2023-06-12 15:10:25,16948,16948,16948,2,0
2023-06-12 15:10:32,16948,16948,16948,2,0
2023-06-12 15:10:38,16947,16947,16947,2,-2
2023-06-12 15:10:38,16947,16947,16947,4,0
2023-06-12 15:10:38,16947,16947,16947,14,0
2023-06-12 15:10:38,16947,16947,16947,2,0
2023-06-12 15:10:38,16947,16947,16947,2,0
2023-06-12 15:10:38,16947,16947,16947,2,0
2023-06-12 15:10:38,16947,16947,16947,2,0
2023-06-12 15:10:40,16946,16946,16946,2,-2
2023-06-12 15:10:40,16946,16946,16946,2,0
2023-06-12 15:10:40,16946,16946,16946,2,0
2023-06-12 15:10:40,16946,16946,16946,2,0
2023-06-12 15:10:40,16946,16946,16946,2,0
2023-06-12 15:10:40,16946,16946,16946,2,0
2023-06-12 15:10:40,16947,16947,16947,2,2
2023-06-12 15:10:40,16947,16947,16947,4,0
2023-06-12 15:10:44,16947,16947,16947,2,0
2023-06-12 15:10:50,16947,16947,16947,2,0
2023-06-12 15:10:50,16947,16947,16947,4,0
2023-06-12 15:10:50,16947,16947,16947,4,0
2023-06-12 15:11:02,16947,16947,16947,20,0
2023-06-12 15:11:02,16947,16947,16947,12,0
2023-06-12 15:11:02,16948,16948,16948,2,2
2023-06-12 15:11:02,16948,16948,16948,2,0
2023-06-12 15:11:02,16948,16948,16948,2,0
2023-06-12 15:11:02,16949,16949,16949,2,2
2023-06-12 15:11:02,16948,16948,16948,2,-2
2023-06-12 15:11:02,16948,16948,16948,2,0
2023-06-12 15:11:04,16948,16948,16948,2,0
2023-06-12 15:11:04,16948,16948,16948,2,0
2023-06-12 15:11:04,16948,16948,16948,2,0
2023-06-12 15:11:04,16949,16949,16949,2,2
2023-06-12 15:11:07,16948,16948,16948,2,-2
2023-06-12 15:11:07,16948,16948,16948,4,0
2023-06-12 15:11:07,16948,16948,16948,2,0
2023-06-12 15:11:07,16948,16948,16948,2,0
2023-06-12 15:11:07,16947,16947,16947,2,-2
2023-06-12 15:11:17,16949,16949,16949,2,2
2023-06-12 15:11:17,16950,16950,16950,2,2
2023-06-12 15:11:17,16950,16950,16950,10,0
2023-06-12 15:11:25,16948,16948,16948,2,-2
2023-06-12 15:11:26,16948,16948,16948,4,0
2023-06-12 15:11:26,16948,16948,16948,2,0
2023-06-12 15:11:28,16949,16949,16949,2,2
2023-06-12 15:11:29,16950,16950,16950,2,2
2023-06-12 15:11:34,16949,16949,16949,2,-2
2023-06-12 15:11:34,16948,16948,16948,2,-2
2023-06-12 15:11:34,16948,16948,16948,4,0
2023-06-12 15:11:41,16949,16949,16949,2,2
2023-06-12 15:11:46,16948,16948,16948,4,-4
2023-06-12 15:11:46,16948,16948,16948,6,0
2023-06-12 15:11:46,16948,16948,16948,2,0
2023-06-12 15:11:46,16949,16949,16949,2,2
2023-06-12 15:11:50,16949,16949,16949,2,0
2023-06-12 15:11:50,16949,16949,16949,4,0
2023-06-12 15:11:50,16949,16949,16949,2,0
2023-06-12 15:11:50,16949,16949,16949,4,0
2023-06-12 15:11:50,16949,16949,16949,2,0
2023-06-12 15:11:50,16949,16949,16949,8,0
2023-06-12 15:11:50,16949,16949,16949,2,0
2023-06-12 15:11:50,16949,16949,16949,2,0
2023-06-12 15:11:54,16949,16949,16949,2,0
2023-06-12 15:11:55,16949,16949,16949,2,0
2023-06-12 15:11:55,16949,16949,16949,2,0
2023-06-12 15:11:55,16949,16949,16949,2,0
2023-06-12 15:11:56,16949,16949,16949,2,0
2023-06-12 15:12:03,16948,16948,16948,2,-2
2023-06-12 15:12:04,16949,16949,16949,2,2
2023-06-12 15:12:06,16949,16949,16949,8,0
2023-06-12 15:12:07,16949,16949,16949,4,0
2023-06-12 15:12:13,16949,16949,16949,8,0
2023-06-12 15:12:16,16949,16949,16949,4,0
2023-06-12 15:12:16,16949,16949,16949,4,0
2023-06-12 15:12:16,16949,16949,16949,2,0
2023-06-12 15:12:16,16949,16949,16949,2,0
2023-06-12 15:12:16,16949,16949,16949,2,0
2023-06-12 15:12:16,16949,16949,16949,2,0
2023-06-12 15:12:16,16949,16949,16949,4,0
2023-06-12 15:12:20,16949,16949,16949,2,0
2023-06-12 15:12:20,16949,16949,16949,2,0
2023-06-12 15:12:22,16950,16950,16950,2,2
2023-06-12 15:12:22,16950,16950,16950,2,0
2023-06-12 15:12:22,16950,16950,16950,2,0
2023-06-12 15:12:22,16950,16950,16950,4,0
2023-06-12 15:12:22,16950,16950,16950,4,0
2023-06-12 15:12:22,16950,16950,16950,2,0
2023-06-12 15:12:24,16951,16951,16951,2,2
2023-06-12 15:12:27,16950,16950,16950,2,-2
2023-06-12 15:12:27,16950,16950,16950,2,0
2023-06-12 15:12:27,16950,16950,16950,6,0
2023-06-12 15:12:28,16950,16950,16950,6,0
2023-06-12 15:12:34,16948,16948,16948,2,-2
2023-06-12 15:12:34,16948,16948,16948,4,0
2023-06-12 15:12:34,16948,16948,16948,2,0
2023-06-12 15:12:34,16948,16948,16948,4,0
2023-06-12 15:12:37,16948,16948,16948,2,0
2023-06-12 15:12:37,16948,16948,16948,4,0
2023-06-12 15:12:40,16947,16947,16947,2,-2
2023-06-12 15:12:40,16947,16947,16947,2,0
2023-06-12 15:12:40,16947,16947,16947,2,0
2023-06-12 15:12:40,16947,16947,16947,2,0
2023-06-12 15:12:40,16947,16947,16947,2,0
2023-06-12 15:12:41,16948,16948,16948,2,2
2023-06-12 15:12:49,16947,16947,16947,6,-6
2023-06-12 15:12:49,16947,16947,16947,4,0
2023-06-12 15:12:56,16947,16947,16947,2,0
2023-06-12 15:12:58,16947,16947,16947,2,0
2023-06-12 15:13:00,16947,16947,16947,10,0
2023-06-12 15:13:01,16948,16948,16948,2,2
2023-06-12 15:13:02,16947,16947,16947,4,-4
2023-06-12 15:13:02,16947,16947,16947,6,0
2023-06-12 15:13:05,16947,16947,16947,2,0
2023-06-12 15:13:05,16947,16947,16947,2,0
2023-06-12 15:13:05,16947,16947,16947,4,0
2023-06-12 15:13:05,16947,16947,16947,2,0
2023-06-12 15:13:12,16947,16947,16947,2,0
2023-06-12 15:13:12,16947,16947,16947,6,0
2023-06-12 15:13:15,16946,16946,16946,2,-2
2023-06-12 15:13:15,16946,16946,16946,2,0
2023-06-12 15:13:19,16946,16946,16946,4,0
2023-06-12 15:13:19,16946,16946,16946,2,0
2023-06-12 15:13:19,16946,16946,16946,10,0
2023-06-12 15:13:19,16946,16946,16946,2,0
2023-06-12 15:13:19,16946,16946,16946,2,0
2023-06-12 15:13:20,16947,16947,16947,2,2
2023-06-12 15:13:25,16947,16947,16947,8,0
2023-06-12 15:13:25,16948,16948,16948,2,2
2023-06-12 15:13:25,16949,16949,16949,2,2
2023-06-12 15:13:25,16949,16949,16949,10,0
2023-06-12 15:13:25,16950,16950,16950,6,6
2023-06-12 15:13:26,16947,16947,16947,2,-2
2023-06-12 15:13:27,16948,16948,16948,2,2
2023-06-12 15:13:27,16948,16948,16948,2,0
2023-06-12 15:13:27,16948,16948,16948,2,0
2023-06-12 15:13:27,16948,16948,16948,6,0
2023-06-12 15:13:31,16948,16948,16948,2,0
2023-06-12 15:13:37,16950,16950,16950,2,2
2023-06-12 15:13:38,16948,16948,16948,2,-2
2023-06-12 15:13:44,16949,16949,16949,2,2
2023-06-12 15:14:04,16948,16948,16948,10,-10
2023-06-12 15:14:04,16948,16948,16948,2,0
2023-06-12 15:14:04,16948,16948,16948,8,0
2023-06-12 15:14:04,16948,16948,16948,2,0
2023-06-12 15:14:09,16947,16947,16947,2,-2
2023-06-12 15:14:09,16947,16947,16947,2,0
2023-06-12 15:14:09,16947,16947,16947,2,0
2023-06-12 15:14:09,16947,16947,16947,2,0
2023-06-12 15:14:19,16946,16946,16946,10,-10
2023-06-12 15:14:19,16946,16946,16946,2,0
2023-06-12 15:14:20,16946,16946,16946,2,0
2023-06-12 15:14:21,16946,16946,16946,2,0
2023-06-12 15:14:28,16945,16945,16945,2,-2
2023-06-12 15:14:28,16945,16945,16945,2,0
2023-06-12 15:14:35,16946,16946,16946,8,8
2023-06-12 15:14:36,16945,16945,16945,2,-2
2023-06-12 15:14:40,16946,16946,16946,4,4
2023-06-12 15:14:41,16947,16947,16947,2,2
2023-06-12 15:14:41,16947,16947,16947,2,0
2023-06-12 15:14:47,16946,16946,16946,2,-2
2023-06-12 15:14:48,16948,16948,16948,6,6
2023-06-12 15:15:03,16948,16948,16948,4,0
2023-06-12 15:15:04,16947,16947,16947,2,-2
2023-06-12 15:15:04,16946,16946,16946,2,-2
2023-06-12 15:15:10,16947,16947,16947,2,2
2023-06-12 15:15:14,16947,16947,16947,2,0
2023-06-12 15:15:15,16948,16948,16948,2,2
2023-06-12 15:15:17,16948,16948,16948,2,0
2023-06-12 15:15:19,16947,16947,16947,2,-2
2023-06-12 15:15:29,16948,16948,16948,4,4
2023-06-12 15:15:43,16947,16947,16947,2,-2
2023-06-12 15:15:43,16947,16947,16947,2,0
2023-06-12 15:15:43,16947,16947,16947,6,0
2023-06-12 15:15:43,16947,16947,16947,2,0
2023-06-12 15:15:43,16947,16947,16947,2,0
2023-06-12 15:15:43,16947,16947,16947,2,0
2023-06-12 15:15:43,16946,16946,16946,2,-2
2023-06-12 15:15:43,16946,16946,16946,2,0
2023-06-12 15:15:43,16946,16946,16946,2,0
2023-06-12 15:15:43,16946,16946,16946,2,0
2023-06-12 15:15:43,16946,16946,16946,2,0
2023-06-12 15:15:43,16946,16946,16946,2,0
2023-06-12 15:15:46,16945,16945,16945,2,-2
2023-06-12 15:15:46,16945,16945,16945,2,0
2023-06-12 15:15:46,16945,16945,16945,2,0
2023-06-12 15:15:46,16945,16945,16945,2,0
2023-06-12 15:15:46,16945,16945,16945,8,0
2023-06-12 15:15:46,16945,16945,16945,4,0
2023-06-12 15:15:46,16945,16945,16945,2,0
2023-06-12 15:15:46,16945,16945,16945,2,0
2023-06-12 15:15:46,16945,16945,16945,2,0
2023-06-12 15:15:46,16945,16945,16945,2,0
2023-06-12 15:15:46,16945,16945,16945,2,0
2023-06-12 15:15:46,16945,16945,16945,2,0
2023-06-12 15:15:46,16945,16945,16945,4,0
2023-06-12 15:15:46,16945,16945,16945,2,0
2023-06-12 15:15:46,16945,16945,16945,4,0
2023-06-12 15:15:46,16945,16945,16945,2,0
2023-06-12 15:15:46,16945,16945,16945,10,0
2023-06-12 15:15:46,16945,16945,16945,2,0
2023-06-12 15:15:46,16945,16945,16945,4,0
2023-06-12 15:15:46,16945,16945,16945,2,0
2023-06-12 15:15:46,16944,16944,16944,2,-2
2023-06-12 15:15:46,16944,16944,16944,2,0
2023-06-12 15:15:46,16944,16944,16944,2,0
2023-06-12 15:15:46,16944,16944,16944,16,0
2023-06-12 15:15:46,16944,16944,16944,2,0
2023-06-12 15:15:46,16944,16944,16944,2,0
2023-06-12 15:15:47,16943,16943,16943,2,-2
2023-06-12 15:15:52,16943,16943,16943,2,0
2023-06-12 15:15:54,16943,16943,16943,2,0
2023-06-12 15:15:56,16943,16943,16943,2,0
2023-06-12 15:15:57,16943,16943,16943,2,0
2023-06-12 15:15:58,16943,16943,16943,2,0
2023-06-12 15:15:58,16943,16943,16943,2,0
2023-06-12 15:15:58,16943,16943,16943,2,0
2023-06-12 15:15:58,16943,16943,16943,2,0
2023-06-12 15:15:58,16943,16943,16943,2,0
2023-06-12 15:16:00,16942,16942,16942,2,-2
2023-06-12 15:16:00,16942,16942,16942,6,0
2023-06-12 15:16:00,16942,16942,16942,2,0
2023-06-12 15:16:00,16942,16942,16942,2,0
2023-06-12 15:16:00,16942,16942,16942,4,0
2023-06-12 15:16:00,16942,16942,16942,2,0
2023-06-12 15:16:00,16942,16942,16942,2,0
2023-06-12 15:16:00,16942,16942,16942,2,0
2023-06-12 15:16:00,16942,16942,16942,2,0
2023-06-12 15:16:01,16943,16943,16943,2,2
2023-06-12 15:16:01,16943,16943,16943,2,0
2023-06-12 15:16:01,16943,16943,16943,2,0
2023-06-12 15:16:02,16943,16943,16943,2,0
2023-06-12 15:16:02,16943,16943,16943,2,0
2023-06-12 15:16:11,16943,16943,16943,2,0
2023-06-12 15:16:11,16943,16943,16943,2,0
2023-06-12 15:16:11,16943,16943,16943,2,0
2023-06-12 15:16:11,16942,16942,16942,4,-4
2023-06-12 15:16:11,16942,16942,16942,2,0
2023-06-12 15:16:11,16942,16942,16942,2,0
2023-06-12 15:16:11,16942,16942,16942,2,0
2023-06-12 15:16:13,16943,16943,16943,2,2
2023-06-12 15:16:13,16944,16944,16944,2,2
2023-06-12 15:16:19,16944,16944,16944,2,0
2023-06-12 15:16:19,16944,16944,16944,4,0
2023-06-12 15:16:28,16945,16945,16945,2,2
2023-06-12 15:16:29,16947,16947,16947,2,2
2023-06-12 15:16:35,16947,16947,16947,2,0
2023-06-12 15:16:53,16945,16945,16945,2,-2
2023-06-12 15:16:53,16945,16945,16945,2,0
2023-06-12 15:16:53,16945,16945,16945,2,0
2023-06-12 15:16:57,16944,16944,16944,4,-4
2023-06-12 15:16:57,16944,16944,16944,4,0
2023-06-12 15:16:59,16944,16944,16944,2,0
2023-06-12 15:17:00,16945,16945,16945,2,2
2023-06-12 15:17:00,16946,16946,16946,2,2
2023-06-12 15:17:00,16946,16946,16946,2,0
2023-06-12 15:17:00,16946,16946,16946,2,0
2023-06-12 15:17:02,16946,16946,16946,6,0
2023-06-12 15:17:03,16945,16945,16945,2,-2
2023-06-12 15:17:03,16945,16945,16945,2,0
2023-06-12 15:17:03,16945,16945,16945,4,0
2023-06-12 15:17:05,16945,16945,16945,2,0
2023-06-12 15:17:05,16944,16944,16944,2,-2
2023-06-12 15:17:20,16943,16943,16943,2,-2
2023-06-12 15:17:20,16943,16943,16943,2,0
2023-06-12 15:17:20,16943,16943,16943,4,0
2023-06-12 15:17:20,16943,16943,16943,2,0
2023-06-12 15:17:24,16943,16943,16943,2,0
2023-06-12 15:17:24,16943,16943,16943,2,0
2023-06-12 15:17:24,16943,16943,16943,2,0
2023-06-12 15:17:33,16943,16943,16943,2,0
2023-06-12 15:17:42,16943,16943,16943,2,0
2023-06-12 15:17:42,16943,16943,16943,2,0
2023-06-12 15:17:42,16943,16943,16943,2,0
2023-06-12 15:17:42,16943,16943,16943,2,0
2023-06-12 15:17:46,16943,16943,16943,2,0
2023-06-12 15:17:51,16944,16944,16944,2,2
2023-06-12 15:17:51,16944,16944,16944,2,0
2023-06-12 15:17:58,16946,16946,16946,2,2
2023-06-12 15:17:58,16946,16946,16946,2,0
2023-06-12 15:18:09,16946,16946,16946,2,0
2023-06-12 15:18:12,16945,16945,16945,2,-2
2023-06-12 15:18:14,16946,16946,16946,2,2
2023-06-12 15:18:14,16947,16947,16947,4,4
2023-06-12 15:18:14,16948,16948,16948,4,4
2023-06-12 15:18:14,16948,16948,16948,2,0
2023-06-12 15:18:14,16948,16948,16948,2,0
2023-06-12 15:18:14,16949,16949,16949,6,6
2023-06-12 15:18:14,16947,16947,16947,2,-2
2023-06-12 15:18:14,16947,16947,16947,2,0
2023-06-12 15:18:14,16949,16949,16949,6,6
2023-06-12 15:18:17,16948,16948,16948,2,-2
2023-06-12 15:18:18,16948,16948,16948,2,0
2023-06-12 15:18:18,16948,16948,16948,2,0
2023-06-12 15:18:38,16948,16948,16948,2,0
2023-06-12 15:18:38,16948,16948,16948,2,0
2023-06-12 15:18:39,16949,16949,16949,2,2
2023-06-12 15:18:40,16949,16949,16949,2,0
2023-06-12 15:18:42,16948,16948,16948,2,-2
2023-06-12 15:18:42,16948,16948,16948,6,0
2023-06-12 15:18:42,16948,16948,16948,2,0
2023-06-12 15:18:42,16949,16949,16949,2,2
2023-06-12 15:18:47,16949,16949,16949,6,0
2023-06-12 15:18:47,16950,16950,16950,2,2
2023-06-12 15:18:47,16950,16950,16950,2,0
2023-06-12 15:18:57,16949,16949,16949,2,-2
2023-06-12 15:19:00,16949,16949,16949,4,0
2023-06-12 15:19:08,16950,16950,16950,2,2
2023-06-12 15:19:09,16950,16950,16950,2,0
2023-06-12 15:19:12,16950,16950,16950,8,0
2023-06-12 15:19:14,16951,16951,16951,2,2
2023-06-12 15:19:14,16951,16951,16951,2,0
2023-06-12 15:19:14,16951,16951,16951,2,0
2023-06-12 15:19:17,16952,16952,16952,2,2
2023-06-12 15:19:17,16952,16952,16952,2,0
2023-06-12 15:19:19,16952,16952,16952,2,0
2023-06-12 15:19:23,16951,16951,16951,2,-2
2023-06-12 15:19:23,16951,16951,16951,2,0
2023-06-12 15:19:23,16951,16951,16951,2,0
2023-06-12 15:19:23,16950,16950,16950,8,-8
2023-06-12 15:19:25,16951,16951,16951,2,2
2023-06-12 15:19:26,16949,16949,16949,2,-2
2023-06-12 15:19:26,16949,16949,16949,4,0
2023-06-12 15:19:26,16949,16949,16949,2,0
2023-06-12 15:19:26,16949,16949,16949,6,0
2023-06-12 15:19:26,16949,16949,16949,2,0
2023-06-12 15:19:26,16949,16949,16949,2,0
2023-06-12 15:19:32,16948,16948,16948,2,-2
2023-06-12 15:19:32,16948,16948,16948,2,0
2023-06-12 15:19:36,16948,16948,16948,2,0
2023-06-12 15:19:38,16949,16949,16949,2,2
2023-06-12 15:19:52,16946,16946,16946,2,-2
2023-06-12 15:19:53,16947,16947,16947,2,2
2023-06-12 15:20:01,16945,16945,16945,2,-2
2023-06-12 15:20:03,16946,16946,16946,10,10
2023-06-12 15:20:03,16946,16946,16946,2,0
2023-06-12 15:20:14,16946,16946,16946,2,0
2023-06-12 15:20:14,16946,16946,16946,4,0
2023-06-12 15:20:25,16946,16946,16946,2,0
2023-06-12 15:20:26,16947,16947,16947,2,2
2023-06-12 15:20:37,16947,16947,16947,2,0
2023-06-12 15:20:39,16947,16947,16947,2,0
2023-06-12 15:20:41,16947,16947,16947,2,0
2023-06-12 15:20:54,16946,16946,16946,2,-2
2023-06-12 15:20:54,16946,16946,16946,2,0
2023-06-12 15:20:54,16946,16946,16946,6,0
2023-06-12 15:20:54,16946,16946,16946,2,0
2023-06-12 15:20:54,16946,16946,16946,2,0
2023-06-12 15:20:54,16946,16946,16946,2,0
2023-06-12 15:20:54,16946,16946,16946,2,0
2023-06-12 15:20:54,16946,16946,16946,2,0
2023-06-12 15:21:04,16946,16946,16946,2,0
2023-06-12 15:21:04,16947,16947,16947,2,2
2023-06-12 15:21:20,16947,16947,16947,12,0
2023-06-12 15:21:20,16948,16948,16948,42,42
2023-06-12 15:21:58,16947,16947,16947,2,-2
2023-06-12 15:22:04,16947,16947,16947,2,0
2023-06-12 15:22:05,16947,16947,16947,2,0
2023-06-12 15:22:14,16947,16947,16947,2,0
2023-06-12 15:22:14,16946,16946,16946,2,-2
2023-06-12 15:22:14,16946,16946,16946,2,0
2023-06-12 15:22:19,16946,16946,16946,2,0
2023-06-12 15:22:19,16946,16946,16946,2,0
2023-06-12 15:22:19,16946,16946,16946,2,0
2023-06-12 15:22:19,16946,16946,16946,6,0
2023-06-12 15:22:19,16946,16946,16946,2,0
2023-06-12 15:22:19,16946,16946,16946,4,0
2023-06-12 15:22:19,16946,16946,16946,2,0
2023-06-12 15:22:24,16945,16945,16945,2,-2
2023-06-12 15:22:24,16945,16945,16945,2,0
2023-06-12 15:22:24,16945,16945,16945,2,0
2023-06-12 15:22:24,16945,16945,16945,2,0
2023-06-12 15:22:24,16945,16945,16945,2,0
2023-06-12 15:22:24,16945,16945,16945,2,0
2023-06-12 15:22:24,16945,16945,16945,2,0
2023-06-12 15:22:24,16945,16945,16945,2,0
2023-06-12 15:22:24,16945,16945,16945,2,0
2023-06-12 15:22:24,16945,16945,16945,2,0
2023-06-12 15:22:27,16945,16945,16945,2,0
2023-06-12 15:22:29,16945,16945,16945,2,0
2023-06-12 15:22:29,16945,16945,16945,2,0
2023-06-12 15:22:29,16945,16945,16945,4,0
2023-06-12 15:22:29,16945,16945,16945,2,0
2023-06-12 15:22:29,16945,16945,16945,2,0
2023-06-12 15:22:29,16945,16945,16945,8,0
2023-06-12 15:22:32,16945,16945,16945,2,0
2023-06-12 15:22:35,16945,16945,16945,2,0
2023-06-12 15:22:35,16944,16944,16944,2,-2
2023-06-12 15:22:35,16944,16944,16944,2,0
2023-06-12 15:22:35,16944,16944,16944,2,0
2023-06-12 15:22:35,16944,16944,16944,2,0
2023-06-12 15:22:35,16944,16944,16944,2,0
2023-06-12 15:22:35,16944,16944,16944,2,0
2023-06-12 15:22:35,16944,16944,16944,2,0
2023-06-12 15:22:35,16944,16944,16944,2,0
2023-06-12 15:22:35,16944,16944,16944,2,0
2023-06-12 15:22:41,16944,16944,16944,4,0
2023-06-12 15:22:41,16944,16944,16944,2,0
2023-06-12 15:22:41,16944,16944,16944,2,0
2023-06-12 15:22:41,16944,16944,16944,2,0
2023-06-12 15:22:41,16944,16944,16944,6,0
2023-06-12 15:22:41,16944,16944,16944,2,0
2023-06-12 15:22:42,16945,16945,16945,2,2
2023-06-12 15:22:42,16944,16944,16944,2,-2
2023-06-12 15:22:42,16943,16943,16943,2,-2
2023-06-12 15:22:47,16944,16944,16944,2,2
2023-06-12 15:22:47,16944,16944,16944,2,0
2023-06-12 15:22:47,16944,16944,16944,2,0
2023-06-12 15:22:47,16944,16944,16944,4,0
2023-06-12 15:22:47,16944,16944,16944,2,0
2023-06-12 15:22:47,16944,16944,16944,2,0
2023-06-12 15:22:47,16944,16944,16944,2,0
2023-06-12 15:22:47,16944,16944,16944,2,0
2023-06-12 15:22:47,16944,16944,16944,2,0
2023-06-12 15:22:50,16944,16944,16944,2,0
2023-06-12 15:22:50,16944,16944,16944,2,0
2023-06-12 15:22:51,16944,16944,16944,2,0
2023-06-12 15:22:53,16943,16943,16943,2,-2
2023-06-12 15:22:53,16943,16943,16943,4,0
2023-06-12 15:22:53,16943,16943,16943,6,0
2023-06-12 15:22:53,16943,16943,16943,2,0
2023-06-12 15:22:53,16943,16943,16943,2,0
2023-06-12 15:22:53,16943,16943,16943,2,0
2023-06-12 15:22:53,16943,16943,16943,2,0
2023-06-12 15:22:53,16942,16942,16942,2,-2
2023-06-12 15:22:59,16942,16942,16942,4,0
2023-06-12 15:22:59,16942,16942,16942,2,0
2023-06-12 15:22:59,16942,16942,16942,2,0
2023-06-12 15:22:59,16942,16942,16942,2,0
2023-06-12 15:22:59,16942,16942,16942,2,0
2023-06-12 15:22:59,16942,16942,16942,2,0
2023-06-12 15:22:59,16942,16942,16942,2,0
2023-06-12 15:22:59,16942,16942,16942,2,0
2023-06-12 15:22:59,16942,16942,16942,2,0
2023-06-12 15:23:00,16943,16943,16943,6,6
2023-06-12 15:23:04,16942,16942,16942,2,-2
2023-06-12 15:23:05,16942,16942,16942,4,0
2023-06-12 15:23:05,16942,16942,16942,2,0
2023-06-12 15:23:05,16942,16942,16942,4,0
2023-06-12 15:23:05,16942,16942,16942,4,0
2023-06-12 15:23:05,16942,16942,16942,4,0
2023-06-12 15:23:05,16942,16942,16942,2,0
2023-06-12 15:23:05,16942,16942,16942,4,0
2023-06-12 15:23:09,16942,16942,16942,2,0
2023-06-12 15:23:09,16942,16942,16942,2,0
2023-06-12 15:23:09,16942,16942,16942,2,0
2023-06-12 15:23:11,16942,16942,16942,6,0
2023-06-12 15:23:11,16942,16942,16942,2,0
2023-06-12 15:23:11,16942,16942,16942,6,0
2023-06-12 15:23:11,16942,16942,16942,2,0
2023-06-12 15:23:11,16942,16942,16942,2,0
2023-06-12 15:23:13,16942,16942,16942,2,0
2023-06-12 15:23:18,16941,16941,16941,2,-2
2023-06-12 15:23:18,16941,16941,16941,2,0
2023-06-12 15:23:18,16941,16941,16941,4,0
2023-06-12 15:23:18,16941,16941,16941,2,0
2023-06-12 15:23:18,16941,16941,16941,2,0
2023-06-12 15:23:18,16941,16941,16941,2,0
2023-06-12 15:23:18,16941,16941,16941,2,0
2023-06-12 15:23:18,16941,16941,16941,2,0
2023-06-12 15:23:18,16941,16941,16941,2,0
2023-06-12 15:23:18,16941,16941,16941,2,0
2023-06-12 15:23:18,16941,16941,16941,2,0
2023-06-12 15:23:18,16941,16941,16941,2,0
2023-06-12 15:23:18,16941,16941,16941,2,0
2023-06-12 15:23:18,16941,16941,16941,2,0
2023-06-12 15:23:18,16941,16941,16941,2,0
2023-06-12 15:23:18,16941,16941,16941,2,0
2023-06-12 15:23:19,16941,16941,16941,2,0
2023-06-12 15:23:21,16941,16941,16941,10,0
2023-06-12 15:23:36,16941,16941,16941,2,0
2023-06-12 15:23:38,16941,16941,16941,2,0
2023-06-12 15:23:43,16941,16941,16941,2,0
2023-06-12 15:23:49,16941,16941,16941,2,0
2023-06-12 15:23:49,16941,16941,16941,2,0
2023-06-12 15:23:49,16941,16941,16941,2,0
2023-06-12 15:23:58,16941,16941,16941,4,0
2023-06-12 15:23:58,16941,16941,16941,2,0
2023-06-12 15:23:58,16941,16941,16941,2,0
2023-06-12 15:23:58,16941,16941,16941,2,0
2023-06-12 15:23:58,16941,16941,16941,2,0
2023-06-12 15:23:58,16941,16941,16941,4,0
2023-06-12 15:23:58,16941,16941,16941,2,0
2023-06-12 15:23:58,16941,16941,16941,2,0
2023-06-12 15:24:04,16940,16940,16940,8,-8
2023-06-12 15:24:04,16940,16940,16940,2,0
2023-06-12 15:24:04,16940,16940,16940,2,0
2023-06-12 15:24:04,16940,16940,16940,2,0
2023-06-12 15:24:04,16940,16940,16940,2,0
2023-06-12 15:24:04,16940,16940,16940,2,0
2023-06-12 15:24:09,16940,16940,16940,2,0
2023-06-12 15:24:09,16940,16940,16940,2,0
2023-06-12 15:24:09,16940,16940,16940,2,0
2023-06-12 15:24:10,16940,16940,16940,2,0
2023-06-12 15:24:10,16940,16940,16940,2,0
2023-06-12 15:24:10,16940,16940,16940,2,0
2023-06-12 15:24:10,16940,16940,16940,2,0
2023-06-12 15:24:10,16940,16940,16940,2,0
2023-06-12 15:24:10,16940,16940,16940,2,0
2023-06-12 15:24:10,16940,16940,16940,2,0
2023-06-12 15:24:10,16940,16940,16940,2,0
2023-06-12 15:24:10,16940,16940,16940,2,0
2023-06-12 15:24:10,16940,16940,16940,2,0
2023-06-12 15:24:14,16940,16940,16940,2,0
2023-06-12 15:24:14,16940,16940,16940,2,0
2023-06-12 15:24:15,16940,16940,16940,2,0
2023-06-12 15:24:16,16941,16941,16941,2,2
2023-06-12 15:24:16,16940,16940,16940,4,-4
2023-06-12 15:24:16,16940,16940,16940,2,0
2023-06-12 15:24:16,16940,16940,16940,6,0
2023-06-12 15:24:16,16940,16940,16940,6,0
2023-06-12 15:24:16,16940,16940,16940,2,0
2023-06-12 15:24:18,16940,16940,16940,2,0
2023-06-12 15:24:20,16941,16941,16941,2,2
2023-06-12 15:24:20,16941,16941,16941,2,0
2023-06-12 15:24:20,16941,16941,16941,2,0
2023-06-12 15:24:21,16941,16941,16941,2,0
2023-06-12 15:24:21,16940,16940,16940,2,-2
2023-06-12 15:24:21,16940,16940,16940,2,0
2023-06-12 15:24:21,16940,16940,16940,4,0
2023-06-12 15:24:21,16940,16940,16940,2,0
2023-06-12 15:24:21,16940,16940,16940,6,0
2023-06-12 15:24:21,16940,16940,16940,2,0
2023-06-12 15:24:21,16940,16940,16940,2,0
2023-06-12 15:24:22,16941,16941,16941,2,2
2023-06-12 15:24:22,16941,16941,16941,2,0
2023-06-12 15:24:27,16941,16941,16941,2,0
2023-06-12 15:24:27,16941,16941,16941,4,0
2023-06-12 15:24:27,16941,16941,16941,6,0
2023-06-12 15:24:27,16941,16941,16941,4,0
2023-06-12 15:24:27,16941,16941,16941,4,0
2023-06-12 15:24:30,16941,16941,16941,2,0
2023-06-12 15:24:33,16941,16941,16941,2,0
2023-06-12 15:24:33,16941,16941,16941,8,0
2023-06-12 15:24:39,16940,16940,16940,4,-4
2023-06-12 15:24:39,16940,16940,16940,6,0
2023-06-12 15:24:39,16940,16940,16940,2,0
2023-06-12 15:24:39,16940,16940,16940,4,0
2023-06-12 15:24:39,16940,16940,16940,2,0
2023-06-12 15:24:39,16940,16940,16940,2,0
2023-06-12 15:24:39,16940,16940,16940,2,0
2023-06-12 15:24:39,16940,16940,16940,2,0
2023-06-12 15:24:39,16941,16941,16941,2,2
2023-06-12 15:24:43,16940,16940,16940,2,-2
2023-06-12 15:24:45,16939,16939,16939,2,-2
2023-06-12 15:24:45,16939,16939,16939,2,0
2023-06-12 15:24:45,16939,16939,16939,2,0
2023-06-12 15:24:45,16939,16939,16939,6,0
2023-06-12 15:24:45,16939,16939,16939,4,0
2023-06-12 15:24:45,16939,16939,16939,2,0
2023-06-12 15:24:47,16939,16939,16939,2,0
2023-06-12 15:24:49,16939,16939,16939,2,0
2023-06-12 15:24:51,16939,16939,16939,2,0
2023-06-12 15:24:51,16939,16939,16939,10,0
2023-06-12 15:24:51,16939,16939,16939,4,0
2023-06-12 15:24:51,16939,16939,16939,4,0
2023-06-12 15:24:53,16940,16940,16940,2,2
2023-06-12 15:24:56,16940,16940,16940,2,0
2023-06-12 15:25:05,16940,16940,16940,2,0
2023-06-12 15:25:05,16940,16940,16940,2,0
2023-06-12 15:25:11,16940,16940,16940,6,0
2023-06-12 15:25:11,16940,16940,16940,2,0
2023-06-12 15:25:12,16940,16940,16940,2,0
2023-06-12 15:25:12,16940,16940,16940,2,0
2023-06-12 15:25:15,16940,16940,16940,4,0
2023-06-12 15:25:22,16940,16940,16940,2,0
2023-06-12 15:25:23,16940,16940,16940,2,0
2023-06-12 15:25:31,16940,16940,16940,2,0
2023-06-12 15:25:31,16940,16940,16940,2,0
2023-06-12 15:25:31,16940,16940,16940,2,0
2023-06-12 15:25:31,16940,16940,16940,2,0
2023-06-12 15:25:31,16940,16940,16940,2,0
2023-06-12 15:25:31,16940,16940,16940,2,0
2023-06-12 15:25:31,16940,16940,16940,2,0
2023-06-12 15:25:31,16940,16940,16940,4,0
2023-06-12 15:25:34,16940,16940,16940,2,0
2023-06-12 15:25:38,16939,16939,16939,2,-2
2023-06-12 15:25:38,16939,16939,16939,2,0
2023-06-12 15:25:38,16939,16939,16939,2,0
2023-06-12 15:25:38,16939,16939,16939,2,0
2023-06-12 15:25:38,16939,16939,16939,2,0
2023-06-12 15:25:38,16939,16939,16939,6,0
2023-06-12 15:25:38,16939,16939,16939,4,0
2023-06-12 15:25:38,16939,16939,16939,2,0
2023-06-12 15:25:41,16939,16939,16939,2,0
2023-06-12 15:25:42,16938,16938,16938,2,-2
2023-06-12 15:25:42,16938,16938,16938,2,0
2023-06-12 15:25:42,16938,16938,16938,4,0
2023-06-12 15:25:42,16938,16938,16938,2,0
2023-06-12 15:25:42,16938,16938,16938,2,0
2023-06-12 15:25:42,16938,16938,16938,2,0
2023-06-12 15:25:42,16938,16938,16938,2,0
2023-06-12 15:25:42,16938,16938,16938,12,0
2023-06-12 15:25:42,16938,16938,16938,2,0
2023-06-12 15:25:42,16938,16938,16938,2,0
2023-06-12 15:25:42,16938,16938,16938,2,0
2023-06-12 15:25:42,16938,16938,16938,2,0
2023-06-12 15:25:42,16938,16938,16938,6,0
2023-06-12 15:25:42,16938,16938,16938,2,0
2023-06-12 15:25:44,16937,16937,16937,2,-2
2023-06-12 15:25:44,16937,16937,16937,2,0
2023-06-12 15:25:44,16937,16937,16937,2,0
2023-06-12 15:25:46,16938,16938,16938,6,6
2023-06-12 15:25:48,16938,16938,16938,2,0
2023-06-12 15:25:49,16937,16937,16937,2,-2
2023-06-12 15:25:49,16937,16937,16937,2,0
2023-06-12 15:25:49,16937,16937,16937,2,0
2023-06-12 15:25:49,16937,16937,16937,2,0
2023-06-12 15:25:49,16937,16937,16937,2,0
2023-06-12 15:25:49,16937,16937,16937,2,0
2023-06-12 15:25:49,16937,16937,16937,2,0
2023-06-12 15:25:49,16937,16937,16937,4,0
2023-06-12 15:25:49,16937,16937,16937,2,0
2023-06-12 15:25:49,16937,16937,16937,4,0
2023-06-12 15:25:49,16937,16937,16937,2,0
2023-06-12 15:25:50,16937,16937,16937,4,0
2023-06-12 15:25:51,16937,16937,16937,2,0
2023-06-12 15:25:51,16936,16936,16936,2,-2
2023-06-12 15:25:51,16936,16936,16936,2,0
2023-06-12 15:25:51,16936,16936,16936,20,0
2023-06-12 15:25:51,16936,16936,16936,2,0
2023-06-12 15:25:51,16936,16936,16936,6,0
2023-06-12 15:25:51,16936,16936,16936,4,0
2023-06-12 15:25:51,16936,16936,16936,2,0
2023-06-12 15:25:51,16936,16936,16936,4,0
2023-06-12 15:25:51,16936,16936,16936,2,0
2023-06-12 15:25:51,16936,16936,16936,2,0
2023-06-12 15:25:51,16936,16936,16936,4,0
2023-06-12 15:25:51,16935,16935,16935,2,-2
2023-06-12 15:25:53,16936,16936,16936,2,2
2023-06-12 15:25:55,16936,16936,16936,4,0
2023-06-12 15:25:56,16935,16935,16935,2,-2
2023-06-12 15:25:56,16935,16935,16935,2,0
2023-06-12 15:25:56,16935,16935,16935,2,0
2023-06-12 15:25:56,16935,16935,16935,2,0
2023-06-12 15:25:56,16935,16935,16935,2,0
2023-06-12 15:25:56,16935,16935,16935,2,0
2023-06-12 15:25:56,16935,16935,16935,2,0
2023-06-12 15:25:56,16935,16935,16935,20,0
2023-06-12 15:25:56,16935,16935,16935,2,0
2023-06-12 15:25:56,16935,16935,16935,4,0
2023-06-12 15:25:56,16935,16935,16935,2,0
2023-06-12 15:25:56,16935,16935,16935,2,0
2023-06-12 15:25:56,16935,16935,16935,2,0
2023-06-12 15:25:56,16935,16935,16935,4,0
2023-06-12 15:25:56,16935,16935,16935,2,0
2023-06-12 15:25:56,16935,16935,16935,2,0
2023-06-12 15:25:57,16934,16934,16934,2,-2
2023-06-12 15:25:57,16934,16934,16934,2,0
2023-06-12 15:25:57,16934,16934,16934,2,0
2023-06-12 15:25:57,16934,16934,16934,6,0
2023-06-12 15:25:57,16933,16933,16933,2,-2
2023-06-12 15:25:57,16934,16934,16934,2,2
2023-06-12 15:25:57,16934,16934,16934,2,0
2023-06-12 15:25:58,16934,16934,16934,2,0
2023-06-12 15:25:58,16934,16934,16934,2,0
2023-06-12 15:25:59,16933,16933,16933,2,-2
2023-06-12 15:26:01,16933,16933,16933,2,0
2023-06-12 15:26:01,16933,16933,16933,2,0
2023-06-12 15:26:01,16933,16933,16933,2,0
2023-06-12 15:26:02,16933,16933,16933,4,0
2023-06-12 15:26:02,16933,16933,16933,2,0
2023-06-12 15:26:02,16933,16933,16933,2,0
2023-06-12 15:26:02,16933,16933,16933,2,0
2023-06-12 15:26:02,16933,16933,16933,6,0
2023-06-12 15:26:02,16933,16933,16933,2,0
2023-06-12 15:26:02,16933,16933,16933,4,0
2023-06-12 15:26:04,16933,16933,16933,2,0
2023-06-12 15:26:06,16932,16932,16932,2,-2
2023-06-12 15:26:06,16932,16932,16932,2,0
2023-06-12 15:26:08,16933,16933,16933,10,10
2023-06-12 15:26:08,16933,16933,16933,4,0
2023-06-12 15:26:08,16933,16933,16933,4,0
2023-06-12 15:26:08,16933,16933,16933,2,0
2023-06-12 15:26:08,16933,16933,16933,4,0
2023-06-12 15:26:08,16933,16933,16933,6,0
2023-06-12 15:26:08,16934,16934,16934,16,16
2023-06-12 15:26:08,16935,16935,16935,2,2
2023-06-12 15:26:08,16934,16934,16934,2,-2
2023-06-12 15:26:08,16934,16934,16934,4,0
2023-06-12 15:26:08,16934,16934,16934,4,0
2023-06-12 15:26:08,16934,16934,16934,2,0
2023-06-12 15:26:08,16934,16934,16934,2,0
2023-06-12 15:26:08,16934,16934,16934,2,0
2023-06-12 15:26:11,16935,16935,16935,2,2
2023-06-12 15:26:11,16935,16935,16935,2,0
2023-06-12 15:26:12,16935,16935,16935,2,0
2023-06-12 15:26:12,16936,16936,16936,2,2
2023-06-12 15:26:12,16936,16936,16936,2,0
2023-06-12 15:26:12,16936,16936,16936,2,0
2023-06-12 15:26:18,16935,16935,16935,2,-2
2023-06-12 15:26:18,16935,16935,16935,2,0
2023-06-12 15:26:18,16935,16935,16935,2,0
2023-06-12 15:26:18,16935,16935,16935,2,0
2023-06-12 15:26:20,16935,16935,16935,4,0
2023-06-12 15:26:22,16935,16935,16935,2,0
2023-06-12 15:26:24,16935,16935,16935,2,0
2023-06-12 15:26:24,16935,16935,16935,2,0
2023-06-12 15:26:24,16935,16935,16935,2,0
2023-06-12 15:26:24,16935,16935,16935,2,0
2023-06-12 15:26:24,16935,16935,16935,4,0
2023-06-12 15:26:24,16935,16935,16935,2,0
2023-06-12 15:26:24,16935,16935,16935,2,0
2023-06-12 15:26:25,16935,16935,16935,2,0
2023-06-12 15:26:26,16934,16934,16934,2,-2
2023-06-12 15:26:26,16934,16934,16934,2,0
2023-06-12 15:26:27,16934,16934,16934,2,0
2023-06-12 15:26:30,16933,16933,16933,2,-2
2023-06-12 15:26:31,16933,16933,16933,2,0
2023-06-12 15:26:32,16933,16933,16933,2,0
2023-06-12 15:26:34,16934,16934,16934,18,18
2023-06-12 15:26:34,16935,16935,16935,6,6
2023-06-12 15:26:34,16935,16935,16935,22,0
2023-06-12 15:26:34,16935,16935,16935,2,0
2023-06-12 15:26:34,16935,16935,16935,2,0
2023-06-12 15:26:34,16935,16935,16935,2,0
2023-06-12 15:26:34,16936,16936,16936,2,2
2023-06-12 15:26:36,16937,16937,16937,2,2
2023-06-12 15:26:36,16936,16936,16936,2,-2
2023-06-12 15:26:37,16936,16936,16936,2,0
2023-06-12 15:26:38,16937,16937,16937,2,2
2023-06-12 15:26:40,16936,16936,16936,2,-2
2023-06-12 15:26:42,16937,16937,16937,4,4
2023-06-12 15:26:42,16935,16935,16935,2,-2
2023-06-12 15:26:44,16935,16935,16935,2,0
2023-06-12 15:26:45,16936,16936,16936,2,2
2023-06-12 15:26:47,16935,16935,16935,2,-2
2023-06-12 15:26:50,16935,16935,16935,2,0
2023-06-12 15:26:53,16935,16935,16935,2,0
2023-06-12 15:26:53,16935,16935,16935,2,0
2023-06-12 15:26:58,16936,16936,16936,2,2
2023-06-12 15:26:58,16936,16936,16936,2,0
2023-06-12 15:26:58,16936,16936,16936,2,0
2023-06-12 15:26:58,16936,16936,16936,4,0
2023-06-12 15:26:58,16936,16936,16936,2,0
2023-06-12 15:27:01,16937,16937,16937,2,2
2023-06-12 15:27:05,16937,16937,16937,2,0
2023-06-12 15:27:09,16936,16936,16936,2,-2
2023-06-12 15:27:09,16937,16937,16937,2,2
2023-06-12 15:27:14,16937,16937,16937,2,0
2023-06-12 15:27:14,16936,16936,16936,2,-2
2023-06-12 15:27:16,16936,16936,16936,2,0
2023-06-12 15:27:21,16936,16936,16936,2,0
2023-06-12 15:27:28,16936,16936,16936,2,0
2023-06-12 15:27:28,16935,16935,16935,2,-2
2023-06-12 15:27:35,16936,16936,16936,2,2
2023-06-12 15:27:35,16936,16936,16936,6,0
2023-06-12 15:27:37,16937,16937,16937,2,2
2023-06-12 15:27:37,16937,16937,16937,2,0
2023-06-12 15:27:44,16938,16938,16938,2,2
2023-06-12 15:27:51,16938,16938,16938,6,0
2023-06-12 15:27:53,16938,16938,16938,2,0
2023-06-12 15:27:57,16938,16938,16938,4,0
2023-06-12 15:28:00,16938,16938,16938,2,0
2023-06-12 15:28:00,16938,16938,16938,2,0
2023-06-12 15:28:00,16938,16938,16938,2,0
2023-06-12 15:28:00,16938,16938,16938,2,0
2023-06-12 15:28:03,16939,16939,16939,2,2
2023-06-12 15:28:03,16939,16939,16939,2,0
2023-06-12 15:28:03,16939,16939,16939,4,0
2023-06-12 15:28:04,16939,16939,16939,2,0
2023-06-12 15:28:06,16939,16939,16939,2,0
2023-06-12 15:28:10,16938,16938,16938,2,-2
2023-06-12 15:28:10,16938,16938,16938,2,0
2023-06-12 15:28:23,16937,16937,16937,2,-2
2023-06-12 15:28:23,16937,16937,16937,2,0
2023-06-12 15:28:23,16937,16937,16937,8,0
2023-06-12 15:28:23,16937,16937,16937,2,0
2023-06-12 15:28:23,16937,16937,16937,2,0
2023-06-12 15:28:23,16937,16937,16937,2,0
2023-06-12 15:28:39,16936,16936,16936,2,-2
2023-06-12 15:28:42,16936,16936,16936,2,0
2023-06-12 15:28:47,16937,16937,16937,2,2
2023-06-12 15:28:48,16938,16938,16938,2,2
2023-06-12 15:28:52,16938,16938,16938,2,0
2023-06-12 15:28:56,16939,16939,16939,2,2
2023-06-12 15:28:57,16939,16939,16939,2,0
2023-06-12 15:29:19,16939,16939,16939,2,0
2023-06-12 15:29:26,16939,16939,16939,2,0
2023-06-12 15:29:34,16939,16939,16939,2,0
2023-06-12 15:29:36,16939,16939,16939,2,0
2023-06-12 15:29:37,16939,16939,16939,2,0
2023-06-12 15:29:51,16939,16939,16939,2,0
2023-06-12 15:29:51,16939,16939,16939,2,0
2023-06-12 15:30:00,16938,16938,16938,4,-4
2023-06-12 15:30:00,16938,16938,16938,2,0
2023-06-12 15:30:00,16938,16938,16938,2,0
2023-06-12 15:30:03,16938,16938,16938,2,0
2023-06-12 15:30:04,16937,16937,16937,2,-2
2023-06-12 15:30:13,16938,16938,16938,2,2
2023-06-12 15:30:22,16939,16939,16939,2,2
2023-06-12 15:30:23,16940,16940,16940,6,6
2023-06-12 15:30:23,16940,16940,16940,2,0
2023-06-12 15:30:23,16940,16940,16940,2,0
2023-06-12 15:30:23,16940,16940,16940,10,0
2023-06-12 15:30:23,16941,16941,16941,8,8
2023-06-12 15:30:24,16941,16941,16941,2,0
2023-06-12 15:30:26,16941,16941,16941,2,0
2023-06-12 15:30:36,16941,16941,16941,2,0
2023-06-12 15:30:39,16940,16940,16940,2,-2
2023-06-12 15:30:40,16941,16941,16941,4,4
2023-06-12 15:30:47,16940,16940,16940,4,-4
2023-06-12 15:30:47,16940,16940,16940,2,0
2023-06-12 15:30:49,16940,16940,16940,2,0
2023-06-12 15:30:54,16940,16940,16940,2,0
2023-06-12 15:30:55,16941,16941,16941,8,8
2023-06-12 15:30:58,16941,16941,16941,4,0
2023-06-12 15:31:00,16940,16940,16940,2,-2
2023-06-12 15:31:00,16940,16940,16940,6,0
2023-06-12 15:31:02,16940,16940,16940,30,0
2023-06-12 15:31:03,16941,16941,16941,2,2
2023-06-12 15:31:04,16940,16940,16940,2,-2
2023-06-12 15:31:05,16941,16941,16941,8,8
2023-06-12 15:31:17,16941,16941,16941,2,0
2023-06-12 15:31:20,16941,16941,16941,2,0
2023-06-12 15:31:21,16941,16941,16941,2,0
2023-06-12 15:31:22,16941,16941,16941,2,0
2023-06-12 15:31:25,16941,16941,16941,2,0
2023-06-12 15:31:29,16940,16940,16940,2,-2
2023-06-12 15:31:30,16941,16941,16941,2,2
2023-06-12 15:31:34,16941,16941,16941,2,0
2023-06-12 15:31:34,16941,16941,16941,2,0
2023-06-12 15:31:34,16942,16942,16942,2,2
2023-06-12 15:31:34,16942,16942,16942,4,0
2023-06-12 15:31:34,16942,16942,16942,2,0
2023-06-12 15:31:34,16942,16942,16942,4,0
2023-06-12 15:31:34,16942,16942,16942,10,0
2023-06-12 15:31:34,16943,16943,16943,2,2
2023-06-12 15:31:34,16943,16943,16943,2,0
2023-06-12 15:31:34,16943,16943,16943,4,0
2023-06-12 15:31:34,16944,16944,16944,6,6
2023-06-12 15:31:34,16944,16944,16944,2,0
2023-06-12 15:31:34,16944,16944,16944,2,0
2023-06-12 15:31:40,16944,16944,16944,2,0
2023-06-12 15:31:40,16944,16944,16944,6,0
2023-06-12 15:31:40,16944,16944,16944,2,0
2023-06-12 15:31:40,16944,16944,16944,2,0
2023-06-12 15:31:45,16944,16944,16944,2,0
2023-06-12 15:31:45,16944,16944,16944,2,0
2023-06-12 15:31:45,16944,16944,16944,6,0
2023-06-12 15:31:45,16944,16944,16944,4,0
2023-06-12 15:31:45,16944,16944,16944,2,0
2023-06-12 15:31:45,16944,16944,16944,2,0
2023-06-12 15:31:46,16944,16944,16944,2,0
2023-06-12 15:31:48,16943,16943,16943,2,-2
2023-06-12 15:31:48,16944,16944,16944,6,6
2023-06-12 15:31:49,16944,16944,16944,4,0
2023-06-12 15:31:50,16943,16943,16943,2,-2
2023-06-12 15:31:51,16943,16943,16943,2,0
2023-06-12 15:31:59,16943,16943,16943,2,0
2023-06-12 15:32:02,16943,16943,16943,2,0
2023-06-12 15:32:02,16943,16943,16943,2,0
2023-06-12 15:32:02,16943,16943,16943,2,0
2023-06-12 15:32:03,16943,16943,16943,2,0
2023-06-12 15:32:07,16943,16943,16943,4,0
2023-06-12 15:32:08,16944,16944,16944,4,4
2023-06-12 15:32:10,16943,16943,16943,2,-2
2023-06-12 15:32:20,16944,16944,16944,2,2
2023-06-12 15:32:20,16944,16944,16944,2,0
2023-06-12 15:32:35,16943,16943,16943,2,-2
2023-06-12 15:32:35,16943,16943,16943,2,0
2023-06-12 15:32:35,16943,16943,16943,2,0
2023-06-12 15:32:35,16943,16943,16943,4,0
2023-06-12 15:32:35,16943,16943,16943,2,0
2023-06-12 15:32:40,16943,16943,16943,2,0
2023-06-12 15:32:44,16943,16943,16943,2,0
2023-06-12 15:32:44,16943,16943,16943,2,0
2023-06-12 15:32:50,16944,16944,16944,2,2
2023-06-12 15:32:52,16943,16943,16943,2,-2
2023-06-12 15:32:52,16943,16943,16943,2,0
2023-06-12 15:32:52,16943,16943,16943,2,0
2023-06-12 15:32:52,16943,16943,16943,2,0
2023-06-12 15:32:52,16943,16943,16943,2,0
2023-06-12 15:32:53,16943,16943,16943,2,0
2023-06-12 15:33:07,16942,16942,16942,2,-2
2023-06-12 15:33:09,16943,16943,16943,4,4
2023-06-12 15:33:40,16944,16944,16944,2,2
2023-06-12 15:33:43,16943,16943,16943,2,-2
2023-06-12 15:33:58,16943,16943,16943,2,0
2023-06-12 15:34:00,16944,16944,16944,2,2
2023-06-12 15:34:01,16944,16944,16944,2,0
2023-06-12 15:34:06,16945,16945,16945,4,4
2023-06-12 15:34:06,16945,16945,16945,2,0
2023-06-12 15:34:06,16945,16945,16945,2,0
2023-06-12 15:34:06,16945,16945,16945,2,0
2023-06-12 15:34:06,16945,16945,16945,6,0
2023-06-12 15:34:11,16945,16945,16945,2,0
2023-06-12 15:34:14,16944,16944,16944,2,-2
2023-06-12 15:34:19,16944,16944,16944,2,0
2023-06-12 15:34:19,16945,16945,16945,2,2
2023-06-12 15:34:43,16945,16945,16945,4,0
2023-06-12 15:34:43,16945,16945,16945,2,0
2023-06-12 15:34:43,16945,16945,16945,2,0
2023-06-12 15:34:45,16946,16946,16946,8,8
2023-06-12 15:35:00,16946,16946,16946,4,0
2023-06-12 15:35:01,16946,16946,16946,2,0
2023-06-12 15:35:03,16946,16946,16946,2,0
2023-06-12 15:35:08,16946,16946,16946,2,0
2023-06-12 15:35:10,16946,16946,16946,2,0
2023-06-12 15:35:10,16946,16946,16946,2,0
2023-06-12 15:35:14,16946,16946,16946,2,0
2023-06-12 15:35:32,16943,16943,16943,2,-2
2023-06-12 15:35:32,16943,16943,16943,4,0
2023-06-12 15:35:32,16943,16943,16943,2,0
2023-06-12 15:35:34,16943,16943,16943,2,0
2023-06-12 15:35:36,16943,16943,16943,2,0
2023-06-12 15:35:54,16943,16943,16943,4,0
2023-06-12 15:36:00,16944,16944,16944,4,4
2023-06-12 15:36:11,16944,16944,16944,2,0
2023-06-12 15:36:12,16946,16946,16946,4,4
2023-06-12 15:36:17,16945,16945,16945,4,-4
2023-06-12 15:36:26,16945,16945,16945,2,0
2023-06-12 15:36:37,16943,16943,16943,2,-2
2023-06-12 15:36:53,16943,16943,16943,2,0
2023-06-12 15:36:53,16943,16943,16943,2,0
2023-06-12 15:36:54,16942,16942,16942,2,-2
2023-06-12 15:37:05,16942,16942,16942,2,0
2023-06-12 15:37:10,16942,16942,16942,2,0
2023-06-12 15:37:10,16942,16942,16942,2,0
2023-06-12 15:37:11,16942,16942,16942,4,0
2023-06-12 15:37:11,16942,16942,16942,2,0
2023-06-12 15:37:17,16942,16942,16942,2,0
2023-06-12 15:37:19,16942,16942,16942,2,0
2023-06-12 15:37:23,16942,16942,16942,2,0
2023-06-12 15:37:25,16942,16942,16942,2,0
2023-06-12 15:37:30,16943,16943,16943,6,6
2023-06-12 15:37:32,16943,16943,16943,2,0
2023-06-12 15:37:32,16944,16944,16944,12,12
2023-06-12 15:37:32,16944,16944,16944,8,0
2023-06-12 15:37:32,16944,16944,16944,4,0
2023-06-12 15:37:32,16944,16944,16944,4,0
2023-06-12 15:37:36,16945,16945,16945,2,2
2023-06-12 15:37:43,16945,16945,16945,2,0
2023-06-12 15:37:43,16945,16945,16945,2,0
2023-06-12 15:37:44,16945,16945,16945,2,0
2023-06-12 15:37:59,16945,16945,16945,2,0
2023-06-12 15:38:01,16947,16947,16947,2,2
2023-06-12 15:38:02,16947,16947,16947,2,0
2023-06-12 15:38:10,16947,16947,16947,4,0
2023-06-12 15:38:15,16947,16947,16947,2,0
2023-06-12 15:38:18,16947,16947,16947,14,0
2023-06-12 15:38:21,16948,16948,16948,4,4
2023-06-12 15:38:27,16948,16948,16948,2,0
2023-06-12 15:38:28,16947,16947,16947,2,-2
2023-06-12 15:38:44,16947,16947,16947,2,0
2023-06-12 15:38:58,16947,16947,16947,8,0
2023-06-12 15:38:58,16948,16948,16948,40,40
2023-06-12 15:39:01,16948,16948,16948,2,0
2023-06-12 15:39:01,16949,16949,16949,2,2
2023-06-12 15:39:04,16949,16949,16949,12,0
2023-06-12 15:39:05,16950,16950,16950,2,2
2023-06-12 15:39:10,16949,16949,16949,2,-2
2023-06-12 15:39:10,16949,16949,16949,2,0
2023-06-12 15:39:17,16949,16949,16949,2,0
2023-06-12 15:39:20,16949,16949,16949,6,0
2023-06-12 15:39:22,16949,16949,16949,20,0
2023-06-12 15:39:22,16949,16949,16949,2,0
2023-06-12 15:39:22,16949,16949,16949,2,0
2023-06-12 15:39:23,16949,16949,16949,2,0
2023-06-12 15:39:33,16948,16948,16948,2,-2
2023-06-12 15:39:37,16949,16949,16949,2,2
2023-06-12 15:39:47,16948,16948,16948,2,-2
2023-06-12 15:39:51,16948,16948,16948,4,0
2023-06-12 15:39:51,16948,16948,16948,16,0
2023-06-12 15:39:53,16948,16948,16948,2,0
2023-06-12 15:40:08,16948,16948,16948,2,0
2023-06-12 15:40:09,16948,16948,16948,2,0
2023-06-12 15:40:26,16949,16949,16949,2,2
2023-06-12 15:40:26,16950,16950,16950,6,6
2023-06-12 15:40:31,16950,16950,16950,2,0
2023-06-12 15:40:34,16950,16950,16950,4,0
2023-06-12 15:40:39,16950,16950,16950,2,0
2023-06-12 15:40:40,16950,16950,16950,6,0
2023-06-12 15:40:40,16950,16950,16950,4,0
2023-06-12 15:40:43,16950,16950,16950,2,0
2023-06-12 15:40:46,16949,16949,16949,2,-2
2023-06-12 15:40:47,16950,16950,16950,8,8
2023-06-12 15:40:54,16948,16948,16948,2,-2
2023-06-12 15:40:54,16948,16948,16948,2,0
2023-06-12 15:40:54,16948,16948,16948,2,0
2023-06-12 15:40:55,16949,16949,16949,2,2
2023-06-12 15:41:02,16948,16948,16948,2,-2
2023-06-12 15:41:11,16949,16949,16949,2,2
2023-06-12 15:41:54,16949,16949,16949,2,0
2023-06-12 15:41:57,16950,16950,16950,2,2
2023-06-12 15:42:02,16950,16950,16950,2,0
2023-06-12 15:42:02,16951,16951,16951,4,4
2023-06-12 15:42:04,16951,16951,16951,2,0
2023-06-12 15:42:08,16950,16950,16950,2,-2
2023-06-12 15:42:14,16951,16951,16951,10,10
2023-06-12 15:42:17,16951,16951,16951,2,0
2023-06-12 15:42:20,16951,16951,16951,4,0
2023-06-12 15:42:21,16951,16951,16951,2,0
2023-06-12 15:42:36,16951,16951,16951,2,0
2023-06-12 15:42:36,16951,16951,16951,6,0
2023-06-12 15:42:41,16951,16951,16951,6,0
2023-06-12 15:43:07,16952,16952,16952,2,2
2023-06-12 15:43:14,16951,16951,16951,2,-2
2023-06-12 15:43:14,16951,16951,16951,2,0
2023-06-12 15:43:14,16951,16951,16951,2,0
2023-06-12 15:43:14,16951,16951,16951,2,0
2023-06-12 15:43:14,16951,16951,16951,2,0
2023-06-12 15:43:15,16951,16951,16951,2,0
2023-06-12 15:43:32,16951,16951,16951,2,0
2023-06-12 15:43:35,16951,16951,16951,2,0
2023-06-12 15:43:46,16951,16951,16951,2,0
2023-06-12 15:43:47,16950,16950,16950,2,-2
2023-06-12 15:43:47,16950,16950,16950,2,0
2023-06-12 15:43:51,16950,16950,16950,2,0
2023-06-12 15:44:12,16950,16950,16950,2,0
2023-06-12 15:44:12,16950,16950,16950,2,0
2023-06-12 15:44:12,16950,16950,16950,2,0
2023-06-12 15:44:12,16950,16950,16950,12,0
2023-06-12 15:44:12,16950,16950,16950,2,0
2023-06-12 15:44:12,16950,16950,16950,12,0
2023-06-12 15:44:12,16950,16950,16950,18,0
2023-06-12 15:44:12,16950,16950,16950,18,0
2023-06-12 15:44:12,16950,16950,16950,24,0
2023-06-12 15:44:12,16950,16950,16950,2,0
2023-06-12 15:44:12,16950,16950,16950,12,0
2023-06-12 15:44:12,16950,16950,16950,2,0
2023-06-12 15:44:12,16950,16950,16950,2,0
2023-06-12 15:44:12,16949,16949,16949,2,-2
2023-06-12 15:44:12,16949,16949,16949,2,0
2023-06-12 15:44:12,16949,16949,16949,6,0
2023-06-12 15:44:12,16949,16949,16949,6,0
2023-06-12 15:44:12,16949,16949,16949,2,0
2023-06-12 15:44:12,16949,16949,16949,2,0
2023-06-12 15:44:12,16949,16949,16949,2,0
2023-06-12 15:44:12,16949,16949,16949,6,0
2023-06-12 15:44:19,16948,16948,16948,2,-2
2023-06-12 15:44:19,16949,16949,16949,8,8
2023-06-12 15:44:24,16949,16949,16949,2,0
2023-06-12 15:44:25,16950,16950,16950,2,2
2023-06-12 15:44:38,16949,16949,16949,2,-2
2023-06-12 15:44:49,16949,16949,16949,6,0
2023-06-12 15:44:51,16950,16950,16950,32,32
2023-06-12 15:44:59,16951,16951,16951,2,2
2023-06-12 15:45:02,16950,16950,16950,2,-2
2023-06-12 15:45:02,16951,16951,16951,2,2
2023-06-12 15:45:02,16951,16951,16951,2,0
2023-06-12 15:45:02,16951,16951,16951,2,0
2023-06-12 15:45:02,16951,16951,16951,4,0
2023-06-12 15:45:02,16951,16951,16951,2,0
2023-06-12 15:45:02,16951,16951,16951,2,0
2023-06-12 15:45:02,16952,16952,16952,2,2
2023-06-12 15:45:02,16952,16952,16952,2,0
2023-06-12 15:45:02,16952,16952,16952,2,0
2023-06-12 15:45:03,16952,16952,16952,2,0
2023-06-12 15:45:03,16952,16952,16952,2,0
2023-06-12 15:45:03,16952,16952,16952,2,0
2023-06-12 15:45:03,16952,16952,16952,2,0
2023-06-12 15:45:03,16953,16953,16953,2,2
2023-06-12 15:45:03,16952,16952,16952,2,-2
2023-06-12 15:45:03,16953,16953,16953,2,2
2023-06-12 15:45:03,16952,16952,16952,2,-2
2023-06-12 15:45:03,16953,16953,16953,2,2
2023-06-12 15:45:03,16953,16953,16953,2,0
2023-06-12 15:45:03,16953,16953,16953,2,0
2023-06-12 15:45:03,16953,16953,16953,2,0
2023-06-12 15:45:03,16953,16953,16953,2,0
2023-06-12 15:45:03,16953,16953,16953,2,0
2023-06-12 15:45:05,16952,16952,16952,2,-2
2023-06-12 15:45:05,16952,16952,16952,2,0
2023-06-12 15:45:07,16953,16953,16953,2,2
2023-06-12 15:45:08,16951,16951,16951,2,-2
2023-06-12 15:45:14,16951,16951,16951,2,0
2023-06-12 15:45:20,16952,16952,16952,2,2
2023-06-12 15:45:29,16952,16952,16952,4,0
2023-06-12 15:45:37,16952,16952,16952,2,0
2023-06-12 15:45:38,16952,16952,16952,2,0
2023-06-12 15:45:40,16953,16953,16953,4,4
2023-06-12 15:45:43,16952,16952,16952,2,-2
2023-06-12 15:45:44,16953,16953,16953,8,8
2023-06-12 15:45:44,16953,16953,16953,2,0
2023-06-12 15:45:45,16953,16953,16953,2,0
2023-06-12 15:45:45,16953,16953,16953,4,0
2023-06-12 15:45:46,16953,16953,16953,2,0
2023-06-12 15:45:47,16953,16953,16953,2,0
2023-06-12 15:45:47,16953,16953,16953,2,0
2023-06-12 15:46:00,16954,16954,16954,4,4
2023-06-12 15:46:00,16954,16954,16954,2,0
2023-06-12 15:46:00,16954,16954,16954,2,0
2023-06-12 15:46:00,16954,16954,16954,2,0
2023-06-12 15:46:00,16954,16954,16954,2,0
2023-06-12 15:46:00,16954,16954,16954,2,0
2023-06-12 15:46:00,16954,16954,16954,2,0
2023-06-12 15:46:00,16954,16954,16954,2,0
2023-06-12 15:46:00,16954,16954,16954,2,0
2023-06-12 15:46:00,16954,16954,16954,4,0
2023-06-12 15:46:00,16954,16954,16954,2,0
2023-06-12 15:46:01,16953,16953,16953,2,-2
2023-06-12 15:46:01,16954,16954,16954,2,2
2023-06-12 15:46:13,16954,16954,16954,2,0
2023-06-12 15:46:20,16955,16955,16955,2,2
2023-06-12 15:46:20,16955,16955,16955,2,0
2023-06-12 15:46:30,16955,16955,16955,2,0
2023-06-12 15:46:30,16955,16955,16955,2,0
2023-06-12 15:46:33,16955,16955,16955,4,0
2023-06-12 15:46:36,16955,16955,16955,2,0
2023-06-12 15:46:36,16955,16955,16955,20,0
2023-06-12 15:46:38,16955,16955,16955,2,0
2023-06-12 15:46:38,16956,16956,16956,2,2
2023-06-12 15:46:39,16956,16956,16956,8,0
2023-06-12 15:46:41,16956,16956,16956,2,0
2023-06-12 15:46:41,16956,16956,16956,8,0
2023-06-12 15:46:42,16956,16956,16956,2,0
2023-06-12 15:46:42,16956,16956,16956,6,0
2023-06-12 15:46:46,16955,16955,16955,10,-10
2023-06-12 15:46:46,16955,16955,16955,10,0
2023-06-12 15:46:46,16955,16955,16955,4,0
2023-06-12 15:46:46,16955,16955,16955,2,0
2023-06-12 15:46:49,16954,16954,16954,2,-2
2023-06-12 15:46:51,16955,16955,16955,2,2
2023-06-12 15:46:54,16955,16955,16955,2,0
2023-06-12 15:46:55,16954,16954,16954,2,-2
2023-06-12 15:46:55,16954,16954,16954,2,0
2023-06-12 15:46:58,16954,16954,16954,2,0
2023-06-12 15:47:02,16953,16953,16953,2,-2
2023-06-12 15:47:03,16954,16954,16954,2,2
2023-06-12 15:47:14,16954,16954,16954,6,0
2023-06-12 15:47:14,16954,16954,16954,2,0
2023-06-12 15:47:14,16954,16954,16954,2,0
2023-06-12 15:47:17,16954,16954,16954,2,0
2023-06-12 15:47:20,16955,16955,16955,6,6
2023-06-12 15:47:24,16955,16955,16955,8,0
2023-06-12 15:47:25,16955,16955,16955,2,0
2023-06-12 15:47:25,16955,16955,16955,2,0
2023-06-12 15:47:25,16955,16955,16955,2,0
2023-06-12 15:47:25,16954,16954,16954,2,-2
2023-06-12 15:47:27,16955,16955,16955,2,2
2023-06-12 15:47:27,16955,16955,16955,2,0
2023-06-12 15:47:34,16954,16954,16954,2,-2
2023-06-12 15:47:36,16955,16955,16955,2,2
2023-06-12 15:47:37,16955,16955,16955,2,0
2023-06-12 15:47:44,16954,16954,16954,2,-2
2023-06-12 15:47:45,16954,16954,16954,2,0
2023-06-12 15:47:51,16956,16956,16956,2,2
2023-06-12 15:47:53,16956,16956,16956,2,0
2023-06-12 15:48:00,16956,16956,16956,6,0
2023-06-12 15:48:00,16956,16956,16956,2,0
2023-06-12 15:48:00,16956,16956,16956,2,0
2023-06-12 15:48:00,16957,16957,16957,2,2
2023-06-12 15:48:00,16957,16957,16957,2,0
2023-06-12 15:48:06,16955,16955,16955,2,-2
2023-06-12 15:48:07,16956,16956,16956,2,2
2023-06-12 15:48:12,16956,16956,16956,2,0
2023-06-12 15:48:13,16956,16956,16956,2,0
2023-06-12 15:48:29,16956,16956,16956,2,0
2023-06-12 15:48:30,16956,16956,16956,8,0
2023-06-12 15:48:39,16956,16956,16956,2,0
2023-06-12 15:48:40,16956,16956,16956,2,0
2023-06-12 15:48:51,16955,16955,16955,2,-2
2023-06-12 15:48:51,16956,16956,16956,2,2
2023-06-12 15:48:57,16956,16956,16956,14,0
2023-06-12 15:48:57,16957,16957,16957,6,6
2023-06-12 15:48:59,16956,16956,16956,2,-2
2023-06-12 15:49:03,16956,16956,16956,2,0
2023-06-12 15:49:06,16956,16956,16956,2,0
2023-06-12 15:49:06,16957,16957,16957,10,10
2023-06-12 15:49:06,16957,16957,16957,2,0
2023-06-12 15:49:12,16956,16956,16956,4,-4
2023-06-12 15:49:17,16956,16956,16956,2,0
2023-06-12 15:49:17,16956,16956,16956,8,0
2023-06-12 15:49:19,16956,16956,16956,4,0
2023-06-12 15:49:20,16956,16956,16956,2,0
2023-06-12 15:49:23,16956,16956,16956,6,0
2023-06-12 15:49:23,16956,16956,16956,2,0
2023-06-12 15:49:33,16956,16956,16956,2,0
2023-06-12 15:49:33,16956,16956,16956,4,0
2023-06-12 15:49:33,16956,16956,16956,2,0
2023-06-12 15:49:33,16956,16956,16956,2,0
2023-06-12 15:49:33,16956,16956,16956,6,0
2023-06-12 15:49:37,16956,16956,16956,2,0
2023-06-12 15:49:37,16956,16956,16956,2,0
2023-06-12 15:49:45,16956,16956,16956,2,0
2023-06-12 15:49:46,16957,16957,16957,2,2
2023-06-12 15:49:55,16956,16956,16956,2,-2
2023-06-12 15:49:55,16956,16956,16956,4,0
2023-06-12 15:49:55,16956,16956,16956,2,0
2023-06-12 15:49:59,16956,16956,16956,2,0
2023-06-12 15:50:00,16956,16956,16956,2,0
2023-06-12 15:50:00,16956,16956,16956,2,0
2023-06-12 15:50:00,16956,16956,16956,2,0
2023-06-12 15:50:02,16956,16956,16956,2,0
2023-06-12 15:50:02,16957,16957,16957,2,2
2023-06-12 15:50:03,16957,16957,16957,2,0
2023-06-12 15:50:03,16956,16956,16956,2,-2
2023-06-12 15:50:04,16956,16956,16956,2,0
2023-06-12 15:50:06,16956,16956,16956,2,0
2023-06-12 15:50:08,16956,16956,16956,2,0
2023-06-12 15:50:13,16956,16956,16956,2,0
2023-06-12 15:50:13,16955,16955,16955,2,-2
2023-06-12 15:50:20,16956,16956,16956,2,2
2023-06-12 15:50:24,16955,16955,16955,2,-2
2023-06-12 15:50:24,16955,16955,16955,2,0
2023-06-12 15:50:35,16955,16955,16955,2,0
2023-06-12 15:50:35,16955,16955,16955,2,0
2023-06-12 15:50:35,16955,16955,16955,2,0
2023-06-12 15:50:40,16956,16956,16956,4,4
2023-06-12 15:50:48,16955,16955,16955,2,-2
2023-06-12 15:50:50,16955,16955,16955,8,0
2023-06-12 15:50:52,16956,16956,16956,2,2
2023-06-12 15:50:52,16956,16956,16956,2,0
2023-06-12 15:50:52,16956,16956,16956,4,0
2023-06-12 15:50:52,16956,16956,16956,2,0
2023-06-12 15:50:52,16956,16956,16956,2,0
2023-06-12 15:50:52,16956,16956,16956,6,0
2023-06-12 15:50:52,16956,16956,16956,2,0
2023-06-12 15:50:53,16957,16957,16957,4,4
2023-06-12 15:50:53,16957,16957,16957,4,0
2023-06-12 15:50:53,16957,16957,16957,2,0
2023-06-12 15:50:56,16956,16956,16956,2,-2
2023-06-12 15:51:00,16957,16957,16957,6,6
2023-06-12 15:51:01,16956,16956,16956,2,-2
2023-06-12 15:51:04,16957,16957,16957,4,4
2023-06-12 15:51:06,16956,16956,16956,6,-6
2023-06-12 15:51:12,16957,16957,16957,10,10
2023-06-12 15:51:12,16957,16957,16957,6,0
2023-06-12 15:51:12,16957,16957,16957,4,0
2023-06-12 15:51:21,16957,16957,16957,2,0
2023-06-12 15:51:27,16958,16958,16958,8,8
2023-06-12 15:51:27,16958,16958,16958,2,0
2023-06-12 15:51:27,16958,16958,16958,2,0
2023-06-12 15:51:29,16958,16958,16958,2,0
2023-06-12 15:51:29,16958,16958,16958,2,0
2023-06-12 15:51:29,16958,16958,16958,6,0
2023-06-12 15:51:29,16958,16958,16958,2,0
2023-06-12 15:51:29,16958,16958,16958,2,0
2023-06-12 15:51:29,16958,16958,16958,2,0
2023-06-12 15:51:29,16958,16958,16958,2,0
2023-06-12 15:51:29,16958,16958,16958,30,0
2023-06-12 15:51:30,16959,16959,16959,12,12
2023-06-12 15:51:30,16960,16960,16960,2,2
2023-06-12 15:51:30,16960,16960,16960,2,0
2023-06-12 15:51:30,16960,16960,16960,2,0
2023-06-12 15:51:30,16960,16960,16960,2,0
2023-06-12 15:51:30,16960,16960,16960,2,0
2023-06-12 15:51:31,16960,16960,16960,6,0
2023-06-12 15:51:31,16960,16960,16960,2,0
2023-06-12 15:51:31,16960,16960,16960,2,0
2023-06-12 15:51:31,16960,16960,16960,2,0
2023-06-12 15:51:31,16960,16960,16960,2,0
2023-06-12 15:51:32,16960,16960,16960,4,0
2023-06-12 15:51:32,16960,16960,16960,6,0
2023-06-12 15:51:33,16960,16960,16960,2,0
2023-06-12 15:51:38,16960,16960,16960,8,0
2023-06-12 15:51:42,16960,16960,16960,2,0
2023-06-12 15:51:42,16960,16960,16960,2,0
2023-06-12 15:51:44,16960,16960,16960,4,0
2023-06-12 15:51:45,16960,16960,16960,4,0
2023-06-12 15:51:50,16961,16961,16961,12,12
2023-06-12 15:51:50,16961,16961,16961,8,0
2023-06-12 15:51:50,16962,16962,16962,4,4
2023-06-12 15:51:50,16962,16962,16962,2,0
2023-06-12 15:51:50,16962,16962,16962,2,0
2023-06-12 15:51:50,16962,16962,16962,4,0
2023-06-12 15:51:50,16962,16962,16962,2,0
2023-06-12 15:51:51,16961,16961,16961,2,-2
2023-06-12 15:51:51,16961,16961,16961,2,0
2023-06-12 15:51:53,16962,16962,16962,2,2
2023-06-12 15:51:54,16961,16961,16961,2,-2
2023-06-12 15:51:57,16963,16963,16963,2,2
2023-06-12 15:51:57,16963,16963,16963,2,0
2023-06-12 15:51:57,16963,16963,16963,2,0
2023-06-12 15:51:57,16963,16963,16963,2,0
2023-06-12 15:51:57,16963,16963,16963,4,0
2023-06-12 15:52:00,16963,16963,16963,2,0
2023-06-12 15:52:00,16962,16962,16962,2,-2
2023-06-12 15:52:01,16963,16963,16963,2,2
2023-06-12 15:52:01,16963,16963,16963,2,0
2023-06-12 15:52:01,16962,16962,16962,2,-2
2023-06-12 15:52:02,16963,16963,16963,2,2
2023-06-12 15:52:05,16963,16963,16963,2,0
2023-06-12 15:52:06,16964,16964,16964,2,2
2023-06-12 15:52:06,16964,16964,16964,2,0
2023-06-12 15:52:06,16964,16964,16964,4,0
2023-06-12 15:52:06,16964,16964,16964,4,0
2023-06-12 15:52:06,16964,16964,16964,4,0
2023-06-12 15:52:07,16963,16963,16963,2,-2
2023-06-12 15:52:09,16964,16964,16964,4,4
2023-06-12 15:52:10,16964,16964,16964,2,0
2023-06-12 15:52:12,16964,16964,16964,2,0
2023-06-12 15:52:12,16964,16964,16964,2,0
2023-06-12 15:52:16,16964,16964,16964,4,0
2023-06-12 15:52:16,16964,16964,16964,2,0
2023-06-12 15:52:17,16965,16965,16965,6,6
2023-06-12 15:52:18,16965,16965,16965,2,0
2023-06-12 15:52:18,16964,16964,16964,2,-2
2023-06-12 15:52:18,16964,16964,16964,2,0
2023-06-12 15:52:18,16964,16964,16964,2,0
2023-06-12 15:52:19,16964,16964,16964,2,0
2023-06-12 15:52:20,16965,16965,16965,6,6
2023-06-12 15:52:22,16964,16964,16964,2,-2
2023-06-12 15:52:23,16965,16965,16965,6,6
2023-06-12 15:52:27,16965,16965,16965,6,0
2023-06-12 15:52:29,16964,16964,16964,2,-2
2023-06-12 15:52:29,16964,16964,16964,2,0
2023-06-12 15:52:29,16964,16964,16964,2,0
2023-06-12 15:52:29,16964,16964,16964,2,0
2023-06-12 15:52:29,16964,16964,16964,4,0
2023-06-12 15:52:29,16964,16964,16964,2,0
2023-06-12 15:52:31,16963,16963,16963,2,-2
2023-06-12 15:52:32,16964,16964,16964,10,10
2023-06-12 15:52:33,16964,16964,16964,2,0
2023-06-12 15:52:40,16965,16965,16965,6,6
2023-06-12 15:52:42,16965,16965,16965,2,0
2023-06-12 15:52:45,16964,16964,16964,2,-2
2023-06-12 15:52:46,16964,16964,16964,2,0
2023-06-12 15:52:46,16965,16965,16965,6,6
2023-06-12 15:52:53,16965,16965,16965,2,0
2023-06-12 15:52:53,16965,16965,16965,4,0
2023-06-12 15:52:53,16965,16965,16965,10,0
2023-06-12 15:52:53,16965,16965,16965,4,0
2023-06-12 15:52:53,16965,16965,16965,18,0
2023-06-12 15:52:53,16965,16965,16965,2,0
2023-06-12 15:52:53,16966,16966,16966,4,4
2023-06-12 15:52:53,16966,16966,16966,4,0
2023-06-12 15:52:53,16966,16966,16966,2,0
2023-06-12 15:52:53,16966,16966,16966,2,0
2023-06-12 15:52:54,16966,16966,16966,4,0
2023-06-12 15:52:54,16967,16967,16967,8,8
2023-06-12 15:52:54,16967,16967,16967,2,0
2023-06-12 15:52:54,16967,16967,16967,2,0
2023-06-12 15:52:57,16966,16966,16966,2,-2
2023-06-12 15:52:57,16966,16966,16966,4,0
2023-06-12 15:52:58,16966,16966,16966,2,0
2023-06-12 15:52:59,16967,16967,16967,2,2
2023-06-12 15:52:59,16967,16967,16967,2,0
2023-06-12 15:52:59,16966,16966,16966,2,-2
2023-06-12 15:53:00,16967,16967,16967,8,8
2023-06-12 15:53:00,16967,16967,16967,2,0
2023-06-12 15:53:02,16966,16966,16966,2,-2
2023-06-12 15:53:02,16966,16966,16966,2,0
2023-06-12 15:53:02,16966,16966,16966,2,0
2023-06-12 15:53:02,16966,16966,16966,2,0
2023-06-12 15:53:02,16966,16966,16966,4,0
2023-06-12 15:53:03,16967,16967,16967,6,6
2023-06-12 15:53:03,16965,16965,16965,2,-2
2023-06-12 15:53:05,16967,16967,16967,2,2
2023-06-12 15:53:07,16966,16966,16966,2,-2
2023-06-12 15:53:08,16967,16967,16967,2,2
2023-06-12 15:53:09,16966,16966,16966,2,-2
2023-06-12 15:53:09,16966,16966,16966,2,0
2023-06-12 15:53:09,16966,16966,16966,2,0
2023-06-12 15:53:11,16966,16966,16966,2,0
2023-06-12 15:53:13,16967,16967,16967,2,2
2023-06-12 15:53:13,16967,16967,16967,2,0
2023-06-12 15:53:14,16967,16967,16967,10,0
2023-06-12 15:53:24,16966,16966,16966,2,-2
2023-06-12 15:53:24,16966,16966,16966,2,0
2023-06-12 15:53:24,16966,16966,16966,2,0
2023-06-12 15:53:26,16966,16966,16966,2,0
2023-06-12 15:53:26,16967,16967,16967,2,2
2023-06-12 15:53:27,16966,16966,16966,4,-4
2023-06-12 15:53:27,16966,16966,16966,2,0
2023-06-12 15:53:28,16967,16967,16967,4,4
2023-06-12 15:53:28,16966,16966,16966,2,-2
2023-06-12 15:53:32,16966,16966,16966,2,0
2023-06-12 15:53:32,16966,16966,16966,2,0
2023-06-12 15:53:32,16966,16966,16966,2,0
2023-06-12 15:53:32,16966,16966,16966,2,0
2023-06-12 15:53:32,16966,16966,16966,4,0
2023-06-12 15:53:32,16966,16966,16966,2,0
2023-06-12 15:53:32,16965,16965,16965,2,-2
2023-06-12 15:53:32,16965,16965,16965,2,0
2023-06-12 15:53:32,16965,16965,16965,4,0
2023-06-12 15:53:32,16965,16965,16965,6,0
2023-06-12 15:53:32,16965,16965,16965,2,0
2023-06-12 15:53:32,16965,16965,16965,4,0
2023-06-12 15:53:32,16965,16965,16965,2,0
2023-06-12 15:53:32,16965,16965,16965,2,0
2023-06-12 15:53:32,16965,16965,16965,2,0
2023-06-12 15:53:32,16965,16965,16965,2,0
2023-06-12 15:53:32,16965,16965,16965,2,0
2023-06-12 15:53:32,16965,16965,16965,2,0
2023-06-12 15:53:32,16965,16965,16965,10,0
2023-06-12 15:53:32,16965,16965,16965,2,0
2023-06-12 15:53:32,16964,16964,16964,2,-2
2023-06-12 15:53:32,16964,16964,16964,6,0
2023-06-12 15:53:32,16964,16964,16964,4,0
2023-06-12 15:53:32,16964,16964,16964,2,0
2023-06-12 15:53:32,16964,16964,16964,2,0
2023-06-12 15:53:32,16964,16964,16964,2,0
2023-06-12 15:53:32,16964,16964,16964,2,0
2023-06-12 15:53:32,16964,16964,16964,2,0
2023-06-12 15:53:32,16964,16964,16964,4,0
2023-06-12 15:53:32,16964,16964,16964,6,0
2023-06-12 15:53:32,16964,16964,16964,2,0
2023-06-12 15:53:32,16964,16964,16964,2,0
2023-06-12 15:53:32,16964,16964,16964,2,0
2023-06-12 15:53:32,16964,16964,16964,2,0
2023-06-12 15:53:32,16965,16965,16965,2,2
2023-06-12 15:53:32,16965,16965,16965,2,0
2023-06-12 15:53:33,16965,16965,16965,4,0
2023-06-12 15:53:33,16965,16965,16965,2,0
2023-06-12 15:53:33,16965,16965,16965,2,0
2023-06-12 15:53:35,16965,16965,16965,2,0
2023-06-12 15:53:35,16965,16965,16965,2,0
2023-06-12 15:53:36,16966,16966,16966,4,4
2023-06-12 15:53:40,16966,16966,16966,2,0
2023-06-12 15:53:43,16965,16965,16965,2,-2
2023-06-12 15:53:43,16965,16965,16965,2,0
2023-06-12 15:53:43,16965,16965,16965,2,0
2023-06-12 15:53:47,16965,16965,16965,2,0
2023-06-12 15:53:52,16965,16965,16965,2,0
2023-06-12 15:53:54,16966,16966,16966,2,2
2023-06-12 15:53:54,16965,16965,16965,2,-2
2023-06-12 15:54:00,16964,16964,16964,2,-2
2023-06-12 15:54:00,16964,16964,16964,2,0
2023-06-12 15:54:08,16963,16963,16963,2,-2
2023-06-12 15:54:08,16963,16963,16963,2,0
2023-06-12 15:54:08,16963,16963,16963,8,0
2023-06-12 15:54:08,16963,16963,16963,2,0
2023-06-12 15:54:08,16963,16963,16963,2,0
2023-06-12 15:54:12,16964,16964,16964,2,2
2023-06-12 15:54:13,16963,16963,16963,2,-2
2023-06-12 15:54:13,16963,16963,16963,2,0
2023-06-12 15:54:13,16963,16963,16963,2,0
2023-06-12 15:54:13,16963,16963,16963,2,0
2023-06-12 15:54:13,16963,16963,16963,2,0
2023-06-12 15:54:13,16963,16963,16963,2,0
2023-06-12 15:54:13,16963,16963,16963,2,0
2023-06-12 15:54:13,16963,16963,16963,2,0
2023-06-12 15:54:13,16963,16963,16963,2,0
2023-06-12 15:54:13,16963,16963,16963,8,0
2023-06-12 15:54:13,16963,16963,16963,2,0
2023-06-12 15:54:13,16963,16963,16963,2,0
2023-06-12 15:54:13,16963,16963,16963,2,0
2023-06-12 15:54:13,16963,16963,16963,6,0
2023-06-12 15:54:13,16963,16963,16963,12,0
2023-06-12 15:54:13,16963,16963,16963,2,0
2023-06-12 15:54:13,16963,16963,16963,2,0
2023-06-12 15:54:13,16963,16963,16963,2,0
2023-06-12 15:54:13,16963,16963,16963,2,0
2023-06-12 15:54:13,16963,16963,16963,2,0
2023-06-12 15:54:13,16963,16963,16963,2,0
2023-06-12 15:54:13,16963,16963,16963,2,0
2023-06-12 15:54:13,16963,16963,16963,2,0
2023-06-12 15:54:15,16963,16963,16963,4,0
2023-06-12 15:54:16,16962,16962,16962,2,-2
2023-06-12 15:54:16,16962,16962,16962,2,0
2023-06-12 15:54:16,16963,16963,16963,2,2
2023-06-12 15:54:25,16964,16964,16964,2,2
2023-06-12 15:54:34,16964,16964,16964,2,0
2023-06-12 15:54:36,16963,16963,16963,2,-2
2023-06-12 15:54:39,16964,16964,16964,2,2
2023-06-12 15:54:41,16964,16964,16964,2,0
2023-06-12 15:54:44,16963,16963,16963,2,-2
2023-06-12 15:54:44,16964,16964,16964,2,2
2023-06-12 15:54:47,16963,16963,16963,2,-2
2023-06-12 15:54:47,16962,16962,16962,2,-2
2023-06-12 15:54:47,16962,16962,16962,2,0
2023-06-12 15:54:47,16962,16962,16962,2,0
2023-06-12 15:54:48,16962,16962,16962,2,0
2023-06-12 15:54:55,16962,16962,16962,2,0
2023-06-12 15:54:57,16962,16962,16962,2,0
2023-06-12 15:55:04,16962,16962,16962,2,0
2023-06-12 15:55:05,16963,16963,16963,2,2
2023-06-12 15:55:06,16963,16963,16963,6,0
2023-06-12 15:55:09,16963,16963,16963,2,0
2023-06-12 15:55:10,16963,16963,16963,2,0
2023-06-12 15:55:10,16963,16963,16963,2,0
2023-06-12 15:55:10,16963,16963,16963,2,0
2023-06-12 15:55:14,16964,16964,16964,2,2
2023-06-12 15:55:20,16962,16962,16962,2,-2
2023-06-12 15:55:26,16963,16963,16963,2,2
2023-06-12 15:55:33,16962,16962,16962,2,-2
2023-06-12 15:55:41,16963,16963,16963,2,2
2023-06-12 15:55:42,16963,16963,16963,2,0
2023-06-12 15:55:45,16962,16962,16962,2,-2
2023-06-12 15:55:48,16962,16962,16962,2,0
2023-06-12 15:55:55,16963,16963,16963,2,2
2023-06-12 15:55:55,16962,16962,16962,2,-2
2023-06-12 15:55:55,16962,16962,16962,4,0
2023-06-12 15:55:55,16962,16962,16962,2,0
2023-06-12 15:56:01,16963,16963,16963,2,2
2023-06-12 15:56:18,16963,16963,16963,2,0
2023-06-12 15:56:19,16963,16963,16963,2,0
2023-06-12 15:56:22,16962,16962,16962,2,-2
2023-06-12 15:56:22,16962,16962,16962,2,0
2023-06-12 15:56:22,16962,16962,16962,2,0
2023-06-12 15:56:22,16962,16962,16962,2,0
2023-06-12 15:56:25,16961,16961,16961,2,-2
2023-06-12 15:56:28,16961,16961,16961,2,0
2023-06-12 15:56:30,16961,16961,16961,2,0
2023-06-12 15:56:33,16961,16961,16961,2,0
2023-06-12 15:56:33,16961,16961,16961,14,0
2023-06-12 15:56:33,16961,16961,16961,4,0
2023-06-12 15:56:33,16961,16961,16961,2,0
2023-06-12 15:56:33,16961,16961,16961,2,0
2023-06-12 15:56:33,16961,16961,16961,4,0
2023-06-12 15:56:38,16961,16961,16961,2,0
2023-06-12 15:56:42,16960,16960,16960,2,-2
2023-06-12 15:56:42,16960,16960,16960,2,0
2023-06-12 15:56:42,16960,16960,16960,4,0
2023-06-12 15:56:42,16960,16960,16960,2,0
2023-06-12 15:56:42,16960,16960,16960,4,0
2023-06-12 15:56:42,16960,16960,16960,2,0
2023-06-12 15:56:42,16960,16960,16960,2,0
2023-06-12 15:56:42,16960,16960,16960,2,0
2023-06-12 15:56:43,16960,16960,16960,2,0
2023-06-12 15:56:44,16959,16959,16959,2,-2
2023-06-12 15:56:44,16959,16959,16959,2,0
2023-06-12 15:56:44,16959,16959,16959,2,0
2023-06-12 15:56:44,16959,16959,16959,4,0
2023-06-12 15:56:54,16959,16959,16959,2,0
2023-06-12 15:56:59,16959,16959,16959,2,0
2023-06-12 15:56:59,16959,16959,16959,4,0
2023-06-12 15:57:05,16959,16959,16959,4,0
2023-06-12 15:57:07,16959,16959,16959,2,0
2023-06-12 15:57:07,16959,16959,16959,2,0
2023-06-12 15:57:07,16959,16959,16959,2,0
2023-06-12 15:57:12,16959,16959,16959,2,0
2023-06-12 15:57:26,16959,16959,16959,2,0
2023-06-12 15:57:40,16959,16959,16959,2,0
2023-06-12 15:57:42,16959,16959,16959,2,0
2023-06-12 15:57:42,16959,16959,16959,2,0
2023-06-12 15:57:42,16959,16959,16959,4,0
2023-06-12 15:57:42,16959,16959,16959,2,0
2023-06-12 15:57:42,16959,16959,16959,4,0
2023-06-12 15:57:45,16958,16958,16958,2,-2
2023-06-12 15:57:45,16958,16958,16958,2,0
2023-06-12 15:57:45,16958,16958,16958,2,0
2023-06-12 15:57:45,16958,16958,16958,2,0
2023-06-12 15:57:45,16958,16958,16958,2,0
2023-06-12 15:57:45,16958,16958,16958,2,0
2023-06-12 15:57:46,16959,16959,16959,2,2
2023-06-12 15:57:50,16959,16959,16959,4,0
2023-06-12 15:57:59,16958,16958,16958,2,-2
2023-06-12 15:58:01,16958,16958,16958,2,0
2023-06-12 15:58:01,16958,16958,16958,2,0
2023-06-12 15:58:03,16958,16958,16958,2,0
2023-06-12 15:58:17,16958,16958,16958,4,0
2023-06-12 15:58:21,16958,16958,16958,2,0
2023-06-12 15:58:22,16959,16959,16959,16,16
2023-06-12 15:58:22,16959,16959,16959,4,0
2023-06-12 15:58:22,16959,16959,16959,20,0
2023-06-12 15:58:22,16959,16959,16959,2,0
2023-06-12 15:58:22,16959,16959,16959,24,0
2023-06-12 15:58:22,16959,16959,16959,2,0
2023-06-12 15:58:36,16959,16959,16959,2,0
2023-06-12 15:58:44,16960,16960,16960,2,2
2023-06-12 15:58:44,16960,16960,16960,8,0
2023-06-12 15:58:44,16960,16960,16960,6,0
2023-06-12 15:58:44,16960,16960,16960,2,0
2023-06-12 15:58:44,16960,16960,16960,2,0
2023-06-12 15:58:44,16960,16960,16960,4,0
2023-06-12 15:58:44,16960,16960,16960,2,0
2023-06-12 15:58:44,16960,16960,16960,2,0
2023-06-12 15:58:44,16960,16960,16960,2,0
2023-06-12 15:58:49,16961,16961,16961,4,4
2023-06-12 15:58:49,16961,16961,16961,2,0
2023-06-12 15:58:49,16962,16962,16962,2,2
2023-06-12 15:58:49,16962,16962,16962,2,0
2023-06-12 15:58:49,16962,16962,16962,2,0
2023-06-12 15:58:49,16962,16962,16962,2,0
2023-06-12 15:58:50,16962,16962,16962,18,0
2023-06-12 15:58:50,16962,16962,16962,2,0
2023-06-12 15:58:55,16962,16962,16962,2,0
2023-06-12 15:58:55,16961,16961,16961,2,-2
2023-06-12 15:58:58,16961,16961,16961,2,0
2023-06-12 15:59:00,16961,16961,16961,2,0
2023-06-12 15:59:04,16961,16961,16961,2,0
2023-06-12 15:59:04,16961,16961,16961,2,0
2023-06-12 15:59:04,16961,16961,16961,2,0
2023-06-12 15:59:12,16961,16961,16961,2,0
2023-06-12 15:59:23,16962,16962,16962,2,2
2023-06-12 15:59:24,16962,16962,16962,2,0
2023-06-12 15:59:24,16962,16962,16962,2,0
2023-06-12 15:59:24,16962,16962,16962,2,0
2023-06-12 15:59:24,16962,16962,16962,2,0
2023-06-12 15:59:24,16962,16962,16962,4,0
2023-06-12 15:59:27,16963,16963,16963,10,10
2023-06-12 15:59:27,16964,16964,16964,2,2
2023-06-12 15:59:27,16964,16964,16964,2,0
2023-06-12 15:59:27,16964,16964,16964,2,0
2023-06-12 15:59:29,16964,16964,16964,4,0
2023-06-12 15:59:29,16963,16963,16963,2,-2
2023-06-12 15:59:29,16962,16962,16962,2,-2
2023-06-12 15:59:29,16962,16962,16962,2,0
2023-06-12 15:59:32,16964,16964,16964,2,2
2023-06-12 15:59:32,16962,16962,16962,2,-2
2023-06-12 15:59:34,16962,16962,16962,2,0
2023-06-12 15:59:36,16964,16964,16964,2,2
2023-06-12 15:59:39,16962,16962,16962,2,-2
2023-06-12 15:59:45,16964,16964,16964,6,6
2023-06-12 15:59:45,16963,16963,16963,2,-2
2023-06-12 15:59:47,16964,16964,16964,2,2
2023-06-12 16:00:00,16965,16965,16965,12,12
2023-06-12 16:00:00,16965,16965,16965,2,0
2023-06-12 16:00:00,16965,16965,16965,4,0
2023-06-12 16:00:01,16964,16964,16964,2,-2
2023-06-12 16:00:03,16964,16964,16964,2,0
2023-06-12 16:00:03,16964,16964,16964,2,0
2023-06-12 16:00:03,16964,16964,16964,2,0
2023-06-12 16:00:04,16963,16963,16963,2,-2
2023-06-12 16:00:04,16963,16963,16963,2,0
2023-06-12 16:00:04,16963,16963,16963,2,0
2023-06-12 16:00:04,16962,16962,16962,2,-2
2023-06-12 16:00:04,16962,16962,16962,2,0
2023-06-12 16:00:04,16962,16962,16962,2,0
2023-06-12 16:00:04,16962,16962,16962,2,0
2023-06-12 16:00:06,16963,16963,16963,2,2
2023-06-12 16:00:09,16963,16963,16963,2,0
2023-06-12 16:00:09,16964,16964,16964,2,2
2023-06-12 16:00:09,16965,16965,16965,6,6
2023-06-12 16:00:09,16966,16966,16966,2,2
2023-06-12 16:00:09,16966,16966,16966,4,0
2023-06-12 16:00:09,16966,16966,16966,2,0
2023-06-12 16:00:09,16966,16966,16966,2,0
2023-06-12 16:00:09,16966,16966,16966,2,0
2023-06-12 16:00:09,16966,16966,16966,2,0
2023-06-12 16:00:09,16966,16966,16966,2,0
2023-06-12 16:00:09,16966,16966,16966,2,0
2023-06-12 16:00:09,16966,16966,16966,2,0
2023-06-12 16:00:09,16967,16967,16967,2,2
2023-06-12 16:00:09,16967,16967,16967,4,0
2023-06-12 16:00:09,16966,16966,16966,2,-2
2023-06-12 16:00:09,16967,16967,16967,2,2
2023-06-12 16:00:09,16966,16966,16966,2,-2
2023-06-12 16:00:10,16966,16966,16966,2,0
2023-06-12 16:00:10,16966,16966,16966,2,0
2023-06-12 16:00:10,16967,16967,16967,2,2
2023-06-12 16:00:10,16967,16967,16967,8,0
2023-06-12 16:00:10,16967,16967,16967,4,0
2023-06-12 16:00:10,16967,16967,16967,4,0
2023-06-12 16:00:10,16967,16967,16967,4,0
2023-06-12 16:00:10,16967,16967,16967,2,0
2023-06-12 16:00:10,16968,16968,16968,2,2
2023-06-12 16:00:10,16968,16968,16968,4,0
2023-06-12 16:00:10,16968,16968,16968,2,0
2023-06-12 16:00:10,16968,16968,16968,2,0
2023-06-12 16:00:10,16968,16968,16968,2,0
2023-06-12 16:00:10,16967,16967,16967,2,-2
2023-06-12 16:00:10,16967,16967,16967,2,0
2023-06-12 16:00:10,16967,16967,16967,2,0
2023-06-12 16:00:10,16967,16967,16967,2,0
2023-06-12 16:00:11,16967,16967,16967,2,0
2023-06-12 16:00:11,16967,16967,16967,2,0
2023-06-12 16:00:12,16966,16966,16966,2,-2
2023-06-12 16:00:12,16966,16966,16966,2,0
2023-06-12 16:00:26,16967,16967,16967,2,2
2023-06-12 16:00:26,16967,16967,16967,2,0
2023-06-12 16:00:26,16967,16967,16967,2,0
2023-06-12 16:00:26,16968,16968,16968,2,2
2023-06-12 16:00:26,16968,16968,16968,2,0
2023-06-12 16:00:27,16968,16968,16968,2,0
2023-06-12 16:00:29,16968,16968,16968,2,0
2023-06-12 16:00:30,16968,16968,16968,8,0
2023-06-12 16:00:30,16967,16967,16967,2,-2
2023-06-12 16:00:30,16967,16967,16967,2,0
2023-06-12 16:00:31,16968,16968,16968,2,2
2023-06-12 16:00:31,16968,16968,16968,4,0
2023-06-12 16:00:31,16968,16968,16968,2,0
2023-06-12 16:00:32,16968,16968,16968,2,0
2023-06-12 16:00:32,16968,16968,16968,10,0
2023-06-12 16:00:35,16969,16969,16969,2,2
2023-06-12 16:00:35,16969,16969,16969,2,0
2023-06-12 16:00:35,16969,16969,16969,2,0
2023-06-12 16:00:35,16969,16969,16969,2,0
2023-06-12 16:00:38,16969,16969,16969,2,0
2023-06-12 16:00:40,16969,16969,16969,6,0
2023-06-12 16:00:40,16969,16969,16969,18,0
2023-06-12 16:00:41,16969,16969,16969,2,0
2023-06-12 16:00:41,16969,16969,16969,4,0
2023-06-12 16:00:43,16969,16969,16969,2,0
2023-06-12 16:00:45,16968,16968,16968,4,-4
2023-06-12 16:00:45,16968,16968,16968,2,0
2023-06-12 16:00:45,16967,16967,16967,2,-2
2023-06-12 16:00:47,16969,16969,16969,10,10
2023-06-12 16:00:47,16969,16969,16969,2,0
2023-06-12 16:00:49,16969,16969,16969,4,0
2023-06-12 16:00:50,16969,16969,16969,10,0
2023-06-12 16:00:53,16968,16968,16968,2,-2
2023-06-12 16:00:57,16969,16969,16969,2,2
2023-06-12 16:01:00,16969,16969,16969,4,0
2023-06-12 16:01:00,16969,16969,16969,2,0
2023-06-12 16:01:00,16969,16969,16969,2,0
2023-06-12 16:01:05,16970,16970,16970,38,38
2023-06-12 16:01:05,16971,16971,16971,2,2
2023-06-12 16:01:05,16971,16971,16971,2,0
2023-06-12 16:01:05,16971,16971,16971,2,0
2023-06-12 16:01:05,16972,16972,16972,4,4
2023-06-12 16:01:05,16972,16972,16972,4,0
2023-06-12 16:01:05,16972,16972,16972,4,0
2023-06-12 16:01:05,16972,16972,16972,2,0
2023-06-12 16:01:07,16971,16971,16971,2,-2
2023-06-12 16:01:07,16971,16971,16971,2,0
2023-06-12 16:01:11,16970,16970,16970,2,-2
2023-06-12 16:01:16,16970,16970,16970,2,0
2023-06-12 16:01:16,16970,16970,16970,2,0
2023-06-12 16:01:16,16970,16970,16970,2,0
2023-06-12 16:01:17,16969,16969,16969,2,-2
2023-06-12 16:01:18,16970,16970,16970,2,2
2023-06-12 16:01:18,16970,16970,16970,2,0
2023-06-12 16:01:20,16971,16971,16971,2,2
2023-06-12 16:01:20,16970,16970,16970,2,-2
2023-06-12 16:01:21,16970,16970,16970,2,0
2023-06-12 16:01:26,16970,16970,16970,2,0
2023-06-12 16:01:27,16969,16969,16969,2,-2
2023-06-12 16:01:29,16970,16970,16970,4,4
2023-06-12 16:01:29,16969,16969,16969,2,-2
2023-06-12 16:01:29,16969,16969,16969,2,0
2023-06-12 16:01:34,16970,16970,16970,2,2
2023-06-12 16:01:36,16970,16970,16970,4,0
2023-06-12 16:01:36,16970,16970,16970,2,0
2023-06-12 16:01:36,16970,16970,16970,2,0
2023-06-12 16:01:36,16970,16970,16970,4,0
2023-06-12 16:01:36,16969,16969,16969,2,-2
2023-06-12 16:01:37,16971,16971,16971,2,2
2023-06-12 16:01:39,16970,16970,16970,4,-4
2023-06-12 16:01:40,16971,16971,16971,4,4
2023-06-12 16:01:40,16971,16971,16971,2,0
2023-06-12 16:01:43,16971,16971,16971,2,0
2023-06-12 16:01:50,16971,16971,16971,2,0
2023-06-12 16:01:51,16971,16971,16971,6,0
2023-06-12 16:01:51,16970,16970,16970,2,-2
2023-06-12 16:01:56,16970,16970,16970,2,0
2023-06-12 16:01:58,16970,16970,16970,2,0
2023-06-12 16:01:59,16971,16971,16971,2,2
2023-06-12 16:02:01,16971,16971,16971,30,0
2023-06-12 16:02:01,16972,16972,16972,10,10
2023-06-12 16:02:02,16970,16970,16970,4,-4
2023-06-12 16:02:02,16970,16970,16970,2,0
2023-06-12 16:02:10,16970,16970,16970,2,0
2023-06-12 16:02:10,16970,16970,16970,2,0
2023-06-12 16:02:10,16970,16970,16970,2,0
2023-06-12 16:02:14,16970,16970,16970,8,0
2023-06-12 16:02:17,16970,16970,16970,2,0
2023-06-12 16:02:18,16969,16969,16969,2,-2
2023-06-12 16:02:20,16970,16970,16970,2,2
2023-06-12 16:02:20,16970,16970,16970,18,0
2023-06-12 16:02:20,16971,16971,16971,32,32
2023-06-12 16:02:20,16972,16972,16972,50,50
2023-06-12 16:02:20,16971,16971,16971,2,-2
2023-06-12 16:02:21,16971,16971,16971,4,0
2023-06-12 16:02:24,16971,16971,16971,2,0
2023-06-12 16:02:25,16971,16971,16971,2,0
2023-06-12 16:02:26,16970,16970,16970,2,-2
2023-06-12 16:02:26,16971,16971,16971,2,2
2023-06-12 16:02:36,16971,16971,16971,18,0
2023-06-12 16:02:36,16972,16972,16972,46,46
2023-06-12 16:02:36,16973,16973,16973,36,36
2023-06-12 16:02:36,16973,16973,16973,10,0
2023-06-12 16:02:36,16972,16972,16972,4,-4
2023-06-12 16:02:36,16973,16973,16973,2,2
2023-06-12 16:02:38,16973,16973,16973,2,0
2023-06-12 16:02:38,16973,16973,16973,2,0
2023-06-12 16:02:39,16973,16973,16973,2,0
2023-06-12 16:02:40,16973,16973,16973,6,0
2023-06-12 16:02:40,16973,16973,16973,4,0
2023-06-12 16:02:40,16974,16974,16974,2,2
2023-06-12 16:02:40,16974,16974,16974,2,0
2023-06-12 16:02:40,16973,16973,16973,2,-2
2023-06-12 16:02:40,16973,16973,16973,2,0
2023-06-12 16:02:45,16972,16972,16972,2,-2
2023-06-12 16:02:45,16972,16972,16972,2,0
2023-06-12 16:02:45,16971,16971,16971,2,-2
2023-06-12 16:02:45,16971,16971,16971,2,0
2023-06-12 16:02:45,16972,16972,16972,2,2
2023-06-12 16:02:48,16972,16972,16972,2,0
2023-06-12 16:02:51,16973,16973,16973,4,4
2023-06-12 16:02:51,16973,16973,16973,2,0
2023-06-12 16:02:51,16973,16973,16973,2,0
2023-06-12 16:02:51,16973,16973,16973,6,0
2023-06-12 16:02:51,16973,16973,16973,2,0
2023-06-12 16:02:51,16973,16973,16973,2,0
2023-06-12 16:02:51,16973,16973,16973,2,0
2023-06-12 16:02:51,16973,16973,16973,2,0
2023-06-12 16:02:52,16973,16973,16973,2,0
2023-06-12 16:02:52,16973,16973,16973,2,0
2023-06-12 16:02:52,16973,16973,16973,6,0
2023-06-12 16:02:52,16973,16973,16973,4,0
2023-06-12 16:02:52,16973,16973,16973,4,0
2023-06-12 16:02:52,16973,16973,16973,2,0
2023-06-12 16:02:52,16973,16973,16973,2,0
2023-06-12 16:02:53,16974,16974,16974,2,2
2023-06-12 16:02:53,16974,16974,16974,10,0
2023-06-12 16:02:53,16974,16974,16974,2,0
2023-06-12 16:02:53,16973,16973,16973,4,-4
2023-06-12 16:02:53,16973,16973,16973,4,0
2023-06-12 16:02:55,16972,16972,16972,2,-2
2023-06-12 16:02:59,16974,16974,16974,4,4
2023-06-12 16:02:59,16973,16973,16973,2,-2
2023-06-12 16:03:03,16974,16974,16974,2,2
2023-06-12 16:03:04,16975,16975,16975,8,8
2023-06-12 16:03:04,16975,16975,16975,8,0
2023-06-12 16:03:04,16974,16974,16974,2,-2
2023-06-12 16:03:04,16975,16975,16975,2,2
2023-06-12 16:03:04,16974,16974,16974,2,-2
2023-06-12 16:03:04,16974,16974,16974,2,0
2023-06-12 16:03:04,16975,16975,16975,2,2
2023-06-12 16:03:04,16975,16975,16975,4,0
2023-06-12 16:03:05,16975,16975,16975,2,0
2023-06-12 16:03:06,16974,16974,16974,2,-2
2023-06-12 16:03:11,16974,16974,16974,2,0
2023-06-12 16:03:12,16975,16975,16975,4,4
2023-06-12 16:03:12,16975,16975,16975,2,0
2023-06-12 16:03:12,16975,16975,16975,2,0
2023-06-12 16:03:12,16975,16975,16975,6,0
2023-06-12 16:03:12,16975,16975,16975,2,0
2023-06-12 16:03:12,16975,16975,16975,14,0
2023-06-12 16:03:13,16975,16975,16975,2,0
2023-06-12 16:03:13,16974,16974,16974,2,-2
2023-06-12 16:03:13,16975,16975,16975,8,8
2023-06-12 16:03:14,16975,16975,16975,2,0
2023-06-12 16:03:15,16975,16975,16975,2,0
2023-06-12 16:03:15,16975,16975,16975,2,0
2023-06-12 16:03:15,16975,16975,16975,2,0
2023-06-12 16:03:15,16976,16976,16976,2,2
2023-06-12 16:03:16,16976,16976,16976,2,0
2023-06-12 16:03:16,16976,16976,16976,2,0
2023-06-12 16:03:16,16976,16976,16976,2,0
2023-06-12 16:03:16,16976,16976,16976,2,0
2023-06-12 16:03:16,16976,16976,16976,2,0
2023-06-12 16:03:16,16974,16974,16974,2,-2
2023-06-12 16:03:16,16976,16976,16976,2,2
2023-06-12 16:03:16,16976,16976,16976,2,0
2023-06-12 16:03:16,16976,16976,16976,2,0
2023-06-12 16:03:16,16976,16976,16976,6,0
2023-06-12 16:03:16,16976,16976,16976,4,0
2023-06-12 16:03:16,16976,16976,16976,2,0
2023-06-12 16:03:16,16976,16976,16976,2,0
2023-06-12 16:03:16,16976,16976,16976,2,0
2023-06-12 16:03:16,16976,16976,16976,2,0
2023-06-12 16:03:16,16977,16977,16977,4,4
2023-06-12 16:03:16,16976,16976,16976,6,-6
2023-06-12 16:03:16,16976,16976,16976,2,0
2023-06-12 16:03:16,16977,16977,16977,2,2
2023-06-12 16:03:16,16976,16976,16976,2,-2
2023-06-12 16:03:16,16976,16976,16976,4,0
2023-06-12 16:03:16,16977,16977,16977,2,2
2023-06-12 16:03:16,16976,16976,16976,2,-2
2023-06-12 16:03:16,16976,16976,16976,2,0
2023-06-12 16:03:16,16977,16977,16977,2,2
2023-06-12 16:03:16,16977,16977,16977,2,0
2023-06-12 16:03:16,16977,16977,16977,2,0
2023-06-12 16:03:16,16977,16977,16977,2,0
2023-06-12 16:03:16,16977,16977,16977,2,0
2023-06-12 16:03:16,16975,16975,16975,4,-4
2023-06-12 16:03:16,16976,16976,16976,2,2
2023-06-12 16:03:16,16976,16976,16976,2,0
2023-06-12 16:03:17,16975,16975,16975,2,-2
2023-06-12 16:03:18,16975,16975,16975,8,0
2023-06-12 16:03:18,16975,16975,16975,2,0
2023-06-12 16:03:18,16975,16975,16975,4,0
2023-06-12 16:03:19,16975,16975,16975,2,0
2023-06-12 16:03:19,16974,16974,16974,2,-2
2023-06-12 16:03:19,16974,16974,16974,2,0
2023-06-12 16:03:20,16973,16973,16973,2,-2
2023-06-12 16:03:20,16973,16973,16973,2,0
2023-06-12 16:03:20,16974,16974,16974,6,6
2023-06-12 16:03:20,16974,16974,16974,2,0
2023-06-12 16:03:23,16974,16974,16974,6,0
2023-06-12 16:03:25,16975,16975,16975,2,2
2023-06-12 16:03:25,16975,16975,16975,2,0
2023-06-12 16:03:31,16974,16974,16974,6,-6
2023-06-12 16:03:37,16974,16974,16974,2,0
2023-06-12 16:03:40,16974,16974,16974,6,0
2023-06-12 16:03:42,16974,16974,16974,6,0
2023-06-12 16:03:47,16973,16973,16973,2,-2
2023-06-12 16:03:50,16974,16974,16974,2,2
2023-06-12 16:03:50,16974,16974,16974,2,0
2023-06-12 16:03:51,16974,16974,16974,2,0
2023-06-12 16:03:55,16973,16973,16973,2,-2
2023-06-12 16:03:57,16974,16974,16974,4,4
2023-06-12 16:04:01,16973,16973,16973,2,-2
2023-06-12 16:04:05,16974,16974,16974,2,2
2023-06-12 16:04:11,16973,16973,16973,4,-4
2023-06-12 16:04:11,16973,16973,16973,10,0
2023-06-12 16:04:11,16973,16973,16973,6,0
2023-06-12 16:04:11,16973,16973,16973,16,0
2023-06-12 16:04:11,16973,16973,16973,4,0
2023-06-12 16:04:11,16973,16973,16973,2,0
2023-06-12 16:04:11,16974,16974,16974,2,2
2023-06-12 16:04:17,16973,16973,16973,6,-6
2023-06-12 16:04:20,16972,16972,16972,2,-2
2023-06-12 16:04:21,16973,16973,16973,2,2
2023-06-12 16:04:22,16973,16973,16973,2,0
2023-06-12 16:04:22,16973,16973,16973,2,0
2023-06-12 16:04:22,16973,16973,16973,2,0
2023-06-12 16:04:40,16972,16972,16972,2,-2
2023-06-12 16:04:43,16972,16972,16972,4,0
2023-06-12 16:04:43,16972,16972,16972,8,0
2023-06-12 16:04:43,16972,16972,16972,2,0
2023-06-12 16:04:43,16972,16972,16972,4,0
