2019-08-07 15:00:00.002,10351,10352,10352,74,74
2019-08-07 15:00:00.054,10352,10353,10353,4,4
2019-08-07 15:00:00.181,10352,10354,10354,3,3
2019-08-07 15:00:00.181,10352,10354,10354,3,3
2019-08-07 15:00:00.224,10352,10354,10354,1,1
2019-08-07 15:00:00.686,10352,10354,10354,2,2
2019-08-07 15:00:00.743,10352,10354,10354,1,1
2019-08-07 15:00:00.755,10352,10354,10354,2,2
2019-08-07 15:00:00.767,10352,10354,10354,1,1
2019-08-07 15:00:00.774,10352,10354,10354,1,1
2019-08-07 15:00:00.806,10353,10354,10353,1,-1
2019-08-07 15:00:00.866,10353,10354,10354,1,1
2019-08-07 15:00:00.929,10352,10354,10354,1,1
2019-08-07 15:00:01.114,10352,10354,10353,1,-1
2019-08-07 15:00:01.209,10353,10354,10354,1,1
2019-08-07 15:00:01.211,10353,10354,10354,1,1
2019-08-07 15:00:01.242,10353,10354,10354,3,3
2019-08-07 15:00:01.242,10353,10354,10355,10,10
2019-08-07 15:00:01.246,10353,10354,10353,1,-1
2019-08-07 15:00:01.352,10353,10355,10355,7,7
2019-08-07 15:00:01.352,10353,10355,10356,3,3
2019-08-07 15:00:01.376,10353,10355,10356,2,2
2019-08-07 15:00:01.498,10353,10355,10355,2,2
2019-08-07 15:00:01.541,10353,10354,10354,1,1
2019-08-07 15:00:01.663,10353,10354,10354,1,1
2019-08-07 15:00:01.828,10353,10355,10355,2,2
2019-08-07 15:00:01.830,10353,10355,10355,1,1
2019-08-07 15:00:01.916,10355,10356,10355,1,-1
2019-08-07 15:00:02.149,10354,10355,10356,6,6
2019-08-07 15:00:02.162,10354,10355,10357,1,1
2019-08-07 15:00:02.211,10354,10357,10356,2,-2
2019-08-07 15:00:02.291,10355,10356,10355,2,-2
2019-08-07 15:00:02.294,10355,10356,10356,1,1
2019-08-07 15:00:02.666,10355,10356,10355,1,-1
2019-08-07 15:00:03.270,10354,10355,10354,2,-2
2019-08-07 15:00:03.291,10354,10355,10354,1,-1
2019-08-07 15:00:03.505,10353,10354,10353,3,-3
2019-08-07 15:00:03.541,10353,10354,10353,2,-2
2019-08-07 15:00:03.541,10353,10354,10353,2,-2
2019-08-07 15:00:04.373,10353,10354,10353,2,-2
2019-08-07 15:00:04.373,10353,10354,10353,4,-4
2019-08-07 15:00:04.611,10352,10354,10354,1,1
2019-08-07 15:00:04.717,10352,10354,10353,1,-1
2019-08-07 15:00:05.328,10352,10354,10353,1,-1
2019-08-07 15:00:06.086,10352,10353,10353,1,1
2019-08-07 15:00:06.673,10352,10353,10353,3,3
2019-08-07 15:00:06.788,10352,10353,10354,1,1
2019-08-07 15:00:07.493,10353,10354,10354,2,2
2019-08-07 15:00:07.716,10353,10354,10354,1,1
2019-08-07 15:00:07.716,10353,10354,10355,1,1
2019-08-07 15:00:07.954,10353,10355,10355,2,2
2019-08-07 15:00:08.074,10353,10355,10355,2,2
2019-08-07 15:00:08.354,10354,10355,10355,3,3
2019-08-07 15:00:08.596,10354,10355,10354,2,-2
2019-08-07 15:00:08.606,10354,10355,10354,1,-1
2019-08-07 15:00:08.616,10354,10355,10354,3,-3
2019-08-07 15:00:08.618,10354,10355,10354,1,-1
2019-08-07 15:00:09.808,10354,10355,10354,1,-1
2019-08-07 15:00:10.053,10353,10355,10355,2,2
2019-08-07 15:00:10.134,10353,10355,10355,2,2
2019-08-07 15:00:11.618,10353,10355,10353,1,-1
2019-08-07 15:00:12.556,10353,10354,10354,1,1
2019-08-07 15:00:13.331,10353,10354,10354,1,1
2019-08-07 15:00:15.001,10353,10355,10355,1,1
2019-08-07 15:00:15.406,10353,10355,10354,1,-1
2019-08-07 15:00:15.704,10353,10354,10354,1,1
2019-08-07 15:00:15.964,10354,10355,10354,1,-1
2019-08-07 15:00:16.075,10353,10354,10353,2,-2
2019-08-07 15:00:16.075,10353,10354,10353,1,-1
2019-08-07 15:00:16.075,10353,10354,10353,1,-1
2019-08-07 15:00:17.909,10353,10354,10353,1,-1
2019-08-07 15:00:18.456,10353,10354,10354,1,1
2019-08-07 15:00:19.080,10353,10354,10353,1,-1
2019-08-07 15:00:19.162,10353,10354,10353,1,-1
2019-08-07 15:00:19.926,10353,10354,10353,1,-1
2019-08-07 15:00:20.321,10353,10354,10354,1,1
2019-08-07 15:00:20.435,10353,10354,10354,2,2
2019-08-07 15:00:20.701,10353,10354,10353,1,-1
2019-08-07 15:00:21.271,10353,10354,10353,8,-8
2019-08-07 15:00:21.324,10353,10354,10353,2,-2
2019-08-07 15:00:21.605,10352,10354,10352,1,-1
2019-08-07 15:00:21.622,10352,10354,10353,1,1
2019-08-07 15:00:26.386,10352,10353,10353,1,1
2019-08-07 15:00:28.595,10352,10353,10352,5,-5
2019-08-07 15:00:29.328,10352,10353,10353,5,5
2019-08-07 15:00:29.451,10353,10354,10353,5,-5
2019-08-07 15:00:30.386,10352,10353,10352,1,-1
2019-08-07 15:00:30.443,10352,10353,10352,5,-5
2019-08-07 15:00:30.969,10352,10353,10352,1,-1
2019-08-07 15:00:32.400,10352,10353,10353,2,2
2019-08-07 15:00:32.654,10353,10354,10353,1,-1
2019-08-07 15:00:32.769,10352,10354,10354,1,1
2019-08-07 15:00:33.533,10352,10353,10352,1,-1
2019-08-07 15:00:35.817,10352,10353,10353,1,1
2019-08-07 15:00:35.940,10352,10353,10353,1,1
2019-08-07 15:00:35.940,10352,10353,10353,1,1
2019-08-07 15:00:36.294,10352,10353,10353,5,5
2019-08-07 15:00:36.915,10352,10353,10353,1,1
2019-08-07 15:00:38.002,10353,10354,10353,1,-1
2019-08-07 15:00:38.195,10353,10354,10353,5,-5
2019-08-07 15:00:39.512,10352,10353,10353,1,1
2019-08-07 15:00:40.363,10353,10354,10353,1,-1
2019-08-07 15:00:41.531,10353,10354,10353,2,-2
2019-08-07 15:00:43.027,10353,10354,10353,1,-1
2019-08-07 15:00:43.542,10353,10354,10353,1,-1
2019-08-07 15:00:45.560,10353,10354,10353,1,-1
2019-08-07 15:00:45.769,10353,10354,10353,1,-1
2019-08-07 15:00:46.948,10353,10354,10353,2,-2
2019-08-07 15:00:47.914,10353,10354,10353,1,-1
2019-08-07 15:00:48.129,10353,10354,10353,1,-1
2019-08-07 15:00:50.446,10353,10354,10353,2,-2
2019-08-07 15:00:52.172,10353,10354,10353,1,-1
2019-08-07 15:00:52.209,10353,10354,10354,12,12
2019-08-07 15:00:52.442,10353,10355,10355,1,1
2019-08-07 15:00:52.548,10354,10355,10354,1,-1
2019-08-07 15:00:52.916,10353,10354,10354,1,1
2019-08-07 15:00:53.618,10354,10355,10354,1,-1
2019-08-07 15:00:54.286,10354,10355,10354,1,-1
2019-08-07 15:00:54.286,10354,10355,10353,2,-2
2019-08-07 15:00:57.818,10353,10354,10354,3,3
2019-08-07 15:00:58.791,10353,10354,10354,4,4
2019-08-07 15:00:59.983,10353,10355,10355,1,1
2019-08-07 15:01:00.126,10353,10355,10353,1,-1
2019-08-07 15:01:00.184,10353,10355,10355,1,1
2019-08-07 15:01:00.633,10353,10355,10354,1,-1
2019-08-07 15:01:01.219,10353,10354,10354,2,2
2019-08-07 15:01:01.315,10353,10354,10355,1,1
2019-08-07 15:01:01.525,10353,10355,10355,2,2
2019-08-07 15:01:03.909,10354,10355,10354,2,-2
2019-08-07 15:01:06.078,10354,10355,10354,1,-1
2019-08-07 15:01:09.036,10353,10354,10353,1,-1
2019-08-07 15:01:09.717,10353,10354,10353,2,-2
2019-08-07 15:01:10.446,10353,10354,10353,13,-13
2019-08-07 15:01:10.666,10353,10354,10353,1,-1
2019-08-07 15:01:10.975,10352,10353,10353,1,1
2019-08-07 15:01:11.543,10352,10353,10352,2,-2
2019-08-07 15:01:13.040,10352,10353,10353,2,2
2019-08-07 15:01:14.088,10352,10353,10352,5,-5
2019-08-07 15:01:14.510,10352,10353,10352,1,-1
2019-08-07 15:01:14.527,10352,10353,10352,3,-3
2019-08-07 15:01:16.530,10351,10352,10352,1,1
2019-08-07 15:01:16.969,10352,10353,10352,2,-2
2019-08-07 15:01:22.734,10352,10353,10352,1,-1
2019-08-07 15:01:26.420,10352,10353,10353,1,1
2019-08-07 15:01:30.966,10352,10353,10352,8,-8
2019-08-07 15:01:33.109,10351,10352,10352,1,1
2019-08-07 15:01:38.168,10351,10352,10352,1,1
2019-08-07 15:01:38.729,10351,10352,10352,5,5
2019-08-07 15:01:39.643,10351,10352,10352,1,1
2019-08-07 15:01:40.544,10351,10352,10352,1,1
2019-08-07 15:01:43.910,10351,10352,10352,1,1
2019-08-07 15:01:44.815,10351,10352,10352,1,1
2019-08-07 15:01:49.508,10351,10352,10352,1,1
2019-08-07 15:01:52.139,10351,10352,10352,1,1
2019-08-07 15:01:54.921,10351,10352,10352,5,5
2019-08-07 15:01:59.828,10352,10353,10353,1,1
2019-08-07 15:02:04.388,10352,10353,10353,1,1
2019-08-07 15:02:04.716,10352,10353,10352,1,-1
2019-08-07 15:02:04.846,10352,10353,10352,1,-1
2019-08-07 15:02:05.113,10351,10352,10352,1,1
2019-08-07 15:02:06.307,10351,10352,10352,2,2
2019-08-07 15:02:06.307,10351,10352,10353,1,1
2019-08-07 15:02:06.629,10351,10353,10353,2,2
2019-08-07 15:02:07.949,10352,10353,10352,1,-1
2019-08-07 15:02:12.950,10351,10352,10351,23,-23
2019-08-07 15:02:16.999,10350,10351,10351,1,1
2019-08-07 15:02:19.363,10350,10351,10350,1,-1
2019-08-07 15:02:22.619,10350,10351,10350,14,-14
2019-08-07 15:02:24.044,10349,10350,10350,2,2
2019-08-07 15:02:28.090,10349,10350,10349,8,-8
2019-08-07 15:02:31.337,10348,10349,10348,5,-5
2019-08-07 15:02:31.416,10348,10349,10348,1,-1
2019-08-07 15:02:31.885,10347,10349,10347,5,-5
2019-08-07 15:02:31.952,10347,10349,10347,1,-1
2019-08-07 15:02:32.287,10347,10349,10347,1,-1
2019-08-07 15:02:32.528,10347,10349,10347,1,-1
2019-08-07 15:02:35.164,10347,10349,10347,1,-1
2019-08-07 15:02:36.314,10347,10349,10347,1,-1
2019-08-07 15:02:36.893,10347,10349,10347,1,-1
2019-08-07 15:02:37.783,10347,10349,10347,1,-1
2019-08-07 15:02:42.828,10348,10349,10349,2,2
2019-08-07 15:02:43.661,10349,10350,10349,1,-1
2019-08-07 15:02:46.932,10349,10350,10349,1,-1
2019-08-07 15:02:52.161,10349,10350,10350,3,3
2019-08-07 15:02:53.232,10349,10350,10350,1,1
2019-08-07 15:02:53.458,10349,10350,10350,5,5
2019-08-07 15:02:53.758,10349,10350,10350,1,1
2019-08-07 15:02:56.158,10349,10350,10349,2,-2
2019-08-07 15:02:58.589,10349,10350,10349,1,-1
2019-08-07 15:03:02.590,10349,10350,10349,2,-2
2019-08-07 15:03:06.216,10349,10350,10349,6,-6
2019-08-07 15:03:08.272,10348,10349,10348,1,-1
2019-08-07 15:03:08.320,10347,10349,10347,1,-1
2019-08-07 15:03:08.402,10347,10349,10347,1,-1
2019-08-07 15:03:08.462,10347,10349,10347,1,-1
2019-08-07 15:03:08.470,10347,10349,10347,1,-1
2019-08-07 15:03:08.505,10347,10349,10348,2,2
2019-08-07 15:03:08.505,10347,10349,10349,2,2
2019-08-07 15:03:10.778,10347,10349,10347,1,-1
2019-08-07 15:03:11.216,10347,10349,10349,1,1
2019-08-07 15:03:13.959,10348,10349,10349,1,1
2019-08-07 15:03:15.903,10348,10349,10348,1,-1
2019-08-07 15:03:17.725,10348,10349,10349,5,5
2019-08-07 15:03:18.522,10348,10350,10349,1,-1
2019-08-07 15:03:19.024,10348,10349,10349,1,1
2019-08-07 15:03:22.821,10348,10349,10348,4,-4
2019-08-07 15:03:24.137,10347,10348,10348,1,1
2019-08-07 15:03:24.137,10347,10348,10349,4,4
2019-08-07 15:03:30.584,10348,10349,10349,1,1
2019-08-07 15:03:35.695,10348,10349,10348,1,-1
2019-08-07 15:03:36.726,10348,10349,10349,1,1
2019-08-07 15:03:41.071,10348,10349,10348,8,-8
2019-08-07 15:03:49.743,10347,10348,10348,1,1
2019-08-07 15:03:56.754,10347,10349,10347,1,-1
2019-08-07 15:04:03.890,10347,10348,10347,1,-1
2019-08-07 15:04:09.172,10347,10348,10347,1,-1
2019-08-07 15:04:11.845,10347,10348,10347,1,-1
2019-08-07 15:04:14.763,10347,10348,10348,1,1
2019-08-07 15:04:15.060,10347,10348,10347,1,-1
2019-08-07 15:04:17.387,10347,10348,10347,10,-10
2019-08-07 15:04:36.157,10347,10348,10347,4,-4
2019-08-07 15:04:41.250,10347,10348,10348,3,3
2019-08-07 15:04:43.254,10347,10348,10348,1,1
2019-08-07 15:04:44.246,10347,10348,10347,1,-1
2019-08-07 15:04:46.580,10347,10348,10348,1,1
2019-08-07 15:04:49.152,10347,10348,10348,1,1
2019-08-07 15:04:51.263,10347,10348,10348,2,2
2019-08-07 15:04:51.263,10347,10348,10349,3,3
2019-08-07 15:04:52.409,10348,10349,10348,4,-4
2019-08-07 15:04:54.122,10348,10349,10348,1,-1
2019-08-07 15:04:54.166,10348,10349,10348,1,-1
2019-08-07 15:04:56.916,10348,10349,10349,3,3
2019-08-07 15:04:56.965,10348,10349,10349,4,4
2019-08-07 15:04:57.041,10348,10349,10349,8,8
2019-08-07 15:04:57.679,10348,10349,10348,1,-1
2019-08-07 15:04:58.786,10348,10349,10349,1,1
2019-08-07 15:05:01.541,10349,10350,10349,1,-1
2019-08-07 15:05:01.975,10349,10350,10349,1,-1
2019-08-07 15:05:02.080,10349,10350,10349,1,-1
2019-08-07 15:05:02.617,10349,10350,10349,1,-1
2019-08-07 15:05:04.239,10349,10350,10350,3,3
2019-08-07 15:05:04.329,10349,10350,10350,1,1
2019-08-07 15:05:10.825,10349,10350,10350,5,5
2019-08-07 15:05:11.087,10349,10350,10350,1,1
2019-08-07 15:05:11.090,10349,10350,10350,2,2
2019-08-07 15:05:11.093,10349,10350,10350,2,2
2019-08-07 15:05:11.096,10349,10350,10350,2,2
2019-08-07 15:05:11.104,10349,10350,10350,1,1
2019-08-07 15:05:11.104,10349,10350,10350,1,1
2019-08-07 15:05:11.104,10349,10350,10350,1,1
2019-08-07 15:05:11.166,10349,10350,10350,7,7
2019-08-07 15:05:11.166,10349,10350,10350,4,4
2019-08-07 15:05:12.412,10350,10351,10350,1,-1
2019-08-07 15:05:14.210,10350,10351,10351,1,1
2019-08-07 15:05:16.367,10350,10351,10351,1,1
2019-08-07 15:05:18.433,10350,10351,10350,1,-1
2019-08-07 15:05:29.602,10350,10351,10350,10,-10
2019-08-07 15:05:29.723,10350,10351,10351,2,2
2019-08-07 15:05:31.196,10350,10351,10351,1,1
2019-08-07 15:05:31.196,10350,10351,10352,4,4
2019-08-07 15:05:35.550,10350,10352,10352,2,2
2019-08-07 15:05:36.508,10351,10352,10352,2,2
2019-08-07 15:05:41.192,10351,10352,10352,14,14
2019-08-07 15:05:44.347,10351,10352,10352,1,1
2019-08-07 15:05:45.166,10351,10352,10352,5,5
2019-08-07 15:05:45.465,10351,10352,10352,10,10
2019-08-07 15:05:45.465,10351,10352,10352,1,1
2019-08-07 15:05:46.622,10351,10353,10351,1,-1
2019-08-07 15:05:56.931,10352,10353,10353,5,5
2019-08-07 15:05:58.928,10352,10353,10352,5,-5
2019-08-07 15:06:01.100,10352,10353,10353,1,1
2019-08-07 15:06:01.972,10352,10353,10353,3,3
2019-08-07 15:06:03.154,10352,10353,10353,5,5
2019-08-07 15:06:04.679,10352,10353,10352,1,-1
2019-08-07 15:06:07.166,10351,10352,10352,1,1
2019-08-07 15:06:07.166,10351,10352,10353,1,1
2019-08-07 15:06:12.615,10352,10353,10353,5,5
2019-08-07 15:06:13.586,10352,10353,10353,1,1
2019-08-07 15:06:16.788,10352,10353,10353,2,2
2019-08-07 15:06:17.166,10352,10353,10353,1,1
2019-08-07 15:06:17.939,10352,10353,10353,1,1
2019-08-07 15:06:20.196,10353,10354,10353,1,-1
2019-08-07 15:06:21.411,10353,10354,10353,1,-1
2019-08-07 15:06:23.535,10353,10354,10353,2,-2
2019-08-07 15:06:25.655,10353,10354,10353,1,-1
2019-08-07 15:06:26.074,10353,10354,10353,1,-1
2019-08-07 15:06:28.660,10353,10354,10353,1,-1
2019-08-07 15:06:29.094,10353,10354,10354,4,4
2019-08-07 15:06:29.187,10353,10354,10353,1,-1
2019-08-07 15:06:29.380,10352,10353,10352,1,-1
2019-08-07 15:06:30.136,10352,10353,10353,1,1
2019-08-07 15:06:32.673,10353,10354,10354,5,5
2019-08-07 15:06:32.913,10353,10354,10353,1,-1
2019-08-07 15:06:33.737,10353,10354,10354,1,1
2019-08-07 15:06:35.576,10353,10354,10354,1,1
2019-08-07 15:06:35.936,10353,10354,10353,1,-1
2019-08-07 15:06:36.713,10353,10354,10354,5,5
2019-08-07 15:06:37.326,10353,10354,10353,1,-1
2019-08-07 15:06:37.469,10353,10354,10354,5,5
2019-08-07 15:06:38.822,10353,10354,10353,1,-1
2019-08-07 15:06:45.477,10353,10354,10354,1,1
2019-08-07 15:06:46.455,10353,10354,10354,1,1
2019-08-07 15:06:47.949,10353,10354,10353,8,-8
2019-08-07 15:06:49.654,10352,10353,10353,1,1
2019-08-07 15:06:49.914,10352,10353,10353,5,5
2019-08-07 15:06:51.334,10352,10353,10353,10,10
2019-08-07 15:06:55.437,10352,10353,10353,1,1
2019-08-07 15:06:59.719,10352,10353,10353,1,1
2019-08-07 15:07:04.306,10352,10353,10353,5,5
2019-08-07 15:07:05.827,10352,10353,10353,1,1
2019-08-07 15:07:08.388,10352,10353,10353,2,2
2019-08-07 15:07:13.591,10352,10353,10353,1,1
2019-08-07 15:07:13.983,10352,10353,10353,1,1
2019-08-07 15:07:13.984,10352,10353,10353,1,1
2019-08-07 15:07:13.984,10352,10353,10353,1,1
2019-08-07 15:07:16.817,10353,10354,10353,1,-1
2019-08-07 15:07:21.864,10353,10354,10353,3,-3
2019-08-07 15:07:25.493,10352,10353,10353,1,1
2019-08-07 15:07:25.699,10352,10353,10353,1,1
2019-08-07 15:07:28.126,10352,10353,10353,3,3
2019-08-07 15:07:28.126,10352,10353,10354,11,11
2019-08-07 15:07:29.994,10353,10354,10353,1,-1
2019-08-07 15:07:30.654,10353,10354,10354,5,5
2019-08-07 15:07:32.530,10353,10354,10353,1,-1
2019-08-07 15:07:34.771,10353,10354,10354,1,1
2019-08-07 15:07:34.771,10353,10354,10354,3,3
2019-08-07 15:07:40.831,10353,10354,10354,1,1
2019-08-07 15:07:45.403,10354,10355,10354,1,-1
2019-08-07 15:07:49.291,10354,10355,10354,1,-1
2019-08-07 15:07:50.056,10354,10355,10355,5,5
2019-08-07 15:07:52.309,10354,10355,10355,2,2
2019-08-07 15:07:55.379,10354,10355,10355,1,1
2019-08-07 15:07:55.739,10354,10355,10354,2,-2
2019-08-07 15:07:56.788,10353,10354,10354,1,1
2019-08-07 15:07:58.196,10353,10355,10355,2,2
2019-08-07 15:08:01.556,10354,10355,10355,1,1
2019-08-07 15:08:02.450,10354,10355,10355,6,6
2019-08-07 15:08:02.988,10354,10355,10355,5,5
2019-08-07 15:08:04.417,10354,10355,10354,2,-2
2019-08-07 15:08:04.432,10354,10355,10355,1,1
2019-08-07 15:08:08.238,10353,10354,10354,4,4
2019-08-07 15:08:10.133,10353,10355,10355,1,1
2019-08-07 15:08:10.417,10354,10355,10354,1,-1
2019-08-07 15:08:11.947,10353,10354,10354,1,1
2019-08-07 15:08:13.576,10353,10354,10353,6,-6
2019-08-07 15:08:14.214,10352,10353,10352,2,-2
2019-08-07 15:08:14.242,10352,10353,10353,1,1
2019-08-07 15:08:14.948,10352,10353,10352,5,-5
2019-08-07 15:08:15.758,10352,10353,10353,5,5
2019-08-07 15:08:20.736,10352,10353,10352,1,-1
2019-08-07 15:08:25.811,10353,10354,10353,3,3
2019-08-07 15:08:25.812,10353,10354,10353,2,-2
2019-08-07 15:08:32.068,10353,10354,10354,7,7
2019-08-07 15:08:33.084,10353,10354,10354,1,1
2019-08-07 15:08:33.084,10353,10354,10355,4,4
2019-08-07 15:08:36.990,10353,10354,10353,7,-7
2019-08-07 15:08:42.926,10352,10353,10353,1,1
2019-08-07 15:08:46.052,10352,10353,10353,1,1
2019-08-07 15:08:50.911,10352,10353,10353,5,5
2019-08-07 15:08:52.417,10353,10354,10353,1,-1
2019-08-07 15:08:55.736,10352,10353,10353,2,2
2019-08-07 15:08:55.736,10352,10353,10354,3,3
2019-08-07 15:09:02.537,10352,10354,10353,1,-1
2019-08-07 15:09:02.541,10353,10354,10353,1,-1
2019-08-07 15:09:02.542,10353,10354,10353,1,-1
2019-08-07 15:09:09.358,10353,10354,10353,1,-1
2019-08-07 15:09:11.466,10353,10354,10353,1,-1
2019-08-07 15:09:19.463,10353,10354,10354,1,1
2019-08-07 15:09:21.113,10353,10354,10353,4,-4
2019-08-07 15:09:24.531,10353,10354,10354,5,5
2019-08-07 15:09:24.697,10353,10354,10354,1,1
2019-08-07 15:09:37.674,10353,10354,10353,7,-7
2019-08-07 15:09:39.073,10352,10353,10352,1,-1
2019-08-07 15:09:39.150,10352,10353,10353,1,1
2019-08-07 15:09:50.601,10353,10354,10353,1,-1
2019-08-07 15:09:52.170,10352,10353,10353,1,1
2019-08-07 15:09:54.827,10352,10353,10353,5,5
2019-08-07 15:09:58.826,10352,10353,10353,1,1
2019-08-07 15:10:02.217,10352,10353,10353,1,1
2019-08-07 15:10:02.868,10352,10353,10353,1,1
2019-08-07 15:10:03.882,10352,10353,10353,2,2
2019-08-07 15:10:04.052,10352,10353,10353,1,1
2019-08-07 15:10:04.052,10352,10353,10354,1,1
2019-08-07 15:10:04.213,10352,10354,10354,2,2
2019-08-07 15:10:04.417,10352,10354,10354,2,2
2019-08-07 15:10:05.790,10352,10354,10354,1,1
2019-08-07 15:10:11.940,10353,10354,10353,1,-1
2019-08-07 15:10:11.951,10353,10354,10353,1,-1
2019-08-07 15:10:12.060,10352,10353,10352,2,-2
2019-08-07 15:10:12.060,10352,10353,10352,1,-1
2019-08-07 15:10:19.065,10352,10353,10353,1,1
2019-08-07 15:10:19.167,10353,10354,10353,1,-1
2019-08-07 15:10:19.949,10353,10354,10354,5,5
2019-08-07 15:10:30.987,10353,10354,10353,3,-3
2019-08-07 15:10:39.774,10353,10354,10354,1,1
2019-08-07 15:10:39.779,10353,10354,10353,1,-1
2019-08-07 15:10:39.992,10353,10354,10354,1,1
2019-08-07 15:10:40.813,10353,10354,10354,2,2
2019-08-07 15:10:46.922,10353,10354,10353,3,-3
2019-08-07 15:10:47.444,10353,10354,10354,2,2
2019-08-07 15:10:48.183,10353,10354,10354,1,1
2019-08-07 15:10:55.061,10353,10354,10353,1,-1
2019-08-07 15:10:56.376,10353,10354,10353,2,-2
2019-08-07 15:10:59.307,10353,10354,10353,1,-1
2019-08-07 15:10:59.405,10353,10354,10352,1,-1
2019-08-07 15:10:59.412,10353,10354,10352,1,-1
2019-08-07 15:10:59.435,10352,10353,10352,2,-2
2019-08-07 15:10:59.442,10352,10353,10352,1,-1
2019-08-07 15:11:10.673,10352,10353,10352,3,-3
2019-08-07 15:11:17.511,10352,10353,10352,6,-6
2019-08-07 15:11:19.791,10352,10353,10352,1,-1
2019-08-07 15:11:32.947,10352,10353,10352,2,-2
2019-08-07 15:11:33.885,10352,10353,10352,8,-8
2019-08-07 15:11:44.172,10352,10353,10352,5,-5
2019-08-07 15:11:55.560,10351,10352,10352,2,2
2019-08-07 15:11:56.107,10351,10352,10351,8,-8
2019-08-07 15:12:01.766,10350,10351,10351,1,1
2019-08-07 15:12:02.050,10350,10351,10351,2,2
2019-08-07 15:12:11.592,10350,10351,10350,5,-5
2019-08-07 15:12:12.551,10350,10351,10350,5,-5
2019-08-07 15:12:13.245,10350,10351,10350,2,-2
2019-08-07 15:12:19.313,10349,10350,10350,4,4
2019-08-07 15:12:20.047,10350,10351,10350,1,-1
2019-08-07 15:12:20.858,10350,10351,10350,1,-1
2019-08-07 15:12:25.661,10349,10350,10349,1,-1
2019-08-07 15:12:28.107,10349,10350,10349,1,-1
2019-08-07 15:12:35.694,10349,10350,10349,1,-1
2019-08-07 15:12:36.493,10349,10350,10349,10,-10
2019-08-07 15:12:39.236,10349,10350,10349,10,-10
2019-08-07 15:12:41.006,10349,10350,10349,1,-1
2019-08-07 15:12:41.060,10349,10350,10349,2,-2
2019-08-07 15:12:42.123,10348,10349,10349,2,2
2019-08-07 15:12:43.814,10349,10350,10349,5,-5
2019-08-07 15:12:47.512,10348,10349,10349,1,1
2019-08-07 15:12:53.250,10348,10349,10349,1,1
2019-08-07 15:12:56.902,10348,10349,10349,1,1
2019-08-07 15:13:08.355,10348,10349,10349,1,1
2019-08-07 15:13:12.827,10348,10349,10349,18,18
2019-08-07 15:13:14.587,10349,10350,10350,2,2
2019-08-07 15:13:14.842,10349,10350,10350,1,1
2019-08-07 15:13:17.578,10350,10351,10350,1,-1
2019-08-07 15:13:20.892,10350,10351,10351,2,2
2019-08-07 15:13:20.916,10350,10351,10351,8,8
2019-08-07 15:13:21.319,10351,10352,10351,5,-5
2019-08-07 15:13:30.386,10351,10352,10351,5,-5
2019-08-07 15:13:46.189,10351,10352,10351,3,-3
2019-08-07 15:13:49.786,10351,10352,10351,1,-1
2019-08-07 15:13:51.283,10351,10352,10351,1,-1
2019-08-07 15:13:56.563,10351,10352,10351,3,-3
2019-08-07 15:14:04.012,10351,10352,10351,2,-2
2019-08-07 15:14:10.929,10351,10352,10351,2,-2
2019-08-07 15:14:14.457,10351,10352,10352,5,5
2019-08-07 15:14:15.687,10351,10352,10351,2,-2
2019-08-07 15:14:19.135,10351,10352,10352,5,5
2019-08-07 15:14:21.166,10351,10352,10352,1,1
2019-08-07 15:14:31.705,10351,10352,10352,1,1
2019-08-07 15:14:33.289,10351,10352,10351,3,-3
2019-08-07 15:14:35.770,10351,10352,10351,9,-9
2019-08-07 15:14:42.100,10350,10351,10351,5,5
2019-08-07 15:14:52.859,10350,10351,10351,1,1
2019-08-07 15:14:57.173,10350,10351,10350,1,-1
2019-08-07 15:15:06.778,10350,10351,10350,4,-4
2019-08-07 15:15:08.384,10350,10351,10351,1,1
2019-08-07 15:15:11.307,10350,10351,10351,1,1
2019-08-07 15:15:13.091,10350,10351,10351,1,1
2019-08-07 15:15:30.203,10350,10351,10351,1,1
2019-08-07 15:15:42.986,10350,10351,10351,1,1
2019-08-07 15:15:43.041,10350,10351,10351,8,8
2019-08-07 15:15:44.462,10350,10351,10351,1,1
2019-08-07 15:15:44.462,10350,10351,10351,8,8
2019-08-07 15:16:09.766,10351,10352,10351,17,-17
2019-08-07 15:16:15.202,10350,10351,10351,1,1
2019-08-07 15:16:21.593,10350,10351,10351,1,1
2019-08-07 15:16:25.497,10351,10352,10351,1,-1
2019-08-07 15:16:25.587,10351,10352,10352,1,1
2019-08-07 15:16:25.595,10351,10352,10352,1,1
2019-08-07 15:16:25.990,10351,10352,10351,1,-1
2019-08-07 15:16:33.500,10350,10352,10351,1,-1
2019-08-07 15:16:35.690,10350,10351,10350,1,-1
2019-08-07 15:16:35.692,10350,10351,10350,1,-1
2019-08-07 15:16:35.692,10350,10351,10350,1,-1
2019-08-07 15:16:35.692,10350,10351,10350,13,-13
2019-08-07 15:16:35.692,10350,10351,10350,1,-1
2019-08-07 15:16:35.692,10350,10351,10350,1,-1
2019-08-07 15:16:35.692,10350,10351,10350,2,-2
2019-08-07 15:16:35.692,10350,10351,10350,3,-3
2019-08-07 15:16:35.693,10350,10351,10350,2,-2
2019-08-07 15:16:35.693,10350,10351,10350,3,-3
2019-08-07 15:16:42.048,10349,10351,10349,1,-1
2019-08-07 15:16:42.640,10350,10351,10351,1,1
2019-08-07 15:16:57.807,10350,10351,10351,1,1
2019-08-07 15:17:02.413,10350,10351,10351,1,1
2019-08-07 15:17:05.399,10350,10351,10351,1,1
2019-08-07 15:17:05.416,10351,10352,10351,1,-1
2019-08-07 15:17:10.905,10351,10352,10351,1,-1
2019-08-07 15:17:11.852,10351,10352,10351,1,-1
2019-08-07 15:17:20.569,10351,10352,10351,1,-1
2019-08-07 15:17:21.203,10351,10352,10351,1,-1
2019-08-07 15:17:32.306,10350,10351,10351,1,1
2019-08-07 15:17:40.698,10350,10351,10351,1,1
2019-08-07 15:17:43.462,10350,10351,10351,16,16
2019-08-07 15:17:43.541,10351,10352,10351,2,-2
2019-08-07 15:17:43.543,10351,10352,10351,2,-2
2019-08-07 15:17:46.615,10350,10351,10351,1,1
2019-08-07 15:17:58.644,10350,10351,10350,7,-7
2019-08-07 15:17:59.166,10350,10351,10350,3,-3
2019-08-07 15:18:24.457,10349,10350,10350,1,1
2019-08-07 15:18:31.440,10349,10350,10350,2,2
2019-08-07 15:18:37.323,10349,10350,10349,2,-2
2019-08-07 15:18:38.561,10349,10350,10349,5,-5
2019-08-07 15:18:38.667,10349,10350,10349,1,-1
2019-08-07 15:18:44.969,10348,10349,10349,1,1
2019-08-07 15:18:44.970,10348,10349,10349,3,3
2019-08-07 15:18:49.459,10349,10350,10349,1,-1
2019-08-07 15:18:49.589,10349,10350,10349,1,-1
2019-08-07 15:18:52.766,10349,10350,10349,1,-1
2019-08-07 15:18:56.614,10348,10349,10349,2,2
2019-08-07 15:18:58.881,10348,10349,10349,1,1
2019-08-07 15:19:00.908,10348,10349,10348,1,-1
2019-08-07 15:19:00.943,10348,10349,10348,2,-2
2019-08-07 15:19:01.796,10348,10349,10349,1,1
2019-08-07 15:19:05.080,10348,10349,10349,1,1
2019-08-07 15:19:05.270,10349,10350,10350,1,1
2019-08-07 15:19:11.797,10349,10350,10350,2,2
2019-08-07 15:19:15.990,10349,10350,10349,1,-1
2019-08-07 15:19:27.478,10349,10350,10349,5,-5
2019-08-07 15:19:52.900,10349,10350,10349,2,-2
2019-08-07 15:20:01.942,10349,10350,10349,7,-7
2019-08-07 15:20:02.073,10348,10349,10349,1,1
2019-08-07 15:20:04.904,10348,10349,10349,1,1
2019-08-07 15:20:05.516,10348,10350,10348,1,-1
2019-08-07 15:20:09.566,10348,10350,10348,2,-2
2019-08-07 15:20:18.130,10348,10349,10348,1,-1
2019-08-07 15:20:23.188,10348,10349,10348,1,-1
2019-08-07 15:20:41.418,10348,10349,10348,1,-1
2019-08-07 15:20:46.705,10348,10349,10348,1,-1
2019-08-07 15:20:52.465,10348,10349,10348,2,-2
2019-08-07 15:21:01.496,10348,10349,10348,1,-1
2019-08-07 15:21:21.508,10348,10349,10348,1,-1
2019-08-07 15:21:29.614,10348,10349,10348,1,-1
2019-08-07 15:21:34.271,10348,10349,10348,5,-5
2019-08-07 15:21:35.595,10348,10349,10348,1,-1
2019-08-07 15:21:41.590,10348,10349,10349,4,4
2019-08-07 15:21:41.666,10348,10349,10349,5,5
2019-08-07 15:21:48.011,10349,10350,10349,2,-2
2019-08-07 15:21:48.893,10348,10349,10349,1,1
2019-08-07 15:21:57.451,10348,10349,10348,4,-4
2019-08-07 15:22:26.015,10348,10349,10348,1,-1
2019-08-07 15:22:26.381,10348,10349,10348,2,-2
2019-08-07 15:22:26.382,10348,10349,10348,1,-1
2019-08-07 15:22:26.383,10348,10349,10348,1,-1
2019-08-07 15:22:26.383,10348,10349,10348,4,-4
2019-08-07 15:22:26.383,10348,10349,10348,1,-1
2019-08-07 15:22:26.395,10348,10349,10348,2,-2
2019-08-07 15:22:33.406,10347,10348,10348,2,2
2019-08-07 15:22:34.414,10347,10348,10348,1,1
2019-08-07 15:22:34.414,10347,10348,10348,5,5
2019-08-07 15:22:46.451,10348,10349,10348,1,-1
2019-08-07 15:22:49.225,10347,10348,10348,1,1
2019-08-07 15:23:01.233,10347,10348,10348,1,1
2019-08-07 15:23:01.868,10347,10348,10347,1,-1
2019-08-07 15:23:01.997,10347,10348,10347,1,-1
2019-08-07 15:23:15.200,10347,10348,10348,2,2
2019-08-07 15:23:28.025,10347,10348,10347,1,-1
2019-08-07 15:23:39.124,10347,10348,10347,1,-1
2019-08-07 15:23:40.422,10347,10348,10348,2,2
2019-08-07 15:23:41.018,10347,10348,10347,1,-1
2019-08-07 15:23:51.515,10347,10348,10347,1,-1
2019-08-07 15:23:54.004,10347,10348,10347,13,-13
2019-08-07 15:23:54.041,10347,10348,10347,22,-22
2019-08-07 15:23:54.097,10347,10348,10347,1,-1
2019-08-07 15:23:54.338,10346,10347,10346,1,-1
2019-08-07 15:23:54.340,10346,10347,10346,1,-1
2019-08-07 15:23:56.290,10346,10347,10347,1,1
2019-08-07 15:24:00.233,10346,10347,10346,1,-1
2019-08-07 15:24:02.181,10346,10348,10346,1,-1
2019-08-07 15:24:03.456,10346,10348,10346,1,-1
2019-08-07 15:24:06.210,10346,10347,10346,1,-1
2019-08-07 15:24:07.071,10346,10347,10346,3,-3
2019-08-07 15:24:07.271,10346,10347,10346,3,-3
2019-08-07 15:24:08.054,10346,10347,10346,1,-1
2019-08-07 15:24:08.823,10346,10347,10346,1,-1
2019-08-07 15:24:09.294,10346,10347,10346,2,-2
2019-08-07 15:24:10.791,10346,10347,10346,14,-14
2019-08-07 15:24:15.593,10345,10346,10346,1,1
2019-08-07 15:24:15.793,10345,10346,10345,46,-46
2019-08-07 15:24:15.916,10345,10346,10345,1,-1
2019-08-07 15:24:15.916,10345,10346,10345,1,-1
2019-08-07 15:24:15.916,10345,10346,10345,1,-1
2019-08-07 15:24:15.916,10345,10346,10345,5,-5
2019-08-07 15:24:15.916,10345,10346,10345,2,-2
2019-08-07 15:24:15.916,10345,10346,10345,2,-2
2019-08-07 15:24:15.938,10345,10346,10344,2,-2
2019-08-07 15:24:16.003,10345,10346,10344,1,-1
2019-08-07 15:24:16.354,10344,10345,10344,1,-1
2019-08-07 15:24:20.637,10345,10346,10345,1,1
2019-08-07 15:24:20.637,10345,10346,10344,1,-1
2019-08-07 15:24:21.801,10344,10346,10344,2,-2
2019-08-07 15:24:27.675,10345,10346,10345,1,1
2019-08-07 15:24:28.297,10345,10346,10346,5,5
2019-08-07 15:24:30.066,10345,10346,10345,2,-2
2019-08-07 15:24:32.519,10344,10345,10345,5,5
2019-08-07 15:24:32.563,10344,10345,10345,1,1
2019-08-07 15:24:32.631,10344,10345,10344,1,-1
2019-08-07 15:24:33.455,10344,10345,10344,1,-1
2019-08-07 15:24:34.965,10344,10345,10344,2,-2
2019-08-07 15:24:37.032,10344,10345,10344,5,-5
2019-08-07 15:24:37.980,10344,10345,10345,1,1
2019-08-07 15:24:39.868,10344,10345,10345,1,1
2019-08-07 15:24:49.347,10344,10345,10345,1,1
2019-08-07 15:24:49.775,10344,10345,10344,1,-1
2019-08-07 15:24:51.435,10344,10345,10344,4,-4
2019-08-07 15:24:55.592,10344,10345,10344,15,-15
2019-08-07 15:25:00.081,10343,10344,10344,6,6
2019-08-07 15:25:00.286,10344,10345,10345,4,4
2019-08-07 15:25:00.287,10344,10345,10345,4,4
2019-08-07 15:25:00.291,10344,10345,10345,11,11
2019-08-07 15:25:06.368,10345,10346,10346,5,5
2019-08-07 15:25:14.825,10346,10347,10346,1,-1
2019-08-07 15:25:16.616,10346,10347,10346,1,-1
2019-08-07 15:25:16.841,10346,10347,10346,2,-2
2019-08-07 15:25:17.594,10346,10347,10346,5,-5
2019-08-07 15:25:18.382,10346,10347,10346,1,-1
2019-08-07 15:25:28.073,10346,10347,10346,1,-1
2019-08-07 15:25:40.278,10345,10346,10345,5,-5
2019-08-07 15:25:40.377,10345,10346,10346,1,1
2019-08-07 15:25:44.913,10345,10346,10346,1,1
2019-08-07 15:25:45.712,10345,10346,10346,1,1
2019-08-07 15:25:48.085,10345,10346,10346,1,1
2019-08-07 15:26:08.920,10345,10346,10346,1,1
2019-08-07 15:26:12.691,10345,10346,10346,1,1
2019-08-07 15:26:15.748,10345,10346,10345,7,-7
2019-08-07 15:26:19.491,10344,10345,10345,2,2
2019-08-07 15:26:25.723,10345,10346,10345,1,-1
2019-08-07 15:26:25.781,10345,10346,10344,5,-5
2019-08-07 15:26:25.794,10344,10345,10345,1,1
2019-08-07 15:26:30.173,10344,10345,10345,1,1
2019-08-07 15:26:41.814,10344,10345,10344,1,-1
2019-08-07 15:26:47.864,10344,10345,10344,1,-1
2019-08-07 15:26:51.164,10344,10345,10345,3,3
2019-08-07 15:26:51.164,10344,10345,10345,2,2
2019-08-07 15:26:51.164,10344,10345,10345,4,4
2019-08-07 15:26:51.165,10344,10345,10345,10,10
2019-08-07 15:26:53.411,10345,10346,10345,1,-1
2019-08-07 15:26:57.570,10345,10346,10345,2,-2
2019-08-07 15:27:06.336,10345,10346,10345,2,-2
2019-08-07 15:27:06.509,10345,10346,10345,1,-1
2019-08-07 15:27:08.543,10345,10346,10346,4,4
2019-08-07 15:27:15.272,10345,10347,10345,1,-1
2019-08-07 15:27:15.527,10345,10347,10345,2,-2
2019-08-07 15:27:19.453,10345,10346,10346,1,1
2019-08-07 15:27:21.092,10345,10346,10345,1,-1
2019-08-07 15:28:08.273,10345,10346,10345,1,-1
2019-08-07 15:28:10.666,10345,10346,10346,3,3
2019-08-07 15:28:11.003,10345,10347,10347,3,3
2019-08-07 15:28:11.208,10346,10347,10347,3,3
2019-08-07 15:28:13.645,10346,10347,10347,1,1
2019-08-07 15:28:37.731,10346,10347,10346,1,-1
2019-08-07 15:28:40.702,10346,10347,10346,2,-2
2019-08-07 15:28:50.106,10345,10346,10346,1,1
2019-08-07 15:28:52.843,10346,10347,10346,1,-1
2019-08-07 15:28:55.939,10346,10347,10346,1,-1
2019-08-07 15:28:56.269,10346,10347,10346,1,-1
2019-08-07 15:29:12.783,10345,10346,10346,3,3
2019-08-07 15:29:13.633,10346,10347,10346,1,-1
2019-08-07 15:29:13.748,10346,10347,10346,1,-1
2019-08-07 15:29:19.335,10345,10346,10346,2,2
2019-08-07 15:29:19.416,10345,10346,10346,3,3
2019-08-07 15:29:36.017,10346,10347,10347,2,2
2019-08-07 15:29:49.023,10346,10347,10346,2,-2
2019-08-07 15:29:56.196,10346,10347,10346,1,-1
2019-08-07 15:29:58.222,10346,10347,10346,1,-1
2019-08-07 15:29:59.777,10346,10347,10347,3,3
2019-08-07 15:29:59.791,10346,10347,10347,15,15
2019-08-07 15:29:59.916,10346,10347,10347,2,2
2019-08-07 15:29:59.916,10346,10347,10347,2,2
2019-08-07 15:29:59.916,10346,10347,10347,3,3
2019-08-07 15:30:00.083,10346,10347,10347,3,3
2019-08-07 15:30:00.084,10346,10347,10347,4,4
2019-08-07 15:30:00.134,10346,10347,10347,3,3
2019-08-07 15:30:00.166,10346,10347,10347,1,1
2019-08-07 15:30:00.971,10346,10348,10348,1,1
2019-08-07 15:30:03.812,10346,10348,10348,1,1
2019-08-07 15:30:04.195,10346,10348,10348,1,1
2019-08-07 15:30:04.206,10346,10348,10348,1,1
2019-08-07 15:30:04.944,10346,10348,10348,3,3
2019-08-07 15:30:04.959,10346,10348,10348,3,3
2019-08-07 15:30:05.006,10346,10348,10348,1,1
2019-08-07 15:30:05.162,10346,10348,10348,2,2
2019-08-07 15:30:09.978,10346,10347,10347,1,1
2019-08-07 15:30:13.167,10346,10347,10347,1,1
2019-08-07 15:30:17.664,10347,10348,10348,1,1
2019-08-07 15:30:23.681,10347,10348,10348,1,1
2019-08-07 15:30:25.724,10347,10348,10348,4,4
2019-08-07 15:30:30.046,10348,10349,10349,5,5
2019-08-07 15:30:30.046,10348,10349,10349,1,1
2019-08-07 15:30:30.234,10349,10350,10349,1,-1
2019-08-07 15:30:30.395,10348,10350,10348,1,-1
2019-08-07 15:30:33.505,10348,10349,10349,1,1
2019-08-07 15:30:39.850,10348,10349,10349,1,1
2019-08-07 15:30:40.258,10348,10349,10349,1,1
2019-08-07 15:30:46.821,10348,10349,10349,1,1
2019-08-07 15:30:47.969,10348,10349,10349,2,2
2019-08-07 15:30:50.976,10348,10349,10349,1,1
2019-08-07 15:30:59.220,10349,10350,10349,1,-1
2019-08-07 15:31:10.114,10349,10350,10349,1,-1
2019-08-07 15:31:28.544,10349,10350,10349,2,-2
2019-08-07 15:31:33.916,10349,10350,10349,12,-12
2019-08-07 15:31:35.387,10348,10349,10349,1,1
2019-08-07 15:31:36.767,10348,10349,10349,1,1
2019-08-07 15:31:57.183,10348,10349,10349,1,1
2019-08-07 15:32:06.476,10348,10349,10348,2,-2
2019-08-07 15:32:07.976,10348,10349,10349,1,1
2019-08-07 15:32:10.246,10348,10349,10349,1,1
2019-08-07 15:32:10.291,10348,10349,10349,5,5
2019-08-07 15:32:10.320,10348,10349,10350,1,1
2019-08-07 15:32:10.593,10349,10350,10350,1,1
2019-08-07 15:32:10.801,10349,10350,10349,1,-1
2019-08-07 15:32:15.567,10348,10350,10350,2,2
2019-08-07 15:32:26.926,10349,10350,10349,2,-2
2019-08-07 15:32:28.666,10348,10349,10349,1,1
2019-08-07 15:32:28.666,10348,10349,10350,3,3
2019-08-07 15:32:30.632,10348,10350,10349,1,-1
2019-08-07 15:32:31.226,10348,10349,10349,2,2
2019-08-07 15:32:37.610,10348,10349,10349,1,1
2019-08-07 15:32:51.980,10348,10349,10349,1,1
2019-08-07 15:33:04.266,10348,10350,10350,1,1
2019-08-07 15:33:11.263,10348,10349,10349,1,1
2019-08-07 15:33:18.938,10348,10349,10348,3,-3
2019-08-07 15:33:24.089,10348,10349,10348,1,-1
2019-08-07 15:33:46.685,10348,10349,10349,4,4
2019-08-07 15:33:50.868,10349,10350,10349,1,-1
2019-08-07 15:34:41.963,10349,10350,10349,1,-1
2019-08-07 15:35:40.606,10349,10350,10350,8,8
2019-08-07 15:35:40.666,10349,10350,10350,2,2
2019-08-07 15:35:41.140,10349,10350,10350,2,2
2019-08-07 15:35:41.140,10349,10350,10350,4,4
2019-08-07 15:35:41.140,10349,10350,10350,4,4
2019-08-07 15:35:41.140,10349,10350,10350,2,2
2019-08-07 15:35:41.141,10349,10350,10350,3,3
2019-08-07 15:35:41.141,10349,10350,10350,1,1
2019-08-07 15:35:41.141,10349,10350,10350,1,1
2019-08-07 15:35:47.069,10350,10351,10351,1,1
2019-08-07 15:35:47.330,10350,10351,10351,2,2
2019-08-07 15:36:00.672,10350,10351,10351,1,1
2019-08-07 15:36:06.287,10350,10351,10351,5,5
2019-08-07 15:36:08.441,10350,10351,10351,2,2
2019-08-07 15:36:09.683,10350,10351,10351,2,2
2019-08-07 15:36:14.645,10351,10352,10351,2,-2
2019-08-07 15:36:22.677,10351,10352,10352,1,1
2019-08-07 15:36:31.743,10351,10352,10351,1,-1
2019-08-07 15:36:35.702,10351,10352,10352,30,30
2019-08-07 15:36:44.137,10351,10352,10352,1,1
2019-08-07 15:36:44.467,10351,10352,10352,1,1
2019-08-07 15:36:45.560,10351,10352,10352,1,1
2019-08-07 15:36:50.528,10351,10352,10351,8,-8
2019-08-07 15:36:50.783,10350,10351,10351,2,2
2019-08-07 15:36:52.792,10350,10351,10350,5,-5
2019-08-07 15:36:52.792,10350,10351,10350,5,-5
2019-08-07 15:36:55.022,10350,10351,10350,1,-1
2019-08-07 15:37:00.321,10349,10351,10349,3,-3
2019-08-07 15:37:04.904,10349,10350,10350,1,1
2019-08-07 15:37:04.904,10349,10350,10351,2,2
2019-08-07 15:37:10.068,10349,10351,10351,1,1
2019-08-07 15:37:21.207,10350,10351,10350,1,-1
2019-08-07 15:37:42.294,10350,10351,10350,1,-1
2019-08-07 15:37:55.397,10350,10351,10350,2,-2
2019-08-07 15:38:22.380,10350,10351,10350,1,-1
2019-08-07 15:38:37.233,10350,10351,10350,1,-1
2019-08-07 15:38:39.925,10350,10351,10351,1,1
2019-08-07 15:38:40.067,10350,10351,10350,1,-1
2019-08-07 15:38:45.441,10350,10351,10350,1,-1
2019-08-07 15:38:50.696,10350,10351,10351,2,2
2019-08-07 15:38:51.834,10350,10351,10351,1,1
2019-08-07 15:38:57.663,10350,10351,10351,1,1
2019-08-07 15:38:58.524,10350,10351,10351,1,1
2019-08-07 15:39:01.810,10350,10351,10351,1,1
2019-08-07 15:39:06.448,10350,10351,10351,1,1
2019-08-07 15:39:08.504,10350,10351,10351,3,3
2019-08-07 15:39:20.301,10350,10351,10350,9,-9
2019-08-07 15:39:23.666,10349,10350,10349,9,-9
2019-08-07 15:39:28.757,10348,10350,10348,1,-1
2019-08-07 15:39:36.419,10348,10349,10348,2,-2
2019-08-07 15:39:50.433,10347,10349,10349,2,2
2019-08-07 15:39:58.291,10347,10348,10348,1,1
2019-08-07 15:40:02.843,10348,10349,10349,2,2
2019-08-07 15:40:02.843,10348,10349,10350,2,2
2019-08-07 15:40:20.750,10349,10350,10350,2,2
2019-08-07 15:40:50.933,10350,10351,10351,5,5
2019-08-07 15:40:58.237,10350,10351,10351,1,1
2019-08-07 15:41:11.997,10350,10351,10351,1,1
2019-08-07 15:41:16.771,10350,10351,10351,1,1
2019-08-07 15:41:21.726,10350,10351,10351,1,1
2019-08-07 15:41:37.372,10350,10351,10351,1,1
2019-08-07 15:41:37.372,10350,10351,10351,1,1
2019-08-07 15:41:37.373,10350,10351,10351,1,1
2019-08-07 15:41:37.373,10350,10351,10351,1,1
2019-08-07 15:41:37.373,10350,10351,10351,1,1
2019-08-07 15:41:37.373,10350,10351,10351,3,3
2019-08-07 15:41:37.373,10350,10351,10351,1,1
2019-08-07 15:41:37.373,10350,10351,10351,1,1
2019-08-07 15:41:37.416,10350,10351,10351,1,1
2019-08-07 15:41:52.415,10351,10352,10352,2,2
2019-08-07 15:41:52.415,10351,10352,10352,8,8
2019-08-07 15:41:59.613,10351,10352,10352,1,1
2019-08-07 15:42:08.065,10351,10352,10352,4,4
2019-08-07 15:42:17.740,10351,10352,10352,1,1
2019-08-07 15:42:32.475,10351,10352,10352,1,1
2019-08-07 15:42:33.131,10352,10353,10352,1,-1
2019-08-07 15:42:41.599,10352,10353,10352,1,-1
2019-08-07 15:42:47.764,10352,10353,10352,2,-2
2019-08-07 15:42:48.514,10352,10353,10352,1,-1
2019-08-07 15:42:49.419,10352,10353,10352,1,-1
2019-08-07 15:42:59.143,10352,10353,10352,1,-1
2019-08-07 15:43:02.204,10352,10353,10352,1,-1
2019-08-07 15:43:11.246,10352,10353,10352,1,-1
2019-08-07 15:43:29.714,10352,10353,10353,3,3
2019-08-07 15:43:41.586,10352,10353,10352,5,-5
2019-08-07 15:43:47.037,10352,10353,10352,1,-1
2019-08-07 15:43:48.333,10352,10353,10353,1,1
2019-08-07 15:43:53.620,10352,10353,10353,1,1
2019-08-07 15:44:19.347,10352,10353,10352,3,-3
2019-08-07 15:44:22.376,10352,10353,10352,1,-1
2019-08-07 15:44:26.615,10352,10353,10353,1,1
2019-08-07 15:44:27.085,10352,10353,10352,1,-1
2019-08-07 15:44:35.810,10352,10353,10352,1,-1
2019-08-07 15:44:39.308,10352,10353,10352,10,-10
2019-08-07 15:44:43.214,10351,10352,10352,2,2
2019-08-07 15:44:47.186,10351,10352,10352,2,2
2019-08-07 15:44:52.394,10351,10352,10352,1,1
2019-08-07 15:44:56.800,10351,10352,10352,1,1
2019-08-07 15:44:59.038,10351,10352,10351,1,-1
2019-08-07 15:45:26.401,10351,10352,10351,1,-1
2019-08-07 15:45:28.600,10351,10352,10351,5,-5
2019-08-07 15:45:28.779,10350,10352,10352,1,1
2019-08-07 15:45:32.025,10350,10351,10351,1,1
2019-08-07 15:45:34.021,10350,10351,10351,2,2
2019-08-07 15:45:35.815,10350,10352,10350,1,-1
2019-08-07 15:46:14.811,10350,10351,10350,1,-1
2019-08-07 15:46:19.808,10350,10351,10350,2,-2
2019-08-07 15:46:23.012,10350,10351,10350,1,-1
2019-08-07 15:46:23.317,10350,10351,10351,1,1
2019-08-07 15:46:32.053,10350,10351,10350,2,-2
2019-08-07 15:46:41.115,10350,10351,10350,1,-1
2019-08-07 15:46:41.694,10350,10351,10350,3,-3
2019-08-07 15:46:59.640,10350,10351,10351,1,1
2019-08-07 15:46:59.640,10350,10351,10351,2,2
2019-08-07 15:46:59.640,10350,10351,10351,4,4
2019-08-07 15:46:59.640,10350,10351,10351,7,7
2019-08-07 15:47:02.716,10351,10352,10351,1,-1
2019-08-07 15:47:04.354,10351,10352,10351,1,-1
2019-08-07 15:47:18.731,10351,10352,10352,10,10
2019-08-07 15:47:23.523,10352,10353,10353,6,6
2019-08-07 15:47:23.541,10352,10353,10353,10,10
2019-08-07 15:47:23.666,10352,10353,10353,1,1
2019-08-07 15:47:23.708,10352,10353,10353,6,6
2019-08-07 15:47:30.985,10352,10353,10353,2,2
2019-08-07 15:47:32.075,10352,10353,10353,2,2
2019-08-07 15:47:35.296,10352,10353,10353,5,5
2019-08-07 15:47:35.297,10352,10353,10353,4,4
2019-08-07 15:47:35.772,10352,10353,10353,1,1
2019-08-07 15:47:40.401,10352,10353,10353,2,2
2019-08-07 15:48:34.198,10352,10353,10353,2,2
2019-08-07 15:48:34.198,10352,10353,10353,2,2
2019-08-07 15:48:34.199,10352,10353,10353,2,2
2019-08-07 15:48:35.331,10353,10354,10353,2,-2
2019-08-07 15:48:46.718,10353,10354,10353,3,-3
2019-08-07 15:48:48.097,10352,10353,10353,1,1
2019-08-07 15:48:48.592,10352,10353,10353,1,1
2019-08-07 15:49:08.396,10353,10354,10353,1,-1
2019-08-07 15:49:11.856,10353,10354,10354,3,3
2019-08-07 15:49:11.953,10353,10354,10354,1,1
2019-08-07 15:49:12.133,10353,10354,10354,2,2
2019-08-07 15:49:30.178,10353,10354,10354,1,1
2019-08-07 15:49:32.253,10353,10354,10353,2,-2
2019-08-07 15:49:45.806,10352,10353,10353,1,1
2019-08-07 15:49:51.155,10352,10353,10353,2,2
2019-08-07 15:49:56.233,10352,10353,10353,1,1
2019-08-07 15:50:09.765,10353,10354,10354,1,1
2019-08-07 15:50:24.740,10353,10354,10354,2,2
2019-08-07 15:50:25.073,10353,10354,10354,10,10
2019-08-07 15:50:28.636,10353,10354,10353,1,-1
2019-08-07 15:50:39.169,10353,10354,10353,1,-1
2019-08-07 15:51:08.010,10353,10354,10354,1,1
2019-08-07 15:51:42.906,10353,10354,10354,1,1
2019-08-07 15:51:44.951,10353,10354,10354,1,1
2019-08-07 15:52:19.322,10353,10354,10354,4,4
2019-08-07 15:52:20.320,10353,10354,10354,1,1
2019-08-07 15:52:23.853,10353,10354,10354,2,2
2019-08-07 15:52:24.047,10353,10354,10354,1,1
2019-08-07 15:52:24.047,10353,10354,10354,2,2
2019-08-07 15:52:24.049,10353,10354,10354,1,1
2019-08-07 15:52:24.050,10353,10354,10354,1,1
2019-08-07 15:52:27.569,10353,10354,10354,1,1
2019-08-07 15:52:37.946,10354,10355,10354,1,-1
2019-08-07 15:52:41.393,10354,10355,10354,4,-4
2019-08-07 15:52:43.644,10354,10355,10354,5,-5
2019-08-07 15:52:44.113,10354,10355,10354,1,-1
2019-08-07 15:52:46.469,10354,10355,10354,1,-1
2019-08-07 15:52:50.258,10354,10355,10354,1,-1
2019-08-07 15:52:53.667,10354,10355,10354,5,-5
2019-08-07 15:52:57.914,10353,10354,10354,1,1
2019-08-07 15:53:00.967,10353,10354,10354,2,2
2019-08-07 15:53:03.787,10354,10355,10354,1,-1
2019-08-07 15:53:19.039,10354,10355,10354,1,-1
2019-08-07 15:53:34.924,10354,10355,10355,21,21
2019-08-07 15:53:36.054,10354,10355,10355,5,5
2019-08-07 15:53:36.302,10354,10355,10355,5,5
2019-08-07 15:53:36.572,10354,10355,10355,5,5
2019-08-07 15:53:36.855,10354,10355,10355,5,5
2019-08-07 15:53:37.512,10354,10355,10355,5,5
2019-08-07 15:53:38.029,10354,10355,10355,4,4
2019-08-07 15:53:38.059,10354,10355,10355,2,2
2019-08-07 15:53:38.064,10354,10355,10355,1,1
2019-08-07 15:53:38.064,10354,10355,10355,1,1
2019-08-07 15:53:42.533,10355,10356,10355,1,-1
2019-08-07 15:53:45.286,10355,10356,10355,1,-1
2019-08-07 15:53:49.557,10355,10356,10355,1,-1
2019-08-07 15:53:51.049,10355,10356,10356,1,1
2019-08-07 15:53:54.180,10355,10356,10355,2,-2
2019-08-07 15:53:56.485,10355,10356,10356,2,2
2019-08-07 15:53:59.239,10355,10356,10356,1,1
2019-08-07 15:54:01.980,10355,10356,10355,1,-1
2019-08-07 15:54:02.442,10355,10356,10356,3,3
2019-08-07 15:54:02.884,10355,10356,10356,1,1
2019-08-07 15:54:08.111,10355,10356,10356,1,1
2019-08-07 15:54:11.595,10355,10356,10356,2,2
2019-08-07 15:54:11.595,10355,10356,10356,4,4
2019-08-07 15:54:11.595,10355,10356,10356,1,1
2019-08-07 15:54:13.500,10355,10356,10356,2,2
2019-08-07 15:54:18.276,10355,10356,10356,5,5
2019-08-07 15:54:20.528,10355,10356,10356,2,2
2019-08-07 15:54:24.562,10355,10356,10356,1,1
2019-08-07 15:54:28.984,10355,10356,10356,1,1
2019-08-07 15:54:35.081,10355,10356,10356,1,1
2019-08-07 15:54:35.541,10355,10356,10356,1,1
2019-08-07 15:54:35.647,10355,10356,10356,14,14
2019-08-07 15:54:35.647,10355,10356,10356,2,2
2019-08-07 15:54:35.647,10355,10356,10356,2,2
2019-08-07 15:54:35.667,10355,10356,10356,14,14
2019-08-07 15:54:36.864,10356,10357,10357,5,5
2019-08-07 15:54:36.947,10356,10357,10357,12,12
2019-08-07 15:54:36.955,10356,10357,10357,3,3
2019-08-07 15:54:37.230,10356,10357,10357,6,6
2019-08-07 15:54:37.233,10356,10357,10357,8,8
2019-08-07 15:54:37.236,10356,10357,10357,3,3
2019-08-07 15:54:37.305,10356,10357,10357,3,3
2019-08-07 15:54:37.313,10356,10357,10357,1,1
2019-08-07 15:54:37.313,10356,10357,10357,3,3
2019-08-07 15:54:37.313,10356,10357,10357,1,1
2019-08-07 15:54:37.313,10356,10357,10358,6,6
2019-08-07 15:54:37.313,10356,10357,10358,4,4
2019-08-07 15:54:37.314,10356,10357,10358,9,9
2019-08-07 15:54:37.314,10356,10357,10358,3,3
2019-08-07 15:54:37.342,10356,10357,10358,2,2
2019-08-07 15:54:37.350,10356,10357,10358,3,3
2019-08-07 15:54:37.352,10356,10357,10358,3,3
2019-08-07 15:54:37.372,10356,10357,10358,3,3
2019-08-07 15:54:37.373,10356,10357,10358,2,2
2019-08-07 15:54:37.379,10356,10357,10358,1,1
2019-08-07 15:54:37.449,10357,10358,10358,3,3
2019-08-07 15:54:37.449,10357,10358,10359,3,3
2019-08-07 15:54:37.472,10357,10358,10359,1,1
2019-08-07 15:54:37.492,10357,10358,10359,2,2
2019-08-07 15:54:37.511,10357,10358,10359,3,3
2019-08-07 15:54:37.580,10357,10359,10359,4,4
2019-08-07 15:54:37.715,10358,10359,10359,1,1
2019-08-07 15:54:37.964,10358,10359,10359,2,2
2019-08-07 15:54:39.717,10358,10359,10358,1,-1
2019-08-07 15:54:39.747,10358,10359,10359,4,4
2019-08-07 15:54:40.083,10358,10359,10359,5,5
2019-08-07 15:54:40.419,10358,10359,10358,1,-1
2019-08-07 15:54:40.799,10358,10359,10359,1,1
2019-08-07 15:54:41.192,10358,10359,10359,1,1
2019-08-07 15:54:41.772,10358,10359,10359,2,2
2019-08-07 15:54:42.589,10358,10359,10359,1,1
2019-08-07 15:54:43.939,10358,10359,10358,1,-1
2019-08-07 15:54:44.048,10358,10359,10359,1,1
2019-08-07 15:54:47.204,10358,10359,10359,2,2
2019-08-07 15:54:47.291,10358,10359,10359,1,1
2019-08-07 15:54:47.416,10358,10360,10360,1,1
2019-08-07 15:54:47.659,10358,10360,10360,1,1
2019-08-07 15:54:47.666,10359,10360,10360,3,3
2019-08-07 15:54:47.914,10359,10360,10360,1,1
2019-08-07 15:54:48.391,10359,10360,10360,1,1
2019-08-07 15:54:50.511,10359,10360,10360,1,1
2019-08-07 15:54:51.337,10359,10360,10360,2,2
2019-08-07 15:54:51.652,10359,10360,10360,1,1
2019-08-07 15:54:52.469,10359,10360,10359,2,-2
2019-08-07 15:54:53.789,10359,10360,10359,1,-1
2019-08-07 15:54:53.790,10359,10360,10359,2,-2
2019-08-07 15:54:53.792,10359,10360,10359,1,-1
2019-08-07 15:54:56.389,10358,10359,10359,1,1
2019-08-07 15:54:56.955,10358,10359,10359,1,1
2019-08-07 15:54:57.334,10358,10359,10359,1,1
2019-08-07 15:54:59.602,10358,10359,10359,1,1
2019-08-07 15:55:02.597,10358,10359,10358,2,-2
2019-08-07 15:55:03.172,10358,10359,10359,1,1
2019-08-07 15:55:04.404,10358,10359,10359,1,1
2019-08-07 15:55:05.078,10358,10359,10359,1,1
2019-08-07 15:55:05.639,10358,10359,10359,1,1
2019-08-07 15:55:09.005,10358,10359,10359,4,4
2019-08-07 15:55:10.445,10358,10359,10358,1,-1
2019-08-07 15:55:11.451,10358,10359,10358,1,-1
2019-08-07 15:55:15.731,10358,10359,10358,12,-12
2019-08-07 15:55:17.948,10357,10358,10358,1,1
2019-08-07 15:55:18.057,10357,10358,10358,1,1
2019-08-07 15:55:22.320,10357,10358,10358,1,1
2019-08-07 15:55:22.653,10357,10358,10358,1,1
2019-08-07 15:55:22.909,10357,10358,10357,4,-4
2019-08-07 15:55:23.438,10357,10358,10357,2,-2
2019-08-07 15:55:31.675,10356,10357,10356,1,-1
2019-08-07 15:55:38.502,10356,10357,10357,2,2
2019-08-07 15:55:41.972,10356,10357,10357,1,1
2019-08-07 15:55:47.182,10356,10357,10357,2,2
2019-08-07 15:55:47.268,10356,10357,10356,1,-1
2019-08-07 15:55:47.505,10356,10357,10357,1,1
2019-08-07 15:55:55.399,10356,10357,10357,1,1
2019-08-07 15:55:56.547,10356,10357,10357,2,2
2019-08-07 15:55:57.881,10356,10357,10357,1,1
2019-08-07 15:56:02.527,10357,10358,10358,1,1
2019-08-07 15:56:02.883,10357,10358,10357,1,-1
2019-08-07 15:56:04.118,10357,10358,10357,1,-1
2019-08-07 15:56:10.125,10357,10358,10357,10,-10
2019-08-07 15:56:10.834,10357,10358,10357,9,-9
2019-08-07 15:56:10.835,10357,10358,10357,1,-1
2019-08-07 15:56:12.155,10357,10358,10358,1,1
2019-08-07 15:56:14.759,10357,10358,10357,1,-1
2019-08-07 15:56:27.621,10357,10358,10358,1,1
2019-08-07 15:56:38.773,10357,10358,10358,1,1
2019-08-07 15:56:47.372,10357,10358,10358,5,5
2019-08-07 15:56:47.561,10357,10358,10358,5,5
2019-08-07 15:56:50.270,10357,10358,10358,1,1
2019-08-07 15:56:50.291,10357,10358,10358,3,3
2019-08-07 15:56:51.167,10358,10359,10358,1,-1
2019-08-07 15:56:54.994,10358,10359,10358,8,-8
2019-08-07 15:56:57.931,10357,10358,10358,1,1
2019-08-07 15:56:59.282,10357,10358,10358,1,1
2019-08-07 15:56:59.314,10357,10358,10358,1,1
2019-08-07 15:56:59.547,10357,10358,10358,1,1
2019-08-07 15:57:01.251,10357,10358,10358,1,1
2019-08-07 15:57:06.042,10358,10359,10358,1,-1
2019-08-07 15:57:11.271,10358,10359,10359,2,2
2019-08-07 15:57:14.578,10358,10359,10359,5,5
2019-08-07 15:57:14.589,10358,10359,10359,1,1
2019-08-07 15:57:14.614,10358,10359,10359,2,2
2019-08-07 15:57:14.631,10358,10359,10359,2,2
2019-08-07 15:57:14.632,10358,10359,10359,2,2
2019-08-07 15:57:14.666,10359,10360,10360,1,1
2019-08-07 15:57:14.666,10359,10360,10360,1,1
2019-08-07 15:57:14.724,10359,10360,10360,1,1
2019-08-07 15:57:14.726,10359,10360,10360,1,1
2019-08-07 15:57:14.787,10359,10360,10360,1,1
2019-08-07 15:57:14.791,10359,10360,10360,5,5
2019-08-07 15:57:14.795,10359,10360,10360,10,10
2019-08-07 15:57:14.795,10359,10360,10360,1,1
2019-08-07 15:57:14.797,10359,10360,10360,1,1
2019-08-07 15:57:14.798,10359,10360,10360,2,2
2019-08-07 15:57:14.807,10359,10360,10360,2,2
2019-08-07 15:57:14.808,10359,10360,10360,1,1
2019-08-07 15:57:14.847,10359,10360,10359,1,-1
2019-08-07 15:57:15.313,10359,10360,10360,1,1
2019-08-07 15:57:15.573,10359,10360,10360,1,1
2019-08-07 15:57:15.573,10359,10360,10360,1,1
2019-08-07 15:57:15.585,10359,10360,10360,1,1
2019-08-07 15:57:16.553,10359,10360,10360,2,2
2019-08-07 15:57:16.669,10359,10360,10360,4,4
2019-08-07 15:57:16.780,10359,10360,10360,2,2
2019-08-07 15:57:16.791,10359,10360,10360,1,1
2019-08-07 15:57:17.136,10360,10361,10361,1,1
2019-08-07 15:57:17.201,10360,10361,10361,1,1
2019-08-07 15:57:17.201,10360,10361,10360,1,-1
2019-08-07 15:57:17.268,10360,10361,10361,2,2
2019-08-07 15:57:17.287,10360,10361,10361,1,1
2019-08-07 15:57:17.649,10360,10361,10361,3,3
2019-08-07 15:57:20.795,10360,10361,10361,2,2
2019-08-07 15:57:21.479,10360,10361,10361,3,3
2019-08-07 15:57:21.504,10360,10361,10361,1,1
2019-08-07 15:57:22.148,10360,10361,10360,1,-1
2019-08-07 15:57:27.467,10360,10361,10360,2,-2
2019-08-07 15:57:27.541,10360,10361,10360,1,-1
2019-08-07 15:57:27.973,10360,10361,10360,8,-8
2019-08-07 15:57:28.041,10360,10361,10360,5,-5
2019-08-07 15:57:28.041,10360,10361,10360,5,-5
2019-08-07 15:57:28.041,10360,10361,10360,2,-2
2019-08-07 15:57:28.041,10360,10361,10360,2,-2
2019-08-07 15:57:28.041,10360,10361,10360,2,-2
2019-08-07 15:57:28.041,10360,10361,10360,1,-1
2019-08-07 15:57:28.107,10360,10361,10360,3,-3
2019-08-07 15:57:32.488,10360,10361,10360,1,-1
2019-08-07 15:57:33.071,10360,10361,10361,1,1
2019-08-07 15:57:33.244,10360,10361,10360,1,-1
2019-08-07 15:57:33.863,10360,10361,10360,3,-3
2019-08-07 15:57:43.000,10360,10361,10361,2,2
2019-08-07 15:57:43.071,10360,10361,10361,1,1
2019-08-07 15:57:43.403,10361,10362,10362,1,1
2019-08-07 15:57:43.764,10361,10362,10362,1,1
2019-08-07 15:57:44.029,10361,10362,10362,1,1
2019-08-07 15:57:44.352,10361,10362,10362,2,2
2019-08-07 15:57:44.395,10361,10362,10362,5,5
2019-08-07 15:57:44.396,10361,10362,10362,5,5
2019-08-07 15:57:44.397,10361,10362,10362,4,4
2019-08-07 15:57:44.437,10361,10362,10362,2,2
2019-08-07 15:57:44.511,10361,10362,10362,3,3
2019-08-07 15:57:45.310,10361,10362,10362,1,1
2019-08-07 15:57:45.597,10361,10362,10362,2,2
2019-08-07 15:57:46.400,10361,10362,10361,2,-2
2019-08-07 15:57:48.906,10361,10362,10362,1,1
2019-08-07 15:57:49.530,10361,10362,10362,4,4
2019-08-07 15:57:50.379,10361,10362,10362,5,5
2019-08-07 15:57:54.854,10362,10363,10363,10,10
2019-08-07 15:57:55.653,10362,10363,10363,10,10
2019-08-07 15:57:56.019,10362,10363,10362,1,-1
2019-08-07 15:57:57.181,10362,10363,10363,10,10
2019-08-07 15:57:57.475,10362,10363,10363,10,10
2019-08-07 15:57:57.737,10362,10363,10363,2,2
2019-08-07 15:57:58.109,10362,10363,10363,1,1
2019-08-07 15:57:58.346,10362,10363,10363,7,7
2019-08-07 15:57:58.346,10362,10363,10364,3,3
2019-08-07 15:57:58.537,10362,10364,10364,1,1
2019-08-07 15:57:58.917,10363,10364,10363,1,-1
2019-08-07 15:57:59.291,10363,10364,10363,2,-2
2019-08-07 15:57:59.987,10362,10363,10362,1,-1
2019-08-07 15:58:03.095,10363,10364,10363,2,2
2019-08-07 15:58:03.132,10363,10364,10363,1,-1
2019-08-07 15:58:04.279,10363,10364,10364,1,1
2019-08-07 15:58:04.692,10363,10364,10364,3,3
2019-08-07 15:58:04.981,10364,10365,10365,1,1
2019-08-07 15:58:06.073,10363,10364,10364,1,1
2019-08-07 15:58:06.073,10363,10364,10365,1,1
2019-08-07 15:58:07.173,10364,10365,10365,1,1
2019-08-07 15:58:08.519,10364,10365,10365,10,10
2019-08-07 15:58:14.541,10364,10365,10365,1,1
2019-08-07 15:58:19.061,10364,10365,10364,1,-1
2019-08-07 15:58:20.833,10364,10365,10365,8,8
2019-08-07 15:58:20.834,10364,10365,10364,1,-1
2019-08-07 15:58:21.496,10364,10365,10365,2,2
2019-08-07 15:58:21.627,10364,10365,10365,1,1
2019-08-07 15:58:21.657,10364,10365,10365,1,1
2019-08-07 15:58:21.819,10364,10365,10364,1,-1
2019-08-07 15:58:22.127,10364,10365,10365,1,1
2019-08-07 15:58:22.696,10364,10365,10365,3,3
2019-08-07 15:58:24.350,10364,10365,10365,1,1
2019-08-07 15:58:25.104,10364,10365,10365,1,1
2019-08-07 15:58:26.751,10364,10365,10365,1,1
2019-08-07 15:58:27.810,10364,10365,10365,18,18
2019-08-07 15:58:28.058,10364,10365,10365,2,2
2019-08-07 15:58:28.058,10364,10365,10365,5,5
2019-08-07 15:58:30.540,10365,10366,10366,2,2
2019-08-07 15:58:30.934,10365,10366,10366,2,2
2019-08-07 15:58:31.155,10365,10366,10365,1,-1
2019-08-07 15:58:31.689,10365,10366,10366,2,2
2019-08-07 15:58:31.757,10365,10366,10366,1,1
2019-08-07 15:58:31.869,10365,10366,10365,2,-2
2019-08-07 15:58:32.068,10365,10366,10366,1,1
2019-08-07 15:58:32.703,10365,10366,10366,1,1
2019-08-07 15:58:32.840,10365,10366,10366,2,2
2019-08-07 15:58:33.078,10365,10366,10365,1,-1
2019-08-07 15:58:33.192,10365,10366,10366,1,1
2019-08-07 15:58:33.273,10365,10366,10366,4,4
2019-08-07 15:58:33.544,10365,10366,10366,8,8
2019-08-07 15:58:33.873,10365,10366,10366,2,2
2019-08-07 15:58:34.348,10365,10366,10366,1,1
2019-08-07 15:58:34.686,10365,10366,10365,5,-5
2019-08-07 15:58:35.020,10365,10366,10366,1,1
2019-08-07 15:58:35.458,10365,10366,10365,1,-1
2019-08-07 15:58:37.413,10365,10366,10366,1,1
2019-08-07 15:58:38.206,10365,10366,10366,1,1
2019-08-07 15:58:38.303,10365,10366,10366,1,1
2019-08-07 15:58:38.303,10365,10366,10367,9,9
2019-08-07 15:58:38.585,10365,10366,10366,1,1
2019-08-07 15:58:38.697,10365,10367,10367,1,1
2019-08-07 15:58:38.711,10365,10367,10367,1,1
2019-08-07 15:58:38.790,10365,10367,10367,2,2
2019-08-07 15:58:39.043,10366,10367,10366,1,-1
2019-08-07 15:58:39.076,10366,10367,10367,10,10
2019-08-07 15:58:39.101,10366,10367,10367,1,1
2019-08-07 15:58:40.340,10366,10367,10367,10,10
2019-08-07 15:58:41.523,10366,10367,10366,1,-1
2019-08-07 15:58:42.299,10366,10367,10366,1,-1
2019-08-07 15:58:43.764,10366,10367,10367,1,1
2019-08-07 15:58:45.160,10366,10367,10367,1,1
2019-08-07 15:58:46.005,10366,10367,10367,2,2
2019-08-07 15:58:46.306,10366,10367,10367,2,2
2019-08-07 15:58:46.317,10366,10367,10367,2,2
2019-08-07 15:58:47.175,10366,10367,10367,4,4
2019-08-07 15:58:47.731,10366,10367,10367,2,2
2019-08-07 15:58:54.239,10367,10368,10368,7,7
2019-08-07 15:58:54.632,10367,10368,10368,1,1
2019-08-07 15:58:54.678,10367,10368,10368,1,1
2019-08-07 15:58:54.838,10367,10368,10368,1,1
2019-08-07 15:58:55.414,10367,10368,10368,3,3
2019-08-07 15:58:55.415,10367,10368,10368,1,1
2019-08-07 15:58:55.415,10367,10368,10368,1,1
2019-08-07 15:58:55.415,10367,10368,10368,6,6
2019-08-07 15:58:55.415,10367,10368,10368,1,1
2019-08-07 15:58:55.415,10367,10368,10368,3,3
2019-08-07 15:58:55.415,10367,10368,10368,2,2
2019-08-07 15:58:55.415,10367,10368,10368,2,2
2019-08-07 15:58:55.416,10367,10368,10368,3,3
2019-08-07 15:58:55.416,10367,10368,10368,5,5
2019-08-07 15:58:55.416,10367,10368,10368,1,1
2019-08-07 15:58:55.423,10367,10368,10368,1,1
2019-08-07 15:58:56.535,10367,10368,10368,1,1
2019-08-07 15:58:57.376,10367,10368,10368,1,1
2019-08-07 15:58:58.270,10367,10368,10368,4,4
2019-08-07 15:58:58.371,10367,10369,10368,1,-1
2019-08-07 15:58:58.573,10367,10369,10369,2,2
2019-08-07 15:58:58.708,10367,10369,10367,1,-1
2019-08-07 15:58:59.041,10368,10369,10368,2,2
2019-08-07 15:58:59.312,10367,10369,10368,1,-1
2019-08-07 15:59:00.922,10367,10368,10367,1,-1
2019-08-07 15:59:00.922,10367,10368,10367,1,-1
2019-08-07 15:59:01.042,10367,10368,10368,1,1
2019-08-07 15:59:02.029,10367,10368,10367,3,-3
2019-08-07 15:59:02.063,10367,10368,10368,5,5
2019-08-07 15:59:03.954,10367,10368,10368,1,1
2019-08-07 15:59:04.558,10367,10368,10368,1,1
2019-08-07 15:59:05.291,10368,10369,10368,1,-1
2019-08-07 15:59:06.646,10367,10369,10369,1,1
2019-08-07 15:59:09.459,10368,10369,10368,1,-1
2019-08-07 15:59:10.110,10368,10369,10368,1,-1
2019-08-07 15:59:10.268,10368,10369,10368,1,-1
2019-08-07 15:59:11.373,10367,10368,10368,1,1
2019-08-07 15:59:12.085,10367,10368,10368,8,8
2019-08-07 15:59:12.085,10367,10368,10369,27,27
2019-08-07 15:59:12.483,10368,10369,10368,1,-1
2019-08-07 15:59:13.596,10368,10369,10369,1,1
2019-08-07 15:59:13.985,10368,10370,10370,1,1
2019-08-07 15:59:14.098,10368,10370,10370,1,1
2019-08-07 15:59:14.113,10368,10370,10370,1,1
2019-08-07 15:59:14.227,10368,10370,10369,1,-1
2019-08-07 15:59:14.331,10369,10370,10370,11,11
2019-08-07 15:59:14.824,10369,10370,10369,2,-2
2019-08-07 15:59:14.950,10369,10370,10369,1,-1
2019-08-07 15:59:14.950,10369,10370,10369,1,-1
2019-08-07 15:59:14.951,10369,10370,10369,1,-1
2019-08-07 15:59:15.073,10368,10369,10370,1,1
2019-08-07 15:59:17.350,10369,10370,10369,1,-1
2019-08-07 15:59:17.485,10369,10370,10369,3,-3
2019-08-07 15:59:17.503,10369,10370,10369,2,-2
2019-08-07 15:59:17.761,10368,10369,10369,2,2
2019-08-07 15:59:19.914,10368,10369,10369,1,1
2019-08-07 15:59:21.847,10368,10369,10368,1,-1
2019-08-07 15:59:22.236,10368,10369,10368,18,-18
2019-08-07 15:59:24.033,10368,10369,10369,1,1
2019-08-07 15:59:24.564,10368,10369,10368,1,-1
2019-08-07 15:59:24.981,10368,10369,10369,1,1
2019-08-07 15:59:26.444,10368,10369,10368,2,-2
2019-08-07 15:59:29.004,10368,10369,10368,1,-1
2019-08-07 15:59:29.167,10368,10369,10368,1,-1
2019-08-07 15:59:29.974,10368,10369,10368,2,-2
2019-08-07 15:59:29.974,10368,10369,10368,8,-8
2019-08-07 15:59:29.974,10368,10369,10368,1,-1
2019-08-07 15:59:35.208,10367,10368,10368,13,13
2019-08-07 15:59:35.291,10367,10368,10368,1,1
2019-08-07 15:59:35.584,10367,10368,10367,2,-2
2019-08-07 15:59:37.606,10367,10368,10368,1,1
2019-08-07 15:59:39.602,10367,10368,10367,1,-1
2019-08-07 15:59:40.723,10367,10368,10368,1,1
2019-08-07 15:59:43.379,10367,10368,10367,1,-1
2019-08-07 15:59:43.496,10367,10368,10368,2,2
2019-08-07 15:59:43.513,10367,10368,10368,2,2
2019-08-07 15:59:43.536,10367,10368,10368,2,2
2019-08-07 15:59:43.660,10367,10368,10368,5,5
2019-08-07 15:59:45.580,10367,10368,10368,1,1
2019-08-07 15:59:45.655,10367,10368,10368,2,2
2019-08-07 15:59:46.332,10367,10368,10368,1,1
2019-08-07 15:59:46.588,10367,10368,10368,2,2
2019-08-07 15:59:47.176,10367,10368,10368,1,1
2019-08-07 15:59:47.648,10367,10368,10368,2,2
2019-08-07 15:59:47.737,10367,10368,10367,1,-1
2019-08-07 15:59:47.738,10367,10368,10367,4,-4
2019-08-07 15:59:47.824,10367,10368,10367,1,-1
2019-08-07 15:59:48.489,10367,10368,10367,1,-1
2019-08-07 15:59:48.577,10367,10368,10367,1,-1
2019-08-07 15:59:48.854,10367,10368,10367,1,-1
2019-08-07 15:59:48.854,10367,10368,10367,1,-1
2019-08-07 15:59:48.854,10367,10368,10367,16,-16
2019-08-07 15:59:48.855,10367,10368,10367,4,-4
2019-08-07 15:59:48.855,10367,10368,10367,3,-3
2019-08-07 15:59:48.855,10367,10368,10367,1,-1
2019-08-07 15:59:48.856,10367,10368,10367,4,-4
2019-08-07 15:59:48.856,10367,10368,10367,2,-2
2019-08-07 15:59:48.857,10367,10368,10367,2,-2
2019-08-07 15:59:49.002,10366,10367,10367,1,1
2019-08-07 15:59:51.195,10366,10367,10367,2,2
2019-08-07 15:59:51.624,10366,10367,10367,2,2
2019-08-07 15:59:52.179,10366,10367,10367,1,1
2019-08-07 15:59:53.415,10366,10367,10366,1,-1
2019-08-07 15:59:53.691,10366,10367,10367,4,4
2019-08-07 15:59:53.917,10366,10367,10367,3,3
2019-08-07 15:59:54.676,10366,10367,10366,1,-1
2019-08-07 15:59:56.808,10366,10367,10367,1,1
2019-08-07 15:59:57.958,10366,10367,10366,1,-1
2019-08-07 15:59:58.820,10366,10367,10367,2,2
2019-08-07 16:00:00.251,10366,10367,10367,1,1
2019-08-07 16:00:01.120,10366,10367,10367,1,1
2019-08-07 16:00:01.470,10366,10367,10367,2,2
2019-08-07 16:00:01.523,10366,10367,10367,1,1
2019-08-07 16:00:01.523,10366,10367,10368,3,3
2019-08-07 16:00:01.551,10367,10368,10368,5,5
2019-08-07 16:00:01.560,10367,10368,10368,5,5
2019-08-07 16:00:01.568,10367,10368,10368,5,5
2019-08-07 16:00:01.655,10367,10368,10368,2,2
2019-08-07 16:00:01.869,10367,10368,10368,2,2
2019-08-07 16:00:01.955,10367,10368,10368,1,1
2019-08-07 16:00:02.028,10367,10368,10368,2,2
2019-08-07 16:00:02.080,10367,10368,10368,1,1
2019-08-07 16:00:02.080,10367,10368,10369,1,1
2019-08-07 16:00:02.489,10368,10369,10368,2,-2
2019-08-07 16:00:03.940,10367,10368,10367,1,-1
2019-08-07 16:00:04.368,10367,10368,10367,1,-1
2019-08-07 16:00:04.368,10367,10368,10367,1,-1
2019-08-07 16:00:04.368,10367,10368,10367,1,-1
2019-08-07 16:00:04.368,10367,10368,10367,1,-1
2019-08-07 16:00:04.578,10366,10368,10367,1,-1
2019-08-07 16:00:04.833,10366,10367,10367,2,2
2019-08-07 16:00:06.932,10367,10368,10368,1,1
2019-08-07 16:00:07.078,10367,10368,10368,1,1
2019-08-07 16:00:07.834,10367,10368,10368,1,1
2019-08-07 16:00:07.916,10368,10369,10368,4,-4
2019-08-07 16:00:08.140,10368,10369,10368,1,-1
2019-08-07 16:00:09.470,10368,10369,10368,2,-2
2019-08-07 16:00:09.639,10368,10369,10368,1,-1
2019-08-07 16:00:09.639,10368,10369,10368,1,-1
2019-08-07 16:00:09.639,10368,10369,10368,1,-1
2019-08-07 16:00:14.032,10367,10368,10367,2,-2
2019-08-07 16:00:14.077,10367,10368,10367,1,-1
2019-08-07 16:00:14.208,10367,10368,10367,2,-2
2019-08-07 16:00:14.247,10367,10368,10367,1,-1
2019-08-07 16:00:16.232,10366,10367,10367,1,1
2019-08-07 16:00:16.446,10366,10367,10367,1,1
2019-08-07 16:00:18.037,10366,10367,10367,1,1
2019-08-07 16:00:25.455,10366,10367,10367,5,5
2019-08-07 16:00:27.706,10366,10367,10367,1,1
2019-08-07 16:00:27.791,10367,10368,10367,1,-1
2019-08-07 16:00:30.479,10366,10367,10367,1,1
2019-08-07 16:00:31.140,10366,10367,10367,8,8
2019-08-07 16:00:35.368,10366,10367,10367,1,1
2019-08-07 16:00:38.364,10366,10367,10367,2,2
2019-08-07 16:00:40.071,10366,10367,10366,1,-1
2019-08-07 16:00:40.391,10366,10367,10367,4,4
2019-08-07 16:00:40.582,10366,10367,10366,1,-1
2019-08-07 16:00:44.203,10366,10367,10367,1,1
2019-08-07 16:00:45.300,10366,10367,10367,1,1
2019-08-07 16:00:45.300,10366,10367,10367,3,3
2019-08-07 16:00:45.300,10366,10367,10367,4,4
2019-08-07 16:00:45.514,10367,10368,10367,1,-1
2019-08-07 16:00:48.160,10367,10368,10367,1,-1
2019-08-07 16:00:52.296,10367,10368,10367,2,-2
2019-08-07 16:00:53.653,10367,10368,10367,1,-1
2019-08-07 16:00:54.174,10367,10368,10367,1,-1
2019-08-07 16:00:58.288,10367,10368,10367,2,-2
2019-08-07 16:00:58.725,10367,10368,10367,4,-4
2019-08-07 16:01:02.046,10367,10368,10367,1,-1
2019-08-07 16:01:04.403,10367,10368,10367,2,-2
2019-08-07 16:01:12.018,10367,10368,10367,2,-2
2019-08-07 16:01:12.953,10367,10368,10367,1,-1
2019-08-07 16:01:15.898,10367,10368,10367,1,-1
2019-08-07 16:01:16.957,10367,10368,10368,2,2
2019-08-07 16:01:17.041,10367,10368,10368,3,3
2019-08-07 16:01:17.041,10367,10368,10368,1,1
2019-08-07 16:01:17.041,10367,10368,10368,1,1
2019-08-07 16:01:17.521,10367,10368,10368,4,4
2019-08-07 16:01:18.103,10367,10368,10368,2,2
2019-08-07 16:01:19.107,10367,10368,10368,5,5
2019-08-07 16:01:19.233,10367,10368,10368,3,3
2019-08-07 16:01:21.193,10367,10368,10368,4,4
2019-08-07 16:01:23.857,10368,10369,10368,1,-1
2019-08-07 16:01:34.763,10368,10369,10369,20,20
2019-08-07 16:01:39.531,10369,10370,10369,1,-1
2019-08-07 16:01:39.543,10369,10370,10369,4,-4
2019-08-07 16:01:42.434,10369,10370,10369,1,-1
2019-08-07 16:01:42.808,10369,10370,10369,1,-1
2019-08-07 16:01:43.719,10369,10370,10369,1,-1
2019-08-07 16:01:47.054,10369,10370,10369,1,-1
2019-08-07 16:01:48.489,10369,10370,10369,1,-1
2019-08-07 16:01:50.330,10369,10370,10369,1,-1
2019-08-07 16:01:51.560,10369,10370,10369,1,-1
2019-08-07 16:01:52.083,10369,10370,10369,1,-1
2019-08-07 16:01:53.281,10369,10370,10369,1,-1
2019-08-07 16:01:54.428,10369,10370,10369,1,-1
2019-08-07 16:01:54.791,10369,10370,10369,4,-4
2019-08-07 16:01:55.287,10368,10369,10369,1,1
2019-08-07 16:01:55.396,10368,10369,10369,5,5
2019-08-07 16:01:58.041,10368,10369,10368,2,-2
2019-08-07 16:01:58.166,10368,10369,10368,9,-9
2019-08-07 16:01:58.376,10367,10368,10368,1,1
2019-08-07 16:01:58.376,10367,10368,10369,2,2
2019-08-07 16:01:58.996,10367,10368,10367,1,-1
2019-08-07 16:02:01.992,10367,10368,10368,1,1
2019-08-07 16:02:02.041,10368,10369,10368,4,-4
2019-08-07 16:02:02.042,10368,10369,10368,1,-1
2019-08-07 16:02:02.727,10368,10369,10368,2,-2
2019-08-07 16:02:02.727,10368,10369,10368,1,-1
2019-08-07 16:02:02.727,10368,10369,10368,1,-1
2019-08-07 16:02:06.668,10367,10368,10368,6,6
2019-08-07 16:02:06.696,10367,10368,10368,1,1
2019-08-07 16:02:07.139,10368,10369,10368,1,-1
2019-08-07 16:02:11.845,10368,10369,10369,4,4
2019-08-07 16:02:15.087,10368,10369,10368,2,-2
2019-08-07 16:02:18.632,10368,10369,10369,1,1
2019-08-07 16:02:19.263,10368,10369,10369,6,6
2019-08-07 16:02:19.823,10368,10369,10369,9,9
2019-08-07 16:02:20.108,10369,10370,10369,1,-1
2019-08-07 16:02:20.630,10369,10370,10369,5,-5
2019-08-07 16:02:20.931,10369,10370,10369,1,-1
2019-08-07 16:02:24.093,10369,10370,10369,1,-1
2019-08-07 16:02:24.112,10369,10370,10370,1,1
2019-08-07 16:02:24.408,10369,10370,10370,6,6
2019-08-07 16:02:24.748,10369,10370,10370,4,4
2019-08-07 16:02:24.788,10369,10370,10370,10,10
2019-08-07 16:02:24.830,10369,10370,10370,1,1
2019-08-07 16:02:24.864,10369,10370,10370,1,1
2019-08-07 16:02:25.509,10369,10370,10370,1,1
2019-08-07 16:02:27.162,10369,10370,10370,1,1
2019-08-07 16:02:27.412,10369,10370,10370,10,10
2019-08-07 16:02:30.930,10369,10370,10370,1,1
2019-08-07 16:02:35.826,10369,10370,10370,20,20
2019-08-07 16:02:35.916,10369,10370,10370,2,2
2019-08-07 16:02:36.665,10369,10370,10370,4,4
2019-08-07 16:02:37.037,10370,10371,10370,1,-1
2019-08-07 16:02:39.496,10370,10371,10370,1,-1
2019-08-07 16:02:41.129,10370,10371,10370,1,-1
2019-08-07 16:02:51.579,10370,10371,10371,1,1
2019-08-07 16:02:51.748,10370,10371,10371,1,1
2019-08-07 16:02:51.851,10370,10371,10371,1,1
2019-08-07 16:02:53.748,10370,10371,10371,1,1
2019-08-07 16:02:54.095,10370,10371,10370,3,-3
2019-08-07 16:02:55.394,10370,10371,10370,2,-2
2019-08-07 16:02:55.858,10370,10371,10370,1,-1
2019-08-07 16:02:58.307,10370,10371,10371,1,1
2019-08-07 16:02:59.004,10370,10371,10370,2,-2
2019-08-07 16:02:59.363,10370,10371,10371,1,1
2019-08-07 16:02:59.574,10370,10371,10371,2,2
2019-08-07 16:02:59.574,10370,10371,10371,6,6
2019-08-07 16:03:01.971,10371,10372,10371,1,-1
2019-08-07 16:03:02.092,10371,10372,10372,3,3
2019-08-07 16:03:02.128,10371,10372,10372,5,5
2019-08-07 16:03:02.166,10371,10372,10372,7,7
2019-08-07 16:03:02.166,10371,10372,10372,2,2
2019-08-07 16:03:02.385,10371,10373,10373,1,1
2019-08-07 16:03:02.464,10372,10373,10373,1,1
2019-08-07 16:03:03.002,10371,10373,10373,1,1
2019-08-07 16:03:03.468,10371,10373,10373,1,1
2019-08-07 16:03:03.785,10371,10373,10373,1,1
2019-08-07 16:03:04.040,10371,10373,10371,2,-2
2019-08-07 16:03:04.957,10371,10372,10372,1,1
2019-08-07 16:03:08.966,10371,10372,10372,3,3
2019-08-07 16:03:09.169,10371,10372,10372,1,1
2019-08-07 16:03:11.580,10371,10372,10372,1,1
2019-08-07 16:03:12.534,10371,10372,10371,1,-1
2019-08-07 16:03:13.451,10371,10372,10372,1,1
2019-08-07 16:03:16.429,10371,10372,10372,4,4
2019-08-07 16:03:17.937,10372,10373,10372,1,-1
2019-08-07 16:03:18.138,10372,10373,10372,1,-1
2019-08-07 16:03:19.408,10372,10373,10372,1,-1
2019-08-07 16:03:19.537,10372,10373,10373,26,26
2019-08-07 16:03:19.537,10372,10373,10374,31,31
2019-08-07 16:03:19.574,10372,10374,10374,1,1
2019-08-07 16:03:19.632,10372,10374,10374,3,3
2019-08-07 16:03:19.818,10373,10374,10374,3,3
2019-08-07 16:03:19.824,10373,10374,10375,1,1
2019-08-07 16:03:19.843,10373,10374,10375,4,4
2019-08-07 16:03:19.960,10373,10375,10373,1,-1
2019-08-07 16:03:19.970,10373,10375,10374,2,2
2019-08-07 16:03:20.007,10373,10375,10375,1,1
2019-08-07 16:03:20.009,10373,10375,10375,2,2
2019-08-07 16:03:20.016,10373,10375,10375,2,2
2019-08-07 16:03:20.041,10374,10375,10374,1,-1
2019-08-07 16:03:20.041,10374,10375,10374,1,-1
2019-08-07 16:03:20.049,10374,10375,10375,2,2
2019-08-07 16:03:20.131,10374,10375,10375,1,1
2019-08-07 16:03:20.137,10374,10375,10375,1,1
2019-08-07 16:03:20.139,10374,10375,10375,1,1
2019-08-07 16:03:20.146,10374,10375,10375,1,1
2019-08-07 16:03:20.169,10373,10375,10375,11,11
2019-08-07 16:03:20.194,10373,10375,10375,1,1
2019-08-07 16:03:20.304,10373,10375,10375,2,2
2019-08-07 16:03:20.370,10373,10375,10375,1,1
2019-08-07 16:03:20.375,10373,10375,10375,6,6
2019-08-07 16:03:20.378,10373,10375,10375,1,1
2019-08-07 16:03:20.449,10373,10375,10375,3,3
2019-08-07 16:03:20.471,10373,10375,10375,1,1
2019-08-07 16:03:20.517,10373,10375,10375,1,1
2019-08-07 16:03:20.518,10373,10375,10375,4,4
2019-08-07 16:03:20.522,10373,10375,10375,3,3
2019-08-07 16:03:20.525,10373,10375,10375,4,4
2019-08-07 16:03:20.551,10374,10375,10375,1,1
2019-08-07 16:03:20.551,10374,10375,10376,1,1
2019-08-07 16:03:20.576,10374,10375,10375,1,1
2019-08-07 16:03:20.600,10374,10375,10375,2,2
2019-08-07 16:03:20.600,10374,10375,10376,2,2
2019-08-07 16:03:20.601,10374,10375,10376,3,3
2019-08-07 16:03:20.602,10374,10375,10376,5,5
2019-08-07 16:03:20.613,10374,10375,10376,2,2
2019-08-07 16:03:20.622,10374,10375,10376,1,1
2019-08-07 16:03:20.635,10374,10375,10376,1,1
2019-08-07 16:03:20.644,10374,10375,10375,1,1
2019-08-07 16:03:20.644,10374,10375,10376,3,3
2019-08-07 16:03:20.664,10374,10375,10376,2,2
2019-08-07 16:03:20.669,10375,10376,10376,2,2
2019-08-07 16:03:20.688,10375,10376,10376,4,4
2019-08-07 16:03:20.696,10375,10376,10376,1,1
2019-08-07 16:03:20.709,10375,10376,10376,3,3
2019-08-07 16:03:20.719,10375,10376,10376,1,1
2019-08-07 16:03:20.735,10375,10376,10377,10,10
2019-08-07 16:03:20.735,10375,10376,10377,1,1
2019-08-07 16:03:20.747,10375,10376,10377,20,20
2019-08-07 16:03:20.791,10376,10377,10376,2,-2
2019-08-07 16:03:20.814,10376,10377,10377,1,1
2019-08-07 16:03:20.855,10376,10377,10377,2,2
2019-08-07 16:03:20.958,10376,10377,10376,1,-1
2019-08-07 16:03:20.967,10376,10377,10377,1,1
2019-08-07 16:03:20.975,10376,10377,10377,1,1
2019-08-07 16:03:21.016,10376,10377,10377,1,1
2019-08-07 16:03:21.041,10376,10378,10378,3,3
2019-08-07 16:03:21.057,10376,10378,10378,3,3
2019-08-07 16:03:21.058,10376,10378,10378,3,3
2019-08-07 16:03:21.163,10376,10378,10376,1,-1
2019-08-07 16:03:21.169,10376,10378,10378,4,4
2019-08-07 16:03:21.169,10376,10378,10378,1,1
2019-08-07 16:03:21.169,10376,10378,10378,1,1
2019-08-07 16:03:21.170,10376,10378,10378,1,1
2019-08-07 16:03:21.186,10376,10378,10378,1,1
2019-08-07 16:03:21.235,10376,10378,10378,1,1
2019-08-07 16:03:21.236,10376,10378,10376,1,-1
2019-08-07 16:03:21.250,10376,10378,10378,1,1
2019-08-07 16:03:21.305,10376,10378,10378,1,1
2019-08-07 16:03:21.470,10376,10378,10378,1,1
2019-08-07 16:03:21.559,10376,10378,10378,1,1
2019-08-07 16:03:21.559,10376,10378,10378,3,3
2019-08-07 16:03:21.619,10376,10378,10378,2,2
2019-08-07 16:03:21.759,10376,10378,10378,2,2
2019-08-07 16:03:21.759,10376,10378,10378,1,1
2019-08-07 16:03:21.883,10376,10378,10378,1,1
2019-08-07 16:03:21.885,10376,10378,10378,1,1
2019-08-07 16:03:22.211,10376,10378,10378,1,1
2019-08-07 16:03:22.506,10377,10378,10378,1,1
2019-08-07 16:03:22.605,10377,10378,10378,1,1
2019-08-07 16:03:23.178,10377,10378,10377,5,-5
2019-08-07 16:03:23.517,10376,10377,10376,1,-1
2019-08-07 16:03:25.855,10376,10377,10377,1,1
2019-08-07 16:03:26.411,10376,10377,10376,1,-1
2019-08-07 16:03:29.762,10376,10377,10376,2,-2
2019-08-07 16:03:30.105,10376,10377,10377,1,1
2019-08-07 16:03:32.557,10376,10377,10376,5,-5
2019-08-07 16:03:32.622,10376,10377,10376,1,-1
2019-08-07 16:03:32.700,10376,10377,10376,1,-1
2019-08-07 16:03:33.112,10376,10377,10376,21,-21
2019-08-07 16:03:33.419,10375,10376,10375,6,-6
2019-08-07 16:03:33.628,10374,10376,10375,1,-1
2019-08-07 16:03:34.284,10374,10375,10375,4,4
2019-08-07 16:03:34.431,10374,10375,10374,3,-3
2019-08-07 16:03:34.452,10374,10375,10375,4,4
2019-08-07 16:03:34.513,10374,10375,10376,1,1
2019-08-07 16:03:34.942,10374,10376,10376,1,1
2019-08-07 16:03:36.218,10374,10376,10376,1,1
2019-08-07 16:03:37.153,10374,10376,10374,1,-1
2019-08-07 16:03:37.758,10374,10375,10375,1,1
2019-08-07 16:03:38.317,10374,10375,10375,1,1
2019-08-07 16:03:40.179,10374,10375,10375,1,1
2019-08-07 16:03:40.251,10374,10375,10375,2,2
2019-08-07 16:03:40.845,10374,10375,10375,3,3
2019-08-07 16:03:41.499,10374,10375,10374,1,-1
2019-08-07 16:03:41.605,10374,10375,10375,1,1
2019-08-07 16:03:41.665,10374,10375,10375,1,1
2019-08-07 16:03:42.381,10374,10375,10375,1,1
2019-08-07 16:03:43.905,10374,10375,10375,1,1
2019-08-07 16:03:46.808,10374,10375,10374,1,-1
2019-08-07 16:03:46.916,10374,10375,10374,1,-1
2019-08-07 16:03:46.921,10374,10375,10374,1,-1
2019-08-07 16:03:48.048,10374,10375,10375,1,1
2019-08-07 16:03:49.473,10374,10375,10374,1,-1
2019-08-07 16:03:49.714,10374,10375,10375,4,4
2019-08-07 16:03:50.515,10374,10375,10375,5,5
2019-08-07 16:03:51.556,10374,10375,10375,1,1
2019-08-07 16:03:51.914,10374,10375,10374,1,-1
2019-08-07 16:03:52.153,10374,10375,10374,2,-2
2019-08-07 16:03:52.498,10374,10375,10374,3,-3
2019-08-07 16:03:53.606,10374,10375,10375,1,1
2019-08-07 16:03:54.545,10374,10375,10374,2,-2
2019-08-07 16:03:54.675,10374,10375,10374,1,-1
2019-08-07 16:03:54.856,10374,10375,10375,1,1
2019-08-07 16:03:55.424,10374,10375,10375,2,2
2019-08-07 16:03:56.281,10374,10375,10375,1,1
2019-08-07 16:03:56.975,10374,10375,10375,1,1
2019-08-07 16:03:57.129,10374,10375,10375,15,15
2019-08-07 16:03:57.472,10374,10375,10375,1,1
2019-08-07 16:03:57.541,10375,10376,10375,1,-1
2019-08-07 16:03:57.591,10375,10376,10375,1,-1
2019-08-07 16:03:57.591,10375,10376,10375,1,-1
2019-08-07 16:03:57.646,10375,10376,10376,1,1
2019-08-07 16:03:57.665,10375,10376,10375,1,-1
2019-08-07 16:03:57.815,10375,10376,10375,3,-3
2019-08-07 16:03:59.025,10375,10376,10376,1,1
2019-08-07 16:03:59.350,10375,10376,10376,2,2
2019-08-07 16:03:59.732,10375,10376,10376,2,2
2019-08-07 16:04:01.431,10375,10376,10376,2,2
2019-08-07 16:04:02.066,10375,10376,10376,3,3
2019-08-07 16:04:02.166,10376,10377,10376,3,-3
2019-08-07 16:04:02.353,10376,10377,10377,1,1
2019-08-07 16:04:02.467,10376,10377,10377,1,1
2019-08-07 16:04:04.174,10376,10377,10376,1,-1
2019-08-07 16:04:04.251,10376,10377,10377,1,1
2019-08-07 16:04:04.440,10376,10377,10377,1,1
2019-08-07 16:04:04.826,10376,10377,10376,1,-1
2019-08-07 16:04:05.320,10375,10376,10376,1,1
2019-08-07 16:04:05.824,10375,10376,10376,1,1
2019-08-07 16:04:06.003,10375,10376,10376,1,1
2019-08-07 16:04:07.445,10375,10376,10376,2,2
2019-08-07 16:04:07.494,10375,10376,10375,1,-1
2019-08-07 16:04:07.495,10375,10376,10376,1,1
2019-08-07 16:04:07.505,10375,10376,10376,1,1
2019-08-07 16:04:10.429,10375,10376,10376,1,1
2019-08-07 16:04:10.577,10375,10376,10376,1,1
2019-08-07 16:04:12.455,10375,10376,10376,2,2
2019-08-07 16:04:12.786,10375,10376,10376,2,2
2019-08-07 16:04:13.915,10375,10376,10376,1,1
2019-08-07 16:04:17.597,10375,10376,10376,2,2
2019-08-07 16:04:17.617,10375,10376,10376,1,1
2019-08-07 16:04:18.762,10375,10376,10375,1,-1
2019-08-07 16:04:19.939,10375,10376,10375,1,-1
2019-08-07 16:04:19.939,10375,10376,10375,1,-1
2019-08-07 16:04:19.940,10375,10376,10375,13,-13
2019-08-07 16:04:19.995,10375,10376,10376,1,1
2019-08-07 16:04:20.680,10374,10375,10374,1,-1
2019-08-07 16:04:20.791,10374,10375,10374,3,-3
2019-08-07 16:04:20.798,10374,10375,10374,2,-2
2019-08-07 16:04:20.806,10374,10375,10374,2,-2
2019-08-07 16:04:22.357,10374,10375,10374,1,-1
2019-08-07 16:04:23.682,10374,10375,10375,1,1
2019-08-07 16:04:24.529,10374,10375,10374,1,-1
2019-08-07 16:04:24.705,10374,10375,10374,1,-1
2019-08-07 16:04:25.568,10374,10375,10374,1,-1
2019-08-07 16:04:27.607,10374,10375,10374,1,-1
2019-08-07 16:04:27.915,10374,10375,10374,2,-2
2019-08-07 16:04:28.262,10374,10375,10374,5,-5
2019-08-07 16:04:28.922,10373,10374,10373,1,-1
2019-08-07 16:04:29.224,10372,10374,10372,2,-2
2019-08-07 16:04:29.290,10372,10374,10374,2,2
2019-08-07 16:04:30.800,10373,10374,10374,8,8
2019-08-07 16:04:30.916,10374,10375,10374,2,-2
2019-08-07 16:04:35.502,10374,10375,10374,1,-1
2019-08-07 16:04:37.865,10374,10375,10374,1,-1
2019-08-07 16:04:38.221,10374,10375,10375,2,2
2019-08-07 16:04:45.383,10374,10375,10375,10,10
2019-08-07 16:04:45.601,10374,10375,10374,1,-1
2019-08-07 16:04:45.848,10374,10375,10375,1,1
2019-08-07 16:04:46.385,10374,10375,10375,1,1
2019-08-07 16:04:49.089,10374,10375,10375,1,1
2019-08-07 16:04:51.538,10374,10375,10375,5,5
2019-08-07 16:04:53.013,10374,10375,10375,1,1
2019-08-07 16:04:53.225,10374,10375,10374,2,-2
2019-08-07 16:04:54.536,10374,10375,10374,1,-1
2019-08-07 16:04:56.203,10374,10375,10375,1,1
2019-08-07 16:04:59.828,10374,10375,10374,1,-1
2019-08-07 16:05:01.491,10374,10375,10375,5,5
2019-08-07 16:05:01.782,10374,10375,10375,1,1
2019-08-07 16:05:02.055,10374,10375,10375,1,1
2019-08-07 16:05:02.110,10374,10375,10375,1,1
2019-08-07 16:05:02.110,10374,10375,10376,1,1
2019-08-07 16:05:03.060,10375,10376,10375,1,-1
2019-08-07 16:05:03.318,10375,10376,10375,1,-1
2019-08-07 16:05:05.135,10374,10376,10374,1,-1
2019-08-07 16:05:06.416,10375,10376,10375,3,3
2019-08-07 16:05:06.457,10375,10376,10375,1,-1
2019-08-07 16:05:07.142,10375,10376,10375,1,-1
2019-08-07 16:05:08.035,10375,10376,10376,5,5
2019-08-07 16:05:08.259,10375,10376,10375,7,-7
2019-08-07 16:05:10.454,10374,10375,10375,3,3
2019-08-07 16:05:11.910,10375,10376,10375,2,-2
2019-08-07 16:05:15.097,10375,10376,10376,1,1
2019-08-07 16:05:21.691,10375,10376,10375,5,-5
2019-08-07 16:05:22.060,10375,10376,10376,1,1
2019-08-07 16:05:23.822,10375,10376,10375,1,-1
2019-08-07 16:05:27.348,10375,10376,10375,1,-1
2019-08-07 16:05:29.758,10375,10376,10376,2,2
2019-08-07 16:05:29.758,10375,10376,10376,1,1
2019-08-07 16:05:30.117,10375,10376,10375,3,-3
2019-08-07 16:05:30.806,10375,10376,10375,1,-1
2019-08-07 16:05:31.966,10375,10376,10375,2,-2
2019-08-07 16:05:32.655,10375,10376,10375,2,-2
2019-08-07 16:05:35.521,10375,10376,10375,1,-1
2019-08-07 16:05:39.488,10375,10376,10375,3,-3
2019-08-07 16:05:40.286,10375,10376,10375,1,-1
2019-08-07 16:05:40.291,10375,10376,10375,9,-9
2019-08-07 16:05:40.452,10374,10376,10374,1,-1
2019-08-07 16:05:42.612,10374,10375,10375,3,3
2019-08-07 16:05:42.718,10375,10376,10376,1,1
2019-08-07 16:05:46.387,10375,10376,10375,1,-1
2019-08-07 16:05:51.166,10375,10376,10375,7,-7
2019-08-07 16:05:51.940,10374,10375,10374,1,-1
2019-08-07 16:05:53.503,10374,10375,10375,3,3
2019-08-07 16:05:53.503,10374,10375,10376,2,2
2019-08-07 16:05:54.575,10374,10375,10375,1,1
2019-08-07 16:05:56.346,10375,10376,10375,1,-1
2019-08-07 16:06:00.082,10375,10376,10376,1,1
2019-08-07 16:06:00.505,10375,10376,10376,2,2
2019-08-07 16:06:00.883,10375,10376,10376,30,30
2019-08-07 16:06:04.664,10375,10376,10375,1,-1
2019-08-07 16:06:04.965,10375,10376,10376,1,1
2019-08-07 16:06:05.794,10375,10376,10376,5,5
2019-08-07 16:06:05.948,10375,10376,10376,4,4
2019-08-07 16:06:06.085,10375,10376,10376,1,1
2019-08-07 16:06:06.085,10375,10376,10376,1,1
2019-08-07 16:06:06.442,10376,10377,10376,1,-1
2019-08-07 16:06:06.443,10376,10377,10376,1,-1
2019-08-07 16:06:06.453,10376,10377,10376,1,-1
2019-08-07 16:06:06.453,10376,10377,10376,1,-1
2019-08-07 16:06:06.453,10376,10377,10376,1,-1
2019-08-07 16:06:08.853,10375,10376,10376,1,1
2019-08-07 16:06:09.447,10375,10376,10376,1,1
2019-08-07 16:06:10.906,10376,10377,10376,1,-1
2019-08-07 16:06:11.709,10376,10377,10376,1,-1
2019-08-07 16:06:12.926,10376,10377,10376,1,-1
2019-08-07 16:06:14.064,10376,10377,10377,2,2
2019-08-07 16:06:14.166,10376,10377,10377,8,8
2019-08-07 16:06:14.291,10376,10377,10377,2,2
2019-08-07 16:06:14.409,10376,10377,10377,2,2
2019-08-07 16:06:14.416,10376,10377,10377,3,3
2019-08-07 16:06:15.235,10376,10378,10376,2,-2
2019-08-07 16:06:15.583,10376,10378,10377,1,1
2019-08-07 16:06:19.117,10377,10378,10377,1,-1
2019-08-07 16:06:21.187,10376,10377,10377,1,1
2019-08-07 16:06:21.775,10377,10378,10377,1,-1
2019-08-07 16:06:21.901,10377,10378,10378,1,1
2019-08-07 16:06:22.127,10377,10378,10377,1,-1
2019-08-07 16:06:22.234,10377,10378,10378,1,1
2019-08-07 16:06:22.299,10377,10378,10378,1,1
2019-08-07 16:06:24.178,10377,10378,10378,9,9
2019-08-07 16:06:24.178,10377,10378,10378,10,10
2019-08-07 16:06:24.291,10377,10378,10378,6,6
2019-08-07 16:06:24.441,10377,10379,10378,1,-1
2019-08-07 16:06:24.801,10378,10379,10378,5,-5
2019-08-07 16:06:25.264,10377,10378,10378,2,2
2019-08-07 16:06:26.137,10377,10378,10378,2,2
2019-08-07 16:06:28.326,10377,10378,10378,1,1
2019-08-07 16:06:29.836,10377,10378,10378,4,4
2019-08-07 16:06:29.836,10377,10378,10378,1,1
2019-08-07 16:06:30.454,10378,10379,10378,1,-1
2019-08-07 16:06:31.855,10378,10379,10378,2,-2
2019-08-07 16:06:31.977,10378,10379,10378,1,-1
2019-08-07 16:06:33.619,10378,10379,10378,10,-10
2019-08-07 16:06:33.666,10378,10379,10378,2,-2
2019-08-07 16:06:34.327,10377,10378,10378,3,3
2019-08-07 16:06:34.745,10377,10378,10378,1,1
2019-08-07 16:06:36.470,10377,10378,10378,1,1
2019-08-07 16:06:37.537,10377,10378,10378,1,1
2019-08-07 16:06:37.947,10377,10378,10377,2,-2
2019-08-07 16:06:37.958,10377,10378,10377,1,-1
2019-08-07 16:06:37.958,10377,10378,10377,3,-3
2019-08-07 16:06:37.958,10377,10378,10377,1,-1
2019-08-07 16:06:38.041,10377,10378,10377,10,-10
2019-08-07 16:06:41.170,10376,10377,10377,1,1
2019-08-07 16:06:42.618,10376,10377,10377,1,1
2019-08-07 16:06:42.759,10376,10377,10377,1,1
2019-08-07 16:06:43.576,10376,10377,10377,1,1
2019-08-07 16:06:45.376,10376,10377,10376,2,-2
2019-08-07 16:06:46.476,10376,10377,10377,1,1
2019-08-07 16:06:47.768,10376,10377,10376,1,-1
2019-08-07 16:06:48.670,10376,10377,10376,2,-2
2019-08-07 16:06:49.638,10376,10377,10376,2,-2
2019-08-07 16:06:51.416,10376,10377,10376,10,-10
2019-08-07 16:06:51.481,10376,10377,10376,2,-2
2019-08-07 16:06:51.481,10376,10377,10376,1,-1
2019-08-07 16:06:51.942,10375,10377,10375,1,-1
2019-08-07 16:06:52.039,10375,10377,10375,2,-2
2019-08-07 16:06:57.368,10375,10376,10376,2,2
2019-08-07 16:06:59.747,10375,10376,10375,2,-2
2019-08-07 16:07:00.240,10375,10376,10376,1,1
2019-08-07 16:07:00.262,10375,10376,10375,1,-1
2019-08-07 16:07:05.624,10375,10376,10376,1,1
2019-08-07 16:07:07.106,10375,10376,10375,1,-1
2019-08-07 16:07:07.552,10375,10376,10376,1,1
2019-08-07 16:07:09.137,10375,10376,10375,1,-1
2019-08-07 16:07:13.626,10375,10376,10376,1,1
2019-08-07 16:07:15.595,10375,10376,10376,1,1
2019-08-07 16:07:15.828,10375,10376,10376,2,2
2019-08-07 16:07:16.077,10375,10376,10376,1,1
2019-08-07 16:07:16.317,10375,10376,10376,1,1
2019-08-07 16:07:16.320,10375,10376,10376,5,5
2019-08-07 16:07:16.320,10375,10376,10377,3,3
2019-08-07 16:07:17.286,10376,10377,10376,1,-1
2019-08-07 16:07:18.011,10375,10377,10375,2,-2
2019-08-07 16:07:19.919,10376,10377,10376,1,1
2019-08-07 16:07:22.383,10376,10377,10376,1,-1
2019-08-07 16:07:22.383,10376,10377,10375,4,-4
2019-08-07 16:07:22.384,10376,10377,10375,1,-1
2019-08-07 16:07:22.384,10376,10377,10375,2,-2
2019-08-07 16:07:24.100,10375,10376,10376,1,1
2019-08-07 16:07:24.664,10376,10377,10376,1,-1
2019-08-07 16:07:25.258,10376,10377,10376,1,-1
2019-08-07 16:07:27.842,10376,10377,10376,2,-2
2019-08-07 16:07:28.758,10376,10377,10376,3,-3
2019-08-07 16:07:28.791,10376,10377,10376,1,-1
2019-08-07 16:07:29.043,10375,10377,10375,1,-1
2019-08-07 16:07:29.222,10375,10377,10375,4,-4
2019-08-07 16:07:41.126,10375,10376,10376,2,2
2019-08-07 16:07:41.778,10375,10376,10376,3,3
2019-08-07 16:07:41.778,10375,10376,10376,2,2
2019-08-07 16:07:41.778,10375,10376,10376,2,2
2019-08-07 16:07:41.779,10375,10376,10376,2,2
2019-08-07 16:07:45.119,10375,10376,10375,1,-1
2019-08-07 16:07:48.875,10375,10376,10375,1,-1
2019-08-07 16:07:54.535,10375,10376,10375,5,-5
2019-08-07 16:08:01.104,10375,10376,10376,10,10
2019-08-07 16:08:02.935,10375,10376,10376,1,1
2019-08-07 16:08:02.935,10375,10376,10377,3,3
2019-08-07 16:08:03.123,10376,10377,10376,2,-2
2019-08-07 16:08:03.310,10376,10377,10376,1,-1
2019-08-07 16:08:11.914,10376,10377,10376,1,-1
2019-08-07 16:08:13.663,10376,10377,10376,1,-1
2019-08-07 16:08:18.259,10375,10377,10375,1,-1
2019-08-07 16:08:19.677,10376,10377,10376,1,1
2019-08-07 16:08:23.924,10376,10377,10376,1,-1
2019-08-07 16:08:24.787,10376,10377,10376,1,-1
2019-08-07 16:08:26.228,10376,10377,10376,1,-1
2019-08-07 16:08:32.191,10376,10377,10376,5,-5
2019-08-07 16:08:33.962,10376,10377,10376,2,-2
2019-08-07 16:08:35.277,10376,10377,10376,1,-1
2019-08-07 16:08:35.572,10376,10377,10376,1,-1
2019-08-07 16:08:36.318,10376,10377,10376,1,-1
2019-08-07 16:08:40.766,10376,10377,10376,1,-1
2019-08-07 16:08:42.367,10376,10377,10376,1,-1
2019-08-07 16:08:45.375,10376,10377,10376,1,-1
2019-08-07 16:08:46.000,10376,10377,10376,1,-1
2019-08-07 16:08:51.418,10376,10377,10376,5,-5
2019-08-07 16:08:51.541,10376,10377,10376,5,-5
2019-08-07 16:08:56.511,10376,10377,10376,1,-1
2019-08-07 16:08:58.895,10376,10377,10376,1,-1
2019-08-07 16:08:58.916,10376,10377,10376,2,-2
2019-08-07 16:08:59.385,10375,10377,10375,5,-5
2019-08-07 16:09:04.340,10376,10377,10376,1,1
2019-08-07 16:09:05.834,10375,10376,10376,1,1
2019-08-07 16:09:06.390,10375,10376,10376,5,5
2019-08-07 16:09:08.445,10376,10377,10376,1,-1
2019-08-07 16:09:09.479,10376,10377,10376,1,-1
2019-08-07 16:09:09.780,10376,10377,10376,1,-1
2019-08-07 16:09:09.828,10376,10377,10376,1,-1
2019-08-07 16:09:10.422,10376,10377,10376,1,-1
2019-08-07 16:09:10.878,10376,10377,10376,1,-1
2019-08-07 16:09:12.629,10376,10377,10376,1,-1
2019-08-07 16:09:20.061,10376,10377,10376,1,-1
2019-08-07 16:09:22.503,10375,10376,10376,1,1
2019-08-07 16:09:22.539,10375,10376,10376,1,1
2019-08-07 16:09:22.541,10375,10376,10376,1,1
2019-08-07 16:09:23.358,10376,10377,10376,1,-1
2019-08-07 16:09:24.541,10375,10376,10376,1,1
2019-08-07 16:09:26.163,10375,10377,10376,1,-1
2019-08-07 16:09:26.466,10376,10377,10376,2,-2
2019-08-07 16:09:29.394,10376,10377,10377,7,7
2019-08-07 16:09:29.394,10376,10377,10377,12,12
2019-08-07 16:09:29.394,10376,10377,10377,14,14
2019-08-07 16:09:29.395,10376,10377,10377,1,1
2019-08-07 16:09:29.595,10376,10378,10377,1,-1
2019-08-07 16:09:31.408,10377,10378,10378,1,1
2019-08-07 16:09:31.455,10377,10378,10378,2,2
2019-08-07 16:09:31.456,10377,10378,10378,1,1
2019-08-07 16:09:31.550,10377,10378,10377,1,-1
2019-08-07 16:09:35.134,10377,10378,10378,10,10
2019-08-07 16:09:35.276,10377,10378,10378,10,10
2019-08-07 16:09:35.406,10377,10378,10378,10,10
2019-08-07 16:09:35.536,10377,10378,10378,7,7
2019-08-07 16:09:35.541,10378,10379,10378,3,-3
2019-08-07 16:09:37.142,10378,10379,10379,2,2
2019-08-07 16:09:37.166,10378,10379,10378,1,-1
2019-08-07 16:09:37.343,10378,10379,10379,3,3
2019-08-07 16:09:37.352,10378,10379,10379,1,1
2019-08-07 16:09:41.848,10378,10379,10379,1,1
2019-08-07 16:09:46.536,10378,10379,10379,4,4
2019-08-07 16:09:47.496,10378,10379,10379,1,1
2019-08-07 16:09:48.773,10378,10379,10379,3,3
2019-08-07 16:09:49.285,10378,10379,10378,1,-1
2019-08-07 16:09:49.607,10378,10379,10379,8,8
2019-08-07 16:09:50.800,10378,10379,10379,73,73
2019-08-07 16:09:54.839,10378,10380,10379,1,-1
2019-08-07 16:09:54.911,10378,10380,10379,1,-1
2019-08-07 16:09:55.604,10379,10380,10379,2,-2
2019-08-07 16:09:55.605,10379,10380,10379,4,-4
2019-08-07 16:09:55.605,10379,10380,10379,2,-2
2019-08-07 16:09:56.787,10378,10379,10379,1,1
2019-08-07 16:09:59.278,10378,10379,10379,1,1
2019-08-07 16:09:59.597,10378,10379,10378,3,-3
2019-08-07 16:09:59.666,10378,10379,10378,6,-6
2019-08-07 16:09:59.667,10378,10379,10378,1,-1
2019-08-07 16:09:59.667,10378,10379,10378,1,-1
2019-08-07 16:09:59.735,10378,10379,10378,1,-1
2019-08-07 16:09:59.736,10378,10379,10378,1,-1
2019-08-07 16:09:59.736,10378,10379,10378,1,-1
2019-08-07 16:09:59.736,10378,10379,10378,1,-1
2019-08-07 16:09:59.757,10378,10379,10377,1,-1
2019-08-07 16:09:59.827,10377,10378,10377,2,-2
2019-08-07 16:09:59.968,10377,10378,10378,1,1
2019-08-07 16:10:00.074,10377,10378,10378,1,1
2019-08-07 16:10:00.082,10377,10378,10378,3,3
2019-08-07 16:10:00.506,10378,10379,10379,2,2
2019-08-07 16:10:04.534,10378,10379,10378,5,-5
2019-08-07 16:10:06.612,10378,10379,10379,3,3
2019-08-07 16:10:06.947,10378,10379,10379,3,3
2019-08-07 16:10:11.289,10378,10379,10379,1,1
2019-08-07 16:10:13.817,10378,10379,10379,20,20
2019-08-07 16:10:14.172,10378,10379,10379,2,2
2019-08-07 16:10:14.172,10378,10379,10380,32,32
2019-08-07 16:10:14.339,10378,10380,10380,1,1
2019-08-07 16:10:14.343,10378,10380,10380,1,1
2019-08-07 16:10:14.348,10378,10380,10380,1,1
2019-08-07 16:10:15.385,10379,10380,10380,4,4
2019-08-07 16:10:15.421,10379,10380,10379,2,-2
2019-08-07 16:10:20.468,10379,10380,10380,4,4
2019-08-07 16:10:21.451,10379,10380,10380,1,1
2019-08-07 16:10:21.559,10379,10380,10379,1,-1
2019-08-07 16:10:22.131,10379,10380,10380,1,1
2019-08-07 16:10:27.780,10379,10380,10380,1,1
2019-08-07 16:10:31.496,10379,10380,10379,9,-9
2019-08-07 16:10:31.541,10379,10380,10379,5,-5
2019-08-07 16:10:31.542,10379,10380,10379,2,-2
2019-08-07 16:10:33.663,10378,10380,10378,2,-2
2019-08-07 16:10:33.793,10378,10379,10378,2,-2
2019-08-07 16:10:35.845,10378,10379,10379,1,1
2019-08-07 16:10:36.041,10378,10379,10379,2,2
2019-08-07 16:10:38.488,10379,10380,10379,1,-1
2019-08-07 16:10:45.492,10378,10379,10379,5,5
2019-08-07 16:10:45.492,10378,10379,10380,5,5
2019-08-07 16:10:48.656,10379,10380,10379,2,-2
2019-08-07 16:10:50.460,10378,10379,10379,9,9
2019-08-07 16:10:52.959,10379,10380,10380,3,3
2019-08-07 16:10:54.672,10379,10380,10379,1,-1
2019-08-07 16:10:55.271,10379,10380,10379,1,-1
2019-08-07 16:10:57.087,10379,10380,10379,1,-1
2019-08-07 16:11:00.298,10379,10380,10379,5,-5
2019-08-07 16:11:00.299,10379,10380,10379,2,-2
2019-08-07 16:11:00.299,10379,10380,10379,1,-1
2019-08-07 16:11:00.300,10379,10380,10379,1,-1
2019-08-07 16:11:00.300,10379,10380,10379,1,-1
2019-08-07 16:11:00.300,10379,10380,10379,1,-1
2019-08-07 16:11:00.300,10379,10380,10379,1,-1
2019-08-07 16:11:00.337,10379,10380,10379,2,-2
2019-08-07 16:11:00.337,10379,10380,10379,3,-3
2019-08-07 16:11:00.337,10379,10380,10379,1,-1
2019-08-07 16:11:00.373,10379,10380,10379,2,-2
2019-08-07 16:11:01.361,10378,10379,10379,2,2
2019-08-07 16:11:03.648,10378,10379,10379,21,21
2019-08-07 16:11:03.648,10378,10379,10379,2,2
2019-08-07 16:11:03.928,10379,10380,10379,10,-10
2019-08-07 16:11:07.965,10378,10379,10378,1,-1
2019-08-07 16:11:08.152,10378,10379,10379,1,1
2019-08-07 16:11:09.663,10378,10379,10378,1,-1
2019-08-07 16:11:09.916,10378,10379,10379,1,1
2019-08-07 16:11:10.529,10378,10379,10379,2,2
2019-08-07 16:11:10.729,10379,10380,10379,1,-1
2019-08-07 16:11:11.675,10379,10380,10380,1,1
2019-08-07 16:11:20.624,10379,10380,10379,2,-2
2019-08-07 16:11:23.684,10379,10380,10379,1,-1
2019-08-07 16:11:23.849,10379,10380,10379,5,-5
2019-08-07 16:11:24.519,10379,10380,10379,5,-5
2019-08-07 16:11:25.113,10379,10380,10379,12,-12
2019-08-07 16:11:25.166,10378,10379,10379,2,2
2019-08-07 16:11:25.367,10378,10379,10379,2,2
2019-08-07 16:11:27.517,10378,10379,10379,17,17
2019-08-07 16:11:28.377,10379,10380,10379,1,-1
2019-08-07 16:11:33.443,10378,10379,10379,1,1
2019-08-07 16:11:37.071,10378,10379,10379,5,5
2019-08-07 16:11:37.074,10378,10379,10379,3,3
2019-08-07 16:11:37.478,10379,10380,10379,2,-2
2019-08-07 16:11:39.939,10379,10380,10379,1,-1
2019-08-07 16:11:41.367,10379,10380,10379,1,-1
2019-08-07 16:11:43.510,10378,10379,10379,4,4
2019-08-07 16:11:47.217,10379,10380,10379,1,-1
2019-08-07 16:11:49.693,10378,10379,10379,1,1
2019-08-07 16:11:52.617,10379,10380,10379,1,-1
2019-08-07 16:11:52.617,10379,10380,10378,1,-1
2019-08-07 16:11:54.243,10378,10379,10379,1,1
2019-08-07 16:11:54.757,10379,10380,10379,1,-1
2019-08-07 16:11:57.877,10378,10380,10380,1,1
2019-08-07 16:12:03.047,10379,10380,10379,1,-1
2019-08-07 16:12:03.328,10379,10380,10380,1,1
2019-08-07 16:12:03.340,10379,10380,10380,1,1
2019-08-07 16:12:04.039,10379,10380,10380,4,4
2019-08-07 16:12:04.065,10379,10380,10380,1,1
2019-08-07 16:12:04.074,10379,10380,10380,3,3
2019-08-07 16:12:04.076,10379,10380,10380,2,2
2019-08-07 16:12:04.076,10379,10380,10380,2,2
2019-08-07 16:12:04.229,10379,10380,10380,1,1
2019-08-07 16:12:04.259,10379,10380,10380,2,2
2019-08-07 16:12:04.267,10379,10380,10380,1,1
2019-08-07 16:12:04.267,10379,10380,10380,1,1
2019-08-07 16:12:04.268,10379,10380,10380,1,1
2019-08-07 16:12:04.295,10379,10380,10380,4,4
2019-08-07 16:12:04.303,10379,10380,10380,1,1
2019-08-07 16:12:04.308,10379,10380,10380,3,3
2019-08-07 16:12:04.325,10379,10380,10380,1,1
2019-08-07 16:12:04.363,10379,10380,10380,3,3
2019-08-07 16:12:04.399,10379,10380,10380,2,2
2019-08-07 16:12:04.401,10379,10380,10380,1,1
2019-08-07 16:12:04.591,10379,10380,10380,1,1
2019-08-07 16:12:18.511,10379,10380,10380,1,1
2019-08-07 16:12:19.518,10379,10380,10380,1,1
2019-08-07 16:12:20.927,10379,10380,10379,1,-1
2019-08-07 16:12:21.386,10379,10380,10380,5,5
2019-08-07 16:12:22.203,10379,10380,10379,2,-2
2019-08-07 16:12:23.704,10379,10380,10379,3,-3
2019-08-07 16:12:23.704,10379,10380,10379,4,-4
2019-08-07 16:12:23.705,10379,10380,10379,2,-2
2019-08-07 16:12:23.705,10379,10380,10379,1,-1
2019-08-07 16:12:23.705,10379,10380,10379,2,-2
2019-08-07 16:12:25.549,10378,10379,10379,3,3
2019-08-07 16:12:27.930,10378,10379,10378,4,-4
2019-08-07 16:12:27.936,10378,10379,10378,1,-1
2019-08-07 16:12:28.041,10378,10379,10378,12,-12
2019-08-07 16:12:28.043,10378,10379,10378,10,-10
2019-08-07 16:12:28.166,10378,10379,10378,3,-3
2019-08-07 16:12:28.166,10378,10379,10378,7,-7
2019-08-07 16:12:28.166,10378,10379,10378,3,-3
2019-08-07 16:12:28.291,10378,10379,10378,4,-4
2019-08-07 16:12:29.676,10377,10378,10377,1,-1
2019-08-07 16:12:30.403,10377,10378,10378,1,1
2019-08-07 16:12:35.402,10377,10378,10378,1,1
2019-08-07 16:12:42.334,10377,10378,10378,1,1
2019-08-07 16:12:42.335,10377,10378,10378,3,3
2019-08-07 16:12:47.364,10377,10378,10378,5,5
2019-08-07 16:12:48.158,10377,10378,10378,10,10
2019-08-07 16:12:49.452,10377,10378,10378,1,1
2019-08-07 16:12:49.927,10378,10379,10378,1,-1
2019-08-07 16:12:51.475,10378,10379,10378,1,-1
2019-08-07 16:12:53.031,10378,10379,10379,1,1
2019-08-07 16:12:54.531,10378,10379,10378,1,-1
2019-08-07 16:12:55.700,10378,10379,10378,4,-4
2019-08-07 16:13:00.577,10378,10379,10378,2,-2
2019-08-07 16:13:02.220,10378,10379,10378,1,-1
2019-08-07 16:13:02.584,10378,10379,10379,1,1
2019-08-07 16:13:02.729,10378,10379,10379,1,1
2019-08-07 16:13:03.472,10378,10379,10378,1,-1
2019-08-07 16:13:04.212,10377,10379,10377,1,-1
2019-08-07 16:13:04.482,10377,10379,10379,1,1
2019-08-07 16:13:05.350,10377,10378,10378,1,1
2019-08-07 16:13:06.282,10378,10379,10378,1,-1
2019-08-07 16:13:09.064,10377,10379,10377,12,-12
2019-08-07 16:13:13.865,10377,10378,10378,1,1
2019-08-07 16:13:15.650,10377,10378,10377,2,-2
2019-08-07 16:13:16.127,10377,10378,10378,1,1
2019-08-07 16:13:17.399,10377,10378,10377,1,-1
2019-08-07 16:13:17.937,10377,10378,10377,2,-2
2019-08-07 16:13:18.851,10377,10378,10378,35,35
2019-08-07 16:13:19.051,10378,10379,10378,1,-1
2019-08-07 16:13:19.177,10378,10379,10378,10,-10
2019-08-07 16:13:19.378,10378,10379,10378,1,-1
2019-08-07 16:13:21.015,10378,10379,10378,1,-1
2019-08-07 16:13:23.984,10378,10379,10378,1,-1
2019-08-07 16:13:25.341,10378,10379,10378,2,-2
2019-08-07 16:13:26.194,10378,10379,10378,2,-2
2019-08-07 16:13:26.194,10378,10379,10377,13,-13
2019-08-07 16:13:26.319,10377,10379,10377,1,-1
2019-08-07 16:13:27.335,10377,10378,10378,1,1
2019-08-07 16:13:28.535,10377,10378,10377,1,-1
2019-08-07 16:13:28.911,10377,10378,10378,1,1
2019-08-07 16:13:31.660,10376,10378,10376,1,-1
2019-08-07 16:13:31.872,10376,10377,10377,2,2
2019-08-07 16:13:32.879,10377,10378,10377,1,-1
2019-08-07 16:13:34.268,10376,10377,10376,1,-1
2019-08-07 16:13:35.869,10376,10377,10377,4,4
2019-08-07 16:13:38.190,10377,10378,10377,1,-1
2019-08-07 16:13:38.341,10377,10378,10377,1,-1
2019-08-07 16:13:39.658,10377,10378,10377,4,-4
2019-08-07 16:13:39.658,10377,10378,10377,1,-1
2019-08-07 16:13:39.658,10377,10378,10377,1,-1
2019-08-07 16:13:40.401,10377,10378,10377,2,-2
2019-08-07 16:13:43.387,10377,10378,10377,1,-1
2019-08-07 16:13:45.052,10377,10378,10377,4,-4
2019-08-07 16:13:46.380,10377,10378,10377,1,-1
2019-08-07 16:13:46.497,10377,10378,10377,1,-1
2019-08-07 16:13:46.516,10377,10378,10377,4,-4
2019-08-07 16:13:48.143,10377,10378,10377,2,-2
2019-08-07 16:13:49.655,10377,10378,10377,1,-1
2019-08-07 16:13:50.321,10377,10378,10377,1,-1
2019-08-07 16:13:53.942,10377,10378,10377,2,-2
2019-08-07 16:13:53.943,10377,10378,10377,2,-2
2019-08-07 16:13:55.593,10377,10378,10378,1,1
2019-08-07 16:13:55.846,10377,10378,10377,1,-1
2019-08-07 16:13:57.334,10377,10378,10377,1,-1
2019-08-07 16:13:57.856,10377,10378,10377,1,-1
2019-08-07 16:13:59.646,10377,10378,10377,1,-1
2019-08-07 16:14:02.778,10377,10378,10377,1,-1
2019-08-07 16:14:03.584,10377,10378,10377,1,-1
2019-08-07 16:14:04.793,10377,10378,10377,5,-5
2019-08-07 16:14:05.326,10377,10378,10377,1,-1
2019-08-07 16:14:09.248,10377,10378,10377,2,-2
2019-08-07 16:14:18.415,10377,10378,10377,1,-1
2019-08-07 16:14:19.913,10377,10378,10377,1,-1
2019-08-07 16:14:20.570,10377,10378,10377,1,-1
2019-08-07 16:14:23.348,10377,10378,10377,1,-1
2019-08-07 16:14:24.225,10377,10378,10378,1,1
2019-08-07 16:14:24.749,10377,10378,10377,1,-1
2019-08-07 16:14:28.518,10377,10378,10378,1,1
2019-08-07 16:14:28.618,10377,10378,10377,4,-4
2019-08-07 16:14:28.867,10377,10378,10377,5,-5
2019-08-07 16:14:29.267,10377,10378,10377,1,-1
2019-08-07 16:14:30.073,10377,10378,10377,2,-2
2019-08-07 16:14:30.389,10377,10378,10377,2,-2
2019-08-07 16:14:30.444,10377,10378,10377,2,-2
2019-08-07 16:14:31.328,10377,10378,10377,2,-2
2019-08-07 16:14:32.289,10377,10378,10377,1,-1
2019-08-07 16:14:32.289,10377,10378,10377,1,-1
2019-08-07 16:14:32.774,10377,10378,10377,2,-2
2019-08-07 16:14:32.775,10377,10378,10378,1,1
2019-08-07 16:14:33.269,10377,10378,10377,2,-2
2019-08-07 16:14:33.946,10377,10378,10377,2,-2
2019-08-07 16:14:34.006,10377,10378,10377,1,-1
2019-08-07 16:14:35.103,10377,10378,10377,2,-2
2019-08-07 16:14:35.226,10377,10378,10377,2,-2
2019-08-07 16:14:35.610,10377,10378,10377,10,-10
2019-08-07 16:14:37.447,10377,10378,10377,1,-1
2019-08-07 16:14:37.552,10377,10378,10377,1,-1
2019-08-07 16:14:38.036,10377,10378,10378,4,4
2019-08-07 16:14:38.152,10377,10378,10377,2,-2
2019-08-07 16:14:38.322,10377,10378,10377,2,-2
2019-08-07 16:14:38.650,10377,10378,10377,1,-1
2019-08-07 16:14:38.650,10377,10378,10377,1,-1
2019-08-07 16:14:38.651,10377,10378,10377,1,-1
2019-08-07 16:14:38.989,10377,10378,10377,1,-1
2019-08-07 16:14:39.867,10377,10378,10377,1,-1
2019-08-07 16:14:40.477,10377,10378,10377,2,-2
2019-08-07 16:14:40.758,10377,10378,10377,1,-1
2019-08-07 16:14:40.759,10377,10378,10377,1,-1
2019-08-07 16:14:40.767,10377,10378,10377,1,-1
2019-08-07 16:14:40.767,10377,10378,10377,2,-2
2019-08-07 16:14:40.767,10377,10378,10377,2,-2
2019-08-07 16:14:43.727,10376,10377,10377,50,50
2019-08-07 16:14:44.040,10376,10377,10376,2,-2
2019-08-07 16:14:45.652,10376,10377,10376,1,-1
2019-08-07 16:14:46.863,10376,10377,10376,1,-1
2019-08-07 16:14:50.101,10376,10377,10376,2,-2
2019-08-07 16:14:50.221,10376,10377,10376,1,-1
2019-08-07 16:14:52.053,10376,10377,10377,10,10
2019-08-07 16:14:52.912,10376,10377,10376,1,-1
2019-08-07 16:14:52.959,10376,10377,10376,1,-1
2019-08-07 16:14:53.483,10376,10377,10377,10,10
2019-08-07 16:14:54.805,10376,10377,10377,10,10
2019-08-07 16:14:56.069,10376,10377,10377,4,4
2019-08-07 16:14:56.352,10377,10378,10377,1,-1
2019-08-07 16:14:56.473,10377,10378,10377,5,-5
2019-08-07 16:14:56.589,10377,10378,10376,1,-1
2019-08-07 16:15:00.310,10376,10377,10376,1,-1
2019-08-07 16:15:01.778,10376,10377,10376,1,-1
2019-08-07 16:15:01.934,10376,10377,10377,1,1
2019-08-07 16:15:01.934,10376,10377,10377,1,1
2019-08-07 16:15:02.041,10376,10377,10377,2,2
2019-08-07 16:15:02.041,10376,10377,10377,4,4
