2023-04-28 15:00:00,15567,15567,15567,124,0
2023-04-28 15:00:00,15567,15567,15567,4,0
2023-04-28 15:00:00,15568,15568,15568,2,2
2023-04-28 15:00:00,15569,15569,15569,2,2
2023-04-28 15:00:00,15567,15567,15567,2,-2
2023-04-28 15:00:00,15566,15566,15566,2,-2
2023-04-28 15:00:00,15569,15569,15569,4,4
2023-04-28 15:00:00,15567,15567,15567,2,-2
2023-04-28 15:00:00,15566,15566,15566,2,-2
2023-04-28 15:00:00,15569,15569,15569,2,2
2023-04-28 15:00:00,15569,15569,15569,4,0
2023-04-28 15:00:00,15568,15568,15568,2,-2
2023-04-28 15:00:00,15567,15567,15567,2,-2
2023-04-28 15:00:00,15567,15567,15567,2,0
2023-04-28 15:00:00,15567,15567,15567,2,0
2023-04-28 15:00:00,15567,15567,15567,2,0
2023-04-28 15:00:00,15567,15567,15567,2,0
2023-04-28 15:00:01,15569,15569,15569,4,4
2023-04-28 15:00:01,15570,15570,15570,4,4
2023-04-28 15:00:01,15569,15569,15569,6,-6
2023-04-28 15:00:02,15569,15569,15569,4,0
2023-04-28 15:00:02,15569,15569,15569,4,0
2023-04-28 15:00:02,15570,15570,15570,4,4
2023-04-28 15:00:02,15570,15570,15570,4,0
2023-04-28 15:00:02,15570,15570,15570,2,0
2023-04-28 15:00:02,15571,15571,15571,2,2
2023-04-28 15:00:03,15568,15568,15568,2,-2
2023-04-28 15:00:03,15568,15568,15568,2,0
2023-04-28 15:00:04,15570,15570,15570,2,2
2023-04-28 15:00:04,15569,15569,15569,4,-4
2023-04-28 15:00:05,15570,15570,15570,2,2
2023-04-28 15:00:05,15570,15570,15570,2,0
2023-04-28 15:00:06,15567,15567,15567,2,-2
2023-04-28 15:00:06,15567,15567,15567,4,0
2023-04-28 15:00:06,15567,15567,15567,4,0
2023-04-28 15:00:06,15567,15567,15567,2,0
2023-04-28 15:00:07,15568,15568,15568,2,2
2023-04-28 15:00:07,15568,15568,15568,2,0
2023-04-28 15:00:07,15566,15566,15566,2,-2
2023-04-28 15:00:07,15566,15566,15566,2,0
2023-04-28 15:00:07,15566,15566,15566,2,0
2023-04-28 15:00:07,15566,15566,15566,2,0
2023-04-28 15:00:07,15566,15566,15566,2,0
2023-04-28 15:00:07,15566,15566,15566,2,0
2023-04-28 15:00:07,15566,15566,15566,4,0
2023-04-28 15:00:08,15567,15567,15567,2,2
2023-04-28 15:00:09,15567,15567,15567,2,0
2023-04-28 15:00:11,15566,15566,15566,2,-2
2023-04-28 15:00:11,15567,15567,15567,2,2
2023-04-28 15:00:13,15567,15567,15567,2,0
2023-04-28 15:00:14,15567,15567,15567,4,0
2023-04-28 15:00:15,15568,15568,15568,2,2
2023-04-28 15:00:16,15568,15568,15568,2,0
2023-04-28 15:00:16,15568,15568,15568,2,0
2023-04-28 15:00:16,15567,15567,15567,2,-2
2023-04-28 15:00:16,15566,15566,15566,2,-2
2023-04-28 15:00:16,15566,15566,15566,2,0
2023-04-28 15:00:16,15566,15566,15566,4,0
2023-04-28 15:00:16,15566,15566,15566,2,0
2023-04-28 15:00:16,15566,15566,15566,2,0
2023-04-28 15:00:17,15567,15567,15567,8,8
2023-04-28 15:00:17,15565,15565,15565,2,-2
2023-04-28 15:00:21,15568,15568,15568,2,2
2023-04-28 15:00:21,15568,15568,15568,2,0
2023-04-28 15:00:25,15566,15566,15566,2,-2
2023-04-28 15:00:25,15566,15566,15566,2,0
2023-04-28 15:00:25,15566,15566,15566,2,0
2023-04-28 15:00:26,15568,15568,15568,4,4
2023-04-28 15:00:26,15566,15566,15566,2,-2
2023-04-28 15:00:26,15566,15566,15566,2,0
2023-04-28 15:00:27,15568,15568,15568,6,6
2023-04-28 15:00:29,15568,15568,15568,12,0
2023-04-28 15:00:32,15568,15568,15568,2,0
2023-04-28 15:00:33,15568,15568,15568,4,0
2023-04-28 15:00:33,15568,15568,15568,2,0
2023-04-28 15:00:35,15568,15568,15568,2,0
2023-04-28 15:00:36,15568,15568,15568,2,0
2023-04-28 15:00:36,15568,15568,15568,2,0
2023-04-28 15:00:36,15568,15568,15568,2,0
2023-04-28 15:00:36,15568,15568,15568,8,0
2023-04-28 15:00:37,15568,15568,15568,8,0
2023-04-28 15:00:38,15567,15567,15567,2,-2
2023-04-28 15:00:38,15567,15567,15567,4,0
2023-04-28 15:00:38,15567,15567,15567,2,0
2023-04-28 15:00:38,15567,15567,15567,2,0
2023-04-28 15:00:38,15567,15567,15567,2,0
2023-04-28 15:00:38,15568,15568,15568,8,8
2023-04-28 15:00:40,15566,15566,15566,2,-2
2023-04-28 15:00:40,15566,15566,15566,4,0
2023-04-28 15:00:40,15566,15566,15566,2,0
2023-04-28 15:00:40,15566,15566,15566,2,0
2023-04-28 15:00:40,15566,15566,15566,2,0
2023-04-28 15:00:40,15566,15566,15566,2,0
2023-04-28 15:00:41,15568,15568,15568,2,2
2023-04-28 15:00:44,15566,15566,15566,2,-2
2023-04-28 15:00:46,15566,15566,15566,2,0
2023-04-28 15:00:49,15567,15567,15567,2,2
2023-04-28 15:00:49,15566,15566,15566,4,-4
2023-04-28 15:00:51,15568,15568,15568,2,2
2023-04-28 15:00:52,15567,15567,15567,20,-20
2023-04-28 15:00:52,15566,15566,15566,4,-4
2023-04-28 15:00:52,15566,15566,15566,10,0
2023-04-28 15:00:52,15566,15566,15566,4,0
2023-04-28 15:00:52,15568,15568,15568,6,6
2023-04-28 15:00:53,15566,15566,15566,4,-4
2023-04-28 15:00:53,15566,15566,15566,2,0
2023-04-28 15:00:53,15568,15568,15568,6,6
2023-04-28 15:00:54,15567,15567,15567,2,-2
2023-04-28 15:00:59,15568,15568,15568,2,2
2023-04-28 15:00:59,15568,15568,15568,2,0
2023-04-28 15:01:00,15567,15567,15567,2,-2
2023-04-28 15:01:00,15567,15567,15567,6,0
2023-04-28 15:01:02,15567,15567,15567,2,0
2023-04-28 15:01:02,15567,15567,15567,2,0
2023-04-28 15:01:02,15567,15567,15567,2,0
2023-04-28 15:01:04,15566,15566,15566,2,-2
2023-04-28 15:01:04,15566,15566,15566,4,0
2023-04-28 15:01:04,15566,15566,15566,2,0
2023-04-28 15:01:04,15566,15566,15566,2,0
2023-04-28 15:01:04,15566,15566,15566,2,0
2023-04-28 15:01:04,15566,15566,15566,2,0
2023-04-28 15:01:06,15566,15566,15566,2,0
2023-04-28 15:01:08,15567,15567,15567,4,4
2023-04-28 15:01:09,15566,15566,15566,6,-6
2023-04-28 15:01:09,15566,15566,15566,2,0
2023-04-28 15:01:09,15566,15566,15566,2,0
2023-04-28 15:01:12,15566,15566,15566,2,0
2023-04-28 15:01:12,15565,15565,15565,2,-2
2023-04-28 15:01:12,15565,15565,15565,2,0
2023-04-28 15:01:13,15567,15567,15567,2,2
2023-04-28 15:01:14,15566,15566,15566,2,-2
2023-04-28 15:01:15,15566,15566,15566,4,0
2023-04-28 15:01:15,15566,15566,15566,2,0
2023-04-28 15:01:19,15565,15565,15565,2,-2
2023-04-28 15:01:19,15565,15565,15565,2,0
2023-04-28 15:01:19,15566,15566,15566,2,2
2023-04-28 15:01:20,15565,15565,15565,2,-2
2023-04-28 15:01:20,15565,15565,15565,2,0
2023-04-28 15:01:20,15565,15565,15565,2,0
2023-04-28 15:01:20,15565,15565,15565,2,0
2023-04-28 15:01:20,15565,15565,15565,2,0
2023-04-28 15:01:20,15565,15565,15565,2,0
2023-04-28 15:01:20,15565,15565,15565,2,0
2023-04-28 15:01:20,15565,15565,15565,2,0
2023-04-28 15:01:20,15566,15566,15566,2,2
2023-04-28 15:01:20,15566,15566,15566,2,0
2023-04-28 15:01:26,15564,15564,15564,2,-2
2023-04-28 15:01:26,15564,15564,15564,2,0
2023-04-28 15:01:26,15564,15564,15564,2,0
2023-04-28 15:01:26,15564,15564,15564,6,0
2023-04-28 15:01:26,15564,15564,15564,6,0
2023-04-28 15:01:26,15564,15564,15564,2,0
2023-04-28 15:01:26,15564,15564,15564,2,0
2023-04-28 15:01:26,15564,15564,15564,2,0
2023-04-28 15:01:28,15564,15564,15564,2,0
2023-04-28 15:01:29,15565,15565,15565,2,2
2023-04-28 15:01:30,15563,15563,15563,2,-2
2023-04-28 15:01:30,15563,15563,15563,2,0
2023-04-28 15:01:30,15563,15563,15563,2,0
2023-04-28 15:01:30,15563,15563,15563,2,0
2023-04-28 15:01:30,15563,15563,15563,2,0
2023-04-28 15:01:32,15564,15564,15564,2,2
2023-04-28 15:01:32,15563,15563,15563,2,-2
2023-04-28 15:01:32,15563,15563,15563,2,0
2023-04-28 15:01:32,15563,15563,15563,6,0
2023-04-28 15:01:32,15563,15563,15563,2,0
2023-04-28 15:01:32,15563,15563,15563,2,0
2023-04-28 15:01:32,15563,15563,15563,2,0
2023-04-28 15:01:32,15564,15564,15564,2,2
2023-04-28 15:01:35,15564,15564,15564,2,0
2023-04-28 15:01:37,15563,15563,15563,2,-2
2023-04-28 15:01:37,15563,15563,15563,2,0
2023-04-28 15:01:38,15564,15564,15564,2,2
2023-04-28 15:01:38,15564,15564,15564,4,0
2023-04-28 15:01:39,15563,15563,15563,2,-2
2023-04-28 15:01:39,15563,15563,15563,2,0
2023-04-28 15:01:39,15563,15563,15563,4,0
2023-04-28 15:01:40,15563,15563,15563,2,0
2023-04-28 15:01:40,15564,15564,15564,10,10
2023-04-28 15:01:40,15564,15564,15564,18,0
2023-04-28 15:01:43,15564,15564,15564,2,0
2023-04-28 15:01:43,15564,15564,15564,2,0
2023-04-28 15:01:47,15563,15563,15563,2,-2
2023-04-28 15:01:47,15563,15563,15563,2,0
2023-04-28 15:01:47,15563,15563,15563,4,0
2023-04-28 15:01:47,15563,15563,15563,2,0
2023-04-28 15:01:50,15563,15563,15563,2,0
2023-04-28 15:01:50,15563,15563,15563,2,0
2023-04-28 15:01:51,15564,15564,15564,2,2
2023-04-28 15:01:52,15564,15564,15564,10,0
2023-04-28 15:01:52,15564,15564,15564,20,0
2023-04-28 15:01:53,15565,15565,15565,2,2
2023-04-28 15:01:53,15565,15565,15565,6,0
2023-04-28 15:01:55,15565,15565,15565,2,0
2023-04-28 15:01:56,15565,15565,15565,2,0
2023-04-28 15:01:59,15566,15566,15566,2,2
2023-04-28 15:01:59,15566,15566,15566,2,0
2023-04-28 15:01:59,15566,15566,15566,18,0
2023-04-28 15:01:59,15566,15566,15566,10,0
2023-04-28 15:01:59,15566,15566,15566,4,0
2023-04-28 15:01:59,15567,15567,15567,4,4
2023-04-28 15:02:00,15567,15567,15567,24,0
2023-04-28 15:02:00,15566,15566,15566,2,-2
2023-04-28 15:02:03,15567,15567,15567,2,2
2023-04-28 15:02:03,15566,15566,15566,2,-2
2023-04-28 15:02:03,15568,15568,15568,10,10
2023-04-28 15:02:04,15566,15566,15566,2,-2
2023-04-28 15:02:04,15566,15566,15566,2,0
2023-04-28 15:02:04,15566,15566,15566,2,0
2023-04-28 15:02:04,15566,15566,15566,2,0
2023-04-28 15:02:04,15566,15566,15566,2,0
2023-04-28 15:02:04,15566,15566,15566,2,0
2023-04-28 15:02:04,15566,15566,15566,6,0
2023-04-28 15:02:04,15566,15566,15566,2,0
2023-04-28 15:02:08,15567,15567,15567,2,2
2023-04-28 15:02:14,15567,15567,15567,2,0
2023-04-28 15:02:14,15566,15566,15566,2,-2
2023-04-28 15:02:20,15567,15567,15567,2,2
2023-04-28 15:02:21,15566,15566,15566,2,-2
2023-04-28 15:02:22,15567,15567,15567,2,2
2023-04-28 15:02:23,15566,15566,15566,2,-2
2023-04-28 15:02:23,15566,15566,15566,2,0
2023-04-28 15:02:23,15566,15566,15566,2,0
2023-04-28 15:02:23,15567,15567,15567,6,6
2023-04-28 15:02:23,15567,15567,15567,2,0
2023-04-28 15:02:26,15566,15566,15566,4,-4
2023-04-28 15:02:27,15567,15567,15567,2,2
2023-04-28 15:02:27,15567,15567,15567,6,0
2023-04-28 15:02:32,15567,15567,15567,2,0
2023-04-28 15:02:33,15567,15567,15567,2,0
2023-04-28 15:02:34,15567,15567,15567,2,0
2023-04-28 15:02:34,15567,15567,15567,4,0
2023-04-28 15:02:36,15566,15566,15566,2,-2
2023-04-28 15:02:40,15566,15566,15566,4,0
2023-04-28 15:02:44,15567,15567,15567,6,6
2023-04-28 15:02:44,15567,15567,15567,2,0
2023-04-28 15:02:46,15567,15567,15567,2,0
2023-04-28 15:02:47,15567,15567,15567,2,0
2023-04-28 15:02:51,15567,15567,15567,2,0
2023-04-28 15:02:52,15567,15567,15567,8,0
2023-04-28 15:02:54,15566,15566,15566,4,-4
2023-04-28 15:02:54,15566,15566,15566,2,0
2023-04-28 15:02:54,15566,15566,15566,2,0
2023-04-28 15:02:54,15566,15566,15566,2,0
2023-04-28 15:02:54,15566,15566,15566,2,0
2023-04-28 15:02:59,15565,15565,15565,2,-2
2023-04-28 15:03:00,15567,15567,15567,2,2
2023-04-28 15:03:00,15567,15567,15567,2,0
2023-04-28 15:03:00,15567,15567,15567,6,0
2023-04-28 15:03:00,15567,15567,15567,2,0
2023-04-28 15:03:00,15567,15567,15567,2,0
2023-04-28 15:03:00,15567,15567,15567,2,0
2023-04-28 15:03:00,15567,15567,15567,2,0
2023-04-28 15:03:00,15567,15567,15567,2,0
2023-04-28 15:03:05,15567,15567,15567,8,0
2023-04-28 15:03:05,15568,15568,15568,2,2
2023-04-28 15:03:14,15567,15567,15567,2,-2
2023-04-28 15:03:16,15568,15568,15568,4,4
2023-04-28 15:03:19,15567,15567,15567,2,-2
2023-04-28 15:03:19,15567,15567,15567,2,0
2023-04-28 15:03:23,15567,15567,15567,2,0
2023-04-28 15:03:23,15567,15567,15567,2,0
2023-04-28 15:03:27,15566,15566,15566,2,-2
2023-04-28 15:03:27,15566,15566,15566,2,0
2023-04-28 15:03:27,15565,15565,15565,2,-2
2023-04-28 15:03:27,15565,15565,15565,2,0
2023-04-28 15:03:27,15565,15565,15565,2,0
2023-04-28 15:03:27,15565,15565,15565,2,0
2023-04-28 15:03:28,15566,15566,15566,4,4
2023-04-28 15:03:29,15565,15565,15565,4,-4
2023-04-28 15:03:35,15565,15565,15565,2,0
2023-04-28 15:03:44,15565,15565,15565,2,0
2023-04-28 15:03:45,15565,15565,15565,2,0
2023-04-28 15:03:50,15565,15565,15565,2,0
2023-04-28 15:03:52,15566,15566,15566,10,10
2023-04-28 15:03:52,15564,15564,15564,2,-2
2023-04-28 15:03:52,15564,15564,15564,2,0
2023-04-28 15:03:53,15564,15564,15564,2,0
2023-04-28 15:03:53,15564,15564,15564,2,0
2023-04-28 15:03:58,15564,15564,15564,2,0
2023-04-28 15:03:58,15564,15564,15564,2,0
2023-04-28 15:04:00,15565,15565,15565,2,2
2023-04-28 15:04:00,15565,15565,15565,10,0
2023-04-28 15:04:00,15565,15565,15565,2,0
2023-04-28 15:04:00,15566,15566,15566,8,8
2023-04-28 15:04:09,15564,15564,15564,2,-2
2023-04-28 15:04:09,15564,15564,15564,2,0
2023-04-28 15:04:09,15564,15564,15564,2,0
2023-04-28 15:04:13,15563,15563,15563,2,-2
2023-04-28 15:04:16,15563,15563,15563,2,0
2023-04-28 15:04:16,15563,15563,15563,2,0
2023-04-28 15:04:16,15563,15563,15563,2,0
2023-04-28 15:04:16,15564,15564,15564,4,4
2023-04-28 15:04:25,15564,15564,15564,2,0
2023-04-28 15:04:30,15564,15564,15564,2,0
2023-04-28 15:04:43,15564,15564,15564,6,0
2023-04-28 15:04:44,15563,15563,15563,2,-2
2023-04-28 15:04:44,15563,15563,15563,2,0
2023-04-28 15:04:44,15563,15563,15563,2,0
2023-04-28 15:04:44,15563,15563,15563,2,0
2023-04-28 15:04:44,15563,15563,15563,2,0
2023-04-28 15:04:44,15563,15563,15563,6,0
2023-04-28 15:04:44,15563,15563,15563,2,0
2023-04-28 15:04:44,15563,15563,15563,2,0
2023-04-28 15:04:44,15563,15563,15563,4,0
2023-04-28 15:04:44,15563,15563,15563,2,0
2023-04-28 15:04:44,15563,15563,15563,2,0
2023-04-28 15:04:44,15563,15563,15563,4,0
2023-04-28 15:04:46,15563,15563,15563,2,0
2023-04-28 15:04:47,15563,15563,15563,2,0
2023-04-28 15:04:48,15563,15563,15563,2,0
2023-04-28 15:04:50,15563,15563,15563,2,0
2023-04-28 15:04:50,15563,15563,15563,2,0
2023-04-28 15:04:53,15563,15563,15563,2,0
2023-04-28 15:04:54,15564,15564,15564,2,2
2023-04-28 15:04:58,15564,15564,15564,4,0
2023-04-28 15:05:00,15564,15564,15564,2,0
2023-04-28 15:05:00,15564,15564,15564,14,0
2023-04-28 15:05:00,15564,15564,15564,8,0
2023-04-28 15:05:01,15564,15564,15564,22,0
2023-04-28 15:05:01,15564,15564,15564,2,0
2023-04-28 15:05:01,15565,15565,15565,6,6
2023-04-28 15:05:01,15564,15564,15564,2,-2
2023-04-28 15:05:01,15564,15564,15564,2,0
2023-04-28 15:05:08,15565,15565,15565,4,4
2023-04-28 15:05:10,15566,15566,15566,4,4
2023-04-28 15:05:10,15566,15566,15566,4,0
2023-04-28 15:05:11,15566,15566,15566,2,0
2023-04-28 15:05:11,15567,15567,15567,2,2
2023-04-28 15:05:11,15567,15567,15567,2,0
2023-04-28 15:05:11,15567,15567,15567,4,0
2023-04-28 15:05:11,15567,15567,15567,4,0
2023-04-28 15:05:12,15567,15567,15567,2,0
2023-04-28 15:05:16,15567,15567,15567,2,0
2023-04-28 15:05:16,15566,15566,15566,2,-2
2023-04-28 15:05:37,15566,15566,15566,2,0
2023-04-28 15:05:40,15566,15566,15566,2,0
2023-04-28 15:05:40,15566,15566,15566,2,0
2023-04-28 15:05:41,15566,15566,15566,2,0
2023-04-28 15:05:41,15566,15566,15566,2,0
2023-04-28 15:05:42,15567,15567,15567,2,2
2023-04-28 15:05:43,15566,15566,15566,4,-4
2023-04-28 15:05:46,15565,15565,15565,2,-2
2023-04-28 15:05:46,15565,15565,15565,4,0
2023-04-28 15:05:46,15565,15565,15565,6,0
2023-04-28 15:05:46,15565,15565,15565,6,0
2023-04-28 15:05:46,15565,15565,15565,2,0
2023-04-28 15:05:54,15566,15566,15566,2,2
2023-04-28 15:05:56,15566,15566,15566,6,0
2023-04-28 15:06:00,15567,15567,15567,6,6
2023-04-28 15:06:00,15566,15566,15566,2,-2
2023-04-28 15:06:08,15566,15566,15566,2,0
2023-04-28 15:06:11,15566,15566,15566,2,0
2023-04-28 15:06:12,15565,15565,15565,2,-2
2023-04-28 15:06:12,15565,15565,15565,2,0
2023-04-28 15:06:12,15565,15565,15565,2,0
2023-04-28 15:06:15,15564,15564,15564,2,-2
2023-04-28 15:06:15,15564,15564,15564,2,0
2023-04-28 15:06:22,15563,15563,15563,2,-2
2023-04-28 15:06:22,15563,15563,15563,2,0
2023-04-28 15:06:22,15563,15563,15563,2,0
2023-04-28 15:06:22,15563,15563,15563,2,0
2023-04-28 15:06:22,15563,15563,15563,2,0
2023-04-28 15:06:24,15562,15562,15562,2,-2
2023-04-28 15:06:24,15562,15562,15562,2,0
2023-04-28 15:06:24,15562,15562,15562,2,0
2023-04-28 15:06:24,15562,15562,15562,2,0
2023-04-28 15:06:24,15562,15562,15562,2,0
2023-04-28 15:06:24,15562,15562,15562,2,0
2023-04-28 15:06:24,15562,15562,15562,2,0
2023-04-28 15:06:24,15562,15562,15562,2,0
2023-04-28 15:06:24,15562,15562,15562,4,0
2023-04-28 15:06:24,15562,15562,15562,20,0
2023-04-28 15:06:24,15562,15562,15562,2,0
2023-04-28 15:06:24,15561,15561,15561,2,-2
2023-04-28 15:06:24,15561,15561,15561,2,0
2023-04-28 15:06:24,15561,15561,15561,2,0
2023-04-28 15:06:24,15561,15561,15561,2,0
2023-04-28 15:06:24,15561,15561,15561,2,0
2023-04-28 15:06:24,15561,15561,15561,2,0
2023-04-28 15:06:24,15561,15561,15561,4,0
2023-04-28 15:06:24,15561,15561,15561,2,0
2023-04-28 15:06:24,15561,15561,15561,2,0
2023-04-28 15:06:24,15561,15561,15561,2,0
2023-04-28 15:06:24,15561,15561,15561,2,0
2023-04-28 15:06:24,15561,15561,15561,10,0
2023-04-28 15:06:24,15561,15561,15561,2,0
2023-04-28 15:06:24,15561,15561,15561,2,0
2023-04-28 15:06:26,15560,15560,15560,2,-2
2023-04-28 15:06:26,15560,15560,15560,4,0
2023-04-28 15:06:29,15560,15560,15560,2,0
2023-04-28 15:06:32,15560,15560,15560,2,0
2023-04-28 15:06:32,15560,15560,15560,2,0
2023-04-28 15:06:32,15560,15560,15560,2,0
2023-04-28 15:06:32,15560,15560,15560,2,0
2023-04-28 15:06:32,15560,15560,15560,2,0
2023-04-28 15:06:32,15560,15560,15560,2,0
2023-04-28 15:06:33,15561,15561,15561,4,4
2023-04-28 15:06:36,15560,15560,15560,2,-2
2023-04-28 15:06:37,15560,15560,15560,2,0
2023-04-28 15:06:37,15560,15560,15560,2,0
2023-04-28 15:06:37,15560,15560,15560,2,0
2023-04-28 15:06:40,15560,15560,15560,2,0
2023-04-28 15:06:40,15560,15560,15560,6,0
2023-04-28 15:06:40,15560,15560,15560,2,0
2023-04-28 15:06:40,15560,15560,15560,8,0
2023-04-28 15:06:40,15560,15560,15560,2,0
2023-04-28 15:06:40,15560,15560,15560,2,0
2023-04-28 15:06:40,15560,15560,15560,2,0
2023-04-28 15:06:40,15560,15560,15560,2,0
2023-04-28 15:06:40,15559,15559,15559,2,-2
2023-04-28 15:06:41,15560,15560,15560,2,2
2023-04-28 15:06:42,15560,15560,15560,2,0
2023-04-28 15:06:43,15560,15560,15560,2,0
2023-04-28 15:06:43,15560,15560,15560,16,0
2023-04-28 15:06:43,15560,15560,15560,2,0
2023-04-28 15:06:44,15559,15559,15559,2,-2
2023-04-28 15:06:47,15560,15560,15560,2,2
2023-04-28 15:06:48,15559,15559,15559,4,-4
2023-04-28 15:06:48,15559,15559,15559,2,0
2023-04-28 15:06:48,15559,15559,15559,2,0
2023-04-28 15:06:48,15559,15559,15559,2,0
2023-04-28 15:06:48,15559,15559,15559,2,0
2023-04-28 15:06:48,15559,15559,15559,2,0
2023-04-28 15:06:48,15559,15559,15559,2,0
2023-04-28 15:06:49,15560,15560,15560,2,2
2023-04-28 15:06:49,15559,15559,15559,4,-4
2023-04-28 15:06:49,15559,15559,15559,4,0
2023-04-28 15:06:51,15559,15559,15559,2,0
2023-04-28 15:06:52,15560,15560,15560,2,2
2023-04-28 15:07:00,15559,15559,15559,6,-6
2023-04-28 15:07:00,15560,15560,15560,2,2
2023-04-28 15:07:00,15559,15559,15559,2,-2
2023-04-28 15:07:00,15559,15559,15559,2,0
2023-04-28 15:07:00,15559,15559,15559,2,0
2023-04-28 15:07:00,15559,15559,15559,2,0
2023-04-28 15:07:00,15559,15559,15559,2,0
2023-04-28 15:07:00,15559,15559,15559,4,0
2023-04-28 15:07:00,15559,15559,15559,2,0
2023-04-28 15:07:00,15559,15559,15559,2,0
2023-04-28 15:07:00,15559,15559,15559,2,0
2023-04-28 15:07:00,15559,15559,15559,2,0
2023-04-28 15:07:00,15559,15559,15559,2,0
2023-04-28 15:07:02,15559,15559,15559,4,0
2023-04-28 15:07:02,15558,15558,15558,6,-6
2023-04-28 15:07:02,15560,15560,15560,6,6
2023-04-28 15:07:03,15560,15560,15560,2,0
2023-04-28 15:07:03,15560,15560,15560,2,0
2023-04-28 15:07:03,15561,15561,15561,2,2
2023-04-28 15:07:03,15560,15560,15560,2,-2
2023-04-28 15:07:04,15562,15562,15562,4,4
2023-04-28 15:07:06,15560,15560,15560,2,-2
2023-04-28 15:07:06,15560,15560,15560,4,0
2023-04-28 15:07:06,15560,15560,15560,2,0
2023-04-28 15:07:06,15560,15560,15560,2,0
2023-04-28 15:07:06,15560,15560,15560,2,0
2023-04-28 15:07:06,15560,15560,15560,2,0
2023-04-28 15:07:10,15561,15561,15561,2,2
2023-04-28 15:07:14,15560,15560,15560,2,-2
2023-04-28 15:07:18,15561,15561,15561,2,2
2023-04-28 15:07:26,15561,15561,15561,2,0
2023-04-28 15:07:28,15561,15561,15561,2,0
2023-04-28 15:07:33,15561,15561,15561,2,0
2023-04-28 15:07:33,15561,15561,15561,2,0
2023-04-28 15:07:33,15561,15561,15561,2,0
2023-04-28 15:07:33,15561,15561,15561,2,0
2023-04-28 15:07:33,15561,15561,15561,2,0
2023-04-28 15:07:36,15561,15561,15561,16,0
2023-04-28 15:07:39,15561,15561,15561,4,0
2023-04-28 15:07:39,15560,15560,15560,2,-2
2023-04-28 15:07:40,15560,15560,15560,2,0
2023-04-28 15:07:48,15560,15560,15560,4,0
2023-04-28 15:07:50,15561,15561,15561,6,6
2023-04-28 15:07:50,15561,15561,15561,6,0
2023-04-28 15:07:50,15561,15561,15561,2,0
2023-04-28 15:07:51,15561,15561,15561,2,0
2023-04-28 15:07:51,15560,15560,15560,2,-2
2023-04-28 15:07:52,15560,15560,15560,2,0
2023-04-28 15:07:52,15562,15562,15562,2,2
2023-04-28 15:07:58,15560,15560,15560,2,-2
2023-04-28 15:08:00,15560,15560,15560,18,0
2023-04-28 15:08:00,15560,15560,15560,10,0
2023-04-28 15:08:00,15560,15560,15560,2,0
2023-04-28 15:08:00,15560,15560,15560,2,0
2023-04-28 15:08:01,15561,15561,15561,2,2
2023-04-28 15:08:05,15560,15560,15560,2,-2
2023-04-28 15:08:05,15560,15560,15560,4,0
2023-04-28 15:08:05,15560,15560,15560,2,0
2023-04-28 15:08:13,15561,15561,15561,2,2
2023-04-28 15:08:19,15561,15561,15561,2,0
2023-04-28 15:08:20,15560,15560,15560,2,-2
2023-04-28 15:08:20,15560,15560,15560,6,0
2023-04-28 15:08:20,15560,15560,15560,6,0
2023-04-28 15:08:20,15560,15560,15560,2,0
2023-04-28 15:08:27,15561,15561,15561,2,2
2023-04-28 15:08:31,15560,15560,15560,2,-2
2023-04-28 15:08:36,15562,15562,15562,6,6
2023-04-28 15:08:36,15562,15562,15562,4,0
2023-04-28 15:08:36,15562,15562,15562,2,0
2023-04-28 15:08:40,15563,15563,15563,4,4
2023-04-28 15:08:40,15563,15563,15563,2,0
2023-04-28 15:08:49,15563,15563,15563,10,0
2023-04-28 15:09:06,15564,15564,15564,2,2
2023-04-28 15:09:06,15564,15564,15564,6,0
2023-04-28 15:09:14,15564,15564,15564,2,0
2023-04-28 15:09:17,15564,15564,15564,2,0
2023-04-28 15:09:18,15565,15565,15565,2,2
2023-04-28 15:09:19,15564,15564,15564,2,-2
2023-04-28 15:09:21,15564,15564,15564,2,0
2023-04-28 15:09:21,15564,15564,15564,2,0
2023-04-28 15:09:21,15564,15564,15564,4,0
2023-04-28 15:09:21,15564,15564,15564,2,0
2023-04-28 15:09:21,15564,15564,15564,2,0
2023-04-28 15:09:21,15564,15564,15564,8,0
2023-04-28 15:09:21,15564,15564,15564,6,0
2023-04-28 15:09:21,15564,15564,15564,4,0
2023-04-28 15:09:21,15564,15564,15564,6,0
2023-04-28 15:09:21,15564,15564,15564,2,0
2023-04-28 15:09:21,15564,15564,15564,2,0
2023-04-28 15:09:21,15564,15564,15564,26,0
2023-04-28 15:09:23,15564,15564,15564,2,0
2023-04-28 15:09:24,15563,15563,15563,2,-2
2023-04-28 15:09:24,15563,15563,15563,2,0
2023-04-28 15:09:26,15563,15563,15563,2,0
2023-04-28 15:09:26,15563,15563,15563,2,0
2023-04-28 15:09:26,15563,15563,15563,2,0
2023-04-28 15:09:26,15563,15563,15563,2,0
2023-04-28 15:09:26,15563,15563,15563,2,0
2023-04-28 15:09:26,15563,15563,15563,2,0
2023-04-28 15:09:31,15563,15563,15563,2,0
2023-04-28 15:09:31,15563,15563,15563,2,0
2023-04-28 15:09:33,15563,15563,15563,4,0
2023-04-28 15:09:41,15563,15563,15563,2,0
2023-04-28 15:09:44,15564,15564,15564,28,28
2023-04-28 15:09:44,15565,15565,15565,16,16
2023-04-28 15:09:44,15565,15565,15565,6,0
2023-04-28 15:09:44,15565,15565,15565,6,0
2023-04-28 15:09:44,15566,15566,15566,16,16
2023-04-28 15:09:49,15565,15565,15565,2,-2
2023-04-28 15:09:51,15564,15564,15564,2,-2
2023-04-28 15:09:52,15565,15565,15565,2,2
2023-04-28 15:10:01,15564,15564,15564,2,-2
2023-04-28 15:10:01,15564,15564,15564,2,0
2023-04-28 15:10:01,15565,15565,15565,2,2
2023-04-28 15:10:18,15565,15565,15565,10,0
2023-04-28 15:10:20,15565,15565,15565,4,0
2023-04-28 15:10:27,15566,15566,15566,6,6
2023-04-28 15:10:30,15566,15566,15566,20,0
2023-04-28 15:10:45,15566,15566,15566,4,0
2023-04-28 15:10:47,15565,15565,15565,2,-2
2023-04-28 15:10:47,15565,15565,15565,2,0
2023-04-28 15:10:48,15566,15566,15566,4,4
2023-04-28 15:10:51,15565,15565,15565,2,-2
2023-04-28 15:10:54,15565,15565,15565,4,0
2023-04-28 15:11:00,15565,15565,15565,2,0
2023-04-28 15:11:00,15565,15565,15565,2,0
2023-04-28 15:11:00,15565,15565,15565,2,0
2023-04-28 15:11:01,15565,15565,15565,2,0
2023-04-28 15:11:01,15565,15565,15565,2,0
2023-04-28 15:11:01,15565,15565,15565,2,0
2023-04-28 15:11:01,15565,15565,15565,2,0
2023-04-28 15:11:01,15565,15565,15565,2,0
2023-04-28 15:11:01,15565,15565,15565,2,0
2023-04-28 15:11:01,15565,15565,15565,2,0
2023-04-28 15:11:01,15565,15565,15565,2,0
2023-04-28 15:11:01,15565,15565,15565,2,0
2023-04-28 15:11:01,15565,15565,15565,2,0
2023-04-28 15:11:01,15565,15565,15565,2,0
2023-04-28 15:11:01,15565,15565,15565,2,0
2023-04-28 15:11:01,15565,15565,15565,2,0
2023-04-28 15:11:01,15565,15565,15565,2,0
2023-04-28 15:11:01,15565,15565,15565,2,0
2023-04-28 15:11:01,15564,15564,15564,2,-2
2023-04-28 15:11:03,15564,15564,15564,2,0
2023-04-28 15:11:04,15564,15564,15564,2,0
2023-04-28 15:11:04,15564,15564,15564,2,0
2023-04-28 15:11:23,15565,15565,15565,8,8
2023-04-28 15:11:34,15564,15564,15564,2,-2
2023-04-28 15:11:34,15564,15564,15564,4,0
2023-04-28 15:11:39,15564,15564,15564,2,0
2023-04-28 15:11:45,15564,15564,15564,2,0
2023-04-28 15:11:46,15563,15563,15563,2,-2
2023-04-28 15:11:49,15563,15563,15563,6,0
2023-04-28 15:11:49,15563,15563,15563,2,0
2023-04-28 15:11:49,15563,15563,15563,2,0
2023-04-28 15:11:49,15563,15563,15563,6,0
2023-04-28 15:11:57,15563,15563,15563,2,0
2023-04-28 15:12:06,15564,15564,15564,2,2
2023-04-28 15:12:06,15564,15564,15564,2,0
2023-04-28 15:12:06,15564,15564,15564,2,0
2023-04-28 15:12:06,15564,15564,15564,2,0
2023-04-28 15:12:06,15564,15564,15564,2,0
2023-04-28 15:12:09,15565,15565,15565,2,2
2023-04-28 15:12:09,15565,15565,15565,4,0
2023-04-28 15:12:09,15565,15565,15565,2,0
2023-04-28 15:12:09,15565,15565,15565,12,0
2023-04-28 15:12:19,15566,15566,15566,2,2
2023-04-28 15:12:20,15566,15566,15566,24,0
2023-04-28 15:12:20,15566,15566,15566,2,0
2023-04-28 15:12:20,15566,15566,15566,4,0
2023-04-28 15:12:21,15567,15567,15567,6,6
2023-04-28 15:12:21,15567,15567,15567,4,0
2023-04-28 15:12:21,15567,15567,15567,2,0
2023-04-28 15:12:21,15567,15567,15567,2,0
2023-04-28 15:12:22,15567,15567,15567,2,0
2023-04-28 15:12:25,15567,15567,15567,2,0
2023-04-28 15:12:25,15568,15568,15568,2,2
2023-04-28 15:12:25,15568,15568,15568,4,0
2023-04-28 15:12:27,15567,15567,15567,2,-2
2023-04-28 15:12:28,15567,15567,15567,2,0
2023-04-28 15:12:31,15567,15567,15567,2,0
2023-04-28 15:12:31,15567,15567,15567,2,0
2023-04-28 15:12:33,15567,15567,15567,6,0
2023-04-28 15:12:39,15568,15568,15568,66,66
2023-04-28 15:12:39,15568,15568,15568,2,0
2023-04-28 15:12:39,15568,15568,15568,14,0
2023-04-28 15:12:39,15568,15568,15568,2,0
2023-04-28 15:12:39,15568,15568,15568,2,0
2023-04-28 15:12:39,15568,15568,15568,10,0
2023-04-28 15:12:39,15568,15568,15568,2,0
2023-04-28 15:12:39,15568,15568,15568,2,0
2023-04-28 15:12:41,15568,15568,15568,2,0
2023-04-28 15:12:42,15569,15569,15569,6,6
2023-04-28 15:12:43,15567,15567,15567,2,-2
2023-04-28 15:12:43,15567,15567,15567,2,0
2023-04-28 15:12:43,15567,15567,15567,6,0
2023-04-28 15:12:43,15567,15567,15567,4,0
2023-04-28 15:12:49,15567,15567,15567,2,0
2023-04-28 15:12:52,15566,15566,15566,2,-2
2023-04-28 15:12:52,15568,15568,15568,4,4
2023-04-28 15:12:53,15568,15568,15568,2,0
2023-04-28 15:12:53,15568,15568,15568,2,0
2023-04-28 15:12:58,15568,15568,15568,2,0
2023-04-28 15:13:04,15567,15567,15567,2,-2
2023-04-28 15:13:04,15567,15567,15567,4,0
2023-04-28 15:13:04,15567,15567,15567,6,0
2023-04-28 15:13:04,15567,15567,15567,2,0
2023-04-28 15:13:06,15568,15568,15568,2,2
2023-04-28 15:13:09,15567,15567,15567,2,-2
2023-04-28 15:13:09,15567,15567,15567,2,0
2023-04-28 15:13:12,15566,15566,15566,2,-2
2023-04-28 15:13:14,15565,15565,15565,2,-2
2023-04-28 15:13:14,15565,15565,15565,2,0
2023-04-28 15:13:16,15565,15565,15565,2,0
2023-04-28 15:13:17,15565,15565,15565,2,0
2023-04-28 15:13:19,15564,15564,15564,2,-2
2023-04-28 15:13:19,15564,15564,15564,2,0
2023-04-28 15:13:19,15565,15565,15565,2,2
2023-04-28 15:13:19,15564,15564,15564,16,-16
2023-04-28 15:13:19,15564,15564,15564,2,0
2023-04-28 15:13:19,15564,15564,15564,2,0
2023-04-28 15:13:19,15564,15564,15564,2,0
2023-04-28 15:13:19,15564,15564,15564,2,0
2023-04-28 15:13:24,15564,15564,15564,2,0
2023-04-28 15:13:27,15564,15564,15564,2,0
2023-04-28 15:13:38,15563,15563,15563,2,-2
2023-04-28 15:13:38,15563,15563,15563,14,0
2023-04-28 15:13:38,15563,15563,15563,2,0
2023-04-28 15:13:38,15563,15563,15563,2,0
2023-04-28 15:13:38,15563,15563,15563,2,0
2023-04-28 15:13:38,15563,15563,15563,6,0
2023-04-28 15:13:40,15562,15562,15562,2,-2
2023-04-28 15:13:40,15562,15562,15562,2,0
2023-04-28 15:13:43,15563,15563,15563,4,4
2023-04-28 15:13:55,15563,15563,15563,2,0
2023-04-28 15:13:57,15563,15563,15563,2,0
2023-04-28 15:13:59,15563,15563,15563,2,0
2023-04-28 15:14:01,15563,15563,15563,2,0
2023-04-28 15:14:01,15562,15562,15562,4,-4
2023-04-28 15:14:01,15562,15562,15562,2,0
2023-04-28 15:14:01,15562,15562,15562,2,0
2023-04-28 15:14:01,15562,15562,15562,2,0
2023-04-28 15:14:01,15562,15562,15562,2,0
2023-04-28 15:14:01,15562,15562,15562,20,0
2023-04-28 15:14:01,15562,15562,15562,2,0
2023-04-28 15:14:01,15562,15562,15562,4,0
2023-04-28 15:14:02,15561,15561,15561,2,-2
2023-04-28 15:14:02,15561,15561,15561,2,0
2023-04-28 15:14:02,15561,15561,15561,2,0
2023-04-28 15:14:03,15561,15561,15561,2,0
2023-04-28 15:14:03,15561,15561,15561,4,0
2023-04-28 15:14:05,15561,15561,15561,2,0
2023-04-28 15:14:05,15561,15561,15561,6,0
2023-04-28 15:14:05,15561,15561,15561,2,0
2023-04-28 15:14:05,15561,15561,15561,4,0
2023-04-28 15:14:05,15561,15561,15561,2,0
2023-04-28 15:14:05,15561,15561,15561,4,0
2023-04-28 15:14:12,15561,15561,15561,2,0
2023-04-28 15:14:19,15561,15561,15561,2,0
2023-04-28 15:14:19,15561,15561,15561,2,0
2023-04-28 15:14:22,15561,15561,15561,2,0
2023-04-28 15:14:22,15561,15561,15561,2,0
2023-04-28 15:14:22,15561,15561,15561,2,0
2023-04-28 15:14:23,15561,15561,15561,2,0
2023-04-28 15:14:23,15561,15561,15561,6,0
2023-04-28 15:14:23,15562,15562,15562,10,10
2023-04-28 15:14:23,15561,15561,15561,6,-6
2023-04-28 15:14:23,15562,15562,15562,10,10
2023-04-28 15:14:23,15561,15561,15561,6,-6
2023-04-28 15:14:23,15562,15562,15562,10,10
2023-04-28 15:14:23,15562,15562,15562,6,0
2023-04-28 15:14:23,15561,15561,15561,2,-2
2023-04-28 15:14:23,15562,15562,15562,4,4
2023-04-28 15:14:29,15561,15561,15561,2,-2
2023-04-28 15:14:29,15561,15561,15561,2,0
2023-04-28 15:14:29,15561,15561,15561,2,0
2023-04-28 15:14:29,15561,15561,15561,2,0
2023-04-28 15:14:32,15560,15560,15560,2,-2
2023-04-28 15:14:32,15560,15560,15560,2,0
2023-04-28 15:14:32,15560,15560,15560,2,0
2023-04-28 15:14:32,15560,15560,15560,2,0
2023-04-28 15:14:32,15560,15560,15560,2,0
2023-04-28 15:14:32,15560,15560,15560,2,0
2023-04-28 15:14:32,15560,15560,15560,2,0
2023-04-28 15:14:32,15560,15560,15560,2,0
2023-04-28 15:14:32,15560,15560,15560,2,0
2023-04-28 15:14:32,15560,15560,15560,2,0
2023-04-28 15:14:32,15560,15560,15560,2,0
2023-04-28 15:14:32,15560,15560,15560,2,0
2023-04-28 15:14:32,15560,15560,15560,2,0
2023-04-28 15:14:32,15560,15560,15560,2,0
2023-04-28 15:14:32,15560,15560,15560,2,0
2023-04-28 15:14:32,15560,15560,15560,4,0
2023-04-28 15:14:32,15560,15560,15560,2,0
2023-04-28 15:14:32,15560,15560,15560,2,0
2023-04-28 15:14:37,15559,15559,15559,2,-2
2023-04-28 15:14:37,15560,15560,15560,2,2
2023-04-28 15:14:40,15560,15560,15560,2,0
2023-04-28 15:14:40,15559,15559,15559,2,-2
2023-04-28 15:14:42,15560,15560,15560,2,2
2023-04-28 15:15:00,15560,15560,15560,2,0
2023-04-28 15:15:00,15560,15560,15560,2,0
2023-04-28 15:15:00,15560,15560,15560,2,0
2023-04-28 15:15:01,15560,15560,15560,2,0
2023-04-28 15:15:01,15560,15560,15560,2,0
2023-04-28 15:15:01,15560,15560,15560,4,0
2023-04-28 15:15:05,15560,15560,15560,2,0
2023-04-28 15:15:11,15560,15560,15560,2,0
2023-04-28 15:15:13,15561,15561,15561,2,2
2023-04-28 15:15:24,15560,15560,15560,2,-2
2023-04-28 15:15:30,15560,15560,15560,2,0
2023-04-28 15:15:30,15560,15560,15560,2,0
2023-04-28 15:15:30,15560,15560,15560,2,0
2023-04-28 15:15:30,15560,15560,15560,2,0
2023-04-28 15:15:33,15560,15560,15560,4,0
2023-04-28 15:15:35,15559,15559,15559,2,-2
2023-04-28 15:15:46,15559,15559,15559,4,0
2023-04-28 15:15:51,15559,15559,15559,2,0
2023-04-28 15:15:51,15559,15559,15559,2,0
2023-04-28 15:15:51,15559,15559,15559,2,0
2023-04-28 15:15:51,15559,15559,15559,2,0
2023-04-28 15:15:51,15559,15559,15559,2,0
2023-04-28 15:15:51,15559,15559,15559,2,0
2023-04-28 15:15:51,15559,15559,15559,2,0
2023-04-28 15:15:51,15559,15559,15559,2,0
2023-04-28 15:15:51,15559,15559,15559,2,0
2023-04-28 15:15:51,15559,15559,15559,18,0
2023-04-28 15:15:51,15559,15559,15559,2,0
2023-04-28 15:15:51,15559,15559,15559,2,0
2023-04-28 15:15:51,15559,15559,15559,2,0
2023-04-28 15:15:51,15559,15559,15559,2,0
2023-04-28 15:15:52,15558,15558,15558,4,-4
2023-04-28 15:15:52,15558,15558,15558,2,0
2023-04-28 15:15:52,15558,15558,15558,2,0
2023-04-28 15:15:52,15558,15558,15558,2,0
2023-04-28 15:15:52,15558,15558,15558,2,0
2023-04-28 15:15:52,15558,15558,15558,2,0
2023-04-28 15:15:52,15558,15558,15558,2,0
2023-04-28 15:15:52,15558,15558,15558,2,0
2023-04-28 15:15:52,15558,15558,15558,2,0
2023-04-28 15:15:52,15558,15558,15558,2,0
2023-04-28 15:15:52,15558,15558,15558,2,0
2023-04-28 15:15:52,15558,15558,15558,2,0
2023-04-28 15:15:52,15558,15558,15558,2,0
2023-04-28 15:15:52,15558,15558,15558,2,0
2023-04-28 15:15:52,15558,15558,15558,2,0
2023-04-28 15:15:52,15558,15558,15558,2,0
2023-04-28 15:15:54,15559,15559,15559,2,2
2023-04-28 15:15:54,15559,15559,15559,2,0
2023-04-28 15:15:54,15558,15558,15558,2,-2
2023-04-28 15:15:55,15559,15559,15559,2,2
2023-04-28 15:16:00,15559,15559,15559,2,0
2023-04-28 15:16:00,15559,15559,15559,4,0
2023-04-28 15:16:00,15560,15560,15560,2,2
2023-04-28 15:16:01,15559,15559,15559,2,-2
2023-04-28 15:16:01,15559,15559,15559,4,0
2023-04-28 15:16:04,15559,15559,15559,2,0
2023-04-28 15:16:05,15559,15559,15559,2,0
2023-04-28 15:16:06,15558,15558,15558,2,-2
2023-04-28 15:16:06,15558,15558,15558,2,0
2023-04-28 15:16:06,15558,15558,15558,2,0
2023-04-28 15:16:06,15558,15558,15558,2,0
2023-04-28 15:16:06,15558,15558,15558,2,0
2023-04-28 15:16:07,15557,15557,15557,2,-2
2023-04-28 15:16:07,15557,15557,15557,2,0
2023-04-28 15:16:09,15557,15557,15557,2,0
2023-04-28 15:16:09,15557,15557,15557,2,0
2023-04-28 15:16:09,15557,15557,15557,4,0
2023-04-28 15:16:09,15557,15557,15557,2,0
2023-04-28 15:16:09,15557,15557,15557,10,0
2023-04-28 15:16:09,15557,15557,15557,2,0
2023-04-28 15:16:14,15557,15557,15557,2,0
2023-04-28 15:16:16,15558,15558,15558,2,2
2023-04-28 15:16:17,15557,15557,15557,2,-2
2023-04-28 15:16:17,15558,15558,15558,2,2
2023-04-28 15:16:20,15558,15558,15558,2,0
2023-04-28 15:16:20,15558,15558,15558,2,0
2023-04-28 15:16:22,15558,15558,15558,2,0
2023-04-28 15:16:26,15558,15558,15558,2,0
2023-04-28 15:16:27,15558,15558,15558,2,0
2023-04-28 15:16:31,15558,15558,15558,2,0
2023-04-28 15:16:37,15558,15558,15558,2,0
2023-04-28 15:16:38,15558,15558,15558,2,0
2023-04-28 15:16:40,15558,15558,15558,2,0
2023-04-28 15:16:40,15558,15558,15558,2,0
2023-04-28 15:16:50,15558,15558,15558,2,0
2023-04-28 15:16:50,15558,15558,15558,4,0
2023-04-28 15:16:50,15558,15558,15558,2,0
2023-04-28 15:16:50,15558,15558,15558,8,0
2023-04-28 15:16:50,15558,15558,15558,12,0
2023-04-28 15:16:50,15558,15558,15558,2,0
2023-04-28 15:16:52,15558,15558,15558,2,0
2023-04-28 15:16:57,15558,15558,15558,4,0
2023-04-28 15:16:57,15558,15558,15558,4,0
2023-04-28 15:16:59,15558,15558,15558,30,0
2023-04-28 15:17:00,15557,15557,15557,2,-2
2023-04-28 15:17:04,15557,15557,15557,2,0
2023-04-28 15:17:04,15557,15557,15557,2,0
2023-04-28 15:17:04,15557,15557,15557,2,0
2023-04-28 15:17:04,15557,15557,15557,2,0
2023-04-28 15:17:04,15557,15557,15557,2,0
2023-04-28 15:17:04,15557,15557,15557,4,0
2023-04-28 15:17:04,15557,15557,15557,2,0
2023-04-28 15:17:04,15557,15557,15557,2,0
2023-04-28 15:17:04,15557,15557,15557,2,0
2023-04-28 15:17:04,15557,15557,15557,2,0
2023-04-28 15:17:04,15557,15557,15557,2,0
2023-04-28 15:17:05,15556,15556,15556,2,-2
2023-04-28 15:17:05,15556,15556,15556,2,0
2023-04-28 15:17:05,15556,15556,15556,2,0
2023-04-28 15:17:05,15556,15556,15556,2,0
2023-04-28 15:17:05,15556,15556,15556,2,0
2023-04-28 15:17:05,15556,15556,15556,2,0
2023-04-28 15:17:05,15556,15556,15556,2,0
2023-04-28 15:17:05,15556,15556,15556,6,0
2023-04-28 15:17:06,15557,15557,15557,2,2
2023-04-28 15:17:11,15558,15558,15558,4,4
2023-04-28 15:17:12,15557,15557,15557,4,-4
2023-04-28 15:17:12,15556,15556,15556,2,-2
2023-04-28 15:17:12,15556,15556,15556,2,0
2023-04-28 15:17:14,15557,15557,15557,2,2
2023-04-28 15:17:15,15557,15557,15557,8,0
2023-04-28 15:17:17,15557,15557,15557,4,0
2023-04-28 15:17:22,15557,15557,15557,2,0
2023-04-28 15:17:25,15556,15556,15556,2,-2
2023-04-28 15:17:25,15556,15556,15556,2,0
2023-04-28 15:17:40,15556,15556,15556,2,0
2023-04-28 15:17:40,15556,15556,15556,2,0
2023-04-28 15:17:40,15556,15556,15556,4,0
2023-04-28 15:17:40,15556,15556,15556,2,0
2023-04-28 15:17:40,15556,15556,15556,6,0
2023-04-28 15:17:40,15556,15556,15556,2,0
2023-04-28 15:17:41,15556,15556,15556,2,0
2023-04-28 15:17:41,15556,15556,15556,4,0
2023-04-28 15:17:41,15556,15556,15556,2,0
2023-04-28 15:17:41,15556,15556,15556,20,0
2023-04-28 15:17:41,15556,15556,15556,4,0
2023-04-28 15:17:41,15556,15556,15556,2,0
2023-04-28 15:17:41,15556,15556,15556,2,0
2023-04-28 15:17:41,15556,15556,15556,2,0
2023-04-28 15:17:41,15556,15556,15556,2,0
2023-04-28 15:17:41,15556,15556,15556,2,0
2023-04-28 15:17:41,15555,15555,15555,2,-2
2023-04-28 15:17:42,15556,15556,15556,2,2
2023-04-28 15:17:42,15556,15556,15556,2,0
2023-04-28 15:17:46,15556,15556,15556,2,0
2023-04-28 15:17:48,15557,15557,15557,2,2
2023-04-28 15:17:52,15556,15556,15556,4,-4
2023-04-28 15:17:53,15557,15557,15557,2,2
2023-04-28 15:17:54,15556,15556,15556,2,-2
2023-04-28 15:17:54,15556,15556,15556,2,0
2023-04-28 15:17:54,15556,15556,15556,2,0
2023-04-28 15:17:54,15556,15556,15556,4,0
2023-04-28 15:17:54,15556,15556,15556,2,0
2023-04-28 15:17:54,15556,15556,15556,6,0
2023-04-28 15:17:54,15556,15556,15556,2,0
2023-04-28 15:17:54,15556,15556,15556,4,0
2023-04-28 15:17:58,15556,15556,15556,2,0
2023-04-28 15:18:01,15556,15556,15556,2,0
2023-04-28 15:18:04,15556,15556,15556,2,0
2023-04-28 15:18:12,15555,15555,15555,2,-2
2023-04-28 15:18:13,15555,15555,15555,4,0
2023-04-28 15:18:13,15555,15555,15555,2,0
2023-04-28 15:18:13,15555,15555,15555,2,0
2023-04-28 15:18:15,15555,15555,15555,2,0
2023-04-28 15:18:16,15555,15555,15555,2,0
2023-04-28 15:18:16,15555,15555,15555,2,0
2023-04-28 15:18:18,15555,15555,15555,2,0
2023-04-28 15:18:18,15555,15555,15555,2,0
2023-04-28 15:18:18,15555,15555,15555,2,0
2023-04-28 15:18:23,15555,15555,15555,4,0
2023-04-28 15:18:23,15555,15555,15555,2,0
2023-04-28 15:18:23,15555,15555,15555,2,0
2023-04-28 15:18:23,15556,15556,15556,56,56
2023-04-28 15:18:23,15556,15556,15556,4,0
2023-04-28 15:18:23,15556,15556,15556,16,0
2023-04-28 15:18:23,15556,15556,15556,6,0
2023-04-28 15:18:23,15556,15556,15556,2,0
2023-04-28 15:18:23,15556,15556,15556,2,0
2023-04-28 15:18:23,15556,15556,15556,2,0
2023-04-28 15:18:23,15556,15556,15556,2,0
2023-04-28 15:18:23,15556,15556,15556,2,0
2023-04-28 15:18:23,15556,15556,15556,6,0
2023-04-28 15:18:23,15556,15556,15556,2,0
2023-04-28 15:18:23,15556,15556,15556,2,0
2023-04-28 15:18:23,15557,15557,15557,2,2
2023-04-28 15:18:24,15558,15558,15558,2,2
2023-04-28 15:18:25,15558,15558,15558,4,0
2023-04-28 15:18:25,15557,15557,15557,2,-2
2023-04-28 15:18:29,15557,15557,15557,4,0
2023-04-28 15:18:31,15557,15557,15557,2,0
2023-04-28 15:18:34,15558,15558,15558,2,2
2023-04-28 15:18:34,15558,15558,15558,2,0
2023-04-28 15:18:35,15559,15559,15559,2,2
2023-04-28 15:18:39,15560,15560,15560,6,6
2023-04-28 15:18:43,15560,15560,15560,2,0
2023-04-28 15:18:45,15559,15559,15559,2,-2
2023-04-28 15:18:45,15559,15559,15559,2,0
2023-04-28 15:18:56,15559,15559,15559,2,0
2023-04-28 15:18:56,15559,15559,15559,2,0
2023-04-28 15:18:59,15560,15560,15560,2,2
2023-04-28 15:18:59,15560,15560,15560,6,0
2023-04-28 15:18:59,15560,15560,15560,2,0
2023-04-28 15:18:59,15560,15560,15560,2,0
2023-04-28 15:18:59,15560,15560,15560,2,0
2023-04-28 15:18:59,15560,15560,15560,4,0
2023-04-28 15:18:59,15560,15560,15560,2,0
2023-04-28 15:19:02,15559,15559,15559,2,-2
2023-04-28 15:19:03,15559,15559,15559,2,0
2023-04-28 15:19:05,15559,15559,15559,2,0
2023-04-28 15:19:05,15559,15559,15559,2,0
2023-04-28 15:19:05,15559,15559,15559,2,0
2023-04-28 15:19:05,15560,15560,15560,2,2
2023-04-28 15:19:11,15560,15560,15560,2,0
2023-04-28 15:19:18,15559,15559,15559,2,-2
2023-04-28 15:19:18,15559,15559,15559,2,0
2023-04-28 15:19:19,15559,15559,15559,2,0
2023-04-28 15:19:20,15559,15559,15559,2,0
2023-04-28 15:19:32,15558,15558,15558,2,-2
2023-04-28 15:19:32,15558,15558,15558,2,0
2023-04-28 15:19:32,15558,15558,15558,2,0
2023-04-28 15:19:44,15558,15558,15558,2,0
2023-04-28 15:19:52,15558,15558,15558,2,0
2023-04-28 15:19:53,15559,15559,15559,2,2
2023-04-28 15:20:16,15558,15558,15558,2,-2
2023-04-28 15:20:16,15558,15558,15558,2,0
2023-04-28 15:20:16,15558,15558,15558,2,0
2023-04-28 15:20:19,15558,15558,15558,4,0
2023-04-28 15:20:19,15557,15557,15557,2,-2
2023-04-28 15:20:19,15557,15557,15557,4,0
2023-04-28 15:20:24,15557,15557,15557,2,0
2023-04-28 15:20:24,15557,15557,15557,2,0
2023-04-28 15:20:24,15556,15556,15556,2,-2
2023-04-28 15:20:27,15556,15556,15556,2,0
2023-04-28 15:20:28,15556,15556,15556,6,0
2023-04-28 15:20:33,15557,15557,15557,2,2
2023-04-28 15:20:33,15557,15557,15557,2,0
2023-04-28 15:20:33,15557,15557,15557,2,0
2023-04-28 15:20:38,15558,15558,15558,2,2
2023-04-28 15:20:40,15557,15557,15557,2,-2
2023-04-28 15:20:43,15557,15557,15557,6,0
2023-04-28 15:20:46,15557,15557,15557,6,0
2023-04-28 15:20:52,15557,15557,15557,6,0
2023-04-28 15:20:55,15557,15557,15557,2,0
2023-04-28 15:20:56,15557,15557,15557,2,0
2023-04-28 15:20:56,15557,15557,15557,4,0
2023-04-28 15:20:56,15557,15557,15557,2,0
2023-04-28 15:21:00,15557,15557,15557,6,0
2023-04-28 15:21:03,15557,15557,15557,2,0
2023-04-28 15:21:03,15557,15557,15557,2,0
2023-04-28 15:21:03,15557,15557,15557,2,0
2023-04-28 15:21:16,15558,15558,15558,4,4
2023-04-28 15:21:17,15558,15558,15558,2,0
2023-04-28 15:21:17,15558,15558,15558,4,0
2023-04-28 15:21:17,15558,15558,15558,2,0
2023-04-28 15:21:17,15558,15558,15558,2,0
2023-04-28 15:21:20,15558,15558,15558,2,0
2023-04-28 15:21:20,15558,15558,15558,4,0
2023-04-28 15:21:23,15558,15558,15558,2,0
2023-04-28 15:21:23,15558,15558,15558,4,0
2023-04-28 15:21:23,15559,15559,15559,2,2
2023-04-28 15:21:26,15559,15559,15559,4,0
2023-04-28 15:21:28,15558,15558,15558,2,-2
2023-04-28 15:21:29,15558,15558,15558,6,0
2023-04-28 15:21:33,15558,15558,15558,6,0
2023-04-28 15:21:37,15558,15558,15558,6,0
2023-04-28 15:21:39,15558,15558,15558,2,0
2023-04-28 15:21:49,15557,15557,15557,6,-6
2023-04-28 15:21:52,15557,15557,15557,2,0
2023-04-28 15:21:52,15557,15557,15557,4,0
2023-04-28 15:21:53,15557,15557,15557,4,0
2023-04-28 15:21:53,15557,15557,15557,2,0
2023-04-28 15:21:54,15557,15557,15557,2,0
2023-04-28 15:21:55,15557,15557,15557,6,0
2023-04-28 15:21:59,15557,15557,15557,4,0
2023-04-28 15:21:59,15557,15557,15557,2,0
2023-04-28 15:22:00,15556,15556,15556,6,-6
2023-04-28 15:22:13,15558,15558,15558,2,2
2023-04-28 15:22:13,15558,15558,15558,4,0
2023-04-28 15:22:13,15558,15558,15558,2,0
2023-04-28 15:22:22,15559,15559,15559,2,2
2023-04-28 15:22:30,15559,15559,15559,2,0
2023-04-28 15:22:31,15559,15559,15559,2,0
2023-04-28 15:22:31,15559,15559,15559,2,0
2023-04-28 15:22:34,15560,15560,15560,2,2
2023-04-28 15:22:37,15560,15560,15560,2,0
2023-04-28 15:22:41,15560,15560,15560,2,0
2023-04-28 15:22:44,15559,15559,15559,2,-2
2023-04-28 15:22:52,15560,15560,15560,2,2
2023-04-28 15:22:53,15559,15559,15559,4,-4
2023-04-28 15:22:53,15559,15559,15559,2,0
2023-04-28 15:22:56,15559,15559,15559,6,0
2023-04-28 15:22:59,15560,15560,15560,2,2
2023-04-28 15:23:00,15558,15558,15558,2,-2
2023-04-28 15:23:00,15558,15558,15558,2,0
2023-04-28 15:23:00,15558,15558,15558,2,0
2023-04-28 15:23:04,15558,15558,15558,2,0
2023-04-28 15:23:05,15558,15558,15558,2,0
2023-04-28 15:23:06,15558,15558,15558,2,0
2023-04-28 15:23:07,15558,15558,15558,2,0
2023-04-28 15:23:17,15558,15558,15558,2,0
2023-04-28 15:23:18,15559,15559,15559,2,2
2023-04-28 15:23:18,15559,15559,15559,2,0
2023-04-28 15:23:18,15559,15559,15559,6,0
2023-04-28 15:23:20,15560,15560,15560,22,22
2023-04-28 15:23:20,15560,15560,15560,2,0
2023-04-28 15:23:20,15560,15560,15560,2,0
2023-04-28 15:23:25,15560,15560,15560,2,0
2023-04-28 15:23:26,15559,15559,15559,2,-2
2023-04-28 15:23:32,15560,15560,15560,2,2
2023-04-28 15:23:36,15559,15559,15559,2,-2
2023-04-28 15:23:36,15559,15559,15559,4,0
2023-04-28 15:23:37,15559,15559,15559,2,0
2023-04-28 15:23:39,15559,15559,15559,4,0
2023-04-28 15:23:39,15559,15559,15559,2,0
2023-04-28 15:23:42,15559,15559,15559,8,0
2023-04-28 15:23:42,15559,15559,15559,2,0
2023-04-28 15:23:42,15559,15559,15559,2,0
2023-04-28 15:23:42,15559,15559,15559,2,0
2023-04-28 15:23:42,15559,15559,15559,2,0
2023-04-28 15:23:42,15559,15559,15559,2,0
2023-04-28 15:23:42,15559,15559,15559,2,0
2023-04-28 15:23:42,15559,15559,15559,2,0
2023-04-28 15:23:42,15559,15559,15559,6,0
2023-04-28 15:23:42,15559,15559,15559,2,0
2023-04-28 15:23:42,15558,15558,15558,4,-4
2023-04-28 15:23:42,15558,15558,15558,2,0
2023-04-28 15:23:42,15558,15558,15558,4,0
2023-04-28 15:23:45,15558,15558,15558,2,0
2023-04-28 15:23:46,15559,15559,15559,2,2
2023-04-28 15:23:47,15558,15558,15558,2,-2
2023-04-28 15:23:53,15559,15559,15559,2,2
2023-04-28 15:23:53,15558,15558,15558,2,-2
2023-04-28 15:24:05,15558,15558,15558,2,0
2023-04-28 15:24:05,15558,15558,15558,4,0
2023-04-28 15:24:06,15558,15558,15558,2,0
2023-04-28 15:24:07,15558,15558,15558,6,0
2023-04-28 15:24:10,15558,15558,15558,4,0
2023-04-28 15:24:10,15558,15558,15558,2,0
2023-04-28 15:24:13,15558,15558,15558,2,0
2023-04-28 15:24:13,15558,15558,15558,2,0
2023-04-28 15:24:13,15558,15558,15558,2,0
2023-04-28 15:24:13,15558,15558,15558,2,0
2023-04-28 15:24:19,15558,15558,15558,2,0
2023-04-28 15:24:43,15559,15559,15559,2,2
2023-04-28 15:24:53,15558,15558,15558,4,-4
2023-04-28 15:24:53,15558,15558,15558,2,0
2023-04-28 15:25:07,15558,15558,15558,2,0
2023-04-28 15:25:07,15558,15558,15558,2,0
2023-04-28 15:25:08,15557,15557,15557,2,-2
2023-04-28 15:25:08,15557,15557,15557,2,0
2023-04-28 15:25:08,15557,15557,15557,2,0
2023-04-28 15:25:08,15557,15557,15557,2,0
2023-04-28 15:25:08,15557,15557,15557,2,0
2023-04-28 15:25:08,15557,15557,15557,2,0
2023-04-28 15:25:09,15557,15557,15557,2,0
2023-04-28 15:25:09,15557,15557,15557,2,0
2023-04-28 15:25:09,15558,15558,15558,6,6
2023-04-28 15:25:09,15557,15557,15557,2,-2
2023-04-28 15:25:14,15557,15557,15557,2,0
2023-04-28 15:25:14,15557,15557,15557,2,0
2023-04-28 15:25:15,15558,15558,15558,8,8
2023-04-28 15:25:18,15557,15557,15557,4,-4
2023-04-28 15:25:20,15557,15557,15557,4,0
2023-04-28 15:25:24,15557,15557,15557,2,0
2023-04-28 15:25:24,15557,15557,15557,4,0
2023-04-28 15:25:24,15557,15557,15557,2,0
2023-04-28 15:25:24,15557,15557,15557,10,0
2023-04-28 15:25:24,15557,15557,15557,2,0
2023-04-28 15:25:24,15557,15557,15557,2,0
2023-04-28 15:25:24,15557,15557,15557,2,0
2023-04-28 15:25:24,15557,15557,15557,2,0
2023-04-28 15:25:26,15558,15558,15558,2,2
2023-04-28 15:25:31,15557,15557,15557,2,-2
2023-04-28 15:25:38,15557,15557,15557,2,0
2023-04-28 15:25:59,15557,15557,15557,2,0
2023-04-28 15:26:00,15558,15558,15558,2,2
2023-04-28 15:26:05,15558,15558,15558,2,0
2023-04-28 15:26:05,15558,15558,15558,2,0
2023-04-28 15:26:05,15558,15558,15558,2,0
2023-04-28 15:26:05,15558,15558,15558,52,0
2023-04-28 15:26:09,15559,15559,15559,6,6
2023-04-28 15:26:09,15558,15558,15558,6,-6
2023-04-28 15:26:14,15558,15558,15558,2,0
2023-04-28 15:26:16,15558,15558,15558,2,0
2023-04-28 15:26:29,15558,15558,15558,2,0
2023-04-28 15:26:31,15557,15557,15557,2,-2
2023-04-28 15:26:33,15556,15556,15556,2,-2
2023-04-28 15:26:39,15556,15556,15556,2,0
2023-04-28 15:26:39,15556,15556,15556,2,0
2023-04-28 15:26:48,15556,15556,15556,2,0
2023-04-28 15:26:48,15556,15556,15556,2,0
2023-04-28 15:26:52,15556,15556,15556,2,0
2023-04-28 15:26:52,15557,15557,15557,4,4
2023-04-28 15:26:53,15557,15557,15557,2,0
2023-04-28 15:26:59,15557,15557,15557,2,0
2023-04-28 15:26:59,15557,15557,15557,2,0
2023-04-28 15:27:00,15557,15557,15557,2,0
2023-04-28 15:27:10,15557,15557,15557,2,0
2023-04-28 15:27:16,15557,15557,15557,2,0
2023-04-28 15:27:18,15557,15557,15557,2,0
2023-04-28 15:27:20,15557,15557,15557,2,0
2023-04-28 15:27:33,15557,15557,15557,2,0
2023-04-28 15:27:33,15557,15557,15557,2,0
2023-04-28 15:27:34,15557,15557,15557,2,0
2023-04-28 15:27:35,15557,15557,15557,2,0
2023-04-28 15:27:37,15557,15557,15557,2,0
2023-04-28 15:27:37,15557,15557,15557,2,0
2023-04-28 15:27:39,15556,15556,15556,2,-2
2023-04-28 15:27:46,15557,15557,15557,2,2
2023-04-28 15:27:55,15557,15557,15557,2,0
2023-04-28 15:27:55,15557,15557,15557,2,0
2023-04-28 15:27:55,15556,15556,15556,2,-2
2023-04-28 15:27:56,15557,15557,15557,2,2
2023-04-28 15:27:56,15557,15557,15557,2,0
2023-04-28 15:27:58,15557,15557,15557,2,0
2023-04-28 15:28:01,15557,15557,15557,2,0
2023-04-28 15:28:06,15557,15557,15557,2,0
2023-04-28 15:28:12,15557,15557,15557,2,0
2023-04-28 15:28:23,15556,15556,15556,2,-2
2023-04-28 15:28:24,15556,15556,15556,2,0
2023-04-28 15:28:30,15556,15556,15556,2,0
2023-04-28 15:28:30,15556,15556,15556,2,0
2023-04-28 15:28:42,15556,15556,15556,2,0
2023-04-28 15:28:42,15556,15556,15556,2,0
2023-04-28 15:28:53,15557,15557,15557,8,8
2023-04-28 15:28:56,15556,15556,15556,2,-2
2023-04-28 15:28:59,15556,15556,15556,2,0
2023-04-28 15:29:05,15556,15556,15556,2,0
2023-04-28 15:29:16,15557,15557,15557,2,2
2023-04-28 15:29:30,15557,15557,15557,2,0
2023-04-28 15:29:31,15558,15558,15558,6,6
2023-04-28 15:29:35,15559,15559,15559,2,2
2023-04-28 15:29:43,15558,15558,15558,2,-2
2023-04-28 15:29:44,15557,15557,15557,2,-2
2023-04-28 15:29:44,15558,15558,15558,2,2
2023-04-28 15:29:47,15558,15558,15558,2,0
2023-04-28 15:29:50,15557,15557,15557,2,-2
2023-04-28 15:30:02,15557,15557,15557,2,0
2023-04-28 15:30:02,15556,15556,15556,4,-4
2023-04-28 15:30:02,15556,15556,15556,2,0
2023-04-28 15:30:02,15556,15556,15556,2,0
2023-04-28 15:30:02,15556,15556,15556,4,0
2023-04-28 15:30:04,15558,15558,15558,2,2
2023-04-28 15:30:05,15557,15557,15557,2,-2
2023-04-28 15:30:11,15557,15557,15557,2,0
2023-04-28 15:30:11,15556,15556,15556,2,-2
2023-04-28 15:30:15,15557,15557,15557,2,2
2023-04-28 15:30:25,15558,15558,15558,6,6
2023-04-28 15:30:25,15559,15559,15559,2,2
2023-04-28 15:30:27,15560,15560,15560,4,4
2023-04-28 15:30:27,15560,15560,15560,2,0
2023-04-28 15:30:34,15560,15560,15560,2,0
2023-04-28 15:30:53,15559,15559,15559,2,-2
2023-04-28 15:31:01,15558,15558,15558,2,-2
2023-04-28 15:31:06,15558,15558,15558,2,0
2023-04-28 15:31:07,15557,15557,15557,2,-2
2023-04-28 15:31:09,15557,15557,15557,2,0
2023-04-28 15:31:12,15558,15558,15558,2,2
2023-04-28 15:31:24,15558,15558,15558,2,0
2023-04-28 15:31:27,15558,15558,15558,2,0
2023-04-28 15:31:29,15559,15559,15559,2,2
2023-04-28 15:31:39,15560,15560,15560,2,2
2023-04-28 15:31:50,15560,15560,15560,2,0
2023-04-28 15:32:01,15560,15560,15560,4,0
2023-04-28 15:32:02,15559,15559,15559,2,-2
2023-04-28 15:32:03,15560,15560,15560,2,2
2023-04-28 15:32:14,15561,15561,15561,16,16
2023-04-28 15:32:14,15560,15560,15560,2,-2
2023-04-28 15:32:14,15560,15560,15560,2,0
2023-04-28 15:32:14,15562,15562,15562,2,2
2023-04-28 15:32:15,15562,15562,15562,26,0
2023-04-28 15:32:15,15562,15562,15562,2,0
2023-04-28 15:32:15,15562,15562,15562,2,0
2023-04-28 15:32:15,15562,15562,15562,2,0
2023-04-28 15:32:17,15561,15561,15561,2,-2
2023-04-28 15:32:17,15563,15563,15563,2,2
2023-04-28 15:32:17,15563,15563,15563,4,0
2023-04-28 15:32:19,15561,15561,15561,2,-2
2023-04-28 15:32:19,15561,15561,15561,2,0
2023-04-28 15:32:19,15561,15561,15561,2,0
2023-04-28 15:32:20,15561,15561,15561,2,0
2023-04-28 15:32:25,15562,15562,15562,2,2
2023-04-28 15:32:29,15562,15562,15562,2,0
2023-04-28 15:32:36,15562,15562,15562,2,0
2023-04-28 15:32:39,15562,15562,15562,2,0
2023-04-28 15:32:42,15561,15561,15561,2,-2
2023-04-28 15:32:42,15561,15561,15561,2,0
2023-04-28 15:32:42,15561,15561,15561,2,0
2023-04-28 15:32:51,15562,15562,15562,8,8
2023-04-28 15:32:52,15561,15561,15561,2,-2
2023-04-28 15:32:58,15561,15561,15561,2,0
2023-04-28 15:33:04,15560,15560,15560,6,-6
2023-04-28 15:33:10,15559,15559,15559,4,-4
2023-04-28 15:33:10,15558,15558,15558,6,-6
2023-04-28 15:33:14,15559,15559,15559,2,2
2023-04-28 15:33:15,15559,15559,15559,4,0
2023-04-28 15:33:22,15558,15558,15558,2,-2
2023-04-28 15:33:22,15558,15558,15558,10,0
2023-04-28 15:33:22,15558,15558,15558,2,0
2023-04-28 15:33:22,15558,15558,15558,2,0
2023-04-28 15:33:22,15558,15558,15558,2,0
2023-04-28 15:33:22,15558,15558,15558,2,0
2023-04-28 15:33:23,15558,15558,15558,2,0
2023-04-28 15:33:33,15559,15559,15559,8,8
2023-04-28 15:33:41,15559,15559,15559,2,0
2023-04-28 15:33:46,15560,15560,15560,8,8
2023-04-28 15:33:48,15561,15561,15561,4,4
2023-04-28 15:33:50,15560,15560,15560,2,-2
2023-04-28 15:33:57,15560,15560,15560,4,0
2023-04-28 15:34:01,15560,15560,15560,2,0
2023-04-28 15:34:10,15559,15559,15559,2,-2
2023-04-28 15:34:10,15559,15559,15559,2,0
2023-04-28 15:34:10,15559,15559,15559,2,0
2023-04-28 15:34:10,15559,15559,15559,2,0
2023-04-28 15:34:10,15559,15559,15559,2,0
2023-04-28 15:34:15,15559,15559,15559,2,0
2023-04-28 15:34:20,15559,15559,15559,2,0
2023-04-28 15:34:20,15560,15560,15560,2,2
2023-04-28 15:34:23,15560,15560,15560,6,0
2023-04-28 15:34:28,15560,15560,15560,2,0
2023-04-28 15:34:32,15560,15560,15560,2,0
2023-04-28 15:34:41,15560,15560,15560,8,0
2023-04-28 15:34:53,15561,15561,15561,4,4
2023-04-28 15:34:57,15560,15560,15560,2,-2
2023-04-28 15:34:59,15561,15561,15561,10,10
2023-04-28 15:34:59,15561,15561,15561,2,0
2023-04-28 15:34:59,15561,15561,15561,4,0
2023-04-28 15:34:59,15561,15561,15561,2,0
2023-04-28 15:34:59,15561,15561,15561,2,0
2023-04-28 15:34:59,15561,15561,15561,2,0
2023-04-28 15:34:59,15561,15561,15561,2,0
2023-04-28 15:34:59,15561,15561,15561,2,0
2023-04-28 15:34:59,15561,15561,15561,2,0
2023-04-28 15:35:01,15561,15561,15561,2,0
2023-04-28 15:35:01,15561,15561,15561,2,0
2023-04-28 15:35:01,15561,15561,15561,2,0
2023-04-28 15:35:03,15561,15561,15561,6,0
2023-04-28 15:35:08,15562,15562,15562,2,2
2023-04-28 15:35:23,15562,15562,15562,2,0
2023-04-28 15:35:23,15562,15562,15562,2,0
2023-04-28 15:35:27,15561,15561,15561,2,-2
2023-04-28 15:35:30,15561,15561,15561,2,0
2023-04-28 15:35:30,15561,15561,15561,2,0
2023-04-28 15:35:30,15561,15561,15561,2,0
2023-04-28 15:35:49,15560,15560,15560,2,-2
2023-04-28 15:35:49,15560,15560,15560,2,0
2023-04-28 15:35:49,15560,15560,15560,2,0
2023-04-28 15:35:49,15560,15560,15560,2,0
2023-04-28 15:35:49,15560,15560,15560,10,0
2023-04-28 15:35:49,15560,15560,15560,4,0
2023-04-28 15:35:49,15560,15560,15560,2,0
2023-04-28 15:35:49,15560,15560,15560,2,0
2023-04-28 15:35:49,15560,15560,15560,2,0
2023-04-28 15:35:56,15559,15559,15559,2,-2
2023-04-28 15:35:56,15559,15559,15559,2,0
2023-04-28 15:35:56,15559,15559,15559,2,0
2023-04-28 15:35:56,15559,15559,15559,2,0
2023-04-28 15:35:56,15559,15559,15559,2,0
2023-04-28 15:36:04,15560,15560,15560,2,2
2023-04-28 15:36:06,15560,15560,15560,2,0
2023-04-28 15:36:07,15559,15559,15559,2,-2
2023-04-28 15:36:11,15560,15560,15560,4,4
2023-04-28 15:36:30,15559,15559,15559,2,-2
2023-04-28 15:36:30,15559,15559,15559,2,0
2023-04-28 15:36:47,15559,15559,15559,2,0
2023-04-28 15:36:47,15559,15559,15559,2,0
2023-04-28 15:36:47,15559,15559,15559,2,0
2023-04-28 15:36:47,15559,15559,15559,6,0
2023-04-28 15:36:48,15558,15558,15558,2,-2
2023-04-28 15:36:48,15558,15558,15558,2,0
2023-04-28 15:36:48,15557,15557,15557,2,-2
2023-04-28 15:36:55,15558,15558,15558,2,2
2023-04-28 15:36:55,15558,15558,15558,2,0
2023-04-28 15:37:12,15558,15558,15558,2,0
2023-04-28 15:37:22,15558,15558,15558,2,0
2023-04-28 15:37:23,15558,15558,15558,2,0
2023-04-28 15:37:23,15558,15558,15558,2,0
2023-04-28 15:37:24,15558,15558,15558,6,0
2023-04-28 15:37:32,15557,15557,15557,4,-4
2023-04-28 15:37:40,15557,15557,15557,2,0
2023-04-28 15:37:40,15557,15557,15557,2,0
2023-04-28 15:37:40,15557,15557,15557,2,0
2023-04-28 15:37:46,15557,15557,15557,4,0
2023-04-28 15:37:46,15557,15557,15557,4,0
2023-04-28 15:37:46,15557,15557,15557,2,0
2023-04-28 15:37:46,15557,15557,15557,2,0
2023-04-28 15:37:46,15557,15557,15557,2,0
2023-04-28 15:37:46,15557,15557,15557,2,0
2023-04-28 15:37:46,15557,15557,15557,2,0
2023-04-28 15:37:48,15557,15557,15557,2,0
2023-04-28 15:37:48,15557,15557,15557,4,0
2023-04-28 15:37:49,15557,15557,15557,2,0
2023-04-28 15:37:49,15557,15557,15557,2,0
2023-04-28 15:37:58,15557,15557,15557,2,0
2023-04-28 15:38:01,15557,15557,15557,2,0
2023-04-28 15:38:10,15557,15557,15557,2,0
2023-04-28 15:38:13,15556,15556,15556,4,-4
2023-04-28 15:38:13,15556,15556,15556,2,0
2023-04-28 15:38:13,15556,15556,15556,2,0
2023-04-28 15:38:13,15556,15556,15556,2,0
2023-04-28 15:38:13,15556,15556,15556,2,0
2023-04-28 15:38:13,15556,15556,15556,4,0
2023-04-28 15:38:13,15556,15556,15556,2,0
2023-04-28 15:38:13,15556,15556,15556,4,0
2023-04-28 15:38:13,15556,15556,15556,2,0
2023-04-28 15:38:13,15556,15556,15556,10,0
2023-04-28 15:38:13,15556,15556,15556,2,0
2023-04-28 15:38:13,15556,15556,15556,2,0
2023-04-28 15:38:13,15556,15556,15556,2,0
2023-04-28 15:38:13,15556,15556,15556,2,0
2023-04-28 15:38:13,15556,15556,15556,2,0
2023-04-28 15:38:13,15556,15556,15556,2,0
2023-04-28 15:38:13,15556,15556,15556,2,0
2023-04-28 15:38:13,15556,15556,15556,2,0
2023-04-28 15:38:13,15556,15556,15556,4,0
2023-04-28 15:38:21,15556,15556,15556,2,0
2023-04-28 15:38:23,15555,15555,15555,4,-4
2023-04-28 15:38:23,15555,15555,15555,2,0
2023-04-28 15:38:27,15556,15556,15556,2,2
2023-04-28 15:38:34,15556,15556,15556,2,0
2023-04-28 15:38:39,15556,15556,15556,2,0
2023-04-28 15:38:43,15555,15555,15555,2,-2
2023-04-28 15:38:43,15555,15555,15555,2,0
2023-04-28 15:38:43,15555,15555,15555,2,0
2023-04-28 15:38:43,15555,15555,15555,4,0
2023-04-28 15:38:43,15555,15555,15555,2,0
2023-04-28 15:38:43,15555,15555,15555,4,0
2023-04-28 15:38:43,15555,15555,15555,2,0
2023-04-28 15:38:43,15555,15555,15555,6,0
2023-04-28 15:38:43,15555,15555,15555,4,0
2023-04-28 15:38:43,15555,15555,15555,2,0
2023-04-28 15:38:43,15555,15555,15555,2,0
2023-04-28 15:38:43,15555,15555,15555,4,0
2023-04-28 15:38:43,15555,15555,15555,6,0
2023-04-28 15:38:43,15555,15555,15555,2,0
2023-04-28 15:38:43,15555,15555,15555,2,0
2023-04-28 15:38:43,15555,15555,15555,2,0
2023-04-28 15:38:43,15555,15555,15555,4,0
2023-04-28 15:38:43,15555,15555,15555,2,0
2023-04-28 15:38:43,15555,15555,15555,6,0
2023-04-28 15:38:43,15555,15555,15555,2,0
2023-04-28 15:38:43,15555,15555,15555,10,0
2023-04-28 15:38:43,15555,15555,15555,2,0
2023-04-28 15:38:43,15555,15555,15555,6,0
2023-04-28 15:38:43,15555,15555,15555,6,0
2023-04-28 15:38:43,15555,15555,15555,2,0
2023-04-28 15:38:43,15555,15555,15555,2,0
2023-04-28 15:38:43,15555,15555,15555,2,0
2023-04-28 15:38:43,15555,15555,15555,2,0
2023-04-28 15:38:43,15555,15555,15555,2,0
2023-04-28 15:38:43,15555,15555,15555,2,0
2023-04-28 15:38:43,15554,15554,15554,2,-2
2023-04-28 15:38:43,15554,15554,15554,2,0
2023-04-28 15:38:43,15554,15554,15554,36,0
2023-04-28 15:38:43,15554,15554,15554,4,0
2023-04-28 15:38:43,15554,15554,15554,2,0
2023-04-28 15:38:43,15554,15554,15554,22,0
2023-04-28 15:38:43,15554,15554,15554,6,0
2023-04-28 15:38:43,15554,15554,15554,2,0
2023-04-28 15:38:43,15554,15554,15554,2,0
2023-04-28 15:38:43,15554,15554,15554,2,0
2023-04-28 15:38:43,15554,15554,15554,2,0
2023-04-28 15:38:43,15553,15553,15553,2,-2
2023-04-28 15:38:43,15553,15553,15553,2,0
2023-04-28 15:38:43,15553,15553,15553,2,0
2023-04-28 15:38:43,15553,15553,15553,6,0
2023-04-28 15:38:43,15553,15553,15553,2,0
2023-04-28 15:38:43,15553,15553,15553,2,0
2023-04-28 15:38:43,15553,15553,15553,2,0
2023-04-28 15:38:43,15553,15553,15553,2,0
2023-04-28 15:38:43,15553,15553,15553,2,0
2023-04-28 15:38:43,15553,15553,15553,2,0
2023-04-28 15:38:43,15553,15553,15553,2,0
2023-04-28 15:38:43,15553,15553,15553,2,0
2023-04-28 15:38:43,15553,15553,15553,2,0
2023-04-28 15:38:43,15553,15553,15553,2,0
2023-04-28 15:38:43,15553,15553,15553,4,0
2023-04-28 15:38:43,15553,15553,15553,2,0
2023-04-28 15:38:43,15553,15553,15553,2,0
2023-04-28 15:38:43,15553,15553,15553,2,0
2023-04-28 15:38:43,15553,15553,15553,2,0
2023-04-28 15:38:43,15553,15553,15553,6,0
2023-04-28 15:38:43,15553,15553,15553,2,0
2023-04-28 15:38:43,15553,15553,15553,2,0
2023-04-28 15:38:43,15553,15553,15553,2,0
2023-04-28 15:38:44,15553,15553,15553,2,0
2023-04-28 15:38:44,15553,15553,15553,4,0
2023-04-28 15:38:44,15553,15553,15553,2,0
2023-04-28 15:38:44,15553,15553,15553,2,0
2023-04-28 15:38:44,15553,15553,15553,2,0
2023-04-28 15:38:49,15555,15555,15555,6,6
2023-04-28 15:38:54,15553,15553,15553,2,-2
2023-04-28 15:38:54,15553,15553,15553,2,0
2023-04-28 15:38:54,15553,15553,15553,2,0
2023-04-28 15:39:00,15554,15554,15554,2,2
2023-04-28 15:39:00,15554,15554,15554,2,0
2023-04-28 15:39:00,15554,15554,15554,2,0
2023-04-28 15:39:01,15554,15554,15554,2,0
2023-04-28 15:39:01,15554,15554,15554,6,0
2023-04-28 15:39:07,15554,15554,15554,2,0
2023-04-28 15:39:08,15554,15554,15554,2,0
2023-04-28 15:39:10,15554,15554,15554,2,0
2023-04-28 15:39:19,15554,15554,15554,2,0
2023-04-28 15:39:21,15554,15554,15554,2,0
2023-04-28 15:39:23,15554,15554,15554,2,0
2023-04-28 15:39:29,15554,15554,15554,2,0
2023-04-28 15:39:29,15554,15554,15554,2,0
2023-04-28 15:39:31,15554,15554,15554,2,0
2023-04-28 15:39:33,15555,15555,15555,6,6
2023-04-28 15:39:33,15555,15555,15555,2,0
2023-04-28 15:39:33,15555,15555,15555,4,0
2023-04-28 15:39:33,15555,15555,15555,2,0
2023-04-28 15:39:34,15554,15554,15554,2,-2
2023-04-28 15:39:45,15556,15556,15556,4,4
2023-04-28 15:39:45,15556,15556,15556,2,0
2023-04-28 15:39:45,15557,15557,15557,2,2
2023-04-28 15:40:01,15555,15555,15555,2,-2
2023-04-28 15:40:02,15555,15555,15555,6,0
2023-04-28 15:40:02,15555,15555,15555,2,0
2023-04-28 15:40:05,15556,15556,15556,2,2
2023-04-28 15:40:05,15555,15555,15555,4,-4
2023-04-28 15:40:05,15555,15555,15555,2,0
2023-04-28 15:40:05,15555,15555,15555,2,0
2023-04-28 15:40:05,15555,15555,15555,2,0
2023-04-28 15:40:05,15555,15555,15555,2,0
2023-04-28 15:40:07,15555,15555,15555,2,0
2023-04-28 15:40:21,15556,15556,15556,2,2
2023-04-28 15:40:22,15556,15556,15556,2,0
2023-04-28 15:40:27,15556,15556,15556,2,0
2023-04-28 15:40:43,15557,15557,15557,30,30
2023-04-28 15:41:04,15557,15557,15557,2,0
2023-04-28 15:41:05,15557,15557,15557,4,0
2023-04-28 15:41:13,15557,15557,15557,2,0
2023-04-28 15:41:13,15557,15557,15557,2,0
2023-04-28 15:41:24,15558,15558,15558,8,8
2023-04-28 15:41:24,15558,15558,15558,2,0
2023-04-28 15:41:24,15558,15558,15558,4,0
2023-04-28 15:41:24,15558,15558,15558,6,0
2023-04-28 15:41:24,15558,15558,15558,4,0
2023-04-28 15:41:28,15558,15558,15558,2,0
2023-04-28 15:41:45,15558,15558,15558,2,0
2023-04-28 15:41:48,15558,15558,15558,2,0
2023-04-28 15:41:48,15559,15559,15559,2,2
2023-04-28 15:41:54,15558,15558,15558,2,-2
2023-04-28 15:41:57,15558,15558,15558,2,0
2023-04-28 15:41:59,15558,15558,15558,2,0
2023-04-28 15:42:04,15558,15558,15558,2,0
2023-04-28 15:42:07,15558,15558,15558,2,0
2023-04-28 15:42:07,15558,15558,15558,2,0
2023-04-28 15:42:16,15557,15557,15557,2,-2
2023-04-28 15:42:16,15557,15557,15557,2,0
2023-04-28 15:42:16,15557,15557,15557,2,0
2023-04-28 15:42:16,15557,15557,15557,2,0
2023-04-28 15:42:16,15557,15557,15557,2,0
2023-04-28 15:42:20,15558,15558,15558,8,8
2023-04-28 15:42:23,15558,15558,15558,2,0
2023-04-28 15:42:26,15558,15558,15558,2,0
2023-04-28 15:42:28,15558,15558,15558,2,0
2023-04-28 15:42:28,15558,15558,15558,2,0
2023-04-28 15:42:28,15558,15558,15558,4,0
2023-04-28 15:42:35,15558,15558,15558,2,0
2023-04-28 15:42:49,15558,15558,15558,2,0
2023-04-28 15:43:00,15558,15558,15558,2,0
2023-04-28 15:43:01,15557,15557,15557,2,-2
2023-04-28 15:43:03,15557,15557,15557,2,0
2023-04-28 15:43:05,15556,15556,15556,2,-2
2023-04-28 15:43:20,15557,15557,15557,2,2
2023-04-28 15:43:31,15556,15556,15556,2,-2
2023-04-28 15:43:31,15556,15556,15556,6,0
2023-04-28 15:43:31,15556,15556,15556,2,0
2023-04-28 15:43:31,15556,15556,15556,2,0
2023-04-28 15:43:31,15557,15557,15557,4,4
2023-04-28 15:43:34,15557,15557,15557,4,0
2023-04-28 15:43:41,15557,15557,15557,2,0
2023-04-28 15:44:00,15556,15556,15556,2,-2
2023-04-28 15:44:00,15556,15556,15556,2,0
2023-04-28 15:44:03,15555,15555,15555,2,-2
2023-04-28 15:44:03,15555,15555,15555,2,0
2023-04-28 15:44:03,15555,15555,15555,2,0
2023-04-28 15:44:03,15555,15555,15555,2,0
2023-04-28 15:44:03,15555,15555,15555,2,0
2023-04-28 15:44:03,15555,15555,15555,2,0
2023-04-28 15:44:03,15555,15555,15555,2,0
2023-04-28 15:44:03,15555,15555,15555,2,0
2023-04-28 15:44:03,15555,15555,15555,2,0
2023-04-28 15:44:09,15556,15556,15556,2,2
2023-04-28 15:44:13,15555,15555,15555,2,-2
2023-04-28 15:44:14,15555,15555,15555,2,0
2023-04-28 15:44:15,15556,15556,15556,2,2
2023-04-28 15:44:20,15555,15555,15555,2,-2
2023-04-28 15:44:30,15555,15555,15555,2,0
2023-04-28 15:44:30,15555,15555,15555,6,0
2023-04-28 15:44:34,15555,15555,15555,2,0
2023-04-28 15:44:38,15556,15556,15556,4,4
2023-04-28 15:44:38,15555,15555,15555,2,-2
2023-04-28 15:44:38,15555,15555,15555,2,0
2023-04-28 15:44:38,15555,15555,15555,2,0
2023-04-28 15:44:45,15555,15555,15555,2,0
2023-04-28 15:45:01,15555,15555,15555,4,0
2023-04-28 15:45:10,15554,15554,15554,4,-4
2023-04-28 15:45:25,15554,15554,15554,4,0
2023-04-28 15:45:27,15554,15554,15554,4,0
2023-04-28 15:45:27,15554,15554,15554,2,0
2023-04-28 15:45:34,15554,15554,15554,2,0
2023-04-28 15:45:44,15556,15556,15556,10,10
2023-04-28 15:45:53,15555,15555,15555,2,-2
2023-04-28 15:45:57,15556,15556,15556,2,2
2023-04-28 15:47:27,15555,15555,15555,2,-2
2023-04-28 15:47:34,15555,15555,15555,2,0
2023-04-28 15:47:34,15555,15555,15555,2,0
2023-04-28 15:47:34,15555,15555,15555,2,0
2023-04-28 15:47:35,15556,15556,15556,4,4
2023-04-28 15:47:40,15556,15556,15556,2,0
2023-04-28 15:47:46,15557,15557,15557,4,4
2023-04-28 15:47:49,15558,15558,15558,2,2
2023-04-28 15:47:51,15556,15556,15556,2,-2
2023-04-28 15:47:55,15557,15557,15557,2,2
2023-04-28 15:47:58,15557,15557,15557,2,0
2023-04-28 15:48:01,15557,15557,15557,4,0
2023-04-28 15:48:01,15557,15557,15557,2,0
2023-04-28 15:48:21,15557,15557,15557,8,0
2023-04-28 15:48:21,15557,15557,15557,2,0
2023-04-28 15:48:32,15557,15557,15557,2,0
2023-04-28 15:48:32,15557,15557,15557,2,0
2023-04-28 15:48:40,15557,15557,15557,2,0
2023-04-28 15:48:40,15557,15557,15557,2,0
2023-04-28 15:48:46,15557,15557,15557,2,0
2023-04-28 15:48:56,15557,15557,15557,2,0
2023-04-28 15:49:30,15557,15557,15557,2,0
2023-04-28 15:50:15,15558,15558,15558,2,2
2023-04-28 15:50:23,15557,15557,15557,2,-2
2023-04-28 15:50:31,15558,15558,15558,4,4
2023-04-28 15:50:31,15558,15558,15558,4,0
2023-04-28 15:50:31,15558,15558,15558,2,0
2023-04-28 15:50:31,15558,15558,15558,6,0
2023-04-28 15:50:31,15558,15558,15558,2,0
2023-04-28 15:50:33,15558,15558,15558,2,0
2023-04-28 15:50:36,15558,15558,15558,2,0
2023-04-28 15:51:30,15559,15559,15559,2,2
2023-04-28 15:51:33,15559,15559,15559,14,0
2023-04-28 15:51:45,15559,15559,15559,2,0
2023-04-28 15:51:54,15559,15559,15559,2,0
2023-04-28 15:51:59,15560,15560,15560,2,2
2023-04-28 15:51:59,15560,15560,15560,2,0
2023-04-28 15:51:59,15560,15560,15560,6,0
2023-04-28 15:51:59,15560,15560,15560,4,0
2023-04-28 15:51:59,15560,15560,15560,2,0
2023-04-28 15:51:59,15560,15560,15560,2,0
2023-04-28 15:51:59,15560,15560,15560,4,0
2023-04-28 15:51:59,15560,15560,15560,14,0
2023-04-28 15:52:03,15561,15561,15561,2,2
2023-04-28 15:52:06,15561,15561,15561,2,0
2023-04-28 15:52:11,15560,15560,15560,2,-2
2023-04-28 15:52:11,15560,15560,15560,2,0
2023-04-28 15:52:20,15561,15561,15561,4,4
2023-04-28 15:52:21,15561,15561,15561,4,0
2023-04-28 15:52:23,15560,15560,15560,2,-2
2023-04-28 15:52:23,15561,15561,15561,2,2
2023-04-28 15:52:37,15561,15561,15561,2,0
2023-04-28 15:52:44,15560,15560,15560,2,-2
2023-04-28 15:52:44,15560,15560,15560,4,0
2023-04-28 15:52:46,15561,15561,15561,2,2
2023-04-28 15:52:47,15561,15561,15561,2,0
2023-04-28 15:52:50,15560,15560,15560,2,-2
2023-04-28 15:52:50,15560,15560,15560,2,0
2023-04-28 15:52:51,15561,15561,15561,4,4
2023-04-28 15:53:01,15560,15560,15560,2,-2
2023-04-28 15:53:01,15560,15560,15560,2,0
2023-04-28 15:53:01,15560,15560,15560,2,0
2023-04-28 15:53:01,15560,15560,15560,2,0
2023-04-28 15:53:01,15560,15560,15560,2,0
2023-04-28 15:53:02,15560,15560,15560,2,0
2023-04-28 15:53:07,15560,15560,15560,2,0
2023-04-28 15:53:30,15560,15560,15560,2,0
2023-04-28 15:54:00,15560,15560,15560,2,0
2023-04-28 15:54:01,15560,15560,15560,2,0
2023-04-28 15:54:04,15559,15559,15559,2,-2
2023-04-28 15:54:23,15560,15560,15560,2,2
2023-04-28 15:54:23,15560,15560,15560,2,0
2023-04-28 15:54:23,15560,15560,15560,2,0
2023-04-28 15:54:23,15560,15560,15560,2,0
2023-04-28 15:54:29,15560,15560,15560,2,0
2023-04-28 15:54:29,15560,15560,15560,2,0
2023-04-28 15:54:53,15561,15561,15561,2,2
2023-04-28 15:54:58,15560,15560,15560,2,-2
2023-04-28 15:54:59,15560,15560,15560,2,0
2023-04-28 15:54:59,15560,15560,15560,4,0
2023-04-28 15:54:59,15559,15559,15559,2,-2
2023-04-28 15:54:59,15559,15559,15559,2,0
2023-04-28 15:55:47,15560,15560,15560,4,4
2023-04-28 15:55:53,15560,15560,15560,4,0
2023-04-28 15:56:16,15560,15560,15560,10,0
2023-04-28 15:56:34,15560,15560,15560,2,0
2023-04-28 15:56:35,15559,15559,15559,2,-2
2023-04-28 15:56:35,15559,15559,15559,2,0
2023-04-28 15:56:35,15559,15559,15559,2,0
2023-04-28 15:56:37,15558,15558,15558,2,-2
2023-04-28 15:56:37,15558,15558,15558,2,0
2023-04-28 15:56:37,15558,15558,15558,2,0
2023-04-28 15:56:37,15558,15558,15558,2,0
2023-04-28 15:56:37,15558,15558,15558,2,0
2023-04-28 15:56:37,15558,15558,15558,2,0
2023-04-28 15:56:59,15558,15558,15558,2,0
2023-04-28 15:57:00,15559,15559,15559,2,2
2023-04-28 15:57:04,15558,15558,15558,2,-2
2023-04-28 15:57:16,15558,15558,15558,2,0
2023-04-28 15:57:20,15557,15557,15557,2,-2
2023-04-28 15:57:20,15557,15557,15557,2,0
2023-04-28 15:57:55,15557,15557,15557,8,0
2023-04-28 15:58:13,15556,15556,15556,2,-2
2023-04-28 15:58:13,15556,15556,15556,2,0
2023-04-28 15:58:13,15556,15556,15556,2,0
2023-04-28 15:58:13,15556,15556,15556,6,0
2023-04-28 15:58:13,15556,15556,15556,2,0
2023-04-28 15:58:13,15556,15556,15556,6,0
2023-04-28 15:58:13,15556,15556,15556,2,0
2023-04-28 15:58:13,15556,15556,15556,2,0
2023-04-28 15:58:13,15556,15556,15556,6,0
2023-04-28 15:58:13,15556,15556,15556,2,0
2023-04-28 15:58:13,15556,15556,15556,2,0
2023-04-28 15:58:13,15556,15556,15556,2,0
2023-04-28 15:58:13,15556,15556,15556,2,0
2023-04-28 15:58:13,15556,15556,15556,2,0
2023-04-28 15:58:13,15556,15556,15556,10,0
2023-04-28 15:58:14,15555,15555,15555,2,-2
2023-04-28 15:58:29,15555,15555,15555,2,0
2023-04-28 15:58:29,15555,15555,15555,2,0
2023-04-28 15:58:29,15555,15555,15555,2,0
2023-04-28 15:58:29,15555,15555,15555,2,0
2023-04-28 15:58:29,15555,15555,15555,2,0
2023-04-28 15:58:29,15555,15555,15555,2,0
2023-04-28 15:58:29,15555,15555,15555,2,0
2023-04-28 15:58:29,15555,15555,15555,6,0
2023-04-28 15:58:29,15555,15555,15555,4,0
2023-04-28 15:58:29,15555,15555,15555,2,0
2023-04-28 15:58:29,15555,15555,15555,2,0
2023-04-28 15:58:29,15554,15554,15554,2,-2
2023-04-28 15:58:29,15554,15554,15554,2,0
2023-04-28 15:58:29,15554,15554,15554,2,0
2023-04-28 15:58:29,15554,15554,15554,2,0
2023-04-28 15:58:34,15555,15555,15555,2,2
2023-04-28 15:58:41,15555,15555,15555,2,0
2023-04-28 15:58:42,15556,15556,15556,2,2
2023-04-28 15:58:51,15555,15555,15555,2,-2
2023-04-28 15:58:57,15555,15555,15555,2,0
2023-04-28 15:58:57,15555,15555,15555,2,0
2023-04-28 15:58:57,15555,15555,15555,6,0
2023-04-28 15:58:57,15555,15555,15555,2,0
2023-04-28 15:58:57,15555,15555,15555,2,0
2023-04-28 15:58:57,15555,15555,15555,4,0
2023-04-28 15:58:57,15555,15555,15555,4,0
2023-04-28 15:58:57,15555,15555,15555,2,0
2023-04-28 15:59:00,15555,15555,15555,14,0
2023-04-28 15:59:02,15554,15554,15554,2,-2
2023-04-28 15:59:04,15555,15555,15555,2,2
2023-04-28 15:59:04,15555,15555,15555,2,0
2023-04-28 15:59:04,15555,15555,15555,2,0
2023-04-28 15:59:04,15555,15555,15555,4,0
2023-04-28 15:59:06,15555,15555,15555,2,0
2023-04-28 15:59:08,15555,15555,15555,2,0
2023-04-28 15:59:12,15555,15555,15555,4,0
2023-04-28 15:59:14,15555,15555,15555,2,0
2023-04-28 15:59:22,15556,15556,15556,4,4
2023-04-28 15:59:22,15556,15556,15556,14,0
2023-04-28 15:59:22,15556,15556,15556,18,0
2023-04-28 15:59:22,15557,15557,15557,4,4
2023-04-28 15:59:22,15557,15557,15557,4,0
2023-04-28 15:59:22,15557,15557,15557,4,0
2023-04-28 15:59:27,15555,15555,15555,2,-2
2023-04-28 15:59:27,15555,15555,15555,6,0
2023-04-28 15:59:27,15555,15555,15555,8,0
2023-04-28 15:59:27,15555,15555,15555,2,0
2023-04-28 15:59:57,15555,15555,15555,2,0
2023-04-28 16:00:03,15556,15556,15556,6,6
2023-04-28 16:00:03,15556,15556,15556,2,0
2023-04-28 16:00:03,15556,15556,15556,2,0
2023-04-28 16:00:03,15556,15556,15556,2,0
2023-04-28 16:00:03,15555,15555,15555,2,-2
2023-04-28 16:00:03,15555,15555,15555,6,0
2023-04-28 16:00:03,15555,15555,15555,2,0
2023-04-28 16:00:03,15555,15555,15555,4,0
2023-04-28 16:00:03,15555,15555,15555,2,0
2023-04-28 16:00:03,15555,15555,15555,2,0
2023-04-28 16:00:03,15555,15555,15555,2,0
2023-04-28 16:00:03,15556,15556,15556,2,2
2023-04-28 16:00:03,15555,15555,15555,2,-2
2023-04-28 16:00:03,15555,15555,15555,2,0
2023-04-28 16:00:03,15556,15556,15556,2,2
2023-04-28 16:00:04,15555,15555,15555,2,-2
2023-04-28 16:00:04,15556,15556,15556,2,2
2023-04-28 16:00:04,15556,15556,15556,2,0
2023-04-28 16:00:04,15556,15556,15556,2,0
2023-04-28 16:00:04,15557,15557,15557,2,2
2023-04-28 16:00:25,15556,15556,15556,12,-12
2023-04-28 16:00:35,15556,15556,15556,2,0
2023-04-28 16:00:39,15556,15556,15556,2,0
2023-04-28 16:00:40,15556,15556,15556,2,0
2023-04-28 16:00:45,15556,15556,15556,2,0
2023-04-28 16:00:46,15555,15555,15555,2,-2
2023-04-28 16:00:46,15554,15554,15554,2,-2
2023-04-28 16:00:46,15554,15554,15554,2,0
2023-04-28 16:00:46,15554,15554,15554,2,0
2023-04-28 16:00:46,15554,15554,15554,10,0
2023-04-28 16:00:46,15554,15554,15554,2,0
2023-04-28 16:00:46,15554,15554,15554,2,0
2023-04-28 16:00:46,15554,15554,15554,2,0
2023-04-28 16:00:46,15554,15554,15554,2,0
2023-04-28 16:00:46,15554,15554,15554,6,0
2023-04-28 16:00:46,15554,15554,15554,2,0
2023-04-28 16:00:46,15554,15554,15554,4,0
2023-04-28 16:00:46,15554,15554,15554,2,0
2023-04-28 16:00:46,15553,15553,15553,2,-2
2023-04-28 16:00:46,15553,15553,15553,10,0
2023-04-28 16:00:46,15553,15553,15553,2,0
2023-04-28 16:00:46,15553,15553,15553,4,0
2023-04-28 16:00:46,15553,15553,15553,4,0
2023-04-28 16:00:46,15553,15553,15553,2,0
2023-04-28 16:00:46,15553,15553,15553,2,0
2023-04-28 16:00:46,15553,15553,15553,2,0
2023-04-28 16:00:46,15553,15553,15553,2,0
2023-04-28 16:00:46,15553,15553,15553,2,0
2023-04-28 16:00:46,15553,15553,15553,2,0
2023-04-28 16:00:46,15553,15553,15553,2,0
2023-04-28 16:00:46,15553,15553,15553,2,0
2023-04-28 16:00:46,15553,15553,15553,2,0
2023-04-28 16:00:46,15553,15553,15553,2,0
2023-04-28 16:00:46,15553,15553,15553,2,0
2023-04-28 16:00:46,15553,15553,15553,2,0
2023-04-28 16:00:46,15553,15553,15553,2,0
2023-04-28 16:00:46,15553,15553,15553,2,0
2023-04-28 16:00:46,15552,15552,15552,2,-2
2023-04-28 16:00:46,15552,15552,15552,2,0
2023-04-28 16:00:46,15552,15552,15552,2,0
2023-04-28 16:00:46,15552,15552,15552,2,0
2023-04-28 16:00:46,15552,15552,15552,2,0
2023-04-28 16:00:46,15552,15552,15552,6,0
2023-04-28 16:00:46,15552,15552,15552,2,0
2023-04-28 16:00:46,15552,15552,15552,2,0
2023-04-28 16:00:46,15553,15553,15553,2,2
2023-04-28 16:00:46,15553,15553,15553,2,0
2023-04-28 16:00:46,15553,15553,15553,2,0
2023-04-28 16:00:46,15552,15552,15552,2,-2
2023-04-28 16:00:47,15552,15552,15552,2,0
2023-04-28 16:00:47,15552,15552,15552,2,0
2023-04-28 16:00:50,15552,15552,15552,2,0
2023-04-28 16:00:51,15552,15552,15552,8,0
2023-04-28 16:00:51,15552,15552,15552,2,0
2023-04-28 16:00:51,15552,15552,15552,2,0
2023-04-28 16:00:51,15552,15552,15552,2,0
2023-04-28 16:00:52,15553,15553,15553,6,6
2023-04-28 16:01:02,15551,15551,15551,2,-2
2023-04-28 16:01:02,15551,15551,15551,2,0
2023-04-28 16:01:02,15551,15551,15551,2,0
2023-04-28 16:01:02,15551,15551,15551,2,0
2023-04-28 16:01:02,15551,15551,15551,4,0
2023-04-28 16:01:02,15551,15551,15551,4,0
2023-04-28 16:01:02,15551,15551,15551,2,0
2023-04-28 16:01:02,15551,15551,15551,2,0
2023-04-28 16:01:02,15551,15551,15551,8,0
2023-04-28 16:01:02,15551,15551,15551,2,0
2023-04-28 16:01:02,15551,15551,15551,4,0
2023-04-28 16:01:02,15551,15551,15551,2,0
2023-04-28 16:01:02,15551,15551,15551,4,0
2023-04-28 16:01:02,15551,15551,15551,10,0
2023-04-28 16:01:02,15551,15551,15551,2,0
2023-04-28 16:01:02,15551,15551,15551,2,0
2023-04-28 16:01:02,15551,15551,15551,2,0
2023-04-28 16:01:02,15551,15551,15551,4,0
2023-04-28 16:01:02,15551,15551,15551,4,0
2023-04-28 16:01:03,15550,15550,15550,2,-2
2023-04-28 16:01:03,15550,15550,15550,2,0
2023-04-28 16:01:03,15550,15550,15550,2,0
2023-04-28 16:01:03,15550,15550,15550,2,0
2023-04-28 16:01:03,15550,15550,15550,2,0
2023-04-28 16:01:03,15550,15550,15550,2,0
2023-04-28 16:01:03,15550,15550,15550,2,0
2023-04-28 16:01:03,15550,15550,15550,2,0
2023-04-28 16:01:03,15550,15550,15550,2,0
2023-04-28 16:01:03,15550,15550,15550,2,0
2023-04-28 16:01:03,15550,15550,15550,4,0
2023-04-28 16:01:03,15550,15550,15550,2,0
2023-04-28 16:01:03,15550,15550,15550,28,0
2023-04-28 16:01:03,15550,15550,15550,2,0
2023-04-28 16:01:03,15550,15550,15550,2,0
2023-04-28 16:01:03,15550,15550,15550,2,0
2023-04-28 16:01:03,15550,15550,15550,12,0
2023-04-28 16:01:03,15550,15550,15550,10,0
2023-04-28 16:01:03,15550,15550,15550,2,0
2023-04-28 16:01:03,15550,15550,15550,4,0
2023-04-28 16:01:03,15550,15550,15550,8,0
2023-04-28 16:01:03,15550,15550,15550,6,0
2023-04-28 16:01:03,15550,15550,15550,2,0
2023-04-28 16:01:03,15550,15550,15550,2,0
2023-04-28 16:01:03,15550,15550,15550,2,0
2023-04-28 16:01:03,15550,15550,15550,20,0
2023-04-28 16:01:03,15550,15550,15550,20,0
2023-04-28 16:01:03,15550,15550,15550,2,0
2023-04-28 16:01:03,15550,15550,15550,2,0
2023-04-28 16:01:03,15550,15550,15550,4,0
2023-04-28 16:01:03,15550,15550,15550,2,0
2023-04-28 16:01:03,15550,15550,15550,2,0
2023-04-28 16:01:03,15550,15550,15550,2,0
2023-04-28 16:01:03,15550,15550,15550,2,0
2023-04-28 16:01:03,15550,15550,15550,2,0
2023-04-28 16:01:03,15550,15550,15550,4,0
2023-04-28 16:01:03,15550,15550,15550,2,0
2023-04-28 16:01:03,15550,15550,15550,2,0
2023-04-28 16:01:03,15550,15550,15550,2,0
2023-04-28 16:01:03,15550,15550,15550,2,0
2023-04-28 16:01:03,15550,15550,15550,2,0
2023-04-28 16:01:03,15550,15550,15550,2,0
2023-04-28 16:01:03,15550,15550,15550,2,0
2023-04-28 16:01:03,15549,15549,15549,2,-2
2023-04-28 16:01:03,15549,15549,15549,2,0
2023-04-28 16:01:03,15549,15549,15549,4,0
2023-04-28 16:01:03,15549,15549,15549,4,0
2023-04-28 16:01:03,15549,15549,15549,8,0
2023-04-28 16:01:03,15549,15549,15549,2,0
2023-04-28 16:01:03,15549,15549,15549,4,0
2023-04-28 16:01:03,15549,15549,15549,2,0
2023-04-28 16:01:03,15549,15549,15549,2,0
2023-04-28 16:01:03,15549,15549,15549,8,0
2023-04-28 16:01:03,15549,15549,15549,2,0
2023-04-28 16:01:03,15549,15549,15549,2,0
2023-04-28 16:01:03,15549,15549,15549,2,0
2023-04-28 16:01:03,15549,15549,15549,2,0
2023-04-28 16:01:05,15548,15548,15548,2,-2
2023-04-28 16:01:05,15548,15548,15548,4,0
2023-04-28 16:01:05,15548,15548,15548,2,0
2023-04-28 16:01:05,15548,15548,15548,2,0
2023-04-28 16:01:06,15548,15548,15548,2,0
2023-04-28 16:01:08,15549,15549,15549,2,2
2023-04-28 16:01:08,15549,15549,15549,2,0
2023-04-28 16:01:08,15549,15549,15549,2,0
2023-04-28 16:01:09,15549,15549,15549,2,0
2023-04-28 16:01:09,15549,15549,15549,2,0
2023-04-28 16:01:10,15550,15550,15550,4,4
2023-04-28 16:01:10,15549,15549,15549,2,-2
2023-04-28 16:01:10,15549,15549,15549,2,0
2023-04-28 16:01:12,15549,15549,15549,2,0
2023-04-28 16:01:12,15549,15549,15549,2,0
2023-04-28 16:01:12,15549,15549,15549,2,0
2023-04-28 16:01:16,15550,15550,15550,4,4
2023-04-28 16:01:16,15550,15550,15550,4,0
2023-04-28 16:01:17,15549,15549,15549,2,-2
2023-04-28 16:01:20,15549,15549,15549,4,0
2023-04-28 16:01:20,15549,15549,15549,2,0
2023-04-28 16:01:20,15549,15549,15549,2,0
2023-04-28 16:01:20,15549,15549,15549,4,0
2023-04-28 16:01:21,15549,15549,15549,2,0
2023-04-28 16:01:22,15549,15549,15549,2,0
2023-04-28 16:01:25,15549,15549,15549,2,0
2023-04-28 16:01:25,15548,15548,15548,2,-2
2023-04-28 16:01:26,15549,15549,15549,2,2
2023-04-28 16:01:27,15549,15549,15549,2,0
2023-04-28 16:01:27,15550,15550,15550,6,6
2023-04-28 16:01:27,15550,15550,15550,2,0
2023-04-28 16:01:31,15551,15551,15551,2,2
2023-04-28 16:01:32,15550,15550,15550,2,-2
2023-04-28 16:01:34,15550,15550,15550,2,0
2023-04-28 16:01:34,15550,15550,15550,2,0
2023-04-28 16:01:36,15550,15550,15550,2,0
2023-04-28 16:01:37,15550,15550,15550,2,0
2023-04-28 16:01:40,15550,15550,15550,8,0
2023-04-28 16:01:42,15550,15550,15550,2,0
2023-04-28 16:01:42,15550,15550,15550,2,0
2023-04-28 16:01:42,15550,15550,15550,2,0
2023-04-28 16:01:43,15549,15549,15549,2,-2
2023-04-28 16:01:43,15549,15549,15549,2,0
2023-04-28 16:01:43,15549,15549,15549,2,0
2023-04-28 16:01:43,15549,15549,15549,2,0
2023-04-28 16:01:43,15549,15549,15549,2,0
2023-04-28 16:01:45,15550,15550,15550,2,2
2023-04-28 16:01:45,15550,15550,15550,2,0
2023-04-28 16:01:46,15550,15550,15550,8,0
2023-04-28 16:01:46,15550,15550,15550,2,0
2023-04-28 16:01:50,15549,15549,15549,4,-4
2023-04-28 16:01:50,15549,15549,15549,2,0
2023-04-28 16:01:50,15549,15549,15549,2,0
2023-04-28 16:01:50,15549,15549,15549,2,0
2023-04-28 16:01:51,15549,15549,15549,2,0
2023-04-28 16:01:53,15549,15549,15549,2,0
2023-04-28 16:01:56,15548,15548,15548,2,-2
2023-04-28 16:01:56,15548,15548,15548,2,0
2023-04-28 16:01:56,15548,15548,15548,2,0
2023-04-28 16:01:56,15548,15548,15548,4,0
2023-04-28 16:01:56,15548,15548,15548,6,0
2023-04-28 16:01:56,15548,15548,15548,2,0
2023-04-28 16:01:56,15548,15548,15548,2,0
2023-04-28 16:01:56,15548,15548,15548,2,0
2023-04-28 16:01:56,15548,15548,15548,2,0
2023-04-28 16:01:56,15548,15548,15548,2,0
2023-04-28 16:01:56,15548,15548,15548,10,0
2023-04-28 16:01:56,15548,15548,15548,2,0
2023-04-28 16:01:56,15548,15548,15548,2,0
2023-04-28 16:01:56,15548,15548,15548,2,0
2023-04-28 16:01:56,15548,15548,15548,2,0
2023-04-28 16:01:56,15548,15548,15548,6,0
2023-04-28 16:01:56,15548,15548,15548,2,0
2023-04-28 16:01:56,15548,15548,15548,4,0
2023-04-28 16:01:56,15548,15548,15548,6,0
2023-04-28 16:01:56,15548,15548,15548,2,0
2023-04-28 16:01:56,15548,15548,15548,2,0
2023-04-28 16:01:57,15548,15548,15548,8,0
2023-04-28 16:01:57,15549,15549,15549,4,4
2023-04-28 16:01:59,15547,15547,15547,6,-6
2023-04-28 16:01:59,15549,15549,15549,10,10
2023-04-28 16:01:59,15547,15547,15547,2,-2
2023-04-28 16:02:00,15547,15547,15547,2,0
2023-04-28 16:02:00,15547,15547,15547,2,0
2023-04-28 16:02:00,15548,15548,15548,2,2
2023-04-28 16:02:01,15547,15547,15547,2,-2
2023-04-28 16:02:01,15547,15547,15547,2,0
2023-04-28 16:02:01,15547,15547,15547,12,0
2023-04-28 16:02:01,15547,15547,15547,2,0
2023-04-28 16:02:01,15547,15547,15547,4,0
2023-04-28 16:02:01,15547,15547,15547,2,0
2023-04-28 16:02:01,15547,15547,15547,2,0
2023-04-28 16:02:01,15547,15547,15547,2,0
2023-04-28 16:02:01,15547,15547,15547,2,0
2023-04-28 16:02:01,15547,15547,15547,4,0
2023-04-28 16:02:01,15547,15547,15547,2,0
2023-04-28 16:02:01,15547,15547,15547,6,0
2023-04-28 16:02:01,15547,15547,15547,2,0
2023-04-28 16:02:01,15547,15547,15547,2,0
2023-04-28 16:02:01,15547,15547,15547,2,0
2023-04-28 16:02:01,15547,15547,15547,2,0
2023-04-28 16:02:01,15547,15547,15547,2,0
2023-04-28 16:02:01,15547,15547,15547,2,0
2023-04-28 16:02:01,15547,15547,15547,4,0
2023-04-28 16:02:01,15547,15547,15547,2,0
2023-04-28 16:02:01,15547,15547,15547,2,0
2023-04-28 16:02:01,15547,15547,15547,2,0
2023-04-28 16:02:02,15547,15547,15547,2,0
2023-04-28 16:02:11,15549,15549,15549,2,2
2023-04-28 16:02:13,15549,15549,15549,2,0
2023-04-28 16:02:13,15550,15550,15550,8,8
2023-04-28 16:02:13,15550,15550,15550,6,0
2023-04-28 16:02:13,15550,15550,15550,2,0
2023-04-28 16:02:13,15550,15550,15550,2,0
2023-04-28 16:02:13,15550,15550,15550,8,0
2023-04-28 16:02:13,15550,15550,15550,2,0
2023-04-28 16:02:21,15551,15551,15551,2,2
2023-04-28 16:02:21,15551,15551,15551,2,0
2023-04-28 16:02:22,15552,15552,15552,10,10
2023-04-28 16:02:25,15552,15552,15552,4,0
2023-04-28 16:02:39,15552,15552,15552,2,0
2023-04-28 16:02:43,15551,15551,15551,2,-2
2023-04-28 16:02:45,15550,15550,15550,4,-4
2023-04-28 16:02:45,15550,15550,15550,2,0
2023-04-28 16:02:45,15550,15550,15550,2,0
2023-04-28 16:02:45,15551,15551,15551,4,4
2023-04-28 16:02:46,15551,15551,15551,2,0
2023-04-28 16:02:51,15550,15550,15550,2,-2
2023-04-28 16:02:52,15550,15550,15550,2,0
2023-04-28 16:02:54,15550,15550,15550,2,0
2023-04-28 16:02:54,15550,15550,15550,2,0
2023-04-28 16:02:55,15549,15549,15549,4,-4
2023-04-28 16:02:55,15549,15549,15549,4,0
2023-04-28 16:02:55,15549,15549,15549,2,0
2023-04-28 16:02:59,15548,15548,15548,2,-2
2023-04-28 16:02:59,15548,15548,15548,6,0
2023-04-28 16:02:59,15547,15547,15547,2,-2
2023-04-28 16:03:00,15547,15547,15547,2,0
2023-04-28 16:03:00,15547,15547,15547,2,0
2023-04-28 16:03:01,15548,15548,15548,2,2
2023-04-28 16:03:01,15548,15548,15548,2,0
2023-04-28 16:03:02,15547,15547,15547,8,-8
2023-04-28 16:03:04,15547,15547,15547,2,0
2023-04-28 16:03:07,15547,15547,15547,2,0
2023-04-28 16:03:07,15547,15547,15547,2,0
2023-04-28 16:03:07,15547,15547,15547,2,0
2023-04-28 16:03:07,15547,15547,15547,2,0
2023-04-28 16:03:09,15548,15548,15548,2,2
2023-04-28 16:03:09,15547,15547,15547,2,-2
2023-04-28 16:03:11,15547,15547,15547,4,0
2023-04-28 16:03:11,15547,15547,15547,2,0
2023-04-28 16:03:16,15546,15546,15546,2,-2
2023-04-28 16:03:16,15546,15546,15546,2,0
2023-04-28 16:03:16,15546,15546,15546,2,0
2023-04-28 16:03:27,15548,15548,15548,2,2
2023-04-28 16:03:29,15548,15548,15548,4,0
2023-04-28 16:03:33,15548,15548,15548,2,0
2023-04-28 16:03:33,15548,15548,15548,4,0
2023-04-28 16:03:33,15548,15548,15548,2,0
2023-04-28 16:03:33,15548,15548,15548,6,0
2023-04-28 16:03:33,15548,15548,15548,2,0
2023-04-28 16:03:33,15548,15548,15548,6,0
2023-04-28 16:03:34,15549,15549,15549,2,2
2023-04-28 16:03:35,15548,15548,15548,2,-2
2023-04-28 16:03:38,15550,15550,15550,2,2
2023-04-28 16:03:39,15550,15550,15550,2,0
2023-04-28 16:03:40,15549,15549,15549,2,-2
2023-04-28 16:03:40,15549,15549,15549,2,0
2023-04-28 16:03:40,15549,15549,15549,2,0
2023-04-28 16:03:40,15549,15549,15549,2,0
2023-04-28 16:03:40,15549,15549,15549,2,0
2023-04-28 16:03:44,15550,15550,15550,2,2
2023-04-28 16:03:46,15549,15549,15549,2,-2
2023-04-28 16:03:49,15550,15550,15550,2,2
2023-04-28 16:03:53,15549,15549,15549,2,-2
2023-04-28 16:03:53,15549,15549,15549,2,0
2023-04-28 16:03:58,15549,15549,15549,2,0
2023-04-28 16:04:01,15549,15549,15549,2,0
2023-04-28 16:04:02,15549,15549,15549,2,0
2023-04-28 16:04:02,15548,15548,15548,2,-2
2023-04-28 16:04:03,15549,15549,15549,2,2
2023-04-28 16:04:03,15549,15549,15549,6,0
2023-04-28 16:04:04,15550,15550,15550,10,10
2023-04-28 16:04:07,15550,15550,15550,2,0
2023-04-28 16:04:07,15551,15551,15551,2,2
2023-04-28 16:04:13,15551,15551,15551,2,0
2023-04-28 16:04:14,15550,15550,15550,2,-2
2023-04-28 16:04:17,15550,15550,15550,2,0
2023-04-28 16:04:18,15548,15548,15548,2,-2
2023-04-28 16:04:18,15548,15548,15548,2,0
2023-04-28 16:04:18,15548,15548,15548,2,0
2023-04-28 16:04:24,15550,15550,15550,2,2
2023-04-28 16:04:24,15550,15550,15550,2,0
2023-04-28 16:04:24,15550,15550,15550,2,0
2023-04-28 16:04:40,15549,15549,15549,2,-2
2023-04-28 16:04:40,15549,15549,15549,4,0
2023-04-28 16:04:40,15549,15549,15549,2,0
2023-04-28 16:04:42,15550,15550,15550,8,8
2023-04-28 16:04:47,15549,15549,15549,2,-2
2023-04-28 16:04:48,15548,15548,15548,4,-4
2023-04-28 16:04:48,15548,15548,15548,2,0
2023-04-28 16:04:49,15549,15549,15549,2,2
2023-04-28 16:04:51,15548,15548,15548,2,-2
2023-04-28 16:04:51,15548,15548,15548,4,0
2023-04-28 16:04:51,15548,15548,15548,2,0
2023-04-28 16:04:51,15548,15548,15548,2,0
2023-04-28 16:04:53,15549,15549,15549,2,2
2023-04-28 16:04:55,15548,15548,15548,2,-2
2023-04-28 16:04:55,15548,15548,15548,4,0
2023-04-28 16:04:55,15548,15548,15548,4,0
2023-04-28 16:04:56,15548,15548,15548,2,0
2023-04-28 16:04:58,15548,15548,15548,2,0
2023-04-28 16:04:59,15548,15548,15548,2,0
2023-04-28 16:05:01,15548,15548,15548,2,0
2023-04-28 16:05:01,15548,15548,15548,2,0
2023-04-28 16:05:01,15548,15548,15548,4,0
2023-04-28 16:05:03,15548,15548,15548,2,0
2023-04-28 16:05:06,15548,15548,15548,2,0
2023-04-28 16:05:07,15547,15547,15547,2,-2
2023-04-28 16:05:09,15547,15547,15547,6,0
2023-04-28 16:05:09,15547,15547,15547,4,0
2023-04-28 16:05:09,15547,15547,15547,2,0
2023-04-28 16:05:09,15547,15547,15547,8,0
2023-04-28 16:05:09,15547,15547,15547,2,0
2023-04-28 16:05:09,15547,15547,15547,4,0
2023-04-28 16:05:09,15547,15547,15547,2,0
2023-04-28 16:05:09,15547,15547,15547,4,0
2023-04-28 16:05:09,15547,15547,15547,2,0
2023-04-28 16:05:09,15547,15547,15547,2,0
2023-04-28 16:05:09,15547,15547,15547,2,0
2023-04-28 16:05:13,15546,15546,15546,8,-8
2023-04-28 16:05:13,15546,15546,15546,12,0
2023-04-28 16:05:13,15546,15546,15546,2,0
2023-04-28 16:05:13,15546,15546,15546,6,0
2023-04-28 16:05:13,15546,15546,15546,2,0
2023-04-28 16:05:13,15546,15546,15546,2,0
2023-04-28 16:05:13,15546,15546,15546,2,0
2023-04-28 16:05:13,15546,15546,15546,2,0
2023-04-28 16:05:13,15546,15546,15546,2,0
2023-04-28 16:05:13,15546,15546,15546,2,0
2023-04-28 16:05:13,15546,15546,15546,2,0
2023-04-28 16:05:13,15546,15546,15546,2,0
2023-04-28 16:05:13,15546,15546,15546,2,0
2023-04-28 16:05:14,15546,15546,15546,2,0
2023-04-28 16:05:14,15546,15546,15546,2,0
2023-04-28 16:05:14,15545,15545,15545,2,-2
2023-04-28 16:05:14,15545,15545,15545,6,0
2023-04-28 16:05:14,15545,15545,15545,2,0
2023-04-28 16:05:14,15545,15545,15545,2,0
2023-04-28 16:05:15,15546,15546,15546,2,2
2023-04-28 16:05:15,15545,15545,15545,2,-2
2023-04-28 16:05:15,15546,15546,15546,2,2
2023-04-28 16:05:15,15547,15547,15547,2,2
2023-04-28 16:05:19,15549,15549,15549,2,2
2023-04-28 16:05:20,15549,15549,15549,2,0
2023-04-28 16:05:21,15550,15550,15550,2,2
2023-04-28 16:05:32,15548,15548,15548,2,-2
2023-04-28 16:05:33,15549,15549,15549,10,10
2023-04-28 16:05:41,15549,15549,15549,4,0
2023-04-28 16:05:41,15548,15548,15548,2,-2
2023-04-28 16:05:41,15548,15548,15548,2,0
2023-04-28 16:05:41,15548,15548,15548,2,0
2023-04-28 16:05:44,15548,15548,15548,2,0
2023-04-28 16:05:44,15548,15548,15548,2,0
2023-04-28 16:05:44,15548,15548,15548,2,0
2023-04-28 16:05:44,15548,15548,15548,2,0
2023-04-28 16:05:44,15548,15548,15548,2,0
2023-04-28 16:05:44,15548,15548,15548,2,0
2023-04-28 16:05:44,15548,15548,15548,6,0
2023-04-28 16:05:44,15548,15548,15548,2,0
2023-04-28 16:05:44,15548,15548,15548,2,0
2023-04-28 16:05:44,15548,15548,15548,2,0
2023-04-28 16:05:44,15548,15548,15548,2,0
2023-04-28 16:05:44,15548,15548,15548,2,0
2023-04-28 16:05:44,15548,15548,15548,2,0
2023-04-28 16:05:44,15548,15548,15548,2,0
2023-04-28 16:05:47,15547,15547,15547,6,-6
2023-04-28 16:05:47,15547,15547,15547,2,0
2023-04-28 16:05:47,15547,15547,15547,2,0
2023-04-28 16:05:47,15547,15547,15547,2,0
2023-04-28 16:05:47,15547,15547,15547,12,0
2023-04-28 16:05:47,15547,15547,15547,2,0
2023-04-28 16:05:55,15546,15546,15546,2,-2
2023-04-28 16:05:55,15546,15546,15546,2,0
2023-04-28 16:05:55,15546,15546,15546,6,0
2023-04-28 16:05:59,15546,15546,15546,2,0
2023-04-28 16:06:00,15546,15546,15546,2,0
2023-04-28 16:06:05,15546,15546,15546,2,0
2023-04-28 16:06:06,15546,15546,15546,2,0
2023-04-28 16:06:06,15546,15546,15546,2,0
2023-04-28 16:06:07,15546,15546,15546,2,0
2023-04-28 16:06:07,15546,15546,15546,2,0
2023-04-28 16:06:08,15547,15547,15547,2,2
2023-04-28 16:06:08,15547,15547,15547,2,0
2023-04-28 16:06:08,15547,15547,15547,2,0
2023-04-28 16:06:08,15547,15547,15547,40,0
2023-04-28 16:06:08,15547,15547,15547,4,0
2023-04-28 16:06:08,15547,15547,15547,2,0
2023-04-28 16:06:08,15547,15547,15547,2,0
2023-04-28 16:06:08,15547,15547,15547,4,0
2023-04-28 16:06:08,15547,15547,15547,6,0
2023-04-28 16:06:15,15547,15547,15547,2,0
2023-04-28 16:06:22,15547,15547,15547,2,0
2023-04-28 16:06:22,15547,15547,15547,2,0
2023-04-28 16:06:22,15547,15547,15547,2,0
2023-04-28 16:06:31,15547,15547,15547,2,0
2023-04-28 16:06:37,15546,15546,15546,2,-2
2023-04-28 16:06:40,15546,15546,15546,2,0
2023-04-28 16:06:43,15546,15546,15546,2,0
2023-04-28 16:06:44,15547,15547,15547,2,2
2023-04-28 16:06:49,15547,15547,15547,2,0
2023-04-28 16:07:00,15547,15547,15547,2,0
2023-04-28 16:07:01,15546,15546,15546,2,-2
2023-04-28 16:07:01,15546,15546,15546,2,0
2023-04-28 16:07:01,15546,15546,15546,2,0
2023-04-28 16:07:02,15546,15546,15546,2,0
2023-04-28 16:07:16,15546,15546,15546,2,0
2023-04-28 16:07:17,15546,15546,15546,2,0
2023-04-28 16:07:17,15546,15546,15546,2,0
2023-04-28 16:07:20,15546,15546,15546,4,0
2023-04-28 16:07:20,15546,15546,15546,2,0
2023-04-28 16:07:20,15546,15546,15546,2,0
2023-04-28 16:07:20,15546,15546,15546,2,0
2023-04-28 16:07:20,15546,15546,15546,6,0
2023-04-28 16:07:20,15546,15546,15546,2,0
2023-04-28 16:07:23,15545,15545,15545,2,-2
2023-04-28 16:07:23,15545,15545,15545,2,0
2023-04-28 16:07:23,15545,15545,15545,8,0
2023-04-28 16:07:23,15545,15545,15545,2,0
2023-04-28 16:07:23,15545,15545,15545,2,0
2023-04-28 16:07:26,15546,15546,15546,2,2
2023-04-28 16:07:26,15547,15547,15547,8,8
2023-04-28 16:07:26,15545,15545,15545,2,-2
2023-04-28 16:07:39,15547,15547,15547,2,2
2023-04-28 16:07:41,15546,15546,15546,4,-4
2023-04-28 16:07:41,15546,15546,15546,2,0
2023-04-28 16:07:47,15547,15547,15547,2,2
2023-04-28 16:07:47,15547,15547,15547,2,0
2023-04-28 16:07:47,15546,15546,15546,2,-2
2023-04-28 16:07:48,15546,15546,15546,2,0
2023-04-28 16:08:00,15546,15546,15546,2,0
2023-04-28 16:08:08,15546,15546,15546,2,0
2023-04-28 16:08:11,15547,15547,15547,2,2
2023-04-28 16:08:11,15547,15547,15547,2,0
2023-04-28 16:08:19,15548,15548,15548,4,4
2023-04-28 16:08:22,15547,15547,15547,2,-2
2023-04-28 16:08:27,15547,15547,15547,2,0
2023-04-28 16:08:33,15547,15547,15547,2,0
2023-04-28 16:08:33,15547,15547,15547,2,0
2023-04-28 16:08:33,15547,15547,15547,2,0
2023-04-28 16:08:36,15548,15548,15548,10,10
2023-04-28 16:08:37,15548,15548,15548,6,0
2023-04-28 16:08:41,15547,15547,15547,2,-2
2023-04-28 16:08:44,15548,15548,15548,2,2
2023-04-28 16:08:48,15548,15548,15548,6,0
2023-04-28 16:08:54,15547,15547,15547,2,-2
2023-04-28 16:08:55,15547,15547,15547,2,0
2023-04-28 16:08:56,15547,15547,15547,2,0
2023-04-28 16:08:56,15547,15547,15547,2,0
2023-04-28 16:08:56,15547,15547,15547,2,0
2023-04-28 16:08:57,15547,15547,15547,2,0
2023-04-28 16:08:57,15547,15547,15547,2,0
2023-04-28 16:08:58,15547,15547,15547,2,0
2023-04-28 16:08:58,15547,15547,15547,2,0
2023-04-28 16:09:00,15547,15547,15547,6,0
2023-04-28 16:09:00,15547,15547,15547,6,0
2023-04-28 16:09:00,15547,15547,15547,2,0
2023-04-28 16:09:00,15547,15547,15547,2,0
2023-04-28 16:09:00,15547,15547,15547,4,0
2023-04-28 16:09:00,15547,15547,15547,6,0
2023-04-28 16:09:00,15547,15547,15547,2,0
2023-04-28 16:09:00,15547,15547,15547,2,0
2023-04-28 16:09:00,15547,15547,15547,2,0
2023-04-28 16:09:00,15547,15547,15547,2,0
2023-04-28 16:09:00,15547,15547,15547,2,0
2023-04-28 16:09:00,15547,15547,15547,2,0
2023-04-28 16:09:00,15546,15546,15546,2,-2
2023-04-28 16:09:02,15546,15546,15546,2,0
2023-04-28 16:09:05,15546,15546,15546,2,0
2023-04-28 16:09:06,15546,15546,15546,2,0
2023-04-28 16:09:09,15546,15546,15546,2,0
2023-04-28 16:09:20,15546,15546,15546,6,0
2023-04-28 16:09:21,15546,15546,15546,2,0
2023-04-28 16:09:21,15546,15546,15546,4,0
2023-04-28 16:09:21,15546,15546,15546,2,0
2023-04-28 16:09:21,15546,15546,15546,2,0
2023-04-28 16:09:23,15546,15546,15546,2,0
2023-04-28 16:09:28,15546,15546,15546,2,0
2023-04-28 16:09:28,15546,15546,15546,2,0
2023-04-28 16:09:28,15546,15546,15546,2,0
2023-04-28 16:09:45,15547,15547,15547,2,2
2023-04-28 16:09:45,15547,15547,15547,6,0
2023-04-28 16:09:54,15547,15547,15547,2,0
2023-04-28 16:09:54,15547,15547,15547,2,0
2023-04-28 16:09:54,15548,15548,15548,2,2
2023-04-28 16:10:13,15547,15547,15547,2,-2
2023-04-28 16:10:17,15548,15548,15548,2,2
2023-04-28 16:10:50,15547,15547,15547,2,-2
2023-04-28 16:11:02,15548,15548,15548,2,2
2023-04-28 16:11:02,15548,15548,15548,2,0
2023-04-28 16:11:02,15548,15548,15548,2,0
2023-04-28 16:11:02,15548,15548,15548,6,0
2023-04-28 16:11:02,15548,15548,15548,6,0
2023-04-28 16:11:02,15548,15548,15548,14,0
2023-04-28 16:11:03,15549,15549,15549,2,2
2023-04-28 16:11:04,15548,15548,15548,4,-4
2023-04-28 16:11:04,15548,15548,15548,2,0
2023-04-28 16:11:04,15548,15548,15548,4,0
2023-04-28 16:11:04,15548,15548,15548,4,0
2023-04-28 16:11:04,15548,15548,15548,2,0
2023-04-28 16:11:04,15548,15548,15548,2,0
2023-04-28 16:11:04,15548,15548,15548,2,0
2023-04-28 16:11:04,15548,15548,15548,2,0
2023-04-28 16:11:04,15548,15548,15548,2,0
2023-04-28 16:11:04,15548,15548,15548,4,0
2023-04-28 16:11:09,15548,15548,15548,2,0
2023-04-28 16:11:09,15547,15547,15547,4,-4
2023-04-28 16:11:10,15547,15547,15547,2,0
2023-04-28 16:11:15,15547,15547,15547,2,0
2023-04-28 16:11:15,15547,15547,15547,2,0
2023-04-28 16:11:20,15549,15549,15549,2,2
2023-04-28 16:11:20,15549,15549,15549,2,0
2023-04-28 16:11:20,15549,15549,15549,2,0
2023-04-28 16:11:20,15549,15549,15549,4,0
2023-04-28 16:11:28,15549,15549,15549,2,0
2023-04-28 16:11:30,15550,15550,15550,2,2
2023-04-28 16:11:36,15549,15549,15549,2,-2
2023-04-28 16:11:36,15550,15550,15550,2,2
2023-04-28 16:11:44,15550,15550,15550,2,0
2023-04-28 16:11:54,15550,15550,15550,2,0
2023-04-28 16:11:58,15550,15550,15550,8,0
2023-04-28 16:12:02,15550,15550,15550,10,0
2023-04-28 16:12:08,15550,15550,15550,8,0
2023-04-28 16:12:10,15550,15550,15550,6,0
2023-04-28 16:12:14,15549,15549,15549,2,-2
2023-04-28 16:12:14,15549,15549,15549,2,0
2023-04-28 16:12:16,15548,15548,15548,2,-2
2023-04-28 16:12:16,15548,15548,15548,2,0
2023-04-28 16:12:16,15548,15548,15548,2,0
2023-04-28 16:12:36,15548,15548,15548,2,0
2023-04-28 16:12:42,15548,15548,15548,2,0
2023-04-28 16:12:44,15549,15549,15549,2,2
2023-04-28 16:12:52,15549,15549,15549,2,0
2023-04-28 16:12:54,15548,15548,15548,2,-2
2023-04-28 16:13:00,15548,15548,15548,2,0
2023-04-28 16:13:02,15549,15549,15549,2,2
2023-04-28 16:13:02,15549,15549,15549,2,0
2023-04-28 16:13:41,15549,15549,15549,2,0
2023-04-28 16:13:52,15549,15549,15549,2,0
2023-04-28 16:13:54,15550,15550,15550,4,4
2023-04-28 16:13:54,15550,15550,15550,2,0
2023-04-28 16:14:00,15549,15549,15549,2,-2
2023-04-28 16:14:00,15549,15549,15549,22,0
2023-04-28 16:14:00,15549,15549,15549,4,0
2023-04-28 16:14:00,15549,15549,15549,2,0
2023-04-28 16:14:00,15549,15549,15549,2,0
2023-04-28 16:14:00,15549,15549,15549,2,0
2023-04-28 16:14:00,15549,15549,15549,2,0
2023-04-28 16:14:00,15549,15549,15549,2,0
2023-04-28 16:14:00,15549,15549,15549,2,0
2023-04-28 16:14:00,15549,15549,15549,2,0
2023-04-28 16:14:00,15549,15549,15549,2,0
2023-04-28 16:14:00,15548,15548,15548,2,-2
2023-04-28 16:14:01,15548,15548,15548,2,0
2023-04-28 16:14:01,15548,15548,15548,2,0
2023-04-28 16:14:03,15548,15548,15548,2,0
2023-04-28 16:14:04,15548,15548,15548,2,0
2023-04-28 16:14:11,15549,15549,15549,2,2
2023-04-28 16:14:11,15549,15549,15549,2,0
2023-04-28 16:14:20,15548,15548,15548,2,-2
2023-04-28 16:14:20,15548,15548,15548,2,0
2023-04-28 16:14:20,15548,15548,15548,2,0
2023-04-28 16:14:22,15548,15548,15548,2,0
2023-04-28 16:14:26,15548,15548,15548,2,0
2023-04-28 16:14:28,15548,15548,15548,2,0
2023-04-28 16:14:30,15547,15547,15547,2,-2
2023-04-28 16:14:30,15547,15547,15547,2,0
2023-04-28 16:14:30,15547,15547,15547,2,0
2023-04-28 16:14:32,15547,15547,15547,4,0
2023-04-28 16:14:33,15547,15547,15547,2,0
2023-04-28 16:14:37,15547,15547,15547,2,0
2023-04-28 16:14:40,15547,15547,15547,2,0
2023-04-28 16:14:40,15547,15547,15547,2,0
2023-04-28 16:14:49,15547,15547,15547,2,0
2023-04-28 16:14:49,15547,15547,15547,2,0
2023-04-28 16:14:49,15547,15547,15547,2,0
2023-04-28 16:14:58,15547,15547,15547,2,0
2023-04-28 16:15:00,15547,15547,15547,2,0
2023-04-28 16:15:00,15548,15548,15548,2,2
2023-04-28 16:15:00,15547,15547,15547,2,-2
2023-04-28 16:15:01,15546,15546,15546,2,-2
2023-04-28 16:15:01,15546,15546,15546,2,0
2023-04-28 16:15:01,15546,15546,15546,2,0
2023-04-28 16:15:01,15546,15546,15546,2,0
2023-04-28 16:15:01,15546,15546,15546,2,0
2023-04-28 16:15:01,15546,15546,15546,8,0
2023-04-28 16:15:01,15546,15546,15546,2,0
2023-04-28 16:15:14,15545,15545,15545,6,-6
2023-04-28 16:15:15,15545,15545,15545,2,0
2023-04-28 16:15:15,15545,15545,15545,2,0
2023-04-28 16:15:15,15545,15545,15545,2,0
2023-04-28 16:15:15,15545,15545,15545,2,0
2023-04-28 16:15:15,15545,15545,15545,2,0
2023-04-28 16:15:15,15545,15545,15545,2,0
2023-04-28 16:15:15,15545,15545,15545,2,0
2023-04-28 16:15:15,15545,15545,15545,4,0
2023-04-28 16:15:15,15545,15545,15545,2,0
2023-04-28 16:15:15,15545,15545,15545,2,0
2023-04-28 16:15:15,15545,15545,15545,2,0
2023-04-28 16:15:15,15545,15545,15545,2,0
2023-04-28 16:15:15,15545,15545,15545,2,0
2023-04-28 16:15:15,15545,15545,15545,2,0
2023-04-28 16:15:15,15545,15545,15545,2,0
