2022-03-18 15:00:00,17390,17390,17390,298,0
2022-03-18 15:00:00,17390,17390,17390,2,0
2022-03-18 15:00:00,17388,17388,17388,2,-2
2022-03-18 15:00:00,17388,17388,17388,2,0
2022-03-18 15:00:00,17390,17390,17390,2,2
2022-03-18 15:00:00,17391,17391,17391,2,2
2022-03-18 15:00:00,17391,17391,17391,4,0
2022-03-18 15:00:00,17391,17391,17391,4,0
2022-03-18 15:00:00,17392,17392,17392,2,2
2022-03-18 15:00:00,17392,17392,17392,2,0
2022-03-18 15:00:00,17392,17392,17392,2,0
2022-03-18 15:00:00,17393,17393,17393,2,2
2022-03-18 15:00:00,17393,17393,17393,8,0
2022-03-18 15:00:00,17392,17392,17392,2,-2
2022-03-18 15:00:00,17393,17393,17393,4,4
2022-03-18 15:00:00,17393,17393,17393,4,0
2022-03-18 15:00:00,17393,17393,17393,2,0
2022-03-18 15:00:00,17393,17393,17393,2,0
2022-03-18 15:00:00,17393,17393,17393,4,0
2022-03-18 15:00:00,17393,17393,17393,4,0
2022-03-18 15:00:00,17393,17393,17393,2,0
2022-03-18 15:00:00,17393,17393,17393,2,0
2022-03-18 15:00:00,17393,17393,17393,2,0
2022-03-18 15:00:00,17394,17394,17394,2,2
2022-03-18 15:00:00,17394,17394,17394,2,0
2022-03-18 15:00:00,17394,17394,17394,2,0
2022-03-18 15:00:00,17394,17394,17394,2,0
2022-03-18 15:00:00,17394,17394,17394,2,0
2022-03-18 15:00:00,17389,17389,17389,2,-2
2022-03-18 15:00:00,17388,17388,17388,2,-2
2022-03-18 15:00:00,17388,17388,17388,2,0
2022-03-18 15:00:00,17388,17388,17388,2,0
2022-03-18 15:00:00,17388,17388,17388,2,0
2022-03-18 15:00:00,17387,17387,17387,2,-2
2022-03-18 15:00:00,17387,17387,17387,8,0
2022-03-18 15:00:00,17392,17392,17392,2,2
2022-03-18 15:00:00,17393,17393,17393,2,2
2022-03-18 15:00:00,17393,17393,17393,2,0
2022-03-18 15:00:00,17394,17394,17394,6,6
2022-03-18 15:00:00,17394,17394,17394,2,0
2022-03-18 15:00:00,17395,17395,17395,2,2
2022-03-18 15:00:01,17390,17390,17390,2,-2
2022-03-18 15:00:01,17394,17394,17394,4,4
2022-03-18 15:00:01,17389,17389,17389,2,-2
2022-03-18 15:00:01,17389,17389,17389,2,0
2022-03-18 15:00:01,17389,17389,17389,2,0
2022-03-18 15:00:01,17392,17392,17392,2,2
2022-03-18 15:00:01,17392,17392,17392,2,0
2022-03-18 15:00:01,17393,17393,17393,4,4
2022-03-18 15:00:01,17395,17395,17395,2,2
2022-03-18 15:00:01,17395,17395,17395,2,0
2022-03-18 15:00:01,17395,17395,17395,4,0
2022-03-18 15:00:01,17395,17395,17395,2,0
2022-03-18 15:00:01,17396,17396,17396,2,2
2022-03-18 15:00:01,17395,17395,17395,2,-2
2022-03-18 15:00:01,17392,17392,17392,2,-2
2022-03-18 15:00:01,17391,17391,17391,2,-2
2022-03-18 15:00:01,17391,17391,17391,2,0
2022-03-18 15:00:01,17390,17390,17390,2,-2
2022-03-18 15:00:01,17390,17390,17390,2,0
2022-03-18 15:00:01,17390,17390,17390,2,0
2022-03-18 15:00:01,17390,17390,17390,2,0
2022-03-18 15:00:01,17392,17392,17392,2,2
2022-03-18 15:00:01,17393,17393,17393,2,2
2022-03-18 15:00:01,17393,17393,17393,2,0
2022-03-18 15:00:01,17392,17392,17392,2,-2
2022-03-18 15:00:01,17393,17393,17393,2,2
2022-03-18 15:00:02,17390,17390,17390,2,-2
2022-03-18 15:00:02,17391,17391,17391,2,2
2022-03-18 15:00:02,17392,17392,17392,2,2
2022-03-18 15:00:02,17392,17392,17392,2,0
2022-03-18 15:00:02,17390,17390,17390,2,-2
2022-03-18 15:00:02,17390,17390,17390,2,0
2022-03-18 15:00:02,17391,17391,17391,2,2
2022-03-18 15:00:02,17389,17389,17389,2,-2
2022-03-18 15:00:02,17389,17389,17389,2,0
2022-03-18 15:00:02,17389,17389,17389,2,0
2022-03-18 15:00:02,17392,17392,17392,2,2
2022-03-18 15:00:02,17392,17392,17392,2,0
2022-03-18 15:00:03,17390,17390,17390,2,-2
2022-03-18 15:00:03,17388,17388,17388,2,-2
2022-03-18 15:00:03,17388,17388,17388,4,0
2022-03-18 15:00:03,17388,17388,17388,2,0
2022-03-18 15:00:03,17389,17389,17389,8,8
2022-03-18 15:00:03,17389,17389,17389,2,0
2022-03-18 15:00:03,17390,17390,17390,2,2
2022-03-18 15:00:04,17391,17391,17391,2,2
2022-03-18 15:00:04,17388,17388,17388,2,-2
2022-03-18 15:00:05,17389,17389,17389,2,2
2022-03-18 15:00:06,17388,17388,17388,2,-2
2022-03-18 15:00:06,17389,17389,17389,2,2
2022-03-18 15:00:06,17389,17389,17389,2,0
2022-03-18 15:00:07,17388,17388,17388,2,-2
2022-03-18 15:00:07,17388,17388,17388,2,0
2022-03-18 15:00:07,17389,17389,17389,2,2
2022-03-18 15:00:07,17390,17390,17390,2,2
2022-03-18 15:00:08,17389,17389,17389,2,-2
2022-03-18 15:00:08,17389,17389,17389,2,0
2022-03-18 15:00:09,17389,17389,17389,2,0
2022-03-18 15:00:09,17388,17388,17388,2,-2
2022-03-18 15:00:09,17388,17388,17388,2,0
2022-03-18 15:00:10,17389,17389,17389,8,8
2022-03-18 15:00:10,17389,17389,17389,4,0
2022-03-18 15:00:10,17388,17388,17388,2,-2
2022-03-18 15:00:10,17388,17388,17388,2,0
2022-03-18 15:00:10,17387,17387,17387,2,-2
2022-03-18 15:00:11,17388,17388,17388,2,2
2022-03-18 15:00:11,17389,17389,17389,2,2
2022-03-18 15:00:11,17388,17388,17388,2,-2
2022-03-18 15:00:11,17388,17388,17388,2,0
2022-03-18 15:00:12,17387,17387,17387,2,-2
2022-03-18 15:00:12,17387,17387,17387,2,0
2022-03-18 15:00:12,17387,17387,17387,2,0
2022-03-18 15:00:12,17387,17387,17387,2,0
2022-03-18 15:00:12,17387,17387,17387,2,0
2022-03-18 15:00:12,17386,17386,17386,2,-2
2022-03-18 15:00:12,17386,17386,17386,2,0
2022-03-18 15:00:12,17386,17386,17386,2,0
2022-03-18 15:00:13,17388,17388,17388,2,2
2022-03-18 15:00:13,17388,17388,17388,2,0
2022-03-18 15:00:14,17385,17385,17385,2,-2
2022-03-18 15:00:14,17385,17385,17385,2,0
2022-03-18 15:00:14,17385,17385,17385,2,0
2022-03-18 15:00:14,17387,17387,17387,4,4
2022-03-18 15:00:15,17387,17387,17387,2,0
2022-03-18 15:00:15,17388,17388,17388,2,2
2022-03-18 15:00:15,17386,17386,17386,2,-2
2022-03-18 15:00:15,17386,17386,17386,2,0
2022-03-18 15:00:15,17386,17386,17386,2,0
2022-03-18 15:00:15,17385,17385,17385,2,-2
2022-03-18 15:00:15,17385,17385,17385,2,0
2022-03-18 15:00:15,17388,17388,17388,4,4
2022-03-18 15:00:15,17386,17386,17386,2,-2
2022-03-18 15:00:15,17386,17386,17386,2,0
2022-03-18 15:00:15,17386,17386,17386,2,0
2022-03-18 15:00:15,17387,17387,17387,2,2
2022-03-18 15:00:16,17387,17387,17387,2,0
2022-03-18 15:00:16,17386,17386,17386,2,-2
2022-03-18 15:00:17,17387,17387,17387,2,2
2022-03-18 15:00:17,17386,17386,17386,2,-2
2022-03-18 15:00:18,17386,17386,17386,2,0
2022-03-18 15:00:18,17387,17387,17387,2,2
2022-03-18 15:00:20,17386,17386,17386,2,-2
2022-03-18 15:00:21,17385,17385,17385,2,-2
2022-03-18 15:00:21,17385,17385,17385,2,0
2022-03-18 15:00:21,17385,17385,17385,2,0
2022-03-18 15:00:21,17385,17385,17385,10,0
2022-03-18 15:00:21,17385,17385,17385,2,0
2022-03-18 15:00:21,17385,17385,17385,8,0
2022-03-18 15:00:21,17385,17385,17385,2,0
2022-03-18 15:00:21,17385,17385,17385,2,0
2022-03-18 15:00:21,17385,17385,17385,2,0
2022-03-18 15:00:21,17386,17386,17386,2,2
2022-03-18 15:00:21,17384,17384,17384,4,-4
2022-03-18 15:00:21,17384,17384,17384,2,0
2022-03-18 15:00:21,17384,17384,17384,2,0
2022-03-18 15:00:21,17384,17384,17384,2,0
2022-03-18 15:00:21,17383,17383,17383,2,-2
2022-03-18 15:00:21,17383,17383,17383,12,0
2022-03-18 15:00:21,17383,17383,17383,2,0
2022-03-18 15:00:21,17383,17383,17383,2,0
2022-03-18 15:00:21,17383,17383,17383,4,0
2022-03-18 15:00:21,17383,17383,17383,2,0
2022-03-18 15:00:21,17382,17382,17382,2,-2
2022-03-18 15:00:21,17382,17382,17382,2,0
2022-03-18 15:00:21,17382,17382,17382,2,0
2022-03-18 15:00:21,17382,17382,17382,2,0
2022-03-18 15:00:21,17381,17381,17381,2,-2
2022-03-18 15:00:22,17380,17380,17380,2,-2
2022-03-18 15:00:22,17380,17380,17380,2,0
2022-03-18 15:00:22,17380,17380,17380,2,0
2022-03-18 15:00:23,17381,17381,17381,2,2
2022-03-18 15:00:23,17381,17381,17381,2,0
2022-03-18 15:00:23,17380,17380,17380,2,-2
2022-03-18 15:00:23,17380,17380,17380,2,0
2022-03-18 15:00:23,17380,17380,17380,2,0
2022-03-18 15:00:23,17379,17379,17379,2,-2
2022-03-18 15:00:23,17379,17379,17379,2,0
2022-03-18 15:00:23,17379,17379,17379,2,0
2022-03-18 15:00:23,17379,17379,17379,2,0
2022-03-18 15:00:23,17379,17379,17379,2,0
2022-03-18 15:00:24,17379,17379,17379,2,0
2022-03-18 15:00:24,17380,17380,17380,2,2
2022-03-18 15:00:25,17381,17381,17381,2,2
2022-03-18 15:00:25,17382,17382,17382,2,2
2022-03-18 15:00:25,17383,17383,17383,20,20
2022-03-18 15:00:26,17381,17381,17381,2,-2
2022-03-18 15:00:26,17383,17383,17383,2,2
2022-03-18 15:00:27,17383,17383,17383,2,0
2022-03-18 15:00:27,17381,17381,17381,2,-2
2022-03-18 15:00:28,17381,17381,17381,2,0
2022-03-18 15:00:28,17381,17381,17381,2,0
2022-03-18 15:00:28,17381,17381,17381,2,0
2022-03-18 15:00:28,17380,17380,17380,2,-2
2022-03-18 15:00:28,17380,17380,17380,2,0
2022-03-18 15:00:29,17380,17380,17380,2,0
2022-03-18 15:00:29,17380,17380,17380,2,0
2022-03-18 15:00:29,17382,17382,17382,2,2
2022-03-18 15:00:29,17380,17380,17380,4,-4
2022-03-18 15:00:30,17382,17382,17382,6,6
2022-03-18 15:00:30,17383,17383,17383,2,2
2022-03-18 15:00:30,17383,17383,17383,2,0
2022-03-18 15:00:30,17383,17383,17383,2,0
2022-03-18 15:00:31,17381,17381,17381,2,-2
2022-03-18 15:00:31,17380,17380,17380,2,-2
2022-03-18 15:00:31,17380,17380,17380,2,0
2022-03-18 15:00:31,17380,17380,17380,2,0
2022-03-18 15:00:31,17380,17380,17380,2,0
2022-03-18 15:00:32,17382,17382,17382,2,2
2022-03-18 15:00:33,17381,17381,17381,2,-2
2022-03-18 15:00:34,17380,17380,17380,2,-2
2022-03-18 15:00:34,17380,17380,17380,2,0
2022-03-18 15:00:35,17381,17381,17381,2,2
2022-03-18 15:00:35,17381,17381,17381,2,0
2022-03-18 15:00:35,17381,17381,17381,2,0
2022-03-18 15:00:35,17382,17382,17382,8,8
2022-03-18 15:00:35,17381,17381,17381,2,-2
2022-03-18 15:00:35,17380,17380,17380,2,-2
2022-03-18 15:00:35,17380,17380,17380,2,0
2022-03-18 15:00:35,17380,17380,17380,2,0
2022-03-18 15:00:36,17379,17379,17379,2,-2
2022-03-18 15:00:36,17379,17379,17379,2,0
2022-03-18 15:00:36,17378,17378,17378,2,-2
2022-03-18 15:00:36,17378,17378,17378,2,0
2022-03-18 15:00:36,17378,17378,17378,8,0
2022-03-18 15:00:36,17380,17380,17380,2,2
2022-03-18 15:00:37,17380,17380,17380,8,0
2022-03-18 15:00:37,17381,17381,17381,4,4
2022-03-18 15:00:37,17382,17382,17382,6,6
2022-03-18 15:00:40,17380,17380,17380,2,-2
2022-03-18 15:00:40,17379,17379,17379,2,-2
2022-03-18 15:00:40,17381,17381,17381,2,2
2022-03-18 15:00:42,17380,17380,17380,2,-2
2022-03-18 15:00:42,17381,17381,17381,2,2
2022-03-18 15:00:43,17380,17380,17380,4,-4
2022-03-18 15:00:44,17379,17379,17379,2,-2
2022-03-18 15:00:44,17379,17379,17379,2,0
2022-03-18 15:00:44,17378,17378,17378,8,-8
2022-03-18 15:00:44,17378,17378,17378,2,0
2022-03-18 15:00:44,17378,17378,17378,2,0
2022-03-18 15:00:44,17378,17378,17378,2,0
2022-03-18 15:00:44,17378,17378,17378,4,0
2022-03-18 15:00:44,17378,17378,17378,2,0
2022-03-18 15:00:44,17377,17377,17377,2,-2
2022-03-18 15:00:45,17379,17379,17379,6,6
2022-03-18 15:00:45,17380,17380,17380,2,2
2022-03-18 15:00:45,17379,17379,17379,2,-2
2022-03-18 15:00:46,17377,17377,17377,2,-2
2022-03-18 15:00:47,17379,17379,17379,2,2
2022-03-18 15:00:47,17380,17380,17380,8,8
2022-03-18 15:00:48,17378,17378,17378,2,-2
2022-03-18 15:00:49,17378,17378,17378,2,0
2022-03-18 15:00:49,17379,17379,17379,2,2
2022-03-18 15:00:51,17380,17380,17380,18,18
2022-03-18 15:00:51,17381,17381,17381,4,4
2022-03-18 15:00:51,17381,17381,17381,2,0
2022-03-18 15:00:51,17381,17381,17381,2,0
2022-03-18 15:00:52,17382,17382,17382,2,2
2022-03-18 15:00:52,17382,17382,17382,8,0
2022-03-18 15:00:52,17383,17383,17383,2,2
2022-03-18 15:00:52,17381,17381,17381,2,-2
2022-03-18 15:00:54,17383,17383,17383,8,8
2022-03-18 15:00:56,17382,17382,17382,2,-2
2022-03-18 15:00:58,17382,17382,17382,2,0
2022-03-18 15:00:58,17383,17383,17383,2,2
2022-03-18 15:00:58,17382,17382,17382,2,-2
2022-03-18 15:00:59,17383,17383,17383,2,2
2022-03-18 15:00:59,17383,17383,17383,14,0
2022-03-18 15:00:59,17383,17383,17383,20,0
2022-03-18 15:01:00,17384,17384,17384,6,6
2022-03-18 15:01:00,17384,17384,17384,4,0
2022-03-18 15:01:00,17385,17385,17385,2,2
2022-03-18 15:01:00,17385,17385,17385,2,0
2022-03-18 15:01:00,17385,17385,17385,4,0
2022-03-18 15:01:00,17384,17384,17384,2,-2
2022-03-18 15:01:00,17384,17384,17384,2,0
2022-03-18 15:01:00,17384,17384,17384,2,0
2022-03-18 15:01:00,17384,17384,17384,2,0
2022-03-18 15:01:00,17384,17384,17384,2,0
2022-03-18 15:01:00,17386,17386,17386,2,2
2022-03-18 15:01:00,17386,17386,17386,2,0
2022-03-18 15:01:01,17383,17383,17383,2,-2
2022-03-18 15:01:01,17383,17383,17383,2,0
2022-03-18 15:01:01,17382,17382,17382,2,-2
2022-03-18 15:01:01,17384,17384,17384,2,2
2022-03-18 15:01:02,17382,17382,17382,2,-2
2022-03-18 15:01:02,17381,17381,17381,2,-2
2022-03-18 15:01:02,17383,17383,17383,2,2
2022-03-18 15:01:02,17382,17382,17382,2,-2
2022-03-18 15:01:02,17382,17382,17382,2,0
2022-03-18 15:01:02,17381,17381,17381,2,-2
2022-03-18 15:01:03,17381,17381,17381,2,0
2022-03-18 15:01:03,17381,17381,17381,2,0
2022-03-18 15:01:05,17381,17381,17381,2,0
2022-03-18 15:01:05,17381,17381,17381,2,0
2022-03-18 15:01:06,17381,17381,17381,2,0
2022-03-18 15:01:07,17380,17380,17380,2,-2
2022-03-18 15:01:07,17380,17380,17380,2,0
2022-03-18 15:01:07,17380,17380,17380,2,0
2022-03-18 15:01:07,17380,17380,17380,2,0
2022-03-18 15:01:07,17380,17380,17380,2,0
2022-03-18 15:01:07,17380,17380,17380,2,0
2022-03-18 15:01:07,17379,17379,17379,2,-2
2022-03-18 15:01:07,17379,17379,17379,6,0
2022-03-18 15:01:07,17379,17379,17379,2,0
2022-03-18 15:01:07,17379,17379,17379,2,0
2022-03-18 15:01:07,17379,17379,17379,2,0
2022-03-18 15:01:07,17378,17378,17378,2,-2
2022-03-18 15:01:07,17378,17378,17378,2,0
2022-03-18 15:01:07,17378,17378,17378,2,0
2022-03-18 15:01:07,17378,17378,17378,2,0
2022-03-18 15:01:07,17378,17378,17378,2,0
2022-03-18 15:01:07,17378,17378,17378,4,0
2022-03-18 15:01:07,17378,17378,17378,2,0
2022-03-18 15:01:07,17378,17378,17378,2,0
2022-03-18 15:01:07,17378,17378,17378,2,0
2022-03-18 15:01:07,17378,17378,17378,2,0
2022-03-18 15:01:07,17378,17378,17378,2,0
2022-03-18 15:01:07,17378,17378,17378,4,0
2022-03-18 15:01:07,17378,17378,17378,2,0
2022-03-18 15:01:07,17377,17377,17377,2,-2
2022-03-18 15:01:07,17377,17377,17377,2,0
2022-03-18 15:01:07,17377,17377,17377,2,0
2022-03-18 15:01:07,17377,17377,17377,2,0
2022-03-18 15:01:07,17377,17377,17377,2,0
2022-03-18 15:01:07,17377,17377,17377,2,0
2022-03-18 15:01:07,17377,17377,17377,2,0
2022-03-18 15:01:07,17378,17378,17378,2,2
2022-03-18 15:01:08,17378,17378,17378,2,0
2022-03-18 15:01:09,17378,17378,17378,2,0
2022-03-18 15:01:09,17378,17378,17378,2,0
2022-03-18 15:01:09,17378,17378,17378,2,0
2022-03-18 15:01:10,17378,17378,17378,10,0
2022-03-18 15:01:10,17378,17378,17378,2,0
2022-03-18 15:01:12,17378,17378,17378,2,0
2022-03-18 15:01:13,17378,17378,17378,2,0
2022-03-18 15:01:13,17377,17377,17377,2,-2
2022-03-18 15:01:13,17377,17377,17377,10,0
2022-03-18 15:01:13,17377,17377,17377,2,0
2022-03-18 15:01:13,17377,17377,17377,2,0
2022-03-18 15:01:13,17377,17377,17377,2,0
2022-03-18 15:01:13,17377,17377,17377,2,0
2022-03-18 15:01:13,17376,17376,17376,2,-2
2022-03-18 15:01:13,17376,17376,17376,2,0
2022-03-18 15:01:13,17376,17376,17376,2,0
2022-03-18 15:01:13,17376,17376,17376,2,0
2022-03-18 15:01:13,17376,17376,17376,2,0
2022-03-18 15:01:13,17375,17375,17375,2,-2
2022-03-18 15:01:13,17375,17375,17375,2,0
2022-03-18 15:01:13,17375,17375,17375,2,0
2022-03-18 15:01:13,17375,17375,17375,2,0
2022-03-18 15:01:13,17375,17375,17375,2,0
2022-03-18 15:01:13,17375,17375,17375,4,0
2022-03-18 15:01:13,17374,17374,17374,2,-2
2022-03-18 15:01:13,17375,17375,17375,2,2
2022-03-18 15:01:13,17376,17376,17376,2,2
2022-03-18 15:01:13,17376,17376,17376,2,0
2022-03-18 15:01:14,17375,17375,17375,2,-2
2022-03-18 15:01:14,17376,17376,17376,2,2
2022-03-18 15:01:14,17375,17375,17375,2,-2
2022-03-18 15:01:16,17376,17376,17376,2,2
2022-03-18 15:01:16,17376,17376,17376,2,0
2022-03-18 15:01:16,17376,17376,17376,2,0
2022-03-18 15:01:16,17375,17375,17375,2,-2
2022-03-18 15:01:16,17375,17375,17375,2,0
2022-03-18 15:01:18,17375,17375,17375,2,0
2022-03-18 15:01:18,17375,17375,17375,2,0
2022-03-18 15:01:18,17375,17375,17375,2,0
2022-03-18 15:01:18,17375,17375,17375,2,0
2022-03-18 15:01:18,17375,17375,17375,2,0
2022-03-18 15:01:18,17375,17375,17375,2,0
2022-03-18 15:01:18,17375,17375,17375,2,0
2022-03-18 15:01:18,17375,17375,17375,2,0
2022-03-18 15:01:18,17375,17375,17375,2,0
2022-03-18 15:01:18,17374,17374,17374,20,-20
2022-03-18 15:01:18,17374,17374,17374,2,0
2022-03-18 15:01:18,17374,17374,17374,2,0
2022-03-18 15:01:18,17374,17374,17374,2,0
2022-03-18 15:01:18,17374,17374,17374,2,0
2022-03-18 15:01:18,17374,17374,17374,2,0
2022-03-18 15:01:18,17373,17373,17373,2,-2
2022-03-18 15:01:18,17374,17374,17374,4,4
2022-03-18 15:01:18,17374,17374,17374,2,0
2022-03-18 15:01:18,17373,17373,17373,2,-2
2022-03-18 15:01:18,17373,17373,17373,2,0
2022-03-18 15:01:18,17373,17373,17373,2,0
2022-03-18 15:01:18,17373,17373,17373,2,0
2022-03-18 15:01:18,17373,17373,17373,2,0
2022-03-18 15:01:18,17373,17373,17373,2,0
2022-03-18 15:01:18,17373,17373,17373,2,0
2022-03-18 15:01:18,17373,17373,17373,2,0
2022-03-18 15:01:18,17373,17373,17373,2,0
2022-03-18 15:01:18,17373,17373,17373,2,0
2022-03-18 15:01:18,17374,17374,17374,28,28
2022-03-18 15:01:19,17375,17375,17375,2,2
2022-03-18 15:01:19,17377,17377,17377,8,8
2022-03-18 15:01:19,17377,17377,17377,2,0
2022-03-18 15:01:20,17376,17376,17376,2,-2
2022-03-18 15:01:20,17376,17376,17376,2,0
2022-03-18 15:01:22,17375,17375,17375,2,-2
2022-03-18 15:01:23,17374,17374,17374,2,-2
2022-03-18 15:01:23,17374,17374,17374,2,0
2022-03-18 15:01:23,17373,17373,17373,2,-2
2022-03-18 15:01:23,17373,17373,17373,2,0
2022-03-18 15:01:23,17373,17373,17373,2,0
2022-03-18 15:01:23,17373,17373,17373,8,0
2022-03-18 15:01:23,17373,17373,17373,6,0
2022-03-18 15:01:23,17373,17373,17373,2,0
2022-03-18 15:01:23,17373,17373,17373,2,0
2022-03-18 15:01:23,17374,17374,17374,4,4
2022-03-18 15:01:23,17374,17374,17374,4,0
2022-03-18 15:01:24,17374,17374,17374,2,0
2022-03-18 15:01:25,17372,17372,17372,2,-2
2022-03-18 15:01:26,17372,17372,17372,2,0
2022-03-18 15:01:27,17372,17372,17372,2,0
2022-03-18 15:01:27,17372,17372,17372,2,0
2022-03-18 15:01:27,17372,17372,17372,2,0
2022-03-18 15:01:27,17372,17372,17372,2,0
2022-03-18 15:01:27,17372,17372,17372,2,0
2022-03-18 15:01:27,17371,17371,17371,2,-2
2022-03-18 15:01:27,17371,17371,17371,2,0
2022-03-18 15:01:27,17371,17371,17371,2,0
2022-03-18 15:01:27,17371,17371,17371,2,0
2022-03-18 15:01:27,17371,17371,17371,2,0
2022-03-18 15:01:27,17372,17372,17372,2,2
2022-03-18 15:01:27,17370,17370,17370,2,-2
2022-03-18 15:01:27,17370,17370,17370,2,0
2022-03-18 15:01:30,17372,17372,17372,2,2
2022-03-18 15:01:30,17372,17372,17372,2,0
2022-03-18 15:01:32,17371,17371,17371,2,-2
2022-03-18 15:01:32,17370,17370,17370,2,-2
2022-03-18 15:01:32,17370,17370,17370,14,0
2022-03-18 15:01:32,17370,17370,17370,2,0
2022-03-18 15:01:32,17370,17370,17370,2,0
2022-03-18 15:01:32,17370,17370,17370,2,0
2022-03-18 15:01:32,17370,17370,17370,4,0
2022-03-18 15:01:32,17370,17370,17370,2,0
2022-03-18 15:01:32,17370,17370,17370,4,0
2022-03-18 15:01:32,17370,17370,17370,2,0
2022-03-18 15:01:32,17370,17370,17370,10,0
2022-03-18 15:01:32,17370,17370,17370,2,0
2022-03-18 15:01:32,17370,17370,17370,2,0
2022-03-18 15:01:32,17370,17370,17370,4,0
2022-03-18 15:01:32,17370,17370,17370,2,0
2022-03-18 15:01:32,17370,17370,17370,2,0
2022-03-18 15:01:32,17370,17370,17370,4,0
2022-03-18 15:01:33,17369,17369,17369,2,-2
2022-03-18 15:01:33,17369,17369,17369,2,0
2022-03-18 15:01:33,17371,17371,17371,2,2
2022-03-18 15:01:34,17370,17370,17370,2,-2
2022-03-18 15:01:34,17370,17370,17370,4,0
2022-03-18 15:01:34,17369,17369,17369,2,-2
2022-03-18 15:01:34,17371,17371,17371,2,2
2022-03-18 15:01:34,17371,17371,17371,2,0
2022-03-18 15:01:34,17371,17371,17371,2,0
2022-03-18 15:01:34,17371,17371,17371,2,0
2022-03-18 15:01:34,17371,17371,17371,2,0
2022-03-18 15:01:36,17370,17370,17370,2,-2
2022-03-18 15:01:37,17370,17370,17370,2,0
2022-03-18 15:01:37,17370,17370,17370,2,0
2022-03-18 15:01:37,17370,17370,17370,2,0
2022-03-18 15:01:37,17370,17370,17370,2,0
2022-03-18 15:01:38,17372,17372,17372,2,2
2022-03-18 15:01:38,17372,17372,17372,2,0
2022-03-18 15:01:38,17372,17372,17372,4,0
2022-03-18 15:01:38,17372,17372,17372,4,0
2022-03-18 15:01:38,17372,17372,17372,2,0
2022-03-18 15:01:38,17372,17372,17372,2,0
2022-03-18 15:01:39,17373,17373,17373,2,2
2022-03-18 15:01:39,17374,17374,17374,60,60
2022-03-18 15:01:39,17374,17374,17374,4,0
2022-03-18 15:01:39,17374,17374,17374,4,0
2022-03-18 15:01:39,17374,17374,17374,2,0
2022-03-18 15:01:39,17375,17375,17375,2,2
2022-03-18 15:01:40,17375,17375,17375,2,0
2022-03-18 15:01:40,17375,17375,17375,2,0
2022-03-18 15:01:40,17375,17375,17375,2,0
2022-03-18 15:01:41,17376,17376,17376,2,2
2022-03-18 15:01:41,17375,17375,17375,2,-2
2022-03-18 15:01:41,17375,17375,17375,2,0
2022-03-18 15:01:41,17375,17375,17375,2,0
2022-03-18 15:01:41,17375,17375,17375,2,0
2022-03-18 15:01:42,17374,17374,17374,2,-2
2022-03-18 15:01:43,17373,17373,17373,2,-2
2022-03-18 15:01:44,17373,17373,17373,2,0
2022-03-18 15:01:45,17374,17374,17374,2,2
2022-03-18 15:01:45,17373,17373,17373,2,-2
2022-03-18 15:01:45,17372,17372,17372,2,-2
2022-03-18 15:01:45,17372,17372,17372,2,0
2022-03-18 15:01:45,17373,17373,17373,2,2
2022-03-18 15:01:46,17373,17373,17373,2,0
2022-03-18 15:01:46,17373,17373,17373,2,0
2022-03-18 15:01:46,17372,17372,17372,2,-2
2022-03-18 15:01:46,17372,17372,17372,2,0
2022-03-18 15:01:46,17372,17372,17372,2,0
2022-03-18 15:01:46,17372,17372,17372,2,0
2022-03-18 15:01:47,17375,17375,17375,2,2
2022-03-18 15:01:47,17376,17376,17376,2,2
2022-03-18 15:01:47,17377,17377,17377,2,2
2022-03-18 15:01:49,17375,17375,17375,2,-2
2022-03-18 15:01:49,17375,17375,17375,2,0
2022-03-18 15:01:49,17375,17375,17375,2,0
2022-03-18 15:01:49,17375,17375,17375,2,0
2022-03-18 15:01:49,17375,17375,17375,2,0
2022-03-18 15:01:49,17374,17374,17374,18,-18
2022-03-18 15:01:49,17374,17374,17374,2,0
2022-03-18 15:01:49,17374,17374,17374,2,0
2022-03-18 15:01:49,17374,17374,17374,46,0
2022-03-18 15:01:50,17375,17375,17375,2,2
2022-03-18 15:01:51,17374,17374,17374,2,-2
2022-03-18 15:01:51,17375,17375,17375,2,2
2022-03-18 15:01:52,17375,17375,17375,4,0
2022-03-18 15:01:52,17375,17375,17375,2,0
2022-03-18 15:01:54,17375,17375,17375,2,0
2022-03-18 15:01:54,17374,17374,17374,2,-2
2022-03-18 15:01:54,17374,17374,17374,2,0
2022-03-18 15:01:54,17374,17374,17374,2,0
2022-03-18 15:01:54,17374,17374,17374,2,0
2022-03-18 15:01:54,17373,17373,17373,4,-4
2022-03-18 15:01:54,17373,17373,17373,2,0
2022-03-18 15:01:54,17373,17373,17373,2,0
2022-03-18 15:01:54,17373,17373,17373,2,0
2022-03-18 15:01:54,17373,17373,17373,2,0
2022-03-18 15:01:54,17373,17373,17373,2,0
2022-03-18 15:01:54,17373,17373,17373,2,0
2022-03-18 15:01:54,17373,17373,17373,2,0
2022-03-18 15:01:54,17373,17373,17373,2,0
2022-03-18 15:01:54,17373,17373,17373,2,0
2022-03-18 15:01:54,17372,17372,17372,2,-2
2022-03-18 15:01:54,17372,17372,17372,2,0
2022-03-18 15:01:55,17373,17373,17373,4,4
2022-03-18 15:01:56,17373,17373,17373,2,0
2022-03-18 15:01:56,17373,17373,17373,4,0
2022-03-18 15:01:56,17373,17373,17373,2,0
2022-03-18 15:01:58,17373,17373,17373,2,0
2022-03-18 15:01:59,17373,17373,17373,2,0
2022-03-18 15:01:59,17373,17373,17373,2,0
2022-03-18 15:02:00,17373,17373,17373,2,0
2022-03-18 15:02:00,17373,17373,17373,30,0
2022-03-18 15:02:00,17374,17374,17374,12,12
2022-03-18 15:02:02,17375,17375,17375,2,2
2022-03-18 15:02:03,17375,17375,17375,2,0
2022-03-18 15:02:03,17375,17375,17375,2,0
2022-03-18 15:02:03,17374,17374,17374,2,-2
2022-03-18 15:02:03,17374,17374,17374,2,0
2022-03-18 15:02:03,17374,17374,17374,2,0
2022-03-18 15:02:04,17376,17376,17376,2,2
2022-03-18 15:02:04,17375,17375,17375,2,-2
2022-03-18 15:02:05,17374,17374,17374,2,-2
2022-03-18 15:02:05,17374,17374,17374,2,0
2022-03-18 15:02:05,17374,17374,17374,2,0
2022-03-18 15:02:08,17373,17373,17373,2,-2
2022-03-18 15:02:08,17373,17373,17373,2,0
2022-03-18 15:02:08,17373,17373,17373,6,0
2022-03-18 15:02:08,17373,17373,17373,2,0
2022-03-18 15:02:08,17372,17372,17372,2,-2
2022-03-18 15:02:08,17372,17372,17372,2,0
2022-03-18 15:02:08,17372,17372,17372,2,0
2022-03-18 15:02:08,17372,17372,17372,2,0
2022-03-18 15:02:08,17372,17372,17372,2,0
2022-03-18 15:02:08,17372,17372,17372,2,0
2022-03-18 15:02:08,17372,17372,17372,2,0
2022-03-18 15:02:08,17372,17372,17372,2,0
2022-03-18 15:02:08,17372,17372,17372,2,0
2022-03-18 15:02:08,17372,17372,17372,2,0
2022-03-18 15:02:08,17371,17371,17371,2,-2
2022-03-18 15:02:08,17371,17371,17371,2,0
2022-03-18 15:02:08,17371,17371,17371,2,0
2022-03-18 15:02:08,17370,17370,17370,2,-2
2022-03-18 15:02:08,17370,17370,17370,2,0
2022-03-18 15:02:08,17370,17370,17370,2,0
2022-03-18 15:02:08,17370,17370,17370,2,0
2022-03-18 15:02:08,17370,17370,17370,2,0
2022-03-18 15:02:08,17370,17370,17370,2,0
2022-03-18 15:02:08,17370,17370,17370,2,0
2022-03-18 15:02:09,17370,17370,17370,4,0
2022-03-18 15:02:09,17369,17369,17369,2,-2
2022-03-18 15:02:09,17369,17369,17369,2,0
2022-03-18 15:02:09,17369,17369,17369,2,0
2022-03-18 15:02:09,17369,17369,17369,2,0
2022-03-18 15:02:09,17368,17368,17368,2,-2
2022-03-18 15:02:10,17369,17369,17369,2,2
2022-03-18 15:02:10,17370,17370,17370,2,2
2022-03-18 15:02:10,17369,17369,17369,2,-2
2022-03-18 15:02:11,17370,17370,17370,4,4
2022-03-18 15:02:11,17369,17369,17369,2,-2
2022-03-18 15:02:11,17370,17370,17370,2,2
2022-03-18 15:02:12,17370,17370,17370,12,0
2022-03-18 15:02:15,17371,17371,17371,2,2
2022-03-18 15:02:15,17371,17371,17371,4,0
2022-03-18 15:02:15,17371,17371,17371,2,0
2022-03-18 15:02:15,17371,17371,17371,4,0
2022-03-18 15:02:15,17371,17371,17371,2,0
2022-03-18 15:02:15,17371,17371,17371,4,0
2022-03-18 15:02:16,17372,17372,17372,2,2
2022-03-18 15:02:16,17371,17371,17371,2,-2
2022-03-18 15:02:16,17371,17371,17371,2,0
2022-03-18 15:02:17,17371,17371,17371,2,0
2022-03-18 15:02:18,17371,17371,17371,2,0
2022-03-18 15:02:19,17371,17371,17371,2,0
2022-03-18 15:02:20,17372,17372,17372,2,2
2022-03-18 15:02:22,17371,17371,17371,2,-2
2022-03-18 15:02:22,17372,17372,17372,2,2
2022-03-18 15:02:22,17371,17371,17371,4,-4
2022-03-18 15:02:22,17371,17371,17371,2,0
2022-03-18 15:02:22,17370,17370,17370,2,-2
2022-03-18 15:02:22,17370,17370,17370,2,0
2022-03-18 15:02:22,17370,17370,17370,2,0
2022-03-18 15:02:22,17370,17370,17370,2,0
2022-03-18 15:02:22,17371,17371,17371,2,2
2022-03-18 15:02:22,17372,17372,17372,20,20
2022-03-18 15:02:22,17371,17371,17371,2,-2
2022-03-18 15:02:24,17372,17372,17372,2,2
2022-03-18 15:02:25,17370,17370,17370,2,-2
2022-03-18 15:02:25,17370,17370,17370,2,0
2022-03-18 15:02:25,17370,17370,17370,2,0
2022-03-18 15:02:25,17370,17370,17370,2,0
2022-03-18 15:02:25,17370,17370,17370,2,0
2022-03-18 15:02:25,17370,17370,17370,2,0
2022-03-18 15:02:26,17370,17370,17370,2,0
2022-03-18 15:02:26,17371,17371,17371,2,2
2022-03-18 15:02:27,17371,17371,17371,6,0
2022-03-18 15:02:27,17372,17372,17372,4,4
2022-03-18 15:02:28,17371,17371,17371,2,-2
2022-03-18 15:02:28,17370,17370,17370,2,-2
2022-03-18 15:02:31,17369,17369,17369,4,-4
2022-03-18 15:02:31,17369,17369,17369,2,0
2022-03-18 15:02:31,17369,17369,17369,2,0
2022-03-18 15:02:31,17369,17369,17369,2,0
2022-03-18 15:02:31,17369,17369,17369,2,0
2022-03-18 15:02:31,17369,17369,17369,2,0
2022-03-18 15:02:31,17368,17368,17368,2,-2
2022-03-18 15:02:31,17368,17368,17368,2,0
2022-03-18 15:02:32,17369,17369,17369,4,4
2022-03-18 15:02:32,17369,17369,17369,2,0
2022-03-18 15:02:33,17369,17369,17369,2,0
2022-03-18 15:02:33,17369,17369,17369,2,0
2022-03-18 15:02:33,17368,17368,17368,2,-2
2022-03-18 15:02:33,17368,17368,17368,2,0
2022-03-18 15:02:33,17368,17368,17368,2,0
2022-03-18 15:02:33,17368,17368,17368,4,0
2022-03-18 15:02:33,17368,17368,17368,2,0
2022-03-18 15:02:33,17368,17368,17368,2,0
2022-03-18 15:02:33,17368,17368,17368,2,0
2022-03-18 15:02:33,17368,17368,17368,2,0
2022-03-18 15:02:33,17368,17368,17368,8,0
2022-03-18 15:02:33,17368,17368,17368,2,0
2022-03-18 15:02:33,17368,17368,17368,2,0
2022-03-18 15:02:33,17368,17368,17368,2,0
2022-03-18 15:02:33,17368,17368,17368,2,0
2022-03-18 15:02:33,17367,17367,17367,2,-2
2022-03-18 15:02:33,17367,17367,17367,2,0
2022-03-18 15:02:33,17367,17367,17367,2,0
2022-03-18 15:02:33,17366,17366,17366,2,-2
2022-03-18 15:02:33,17367,17367,17367,2,2
2022-03-18 15:02:33,17367,17367,17367,2,0
2022-03-18 15:02:34,17368,17368,17368,2,2
2022-03-18 15:02:34,17367,17367,17367,2,-2
2022-03-18 15:02:34,17367,17367,17367,2,0
2022-03-18 15:02:34,17367,17367,17367,2,0
2022-03-18 15:02:36,17367,17367,17367,2,0
2022-03-18 15:02:38,17366,17366,17366,2,-2
2022-03-18 15:02:38,17366,17366,17366,2,0
2022-03-18 15:02:39,17367,17367,17367,2,2
2022-03-18 15:02:40,17365,17365,17365,2,-2
2022-03-18 15:02:40,17365,17365,17365,2,0
2022-03-18 15:02:40,17365,17365,17365,2,0
2022-03-18 15:02:40,17364,17364,17364,2,-2
2022-03-18 15:02:40,17364,17364,17364,2,0
2022-03-18 15:02:40,17364,17364,17364,2,0
2022-03-18 15:02:40,17363,17363,17363,2,-2
2022-03-18 15:02:40,17365,17365,17365,2,2
2022-03-18 15:02:41,17365,17365,17365,2,0
2022-03-18 15:02:41,17365,17365,17365,2,0
2022-03-18 15:02:44,17365,17365,17365,2,0
2022-03-18 15:02:45,17364,17364,17364,2,-2
2022-03-18 15:02:45,17363,17363,17363,2,-2
2022-03-18 15:02:45,17363,17363,17363,2,0
2022-03-18 15:02:45,17363,17363,17363,2,0
2022-03-18 15:02:45,17363,17363,17363,2,0
2022-03-18 15:02:45,17363,17363,17363,2,0
2022-03-18 15:02:46,17363,17363,17363,2,0
2022-03-18 15:02:46,17363,17363,17363,4,0
2022-03-18 15:02:46,17363,17363,17363,2,0
2022-03-18 15:02:46,17362,17362,17362,2,-2
2022-03-18 15:02:46,17362,17362,17362,2,0
2022-03-18 15:02:46,17361,17361,17361,2,-2
2022-03-18 15:02:47,17363,17363,17363,2,2
2022-03-18 15:02:47,17361,17361,17361,2,-2
2022-03-18 15:02:47,17363,17363,17363,2,2
2022-03-18 15:02:47,17361,17361,17361,4,-4
2022-03-18 15:02:47,17361,17361,17361,2,0
2022-03-18 15:02:47,17361,17361,17361,2,0
2022-03-18 15:02:47,17361,17361,17361,2,0
2022-03-18 15:02:47,17360,17360,17360,2,-2
2022-03-18 15:02:48,17360,17360,17360,2,0
2022-03-18 15:02:48,17360,17360,17360,2,0
2022-03-18 15:02:48,17360,17360,17360,4,0
2022-03-18 15:02:48,17360,17360,17360,2,0
2022-03-18 15:02:48,17360,17360,17360,4,0
2022-03-18 15:02:48,17361,17361,17361,2,2
2022-03-18 15:02:48,17359,17359,17359,2,-2
2022-03-18 15:02:50,17358,17358,17358,2,-2
2022-03-18 15:02:51,17359,17359,17359,2,2
2022-03-18 15:02:51,17359,17359,17359,2,0
2022-03-18 15:02:52,17358,17358,17358,2,-2
2022-03-18 15:02:52,17358,17358,17358,4,0
2022-03-18 15:02:52,17358,17358,17358,2,0
2022-03-18 15:02:52,17358,17358,17358,2,0
2022-03-18 15:02:52,17358,17358,17358,6,0
2022-03-18 15:02:52,17358,17358,17358,2,0
2022-03-18 15:02:52,17358,17358,17358,2,0
2022-03-18 15:02:52,17357,17357,17357,2,-2
2022-03-18 15:02:52,17357,17357,17357,2,0
2022-03-18 15:02:52,17357,17357,17357,2,0
2022-03-18 15:02:52,17356,17356,17356,2,-2
2022-03-18 15:02:52,17356,17356,17356,2,0
2022-03-18 15:02:52,17356,17356,17356,2,0
2022-03-18 15:02:52,17356,17356,17356,2,0
2022-03-18 15:02:52,17356,17356,17356,2,0
2022-03-18 15:02:52,17356,17356,17356,2,0
2022-03-18 15:02:52,17356,17356,17356,2,0
2022-03-18 15:02:52,17356,17356,17356,2,0
2022-03-18 15:02:52,17356,17356,17356,4,0
2022-03-18 15:02:52,17356,17356,17356,4,0
2022-03-18 15:02:52,17356,17356,17356,2,0
2022-03-18 15:02:52,17356,17356,17356,2,0
2022-03-18 15:02:52,17355,17355,17355,4,-4
2022-03-18 15:02:52,17355,17355,17355,2,0
2022-03-18 15:02:52,17355,17355,17355,2,0
2022-03-18 15:02:52,17355,17355,17355,2,0
2022-03-18 15:02:52,17355,17355,17355,2,0
2022-03-18 15:02:52,17355,17355,17355,2,0
2022-03-18 15:02:52,17354,17354,17354,2,-2
2022-03-18 15:02:52,17354,17354,17354,2,0
2022-03-18 15:02:52,17353,17353,17353,2,-2
2022-03-18 15:02:52,17353,17353,17353,2,0
2022-03-18 15:02:52,17353,17353,17353,2,0
2022-03-18 15:02:52,17353,17353,17353,2,0
2022-03-18 15:02:52,17353,17353,17353,4,0
2022-03-18 15:02:52,17353,17353,17353,2,0
2022-03-18 15:02:52,17353,17353,17353,2,0
2022-03-18 15:02:52,17353,17353,17353,4,0
2022-03-18 15:02:52,17355,17355,17355,4,4
2022-03-18 15:02:52,17355,17355,17355,2,0
2022-03-18 15:02:52,17353,17353,17353,2,-2
2022-03-18 15:02:52,17353,17353,17353,2,0
2022-03-18 15:02:52,17353,17353,17353,2,0
2022-03-18 15:02:52,17353,17353,17353,8,0
2022-03-18 15:02:52,17353,17353,17353,4,0
2022-03-18 15:02:52,17353,17353,17353,2,0
2022-03-18 15:02:52,17352,17352,17352,2,-2
2022-03-18 15:02:52,17352,17352,17352,2,0
2022-03-18 15:02:52,17354,17354,17354,2,2
2022-03-18 15:02:52,17355,17355,17355,2,2
2022-03-18 15:02:53,17353,17353,17353,2,-2
2022-03-18 15:02:53,17355,17355,17355,2,2
2022-03-18 15:02:53,17353,17353,17353,2,-2
2022-03-18 15:02:53,17353,17353,17353,2,0
2022-03-18 15:02:53,17352,17352,17352,2,-2
2022-03-18 15:02:53,17352,17352,17352,4,0
2022-03-18 15:02:53,17352,17352,17352,2,0
2022-03-18 15:02:53,17354,17354,17354,2,2
2022-03-18 15:02:54,17353,17353,17353,2,-2
2022-03-18 15:02:54,17353,17353,17353,2,0
2022-03-18 15:02:54,17353,17353,17353,2,0
2022-03-18 15:02:54,17353,17353,17353,2,0
2022-03-18 15:02:55,17355,17355,17355,2,2
2022-03-18 15:02:55,17354,17354,17354,2,-2
2022-03-18 15:02:55,17356,17356,17356,4,4
2022-03-18 15:02:55,17355,17355,17355,2,-2
2022-03-18 15:02:56,17356,17356,17356,2,2
2022-03-18 15:02:56,17356,17356,17356,10,0
2022-03-18 15:02:56,17356,17356,17356,4,0
2022-03-18 15:02:56,17356,17356,17356,10,0
2022-03-18 15:02:57,17358,17358,17358,6,6
2022-03-18 15:02:57,17358,17358,17358,4,0
2022-03-18 15:02:57,17358,17358,17358,4,0
2022-03-18 15:02:57,17358,17358,17358,2,0
2022-03-18 15:02:57,17357,17357,17357,2,-2
2022-03-18 15:02:57,17358,17358,17358,2,2
2022-03-18 15:02:57,17356,17356,17356,2,-2
2022-03-18 15:02:58,17359,17359,17359,2,2
2022-03-18 15:02:58,17359,17359,17359,2,0
2022-03-18 15:02:58,17358,17358,17358,2,-2
2022-03-18 15:02:58,17359,17359,17359,4,4
2022-03-18 15:02:59,17359,17359,17359,2,0
2022-03-18 15:02:59,17358,17358,17358,2,-2
2022-03-18 15:02:59,17358,17358,17358,2,0
2022-03-18 15:02:59,17358,17358,17358,2,0
2022-03-18 15:02:59,17358,17358,17358,2,0
2022-03-18 15:02:59,17357,17357,17357,2,-2
2022-03-18 15:02:59,17357,17357,17357,2,0
2022-03-18 15:02:59,17357,17357,17357,2,0
2022-03-18 15:02:59,17357,17357,17357,2,0
2022-03-18 15:02:59,17359,17359,17359,2,2
2022-03-18 15:02:59,17359,17359,17359,2,0
2022-03-18 15:03:00,17357,17357,17357,2,-2
2022-03-18 15:03:00,17357,17357,17357,2,0
2022-03-18 15:03:00,17358,17358,17358,4,4
2022-03-18 15:03:00,17356,17356,17356,2,-2
2022-03-18 15:03:00,17356,17356,17356,2,0
2022-03-18 15:03:00,17356,17356,17356,2,0
2022-03-18 15:03:00,17356,17356,17356,2,0
2022-03-18 15:03:00,17356,17356,17356,2,0
2022-03-18 15:03:01,17356,17356,17356,2,0
2022-03-18 15:03:01,17357,17357,17357,2,2
2022-03-18 15:03:01,17358,17358,17358,2,2
2022-03-18 15:03:02,17358,17358,17358,2,0
2022-03-18 15:03:02,17357,17357,17357,2,-2
2022-03-18 15:03:02,17357,17357,17357,2,0
2022-03-18 15:03:03,17357,17357,17357,2,0
2022-03-18 15:03:03,17356,17356,17356,4,-4
2022-03-18 15:03:03,17356,17356,17356,2,0
2022-03-18 15:03:03,17356,17356,17356,2,0
2022-03-18 15:03:03,17356,17356,17356,2,0
2022-03-18 15:03:04,17356,17356,17356,2,0
2022-03-18 15:03:04,17356,17356,17356,2,0
2022-03-18 15:03:06,17355,17355,17355,2,-2
2022-03-18 15:03:06,17355,17355,17355,2,0
2022-03-18 15:03:06,17355,17355,17355,4,0
2022-03-18 15:03:06,17355,17355,17355,4,0
2022-03-18 15:03:06,17355,17355,17355,4,0
2022-03-18 15:03:06,17355,17355,17355,2,0
2022-03-18 15:03:06,17355,17355,17355,2,0
2022-03-18 15:03:06,17356,17356,17356,2,2
2022-03-18 15:03:07,17355,17355,17355,2,-2
2022-03-18 15:03:08,17356,17356,17356,6,6
2022-03-18 15:03:08,17356,17356,17356,2,0
2022-03-18 15:03:09,17355,17355,17355,2,-2
2022-03-18 15:03:09,17354,17354,17354,2,-2
2022-03-18 15:03:09,17354,17354,17354,2,0
2022-03-18 15:03:09,17354,17354,17354,2,0
2022-03-18 15:03:09,17354,17354,17354,2,0
2022-03-18 15:03:09,17354,17354,17354,2,0
2022-03-18 15:03:09,17354,17354,17354,2,0
2022-03-18 15:03:09,17353,17353,17353,2,-2
2022-03-18 15:03:09,17353,17353,17353,2,0
2022-03-18 15:03:09,17353,17353,17353,2,0
2022-03-18 15:03:09,17353,17353,17353,2,0
2022-03-18 15:03:09,17353,17353,17353,2,0
2022-03-18 15:03:09,17353,17353,17353,2,0
2022-03-18 15:03:09,17353,17353,17353,2,0
2022-03-18 15:03:09,17353,17353,17353,2,0
2022-03-18 15:03:09,17353,17353,17353,2,0
2022-03-18 15:03:09,17352,17352,17352,2,-2
2022-03-18 15:03:09,17352,17352,17352,2,0
2022-03-18 15:03:09,17352,17352,17352,2,0
2022-03-18 15:03:09,17352,17352,17352,4,0
2022-03-18 15:03:09,17352,17352,17352,2,0
2022-03-18 15:03:09,17352,17352,17352,10,0
2022-03-18 15:03:09,17352,17352,17352,2,0
2022-03-18 15:03:09,17352,17352,17352,2,0
2022-03-18 15:03:09,17352,17352,17352,2,0
2022-03-18 15:03:09,17352,17352,17352,2,0
2022-03-18 15:03:09,17352,17352,17352,2,0
2022-03-18 15:03:09,17352,17352,17352,14,0
2022-03-18 15:03:09,17352,17352,17352,2,0
2022-03-18 15:03:09,17354,17354,17354,2,2
2022-03-18 15:03:09,17354,17354,17354,2,0
2022-03-18 15:03:11,17356,17356,17356,2,2
2022-03-18 15:03:13,17354,17354,17354,2,-2
2022-03-18 15:03:13,17353,17353,17353,2,-2
2022-03-18 15:03:14,17354,17354,17354,2,2
2022-03-18 15:03:14,17354,17354,17354,2,0
2022-03-18 15:03:15,17353,17353,17353,2,-2
2022-03-18 15:03:16,17353,17353,17353,2,0
2022-03-18 15:03:16,17353,17353,17353,2,0
2022-03-18 15:03:16,17353,17353,17353,2,0
2022-03-18 15:03:16,17353,17353,17353,2,0
2022-03-18 15:03:17,17353,17353,17353,2,0
2022-03-18 15:03:17,17353,17353,17353,2,0
2022-03-18 15:03:19,17356,17356,17356,2,2
2022-03-18 15:03:19,17355,17355,17355,2,-2
2022-03-18 15:03:19,17354,17354,17354,2,-2
2022-03-18 15:03:19,17354,17354,17354,2,0
2022-03-18 15:03:19,17354,17354,17354,2,0
2022-03-18 15:03:20,17355,17355,17355,2,2
2022-03-18 15:03:20,17356,17356,17356,2,2
2022-03-18 15:03:21,17356,17356,17356,4,0
2022-03-18 15:03:21,17357,17357,17357,2,2
2022-03-18 15:03:21,17357,17357,17357,4,0
2022-03-18 15:03:23,17358,17358,17358,2,2
2022-03-18 15:03:23,17357,17357,17357,2,-2
2022-03-18 15:03:23,17357,17357,17357,2,0
2022-03-18 15:03:23,17358,17358,17358,2,2
2022-03-18 15:03:23,17358,17358,17358,6,0
2022-03-18 15:03:23,17358,17358,17358,2,0
2022-03-18 15:03:23,17359,17359,17359,2,2
2022-03-18 15:03:23,17359,17359,17359,6,0
2022-03-18 15:03:23,17360,17360,17360,4,4
2022-03-18 15:03:23,17358,17358,17358,2,-2
2022-03-18 15:03:23,17358,17358,17358,2,0
2022-03-18 15:03:23,17358,17358,17358,2,0
2022-03-18 15:03:24,17357,17357,17357,2,-2
2022-03-18 15:03:24,17357,17357,17357,2,0
2022-03-18 15:03:24,17356,17356,17356,2,-2
2022-03-18 15:03:24,17356,17356,17356,2,0
2022-03-18 15:03:24,17356,17356,17356,2,0
2022-03-18 15:03:24,17356,17356,17356,2,0
2022-03-18 15:03:24,17356,17356,17356,2,0
2022-03-18 15:03:24,17356,17356,17356,2,0
2022-03-18 15:03:24,17356,17356,17356,2,0
2022-03-18 15:03:24,17355,17355,17355,2,-2
2022-03-18 15:03:24,17355,17355,17355,2,0
2022-03-18 15:03:24,17355,17355,17355,2,0
2022-03-18 15:03:24,17355,17355,17355,2,0
2022-03-18 15:03:24,17354,17354,17354,2,-2
2022-03-18 15:03:24,17354,17354,17354,2,0
2022-03-18 15:03:24,17354,17354,17354,2,0
2022-03-18 15:03:24,17354,17354,17354,2,0
2022-03-18 15:03:24,17354,17354,17354,2,0
2022-03-18 15:03:24,17354,17354,17354,2,0
2022-03-18 15:03:24,17354,17354,17354,4,0
2022-03-18 15:03:24,17354,17354,17354,8,0
2022-03-18 15:03:24,17357,17357,17357,2,2
2022-03-18 15:03:24,17357,17357,17357,2,0
2022-03-18 15:03:25,17357,17357,17357,2,0
2022-03-18 15:03:25,17357,17357,17357,2,0
2022-03-18 15:03:26,17356,17356,17356,2,-2
2022-03-18 15:03:27,17358,17358,17358,2,2
2022-03-18 15:03:27,17358,17358,17358,10,0
2022-03-18 15:03:27,17357,17357,17357,2,-2
2022-03-18 15:03:28,17359,17359,17359,2,2
2022-03-18 15:03:29,17358,17358,17358,2,-2
2022-03-18 15:03:29,17357,17357,17357,2,-2
2022-03-18 15:03:29,17359,17359,17359,2,2
2022-03-18 15:03:29,17357,17357,17357,2,-2
2022-03-18 15:03:29,17357,17357,17357,2,0
2022-03-18 15:03:29,17357,17357,17357,2,0
2022-03-18 15:03:29,17357,17357,17357,2,0
2022-03-18 15:03:29,17356,17356,17356,2,-2
2022-03-18 15:03:29,17356,17356,17356,2,0
2022-03-18 15:03:29,17356,17356,17356,2,0
2022-03-18 15:03:29,17356,17356,17356,2,0
2022-03-18 15:03:29,17356,17356,17356,2,0
2022-03-18 15:03:29,17356,17356,17356,2,0
2022-03-18 15:03:29,17356,17356,17356,2,0
2022-03-18 15:03:29,17356,17356,17356,2,0
2022-03-18 15:03:29,17356,17356,17356,2,0
2022-03-18 15:03:29,17356,17356,17356,26,0
2022-03-18 15:03:30,17359,17359,17359,10,10
2022-03-18 15:03:30,17360,17360,17360,10,10
2022-03-18 15:03:30,17359,17359,17359,2,-2
2022-03-18 15:03:31,17357,17357,17357,2,-2
2022-03-18 15:03:32,17358,17358,17358,2,2
2022-03-18 15:03:35,17359,17359,17359,2,2
2022-03-18 15:03:37,17357,17357,17357,2,-2
2022-03-18 15:03:37,17357,17357,17357,2,0
2022-03-18 15:03:37,17357,17357,17357,2,0
2022-03-18 15:03:39,17357,17357,17357,12,0
2022-03-18 15:03:39,17356,17356,17356,2,-2
2022-03-18 15:03:39,17357,17357,17357,2,2
2022-03-18 15:03:40,17357,17357,17357,2,0
2022-03-18 15:03:41,17357,17357,17357,2,0
2022-03-18 15:03:41,17357,17357,17357,16,0
2022-03-18 15:03:41,17357,17357,17357,2,0
2022-03-18 15:03:41,17357,17357,17357,2,0
2022-03-18 15:03:41,17357,17357,17357,8,0
2022-03-18 15:03:41,17357,17357,17357,2,0
2022-03-18 15:03:43,17357,17357,17357,2,0
2022-03-18 15:03:43,17357,17357,17357,2,0
2022-03-18 15:03:43,17358,17358,17358,2,2
2022-03-18 15:03:45,17358,17358,17358,2,0
2022-03-18 15:03:47,17356,17356,17356,2,-2
2022-03-18 15:03:47,17356,17356,17356,4,0
2022-03-18 15:03:47,17356,17356,17356,2,0
2022-03-18 15:03:47,17356,17356,17356,4,0
2022-03-18 15:03:47,17356,17356,17356,2,0
2022-03-18 15:03:48,17356,17356,17356,2,0
2022-03-18 15:03:48,17355,17355,17355,2,-2
2022-03-18 15:03:48,17355,17355,17355,2,0
2022-03-18 15:03:48,17356,17356,17356,2,2
2022-03-18 15:03:51,17356,17356,17356,4,0
2022-03-18 15:03:51,17355,17355,17355,2,-2
2022-03-18 15:03:51,17356,17356,17356,8,8
2022-03-18 15:03:52,17356,17356,17356,2,0
2022-03-18 15:03:53,17356,17356,17356,2,0
2022-03-18 15:03:53,17356,17356,17356,2,0
2022-03-18 15:03:54,17355,17355,17355,2,-2
2022-03-18 15:03:54,17355,17355,17355,2,0
2022-03-18 15:03:54,17355,17355,17355,2,0
2022-03-18 15:03:54,17354,17354,17354,2,-2
2022-03-18 15:03:54,17354,17354,17354,2,0
2022-03-18 15:03:55,17356,17356,17356,2,2
2022-03-18 15:03:57,17356,17356,17356,2,0
2022-03-18 15:04:01,17356,17356,17356,2,0
2022-03-18 15:04:01,17357,17357,17357,2,2
2022-03-18 15:04:02,17357,17357,17357,2,0
2022-03-18 15:04:03,17357,17357,17357,2,0
2022-03-18 15:04:03,17357,17357,17357,2,0
2022-03-18 15:04:04,17356,17356,17356,2,-2
2022-03-18 15:04:05,17357,17357,17357,2,2
2022-03-18 15:04:06,17357,17357,17357,2,0
2022-03-18 15:04:06,17356,17356,17356,2,-2
2022-03-18 15:04:07,17358,17358,17358,2,2
2022-03-18 15:04:07,17358,17358,17358,12,0
2022-03-18 15:04:11,17359,17359,17359,2,2
2022-03-18 15:04:11,17359,17359,17359,2,0
2022-03-18 15:04:11,17359,17359,17359,2,0
2022-03-18 15:04:11,17359,17359,17359,8,0
2022-03-18 15:04:12,17360,17360,17360,10,10
2022-03-18 15:04:12,17360,17360,17360,2,0
2022-03-18 15:04:13,17361,17361,17361,2,2
2022-03-18 15:04:13,17361,17361,17361,2,0
2022-03-18 15:04:13,17362,17362,17362,8,8
2022-03-18 15:04:13,17363,17363,17363,2,2
2022-03-18 15:04:14,17363,17363,17363,2,0
2022-03-18 15:04:14,17363,17363,17363,2,0
2022-03-18 15:04:14,17363,17363,17363,2,0
2022-03-18 15:04:14,17363,17363,17363,2,0
2022-03-18 15:04:15,17365,17365,17365,2,2
2022-03-18 15:04:15,17364,17364,17364,2,-2
2022-03-18 15:04:17,17364,17364,17364,2,0
2022-03-18 15:04:17,17365,17365,17365,2,2
2022-03-18 15:04:18,17365,17365,17365,2,0
2022-03-18 15:04:19,17364,17364,17364,2,-2
2022-03-18 15:04:20,17365,17365,17365,2,2
2022-03-18 15:04:21,17365,17365,17365,2,0
2022-03-18 15:04:21,17365,17365,17365,4,0
2022-03-18 15:04:21,17365,17365,17365,2,0
2022-03-18 15:04:22,17365,17365,17365,2,0
2022-03-18 15:04:24,17366,17366,17366,2,2
2022-03-18 15:04:24,17366,17366,17366,2,0
2022-03-18 15:04:26,17366,17366,17366,2,0
2022-03-18 15:04:26,17367,17367,17367,4,4
2022-03-18 15:04:26,17366,17366,17366,2,-2
2022-03-18 15:04:27,17367,17367,17367,2,2
2022-03-18 15:04:28,17366,17366,17366,2,-2
2022-03-18 15:04:29,17366,17366,17366,2,0
2022-03-18 15:04:30,17366,17366,17366,2,0
2022-03-18 15:04:32,17365,17365,17365,2,-2
2022-03-18 15:04:32,17366,17366,17366,2,2
2022-03-18 15:04:34,17364,17364,17364,2,-2
2022-03-18 15:04:34,17365,17365,17365,2,2
2022-03-18 15:04:34,17366,17366,17366,2,2
2022-03-18 15:04:35,17366,17366,17366,2,0
2022-03-18 15:04:37,17365,17365,17365,6,-6
2022-03-18 15:04:37,17366,17366,17366,2,2
2022-03-18 15:04:38,17366,17366,17366,2,0
2022-03-18 15:04:39,17366,17366,17366,2,0
2022-03-18 15:04:39,17366,17366,17366,6,0
2022-03-18 15:04:42,17366,17366,17366,2,0
2022-03-18 15:04:46,17367,17367,17367,4,4
2022-03-18 15:04:47,17366,17366,17366,2,-2
2022-03-18 15:04:51,17367,17367,17367,2,2
2022-03-18 15:04:51,17366,17366,17366,2,-2
2022-03-18 15:04:54,17366,17366,17366,4,0
2022-03-18 15:04:54,17367,17367,17367,6,6
2022-03-18 15:04:55,17365,17365,17365,2,-2
2022-03-18 15:04:55,17367,17367,17367,2,2
2022-03-18 15:04:58,17365,17365,17365,2,-2
2022-03-18 15:04:58,17365,17365,17365,2,0
2022-03-18 15:04:58,17365,17365,17365,2,0
2022-03-18 15:04:59,17366,17366,17366,2,2
2022-03-18 15:05:01,17366,17366,17366,6,0
2022-03-18 15:05:01,17367,17367,17367,2,2
2022-03-18 15:05:01,17367,17367,17367,6,0
2022-03-18 15:05:01,17368,17368,17368,2,2
2022-03-18 15:05:01,17368,17368,17368,8,0
2022-03-18 15:05:01,17367,17367,17367,2,-2
2022-03-18 15:05:01,17367,17367,17367,2,0
2022-03-18 15:05:01,17367,17367,17367,2,0
2022-03-18 15:05:01,17367,17367,17367,2,0
2022-03-18 15:05:01,17367,17367,17367,2,0
2022-03-18 15:05:01,17367,17367,17367,2,0
2022-03-18 15:05:01,17367,17367,17367,2,0
2022-03-18 15:05:01,17367,17367,17367,2,0
2022-03-18 15:05:01,17366,17366,17366,2,-2
2022-03-18 15:05:01,17366,17366,17366,2,0
2022-03-18 15:05:01,17366,17366,17366,2,0
2022-03-18 15:05:01,17366,17366,17366,2,0
2022-03-18 15:05:01,17366,17366,17366,2,0
2022-03-18 15:05:01,17366,17366,17366,2,0
2022-03-18 15:05:02,17365,17365,17365,2,-2
2022-03-18 15:05:02,17367,17367,17367,2,2
2022-03-18 15:05:08,17367,17367,17367,4,0
2022-03-18 15:05:09,17369,17369,17369,2,2
2022-03-18 15:05:10,17369,17369,17369,2,0
2022-03-18 15:05:10,17369,17369,17369,2,0
2022-03-18 15:05:10,17367,17367,17367,2,-2
2022-03-18 15:05:13,17366,17366,17366,2,-2
2022-03-18 15:05:13,17366,17366,17366,2,0
2022-03-18 15:05:14,17367,17367,17367,2,2
2022-03-18 15:05:15,17366,17366,17366,2,-2
2022-03-18 15:05:15,17366,17366,17366,4,0
2022-03-18 15:05:16,17366,17366,17366,2,0
2022-03-18 15:05:16,17367,17367,17367,2,2
2022-03-18 15:05:17,17367,17367,17367,2,0
2022-03-18 15:05:19,17365,17365,17365,2,-2
2022-03-18 15:05:19,17365,17365,17365,2,0
2022-03-18 15:05:19,17365,17365,17365,2,0
2022-03-18 15:05:19,17364,17364,17364,2,-2
2022-03-18 15:05:19,17364,17364,17364,2,0
2022-03-18 15:05:19,17364,17364,17364,2,0
2022-03-18 15:05:19,17364,17364,17364,2,0
2022-03-18 15:05:21,17363,17363,17363,2,-2
2022-03-18 15:05:23,17362,17362,17362,6,-6
2022-03-18 15:05:23,17362,17362,17362,2,0
2022-03-18 15:05:23,17362,17362,17362,2,0
2022-03-18 15:05:24,17364,17364,17364,2,2
2022-03-18 15:05:24,17362,17362,17362,2,-2
2022-03-18 15:05:27,17364,17364,17364,2,2
2022-03-18 15:05:28,17363,17363,17363,2,-2
2022-03-18 15:05:28,17363,17363,17363,2,0
2022-03-18 15:05:28,17363,17363,17363,2,0
2022-03-18 15:05:28,17364,17364,17364,2,2
2022-03-18 15:05:28,17364,17364,17364,2,0
2022-03-18 15:05:28,17364,17364,17364,2,0
2022-03-18 15:05:29,17365,17365,17365,2,2
2022-03-18 15:05:30,17364,17364,17364,2,-2
2022-03-18 15:05:31,17363,17363,17363,2,-2
2022-03-18 15:05:34,17363,17363,17363,2,0
2022-03-18 15:05:34,17363,17363,17363,2,0
2022-03-18 15:05:35,17363,17363,17363,2,0
2022-03-18 15:05:35,17363,17363,17363,2,0
2022-03-18 15:05:35,17363,17363,17363,4,0
2022-03-18 15:05:35,17363,17363,17363,2,0
2022-03-18 15:05:41,17362,17362,17362,2,-2
2022-03-18 15:05:45,17362,17362,17362,4,0
2022-03-18 15:05:45,17363,17363,17363,4,4
2022-03-18 15:05:52,17363,17363,17363,2,0
2022-03-18 15:05:53,17362,17362,17362,2,-2
2022-03-18 15:05:53,17362,17362,17362,2,0
2022-03-18 15:05:54,17362,17362,17362,2,0
2022-03-18 15:05:54,17360,17360,17360,2,-2
2022-03-18 15:05:54,17360,17360,17360,2,0
2022-03-18 15:06:00,17361,17361,17361,2,2
2022-03-18 15:06:02,17360,17360,17360,2,-2
2022-03-18 15:06:05,17360,17360,17360,2,0
2022-03-18 15:06:08,17361,17361,17361,4,4
2022-03-18 15:06:09,17362,17362,17362,4,4
2022-03-18 15:06:09,17362,17362,17362,2,0
2022-03-18 15:06:13,17363,17363,17363,6,6
2022-03-18 15:06:13,17364,17364,17364,8,8
2022-03-18 15:06:13,17365,17365,17365,16,16
2022-03-18 15:06:13,17366,17366,17366,10,10
2022-03-18 15:06:16,17365,17365,17365,4,-4
2022-03-18 15:06:22,17365,17365,17365,2,0
2022-03-18 15:06:22,17364,17364,17364,2,-2
2022-03-18 15:06:22,17365,17365,17365,2,2
2022-03-18 15:06:31,17364,17364,17364,2,-2
2022-03-18 15:06:32,17363,17363,17363,2,-2
2022-03-18 15:06:33,17361,17361,17361,2,-2
2022-03-18 15:06:33,17361,17361,17361,2,0
2022-03-18 15:06:33,17361,17361,17361,2,0
2022-03-18 15:06:33,17361,17361,17361,2,0
2022-03-18 15:06:33,17361,17361,17361,2,0
2022-03-18 15:06:33,17361,17361,17361,2,0
2022-03-18 15:06:35,17361,17361,17361,2,0
2022-03-18 15:06:35,17360,17360,17360,2,-2
2022-03-18 15:06:35,17360,17360,17360,2,0
2022-03-18 15:06:35,17360,17360,17360,2,0
2022-03-18 15:06:35,17360,17360,17360,2,0
2022-03-18 15:06:35,17360,17360,17360,2,0
2022-03-18 15:06:35,17360,17360,17360,4,0
2022-03-18 15:06:35,17360,17360,17360,2,0
2022-03-18 15:06:35,17360,17360,17360,18,0
2022-03-18 15:06:35,17360,17360,17360,2,0
2022-03-18 15:06:35,17360,17360,17360,4,0
2022-03-18 15:06:35,17360,17360,17360,2,0
2022-03-18 15:06:35,17359,17359,17359,2,-2
2022-03-18 15:06:35,17359,17359,17359,2,0
2022-03-18 15:06:35,17359,17359,17359,8,0
2022-03-18 15:06:35,17359,17359,17359,2,0
2022-03-18 15:06:36,17360,17360,17360,2,2
2022-03-18 15:06:36,17360,17360,17360,2,0
2022-03-18 15:06:41,17359,17359,17359,2,-2
2022-03-18 15:06:45,17359,17359,17359,2,0
2022-03-18 15:06:45,17360,17360,17360,2,2
2022-03-18 15:06:48,17359,17359,17359,2,-2
2022-03-18 15:06:53,17359,17359,17359,2,0
2022-03-18 15:06:53,17359,17359,17359,2,0
2022-03-18 15:06:53,17359,17359,17359,2,0
2022-03-18 15:06:53,17359,17359,17359,4,0
2022-03-18 15:06:54,17359,17359,17359,10,0
2022-03-18 15:06:54,17359,17359,17359,2,0
2022-03-18 15:06:54,17359,17359,17359,2,0
2022-03-18 15:06:54,17359,17359,17359,2,0
2022-03-18 15:06:55,17360,17360,17360,2,2
2022-03-18 15:06:55,17360,17360,17360,2,0
2022-03-18 15:06:55,17360,17360,17360,2,0
2022-03-18 15:06:55,17360,17360,17360,2,0
2022-03-18 15:06:55,17360,17360,17360,2,0
2022-03-18 15:07:00,17361,17361,17361,2,2
2022-03-18 15:07:06,17361,17361,17361,2,0
2022-03-18 15:07:07,17361,17361,17361,2,0
2022-03-18 15:07:07,17360,17360,17360,2,-2
2022-03-18 15:07:09,17360,17360,17360,2,0
2022-03-18 15:07:10,17359,17359,17359,2,-2
2022-03-18 15:07:11,17360,17360,17360,2,2
2022-03-18 15:07:11,17360,17360,17360,2,0
2022-03-18 15:07:12,17360,17360,17360,4,0
2022-03-18 15:07:14,17360,17360,17360,2,0
2022-03-18 15:07:14,17360,17360,17360,2,0
2022-03-18 15:07:19,17360,17360,17360,2,0
2022-03-18 15:07:20,17360,17360,17360,2,0
2022-03-18 15:07:31,17362,17362,17362,6,6
2022-03-18 15:07:31,17362,17362,17362,4,0
2022-03-18 15:07:33,17361,17361,17361,2,-2
2022-03-18 15:07:33,17361,17361,17361,2,0
2022-03-18 15:07:34,17362,17362,17362,4,4
2022-03-18 15:07:41,17361,17361,17361,2,-2
2022-03-18 15:07:43,17363,17363,17363,2,2
2022-03-18 15:07:43,17363,17363,17363,2,0
2022-03-18 15:07:47,17364,17364,17364,2,2
2022-03-18 15:07:49,17364,17364,17364,2,0
2022-03-18 15:07:50,17365,17365,17365,2,2
2022-03-18 15:07:50,17365,17365,17365,2,0
2022-03-18 15:07:50,17365,17365,17365,2,0
2022-03-18 15:07:51,17364,17364,17364,2,-2
2022-03-18 15:07:53,17363,17363,17363,2,-2
2022-03-18 15:07:53,17364,17364,17364,2,2
2022-03-18 15:07:54,17364,17364,17364,2,0
2022-03-18 15:07:59,17364,17364,17364,2,0
2022-03-18 15:08:00,17365,17365,17365,2,2
2022-03-18 15:08:00,17365,17365,17365,4,0
2022-03-18 15:08:04,17366,17366,17366,2,2
2022-03-18 15:08:04,17365,17365,17365,2,-2
2022-03-18 15:08:04,17365,17365,17365,2,0
2022-03-18 15:08:05,17365,17365,17365,2,0
2022-03-18 15:08:05,17365,17365,17365,2,0
2022-03-18 15:08:06,17365,17365,17365,2,0
2022-03-18 15:08:06,17365,17365,17365,2,0
2022-03-18 15:08:06,17365,17365,17365,4,0
2022-03-18 15:08:07,17365,17365,17365,4,0
2022-03-18 15:08:08,17366,17366,17366,2,2
2022-03-18 15:08:10,17365,17365,17365,2,-2
2022-03-18 15:08:10,17365,17365,17365,4,0
2022-03-18 15:08:10,17366,17366,17366,4,4
2022-03-18 15:08:11,17365,17365,17365,2,-2
2022-03-18 15:08:11,17365,17365,17365,4,0
2022-03-18 15:08:13,17365,17365,17365,2,0
2022-03-18 15:08:14,17364,17364,17364,2,-2
2022-03-18 15:08:14,17364,17364,17364,2,0
2022-03-18 15:08:19,17363,17363,17363,2,-2
2022-03-18 15:08:19,17363,17363,17363,2,0
2022-03-18 15:08:21,17362,17362,17362,2,-2
2022-03-18 15:08:22,17363,17363,17363,2,2
2022-03-18 15:08:22,17362,17362,17362,2,-2
2022-03-18 15:08:26,17361,17361,17361,2,-2
2022-03-18 15:08:26,17361,17361,17361,2,0
2022-03-18 15:08:26,17361,17361,17361,2,0
2022-03-18 15:08:26,17361,17361,17361,2,0
2022-03-18 15:08:27,17362,17362,17362,2,2
2022-03-18 15:08:33,17362,17362,17362,2,0
2022-03-18 15:08:33,17363,17363,17363,8,8
2022-03-18 15:08:34,17362,17362,17362,8,-8
2022-03-18 15:08:36,17363,17363,17363,2,2
2022-03-18 15:08:37,17364,17364,17364,2,2
2022-03-18 15:08:37,17363,17363,17363,2,-2
2022-03-18 15:08:40,17364,17364,17364,8,8
2022-03-18 15:08:41,17364,17364,17364,4,0
2022-03-18 15:08:41,17364,17364,17364,2,0
2022-03-18 15:08:41,17365,17365,17365,2,2
2022-03-18 15:08:43,17364,17364,17364,2,-2
2022-03-18 15:08:44,17365,17365,17365,8,8
2022-03-18 15:08:47,17366,17366,17366,18,18
2022-03-18 15:08:49,17367,17367,17367,2,2
2022-03-18 15:08:51,17366,17366,17366,2,-2
2022-03-18 15:08:53,17367,17367,17367,10,10
2022-03-18 15:08:53,17367,17367,17367,8,0
2022-03-18 15:08:53,17367,17367,17367,2,0
2022-03-18 15:08:53,17368,17368,17368,2,2
2022-03-18 15:08:53,17368,17368,17368,2,0
2022-03-18 15:08:57,17369,17369,17369,2,2
2022-03-18 15:08:59,17369,17369,17369,4,0
2022-03-18 15:08:59,17369,17369,17369,2,0
2022-03-18 15:08:59,17369,17369,17369,8,0
2022-03-18 15:08:59,17370,17370,17370,2,2
2022-03-18 15:08:59,17370,17370,17370,2,0
2022-03-18 15:09:00,17369,17369,17369,2,-2
2022-03-18 15:09:00,17369,17369,17369,2,0
2022-03-18 15:09:00,17369,17369,17369,2,0
2022-03-18 15:09:01,17369,17369,17369,2,0
2022-03-18 15:09:01,17369,17369,17369,2,0
2022-03-18 15:09:02,17369,17369,17369,2,0
2022-03-18 15:09:02,17368,17368,17368,2,-2
2022-03-18 15:09:02,17369,17369,17369,2,2
2022-03-18 15:09:03,17368,17368,17368,2,-2
2022-03-18 15:09:03,17368,17368,17368,2,0
2022-03-18 15:09:04,17368,17368,17368,8,0
2022-03-18 15:09:05,17368,17368,17368,2,0
2022-03-18 15:09:06,17368,17368,17368,2,0
2022-03-18 15:09:07,17367,17367,17367,2,-2
2022-03-18 15:09:07,17367,17367,17367,2,0
2022-03-18 15:09:07,17367,17367,17367,2,0
2022-03-18 15:09:07,17367,17367,17367,2,0
2022-03-18 15:09:07,17367,17367,17367,2,0
2022-03-18 15:09:07,17367,17367,17367,2,0
2022-03-18 15:09:08,17366,17366,17366,2,-2
2022-03-18 15:09:08,17366,17366,17366,2,0
2022-03-18 15:09:08,17366,17366,17366,2,0
2022-03-18 15:09:08,17365,17365,17365,2,-2
2022-03-18 15:09:08,17365,17365,17365,2,0
2022-03-18 15:09:08,17366,17366,17366,6,6
2022-03-18 15:09:09,17366,17366,17366,2,0
2022-03-18 15:09:12,17366,17366,17366,2,0
2022-03-18 15:09:14,17366,17366,17366,6,0
2022-03-18 15:09:16,17364,17364,17364,2,-2
2022-03-18 15:09:17,17365,17365,17365,2,2
2022-03-18 15:09:18,17363,17363,17363,2,-2
2022-03-18 15:09:25,17365,17365,17365,2,2
2022-03-18 15:09:25,17365,17365,17365,2,0
2022-03-18 15:09:37,17366,17366,17366,4,4
2022-03-18 15:09:37,17366,17366,17366,2,0
2022-03-18 15:09:39,17366,17366,17366,2,0
2022-03-18 15:09:42,17366,17366,17366,2,0
2022-03-18 15:09:44,17367,17367,17367,6,6
2022-03-18 15:09:44,17368,17368,17368,4,4
2022-03-18 15:09:49,17368,17368,17368,2,0
2022-03-18 15:09:56,17366,17366,17366,2,-2
2022-03-18 15:09:56,17366,17366,17366,4,0
2022-03-18 15:09:57,17366,17366,17366,2,0
2022-03-18 15:09:58,17366,17366,17366,18,0
2022-03-18 15:09:58,17366,17366,17366,2,0
2022-03-18 15:09:58,17366,17366,17366,2,0
2022-03-18 15:09:59,17366,17366,17366,2,0
2022-03-18 15:10:03,17365,17365,17365,2,-2
2022-03-18 15:10:03,17365,17365,17365,2,0
2022-03-18 15:10:03,17365,17365,17365,2,0
2022-03-18 15:10:03,17364,17364,17364,2,-2
2022-03-18 15:10:03,17364,17364,17364,2,0
2022-03-18 15:10:03,17364,17364,17364,2,0
2022-03-18 15:10:03,17364,17364,17364,4,0
2022-03-18 15:10:03,17365,17365,17365,2,2
2022-03-18 15:10:04,17363,17363,17363,2,-2
2022-03-18 15:10:14,17366,17366,17366,10,10
2022-03-18 15:10:14,17365,17365,17365,2,-2
2022-03-18 15:10:17,17365,17365,17365,2,0
2022-03-18 15:10:21,17365,17365,17365,2,0
2022-03-18 15:10:24,17364,17364,17364,2,-2
2022-03-18 15:10:25,17364,17364,17364,2,0
2022-03-18 15:10:25,17364,17364,17364,2,0
2022-03-18 15:10:32,17364,17364,17364,2,0
2022-03-18 15:10:36,17365,17365,17365,4,4
2022-03-18 15:10:37,17364,17364,17364,2,-2
2022-03-18 15:10:38,17366,17366,17366,2,2
2022-03-18 15:10:41,17367,17367,17367,2,2
2022-03-18 15:10:41,17367,17367,17367,6,0
2022-03-18 15:10:41,17367,17367,17367,2,0
2022-03-18 15:10:42,17368,17368,17368,2,2
2022-03-18 15:10:42,17368,17368,17368,6,0
2022-03-18 15:10:42,17368,17368,17368,2,0
2022-03-18 15:10:45,17369,17369,17369,10,10
2022-03-18 15:10:46,17370,17370,17370,2,2
2022-03-18 15:10:46,17370,17370,17370,2,0
2022-03-18 15:10:47,17370,17370,17370,4,0
2022-03-18 15:10:49,17370,17370,17370,2,0
2022-03-18 15:10:49,17370,17370,17370,2,0
2022-03-18 15:10:50,17369,17369,17369,6,-6
2022-03-18 15:10:52,17368,17368,17368,2,-2
2022-03-18 15:10:52,17367,17367,17367,2,-2
2022-03-18 15:11:01,17370,17370,17370,24,24
2022-03-18 15:11:01,17370,17370,17370,2,0
2022-03-18 15:11:02,17369,17369,17369,2,-2
2022-03-18 15:11:03,17369,17369,17369,2,0
2022-03-18 15:11:05,17371,17371,17371,8,8
2022-03-18 15:11:05,17371,17371,17371,10,0
2022-03-18 15:11:05,17371,17371,17371,4,0
2022-03-18 15:11:10,17370,17370,17370,2,-2
2022-03-18 15:11:14,17371,17371,17371,2,2
2022-03-18 15:11:15,17371,17371,17371,2,0
2022-03-18 15:11:21,17371,17371,17371,2,0
2022-03-18 15:11:24,17371,17371,17371,2,0
2022-03-18 15:11:25,17372,17372,17372,4,4
2022-03-18 15:11:25,17372,17372,17372,12,0
2022-03-18 15:11:25,17372,17372,17372,4,0
2022-03-18 15:11:26,17373,17373,17373,2,2
2022-03-18 15:11:28,17372,17372,17372,2,-2
2022-03-18 15:11:28,17373,17373,17373,2,2
2022-03-18 15:11:29,17373,17373,17373,2,0
2022-03-18 15:11:30,17373,17373,17373,2,0
2022-03-18 15:11:33,17373,17373,17373,2,0
2022-03-18 15:11:35,17373,17373,17373,2,0
2022-03-18 15:11:35,17372,17372,17372,2,-2
2022-03-18 15:11:35,17372,17372,17372,2,0
2022-03-18 15:11:35,17372,17372,17372,2,0
2022-03-18 15:11:35,17372,17372,17372,2,0
2022-03-18 15:11:35,17372,17372,17372,2,0
2022-03-18 15:11:36,17371,17371,17371,18,-18
2022-03-18 15:11:36,17371,17371,17371,2,0
2022-03-18 15:11:36,17371,17371,17371,2,0
2022-03-18 15:11:38,17370,17370,17370,2,-2
2022-03-18 15:11:38,17370,17370,17370,2,0
2022-03-18 15:11:38,17370,17370,17370,6,0
2022-03-18 15:11:38,17370,17370,17370,2,0
2022-03-18 15:11:38,17370,17370,17370,2,0
2022-03-18 15:11:40,17369,17369,17369,2,-2
2022-03-18 15:11:40,17371,17371,17371,4,4
2022-03-18 15:11:43,17368,17368,17368,2,-2
2022-03-18 15:11:45,17370,17370,17370,2,2
2022-03-18 15:11:47,17368,17368,17368,2,-2
2022-03-18 15:11:47,17368,17368,17368,2,0
2022-03-18 15:11:47,17368,17368,17368,2,0
2022-03-18 15:11:52,17367,17367,17367,2,-2
2022-03-18 15:11:52,17367,17367,17367,2,0
2022-03-18 15:11:52,17367,17367,17367,16,0
2022-03-18 15:11:52,17367,17367,17367,2,0
2022-03-18 15:11:52,17367,17367,17367,2,0
2022-03-18 15:11:52,17367,17367,17367,2,0
2022-03-18 15:11:53,17367,17367,17367,2,0
2022-03-18 15:11:55,17366,17366,17366,2,-2
2022-03-18 15:11:56,17365,17365,17365,2,-2
2022-03-18 15:11:56,17366,17366,17366,2,2
2022-03-18 15:11:58,17365,17365,17365,2,-2
2022-03-18 15:11:59,17367,17367,17367,2,2
2022-03-18 15:12:03,17365,17365,17365,2,-2
2022-03-18 15:12:03,17365,17365,17365,2,0
2022-03-18 15:12:03,17364,17364,17364,2,-2
2022-03-18 15:12:03,17365,17365,17365,8,8
2022-03-18 15:12:03,17366,17366,17366,8,8
2022-03-18 15:12:03,17367,17367,17367,8,8
2022-03-18 15:12:06,17365,17365,17365,2,-2
2022-03-18 15:12:07,17367,17367,17367,6,6
2022-03-18 15:12:08,17366,17366,17366,2,-2
2022-03-18 15:12:08,17365,17365,17365,2,-2
2022-03-18 15:12:09,17365,17365,17365,2,0
2022-03-18 15:12:10,17364,17364,17364,2,-2
2022-03-18 15:12:12,17365,17365,17365,2,2
2022-03-18 15:12:16,17365,17365,17365,10,0
2022-03-18 15:12:23,17364,17364,17364,2,-2
2022-03-18 15:12:25,17364,17364,17364,2,0
2022-03-18 15:12:25,17364,17364,17364,2,0
2022-03-18 15:12:25,17364,17364,17364,8,0
2022-03-18 15:12:25,17364,17364,17364,2,0
2022-03-18 15:12:25,17364,17364,17364,6,0
2022-03-18 15:12:25,17364,17364,17364,2,0
2022-03-18 15:12:25,17364,17364,17364,2,0
2022-03-18 15:12:25,17364,17364,17364,2,0
2022-03-18 15:12:26,17363,17363,17363,2,-2
2022-03-18 15:12:26,17363,17363,17363,2,0
2022-03-18 15:12:26,17363,17363,17363,6,0
2022-03-18 15:12:26,17363,17363,17363,2,0
2022-03-18 15:12:26,17363,17363,17363,6,0
2022-03-18 15:12:26,17363,17363,17363,2,0
2022-03-18 15:12:26,17363,17363,17363,2,0
2022-03-18 15:12:26,17363,17363,17363,2,0
2022-03-18 15:12:26,17363,17363,17363,2,0
2022-03-18 15:12:26,17363,17363,17363,2,0
2022-03-18 15:12:26,17364,17364,17364,2,2
2022-03-18 15:12:28,17362,17362,17362,2,-2
2022-03-18 15:12:28,17362,17362,17362,2,0
2022-03-18 15:12:28,17362,17362,17362,2,0
2022-03-18 15:12:28,17362,17362,17362,2,0
2022-03-18 15:12:28,17362,17362,17362,2,0
2022-03-18 15:12:28,17361,17361,17361,2,-2
2022-03-18 15:12:28,17361,17361,17361,2,0
2022-03-18 15:12:28,17361,17361,17361,2,0
2022-03-18 15:12:28,17361,17361,17361,2,0
2022-03-18 15:12:28,17361,17361,17361,2,0
2022-03-18 15:12:28,17361,17361,17361,2,0
2022-03-18 15:12:28,17361,17361,17361,2,0
2022-03-18 15:12:28,17361,17361,17361,2,0
2022-03-18 15:12:28,17361,17361,17361,2,0
2022-03-18 15:12:28,17360,17360,17360,2,-2
2022-03-18 15:12:28,17360,17360,17360,4,0
2022-03-18 15:12:28,17360,17360,17360,4,0
2022-03-18 15:12:28,17360,17360,17360,2,0
2022-03-18 15:12:28,17360,17360,17360,2,0
2022-03-18 15:12:28,17360,17360,17360,6,0
2022-03-18 15:12:28,17360,17360,17360,2,0
2022-03-18 15:12:29,17363,17363,17363,2,2
2022-03-18 15:12:32,17360,17360,17360,2,-2
2022-03-18 15:12:34,17362,17362,17362,2,2
2022-03-18 15:12:36,17362,17362,17362,2,0
2022-03-18 15:12:36,17361,17361,17361,2,-2
2022-03-18 15:12:41,17361,17361,17361,2,0
2022-03-18 15:12:43,17361,17361,17361,2,0
2022-03-18 15:12:43,17361,17361,17361,2,0
2022-03-18 15:12:43,17362,17362,17362,2,2
2022-03-18 15:12:44,17363,17363,17363,2,2
2022-03-18 15:12:44,17361,17361,17361,2,-2
2022-03-18 15:12:45,17361,17361,17361,2,0
2022-03-18 15:12:45,17361,17361,17361,2,0
2022-03-18 15:13:07,17361,17361,17361,2,0
2022-03-18 15:13:09,17361,17361,17361,2,0
2022-03-18 15:13:09,17360,17360,17360,2,-2
2022-03-18 15:13:11,17360,17360,17360,2,0
2022-03-18 15:13:11,17360,17360,17360,2,0
2022-03-18 15:13:11,17360,17360,17360,2,0
2022-03-18 15:13:11,17360,17360,17360,2,0
2022-03-18 15:13:11,17360,17360,17360,2,0
2022-03-18 15:13:11,17360,17360,17360,2,0
2022-03-18 15:13:11,17360,17360,17360,2,0
2022-03-18 15:13:11,17360,17360,17360,2,0
2022-03-18 15:13:11,17360,17360,17360,4,0
2022-03-18 15:13:11,17360,17360,17360,2,0
2022-03-18 15:13:14,17360,17360,17360,2,0
2022-03-18 15:13:14,17360,17360,17360,2,0
2022-03-18 15:13:14,17360,17360,17360,2,0
2022-03-18 15:13:14,17360,17360,17360,2,0
2022-03-18 15:13:14,17360,17360,17360,2,0
2022-03-18 15:13:14,17359,17359,17359,2,-2
2022-03-18 15:13:14,17359,17359,17359,2,0
2022-03-18 15:13:14,17359,17359,17359,2,0
2022-03-18 15:13:14,17359,17359,17359,2,0
2022-03-18 15:13:14,17359,17359,17359,2,0
2022-03-18 15:13:16,17359,17359,17359,2,0
2022-03-18 15:13:16,17359,17359,17359,2,0
2022-03-18 15:13:17,17359,17359,17359,2,0
2022-03-18 15:13:17,17358,17358,17358,2,-2
2022-03-18 15:13:19,17358,17358,17358,2,0
2022-03-18 15:13:19,17358,17358,17358,2,0
2022-03-18 15:13:19,17358,17358,17358,6,0
2022-03-18 15:13:19,17358,17358,17358,4,0
2022-03-18 15:13:19,17358,17358,17358,2,0
2022-03-18 15:13:19,17358,17358,17358,2,0
2022-03-18 15:13:19,17358,17358,17358,2,0
2022-03-18 15:13:19,17358,17358,17358,2,0
2022-03-18 15:13:19,17358,17358,17358,2,0
2022-03-18 15:13:20,17357,17357,17357,2,-2
2022-03-18 15:13:20,17357,17357,17357,2,0
2022-03-18 15:13:21,17358,17358,17358,2,2
2022-03-18 15:13:23,17357,17357,17357,2,-2
2022-03-18 15:13:23,17357,17357,17357,2,0
2022-03-18 15:13:25,17359,17359,17359,14,14
2022-03-18 15:13:26,17360,17360,17360,4,4
2022-03-18 15:13:27,17360,17360,17360,2,0
2022-03-18 15:13:27,17360,17360,17360,2,0
2022-03-18 15:13:30,17360,17360,17360,2,0
2022-03-18 15:13:30,17359,17359,17359,2,-2
2022-03-18 15:13:33,17360,17360,17360,2,2
2022-03-18 15:13:33,17359,17359,17359,2,-2
2022-03-18 15:13:33,17359,17359,17359,2,0
2022-03-18 15:13:33,17359,17359,17359,2,0
2022-03-18 15:13:34,17359,17359,17359,2,0
2022-03-18 15:13:34,17358,17358,17358,2,-2
2022-03-18 15:13:40,17360,17360,17360,2,2
2022-03-18 15:13:40,17360,17360,17360,2,0
2022-03-18 15:13:46,17360,17360,17360,8,0
2022-03-18 15:13:51,17361,17361,17361,2,2
2022-03-18 15:13:51,17361,17361,17361,2,0
2022-03-18 15:13:51,17361,17361,17361,2,0
2022-03-18 15:13:51,17361,17361,17361,2,0
2022-03-18 15:13:51,17361,17361,17361,2,0
2022-03-18 15:13:51,17361,17361,17361,2,0
2022-03-18 15:13:51,17361,17361,17361,8,0
2022-03-18 15:13:51,17360,17360,17360,2,-2
2022-03-18 15:13:52,17360,17360,17360,2,0
2022-03-18 15:13:52,17360,17360,17360,2,0
2022-03-18 15:13:53,17361,17361,17361,2,2
2022-03-18 15:13:56,17361,17361,17361,2,0
2022-03-18 15:13:59,17362,17362,17362,2,2
2022-03-18 15:14:02,17361,17361,17361,2,-2
2022-03-18 15:14:03,17360,17360,17360,2,-2
2022-03-18 15:14:04,17361,17361,17361,2,2
2022-03-18 15:14:07,17361,17361,17361,2,0
2022-03-18 15:14:08,17360,17360,17360,4,-4
2022-03-18 15:14:08,17359,17359,17359,2,-2
2022-03-18 15:14:08,17359,17359,17359,2,0
2022-03-18 15:14:08,17359,17359,17359,2,0
2022-03-18 15:14:14,17360,17360,17360,2,2
2022-03-18 15:14:15,17360,17360,17360,4,0
2022-03-18 15:14:17,17359,17359,17359,2,-2
2022-03-18 15:14:17,17360,17360,17360,2,2
2022-03-18 15:14:17,17360,17360,17360,2,0
2022-03-18 15:14:17,17360,17360,17360,2,0
2022-03-18 15:14:17,17360,17360,17360,2,0
2022-03-18 15:14:17,17360,17360,17360,10,0
2022-03-18 15:14:17,17360,17360,17360,10,0
2022-03-18 15:14:17,17361,17361,17361,8,8
2022-03-18 15:14:18,17362,17362,17362,6,6
2022-03-18 15:14:19,17361,17361,17361,2,-2
2022-03-18 15:14:20,17361,17361,17361,2,0
2022-03-18 15:14:20,17360,17360,17360,2,-2
2022-03-18 15:14:21,17361,17361,17361,2,2
2022-03-18 15:14:25,17359,17359,17359,2,-2
2022-03-18 15:14:29,17359,17359,17359,2,0
2022-03-18 15:14:36,17359,17359,17359,2,0
2022-03-18 15:14:36,17359,17359,17359,8,0
2022-03-18 15:14:49,17359,17359,17359,2,0
2022-03-18 15:14:57,17360,17360,17360,10,10
2022-03-18 15:14:57,17360,17360,17360,2,0
2022-03-18 15:14:57,17360,17360,17360,2,0
2022-03-18 15:14:57,17360,17360,17360,12,0
2022-03-18 15:15:00,17361,17361,17361,2,2
2022-03-18 15:15:00,17360,17360,17360,2,-2
2022-03-18 15:15:00,17361,17361,17361,2,2
2022-03-18 15:15:00,17361,17361,17361,2,0
2022-03-18 15:15:04,17361,17361,17361,10,0
2022-03-18 15:15:04,17360,17360,17360,2,-2
2022-03-18 15:15:04,17360,17360,17360,4,0
2022-03-18 15:15:07,17362,17362,17362,10,10
2022-03-18 15:15:10,17360,17360,17360,2,-2
2022-03-18 15:15:10,17360,17360,17360,20,0
2022-03-18 15:15:10,17360,17360,17360,2,0
2022-03-18 15:15:13,17359,17359,17359,2,-2
2022-03-18 15:15:13,17359,17359,17359,2,0
2022-03-18 15:15:13,17359,17359,17359,2,0
2022-03-18 15:15:13,17359,17359,17359,2,0
2022-03-18 15:15:13,17359,17359,17359,2,0
2022-03-18 15:15:13,17359,17359,17359,2,0
2022-03-18 15:15:13,17359,17359,17359,2,0
2022-03-18 15:15:13,17359,17359,17359,10,0
2022-03-18 15:15:20,17359,17359,17359,2,0
2022-03-18 15:15:25,17359,17359,17359,6,0
2022-03-18 15:15:31,17359,17359,17359,2,0
2022-03-18 15:15:31,17359,17359,17359,10,0
2022-03-18 15:15:31,17359,17359,17359,2,0
2022-03-18 15:15:32,17359,17359,17359,2,0
2022-03-18 15:15:32,17359,17359,17359,6,0
2022-03-18 15:15:33,17360,17360,17360,2,2
2022-03-18 15:15:33,17359,17359,17359,2,-2
2022-03-18 15:15:36,17360,17360,17360,2,2
2022-03-18 15:15:36,17360,17360,17360,2,0
2022-03-18 15:15:36,17360,17360,17360,2,0
2022-03-18 15:15:36,17360,17360,17360,8,0
2022-03-18 15:15:36,17360,17360,17360,2,0
2022-03-18 15:15:36,17360,17360,17360,2,0
2022-03-18 15:15:36,17360,17360,17360,10,0
2022-03-18 15:15:37,17361,17361,17361,2,2
2022-03-18 15:15:40,17361,17361,17361,4,0
2022-03-18 15:15:40,17362,17362,17362,6,6
2022-03-18 15:15:40,17363,17363,17363,10,10
2022-03-18 15:15:40,17363,17363,17363,2,0
2022-03-18 15:15:40,17363,17363,17363,2,0
2022-03-18 15:15:40,17363,17363,17363,2,0
2022-03-18 15:15:40,17363,17363,17363,2,0
2022-03-18 15:15:41,17364,17364,17364,6,6
2022-03-18 15:15:42,17365,17365,17365,2,2
2022-03-18 15:15:44,17365,17365,17365,2,0
2022-03-18 15:15:45,17365,17365,17365,2,0
2022-03-18 15:15:46,17365,17365,17365,2,0
2022-03-18 15:15:49,17364,17364,17364,2,-2
2022-03-18 15:15:50,17365,17365,17365,2,2
2022-03-18 15:15:55,17364,17364,17364,2,-2
2022-03-18 15:15:58,17363,17363,17363,2,-2
2022-03-18 15:15:58,17363,17363,17363,2,0
2022-03-18 15:16:00,17362,17362,17362,2,-2
2022-03-18 15:16:01,17362,17362,17362,2,0
2022-03-18 15:16:01,17362,17362,17362,2,0
2022-03-18 15:16:03,17362,17362,17362,2,0
2022-03-18 15:16:10,17362,17362,17362,2,0
2022-03-18 15:16:13,17361,17361,17361,2,-2
2022-03-18 15:16:13,17361,17361,17361,2,0
2022-03-18 15:16:13,17363,17363,17363,2,2
2022-03-18 15:16:13,17364,17364,17364,2,2
2022-03-18 15:16:13,17364,17364,17364,2,0
2022-03-18 15:16:19,17363,17363,17363,2,-2
2022-03-18 15:16:24,17364,17364,17364,2,2
2022-03-18 15:16:24,17364,17364,17364,2,0
2022-03-18 15:16:24,17364,17364,17364,2,0
2022-03-18 15:16:24,17364,17364,17364,2,0
2022-03-18 15:16:24,17365,17365,17365,2,2
2022-03-18 15:16:28,17365,17365,17365,10,0
2022-03-18 15:16:28,17365,17365,17365,2,0
2022-03-18 15:16:33,17364,17364,17364,2,-2
2022-03-18 15:16:33,17365,17365,17365,2,2
2022-03-18 15:16:33,17365,17365,17365,2,0
2022-03-18 15:16:33,17365,17365,17365,2,0
2022-03-18 15:16:33,17365,17365,17365,2,0
2022-03-18 15:16:39,17363,17363,17363,2,-2
2022-03-18 15:16:39,17363,17363,17363,4,0
2022-03-18 15:16:41,17362,17362,17362,6,-6
2022-03-18 15:16:41,17362,17362,17362,2,0
2022-03-18 15:16:41,17361,17361,17361,2,-2
2022-03-18 15:16:44,17361,17361,17361,2,0
2022-03-18 15:16:44,17361,17361,17361,2,0
2022-03-18 15:16:44,17360,17360,17360,2,-2
2022-03-18 15:16:44,17360,17360,17360,2,0
2022-03-18 15:16:44,17360,17360,17360,2,0
2022-03-18 15:16:44,17360,17360,17360,2,0
2022-03-18 15:16:44,17360,17360,17360,2,0
2022-03-18 15:16:51,17360,17360,17360,2,0
2022-03-18 15:16:51,17360,17360,17360,2,0
2022-03-18 15:16:52,17360,17360,17360,4,0
2022-03-18 15:16:53,17360,17360,17360,4,0
2022-03-18 15:16:57,17361,17361,17361,2,2
2022-03-18 15:16:57,17361,17361,17361,6,0
2022-03-18 15:16:57,17361,17361,17361,12,0
2022-03-18 15:16:57,17361,17361,17361,2,0
2022-03-18 15:16:58,17361,17361,17361,4,0
2022-03-18 15:17:00,17363,17363,17363,2,2
2022-03-18 15:17:02,17363,17363,17363,2,0
2022-03-18 15:17:06,17361,17361,17361,4,-4
2022-03-18 15:17:06,17362,17362,17362,2,2
2022-03-18 15:17:11,17362,17362,17362,4,0
2022-03-18 15:17:11,17361,17361,17361,4,-4
2022-03-18 15:17:16,17362,17362,17362,4,4
2022-03-18 15:17:20,17361,17361,17361,4,-4
2022-03-18 15:17:22,17362,17362,17362,4,4
2022-03-18 15:17:23,17362,17362,17362,4,0
2022-03-18 15:17:24,17362,17362,17362,4,0
2022-03-18 15:17:27,17363,17363,17363,2,2
2022-03-18 15:17:27,17363,17363,17363,6,0
2022-03-18 15:17:27,17364,17364,17364,4,4
2022-03-18 15:17:30,17364,17364,17364,2,0
2022-03-18 15:17:32,17364,17364,17364,2,0
2022-03-18 15:17:33,17365,17365,17365,6,6
2022-03-18 15:17:36,17365,17365,17365,2,0
2022-03-18 15:17:39,17366,17366,17366,2,2
2022-03-18 15:17:39,17365,17365,17365,2,-2
2022-03-18 15:17:39,17365,17365,17365,4,0
2022-03-18 15:17:39,17365,17365,17365,2,0
2022-03-18 15:17:39,17366,17366,17366,4,4
2022-03-18 15:17:42,17365,17365,17365,2,-2
2022-03-18 15:17:42,17364,17364,17364,2,-2
2022-03-18 15:17:42,17364,17364,17364,2,0
2022-03-18 15:17:43,17365,17365,17365,2,2
2022-03-18 15:17:45,17365,17365,17365,2,0
2022-03-18 15:17:46,17363,17363,17363,2,-2
2022-03-18 15:18:04,17362,17362,17362,4,-4
2022-03-18 15:18:05,17362,17362,17362,4,0
2022-03-18 15:18:05,17362,17362,17362,2,0
2022-03-18 15:18:05,17363,17363,17363,2,2
2022-03-18 15:18:05,17363,17363,17363,4,0
2022-03-18 15:18:05,17363,17363,17363,4,0
2022-03-18 15:18:07,17361,17361,17361,2,-2
2022-03-18 15:18:07,17361,17361,17361,2,0
2022-03-18 15:18:07,17361,17361,17361,2,0
2022-03-18 15:18:07,17361,17361,17361,2,0
2022-03-18 15:18:13,17361,17361,17361,2,0
2022-03-18 15:18:20,17361,17361,17361,2,0
2022-03-18 15:18:21,17361,17361,17361,2,0
2022-03-18 15:18:23,17362,17362,17362,8,8
2022-03-18 15:18:31,17361,17361,17361,2,-2
2022-03-18 15:18:45,17361,17361,17361,2,0
2022-03-18 15:18:45,17361,17361,17361,2,0
2022-03-18 15:18:45,17361,17361,17361,2,0
2022-03-18 15:18:48,17361,17361,17361,2,0
2022-03-18 15:18:48,17361,17361,17361,2,0
2022-03-18 15:18:48,17360,17360,17360,2,-2
2022-03-18 15:18:49,17361,17361,17361,2,2
2022-03-18 15:18:49,17361,17361,17361,2,0
2022-03-18 15:18:50,17361,17361,17361,2,0
2022-03-18 15:18:50,17361,17361,17361,2,0
2022-03-18 15:18:50,17361,17361,17361,2,0
2022-03-18 15:18:52,17361,17361,17361,2,0
2022-03-18 15:18:53,17361,17361,17361,2,0
2022-03-18 15:18:55,17361,17361,17361,2,0
2022-03-18 15:19:06,17361,17361,17361,2,0
2022-03-18 15:19:06,17361,17361,17361,2,0
2022-03-18 15:19:06,17361,17361,17361,2,0
2022-03-18 15:19:11,17361,17361,17361,6,0
2022-03-18 15:19:14,17360,17360,17360,2,-2
2022-03-18 15:19:14,17360,17360,17360,2,0
2022-03-18 15:19:14,17360,17360,17360,2,0
2022-03-18 15:19:14,17360,17360,17360,2,0
2022-03-18 15:19:14,17360,17360,17360,2,0
2022-03-18 15:19:18,17359,17359,17359,4,-4
2022-03-18 15:19:18,17359,17359,17359,2,0
2022-03-18 15:19:18,17359,17359,17359,2,0
2022-03-18 15:19:18,17359,17359,17359,2,0
2022-03-18 15:19:18,17359,17359,17359,10,0
2022-03-18 15:19:18,17359,17359,17359,2,0
2022-03-18 15:19:18,17359,17359,17359,10,0
2022-03-18 15:19:18,17359,17359,17359,2,0
2022-03-18 15:19:19,17358,17358,17358,4,-4
2022-03-18 15:19:19,17358,17358,17358,2,0
2022-03-18 15:19:19,17358,17358,17358,2,0
2022-03-18 15:19:20,17358,17358,17358,2,0
2022-03-18 15:19:20,17358,17358,17358,2,0
2022-03-18 15:19:20,17358,17358,17358,8,0
2022-03-18 15:19:20,17358,17358,17358,2,0
2022-03-18 15:19:22,17358,17358,17358,2,0
2022-03-18 15:19:22,17358,17358,17358,2,0
2022-03-18 15:19:25,17358,17358,17358,2,0
2022-03-18 15:19:26,17358,17358,17358,2,0
2022-03-18 15:19:27,17359,17359,17359,2,2
2022-03-18 15:19:27,17359,17359,17359,8,0
2022-03-18 15:19:27,17359,17359,17359,10,0
2022-03-18 15:19:28,17359,17359,17359,2,0
2022-03-18 15:19:32,17359,17359,17359,2,0
2022-03-18 15:19:32,17359,17359,17359,2,0
2022-03-18 15:19:35,17360,17360,17360,2,2
2022-03-18 15:19:35,17360,17360,17360,2,0
2022-03-18 15:19:35,17360,17360,17360,2,0
2022-03-18 15:19:35,17360,17360,17360,2,0
2022-03-18 15:19:35,17360,17360,17360,2,0
2022-03-18 15:19:40,17359,17359,17359,2,-2
2022-03-18 15:19:40,17361,17361,17361,2,2
2022-03-18 15:19:40,17361,17361,17361,2,0
2022-03-18 15:19:43,17358,17358,17358,2,-2
2022-03-18 15:19:43,17358,17358,17358,2,0
2022-03-18 15:19:43,17358,17358,17358,6,0
2022-03-18 15:19:45,17358,17358,17358,2,0
2022-03-18 15:19:45,17358,17358,17358,2,0
2022-03-18 15:19:45,17358,17358,17358,4,0
2022-03-18 15:19:45,17358,17358,17358,6,0
2022-03-18 15:19:45,17358,17358,17358,2,0
2022-03-18 15:19:45,17359,17359,17359,2,2
2022-03-18 15:19:52,17359,17359,17359,2,0
2022-03-18 15:19:52,17359,17359,17359,2,0
2022-03-18 15:19:55,17359,17359,17359,2,0
2022-03-18 15:19:59,17359,17359,17359,2,0
2022-03-18 15:20:00,17358,17358,17358,2,-2
2022-03-18 15:20:00,17358,17358,17358,10,0
2022-03-18 15:20:00,17358,17358,17358,2,0
2022-03-18 15:20:00,17358,17358,17358,10,0
2022-03-18 15:20:00,17358,17358,17358,2,0
2022-03-18 15:20:00,17358,17358,17358,2,0
2022-03-18 15:20:00,17358,17358,17358,2,0
2022-03-18 15:20:00,17358,17358,17358,2,0
2022-03-18 15:20:00,17358,17358,17358,2,0
2022-03-18 15:20:00,17358,17358,17358,2,0
2022-03-18 15:20:00,17357,17357,17357,2,-2
2022-03-18 15:20:00,17357,17357,17357,2,0
2022-03-18 15:20:00,17357,17357,17357,2,0
2022-03-18 15:20:01,17358,17358,17358,2,2
2022-03-18 15:20:01,17357,17357,17357,2,-2
2022-03-18 15:20:01,17357,17357,17357,2,0
2022-03-18 15:20:01,17357,17357,17357,2,0
2022-03-18 15:20:01,17357,17357,17357,2,0
2022-03-18 15:20:01,17357,17357,17357,2,0
2022-03-18 15:20:01,17357,17357,17357,2,0
2022-03-18 15:20:01,17357,17357,17357,2,0
2022-03-18 15:20:01,17358,17358,17358,2,2
2022-03-18 15:20:01,17358,17358,17358,2,0
2022-03-18 15:20:03,17358,17358,17358,2,0
2022-03-18 15:20:03,17358,17358,17358,2,0
2022-03-18 15:20:03,17359,17359,17359,2,2
2022-03-18 15:20:16,17360,17360,17360,4,4
2022-03-18 15:20:16,17360,17360,17360,8,0
2022-03-18 15:20:16,17360,17360,17360,4,0
2022-03-18 15:20:16,17360,17360,17360,16,0
2022-03-18 15:20:16,17360,17360,17360,2,0
2022-03-18 15:20:16,17360,17360,17360,2,0
2022-03-18 15:20:16,17360,17360,17360,4,0
2022-03-18 15:20:17,17360,17360,17360,2,0
2022-03-18 15:20:18,17361,17361,17361,2,2
2022-03-18 15:20:18,17361,17361,17361,2,0
2022-03-18 15:20:21,17361,17361,17361,2,0
2022-03-18 15:20:21,17361,17361,17361,2,0
2022-03-18 15:20:21,17360,17360,17360,2,-2
2022-03-18 15:20:21,17362,17362,17362,2,2
2022-03-18 15:20:22,17360,17360,17360,2,-2
2022-03-18 15:20:23,17361,17361,17361,2,2
2022-03-18 15:20:26,17362,17362,17362,2,2
2022-03-18 15:20:29,17363,17363,17363,4,4
2022-03-18 15:20:31,17364,17364,17364,2,2
2022-03-18 15:20:31,17365,17365,17365,2,2
2022-03-18 15:20:31,17365,17365,17365,2,0
2022-03-18 15:20:31,17365,17365,17365,2,0
2022-03-18 15:20:31,17365,17365,17365,6,0
2022-03-18 15:20:31,17364,17364,17364,2,-2
2022-03-18 15:20:33,17364,17364,17364,2,0
2022-03-18 15:20:34,17364,17364,17364,2,0
2022-03-18 15:20:39,17364,17364,17364,2,0
2022-03-18 15:20:44,17364,17364,17364,2,0
2022-03-18 15:20:44,17363,17363,17363,2,-2
2022-03-18 15:20:44,17363,17363,17363,2,0
2022-03-18 15:20:54,17362,17362,17362,2,-2
2022-03-18 15:20:55,17363,17363,17363,2,2
2022-03-18 15:20:57,17363,17363,17363,2,0
2022-03-18 15:20:59,17363,17363,17363,4,0
2022-03-18 15:20:59,17363,17363,17363,2,0
2022-03-18 15:21:03,17364,17364,17364,2,2
2022-03-18 15:21:07,17364,17364,17364,2,0
2022-03-18 15:21:08,17365,17365,17365,4,4
2022-03-18 15:21:15,17365,17365,17365,2,0
2022-03-18 15:21:15,17365,17365,17365,8,0
2022-03-18 15:21:21,17366,17366,17366,2,2
2022-03-18 15:21:21,17366,17366,17366,2,0
2022-03-18 15:21:23,17365,17365,17365,2,-2
2022-03-18 15:21:24,17365,17365,17365,2,0
2022-03-18 15:21:28,17364,17364,17364,2,-2
2022-03-18 15:21:31,17364,17364,17364,2,0
2022-03-18 15:21:32,17364,17364,17364,2,0
2022-03-18 15:21:32,17365,17365,17365,2,2
2022-03-18 15:21:35,17364,17364,17364,2,-2
2022-03-18 15:21:38,17365,17365,17365,2,2
2022-03-18 15:21:40,17365,17365,17365,2,0
2022-03-18 15:21:49,17365,17365,17365,4,0
2022-03-18 15:21:51,17364,17364,17364,6,-6
2022-03-18 15:21:51,17364,17364,17364,2,0
2022-03-18 15:21:51,17364,17364,17364,2,0
2022-03-18 15:21:51,17364,17364,17364,2,0
2022-03-18 15:21:51,17364,17364,17364,4,0
2022-03-18 15:21:51,17364,17364,17364,2,0
2022-03-18 15:21:51,17364,17364,17364,4,0
2022-03-18 15:21:53,17363,17363,17363,2,-2
2022-03-18 15:21:53,17364,17364,17364,2,2
2022-03-18 15:21:53,17364,17364,17364,2,0
2022-03-18 15:21:54,17364,17364,17364,2,0
2022-03-18 15:22:01,17364,17364,17364,2,0
2022-03-18 15:22:04,17363,17363,17363,2,-2
2022-03-18 15:22:05,17363,17363,17363,2,0
2022-03-18 15:22:11,17363,17363,17363,2,0
2022-03-18 15:22:17,17363,17363,17363,8,0
2022-03-18 15:22:17,17363,17363,17363,2,0
2022-03-18 15:22:18,17363,17363,17363,2,0
2022-03-18 15:22:20,17363,17363,17363,6,0
2022-03-18 15:22:20,17363,17363,17363,2,0
2022-03-18 15:22:20,17363,17363,17363,2,0
2022-03-18 15:22:20,17363,17363,17363,2,0
2022-03-18 15:22:20,17362,17362,17362,2,-2
2022-03-18 15:22:20,17362,17362,17362,2,0
2022-03-18 15:22:20,17362,17362,17362,2,0
2022-03-18 15:22:20,17362,17362,17362,2,0
2022-03-18 15:22:20,17362,17362,17362,2,0
2022-03-18 15:22:20,17362,17362,17362,2,0
2022-03-18 15:22:20,17361,17361,17361,6,-6
2022-03-18 15:22:21,17363,17363,17363,2,2
2022-03-18 15:22:23,17361,17361,17361,2,-2
2022-03-18 15:22:24,17362,17362,17362,2,2
2022-03-18 15:22:25,17361,17361,17361,2,-2
2022-03-18 15:22:25,17361,17361,17361,2,0
2022-03-18 15:22:29,17362,17362,17362,2,2
2022-03-18 15:22:30,17363,17363,17363,2,2
2022-03-18 15:22:30,17363,17363,17363,2,0
2022-03-18 15:22:30,17363,17363,17363,2,0
2022-03-18 15:22:32,17364,17364,17364,4,4
2022-03-18 15:22:33,17364,17364,17364,4,0
2022-03-18 15:22:34,17365,17365,17365,4,4
2022-03-18 15:22:37,17366,17366,17366,4,4
2022-03-18 15:22:38,17366,17366,17366,4,0
2022-03-18 15:22:41,17366,17366,17366,4,0
2022-03-18 15:22:42,17366,17366,17366,2,0
2022-03-18 15:22:43,17366,17366,17366,4,0
2022-03-18 15:22:43,17366,17366,17366,4,0
2022-03-18 15:22:44,17366,17366,17366,2,0
2022-03-18 15:22:45,17366,17366,17366,2,0
2022-03-18 15:22:45,17365,17365,17365,4,-4
2022-03-18 15:22:45,17365,17365,17365,20,0
2022-03-18 15:22:45,17365,17365,17365,2,0
2022-03-18 15:22:46,17364,17364,17364,2,-2
2022-03-18 15:22:46,17365,17365,17365,10,10
2022-03-18 15:22:46,17365,17365,17365,4,0
2022-03-18 15:22:47,17365,17365,17365,4,0
2022-03-18 15:22:48,17365,17365,17365,4,0
2022-03-18 15:22:48,17365,17365,17365,4,0
2022-03-18 15:22:49,17365,17365,17365,4,0
2022-03-18 15:22:50,17365,17365,17365,2,0
2022-03-18 15:22:50,17365,17365,17365,2,0
2022-03-18 15:22:53,17367,17367,17367,10,10
2022-03-18 15:22:56,17367,17367,17367,4,0
2022-03-18 15:22:56,17367,17367,17367,4,0
2022-03-18 15:22:57,17368,17368,17368,10,10
2022-03-18 15:22:57,17368,17368,17368,2,0
2022-03-18 15:22:58,17368,17368,17368,4,0
2022-03-18 15:23:01,17368,17368,17368,2,0
2022-03-18 15:23:08,17368,17368,17368,4,0
2022-03-18 15:23:09,17367,17367,17367,2,-2
2022-03-18 15:23:09,17368,17368,17368,2,2
2022-03-18 15:23:10,17368,17368,17368,2,0
2022-03-18 15:23:10,17367,17367,17367,2,-2
2022-03-18 15:23:10,17367,17367,17367,4,0
2022-03-18 15:23:10,17367,17367,17367,4,0
2022-03-18 15:23:10,17367,17367,17367,2,0
2022-03-18 15:23:10,17367,17367,17367,2,0
2022-03-18 15:23:10,17366,17366,17366,4,-4
2022-03-18 15:23:13,17366,17366,17366,4,0
2022-03-18 15:23:13,17365,17365,17365,6,-6
2022-03-18 15:23:29,17366,17366,17366,2,2
2022-03-18 15:23:34,17367,17367,17367,4,4
2022-03-18 15:23:34,17367,17367,17367,2,0
2022-03-18 15:23:34,17367,17367,17367,2,0
2022-03-18 15:23:34,17368,17368,17368,2,2
2022-03-18 15:23:41,17368,17368,17368,2,0
2022-03-18 15:23:50,17369,17369,17369,4,4
2022-03-18 15:23:50,17370,17370,17370,2,2
2022-03-18 15:23:50,17370,17370,17370,2,0
2022-03-18 15:23:50,17370,17370,17370,2,0
2022-03-18 15:23:50,17370,17370,17370,2,0
2022-03-18 15:23:50,17370,17370,17370,2,0
2022-03-18 15:23:55,17370,17370,17370,2,0
2022-03-18 15:23:55,17369,17369,17369,2,-2
2022-03-18 15:23:56,17370,17370,17370,4,4
2022-03-18 15:23:57,17370,17370,17370,10,0
2022-03-18 15:23:57,17370,17370,17370,2,0
2022-03-18 15:23:58,17369,17369,17369,2,-2
2022-03-18 15:23:58,17370,17370,17370,6,6
2022-03-18 15:23:58,17371,17371,17371,4,4
2022-03-18 15:24:01,17371,17371,17371,2,0
2022-03-18 15:24:01,17371,17371,17371,2,0
2022-03-18 15:24:02,17371,17371,17371,2,0
2022-03-18 15:24:03,17371,17371,17371,2,0
2022-03-18 15:24:03,17371,17371,17371,8,0
2022-03-18 15:24:04,17372,17372,17372,2,2
2022-03-18 15:24:05,17371,17371,17371,2,-2
2022-03-18 15:24:07,17371,17371,17371,2,0
2022-03-18 15:24:08,17371,17371,17371,2,0
2022-03-18 15:24:09,17370,17370,17370,2,-2
2022-03-18 15:24:09,17370,17370,17370,4,0
2022-03-18 15:24:12,17369,17369,17369,2,-2
2022-03-18 15:24:12,17369,17369,17369,2,0
2022-03-18 15:24:12,17369,17369,17369,6,0
2022-03-18 15:24:12,17369,17369,17369,6,0
2022-03-18 15:24:12,17369,17369,17369,2,0
2022-03-18 15:24:12,17369,17369,17369,4,0
2022-03-18 15:24:12,17369,17369,17369,2,0
2022-03-18 15:24:13,17369,17369,17369,2,0
2022-03-18 15:24:14,17370,17370,17370,10,10
2022-03-18 15:24:15,17369,17369,17369,2,-2
2022-03-18 15:24:18,17369,17369,17369,2,0
2022-03-18 15:24:18,17368,17368,17368,10,-10
2022-03-18 15:24:18,17367,17367,17367,2,-2
2022-03-18 15:24:18,17367,17367,17367,2,0
2022-03-18 15:24:18,17367,17367,17367,2,0
2022-03-18 15:24:18,17367,17367,17367,2,0
2022-03-18 15:24:18,17367,17367,17367,10,0
2022-03-18 15:24:18,17367,17367,17367,2,0
2022-03-18 15:24:18,17367,17367,17367,2,0
2022-03-18 15:24:19,17368,17368,17368,2,2
2022-03-18 15:24:19,17368,17368,17368,2,0
2022-03-18 15:24:19,17368,17368,17368,2,0
2022-03-18 15:24:29,17367,17367,17367,2,-2
2022-03-18 15:24:33,17368,17368,17368,2,2
2022-03-18 15:24:33,17368,17368,17368,2,0
2022-03-18 15:24:33,17368,17368,17368,2,0
2022-03-18 15:24:33,17368,17368,17368,6,0
2022-03-18 15:24:33,17368,17368,17368,2,0
2022-03-18 15:24:33,17368,17368,17368,2,0
2022-03-18 15:24:33,17368,17368,17368,2,0
2022-03-18 15:24:33,17368,17368,17368,4,0
2022-03-18 15:24:35,17368,17368,17368,2,0
2022-03-18 15:24:36,17369,17369,17369,6,6
2022-03-18 15:24:36,17369,17369,17369,2,0
2022-03-18 15:24:36,17369,17369,17369,2,0
2022-03-18 15:24:41,17368,17368,17368,2,-2
2022-03-18 15:24:41,17368,17368,17368,2,0
2022-03-18 15:24:41,17369,17369,17369,2,2
2022-03-18 15:24:43,17368,17368,17368,2,-2
2022-03-18 15:24:50,17369,17369,17369,4,4
2022-03-18 15:24:50,17369,17369,17369,4,0
2022-03-18 15:24:50,17369,17369,17369,4,0
2022-03-18 15:24:58,17369,17369,17369,2,0
2022-03-18 15:25:04,17367,17367,17367,2,-2
2022-03-18 15:25:04,17367,17367,17367,2,0
2022-03-18 15:25:04,17367,17367,17367,2,0
2022-03-18 15:25:19,17367,17367,17367,2,0
2022-03-18 15:25:21,17368,17368,17368,2,2
2022-03-18 15:25:23,17368,17368,17368,2,0
2022-03-18 15:25:23,17370,17370,17370,6,6
2022-03-18 15:25:23,17370,17370,17370,2,0
2022-03-18 15:25:23,17370,17370,17370,2,0
2022-03-18 15:25:24,17371,17371,17371,2,2
2022-03-18 15:25:26,17370,17370,17370,2,-2
2022-03-18 15:25:27,17372,17372,17372,4,4
2022-03-18 15:25:30,17372,17372,17372,4,0
2022-03-18 15:25:30,17372,17372,17372,4,0
2022-03-18 15:25:31,17372,17372,17372,2,0
2022-03-18 15:25:37,17373,17373,17373,2,2
2022-03-18 15:25:37,17373,17373,17373,8,0
2022-03-18 15:25:38,17374,17374,17374,20,20
2022-03-18 15:25:39,17374,17374,17374,2,0
2022-03-18 15:25:39,17375,17375,17375,4,4
2022-03-18 15:25:39,17375,17375,17375,2,0
2022-03-18 15:25:39,17375,17375,17375,2,0
2022-03-18 15:25:39,17375,17375,17375,2,0
2022-03-18 15:25:40,17374,17374,17374,2,-2
2022-03-18 15:25:41,17375,17375,17375,2,2
2022-03-18 15:25:41,17375,17375,17375,4,0
2022-03-18 15:25:42,17375,17375,17375,2,0
2022-03-18 15:25:43,17374,17374,17374,2,-2
2022-03-18 15:25:43,17373,17373,17373,2,-2
2022-03-18 15:25:43,17373,17373,17373,2,0
2022-03-18 15:25:45,17374,17374,17374,2,2
2022-03-18 15:25:46,17373,17373,17373,2,-2
2022-03-18 15:25:47,17374,17374,17374,2,2
2022-03-18 15:25:47,17374,17374,17374,2,0
2022-03-18 15:25:48,17374,17374,17374,2,0
2022-03-18 15:25:48,17375,17375,17375,2,2
2022-03-18 15:25:49,17373,17373,17373,2,-2
2022-03-18 15:25:49,17373,17373,17373,2,0
2022-03-18 15:25:49,17373,17373,17373,2,0
2022-03-18 15:25:49,17373,17373,17373,2,0
2022-03-18 15:25:49,17373,17373,17373,4,0
2022-03-18 15:25:52,17373,17373,17373,6,0
2022-03-18 15:25:53,17372,17372,17372,2,-2
2022-03-18 15:25:54,17373,17373,17373,2,2
2022-03-18 15:25:59,17373,17373,17373,2,0
2022-03-18 15:26:00,17373,17373,17373,2,0
2022-03-18 15:26:04,17373,17373,17373,2,0
2022-03-18 15:26:09,17373,17373,17373,6,0
2022-03-18 15:26:09,17373,17373,17373,2,0
2022-03-18 15:26:09,17373,17373,17373,2,0
2022-03-18 15:26:09,17373,17373,17373,2,0
2022-03-18 15:26:09,17373,17373,17373,2,0
2022-03-18 15:26:09,17373,17373,17373,2,0
2022-03-18 15:26:12,17373,17373,17373,2,0
2022-03-18 15:26:16,17374,17374,17374,2,2
2022-03-18 15:26:16,17374,17374,17374,2,0
2022-03-18 15:26:19,17373,17373,17373,2,-2
2022-03-18 15:26:19,17373,17373,17373,2,0
2022-03-18 15:26:19,17373,17373,17373,2,0
2022-03-18 15:26:19,17373,17373,17373,2,0
2022-03-18 15:26:21,17374,17374,17374,2,2
2022-03-18 15:26:24,17374,17374,17374,2,0
2022-03-18 15:26:24,17375,17375,17375,2,2
2022-03-18 15:26:25,17374,17374,17374,2,-2
2022-03-18 15:26:25,17375,17375,17375,4,4
2022-03-18 15:26:26,17375,17375,17375,2,0
2022-03-18 15:26:28,17375,17375,17375,2,0
2022-03-18 15:26:29,17375,17375,17375,8,0
2022-03-18 15:26:29,17375,17375,17375,2,0
2022-03-18 15:26:29,17375,17375,17375,2,0
2022-03-18 15:26:29,17375,17375,17375,2,0
2022-03-18 15:26:29,17375,17375,17375,6,0
2022-03-18 15:26:29,17375,17375,17375,2,0
2022-03-18 15:26:31,17375,17375,17375,2,0
2022-03-18 15:26:33,17376,17376,17376,2,2
2022-03-18 15:26:35,17375,17375,17375,2,-2
2022-03-18 15:26:35,17376,17376,17376,6,6
2022-03-18 15:26:36,17375,17375,17375,2,-2
2022-03-18 15:26:38,17375,17375,17375,2,0
2022-03-18 15:26:40,17376,17376,17376,2,2
2022-03-18 15:26:41,17376,17376,17376,2,0
2022-03-18 15:26:41,17376,17376,17376,8,0
2022-03-18 15:26:43,17376,17376,17376,2,0
2022-03-18 15:26:46,17377,17377,17377,2,2
2022-03-18 15:26:51,17376,17376,17376,2,-2
2022-03-18 15:26:56,17376,17376,17376,2,0
2022-03-18 15:26:57,17376,17376,17376,2,0
2022-03-18 15:27:00,17375,17375,17375,2,-2
2022-03-18 15:27:00,17375,17375,17375,2,0
2022-03-18 15:27:00,17375,17375,17375,2,0
2022-03-18 15:27:00,17375,17375,17375,2,0
2022-03-18 15:27:01,17374,17374,17374,2,-2
2022-03-18 15:27:01,17373,17373,17373,2,-2
2022-03-18 15:27:01,17373,17373,17373,2,0
2022-03-18 15:27:01,17373,17373,17373,2,0
2022-03-18 15:27:01,17373,17373,17373,2,0
2022-03-18 15:27:01,17375,17375,17375,2,2
2022-03-18 15:27:03,17376,17376,17376,2,2
2022-03-18 15:27:03,17375,17375,17375,2,-2
2022-03-18 15:27:09,17373,17373,17373,2,-2
2022-03-18 15:27:09,17373,17373,17373,2,0
2022-03-18 15:27:09,17373,17373,17373,2,0
2022-03-18 15:27:09,17373,17373,17373,2,0
2022-03-18 15:27:09,17373,17373,17373,2,0
2022-03-18 15:27:12,17373,17373,17373,2,0
2022-03-18 15:27:20,17372,17372,17372,2,-2
2022-03-18 15:27:20,17374,17374,17374,2,2
2022-03-18 15:27:29,17373,17373,17373,4,-4
2022-03-18 15:27:32,17373,17373,17373,4,0
2022-03-18 15:27:32,17373,17373,17373,2,0
2022-03-18 15:27:38,17373,17373,17373,6,0
2022-03-18 15:27:42,17373,17373,17373,4,0
2022-03-18 15:27:43,17373,17373,17373,6,0
2022-03-18 15:27:43,17373,17373,17373,2,0
2022-03-18 15:27:48,17373,17373,17373,2,0
2022-03-18 15:27:50,17372,17372,17372,2,-2
2022-03-18 15:27:50,17372,17372,17372,2,0
2022-03-18 15:27:50,17372,17372,17372,2,0
2022-03-18 15:27:50,17372,17372,17372,2,0
2022-03-18 15:27:50,17372,17372,17372,4,0
2022-03-18 15:27:50,17372,17372,17372,4,0
2022-03-18 15:27:50,17372,17372,17372,2,0
2022-03-18 15:27:51,17372,17372,17372,2,0
2022-03-18 15:27:51,17372,17372,17372,2,0
2022-03-18 15:27:53,17371,17371,17371,2,-2
2022-03-18 15:27:55,17372,17372,17372,2,2
2022-03-18 15:28:00,17372,17372,17372,2,0
2022-03-18 15:28:00,17371,17371,17371,2,-2
2022-03-18 15:28:00,17371,17371,17371,6,0
2022-03-18 15:28:00,17371,17371,17371,2,0
2022-03-18 15:28:00,17371,17371,17371,2,0
2022-03-18 15:28:00,17371,17371,17371,2,0
2022-03-18 15:28:00,17371,17371,17371,2,0
2022-03-18 15:28:00,17371,17371,17371,4,0
2022-03-18 15:28:00,17371,17371,17371,2,0
2022-03-18 15:28:00,17371,17371,17371,2,0
2022-03-18 15:28:00,17371,17371,17371,2,0
2022-03-18 15:28:00,17371,17371,17371,2,0
2022-03-18 15:28:00,17371,17371,17371,2,0
2022-03-18 15:28:00,17371,17371,17371,2,0
2022-03-18 15:28:00,17371,17371,17371,2,0
2022-03-18 15:28:00,17371,17371,17371,2,0
2022-03-18 15:28:01,17370,17370,17370,2,-2
2022-03-18 15:28:01,17370,17370,17370,6,0
2022-03-18 15:28:01,17370,17370,17370,2,0
2022-03-18 15:28:01,17370,17370,17370,10,0
2022-03-18 15:28:01,17370,17370,17370,2,0
2022-03-18 15:28:01,17370,17370,17370,2,0
2022-03-18 15:28:01,17370,17370,17370,10,0
2022-03-18 15:28:04,17370,17370,17370,2,0
2022-03-18 15:28:06,17370,17370,17370,2,0
2022-03-18 15:28:12,17371,17371,17371,2,2
2022-03-18 15:28:14,17370,17370,17370,2,-2
2022-03-18 15:28:15,17371,17371,17371,2,2
2022-03-18 15:28:17,17371,17371,17371,2,0
2022-03-18 15:28:24,17371,17371,17371,2,0
2022-03-18 15:28:24,17371,17371,17371,2,0
2022-03-18 15:28:24,17371,17371,17371,2,0
2022-03-18 15:28:24,17371,17371,17371,2,0
2022-03-18 15:28:25,17371,17371,17371,2,0
2022-03-18 15:28:27,17371,17371,17371,2,0
2022-03-18 15:28:27,17371,17371,17371,2,0
2022-03-18 15:28:27,17371,17371,17371,2,0
2022-03-18 15:28:27,17370,17370,17370,2,-2
2022-03-18 15:28:28,17371,17371,17371,2,2
2022-03-18 15:28:28,17371,17371,17371,2,0
2022-03-18 15:28:28,17370,17370,17370,6,-6
2022-03-18 15:28:34,17371,17371,17371,2,2
2022-03-18 15:28:40,17370,17370,17370,2,-2
2022-03-18 15:28:40,17370,17370,17370,8,0
2022-03-18 15:28:41,17370,17370,17370,2,0
2022-03-18 15:28:43,17369,17369,17369,2,-2
2022-03-18 15:28:43,17369,17369,17369,2,0
2022-03-18 15:28:43,17370,17370,17370,6,6
2022-03-18 15:28:45,17369,17369,17369,2,-2
2022-03-18 15:28:49,17370,17370,17370,2,2
2022-03-18 15:28:49,17370,17370,17370,2,0
2022-03-18 15:28:56,17370,17370,17370,2,0
2022-03-18 15:29:05,17371,17371,17371,4,4
2022-03-18 15:29:09,17371,17371,17371,2,0
2022-03-18 15:29:09,17371,17371,17371,2,0
2022-03-18 15:29:09,17371,17371,17371,2,0
2022-03-18 15:29:10,17372,17372,17372,2,2
2022-03-18 15:29:10,17372,17372,17372,2,0
2022-03-18 15:29:10,17372,17372,17372,6,0
2022-03-18 15:29:10,17372,17372,17372,2,0
2022-03-18 15:29:15,17373,17373,17373,2,2
2022-03-18 15:29:15,17373,17373,17373,2,0
2022-03-18 15:29:15,17373,17373,17373,2,0
2022-03-18 15:29:15,17373,17373,17373,2,0
2022-03-18 15:29:18,17374,17374,17374,2,2
2022-03-18 15:29:32,17374,17374,17374,2,0
2022-03-18 15:29:33,17373,17373,17373,2,-2
2022-03-18 15:29:36,17375,17375,17375,4,4
2022-03-18 15:29:37,17376,17376,17376,2,2
2022-03-18 15:29:38,17376,17376,17376,2,0
2022-03-18 15:29:45,17376,17376,17376,6,0
2022-03-18 15:29:45,17376,17376,17376,2,0
2022-03-18 15:29:45,17376,17376,17376,2,0
2022-03-18 15:29:45,17375,17375,17375,2,-2
2022-03-18 15:29:46,17374,17374,17374,2,-2
2022-03-18 15:29:46,17374,17374,17374,2,0
2022-03-18 15:29:52,17376,17376,17376,6,6
2022-03-18 15:29:55,17375,17375,17375,2,-2
2022-03-18 15:29:58,17375,17375,17375,2,0
2022-03-18 15:29:59,17376,17376,17376,2,2
2022-03-18 15:30:01,17377,17377,17377,2,2
2022-03-18 15:30:01,17377,17377,17377,2,0
2022-03-18 15:30:01,17377,17377,17377,2,0
2022-03-18 15:30:01,17377,17377,17377,6,0
2022-03-18 15:30:01,17377,17377,17377,2,0
2022-03-18 15:30:01,17378,17378,17378,4,4
2022-03-18 15:30:01,17378,17378,17378,2,0
2022-03-18 15:30:01,17378,17378,17378,2,0
2022-03-18 15:30:01,17378,17378,17378,2,0
2022-03-18 15:30:01,17378,17378,17378,2,0
2022-03-18 15:30:01,17378,17378,17378,2,0
2022-03-18 15:30:01,17378,17378,17378,2,0
2022-03-18 15:30:01,17378,17378,17378,4,0
2022-03-18 15:30:01,17378,17378,17378,2,0
2022-03-18 15:30:01,17378,17378,17378,2,0
2022-03-18 15:30:01,17378,17378,17378,2,0
2022-03-18 15:30:01,17378,17378,17378,2,0
2022-03-18 15:30:01,17379,17379,17379,2,2
2022-03-18 15:30:01,17379,17379,17379,2,0
2022-03-18 15:30:01,17379,17379,17379,2,0
2022-03-18 15:30:01,17379,17379,17379,2,0
2022-03-18 15:30:01,17379,17379,17379,2,0
2022-03-18 15:30:01,17380,17380,17380,2,2
2022-03-18 15:30:01,17380,17380,17380,2,0
2022-03-18 15:30:01,17380,17380,17380,2,0
2022-03-18 15:30:01,17380,17380,17380,2,0
2022-03-18 15:30:02,17380,17380,17380,2,0
2022-03-18 15:30:02,17378,17378,17378,2,-2
2022-03-18 15:30:02,17378,17378,17378,2,0
2022-03-18 15:30:02,17378,17378,17378,2,0
2022-03-18 15:30:02,17378,17378,17378,2,0
2022-03-18 15:30:02,17378,17378,17378,4,0
2022-03-18 15:30:02,17379,17379,17379,2,2
2022-03-18 15:30:03,17376,17376,17376,2,-2
2022-03-18 15:30:03,17376,17376,17376,2,0
2022-03-18 15:30:03,17376,17376,17376,2,0
2022-03-18 15:30:03,17378,17378,17378,2,2
2022-03-18 15:30:11,17377,17377,17377,4,-4
2022-03-18 15:30:11,17377,17377,17377,2,0
2022-03-18 15:30:12,17378,17378,17378,4,4
2022-03-18 15:30:13,17379,17379,17379,2,2
2022-03-18 15:30:13,17379,17379,17379,2,0
2022-03-18 15:30:13,17379,17379,17379,2,0
2022-03-18 15:30:13,17379,17379,17379,2,0
2022-03-18 15:30:13,17379,17379,17379,2,0
2022-03-18 15:30:13,17379,17379,17379,2,0
2022-03-18 15:30:13,17380,17380,17380,2,2
2022-03-18 15:30:13,17380,17380,17380,2,0
2022-03-18 15:30:14,17379,17379,17379,2,-2
2022-03-18 15:30:15,17378,17378,17378,2,-2
2022-03-18 15:30:17,17380,17380,17380,2,2
2022-03-18 15:30:18,17380,17380,17380,2,0
2022-03-18 15:30:18,17380,17380,17380,2,0
2022-03-18 15:30:18,17380,17380,17380,2,0
2022-03-18 15:30:18,17380,17380,17380,2,0
2022-03-18 15:30:18,17380,17380,17380,2,0
2022-03-18 15:30:18,17380,17380,17380,2,0
2022-03-18 15:30:18,17380,17380,17380,2,0
2022-03-18 15:30:18,17380,17380,17380,2,0
2022-03-18 15:30:18,17380,17380,17380,6,0
2022-03-18 15:30:21,17381,17381,17381,2,2
2022-03-18 15:30:23,17380,17380,17380,2,-2
2022-03-18 15:30:28,17380,17380,17380,2,0
2022-03-18 15:30:30,17381,17381,17381,2,2
2022-03-18 15:30:30,17381,17381,17381,2,0
2022-03-18 15:30:30,17381,17381,17381,2,0
2022-03-18 15:30:30,17381,17381,17381,2,0
2022-03-18 15:30:30,17381,17381,17381,2,0
2022-03-18 15:30:30,17382,17382,17382,2,2
2022-03-18 15:30:30,17382,17382,17382,2,0
2022-03-18 15:30:30,17382,17382,17382,2,0
2022-03-18 15:30:30,17382,17382,17382,2,0
2022-03-18 15:30:30,17382,17382,17382,2,0
2022-03-18 15:30:30,17382,17382,17382,2,0
2022-03-18 15:30:30,17382,17382,17382,2,0
2022-03-18 15:30:30,17382,17382,17382,2,0
2022-03-18 15:30:30,17382,17382,17382,2,0
2022-03-18 15:30:31,17381,17381,17381,2,-2
2022-03-18 15:30:31,17381,17381,17381,2,0
2022-03-18 15:30:31,17381,17381,17381,2,0
2022-03-18 15:30:31,17380,17380,17380,2,-2
2022-03-18 15:30:31,17382,17382,17382,2,2
2022-03-18 15:30:31,17382,17382,17382,2,0
2022-03-18 15:30:33,17380,17380,17380,2,-2
2022-03-18 15:30:34,17380,17380,17380,8,0
2022-03-18 15:30:34,17380,17380,17380,12,0
2022-03-18 15:30:35,17380,17380,17380,8,0
2022-03-18 15:30:36,17380,17380,17380,2,0
2022-03-18 15:30:36,17381,17381,17381,2,2
2022-03-18 15:30:38,17382,17382,17382,14,14
2022-03-18 15:30:38,17383,17383,17383,36,36
2022-03-18 15:30:38,17383,17383,17383,2,0
2022-03-18 15:30:38,17384,17384,17384,2,2
2022-03-18 15:30:38,17384,17384,17384,2,0
2022-03-18 15:30:38,17384,17384,17384,2,0
2022-03-18 15:30:38,17384,17384,17384,2,0
2022-03-18 15:30:38,17382,17382,17382,2,-2
2022-03-18 15:30:39,17384,17384,17384,8,8
2022-03-18 15:30:40,17382,17382,17382,2,-2
2022-03-18 15:30:41,17384,17384,17384,2,2
2022-03-18 15:30:46,17383,17383,17383,2,-2
2022-03-18 15:30:46,17384,17384,17384,2,2
2022-03-18 15:30:47,17383,17383,17383,2,-2
2022-03-18 15:30:47,17384,17384,17384,2,2
2022-03-18 15:30:48,17383,17383,17383,6,-6
2022-03-18 15:30:49,17384,17384,17384,6,6
2022-03-18 15:30:50,17383,17383,17383,2,-2
2022-03-18 15:30:50,17384,17384,17384,2,2
2022-03-18 15:30:54,17384,17384,17384,2,0
2022-03-18 15:30:54,17384,17384,17384,16,0
2022-03-18 15:30:54,17384,17384,17384,2,0
2022-03-18 15:30:54,17384,17384,17384,2,0
2022-03-18 15:30:54,17384,17384,17384,2,0
2022-03-18 15:30:54,17384,17384,17384,2,0
2022-03-18 15:30:54,17384,17384,17384,4,0
2022-03-18 15:30:55,17385,17385,17385,4,4
2022-03-18 15:30:55,17383,17383,17383,2,-2
2022-03-18 15:30:55,17383,17383,17383,2,0
2022-03-18 15:30:55,17385,17385,17385,2,2
2022-03-18 15:30:57,17384,17384,17384,2,-2
2022-03-18 15:30:58,17384,17384,17384,2,0
2022-03-18 15:31:00,17383,17383,17383,2,-2
2022-03-18 15:31:00,17383,17383,17383,2,0
2022-03-18 15:31:00,17383,17383,17383,4,0
2022-03-18 15:31:01,17383,17383,17383,4,0
2022-03-18 15:31:01,17383,17383,17383,2,0
2022-03-18 15:31:07,17383,17383,17383,2,0
2022-03-18 15:31:07,17384,17384,17384,2,2
2022-03-18 15:31:07,17384,17384,17384,2,0
2022-03-18 15:31:07,17384,17384,17384,2,0
2022-03-18 15:31:07,17384,17384,17384,2,0
2022-03-18 15:31:07,17384,17384,17384,2,0
2022-03-18 15:31:07,17384,17384,17384,2,0
2022-03-18 15:31:07,17384,17384,17384,14,0
2022-03-18 15:31:07,17384,17384,17384,2,0
2022-03-18 15:31:07,17384,17384,17384,4,0
2022-03-18 15:31:08,17384,17384,17384,2,0
2022-03-18 15:31:08,17385,17385,17385,2,2
2022-03-18 15:31:08,17385,17385,17385,2,0
2022-03-18 15:31:08,17385,17385,17385,2,0
2022-03-18 15:31:08,17384,17384,17384,2,-2
2022-03-18 15:31:10,17384,17384,17384,2,0
2022-03-18 15:31:12,17383,17383,17383,2,-2
