2019-07-30 15:00:00.005,10744,10745,10743,103,-103
2019-07-30 15:00:00.006,10742,10743,10743,1,1
2019-07-30 15:00:00.024,10742,10743,10743,2,2
2019-07-30 15:00:00.106,10742,10744,10742,4,-4
2019-07-30 15:00:00.109,10742,10744,10742,1,-1
2019-07-30 15:00:00.116,10742,10744,10742,2,-2
2019-07-30 15:00:00.125,10742,10744,10742,1,-1
2019-07-30 15:00:00.125,10742,10744,10742,2,-2
2019-07-30 15:00:00.151,10742,10744,10744,1,1
2019-07-30 15:00:00.282,10742,10744,10742,2,-2
2019-07-30 15:00:00.330,10742,10744,10742,1,-1
2019-07-30 15:00:00.340,10742,10744,10742,1,-1
2019-07-30 15:00:00.349,10742,10744,10742,2,-2
2019-07-30 15:00:00.352,10742,10744,10742,1,-1
2019-07-30 15:00:00.396,10742,10744,10741,1,-1
2019-07-30 15:00:00.400,10742,10744,10741,2,-2
2019-07-30 15:00:00.417,10742,10744,10741,2,-2
2019-07-30 15:00:00.425,10742,10744,10741,3,-3
2019-07-30 15:00:00.500,10741,10743,10741,8,-8
2019-07-30 15:00:00.540,10741,10743,10741,1,-1
2019-07-30 15:00:00.549,10741,10743,10741,1,-1
2019-07-30 15:00:00.550,10741,10743,10741,2,-2
2019-07-30 15:00:00.628,10741,10743,10741,1,-1
2019-07-30 15:00:00.630,10741,10743,10741,1,-1
2019-07-30 15:00:00.805,10741,10743,10741,2,-2
2019-07-30 15:00:00.869,10741,10742,10742,1,1
2019-07-30 15:00:01.036,10741,10743,10741,1,-1
2019-07-30 15:00:01.230,10741,10743,10743,2,2
2019-07-30 15:00:01.293,10741,10743,10741,2,-2
2019-07-30 15:00:01.391,10741,10743,10742,2,2
2019-07-30 15:00:01.605,10741,10742,10741,1,-1
2019-07-30 15:00:02.056,10741,10742,10741,1,-1
2019-07-30 15:00:02.805,10741,10742,10742,1,1
2019-07-30 15:00:03.191,10742,10743,10743,3,3
2019-07-30 15:00:03.191,10742,10743,10744,2,2
2019-07-30 15:00:03.301,10742,10744,10743,1,-1
2019-07-30 15:00:03.333,10742,10743,10743,1,1
2019-07-30 15:00:03.421,10742,10743,10743,1,1
2019-07-30 15:00:03.422,10742,10743,10743,1,1
2019-07-30 15:00:03.424,10742,10743,10743,1,1
2019-07-30 15:00:03.425,10742,10743,10743,1,1
2019-07-30 15:00:03.427,10742,10743,10743,1,1
2019-07-30 15:00:03.458,10742,10743,10743,1,1
2019-07-30 15:00:03.459,10742,10743,10743,1,1
2019-07-30 15:00:03.461,10742,10743,10743,1,1
2019-07-30 15:00:03.464,10742,10743,10743,1,1
2019-07-30 15:00:03.486,10742,10743,10742,1,-1
2019-07-30 15:00:04.067,10742,10744,10744,1,1
2019-07-30 15:00:04.406,10743,10744,10743,1,-1
2019-07-30 15:00:04.557,10743,10744,10743,1,-1
2019-07-30 15:00:04.563,10743,10744,10743,2,-2
2019-07-30 15:00:04.782,10743,10744,10744,2,2
2019-07-30 15:00:04.830,10743,10744,10744,3,3
2019-07-30 15:00:05.124,10744,10745,10744,1,-1
2019-07-30 15:00:05.407,10744,10745,10744,1,-1
2019-07-30 15:00:06.864,10743,10745,10745,1,1
2019-07-30 15:00:07.076,10744,10745,10744,1,-1
2019-07-30 15:00:07.076,10744,10745,10743,5,-5
2019-07-30 15:00:09.149,10744,10745,10745,2,2
2019-07-30 15:00:09.729,10744,10745,10744,2,-2
2019-07-30 15:00:09.743,10744,10745,10745,2,2
2019-07-30 15:00:09.958,10744,10745,10744,2,-2
2019-07-30 15:00:10.102,10744,10745,10744,1,-1
2019-07-30 15:00:10.117,10744,10745,10744,1,-1
2019-07-30 15:00:10.145,10744,10745,10744,1,-1
2019-07-30 15:00:10.708,10744,10745,10744,1,-1
2019-07-30 15:00:11.709,10743,10744,10744,1,1
2019-07-30 15:00:12.009,10743,10744,10744,1,1
2019-07-30 15:00:12.077,10743,10744,10744,1,1
2019-07-30 15:00:12.283,10743,10744,10744,1,1
2019-07-30 15:00:12.669,10744,10745,10745,1,1
2019-07-30 15:00:12.832,10744,10745,10745,2,2
2019-07-30 15:00:13.178,10744,10745,10745,1,1
2019-07-30 15:00:13.223,10744,10745,10744,1,-1
2019-07-30 15:00:13.373,10744,10745,10744,2,-2
2019-07-30 15:00:13.470,10744,10745,10745,1,1
2019-07-30 15:00:13.663,10744,10745,10745,1,1
2019-07-30 15:00:13.679,10744,10745,10745,6,6
2019-07-30 15:00:13.798,10744,10745,10745,1,1
2019-07-30 15:00:13.833,10744,10745,10745,1,1
2019-07-30 15:00:14.291,10744,10745,10745,1,1
2019-07-30 15:00:14.973,10745,10746,10746,1,1
2019-07-30 15:00:15.188,10745,10746,10745,2,-2
2019-07-30 15:00:16.105,10744,10746,10744,12,-12
2019-07-30 15:00:16.458,10744,10745,10744,2,-2
2019-07-30 15:00:16.583,10744,10745,10744,1,-1
2019-07-30 15:00:16.833,10744,10745,10744,1,-1
2019-07-30 15:00:17.044,10743,10745,10745,1,1
2019-07-30 15:00:18.226,10743,10745,10745,4,4
2019-07-30 15:00:18.310,10743,10745,10745,1,1
2019-07-30 15:00:18.417,10744,10745,10745,1,1
2019-07-30 15:00:19.751,10744,10745,10745,2,2
2019-07-30 15:00:19.851,10744,10745,10745,2,2
2019-07-30 15:00:20.960,10744,10745,10745,1,1
2019-07-30 15:00:22.861,10744,10745,10744,1,-1
2019-07-30 15:00:23.069,10744,10745,10745,1,1
2019-07-30 15:00:23.217,10744,10745,10744,1,-1
2019-07-30 15:00:23.735,10744,10745,10745,1,1
2019-07-30 15:00:24.155,10744,10745,10745,1,1
2019-07-30 15:00:24.680,10744,10745,10745,1,1
2019-07-30 15:00:25.963,10744,10745,10744,4,-4
2019-07-30 15:00:31.878,10744,10745,10745,1,1
2019-07-30 15:00:32.260,10744,10745,10745,7,7
2019-07-30 15:00:32.333,10744,10745,10745,5,5
2019-07-30 15:00:32.743,10745,10746,10745,1,-1
2019-07-30 15:00:35.273,10745,10746,10746,1,1
2019-07-30 15:00:35.407,10745,10746,10746,1,1
2019-07-30 15:00:36.614,10745,10746,10746,5,5
2019-07-30 15:00:36.833,10745,10746,10746,1,1
2019-07-30 15:00:37.156,10746,10747,10746,1,-1
2019-07-30 15:00:37.374,10745,10747,10747,8,8
2019-07-30 15:00:37.612,10746,10747,10746,1,-1
2019-07-30 15:00:37.933,10746,10747,10746,1,-1
2019-07-30 15:00:38.745,10746,10747,10747,2,2
2019-07-30 15:00:38.850,10746,10747,10746,4,-4
2019-07-30 15:00:39.099,10746,10747,10747,2,2
2019-07-30 15:00:41.533,10746,10747,10746,5,-5
2019-07-30 15:00:41.632,10745,10746,10746,1,1
2019-07-30 15:00:43.088,10745,10747,10745,1,-1
2019-07-30 15:00:44.184,10746,10747,10746,1,1
2019-07-30 15:00:44.764,10745,10746,10745,1,-1
2019-07-30 15:00:44.805,10745,10746,10746,1,1
2019-07-30 15:00:46.579,10745,10746,10745,1,-1
2019-07-30 15:00:48.162,10745,10746,10745,3,-3
2019-07-30 15:00:48.301,10745,10746,10745,1,-1
2019-07-30 15:00:48.347,10744,10746,10744,1,-1
2019-07-30 15:00:48.721,10744,10746,10746,1,1
2019-07-30 15:00:48.819,10744,10746,10744,1,-1
2019-07-30 15:00:48.951,10744,10746,10744,1,-1
2019-07-30 15:00:49.056,10744,10746,10744,1,-1
2019-07-30 15:00:49.716,10744,10745,10745,3,3
2019-07-30 15:00:50.456,10744,10745,10745,2,2
2019-07-30 15:00:52.485,10744,10745,10745,2,2
2019-07-30 15:00:53.497,10744,10745,10744,18,-18
2019-07-30 15:00:54.384,10743,10744,10744,6,6
2019-07-30 15:00:54.384,10743,10744,10744,1,1
2019-07-30 15:00:54.384,10743,10744,10744,1,1
2019-07-30 15:00:54.384,10743,10744,10744,1,1
2019-07-30 15:00:54.384,10743,10744,10744,1,1
2019-07-30 15:00:54.497,10743,10744,10744,1,1
2019-07-30 15:00:54.685,10743,10744,10744,1,1
2019-07-30 15:00:55.184,10744,10745,10745,6,6
2019-07-30 15:00:55.793,10743,10745,10745,2,2
2019-07-30 15:00:58.244,10744,10745,10744,1,-1
2019-07-30 15:00:58.245,10744,10745,10743,1,-1
2019-07-30 15:00:58.258,10744,10745,10743,1,-1
2019-07-30 15:00:58.313,10744,10745,10743,1,-1
2019-07-30 15:00:59.359,10743,10744,10743,10,-10
2019-07-30 15:00:59.572,10742,10744,10742,4,-4
2019-07-30 15:01:00.106,10742,10743,10742,7,-7
2019-07-30 15:01:00.232,10742,10743,10742,6,-6
2019-07-30 15:01:00.244,10742,10743,10742,1,-1
2019-07-30 15:01:00.248,10742,10743,10742,1,-1
2019-07-30 15:01:00.329,10742,10743,10741,1,-1
2019-07-30 15:01:00.445,10741,10743,10741,5,-5
2019-07-30 15:01:00.446,10741,10743,10741,5,-5
2019-07-30 15:01:00.458,10741,10742,10741,1,-1
2019-07-30 15:01:00.514,10741,10742,10740,1,-1
2019-07-30 15:01:00.526,10741,10742,10740,4,-4
2019-07-30 15:01:00.526,10741,10742,10740,4,-4
2019-07-30 15:01:00.529,10741,10742,10740,1,-1
2019-07-30 15:01:00.531,10741,10742,10740,3,-3
2019-07-30 15:01:00.542,10741,10742,10740,4,-4
2019-07-30 15:01:00.558,10741,10742,10740,1,-1
2019-07-30 15:01:00.560,10741,10742,10740,4,-4
2019-07-30 15:01:00.621,10740,10741,10740,4,-4
2019-07-30 15:01:00.625,10740,10741,10740,4,-4
2019-07-30 15:01:00.625,10740,10741,10739,4,-4
2019-07-30 15:01:00.658,10740,10741,10739,4,-4
2019-07-30 15:01:00.664,10740,10741,10739,1,-1
2019-07-30 15:01:00.821,10739,10741,10739,1,-1
2019-07-30 15:01:00.901,10739,10740,10739,2,-2
2019-07-30 15:01:01.065,10738,10740,10738,1,-1
2019-07-30 15:01:01.108,10738,10740,10738,2,-2
2019-07-30 15:01:01.269,10738,10740,10738,6,-6
2019-07-30 15:01:01.317,10738,10740,10738,4,-4
2019-07-30 15:01:02.081,10738,10739,10738,1,-1
2019-07-30 15:01:02.563,10738,10739,10739,7,7
2019-07-30 15:01:02.585,10738,10739,10739,2,2
2019-07-30 15:01:03.100,10738,10739,10739,1,1
2019-07-30 15:01:03.787,10738,10739,10739,7,7
2019-07-30 15:01:04.020,10739,10740,10739,1,-1
2019-07-30 15:01:04.070,10739,10740,10740,2,2
2019-07-30 15:01:04.606,10739,10740,10740,1,1
2019-07-30 15:01:05.409,10739,10740,10740,1,1
2019-07-30 15:01:05.588,10739,10740,10739,1,-1
2019-07-30 15:01:05.718,10739,10740,10740,3,3
2019-07-30 15:01:05.767,10739,10740,10740,1,1
2019-07-30 15:01:05.916,10740,10741,10741,1,1
2019-07-30 15:01:05.921,10740,10741,10741,1,1
2019-07-30 15:01:05.944,10740,10741,10740,6,-6
2019-07-30 15:01:06.438,10740,10741,10740,1,-1
2019-07-30 15:01:06.512,10740,10741,10740,2,-2
2019-07-30 15:01:06.512,10740,10741,10739,1,-1
2019-07-30 15:01:06.522,10740,10741,10739,1,-1
2019-07-30 15:01:07.657,10739,10741,10741,1,1
2019-07-30 15:01:07.836,10739,10741,10740,1,-1
2019-07-30 15:01:07.953,10739,10741,10740,1,-1
2019-07-30 15:01:08.088,10740,10741,10740,1,-1
2019-07-30 15:01:08.220,10740,10741,10741,1,1
2019-07-30 15:01:08.586,10740,10741,10740,2,-2
2019-07-30 15:01:08.715,10740,10741,10741,1,1
2019-07-30 15:01:08.820,10740,10741,10740,1,-1
2019-07-30 15:01:09.066,10740,10742,10740,5,-5
2019-07-30 15:01:11.193,10740,10742,10740,10,-10
2019-07-30 15:01:12.095,10740,10741,10740,2,-2
2019-07-30 15:01:14.330,10740,10741,10740,2,-2
2019-07-30 15:01:14.576,10739,10740,10740,1,1
2019-07-30 15:01:15.313,10739,10740,10740,1,1
2019-07-30 15:01:16.739,10739,10740,10740,1,1
2019-07-30 15:01:18.786,10739,10740,10740,1,1
2019-07-30 15:01:19.269,10739,10740,10739,20,-20
2019-07-30 15:01:19.746,10739,10740,10739,11,-11
2019-07-30 15:01:19.765,10739,10740,10740,1,1
2019-07-30 15:01:19.833,10738,10740,10739,1,-1
2019-07-30 15:01:19.929,10738,10740,10739,1,-1
2019-07-30 15:01:19.991,10738,10740,10740,9,9
2019-07-30 15:01:20.243,10738,10740,10740,1,1
2019-07-30 15:01:20.413,10738,10740,10740,1,1
2019-07-30 15:01:20.650,10738,10739,10739,2,2
2019-07-30 15:01:20.708,10738,10739,10739,1,1
2019-07-30 15:01:21.445,10739,10740,10740,1,1
2019-07-30 15:01:22.148,10739,10740,10739,1,-1
2019-07-30 15:01:23.282,10739,10740,10740,1,1
2019-07-30 15:01:24.436,10739,10740,10740,1,1
2019-07-30 15:01:24.681,10739,10740,10740,1,1
2019-07-30 15:01:25.234,10739,10740,10740,1,1
2019-07-30 15:01:31.271,10739,10740,10740,12,12
2019-07-30 15:01:31.940,10740,10741,10740,1,-1
2019-07-30 15:01:32.054,10740,10741,10740,1,-1
2019-07-30 15:01:35.770,10740,10741,10741,1,1
2019-07-30 15:01:39.339,10740,10741,10740,1,-1
2019-07-30 15:01:39.783,10740,10741,10741,1,1
2019-07-30 15:01:39.837,10740,10741,10740,1,-1
2019-07-30 15:01:40.658,10740,10741,10740,10,-10
2019-07-30 15:01:40.708,10740,10741,10740,11,-11
2019-07-30 15:01:40.779,10740,10741,10739,5,-5
2019-07-30 15:01:40.862,10739,10740,10740,1,1
2019-07-30 15:01:41.104,10739,10740,10740,1,1
2019-07-30 15:01:41.532,10739,10740,10740,5,5
2019-07-30 15:01:41.965,10740,10741,10740,1,-1
2019-07-30 15:01:41.985,10740,10741,10740,2,-2
2019-07-30 15:01:45.283,10739,10740,10740,1,1
2019-07-30 15:01:47.035,10739,10740,10739,1,-1
2019-07-30 15:01:47.784,10739,10740,10740,1,1
2019-07-30 15:01:47.809,10739,10740,10739,9,-9
2019-07-30 15:01:47.877,10739,10740,10739,22,-22
2019-07-30 15:01:48.192,10738,10739,10739,1,1
2019-07-30 15:01:48.574,10738,10739,10739,1,1
2019-07-30 15:01:48.956,10738,10739,10739,1,1
2019-07-30 15:01:48.977,10738,10739,10739,1,1
2019-07-30 15:01:49.289,10738,10739,10739,10,10
2019-07-30 15:01:49.914,10738,10739,10739,1,1
2019-07-30 15:01:50.804,10738,10739,10739,1,1
2019-07-30 15:01:50.949,10738,10739,10739,2,2
2019-07-30 15:01:50.950,10738,10739,10739,1,1
2019-07-30 15:01:51.018,10738,10739,10739,1,1
2019-07-30 15:01:51.806,10738,10739,10739,1,1
2019-07-30 15:01:51.806,10738,10739,10740,27,27
2019-07-30 15:01:52.098,10739,10740,10740,1,1
2019-07-30 15:01:54.175,10739,10740,10739,2,-2
2019-07-30 15:01:55.205,10739,10740,10739,1,-1
2019-07-30 15:01:57.298,10739,10740,10740,1,1
2019-07-30 15:01:57.725,10739,10740,10739,6,-6
2019-07-30 15:01:57.932,10739,10740,10740,11,11
2019-07-30 15:01:58.396,10740,10741,10740,6,-6
2019-07-30 15:01:58.773,10740,10741,10740,16,-16
2019-07-30 15:01:58.773,10740,10741,10739,5,-5
2019-07-30 15:01:59.029,10739,10741,10740,1,1
2019-07-30 15:02:00.427,10739,10740,10739,1,-1
2019-07-30 15:02:01.108,10739,10740,10740,1,1
2019-07-30 15:02:01.551,10739,10741,10739,2,-2
2019-07-30 15:02:04.211,10740,10741,10740,1,1
2019-07-30 15:02:05.060,10740,10741,10741,16,16
2019-07-30 15:02:05.368,10740,10741,10740,7,-7
2019-07-30 15:02:07.325,10740,10741,10741,1,1
2019-07-30 15:02:08.549,10740,10741,10740,1,-1
2019-07-30 15:02:08.934,10740,10741,10740,1,-1
2019-07-30 15:02:11.191,10740,10741,10741,6,6
2019-07-30 15:02:14.340,10740,10741,10740,2,-2
2019-07-30 15:02:18.554,10740,10741,10740,1,-1
2019-07-30 15:02:18.707,10740,10741,10740,5,-5
2019-07-30 15:02:20.087,10740,10741,10740,3,-3
2019-07-30 15:02:20.087,10740,10741,10739,1,-1
2019-07-30 15:02:21.257,10740,10741,10740,1,1
2019-07-30 15:02:25.072,10740,10741,10740,2,-2
2019-07-30 15:02:25.083,10739,10740,10740,1,1
2019-07-30 15:02:27.053,10739,10740,10740,1,1
2019-07-30 15:02:27.064,10739,10740,10739,1,-1
2019-07-30 15:02:29.454,10739,10740,10740,1,1
2019-07-30 15:02:31.694,10739,10740,10740,1,1
2019-07-30 15:02:32.360,10739,10740,10739,26,-26
2019-07-30 15:02:32.719,10738,10739,10739,1,1
2019-07-30 15:02:33.173,10738,10739,10739,10,10
2019-07-30 15:02:33.499,10738,10739,10739,2,2
2019-07-30 15:02:34.913,10738,10739,10739,1,1
2019-07-30 15:02:35.293,10738,10739,10738,2,-2
2019-07-30 15:02:35.470,10738,10739,10739,1,1
2019-07-30 15:02:35.658,10738,10739,10738,1,-1
2019-07-30 15:02:36.697,10738,10739,10739,1,1
2019-07-30 15:02:37.888,10738,10739,10739,1,1
2019-07-30 15:02:38.158,10738,10739,10738,3,-3
2019-07-30 15:02:38.796,10738,10739,10738,1,-1
2019-07-30 15:02:38.802,10738,10739,10738,1,-1
2019-07-30 15:02:40.191,10738,10739,10738,24,-24
2019-07-30 15:02:40.208,10738,10739,10738,1,-1
2019-07-30 15:02:40.223,10738,10739,10739,3,3
2019-07-30 15:02:40.731,10738,10739,10738,4,-4
2019-07-30 15:02:40.874,10737,10739,10739,2,2
2019-07-30 15:02:42.831,10737,10738,10738,1,1
2019-07-30 15:02:45.742,10737,10738,10738,1,1
2019-07-30 15:02:47.157,10737,10738,10738,3,3
2019-07-30 15:02:49.821,10737,10738,10737,4,-4
2019-07-30 15:02:49.861,10737,10738,10737,1,-1
2019-07-30 15:02:49.891,10737,10738,10737,17,-17
2019-07-30 15:02:49.891,10737,10738,10736,1,-1
2019-07-30 15:02:49.959,10736,10738,10736,2,-2
2019-07-30 15:02:50.060,10736,10738,10736,1,-1
2019-07-30 15:02:50.084,10737,10738,10737,1,1
2019-07-30 15:02:50.094,10737,10738,10737,1,-1
2019-07-30 15:02:50.112,10737,10738,10736,1,-1
2019-07-30 15:02:50.562,10736,10738,10738,1,1
2019-07-30 15:02:50.628,10736,10738,10736,1,-1
2019-07-30 15:02:50.647,10736,10738,10736,1,-1
2019-07-30 15:02:50.764,10736,10738,10736,4,-4
2019-07-30 15:02:51.011,10736,10737,10736,1,-1
2019-07-30 15:02:54.053,10736,10737,10736,1,-1
2019-07-30 15:02:54.185,10736,10737,10737,2,2
2019-07-30 15:02:54.398,10736,10737,10737,1,1
2019-07-30 15:02:55.651,10736,10737,10736,2,-2
2019-07-30 15:02:55.784,10736,10737,10737,12,12
2019-07-30 15:02:56.545,10736,10738,10736,1,-1
2019-07-30 15:02:57.872,10736,10738,10736,3,-3
2019-07-30 15:02:59.635,10736,10737,10737,1,1
2019-07-30 15:02:59.923,10736,10737,10737,1,1
2019-07-30 15:03:00.143,10736,10737,10737,1,1
2019-07-30 15:03:00.355,10736,10737,10737,1,1
2019-07-30 15:03:00.450,10736,10737,10736,1,-1
2019-07-30 15:03:00.495,10736,10737,10736,1,-1
2019-07-30 15:03:00.781,10736,10737,10736,1,-1
2019-07-30 15:03:00.860,10736,10737,10737,1,1
2019-07-30 15:03:01.060,10736,10737,10736,4,-4
2019-07-30 15:03:01.120,10736,10737,10736,1,-1
2019-07-30 15:03:01.237,10736,10737,10736,1,-1
2019-07-30 15:03:01.238,10736,10737,10736,1,-1
2019-07-30 15:03:01.238,10736,10737,10736,1,-1
2019-07-30 15:03:01.238,10736,10737,10735,1,-1
2019-07-30 15:03:01.382,10735,10736,10735,2,-2
2019-07-30 15:03:01.387,10735,10736,10735,6,-6
2019-07-30 15:03:01.401,10735,10736,10735,3,-3
2019-07-30 15:03:01.437,10735,10736,10735,1,-1
2019-07-30 15:03:01.480,10735,10736,10735,5,-5
2019-07-30 15:03:01.493,10735,10736,10735,5,-5
2019-07-30 15:03:01.561,10735,10736,10735,6,-6
2019-07-30 15:03:01.672,10735,10736,10735,9,-9
2019-07-30 15:03:01.672,10735,10736,10734,6,-6
2019-07-30 15:03:01.702,10735,10736,10734,1,-1
2019-07-30 15:03:01.712,10734,10736,10736,1,1
2019-07-30 15:03:01.718,10734,10736,10734,6,-6
2019-07-30 15:03:01.766,10734,10736,10734,19,-19
2019-07-30 15:03:01.766,10734,10736,10733,1,-1
2019-07-30 15:03:01.770,10734,10736,10733,5,-5
2019-07-30 15:03:01.786,10734,10736,10733,3,-3
2019-07-30 15:03:01.827,10734,10736,10733,5,-5
2019-07-30 15:03:01.831,10734,10736,10733,2,-2
2019-07-30 15:03:01.835,10733,10735,10734,1,1
2019-07-30 15:03:01.880,10733,10735,10735,1,1
2019-07-30 15:03:01.933,10733,10735,10733,3,-3
2019-07-30 15:03:01.964,10733,10734,10734,3,3
2019-07-30 15:03:01.968,10733,10734,10733,1,-1
2019-07-30 15:03:02.083,10734,10735,10734,1,1
2019-07-30 15:03:02.337,10734,10735,10734,1,-1
2019-07-30 15:03:02.347,10734,10735,10734,1,-1
2019-07-30 15:03:02.373,10734,10735,10734,2,-2
2019-07-30 15:03:02.464,10734,10735,10734,6,-6
2019-07-30 15:03:02.531,10734,10735,10734,1,-1
2019-07-30 15:03:02.531,10734,10735,10734,1,-1
2019-07-30 15:03:02.532,10734,10735,10734,1,-1
2019-07-30 15:03:02.540,10734,10735,10733,1,-1
2019-07-30 15:03:03.378,10734,10735,10735,2,2
2019-07-30 15:03:03.491,10734,10735,10734,1,-1
2019-07-30 15:03:03.519,10734,10735,10735,1,1
2019-07-30 15:03:04.652,10734,10735,10734,1,-1
2019-07-30 15:03:04.668,10734,10735,10734,1,-1
2019-07-30 15:03:05.077,10734,10735,10735,1,1
2019-07-30 15:03:06.070,10734,10735,10734,2,-2
2019-07-30 15:03:06.940,10734,10735,10734,1,-1
2019-07-30 15:03:07.356,10734,10735,10734,12,-12
2019-07-30 15:03:07.386,10734,10735,10735,4,4
2019-07-30 15:03:08.102,10733,10735,10733,2,-2
2019-07-30 15:03:08.989,10733,10734,10734,1,1
2019-07-30 15:03:09.537,10733,10734,10734,2,2
2019-07-30 15:03:10.480,10733,10734,10733,1,-1
2019-07-30 15:03:11.497,10733,10734,10733,2,-2
2019-07-30 15:03:11.786,10733,10734,10733,1,-1
2019-07-30 15:03:12.633,10733,10734,10734,1,1
2019-07-30 15:03:12.639,10733,10734,10734,1,1
2019-07-30 15:03:13.469,10733,10734,10734,5,5
2019-07-30 15:03:13.589,10733,10734,10734,2,2
2019-07-30 15:03:13.716,10733,10735,10735,2,2
2019-07-30 15:03:14.007,10734,10735,10734,2,-2
2019-07-30 15:03:14.836,10733,10735,10734,1,-1
2019-07-30 15:03:16.086,10733,10735,10733,1,-1
2019-07-30 15:03:19.181,10734,10735,10735,1,1
2019-07-30 15:03:19.571,10734,10735,10735,5,5
2019-07-30 15:03:19.734,10734,10735,10735,1,1
2019-07-30 15:03:20.023,10734,10735,10735,2,2
2019-07-30 15:03:20.795,10734,10735,10734,1,-1
2019-07-30 15:03:21.388,10734,10735,10735,1,1
2019-07-30 15:03:22.336,10734,10735,10735,1,1
2019-07-30 15:03:25.855,10734,10735,10735,1,1
2019-07-30 15:03:26.550,10734,10735,10735,5,5
2019-07-30 15:03:27.175,10735,10736,10736,11,11
2019-07-30 15:03:27.833,10735,10737,10735,2,-2
2019-07-30 15:03:28.720,10735,10737,10737,1,1
2019-07-30 15:03:31.393,10735,10737,10737,1,1
2019-07-30 15:03:31.951,10735,10737,10735,5,-5
2019-07-30 15:03:33.128,10736,10737,10737,10,10
2019-07-30 15:03:36.422,10736,10737,10736,3,-3
2019-07-30 15:03:39.226,10735,10736,10735,4,-4
2019-07-30 15:03:39.369,10735,10736,10736,1,1
2019-07-30 15:03:39.899,10735,10736,10736,1,1
2019-07-30 15:03:41.790,10735,10736,10736,1,1
2019-07-30 15:03:44.301,10735,10736,10736,2,2
2019-07-30 15:03:44.761,10735,10736,10736,3,3
2019-07-30 15:03:45.279,10735,10736,10736,1,1
2019-07-30 15:03:48.235,10735,10736,10736,1,1
2019-07-30 15:03:49.680,10735,10736,10735,3,-3
2019-07-30 15:03:52.279,10735,10736,10736,1,1
2019-07-30 15:03:52.775,10735,10736,10736,1,1
2019-07-30 15:03:52.775,10735,10736,10736,1,1
2019-07-30 15:03:52.784,10735,10736,10736,5,5
2019-07-30 15:03:53.387,10736,10737,10736,1,-1
2019-07-30 15:03:53.552,10736,10737,10736,2,-2
2019-07-30 15:03:54.018,10736,10737,10736,2,-2
2019-07-30 15:03:54.842,10736,10737,10736,1,-1
2019-07-30 15:03:55.011,10736,10737,10736,1,-1
2019-07-30 15:03:55.749,10735,10737,10736,1,-1
2019-07-30 15:03:55.987,10736,10737,10736,1,-1
2019-07-30 15:03:56.064,10736,10737,10736,1,-1
2019-07-30 15:04:02.083,10736,10737,10736,1,-1
2019-07-30 15:04:02.253,10736,10737,10737,5,5
2019-07-30 15:04:03.080,10736,10737,10736,1,-1
2019-07-30 15:04:03.766,10736,10737,10737,1,1
2019-07-30 15:04:04.243,10736,10737,10736,2,-2
2019-07-30 15:04:07.319,10736,10737,10737,1,1
2019-07-30 15:04:07.672,10736,10737,10737,3,3
2019-07-30 15:04:08.453,10736,10737,10736,1,-1
2019-07-30 15:04:09.700,10736,10737,10736,2,-2
2019-07-30 15:04:09.992,10736,10737,10736,3,-3
2019-07-30 15:04:10.597,10736,10737,10737,1,1
2019-07-30 15:04:11.437,10736,10737,10737,5,5
2019-07-30 15:04:11.677,10736,10737,10736,8,-8
2019-07-30 15:04:12.053,10736,10737,10736,1,-1
2019-07-30 15:04:13.444,10736,10737,10737,1,1
2019-07-30 15:04:14.962,10736,10737,10736,1,-1
2019-07-30 15:04:15.007,10736,10737,10736,1,-1
2019-07-30 15:04:15.017,10736,10737,10736,2,-2
2019-07-30 15:04:15.617,10735,10736,10736,1,1
2019-07-30 15:04:17.303,10735,10736,10736,1,1
2019-07-30 15:04:18.460,10735,10736,10735,2,-2
2019-07-30 15:04:20.035,10735,10736,10736,1,1
2019-07-30 15:04:21.002,10735,10736,10736,1,1
2019-07-30 15:04:24.684,10735,10736,10736,2,2
2019-07-30 15:04:25.002,10735,10736,10735,1,-1
2019-07-30 15:04:25.097,10735,10736,10735,1,-1
2019-07-30 15:04:25.183,10735,10736,10735,1,-1
2019-07-30 15:04:28.701,10735,10736,10735,1,-1
2019-07-30 15:04:28.711,10735,10736,10736,1,1
2019-07-30 15:04:29.030,10735,10736,10735,1,-1
2019-07-30 15:04:29.149,10735,10736,10735,10,-10
2019-07-30 15:04:29.872,10735,10736,10735,8,-8
2019-07-30 15:04:29.958,10735,10736,10735,4,-4
2019-07-30 15:04:35.479,10734,10735,10735,1,1
2019-07-30 15:04:37.670,10734,10735,10735,2,2
2019-07-30 15:04:38.369,10734,10735,10734,4,-4
2019-07-30 15:04:41.065,10734,10735,10734,1,-1
2019-07-30 15:04:43.232,10734,10735,10735,1,1
2019-07-30 15:04:44.375,10734,10735,10734,1,-1
2019-07-30 15:04:45.562,10734,10735,10734,4,-4
2019-07-30 15:04:46.264,10734,10735,10734,7,-7
2019-07-30 15:04:48.234,10734,10735,10734,2,-2
2019-07-30 15:04:48.379,10734,10735,10734,2,-2
2019-07-30 15:04:49.745,10734,10735,10734,2,-2
2019-07-30 15:04:50.415,10734,10735,10734,2,-2
2019-07-30 15:04:51.958,10734,10735,10734,8,-8
2019-07-30 15:04:51.990,10734,10735,10735,1,1
2019-07-30 15:04:52.083,10734,10735,10734,2,-2
2019-07-30 15:04:52.487,10733,10735,10733,1,-1
2019-07-30 15:04:53.467,10733,10734,10734,1,1
2019-07-30 15:04:54.070,10733,10734,10734,1,1
2019-07-30 15:04:55.117,10733,10734,10733,1,-1
2019-07-30 15:04:55.482,10733,10734,10734,1,1
2019-07-30 15:04:56.534,10733,10734,10733,1,-1
2019-07-30 15:04:56.616,10733,10734,10733,6,-6
2019-07-30 15:04:56.789,10733,10734,10733,10,-10
2019-07-30 15:04:58.937,10733,10734,10733,1,-1
2019-07-30 15:05:00.735,10733,10734,10734,10,10
2019-07-30 15:05:01.173,10733,10734,10733,1,-1
2019-07-30 15:05:01.231,10733,10734,10733,1,-1
2019-07-30 15:05:01.865,10733,10734,10733,1,-1
2019-07-30 15:05:01.909,10733,10734,10733,1,-1
2019-07-30 15:05:02.070,10733,10734,10733,2,-2
2019-07-30 15:05:02.243,10733,10734,10733,1,-1
2019-07-30 15:05:02.380,10733,10734,10734,1,1
2019-07-30 15:05:02.990,10733,10734,10734,4,4
2019-07-30 15:05:03.067,10733,10734,10733,3,-3
2019-07-30 15:05:03.885,10733,10734,10734,1,1
2019-07-30 15:05:04.785,10733,10734,10733,3,-3
2019-07-30 15:05:04.846,10733,10734,10733,1,-1
2019-07-30 15:05:04.885,10733,10734,10733,2,-2
2019-07-30 15:05:05.428,10733,10734,10733,1,-1
2019-07-30 15:05:05.484,10733,10734,10734,1,1
2019-07-30 15:05:07.859,10733,10734,10733,1,-1
2019-07-30 15:05:08.098,10733,10734,10733,3,-3
2019-07-30 15:05:08.218,10733,10734,10733,5,-5
2019-07-30 15:05:10.042,10733,10734,10734,1,1
2019-07-30 15:05:10.651,10733,10734,10733,2,-2
2019-07-30 15:05:13.568,10733,10734,10734,1,1
2019-07-30 15:05:14.675,10733,10734,10733,1,-1
2019-07-30 15:05:15.741,10733,10734,10733,2,-2
2019-07-30 15:05:17.071,10733,10734,10733,1,-1
2019-07-30 15:05:18.326,10733,10734,10734,1,1
2019-07-30 15:05:18.417,10733,10734,10733,1,-1
2019-07-30 15:05:19.001,10733,10734,10733,5,-5
2019-07-30 15:05:25.217,10733,10734,10734,1,1
2019-07-30 15:05:26.779,10733,10734,10734,1,1
2019-07-30 15:05:29.275,10733,10734,10734,1,1
2019-07-30 15:05:32.575,10733,10734,10733,1,-1
2019-07-30 15:05:39.271,10733,10734,10734,1,1
2019-07-30 15:05:40.881,10733,10734,10733,3,-3
2019-07-30 15:05:41.850,10733,10734,10734,1,1
2019-07-30 15:05:42.015,10733,10734,10734,1,1
2019-07-30 15:05:43.412,10733,10734,10734,2,2
2019-07-30 15:05:44.603,10733,10734,10733,5,-5
2019-07-30 15:05:49.587,10733,10734,10733,2,-2
2019-07-30 15:05:52.807,10733,10734,10733,2,-2
2019-07-30 15:05:54.427,10733,10734,10733,1,-1
2019-07-30 15:05:59.498,10733,10734,10733,2,-2
2019-07-30 15:06:00.086,10733,10734,10733,2,-2
2019-07-30 15:06:00.089,10733,10734,10733,1,-1
2019-07-30 15:06:00.094,10733,10734,10733,1,-1
2019-07-30 15:06:00.098,10733,10734,10733,1,-1
2019-07-30 15:06:00.103,10733,10734,10733,1,-1
2019-07-30 15:06:05.328,10733,10734,10734,1,1
2019-07-30 15:06:05.330,10733,10734,10733,1,-1
2019-07-30 15:06:07.322,10733,10734,10734,1,1
2019-07-30 15:06:07.377,10733,10734,10733,1,-1
2019-07-30 15:06:07.638,10733,10734,10733,1,-1
2019-07-30 15:06:08.215,10733,10734,10733,4,-4
2019-07-30 15:06:08.860,10733,10734,10733,4,-4
2019-07-30 15:06:09.140,10733,10734,10733,4,-4
2019-07-30 15:06:11.156,10733,10734,10733,12,-12
2019-07-30 15:06:11.208,10733,10734,10733,6,-6
2019-07-30 15:06:11.328,10733,10734,10733,1,-1
2019-07-30 15:06:11.567,10733,10734,10733,1,-1
2019-07-30 15:06:11.719,10733,10734,10733,2,-2
2019-07-30 15:06:11.810,10733,10734,10733,1,-1
2019-07-30 15:06:11.924,10732,10734,10732,2,-2
2019-07-30 15:06:12.037,10732,10733,10732,1,-1
2019-07-30 15:06:12.114,10732,10733,10732,2,-2
2019-07-30 15:06:12.115,10732,10733,10733,1,1
2019-07-30 15:06:12.298,10732,10733,10732,1,-1
2019-07-30 15:06:12.531,10732,10733,10732,1,-1
2019-07-30 15:06:12.537,10732,10733,10732,1,-1
2019-07-30 15:06:12.991,10732,10733,10733,1,1
2019-07-30 15:06:13.297,10732,10733,10732,4,-4
2019-07-30 15:06:14.157,10732,10733,10733,1,1
2019-07-30 15:06:14.537,10732,10733,10732,2,-2
2019-07-30 15:06:14.782,10732,10733,10732,1,-1
2019-07-30 15:06:15.830,10732,10733,10733,20,20
2019-07-30 15:06:17.054,10732,10733,10732,1,-1
2019-07-30 15:06:17.663,10732,10733,10732,1,-1
2019-07-30 15:06:18.836,10732,10733,10733,1,1
2019-07-30 15:06:19.685,10732,10733,10732,1,-1
2019-07-30 15:06:21.093,10732,10733,10733,9,9
2019-07-30 15:06:21.392,10733,10734,10733,1,-1
2019-07-30 15:06:22.218,10732,10733,10733,5,5
2019-07-30 15:06:22.538,10733,10734,10733,1,-1
2019-07-30 15:06:24.082,10733,10734,10733,1,-1
2019-07-30 15:06:24.400,10733,10734,10733,1,-1
2019-07-30 15:06:26.008,10733,10734,10734,1,1
2019-07-30 15:06:26.127,10733,10734,10733,1,-1
2019-07-30 15:06:26.127,10733,10734,10732,1,-1
2019-07-30 15:06:29.767,10733,10734,10733,1,1
2019-07-30 15:06:30.958,10733,10734,10734,25,25
2019-07-30 15:06:31.083,10733,10734,10734,36,36
2019-07-30 15:06:31.971,10734,10735,10734,3,-3
2019-07-30 15:06:32.389,10734,10735,10734,4,-4
2019-07-30 15:06:32.632,10734,10735,10734,5,-5
2019-07-30 15:06:33.281,10734,10735,10734,1,-1
2019-07-30 15:06:33.819,10734,10735,10735,2,2
2019-07-30 15:06:35.568,10734,10735,10735,2,2
2019-07-30 15:06:38.120,10734,10735,10735,1,1
2019-07-30 15:06:38.896,10734,10735,10734,1,-1
2019-07-30 15:06:40.879,10734,10735,10735,1,1
2019-07-30 15:06:43.927,10734,10735,10735,1,1
2019-07-30 15:06:44.526,10734,10735,10734,1,-1
2019-07-30 15:06:47.423,10734,10735,10735,1,1
2019-07-30 15:06:50.296,10734,10735,10735,2,2
2019-07-30 15:06:50.510,10734,10735,10734,1,-1
2019-07-30 15:06:51.415,10734,10735,10735,1,1
2019-07-30 15:06:51.566,10734,10735,10734,1,-1
2019-07-30 15:06:56.464,10734,10735,10735,2,2
2019-07-30 15:06:56.808,10734,10735,10735,2,2
2019-07-30 15:06:58.681,10734,10735,10734,20,-20
2019-07-30 15:07:00.301,10734,10735,10734,1,-1
2019-07-30 15:07:02.219,10734,10735,10735,4,4
2019-07-30 15:07:14.401,10734,10735,10735,1,1
2019-07-30 15:07:19.059,10734,10735,10735,1,1
2019-07-30 15:07:22.402,10734,10735,10735,1,1
2019-07-30 15:07:24.631,10734,10735,10735,1,1
2019-07-30 15:07:25.354,10734,10735,10735,1,1
2019-07-30 15:07:27.054,10734,10735,10735,1,1
2019-07-30 15:07:27.832,10734,10735,10734,3,-3
2019-07-30 15:07:28.467,10734,10735,10735,1,1
2019-07-30 15:07:30.162,10734,10735,10734,1,-1
2019-07-30 15:07:30.554,10734,10735,10735,1,1
2019-07-30 15:07:32.036,10734,10735,10734,1,-1
2019-07-30 15:07:32.435,10734,10735,10735,1,1
2019-07-30 15:07:34.143,10734,10735,10734,1,-1
2019-07-30 15:07:35.736,10734,10735,10735,10,10
2019-07-30 15:07:37.158,10734,10735,10735,1,1
2019-07-30 15:07:37.503,10734,10735,10735,2,2
2019-07-30 15:07:39.458,10734,10735,10734,2,-2
2019-07-30 15:07:46.390,10734,10735,10734,1,-1
2019-07-30 15:07:47.278,10734,10735,10735,1,1
2019-07-30 15:07:48.354,10734,10735,10734,2,-2
2019-07-30 15:07:49.441,10734,10735,10735,1,1
2019-07-30 15:07:51.698,10734,10735,10735,1,1
2019-07-30 15:07:57.109,10734,10735,10735,1,1
2019-07-30 15:07:58.823,10734,10735,10734,1,-1
2019-07-30 15:07:59.170,10734,10735,10735,1,1
2019-07-30 15:07:59.703,10734,10735,10735,3,3
2019-07-30 15:08:01.446,10734,10735,10735,1,1
2019-07-30 15:08:02.666,10734,10735,10735,1,1
2019-07-30 15:08:03.694,10734,10735,10735,1,1
2019-07-30 15:08:04.534,10734,10735,10735,1,1
2019-07-30 15:08:04.628,10734,10735,10735,3,3
2019-07-30 15:08:06.111,10734,10735,10735,1,1
2019-07-30 15:08:08.119,10734,10735,10735,1,1
2019-07-30 15:08:09.832,10734,10735,10735,5,5
2019-07-30 15:08:11.018,10734,10735,10735,2,2
2019-07-30 15:08:11.913,10734,10735,10735,1,1
2019-07-30 15:08:13.390,10734,10735,10735,1,1
2019-07-30 15:08:16.031,10734,10735,10735,1,1
2019-07-30 15:08:19.255,10734,10735,10735,1,1
2019-07-30 15:08:21.713,10734,10735,10735,1,1
2019-07-30 15:08:22.501,10734,10735,10734,1,-1
2019-07-30 15:08:23.491,10734,10735,10735,1,1
2019-07-30 15:08:24.866,10734,10735,10734,3,-3
2019-07-30 15:08:24.982,10734,10735,10735,1,1
2019-07-30 15:08:31.958,10734,10735,10735,1,1
2019-07-30 15:08:32.799,10734,10735,10735,1,1
2019-07-30 15:08:37.610,10734,10735,10735,1,1
2019-07-30 15:08:38.658,10734,10735,10735,1,1
2019-07-30 15:08:39.518,10734,10735,10735,1,1
2019-07-30 15:08:43.815,10734,10735,10735,5,5
2019-07-30 15:08:46.254,10734,10735,10735,1,1
2019-07-30 15:08:46.693,10734,10735,10735,1,1
2019-07-30 15:08:49.636,10734,10735,10735,1,1
2019-07-30 15:08:51.885,10734,10735,10735,1,1
2019-07-30 15:08:52.091,10734,10735,10735,2,2
2019-07-30 15:08:52.557,10734,10735,10735,1,1
2019-07-30 15:08:53.274,10734,10735,10735,2,2
2019-07-30 15:08:59.271,10734,10735,10735,1,1
2019-07-30 15:09:00.337,10734,10735,10735,7,7
2019-07-30 15:09:00.850,10734,10735,10735,1,1
2019-07-30 15:09:03.209,10734,10735,10735,1,1
2019-07-30 15:09:03.851,10734,10735,10735,2,2
2019-07-30 15:09:04.271,10734,10735,10735,1,1
2019-07-30 15:09:05.901,10734,10735,10735,1,1
2019-07-30 15:09:06.022,10734,10735,10735,1,1
2019-07-30 15:09:06.081,10734,10735,10735,1,1
2019-07-30 15:09:06.408,10734,10735,10735,1,1
2019-07-30 15:09:07.386,10734,10735,10735,5,5
2019-07-30 15:09:07.458,10734,10735,10735,4,4
2019-07-30 15:09:19.486,10735,10736,10736,1,1
2019-07-30 15:09:20.312,10735,10736,10735,1,-1
2019-07-30 15:09:21.954,10735,10736,10735,1,-1
2019-07-30 15:09:23.156,10735,10736,10735,5,-5
2019-07-30 15:09:23.208,10735,10736,10735,3,-3
2019-07-30 15:09:26.441,10734,10735,10735,2,2
2019-07-30 15:09:27.048,10734,10735,10735,1,1
2019-07-30 15:09:32.035,10735,10736,10736,1,1
2019-07-30 15:09:33.121,10735,10736,10736,1,1
2019-07-30 15:09:43.122,10735,10736,10736,1,1
2019-07-30 15:09:48.757,10735,10736,10736,1,1
2019-07-30 15:09:49.851,10735,10736,10735,1,-1
2019-07-30 15:09:51.985,10735,10736,10735,5,-5
2019-07-30 15:09:54.143,10735,10736,10736,1,1
2019-07-30 15:09:54.392,10735,10736,10735,1,-1
2019-07-30 15:09:55.733,10735,10736,10735,1,-1
2019-07-30 15:09:58.943,10735,10736,10735,5,-5
2019-07-30 15:10:01.514,10735,10736,10735,4,-4
2019-07-30 15:10:02.394,10735,10736,10735,6,-6
2019-07-30 15:10:02.394,10735,10736,10734,6,-6
2019-07-30 15:10:02.705,10734,10735,10734,12,-12
2019-07-30 15:10:03.617,10734,10735,10735,1,1
2019-07-30 15:10:07.634,10734,10735,10734,2,-2
2019-07-30 15:10:17.134,10734,10735,10735,1,1
2019-07-30 15:10:17.278,10734,10735,10734,1,-1
2019-07-30 15:10:18.345,10734,10735,10735,2,2
2019-07-30 15:10:18.553,10734,10735,10735,1,1
2019-07-30 15:10:18.581,10734,10735,10735,2,2
2019-07-30 15:10:18.825,10734,10735,10735,2,2
2019-07-30 15:10:19.061,10734,10735,10735,2,2
2019-07-30 15:10:20.047,10735,10736,10735,1,-1
2019-07-30 15:10:23.519,10734,10735,10735,1,1
2019-07-30 15:10:25.796,10734,10735,10734,1,-1
2019-07-30 15:10:26.934,10734,10735,10734,5,-5
2019-07-30 15:10:30.778,10734,10735,10734,5,-5
2019-07-30 15:10:30.833,10734,10735,10734,13,-13
2019-07-30 15:10:33.450,10734,10735,10734,6,-6
2019-07-30 15:10:33.569,10733,10734,10734,1,1
2019-07-30 15:10:34.118,10733,10734,10734,1,1
2019-07-30 15:10:35.295,10733,10734,10734,2,2
2019-07-30 15:10:36.982,10733,10734,10734,1,1
2019-07-30 15:10:39.474,10734,10735,10734,1,-1
2019-07-30 15:10:40.925,10733,10734,10734,1,1
2019-07-30 15:10:41.871,10733,10734,10734,5,5
2019-07-30 15:10:42.397,10734,10735,10734,1,-1
2019-07-30 15:10:42.929,10733,10735,10733,1,-1
2019-07-30 15:10:44.340,10733,10734,10733,1,-1
2019-07-30 15:10:45.605,10734,10735,10734,2,2
2019-07-30 15:10:54.294,10734,10735,10735,1,1
2019-07-30 15:10:56.398,10734,10735,10734,1,-1
2019-07-30 15:10:57.967,10734,10735,10734,5,-5
2019-07-30 15:10:58.791,10733,10734,10734,2,2
2019-07-30 15:10:59.064,10733,10734,10734,1,1
2019-07-30 15:10:59.159,10733,10734,10733,8,-8
2019-07-30 15:11:01.591,10733,10734,10734,1,1
2019-07-30 15:11:07.671,10733,10734,10734,1,1
2019-07-30 15:11:12.642,10733,10734,10734,1,1
2019-07-30 15:11:12.782,10733,10734,10734,1,1
2019-07-30 15:11:15.897,10733,10734,10733,1,-1
2019-07-30 15:11:16.958,10733,10734,10734,2,2
2019-07-30 15:11:18.680,10733,10734,10733,1,-1
2019-07-30 15:11:25.271,10733,10734,10733,1,-1
2019-07-30 15:11:27.436,10733,10734,10734,5,5
2019-07-30 15:11:33.144,10733,10734,10734,4,4
2019-07-30 15:11:35.411,10733,10734,10733,10,-10
2019-07-30 15:11:36.026,10733,10734,10733,10,-10
2019-07-30 15:11:36.084,10733,10734,10733,1,-1
2019-07-30 15:11:36.315,10733,10734,10734,1,1
2019-07-30 15:11:36.662,10733,10734,10733,10,-10
2019-07-30 15:11:37.285,10733,10734,10733,4,-4
2019-07-30 15:11:37.316,10733,10734,10733,2,-2
2019-07-30 15:11:37.500,10732,10733,10733,2,2
2019-07-30 15:11:40.533,10732,10733,10732,5,-5
2019-07-30 15:11:40.843,10732,10733,10732,1,-1
2019-07-30 15:11:40.976,10732,10733,10732,1,-1
2019-07-30 15:11:40.986,10732,10733,10732,1,-1
2019-07-30 15:11:41.050,10732,10733,10733,1,1
2019-07-30 15:11:42.799,10732,10733,10733,1,1
2019-07-30 15:11:43.063,10732,10733,10733,1,1
2019-07-30 15:11:43.206,10732,10733,10733,1,1
2019-07-30 15:11:46.297,10733,10734,10733,1,-1
2019-07-30 15:11:50.655,10732,10733,10732,3,-3
2019-07-30 15:11:51.458,10732,10733,10732,1,-1
2019-07-30 15:11:56.344,10732,10733,10733,1,1
2019-07-30 15:11:57.097,10732,10733,10733,3,3
2019-07-30 15:12:01.805,10732,10733,10733,1,1
2019-07-30 15:12:03.648,10732,10733,10733,1,1
2019-07-30 15:12:05.141,10732,10733,10732,1,-1
2019-07-30 15:12:07.584,10732,10733,10732,1,-1
2019-07-30 15:12:09.022,10732,10733,10733,1,1
2019-07-30 15:12:09.121,10732,10733,10733,2,2
2019-07-30 15:12:09.819,10732,10733,10733,3,3
2019-07-30 15:12:11.191,10732,10733,10732,1,-1
2019-07-30 15:12:13.045,10732,10733,10732,9,-9
2019-07-30 15:12:14.092,10732,10733,10732,15,-15
2019-07-30 15:12:14.648,10731,10732,10732,10,10
2019-07-30 15:12:14.963,10731,10732,10732,1,1
2019-07-30 15:12:15.835,10731,10732,10732,1,1
2019-07-30 15:12:16.142,10731,10732,10732,1,1
2019-07-30 15:12:16.975,10731,10732,10731,5,-5
2019-07-30 15:12:16.978,10731,10732,10731,1,-1
2019-07-30 15:12:17.419,10731,10732,10731,1,-1
2019-07-30 15:12:17.502,10731,10732,10731,1,-1
2019-07-30 15:12:17.549,10731,10732,10731,1,-1
2019-07-30 15:12:18.074,10731,10732,10731,2,-2
2019-07-30 15:12:19.318,10731,10732,10731,1,-1
2019-07-30 15:12:19.929,10731,10732,10731,1,-1
2019-07-30 15:12:21.095,10731,10732,10732,1,1
2019-07-30 15:12:25.717,10731,10732,10732,1,1
2019-07-30 15:12:26.437,10731,10732,10732,1,1
2019-07-30 15:12:28.422,10731,10732,10731,10,-10
2019-07-30 15:12:29.331,10731,10732,10731,1,-1
2019-07-30 15:12:29.560,10731,10732,10731,2,-2
2019-07-30 15:12:30.484,10731,10732,10731,1,-1
2019-07-30 15:12:34.537,10731,10732,10731,1,-1
2019-07-30 15:12:35.245,10731,10732,10731,1,-1
2019-07-30 15:12:35.246,10731,10732,10731,1,-1
2019-07-30 15:12:35.246,10731,10732,10731,1,-1
2019-07-30 15:12:35.333,10731,10732,10731,4,-4
2019-07-30 15:12:35.333,10731,10732,10731,5,-5
2019-07-30 15:12:36.711,10731,10732,10731,1,-1
2019-07-30 15:12:37.635,10731,10732,10731,1,-1
2019-07-30 15:12:39.679,10730,10731,10731,1,1
2019-07-30 15:12:41.727,10730,10731,10731,1,1
2019-07-30 15:12:44.114,10730,10731,10730,1,-1
2019-07-30 15:12:44.254,10730,10731,10730,1,-1
2019-07-30 15:12:44.268,10730,10731,10730,1,-1
2019-07-30 15:12:44.659,10730,10731,10730,1,-1
2019-07-30 15:12:44.754,10730,10731,10730,2,-2
2019-07-30 15:12:45.086,10730,10731,10731,1,1
2019-07-30 15:12:45.124,10730,10731,10730,1,-1
2019-07-30 15:12:45.951,10730,10731,10730,1,-1
2019-07-30 15:12:46.236,10730,10731,10730,1,-1
2019-07-30 15:12:47.442,10730,10731,10731,1,1
2019-07-30 15:12:47.723,10730,10731,10730,1,-1
2019-07-30 15:12:48.950,10730,10731,10730,1,-1
2019-07-30 15:12:49.692,10730,10731,10731,1,1
2019-07-30 15:12:49.692,10730,10731,10731,1,1
2019-07-30 15:12:49.958,10730,10731,10731,1,1
2019-07-30 15:12:50.166,10730,10731,10731,1,1
2019-07-30 15:12:50.567,10730,10731,10730,1,-1
2019-07-30 15:12:51.194,10730,10731,10730,1,-1
2019-07-30 15:12:51.733,10730,10731,10731,1,1
2019-07-30 15:12:53.290,10730,10731,10730,1,-1
2019-07-30 15:12:56.721,10730,10731,10731,1,1
2019-07-30 15:12:58.435,10730,10731,10730,1,-1
2019-07-30 15:12:59.250,10730,10731,10731,5,5
2019-07-30 15:13:00.147,10730,10731,10731,1,1
2019-07-30 15:13:00.299,10730,10731,10730,1,-1
2019-07-30 15:13:00.551,10730,10731,10730,1,-1
2019-07-30 15:13:00.559,10730,10731,10730,2,-2
2019-07-30 15:13:01.012,10730,10731,10730,1,-1
2019-07-30 15:13:01.078,10730,10731,10730,3,-3
2019-07-30 15:13:01.187,10730,10731,10730,1,-1
2019-07-30 15:13:01.250,10730,10731,10730,1,-1
2019-07-30 15:13:01.303,10730,10731,10730,1,-1
2019-07-30 15:13:01.592,10730,10731,10730,1,-1
2019-07-30 15:13:01.600,10730,10731,10730,1,-1
2019-07-30 15:13:01.792,10730,10731,10730,1,-1
2019-07-30 15:13:02.134,10730,10731,10730,1,-1
2019-07-30 15:13:02.459,10730,10731,10731,1,1
2019-07-30 15:13:03.385,10730,10731,10730,1,-1
2019-07-30 15:13:03.493,10730,10731,10731,1,1
2019-07-30 15:13:03.839,10730,10731,10730,3,-3
2019-07-30 15:13:03.900,10730,10731,10730,1,-1
2019-07-30 15:13:03.932,10730,10731,10730,1,-1
2019-07-30 15:13:06.046,10730,10731,10731,10,10
2019-07-30 15:13:07.029,10730,10731,10730,1,-1
2019-07-30 15:13:07.802,10730,10731,10730,1,-1
2019-07-30 15:13:09.574,10730,10731,10731,1,1
2019-07-30 15:13:09.669,10730,10731,10731,1,1
2019-07-30 15:13:10.604,10730,10731,10731,1,1
2019-07-30 15:13:11.851,10730,10731,10731,1,1
2019-07-30 15:13:12.526,10730,10731,10731,1,1
2019-07-30 15:13:15.042,10730,10731,10730,1,-1
2019-07-30 15:13:15.195,10730,10731,10731,2,2
2019-07-30 15:13:15.664,10730,10731,10731,2,2
2019-07-30 15:13:16.234,10730,10731,10731,1,1
2019-07-30 15:13:16.422,10730,10732,10731,1,-1
2019-07-30 15:13:18.239,10731,10732,10731,1,-1
2019-07-30 15:13:24.408,10731,10732,10732,1,1
2019-07-30 15:13:26.353,10731,10732,10731,1,-1
2019-07-30 15:13:29.160,10731,10732,10731,1,-1
2019-07-30 15:13:30.954,10731,10732,10732,15,15
2019-07-30 15:13:38.880,10731,10732,10731,1,-1
2019-07-30 15:13:43.353,10731,10732,10732,2,2
2019-07-30 15:13:49.977,10731,10732,10731,1,-1
2019-07-30 15:13:50.909,10731,10732,10732,2,2
2019-07-30 15:13:53.161,10731,10732,10731,1,-1
2019-07-30 15:14:01.156,10731,10732,10731,1,-1
2019-07-30 15:14:01.462,10731,10732,10731,4,-4
2019-07-30 15:14:03.622,10731,10732,10731,1,-1
2019-07-30 15:14:03.929,10731,10732,10731,1,-1
2019-07-30 15:14:05.297,10731,10732,10731,3,-3
2019-07-30 15:14:06.351,10731,10732,10731,5,-5
2019-07-30 15:14:10.071,10731,10732,10731,5,-5
2019-07-30 15:14:10.573,10731,10732,10731,4,-4
2019-07-30 15:14:10.607,10731,10732,10731,1,-1
2019-07-30 15:14:12.344,10731,10732,10731,3,-3
2019-07-30 15:14:17.128,10731,10732,10731,1,-1
2019-07-30 15:14:17.231,10731,10732,10731,7,-7
2019-07-30 15:14:22.096,10731,10732,10731,5,-5
2019-07-30 15:14:24.919,10731,10732,10731,1,-1
2019-07-30 15:14:27.356,10730,10731,10731,1,1
2019-07-30 15:14:28.547,10730,10731,10731,1,1
2019-07-30 15:14:29.257,10730,10731,10731,3,3
2019-07-30 15:14:30.958,10731,10732,10731,1,-1
2019-07-30 15:14:31.894,10730,10731,10731,2,2
2019-07-30 15:14:34.807,10730,10731,10731,2,2
2019-07-30 15:14:34.807,10730,10731,10732,1,1
2019-07-30 15:14:35.836,10731,10732,10731,1,-1
2019-07-30 15:14:38.306,10731,10732,10731,1,-1
2019-07-30 15:14:38.926,10731,10732,10731,1,-1
2019-07-30 15:14:39.241,10731,10732,10732,18,18
2019-07-30 15:14:41.030,10731,10732,10732,1,1
2019-07-30 15:14:50.952,10731,10732,10732,1,1
2019-07-30 15:14:51.470,10731,10732,10732,5,5
2019-07-30 15:14:54.438,10731,10732,10731,2,-2
2019-07-30 15:14:59.147,10731,10732,10732,1,1
2019-07-30 15:14:59.208,10731,10732,10732,22,22
2019-07-30 15:14:59.333,10731,10732,10732,3,3
2019-07-30 15:14:59.333,10731,10732,10732,2,2
2019-07-30 15:15:09.256,10732,10733,10732,1,-1
2019-07-30 15:15:09.755,10732,10733,10733,2,2
2019-07-30 15:15:09.831,10732,10733,10732,1,-1
2019-07-30 15:15:09.839,10732,10733,10732,1,-1
2019-07-30 15:15:09.973,10732,10733,10732,3,-3
2019-07-30 15:15:09.973,10732,10733,10731,5,-5
2019-07-30 15:15:10.146,10731,10733,10731,2,-2
2019-07-30 15:15:10.287,10731,10732,10731,12,-12
2019-07-30 15:15:10.460,10731,10732,10731,12,-12
2019-07-30 15:15:10.793,10731,10732,10731,2,-2
2019-07-30 15:15:10.947,10731,10732,10732,1,1
2019-07-30 15:15:11.827,10731,10732,10732,1,1
2019-07-30 15:15:11.863,10731,10732,10732,1,1
2019-07-30 15:15:14.297,10731,10732,10732,1,1
2019-07-30 15:15:17.991,10731,10732,10731,1,-1
2019-07-30 15:15:18.701,10731,10732,10731,2,-2
2019-07-30 15:15:19.845,10731,10732,10732,3,3
2019-07-30 15:15:21.142,10731,10732,10732,1,1
2019-07-30 15:15:25.614,10731,10732,10732,1,1
2019-07-30 15:15:28.769,10731,10732,10731,1,-1
2019-07-30 15:15:32.680,10731,10732,10731,1,-1
2019-07-30 15:15:33.228,10731,10732,10731,1,-1
2019-07-30 15:15:37.415,10731,10732,10731,1,-1
2019-07-30 15:15:38.418,10731,10732,10731,2,-2
2019-07-30 15:15:39.055,10731,10732,10731,1,-1
2019-07-30 15:15:39.168,10731,10732,10731,5,-5
2019-07-30 15:15:41.397,10731,10732,10731,1,-1
2019-07-30 15:15:43.687,10731,10732,10731,1,-1
2019-07-30 15:15:44.602,10731,10732,10731,2,-2
2019-07-30 15:15:50.599,10731,10732,10731,3,-3
2019-07-30 15:15:52.021,10731,10732,10731,3,-3
2019-07-30 15:15:53.770,10731,10732,10731,1,-1
2019-07-30 15:16:02.213,10731,10732,10731,2,-2
2019-07-30 15:16:03.471,10731,10732,10731,2,-2
2019-07-30 15:16:08.667,10731,10732,10731,1,-1
2019-07-30 15:16:08.763,10731,10732,10731,2,-2
2019-07-30 15:16:08.764,10731,10732,10731,2,-2
2019-07-30 15:16:08.828,10731,10732,10730,1,-1
2019-07-30 15:16:09.124,10731,10732,10731,2,2
2019-07-30 15:16:09.124,10731,10732,10730,10,-10
2019-07-30 15:16:09.219,10730,10732,10730,6,-6
2019-07-30 15:16:09.755,10730,10731,10730,2,-2
2019-07-30 15:16:10.011,10730,10731,10730,1,-1
2019-07-30 15:16:10.026,10730,10731,10730,1,-1
2019-07-30 15:16:10.534,10730,10731,10730,1,-1
2019-07-30 15:16:10.599,10730,10731,10730,1,-1
2019-07-30 15:16:17.117,10730,10731,10730,2,-2
2019-07-30 15:16:17.573,10730,10731,10730,2,-2
2019-07-30 15:16:17.607,10730,10731,10730,1,-1
2019-07-30 15:16:17.628,10730,10731,10730,2,-2
2019-07-30 15:16:21.259,10730,10731,10731,1,1
2019-07-30 15:16:22.002,10730,10731,10730,1,-1
2019-07-30 15:16:22.116,10730,10731,10730,2,-2
2019-07-30 15:16:23.607,10730,10731,10730,1,-1
2019-07-30 15:16:23.648,10730,10731,10731,10,10
2019-07-30 15:16:30.519,10731,10732,10731,1,-1
2019-07-30 15:16:31.978,10730,10731,10731,1,1
2019-07-30 15:16:34.488,10730,10731,10731,1,1
2019-07-30 15:16:35.240,10730,10731,10730,2,-2
2019-07-30 15:16:38.121,10730,10731,10731,1,1
2019-07-30 15:16:39.900,10730,10731,10731,2,2
2019-07-30 15:16:42.283,10730,10731,10731,2,2
2019-07-30 15:16:43.503,10730,10732,10730,2,-2
2019-07-30 15:16:46.375,10731,10732,10731,1,1
2019-07-30 15:16:47.667,10730,10731,10730,2,-2
2019-07-30 15:16:50.497,10730,10731,10731,3,3
2019-07-30 15:16:53.249,10730,10731,10730,1,-1
2019-07-30 15:16:53.346,10730,10731,10731,1,1
2019-07-30 15:16:54.822,10730,10731,10730,1,-1
2019-07-30 15:16:56.953,10730,10731,10730,3,-3
2019-07-30 15:16:57.083,10730,10731,10730,3,-3
2019-07-30 15:16:57.208,10730,10731,10730,19,-19
2019-07-30 15:16:57.208,10730,10731,10730,20,-20
2019-07-30 15:16:59.351,10729,10730,10729,5,-5
2019-07-30 15:16:59.462,10729,10730,10729,4,-4
2019-07-30 15:16:59.483,10729,10730,10729,1,-1
2019-07-30 15:16:59.699,10729,10730,10730,1,1
2019-07-30 15:16:59.713,10729,10730,10729,4,-4
2019-07-30 15:16:59.860,10729,10730,10729,1,-1
2019-07-30 15:17:00.212,10729,10730,10729,1,-1
2019-07-30 15:17:00.333,10729,10730,10729,9,-9
2019-07-30 15:17:01.336,10728,10729,10729,1,1
2019-07-30 15:17:01.379,10728,10729,10728,1,-1
2019-07-30 15:17:01.517,10728,10729,10728,28,-28
2019-07-30 15:17:01.517,10728,10729,10727,2,-2
2019-07-30 15:17:01.588,10727,10728,10727,1,-1
2019-07-30 15:17:01.594,10727,10728,10727,1,-1
2019-07-30 15:17:01.635,10727,10728,10727,1,-1
2019-07-30 15:17:01.645,10727,10728,10727,1,-1
2019-07-30 15:17:01.645,10727,10728,10727,3,-3
2019-07-30 15:17:01.710,10727,10728,10727,1,-1
2019-07-30 15:17:01.749,10727,10728,10727,1,-1
2019-07-30 15:17:01.753,10727,10728,10727,1,-1
2019-07-30 15:17:01.757,10727,10728,10727,1,-1
2019-07-30 15:17:01.757,10727,10728,10727,1,-1
2019-07-30 15:17:01.765,10727,10728,10727,1,-1
2019-07-30 15:17:01.773,10727,10728,10727,1,-1
2019-07-30 15:17:01.782,10727,10728,10727,1,-1
2019-07-30 15:17:01.909,10726,10728,10727,1,-1
2019-07-30 15:17:01.925,10726,10728,10727,1,-1
2019-07-30 15:17:02.398,10726,10728,10726,1,-1
2019-07-30 15:17:02.432,10726,10728,10726,1,-1
2019-07-30 15:17:02.459,10726,10727,10726,2,-2
2019-07-30 15:17:02.613,10726,10727,10726,1,-1
2019-07-30 15:17:02.662,10726,10727,10727,1,1
2019-07-30 15:17:02.697,10726,10727,10727,2,2
2019-07-30 15:17:02.777,10726,10727,10726,1,-1
2019-07-30 15:17:02.803,10726,10727,10726,1,-1
2019-07-30 15:17:03.024,10726,10727,10726,1,-1
2019-07-30 15:17:03.569,10726,10727,10726,3,-3
2019-07-30 15:17:03.951,10726,10727,10726,1,-1
2019-07-30 15:17:04.166,10726,10727,10727,1,1
2019-07-30 15:17:05.035,10726,10727,10727,1,1
2019-07-30 15:17:05.402,10727,10728,10727,1,-1
2019-07-30 15:17:06.170,10727,10728,10727,2,-2
2019-07-30 15:17:06.805,10727,10728,10728,1,1
2019-07-30 15:17:09.760,10727,10728,10728,5,5
2019-07-30 15:17:11.638,10727,10728,10727,1,-1
2019-07-30 15:17:12.789,10727,10728,10727,2,-2
2019-07-30 15:17:13.703,10727,10728,10728,10,10
2019-07-30 15:17:13.913,10727,10728,10727,1,-1
2019-07-30 15:17:14.738,10727,10728,10727,1,-1
2019-07-30 15:17:15.177,10727,10728,10728,3,3
2019-07-30 15:17:15.265,10727,10728,10727,1,-1
2019-07-30 15:17:15.864,10727,10728,10727,1,-1
2019-07-30 15:17:17.115,10727,10728,10727,1,-1
2019-07-30 15:17:17.610,10727,10728,10728,1,1
2019-07-30 15:17:17.812,10727,10728,10727,2,-2
2019-07-30 15:17:19.021,10727,10728,10727,1,-1
2019-07-30 15:17:20.513,10727,10728,10728,1,1
2019-07-30 15:17:20.798,10727,10728,10728,5,5
2019-07-30 15:17:21.803,10727,10728,10727,1,-1
2019-07-30 15:17:21.991,10727,10728,10727,1,-1
2019-07-30 15:17:22.771,10727,10728,10727,1,-1
2019-07-30 15:17:23.118,10727,10728,10727,4,-4
2019-07-30 15:17:23.522,10727,10728,10727,1,-1
2019-07-30 15:17:26.015,10727,10728,10728,3,3
2019-07-30 15:17:28.310,10727,10728,10728,1,1
2019-07-30 15:17:28.526,10727,10728,10727,1,-1
2019-07-30 15:17:29.201,10727,10728,10727,12,-12
2019-07-30 15:17:30.468,10727,10728,10727,5,-5
2019-07-30 15:17:31.112,10727,10728,10727,5,-5
2019-07-30 15:17:31.899,10727,10728,10727,1,-1
2019-07-30 15:17:32.703,10727,10728,10727,1,-1
2019-07-30 15:17:33.008,10727,10728,10727,1,-1
2019-07-30 15:17:33.091,10727,10728,10727,1,-1
2019-07-30 15:17:34.565,10727,10728,10727,1,-1
2019-07-30 15:17:35.519,10727,10728,10727,1,-1
2019-07-30 15:17:35.771,10727,10728,10727,6,-6
2019-07-30 15:17:36.048,10727,10728,10727,1,-1
2019-07-30 15:17:36.295,10727,10728,10728,1,1
2019-07-30 15:17:37.499,10727,10728,10727,3,-3
2019-07-30 15:17:38.190,10727,10728,10727,8,-8
2019-07-30 15:17:38.202,10727,10728,10727,1,-1
2019-07-30 15:17:38.942,10727,10728,10727,1,-1
2019-07-30 15:17:40.106,10727,10728,10728,1,1
2019-07-30 15:17:40.302,10727,10728,10727,3,-3
2019-07-30 15:17:41.713,10727,10728,10727,3,-3
2019-07-30 15:17:41.895,10727,10728,10727,3,-3
2019-07-30 15:17:42.276,10726,10727,10727,1,1
2019-07-30 15:17:42.938,10727,10728,10727,2,-2
2019-07-30 15:17:44.739,10727,10728,10727,2,-2
2019-07-30 15:17:46.633,10727,10728,10728,50,50
2019-07-30 15:17:47.068,10727,10728,10727,23,-23
2019-07-30 15:17:47.858,10727,10728,10727,1,-1
2019-07-30 15:17:47.873,10727,10728,10727,4,-4
2019-07-30 15:17:48.665,10727,10728,10727,1,-1
2019-07-30 15:17:54.944,10726,10727,10727,1,1
2019-07-30 15:17:55.151,10726,10727,10727,1,1
2019-07-30 15:17:57.357,10726,10727,10726,1,-1
2019-07-30 15:17:58.624,10726,10727,10727,1,1
2019-07-30 15:17:59.207,10726,10727,10726,2,-2
2019-07-30 15:17:59.417,10726,10727,10727,1,1
2019-07-30 15:18:00.396,10726,10727,10727,10,10
2019-07-30 15:18:03.046,10726,10727,10726,2,-2
2019-07-30 15:18:03.255,10726,10727,10726,1,-1
2019-07-30 15:18:03.698,10726,10727,10726,1,-1
2019-07-30 15:18:04.692,10726,10727,10727,1,1
2019-07-30 15:18:04.837,10726,10727,10726,1,-1
2019-07-30 15:18:06.430,10726,10727,10727,1,1
2019-07-30 15:18:07.318,10726,10727,10727,2,2
2019-07-30 15:18:07.634,10726,10728,10726,2,-2
2019-07-30 15:18:08.629,10727,10728,10727,1,1
2019-07-30 15:18:11.130,10727,10728,10727,1,-1
2019-07-30 15:18:12.972,10727,10728,10727,2,-2
2019-07-30 15:18:13.817,10727,10728,10728,1,1
2019-07-30 15:18:13.850,10727,10728,10728,1,1
2019-07-30 15:18:15.724,10727,10728,10727,2,-2
2019-07-30 15:18:17.969,10727,10728,10728,5,5
2019-07-30 15:18:20.078,10727,10728,10727,1,-1
2019-07-30 15:18:23.273,10727,10728,10727,2,-2
2019-07-30 15:18:25.260,10727,10728,10728,1,1
2019-07-30 15:18:25.532,10727,10728,10727,1,-1
2019-07-30 15:18:25.640,10727,10728,10727,1,-1
2019-07-30 15:18:26.345,10727,10728,10727,2,-2
2019-07-30 15:18:26.952,10726,10728,10728,1,1
2019-07-30 15:18:30.229,10727,10728,10728,3,3
2019-07-30 15:18:35.037,10727,10728,10728,1,1
2019-07-30 15:18:36.165,10727,10728,10727,11,-11
2019-07-30 15:18:36.261,10726,10727,10727,1,1
2019-07-30 15:18:36.524,10726,10727,10727,1,1
2019-07-30 15:18:36.805,10726,10727,10727,2,2
2019-07-30 15:18:36.805,10726,10727,10727,3,3
2019-07-30 15:18:42.891,10726,10727,10726,2,-2
2019-07-30 15:18:45.597,10726,10727,10727,2,2
2019-07-30 15:18:49.405,10726,10727,10726,1,-1
2019-07-30 15:18:49.556,10726,10727,10727,1,1
2019-07-30 15:18:49.573,10726,10727,10727,1,1
2019-07-30 15:18:52.680,10726,10727,10727,1,1
2019-07-30 15:18:55.432,10726,10727,10726,1,-1
2019-07-30 15:18:55.758,10726,10727,10727,5,5
2019-07-30 15:18:57.420,10726,10727,10727,1,1
2019-07-30 15:18:59.735,10726,10727,10727,1,1
2019-07-30 15:19:00.160,10726,10727,10727,2,2
2019-07-30 15:19:00.219,10726,10727,10726,1,-1
2019-07-30 15:19:00.475,10726,10727,10726,1,-1
2019-07-30 15:19:00.866,10726,10727,10727,2,2
2019-07-30 15:19:03.948,10726,10727,10727,10,10
2019-07-30 15:19:06.921,10726,10727,10727,1,1
2019-07-30 15:19:07.031,10726,10727,10726,1,-1
2019-07-30 15:19:08.723,10726,10727,10726,2,-2
2019-07-30 15:19:12.600,10726,10727,10726,1,-1
2019-07-30 15:19:14.835,10726,10727,10726,1,-1
2019-07-30 15:19:17.390,10726,10727,10726,1,-1
2019-07-30 15:19:20.578,10726,10727,10726,25,-25
2019-07-30 15:19:30.341,10725,10726,10726,1,1
2019-07-30 15:19:30.589,10725,10726,10726,5,5
2019-07-30 15:19:31.118,10725,10726,10725,4,-4
2019-07-30 15:19:31.235,10725,10726,10725,3,-3
2019-07-30 15:19:31.235,10725,10726,10725,1,-1
2019-07-30 15:19:31.313,10725,10726,10725,1,-1
2019-07-30 15:19:31.403,10725,10726,10725,1,-1
2019-07-30 15:19:31.678,10725,10726,10725,2,-2
2019-07-30 15:19:31.707,10725,10726,10725,1,-1
2019-07-30 15:19:31.736,10725,10726,10725,4,-4
2019-07-30 15:19:31.852,10725,10726,10725,5,-5
2019-07-30 15:19:31.862,10725,10726,10725,3,-3
2019-07-30 15:19:31.958,10725,10726,10725,5,-5
2019-07-30 15:19:31.958,10725,10726,10725,2,-2
2019-07-30 15:19:31.981,10725,10726,10725,2,-2
2019-07-30 15:19:32.069,10725,10726,10724,2,-2
2019-07-30 15:19:32.111,10724,10726,10724,4,-4
2019-07-30 15:19:32.115,10724,10726,10724,2,-2
2019-07-30 15:19:32.127,10724,10726,10725,2,2
2019-07-30 15:19:32.130,10724,10726,10724,6,-6
2019-07-30 15:19:32.137,10724,10726,10724,14,-14
2019-07-30 15:19:32.142,10724,10726,10724,2,-2
2019-07-30 15:19:32.151,10724,10726,10724,1,-1
2019-07-30 15:19:32.155,10724,10726,10724,8,-8
2019-07-30 15:19:32.156,10724,10726,10724,4,-4
2019-07-30 15:19:32.156,10724,10726,10723,4,-4
2019-07-30 15:19:32.171,10724,10726,10723,4,-4
2019-07-30 15:19:32.172,10724,10726,10723,8,-8
2019-07-30 15:19:32.175,10724,10726,10723,2,-2
2019-07-30 15:19:32.279,10723,10725,10723,2,-2
2019-07-30 15:19:32.306,10723,10725,10724,1,1
2019-07-30 15:19:32.327,10723,10725,10724,6,-6
2019-07-30 15:19:32.347,10724,10725,10724,2,-2
2019-07-30 15:19:32.434,10724,10725,10724,1,-1
2019-07-30 15:19:32.434,10724,10725,10723,1,-1
2019-07-30 15:19:32.440,10724,10725,10723,1,-1
2019-07-30 15:19:32.446,10724,10725,10723,1,-1
2019-07-30 15:19:32.454,10724,10725,10723,5,-5
2019-07-30 15:19:32.454,10724,10725,10722,2,-2
2019-07-30 15:19:32.535,10723,10724,10723,4,4
2019-07-30 15:19:32.536,10723,10724,10723,1,-1
2019-07-30 15:19:32.536,10723,10724,10723,1,-1
2019-07-30 15:19:32.536,10723,10724,10723,1,-1
2019-07-30 15:19:32.598,10723,10724,10723,1,-1
2019-07-30 15:19:32.739,10723,10724,10723,1,-1
2019-07-30 15:19:32.739,10723,10724,10723,1,-1
2019-07-30 15:19:32.784,10723,10724,10723,1,-1
2019-07-30 15:19:32.785,10723,10724,10723,1,-1
2019-07-30 15:19:32.815,10723,10724,10723,1,-1
2019-07-30 15:19:32.829,10723,10724,10723,1,-1
2019-07-30 15:19:32.839,10723,10724,10723,1,-1
2019-07-30 15:19:32.940,10723,10724,10723,1,-1
2019-07-30 15:19:32.941,10723,10724,10723,1,-1
2019-07-30 15:19:33.104,10723,10724,10723,1,-1
2019-07-30 15:19:33.270,10723,10725,10723,1,-1
2019-07-30 15:19:33.505,10723,10724,10723,1,-1
2019-07-30 15:19:33.628,10723,10724,10723,1,-1
2019-07-30 15:19:33.685,10723,10724,10724,1,1
2019-07-30 15:19:37.605,10723,10724,10724,1,1
2019-07-30 15:19:37.607,10723,10724,10723,1,-1
2019-07-30 15:19:37.628,10723,10724,10724,1,1
2019-07-30 15:19:38.987,10723,10724,10723,2,-2
2019-07-30 15:19:39.049,10723,10724,10724,1,1
2019-07-30 15:19:40.492,10723,10724,10724,1,1
2019-07-30 15:19:41.338,10723,10724,10723,1,-1
2019-07-30 15:19:41.441,10723,10724,10723,1,-1
2019-07-30 15:19:41.782,10723,10724,10723,5,-5
2019-07-30 15:19:42.562,10723,10724,10723,1,-1
2019-07-30 15:19:42.631,10723,10724,10723,2,-2
2019-07-30 15:19:42.939,10723,10724,10723,1,-1
2019-07-30 15:19:43.902,10723,10724,10723,1,-1
2019-07-30 15:19:44.334,10723,10724,10723,1,-1
2019-07-30 15:19:45.253,10723,10724,10723,1,-1
2019-07-30 15:19:45.523,10723,10724,10723,2,-2
2019-07-30 15:19:45.600,10723,10724,10723,1,-1
2019-07-30 15:19:45.701,10723,10724,10723,2,-2
2019-07-30 15:19:45.822,10722,10723,10723,3,3
2019-07-30 15:19:46.800,10722,10723,10723,5,5
2019-07-30 15:19:47.611,10723,10724,10723,1,-1
2019-07-30 15:19:49.920,10723,10724,10723,1,-1
2019-07-30 15:19:50.548,10723,10724,10723,1,-1
2019-07-30 15:19:50.723,10723,10724,10723,5,-5
2019-07-30 15:19:50.784,10723,10724,10723,1,-1
2019-07-30 15:19:50.896,10722,10723,10723,1,1
2019-07-30 15:19:52.154,10722,10723,10723,1,1
2019-07-30 15:19:53.315,10722,10723,10722,2,-2
2019-07-30 15:19:53.977,10722,10723,10722,1,-1
2019-07-30 15:19:55.953,10722,10723,10722,1,-1
2019-07-30 15:19:56.056,10722,10723,10722,1,-1
2019-07-30 15:19:56.500,10722,10723,10723,1,1
2019-07-30 15:19:57.209,10722,10723,10723,1,1
2019-07-30 15:19:59.165,10722,10723,10722,6,-6
2019-07-30 15:19:59.509,10722,10723,10722,1,-1
2019-07-30 15:20:00.369,10722,10723,10723,1,1
2019-07-30 15:20:00.714,10722,10723,10722,6,-6
2019-07-30 15:20:00.741,10722,10723,10722,9,-9
2019-07-30 15:20:00.741,10722,10723,10721,3,-3
2019-07-30 15:20:00.905,10721,10723,10721,1,-1
2019-07-30 15:20:00.909,10721,10723,10721,4,-4
2019-07-30 15:20:01.050,10721,10723,10721,1,-1
2019-07-30 15:20:01.055,10721,10723,10721,1,-1
2019-07-30 15:20:01.188,10721,10723,10721,6,-6
2019-07-30 15:20:01.394,10721,10722,10721,4,-4
2019-07-30 15:20:01.500,10721,10722,10721,1,-1
2019-07-30 15:20:01.524,10721,10722,10722,6,6
2019-07-30 15:20:01.554,10721,10722,10722,1,1
2019-07-30 15:20:01.583,10722,10723,10722,1,-1
2019-07-30 15:20:04.161,10721,10722,10721,1,-1
2019-07-30 15:20:04.328,10721,10722,10722,1,1
2019-07-30 15:20:05.278,10721,10722,10722,1,1
2019-07-30 15:20:06.078,10721,10722,10722,1,1
2019-07-30 15:20:06.083,10721,10722,10722,1,1
2019-07-30 15:20:06.496,10721,10722,10722,10,10
2019-07-30 15:20:06.583,10721,10722,10722,1,1
2019-07-30 15:20:08.081,10721,10722,10722,1,1
2019-07-30 15:20:08.543,10721,10722,10722,1,1
2019-07-30 15:20:10.111,10721,10722,10722,1,1
2019-07-30 15:20:10.363,10721,10722,10721,1,-1
2019-07-30 15:20:11.405,10721,10722,10722,1,1
2019-07-30 15:20:11.713,10721,10722,10721,1,-1
2019-07-30 15:20:14.554,10721,10722,10722,1,1
2019-07-30 15:20:14.964,10721,10722,10722,1,1
2019-07-30 15:20:14.986,10721,10722,10721,1,-1
2019-07-30 15:20:15.982,10721,10722,10721,4,-4
2019-07-30 15:20:16.227,10721,10722,10722,1,1
2019-07-30 15:20:17.700,10721,10722,10721,1,-1
2019-07-30 15:20:18.652,10721,10722,10721,1,-1
2019-07-30 15:20:20.447,10721,10722,10722,3,3
2019-07-30 15:20:20.505,10721,10722,10721,1,-1
2019-07-30 15:20:20.600,10721,10722,10721,1,-1
2019-07-30 15:20:22.838,10721,10722,10721,1,-1
2019-07-30 15:20:23.095,10721,10722,10721,1,-1
2019-07-30 15:20:24.804,10721,10722,10721,1,-1
2019-07-30 15:20:26.639,10721,10722,10721,1,-1
2019-07-30 15:20:27.143,10721,10722,10721,1,-1
2019-07-30 15:20:27.291,10721,10722,10722,1,1
2019-07-30 15:20:27.549,10721,10722,10721,1,-1
2019-07-30 15:20:29.069,10721,10722,10721,4,-4
2019-07-30 15:20:29.986,10721,10722,10721,2,-2
2019-07-30 15:20:30.209,10721,10722,10721,1,-1
2019-07-30 15:20:30.974,10721,10722,10721,2,-2
2019-07-30 15:20:31.472,10721,10722,10721,1,-1
2019-07-30 15:20:32.181,10721,10722,10722,1,1
2019-07-30 15:20:33.072,10721,10722,10722,2,2
2019-07-30 15:20:33.687,10721,10722,10721,22,-22
2019-07-30 15:20:34.025,10720,10721,10721,10,10
2019-07-30 15:20:34.083,10720,10721,10721,1,1
2019-07-30 15:20:34.642,10721,10722,10722,5,5
2019-07-30 15:20:35.676,10721,10722,10721,1,-1
2019-07-30 15:20:35.916,10721,10722,10721,1,-1
2019-07-30 15:20:37.129,10721,10722,10721,1,-1
2019-07-30 15:20:37.340,10721,10722,10721,25,-25
2019-07-30 15:20:38.575,10721,10722,10722,1,1
2019-07-30 15:20:40.168,10721,10722,10721,1,-1
2019-07-30 15:20:41.783,10721,10722,10721,1,-1
2019-07-30 15:20:42.160,10721,10722,10722,6,6
2019-07-30 15:20:42.998,10721,10722,10721,2,-2
2019-07-30 15:20:44.093,10721,10722,10721,4,-4
2019-07-30 15:20:44.142,10721,10722,10721,4,-4
2019-07-30 15:20:44.549,10721,10722,10722,1,1
2019-07-30 15:20:44.684,10721,10722,10721,1,-1
2019-07-30 15:20:45.006,10721,10722,10721,1,-1
2019-07-30 15:20:45.268,10721,10722,10722,1,1
2019-07-30 15:20:50.038,10721,10722,10721,2,-2
2019-07-30 15:20:53.371,10721,10722,10722,5,5
2019-07-30 15:20:54.501,10721,10722,10722,19,19
2019-07-30 15:20:54.501,10721,10722,10722,11,11
2019-07-30 15:20:54.501,10721,10722,10722,1,1
2019-07-30 15:20:54.501,10721,10722,10722,3,3
2019-07-30 15:20:54.501,10721,10722,10722,8,8
2019-07-30 15:20:54.501,10721,10722,10723,8,8
2019-07-30 15:20:54.814,10722,10723,10722,2,-2
2019-07-30 15:20:55.323,10722,10723,10723,1,1
2019-07-30 15:20:55.374,10722,10723,10723,1,1
2019-07-30 15:20:55.404,10722,10723,10723,1,1
2019-07-30 15:20:57.791,10722,10723,10723,1,1
2019-07-30 15:20:58.630,10722,10723,10722,1,-1
2019-07-30 15:20:59.097,10722,10723,10723,1,1
2019-07-30 15:21:00.232,10722,10723,10722,2,-2
2019-07-30 15:21:00.602,10722,10723,10722,1,-1
2019-07-30 15:21:01.464,10722,10723,10723,2,2
2019-07-30 15:21:02.002,10722,10723,10723,2,2
2019-07-30 15:21:05.304,10722,10723,10722,3,-3
2019-07-30 15:21:05.519,10722,10723,10723,1,1
2019-07-30 15:21:05.984,10722,10723,10722,9,-9
2019-07-30 15:21:07.108,10721,10722,10722,1,1
2019-07-30 15:21:07.158,10721,10722,10722,1,1
2019-07-30 15:21:07.332,10721,10722,10722,5,5
2019-07-30 15:21:08.945,10721,10722,10722,1,1
2019-07-30 15:21:09.073,10721,10722,10722,1,1
2019-07-30 15:21:09.210,10721,10722,10722,1,1
2019-07-30 15:21:09.695,10721,10722,10722,1,1
2019-07-30 15:21:10.333,10721,10722,10722,1,1
2019-07-30 15:21:10.841,10721,10722,10722,2,2
2019-07-30 15:21:11.341,10721,10723,10721,21,-21
2019-07-30 15:21:11.645,10721,10722,10722,1,1
2019-07-30 15:21:12.051,10721,10722,10721,2,-2
2019-07-30 15:21:12.463,10721,10722,10721,1,-1
2019-07-30 15:21:13.698,10721,10722,10722,5,5
2019-07-30 15:21:14.500,10721,10722,10721,5,-5
2019-07-30 15:21:14.547,10721,10722,10722,1,1
2019-07-30 15:21:15.571,10721,10722,10722,1,1
2019-07-30 15:21:16.524,10721,10722,10722,1,1
2019-07-30 15:21:18.343,10721,10722,10721,1,-1
2019-07-30 15:21:19.307,10721,10722,10722,1,1
2019-07-30 15:21:22.295,10721,10722,10722,1,1
2019-07-30 15:21:22.895,10721,10722,10721,2,-2
2019-07-30 15:21:31.036,10721,10722,10721,1,-1
2019-07-30 15:21:34.540,10721,10722,10722,1,1
2019-07-30 15:21:34.567,10721,10722,10721,1,-1
2019-07-30 15:21:34.787,10721,10722,10721,2,-2
2019-07-30 15:21:35.423,10721,10722,10722,1,1
2019-07-30 15:21:37.017,10721,10722,10721,1,-1
2019-07-30 15:21:37.886,10721,10722,10722,1,1
2019-07-30 15:21:41.102,10721,10722,10721,1,-1
2019-07-30 15:21:43.513,10721,10722,10722,1,1
2019-07-30 15:21:43.923,10721,10722,10722,6,6
2019-07-30 15:21:45.576,10721,10722,10722,1,1
2019-07-30 15:21:48.893,10721,10722,10721,3,-3
2019-07-30 15:21:49.037,10721,10722,10721,1,-1
2019-07-30 15:21:52.397,10721,10722,10721,5,-5
2019-07-30 15:21:55.654,10721,10722,10721,1,-1
2019-07-30 15:21:55.720,10721,10722,10721,1,-1
2019-07-30 15:22:00.341,10721,10722,10721,1,-1
2019-07-30 15:22:02.196,10721,10722,10721,1,-1
2019-07-30 15:22:02.788,10721,10722,10721,1,-1
2019-07-30 15:22:02.865,10721,10722,10722,1,1
2019-07-30 15:22:03.096,10721,10722,10721,1,-1
2019-07-30 15:22:03.108,10721,10722,10721,1,-1
2019-07-30 15:22:03.109,10721,10722,10721,1,-1
2019-07-30 15:22:03.158,10721,10722,10721,1,-1
2019-07-30 15:22:03.470,10721,10722,10721,1,-1
2019-07-30 15:22:03.999,10721,10722,10721,1,-1
2019-07-30 15:22:06.619,10721,10722,10722,2,2
2019-07-30 15:22:08.694,10721,10722,10721,7,-7
2019-07-30 15:22:09.030,10721,10722,10721,2,-2
2019-07-30 15:22:09.892,10721,10722,10722,2,2
2019-07-30 15:22:12.249,10721,10722,10721,1,-1
2019-07-30 15:22:14.852,10721,10722,10721,3,-3
2019-07-30 15:22:16.240,10721,10722,10721,1,-1
2019-07-30 15:22:16.427,10721,10722,10721,3,-3
2019-07-30 15:22:17.229,10721,10722,10721,1,-1
2019-07-30 15:22:19.518,10721,10722,10721,1,-1
2019-07-30 15:22:20.199,10721,10722,10721,1,-1
2019-07-30 15:22:21.502,10721,10722,10721,1,-1
2019-07-30 15:22:21.979,10721,10722,10721,1,-1
2019-07-30 15:22:22.757,10721,10722,10721,1,-1
2019-07-30 15:22:23.531,10721,10722,10721,3,-3
2019-07-30 15:22:24.689,10721,10722,10722,1,1
2019-07-30 15:22:25.829,10721,10722,10721,1,-1
2019-07-30 15:22:26.447,10721,10722,10721,4,-4
2019-07-30 15:22:26.852,10721,10722,10721,1,-1
2019-07-30 15:22:29.726,10721,10722,10722,1,1
2019-07-30 15:22:32.216,10721,10722,10721,1,-1
2019-07-30 15:22:33.784,10721,10722,10721,2,-2
2019-07-30 15:22:34.592,10721,10722,10721,1,-1
2019-07-30 15:22:34.893,10721,10722,10721,1,-1
2019-07-30 15:22:41.078,10721,10722,10721,15,-15
2019-07-30 15:22:41.361,10721,10722,10722,1,1
2019-07-30 15:22:42.043,10721,10722,10721,1,-1
2019-07-30 15:22:47.072,10721,10722,10721,1,-1
2019-07-30 15:22:47.928,10721,10722,10722,1,1
2019-07-30 15:22:48.596,10721,10722,10721,1,-1
2019-07-30 15:22:50.732,10721,10722,10721,1,-1
2019-07-30 15:22:54.073,10721,10722,10722,1,1
2019-07-30 15:22:56.682,10721,10722,10721,1,-1
2019-07-30 15:22:57.160,10721,10722,10721,1,-1
2019-07-30 15:22:58.596,10721,10722,10721,2,-2
2019-07-30 15:23:00.657,10721,10722,10721,1,-1
2019-07-30 15:23:00.927,10721,10722,10722,3,3
2019-07-30 15:23:01.023,10721,10722,10721,1,-1
2019-07-30 15:23:02.485,10721,10722,10722,1,1
2019-07-30 15:23:02.689,10721,10722,10721,2,-2
2019-07-30 15:23:12.765,10721,10722,10721,1,-1
2019-07-30 15:23:14.538,10721,10722,10721,1,-1
2019-07-30 15:23:15.988,10721,10722,10721,9,-9
2019-07-30 15:23:16.278,10721,10722,10721,1,-1
2019-07-30 15:23:17.056,10721,10722,10721,1,-1
2019-07-30 15:23:17.464,10721,10722,10721,1,-1
2019-07-30 15:23:21.397,10721,10722,10721,1,-1
2019-07-30 15:23:27.060,10721,10722,10721,1,-1
2019-07-30 15:23:27.195,10721,10722,10721,1,-1
2019-07-30 15:23:31.032,10721,10722,10721,1,-1
2019-07-30 15:23:32.966,10721,10722,10722,1,1
2019-07-30 15:23:33.242,10721,10722,10721,10,-10
2019-07-30 15:23:33.877,10721,10722,10721,3,-3
2019-07-30 15:23:34.066,10721,10722,10722,1,1
2019-07-30 15:23:37.078,10721,10722,10721,1,-1
2019-07-30 15:23:44.241,10721,10722,10722,1,1
2019-07-30 15:23:44.825,10721,10722,10722,1,1
2019-07-30 15:23:47.057,10721,10722,10721,1,-1
2019-07-30 15:23:47.874,10721,10722,10722,1,1
2019-07-30 15:23:55.151,10721,10722,10722,1,1
2019-07-30 15:23:56.438,10721,10722,10722,1,1
2019-07-30 15:23:56.636,10721,10722,10721,2,-2
2019-07-30 15:23:57.788,10721,10722,10721,1,-1
2019-07-30 15:23:59.907,10721,10722,10722,2,2
2019-07-30 15:24:10.071,10721,10722,10722,1,1
2019-07-30 15:24:10.327,10721,10722,10721,3,-3
2019-07-30 15:24:10.333,10721,10722,10721,2,-2
2019-07-30 15:24:10.412,10721,10722,10721,3,-3
2019-07-30 15:24:10.440,10721,10722,10721,1,-1
2019-07-30 15:24:10.458,10721,10722,10721,4,-4
2019-07-30 15:24:10.583,10721,10722,10721,1,-1
2019-07-30 15:24:10.583,10721,10722,10721,2,-2
2019-07-30 15:24:10.583,10721,10722,10721,1,-1
2019-07-30 15:24:10.583,10721,10722,10721,1,-1
2019-07-30 15:24:10.583,10721,10722,10721,2,-2
2019-07-30 15:24:10.583,10721,10722,10721,1,-1
2019-07-30 15:24:10.583,10721,10722,10721,1,-1
2019-07-30 15:24:10.583,10721,10722,10721,2,-2
2019-07-30 15:24:10.583,10721,10722,10721,2,-2
2019-07-30 15:24:10.583,10721,10722,10721,1,-1
2019-07-30 15:24:10.583,10721,10722,10721,1,-1
2019-07-30 15:24:10.584,10721,10722,10721,1,-1
2019-07-30 15:24:10.584,10721,10722,10721,1,-1
2019-07-30 15:24:10.587,10721,10722,10721,2,-2
2019-07-30 15:24:10.592,10721,10722,10721,2,-2
2019-07-30 15:24:11.375,10721,10722,10722,1,1
2019-07-30 15:24:11.733,10721,10722,10722,1,1
2019-07-30 15:24:13.193,10721,10722,10721,1,-1
2019-07-30 15:24:15.112,10721,10722,10722,3,3
2019-07-30 15:24:17.102,10721,10722,10722,1,1
2019-07-30 15:24:21.797,10721,10722,10722,1,1
2019-07-30 15:24:25.322,10721,10722,10721,2,-2
2019-07-30 15:24:27.675,10721,10722,10722,1,1
2019-07-30 15:24:27.867,10721,10722,10721,2,-2
2019-07-30 15:24:33.717,10721,10722,10722,10,10
2019-07-30 15:24:35.656,10721,10722,10722,1,1
2019-07-30 15:24:40.605,10721,10722,10722,2,2
2019-07-30 15:24:43.749,10721,10722,10722,3,3
2019-07-30 15:24:44.953,10721,10722,10721,1,-1
2019-07-30 15:24:45.246,10721,10722,10722,2,2
2019-07-30 15:24:47.518,10721,10722,10722,4,4
2019-07-30 15:24:49.986,10721,10722,10722,18,18
2019-07-30 15:24:50.083,10721,10722,10722,13,13
2019-07-30 15:24:52.130,10722,10723,10723,1,1
2019-07-30 15:24:52.957,10722,10723,10723,4,4
2019-07-30 15:24:57.217,10722,10723,10723,1,1
2019-07-30 15:24:57.637,10722,10723,10723,1,1
2019-07-30 15:24:59.465,10722,10723,10723,1,1
2019-07-30 15:24:59.543,10722,10723,10723,10,10
2019-07-30 15:24:59.583,10722,10723,10723,5,5
2019-07-30 15:25:00.042,10722,10723,10723,1,1
2019-07-30 15:25:00.688,10723,10724,10724,1,1
2019-07-30 15:25:00.739,10723,10724,10724,1,1
2019-07-30 15:25:01.051,10723,10724,10723,1,-1
2019-07-30 15:25:02.319,10723,10724,10723,3,-3
2019-07-30 15:25:02.333,10723,10724,10723,3,-3
2019-07-30 15:25:02.333,10723,10724,10723,3,-3
2019-07-30 15:25:02.570,10722,10724,10723,2,-2
2019-07-30 15:25:03.548,10722,10723,10723,1,1
2019-07-30 15:25:03.768,10722,10723,10722,6,-6
2019-07-30 15:25:04.529,10722,10723,10723,1,1
2019-07-30 15:25:07.178,10722,10723,10722,1,-1
2019-07-30 15:25:07.462,10722,10723,10723,1,1
2019-07-30 15:25:08.997,10722,10723,10723,1,1
2019-07-30 15:25:10.854,10722,10723,10723,1,1
2019-07-30 15:25:14.549,10722,10723,10723,1,1
2019-07-30 15:25:15.530,10722,10723,10723,1,1
2019-07-30 15:25:18.216,10722,10723,10723,1,1
2019-07-30 15:25:18.581,10722,10723,10723,1,1
2019-07-30 15:25:19.715,10722,10723,10723,5,5
2019-07-30 15:25:20.336,10722,10724,10724,2,2
2019-07-30 15:25:21.352,10722,10723,10723,1,1
2019-07-30 15:25:22.369,10722,10723,10723,2,2
2019-07-30 15:25:27.085,10723,10724,10723,5,-5
2019-07-30 15:25:27.451,10723,10724,10724,1,1
2019-07-30 15:25:32.176,10723,10724,10724,1,1
2019-07-30 15:25:32.209,10723,10724,10724,2,2
2019-07-30 15:25:32.333,10723,10724,10724,12,12
2019-07-30 15:25:32.458,10723,10724,10724,10,10
2019-07-30 15:25:33.270,10724,10725,10724,1,-1
2019-07-30 15:25:33.535,10724,10725,10724,1,-1
2019-07-30 15:25:34.881,10724,10725,10724,4,-4
2019-07-30 15:25:35.393,10724,10725,10724,1,-1
2019-07-30 15:25:37.629,10724,10725,10724,2,-2
2019-07-30 15:25:38.746,10724,10725,10724,3,-3
2019-07-30 15:25:39.320,10723,10724,10724,1,1
2019-07-30 15:25:40.619,10723,10724,10724,1,1
2019-07-30 15:25:41.869,10723,10724,10724,2,2
2019-07-30 15:25:43.757,10724,10725,10725,2,2
2019-07-30 15:25:47.527,10724,10725,10725,1,1
2019-07-30 15:25:47.638,10724,10725,10725,5,5
2019-07-30 15:25:50.687,10724,10725,10725,1,1
2019-07-30 15:25:50.979,10724,10725,10725,2,2
2019-07-30 15:25:55.158,10724,10725,10725,5,5
2019-07-30 15:25:57.584,10724,10725,10725,10,10
2019-07-30 15:26:00.626,10724,10725,10725,1,1
2019-07-30 15:26:01.137,10724,10725,10725,10,10
2019-07-30 15:26:01.391,10724,10725,10725,1,1
2019-07-30 15:26:02.257,10724,10725,10725,1,1
2019-07-30 15:26:02.593,10724,10725,10725,1,1
2019-07-30 15:26:03.505,10724,10725,10725,1,1
2019-07-30 15:26:05.277,10724,10725,10725,1,1
2019-07-30 15:26:05.703,10724,10725,10725,1,1
2019-07-30 15:26:05.845,10724,10725,10725,1,1
2019-07-30 15:26:05.958,10724,10725,10725,1,1
2019-07-30 15:26:08.500,10724,10725,10725,3,3
2019-07-30 15:26:08.500,10724,10725,10726,3,3
2019-07-30 15:26:08.843,10725,10726,10726,10,10
2019-07-30 15:26:10.586,10725,10726,10725,5,-5
2019-07-30 15:26:11.880,10725,10726,10725,1,-1
2019-07-30 15:26:13.560,10725,10726,10726,1,1
2019-07-30 15:26:14.671,10725,10726,10726,2,2
2019-07-30 15:26:18.103,10725,10726,10726,2,2
2019-07-30 15:26:19.144,10725,10726,10726,1,1
2019-07-30 15:26:20.729,10725,10726,10726,1,1
2019-07-30 15:26:20.903,10725,10726,10726,1,1
2019-07-30 15:26:22.841,10725,10726,10726,1,1
2019-07-30 15:26:34.126,10725,10726,10726,1,1
2019-07-30 15:26:35.148,10725,10726,10726,6,6
2019-07-30 15:26:35.333,10725,10726,10726,1,1
2019-07-30 15:26:35.333,10725,10726,10726,4,4
2019-07-30 15:26:35.349,10725,10726,10726,1,1
2019-07-30 15:26:38.662,10726,10727,10726,5,-5
2019-07-30 15:26:39.825,10726,10727,10726,1,-1
2019-07-30 15:26:43.922,10726,10727,10727,1,1
2019-07-30 15:26:44.254,10726,10727,10726,1,-1
2019-07-30 15:26:44.392,10726,10727,10727,5,5
2019-07-30 15:26:46.461,10726,10727,10727,1,1
2019-07-30 15:26:47.613,10726,10727,10727,1,1
2019-07-30 15:26:48.755,10726,10727,10727,2,2
2019-07-30 15:26:51.022,10726,10727,10727,1,1
2019-07-30 15:26:53.691,10726,10727,10727,1,1
2019-07-30 15:26:54.874,10726,10727,10727,2,2
2019-07-30 15:26:59.091,10726,10727,10727,1,1
2019-07-30 15:27:00.598,10726,10727,10727,1,1
2019-07-30 15:27:02.509,10726,10727,10727,2,2
2019-07-30 15:27:04.739,10726,10727,10727,1,1
2019-07-30 15:27:12.127,10726,10727,10726,1,-1
2019-07-30 15:27:24.398,10726,10727,10726,45,-45
2019-07-30 15:27:25.646,10725,10726,10726,1,1
2019-07-30 15:27:26.067,10725,10726,10726,1,1
2019-07-30 15:27:29.118,10725,10726,10726,1,1
2019-07-30 15:27:29.196,10725,10726,10726,1,1
2019-07-30 15:27:34.701,10725,10726,10726,2,2
2019-07-30 15:27:35.664,10725,10726,10726,1,1
2019-07-30 15:27:38.965,10725,10726,10726,1,1
2019-07-30 15:27:40.770,10725,10726,10726,2,2
2019-07-30 15:27:44.906,10725,10726,10726,1,1
2019-07-30 15:27:47.675,10725,10726,10726,1,1
2019-07-30 15:27:56.662,10725,10726,10726,1,1
2019-07-30 15:27:58.757,10725,10726,10725,1,-1
2019-07-30 15:27:59.542,10725,10726,10725,1,-1
2019-07-30 15:28:02.843,10725,10726,10726,1,1
2019-07-30 15:28:03.576,10725,10726,10726,1,1
2019-07-30 15:28:07.101,10725,10726,10726,1,1
2019-07-30 15:28:09.319,10725,10726,10726,1,1
2019-07-30 15:28:10.127,10725,10726,10726,1,1
2019-07-30 15:28:13.778,10725,10726,10726,1,1
2019-07-30 15:28:16.660,10725,10726,10726,1,1
2019-07-30 15:28:16.723,10725,10726,10726,1,1
2019-07-30 15:28:20.425,10725,10726,10726,1,1
2019-07-30 15:28:21.144,10725,10726,10726,1,1
2019-07-30 15:28:22.937,10725,10726,10726,1,1
2019-07-30 15:28:23.627,10725,10726,10726,4,4
2019-07-30 15:28:25.483,10725,10726,10726,1,1
2019-07-30 15:28:27.904,10725,10726,10726,1,1
2019-07-30 15:28:28.908,10725,10726,10726,1,1
2019-07-30 15:28:28.958,10725,10726,10726,1,1
2019-07-30 15:28:30.050,10726,10727,10727,1,1
2019-07-30 15:28:31.679,10726,10727,10727,1,1
2019-07-30 15:28:34.555,10726,10727,10727,1,1
2019-07-30 15:28:36.616,10726,10727,10727,1,1
2019-07-30 15:28:51.609,10726,10727,10727,3,3
2019-07-30 15:28:53.441,10726,10727,10727,1,1
2019-07-30 15:28:54.104,10726,10727,10727,1,1
2019-07-30 15:28:56.789,10726,10727,10726,2,-2
2019-07-30 15:28:57.366,10726,10727,10727,2,2
2019-07-30 15:29:02.667,10726,10727,10727,2,2
2019-07-30 15:29:15.223,10726,10727,10727,1,1
2019-07-30 15:29:16.092,10726,10727,10727,1,1
2019-07-30 15:29:16.652,10726,10727,10727,1,1
2019-07-30 15:29:18.480,10726,10727,10727,3,3
2019-07-30 15:29:18.956,10726,10727,10726,2,-2
2019-07-30 15:29:19.341,10726,10727,10727,1,1
2019-07-30 15:29:22.523,10726,10727,10726,1,-1
2019-07-30 15:29:31.433,10726,10727,10726,1,-1
2019-07-30 15:29:35.663,10726,10727,10727,1,1
2019-07-30 15:29:41.297,10726,10727,10727,5,5
2019-07-30 15:29:50.217,10726,10727,10727,1,1
2019-07-30 15:29:53.432,10726,10727,10727,1,1
2019-07-30 15:29:59.572,10726,10727,10726,1,-1
2019-07-30 15:30:01.069,10726,10727,10726,2,-2
2019-07-30 15:30:01.072,10726,10727,10726,1,-1
2019-07-30 15:30:01.304,10726,10727,10727,1,1
2019-07-30 15:30:01.305,10726,10727,10726,2,-2
2019-07-30 15:30:01.454,10726,10727,10727,1,1
2019-07-30 15:30:01.484,10726,10727,10726,2,-2
2019-07-30 15:30:01.612,10726,10727,10726,1,-1
2019-07-30 15:30:01.637,10726,10727,10726,1,-1
2019-07-30 15:30:01.662,10726,10727,10726,1,-1
2019-07-30 15:30:02.298,10726,10727,10727,2,2
2019-07-30 15:30:02.839,10726,10727,10726,5,-5
2019-07-30 15:30:03.227,10726,10727,10726,1,-1
2019-07-30 15:30:03.458,10726,10727,10726,2,-2
2019-07-30 15:30:04.394,10726,10727,10726,5,-5
2019-07-30 15:30:05.021,10725,10726,10726,1,1
2019-07-30 15:30:05.889,10725,10727,10727,3,3
2019-07-30 15:30:15.218,10726,10727,10727,1,1
2019-07-30 15:30:15.633,10726,10727,10726,3,-3
2019-07-30 15:30:18.105,10726,10727,10726,1,-1
2019-07-30 15:30:19.118,10726,10727,10726,1,-1
2019-07-30 15:30:19.608,10726,10727,10726,2,-2
2019-07-30 15:30:25.307,10726,10727,10726,1,-1
2019-07-30 15:30:26.108,10726,10727,10726,4,-4
2019-07-30 15:30:26.208,10725,10726,10726,11,11
2019-07-30 15:30:29.433,10725,10726,10726,1,1
2019-07-30 15:30:43.293,10726,10727,10727,1,1
2019-07-30 15:30:44.583,10726,10727,10727,3,3
2019-07-30 15:30:44.583,10726,10727,10727,2,2
2019-07-30 15:30:44.708,10726,10727,10727,10,10
2019-07-30 15:30:44.708,10726,10727,10727,4,4
2019-07-30 15:30:44.708,10726,10727,10727,1,1
2019-07-30 15:30:44.708,10726,10727,10727,2,2
2019-07-30 15:30:44.708,10726,10727,10727,2,2
2019-07-30 15:30:44.709,10726,10727,10727,2,2
2019-07-30 15:30:44.709,10726,10727,10727,2,2
2019-07-30 15:30:47.428,10727,10728,10727,2,-2
2019-07-30 15:30:53.321,10727,10728,10727,1,-1
2019-07-30 15:30:57.199,10727,10728,10728,1,1
2019-07-30 15:30:59.557,10727,10728,10727,1,-1
2019-07-30 15:30:59.794,10727,10728,10727,9,-9
2019-07-30 15:31:08.762,10727,10728,10727,2,-2
2019-07-30 15:31:10.849,10727,10728,10727,1,-1
2019-07-30 15:31:15.131,10727,10728,10727,1,-1
2019-07-30 15:31:19.031,10727,10728,10728,1,1
2019-07-30 15:31:19.495,10727,10728,10728,1,1
2019-07-30 15:31:20.328,10727,10728,10727,1,-1
2019-07-30 15:31:27.686,10727,10728,10727,1,-1
2019-07-30 15:31:29.607,10727,10728,10727,1,-1
2019-07-30 15:31:29.768,10727,10728,10727,1,-1
2019-07-30 15:31:35.724,10727,10728,10727,1,-1
2019-07-30 15:31:38.118,10727,10728,10727,1,-1
2019-07-30 15:31:38.381,10727,10728,10727,1,-1
2019-07-30 15:31:39.035,10727,10728,10728,1,1
2019-07-30 15:31:39.835,10727,10728,10727,1,-1
2019-07-30 15:31:51.807,10727,10728,10727,1,-1
2019-07-30 15:31:54.098,10727,10728,10727,2,-2
2019-07-30 15:31:57.210,10727,10728,10727,1,-1
2019-07-30 15:32:11.022,10727,10728,10727,1,-1
2019-07-30 15:32:14.556,10727,10728,10728,1,1
2019-07-30 15:32:19.244,10727,10728,10728,1,1
2019-07-30 15:32:32.227,10727,10728,10728,1,1
2019-07-30 15:32:35.678,10727,10728,10728,1,1
2019-07-30 15:32:36.607,10727,10728,10728,2,2
2019-07-30 15:32:39.860,10727,10728,10728,1,1
2019-07-30 15:32:40.346,10727,10728,10728,1,1
2019-07-30 15:32:40.460,10727,10728,10728,2,2
2019-07-30 15:32:40.460,10727,10728,10728,1,1
2019-07-30 15:32:48.038,10727,10728,10728,1,1
2019-07-30 15:32:49.084,10727,10728,10728,20,20
2019-07-30 15:32:53.747,10728,10729,10729,5,5
2019-07-30 15:32:53.856,10728,10729,10729,1,1
2019-07-30 15:32:55.178,10728,10729,10729,1,1
2019-07-30 15:32:58.732,10728,10729,10729,1,1
2019-07-30 15:32:58.894,10728,10729,10729,2,2
2019-07-30 15:32:59.849,10728,10729,10729,1,1
2019-07-30 15:33:08.164,10728,10729,10729,1,1
2019-07-30 15:33:08.479,10728,10729,10728,4,-4
2019-07-30 15:33:08.480,10728,10729,10728,2,-2
2019-07-30 15:33:08.484,10728,10729,10728,2,-2
2019-07-30 15:33:08.551,10728,10729,10728,1,-1
2019-07-30 15:33:08.553,10728,10729,10729,1,1
2019-07-30 15:33:08.621,10728,10729,10728,1,-1
2019-07-30 15:33:08.630,10728,10729,10728,2,-2
2019-07-30 15:33:08.632,10728,10729,10728,1,-1
2019-07-30 15:33:08.651,10728,10729,10728,1,-1
2019-07-30 15:33:08.670,10728,10729,10728,1,-1
2019-07-30 15:33:08.720,10728,10729,10728,3,-3
2019-07-30 15:33:08.724,10728,10729,10728,2,-2
2019-07-30 15:33:08.729,10728,10729,10728,1,-1
2019-07-30 15:33:08.766,10728,10729,10728,1,-1
2019-07-30 15:33:08.822,10728,10729,10728,3,-3
2019-07-30 15:33:08.833,10728,10729,10728,1,-1
2019-07-30 15:33:08.849,10728,10729,10728,3,-3
2019-07-30 15:33:14.280,10728,10729,10728,2,-2
2019-07-30 15:33:20.911,10728,10729,10729,1,1
2019-07-30 15:33:33.593,10728,10729,10728,5,-5
2019-07-30 15:33:33.594,10728,10729,10728,2,-2
2019-07-30 15:33:33.831,10727,10729,10728,2,-2
2019-07-30 15:33:33.838,10727,10728,10728,1,1
2019-07-30 15:33:37.273,10728,10729,10728,2,-2
2019-07-30 15:33:39.349,10727,10728,10728,1,1
2019-07-30 15:33:39.569,10727,10728,10728,1,1
2019-07-30 15:33:42.639,10728,10729,10728,1,-1
2019-07-30 15:33:43.511,10728,10729,10729,1,1
2019-07-30 15:33:48.008,10728,10729,10728,1,-1
2019-07-30 15:33:55.795,10728,10729,10728,5,-5
2019-07-30 15:33:56.977,10727,10728,10728,1,1
2019-07-30 15:33:58.070,10727,10728,10728,1,1
2019-07-30 15:33:58.626,10728,10729,10728,3,-3
2019-07-30 15:34:01.247,10728,10729,10728,1,-1
2019-07-30 15:34:02.937,10728,10729,10728,1,-1
2019-07-30 15:34:04.944,10728,10729,10728,1,-1
2019-07-30 15:34:07.249,10728,10729,10728,1,-1
2019-07-30 15:34:09.183,10728,10729,10728,1,-1
2019-07-30 15:34:09.583,10728,10729,10728,1,-1
2019-07-30 15:34:17.817,10728,10729,10728,1,-1
2019-07-30 15:34:20.433,10728,10729,10728,1,-1
2019-07-30 15:34:23.937,10728,10729,10728,1,-1
2019-07-30 15:34:26.395,10728,10729,10728,1,-1
2019-07-30 15:34:31.454,10728,10729,10728,1,-1
2019-07-30 15:34:33.339,10728,10729,10728,1,-1
2019-07-30 15:34:37.384,10728,10729,10728,1,-1
2019-07-30 15:34:41.694,10728,10729,10728,1,-1
2019-07-30 15:34:41.844,10728,10729,10728,1,-1
2019-07-30 15:34:54.790,10728,10729,10728,1,-1
2019-07-30 15:35:00.309,10728,10729,10728,1,-1
2019-07-30 15:35:04.093,10728,10729,10728,1,-1
2019-07-30 15:35:04.125,10728,10729,10728,1,-1
2019-07-30 15:35:06.207,10728,10729,10729,2,2
2019-07-30 15:35:10.353,10728,10729,10728,1,-1
2019-07-30 15:35:16.542,10728,10729,10728,2,-2
2019-07-30 15:35:21.218,10727,10728,10728,2,2
2019-07-30 15:35:21.999,10727,10728,10728,5,5
2019-07-30 15:35:24.874,10727,10728,10728,3,3
2019-07-30 15:35:25.483,10728,10729,10728,1,-1
2019-07-30 15:35:40.841,10728,10729,10728,1,-1
2019-07-30 15:35:41.287,10728,10729,10729,21,21
2019-07-30 15:35:53.186,10728,10729,10729,4,4
2019-07-30 15:35:54.750,10728,10729,10729,1,1
2019-07-30 15:35:57.275,10728,10729,10729,3,3
2019-07-30 15:35:58.303,10728,10729,10729,1,1
2019-07-30 15:36:08.968,10728,10729,10729,2,2
2019-07-30 15:36:13.406,10728,10729,10729,4,4
2019-07-30 15:36:35.276,10728,10729,10729,1,1
2019-07-30 15:36:45.964,10728,10729,10729,2,2
2019-07-30 15:37:06.570,10728,10729,10728,1,-1
2019-07-30 15:37:07.055,10728,10729,10728,1,-1
2019-07-30 15:37:08.408,10728,10729,10729,1,1
2019-07-30 15:37:11.693,10728,10729,10728,18,-18
2019-07-30 15:37:15.321,10727,10728,10728,1,1
2019-07-30 15:37:23.549,10727,10728,10728,2,2
2019-07-30 15:37:24.913,10727,10728,10728,1,1
2019-07-30 15:37:28.394,10727,10728,10727,22,-22
2019-07-30 15:37:28.406,10727,10728,10727,22,-22
2019-07-30 15:37:28.599,10726,10727,10726,4,-4
2019-07-30 15:37:28.599,10726,10727,10726,1,-1
2019-07-30 15:37:28.708,10726,10727,10726,4,-4
2019-07-30 15:37:33.206,10725,10726,10726,1,1
2019-07-30 15:37:35.521,10725,10726,10725,1,-1
2019-07-30 15:37:35.604,10725,10726,10725,2,-2
2019-07-30 15:37:38.678,10725,10726,10726,1,1
2019-07-30 15:37:39.137,10725,10726,10726,1,1
2019-07-30 15:37:40.135,10725,10726,10726,1,1
2019-07-30 15:37:46.753,10725,10726,10725,18,-18
2019-07-30 15:37:52.043,10725,10726,10725,1,-1
2019-07-30 15:37:52.352,10725,10726,10726,1,1
2019-07-30 15:37:59.703,10725,10726,10725,1,-1
2019-07-30 15:38:04.203,10725,10726,10725,1,-1
2019-07-30 15:38:04.318,10725,10726,10725,1,-1
2019-07-30 15:38:05.338,10725,10726,10725,1,-1
2019-07-30 15:38:07.664,10725,10726,10725,1,-1
2019-07-30 15:38:13.185,10725,10726,10725,2,-2
2019-07-30 15:38:15.881,10725,10726,10725,2,-2
2019-07-30 15:38:16.398,10725,10726,10726,1,1
2019-07-30 15:38:19.250,10725,10726,10725,1,-1
2019-07-30 15:38:21.207,10725,10726,10725,1,-1
2019-07-30 15:38:21.578,10725,10726,10725,1,-1
2019-07-30 15:38:21.635,10725,10726,10725,16,-16
2019-07-30 15:38:21.708,10725,10726,10725,5,-5
2019-07-30 15:38:21.708,10725,10726,10725,1,-1
2019-07-30 15:38:21.708,10725,10726,10725,1,-1
2019-07-30 15:38:21.828,10725,10726,10725,1,-1
2019-07-30 15:38:21.828,10725,10726,10725,1,-1
2019-07-30 15:38:21.833,10725,10726,10725,1,-1
2019-07-30 15:38:22.026,10725,10726,10725,1,-1
2019-07-30 15:38:22.083,10725,10726,10725,1,-1
2019-07-30 15:38:25.095,10724,10725,10725,1,1
2019-07-30 15:38:35.624,10724,10725,10724,1,-1
2019-07-30 15:38:35.991,10724,10725,10724,1,-1
2019-07-30 15:38:37.006,10724,10725,10724,1,-1
2019-07-30 15:38:40.151,10724,10725,10724,1,-1
2019-07-30 15:38:40.174,10724,10725,10725,10,10
2019-07-30 15:38:41.623,10724,10725,10724,1,-1
2019-07-30 15:38:42.190,10724,10725,10724,1,-1
2019-07-30 15:38:47.068,10724,10725,10724,1,-1
2019-07-30 15:38:47.989,10724,10725,10724,1,-1
2019-07-30 15:38:51.833,10724,10725,10725,1,1
2019-07-30 15:38:51.953,10724,10725,10724,1,-1
2019-07-30 15:38:57.052,10724,10725,10724,1,-1
2019-07-30 15:38:57.959,10724,10725,10725,2,2
2019-07-30 15:38:58.626,10724,10725,10724,2,-2
2019-07-30 15:39:02.710,10724,10725,10725,7,7
2019-07-30 15:39:03.358,10724,10725,10724,2,-2
2019-07-30 15:39:06.771,10724,10725,10725,1,1
2019-07-30 15:39:07.167,10724,10725,10724,5,-5
2019-07-30 15:39:07.230,10724,10725,10724,1,-1
2019-07-30 15:39:18.057,10724,10725,10725,1,1
2019-07-30 15:39:18.663,10724,10725,10725,1,1
2019-07-30 15:39:21.010,10724,10725,10724,1,-1
2019-07-30 15:39:21.882,10724,10725,10725,1,1
2019-07-30 15:39:33.272,10724,10725,10725,1,1
2019-07-30 15:39:36.609,10724,10725,10725,1,1
2019-07-30 15:39:36.768,10724,10725,10724,1,-1
2019-07-30 15:39:38.798,10724,10725,10724,1,-1
2019-07-30 15:39:39.103,10724,10725,10724,1,-1
2019-07-30 15:39:42.343,10724,10725,10724,1,-1
2019-07-30 15:39:42.655,10724,10725,10724,1,-1
2019-07-30 15:39:44.345,10724,10725,10724,1,-1
2019-07-30 15:39:46.523,10724,10725,10724,5,-5
2019-07-30 15:39:46.934,10724,10725,10724,1,-1
2019-07-30 15:39:47.247,10724,10725,10724,1,-1
2019-07-30 15:39:48.926,10724,10725,10724,5,-5
2019-07-30 15:39:49.083,10724,10725,10724,2,-2
2019-07-30 15:39:49.154,10724,10725,10724,1,-1
2019-07-30 15:39:49.182,10724,10725,10724,1,-1
2019-07-30 15:39:49.209,10724,10725,10724,3,-3
2019-07-30 15:39:49.333,10724,10725,10724,1,-1
2019-07-30 15:39:49.603,10724,10725,10724,1,-1
2019-07-30 15:39:50.299,10723,10724,10724,1,1
2019-07-30 15:39:51.983,10723,10724,10724,5,5
2019-07-30 15:39:52.083,10724,10725,10724,15,-15
2019-07-30 15:39:58.169,10723,10724,10724,2,2
2019-07-30 15:39:58.169,10723,10724,10724,1,1
2019-07-30 15:40:01.461,10724,10725,10724,1,-1
2019-07-30 15:40:05.506,10724,10725,10724,1,-1
2019-07-30 15:40:21.094,10724,10725,10724,1,-1
2019-07-30 15:40:21.931,10724,10725,10724,5,-5
2019-07-30 15:40:24.457,10724,10725,10724,2,-2
2019-07-30 15:40:29.678,10724,10725,10724,2,-2
2019-07-30 15:40:30.128,10724,10725,10724,2,-2
2019-07-30 15:40:32.311,10724,10725,10725,4,4
2019-07-30 15:40:32.333,10724,10725,10725,14,14
2019-07-30 15:40:32.506,10725,10726,10725,2,-2
2019-07-30 15:40:32.839,10725,10726,10725,1,-1
2019-07-30 15:40:33.730,10725,10726,10725,1,-1
2019-07-30 15:40:53.526,10725,10726,10726,2,2
2019-07-30 15:40:53.860,10725,10726,10726,1,1
2019-07-30 15:40:54.608,10725,10726,10725,2,-2
2019-07-30 15:41:01.175,10725,10726,10725,2,-2
2019-07-30 15:41:04.984,10725,10726,10725,1,-1
2019-07-30 15:41:06.217,10725,10726,10726,1,1
2019-07-30 15:41:06.828,10725,10726,10726,1,1
2019-07-30 15:41:10.915,10725,10726,10726,1,1
2019-07-30 15:41:14.128,10725,10726,10725,5,-5
2019-07-30 15:41:15.046,10725,10726,10725,2,-2
2019-07-30 15:41:24.736,10725,10726,10726,1,1
2019-07-30 15:41:25.427,10725,10726,10726,1,1
2019-07-30 15:41:26.025,10725,10726,10726,1,1
2019-07-30 15:41:32.083,10725,10726,10726,3,3
2019-07-30 15:41:32.333,10726,10727,10726,1,-1
2019-07-30 15:41:37.926,10726,10727,10726,1,-1
2019-07-30 15:41:42.310,10726,10727,10727,3,3
2019-07-30 15:41:42.328,10726,10727,10727,1,1
2019-07-30 15:41:43.833,10726,10727,10726,7,-7
2019-07-30 15:41:46.590,10725,10726,10726,1,1
2019-07-30 15:41:50.108,10725,10726,10726,2,2
2019-07-30 15:41:52.390,10725,10726,10726,1,1
2019-07-30 15:41:54.644,10725,10726,10726,1,1
2019-07-30 15:42:02.375,10725,10726,10726,1,1
2019-07-30 15:42:04.958,10725,10726,10726,4,4
2019-07-30 15:42:05.083,10725,10726,10726,1,1
2019-07-30 15:42:21.460,10726,10727,10726,3,-3
2019-07-30 15:42:21.506,10726,10727,10726,1,-1
2019-07-30 15:42:24.508,10726,10727,10727,1,1
2019-07-30 15:42:30.206,10726,10727,10726,1,-1
2019-07-30 15:42:30.511,10726,10727,10726,1,-1
2019-07-30 15:42:31.108,10726,10727,10727,2,2
2019-07-30 15:42:38.919,10726,10727,10727,1,1
2019-07-30 15:42:39.252,10726,10727,10726,5,-5
2019-07-30 15:42:44.516,10726,10727,10726,2,-2
2019-07-30 15:42:53.376,10726,10727,10726,2,-2
2019-07-30 15:43:08.820,10726,10727,10726,1,-1
2019-07-30 15:43:15.272,10726,10727,10726,3,-3
2019-07-30 15:43:18.481,10726,10727,10726,1,-1
2019-07-30 15:43:26.287,10726,10727,10726,1,-1
2019-07-30 15:43:28.311,10726,10727,10726,2,-2
2019-07-30 15:43:34.036,10726,10727,10726,1,-1
2019-07-30 15:43:34.207,10726,10727,10726,1,-1
2019-07-30 15:43:36.004,10726,10727,10727,1,1
2019-07-30 15:43:36.729,10726,10727,10727,1,1
2019-07-30 15:43:37.867,10726,10727,10726,2,-2
2019-07-30 15:43:40.007,10726,10727,10726,1,-1
2019-07-30 15:43:40.754,10726,10727,10726,1,-1
2019-07-30 15:43:41.007,10726,10727,10726,1,-1
2019-07-30 15:43:41.056,10726,10727,10726,1,-1
2019-07-30 15:43:41.364,10726,10727,10726,1,-1
2019-07-30 15:43:49.542,10725,10726,10726,2,2
2019-07-30 15:43:53.078,10726,10727,10726,1,-1
2019-07-30 15:43:53.724,10726,10727,10726,1,-1
2019-07-30 15:43:57.822,10726,10727,10726,1,-1
2019-07-30 15:43:58.128,10726,10727,10726,1,-1
2019-07-30 15:44:04.834,10726,10727,10726,2,-2
2019-07-30 15:44:15.457,10725,10726,10725,1,-1
2019-07-30 15:44:16.576,10725,10726,10726,1,1
2019-07-30 15:44:16.661,10725,10726,10726,1,1
2019-07-30 15:44:24.202,10725,10726,10725,2,-2
2019-07-30 15:44:29.881,10725,10726,10726,6,6
2019-07-30 15:44:33.314,10725,10726,10725,2,-2
2019-07-30 15:44:34.864,10725,10726,10726,10,10
2019-07-30 15:44:35.143,10725,10726,10726,5,5
2019-07-30 15:44:35.143,10725,10726,10726,1,1
2019-07-30 15:44:35.143,10725,10726,10726,1,1
2019-07-30 15:44:35.699,10726,10727,10727,1,1
2019-07-30 15:45:02.405,10726,10727,10727,8,8
2019-07-30 15:45:03.669,10726,10727,10727,1,1
2019-07-30 15:45:12.589,10726,10727,10726,1,-1
2019-07-30 15:45:17.244,10726,10727,10726,1,-1
2019-07-30 15:45:32.433,10726,10727,10727,2,2
2019-07-30 15:45:37.272,10726,10727,10726,1,-1
2019-07-30 15:45:38.087,10726,10727,10727,1,1
2019-07-30 15:45:38.680,10726,10727,10726,1,-1
2019-07-30 15:45:57.049,10726,10727,10726,4,-4
2019-07-30 15:46:00.598,10726,10727,10726,1,-1
2019-07-30 15:46:09.283,10726,10727,10726,1,-1
2019-07-30 15:46:09.865,10726,10727,10726,1,-1
2019-07-30 15:46:17.126,10726,10727,10726,1,-1
2019-07-30 15:46:28.312,10726,10727,10726,1,-1
2019-07-30 15:46:28.566,10726,10727,10726,1,-1
2019-07-30 15:46:29.624,10726,10727,10726,1,-1
2019-07-30 15:46:30.167,10726,10727,10726,2,-2
2019-07-30 15:46:30.475,10726,10727,10726,2,-2
2019-07-30 15:46:30.779,10726,10727,10726,2,-2
2019-07-30 15:46:31.095,10726,10727,10726,1,-1
2019-07-30 15:46:41.981,10725,10726,10726,1,1
2019-07-30 15:46:53.128,10725,10726,10726,3,3
2019-07-30 15:46:58.670,10725,10726,10726,2,2
2019-07-30 15:47:02.034,10725,10726,10726,1,1
2019-07-30 15:47:02.974,10725,10727,10727,1,1
2019-07-30 15:47:15.266,10726,10727,10726,1,-1
2019-07-30 15:47:15.266,10726,10727,10725,1,-1
2019-07-30 15:47:20.929,10725,10726,10726,1,1
2019-07-30 15:47:29.703,10726,10727,10726,2,-2
2019-07-30 15:47:47.208,10726,10727,10726,1,-1
2019-07-30 15:47:54.791,10725,10727,10727,1,1
2019-07-30 15:48:00.058,10726,10727,10726,1,-1
2019-07-30 15:48:05.114,10725,10726,10726,1,1
2019-07-30 15:48:16.295,10725,10726,10726,1,1
2019-07-30 15:48:22.187,10725,10726,10725,3,-3
2019-07-30 15:48:29.613,10725,10726,10726,1,1
2019-07-30 15:48:48.421,10725,10726,10726,1,1
2019-07-30 15:48:48.422,10725,10726,10726,2,2
2019-07-30 15:48:48.459,10725,10726,10726,1,1
2019-07-30 15:48:48.958,10726,10727,10726,10,-10
2019-07-30 15:48:49.027,10726,10727,10726,1,-1
2019-07-30 15:48:56.531,10725,10726,10726,1,1
2019-07-30 15:49:01.888,10725,10726,10726,1,1
2019-07-30 15:49:02.626,10725,10726,10726,1,1
2019-07-30 15:49:35.267,10725,10726,10726,1,1
2019-07-30 15:49:37.802,10725,10726,10726,2,2
2019-07-30 15:49:37.833,10726,10727,10726,3,-3
2019-07-30 15:49:44.090,10725,10726,10726,1,1
2019-07-30 15:50:03.262,10726,10727,10726,1,-1
2019-07-30 15:50:07.179,10725,10726,10726,1,1
2019-07-30 15:50:08.614,10725,10726,10726,1,1
2019-07-30 15:50:10.468,10726,10727,10727,1,1
2019-07-30 15:50:20.042,10726,10727,10726,1,-1
2019-07-30 15:50:29.289,10726,10727,10726,3,-3
2019-07-30 15:50:31.844,10726,10727,10726,1,-1
2019-07-30 15:50:37.276,10725,10726,10725,1,-1
2019-07-30 15:50:39.035,10725,10726,10725,1,-1
2019-07-30 15:50:44.142,10725,10726,10726,2,2
2019-07-30 15:50:44.208,10726,10727,10726,1,-1
2019-07-30 15:50:51.492,10725,10726,10726,1,1
2019-07-30 15:50:57.311,10725,10726,10726,1,1
2019-07-30 15:50:57.333,10726,10727,10726,1,-1
2019-07-30 15:51:07.381,10725,10726,10726,1,1
2019-07-30 15:51:21.481,10725,10726,10726,1,1
2019-07-30 15:51:43.991,10725,10726,10726,2,2
2019-07-30 15:51:52.067,10725,10726,10726,5,5
2019-07-30 15:52:01.820,10725,10726,10725,4,-4
2019-07-30 15:52:06.349,10725,10726,10726,1,1
2019-07-30 15:52:11.784,10725,10726,10726,1,1
2019-07-30 15:52:15.146,10725,10726,10725,2,-2
2019-07-30 15:52:15.525,10725,10726,10725,4,-4
2019-07-30 15:52:15.583,10725,10726,10725,22,-22
2019-07-30 15:52:15.708,10725,10726,10725,6,-6
2019-07-30 15:52:15.732,10725,10726,10725,1,-1
2019-07-30 15:52:15.833,10725,10726,10725,3,-3
2019-07-30 15:52:15.933,10725,10726,10724,1,-1
2019-07-30 15:52:15.983,10724,10726,10724,1,-1
2019-07-30 15:52:16.128,10724,10725,10725,2,2
2019-07-30 15:52:27.774,10724,10725,10724,2,-2
2019-07-30 15:52:38.751,10724,10725,10724,1,-1
2019-07-30 15:52:38.978,10724,10725,10724,2,-2
2019-07-30 15:52:39.188,10724,10725,10724,4,-4
2019-07-30 15:52:39.394,10724,10725,10724,1,-1
2019-07-30 15:52:39.601,10724,10725,10724,1,-1
2019-07-30 15:52:44.938,10724,10725,10725,10,10
2019-07-30 15:52:45.000,10724,10725,10724,1,-1
2019-07-30 15:52:49.115,10724,10725,10725,1,1
2019-07-30 15:52:49.208,10724,10725,10725,12,12
2019-07-30 15:52:52.842,10725,10726,10725,1,-1
2019-07-30 15:52:54.882,10725,10726,10725,5,-5
2019-07-30 15:53:02.486,10725,10726,10726,5,5
2019-07-30 15:53:03.101,10725,10726,10726,1,1
2019-07-30 15:53:23.996,10725,10726,10725,1,-1
2019-07-30 15:53:24.305,10725,10726,10725,1,-1
2019-07-30 15:53:28.240,10725,10726,10725,3,-3
2019-07-30 15:53:30.825,10725,10726,10725,1,-1
2019-07-30 15:53:31.132,10725,10726,10725,1,-1
2019-07-30 15:53:31.437,10725,10726,10725,1,-1
2019-07-30 15:53:31.762,10725,10726,10725,1,-1
2019-07-30 15:53:32.068,10725,10726,10725,1,-1
2019-07-30 15:53:36.479,10725,10726,10725,1,-1
2019-07-30 15:53:37.619,10725,10726,10725,1,-1
2019-07-30 15:53:38.691,10725,10726,10725,1,-1
2019-07-30 15:53:42.157,10725,10726,10726,1,1
2019-07-30 15:53:46.302,10725,10726,10725,1,-1
2019-07-30 15:53:46.611,10725,10726,10725,1,-1
2019-07-30 15:53:46.917,10725,10726,10725,1,-1
2019-07-30 15:53:47.223,10725,10726,10725,1,-1
2019-07-30 15:53:49.071,10725,10726,10726,4,4
2019-07-30 15:53:53.085,10725,10726,10726,2,2
2019-07-30 15:53:54.895,10725,10726,10726,1,1
2019-07-30 15:53:59.841,10725,10726,10725,2,-2
2019-07-30 15:54:10.338,10725,10726,10725,1,-1
2019-07-30 15:54:34.704,10725,10726,10726,1,1
2019-07-30 15:54:34.708,10725,10726,10726,1,1
2019-07-30 15:54:38.401,10725,10726,10726,1,1
2019-07-30 15:54:40.769,10725,10726,10726,1,1
2019-07-30 15:54:41.113,10725,10726,10726,1,1
2019-07-30 15:54:44.731,10725,10726,10725,1,-1
2019-07-30 15:54:45.044,10725,10726,10725,1,-1
2019-07-30 15:54:45.354,10725,10726,10725,1,-1
2019-07-30 15:54:45.676,10725,10726,10725,1,-1
2019-07-30 15:54:45.988,10725,10726,10725,1,-1
2019-07-30 15:54:46.298,10725,10726,10725,1,-1
2019-07-30 15:54:46.609,10725,10726,10725,1,-1
2019-07-30 15:54:46.918,10725,10726,10725,1,-1
2019-07-30 15:54:47.222,10725,10726,10725,1,-1
2019-07-30 15:54:47.543,10725,10726,10725,1,-1
2019-07-30 15:54:47.850,10725,10726,10725,1,-1
2019-07-30 15:54:59.919,10725,10726,10725,1,-1
2019-07-30 15:55:13.155,10725,10726,10725,1,-1
2019-07-30 15:55:18.341,10725,10726,10725,1,-1
2019-07-30 15:55:40.321,10725,10726,10726,1,1
2019-07-30 15:55:47.065,10725,10726,10725,8,-8
2019-07-30 15:55:48.546,10725,10726,10726,1,1
2019-07-30 15:55:56.933,10725,10726,10726,1,1
2019-07-30 15:56:04.763,10725,10726,10726,4,4
2019-07-30 15:56:10.699,10725,10727,10727,1,1
2019-07-30 15:56:11.007,10726,10727,10726,1,-1
2019-07-30 15:56:11.172,10725,10727,10727,1,1
2019-07-30 15:56:19.775,10725,10727,10727,1,1
2019-07-30 15:56:41.931,10726,10727,10726,1,-1
2019-07-30 15:56:57.607,10726,10727,10727,2,2
2019-07-30 15:57:00.095,10726,10727,10727,1,1
2019-07-30 15:57:00.527,10726,10727,10727,1,1
2019-07-30 15:57:00.528,10726,10727,10727,1,1
2019-07-30 15:57:06.816,10726,10727,10726,5,-5
2019-07-30 15:57:15.626,10726,10727,10726,2,-2
2019-07-30 15:57:32.056,10726,10727,10726,1,-1
2019-07-30 15:57:38.777,10726,10727,10726,1,-1
2019-07-30 15:57:58.581,10726,10727,10727,3,3
2019-07-30 15:58:09.686,10726,10727,10727,1,1
2019-07-30 15:58:12.928,10726,10727,10726,1,-1
2019-07-30 15:59:27.841,10726,10727,10727,6,6
2019-07-30 15:59:27.958,10726,10727,10727,13,13
2019-07-30 15:59:28.584,10727,10728,10727,3,-3
2019-07-30 15:59:28.913,10726,10728,10726,3,-3
2019-07-30 15:59:32.083,10726,10728,10726,3,-3
2019-07-30 15:59:34.521,10726,10727,10727,1,1
2019-07-30 15:59:35.501,10726,10727,10726,3,-3
2019-07-30 15:59:35.501,10726,10727,10727,1,1
2019-07-30 15:59:36.500,10726,10727,10726,1,-1
2019-07-30 15:59:37.733,10726,10727,10727,1,1
2019-07-30 15:59:38.007,10727,10728,10727,1,-1
2019-07-30 15:59:54.363,10727,10728,10727,1,-1
2019-07-30 15:59:58.290,10727,10728,10727,1,-1
2019-07-30 16:00:20.770,10727,10728,10727,1,-1
2019-07-30 16:00:20.789,10727,10728,10728,1,1
2019-07-30 16:00:21.114,10727,10728,10727,1,-1
2019-07-30 16:00:21.255,10727,10728,10727,1,-1
2019-07-30 16:00:22.473,10727,10728,10727,1,-1
2019-07-30 16:00:22.863,10727,10728,10728,1,1
2019-07-30 16:00:23.159,10727,10728,10727,2,-2
2019-07-30 16:00:23.381,10727,10728,10728,1,1
2019-07-30 16:00:23.387,10727,10728,10728,1,1
2019-07-30 16:00:23.408,10727,10728,10728,1,1
2019-07-30 16:00:23.440,10727,10728,10728,1,1
2019-07-30 16:00:23.465,10727,10728,10727,2,-2
2019-07-30 16:00:23.490,10727,10728,10728,1,1
2019-07-30 16:00:23.666,10727,10728,10727,2,-2
2019-07-30 16:00:23.690,10727,10728,10728,2,2
2019-07-30 16:00:26.110,10727,10728,10727,1,-1
2019-07-30 16:00:26.418,10727,10728,10728,1,1
2019-07-30 16:00:27.185,10727,10728,10728,3,3
2019-07-30 16:00:52.085,10727,10728,10728,2,2
2019-07-30 16:00:54.064,10727,10728,10728,2,2
2019-07-30 16:00:57.877,10727,10728,10728,2,2
2019-07-30 16:01:08.391,10727,10728,10728,1,1
2019-07-30 16:01:08.447,10727,10728,10728,1,1
2019-07-30 16:01:09.750,10727,10728,10728,1,1
2019-07-30 16:01:22.529,10727,10728,10728,1,1
2019-07-30 16:01:31.195,10727,10728,10728,1,1
2019-07-30 16:01:44.184,10727,10728,10727,1,-1
2019-07-30 16:01:54.507,10727,10728,10727,1,-1
2019-07-30 16:01:54.507,10727,10728,10727,2,-2
2019-07-30 16:01:55.404,10727,10728,10727,1,-1
2019-07-30 16:02:11.726,10727,10728,10728,1,1
2019-07-30 16:02:20.404,10727,10728,10728,5,5
2019-07-30 16:02:20.706,10727,10728,10727,8,-8
2019-07-30 16:02:20.708,10727,10728,10727,3,-3
2019-07-30 16:02:20.708,10727,10728,10727,8,-8
2019-07-30 16:02:20.708,10727,10728,10727,1,-1
2019-07-30 16:02:20.708,10727,10728,10727,4,-4
2019-07-30 16:02:20.708,10727,10728,10727,3,-3
2019-07-30 16:02:20.947,10726,10727,10727,2,2
2019-07-30 16:02:21.184,10726,10727,10727,2,2
2019-07-30 16:02:27.677,10726,10727,10727,1,1
2019-07-30 16:02:28.425,10726,10727,10726,1,-1
2019-07-30 16:02:57.448,10726,10727,10727,6,6
2019-07-30 16:02:58.289,10727,10728,10727,1,-1
2019-07-30 16:03:13.323,10727,10728,10727,1,-1
2019-07-30 16:03:41.758,10727,10728,10727,5,-5
2019-07-30 16:03:43.909,10727,10728,10727,1,-1
2019-07-30 16:03:44.503,10727,10728,10727,1,-1
2019-07-30 16:03:47.650,10727,10728,10727,1,-1
2019-07-30 16:03:58.465,10727,10728,10727,10,-10
2019-07-30 16:04:01.527,10727,10728,10728,1,1
2019-07-30 16:04:12.057,10727,10728,10727,5,-5
2019-07-30 16:04:32.266,10727,10728,10727,1,-1
2019-07-30 16:04:51.561,10727,10728,10727,8,-8
2019-07-30 16:04:58.138,10727,10728,10727,1,-1
2019-07-30 16:05:03.853,10727,10728,10727,1,-1
