2022-06-20 15:00:00.084,15043,15044,15048,91,91
2022-06-20 15:00:00.270,15047,15048,15048,1,1
2022-06-20 15:00:00.308,15047,15048,15048,1,1
2022-06-20 15:00:00.381,15047,15048,15049,2,2
2022-06-20 15:00:00.381,15047,15048,15049,4,4
2022-06-20 15:00:00.382,15047,15048,15049,1,1
2022-06-20 15:00:00.405,15047,15048,15049,2,2
2022-06-20 15:00:00.420,15047,15048,15049,3,3
2022-06-20 15:00:00.439,15048,15049,15049,2,2
2022-06-20 15:00:00.451,15048,15049,15050,1,1
2022-06-20 15:00:00.474,15048,15049,15050,3,3
2022-06-20 15:00:00.490,15048,15049,15050,6,6
2022-06-20 15:00:00.503,15048,15049,15050,1,1
2022-06-20 15:00:00.526,15048,15049,15050,2,2
2022-06-20 15:00:00.612,15048,15050,15050,4,4
2022-06-20 15:00:00.612,15048,15050,15051,4,4
2022-06-20 15:00:00.727,15048,15050,15048,1,-1
2022-06-20 15:00:00.727,15048,15050,15047,2,-2
2022-06-20 15:00:00.727,15048,15050,15046,1,-1
2022-06-20 15:00:00.727,15048,15050,15045,1,-1
2022-06-20 15:00:00.768,15048,15050,15049,1,-1
2022-06-20 15:00:00.776,15048,15050,15049,2,-2
2022-06-20 15:00:00.786,15048,15050,15050,1,1
2022-06-20 15:00:00.839,15047,15050,15050,1,1
2022-06-20 15:00:00.890,15047,15050,15050,1,1
2022-06-20 15:00:00.895,15047,15050,15050,2,2
2022-06-20 15:00:00.901,15047,15050,15050,2,2
2022-06-20 15:00:00.921,15047,15050,15051,3,3
2022-06-20 15:00:00.967,15048,15051,15050,1,1
2022-06-20 15:00:01.180,15048,15050,15050,2,2
2022-06-20 15:00:01.213,15048,15050,15049,1,1
2022-06-20 15:00:01.219,15048,15050,15048,1,-1
2022-06-20 15:00:01.490,15047,15049,15047,1,-1
2022-06-20 15:00:01.515,15047,15049,15047,1,-1
2022-06-20 15:00:01.515,15047,15049,15046,1,-1
2022-06-20 15:00:01.515,15047,15049,15046,1,-1
2022-06-20 15:00:01.547,15047,15049,15048,2,-2
2022-06-20 15:00:01.547,15047,15049,15049,3,3
2022-06-20 15:00:01.624,15046,15049,15049,2,2
2022-06-20 15:00:01.698,15047,15049,15049,1,1
2022-06-20 15:00:01.758,15047,15049,15049,3,3
2022-06-20 15:00:01.758,15047,15049,15050,2,2
2022-06-20 15:00:01.758,15047,15049,15051,14,14
2022-06-20 15:00:01.791,15047,15049,15048,1,1
2022-06-20 15:00:01.791,15047,15049,15047,1,-1
2022-06-20 15:00:02.002,15047,15050,15047,2,-2
2022-06-20 15:00:02.002,15047,15050,15046,2,-2
2022-06-20 15:00:02.010,15047,15050,15049,1,1
2022-06-20 15:00:02.111,15047,15049,15049,2,2
2022-06-20 15:00:02.261,15047,15050,15049,2,2
2022-06-20 15:00:02.261,15047,15050,15050,1,1
2022-06-20 15:00:02.685,15046,15048,15048,2,2
2022-06-20 15:00:02.692,15046,15048,15049,2,2
2022-06-20 15:00:02.752,15046,15048,15049,1,1
2022-06-20 15:00:02.756,15046,15048,15049,1,1
2022-06-20 15:00:02.818,15046,15048,15048,1,1
2022-06-20 15:00:02.818,15046,15048,15049,2,2
2022-06-20 15:00:02.874,15046,15048,15048,1,1
2022-06-20 15:00:03.033,15046,15049,15048,1,1
2022-06-20 15:00:03.033,15046,15049,15049,1,1
2022-06-20 15:00:03.033,15046,15049,15049,1,1
2022-06-20 15:00:03.177,15046,15049,15046,1,-1
2022-06-20 15:00:03.194,15046,15049,15048,1,1
2022-06-20 15:00:03.257,15046,15049,15048,1,1
2022-06-20 15:00:03.281,15046,15049,15048,1,1
2022-06-20 15:00:03.281,15046,15049,15049,2,2
2022-06-20 15:00:03.289,15046,15049,15048,2,2
2022-06-20 15:00:03.289,15046,15049,15049,1,1
2022-06-20 15:00:03.319,15046,15049,15049,2,2
2022-06-20 15:00:03.330,15046,15049,15049,1,1
2022-06-20 15:00:03.376,15046,15049,15048,2,2
2022-06-20 15:00:03.380,15046,15049,15046,2,-2
2022-06-20 15:00:03.380,15046,15049,15045,4,-4
2022-06-20 15:00:03.491,15047,15049,15047,1,-1
2022-06-20 15:00:03.586,15045,15047,15045,1,-1
2022-06-20 15:00:03.597,15045,15047,15047,2,2
2022-06-20 15:00:03.732,15046,15048,15048,1,1
2022-06-20 15:00:03.782,15046,15048,15048,1,1
2022-06-20 15:00:03.782,15046,15048,15049,2,2
2022-06-20 15:00:03.785,15046,15048,15049,1,1
2022-06-20 15:00:03.973,15046,15048,15048,1,1
2022-06-20 15:00:03.990,15046,15048,15047,1,1
2022-06-20 15:00:03.990,15046,15048,15048,2,2
2022-06-20 15:00:04.011,15046,15048,15048,1,1
2022-06-20 15:00:04.058,15046,15048,15048,2,2
2022-06-20 15:00:04.058,15046,15048,15049,1,1
2022-06-20 15:00:04.087,15046,15048,15049,1,1
2022-06-20 15:00:04.087,15046,15048,15049,1,1
2022-06-20 15:00:04.128,15046,15048,15050,1,1
2022-06-20 15:00:04.248,15047,15050,15050,1,1
2022-06-20 15:00:04.250,15047,15050,15048,1,-1
2022-06-20 15:00:04.284,15047,15050,15047,1,-1
2022-06-20 15:00:04.488,15046,15048,15048,1,1
2022-06-20 15:00:04.515,15046,15048,15048,1,1
2022-06-20 15:00:04.515,15046,15048,15048,1,1
2022-06-20 15:00:04.533,15046,15048,15049,1,1
2022-06-20 15:00:04.806,15046,15048,15048,1,1
2022-06-20 15:00:05.002,15046,15048,15048,2,2
2022-06-20 15:00:05.012,15046,15048,15048,1,1
2022-06-20 15:00:05.253,15045,15047,15047,1,1
2022-06-20 15:00:05.784,15046,15047,15046,1,-1
2022-06-20 15:00:05.944,15045,15047,15046,2,-2
2022-06-20 15:00:05.966,15045,15047,15046,2,-2
2022-06-20 15:00:06.030,15045,15047,15047,1,1
2022-06-20 15:00:06.034,15045,15047,15047,1,1
2022-06-20 15:00:06.120,15045,15047,15045,2,-2
2022-06-20 15:00:06.199,15045,15046,15045,6,-6
2022-06-20 15:00:06.199,15045,15046,15045,2,-2
2022-06-20 15:00:06.465,15045,15046,15046,1,1
2022-06-20 15:00:06.470,15045,15046,15047,1,1
2022-06-20 15:00:06.627,15045,15047,15046,5,5
2022-06-20 15:00:06.850,15045,15047,15047,1,1
2022-06-20 15:00:07.023,15046,15048,15046,2,-2
2022-06-20 15:00:07.055,15046,15048,15048,1,1
2022-06-20 15:00:07.095,15046,15048,15048,3,3
2022-06-20 15:00:07.145,15046,15048,15048,2,2
2022-06-20 15:00:07.854,15048,15050,15048,1,-1
2022-06-20 15:00:07.953,15048,15050,15048,1,-1
2022-06-20 15:00:08.048,15048,15050,15050,5,5
2022-06-20 15:00:08.087,15049,15051,15051,2,2
2022-06-20 15:00:08.088,15049,15051,15051,6,6
2022-06-20 15:00:08.088,15049,15051,15051,5,5
2022-06-20 15:00:08.088,15049,15051,15052,3,3
2022-06-20 15:00:08.089,15049,15051,15051,1,1
2022-06-20 15:00:08.349,15049,15051,15051,1,1
2022-06-20 15:00:08.402,15049,15051,15051,2,2
2022-06-20 15:00:08.442,15050,15052,15052,2,2
2022-06-20 15:00:08.446,15050,15052,15050,1,-1
2022-06-20 15:00:08.688,15049,15050,15049,1,-1
2022-06-20 15:00:08.781,15049,15050,15050,1,1
2022-06-20 15:00:08.883,15049,15050,15049,1,-1
2022-06-20 15:00:08.929,15049,15050,15050,3,3
2022-06-20 15:00:08.949,15049,15050,15049,2,-2
2022-06-20 15:00:09.013,15049,15050,15050,1,1
2022-06-20 15:00:09.179,15048,15050,15050,2,2
2022-06-20 15:00:09.678,15048,15050,15048,1,-1
2022-06-20 15:00:09.951,15047,15049,15047,2,-2
2022-06-20 15:00:10.099,15047,15049,15049,4,4
2022-06-20 15:00:10.100,15047,15049,15049,3,3
2022-06-20 15:00:10.195,15047,15049,15047,2,-2
2022-06-20 15:00:10.195,15047,15049,15046,3,-3
2022-06-20 15:00:10.406,15046,15048,15048,3,3
2022-06-20 15:00:10.501,15047,15049,15049,1,1
2022-06-20 15:00:10.507,15047,15049,15049,1,1
2022-06-20 15:00:10.596,15047,15049,15049,1,1
2022-06-20 15:00:10.847,15046,15049,15049,4,4
2022-06-20 15:00:10.951,15047,15049,15047,1,-1
2022-06-20 15:00:12.256,15046,15048,15046,3,-3
2022-06-20 15:00:12.787,15045,15047,15047,3,3
2022-06-20 15:00:13.335,15045,15047,15047,1,1
2022-06-20 15:00:14.476,15045,15047,15045,3,-3
2022-06-20 15:00:14.477,15045,15047,15045,1,-1
2022-06-20 15:00:14.659,15044,15046,15046,1,1
2022-06-20 15:00:14.857,15044,15046,15046,1,1
2022-06-20 15:00:14.857,15044,15046,15046,1,1
2022-06-20 15:00:15.724,15044,15046,15044,10,-10
2022-06-20 15:00:15.725,15044,15046,15043,1,-1
2022-06-20 15:00:15.726,15044,15046,15043,4,-4
2022-06-20 15:00:15.903,15042,15044,15044,3,3
2022-06-20 15:00:15.926,15042,15044,15044,1,1
2022-06-20 15:00:15.938,15042,15044,15044,1,1
2022-06-20 15:00:16.019,15042,15044,15044,1,1
2022-06-20 15:00:16.032,15042,15044,15044,1,1
2022-06-20 15:00:16.070,15042,15044,15043,2,2
2022-06-20 15:00:16.074,15042,15044,15044,10,10
2022-06-20 15:00:16.100,15042,15044,15043,2,2
2022-06-20 15:00:16.106,15042,15044,15044,2,2
2022-06-20 15:00:16.368,15042,15044,15044,1,1
2022-06-20 15:00:16.372,15042,15044,15044,1,1
2022-06-20 15:00:16.463,15042,15044,15044,1,1
2022-06-20 15:00:16.570,15042,15044,15044,1,1
2022-06-20 15:00:17.083,15042,15044,15044,1,1
2022-06-20 15:00:17.680,15042,15044,15044,1,1
2022-06-20 15:00:18.038,15042,15044,15044,2,2
2022-06-20 15:00:18.039,15042,15044,15044,3,3
2022-06-20 15:00:18.176,15043,15045,15043,3,-3
2022-06-20 15:00:18.490,15043,15045,15045,2,2
2022-06-20 15:00:18.490,15043,15045,15046,3,3
2022-06-20 15:00:18.780,15044,15046,15045,1,1
2022-06-20 15:00:18.921,15043,15045,15046,1,1
2022-06-20 15:00:19.018,15044,15046,15044,2,-2
2022-06-20 15:00:19.225,15044,15046,15045,1,-1
2022-06-20 15:00:19.225,15044,15046,15046,3,3
2022-06-20 15:00:19.273,15044,15046,15045,1,1
2022-06-20 15:00:20.350,15045,15046,15046,1,1
2022-06-20 15:00:20.360,15045,15046,15045,3,-3
2022-06-20 15:00:20.546,15045,15047,15047,1,1
2022-06-20 15:00:20.905,15045,15047,15047,1,1
2022-06-20 15:00:20.972,15045,15047,15046,2,2
2022-06-20 15:00:20.972,15045,15047,15047,3,3
2022-06-20 15:00:21.455,15044,15047,15044,2,-2
2022-06-20 15:00:21.923,15045,15047,15047,1,1
2022-06-20 15:00:22.254,15045,15047,15045,2,-2
2022-06-20 15:00:22.316,15045,15047,15047,2,2
2022-06-20 15:00:22.356,15045,15047,15047,1,1
2022-06-20 15:00:22.558,15045,15047,15047,1,1
2022-06-20 15:00:22.848,15046,15047,15047,1,1
2022-06-20 15:00:22.848,15046,15047,15047,1,1
2022-06-20 15:00:22.963,15046,15048,15046,2,-2
2022-06-20 15:00:23.275,15046,15048,15048,1,1
2022-06-20 15:00:23.466,15046,15049,15046,2,-2
2022-06-20 15:00:23.503,15046,15049,15048,1,1
2022-06-20 15:00:25.039,15047,15048,15048,2,2
2022-06-20 15:00:25.039,15047,15048,15049,8,8
2022-06-20 15:00:25.040,15047,15048,15049,1,1
2022-06-20 15:00:25.119,15048,15050,15049,2,2
2022-06-20 15:00:25.119,15048,15050,15050,14,14
2022-06-20 15:00:25.121,15048,15050,15051,7,7
2022-06-20 15:00:25.121,15048,15050,15052,2,2
2022-06-20 15:00:25.191,15052,15053,15053,2,2
2022-06-20 15:00:25.269,15052,15053,15054,1,1
2022-06-20 15:00:25.277,15052,15053,15054,3,3
2022-06-20 15:00:25.482,15052,15054,15052,2,-2
2022-06-20 15:00:25.524,15052,15054,15051,1,-1
2022-06-20 15:00:25.819,15051,15053,15053,1,1
2022-06-20 15:00:25.823,15051,15053,15053,2,2
2022-06-20 15:00:26.643,15051,15053,15051,2,-2
2022-06-20 15:00:26.643,15051,15053,15050,1,-1
2022-06-20 15:00:26.759,15050,15052,15050,1,-1
2022-06-20 15:00:26.945,15050,15052,15052,1,1
2022-06-20 15:00:26.945,15050,15052,15052,1,1
2022-06-20 15:00:27.104,15050,15052,15052,1,1
2022-06-20 15:00:28.173,15050,15053,15053,2,2
2022-06-20 15:00:29.252,15052,15054,15054,2,2
2022-06-20 15:00:29.252,15052,15054,15054,3,3
2022-06-20 15:00:29.757,15053,15055,15053,1,-1
2022-06-20 15:00:29.814,15053,15055,15054,1,-1
2022-06-20 15:00:29.814,15053,15055,15055,9,9
2022-06-20 15:00:29.955,15053,15055,15054,2,2
2022-06-20 15:00:29.999,15053,15055,15053,1,-1
2022-06-20 15:00:30.675,15053,15055,15053,2,-2
2022-06-20 15:00:30.983,15052,15054,15054,1,1
2022-06-20 15:00:31.066,15052,15053,15053,1,1
2022-06-20 15:00:31.085,15052,15053,15053,1,1
2022-06-20 15:00:31.085,15052,15053,15054,2,2
2022-06-20 15:00:31.086,15052,15053,15054,1,1
2022-06-20 15:00:31.086,15052,15053,15054,1,1
2022-06-20 15:00:31.114,15052,15053,15053,1,1
2022-06-20 15:00:31.218,15052,15054,15054,1,1
2022-06-20 15:00:31.226,15052,15054,15054,1,1
2022-06-20 15:00:31.230,15052,15054,15054,1,1
2022-06-20 15:00:31.234,15052,15054,15054,1,1
2022-06-20 15:00:31.246,15052,15054,15054,1,1
2022-06-20 15:00:31.253,15052,15054,15054,1,1
2022-06-20 15:00:31.909,15052,15055,15055,1,1
2022-06-20 15:00:32.014,15052,15055,15055,1,1
2022-06-20 15:00:32.017,15052,15055,15055,1,1
2022-06-20 15:00:32.037,15052,15055,15055,1,1
2022-06-20 15:00:32.046,15052,15055,15055,1,1
2022-06-20 15:00:32.053,15053,15055,15055,2,2
2022-06-20 15:00:32.478,15052,15054,15054,5,5
2022-06-20 15:00:33.358,15052,15055,15052,1,-1
2022-06-20 15:00:33.389,15052,15055,15054,1,1
2022-06-20 15:00:33.762,15053,15054,15054,3,3
2022-06-20 15:00:33.762,15053,15054,15055,1,1
2022-06-20 15:00:33.960,15054,15056,15054,1,-1
2022-06-20 15:00:34.485,15054,15056,15056,1,1
2022-06-20 15:00:34.564,15054,15056,15056,2,2
2022-06-20 15:00:35.139,15055,15056,15055,1,-1
2022-06-20 15:00:35.266,15055,15056,15055,3,-3
2022-06-20 15:00:35.335,15054,15056,15056,1,1
2022-06-20 15:00:35.596,15054,15056,15054,1,-1
2022-06-20 15:00:35.692,15054,15056,15054,1,-1
2022-06-20 15:00:35.934,15054,15055,15054,1,-1
2022-06-20 15:00:36.041,15054,15055,15053,14,-14
2022-06-20 15:00:36.145,15052,15053,15053,1,1
2022-06-20 15:00:36.157,15052,15053,15053,1,1
2022-06-20 15:00:36.161,15052,15053,15052,1,-1
2022-06-20 15:00:36.164,15052,15053,15053,1,1
2022-06-20 15:00:36.175,15053,15054,15053,2,-2
2022-06-20 15:00:36.186,15053,15054,15053,1,-1
2022-06-20 15:00:36.191,15053,15054,15053,1,-1
2022-06-20 15:00:36.195,15053,15054,15053,1,-1
2022-06-20 15:00:36.201,15053,15054,15054,1,1
2022-06-20 15:00:36.382,15052,15054,15054,1,1
2022-06-20 15:00:36.583,15052,15054,15054,4,4
2022-06-20 15:00:36.754,15053,15055,15055,4,4
2022-06-20 15:00:36.754,15053,15055,15056,1,1
2022-06-20 15:00:36.840,15053,15056,15053,2,-2
2022-06-20 15:00:37.293,15053,15055,15055,1,1
2022-06-20 15:00:37.960,15053,15055,15055,1,1
2022-06-20 15:00:38.519,15053,15055,15053,1,-1
2022-06-20 15:00:38.579,15053,15055,15053,12,-12
2022-06-20 15:00:38.787,15051,15053,15053,2,2
2022-06-20 15:00:39.177,15052,15054,15053,1,1
2022-06-20 15:00:40.100,15051,15053,15053,2,2
2022-06-20 15:00:42.469,15052,15054,15054,1,1
2022-06-20 15:00:42.716,15052,15054,15054,1,1
2022-06-20 15:00:43.164,15052,15054,15054,1,1
2022-06-20 15:00:43.696,15052,15054,15053,1,1
2022-06-20 15:00:44.616,15052,15054,15053,1,1
2022-06-20 15:00:45.532,15052,15053,15052,1,-1
2022-06-20 15:00:46.278,15051,15053,15051,1,-1
2022-06-20 15:00:46.923,15051,15053,15051,1,-1
2022-06-20 15:00:46.926,15051,15053,15051,1,-1
2022-06-20 15:00:47.205,15050,15052,15050,1,-1
2022-06-20 15:00:47.446,15050,15052,15050,8,-8
2022-06-20 15:00:47.677,15048,15050,15050,1,1
2022-06-20 15:00:47.683,15048,15050,15050,1,1
2022-06-20 15:00:47.709,15048,15050,15050,1,1
2022-06-20 15:00:47.713,15048,15050,15050,1,1
2022-06-20 15:00:47.713,15048,15050,15050,1,1
2022-06-20 15:00:47.735,15048,15050,15050,1,1
2022-06-20 15:00:47.736,15048,15050,15050,1,1
2022-06-20 15:00:47.745,15048,15050,15050,1,1
2022-06-20 15:00:47.757,15048,15050,15050,1,1
2022-06-20 15:00:47.758,15048,15050,15050,2,2
2022-06-20 15:00:48.236,15049,15051,15049,1,-1
2022-06-20 15:00:49.002,15049,15050,15049,1,-1
2022-06-20 15:00:49.005,15049,15050,15049,2,-2
2022-06-20 15:00:49.588,15048,15050,15050,1,1
2022-06-20 15:00:51.690,15050,15051,15051,1,1
2022-06-20 15:00:52.006,15050,15052,15050,1,-1
2022-06-20 15:00:52.076,15050,15052,15050,1,-1
2022-06-20 15:00:52.573,15050,15051,15050,5,-5
2022-06-20 15:00:52.946,15049,15051,15051,1,1
2022-06-20 15:00:53.438,15049,15051,15049,5,-5
2022-06-20 15:00:53.633,15048,15050,15050,2,2
2022-06-20 15:00:53.801,15048,15050,15050,5,5
2022-06-20 15:00:55.306,15049,15050,15049,2,-2
2022-06-20 15:00:55.989,15048,15050,15048,1,-1
2022-06-20 15:00:56.389,15049,15050,15050,1,1
2022-06-20 15:00:56.389,15049,15050,15050,1,1
2022-06-20 15:00:56.421,15049,15050,15050,3,3
2022-06-20 15:00:56.445,15050,15051,15051,1,1
2022-06-20 15:00:56.499,15050,15051,15050,1,-1
2022-06-20 15:00:56.783,15050,15051,15050,1,-1
2022-06-20 15:00:56.906,15050,15051,15050,1,-1
2022-06-20 15:00:57.121,15050,15051,15050,3,-3
2022-06-20 15:00:58.821,15049,15050,15050,2,2
2022-06-20 15:00:59.724,15050,15051,15050,4,-4
2022-06-20 15:00:59.834,15050,15051,15051,3,3
2022-06-20 15:00:59.837,15050,15051,15051,2,2
2022-06-20 15:01:00.120,15050,15052,15052,5,5
2022-06-20 15:01:00.128,15050,15052,15052,1,1
2022-06-20 15:01:00.135,15050,15052,15052,1,1
2022-06-20 15:01:00.168,15050,15052,15050,1,-1
2022-06-20 15:01:00.179,15050,15052,15052,1,1
2022-06-20 15:01:00.180,15050,15052,15052,1,1
2022-06-20 15:01:00.180,15050,15052,15052,1,1
2022-06-20 15:01:00.180,15050,15052,15052,1,1
2022-06-20 15:01:00.180,15050,15052,15052,1,1
2022-06-20 15:01:00.197,15050,15052,15053,1,1
2022-06-20 15:01:00.206,15050,15052,15053,3,3
2022-06-20 15:01:00.277,15050,15052,15053,1,1
2022-06-20 15:01:00.375,15051,15053,15052,1,1
2022-06-20 15:01:00.431,15051,15052,15051,3,-3
2022-06-20 15:01:00.451,15051,15052,15051,1,-1
2022-06-20 15:01:00.681,15051,15052,15052,16,16
2022-06-20 15:01:00.799,15051,15053,15051,1,-1
2022-06-20 15:01:02.314,15051,15053,15051,1,-1
2022-06-20 15:01:02.426,15051,15053,15053,1,1
2022-06-20 15:01:02.426,15051,15053,15053,1,1
2022-06-20 15:01:02.426,15051,15053,15053,1,1
2022-06-20 15:01:02.481,15051,15053,15053,2,2
2022-06-20 15:01:02.782,15052,15053,15053,1,1
2022-06-20 15:01:03.849,15052,15053,15053,2,2
2022-06-20 15:01:03.850,15052,15053,15053,4,4
2022-06-20 15:01:03.850,15052,15053,15053,3,3
2022-06-20 15:01:03.850,15052,15053,15053,2,2
2022-06-20 15:01:03.850,15052,15053,15053,1,1
2022-06-20 15:01:03.850,15052,15053,15053,2,2
2022-06-20 15:01:03.850,15052,15053,15053,2,2
2022-06-20 15:01:03.935,15052,15054,15054,1,1
2022-06-20 15:01:04.329,15053,15054,15053,1,-1
2022-06-20 15:01:04.674,15052,15054,15052,1,-1
2022-06-20 15:01:04.846,15052,15054,15052,1,-1
2022-06-20 15:01:05.162,15052,15054,15052,4,-4
2022-06-20 15:01:05.162,15052,15054,15051,1,-1
2022-06-20 15:01:05.279,15052,15053,15053,1,1
2022-06-20 15:01:07.193,15052,15054,15052,2,-2
2022-06-20 15:01:07.492,15051,15052,15052,3,3
2022-06-20 15:01:07.912,15051,15053,15051,1,-1
2022-06-20 15:01:08.030,15051,15053,15051,1,-1
2022-06-20 15:01:08.051,15050,15052,15052,1,1
2022-06-20 15:01:08.051,15050,15052,15052,1,1
2022-06-20 15:01:08.051,15050,15052,15052,1,1
2022-06-20 15:01:08.051,15050,15052,15052,1,1
2022-06-20 15:01:08.051,15050,15052,15052,1,1
2022-06-20 15:01:08.329,15050,15053,15052,1,1
2022-06-20 15:01:08.336,15050,15053,15052,2,2
2022-06-20 15:01:09.047,15051,15052,15051,1,-1
2022-06-20 15:01:09.602,15050,15052,15050,4,-4
2022-06-20 15:01:09.602,15050,15052,15050,2,-2
2022-06-20 15:01:09.603,15050,15052,15050,31,-31
2022-06-20 15:01:09.604,15050,15052,15050,1,-1
2022-06-20 15:01:09.604,15050,15052,15050,4,-4
2022-06-20 15:01:09.604,15050,15052,15050,1,-1
2022-06-20 15:01:09.604,15050,15052,15050,3,-3
2022-06-20 15:01:09.905,15049,15050,15050,2,2
2022-06-20 15:01:09.905,15049,15050,15050,1,1
2022-06-20 15:01:09.905,15049,15050,15051,1,1
2022-06-20 15:01:09.978,15049,15051,15049,1,-1
2022-06-20 15:01:10.291,15048,15050,15050,1,1
2022-06-20 15:01:10.337,15049,15050,15049,1,-1
2022-06-20 15:01:10.337,15049,15050,15048,1,-1
2022-06-20 15:01:13.206,15048,15049,15048,1,-1
2022-06-20 15:01:13.940,15048,15049,15048,1,-1
2022-06-20 15:01:14.507,15048,15049,15049,2,2
2022-06-20 15:01:14.507,15048,15049,15050,3,3
2022-06-20 15:01:15.853,15048,15049,15048,4,-4
2022-06-20 15:01:21.139,15048,15049,15049,1,1
2022-06-20 15:01:21.443,15048,15049,15049,1,1
2022-06-20 15:01:21.527,15048,15049,15049,1,1
2022-06-20 15:01:22.983,15048,15050,15048,1,-1
2022-06-20 15:01:23.051,15048,15050,15050,1,1
2022-06-20 15:01:23.051,15048,15050,15050,1,1
2022-06-20 15:01:23.424,15048,15049,15049,1,1
2022-06-20 15:01:26.001,15047,15049,15049,1,1
2022-06-20 15:01:26.275,15049,15050,15049,1,-1
2022-06-20 15:01:26.452,15049,15050,15050,2,2
2022-06-20 15:01:26.452,15049,15050,15050,1,1
2022-06-20 15:01:26.663,15049,15050,15050,1,1
2022-06-20 15:01:26.744,15049,15050,15049,2,-2
2022-06-20 15:01:28.091,15049,15050,15050,6,6
2022-06-20 15:01:28.092,15049,15050,15050,2,2
2022-06-20 15:01:28.092,15049,15050,15050,1,1
2022-06-20 15:01:29.796,15050,15051,15051,1,1
2022-06-20 15:01:29.796,15050,15051,15051,2,2
2022-06-20 15:01:31.017,15050,15052,15050,1,-1
2022-06-20 15:01:33.126,15050,15051,15051,1,1
2022-06-20 15:01:33.867,15050,15051,15051,1,1
2022-06-20 15:01:35.219,15050,15052,15052,1,1
2022-06-20 15:01:39.063,15050,15052,15050,1,-1
2022-06-20 15:01:41.449,15050,15051,15051,1,1
2022-06-20 15:01:41.484,15050,15051,15052,3,3
2022-06-20 15:01:41.701,15051,15052,15052,1,1
2022-06-20 15:01:41.702,15051,15052,15052,3,3
2022-06-20 15:01:46.162,15051,15053,15053,6,6
2022-06-20 15:01:46.162,15051,15053,15053,1,1
2022-06-20 15:01:46.197,15052,15054,15054,5,5
2022-06-20 15:01:46.198,15052,15054,15054,1,1
2022-06-20 15:01:46.289,15052,15054,15055,16,16
2022-06-20 15:01:46.290,15052,15054,15055,4,4
2022-06-20 15:01:46.292,15052,15054,15056,5,5
2022-06-20 15:01:46.617,15055,15056,15055,2,-2
2022-06-20 15:01:46.617,15055,15056,15054,1,-1
2022-06-20 15:01:46.721,15054,15056,15054,7,-7
2022-06-20 15:01:46.721,15054,15056,15053,3,-3
2022-06-20 15:01:47.393,15053,15055,15053,1,-1
2022-06-20 15:01:47.409,15053,15055,15053,1,-1
2022-06-20 15:01:47.541,15052,15054,15054,1,1
2022-06-20 15:01:47.550,15052,15054,15054,1,1
2022-06-20 15:01:47.557,15052,15054,15054,1,1
2022-06-20 15:01:47.629,15052,15054,15054,1,1
2022-06-20 15:01:47.634,15052,15054,15054,1,1
2022-06-20 15:01:47.637,15052,15054,15054,1,1
2022-06-20 15:01:47.641,15052,15054,15052,1,-1
2022-06-20 15:01:47.641,15052,15054,15054,1,1
2022-06-20 15:01:47.645,15052,15054,15054,1,1
2022-06-20 15:01:48.271,15053,15055,15055,2,2
2022-06-20 15:01:48.273,15053,15055,15055,1,1
2022-06-20 15:01:51.005,15054,15056,15056,1,1
2022-06-20 15:01:51.148,15054,15056,15054,2,-2
2022-06-20 15:01:51.738,15053,15055,15055,1,1
2022-06-20 15:01:51.931,15053,15055,15053,1,-1
2022-06-20 15:01:52.166,15053,15055,15055,1,1
2022-06-20 15:01:53.129,15053,15055,15055,1,1
2022-06-20 15:01:53.607,15053,15055,15055,1,1
2022-06-20 15:01:55.735,15054,15055,15055,1,1
2022-06-20 15:01:55.735,15054,15055,15055,4,4
2022-06-20 15:01:55.983,15055,15056,15056,1,1
2022-06-20 15:01:56.146,15055,15056,15055,2,-2
2022-06-20 15:01:56.211,15055,15056,15056,2,2
2022-06-20 15:01:56.211,15055,15056,15056,5,5
2022-06-20 15:01:56.213,15055,15056,15057,1,1
2022-06-20 15:01:56.214,15055,15056,15057,2,2
2022-06-20 15:01:56.320,15056,15058,15058,1,1
2022-06-20 15:01:56.432,15056,15058,15058,2,2
2022-06-20 15:01:56.663,15057,15058,15058,1,1
2022-06-20 15:01:56.782,15057,15058,15057,1,-1
2022-06-20 15:01:57.130,15057,15058,15058,1,1
2022-06-20 15:01:57.356,15057,15058,15058,1,1
2022-06-20 15:01:57.430,15057,15058,15058,3,3
2022-06-20 15:01:58.007,15058,15059,15058,1,-1
2022-06-20 15:01:58.007,15058,15059,15057,2,-2
2022-06-20 15:01:59.080,15058,15059,15058,1,-1
2022-06-20 15:01:59.319,15058,15059,15059,2,2
2022-06-20 15:01:59.368,15058,15059,15059,1,1
2022-06-20 15:01:59.407,15058,15059,15059,1,1
2022-06-20 15:01:59.407,15058,15059,15059,12,12
2022-06-20 15:02:00.132,15059,15060,15059,1,-1
2022-06-20 15:02:00.176,15058,15060,15060,1,1
2022-06-20 15:02:00.177,15058,15060,15060,1,1
2022-06-20 15:02:00.177,15058,15060,15060,1,1
2022-06-20 15:02:00.198,15058,15060,15060,3,3
2022-06-20 15:02:00.203,15058,15060,15060,6,6
2022-06-20 15:02:00.249,15058,15060,15060,1,1
2022-06-20 15:02:00.299,15059,15060,15060,3,3
2022-06-20 15:02:00.300,15059,15060,15060,5,5
2022-06-20 15:02:00.300,15059,15060,15061,7,7
2022-06-20 15:02:00.300,15059,15060,15062,3,3
2022-06-20 15:02:00.320,15059,15060,15060,2,2
2022-06-20 15:02:00.337,15059,15060,15062,1,1
2022-06-20 15:02:00.431,15060,15062,15062,1,1
2022-06-20 15:02:00.452,15060,15062,15061,1,1
2022-06-20 15:02:00.469,15060,15062,15061,1,1
2022-06-20 15:02:00.479,15060,15062,15062,1,1
2022-06-20 15:02:00.580,15060,15062,15062,1,1
2022-06-20 15:02:00.587,15060,15062,15062,1,1
2022-06-20 15:02:00.602,15060,15062,15062,1,1
2022-06-20 15:02:00.633,15060,15062,15062,1,1
2022-06-20 15:02:00.838,15060,15062,15062,1,1
2022-06-20 15:02:00.904,15060,15062,15062,2,2
2022-06-20 15:02:01.025,15060,15062,15062,2,2
2022-06-20 15:02:01.331,15061,15063,15063,5,5
2022-06-20 15:02:01.585,15060,15062,15060,1,-1
2022-06-20 15:02:01.676,15060,15061,15060,1,-1
2022-06-20 15:02:01.745,15060,15061,15061,1,1
2022-06-20 15:02:01.782,15060,15061,15061,1,1
2022-06-20 15:02:01.812,15060,15061,15061,2,2
2022-06-20 15:02:01.812,15060,15061,15062,2,2
2022-06-20 15:02:01.880,15060,15061,15061,1,1
2022-06-20 15:02:01.915,15060,15061,15061,1,1
2022-06-20 15:02:01.969,15060,15061,15061,1,1
2022-06-20 15:02:02.034,15060,15061,15061,1,1
2022-06-20 15:02:02.066,15060,15062,15062,1,1
2022-06-20 15:02:02.313,15060,15062,15060,2,-2
2022-06-20 15:02:02.380,15060,15062,15062,1,1
2022-06-20 15:02:02.640,15060,15062,15062,1,1
2022-06-20 15:02:02.977,15060,15062,15062,1,1
2022-06-20 15:02:03.744,15061,15062,15061,1,-1
2022-06-20 15:02:04.045,15060,15062,15062,1,1
2022-06-20 15:02:04.139,15060,15062,15062,2,2
2022-06-20 15:02:04.139,15060,15062,15063,7,7
2022-06-20 15:02:04.139,15060,15062,15064,3,3
2022-06-20 15:02:04.278,15062,15063,15062,1,-1
2022-06-20 15:02:05.133,15061,15063,15063,1,1
2022-06-20 15:02:05.240,15061,15063,15062,1,1
2022-06-20 15:02:05.278,15061,15063,15062,1,1
2022-06-20 15:02:05.579,15061,15063,15063,1,1
2022-06-20 15:02:05.641,15061,15063,15063,1,1
2022-06-20 15:02:05.643,15061,15063,15063,1,1
2022-06-20 15:02:05.644,15061,15063,15063,1,1
2022-06-20 15:02:05.645,15061,15063,15063,1,1
2022-06-20 15:02:05.645,15061,15063,15064,1,1
2022-06-20 15:02:05.679,15062,15063,15063,1,1
2022-06-20 15:02:05.781,15062,15063,15063,1,1
2022-06-20 15:02:05.781,15062,15063,15064,1,1
2022-06-20 15:02:05.781,15062,15063,15064,1,1
2022-06-20 15:02:05.782,15062,15063,15064,1,1
2022-06-20 15:02:05.803,15062,15064,15064,1,1
2022-06-20 15:02:06.435,15063,15064,15064,1,1
2022-06-20 15:02:06.789,15063,15064,15064,1,1
2022-06-20 15:02:07.034,15063,15064,15064,1,1
2022-06-20 15:02:07.052,15063,15064,15064,6,6
2022-06-20 15:02:07.155,15063,15064,15064,1,1
2022-06-20 15:02:07.255,15063,15065,15064,1,1
2022-06-20 15:02:07.360,15063,15064,15064,1,1
2022-06-20 15:02:07.443,15063,15064,15064,1,1
2022-06-20 15:02:07.557,15063,15065,15063,5,-5
2022-06-20 15:02:07.658,15063,15065,15063,1,-1
2022-06-20 15:02:07.698,15062,15063,15062,1,-1
2022-06-20 15:02:07.807,15061,15063,15063,1,1
2022-06-20 15:02:07.858,15061,15063,15063,1,1
2022-06-20 15:02:07.986,15061,15063,15063,1,1
2022-06-20 15:02:08.636,15061,15063,15063,1,1
2022-06-20 15:02:08.719,15061,15063,15061,2,-2
2022-06-20 15:02:08.820,15061,15063,15063,1,1
2022-06-20 15:02:09.079,15061,15063,15063,5,5
2022-06-20 15:02:09.211,15062,15063,15062,1,-1
2022-06-20 15:02:10.152,15061,15063,15061,1,-1
2022-06-20 15:02:10.152,15061,15063,15060,2,-2
2022-06-20 15:02:10.502,15061,15062,15062,1,1
2022-06-20 15:02:12.938,15062,15063,15063,2,2
2022-06-20 15:02:13.119,15063,15064,15065,1,1
2022-06-20 15:02:13.295,15063,15065,15065,5,5
2022-06-20 15:02:13.402,15063,15065,15063,1,-1
2022-06-20 15:02:14.212,15063,15064,15063,7,-7
2022-06-20 15:02:14.958,15062,15063,15063,1,1
2022-06-20 15:02:15.501,15062,15064,15062,1,-1
2022-06-20 15:02:15.775,15062,15064,15063,1,-1
2022-06-20 15:02:16.849,15062,15063,15063,4,4
2022-06-20 15:02:17.278,15062,15064,15064,2,2
2022-06-20 15:02:19.151,15062,15063,15062,11,-11
2022-06-20 15:02:19.176,15061,15063,15063,1,1
2022-06-20 15:02:19.176,15061,15063,15063,1,1
2022-06-20 15:02:19.176,15061,15063,15063,1,1
2022-06-20 15:02:19.177,15061,15063,15063,1,1
2022-06-20 15:02:19.179,15061,15063,15063,1,1
2022-06-20 15:02:19.179,15061,15063,15063,1,1
2022-06-20 15:02:19.179,15061,15063,15063,1,1
2022-06-20 15:02:19.180,15061,15063,15063,5,5
2022-06-20 15:02:19.400,15062,15064,15064,1,1
2022-06-20 15:02:19.695,15062,15064,15063,1,1
2022-06-20 15:02:22.610,15062,15063,15062,1,-1
2022-06-20 15:02:23.032,15062,15063,15063,1,1
2022-06-20 15:02:23.332,15062,15063,15063,1,1
2022-06-20 15:02:24.131,15062,15063,15062,1,-1
2022-06-20 15:02:24.669,15062,15064,15064,1,1
2022-06-20 15:02:25.211,15062,15064,15062,2,-2
2022-06-20 15:02:26.843,15061,15063,15062,5,-5
2022-06-20 15:02:27.080,15061,15063,15063,1,1
2022-06-20 15:02:27.176,15062,15063,15063,1,1
2022-06-20 15:02:27.176,15062,15063,15063,1,1
2022-06-20 15:02:27.177,15062,15063,15063,1,1
2022-06-20 15:02:27.177,15062,15063,15063,1,1
2022-06-20 15:02:29.765,15063,15064,15064,2,2
2022-06-20 15:02:31.844,15063,15064,15063,2,-2
2022-06-20 15:02:31.940,15062,15064,15062,5,-5
2022-06-20 15:02:32.293,15061,15063,15061,1,-1
2022-06-20 15:02:33.507,15061,15063,15061,2,-2
2022-06-20 15:02:33.722,15061,15063,15063,4,4
2022-06-20 15:02:35.674,15062,15064,15064,1,1
2022-06-20 15:02:36.307,15062,15063,15062,1,-1
2022-06-20 15:02:36.427,15061,15063,15063,1,1
2022-06-20 15:02:36.610,15061,15063,15063,3,3
2022-06-20 15:02:37.722,15061,15063,15061,5,-5
2022-06-20 15:02:38.405,15060,15062,15060,2,-2
2022-06-20 15:02:39.364,15060,15062,15062,1,1
2022-06-20 15:02:40.215,15061,15063,15061,3,-3
2022-06-20 15:02:40.315,15060,15062,15061,2,-2
2022-06-20 15:02:40.741,15061,15062,15061,2,-2
2022-06-20 15:02:40.817,15060,15062,15060,15,-15
2022-06-20 15:02:43.891,15059,15061,15061,3,3
2022-06-20 15:02:45.249,15059,15061,15059,3,-3
2022-06-20 15:02:45.403,15058,15059,15058,1,-1
2022-06-20 15:02:45.460,15058,15059,15058,1,-1
2022-06-20 15:02:45.465,15058,15059,15059,1,1
2022-06-20 15:02:45.584,15058,15059,15059,1,1
2022-06-20 15:02:46.236,15059,15061,15061,1,1
2022-06-20 15:02:47.229,15060,15061,15059,4,-4
2022-06-20 15:02:47.519,15058,15060,15058,2,-2
2022-06-20 15:02:47.519,15058,15060,15058,5,-5
2022-06-20 15:02:48.047,15057,15058,15057,1,-1
2022-06-20 15:02:48.047,15057,15058,15057,2,-2
2022-06-20 15:02:48.109,15056,15057,15056,1,-1
2022-06-20 15:02:48.678,15056,15057,15056,1,-1
2022-06-20 15:02:49.198,15056,15058,15058,1,1
2022-06-20 15:02:49.613,15056,15058,15055,1,-1
2022-06-20 15:02:50.087,15055,15057,15055,5,-5
2022-06-20 15:02:50.496,15056,15058,15056,1,-1
2022-06-20 15:02:52.253,15056,15058,15056,1,-1
2022-06-20 15:02:52.713,15056,15058,15056,1,-1
2022-06-20 15:02:53.087,15056,15058,15056,2,-2
2022-06-20 15:02:55.169,15058,15060,15060,1,1
2022-06-20 15:02:55.170,15058,15060,15060,2,2
2022-06-20 15:02:57.045,15058,15060,15059,1,1
2022-06-20 15:02:58.932,15059,15060,15060,1,1
2022-06-20 15:02:58.932,15059,15060,15061,5,5
2022-06-20 15:02:59.221,15060,15062,15060,2,-2
2022-06-20 15:02:59.221,15060,15062,15059,3,-3
2022-06-20 15:02:59.307,15059,15061,15059,1,-1
2022-06-20 15:03:00.031,15059,15060,15060,1,1
2022-06-20 15:03:00.053,15059,15060,15060,1,1
2022-06-20 15:03:00.132,15059,15060,15061,3,3
2022-06-20 15:03:00.253,15060,15062,15062,1,1
2022-06-20 15:03:00.258,15060,15062,15062,1,1
2022-06-20 15:03:01.448,15059,15060,15060,1,1
2022-06-20 15:03:01.448,15059,15060,15061,3,3
2022-06-20 15:03:01.455,15059,15060,15059,1,-1
2022-06-20 15:03:03.638,15057,15059,15059,1,1
2022-06-20 15:03:05.243,15057,15058,15058,1,1
2022-06-20 15:03:05.457,15057,15058,15058,1,1
2022-06-20 15:03:06.392,15057,15059,15057,1,-1
2022-06-20 15:03:08.384,15057,15059,15057,1,-1
2022-06-20 15:03:08.425,15057,15058,15057,1,-1
2022-06-20 15:03:09.646,15056,15058,15057,1,-1
2022-06-20 15:03:10.909,15056,15058,15056,1,-1
2022-06-20 15:03:10.910,15056,15058,15056,1,-1
2022-06-20 15:03:10.910,15056,15058,15056,3,-3
2022-06-20 15:03:11.035,15055,15056,15055,2,-2
2022-06-20 15:03:11.035,15055,15056,15054,1,-1
2022-06-20 15:03:11.142,15054,15056,15056,1,1
2022-06-20 15:03:11.535,15054,15056,15056,1,1
2022-06-20 15:03:11.685,15054,15057,15057,2,2
2022-06-20 15:03:12.687,15053,15056,15053,1,-1
2022-06-20 15:03:13.611,15053,15056,15055,1,1
2022-06-20 15:03:15.105,15054,15055,15054,1,-1
2022-06-20 15:03:15.572,15053,15055,15055,1,1
2022-06-20 15:03:15.870,15053,15055,15054,1,1
2022-06-20 15:03:16.270,15054,15055,15054,1,-1
2022-06-20 15:03:16.609,15054,15055,15055,1,1
2022-06-20 15:03:16.730,15054,15056,15054,1,-1
2022-06-20 15:03:16.989,15053,15055,15055,3,3
2022-06-20 15:03:16.989,15053,15055,15056,2,2
2022-06-20 15:03:18.042,15053,15055,15053,1,-1
2022-06-20 15:03:18.130,15053,15055,15053,2,-2
2022-06-20 15:03:18.272,15052,15053,15052,2,-2
2022-06-20 15:03:18.272,15052,15053,15051,1,-1
2022-06-20 15:03:21.731,15052,15053,15052,1,-1
2022-06-20 15:03:22.028,15052,15053,15052,1,-1
2022-06-20 15:03:22.178,15052,15053,15053,1,1
2022-06-20 15:03:22.502,15052,15054,15052,1,-1
2022-06-20 15:03:23.603,15052,15054,15052,4,-4
2022-06-20 15:03:23.620,15052,15054,15054,2,2
2022-06-20 15:03:23.758,15052,15054,15054,2,2
2022-06-20 15:03:24.544,15053,15054,15053,1,-1
2022-06-20 15:03:25.234,15052,15053,15053,1,1
2022-06-20 15:03:25.295,15052,15053,15052,5,-5
2022-06-20 15:03:25.660,15051,15052,15052,1,1
2022-06-20 15:03:27.744,15053,15054,15053,1,-1
2022-06-20 15:03:28.112,15053,15054,15053,1,-1
2022-06-20 15:03:32.445,15053,15054,15053,1,-1
2022-06-20 15:03:39.175,15052,15053,15052,1,-1
2022-06-20 15:03:39.346,15052,15053,15053,1,1
2022-06-20 15:03:40.076,15052,15053,15053,3,3
2022-06-20 15:03:40.078,15052,15053,15053,1,1
2022-06-20 15:03:40.176,15053,15054,15054,1,1
2022-06-20 15:03:40.487,15053,15054,15054,2,2
2022-06-20 15:03:40.488,15053,15054,15054,1,1
2022-06-20 15:03:40.488,15053,15054,15054,7,7
2022-06-20 15:03:40.490,15053,15054,15054,1,1
2022-06-20 15:03:42.182,15053,15054,15053,1,-1
2022-06-20 15:03:42.626,15053,15054,15053,1,-1
2022-06-20 15:03:43.050,15053,15054,15054,1,1
2022-06-20 15:03:43.909,15054,15055,15054,1,-1
2022-06-20 15:03:44.276,15053,15055,15053,4,-4
2022-06-20 15:03:44.276,15053,15055,15052,1,-1
2022-06-20 15:03:44.665,15052,15054,15053,1,-1
2022-06-20 15:03:45.541,15052,15054,15053,1,-1
2022-06-20 15:03:45.875,15052,15053,15052,13,-13
2022-06-20 15:03:46.380,15051,15053,15053,1,1
2022-06-20 15:03:47.406,15051,15053,15051,1,-1
2022-06-20 15:03:48.330,15051,15052,15051,1,-1
2022-06-20 15:03:48.330,15051,15052,15051,1,-1
2022-06-20 15:03:48.330,15051,15052,15051,4,-4
2022-06-20 15:03:48.330,15051,15052,15051,2,-2
2022-06-20 15:03:48.330,15051,15052,15051,1,-1
2022-06-20 15:03:48.330,15051,15052,15051,1,-1
2022-06-20 15:03:48.330,15051,15052,15051,2,-2
2022-06-20 15:03:48.331,15051,15052,15051,1,-1
2022-06-20 15:03:48.431,15050,15051,15051,1,1
2022-06-20 15:03:48.889,15050,15051,15050,4,-4
2022-06-20 15:03:48.956,15050,15051,15051,1,1
2022-06-20 15:03:48.956,15050,15051,15051,1,1
2022-06-20 15:03:50.286,15050,15052,15050,1,-1
2022-06-20 15:03:50.286,15050,15052,15050,1,-1
2022-06-20 15:03:50.288,15050,15052,15050,8,-8
2022-06-20 15:03:51.120,15050,15051,15050,1,-1
2022-06-20 15:03:53.752,15049,15051,15049,2,-2
2022-06-20 15:03:54.365,15049,15050,15049,1,-1
2022-06-20 15:03:54.934,15048,15050,15050,1,1
2022-06-20 15:03:55.233,15048,15050,15048,1,-1
2022-06-20 15:03:55.304,15048,15050,15048,1,-1
2022-06-20 15:03:55.966,15048,15050,15050,1,1
2022-06-20 15:03:56.861,15049,15050,15049,1,-1
2022-06-20 15:03:56.923,15048,15049,15049,1,1
2022-06-20 15:03:59.659,15048,15050,15050,1,1
2022-06-20 15:03:59.720,15048,15050,15048,1,-1
2022-06-20 15:03:59.738,15048,15050,15050,1,1
2022-06-20 15:03:59.988,15048,15050,15050,1,1
2022-06-20 15:04:01.459,15049,15050,15050,3,3
2022-06-20 15:04:01.491,15049,15050,15051,3,3
2022-06-20 15:04:01.491,15049,15050,15052,2,2
2022-06-20 15:04:01.825,15050,15053,15050,3,-3
2022-06-20 15:04:01.837,15050,15053,15050,3,-3
2022-06-20 15:04:01.868,15050,15053,15051,1,-1
2022-06-20 15:04:02.257,15051,15053,15051,2,-2
2022-06-20 15:04:03.367,15050,15051,15050,1,-1
2022-06-20 15:04:05.220,15050,15051,15050,1,-1
2022-06-20 15:04:05.256,15050,15051,15049,1,-1
2022-06-20 15:04:05.729,15049,15050,15050,1,1
2022-06-20 15:04:06.016,15049,15050,15049,4,-4
2022-06-20 15:04:06.017,15049,15050,15049,1,-1
2022-06-20 15:04:07.900,15048,15049,15049,1,1
2022-06-20 15:04:09.921,15049,15051,15049,1,-1
2022-06-20 15:04:10.590,15048,15050,15050,1,1
2022-06-20 15:04:10.841,15048,15051,15048,2,-2
2022-06-20 15:04:11.420,15048,15050,15050,3,3
2022-06-20 15:04:16.045,15050,15051,15050,1,-1
2022-06-20 15:04:16.045,15050,15051,15049,1,-1
2022-06-20 15:04:24.592,15050,15051,15050,1,-1
2022-06-20 15:04:27.625,15050,15051,15051,2,2
2022-06-20 15:04:27.714,15050,15051,15050,1,-1
2022-06-20 15:04:28.086,15049,15050,15049,2,-2
2022-06-20 15:04:28.391,15048,15050,15050,1,1
2022-06-20 15:04:28.634,15048,15050,15050,1,1
2022-06-20 15:04:29.460,15048,15050,15050,1,1
2022-06-20 15:04:30.760,15049,15050,15050,1,1
2022-06-20 15:04:30.760,15049,15050,15051,4,4
2022-06-20 15:04:31.973,15050,15051,15050,1,-1
2022-06-20 15:04:34.308,15049,15051,15051,1,1
2022-06-20 15:04:39.294,15050,15052,15051,3,3
2022-06-20 15:04:41.658,15050,15052,15052,1,1
2022-06-20 15:04:42.129,15050,15052,15051,1,1
2022-06-20 15:04:42.503,15050,15051,15050,1,-1
2022-06-20 15:04:46.277,15049,15051,15049,2,-2
2022-06-20 15:04:46.279,15049,15051,15048,1,-1
2022-06-20 15:04:48.479,15048,15050,15048,1,-1
2022-06-20 15:04:49.182,15048,15050,15048,3,-3
2022-06-20 15:04:49.182,15048,15050,15048,5,-5
2022-06-20 15:04:49.182,15048,15050,15048,4,-4
2022-06-20 15:04:49.183,15048,15050,15048,1,-1
2022-06-20 15:04:50.806,15047,15049,15049,1,1
2022-06-20 15:04:59.753,15047,15049,15049,1,1
2022-06-20 15:04:59.914,15047,15049,15049,3,3
2022-06-20 15:05:00.209,15047,15049,15047,3,-3
2022-06-20 15:05:00.303,15046,15048,15048,1,1
2022-06-20 15:05:00.454,15046,15048,15048,3,3
2022-06-20 15:05:00.982,15046,15048,15046,1,-1
2022-06-20 15:05:01.061,15046,15048,15046,1,-1
2022-06-20 15:05:01.176,15046,15048,15048,1,1
2022-06-20 15:05:01.177,15046,15048,15048,1,1
2022-06-20 15:05:01.424,15046,15048,15048,1,1
2022-06-20 15:05:01.550,15047,15048,15047,1,-1
2022-06-20 15:05:01.792,15046,15048,15048,2,2
2022-06-20 15:05:03.059,15046,15048,15046,2,-2
2022-06-20 15:05:03.114,15046,15048,15045,2,-2
2022-06-20 15:05:03.114,15046,15048,15045,3,-3
2022-06-20 15:05:03.115,15046,15048,15045,1,-1
2022-06-20 15:05:03.223,15044,15045,15044,1,-1
2022-06-20 15:05:03.319,15044,15045,15044,1,-1
2022-06-20 15:05:04.288,15044,15045,15045,1,1
2022-06-20 15:05:04.288,15044,15045,15046,5,5
2022-06-20 15:05:04.288,15044,15045,15047,1,1
2022-06-20 15:05:04.296,15044,15045,15045,1,1
2022-06-20 15:05:04.296,15044,15045,15044,1,-1
2022-06-20 15:05:04.444,15044,15045,15044,2,-2
2022-06-20 15:05:04.580,15044,15045,15044,1,-1
2022-06-20 15:05:04.580,15044,15045,15043,1,-1
2022-06-20 15:05:04.674,15043,15045,15045,1,1
2022-06-20 15:05:05.164,15043,15044,15043,1,-1
2022-06-20 15:05:05.165,15043,15044,15043,1,-1
2022-06-20 15:05:05.765,15042,15044,15044,3,3
2022-06-20 15:05:05.765,15042,15044,15044,2,2
2022-06-20 15:05:08.686,15044,15046,15044,1,-1
2022-06-20 15:05:09.929,15044,15046,15044,1,-1
2022-06-20 15:05:10.051,15044,15046,15046,1,1
2022-06-20 15:05:10.641,15044,15046,15046,1,1
2022-06-20 15:05:12.931,15044,15045,15044,1,-1
2022-06-20 15:05:15.372,15044,15045,15045,1,1
2022-06-20 15:05:15.372,15044,15045,15045,1,1
2022-06-20 15:05:15.373,15044,15045,15045,3,3
2022-06-20 15:05:15.378,15044,15045,15045,1,1
2022-06-20 15:05:17.397,15044,15046,15044,1,-1
2022-06-20 15:05:17.763,15044,15045,15044,1,-1
2022-06-20 15:05:17.763,15044,15045,15044,1,-1
2022-06-20 15:05:17.763,15044,15045,15044,1,-1
2022-06-20 15:05:17.763,15044,15045,15044,2,-2
2022-06-20 15:05:17.763,15044,15045,15044,3,-3
2022-06-20 15:05:19.248,15043,15045,15044,3,-3
2022-06-20 15:05:20.550,15043,15044,15044,4,4
2022-06-20 15:05:20.725,15044,15045,15044,1,-1
2022-06-20 15:05:20.725,15044,15045,15043,3,-3
2022-06-20 15:05:21.411,15043,15044,15043,1,-1
2022-06-20 15:05:22.103,15043,15044,15043,2,-2
2022-06-20 15:05:22.410,15042,15043,15042,1,-1
2022-06-20 15:05:22.658,15042,15043,15043,1,1
2022-06-20 15:05:23.465,15042,15043,15042,1,-1
2022-06-20 15:05:23.813,15042,15043,15043,1,1
2022-06-20 15:05:23.975,15042,15043,15043,1,1
2022-06-20 15:05:24.146,15042,15043,15042,1,-1
2022-06-20 15:05:24.930,15042,15043,15042,1,-1
2022-06-20 15:05:25.145,15042,15043,15043,1,1
2022-06-20 15:05:25.831,15043,15044,15044,1,1
2022-06-20 15:05:26.568,15043,15045,15043,5,-5
2022-06-20 15:05:27.720,15044,15045,15045,1,1
2022-06-20 15:05:27.922,15044,15046,15044,1,-1
2022-06-20 15:05:28.642,15044,15046,15044,2,-2
2022-06-20 15:05:29.436,15044,15046,15046,4,4
2022-06-20 15:05:29.861,15045,15047,15045,1,-1
2022-06-20 15:05:29.988,15045,15047,15047,1,1
2022-06-20 15:05:30.186,15045,15047,15045,1,-1
2022-06-20 15:05:31.780,15045,15047,15045,1,-1
2022-06-20 15:05:32.268,15045,15047,15045,1,-1
2022-06-20 15:05:34.107,15045,15047,15045,2,-2
2022-06-20 15:05:34.107,15045,15047,15044,3,-3
2022-06-20 15:05:37.012,15044,15046,15046,1,1
2022-06-20 15:05:38.473,15045,15046,15045,1,-1
2022-06-20 15:05:38.551,15043,15045,15045,1,1
2022-06-20 15:05:39.782,15044,15046,15046,1,1
2022-06-20 15:05:40.172,15046,15047,15047,1,1
2022-06-20 15:05:40.173,15046,15047,15047,1,1
2022-06-20 15:05:40.173,15046,15047,15047,7,7
2022-06-20 15:05:41.476,15047,15049,15049,5,5
2022-06-20 15:05:41.476,15047,15049,15050,7,7
2022-06-20 15:05:41.609,15048,15050,15050,1,1
2022-06-20 15:05:43.174,15049,15050,15049,1,-1
2022-06-20 15:05:46.828,15047,15048,15047,1,-1
2022-06-20 15:05:55.093,15044,15046,15044,1,-1
2022-06-20 15:05:55.094,15044,15046,15044,3,-3
2022-06-20 15:05:55.417,15043,15044,15043,1,-1
2022-06-20 15:05:55.500,15043,15044,15043,2,-2
2022-06-20 15:05:56.896,15042,15044,15043,1,-1
2022-06-20 15:06:00.183,15043,15044,15043,1,-1
2022-06-20 15:06:03.012,15043,15044,15044,1,1
2022-06-20 15:06:03.825,15043,15045,15043,1,-1
2022-06-20 15:06:04.427,15043,15044,15044,1,1
2022-06-20 15:06:04.485,15043,15044,15045,1,1
2022-06-20 15:06:04.721,15044,15045,15045,1,1
2022-06-20 15:06:04.844,15044,15046,15046,3,3
2022-06-20 15:06:04.927,15044,15046,15046,1,1
2022-06-20 15:06:04.930,15044,15046,15046,1,1
2022-06-20 15:06:04.933,15044,15046,15045,2,2
2022-06-20 15:06:07.013,15044,15046,15044,1,-1
2022-06-20 15:06:07.339,15043,15045,15045,1,1
2022-06-20 15:06:07.373,15043,15045,15043,1,-1
2022-06-20 15:06:09.719,15043,15044,15043,1,-1
2022-06-20 15:06:10.572,15043,15044,15044,1,1
2022-06-20 15:06:12.533,15046,15047,15046,1,-1
2022-06-20 15:06:13.112,15045,15047,15047,2,2
2022-06-20 15:06:14.575,15045,15047,15045,1,-1
2022-06-20 15:06:16.009,15046,15047,15046,1,-1
2022-06-20 15:06:16.735,15046,15047,15047,1,1
2022-06-20 15:06:16.737,15046,15047,15047,1,1
2022-06-20 15:06:16.747,15046,15047,15047,1,1
2022-06-20 15:06:17.115,15046,15047,15046,1,-1
2022-06-20 15:06:17.291,15046,15047,15046,1,-1
2022-06-20 15:06:19.620,15045,15046,15045,1,-1
2022-06-20 15:06:24.697,15044,15046,15046,4,4
2022-06-20 15:06:25.011,15045,15047,15045,1,-1
2022-06-20 15:06:25.076,15045,15047,15045,1,-1
2022-06-20 15:06:25.686,15045,15047,15045,2,-2
2022-06-20 15:06:26.979,15045,15047,15047,1,1
2022-06-20 15:06:27.066,15045,15047,15045,2,-2
2022-06-20 15:06:27.819,15045,15047,15045,1,-1
2022-06-20 15:06:35.621,15044,15045,15044,3,-3
2022-06-20 15:06:35.621,15044,15045,15043,2,-2
2022-06-20 15:06:35.747,15043,15045,15045,1,1
2022-06-20 15:06:36.081,15045,15046,15045,1,-1
2022-06-20 15:06:36.081,15045,15046,15046,2,2
2022-06-20 15:06:36.290,15045,15047,15047,1,1
2022-06-20 15:06:36.293,15045,15047,15047,1,1
2022-06-20 15:06:40.422,15046,15047,15046,2,-2
2022-06-20 15:06:40.422,15046,15047,15045,2,-2
2022-06-20 15:06:42.134,15045,15047,15047,5,5
2022-06-20 15:06:47.587,15045,15046,15045,1,-1
2022-06-20 15:06:50.449,15044,15045,15045,1,1
2022-06-20 15:06:53.028,15043,15044,15043,2,-2
2022-06-20 15:06:53.029,15043,15044,15043,1,-1
2022-06-20 15:06:53.563,15042,15043,15043,1,1
2022-06-20 15:06:53.600,15042,15043,15042,4,-4
2022-06-20 15:06:54.657,15041,15042,15042,1,1
2022-06-20 15:06:55.295,15041,15042,15041,8,-8
2022-06-20 15:06:55.295,15041,15042,15041,3,-3
2022-06-20 15:06:55.629,15040,15041,15040,6,-6
2022-06-20 15:06:55.698,15039,15040,15039,6,-6
2022-06-20 15:06:55.898,15038,15039,15039,1,1
2022-06-20 15:06:55.905,15038,15039,15039,1,1
2022-06-20 15:06:55.909,15038,15039,15039,1,1
2022-06-20 15:06:55.913,15038,15039,15039,1,1
2022-06-20 15:06:56.328,15038,15040,15040,1,1
2022-06-20 15:06:57.553,15038,15040,15038,3,-3
2022-06-20 15:06:57.722,15038,15040,15038,1,-1
2022-06-20 15:06:57.920,15038,15040,15038,1,-1
2022-06-20 15:06:57.976,15038,15040,15040,1,1
2022-06-20 15:06:58.740,15038,15040,15040,1,1
2022-06-20 15:06:59.115,15038,15040,15040,1,1
2022-06-20 15:06:59.648,15038,15039,15040,5,5
2022-06-20 15:06:59.650,15038,15039,15040,14,14
2022-06-20 15:07:00.368,15038,15039,15039,1,1
2022-06-20 15:07:01.162,15038,15039,15038,1,-1
2022-06-20 15:07:01.399,15038,15039,15038,1,-1
2022-06-20 15:07:02.423,15038,15039,15039,2,2
2022-06-20 15:07:02.782,15039,15040,15040,1,1
2022-06-20 15:07:03.210,15040,15041,15040,1,-1
2022-06-20 15:07:03.350,15039,15041,15039,1,-1
2022-06-20 15:07:03.530,15039,15041,15039,1,-1
2022-06-20 15:07:03.977,15038,15040,15038,4,-4
2022-06-20 15:07:05.693,15038,15039,15038,1,-1
2022-06-20 15:07:05.693,15038,15039,15037,1,-1
2022-06-20 15:07:06.256,15037,15039,15037,1,-1
2022-06-20 15:07:06.384,15037,15038,15038,1,1
2022-06-20 15:07:06.557,15037,15038,15038,1,1
2022-06-20 15:07:07.758,15038,15039,15038,1,-1
2022-06-20 15:07:08.038,15038,15039,15038,1,-1
2022-06-20 15:07:09.462,15037,15038,15037,1,-1
2022-06-20 15:07:09.600,15037,15038,15037,4,-4
2022-06-20 15:07:09.726,15036,15037,15036,1,-1
2022-06-20 15:07:09.839,15036,15037,15037,1,1
2022-06-20 15:07:09.839,15036,15037,15037,1,1
2022-06-20 15:07:09.842,15036,15037,15037,1,1
2022-06-20 15:07:09.853,15036,15037,15037,1,1
2022-06-20 15:07:09.856,15036,15037,15037,1,1
2022-06-20 15:07:09.858,15036,15037,15037,1,1
2022-06-20 15:07:10.370,15037,15038,15037,1,-1
2022-06-20 15:07:10.537,15036,15038,15038,1,1
2022-06-20 15:07:10.858,15037,15039,15037,1,-1
2022-06-20 15:07:12.512,15037,15039,15038,4,-4
2022-06-20 15:07:13.448,15036,15038,15036,1,-1
2022-06-20 15:07:13.852,15037,15038,15037,1,-1
2022-06-20 15:07:14.682,15036,15037,15037,1,1
2022-06-20 15:07:15.957,15037,15039,15039,1,1
2022-06-20 15:07:17.234,15038,15039,15039,1,1
2022-06-20 15:07:17.234,15038,15039,15039,1,1
2022-06-20 15:07:17.456,15039,15040,15039,1,-1
2022-06-20 15:07:17.567,15039,15040,15040,1,1
2022-06-20 15:07:17.940,15039,15040,15040,2,2
2022-06-20 15:07:17.940,15039,15040,15040,3,3
2022-06-20 15:07:17.940,15039,15040,15040,1,1
2022-06-20 15:07:17.940,15039,15040,15040,4,4
2022-06-20 15:07:18.255,15039,15041,15039,1,-1
2022-06-20 15:07:20.188,15039,15040,15039,1,-1
2022-06-20 15:07:20.668,15038,15040,15038,1,-1
2022-06-20 15:07:21.439,15039,15040,15039,1,-1
2022-06-20 15:07:22.122,15038,15039,15039,1,1
2022-06-20 15:07:24.344,15037,15039,15037,1,-1
2022-06-20 15:07:24.345,15037,15039,15037,1,-1
2022-06-20 15:07:24.683,15037,15038,15037,5,-5
2022-06-20 15:07:25.448,15036,15037,15036,1,-1
2022-06-20 15:07:25.448,15036,15037,15036,3,-3
2022-06-20 15:07:25.448,15036,15037,15036,2,-2
2022-06-20 15:07:25.448,15036,15037,15036,1,-1
2022-06-20 15:07:25.448,15036,15037,15036,5,-5
2022-06-20 15:07:25.449,15036,15037,15036,2,-2
2022-06-20 15:07:25.449,15036,15037,15036,2,-2
2022-06-20 15:07:25.449,15036,15037,15036,2,-2
2022-06-20 15:07:25.449,15036,15037,15036,1,-1
2022-06-20 15:07:25.449,15036,15037,15036,1,-1
2022-06-20 15:07:25.449,15036,15037,15036,1,-1
2022-06-20 15:07:25.449,15036,15037,15036,8,-8
2022-06-20 15:07:25.449,15036,15037,15036,1,-1
2022-06-20 15:07:25.449,15036,15037,15036,4,-4
2022-06-20 15:07:25.449,15036,15037,15036,1,-1
2022-06-20 15:07:25.449,15036,15037,15036,1,-1
2022-06-20 15:07:25.449,15036,15037,15036,1,-1
2022-06-20 15:07:25.450,15036,15037,15036,1,-1
2022-06-20 15:07:25.450,15036,15037,15036,1,-1
2022-06-20 15:07:25.450,15036,15037,15036,1,-1
2022-06-20 15:07:25.450,15036,15037,15036,1,-1
2022-06-20 15:07:25.450,15036,15037,15036,1,-1
2022-06-20 15:07:26.831,15035,15036,15035,5,-5
2022-06-20 15:07:27.202,15034,15036,15036,3,3
2022-06-20 15:07:28.236,15035,15036,15035,1,-1
2022-06-20 15:07:28.841,15034,15035,15034,1,-1
2022-06-20 15:07:30.688,15035,15036,15036,13,13
2022-06-20 15:07:30.784,15035,15036,15036,1,1
2022-06-20 15:07:31.656,15035,15037,15035,1,-1
2022-06-20 15:07:33.554,15034,15035,15035,1,1
2022-06-20 15:07:33.554,15034,15035,15035,1,1
2022-06-20 15:07:33.554,15034,15035,15035,1,1
2022-06-20 15:07:33.554,15034,15035,15035,3,3
2022-06-20 15:07:33.554,15034,15035,15035,4,4
2022-06-20 15:07:33.946,15035,15037,15035,1,-1
2022-06-20 15:07:34.991,15034,15036,15034,1,-1
2022-06-20 15:07:36.099,15034,15035,15034,1,-1
2022-06-20 15:07:36.099,15034,15035,15034,2,-2
2022-06-20 15:07:37.873,15033,15035,15033,3,-3
2022-06-20 15:07:37.998,15032,15034,15034,1,1
2022-06-20 15:07:38.449,15033,15035,15033,1,-1
2022-06-20 15:07:38.864,15033,15035,15035,1,1
2022-06-20 15:07:38.993,15033,15035,15033,2,-2
2022-06-20 15:07:40.681,15033,15034,15034,1,1
2022-06-20 15:07:40.980,15033,15034,15033,1,-1
2022-06-20 15:07:42.076,15033,15034,15034,5,5
2022-06-20 15:07:42.152,15033,15034,15035,2,2
2022-06-20 15:07:42.197,15035,15036,15036,1,1
2022-06-20 15:07:42.201,15035,15036,15036,1,1
2022-06-20 15:07:42.209,15035,15036,15036,1,1
2022-06-20 15:07:42.217,15035,15036,15036,1,1
2022-06-20 15:07:42.223,15035,15036,15036,1,1
2022-06-20 15:07:42.223,15035,15036,15036,1,1
2022-06-20 15:07:42.226,15035,15036,15036,1,1
2022-06-20 15:07:42.227,15035,15036,15036,1,1
2022-06-20 15:07:42.321,15036,15037,15037,1,1
2022-06-20 15:07:42.412,15036,15037,15036,1,-1
2022-06-20 15:07:42.614,15034,15036,15036,1,1
2022-06-20 15:07:43.444,15034,15036,15036,1,1
2022-06-20 15:07:53.839,15034,15035,15035,2,2
2022-06-20 15:07:53.994,15035,15036,15035,1,-1
2022-06-20 15:07:55.674,15035,15036,15035,1,-1
2022-06-20 15:07:55.674,15035,15036,15035,4,-4
2022-06-20 15:07:56.132,15035,15036,15035,1,-1
2022-06-20 15:07:56.228,15034,15035,15035,1,1
2022-06-20 15:08:02.096,15035,15036,15036,1,1
2022-06-20 15:08:02.097,15035,15036,15036,15,15
2022-06-20 15:08:02.156,15035,15036,15037,1,1
2022-06-20 15:08:02.157,15035,15036,15037,5,5
2022-06-20 15:08:02.281,15036,15038,15038,1,1
2022-06-20 15:08:02.285,15036,15038,15038,1,1
2022-06-20 15:08:02.298,15036,15038,15038,1,1
2022-06-20 15:08:02.329,15036,15038,15038,1,1
2022-06-20 15:08:02.587,15036,15038,15036,1,-1
2022-06-20 15:08:08.063,15035,15036,15036,1,1
2022-06-20 15:08:16.314,15035,15037,15035,7,-7
2022-06-20 15:08:16.315,15035,15037,15035,3,-3
2022-06-20 15:08:16.892,15035,15037,15035,1,-1
2022-06-20 15:08:18.561,15036,15037,15036,1,-1
2022-06-20 15:08:20.038,15036,15037,15037,1,1
2022-06-20 15:08:20.192,15037,15038,15037,3,-3
2022-06-20 15:08:20.192,15037,15038,15038,1,1
2022-06-20 15:08:21.174,15037,15039,15038,3,3
2022-06-20 15:08:22.494,15036,15039,15039,2,2
2022-06-20 15:08:24.296,15037,15039,15038,1,1
2022-06-20 15:08:25.662,15037,15039,15039,1,1
2022-06-20 15:08:26.157,15037,15039,15039,4,4
2022-06-20 15:08:26.189,15038,15040,15038,1,-1
2022-06-20 15:08:28.512,15037,15039,15037,1,-1
2022-06-20 15:08:29.283,15036,15037,15036,1,-1
2022-06-20 15:08:29.283,15036,15037,15036,1,-1
2022-06-20 15:08:29.319,15035,15036,15035,2,-2
2022-06-20 15:08:29.506,15034,15036,15034,1,-1
2022-06-20 15:08:31.120,15034,15036,15034,2,-2
2022-06-20 15:08:36.255,15034,15036,15034,2,-2
2022-06-20 15:08:39.475,15035,15036,15035,1,-1
2022-06-20 15:08:39.648,15035,15036,15035,1,-1
2022-06-20 15:08:43.226,15033,15035,15033,1,-1
2022-06-20 15:08:43.258,15033,15035,15033,1,-1
2022-06-20 15:08:44.457,15034,15035,15034,1,-1
2022-06-20 15:08:45.234,15033,15034,15034,2,2
2022-06-20 15:08:48.245,15034,15035,15034,1,-1
2022-06-20 15:08:49.696,15034,15035,15035,1,1
2022-06-20 15:08:50.460,15034,15036,15034,1,-1
2022-06-20 15:08:53.890,15034,15035,15034,3,-3
2022-06-20 15:08:53.890,15034,15035,15033,1,-1
2022-06-20 15:08:59.124,15033,15034,15034,2,2
2022-06-20 15:08:59.866,15033,15034,15033,1,-1
2022-06-20 15:09:00.204,15033,15034,15033,3,-3
2022-06-20 15:09:00.746,15033,15034,15033,4,-4
2022-06-20 15:09:01.006,15032,15033,15033,1,1
2022-06-20 15:09:01.225,15032,15034,15033,1,1
2022-06-20 15:09:01.485,15032,15033,15032,1,-1
2022-06-20 15:09:01.486,15032,15033,15032,3,-3
2022-06-20 15:09:01.486,15032,15033,15032,1,-1
2022-06-20 15:09:01.486,15032,15033,15032,2,-2
2022-06-20 15:09:01.797,15031,15032,15031,5,-5
2022-06-20 15:09:01.797,15031,15032,15031,1,-1
2022-06-20 15:09:01.797,15031,15032,15031,1,-1
2022-06-20 15:09:01.797,15031,15032,15031,4,-4
2022-06-20 15:09:01.797,15031,15032,15031,9,-9
2022-06-20 15:09:01.797,15031,15032,15031,6,-6
2022-06-20 15:09:01.798,15031,15032,15031,4,-4
2022-06-20 15:09:01.798,15031,15032,15031,1,-1
2022-06-20 15:09:02.677,15031,15033,15033,10,10
2022-06-20 15:09:09.504,15031,15032,15031,1,-1
2022-06-20 15:09:10.509,15031,15032,15031,1,-1
2022-06-20 15:09:12.045,15031,15033,15031,7,-7
2022-06-20 15:09:13.258,15032,15033,15033,2,2
2022-06-20 15:09:14.675,15033,15034,15034,1,1
2022-06-20 15:09:14.675,15033,15034,15034,2,2
2022-06-20 15:09:15.554,15032,15034,15033,1,1
2022-06-20 15:09:18.736,15033,15035,15033,2,-2
2022-06-20 15:09:18.831,15032,15034,15034,1,1
2022-06-20 15:09:18.901,15032,15034,15033,1,1
2022-06-20 15:09:19.195,15033,15035,15033,1,-1
2022-06-20 15:09:19.232,15033,15035,15033,1,-1
2022-06-20 15:09:20.438,15032,15034,15034,3,3
2022-06-20 15:09:23.069,15034,15035,15034,1,-1
2022-06-20 15:09:23.420,15034,15035,15035,2,2
2022-06-20 15:09:28.894,15033,15034,15034,1,1
2022-06-20 15:09:28.894,15033,15034,15034,2,2
2022-06-20 15:09:29.455,15034,15036,15034,1,-1
2022-06-20 15:09:32.173,15034,15036,15036,1,1
2022-06-20 15:09:33.817,15034,15035,15035,1,1
2022-06-20 15:09:33.818,15034,15035,15036,5,5
2022-06-20 15:09:34.337,15034,15036,15036,1,1
2022-06-20 15:09:36.139,15035,15036,15035,1,-1
2022-06-20 15:09:36.884,15035,15036,15036,1,1
2022-06-20 15:09:38.031,15035,15037,15035,1,-1
2022-06-20 15:09:38.755,15035,15036,15035,1,-1
2022-06-20 15:09:39.453,15034,15035,15035,2,2
2022-06-20 15:09:40.194,15034,15035,15034,2,-2
2022-06-20 15:09:40.373,15034,15035,15034,1,-1
2022-06-20 15:09:42.109,15034,15035,15035,1,1
2022-06-20 15:09:43.354,15034,15035,15034,1,-1
2022-06-20 15:09:43.723,15033,15034,15033,1,-1
2022-06-20 15:09:46.010,15031,15033,15033,1,1
2022-06-20 15:09:46.010,15031,15033,15034,4,4
2022-06-20 15:09:46.715,15031,15033,15032,3,3
2022-06-20 15:09:47.686,15031,15032,15032,1,1
2022-06-20 15:09:50.109,15031,15033,15031,1,-1
2022-06-20 15:09:50.445,15031,15033,15031,1,-1
2022-06-20 15:09:50.495,15031,15033,15031,3,-3
2022-06-20 15:09:51.188,15031,15033,15031,3,-3
2022-06-20 15:09:52.733,15032,15033,15032,1,-1
2022-06-20 15:09:54.306,15031,15033,15031,2,-2
2022-06-20 15:09:56.650,15030,15032,15030,2,-2
2022-06-20 15:09:56.719,15030,15033,15030,1,-1
2022-06-20 15:09:56.725,15030,15033,15030,1,-1
2022-06-20 15:09:56.725,15030,15033,15030,1,-1
2022-06-20 15:09:57.033,15030,15033,15030,1,-1
2022-06-20 15:09:58.185,15030,15032,15030,1,-1
2022-06-20 15:09:58.935,15030,15033,15030,1,-1
2022-06-20 15:09:59.771,15030,15032,15030,1,-1
2022-06-20 15:10:01.677,15031,15032,15031,1,-1
2022-06-20 15:10:02.647,15030,15031,15030,1,-1
2022-06-20 15:10:04.323,15030,15031,15030,1,-1
2022-06-20 15:10:04.608,15030,15031,15030,10,-10
2022-06-20 15:10:04.608,15030,15031,15030,5,-5
2022-06-20 15:10:04.609,15030,15031,15030,1,-1
2022-06-20 15:10:04.609,15030,15031,15030,1,-1
2022-06-20 15:10:04.753,15030,15031,15030,1,-1
2022-06-20 15:10:04.753,15030,15031,15030,1,-1
2022-06-20 15:10:04.753,15030,15031,15030,8,-8
2022-06-20 15:10:04.753,15030,15031,15030,4,-4
2022-06-20 15:10:04.754,15030,15031,15030,1,-1
2022-06-20 15:10:05.017,15029,15031,15029,1,-1
2022-06-20 15:10:05.119,15029,15031,15029,1,-1
2022-06-20 15:10:05.272,15029,15031,15029,1,-1
2022-06-20 15:10:06.237,15029,15030,15029,1,-1
2022-06-20 15:10:06.641,15029,15030,15030,1,1
2022-06-20 15:10:06.692,15029,15030,15029,1,-1
2022-06-20 15:10:06.898,15029,15030,15029,1,-1
2022-06-20 15:10:06.898,15029,15030,15028,1,-1
2022-06-20 15:10:07.112,15028,15030,15028,1,-1
2022-06-20 15:10:07.176,15028,15030,15028,1,-1
2022-06-20 15:10:10.209,15028,15029,15029,1,1
2022-06-20 15:10:10.769,15029,15030,15029,1,-1
2022-06-20 15:10:12.073,15029,15030,15029,1,-1
2022-06-20 15:10:12.798,15028,15029,15029,1,1
2022-06-20 15:10:18.794,15028,15029,15029,1,1
2022-06-20 15:10:18.795,15028,15029,15029,1,1
2022-06-20 15:10:18.795,15028,15029,15029,1,1
2022-06-20 15:10:18.797,15028,15029,15030,2,2
2022-06-20 15:10:18.798,15028,15029,15030,5,5
2022-06-20 15:10:18.798,15028,15029,15030,1,1
2022-06-20 15:10:18.798,15028,15029,15030,4,4
2022-06-20 15:10:18.857,15029,15031,15032,1,1
2022-06-20 15:10:18.983,15031,15032,15032,1,1
2022-06-20 15:10:18.983,15031,15032,15032,1,1
2022-06-20 15:10:18.985,15031,15032,15032,1,1
2022-06-20 15:10:19.005,15031,15032,15032,1,1
2022-06-20 15:10:19.011,15031,15032,15032,1,1
2022-06-20 15:10:19.278,15031,15033,15033,1,1
2022-06-20 15:10:19.735,15032,15033,15033,1,1
2022-06-20 15:10:20.129,15032,15033,15033,1,1
2022-06-20 15:10:20.129,15032,15033,15033,1,1
2022-06-20 15:10:20.195,15032,15034,15032,1,-1
2022-06-20 15:10:20.353,15032,15034,15032,1,-1
2022-06-20 15:10:22.091,15032,15034,15032,1,-1
2022-06-20 15:10:22.546,15032,15034,15033,1,-1
2022-06-20 15:10:22.777,15034,15035,15034,1,-1
2022-06-20 15:10:22.835,15033,15035,15033,1,-1
2022-06-20 15:10:23.929,15032,15034,15034,1,1
2022-06-20 15:10:26.581,15032,15033,15032,2,-2
2022-06-20 15:10:26.861,15032,15033,15032,1,-1
2022-06-20 15:10:33.566,15031,15033,15031,1,-1
2022-06-20 15:10:34.729,15032,15033,15033,1,1
2022-06-20 15:10:36.249,15033,15034,15033,1,-1
2022-06-20 15:10:36.474,15033,15034,15033,1,-1
2022-06-20 15:10:36.503,15033,15034,15033,1,-1
2022-06-20 15:10:37.103,15032,15033,15033,1,1
2022-06-20 15:10:38.145,15032,15033,15032,2,-2
2022-06-20 15:10:40.877,15032,15033,15033,1,1
2022-06-20 15:10:41.712,15032,15033,15032,2,-2
2022-06-20 15:10:44.119,15031,15032,15032,1,1
2022-06-20 15:10:48.675,15032,15033,15033,1,1
2022-06-20 15:10:50.812,15032,15033,15033,3,3
2022-06-20 15:10:54.958,15032,15034,15032,1,-1
2022-06-20 15:10:55.995,15033,15034,15033,1,-1
2022-06-20 15:10:55.996,15033,15034,15033,1,-1
2022-06-20 15:10:59.633,15032,15033,15033,1,1
2022-06-20 15:11:01.279,15033,15034,15033,1,-1
2022-06-20 15:11:01.528,15033,15034,15034,13,13
2022-06-20 15:11:03.289,15034,15035,15035,1,1
2022-06-20 15:11:03.665,15034,15035,15035,1,1
2022-06-20 15:11:04.017,15034,15035,15034,3,-3
2022-06-20 15:11:04.017,15034,15035,15034,4,-4
2022-06-20 15:11:09.913,15034,15035,15035,2,2
2022-06-20 15:11:13.500,15034,15035,15035,1,1
2022-06-20 15:11:14.778,15034,15035,15034,1,-1
2022-06-20 15:11:14.779,15034,15035,15034,1,-1
2022-06-20 15:11:14.839,15034,15035,15035,38,38
2022-06-20 15:11:14.840,15034,15035,15035,1,1
2022-06-20 15:11:14.840,15034,15035,15035,4,4
2022-06-20 15:11:15.018,15035,15036,15035,1,-1
2022-06-20 15:11:17.878,15035,15036,15035,1,-1
2022-06-20 15:11:19.137,15035,15036,15036,1,1
2022-06-20 15:11:19.137,15035,15036,15036,3,3
2022-06-20 15:11:19.208,15035,15037,15037,1,1
2022-06-20 15:11:19.208,15035,15037,15037,3,3
2022-06-20 15:11:21.200,15037,15038,15038,2,2
2022-06-20 15:11:24.710,15038,15039,15039,1,1
2022-06-20 15:11:24.710,15038,15039,15039,2,2
2022-06-20 15:11:25.215,15039,15040,15039,1,-1
2022-06-20 15:11:25.273,15039,15040,15039,1,-1
2022-06-20 15:11:25.457,15039,15040,15039,1,-1
2022-06-20 15:11:25.796,15039,15040,15040,1,1
2022-06-20 15:11:25.796,15039,15040,15040,4,4
2022-06-20 15:11:26.329,15040,15041,15040,1,-1
2022-06-20 15:11:26.657,15040,15041,15040,1,-1
2022-06-20 15:11:26.868,15039,15040,15039,2,-2
2022-06-20 15:11:30.592,15038,15039,15038,2,-2
2022-06-20 15:11:30.592,15038,15039,15038,1,-1
2022-06-20 15:11:30.593,15038,15039,15038,2,-2
2022-06-20 15:11:31.578,15036,15037,15037,1,1
2022-06-20 15:11:32.273,15036,15037,15037,2,2
2022-06-20 15:11:32.587,15036,15038,15038,1,1
2022-06-20 15:11:33.437,15037,15038,15038,2,2
2022-06-20 15:11:33.941,15037,15038,15038,2,2
2022-06-20 15:11:34.495,15037,15038,15038,1,1
2022-06-20 15:11:34.863,15037,15038,15038,2,2
2022-06-20 15:11:35.221,15037,15038,15038,2,2
2022-06-20 15:11:35.529,15037,15038,15038,1,1
2022-06-20 15:11:35.600,15037,15038,15038,2,2
2022-06-20 15:11:35.961,15037,15038,15038,2,2
2022-06-20 15:11:36.297,15037,15038,15038,2,2
2022-06-20 15:11:36.679,15038,15039,15038,1,-1
2022-06-20 15:11:36.679,15038,15039,15038,1,-1
2022-06-20 15:11:37.045,15037,15038,15038,2,2
2022-06-20 15:11:38.174,15038,15039,15038,2,-2
2022-06-20 15:11:39.639,15037,15039,15036,1,-1
2022-06-20 15:11:39.639,15037,15039,15035,1,-1
2022-06-20 15:11:39.641,15037,15039,15035,2,-2
2022-06-20 15:11:39.930,15035,15037,15037,1,1
2022-06-20 15:11:40.087,15035,15037,15035,1,-1
2022-06-20 15:11:40.141,15035,15037,15035,1,-1
2022-06-20 15:11:40.648,15035,15037,15035,2,-2
2022-06-20 15:11:40.649,15035,15037,15035,2,-2
2022-06-20 15:11:42.363,15035,15037,15037,1,1
2022-06-20 15:11:44.708,15036,15038,15036,3,-3
2022-06-20 15:11:45.439,15036,15038,15036,3,-3
2022-06-20 15:11:45.665,15035,15038,15035,1,-1
2022-06-20 15:11:45.666,15035,15038,15037,1,1
2022-06-20 15:11:45.666,15035,15038,15038,4,4
2022-06-20 15:11:50.027,15036,15038,15038,2,2
2022-06-20 15:11:50.275,15036,15038,15036,2,-2
2022-06-20 15:11:53.843,15036,15037,15036,1,-1
2022-06-20 15:11:55.500,15036,15037,15036,2,-2
2022-06-20 15:12:00.902,15036,15037,15037,2,2
2022-06-20 15:12:01.401,15036,15037,15037,1,1
2022-06-20 15:12:01.547,15037,15038,15037,1,-1
2022-06-20 15:12:02.287,15036,15037,15036,1,-1
2022-06-20 15:12:06.157,15035,15036,15036,3,3
2022-06-20 15:12:08.762,15035,15036,15037,2,2
2022-06-20 15:12:10.214,15036,15037,15037,2,2
2022-06-20 15:12:11.838,15036,15037,15037,1,1
2022-06-20 15:12:13.727,15036,15038,15036,2,-2
2022-06-20 15:12:15.999,15036,15037,15037,1,1
2022-06-20 15:12:16.100,15036,15037,15036,1,-1
2022-06-20 15:12:17.747,15036,15037,15036,1,-1
2022-06-20 15:12:17.747,15036,15037,15036,2,-2
2022-06-20 15:12:20.202,15035,15036,15035,1,-1
2022-06-20 15:12:20.324,15035,15036,15035,1,-1
2022-06-20 15:12:20.348,15035,15036,15035,1,-1
2022-06-20 15:12:20.374,15035,15036,15036,2,2
2022-06-20 15:12:20.516,15034,15036,15035,1,1
2022-06-20 15:12:20.736,15034,15035,15035,2,2
2022-06-20 15:12:20.955,15034,15036,15034,2,-2
2022-06-20 15:12:21.529,15035,15036,15035,2,-2
2022-06-20 15:12:21.734,15035,15036,15036,2,2
2022-06-20 15:12:22.768,15035,15037,15036,2,2
2022-06-20 15:12:25.317,15035,15036,15036,1,1
2022-06-20 15:12:28.539,15035,15036,15036,3,3
2022-06-20 15:12:29.048,15035,15036,15035,1,-1
2022-06-20 15:12:29.211,15035,15036,15036,3,3
2022-06-20 15:12:30.379,15035,15036,15035,1,-1
2022-06-20 15:12:30.754,15033,15035,15033,2,-2
2022-06-20 15:12:31.734,15034,15035,15035,2,2
2022-06-20 15:12:32.032,15034,15035,15035,2,2
2022-06-20 15:12:32.984,15034,15035,15035,1,1
2022-06-20 15:12:32.984,15034,15035,15035,1,1
2022-06-20 15:12:33.681,15034,15035,15035,1,1
2022-06-20 15:12:35.989,15035,15036,15035,1,-1
2022-06-20 15:12:36.783,15034,15036,15034,2,-2
2022-06-20 15:12:37.334,15033,15035,15035,2,2
2022-06-20 15:12:42.137,15035,15036,15035,5,-5
2022-06-20 15:12:42.138,15035,15036,15035,1,-1
2022-06-20 15:12:43.779,15033,15035,15035,1,1
2022-06-20 15:12:45.975,15034,15035,15035,1,1
2022-06-20 15:12:46.313,15035,15036,15035,2,-2
2022-06-20 15:12:48.174,15034,15035,15034,3,-3
2022-06-20 15:12:48.585,15033,15035,15035,1,1
2022-06-20 15:12:49.687,15033,15035,15035,1,1
2022-06-20 15:12:56.789,15034,15035,15035,1,1
2022-06-20 15:12:57.856,15034,15035,15035,12,12
2022-06-20 15:12:57.856,15034,15035,15035,3,3
2022-06-20 15:12:57.856,15034,15035,15035,1,1
2022-06-20 15:12:57.856,15034,15035,15035,1,1
2022-06-20 15:12:57.856,15034,15035,15035,3,3
2022-06-20 15:12:57.856,15034,15035,15035,3,3
2022-06-20 15:12:57.856,15034,15035,15035,1,1
2022-06-20 15:12:57.856,15034,15035,15035,3,3
2022-06-20 15:12:57.856,15034,15035,15035,11,11
2022-06-20 15:13:05.288,15036,15037,15037,2,2
2022-06-20 15:13:05.288,15036,15037,15037,1,1
2022-06-20 15:13:05.327,15037,15038,15038,1,1
2022-06-20 15:13:05.482,15037,15038,15038,1,1
2022-06-20 15:13:10.799,15038,15039,15039,3,3
2022-06-20 15:13:11.751,15038,15040,15040,2,2
2022-06-20 15:13:12.435,15038,15040,15040,1,1
2022-06-20 15:13:14.308,15038,15039,15039,1,1
2022-06-20 15:13:14.403,15038,15039,15038,3,-3
2022-06-20 15:13:16.047,15037,15039,15037,3,-3
2022-06-20 15:13:16.455,15037,15039,15039,3,3
2022-06-20 15:13:17.226,15037,15039,15039,1,1
2022-06-20 15:13:19.992,15039,15040,15040,1,1
2022-06-20 15:13:19.993,15039,15040,15040,1,1
2022-06-20 15:13:22.761,15039,15041,15041,4,4
2022-06-20 15:13:22.762,15039,15041,15041,2,2
2022-06-20 15:13:22.762,15039,15041,15041,2,2
2022-06-20 15:13:22.872,15041,15042,15042,2,2
2022-06-20 15:13:23.769,15041,15042,15042,1,1
2022-06-20 15:13:23.769,15041,15042,15042,2,2
2022-06-20 15:13:23.769,15041,15042,15042,1,1
2022-06-20 15:13:27.968,15040,15042,15042,1,1
2022-06-20 15:13:33.947,15041,15042,15042,1,1
2022-06-20 15:13:34.996,15041,15043,15043,1,1
2022-06-20 15:13:35.738,15041,15043,15043,1,1
2022-06-20 15:13:38.635,15042,15043,15043,1,1
2022-06-20 15:13:40.768,15042,15043,15043,1,1
2022-06-20 15:13:42.552,15042,15043,15042,1,-1
2022-06-20 15:13:42.553,15042,15043,15042,4,-4
2022-06-20 15:13:42.553,15042,15043,15042,1,-1
2022-06-20 15:13:42.553,15042,15043,15042,3,-3
2022-06-20 15:13:42.605,15042,15043,15041,1,-1
2022-06-20 15:13:42.605,15042,15043,15041,3,-3
2022-06-20 15:13:42.735,15040,15041,15040,1,-1
2022-06-20 15:13:42.751,15040,15041,15040,1,-1
2022-06-20 15:13:42.767,15040,15041,15040,1,-1
2022-06-20 15:13:44.073,15040,15042,15042,1,1
2022-06-20 15:13:44.812,15040,15042,15042,4,4
2022-06-20 15:13:51.417,15041,15042,15042,1,1
2022-06-20 15:13:51.513,15042,15043,15042,1,-1
2022-06-20 15:13:51.850,15042,15043,15042,1,-1
2022-06-20 15:13:52.078,15042,15043,15042,2,-2
2022-06-20 15:13:53.568,15042,15043,15043,6,6
2022-06-20 15:13:55.750,15043,15044,15043,1,-1
2022-06-20 15:13:58.011,15042,15044,15044,1,1
2022-06-20 15:13:58.187,15043,15044,15044,1,1
2022-06-20 15:14:00.604,15043,15044,15043,2,-2
2022-06-20 15:14:01.169,15042,15044,15044,1,1
2022-06-20 15:14:02.544,15043,15044,15044,1,1
2022-06-20 15:14:02.707,15042,15044,15044,4,4
2022-06-20 15:14:04.208,15044,15045,15045,9,9
2022-06-20 15:14:04.208,15044,15045,15045,12,12
2022-06-20 15:14:04.312,15045,15046,15046,5,5
2022-06-20 15:14:04.863,15045,15046,15045,1,-1
2022-06-20 15:14:06.384,15045,15046,15045,1,-1
2022-06-20 15:14:07.523,15045,15046,15045,1,-1
2022-06-20 15:14:08.172,15045,15046,15045,15,-15
2022-06-20 15:14:09.725,15043,15045,15045,1,1
2022-06-20 15:14:11.390,15043,15044,15043,1,-1
2022-06-20 15:14:14.613,15043,15045,15043,1,-1
2022-06-20 15:14:16.550,15044,15045,15045,1,1
2022-06-20 15:14:20.171,15044,15046,15046,1,1
2022-06-20 15:14:24.771,15045,15046,15046,4,4
2022-06-20 15:14:24.772,15045,15046,15046,4,4
2022-06-20 15:14:24.772,15045,15046,15046,3,3
2022-06-20 15:14:24.772,15045,15046,15046,1,1
2022-06-20 15:14:26.006,15045,15046,15045,4,-4
2022-06-20 15:14:31.139,15045,15046,15046,2,2
2022-06-20 15:14:33.278,15046,15047,15047,2,2
2022-06-20 15:14:33.384,15047,15048,15047,1,-1
2022-06-20 15:14:35.558,15047,15048,15048,1,1
2022-06-20 15:14:36.004,15047,15048,15047,1,-1
2022-06-20 15:14:37.382,15046,15047,15046,1,-1
2022-06-20 15:14:37.382,15046,15047,15046,1,-1
2022-06-20 15:14:37.382,15046,15047,15046,1,-1
2022-06-20 15:14:37.382,15046,15047,15046,1,-1
2022-06-20 15:14:37.382,15046,15047,15046,1,-1
2022-06-20 15:14:37.383,15046,15047,15046,6,-6
2022-06-20 15:14:37.452,15045,15046,15046,1,1
2022-06-20 15:14:37.554,15045,15046,15046,1,1
2022-06-20 15:14:37.868,15045,15046,15045,10,-10
2022-06-20 15:14:37.879,15045,15046,15044,5,-5
2022-06-20 15:14:38.291,15043,15044,15044,1,1
2022-06-20 15:14:40.375,15044,15045,15045,1,1
2022-06-20 15:14:42.619,15044,15046,15046,1,1
2022-06-20 15:14:46.490,15045,15046,15046,1,1
2022-06-20 15:14:46.812,15045,15046,15045,1,-1
2022-06-20 15:14:51.284,15045,15046,15046,1,1
2022-06-20 15:14:52.206,15046,15047,15047,1,1
2022-06-20 15:14:53.161,15046,15047,15046,2,-2
2022-06-20 15:14:54.913,15046,15047,15046,2,-2
2022-06-20 15:14:57.221,15046,15047,15046,1,-1
2022-06-20 15:14:59.679,15046,15047,15047,1,1
2022-06-20 15:14:59.679,15046,15047,15047,1,1
2022-06-20 15:15:00.462,15047,15048,15048,5,5
2022-06-20 15:15:00.553,15047,15049,15049,1,1
2022-06-20 15:15:00.553,15047,15049,15049,1,1
2022-06-20 15:15:00.554,15047,15049,15049,1,1
2022-06-20 15:15:01.166,15047,15049,15047,2,-2
2022-06-20 15:15:01.335,15047,15049,15048,1,-1
2022-06-20 15:15:01.343,15047,15049,15048,1,-1
2022-06-20 15:15:01.916,15047,15048,15048,1,1
2022-06-20 15:15:03.199,15047,15048,15047,1,-1
2022-06-20 15:15:03.199,15047,15048,15047,6,-6
2022-06-20 15:15:03.199,15047,15048,15047,2,-2
2022-06-20 15:15:03.200,15047,15048,15047,1,-1
2022-06-20 15:15:04.298,15046,15048,15048,1,1
2022-06-20 15:15:04.751,15047,15048,15048,2,2
2022-06-20 15:15:05.793,15047,15048,15048,1,1
2022-06-20 15:15:06.088,15047,15049,15049,2,2
2022-06-20 15:15:06.964,15047,15049,15049,1,1
2022-06-20 15:15:08.759,15048,15049,15049,2,2
2022-06-20 15:15:08.801,15048,15049,15049,1,1
2022-06-20 15:15:08.801,15048,15049,15049,2,2
2022-06-20 15:15:10.535,15048,15050,15050,2,2
2022-06-20 15:15:14.205,15048,15049,15048,2,-2
2022-06-20 15:15:15.016,15046,15048,15046,4,-4
2022-06-20 15:15:15.588,15045,15047,15045,1,-1
2022-06-20 15:15:16.580,15046,15047,15046,1,-1
2022-06-20 15:15:18.099,15047,15048,15047,1,-1
2022-06-20 15:15:19.048,15045,15047,15045,2,-2
2022-06-20 15:15:19.051,15045,15047,15047,1,1
2022-06-20 15:15:22.248,15046,15048,15048,2,2
2022-06-20 15:15:24.172,15047,15049,15049,1,1
2022-06-20 15:15:30.576,15045,15046,15045,2,-2
2022-06-20 15:15:30.989,15044,15046,15044,3,-3
2022-06-20 15:15:31.649,15044,15046,15046,2,2
2022-06-20 15:15:32.474,15045,15047,15047,1,1
2022-06-20 15:15:36.017,15043,15045,15046,1,1
2022-06-20 15:15:37.114,15044,15046,15044,3,-3
2022-06-20 15:15:37.115,15044,15046,15044,1,-1
2022-06-20 15:15:38.204,15044,15046,15046,5,5
2022-06-20 15:15:42.604,15043,15044,15043,2,-2
2022-06-20 15:15:42.604,15043,15044,15043,5,-5
2022-06-20 15:15:42.678,15042,15044,15042,3,-3
2022-06-20 15:15:42.762,15042,15044,15043,1,-1
2022-06-20 15:15:42.847,15042,15044,15042,1,-1
2022-06-20 15:15:50.080,15041,15043,15041,3,-3
2022-06-20 15:15:53.931,15040,15041,15041,1,1
2022-06-20 15:15:54.165,15040,15042,15040,1,-1
2022-06-20 15:15:54.736,15040,15042,15040,1,-1
2022-06-20 15:15:55.649,15040,15042,15040,1,-1
2022-06-20 15:15:55.848,15041,15042,15041,1,-1
2022-06-20 15:15:56.043,15041,15042,15041,1,-1
2022-06-20 15:15:56.043,15041,15042,15041,1,-1
2022-06-20 15:15:56.456,15040,15042,15041,1,-1
2022-06-20 15:15:56.660,15039,15041,15041,1,1
2022-06-20 15:15:56.780,15039,15041,15042,3,3
2022-06-20 15:15:58.764,15041,15042,15041,1,-1
2022-06-20 15:15:58.904,15040,15041,15040,1,-1
2022-06-20 15:15:58.926,15039,15041,15039,3,-3
2022-06-20 15:15:59.379,15039,15040,15039,1,-1
2022-06-20 15:15:59.830,15038,15039,15038,1,-1
2022-06-20 15:16:00.061,15037,15039,15039,1,1
2022-06-20 15:16:00.176,15037,15039,15039,1,1
2022-06-20 15:16:00.177,15037,15039,15039,1,1
2022-06-20 15:16:00.177,15037,15039,15040,1,1
2022-06-20 15:16:00.177,15037,15039,15040,1,1
2022-06-20 15:16:00.177,15037,15039,15040,1,1
2022-06-20 15:16:00.178,15037,15039,15041,1,1
2022-06-20 15:16:00.178,15037,15039,15041,1,1
2022-06-20 15:16:00.180,15037,15039,15041,1,1
2022-06-20 15:16:00.182,15037,15039,15039,1,1
2022-06-20 15:16:00.493,15038,15040,15038,2,-2
2022-06-20 15:16:00.493,15038,15040,15038,1,-1
2022-06-20 15:16:00.798,15038,15040,15038,2,-2
2022-06-20 15:16:01.720,15037,15039,15037,2,-2
2022-06-20 15:16:01.801,15036,15038,15038,1,1
2022-06-20 15:16:02.118,15037,15039,15037,1,-1
2022-06-20 15:16:03.187,15036,15038,15036,1,-1
2022-06-20 15:16:03.746,15036,15038,15036,2,-2
2022-06-20 15:16:04.403,15036,15037,15036,2,-2
2022-06-20 15:16:05.192,15035,15036,15036,1,1
2022-06-20 15:16:05.494,15036,15037,15036,1,-1
2022-06-20 15:16:05.494,15036,15037,15036,1,-1
2022-06-20 15:16:05.840,15035,15037,15035,3,-3
2022-06-20 15:16:06.401,15036,15037,15036,1,-1
2022-06-20 15:16:06.401,15036,15037,15036,2,-2
2022-06-20 15:16:06.708,15035,15036,15035,1,-1
2022-06-20 15:16:06.708,15035,15036,15035,1,-1
2022-06-20 15:16:09.368,15034,15035,15034,1,-1
2022-06-20 15:16:09.426,15034,15035,15035,1,1
2022-06-20 15:16:09.427,15034,15035,15035,1,1
2022-06-20 15:16:09.430,15034,15035,15035,1,1
2022-06-20 15:16:09.480,15034,15035,15035,1,1
2022-06-20 15:16:09.480,15034,15035,15034,2,-2
2022-06-20 15:16:11.138,15034,15036,15034,1,-1
2022-06-20 15:16:12.644,15034,15036,15036,1,1
2022-06-20 15:16:15.663,15035,15036,15035,2,-2
2022-06-20 15:16:16.196,15034,15036,15034,6,-6
2022-06-20 15:16:16.196,15034,15036,15033,6,-6
2022-06-20 15:16:19.475,15033,15035,15035,1,1
2022-06-20 15:16:19.767,15033,15035,15033,1,-1
2022-06-20 15:16:20.113,15033,15035,15033,1,-1
2022-06-20 15:16:20.176,15033,15035,15035,1,1
2022-06-20 15:16:20.177,15033,15035,15035,1,1
2022-06-20 15:16:20.285,15033,15035,15036,1,1
2022-06-20 15:16:24.383,15035,15037,15035,2,-2
2022-06-20 15:16:25.331,15035,15036,15035,3,-3
2022-06-20 15:16:25.331,15035,15036,15034,9,-9
2022-06-20 15:16:26.312,15034,15036,15034,3,-3
2022-06-20 15:16:28.038,15034,15035,15034,1,-1
2022-06-20 15:16:28.051,15034,15035,15035,1,1
2022-06-20 15:16:28.051,15034,15035,15036,1,1
2022-06-20 15:16:28.051,15034,15035,15036,1,1
2022-06-20 15:16:28.051,15034,15035,15036,1,1
2022-06-20 15:16:28.148,15034,15035,15034,1,-1
2022-06-20 15:16:29.023,15034,15036,15034,1,-1
2022-06-20 15:16:29.914,15034,15035,15034,1,-1
2022-06-20 15:16:32.844,15033,15035,15035,1,1
2022-06-20 15:16:34.799,15034,15035,15035,1,1
2022-06-20 15:16:37.915,15034,15035,15034,2,-2
2022-06-20 15:16:38.015,15033,15034,15033,3,-3
2022-06-20 15:16:38.050,15033,15034,15034,1,1
2022-06-20 15:16:38.050,15033,15034,15034,1,1
2022-06-20 15:16:38.051,15033,15034,15034,1,1
2022-06-20 15:16:43.706,15034,15037,15035,3,-3
2022-06-20 15:16:46.768,15036,15038,15036,1,-1
2022-06-20 15:16:46.769,15036,15038,15036,1,-1
2022-06-20 15:16:47.781,15035,15037,15036,1,-1
2022-06-20 15:16:50.833,15035,15036,15035,3,-3
2022-06-20 15:16:51.848,15034,15036,15034,2,-2
2022-06-20 15:16:53.640,15034,15035,15034,4,-4
2022-06-20 15:16:54.201,15033,15034,15033,2,-2
2022-06-20 15:16:55.691,15032,15033,15033,2,2
2022-06-20 15:16:56.095,15032,15033,15032,6,-6
2022-06-20 15:16:56.095,15032,15033,15032,1,-1
2022-06-20 15:16:56.095,15032,15033,15032,2,-2
2022-06-20 15:16:56.095,15032,15033,15032,4,-4
2022-06-20 15:16:56.322,15031,15032,15031,1,-1
2022-06-20 15:16:56.322,15031,15032,15031,3,-3
2022-06-20 15:16:56.322,15031,15032,15031,1,-1
2022-06-20 15:16:56.997,15031,15033,15031,1,-1
2022-06-20 15:16:57.140,15031,15033,15033,1,1
2022-06-20 15:16:57.176,15031,15033,15033,1,1
2022-06-20 15:16:57.296,15031,15033,15031,2,-2
2022-06-20 15:17:01.368,15032,15033,15032,3,-3
2022-06-20 15:17:01.944,15031,15033,15033,1,1
2022-06-20 15:17:03.209,15032,15033,15033,1,1
2022-06-20 15:17:05.778,15032,15033,15033,2,2
2022-06-20 15:17:05.778,15032,15033,15033,1,1
2022-06-20 15:17:06.272,15032,15034,15032,5,-5
2022-06-20 15:17:08.999,15032,15034,15034,1,1
2022-06-20 15:17:09.366,15033,15035,15033,1,-1
2022-06-20 15:17:09.603,15033,15035,15033,1,-1
2022-06-20 15:17:10.777,15033,15034,15033,2,-2
2022-06-20 15:17:11.752,15032,15033,15033,1,1
2022-06-20 15:17:13.858,15032,15033,15033,5,5
2022-06-20 15:17:13.858,15032,15033,15033,2,2
2022-06-20 15:17:18.545,15032,15033,15033,5,5
2022-06-20 15:17:20.093,15032,15033,15033,4,4
2022-06-20 15:17:20.202,15032,15033,15032,5,-5
2022-06-20 15:17:20.359,15032,15033,15032,5,-5
2022-06-20 15:17:21.845,15032,15034,15032,1,-1
2022-06-20 15:17:21.845,15032,15034,15032,2,-2
2022-06-20 15:17:21.845,15032,15034,15032,1,-1
2022-06-20 15:17:21.845,15032,15034,15032,1,-1
2022-06-20 15:17:21.846,15032,15034,15032,5,-5
2022-06-20 15:17:21.846,15032,15034,15032,1,-1
2022-06-20 15:17:21.846,15032,15034,15032,1,-1
2022-06-20 15:17:21.846,15032,15034,15032,2,-2
2022-06-20 15:17:21.846,15032,15034,15032,4,-4
2022-06-20 15:17:21.846,15032,15034,15032,1,-1
2022-06-20 15:17:21.847,15032,15034,15032,1,-1
2022-06-20 15:17:21.847,15032,15034,15032,1,-1
2022-06-20 15:17:21.913,15032,15034,15032,3,-3
2022-06-20 15:17:21.972,15032,15033,15032,1,-1
2022-06-20 15:17:21.972,15032,15033,15032,5,-5
2022-06-20 15:17:21.972,15032,15033,15032,2,-2
2022-06-20 15:17:21.972,15032,15033,15032,1,-1
2022-06-20 15:17:21.972,15032,15033,15032,2,-2
2022-06-20 15:17:21.972,15032,15033,15032,4,-4
2022-06-20 15:17:21.972,15032,15033,15032,1,-1
2022-06-20 15:17:23.391,15031,15032,15031,6,-6
2022-06-20 15:17:23.456,15030,15031,15031,4,4
2022-06-20 15:17:23.456,15030,15031,15032,1,1
2022-06-20 15:17:25.620,15030,15032,15030,5,-5
2022-06-20 15:17:26.665,15030,15031,15030,3,-3
2022-06-20 15:17:30.797,15030,15032,15031,2,-2
2022-06-20 15:17:32.695,15031,15032,15032,1,1
2022-06-20 15:17:32.909,15031,15032,15031,1,-1
2022-06-20 15:17:34.326,15031,15032,15031,2,-2
2022-06-20 15:17:34.327,15031,15032,15031,1,-1
2022-06-20 15:17:34.328,15031,15032,15031,1,-1
2022-06-20 15:17:34.466,15031,15032,15031,1,-1
2022-06-20 15:17:34.466,15031,15032,15031,1,-1
2022-06-20 15:17:35.085,15030,15032,15030,1,-1
2022-06-20 15:17:39.340,15030,15031,15030,1,-1
2022-06-20 15:17:40.058,15030,15031,15031,2,2
2022-06-20 15:17:40.200,15030,15032,15030,3,-3
2022-06-20 15:17:40.347,15030,15032,15030,1,-1
2022-06-20 15:17:40.847,15030,15032,15030,1,-1
2022-06-20 15:17:41.195,15030,15032,15030,1,-1
2022-06-20 15:17:42.084,15030,15031,15031,1,1
2022-06-20 15:17:42.192,15030,15032,15030,1,-1
2022-06-20 15:17:47.887,15030,15031,15030,5,-5
2022-06-20 15:17:48.970,15030,15031,15030,1,-1
2022-06-20 15:17:49.262,15030,15032,15030,1,-1
2022-06-20 15:17:52.041,15030,15032,15030,2,-2
2022-06-20 15:17:52.041,15030,15032,15030,1,-1
2022-06-20 15:17:52.576,15030,15032,15030,5,-5
2022-06-20 15:17:53.587,15030,15032,15030,1,-1
2022-06-20 15:17:55.562,15030,15031,15030,4,-4
2022-06-20 15:17:55.562,15030,15031,15029,1,-1
2022-06-20 15:17:58.180,15029,15030,15029,1,-1
2022-06-20 15:17:58.368,15029,15030,15029,5,-5
2022-06-20 15:17:59.561,15029,15030,15030,1,1
2022-06-20 15:18:00.272,15029,15031,15029,1,-1
2022-06-20 15:18:00.395,15029,15031,15031,2,2
2022-06-20 15:18:00.521,15029,15031,15031,2,2
2022-06-20 15:18:00.562,15029,15031,15031,2,2
2022-06-20 15:18:00.671,15029,15031,15031,1,1
2022-06-20 15:18:05.594,15029,15030,15030,1,1
2022-06-20 15:18:06.323,15029,15031,15029,2,-2
2022-06-20 15:18:06.454,15029,15031,15029,2,-2
2022-06-20 15:18:06.558,15029,15031,15029,2,-2
2022-06-20 15:18:06.827,15029,15030,15029,1,-1
2022-06-20 15:18:08.765,15029,15030,15029,1,-1
2022-06-20 15:18:08.766,15029,15030,15029,3,-3
2022-06-20 15:18:08.830,15028,15029,15028,2,-2
2022-06-20 15:18:09.472,15028,15030,15028,1,-1
2022-06-20 15:18:12.422,15028,15030,15028,1,-1
2022-06-20 15:18:14.697,15029,15030,15029,1,-1
2022-06-20 15:18:14.697,15029,15030,15028,1,-1
2022-06-20 15:18:16.348,15028,15029,15028,1,-1
2022-06-20 15:18:19.187,15028,15029,15028,2,-2
2022-06-20 15:18:19.257,15028,15029,15029,1,1
2022-06-20 15:18:22.614,15028,15029,15029,1,1
2022-06-20 15:18:24.896,15028,15030,15029,3,3
2022-06-20 15:18:25.134,15029,15030,15029,1,-1
2022-06-20 15:18:26.730,15029,15030,15030,1,1
2022-06-20 15:18:26.730,15029,15030,15030,1,1
2022-06-20 15:18:26.734,15029,15030,15031,2,2
2022-06-20 15:18:28.224,15030,15032,15030,4,-4
2022-06-20 15:18:28.524,15030,15032,15030,2,-2
2022-06-20 15:18:29.419,15030,15031,15031,1,1
2022-06-20 15:18:32.762,15030,15031,15030,3,-3
2022-06-20 15:18:35.894,15030,15031,15031,1,1
2022-06-20 15:18:37.108,15030,15031,15031,2,2
2022-06-20 15:18:37.568,15030,15032,15030,5,-5
2022-06-20 15:18:38.258,15031,15032,15031,2,-2
2022-06-20 15:18:39.792,15031,15032,15032,2,2
2022-06-20 15:18:39.792,15031,15032,15032,4,4
2022-06-20 15:18:42.245,15032,15033,15033,1,1
2022-06-20 15:18:42.245,15032,15033,15033,2,2
2022-06-20 15:18:42.245,15032,15033,15033,1,1
2022-06-20 15:18:42.245,15032,15033,15033,1,1
2022-06-20 15:18:42.329,15033,15034,15034,1,1
2022-06-20 15:18:42.329,15033,15034,15034,1,1
2022-06-20 15:18:42.329,15033,15034,15034,4,4
2022-06-20 15:18:44.179,15034,15035,15035,1,1
2022-06-20 15:18:44.179,15034,15035,15035,1,1
2022-06-20 15:18:44.394,15035,15037,15037,1,1
2022-06-20 15:18:44.408,15035,15037,15037,1,1
2022-06-20 15:18:45.585,15036,15037,15037,1,1
2022-06-20 15:18:45.585,15036,15037,15037,1,1
2022-06-20 15:18:46.756,15037,15038,15038,2,2
2022-06-20 15:18:46.867,15038,15040,15038,1,-1
2022-06-20 15:18:46.895,15038,15040,15039,1,-1
2022-06-20 15:18:46.895,15038,15040,15039,1,-1
2022-06-20 15:18:48.067,15038,15040,15038,1,-1
2022-06-20 15:18:48.585,15039,15040,15039,1,-1
2022-06-20 15:18:48.609,15039,15040,15040,1,1
2022-06-20 15:18:48.609,15039,15040,15040,1,1
2022-06-20 15:18:48.609,15039,15040,15040,2,2
2022-06-20 15:18:49.139,15040,15042,15040,1,-1
2022-06-20 15:18:50.673,15041,15042,15041,1,-1
2022-06-20 15:18:51.536,15041,15043,15042,1,-1
2022-06-20 15:18:53.282,15041,15043,15042,1,-1
2022-06-20 15:18:54.433,15042,15043,15042,1,-1
2022-06-20 15:18:58.471,15041,15042,15041,1,-1
2022-06-20 15:18:59.074,15040,15042,15042,1,1
2022-06-20 15:18:59.175,15040,15042,15042,1,1
2022-06-20 15:18:59.795,15041,15042,15042,1,1
2022-06-20 15:18:59.795,15041,15042,15042,3,3
2022-06-20 15:19:00.743,15042,15043,15042,1,-1
2022-06-20 15:19:00.777,15042,15043,15042,1,-1
2022-06-20 15:19:02.610,15042,15043,15042,5,-5
2022-06-20 15:19:03.449,15042,15043,15043,1,1
2022-06-20 15:19:03.449,15042,15043,15043,1,1
2022-06-20 15:19:03.586,15043,15044,15043,1,-1
2022-06-20 15:19:04.163,15043,15044,15043,1,-1
2022-06-20 15:19:04.902,15043,15044,15043,2,-2
2022-06-20 15:19:04.902,15043,15044,15042,1,-1
2022-06-20 15:19:05.340,15042,15043,15043,1,1
2022-06-20 15:19:07.233,15043,15044,15043,1,-1
2022-06-20 15:19:12.142,15042,15043,15042,1,-1
2022-06-20 15:19:12.294,15042,15043,15042,1,-1
2022-06-20 15:19:12.294,15042,15043,15042,1,-1
2022-06-20 15:19:13.945,15041,15042,15041,1,-1
2022-06-20 15:19:14.041,15041,15042,15041,1,-1
2022-06-20 15:19:14.041,15041,15042,15041,1,-1
2022-06-20 15:19:14.041,15041,15042,15041,1,-1
2022-06-20 15:19:14.084,15041,15042,15042,10,10
2022-06-20 15:19:16.739,15041,15042,15041,2,-2
2022-06-20 15:19:17.290,15040,15041,15041,1,1
2022-06-20 15:19:17.858,15040,15041,15041,1,1
2022-06-20 15:19:18.918,15040,15041,15040,1,-1
2022-06-20 15:19:19.498,15040,15041,15040,1,-1
2022-06-20 15:19:21.319,15039,15040,15040,1,1
2022-06-20 15:19:21.917,15040,15041,15040,1,-1
2022-06-20 15:19:23.100,15040,15041,15041,4,4
2022-06-20 15:19:23.101,15040,15041,15041,1,1
2022-06-20 15:19:23.101,15040,15041,15041,1,1
2022-06-20 15:19:25.666,15041,15042,15042,3,3
2022-06-20 15:19:33.713,15042,15043,15043,1,1
2022-06-20 15:19:34.473,15042,15043,15042,2,-2
2022-06-20 15:19:36.721,15041,15043,15043,1,1
2022-06-20 15:19:39.622,15042,15044,15042,1,-1
2022-06-20 15:19:44.623,15042,15043,15042,1,-1
2022-06-20 15:19:44.770,15042,15043,15043,1,1
2022-06-20 15:19:45.856,15042,15043,15042,2,-2
2022-06-20 15:19:45.959,15040,15042,15040,1,-1
2022-06-20 15:19:48.603,15039,15040,15040,1,1
2022-06-20 15:19:49.203,15040,15041,15041,2,2
2022-06-20 15:19:50.930,15041,15042,15042,2,2
2022-06-20 15:19:51.003,15041,15042,15043,1,1
2022-06-20 15:19:51.003,15041,15042,15043,1,1
2022-06-20 15:19:52.037,15043,15044,15043,1,-1
2022-06-20 15:19:52.758,15043,15044,15044,1,1
2022-06-20 15:19:52.842,15043,15044,15044,3,3
2022-06-20 15:19:53.808,15044,15045,15045,2,2
2022-06-20 15:19:55.435,15044,15045,15045,1,1
2022-06-20 15:19:55.435,15044,15045,15045,1,1
2022-06-20 15:19:59.404,15045,15046,15045,1,-1
2022-06-20 15:20:00.804,15045,15046,15045,1,-1
2022-06-20 15:20:01.649,15042,15044,15044,3,3
2022-06-20 15:20:04.331,15044,15045,15045,2,2
2022-06-20 15:20:05.211,15044,15045,15045,1,1
2022-06-20 15:20:05.462,15045,15046,15046,4,4
2022-06-20 15:20:06.683,15046,15047,15046,2,-2
2022-06-20 15:20:07.251,15046,15047,15047,3,3
2022-06-20 15:20:07.338,15046,15048,15048,1,1
2022-06-20 15:20:07.445,15046,15048,15048,1,1
2022-06-20 15:20:07.804,15046,15048,15048,1,1
2022-06-20 15:20:09.114,15046,15048,15048,5,5
2022-06-20 15:20:09.212,15047,15048,15048,1,1
2022-06-20 15:20:12.297,15048,15049,15048,1,-1
2022-06-20 15:20:15.577,15048,15049,15048,1,-1
2022-06-20 15:20:15.593,15048,15049,15048,1,-1
2022-06-20 15:20:18.010,15047,15048,15047,1,-1
2022-06-20 15:20:19.091,15045,15047,15047,1,1
2022-06-20 15:20:19.778,15045,15047,15047,1,1
2022-06-20 15:20:21.179,15046,15048,15048,11,11
2022-06-20 15:20:21.180,15046,15048,15048,20,20
2022-06-20 15:20:21.180,15046,15048,15048,1,1
2022-06-20 15:20:24.060,15048,15049,15048,1,-1
2022-06-20 15:20:24.419,15048,15049,15048,1,-1
2022-06-20 15:20:27.012,15046,15047,15046,3,-3
2022-06-20 15:20:32.732,15048,15049,15048,1,-1
2022-06-20 15:20:33.163,15048,15049,15048,2,-2
2022-06-20 15:20:34.516,15048,15049,15048,3,-3
2022-06-20 15:20:34.750,15048,15049,15048,1,-1
2022-06-20 15:20:35.285,15048,15049,15048,1,-1
2022-06-20 15:20:35.286,15048,15049,15048,1,-1
2022-06-20 15:20:35.287,15048,15049,15048,1,-1
2022-06-20 15:20:35.405,15047,15048,15047,1,-1
2022-06-20 15:20:37.010,15047,15049,15049,1,1
2022-06-20 15:20:41.317,15046,15048,15048,2,2
2022-06-20 15:20:42.455,15046,15048,15048,1,1
2022-06-20 15:20:43.294,15046,15049,15049,1,1
2022-06-20 15:20:43.896,15046,15048,15048,1,1
2022-06-20 15:20:45.365,15046,15049,15046,2,-2
2022-06-20 15:20:46.498,15046,15048,15046,1,-1
2022-06-20 15:20:52.204,15047,15048,15048,1,1
2022-06-20 15:20:52.204,15047,15048,15048,1,1
2022-06-20 15:20:52.539,15048,15049,15048,3,-3
2022-06-20 15:20:53.696,15048,15049,15049,1,1
2022-06-20 15:21:00.102,15046,15048,15048,1,1
2022-06-20 15:21:07.974,15048,15049,15049,1,1
2022-06-20 15:21:07.975,15048,15049,15049,1,1
2022-06-20 15:21:07.975,15048,15049,15049,10,10
2022-06-20 15:21:07.975,15048,15049,15049,2,2
2022-06-20 15:21:08.127,15049,15050,15049,1,-1
2022-06-20 15:21:08.140,15049,15050,15049,3,-3
2022-06-20 15:21:08.336,15049,15050,15050,8,8
2022-06-20 15:21:08.585,15049,15050,15050,1,1
2022-06-20 15:21:08.627,15049,15050,15049,1,-1
2022-06-20 15:21:11.139,15049,15050,15049,2,-2
2022-06-20 15:21:13.390,15048,15049,15049,2,2
2022-06-20 15:21:13.856,15048,15049,15048,2,-2
2022-06-20 15:21:14.615,15047,15048,15048,1,1
2022-06-20 15:21:15.910,15047,15048,15047,3,-3
2022-06-20 15:21:17.630,15046,15048,15046,1,-1
2022-06-20 15:21:27.576,15047,15048,15047,1,-1
2022-06-20 15:21:29.418,15047,15048,15048,4,4
2022-06-20 15:21:29.418,15047,15048,15048,2,2
2022-06-20 15:21:29.418,15047,15048,15048,1,1
2022-06-20 15:21:29.418,15047,15048,15048,1,1
2022-06-20 15:21:29.419,15047,15048,15048,1,1
2022-06-20 15:21:29.535,15047,15048,15048,24,24
2022-06-20 15:21:29.536,15047,15048,15049,1,1
2022-06-20 15:21:29.536,15047,15048,15049,3,3
2022-06-20 15:21:30.389,15048,15049,15048,1,-1
2022-06-20 15:21:31.705,15048,15049,15049,1,1
2022-06-20 15:21:38.304,15047,15049,15047,2,-2
2022-06-20 15:21:40.940,15047,15048,15047,1,-1
2022-06-20 15:21:42.880,15047,15048,15048,1,1
2022-06-20 15:21:42.883,15047,15048,15049,4,4
2022-06-20 15:21:42.883,15047,15048,15049,2,2
2022-06-20 15:21:42.883,15047,15048,15049,4,4
2022-06-20 15:21:42.883,15047,15048,15049,44,44
2022-06-20 15:21:42.885,15047,15048,15050,6,6
2022-06-20 15:21:42.885,15047,15048,15050,1,1
2022-06-20 15:21:42.885,15047,15048,15050,5,5
2022-06-20 15:21:44.377,15050,15051,15051,5,5
2022-06-20 15:21:44.823,15051,15052,15051,1,-1
2022-06-20 15:21:47.973,15051,15052,15051,1,-1
2022-06-20 15:21:56.398,15051,15052,15052,14,14
2022-06-20 15:21:56.399,15051,15052,15053,7,7
2022-06-20 15:21:56.400,15051,15052,15053,1,1
2022-06-20 15:21:56.612,15052,15054,15053,1,1
2022-06-20 15:21:56.624,15052,15054,15054,1,1
2022-06-20 15:21:56.650,15052,15054,15054,1,1
2022-06-20 15:21:56.650,15052,15054,15054,3,3
2022-06-20 15:21:56.650,15052,15054,15054,1,1
2022-06-20 15:21:56.650,15052,15054,15054,14,14
2022-06-20 15:21:56.747,15054,15055,15055,1,1
2022-06-20 15:21:56.747,15054,15055,15055,3,3
2022-06-20 15:21:57.706,15053,15055,15055,2,2
2022-06-20 15:22:02.562,15055,15056,15056,1,1
2022-06-20 15:22:02.742,15055,15056,15056,3,3
2022-06-20 15:22:02.744,15055,15056,15056,3,3
2022-06-20 15:22:02.886,15054,15055,15054,1,-1
2022-06-20 15:22:02.886,15054,15055,15054,1,-1
2022-06-20 15:22:03.036,15053,15055,15055,1,1
2022-06-20 15:22:03.322,15055,15056,15056,1,1
2022-06-20 15:22:03.323,15055,15056,15056,12,12
2022-06-20 15:22:03.862,15056,15057,15057,1,1
2022-06-20 15:22:03.862,15056,15057,15058,1,1
2022-06-20 15:22:03.875,15056,15057,15058,1,1
2022-06-20 15:22:05.240,15055,15057,15057,1,1
2022-06-20 15:22:05.383,15055,15057,15057,2,2
2022-06-20 15:22:06.701,15055,15057,15055,1,-1
2022-06-20 15:22:06.702,15055,15057,15055,5,-5
2022-06-20 15:22:07.117,15054,15056,15056,1,1
2022-06-20 15:22:07.299,15055,15056,15056,5,5
2022-06-20 15:22:07.299,15055,15056,15057,3,3
2022-06-20 15:22:08.909,15055,15056,15055,7,-7
2022-06-20 15:22:08.909,15055,15056,15055,1,-1
2022-06-20 15:22:08.909,15055,15056,15055,5,-5
2022-06-20 15:22:09.009,15053,15055,15055,1,1
2022-06-20 15:22:09.083,15054,15055,15054,1,-1
2022-06-20 15:22:09.083,15054,15055,15053,2,-2
2022-06-20 15:22:09.238,15053,15055,15055,1,1
2022-06-20 15:22:09.274,15053,15055,15054,1,1
2022-06-20 15:22:09.356,15054,15055,15055,1,1
2022-06-20 15:22:09.822,15054,15055,15055,1,1
2022-06-20 15:22:10.530,15053,15055,15055,2,2
2022-06-20 15:22:11.416,15054,15055,15055,1,1
2022-06-20 15:22:11.416,15054,15055,15056,15,15
2022-06-20 15:22:11.483,15055,15057,15055,1,-1
2022-06-20 15:22:12.149,15055,15056,15055,3,-3
2022-06-20 15:22:12.207,15054,15056,15055,1,-1
2022-06-20 15:22:12.284,15054,15056,15054,3,-3
2022-06-20 15:22:12.284,15054,15056,15054,1,-1
2022-06-20 15:22:12.284,15054,15056,15054,1,-1
2022-06-20 15:22:12.284,15054,15056,15054,1,-1
2022-06-20 15:22:12.635,15053,15054,15054,1,1
2022-06-20 15:22:12.636,15053,15054,15055,13,13
2022-06-20 15:22:13.357,15054,15055,15055,1,1
2022-06-20 15:22:13.357,15054,15055,15055,10,10
2022-06-20 15:22:16.642,15053,15055,15055,1,1
2022-06-20 15:22:19.042,15054,15055,15055,1,1
2022-06-20 15:22:19.042,15054,15055,15055,1,1
2022-06-20 15:22:20.086,15055,15056,15056,1,1
2022-06-20 15:22:24.794,15054,15056,15056,1,1
2022-06-20 15:22:26.184,15055,15056,15056,1,1
2022-06-20 15:22:27.160,15056,15057,15056,1,-1
2022-06-20 15:22:32.238,15055,15057,15055,1,-1
2022-06-20 15:22:35.926,15055,15056,15055,6,-6
2022-06-20 15:22:37.784,15054,15055,15054,1,-1
2022-06-20 15:22:38.542,15053,15054,15053,4,-4
2022-06-20 15:22:38.554,15052,15053,15052,1,-1
2022-06-20 15:22:38.701,15051,15053,15051,1,-1
2022-06-20 15:22:40.630,15051,15053,15052,1,-1
2022-06-20 15:22:43.338,15051,15053,15051,7,-7
2022-06-20 15:22:45.910,15050,15051,15050,2,-2
2022-06-20 15:22:47.445,15049,15050,15050,1,1
2022-06-20 15:22:48.196,15049,15050,15050,1,1
2022-06-20 15:22:48.660,15049,15050,15051,1,1
2022-06-20 15:22:50.081,15049,15050,15050,1,1
2022-06-20 15:22:50.925,15049,15050,15049,1,-1
2022-06-20 15:22:50.925,15049,15050,15049,2,-2
2022-06-20 15:22:54.082,15049,15051,15051,1,1
2022-06-20 15:22:54.780,15049,15051,15051,1,1
2022-06-20 15:22:56.953,15049,15050,15049,1,-1
2022-06-20 15:22:57.015,15049,15050,15048,3,-3
2022-06-20 15:22:57.929,15047,15048,15047,2,-2
2022-06-20 15:22:58.214,15046,15047,15046,1,-1
2022-06-20 15:22:59.868,15045,15046,15046,2,2
2022-06-20 15:23:01.291,15046,15047,15047,1,1
2022-06-20 15:23:03.300,15047,15048,15048,1,1
2022-06-20 15:23:03.347,15047,15048,15048,1,1
2022-06-20 15:23:04.539,15047,15048,15048,1,1
2022-06-20 15:23:09.351,15048,15049,15048,2,-2
2022-06-20 15:23:09.351,15048,15049,15048,1,-1
2022-06-20 15:23:10.038,15046,15048,15048,1,1
2022-06-20 15:23:11.478,15045,15047,15046,1,1
2022-06-20 15:23:13.679,15045,15046,15045,1,-1
2022-06-20 15:23:13.679,15045,15046,15045,2,-2
2022-06-20 15:23:14.459,15044,15046,15046,1,1
2022-06-20 15:23:19.328,15045,15046,15045,1,-1
2022-06-20 15:23:20.758,15045,15046,15045,1,-1
2022-06-20 15:23:22.457,15045,15046,15045,2,-2
2022-06-20 15:23:22.694,15044,15045,15045,1,1
2022-06-20 15:23:23.780,15044,15045,15045,2,2
2022-06-20 15:23:23.939,15045,15046,15046,1,1
2022-06-20 15:23:23.939,15045,15046,15046,9,9
2022-06-20 15:23:23.939,15045,15046,15046,1,1
2022-06-20 15:23:23.939,15045,15046,15046,1,1
2022-06-20 15:23:24.744,15046,15047,15046,1,-1
2022-06-20 15:23:27.803,15046,15047,15046,4,-4
2022-06-20 15:23:29.959,15045,15046,15046,1,1
2022-06-20 15:23:30.751,15046,15047,15046,1,-1
2022-06-20 15:23:32.044,15046,15047,15046,3,-3
2022-06-20 15:23:34.413,15044,15045,15045,1,1
2022-06-20 15:23:37.369,15045,15046,15046,1,1
2022-06-20 15:23:37.547,15045,15046,15046,1,1
2022-06-20 15:23:37.746,15045,15047,15047,1,1
2022-06-20 15:23:37.965,15045,15047,15047,1,1
2022-06-20 15:23:38.157,15045,15047,15047,1,1
2022-06-20 15:23:48.786,15046,15047,15046,1,-1
2022-06-20 15:23:48.786,15046,15047,15046,1,-1
2022-06-20 15:23:50.387,15045,15046,15046,1,1
2022-06-20 15:23:51.246,15045,15046,15045,1,-1
2022-06-20 15:23:51.279,15045,15046,15044,1,-1
2022-06-20 15:23:53.028,15043,15044,15044,1,1
2022-06-20 15:23:57.570,15044,15045,15044,3,-3
2022-06-20 15:24:00.213,15044,15045,15045,1,1
2022-06-20 15:24:00.213,15044,15045,15045,1,1
2022-06-20 15:24:00.780,15044,15046,15044,7,-7
2022-06-20 15:24:00.809,15043,15044,15043,1,-1
2022-06-20 15:24:01.244,15043,15044,15044,1,1
2022-06-20 15:24:01.244,15043,15044,15044,5,5
2022-06-20 15:24:01.244,15043,15044,15044,1,1
2022-06-20 15:24:01.244,15043,15044,15044,5,5
2022-06-20 15:24:01.244,15043,15044,15044,1,1
2022-06-20 15:24:02.054,15042,15044,15044,1,1
2022-06-20 15:24:04.580,15042,15043,15042,1,-1
2022-06-20 15:24:08.843,15042,15043,15043,1,1
2022-06-20 15:24:13.272,15042,15044,15042,5,-5
2022-06-20 15:24:22.064,15042,15043,15042,1,-1
2022-06-20 15:24:22.476,15042,15043,15043,1,1
2022-06-20 15:24:25.156,15042,15043,15042,1,-1
2022-06-20 15:24:25.156,15042,15043,15042,1,-1
2022-06-20 15:24:25.726,15041,15042,15041,1,-1
2022-06-20 15:24:25.726,15041,15042,15041,4,-4
2022-06-20 15:24:25.727,15041,15042,15041,1,-1
2022-06-20 15:24:30.806,15042,15043,15042,1,-1
2022-06-20 15:24:36.411,15042,15043,15042,1,-1
2022-06-20 15:24:44.375,15042,15043,15043,2,2
2022-06-20 15:24:44.376,15042,15043,15043,2,2
2022-06-20 15:24:45.502,15042,15043,15042,3,-3
2022-06-20 15:24:47.250,15041,15042,15042,3,3
2022-06-20 15:24:47.250,15041,15042,15043,1,1
2022-06-20 15:24:47.861,15041,15042,15041,8,-8
2022-06-20 15:24:47.862,15041,15042,15041,3,-3
2022-06-20 15:24:47.862,15041,15042,15041,2,-2
2022-06-20 15:24:48.445,15040,15041,15040,12,-12
2022-06-20 15:24:48.764,15038,15040,15040,6,6
2022-06-20 15:24:50.037,15038,15040,15038,2,-2
2022-06-20 15:24:54.284,15038,15039,15039,2,2
2022-06-20 15:24:54.327,15039,15040,15040,1,1
2022-06-20 15:24:55.106,15039,15041,15041,1,1
2022-06-20 15:24:56.219,15040,15041,15040,3,-3
2022-06-20 15:24:56.219,15040,15041,15039,2,-2
2022-06-20 15:24:58.630,15041,15042,15042,2,2
2022-06-20 15:24:58.631,15041,15042,15042,3,3
2022-06-20 15:24:58.838,15041,15043,15042,3,3
2022-06-20 15:25:02.804,15042,15043,15043,1,1
2022-06-20 15:25:03.390,15042,15043,15042,1,-1
2022-06-20 15:25:05.666,15042,15043,15043,1,1
2022-06-20 15:25:09.199,15043,15044,15044,1,1
2022-06-20 15:25:11.572,15044,15045,15045,2,2
2022-06-20 15:25:11.642,15044,15045,15045,2,2
2022-06-20 15:25:11.701,15044,15046,15046,1,1
2022-06-20 15:25:13.493,15044,15045,15044,2,-2
2022-06-20 15:25:14.273,15043,15044,15044,1,1
2022-06-20 15:25:16.974,15043,15044,15043,1,-1
2022-06-20 15:25:16.975,15043,15044,15042,1,-1
2022-06-20 15:25:16.981,15043,15044,15040,2,-2
2022-06-20 15:25:16.981,15043,15044,15040,3,-3
2022-06-20 15:25:17.048,15043,15044,15039,1,-1
2022-06-20 15:25:17.146,15039,15040,15039,2,-2
2022-06-20 15:25:17.425,15038,15039,15039,1,1
2022-06-20 15:25:17.853,15038,15040,15040,1,1
2022-06-20 15:25:18.213,15039,15040,15040,1,1
2022-06-20 15:25:18.438,15039,15040,15040,3,3
2022-06-20 15:25:22.641,15040,15043,15041,2,-2
2022-06-20 15:25:22.641,15040,15043,15040,3,-3
2022-06-20 15:25:25.050,15040,15041,15041,2,2
2022-06-20 15:25:28.794,15041,15042,15041,1,-1
2022-06-20 15:25:29.168,15040,15041,15041,1,1
2022-06-20 15:25:32.172,15040,15041,15041,2,2
2022-06-20 15:25:34.513,15040,15042,15041,1,1
2022-06-20 15:25:35.075,15040,15041,15041,1,1
2022-06-20 15:25:38.071,15040,15041,15040,1,-1
2022-06-20 15:25:38.071,15040,15041,15040,1,-1
2022-06-20 15:25:38.818,15038,15040,15038,1,-1
2022-06-20 15:25:38.948,15038,15040,15038,1,-1
2022-06-20 15:25:39.721,15038,15040,15040,1,1
2022-06-20 15:25:40.114,15040,15041,15040,1,-1
2022-06-20 15:25:44.599,15038,15039,15038,2,-2
2022-06-20 15:25:44.772,15037,15039,15039,1,1
2022-06-20 15:25:48.941,15037,15038,15038,1,1
2022-06-20 15:25:52.404,15038,15039,15038,2,-2
2022-06-20 15:25:53.527,15037,15038,15037,1,-1
2022-06-20 15:25:54.142,15036,15037,15036,4,-4
2022-06-20 15:25:55.548,15035,15037,15036,1,-1
2022-06-20 15:25:57.210,15035,15037,15035,2,-2
2022-06-20 15:25:58.881,15036,15038,15037,1,-1
2022-06-20 15:25:58.907,15036,15038,15037,1,-1
2022-06-20 15:25:59.506,15036,15038,15036,1,-1
2022-06-20 15:25:59.553,15036,15038,15036,1,-1
2022-06-20 15:25:59.685,15036,15037,15036,1,-1
2022-06-20 15:25:59.685,15036,15037,15035,2,-2
2022-06-20 15:26:01.408,15035,15037,15038,5,5
2022-06-20 15:26:04.335,15037,15039,15039,3,3
2022-06-20 15:26:10.966,15039,15040,15040,4,4
2022-06-20 15:26:16.218,15038,15040,15040,1,1
2022-06-20 15:26:21.099,15039,15040,15040,3,3
2022-06-20 15:26:22.014,15039,15041,15039,1,-1
2022-06-20 15:26:23.832,15040,15041,15041,1,1
2022-06-20 15:26:23.832,15040,15041,15041,5,5
2022-06-20 15:26:23.832,15040,15041,15041,2,2
2022-06-20 15:26:23.832,15040,15041,15041,4,4
2022-06-20 15:26:31.025,15041,15042,15042,1,1
2022-06-20 15:26:48.122,15043,15044,15043,1,-1
2022-06-20 15:26:49.119,15043,15044,15043,1,-1
2022-06-20 15:26:52.332,15042,15044,15044,3,3
2022-06-20 15:26:52.445,15042,15044,15044,1,1
2022-06-20 15:26:58.039,15041,15043,15042,1,1
2022-06-20 15:26:58.700,15041,15043,15043,4,4
2022-06-20 15:27:10.052,15042,15043,15043,2,2
2022-06-20 15:27:11.498,15043,15044,15044,4,4
2022-06-20 15:27:11.760,15043,15044,15043,3,-3
2022-06-20 15:27:14.078,15043,15044,15043,1,-1
2022-06-20 15:27:16.876,15043,15044,15044,1,1
2022-06-20 15:27:16.876,15043,15044,15044,1,1
2022-06-20 15:27:16.876,15043,15044,15044,1,1
2022-06-20 15:27:16.876,15043,15044,15044,2,2
2022-06-20 15:27:16.876,15043,15044,15044,1,1
2022-06-20 15:27:16.876,15043,15044,15044,1,1
2022-06-20 15:27:16.878,15043,15044,15044,2,2
2022-06-20 15:27:18.125,15044,15045,15045,12,12
2022-06-20 15:27:18.919,15045,15046,15046,2,2
2022-06-20 15:27:18.919,15045,15046,15046,3,3
2022-06-20 15:27:23.509,15046,15047,15047,1,1
2022-06-20 15:27:24.487,15047,15048,15048,1,1
2022-06-20 15:27:25.975,15047,15048,15048,2,2
2022-06-20 15:27:26.524,15047,15048,15048,1,1
2022-06-20 15:27:28.598,15047,15048,15048,1,1
2022-06-20 15:27:28.599,15047,15048,15048,2,2
2022-06-20 15:27:28.599,15047,15048,15048,6,6
2022-06-20 15:27:37.008,15049,15050,15050,9,9
2022-06-20 15:27:38.297,15050,15051,15050,1,-1
2022-06-20 15:27:38.353,15050,15051,15051,5,5
2022-06-20 15:27:39.625,15051,15053,15051,1,-1
2022-06-20 15:27:40.749,15051,15052,15052,1,1
2022-06-20 15:27:40.764,15051,15052,15051,1,-1
2022-06-20 15:27:41.376,15051,15052,15051,1,-1
2022-06-20 15:27:41.977,15050,15051,15050,2,-2
2022-06-20 15:27:41.977,15050,15051,15049,2,-2
2022-06-20 15:27:42.794,15049,15050,15050,1,1
2022-06-20 15:27:54.855,15050,15051,15050,2,-2
2022-06-20 15:28:00.142,15049,15050,15050,1,1
2022-06-20 15:28:00.142,15049,15050,15050,1,1
2022-06-20 15:28:00.380,15050,15051,15051,1,1
2022-06-20 15:28:00.645,15050,15052,15050,1,-1
2022-06-20 15:28:01.788,15050,15052,15052,1,1
2022-06-20 15:28:01.789,15050,15052,15052,4,4
2022-06-20 15:28:08.665,15050,15052,15052,1,1
2022-06-20 15:28:12.706,15051,15052,15052,1,1
2022-06-20 15:28:13.070,15051,15052,15052,5,5
2022-06-20 15:28:13.072,15051,15052,15053,1,1
2022-06-20 15:28:13.073,15051,15052,15053,5,5
2022-06-20 15:28:13.201,15052,15054,15054,2,2
2022-06-20 15:28:13.202,15052,15054,15054,2,2
2022-06-20 15:28:13.202,15052,15054,15054,5,5
2022-06-20 15:28:13.321,15052,15054,15054,1,1
2022-06-20 15:28:13.483,15052,15054,15054,1,1
2022-06-20 15:28:13.915,15052,15054,15054,1,1
2022-06-20 15:28:14.603,15052,15054,15054,1,1
2022-06-20 15:28:18.917,15051,15052,15051,2,-2
2022-06-20 15:28:20.710,15050,15051,15050,2,-2
2022-06-20 15:28:21.057,15049,15050,15049,1,-1
2022-06-20 15:28:21.057,15049,15050,15049,1,-1
2022-06-20 15:28:24.587,15049,15051,15051,3,3
2022-06-20 15:28:34.387,15049,15050,15049,1,-1
2022-06-20 15:28:34.387,15049,15050,15049,1,-1
2022-06-20 15:28:35.827,15048,15049,15048,3,-3
2022-06-20 15:28:39.948,15047,15048,15047,1,-1
2022-06-20 15:28:47.068,15045,15046,15045,1,-1
2022-06-20 15:28:48.472,15045,15046,15045,1,-1
2022-06-20 15:28:53.578,15043,15045,15044,1,-1
