2021-09-22 15:00:00.045,16917,16918,16920,118,118
2021-09-22 15:00:00.046,16917,16920,16917,1,-1
2021-09-22 15:00:00.047,16917,16920,16917,4,-4
2021-09-22 15:00:00.222,16918,16920,16920,3,3
2021-09-22 15:00:00.298,16918,16920,16920,3,3
2021-09-22 15:00:00.337,16918,16920,16920,3,3
2021-09-22 15:00:00.342,16918,16920,16920,1,1
2021-09-22 15:00:00.459,16918,16920,16920,1,1
2021-09-22 15:00:00.459,16918,16920,16920,7,7
2021-09-22 15:00:00.462,16918,16920,16921,1,1
2021-09-22 15:00:00.465,16918,16920,16921,1,1
2021-09-22 15:00:00.498,16918,16920,16919,1,-1
2021-09-22 15:00:00.498,16918,16920,16918,1,-1
2021-09-22 15:00:00.500,16918,16920,16922,1,1
2021-09-22 15:00:00.500,16918,16920,16923,6,6
2021-09-22 15:00:00.500,16918,16920,16924,2,2
2021-09-22 15:00:00.500,16918,16920,16925,1,1
2021-09-22 15:00:00.516,16918,16920,16918,1,-1
2021-09-22 15:00:00.559,16918,16920,16918,1,-1
2021-09-22 15:00:00.561,16918,16920,16924,1,1
2021-09-22 15:00:00.561,16918,16920,16925,1,1
2021-09-22 15:00:00.584,16918,16925,16925,2,2
2021-09-22 15:00:00.624,16918,16925,16919,1,-1
2021-09-22 15:00:00.669,16918,16925,16925,2,2
2021-09-22 15:00:00.675,16918,16925,16925,1,1
2021-09-22 15:00:00.675,16918,16925,16925,2,2
2021-09-22 15:00:00.680,16918,16925,16925,2,2
2021-09-22 15:00:00.698,16923,16925,16925,1,1
2021-09-22 15:00:00.723,16923,16925,16925,1,1
2021-09-22 15:00:00.770,16923,16925,16925,1,1
2021-09-22 15:00:00.843,16924,16925,16925,1,1
2021-09-22 15:00:00.986,16924,16925,16924,1,-1
2021-09-22 15:00:01.160,16924,16925,16925,1,1
2021-09-22 15:00:01.199,16924,16926,16926,1,1
2021-09-22 15:00:01.308,16924,16926,16925,1,-1
2021-09-22 15:00:01.308,16924,16926,16926,5,5
2021-09-22 15:00:01.332,16924,16926,16926,3,3
2021-09-22 15:00:01.351,16924,16926,16926,1,1
2021-09-22 15:00:01.351,16924,16926,16927,1,1
2021-09-22 15:00:01.355,16924,16926,16927,1,1
2021-09-22 15:00:01.358,16924,16926,16927,2,2
2021-09-22 15:00:01.370,16924,16926,16927,1,1
2021-09-22 15:00:01.390,16924,16926,16928,1,1
2021-09-22 15:00:01.411,16924,16926,16928,2,2
2021-09-22 15:00:01.416,16924,16926,16928,1,1
2021-09-22 15:00:01.417,16924,16926,16928,1,1
2021-09-22 15:00:01.417,16924,16926,16928,1,1
2021-09-22 15:00:01.423,16924,16926,16928,1,1
2021-09-22 15:00:01.426,16924,16926,16928,1,1
2021-09-22 15:00:01.443,16924,16926,16925,1,-1
2021-09-22 15:00:01.481,16925,16928,16928,1,1
2021-09-22 15:00:01.512,16925,16928,16927,1,-1
2021-09-22 15:00:01.512,16925,16928,16927,1,-1
2021-09-22 15:00:01.517,16925,16928,16927,1,-1
2021-09-22 15:00:01.534,16925,16928,16928,1,1
2021-09-22 15:00:01.545,16925,16928,16928,1,1
2021-09-22 15:00:01.545,16925,16928,16929,1,1
2021-09-22 15:00:01.562,16925,16928,16928,1,1
2021-09-22 15:00:01.598,16926,16928,16928,1,1
2021-09-22 15:00:01.685,16926,16928,16928,1,1
2021-09-22 15:00:01.685,16926,16928,16929,6,6
2021-09-22 15:00:01.685,16926,16928,16930,5,5
2021-09-22 15:00:01.698,16928,16929,16929,1,1
2021-09-22 15:00:01.699,16928,16929,16928,2,-2
2021-09-22 15:00:01.701,16928,16929,16929,2,2
2021-09-22 15:00:01.709,16928,16929,16928,6,-6
2021-09-22 15:00:01.711,16928,16929,16927,1,-1
2021-09-22 15:00:01.717,16928,16929,16928,2,2
2021-09-22 15:00:01.720,16928,16929,16928,3,-3
2021-09-22 15:00:01.722,16928,16929,16928,2,-2
2021-09-22 15:00:01.725,16928,16929,16929,1,1
2021-09-22 15:00:01.758,16928,16929,16929,1,1
2021-09-22 15:00:01.758,16928,16929,16930,8,8
2021-09-22 15:00:01.891,16928,16930,16930,2,2
2021-09-22 15:00:01.910,16928,16930,16930,1,1
2021-09-22 15:00:01.967,16928,16930,16930,1,1
2021-09-22 15:00:01.997,16928,16930,16930,1,1
2021-09-22 15:00:01.998,16928,16930,16930,9,9
2021-09-22 15:00:01.998,16928,16930,16930,1,1
2021-09-22 15:00:01.998,16928,16930,16930,8,8
2021-09-22 15:00:02.008,16928,16930,16930,1,1
2021-09-22 15:00:02.012,16928,16930,16931,1,1
2021-09-22 15:00:02.077,16930,16931,16930,2,-2
2021-09-22 15:00:02.079,16930,16931,16930,1,-1
2021-09-22 15:00:02.098,16930,16931,16931,1,1
2021-09-22 15:00:02.142,16930,16931,16931,1,1
2021-09-22 15:00:02.146,16930,16931,16931,1,1
2021-09-22 15:00:02.146,16930,16931,16932,2,2
2021-09-22 15:00:02.147,16930,16931,16932,1,1
2021-09-22 15:00:02.402,16928,16931,16931,5,5
2021-09-22 15:00:02.407,16928,16931,16929,2,-2
2021-09-22 15:00:02.407,16928,16931,16928,4,-4
2021-09-22 15:00:02.412,16928,16931,16932,3,3
2021-09-22 15:00:02.442,16928,16931,16932,2,2
2021-09-22 15:00:02.587,16927,16929,16927,4,-4
2021-09-22 15:00:02.587,16927,16929,16926,2,-2
2021-09-22 15:00:02.587,16927,16929,16925,2,-2
2021-09-22 15:00:02.587,16927,16929,16924,2,-2
2021-09-22 15:00:02.587,16927,16929,16923,10,-10
2021-09-22 15:00:02.587,16927,16929,16922,7,-7
2021-09-22 15:00:02.587,16927,16929,16921,1,-1
2021-09-22 15:00:02.587,16927,16929,16920,2,-2
2021-09-22 15:00:02.587,16927,16929,16919,2,-2
2021-09-22 15:00:02.607,16927,16929,16923,2,2
2021-09-22 15:00:02.743,16919,16924,16924,1,1
2021-09-22 15:00:02.822,16918,16921,16921,1,1
2021-09-22 15:00:02.854,16918,16921,16921,1,1
2021-09-22 15:00:02.854,16918,16921,16922,1,1
2021-09-22 15:00:02.881,16918,16921,16924,1,1
2021-09-22 15:00:03.044,16920,16927,16927,1,1
2021-09-22 15:00:03.549,16920,16923,16923,1,1
2021-09-22 15:00:03.549,16920,16923,16923,1,1
2021-09-22 15:00:03.549,16920,16923,16925,1,1
2021-09-22 15:00:03.549,16920,16923,16925,1,1
2021-09-22 15:00:03.549,16920,16923,16926,1,1
2021-09-22 15:00:03.549,16920,16923,16927,1,1
2021-09-22 15:00:03.549,16920,16923,16928,2,2
2021-09-22 15:00:03.549,16920,16923,16929,2,2
2021-09-22 15:00:03.549,16920,16923,16930,5,5
2021-09-22 15:00:03.549,16920,16923,16929,1,1
2021-09-22 15:00:03.554,16920,16923,16926,2,2
2021-09-22 15:00:03.575,16926,16928,16928,1,1
2021-09-22 15:00:03.597,16926,16928,16926,2,-2
2021-09-22 15:00:03.726,16925,16929,16929,1,1
2021-09-22 15:00:03.735,16925,16929,16927,1,-1
2021-09-22 15:00:04.623,16923,16926,16923,1,-1
2021-09-22 15:00:04.623,16923,16926,16922,1,-1
2021-09-22 15:00:04.693,16923,16926,16921,1,-1
2021-09-22 15:00:05.296,16921,16923,16921,1,-1
2021-09-22 15:00:05.646,16920,16923,16923,1,1
2021-09-22 15:00:05.646,16920,16923,16923,3,3
2021-09-22 15:00:05.646,16920,16923,16924,2,2
2021-09-22 15:00:05.646,16920,16923,16924,1,1
2021-09-22 15:00:05.646,16920,16923,16925,1,1
2021-09-22 15:00:05.699,16923,16925,16925,1,1
2021-09-22 15:00:05.712,16923,16925,16924,1,-1
2021-09-22 15:00:05.796,16923,16925,16923,1,-1
2021-09-22 15:00:05.864,16922,16925,16922,1,-1
2021-09-22 15:00:06.195,16920,16923,16920,7,-7
2021-09-22 15:00:06.320,16919,16921,16919,1,-1
2021-09-22 15:00:06.419,16919,16921,16920,1,1
2021-09-22 15:00:06.448,16917,16920,16920,1,1
2021-09-22 15:00:07.903,16917,16919,16917,2,-2
2021-09-22 15:00:08.004,16916,16919,16916,2,-2
2021-09-22 15:00:08.820,16916,16917,16917,8,8
2021-09-22 15:00:08.902,16916,16917,16916,2,-2
2021-09-22 15:00:09.204,16915,16916,16916,1,1
2021-09-22 15:00:09.265,16915,16916,16916,1,1
2021-09-22 15:00:09.855,16915,16916,16916,1,1
2021-09-22 15:00:09.876,16915,16916,16917,2,2
2021-09-22 15:00:09.876,16915,16916,16917,1,1
2021-09-22 15:00:09.876,16915,16916,16917,15,15
2021-09-22 15:00:10.071,16918,16920,16920,2,2
2021-09-22 15:00:10.220,16919,16921,16921,1,1
2021-09-22 15:00:10.220,16919,16921,16921,1,1
2021-09-22 15:00:10.294,16919,16921,16922,1,1
2021-09-22 15:00:10.330,16920,16922,16920,1,-1
2021-09-22 15:00:10.360,16920,16922,16921,1,1
2021-09-22 15:00:10.616,16922,16924,16924,1,1
2021-09-22 15:00:10.866,16920,16922,16922,4,4
2021-09-22 15:00:10.866,16920,16922,16923,4,4
2021-09-22 15:00:10.867,16920,16922,16923,2,2
2021-09-22 15:00:11.105,16921,16923,16923,1,1
2021-09-22 15:00:11.220,16923,16925,16925,2,2
2021-09-22 15:00:11.220,16923,16925,16925,1,1
2021-09-22 15:00:11.522,16923,16925,16923,1,-1
2021-09-22 15:00:11.522,16923,16925,16922,1,-1
2021-09-22 15:00:11.537,16923,16925,16925,1,1
2021-09-22 15:00:12.100,16922,16925,16922,1,-1
2021-09-22 15:00:12.251,16921,16924,16924,1,1
2021-09-22 15:00:12.288,16921,16924,16925,1,1
2021-09-22 15:00:12.387,16922,16926,16922,1,-1
2021-09-22 15:00:12.730,16921,16924,16924,1,1
2021-09-22 15:00:12.820,16923,16924,16923,2,-2
2021-09-22 15:00:13.345,16921,16923,16921,1,-1
2021-09-22 15:00:13.519,16920,16921,16920,1,-1
2021-09-22 15:00:14.164,16920,16921,16921,1,1
2021-09-22 15:00:14.396,16920,16921,16920,2,-2
2021-09-22 15:00:14.396,16920,16921,16920,8,-8
2021-09-22 15:00:14.433,16920,16921,16919,1,-1
2021-09-22 15:00:14.561,16918,16920,16920,1,1
2021-09-22 15:00:14.561,16918,16920,16920,1,1
2021-09-22 15:00:14.676,16918,16921,16921,1,1
2021-09-22 15:00:14.909,16918,16921,16918,1,-1
2021-09-22 15:00:15.090,16918,16920,16918,2,-2
2021-09-22 15:00:15.550,16918,16920,16919,1,1
2021-09-22 15:00:15.682,16918,16920,16920,1,1
2021-09-22 15:00:15.682,16918,16920,16920,1,1
2021-09-22 15:00:15.784,16918,16920,16920,1,1
2021-09-22 15:00:15.785,16918,16920,16920,1,1
2021-09-22 15:00:15.795,16918,16920,16920,1,1
2021-09-22 15:00:15.821,16919,16921,16921,1,1
2021-09-22 15:00:15.868,16919,16921,16921,1,1
2021-09-22 15:00:16.798,16919,16921,16921,20,20
2021-09-22 15:00:18.126,16921,16923,16921,1,-1
2021-09-22 15:00:19.257,16920,16922,16921,2,-2
2021-09-22 15:00:19.257,16920,16922,16922,2,2
2021-09-22 15:00:19.257,16920,16922,16923,1,1
2021-09-22 15:00:19.440,16921,16923,16923,1,1
2021-09-22 15:00:19.553,16921,16924,16923,1,-1
2021-09-22 15:00:19.653,16921,16923,16921,2,-2
2021-09-22 15:00:19.653,16921,16923,16920,14,-14
2021-09-22 15:00:19.731,16918,16920,16920,1,1
2021-09-22 15:00:19.795,16918,16920,16918,2,-2
2021-09-22 15:00:19.795,16918,16920,16917,2,-2
2021-09-22 15:00:19.795,16918,16920,16916,2,-2
2021-09-22 15:00:19.795,16918,16920,16915,9,-9
2021-09-22 15:00:19.795,16918,16920,16914,2,-2
2021-09-22 15:00:19.795,16918,16920,16913,5,-5
2021-09-22 15:00:19.795,16918,16920,16912,3,-3
2021-09-22 15:00:19.795,16918,16920,16911,1,-1
2021-09-22 15:00:19.884,16912,16915,16916,2,2
2021-09-22 15:00:19.884,16912,16915,16917,2,2
2021-09-22 15:00:19.885,16912,16915,16917,1,1
2021-09-22 15:00:19.885,16912,16915,16917,5,5
2021-09-22 15:00:19.902,16912,16915,16916,1,1
2021-09-22 15:00:19.902,16912,16915,16917,1,1
2021-09-22 15:00:19.959,16914,16917,16917,1,1
2021-09-22 15:00:20.078,16914,16917,16917,1,1
2021-09-22 15:00:20.078,16914,16917,16918,3,3
2021-09-22 15:00:20.234,16918,16920,16920,1,1
2021-09-22 15:00:20.358,16919,16920,16920,1,1
2021-09-22 15:00:21.510,16914,16916,16917,1,1
2021-09-22 15:00:22.661,16914,16915,16915,1,1
2021-09-22 15:00:22.661,16914,16915,16916,1,1
2021-09-22 15:00:23.390,16914,16915,16915,1,1
2021-09-22 15:00:24.207,16914,16915,16914,1,-1
2021-09-22 15:00:24.330,16913,16914,16914,2,2
2021-09-22 15:00:24.330,16913,16914,16915,1,1
2021-09-22 15:00:24.464,16913,16915,16915,1,1
2021-09-22 15:00:24.464,16913,16915,16916,1,1
2021-09-22 15:00:24.875,16913,16915,16915,1,1
2021-09-22 15:00:25.202,16913,16915,16913,1,-1
2021-09-22 15:00:25.651,16913,16915,16913,1,-1
2021-09-22 15:00:25.876,16913,16915,16913,1,-1
2021-09-22 15:00:26.072,16913,16915,16913,1,-1
2021-09-22 15:00:26.235,16913,16914,16913,1,-1
2021-09-22 15:00:26.401,16913,16914,16913,1,-1
2021-09-22 15:00:26.595,16913,16914,16913,1,-1
2021-09-22 15:00:27.038,16913,16914,16914,1,1
2021-09-22 15:00:27.073,16914,16915,16915,1,1
2021-09-22 15:00:27.073,16914,16915,16916,1,1
2021-09-22 15:00:27.113,16914,16915,16915,1,1
2021-09-22 15:00:27.842,16916,16917,16916,1,1
2021-09-22 15:00:27.859,16916,16917,16917,1,1
2021-09-22 15:00:28.712,16916,16917,16916,1,-1
2021-09-22 15:00:28.712,16916,16917,16916,1,-1
2021-09-22 15:00:29.335,16916,16917,16916,1,-1
2021-09-22 15:00:29.335,16916,16917,16916,1,-1
2021-09-22 15:00:30.405,16914,16915,16915,8,8
2021-09-22 15:00:30.554,16916,16917,16916,1,1
2021-09-22 15:00:30.719,16916,16917,16916,1,-1
2021-09-22 15:00:31.453,16916,16917,16917,1,1
2021-09-22 15:00:33.046,16916,16917,16917,1,1
2021-09-22 15:00:33.394,16916,16917,16917,1,1
2021-09-22 15:00:33.747,16916,16917,16917,2,2
2021-09-22 15:00:34.499,16917,16918,16917,4,-4
2021-09-22 15:00:34.499,16917,16918,16916,2,-2
2021-09-22 15:00:35.132,16917,16918,16917,1,1
2021-09-22 15:00:35.581,16916,16917,16917,1,1
2021-09-22 15:00:36.583,16917,16918,16917,1,-1
2021-09-22 15:00:37.136,16916,16917,16917,6,6
2021-09-22 15:00:38.504,16916,16918,16916,6,-6
2021-09-22 15:00:40.443,16916,16917,16917,1,1
2021-09-22 15:00:40.443,16916,16917,16917,1,1
2021-09-22 15:00:40.498,16916,16917,16916,1,-1
2021-09-22 15:00:40.508,16916,16917,16917,1,1
2021-09-22 15:00:40.508,16916,16917,16917,1,1
2021-09-22 15:00:42.388,16916,16917,16917,1,1
2021-09-22 15:00:42.630,16915,16917,16917,1,1
2021-09-22 15:00:42.796,16916,16918,16917,1,-1
2021-09-22 15:00:43.094,16916,16918,16918,1,1
2021-09-22 15:00:43.185,16916,16918,16917,1,-1
2021-09-22 15:00:43.242,16916,16918,16917,1,-1
2021-09-22 15:00:44.372,16916,16918,16918,5,5
2021-09-22 15:00:44.373,16916,16918,16918,1,1
2021-09-22 15:00:44.572,16916,16919,16919,5,5
2021-09-22 15:00:44.573,16916,16919,16919,1,1
2021-09-22 15:00:44.730,16917,16919,16919,2,2
2021-09-22 15:00:44.730,16917,16919,16920,3,3
2021-09-22 15:00:44.786,16917,16919,16920,1,1
2021-09-22 15:00:44.786,16917,16919,16920,1,1
2021-09-22 15:00:45.977,16916,16918,16916,4,-4
2021-09-22 15:00:45.977,16916,16918,16915,4,-4
2021-09-22 15:00:46.790,16913,16914,16913,4,-4
2021-09-22 15:00:46.913,16912,16913,16913,1,1
2021-09-22 15:00:47.141,16912,16913,16912,2,-2
2021-09-22 15:00:47.141,16912,16913,16911,3,-3
2021-09-22 15:00:47.268,16911,16912,16912,1,1
2021-09-22 15:00:47.484,16911,16913,16912,1,-1
2021-09-22 15:00:47.792,16911,16913,16911,4,-4
2021-09-22 15:00:47.792,16911,16913,16910,1,-1
2021-09-22 15:00:47.961,16910,16913,16910,5,-5
2021-09-22 15:00:47.962,16910,16913,16910,2,-2
2021-09-22 15:00:48.218,16909,16911,16911,1,1
2021-09-22 15:00:49.499,16911,16914,16911,4,-4
2021-09-22 15:00:49.499,16911,16914,16910,1,-1
2021-09-22 15:00:49.645,16911,16913,16911,1,1
2021-09-22 15:00:49.645,16911,16913,16910,1,-1
2021-09-22 15:00:49.695,16911,16913,16910,2,-2
2021-09-22 15:00:49.802,16910,16913,16912,1,1
2021-09-22 15:00:51.454,16912,16913,16913,1,1
2021-09-22 15:00:51.737,16912,16913,16913,2,2
2021-09-22 15:00:51.737,16912,16913,16914,3,3
2021-09-22 15:00:51.794,16912,16913,16914,2,2
2021-09-22 15:00:51.987,16912,16914,16912,3,-3
2021-09-22 15:00:52.443,16911,16912,16912,1,1
2021-09-22 15:00:54.602,16911,16913,16913,2,2
2021-09-22 15:00:54.667,16911,16913,16913,1,1
2021-09-22 15:00:54.721,16912,16913,16913,1,1
2021-09-22 15:00:55.005,16912,16913,16913,1,1
2021-09-22 15:00:55.490,16913,16914,16913,1,-1
2021-09-22 15:00:56.677,16912,16913,16912,2,-2
2021-09-22 15:00:56.976,16911,16913,16913,1,1
2021-09-22 15:00:57.078,16911,16913,16913,1,1
2021-09-22 15:00:57.078,16911,16913,16914,5,5
2021-09-22 15:00:57.109,16911,16913,16914,6,6
2021-09-22 15:00:57.197,16913,16914,16914,6,6
2021-09-22 15:00:57.197,16913,16914,16914,1,1
2021-09-22 15:00:57.197,16913,16914,16914,1,1
2021-09-22 15:00:58.340,16913,16914,16913,1,-1
2021-09-22 15:00:59.340,16913,16914,16913,2,-2
2021-09-22 15:00:59.841,16913,16914,16914,1,1
2021-09-22 15:00:59.841,16913,16914,16914,2,2
2021-09-22 15:00:59.984,16914,16915,16914,2,-2
2021-09-22 15:00:59.993,16914,16915,16914,2,-2
2021-09-22 15:01:00.015,16914,16915,16914,1,-1
2021-09-22 15:01:00.043,16914,16915,16913,1,-1
2021-09-22 15:01:00.043,16914,16915,16913,1,-1
2021-09-22 15:01:00.044,16914,16915,16913,1,-1
2021-09-22 15:01:00.044,16914,16915,16915,1,1
2021-09-22 15:01:00.044,16914,16915,16915,1,1
2021-09-22 15:01:00.045,16914,16915,16915,2,2
2021-09-22 15:01:00.063,16914,16915,16913,2,-2
2021-09-22 15:01:00.068,16914,16915,16912,2,-2
2021-09-22 15:01:00.072,16912,16914,16914,1,1
2021-09-22 15:01:00.078,16912,16914,16912,1,-1
2021-09-22 15:01:00.079,16912,16914,16914,1,1
2021-09-22 15:01:00.088,16912,16914,16912,2,-2
2021-09-22 15:01:00.088,16912,16914,16912,1,-1
2021-09-22 15:01:00.088,16912,16914,16912,1,-1
2021-09-22 15:01:00.096,16912,16914,16912,1,-1
2021-09-22 15:01:00.096,16912,16914,16911,1,-1
2021-09-22 15:01:00.106,16912,16914,16911,1,-1
2021-09-22 15:01:00.112,16912,16914,16911,1,-1
2021-09-22 15:01:00.144,16912,16914,16911,1,-1
2021-09-22 15:01:00.164,16912,16914,16913,1,1
2021-09-22 15:01:00.183,16912,16914,16914,1,1
2021-09-22 15:01:00.204,16912,16914,16912,1,-1
2021-09-22 15:01:00.227,16912,16914,16914,1,1
2021-09-22 15:01:00.467,16912,16915,16912,2,-2
2021-09-22 15:01:00.793,16912,16915,16915,2,2
2021-09-22 15:01:01.417,16912,16914,16914,1,1
2021-09-22 15:01:01.448,16912,16915,16915,1,1
2021-09-22 15:01:01.448,16912,16915,16915,1,1
2021-09-22 15:01:01.449,16912,16915,16915,1,1
2021-09-22 15:01:01.449,16912,16915,16915,1,1
2021-09-22 15:01:01.518,16912,16915,16915,10,10
2021-09-22 15:01:02.065,16915,16917,16917,1,1
2021-09-22 15:01:02.072,16915,16917,16917,1,1
2021-09-22 15:01:02.078,16915,16917,16917,1,1
2021-09-22 15:01:02.696,16915,16917,16915,1,-1
2021-09-22 15:01:04.008,16914,16915,16915,1,1
2021-09-22 15:01:06.240,16915,16917,16917,1,1
2021-09-22 15:01:06.282,16915,16917,16915,1,-1
2021-09-22 15:01:07.608,16915,16917,16915,5,-5
2021-09-22 15:01:07.608,16915,16917,16914,2,-2
2021-09-22 15:01:07.672,16915,16917,16914,5,-5
2021-09-22 15:01:07.672,16915,16917,16913,6,-6
2021-09-22 15:01:07.672,16915,16917,16912,3,-3
2021-09-22 15:01:08.688,16913,16914,16914,1,1
2021-09-22 15:01:08.901,16913,16915,16915,2,2
2021-09-22 15:01:09.845,16913,16915,16915,1,1
2021-09-22 15:01:11.263,16913,16915,16913,3,-3
2021-09-22 15:01:11.265,16913,16915,16913,8,-8
2021-09-22 15:01:11.265,16913,16915,16913,1,-1
2021-09-22 15:01:11.816,16912,16913,16912,13,-13
2021-09-22 15:01:11.817,16912,16913,16911,1,-1
2021-09-22 15:01:11.817,16912,16913,16911,1,-1
2021-09-22 15:01:11.817,16912,16913,16911,1,-1
2021-09-22 15:01:12.538,16910,16911,16911,2,2
2021-09-22 15:01:12.813,16910,16911,16910,2,-2
2021-09-22 15:01:13.304,16909,16911,16911,4,4
2021-09-22 15:01:18.678,16911,16913,16913,1,1
2021-09-22 15:01:18.809,16911,16913,16913,1,1
2021-09-22 15:01:18.809,16911,16913,16914,1,1
2021-09-22 15:01:19.359,16912,16914,16912,1,-1
2021-09-22 15:01:19.847,16912,16914,16912,1,-1
2021-09-22 15:01:20.178,16911,16913,16911,1,-1
2021-09-22 15:01:21.401,16911,16913,16913,2,2
2021-09-22 15:01:21.874,16911,16914,16914,1,1
2021-09-22 15:01:25.706,16910,16911,16911,5,5
2021-09-22 15:01:27.177,16910,16911,16911,1,1
2021-09-22 15:01:27.186,16910,16911,16911,4,4
2021-09-22 15:01:27.210,16910,16911,16911,1,1
2021-09-22 15:01:27.210,16910,16911,16911,1,1
2021-09-22 15:01:27.750,16911,16913,16911,1,-1
2021-09-22 15:01:28.601,16911,16913,16913,1,1
2021-09-22 15:01:28.601,16911,16913,16914,1,1
2021-09-22 15:01:28.735,16912,16914,16912,1,-1
2021-09-22 15:01:31.812,16911,16912,16911,1,-1
2021-09-22 15:01:32.148,16911,16912,16911,1,-1
2021-09-22 15:01:32.790,16911,16912,16912,1,1
2021-09-22 15:01:36.713,16911,16912,16912,1,1
2021-09-22 15:01:37.097,16911,16912,16911,1,-1
2021-09-22 15:01:37.336,16911,16912,16912,1,1
2021-09-22 15:01:37.918,16911,16912,16911,6,-6
2021-09-22 15:01:37.943,16911,16912,16911,1,-1
2021-09-22 15:01:37.943,16911,16912,16910,1,-1
2021-09-22 15:01:37.968,16910,16911,16910,2,-2
2021-09-22 15:01:37.993,16910,16911,16910,4,-4
2021-09-22 15:01:37.993,16910,16911,16909,7,-7
2021-09-22 15:01:37.993,16910,16911,16908,2,-2
2021-09-22 15:01:38.004,16910,16911,16909,1,1
2021-09-22 15:01:38.018,16910,16911,16908,3,-3
2021-09-22 15:01:38.043,16910,16911,16908,2,-2
2021-09-22 15:01:38.151,16907,16908,16907,3,-3
2021-09-22 15:01:38.261,16906,16908,16906,2,-2
2021-09-22 15:01:38.293,16906,16908,16906,1,-1
2021-09-22 15:01:38.293,16906,16908,16906,14,-14
2021-09-22 15:01:38.765,16906,16907,16907,1,1
2021-09-22 15:01:39.691,16906,16907,16907,1,1
2021-09-22 15:01:40.803,16906,16908,16908,1,1
2021-09-22 15:01:41.429,16906,16908,16908,5,5
2021-09-22 15:01:42.360,16906,16907,16906,4,-4
2021-09-22 15:01:42.372,16906,16907,16905,1,-1
2021-09-22 15:01:42.372,16906,16907,16905,2,-2
2021-09-22 15:01:42.372,16906,16907,16905,7,-7
2021-09-22 15:01:42.572,16903,16906,16903,1,-1
2021-09-22 15:01:42.960,16903,16906,16906,1,1
2021-09-22 15:01:43.494,16903,16905,16905,1,1
2021-09-22 15:01:43.598,16903,16905,16905,1,1
2021-09-22 15:01:43.750,16903,16905,16903,1,-1
2021-09-22 15:01:43.970,16903,16905,16905,1,1
2021-09-22 15:01:44.501,16904,16905,16904,1,-1
2021-09-22 15:01:44.747,16903,16905,16903,6,-6
2021-09-22 15:01:44.747,16903,16905,16903,1,-1
2021-09-22 15:01:44.983,16902,16904,16904,1,1
2021-09-22 15:01:46.056,16903,16905,16903,1,-1
2021-09-22 15:01:46.188,16902,16905,16905,2,2
2021-09-22 15:01:46.835,16903,16904,16904,2,2
2021-09-22 15:01:47.105,16904,16905,16904,1,-1
2021-09-22 15:01:47.105,16904,16905,16903,1,-1
2021-09-22 15:01:47.651,16904,16905,16904,2,2
2021-09-22 15:01:47.651,16904,16905,16903,2,-2
2021-09-22 15:01:49.720,16904,16905,16904,1,1
2021-09-22 15:01:50.208,16903,16905,16905,4,4
2021-09-22 15:01:51.222,16904,16905,16905,5,5
2021-09-22 15:01:51.271,16904,16905,16905,1,1
2021-09-22 15:01:51.321,16904,16906,16906,1,1
2021-09-22 15:01:51.354,16904,16906,16905,1,-1
2021-09-22 15:01:52.198,16905,16907,16907,1,1
2021-09-22 15:01:52.203,16905,16907,16906,1,-1
2021-09-22 15:01:53.080,16906,16908,16906,1,-1
2021-09-22 15:01:54.102,16906,16908,16906,2,-2
2021-09-22 15:01:55.208,16905,16906,16905,1,-1
2021-09-22 15:01:57.180,16905,16906,16906,3,3
2021-09-22 15:01:57.598,16905,16906,16905,2,-2
2021-09-22 15:01:57.598,16905,16906,16904,4,-4
2021-09-22 15:01:57.598,16905,16906,16903,14,-14
2021-09-22 15:01:57.599,16905,16906,16903,4,-4
2021-09-22 15:01:57.702,16903,16905,16905,2,2
2021-09-22 15:01:57.706,16903,16905,16905,2,2
2021-09-22 15:01:57.776,16903,16905,16906,3,3
2021-09-22 15:01:58.927,16903,16905,16903,1,-1
2021-09-22 15:01:59.920,16903,16905,16903,5,-5
2021-09-22 15:02:00.020,16902,16905,16905,1,1
2021-09-22 15:02:00.021,16902,16905,16902,1,-1
2021-09-22 15:02:00.172,16903,16905,16903,1,1
2021-09-22 15:02:00.216,16903,16905,16905,1,1
2021-09-22 15:02:00.221,16903,16905,16906,1,1
2021-09-22 15:02:00.259,16903,16905,16906,1,1
2021-09-22 15:02:00.301,16903,16905,16906,1,1
2021-09-22 15:02:00.322,16905,16907,16907,1,1
2021-09-22 15:02:00.423,16905,16907,16907,1,1
2021-09-22 15:02:00.509,16905,16907,16907,1,1
2021-09-22 15:02:00.514,16905,16907,16907,1,1
2021-09-22 15:02:00.583,16906,16907,16906,1,-1
2021-09-22 15:02:01.569,16905,16907,16907,1,1
2021-09-22 15:02:01.993,16905,16907,16905,1,-1
2021-09-22 15:02:01.993,16905,16907,16904,3,-3
2021-09-22 15:02:03.281,16905,16906,16906,1,1
2021-09-22 15:02:04.600,16905,16906,16905,1,-1
2021-09-22 15:02:04.762,16904,16906,16906,2,2
2021-09-22 15:02:06.679,16904,16905,16905,1,1
2021-09-22 15:02:06.679,16904,16905,16906,4,4
2021-09-22 15:02:07.511,16904,16906,16904,1,-1
2021-09-22 15:02:09.679,16904,16905,16904,1,-1
2021-09-22 15:02:09.679,16904,16905,16903,9,-9
2021-09-22 15:02:11.154,16902,16903,16903,1,1
2021-09-22 15:02:11.326,16902,16903,16903,1,1
2021-09-22 15:02:11.775,16902,16903,16903,1,1
2021-09-22 15:02:12.998,16902,16903,16903,7,7
2021-09-22 15:02:14.337,16904,16905,16904,1,1
2021-09-22 15:02:14.337,16904,16905,16903,1,-1
2021-09-22 15:02:15.284,16903,16905,16903,1,-1
2021-09-22 15:02:16.473,16902,16903,16902,1,-1
2021-09-22 15:02:16.726,16902,16903,16902,1,-1
2021-09-22 15:02:17.462,16902,16903,16903,1,1
2021-09-22 15:02:17.779,16902,16903,16903,2,2
2021-09-22 15:02:17.784,16902,16903,16904,1,1
2021-09-22 15:02:18.290,16904,16905,16905,1,1
2021-09-22 15:02:18.290,16904,16905,16905,1,1
2021-09-22 15:02:18.290,16904,16905,16905,1,1
2021-09-22 15:02:18.358,16904,16906,16904,1,-1
2021-09-22 15:02:19.086,16904,16906,16906,2,2
2021-09-22 15:02:23.212,16906,16907,16906,1,-1
2021-09-22 15:02:25.340,16906,16907,16907,1,1
2021-09-22 15:02:25.340,16906,16907,16907,4,4
2021-09-22 15:02:27.086,16907,16908,16907,2,-2
2021-09-22 15:02:29.066,16906,16907,16906,4,-4
2021-09-22 15:02:31.322,16905,16906,16906,1,1
2021-09-22 15:02:31.323,16905,16906,16906,5,5
2021-09-22 15:02:31.573,16905,16907,16905,3,-3
2021-09-22 15:02:31.573,16905,16907,16904,9,-9
2021-09-22 15:02:35.635,16903,16905,16903,12,-12
2021-09-22 15:02:35.636,16903,16905,16903,1,-1
2021-09-22 15:02:36.977,16902,16904,16904,1,1
2021-09-22 15:02:38.338,16902,16904,16902,1,-1
2021-09-22 15:02:39.936,16902,16904,16903,1,1
2021-09-22 15:02:41.920,16902,16903,16902,4,-4
2021-09-22 15:02:43.481,16902,16903,16902,1,-1
2021-09-22 15:02:45.640,16902,16903,16902,1,-1
2021-09-22 15:02:46.563,16902,16903,16902,3,-3
2021-09-22 15:02:50.617,16902,16903,16903,1,1
2021-09-22 15:02:51.416,16903,16904,16904,1,1
2021-09-22 15:02:51.429,16903,16904,16904,1,1
2021-09-22 15:02:51.791,16903,16906,16904,1,-1
2021-09-22 15:02:52.798,16904,16906,16906,4,4
2021-09-22 15:02:58.167,16905,16906,16906,1,1
2021-09-22 15:02:58.190,16905,16906,16907,1,1
2021-09-22 15:02:58.411,16905,16906,16906,1,1
2021-09-22 15:02:58.645,16906,16907,16907,2,2
2021-09-22 15:02:58.645,16906,16907,16907,5,5
2021-09-22 15:02:58.660,16906,16907,16908,2,2
2021-09-22 15:02:58.660,16906,16907,16909,1,1
2021-09-22 15:03:00.066,16906,16909,16909,1,1
2021-09-22 15:03:00.067,16906,16909,16909,1,1
2021-09-22 15:03:00.077,16907,16909,16909,1,1
2021-09-22 15:03:00.094,16907,16909,16909,2,2
2021-09-22 15:03:00.096,16907,16909,16909,1,1
2021-09-22 15:03:00.106,16907,16909,16907,1,-1
2021-09-22 15:03:00.109,16907,16909,16909,2,2
2021-09-22 15:03:00.190,16907,16909,16910,2,2
2021-09-22 15:03:00.778,16908,16910,16910,2,2
2021-09-22 15:03:00.779,16908,16910,16910,2,2
2021-09-22 15:03:03.659,16906,16908,16908,3,3
2021-09-22 15:03:05.514,16906,16908,16906,1,-1
2021-09-22 15:03:06.131,16906,16908,16908,1,1
2021-09-22 15:03:10.325,16907,16908,16907,1,-1
2021-09-22 15:03:10.710,16906,16907,16907,9,9
2021-09-22 15:03:12.722,16907,16908,16908,2,2
2021-09-22 15:03:12.780,16907,16908,16908,9,9
2021-09-22 15:03:12.781,16907,16908,16909,3,3
2021-09-22 15:03:15.491,16909,16910,16910,3,3
2021-09-22 15:03:15.524,16909,16910,16911,1,1
2021-09-22 15:03:15.524,16909,16910,16911,2,2
2021-09-22 15:03:23.213,16907,16909,16907,11,-11
2021-09-22 15:03:23.494,16906,16907,16907,13,13
2021-09-22 15:03:24.719,16907,16909,16909,1,1
2021-09-22 15:03:25.145,16907,16909,16907,2,-2
2021-09-22 15:03:28.154,16906,16907,16906,1,-1
2021-09-22 15:03:30.036,16906,16907,16907,1,1
2021-09-22 15:03:32.300,16908,16910,16908,1,1
2021-09-22 15:03:32.300,16908,16910,16907,8,-8
2021-09-22 15:03:32.301,16908,16910,16907,1,-1
2021-09-22 15:03:32.301,16908,16910,16907,5,-5
2021-09-22 15:03:32.301,16908,16910,16907,4,-4
2021-09-22 15:03:35.135,16907,16909,16909,1,1
2021-09-22 15:03:38.843,16907,16910,16910,1,1
2021-09-22 15:03:39.590,16908,16910,16910,1,1
2021-09-22 15:03:43.508,16908,16909,16909,2,2
2021-09-22 15:03:43.509,16908,16909,16910,9,9
2021-09-22 15:03:44.755,16909,16911,16909,7,-7
2021-09-22 15:03:44.755,16909,16911,16908,8,-8
2021-09-22 15:03:48.237,16909,16911,16911,1,1
2021-09-22 15:03:49.261,16909,16910,16909,1,-1
2021-09-22 15:03:49.261,16909,16910,16908,3,-3
2021-09-22 15:03:51.952,16909,16910,16909,1,1
2021-09-22 15:03:53.001,16909,16910,16909,1,-1
2021-09-22 15:03:54.042,16907,16910,16910,1,1
2021-09-22 15:03:56.026,16907,16909,16909,1,1
2021-09-22 15:03:59.504,16907,16908,16908,2,2
2021-09-22 15:04:00.118,16907,16908,16908,2,2
2021-09-22 15:04:00.565,16907,16908,16908,1,1
2021-09-22 15:04:00.624,16907,16908,16908,5,5
2021-09-22 15:04:04.351,16907,16908,16907,2,-2
2021-09-22 15:04:08.138,16906,16907,16907,1,1
2021-09-22 15:04:09.854,16906,16907,16907,1,1
2021-09-22 15:04:09.854,16906,16907,16908,1,1
2021-09-22 15:04:09.949,16906,16908,16908,1,1
2021-09-22 15:04:13.433,16906,16907,16907,2,2
2021-09-22 15:04:16.528,16906,16907,16907,2,2
2021-09-22 15:04:18.211,16907,16908,16908,1,1
2021-09-22 15:04:22.787,16907,16908,16907,1,-1
2021-09-22 15:04:24.633,16906,16908,16907,1,-1
2021-09-22 15:04:24.947,16906,16907,16906,4,-4
2021-09-22 15:04:27.740,16905,16906,16906,6,6
2021-09-22 15:04:33.964,16905,16906,16905,10,-10
2021-09-22 15:04:33.964,16905,16906,16904,10,-10
2021-09-22 15:04:35.575,16904,16905,16905,1,1
2021-09-22 15:04:36.310,16904,16905,16904,1,-1
2021-09-22 15:04:36.974,16904,16905,16904,1,-1
2021-09-22 15:04:40.276,16904,16905,16904,1,-1
2021-09-22 15:04:40.276,16904,16905,16904,4,-4
2021-09-22 15:04:42.070,16903,16904,16903,10,-10
2021-09-22 15:04:43.023,16903,16904,16903,7,-7
2021-09-22 15:04:43.226,16902,16903,16903,1,1
2021-09-22 15:04:43.286,16902,16903,16903,4,4
2021-09-22 15:04:43.326,16903,16904,16903,1,-1
2021-09-22 15:04:43.329,16903,16904,16903,1,-1
2021-09-22 15:04:43.702,16904,16905,16904,1,1
2021-09-22 15:04:44.755,16904,16905,16904,7,-7
2021-09-22 15:04:46.265,16903,16905,16903,1,-1
2021-09-22 15:04:49.480,16903,16904,16903,1,-1
2021-09-22 15:04:50.814,16903,16904,16904,1,1
2021-09-22 15:04:52.750,16903,16904,16904,2,2
2021-09-22 15:04:53.708,16903,16904,16903,2,-2
2021-09-22 15:04:53.934,16903,16904,16904,1,1
2021-09-22 15:04:55.169,16903,16904,16904,1,1
2021-09-22 15:05:00.085,16904,16905,16905,1,1
2021-09-22 15:05:00.562,16904,16905,16905,1,1
2021-09-22 15:05:00.562,16904,16905,16905,1,1
2021-09-22 15:05:04.542,16905,16906,16906,2,2
2021-09-22 15:05:04.823,16905,16906,16906,1,1
2021-09-22 15:05:04.869,16905,16906,16905,1,-1
2021-09-22 15:05:04.869,16905,16906,16904,4,-4
2021-09-22 15:05:05.553,16904,16906,16906,1,1
2021-09-22 15:05:11.353,16904,16906,16906,1,1
2021-09-22 15:05:17.827,16905,16906,16905,1,-1
2021-09-22 15:05:19.751,16904,16906,16904,3,-3
2021-09-22 15:05:24.308,16904,16905,16904,3,-3
2021-09-22 15:05:25.217,16903,16904,16904,3,3
2021-09-22 15:05:25.218,16903,16904,16904,6,6
2021-09-22 15:05:26.942,16904,16905,16905,1,1
2021-09-22 15:05:28.366,16904,16906,16904,1,-1
2021-09-22 15:05:28.448,16904,16906,16906,1,1
2021-09-22 15:05:31.094,16905,16906,16905,1,-1
2021-09-22 15:05:31.425,16904,16906,16904,1,-1
2021-09-22 15:05:39.646,16904,16905,16904,1,-1
2021-09-22 15:05:42.697,16904,16905,16904,1,-1
2021-09-22 15:05:43.448,16904,16905,16904,2,-2
2021-09-22 15:05:43.623,16903,16904,16904,1,1
2021-09-22 15:05:44.811,16903,16904,16904,1,1
2021-09-22 15:05:44.861,16903,16904,16904,2,2
2021-09-22 15:05:45.140,16904,16905,16905,1,1
2021-09-22 15:05:45.171,16904,16905,16905,1,1
2021-09-22 15:05:45.176,16904,16905,16906,1,1
2021-09-22 15:05:45.178,16904,16905,16906,7,7
2021-09-22 15:05:48.134,16906,16907,16907,1,1
2021-09-22 15:05:50.888,16907,16908,16908,13,13
2021-09-22 15:05:50.891,16907,16908,16909,7,7
2021-09-22 15:05:50.891,16907,16908,16909,1,1
2021-09-22 15:05:51.004,16909,16910,16910,1,1
2021-09-22 15:05:51.284,16909,16910,16910,7,7
2021-09-22 15:05:54.411,16910,16911,16910,1,-1
2021-09-22 15:06:00.316,16908,16910,16910,1,1
2021-09-22 15:06:01.187,16909,16911,16911,1,1
2021-09-22 15:06:01.187,16909,16911,16911,1,1
2021-09-22 15:06:02.563,16911,16912,16912,1,1
2021-09-22 15:06:02.564,16911,16912,16912,4,4
2021-09-22 15:06:02.675,16911,16912,16912,6,6
2021-09-22 15:06:02.676,16911,16912,16912,1,1
2021-09-22 15:06:02.956,16912,16913,16912,1,-1
2021-09-22 15:06:04.230,16912,16913,16913,1,1
2021-09-22 15:06:05.215,16912,16913,16913,5,5
2021-09-22 15:06:06.141,16912,16914,16914,1,1
2021-09-22 15:06:07.511,16913,16914,16913,1,-1
2021-09-22 15:06:09.020,16912,16913,16912,1,-1
2021-09-22 15:06:09.020,16912,16913,16912,1,-1
2021-09-22 15:06:09.020,16912,16913,16912,1,-1
2021-09-22 15:06:09.021,16912,16913,16912,2,-2
2021-09-22 15:06:11.614,16911,16912,16912,1,1
2021-09-22 15:06:12.207,16911,16912,16912,1,1
2021-09-22 15:06:14.365,16911,16912,16912,1,1
2021-09-22 15:06:15.031,16911,16912,16912,2,2
2021-09-22 15:06:15.090,16910,16912,16912,1,1
2021-09-22 15:06:23.927,16911,16912,16911,1,-1
2021-09-22 15:06:24.365,16910,16911,16911,1,1
2021-09-22 15:06:24.365,16910,16911,16912,1,1
2021-09-22 15:06:25.624,16910,16912,16910,1,-1
2021-09-22 15:06:25.771,16910,16912,16912,1,1
2021-09-22 15:06:26.144,16910,16912,16912,1,1
2021-09-22 15:06:29.867,16911,16912,16911,1,-1
2021-09-22 15:06:30.213,16911,16912,16911,2,-2
2021-09-22 15:06:32.570,16910,16911,16911,1,1
2021-09-22 15:06:38.873,16910,16911,16911,1,1
2021-09-22 15:06:39.845,16910,16911,16911,1,1
2021-09-22 15:06:41.841,16910,16911,16910,1,-1
2021-09-22 15:06:47.007,16910,16911,16910,1,-1
2021-09-22 15:06:53.966,16909,16910,16910,2,2
2021-09-22 15:06:58.212,16909,16910,16910,1,1
2021-09-22 15:06:58.213,16909,16910,16910,3,3
2021-09-22 15:06:59.541,16910,16911,16911,1,1
2021-09-22 15:07:00.990,16910,16911,16910,1,-1
2021-09-22 15:07:06.124,16909,16910,16909,3,-3
2021-09-22 15:07:06.925,16908,16909,16909,1,1
2021-09-22 15:07:07.409,16908,16909,16908,1,-1
2021-09-22 15:07:10.752,16908,16910,16908,1,-1
2021-09-22 15:07:10.810,16908,16910,16908,1,-1
2021-09-22 15:07:21.779,16908,16909,16909,1,1
2021-09-22 15:07:22.802,16908,16909,16908,6,-6
2021-09-22 15:07:23.509,16907,16908,16907,6,-6
2021-09-22 15:07:27.338,16906,16907,16907,1,1
2021-09-22 15:07:29.245,16906,16907,16906,4,-4
2021-09-22 15:07:29.253,16906,16907,16905,2,-2
2021-09-22 15:07:29.364,16905,16906,16905,1,-1
2021-09-22 15:07:29.771,16905,16906,16905,1,-1
2021-09-22 15:07:33.093,16906,16907,16906,1,1
2021-09-22 15:07:35.017,16905,16906,16905,1,-1
2021-09-22 15:07:37.270,16905,16906,16905,3,-3
2021-09-22 15:07:37.677,16904,16906,16906,1,1
2021-09-22 15:07:37.885,16905,16906,16905,1,-1
2021-09-22 15:07:49.626,16905,16906,16906,1,1
2021-09-22 15:07:51.486,16905,16906,16906,1,1
2021-09-22 15:07:52.627,16905,16906,16906,1,1
2021-09-22 15:07:59.894,16905,16906,16905,4,-4
2021-09-22 15:08:06.192,16905,16906,16905,2,-2
2021-09-22 15:08:07.615,16905,16906,16905,1,-1
2021-09-22 15:08:18.192,16905,16906,16906,1,1
2021-09-22 15:08:22.435,16905,16906,16906,1,1
2021-09-22 15:08:24.934,16905,16906,16906,3,3
2021-09-22 15:08:24.934,16905,16906,16906,2,2
2021-09-22 15:08:24.934,16905,16906,16906,1,1
2021-09-22 15:08:24.934,16905,16906,16906,1,1
2021-09-22 15:08:24.934,16905,16906,16906,5,5
2021-09-22 15:08:24.934,16905,16906,16906,1,1
2021-09-22 15:08:24.935,16905,16906,16906,1,1
2021-09-22 15:08:26.056,16906,16907,16907,4,4
2021-09-22 15:08:31.863,16908,16909,16908,1,1
2021-09-22 15:08:31.988,16908,16909,16909,1,1
2021-09-22 15:08:32.817,16908,16909,16909,1,1
2021-09-22 15:08:33.219,16908,16909,16908,1,-1
2021-09-22 15:08:34.256,16907,16908,16908,1,1
2021-09-22 15:08:34.320,16907,16908,16907,2,-2
2021-09-22 15:08:35.428,16906,16908,16907,1,-1
2021-09-22 15:08:38.129,16906,16908,16906,1,-1
2021-09-22 15:08:39.414,16906,16907,16907,1,1
2021-09-22 15:08:46.685,16907,16909,16907,1,-1
2021-09-22 15:08:58.334,16908,16909,16908,1,1
2021-09-22 15:09:04.288,16908,16909,16908,1,-1
2021-09-22 15:09:14.800,16908,16909,16909,5,5
2021-09-22 15:09:17.444,16908,16909,16908,1,-1
2021-09-22 15:09:20.441,16908,16909,16908,1,-1
2021-09-22 15:09:20.441,16908,16909,16907,4,-4
2021-09-22 15:09:22.585,16907,16908,16907,10,-10
2021-09-22 15:09:33.081,16906,16907,16906,2,-2
2021-09-22 15:09:48.445,16906,16908,16906,1,-1
2021-09-22 15:09:54.087,16906,16908,16906,1,-1
2021-09-22 15:09:55.639,16906,16907,16907,1,1
2021-09-22 15:09:59.123,16906,16907,16907,1,1
2021-09-22 15:10:00.041,16906,16907,16907,1,1
2021-09-22 15:10:00.368,16907,16909,16909,2,2
2021-09-22 15:10:00.388,16907,16909,16909,2,2
2021-09-22 15:10:00.549,16907,16909,16909,1,1
2021-09-22 15:10:08.027,16908,16909,16908,1,-1
2021-09-22 15:10:11.544,16907,16908,16908,1,1
2021-09-22 15:10:14.155,16907,16909,16908,1,-1
2021-09-22 15:10:15.565,16907,16908,16908,1,1
2021-09-22 15:10:16.187,16907,16908,16907,1,-1
2021-09-22 15:10:16.187,16907,16908,16907,1,-1
2021-09-22 15:10:16.188,16907,16908,16907,2,-2
2021-09-22 15:10:20.003,16907,16908,16907,1,-1
2021-09-22 15:10:20.433,16906,16908,16906,1,-1
2021-09-22 15:10:22.153,16906,16907,16906,1,-1
2021-09-22 15:10:25.711,16906,16907,16906,1,-1
2021-09-22 15:10:30.061,16906,16907,16906,2,-2
2021-09-22 15:10:31.847,16906,16907,16906,1,-1
2021-09-22 15:10:32.430,16906,16907,16906,3,-3
2021-09-22 15:10:33.526,16905,16906,16906,2,2
2021-09-22 15:10:39.463,16906,16907,16906,1,-1
2021-09-22 15:10:46.830,16906,16907,16906,1,-1
2021-09-22 15:10:47.686,16906,16907,16907,1,1
2021-09-22 15:10:59.110,16906,16907,16907,1,1
2021-09-22 15:10:59.290,16907,16908,16907,1,-1
2021-09-22 15:11:00.058,16906,16907,16907,1,1
2021-09-22 15:11:02.563,16906,16907,16907,1,1
2021-09-22 15:11:03.920,16906,16907,16906,5,-5
2021-09-22 15:11:03.978,16905,16906,16906,1,1
2021-09-22 15:11:05.715,16905,16906,16906,1,1
2021-09-22 15:11:07.480,16905,16907,16907,1,1
2021-09-22 15:11:12.211,16906,16907,16906,3,-3
2021-09-22 15:11:17.061,16906,16907,16906,1,-1
2021-09-22 15:11:21.213,16906,16907,16906,1,-1
2021-09-22 15:11:23.162,16906,16907,16906,2,-2
2021-09-22 15:11:23.162,16906,16907,16906,2,-2
2021-09-22 15:11:24.495,16905,16907,16907,9,9
2021-09-22 15:11:24.496,16905,16907,16907,2,2
2021-09-22 15:11:24.496,16905,16907,16907,1,1
2021-09-22 15:11:26.024,16906,16908,16908,4,4
2021-09-22 15:11:27.415,16907,16909,16909,1,1
2021-09-22 15:11:31.075,16907,16908,16908,1,1
2021-09-22 15:11:31.411,16908,16909,16909,3,3
2021-09-22 15:11:31.411,16908,16909,16910,2,2
2021-09-22 15:11:35.569,16908,16909,16909,3,3
2021-09-22 15:11:37.405,16908,16910,16910,1,1
2021-09-22 15:11:51.879,16909,16910,16909,1,-1
2021-09-22 15:11:53.262,16908,16909,16908,1,-1
2021-09-22 15:11:56.376,16907,16908,16907,3,-3
2021-09-22 15:11:57.575,16906,16908,16906,1,-1
2021-09-22 15:11:59.886,16906,16907,16907,1,1
2021-09-22 15:12:00.917,16906,16907,16907,1,1
2021-09-22 15:12:01.436,16906,16908,16908,1,1
2021-09-22 15:12:02.140,16906,16907,16906,2,-2
2021-09-22 15:12:02.148,16906,16907,16906,1,-1
2021-09-22 15:12:02.148,16906,16907,16905,1,-1
2021-09-22 15:12:07.267,16906,16908,16906,1,1
2021-09-22 15:12:07.720,16906,16908,16906,1,-1
2021-09-22 15:12:17.724,16907,16908,16907,1,1
2021-09-22 15:12:20.279,16906,16908,16908,2,2
2021-09-22 15:12:20.279,16906,16908,16909,4,4
2021-09-22 15:12:21.767,16906,16908,16908,4,4
2021-09-22 15:12:24.546,16906,16907,16907,1,1
2021-09-22 15:12:25.130,16907,16909,16907,1,-1
2021-09-22 15:12:26.488,16907,16909,16907,1,-1
2021-09-22 15:12:26.488,16907,16909,16906,2,-2
2021-09-22 15:12:32.857,16907,16908,16907,1,1
2021-09-22 15:12:33.855,16906,16907,16907,1,1
2021-09-22 15:12:47.869,16906,16907,16906,1,-1
2021-09-22 15:12:48.096,16906,16907,16907,1,1
2021-09-22 15:12:50.548,16906,16907,16907,2,2
2021-09-22 15:12:50.615,16906,16908,16906,1,-1
2021-09-22 15:12:52.996,16905,16906,16906,1,1
2021-09-22 15:12:58.987,16907,16908,16908,1,1
2021-09-22 15:13:01.781,16908,16909,16908,1,-1
2021-09-22 15:13:02.414,16907,16909,16907,1,-1
2021-09-22 15:13:04.343,16907,16909,16909,1,1
2021-09-22 15:13:08.992,16907,16909,16909,1,1
2021-09-22 15:13:18.424,16908,16909,16908,1,-1
2021-09-22 15:13:21.684,16908,16909,16909,4,4
2021-09-22 15:13:21.915,16908,16910,16910,5,5
2021-09-22 15:13:28.841,16908,16909,16909,1,1
2021-09-22 15:13:31.828,16908,16909,16909,1,1
2021-09-22 15:13:32.691,16908,16909,16909,1,1
2021-09-22 15:13:34.285,16908,16909,16909,1,1
2021-09-22 15:13:37.572,16908,16909,16908,1,-1
2021-09-22 15:13:41.282,16908,16909,16909,3,3
2021-09-22 15:13:43.369,16909,16910,16909,1,-1
2021-09-22 15:13:51.249,16909,16910,16909,2,-2
2021-09-22 15:13:51.993,16908,16909,16909,1,1
2021-09-22 15:14:06.708,16908,16909,16908,1,-1
2021-09-22 15:14:12.988,16908,16909,16909,1,1
2021-09-22 15:14:15.908,16908,16909,16909,1,1
2021-09-22 15:14:17.149,16908,16909,16909,1,1
2021-09-22 15:14:17.149,16908,16909,16909,3,3
2021-09-22 15:14:22.806,16909,16910,16909,1,-1
2021-09-22 15:14:23.046,16909,16910,16910,1,1
2021-09-22 15:14:23.046,16909,16910,16910,5,5
2021-09-22 15:14:23.046,16909,16910,16910,1,1
2021-09-22 15:14:23.046,16909,16910,16910,1,1
2021-09-22 15:14:23.046,16909,16910,16910,1,1
2021-09-22 15:14:23.047,16909,16910,16910,1,1
2021-09-22 15:14:23.047,16909,16910,16910,1,1
2021-09-22 15:14:23.047,16909,16910,16910,6,6
2021-09-22 15:14:23.501,16910,16911,16910,3,-3
2021-09-22 15:14:23.501,16910,16911,16909,1,-1
2021-09-22 15:14:24.180,16909,16911,16911,1,1
2021-09-22 15:14:24.214,16909,16911,16911,1,1
2021-09-22 15:14:35.391,16908,16910,16910,1,1
2021-09-22 15:14:40.639,16909,16910,16910,1,1
2021-09-22 15:14:44.978,16909,16910,16910,1,1
2021-09-22 15:14:50.062,16909,16911,16911,1,1
2021-09-22 15:14:58.985,16909,16910,16910,1,1
2021-09-22 15:15:00.136,16909,16910,16910,1,1
2021-09-22 15:15:00.199,16909,16911,16911,1,1
2021-09-22 15:15:00.199,16909,16911,16911,1,1
2021-09-22 15:15:00.200,16909,16911,16911,1,1
2021-09-22 15:15:00.201,16909,16911,16911,1,1
2021-09-22 15:15:00.202,16909,16911,16911,1,1
2021-09-22 15:15:01.185,16909,16911,16911,1,1
2021-09-22 15:15:01.690,16909,16911,16909,1,-1
2021-09-22 15:15:05.445,16909,16911,16911,2,2
2021-09-22 15:15:07.851,16909,16910,16910,1,1
2021-09-22 15:15:20.351,16910,16912,16910,1,-1
2021-09-22 15:15:20.447,16910,16912,16912,1,1
2021-09-22 15:15:20.448,16910,16912,16912,1,1
2021-09-22 15:15:20.451,16910,16912,16912,1,1
2021-09-22 15:15:20.606,16910,16912,16910,1,-1
2021-09-22 15:15:23.143,16911,16912,16912,1,1
2021-09-22 15:15:23.197,16911,16912,16912,1,1
2021-09-22 15:15:23.198,16911,16912,16912,1,1
2021-09-22 15:15:23.198,16911,16912,16912,1,1
2021-09-22 15:15:23.198,16911,16912,16912,5,5
2021-09-22 15:15:23.320,16911,16912,16912,2,2
2021-09-22 15:15:23.626,16912,16913,16913,3,3
2021-09-22 15:15:23.626,16912,16913,16914,2,2
2021-09-22 15:15:29.883,16910,16912,16912,4,4
2021-09-22 15:15:29.883,16910,16912,16913,6,6
2021-09-22 15:15:36.376,16911,16913,16913,1,1
2021-09-22 15:15:39.846,16912,16913,16912,1,-1
2021-09-22 15:15:39.948,16912,16913,16913,1,1
2021-09-22 15:15:40.377,16912,16913,16912,1,-1
2021-09-22 15:15:42.709,16912,16913,16912,1,-1
2021-09-22 15:15:50.685,16912,16913,16913,1,1
2021-09-22 15:15:51.626,16912,16913,16913,1,1
2021-09-22 15:15:52.677,16912,16913,16912,1,-1
2021-09-22 15:15:52.708,16911,16913,16911,2,-2
2021-09-22 15:15:53.828,16912,16913,16913,8,8
2021-09-22 15:15:53.828,16912,16913,16914,20,20
2021-09-22 15:15:53.828,16912,16913,16915,21,21
2021-09-22 15:15:53.831,16912,16913,16915,3,3
2021-09-22 15:15:53.831,16912,16913,16916,2,2
2021-09-22 15:15:53.831,16912,16913,16916,1,1
2021-09-22 15:15:54.163,16915,16916,16915,1,-1
2021-09-22 15:15:54.355,16915,16916,16915,1,-1
2021-09-22 15:15:54.355,16915,16916,16915,1,-1
2021-09-22 15:15:54.356,16915,16916,16915,1,-1
2021-09-22 15:15:54.356,16915,16916,16915,4,-4
2021-09-22 15:15:55.438,16915,16916,16915,1,-1
2021-09-22 15:15:55.442,16915,16916,16915,17,-17
2021-09-22 15:15:55.442,16915,16916,16915,1,-1
2021-09-22 15:15:55.443,16915,16916,16915,1,-1
2021-09-22 15:15:55.443,16915,16916,16915,5,-5
2021-09-22 15:15:55.444,16915,16916,16915,1,-1
2021-09-22 15:15:55.444,16915,16916,16915,2,-2
2021-09-22 15:15:56.179,16914,16915,16915,1,1
2021-09-22 15:15:56.179,16914,16915,16916,2,2
2021-09-22 15:15:56.601,16914,16916,16914,1,-1
2021-09-22 15:15:58.480,16914,16915,16915,1,1
2021-09-22 15:16:02.335,16914,16915,16915,1,1
2021-09-22 15:16:02.915,16914,16915,16915,1,1
2021-09-22 15:16:07.129,16914,16915,16915,1,1
2021-09-22 15:16:08.146,16914,16915,16915,1,1
2021-09-22 15:16:09.502,16915,16916,16915,1,-1
2021-09-22 15:16:13.027,16915,16916,16915,1,-1
2021-09-22 15:16:14.341,16915,16916,16915,1,-1
2021-09-22 15:16:15.016,16915,16916,16916,1,1
2021-09-22 15:16:15.016,16915,16916,16916,1,1
2021-09-22 15:16:15.062,16915,16916,16916,2,2
2021-09-22 15:16:18.849,16916,16917,16917,1,1
2021-09-22 15:16:18.969,16916,16917,16916,1,-1
2021-09-22 15:16:19.416,16916,16917,16917,5,5
2021-09-22 15:16:20.035,16917,16918,16918,1,1
2021-09-22 15:16:20.035,16917,16918,16918,13,13
2021-09-22 15:16:23.352,16918,16919,16918,1,-1
2021-09-22 15:16:26.017,16918,16919,16918,1,-1
2021-09-22 15:16:27.815,16918,16919,16918,2,-2
2021-09-22 15:16:27.975,16916,16918,16916,2,-2
2021-09-22 15:16:30.353,16916,16918,16918,1,1
2021-09-22 15:16:31.516,16917,16918,16918,1,1
2021-09-22 15:16:32.817,16917,16918,16917,1,-1
2021-09-22 15:16:34.801,16916,16918,16916,1,-1
2021-09-22 15:16:35.572,16916,16918,16918,1,1
2021-09-22 15:16:38.933,16917,16918,16917,1,-1
2021-09-22 15:16:40.929,16916,16917,16917,1,1
2021-09-22 15:16:41.537,16916,16917,16917,2,2
2021-09-22 15:17:00.730,16916,16917,16916,2,-2
2021-09-22 15:17:01.487,16916,16917,16917,2,2
2021-09-22 15:17:02.064,16916,16917,16916,1,-1
2021-09-22 15:17:04.259,16916,16917,16917,1,1
2021-09-22 15:17:06.368,16916,16917,16917,1,1
2021-09-22 15:17:06.476,16916,16917,16916,3,-3
2021-09-22 15:17:08.331,16916,16917,16917,1,1
2021-09-22 15:17:08.331,16916,16917,16917,2,2
2021-09-22 15:17:11.543,16917,16918,16918,1,1
2021-09-22 15:17:14.488,16917,16918,16917,1,-1
2021-09-22 15:17:15.514,16917,16918,16917,2,-2
2021-09-22 15:17:20.917,16917,16918,16917,1,-1
2021-09-22 15:17:28.111,16916,16917,16917,1,1
2021-09-22 15:17:28.299,16916,16917,16917,1,1
2021-09-22 15:17:34.048,16916,16917,16917,1,1
2021-09-22 15:17:36.783,16916,16917,16916,1,-1
2021-09-22 15:17:40.181,16915,16916,16915,1,-1
2021-09-22 15:17:40.181,16915,16916,16915,1,-1
2021-09-22 15:17:40.181,16915,16916,16915,3,-3
2021-09-22 15:17:43.060,16914,16915,16914,7,-7
2021-09-22 15:17:43.313,16913,16914,16914,1,1
2021-09-22 15:17:47.260,16913,16914,16913,1,-1
2021-09-22 15:17:55.902,16913,16914,16913,1,-1
2021-09-22 15:17:56.304,16913,16914,16913,1,-1
2021-09-22 15:17:56.856,16913,16914,16913,7,-7
2021-09-22 15:17:59.355,16912,16913,16913,2,2
2021-09-22 15:18:02.314,16913,16914,16913,1,-1
2021-09-22 15:18:02.998,16912,16914,16914,2,2
2021-09-22 15:18:03.115,16912,16914,16912,2,-2
2021-09-22 15:18:03.115,16912,16914,16912,1,-1
2021-09-22 15:18:08.120,16913,16914,16914,1,1
2021-09-22 15:18:12.503,16913,16914,16913,2,-2
2021-09-22 15:18:14.531,16912,16913,16913,1,1
2021-09-22 15:18:19.068,16912,16913,16913,3,3
2021-09-22 15:18:19.069,16912,16913,16913,1,1
2021-09-22 15:18:21.524,16912,16913,16912,5,-5
2021-09-22 15:18:21.525,16912,16913,16912,3,-3
2021-09-22 15:18:26.090,16911,16912,16911,1,-1
2021-09-22 15:18:26.190,16911,16912,16912,1,1
2021-09-22 15:18:30.017,16911,16912,16911,1,-1
2021-09-22 15:18:30.018,16911,16912,16911,2,-2
2021-09-22 15:18:32.475,16910,16911,16910,7,-7
2021-09-22 15:18:32.725,16909,16910,16909,4,-4
2021-09-22 15:18:35.580,16908,16909,16908,6,-6
2021-09-22 15:18:41.128,16907,16908,16907,2,-2
2021-09-22 15:18:45.611,16906,16907,16907,1,1
2021-09-22 15:18:45.707,16906,16908,16908,1,1
2021-09-22 15:18:46.994,16907,16908,16908,1,1
2021-09-22 15:18:50.849,16907,16908,16907,1,-1
2021-09-22 15:18:59.320,16907,16908,16907,1,-1
2021-09-22 15:18:59.594,16906,16908,16907,1,-1
2021-09-22 15:18:59.594,16906,16908,16906,1,-1
2021-09-22 15:19:06.632,16907,16908,16907,2,2
2021-09-22 15:19:09.157,16907,16908,16908,1,1
2021-09-22 15:19:09.208,16907,16908,16907,1,-1
2021-09-22 15:19:11.035,16907,16908,16908,1,1
2021-09-22 15:19:11.035,16907,16908,16908,3,3
2021-09-22 15:19:13.691,16907,16909,16907,1,-1
2021-09-22 15:19:15.428,16907,16908,16908,1,1
2021-09-22 15:19:23.847,16908,16909,16908,13,-13
2021-09-22 15:19:23.945,16907,16908,16907,2,-2
2021-09-22 15:19:31.570,16906,16907,16906,5,-5
2021-09-22 15:19:31.696,16906,16907,16906,2,-2
2021-09-22 15:19:38.976,16905,16907,16905,2,-2
2021-09-22 15:19:41.329,16905,16906,16905,1,-1
2021-09-22 15:19:43.030,16905,16906,16906,1,1
2021-09-22 15:19:43.836,16905,16907,16905,2,-2
2021-09-22 15:19:48.191,16905,16907,16905,3,-3
2021-09-22 15:19:48.196,16905,16907,16905,2,-2
2021-09-22 15:20:00.944,16905,16907,16905,1,-1
2021-09-22 15:20:01.334,16905,16907,16906,1,1
2021-09-22 15:20:01.577,16905,16907,16905,1,-1
2021-09-22 15:20:01.817,16905,16907,16905,1,-1
2021-09-22 15:20:04.692,16906,16907,16906,1,1
2021-09-22 15:20:05.559,16906,16907,16907,1,1
2021-09-22 15:20:05.560,16906,16907,16907,1,1
2021-09-22 15:20:05.560,16906,16907,16907,1,1
2021-09-22 15:20:05.560,16906,16907,16907,1,1
2021-09-22 15:20:12.336,16907,16908,16907,1,-1
2021-09-22 15:20:14.098,16907,16908,16907,2,-2
2021-09-22 15:20:20.119,16906,16908,16908,1,1
2021-09-22 15:20:22.907,16906,16907,16907,1,1
2021-09-22 15:20:23.748,16906,16907,16907,2,2
2021-09-22 15:20:23.748,16906,16907,16907,1,1
2021-09-22 15:20:27.854,16906,16908,16906,2,-2
2021-09-22 15:20:31.084,16906,16908,16906,1,-1
2021-09-22 15:20:38.698,16906,16908,16906,1,-1
2021-09-22 15:20:42.469,16907,16908,16907,2,2
2021-09-22 15:20:49.688,16906,16907,16906,5,-5
2021-09-22 15:20:58.757,16905,16906,16906,1,1
2021-09-22 15:20:59.216,16906,16907,16906,1,-1
2021-09-22 15:21:25.555,16906,16907,16906,1,-1
2021-09-22 15:21:28.896,16906,16907,16907,2,2
2021-09-22 15:21:33.765,16907,16908,16907,1,-1
2021-09-22 15:21:36.028,16907,16908,16907,1,-1
2021-09-22 15:21:58.246,16906,16908,16906,1,-1
2021-09-22 15:22:02.743,16906,16907,16906,4,-4
2021-09-22 15:22:03.179,16905,16906,16906,1,1
2021-09-22 15:22:07.401,16905,16907,16905,1,-1
2021-09-22 15:22:09.016,16905,16906,16906,1,1
2021-09-22 15:22:14.256,16906,16907,16906,1,-1
2021-09-22 15:22:25.200,16906,16907,16907,1,1
2021-09-22 15:22:25.200,16906,16907,16907,2,2
2021-09-22 15:22:43.291,16906,16908,16907,1,-1
2021-09-22 15:23:17.267,16907,16908,16907,1,-1
2021-09-22 15:23:22.447,16907,16908,16907,1,-1
2021-09-22 15:23:24.996,16907,16908,16908,4,4
2021-09-22 15:23:24.997,16907,16908,16908,4,4
2021-09-22 15:23:37.029,16908,16909,16908,3,-3
2021-09-22 15:23:41.921,16907,16909,16907,1,-1
2021-09-22 15:23:43.970,16908,16909,16908,1,1
2021-09-22 15:23:56.062,16907,16909,16907,1,-1
2021-09-22 15:23:58.819,16907,16909,16907,1,-1
2021-09-22 15:24:02.079,16906,16907,16907,1,1
2021-09-22 15:24:04.502,16906,16907,16907,1,1
2021-09-22 15:24:10.811,16906,16907,16906,6,-6
2021-09-22 15:24:17.990,16905,16906,16906,1,1
2021-09-22 15:24:32.437,16906,16907,16906,1,-1
2021-09-22 15:24:41.419,16905,16906,16906,3,3
2021-09-22 15:24:45.558,16905,16906,16906,1,1
2021-09-22 15:25:04.557,16905,16906,16906,1,1
2021-09-22 15:25:18.319,16905,16906,16906,1,1
2021-09-22 15:25:21.072,16905,16906,16905,1,-1
2021-09-22 15:25:21.419,16905,16906,16905,1,-1
2021-09-22 15:25:23.691,16905,16906,16905,10,-10
2021-09-22 15:25:23.692,16905,16906,16905,1,-1
2021-09-22 15:25:23.692,16905,16906,16905,12,-12
2021-09-22 15:25:24.579,16904,16905,16904,1,-1
2021-09-22 15:25:26.054,16904,16905,16904,1,-1
2021-09-22 15:25:28.261,16905,16907,16907,2,2
2021-09-22 15:25:28.261,16905,16907,16907,1,1
2021-09-22 15:25:28.474,16907,16908,16908,2,2
2021-09-22 15:25:28.474,16907,16908,16909,3,3
2021-09-22 15:25:28.685,16908,16909,16909,2,2
2021-09-22 15:25:32.646,16907,16909,16907,3,-3
2021-09-22 15:25:36.192,16906,16908,16906,1,-1
2021-09-22 15:25:36.341,16905,16906,16905,4,-4
2021-09-22 15:25:42.752,16904,16906,16905,1,-1
2021-09-22 15:25:44.201,16904,16905,16905,1,1
2021-09-22 15:25:44.952,16904,16905,16904,7,-7
2021-09-22 15:25:45.991,16903,16904,16903,1,-1
2021-09-22 15:25:45.991,16903,16904,16903,5,-5
2021-09-22 15:25:45.992,16903,16904,16903,1,-1
2021-09-22 15:25:45.992,16903,16904,16903,3,-3
2021-09-22 15:25:49.756,16902,16903,16902,26,-26
2021-09-22 15:25:49.758,16902,16903,16901,3,-3
2021-09-22 15:25:49.758,16902,16903,16901,3,-3
2021-09-22 15:25:49.758,16902,16903,16901,4,-4
2021-09-22 15:25:49.758,16902,16903,16901,2,-2
2021-09-22 15:25:49.759,16902,16903,16901,5,-5
2021-09-22 15:25:49.759,16902,16903,16901,1,-1
2021-09-22 15:25:49.759,16902,16903,16901,1,-1
2021-09-22 15:25:49.843,16900,16901,16900,1,-1
2021-09-22 15:25:49.851,16900,16901,16900,1,-1
2021-09-22 15:25:49.858,16900,16901,16900,1,-1
2021-09-22 15:25:49.869,16900,16901,16900,1,-1
2021-09-22 15:25:49.917,16900,16901,16900,2,-2
2021-09-22 15:25:49.977,16900,16901,16900,2,-2
2021-09-22 15:25:50.005,16900,16901,16900,1,-1
2021-09-22 15:25:50.019,16900,16901,16900,1,-1
2021-09-22 15:25:50.019,16900,16901,16900,5,-5
2021-09-22 15:25:50.019,16900,16901,16900,8,-8
2021-09-22 15:25:50.020,16900,16901,16900,3,-3
2021-09-22 15:25:50.020,16900,16901,16900,5,-5
2021-09-22 15:25:50.020,16900,16901,16900,1,-1
2021-09-22 15:25:50.020,16900,16901,16900,6,-6
2021-09-22 15:25:50.035,16900,16901,16899,1,-1
2021-09-22 15:25:50.042,16900,16901,16899,1,-1
2021-09-22 15:25:50.043,16900,16901,16899,5,-5
2021-09-22 15:25:50.043,16900,16901,16899,1,-1
2021-09-22 15:25:50.044,16900,16901,16899,1,-1
2021-09-22 15:25:50.044,16900,16901,16899,1,-1
2021-09-22 15:25:50.044,16900,16901,16899,3,-3
2021-09-22 15:25:50.044,16900,16901,16898,1,-1
2021-09-22 15:25:50.045,16900,16901,16898,1,-1
2021-09-22 15:25:50.047,16900,16901,16898,1,-1
2021-09-22 15:25:50.145,16897,16898,16897,2,-2
2021-09-22 15:25:50.145,16897,16898,16896,1,-1
2021-09-22 15:25:50.160,16897,16898,16896,1,-1
2021-09-22 15:25:50.163,16897,16898,16896,1,-1
2021-09-22 15:25:50.241,16896,16898,16896,1,-1
2021-09-22 15:25:50.254,16896,16898,16896,1,-1
2021-09-22 15:25:50.393,16896,16898,16896,3,-3
2021-09-22 15:25:50.424,16896,16898,16896,2,-2
2021-09-22 15:25:50.436,16896,16898,16896,1,-1
2021-09-22 15:25:50.505,16896,16898,16898,1,1
2021-09-22 15:25:50.920,16896,16898,16897,1,-1
2021-09-22 15:25:51.435,16897,16899,16897,2,-2
2021-09-22 15:25:51.562,16897,16899,16898,1,1
2021-09-22 15:25:51.774,16898,16899,16899,1,1
2021-09-22 15:25:54.002,16897,16899,16899,1,1
2021-09-22 15:25:56.462,16898,16899,16899,2,2
2021-09-22 15:25:56.594,16898,16900,16898,1,-1
2021-09-22 15:25:56.866,16898,16900,16900,1,1
2021-09-22 15:25:56.866,16898,16900,16901,3,3
2021-09-22 15:26:00.756,16897,16899,16897,1,-1
2021-09-22 15:26:05.955,16897,16898,16897,22,-22
2021-09-22 15:26:07.846,16896,16897,16897,1,1
2021-09-22 15:26:07.998,16897,16898,16898,3,3
2021-09-22 15:26:07.998,16897,16898,16899,2,2
2021-09-22 15:26:07.999,16897,16898,16898,1,1
2021-09-22 15:26:08.969,16897,16899,16899,2,2
2021-09-22 15:26:10.040,16898,16900,16898,2,-2
2021-09-22 15:26:10.366,16899,16900,16898,5,-5
2021-09-22 15:26:11.385,16898,16900,16898,1,-1
2021-09-22 15:26:11.959,16898,16900,16900,1,1
2021-09-22 15:26:12.423,16898,16900,16898,1,-1
2021-09-22 15:26:17.619,16899,16900,16899,1,1
2021-09-22 15:26:18.467,16899,16900,16899,1,-1
2021-09-22 15:26:21.635,16899,16900,16900,21,21
2021-09-22 15:26:21.636,16899,16900,16901,1,1
2021-09-22 15:26:21.637,16899,16900,16901,1,1
2021-09-22 15:26:22.466,16900,16902,16900,1,-1
2021-09-22 15:26:26.284,16900,16902,16902,2,2
2021-09-22 15:26:28.070,16900,16901,16901,1,1
2021-09-22 15:26:29.628,16900,16901,16900,4,-4
2021-09-22 15:26:29.628,16900,16901,16899,1,-1
2021-09-22 15:26:34.381,16899,16901,16899,2,-2
2021-09-22 15:26:35.916,16900,16901,16900,1,1
2021-09-22 15:26:36.719,16898,16900,16898,1,-1
2021-09-22 15:26:40.946,16899,16900,16899,1,1
2021-09-22 15:26:42.326,16899,16900,16899,1,-1
2021-09-22 15:26:43.643,16898,16899,16898,2,-2
2021-09-22 15:26:43.859,16897,16898,16898,1,1
2021-09-22 15:26:43.873,16897,16898,16897,1,-1
2021-09-22 15:26:47.170,16897,16898,16897,3,-3
2021-09-22 15:26:47.686,16896,16897,16897,1,1
2021-09-22 15:26:47.688,16896,16897,16897,1,1
2021-09-22 15:26:50.191,16896,16897,16897,1,1
2021-09-22 15:26:55.303,16896,16897,16896,2,-2
2021-09-22 15:27:00.158,16895,16897,16895,1,-1
2021-09-22 15:27:03.688,16895,16896,16895,1,-1
2021-09-22 15:27:05.240,16895,16896,16896,1,1
2021-09-22 15:27:05.422,16895,16896,16895,2,-2
2021-09-22 15:27:07.462,16895,16896,16896,1,1
2021-09-22 15:27:08.451,16895,16896,16895,1,-1
2021-09-22 15:27:10.390,16895,16896,16895,6,-6
2021-09-22 15:27:11.584,16895,16896,16895,2,-2
2021-09-22 15:27:13.404,16895,16896,16895,2,-2
2021-09-22 15:27:13.404,16895,16896,16895,4,-4
2021-09-22 15:27:13.404,16895,16896,16895,2,-2
2021-09-22 15:27:13.404,16895,16896,16895,2,-2
2021-09-22 15:27:13.404,16895,16896,16895,1,-1
2021-09-22 15:27:13.404,16895,16896,16895,1,-1
2021-09-22 15:27:13.405,16895,16896,16895,1,-1
2021-09-22 15:27:14.070,16894,16895,16895,1,1
2021-09-22 15:27:15.570,16894,16895,16895,2,2
2021-09-22 15:27:16.570,16895,16896,16896,2,2
2021-09-22 15:27:20.695,16895,16896,16896,1,1
2021-09-22 15:27:21.958,16895,16897,16895,1,-1
2021-09-22 15:27:25.122,16895,16897,16897,1,1
2021-09-22 15:27:40.393,16896,16897,16897,1,1
2021-09-22 15:27:40.451,16896,16897,16896,1,-1
2021-09-22 15:27:45.580,16896,16897,16896,1,-1
2021-09-22 15:27:53.770,16895,16897,16896,3,-3
2021-09-22 15:27:57.570,16896,16897,16897,2,2
2021-09-22 15:28:00.273,16896,16897,16897,3,3
2021-09-22 15:28:02.992,16897,16899,16897,1,-1
2021-09-22 15:28:03.854,16896,16898,16896,1,-1
2021-09-22 15:28:09.102,16896,16898,16896,1,-1
2021-09-22 15:28:13.846,16896,16898,16896,2,-2
2021-09-22 15:28:26.831,16898,16899,16898,1,1
2021-09-22 15:28:31.335,16897,16899,16899,2,2
2021-09-22 15:28:34.673,16898,16899,16898,1,-1
2021-09-22 15:28:35.075,16897,16898,16898,2,2
2021-09-22 15:28:40.360,16897,16898,16898,1,1
2021-09-22 15:28:41.480,16897,16899,16897,1,-1
2021-09-22 15:28:43.631,16897,16899,16899,1,1
2021-09-22 15:28:44.505,16897,16898,16897,2,-2
2021-09-22 15:28:44.851,16897,16898,16897,1,-1
2021-09-22 15:28:53.505,16897,16898,16897,1,-1
2021-09-22 15:29:09.530,16896,16898,16896,1,-1
2021-09-22 15:29:09.707,16896,16898,16898,1,1
2021-09-22 15:29:12.353,16896,16898,16896,4,-4
2021-09-22 15:29:12.660,16896,16898,16896,2,-2
2021-09-22 15:29:22.838,16896,16898,16896,1,-1
2021-09-22 15:29:22.839,16896,16898,16896,1,-1
2021-09-22 15:29:28.651,16895,16898,16896,1,-1
2021-09-22 15:29:31.213,16896,16898,16896,1,-1
2021-09-22 15:29:40.871,16895,16897,16895,1,-1
2021-09-22 15:29:46.017,16895,16897,16895,1,-1
2021-09-22 15:29:46.386,16895,16897,16895,1,-1
2021-09-22 15:29:49.831,16895,16897,16895,1,-1
2021-09-22 15:29:49.914,16895,16897,16895,5,-5
2021-09-22 15:29:53.126,16895,16897,16895,4,-4
2021-09-22 15:29:53.154,16895,16897,16895,1,-1
2021-09-22 15:29:54.323,16894,16897,16894,14,-14
2021-09-22 15:29:54.445,16893,16894,16893,4,-4
2021-09-22 15:29:54.637,16892,16894,16892,1,-1
2021-09-22 15:29:58.331,16892,16893,16893,1,1
2021-09-22 15:29:59.705,16892,16894,16892,9,-9
2021-09-22 15:30:00.052,16892,16894,16892,2,-2
2021-09-22 15:30:00.052,16892,16894,16891,7,-7
2021-09-22 15:30:00.143,16891,16893,16891,1,-1
2021-09-22 15:30:00.252,16891,16893,16891,4,-4
2021-09-22 15:30:00.252,16891,16893,16890,6,-6
2021-09-22 15:30:00.297,16891,16893,16890,1,-1
2021-09-22 15:30:00.302,16891,16893,16890,4,-4
2021-09-22 15:30:00.356,16890,16892,16890,1,-1
2021-09-22 15:30:00.385,16890,16892,16890,1,-1
2021-09-22 15:30:00.389,16890,16892,16892,2,2
2021-09-22 15:30:00.426,16890,16892,16890,4,-4
2021-09-22 15:30:00.427,16890,16892,16890,1,-1
2021-09-22 15:30:00.436,16890,16892,16890,2,-2
2021-09-22 15:30:00.436,16890,16892,16889,2,-2
2021-09-22 15:30:00.626,16889,16891,16890,1,1
2021-09-22 15:30:01.073,16890,16892,16890,1,-1
2021-09-22 15:30:01.076,16890,16892,16890,1,-1
2021-09-22 15:30:01.078,16890,16892,16890,1,-1
2021-09-22 15:30:01.113,16890,16892,16890,1,-1
2021-09-22 15:30:01.114,16890,16892,16890,1,-1
2021-09-22 15:30:02.294,16890,16892,16890,1,-1
2021-09-22 15:30:02.469,16890,16892,16890,1,-1
2021-09-22 15:30:04.014,16890,16892,16890,2,-2
2021-09-22 15:30:04.546,16890,16892,16890,2,-2
2021-09-22 15:30:04.546,16890,16892,16889,3,-3
2021-09-22 15:30:06.133,16889,16890,16889,1,-1
2021-09-22 15:30:07.843,16889,16890,16890,5,5
2021-09-22 15:30:07.948,16889,16892,16889,1,-1
2021-09-22 15:30:09.322,16889,16892,16889,1,-1
2021-09-22 15:30:09.566,16889,16892,16889,1,-1
2021-09-22 15:30:10.570,16890,16891,16891,2,2
2021-09-22 15:30:11.945,16890,16891,16891,1,1
2021-09-22 15:30:12.440,16890,16891,16890,1,-1
2021-09-22 15:30:14.941,16890,16891,16891,5,5
2021-09-22 15:30:14.945,16890,16891,16891,1,1
2021-09-22 15:30:15.352,16890,16891,16890,3,-3
2021-09-22 15:30:15.352,16890,16891,16889,2,-2
2021-09-22 15:30:16.570,16889,16890,16890,1,1
2021-09-22 15:30:18.069,16889,16890,16890,1,1
2021-09-22 15:30:18.073,16889,16891,16889,1,-1
2021-09-22 15:30:21.183,16889,16891,16891,1,1
2021-09-22 15:30:21.260,16889,16891,16889,1,-1
2021-09-22 15:30:22.404,16889,16891,16889,4,-4
2021-09-22 15:30:22.405,16889,16891,16889,1,-1
2021-09-22 15:30:26.814,16889,16890,16890,1,1
2021-09-22 15:30:26.814,16889,16890,16891,1,1
2021-09-22 15:30:27.390,16889,16891,16889,1,-1
2021-09-22 15:30:27.448,16889,16891,16889,1,-1
2021-09-22 15:30:27.448,16889,16891,16889,1,-1
2021-09-22 15:30:27.843,16889,16891,16889,1,-1
2021-09-22 15:30:29.323,16889,16891,16889,1,-1
2021-09-22 15:30:30.527,16889,16891,16889,1,-1
2021-09-22 15:30:31.072,16889,16891,16889,3,-3
2021-09-22 15:30:31.852,16889,16891,16891,2,2
2021-09-22 15:30:31.969,16891,16892,16892,1,1
2021-09-22 15:30:33.271,16891,16892,16891,3,-3
2021-09-22 15:30:33.271,16891,16892,16890,1,-1
2021-09-22 15:30:34.508,16890,16892,16890,1,-1
2021-09-22 15:30:35.463,16890,16892,16892,3,3
2021-09-22 15:30:41.240,16891,16892,16892,1,1
2021-09-22 15:30:43.305,16891,16892,16892,2,2
2021-09-22 15:30:43.569,16891,16893,16891,3,-3
2021-09-22 15:30:43.829,16891,16893,16892,2,2
2021-09-22 15:30:45.261,16892,16893,16893,2,2
2021-09-22 15:30:46.485,16892,16893,16893,2,2
2021-09-22 15:30:46.796,16892,16893,16893,1,1
2021-09-22 15:30:46.796,16892,16893,16894,2,2
2021-09-22 15:30:48.335,16893,16894,16893,2,-2
2021-09-22 15:30:49.453,16892,16893,16893,2,2
2021-09-22 15:30:50.637,16892,16893,16893,2,2
2021-09-22 15:30:51.765,16892,16893,16893,2,2
2021-09-22 15:30:52.273,16892,16893,16893,2,2
2021-09-22 15:30:53.337,16892,16893,16893,2,2
2021-09-22 15:30:53.593,16892,16893,16893,2,2
2021-09-22 15:30:53.629,16892,16893,16893,1,1
2021-09-22 15:30:54.100,16892,16893,16892,1,-1
2021-09-22 15:30:55.913,16892,16893,16893,2,2
2021-09-22 15:30:55.975,16892,16893,16892,1,-1
2021-09-22 15:30:57.196,16892,16893,16892,2,-2
2021-09-22 15:31:02.126,16892,16893,16892,2,-2
2021-09-22 15:31:02.374,16891,16893,16892,1,-1
2021-09-22 15:31:02.756,16891,16892,16891,2,-2
2021-09-22 15:31:02.756,16891,16892,16891,1,-1
2021-09-22 15:31:02.756,16891,16892,16891,4,-4
2021-09-22 15:31:03.073,16890,16891,16891,1,1
2021-09-22 15:31:03.198,16890,16891,16890,1,-1
2021-09-22 15:31:05.829,16891,16892,16892,2,2
2021-09-22 15:31:06.397,16891,16892,16891,1,-1
2021-09-22 15:31:08.101,16891,16892,16892,2,2
2021-09-22 15:31:09.893,16891,16892,16892,2,2
2021-09-22 15:31:10.334,16891,16892,16892,1,1
2021-09-22 15:31:11.773,16891,16892,16892,1,1
2021-09-22 15:31:13.050,16892,16893,16892,1,-1
2021-09-22 15:31:13.050,16892,16893,16891,3,-3
2021-09-22 15:31:14.992,16891,16892,16891,1,-1
2021-09-22 15:31:16.708,16891,16892,16891,1,-1
2021-09-22 15:31:17.437,16891,16892,16892,2,2
2021-09-22 15:31:17.448,16891,16892,16891,1,-1
2021-09-22 15:31:18.387,16891,16892,16892,3,3
2021-09-22 15:31:18.387,16891,16892,16893,2,2
2021-09-22 15:31:28.900,16891,16893,16891,1,-1
2021-09-22 15:31:33.123,16891,16893,16891,1,-1
2021-09-22 15:31:33.583,16892,16893,16893,2,2
2021-09-22 15:31:34.084,16893,16894,16894,1,1
2021-09-22 15:31:35.313,16893,16894,16894,2,2
2021-09-22 15:31:36.840,16893,16894,16894,1,1
2021-09-22 15:31:37.297,16893,16894,16894,2,2
2021-09-22 15:31:38.053,16893,16894,16894,1,1
2021-09-22 15:31:39.393,16893,16894,16894,2,2
2021-09-22 15:31:41.166,16893,16894,16894,1,1
2021-09-22 15:31:41.222,16893,16894,16893,1,-1
2021-09-22 15:31:42.429,16893,16894,16894,2,2
2021-09-22 15:31:44.777,16893,16894,16894,2,2
2021-09-22 15:31:45.656,16893,16894,16894,1,1
2021-09-22 15:31:46.337,16893,16894,16894,2,2
2021-09-22 15:31:46.647,16893,16894,16894,1,1
2021-09-22 15:31:47.389,16893,16894,16894,2,2
2021-09-22 15:31:48.086,16893,16894,16894,1,1
2021-09-22 15:31:49.145,16893,16894,16894,2,2
2021-09-22 15:31:50.197,16893,16894,16894,2,2
2021-09-22 15:31:52.441,16893,16895,16894,1,-1
2021-09-22 15:32:01.041,16894,16895,16894,1,-1
2021-09-22 15:32:04.238,16894,16895,16895,7,7
2021-09-22 15:32:08.468,16895,16896,16895,1,-1
2021-09-22 15:32:12.149,16894,16895,16894,4,-4
2021-09-22 15:32:12.245,16893,16894,16894,2,2
2021-09-22 15:32:26.671,16893,16894,16893,2,-2
2021-09-22 15:32:32.138,16892,16894,16892,2,-2
2021-09-22 15:32:32.820,16891,16892,16891,1,-1
2021-09-22 15:32:33.813,16890,16892,16890,1,-1
2021-09-22 15:32:43.788,16891,16892,16891,1,1
2021-09-22 15:32:57.207,16890,16891,16890,1,-1
2021-09-22 15:32:59.206,16890,16891,16890,3,-3
2021-09-22 15:33:00.552,16889,16891,16891,1,1
2021-09-22 15:33:06.241,16890,16891,16890,1,-1
2021-09-22 15:33:18.280,16890,16891,16891,5,5
2021-09-22 15:33:19.177,16890,16892,16890,1,-1
2021-09-22 15:33:26.442,16891,16892,16892,1,1
2021-09-22 15:33:47.024,16891,16892,16892,2,2
2021-09-22 15:33:55.013,16891,16892,16891,1,-1
2021-09-22 15:33:55.013,16891,16892,16891,2,-2
2021-09-22 15:33:58.763,16890,16891,16890,5,-5
2021-09-22 15:34:05.421,16889,16890,16889,1,-1
2021-09-22 15:34:05.834,16889,16890,16889,1,-1
2021-09-22 15:34:05.838,16889,16890,16888,1,-1
2021-09-22 15:34:05.915,16889,16890,16888,1,-1
2021-09-22 15:34:05.974,16888,16890,16888,1,-1
2021-09-22 15:34:06.002,16888,16890,16888,1,-1
2021-09-22 15:34:06.520,16888,16890,16888,1,-1
2021-09-22 15:34:06.729,16888,16890,16888,1,-1
2021-09-22 15:34:09.887,16888,16890,16888,1,-1
2021-09-22 15:34:13.231,16888,16890,16888,1,-1
2021-09-22 15:34:20.819,16889,16890,16889,1,1
2021-09-22 15:34:21.443,16888,16890,16888,2,-2
2021-09-22 15:34:21.628,16888,16889,16889,1,1
2021-09-22 15:34:23.377,16888,16890,16888,1,-1
2021-09-22 15:34:30.982,16888,16889,16888,1,-1
2021-09-22 15:34:36.123,16889,16890,16889,1,1
2021-09-22 15:34:37.278,16888,16890,16888,2,-2
2021-09-22 15:34:43.695,16889,16890,16889,1,1
2021-09-22 15:34:45.445,16888,16889,16889,1,1
2021-09-22 15:34:46.146,16889,16890,16890,1,1
2021-09-22 15:34:46.209,16889,16890,16890,8,8
2021-09-22 15:34:46.279,16889,16890,16889,1,-1
2021-09-22 15:34:47.422,16889,16890,16890,1,1
2021-09-22 15:34:53.250,16889,16890,16890,1,1
2021-09-22 15:34:55.515,16889,16890,16890,1,1
2021-09-22 15:35:00.112,16890,16891,16891,1,1
2021-09-22 15:35:00.112,16890,16891,16892,2,2
2021-09-22 15:35:00.367,16889,16892,16892,1,1
2021-09-22 15:35:00.536,16889,16892,16890,2,-2
2021-09-22 15:35:05.514,16889,16890,16890,2,2
2021-09-22 15:35:06.578,16889,16890,16889,1,-1
2021-09-22 15:35:06.593,16889,16890,16888,1,-1
2021-09-22 15:35:06.831,16888,16890,16888,4,-4
2021-09-22 15:35:12.606,16889,16890,16890,2,2
2021-09-22 15:35:24.168,16890,16891,16890,1,-1
2021-09-22 15:35:24.168,16890,16891,16889,1,-1
2021-09-22 15:35:25.813,16889,16891,16889,2,-2
2021-09-22 15:35:25.814,16889,16891,16889,2,-2
2021-09-22 15:35:28.019,16889,16890,16889,1,-1
2021-09-22 15:35:30.067,16889,16890,16890,3,3
2021-09-22 15:35:33.492,16890,16891,16890,1,-1
2021-09-22 15:35:33.493,16890,16891,16890,1,-1
2021-09-22 15:35:41.617,16888,16889,16888,1,-1
2021-09-22 15:35:42.201,16887,16888,16888,1,1
2021-09-22 15:35:47.230,16887,16889,16887,1,-1
2021-09-22 15:35:47.389,16887,16889,16887,1,-1
2021-09-22 15:35:55.251,16887,16888,16887,1,-1
2021-09-22 15:35:57.364,16886,16887,16886,2,-2
2021-09-22 15:35:57.365,16886,16887,16886,1,-1
2021-09-22 15:35:57.365,16886,16887,16886,5,-5
2021-09-22 15:35:57.365,16886,16887,16886,4,-4
2021-09-22 15:36:01.817,16885,16887,16885,2,-2
2021-09-22 15:36:02.034,16885,16887,16885,1,-1
2021-09-22 15:36:02.415,16885,16887,16885,1,-1
2021-09-22 15:36:02.759,16885,16887,16885,1,-1
2021-09-22 15:36:03.901,16886,16887,16887,1,1
2021-09-22 15:36:04.609,16886,16888,16886,1,-1
2021-09-22 15:36:06.609,16886,16888,16886,1,-1
2021-09-22 15:36:06.973,16886,16888,16886,1,-1
2021-09-22 15:36:10.275,16885,16886,16886,1,1
2021-09-22 15:36:10.619,16886,16887,16886,1,-1
2021-09-22 15:36:13.341,16885,16886,16886,3,3
2021-09-22 15:36:13.341,16885,16886,16886,2,2
2021-09-22 15:36:16.307,16886,16887,16887,1,1
2021-09-22 15:36:17.139,16887,16888,16888,2,2
2021-09-22 15:36:17.877,16888,16889,16888,1,-1
2021-09-22 15:36:18.931,16887,16888,16887,1,-1
2021-09-22 15:36:18.931,16887,16888,16886,1,-1
2021-09-22 15:36:26.356,16887,16888,16887,4,4
2021-09-22 15:36:26.356,16887,16888,16886,9,-9
2021-09-22 15:36:26.356,16887,16888,16885,19,-19
2021-09-22 15:36:26.356,16887,16888,16884,23,-23
2021-09-22 15:36:26.359,16887,16888,16883,1,-1
2021-09-22 15:36:26.359,16887,16888,16884,5,5
2021-09-22 15:36:26.359,16887,16888,16884,1,-1
2021-09-22 15:36:26.359,16887,16888,16883,1,-1
2021-09-22 15:36:26.359,16887,16888,16884,1,1
2021-09-22 15:36:26.359,16887,16888,16884,26,-26
2021-09-22 15:36:26.360,16887,16888,16884,1,-1
2021-09-22 15:36:26.360,16887,16888,16884,1,-1
2021-09-22 15:36:26.360,16887,16888,16884,5,-5
2021-09-22 15:36:26.360,16887,16888,16884,3,-3
2021-09-22 15:36:26.640,16884,16886,16885,1,1
2021-09-22 15:36:29.177,16886,16887,16887,1,1
2021-09-22 15:36:40.981,16886,16887,16887,2,2
2021-09-22 15:36:48.280,16887,16888,16887,1,-1
2021-09-22 15:36:49.422,16886,16888,16886,1,-1
2021-09-22 15:36:49.422,16886,16888,16886,6,-6
2021-09-22 15:36:49.424,16886,16888,16885,4,-4
2021-09-22 15:36:49.426,16886,16888,16885,1,-1
2021-09-22 15:36:50.047,16883,16885,16885,2,2
2021-09-22 15:36:51.289,16884,16885,16884,1,-1
2021-09-22 15:36:51.347,16883,16884,16883,1,-1
2021-09-22 15:36:51.361,16883,16884,16883,2,-2
2021-09-22 15:36:51.540,16882,16883,16882,1,-1
2021-09-22 15:36:52.086,16882,16883,16882,1,-1
2021-09-22 15:36:52.170,16882,16883,16882,1,-1
2021-09-22 15:36:52.235,16882,16883,16882,1,-1
2021-09-22 15:36:52.307,16882,16883,16882,1,-1
2021-09-22 15:36:52.350,16881,16883,16881,1,-1
2021-09-22 15:36:52.381,16881,16883,16881,1,-1
2021-09-22 15:36:52.443,16881,16883,16881,1,-1
2021-09-22 15:36:52.524,16881,16883,16881,1,-1
2021-09-22 15:36:52.550,16881,16883,16881,1,-1
2021-09-22 15:36:52.624,16881,16883,16881,2,-2
2021-09-22 15:36:54.306,16881,16883,16881,1,-1
2021-09-22 15:36:55.192,16882,16884,16882,1,1
2021-09-22 15:36:55.354,16882,16884,16882,1,-1
2021-09-22 15:36:55.797,16882,16884,16882,3,-3
2021-09-22 15:36:57.761,16882,16884,16882,1,-1
2021-09-22 15:37:00.746,16882,16884,16884,1,1
2021-09-22 15:37:01.521,16882,16884,16882,1,-1
2021-09-22 15:37:01.521,16882,16884,16881,1,-1
2021-09-22 15:37:04.002,16882,16883,16882,3,3
2021-09-22 15:37:05.597,16882,16883,16882,1,-1
2021-09-22 15:37:06.083,16882,16883,16883,3,3
2021-09-22 15:37:12.177,16883,16884,16883,1,-1
2021-09-22 15:37:12.300,16883,16884,16883,1,-1
2021-09-22 15:37:17.853,16883,16884,16883,1,-1
2021-09-22 15:37:17.853,16883,16884,16883,2,-2
2021-09-22 15:37:32.852,16881,16882,16881,1,-1
2021-09-22 15:37:34.645,16881,16882,16882,1,1
2021-09-22 15:37:36.930,16881,16882,16882,2,2
2021-09-22 15:37:40.090,16882,16883,16883,2,2
2021-09-22 15:37:41.026,16882,16883,16882,1,-1
2021-09-22 15:37:41.826,16882,16883,16883,2,2
2021-09-22 15:37:41.960,16882,16884,16883,1,-1
2021-09-22 15:37:43.762,16883,16884,16884,2,2
2021-09-22 15:37:44.101,16883,16884,16883,1,-1
2021-09-22 15:37:45.988,16883,16884,16884,2,2
2021-09-22 15:37:46.947,16884,16885,16885,2,2
2021-09-22 15:37:53.670,16884,16885,16885,2,2
2021-09-22 15:37:54.358,16884,16885,16885,2,2
2021-09-22 15:37:54.713,16885,16886,16885,1,-1
2021-09-22 15:37:54.715,16885,16886,16885,3,-3
2021-09-22 15:37:58.316,16885,16887,16885,1,-1
2021-09-22 15:37:59.860,16885,16888,16885,1,-1
2021-09-22 15:38:00.570,16886,16887,16887,1,1
2021-09-22 15:38:02.032,16886,16888,16888,1,1
2021-09-22 15:38:02.160,16886,16888,16888,1,1
2021-09-22 15:38:03.098,16886,16887,16887,2,2
2021-09-22 15:38:07.565,16887,16888,16888,2,2
2021-09-22 15:38:09.166,16887,16888,16887,1,-1
2021-09-22 15:38:15.736,16887,16888,16888,1,1
2021-09-22 15:38:16.021,16887,16888,16887,2,-2
2021-09-22 15:38:17.538,16887,16888,16888,2,2
2021-09-22 15:38:19.082,16887,16888,16888,2,2
2021-09-22 15:38:21.542,16887,16888,16888,1,1
2021-09-22 15:38:23.791,16887,16888,16887,5,-5
2021-09-22 15:38:23.791,16887,16888,16887,1,-1
2021-09-22 15:38:25.482,16886,16887,16887,2,2
2021-09-22 15:38:25.918,16886,16887,16887,1,1
2021-09-22 15:38:31.287,16886,16887,16887,2,2
2021-09-22 15:38:34.371,16886,16887,16887,2,2
2021-09-22 15:38:35.644,16886,16887,16887,2,2
2021-09-22 15:38:37.316,16886,16887,16887,2,2
2021-09-22 15:38:40.712,16886,16887,16887,3,3
2021-09-22 15:38:46.100,16887,16888,16888,10,10
2021-09-22 15:38:46.102,16887,16888,16888,1,1
2021-09-22 15:38:49.778,16888,16889,16889,2,2
2021-09-22 15:38:50.906,16888,16889,16889,2,2
2021-09-22 15:38:56.290,16888,16889,16889,2,2
2021-09-22 15:38:58.246,16888,16889,16889,2,2
2021-09-22 15:39:00.694,16888,16889,16889,1,1
2021-09-22 15:39:01.526,16888,16889,16889,1,1
2021-09-22 15:39:02.654,16888,16889,16889,1,1
2021-09-22 15:39:02.814,16888,16889,16889,1,1
2021-09-22 15:39:03.606,16888,16889,16889,1,1
2021-09-22 15:39:05.174,16888,16889,16889,1,1
2021-09-22 15:39:05.362,16888,16889,16888,2,-2
2021-09-22 15:39:06.326,16887,16888,16888,1,1
2021-09-22 15:39:09.270,16888,16889,16889,1,1
2021-09-22 15:39:10.580,16888,16889,16888,1,-1
2021-09-22 15:39:11.462,16887,16888,16888,1,1
2021-09-22 15:39:13.710,16887,16888,16888,1,1
2021-09-22 15:39:13.991,16887,16888,16888,1,1
2021-09-22 15:39:14.409,16887,16888,16887,1,-1
2021-09-22 15:39:14.802,16887,16888,16888,1,1
2021-09-22 15:39:18.026,16887,16888,16888,1,1
2021-09-22 15:39:19.386,16887,16888,16888,1,1
2021-09-22 15:39:20.798,16887,16888,16888,1,1
2021-09-22 15:39:20.799,16887,16888,16887,1,-1
2021-09-22 15:39:22.026,16886,16887,16887,1,1
2021-09-22 15:39:22.394,16886,16887,16886,3,-3
2021-09-22 15:39:23.990,16885,16886,16886,1,1
2021-09-22 15:39:25.556,16885,16886,16885,2,-2
2021-09-22 15:39:25.614,16884,16885,16885,1,1
2021-09-22 15:39:26.682,16884,16885,16885,1,1
2021-09-22 15:39:27.041,16884,16885,16884,2,-2
2021-09-22 15:39:29.014,16884,16885,16885,1,1
2021-09-22 15:39:30.746,16884,16885,16885,1,1
2021-09-22 15:39:31.990,16884,16885,16885,1,1
2021-09-22 15:39:34.238,16884,16885,16885,1,1
2021-09-22 15:39:34.238,16884,16885,16885,1,1
2021-09-22 15:39:35.614,16884,16885,16885,1,1
2021-09-22 15:39:38.822,16885,16886,16885,1,-1
2021-09-22 15:39:39.426,16885,16886,16886,1,1
2021-09-22 15:39:43.226,16885,16886,16886,1,1
2021-09-22 15:39:45.117,16885,16886,16885,1,-1
2021-09-22 15:39:46.394,16884,16886,16884,2,-2
2021-09-22 15:39:48.158,16884,16886,16884,1,-1
2021-09-22 15:39:49.658,16884,16886,16884,2,-2
2021-09-22 15:39:50.680,16885,16886,16885,1,1
2021-09-22 15:39:50.886,16884,16886,16886,1,1
2021-09-22 15:39:52.658,16885,16886,16886,1,1
2021-09-22 15:39:53.942,16885,16886,16886,1,1
2021-09-22 15:39:55.926,16885,16886,16886,1,1
2021-09-22 15:39:59.628,16885,16886,16885,1,-1
2021-09-22 15:40:00.411,16884,16886,16885,1,-1
2021-09-22 15:40:11.053,16885,16886,16885,1,-1
2021-09-22 15:40:12.060,16885,16886,16885,1,-1
2021-09-22 15:40:12.060,16885,16886,16884,1,-1
2021-09-22 15:40:15.926,16884,16885,16884,2,-2
2021-09-22 15:40:23.375,16884,16885,16884,1,-1
2021-09-22 15:40:27.326,16884,16885,16884,3,-3
2021-09-22 15:40:27.329,16884,16885,16883,1,-1
2021-09-22 15:40:28.260,16883,16885,16883,1,-1
2021-09-22 15:40:32.092,16883,16885,16883,1,-1
2021-09-22 15:40:33.824,16884,16885,16884,1,1
2021-09-22 15:40:37.081,16884,16885,16884,1,-1
2021-09-22 15:40:37.081,16884,16885,16884,1,-1
2021-09-22 15:40:40.493,16883,16884,16883,6,-6
2021-09-22 15:40:42.306,16882,16883,16882,1,-1
2021-09-22 15:40:43.386,16882,16883,16882,5,-5
2021-09-22 15:40:43.389,16882,16883,16881,11,-11
2021-09-22 15:40:44.576,16880,16881,16880,1,-1
2021-09-22 15:40:44.763,16880,16881,16880,1,-1
2021-09-22 15:40:44.970,16880,16881,16880,1,-1
2021-09-22 15:40:45.416,16880,16881,16880,3,-3
2021-09-22 15:40:45.416,16880,16881,16880,6,-6
2021-09-22 15:40:45.416,16880,16881,16880,1,-1
2021-09-22 15:40:45.416,16880,16881,16880,5,-5
2021-09-22 15:40:45.416,16880,16881,16880,7,-7
2021-09-22 15:40:45.416,16880,16881,16880,7,-7
2021-09-22 15:40:45.416,16880,16881,16880,1,-1
2021-09-22 15:40:49.412,16879,16881,16879,1,-1
2021-09-22 15:40:49.517,16879,16881,16879,4,-4
2021-09-22 15:40:49.550,16879,16881,16878,1,-1
2021-09-22 15:40:49.949,16878,16880,16880,1,1
2021-09-22 15:40:51.583,16879,16880,16880,1,1
2021-09-22 15:40:53.861,16879,16880,16879,1,-1
2021-09-22 15:40:54.117,16879,16880,16879,2,-2
2021-09-22 15:40:54.117,16879,16880,16878,8,-8
2021-09-22 15:41:01.912,16879,16880,16879,1,1
2021-09-22 15:41:01.912,16879,16880,16879,1,-1
2021-09-22 15:41:06.703,16878,16879,16878,4,-4
2021-09-22 15:41:06.703,16878,16879,16877,6,-6
2021-09-22 15:41:06.820,16877,16878,16877,2,-2
2021-09-22 15:41:06.885,16877,16878,16876,1,-1
2021-09-22 15:41:07.020,16876,16878,16876,1,-1
2021-09-22 15:41:07.166,16876,16878,16876,1,-1
2021-09-22 15:41:13.242,16877,16878,16877,3,3
2021-09-22 15:41:13.364,16877,16878,16878,3,3
2021-09-22 15:41:13.408,16877,16878,16877,4,-4
2021-09-22 15:41:13.408,16877,16878,16876,6,-6
2021-09-22 15:41:13.878,16876,16878,16878,1,1
2021-09-22 15:41:13.945,16877,16878,16878,1,1
2021-09-22 15:41:15.711,16877,16879,16877,3,-3
2021-09-22 15:41:16.695,16878,16879,16879,1,1
2021-09-22 15:41:18.322,16878,16880,16878,1,-1
2021-09-22 15:41:18.322,16878,16880,16877,1,-1
2021-09-22 15:41:18.462,16877,16879,16877,2,-2
2021-09-22 15:41:21.116,16878,16879,16878,1,1
2021-09-22 15:41:26.482,16877,16878,16878,1,1
2021-09-22 15:41:26.742,16877,16878,16877,5,-5
2021-09-22 15:41:35.531,16877,16878,16877,1,-1
2021-09-22 15:41:39.221,16877,16878,16878,1,1
2021-09-22 15:41:44.520,16877,16878,16877,1,-1
2021-09-22 15:41:46.333,16877,16878,16877,1,-1
2021-09-22 15:41:46.734,16877,16878,16878,1,1
2021-09-22 15:41:47.142,16877,16878,16878,3,3
2021-09-22 15:41:47.210,16878,16879,16878,1,-1
2021-09-22 15:41:48.945,16878,16879,16878,1,-1
2021-09-22 15:41:55.927,16878,16879,16879,1,1
2021-09-22 15:41:56.151,16878,16880,16880,1,1
2021-09-22 15:41:57.726,16879,16880,16879,1,-1
2021-09-22 15:42:00.450,16879,16880,16879,1,-1
2021-09-22 15:42:02.372,16879,16880,16879,1,-1
2021-09-22 15:42:03.687,16878,16879,16879,1,1
2021-09-22 15:42:07.461,16879,16880,16879,2,-2
2021-09-22 15:42:12.430,16878,16880,16880,17,17
2021-09-22 15:42:12.431,16878,16880,16880,1,1
2021-09-22 15:42:22.322,16881,16883,16882,1,1
2021-09-22 15:42:24.248,16882,16883,16883,1,1
2021-09-22 15:42:27.312,16883,16884,16884,1,1
2021-09-22 15:42:44.253,16882,16884,16884,1,1
2021-09-22 15:42:50.289,16883,16884,16883,1,-1
2021-09-22 15:42:50.289,16883,16884,16883,1,-1
2021-09-22 15:43:02.067,16882,16883,16883,1,1
2021-09-22 15:43:02.662,16882,16883,16883,1,1
2021-09-22 15:43:22.721,16882,16883,16882,1,-1
2021-09-22 15:43:25.543,16882,16883,16882,1,-1
2021-09-22 15:43:39.050,16882,16883,16882,1,-1
2021-09-22 15:43:39.609,16881,16883,16881,1,-1
2021-09-22 15:43:56.335,16881,16882,16881,2,-2
2021-09-22 15:43:57.374,16881,16882,16881,1,-1
2021-09-22 15:43:57.375,16881,16882,16881,1,-1
2021-09-22 15:43:57.375,16881,16882,16881,1,-1
2021-09-22 15:43:57.447,16880,16881,16880,1,-1
2021-09-22 15:44:05.025,16880,16882,16880,1,-1
2021-09-22 15:44:07.306,16880,16882,16880,1,-1
2021-09-22 15:44:27.669,16880,16881,16880,1,-1
2021-09-22 15:44:29.344,16880,16881,16880,1,-1
2021-09-22 15:44:33.034,16880,16881,16880,2,-2
2021-09-22 15:44:33.982,16880,16881,16880,4,-4
2021-09-22 15:44:33.983,16880,16881,16880,1,-1
2021-09-22 15:44:40.468,16879,16880,16879,1,-1
2021-09-22 15:44:45.524,16879,16880,16879,1,-1
2021-09-22 15:44:45.524,16879,16880,16879,5,-5
2021-09-22 15:44:45.835,16878,16879,16879,1,1
2021-09-22 15:44:49.066,16879,16880,16879,1,-1
2021-09-22 15:44:54.358,16878,16880,16880,5,5
2021-09-22 15:44:54.358,16878,16880,16880,3,3
2021-09-22 15:44:54.395,16878,16880,16879,1,-1
2021-09-22 15:44:56.085,16879,16881,16879,1,-1
2021-09-22 15:44:57.017,16880,16881,16881,1,1
2021-09-22 15:44:57.508,16880,16882,16882,1,1
2021-09-22 15:45:03.420,16880,16881,16880,1,-1
2021-09-22 15:45:03.776,16879,16881,16879,5,-5
2021-09-22 15:45:03.776,16879,16881,16879,4,-4
2021-09-22 15:45:03.776,16879,16881,16878,1,-1
2021-09-22 15:45:04.487,16878,16880,16878,5,-5
2021-09-22 15:45:09.401,16878,16880,16878,1,-1
2021-09-22 15:45:15.968,16879,16881,16879,1,1
2021-09-22 15:45:16.251,16879,16881,16881,2,2
2021-09-22 15:45:17.324,16880,16882,16880,1,-1
2021-09-22 15:45:21.270,16881,16882,16882,2,2
2021-09-22 15:45:21.345,16881,16883,16883,4,4
2021-09-22 15:45:21.345,16881,16883,16883,8,8
2021-09-22 15:45:26.866,16882,16884,16884,1,1
2021-09-22 15:45:26.866,16882,16884,16884,4,4
2021-09-22 15:45:29.169,16883,16885,16885,1,1
2021-09-22 15:45:30.225,16883,16885,16885,2,2
2021-09-22 15:45:31.771,16883,16884,16884,1,1
2021-09-22 15:45:32.683,16884,16885,16885,1,1
2021-09-22 15:45:36.142,16884,16885,16885,2,2
2021-09-22 15:45:36.514,16884,16885,16885,16,16
2021-09-22 15:45:36.522,16884,16885,16886,6,6
2021-09-22 15:45:43.406,16885,16886,16886,1,1
2021-09-22 15:45:43.406,16885,16886,16887,2,2
2021-09-22 15:45:44.966,16885,16886,16886,1,1
2021-09-22 15:45:47.077,16885,16887,16885,1,-1
2021-09-22 15:45:57.297,16885,16886,16885,1,-1
2021-09-22 15:45:59.700,16885,16886,16886,1,1
2021-09-22 15:46:02.938,16885,16886,16886,2,2
2021-09-22 15:46:03.167,16885,16886,16885,1,-1
2021-09-22 15:46:03.787,16885,16887,16887,1,1
2021-09-22 15:46:06.576,16885,16887,16887,1,1
2021-09-22 15:46:12.220,16885,16886,16886,1,1
2021-09-22 15:46:12.540,16885,16886,16885,1,-1
2021-09-22 15:46:13.654,16885,16886,16885,1,-1
2021-09-22 15:46:22.817,16884,16886,16886,2,2
2021-09-22 15:46:26.817,16885,16886,16885,1,-1
2021-09-22 15:46:40.682,16884,16885,16884,1,-1
2021-09-22 15:46:51.256,16883,16884,16883,1,-1
2021-09-22 15:46:52.181,16882,16883,16883,1,1
2021-09-22 15:46:55.131,16882,16883,16882,1,-1
2021-09-22 15:47:06.152,16881,16883,16881,3,-3
2021-09-22 15:47:06.233,16880,16882,16882,1,1
2021-09-22 15:47:06.434,16880,16882,16880,2,-2
2021-09-22 15:47:12.201,16882,16883,16882,1,1
2021-09-22 15:47:35.257,16881,16882,16882,1,1
2021-09-22 15:47:41.140,16881,16882,16882,1,1
2021-09-22 15:47:55.563,16882,16883,16883,3,3
2021-09-22 15:47:58.083,16883,16884,16883,1,-1
2021-09-22 15:48:03.362,16881,16882,16882,1,1
2021-09-22 15:48:19.941,16881,16884,16881,2,-2
2021-09-22 15:48:19.945,16881,16884,16880,4,-4
2021-09-22 15:48:20.240,16879,16880,16879,4,-4
2021-09-22 15:48:20.555,16878,16879,16878,3,-3
2021-09-22 15:48:26.111,16877,16879,16877,5,-5
2021-09-22 15:48:26.111,16877,16879,16877,1,-1
2021-09-22 15:48:29.114,16876,16877,16876,6,-6
2021-09-22 15:48:30.685,16876,16877,16877,1,1
2021-09-22 15:48:31.565,16876,16877,16876,1,-1
2021-09-22 15:48:31.565,16876,16877,16876,5,-5
2021-09-22 15:48:33.361,16875,16877,16875,5,-5
2021-09-22 15:48:33.361,16875,16877,16875,1,-1
2021-09-22 15:48:33.361,16875,16877,16875,3,-3
2021-09-22 15:48:33.462,16874,16875,16874,2,-2
2021-09-22 15:48:33.774,16874,16875,16874,1,-1
2021-09-22 15:48:33.774,16874,16875,16874,3,-3
2021-09-22 15:48:34.189,16874,16876,16874,1,-1
2021-09-22 15:48:34.221,16874,16875,16875,1,1
2021-09-22 15:48:34.626,16873,16875,16873,1,-1
2021-09-22 15:48:36.947,16874,16876,16876,2,2
2021-09-22 15:48:39.319,16874,16875,16874,2,-2
2021-09-22 15:48:42.765,16873,16875,16873,5,-5
2021-09-22 15:48:42.814,16873,16875,16873,1,-1
2021-09-22 15:48:43.201,16872,16875,16872,2,-2
2021-09-22 15:48:43.386,16872,16875,16872,1,-1
2021-09-22 15:48:43.515,16872,16875,16873,1,1
2021-09-22 15:48:46.720,16873,16875,16873,1,-1
2021-09-22 15:48:48.092,16874,16875,16874,5,5
2021-09-22 15:48:48.486,16873,16875,16875,1,1
2021-09-22 15:48:50.835,16874,16875,16874,5,-5
2021-09-22 15:48:55.251,16873,16875,16873,1,-1
2021-09-22 15:48:56.146,16873,16875,16874,1,1
2021-09-22 15:48:59.391,16873,16875,16873,1,-1
2021-09-22 15:49:01.933,16873,16874,16874,2,2
2021-09-22 15:49:02.671,16874,16875,16874,2,-2
2021-09-22 15:49:03.000,16874,16875,16875,4,4
2021-09-22 15:49:04.339,16874,16876,16876,1,1
2021-09-22 15:49:04.355,16874,16876,16877,5,5
2021-09-22 15:49:04.868,16876,16877,16876,1,-1
2021-09-22 15:49:05.902,16876,16877,16877,1,1
2021-09-22 15:49:11.626,16877,16878,16877,1,-1
2021-09-22 15:49:11.757,16876,16878,16876,1,-1
2021-09-22 15:49:12.381,16876,16878,16876,1,-1
2021-09-22 15:49:18.513,16877,16878,16877,1,1
2021-09-22 15:49:20.290,16877,16878,16878,1,1
2021-09-22 15:49:20.398,16877,16878,16878,1,1
2021-09-22 15:49:20.432,16877,16878,16879,1,1
2021-09-22 15:49:20.432,16877,16878,16880,1,1
2021-09-22 15:49:20.435,16877,16878,16878,1,1
2021-09-22 15:49:28.301,16877,16878,16878,1,1
2021-09-22 15:49:28.564,16877,16879,16877,2,-2
2021-09-22 15:49:32.341,16878,16879,16878,2,2
2021-09-22 15:49:32.715,16878,16879,16878,1,-1
2021-09-22 15:49:32.715,16878,16879,16877,1,-1
2021-09-22 15:49:51.449,16877,16879,16878,1,1
2021-09-22 15:50:00.261,16877,16878,16878,1,1
2021-09-22 15:50:00.528,16877,16878,16877,1,-1
2021-09-22 15:50:04.470,16877,16878,16878,1,1
2021-09-22 15:50:15.639,16877,16878,16877,2,-2
2021-09-22 15:50:18.357,16876,16877,16877,2,2
2021-09-22 15:50:23.395,16876,16879,16877,1,-1
2021-09-22 15:50:32.099,16876,16877,16876,1,-1
2021-09-22 15:50:32.100,16876,16877,16876,1,-1
2021-09-22 15:50:44.002,16875,16876,16875,1,-1
2021-09-22 15:50:45.484,16875,16876,16875,1,-1
2021-09-22 15:50:49.080,16875,16876,16875,1,-1
2021-09-22 15:50:51.682,16874,16875,16875,1,1
2021-09-22 15:50:53.207,16874,16875,16874,2,-2
2021-09-22 15:50:53.550,16874,16875,16874,1,-1
2021-09-22 15:50:58.541,16874,16876,16874,1,-1
2021-09-22 15:51:05.122,16874,16875,16874,1,-1
2021-09-22 15:51:06.388,16873,16875,16873,1,-1
2021-09-22 15:51:06.471,16873,16875,16873,1,-1
2021-09-22 15:51:06.477,16873,16875,16873,1,-1
2021-09-22 15:51:08.822,16873,16874,16873,9,-9
2021-09-22 15:51:08.822,16873,16874,16872,1,-1
2021-09-22 15:51:09.083,16872,16873,16872,10,-10
2021-09-22 15:51:10.399,16872,16873,16872,1,-1
2021-09-22 15:51:13.281,16872,16873,16872,1,-1
2021-09-22 15:51:13.892,16872,16873,16872,5,-5
2021-09-22 15:51:16.279,16872,16873,16872,6,-6
2021-09-22 15:51:16.758,16872,16873,16872,6,-6
2021-09-22 15:51:17.219,16872,16873,16872,1,-1
2021-09-22 15:51:17.755,16872,16873,16872,1,-1
2021-09-22 15:51:20.472,16872,16873,16872,2,-2
2021-09-22 15:51:20.517,16872,16873,16872,3,-3
2021-09-22 15:51:20.518,16872,16873,16872,3,-3
2021-09-22 15:51:20.579,16871,16873,16873,1,1
2021-09-22 15:51:21.418,16871,16873,16872,2,-2
2021-09-22 15:51:21.420,16871,16873,16873,1,1
2021-09-22 15:51:37.585,16872,16873,16873,1,1
2021-09-22 15:51:38.873,16872,16873,16873,1,1
2021-09-22 15:51:40.816,16872,16873,16873,1,1
2021-09-22 15:51:41.020,16872,16873,16873,1,1
2021-09-22 15:51:44.173,16873,16874,16873,2,-2
2021-09-22 15:51:51.887,16872,16873,16873,1,1
2021-09-22 15:51:51.945,16872,16873,16873,1,1
2021-09-22 15:51:58.958,16872,16873,16873,1,1
2021-09-22 15:52:01.387,16872,16873,16873,1,1
2021-09-22 15:52:02.205,16872,16873,16873,2,2
2021-09-22 15:52:02.795,16873,16874,16873,1,-1
2021-09-22 15:52:04.709,16872,16873,16872,1,-1
2021-09-22 15:52:04.710,16872,16873,16872,1,-1
2021-09-22 15:52:04.770,16872,16873,16872,1,-1
2021-09-22 15:52:08.486,16871,16873,16871,5,-5
2021-09-22 15:52:08.692,16871,16873,16871,1,-1
2021-09-22 15:52:11.298,16871,16873,16871,5,-5
2021-09-22 15:52:12.668,16871,16872,16871,5,-5
2021-09-22 15:52:13.405,16871,16872,16871,2,-2
2021-09-22 15:52:13.405,16871,16872,16870,3,-3
2021-09-22 15:52:13.487,16870,16872,16870,8,-8
2021-09-22 15:52:13.493,16870,16872,16870,1,-1
2021-09-22 15:52:13.614,16870,16871,16870,4,-4
2021-09-22 15:52:13.632,16870,16871,16870,2,-2
2021-09-22 15:52:13.632,16870,16871,16869,2,-2
2021-09-22 15:52:13.708,16869,16870,16869,2,-2
2021-09-22 15:52:13.715,16869,16870,16870,1,1
2021-09-22 15:52:19.722,16870,16872,16872,13,13
2021-09-22 15:52:20.461,16871,16873,16871,1,-1
2021-09-22 15:52:21.866,16870,16872,16870,8,-8
2021-09-22 15:52:32.730,16870,16871,16870,1,-1
2021-09-22 15:52:35.256,16870,16871,16871,1,1
2021-09-22 15:52:40.422,16871,16872,16871,2,-2
2021-09-22 15:52:41.066,16871,16872,16872,1,1
2021-09-22 15:52:42.540,16871,16872,16871,1,-1
2021-09-22 15:52:47.996,16871,16872,16872,1,1
2021-09-22 15:52:50.036,16872,16873,16873,2,2
2021-09-22 15:53:04.707,16872,16873,16872,1,-1
2021-09-22 15:53:04.986,16872,16873,16872,2,-2
2021-09-22 15:53:14.018,16871,16872,16871,2,-2
2021-09-22 15:53:14.332,16871,16872,16871,2,-2
2021-09-22 15:53:26.445,16871,16872,16871,3,-3
2021-09-22 15:53:28.328,16871,16872,16871,1,-1
2021-09-22 15:53:29.003,16871,16872,16871,3,-3
2021-09-22 15:53:29.359,16871,16872,16871,2,-2
2021-09-22 15:53:33.568,16871,16872,16871,2,-2
2021-09-22 15:53:35.224,16871,16872,16872,1,1
2021-09-22 15:53:35.916,16871,16872,16872,1,1
2021-09-22 15:53:35.917,16871,16872,16872,5,5
2021-09-22 15:53:35.917,16871,16872,16872,2,2
2021-09-22 15:53:37.067,16871,16873,16873,1,1
2021-09-22 15:53:46.907,16872,16873,16873,1,1
2021-09-22 15:53:47.324,16872,16873,16873,1,1
2021-09-22 15:53:47.831,16872,16873,16872,6,-6
2021-09-22 15:53:47.833,16872,16873,16872,1,-1
2021-09-22 15:53:48.975,16871,16873,16872,1,-1
2021-09-22 15:53:56.205,16872,16873,16872,1,-1
2021-09-22 15:53:59.021,16872,16873,16872,4,-4
2021-09-22 15:53:59.180,16872,16873,16872,1,-1
2021-09-22 15:54:02.665,16871,16873,16872,1,-1
2021-09-22 15:54:05.658,16872,16873,16873,10,10
2021-09-22 15:54:06.302,16873,16874,16873,1,-1
2021-09-22 15:54:14.572,16872,16873,16873,1,1
2021-09-22 15:54:14.896,16872,16873,16872,1,-1
2021-09-22 15:54:15.156,16872,16873,16873,1,1
2021-09-22 15:54:19.463,16873,16874,16874,1,1
2021-09-22 15:54:19.463,16873,16874,16874,5,5
2021-09-22 15:54:20.299,16873,16875,16875,2,2
2021-09-22 15:54:21.026,16873,16875,16875,2,2
2021-09-22 15:54:23.698,16873,16875,16874,4,-4
2021-09-22 15:54:26.477,16873,16875,16873,1,-1
2021-09-22 15:54:29.589,16874,16875,16875,1,1
2021-09-22 15:54:29.935,16874,16876,16875,1,-1
2021-09-22 15:54:46.153,16875,16876,16876,3,3
2021-09-22 15:54:48.167,16876,16877,16877,1,1
2021-09-22 15:54:48.167,16876,16877,16877,3,3
2021-09-22 15:54:55.681,16877,16878,16878,2,2
2021-09-22 15:55:01.030,16877,16878,16877,1,-1
2021-09-22 15:55:01.030,16877,16878,16877,1,-1
2021-09-22 15:55:03.494,16876,16877,16877,1,1
2021-09-22 15:55:03.844,16876,16877,16876,1,-1
2021-09-22 15:55:03.844,16876,16877,16876,1,-1
2021-09-22 15:55:03.844,16876,16877,16876,1,-1
2021-09-22 15:55:30.485,16875,16876,16876,1,1
2021-09-22 15:55:30.496,16875,16876,16876,1,1
2021-09-22 15:55:30.796,16875,16877,16875,1,-1
2021-09-22 15:55:30.798,16875,16877,16875,1,-1
2021-09-22 15:55:34.130,16875,16877,16876,1,1
2021-09-22 15:55:36.198,16875,16876,16876,1,1
2021-09-22 15:55:36.982,16876,16877,16876,1,-1
2021-09-22 15:55:40.877,16875,16876,16876,1,1
2021-09-22 15:55:41.136,16876,16877,16877,3,3
2021-09-22 15:55:45.858,16877,16878,16878,3,3
2021-09-22 15:55:53.768,16878,16879,16879,5,5
2021-09-22 15:55:53.768,16878,16879,16879,1,1
2021-09-22 15:55:53.769,16878,16879,16879,1,1
2021-09-22 15:55:53.769,16878,16879,16879,2,2
2021-09-22 15:55:54.368,16878,16880,16880,1,1
2021-09-22 15:56:01.594,16879,16880,16880,10,10
2021-09-22 15:56:01.935,16879,16880,16879,2,-2
2021-09-22 15:56:01.937,16879,16880,16879,9,-9
2021-09-22 15:56:01.967,16878,16880,16880,1,1
2021-09-22 15:56:02.040,16878,16880,16880,1,1
2021-09-22 15:56:03.058,16878,16880,16879,1,-1
2021-09-22 15:56:04.390,16878,16879,16879,1,1
2021-09-22 15:56:05.154,16878,16879,16879,1,1
2021-09-22 15:56:06.148,16878,16879,16878,1,-1
2021-09-22 15:56:06.149,16878,16879,16878,2,-2
2021-09-22 15:56:08.506,16877,16878,16877,1,-1
2021-09-22 15:56:09.180,16877,16878,16877,1,-1
2021-09-22 15:56:26.339,16876,16877,16877,2,2
2021-09-22 15:56:32.367,16877,16878,16877,1,-1
2021-09-22 15:56:32.642,16877,16878,16877,1,-1
2021-09-22 15:56:32.642,16877,16878,16876,1,-1
2021-09-22 15:56:44.870,16876,16877,16876,5,-5
2021-09-22 15:56:46.269,16876,16877,16876,1,-1
2021-09-22 15:57:03.299,16875,16876,16875,1,-1
2021-09-22 15:57:03.299,16875,16876,16875,10,-10
2021-09-22 15:57:48.760,16874,16875,16874,1,-1
2021-09-22 15:58:10.370,16874,16875,16874,1,-1
2021-09-22 15:58:13.205,16874,16875,16874,2,-2
2021-09-22 15:58:15.692,16874,16875,16874,1,-1
2021-09-22 15:58:32.440,16874,16875,16874,1,-1
2021-09-22 15:58:41.145,16874,16875,16875,1,1
2021-09-22 15:58:59.137,16873,16875,16873,1,-1
2021-09-22 15:58:59.473,16873,16874,16874,1,1
2021-09-22 15:59:00.958,16874,16875,16874,1,-1
2021-09-22 15:59:04.142,16874,16875,16874,1,-1
2021-09-22 15:59:08.263,16873,16874,16874,1,1
2021-09-22 15:59:21.395,16873,16874,16874,1,1
2021-09-22 15:59:25.671,16874,16875,16875,5,5
2021-09-22 15:59:44.155,16874,16875,16875,4,4
2021-09-22 15:59:45.770,16875,16876,16875,1,-1
2021-09-22 15:59:54.693,16875,16876,16875,2,-2
2021-09-22 16:00:03.644,16875,16876,16875,2,-2
2021-09-22 16:00:03.810,16874,16876,16874,1,-1
2021-09-22 16:00:04.053,16874,16876,16874,3,-3
2021-09-22 16:00:04.087,16874,16875,16875,1,1
2021-09-22 16:00:06.574,16874,16875,16874,3,-3
2021-09-22 16:00:18.574,16874,16876,16874,1,-1
2021-09-22 16:00:29.526,16874,16876,16874,10,-10
2021-09-22 16:00:35.670,16874,16875,16874,1,-1
2021-09-22 16:00:36.497,16874,16875,16875,1,1
2021-09-22 16:00:42.767,16875,16876,16876,5,5
2021-09-22 16:00:44.190,16876,16878,16876,1,-1
2021-09-22 16:00:46.520,16876,16878,16878,1,1
2021-09-22 16:01:09.315,16876,16877,16877,1,1
2021-09-22 16:01:09.746,16876,16877,16877,1,1
2021-09-22 16:01:10.369,16876,16877,16877,1,1
2021-09-22 16:01:18.984,16876,16877,16877,2,2
2021-09-22 16:01:42.543,16877,16878,16877,2,-2
2021-09-22 16:01:55.019,16877,16878,16878,2,2
2021-09-22 16:01:55.516,16877,16878,16878,1,1
2021-09-22 16:01:55.516,16877,16878,16878,3,3
2021-09-22 16:02:00.179,16878,16879,16879,1,1
2021-09-22 16:02:00.179,16878,16879,16879,1,1
2021-09-22 16:02:00.335,16878,16879,16879,2,2
2021-09-22 16:02:01.147,16878,16879,16878,2,-2
2021-09-22 16:02:01.819,16877,16878,16878,1,1
2021-09-22 16:02:03.736,16877,16878,16878,1,1
2021-09-22 16:02:04.454,16877,16878,16877,1,-1
2021-09-22 16:02:04.454,16877,16878,16877,4,-4
2021-09-22 16:02:08.462,16876,16877,16876,1,-1
2021-09-22 16:02:15.794,16875,16876,16876,1,1
2021-09-22 16:02:29.717,16876,16877,16877,1,1
2021-09-22 16:02:48.848,16877,16878,16877,1,-1
2021-09-22 16:02:54.632,16876,16877,16877,1,1
2021-09-22 16:03:00.253,16876,16877,16876,1,-1
2021-09-22 16:03:00.254,16876,16877,16876,1,-1
2021-09-22 16:03:00.254,16876,16877,16876,4,-4
2021-09-22 16:03:19.151,16875,16876,16876,2,2
2021-09-22 16:03:22.897,16875,16876,16875,5,-5
2021-09-22 16:03:30.132,16875,16876,16875,1,-1
2021-09-22 16:03:30.132,16875,16876,16875,1,-1
2021-09-22 16:03:40.036,16874,16875,16874,4,-4
2021-09-22 16:03:47.709,16873,16874,16873,1,-1
2021-09-22 16:03:49.639,16873,16874,16873,1,-1
2021-09-22 16:03:53.803,16873,16874,16874,1,1
2021-09-22 16:03:53.803,16873,16874,16874,1,1
2021-09-22 16:04:03.428,16874,16875,16874,3,-3
2021-09-22 16:04:05.645,16873,16874,16874,1,1
2021-09-22 16:04:11.279,16874,16875,16874,1,-1
2021-09-22 16:04:21.403,16873,16874,16874,1,1
2021-09-22 16:04:41.426,16873,16874,16873,1,-1
2021-09-22 16:04:51.240,16873,16874,16874,2,2
2021-09-22 16:04:57.920,16874,16875,16874,1,-1
2021-09-22 16:04:59.311,16874,16875,16875,1,1
2021-09-22 16:04:59.543,16875,16876,16875,1,-1
2021-09-22 16:05:19.080,16875,16876,16876,1,1
2021-09-22 16:05:19.784,16875,16876,16876,1,1
2021-09-22 16:05:19.882,16875,16876,16876,1,1
2021-09-22 16:05:20.693,16875,16876,16876,1,1
2021-09-22 16:05:20.697,16875,16877,16875,1,-1
2021-09-22 16:05:20.698,16875,16877,16875,1,-1
2021-09-22 16:05:20.698,16875,16877,16874,1,-1
2021-09-22 16:05:20.698,16875,16877,16875,1,1
2021-09-22 16:05:20.698,16875,16877,16875,1,-1
2021-09-22 16:05:20.698,16875,16877,16875,1,-1
2021-09-22 16:05:20.698,16875,16877,16874,1,-1
2021-09-22 16:05:21.513,16874,16876,16876,1,1
2021-09-22 16:05:27.962,16875,16876,16876,1,1
2021-09-22 16:05:30.402,16876,16877,16876,1,-1
2021-09-22 16:05:30.448,16875,16877,16875,1,-1
2021-09-22 16:05:30.448,16875,16877,16875,1,-1
2021-09-22 16:05:32.504,16875,16876,16876,1,1
2021-09-22 16:05:33.074,16875,16877,16875,2,-2
2021-09-22 16:05:46.808,16876,16877,16876,1,1
2021-09-22 16:06:01.484,16875,16876,16875,1,-1
2021-09-22 16:06:01.574,16875,16876,16875,1,-1
2021-09-22 16:06:02.630,16875,16876,16876,1,1
2021-09-22 16:06:18.567,16876,16877,16877,1,1
2021-09-22 16:06:18.567,16876,16877,16877,2,2
2021-09-22 16:06:18.567,16876,16877,16877,5,5
2021-09-22 16:06:18.567,16876,16877,16877,1,1
2021-09-22 16:06:19.931,16877,16878,16878,4,4
2021-09-22 16:06:22.839,16878,16879,16878,1,-1
2021-09-22 16:06:31.398,16878,16879,16879,5,5
2021-09-22 16:06:31.398,16878,16879,16879,1,1
2021-09-22 16:06:31.398,16878,16879,16879,1,1
2021-09-22 16:06:31.398,16878,16879,16879,1,1
2021-09-22 16:06:31.565,16879,16880,16879,1,-1
2021-09-22 16:06:41.558,16878,16880,16880,2,2
2021-09-22 16:06:42.341,16878,16880,16880,1,1
2021-09-22 16:06:51.093,16879,16880,16880,1,1
2021-09-22 16:06:58.941,16879,16880,16880,2,2
2021-09-22 16:07:09.040,16879,16880,16880,1,1
2021-09-22 16:07:11.284,16879,16880,16879,1,-1
2021-09-22 16:07:12.349,16879,16880,16880,1,1
2021-09-22 16:07:30.559,16879,16880,16880,1,1
2021-09-22 16:07:32.088,16879,16880,16880,1,1
2021-09-22 16:07:35.031,16879,16880,16880,3,3
2021-09-22 16:07:37.591,16879,16880,16880,1,1
2021-09-22 16:07:37.991,16879,16880,16880,1,1
2021-09-22 16:07:39.491,16879,16880,16880,1,1
2021-09-22 16:07:40.493,16879,16880,16880,1,1
2021-09-22 16:07:40.780,16879,16880,16880,1,1
2021-09-22 16:07:43.130,16880,16881,16880,4,-4
2021-09-22 16:07:45.397,16879,16881,16879,1,-1
2021-09-22 16:07:50.246,16879,16880,16880,1,1
2021-09-22 16:07:50.246,16879,16880,16881,1,1
2021-09-22 16:07:52.680,16879,16881,16881,1,1
2021-09-22 16:07:58.527,16880,16881,16881,9,9
2021-09-22 16:07:58.846,16880,16881,16881,9,9
2021-09-22 16:07:59.039,16880,16881,16880,2,-2
2021-09-22 16:07:59.208,16880,16881,16881,1,1
2021-09-22 16:08:00.361,16880,16881,16881,3,3
2021-09-22 16:08:14.368,16880,16881,16880,1,-1
2021-09-22 16:08:28.123,16879,16880,16880,1,1
2021-09-22 16:08:42.334,16879,16880,16879,5,-5
2021-09-22 16:09:19.744,16878,16879,16878,2,-2
2021-09-22 16:09:19.752,16878,16879,16878,1,-1
2021-09-22 16:09:27.995,16876,16879,16876,1,-1
2021-09-22 16:10:03.269,16877,16878,16878,3,3
2021-09-22 16:10:04.362,16878,16879,16878,4,-4
2021-09-22 16:10:04.362,16878,16879,16877,4,-4
2021-09-22 16:10:05.159,16877,16879,16879,1,1
2021-09-22 16:10:05.178,16877,16879,16879,1,1
2021-09-22 16:10:05.278,16878,16879,16879,1,1
2021-09-22 16:10:11.349,16878,16879,16879,1,1
2021-09-22 16:10:11.349,16878,16879,16879,2,2
2021-09-22 16:10:18.885,16879,16880,16880,1,1
2021-09-22 16:10:27.889,16879,16880,16880,1,1
2021-09-22 16:10:41.957,16880,16881,16880,1,-1
2021-09-22 16:10:48.206,16880,16881,16880,1,-1
2021-09-22 16:10:56.994,16879,16880,16879,1,-1
2021-09-22 16:10:57.128,16879,16880,16880,2,2
2021-09-22 16:10:57.129,16879,16880,16879,5,-5
2021-09-22 16:11:03.158,16878,16880,16880,1,1
2021-09-22 16:11:51.830,16880,16881,16880,1,-1
2021-09-22 16:11:52.017,16879,16881,16879,2,-2
2021-09-22 16:11:55.548,16879,16880,16880,1,1
2021-09-22 16:11:55.548,16879,16880,16881,1,1
2021-09-22 16:11:55.598,16879,16881,16881,2,2
2021-09-22 16:11:55.648,16879,16881,16881,2,2
2021-09-22 16:11:55.698,16879,16881,16881,2,2
2021-09-22 16:11:55.748,16879,16881,16881,1,1
2021-09-22 16:12:02.316,16879,16880,16880,1,1
2021-09-22 16:12:07.426,16879,16880,16880,1,1
2021-09-22 16:12:58.934,16880,16881,16880,1,-1
2021-09-22 16:13:05.386,16880,16881,16880,2,-2
2021-09-22 16:13:12.652,16880,16881,16880,1,-1
2021-09-22 16:13:15.046,16880,16881,16881,11,11
2021-09-22 16:13:15.048,16880,16881,16882,1,1
2021-09-22 16:13:19.680,16881,16882,16882,6,6
2021-09-22 16:13:41.064,16882,16883,16883,1,1
2021-09-22 16:13:46.194,16883,16884,16883,1,-1
2021-09-22 16:13:47.447,16883,16884,16884,3,3
2021-09-22 16:13:51.637,16883,16884,16883,2,-2
2021-09-22 16:13:54.680,16882,16883,16883,1,1
2021-09-22 16:14:00.488,16882,16883,16883,1,1
2021-09-22 16:14:05.597,16882,16883,16882,2,-2
2021-09-22 16:14:24.994,16882,16883,16882,1,-1
2021-09-22 16:14:25.054,16882,16883,16882,1,-1
2021-09-22 16:14:25.518,16882,16883,16882,1,-1
2021-09-22 16:14:26.100,16882,16883,16882,1,-1
2021-09-22 16:14:31.997,16882,16883,16883,1,1
2021-09-22 16:14:36.053,16882,16884,16884,4,4
2021-09-22 16:14:48.967,16882,16883,16883,1,1
2021-09-22 16:14:48.967,16882,16883,16883,1,1
2021-09-22 16:14:57.842,16882,16883,16882,1,-1
2021-09-22 16:14:58.617,16881,16883,16883,2,2
2021-09-22 16:15:03.641,16881,16883,16883,2,2
2021-09-22 16:15:38.829,16883,16884,16884,1,1
2021-09-22 16:15:39.129,16883,16884,16883,1,-1
2021-09-22 16:15:40.679,16883,16884,16883,1,-1
2021-09-22 16:15:41.277,16883,16884,16884,1,1
2021-09-22 16:15:44.815,16883,16884,16884,1,1
2021-09-22 16:15:52.725,16884,16885,16885,3,3
2021-09-22 16:15:56.452,16884,16885,16884,1,-1
2021-09-22 16:15:59.795,16884,16885,16884,3,-3
2021-09-22 16:16:00.487,16884,16885,16885,1,1
2021-09-22 16:16:01.133,16884,16885,16884,1,-1
2021-09-22 16:16:05.859,16884,16885,16884,12,-12
