2023-05-03 15:00:00,15555,15555,15555,108,0
2023-05-03 15:00:00,15555,15555,15555,6,0
2023-05-03 15:00:00,15555,15555,15555,2,0
2023-05-03 15:00:00,15555,15555,15555,4,0
2023-05-03 15:00:00,15555,15555,15555,2,0
2023-05-03 15:00:00,15555,15555,15555,2,0
2023-05-03 15:00:00,15556,15556,15556,2,2
2023-05-03 15:00:01,15555,15555,15555,2,-2
2023-05-03 15:00:01,15555,15555,15555,2,0
2023-05-03 15:00:01,15555,15555,15555,10,0
2023-05-03 15:00:01,15554,15554,15554,2,-2
2023-05-03 15:00:01,15554,15554,15554,2,0
2023-05-03 15:00:01,15554,15554,15554,4,0
2023-05-03 15:00:01,15554,15554,15554,2,0
2023-05-03 15:00:01,15554,15554,15554,12,0
2023-05-03 15:00:01,15554,15554,15554,2,0
2023-05-03 15:00:01,15553,15553,15553,2,-2
2023-05-03 15:00:01,15553,15553,15553,2,0
2023-05-03 15:00:01,15553,15553,15553,2,0
2023-05-03 15:00:01,15553,15553,15553,2,0
2023-05-03 15:00:01,15553,15553,15553,2,0
2023-05-03 15:00:01,15553,15553,15553,2,0
2023-05-03 15:00:01,15553,15553,15553,6,0
2023-05-03 15:00:01,15553,15553,15553,4,0
2023-05-03 15:00:02,15553,15553,15553,6,0
2023-05-03 15:00:03,15554,15554,15554,2,2
2023-05-03 15:00:03,15554,15554,15554,4,0
2023-05-03 15:00:04,15554,15554,15554,6,0
2023-05-03 15:00:04,15555,15555,15555,4,4
2023-05-03 15:00:04,15553,15553,15553,6,-6
2023-05-03 15:00:06,15554,15554,15554,4,4
2023-05-03 15:00:06,15554,15554,15554,2,0
2023-05-03 15:00:07,15554,15554,15554,2,0
2023-05-03 15:00:08,15554,15554,15554,6,0
2023-05-03 15:00:08,15553,15553,15553,2,-2
2023-05-03 15:00:08,15553,15553,15553,2,0
2023-05-03 15:00:09,15554,15554,15554,6,6
2023-05-03 15:00:10,15555,15555,15555,4,4
2023-05-03 15:00:10,15555,15555,15555,8,0
2023-05-03 15:00:10,15556,15556,15556,2,2
2023-05-03 15:00:11,15557,15557,15557,4,4
2023-05-03 15:00:11,15556,15556,15556,2,-2
2023-05-03 15:00:11,15556,15556,15556,2,0
2023-05-03 15:00:11,15556,15556,15556,2,0
2023-05-03 15:00:11,15556,15556,15556,2,0
2023-05-03 15:00:11,15557,15557,15557,2,2
2023-05-03 15:00:12,15557,15557,15557,10,0
2023-05-03 15:00:12,15557,15557,15557,8,0
2023-05-03 15:00:12,15558,15558,15558,2,2
2023-05-03 15:00:13,15557,15557,15557,4,-4
2023-05-03 15:00:14,15556,15556,15556,2,-2
2023-05-03 15:00:14,15555,15555,15555,2,-2
2023-05-03 15:00:14,15555,15555,15555,2,0
2023-05-03 15:00:15,15556,15556,15556,4,4
2023-05-03 15:00:15,15555,15555,15555,2,-2
2023-05-03 15:00:16,15555,15555,15555,2,0
2023-05-03 15:00:16,15555,15555,15555,2,0
2023-05-03 15:00:16,15555,15555,15555,2,0
2023-05-03 15:00:16,15555,15555,15555,2,0
2023-05-03 15:00:17,15555,15555,15555,2,0
2023-05-03 15:00:18,15555,15555,15555,2,0
2023-05-03 15:00:18,15554,15554,15554,2,-2
2023-05-03 15:00:19,15555,15555,15555,2,2
2023-05-03 15:00:22,15555,15555,15555,4,0
2023-05-03 15:00:24,15554,15554,15554,2,-2
2023-05-03 15:00:24,15554,15554,15554,2,0
2023-05-03 15:00:24,15554,15554,15554,2,0
2023-05-03 15:00:24,15554,15554,15554,2,0
2023-05-03 15:00:24,15554,15554,15554,4,0
2023-05-03 15:00:24,15554,15554,15554,2,0
2023-05-03 15:00:24,15554,15554,15554,10,0
2023-05-03 15:00:24,15554,15554,15554,2,0
2023-05-03 15:00:24,15554,15554,15554,2,0
2023-05-03 15:00:24,15554,15554,15554,2,0
2023-05-03 15:00:24,15554,15554,15554,10,0
2023-05-03 15:00:24,15554,15554,15554,2,0
2023-05-03 15:00:24,15554,15554,15554,2,0
2023-05-03 15:00:24,15554,15554,15554,2,0
2023-05-03 15:00:25,15553,15553,15553,2,-2
2023-05-03 15:00:25,15553,15553,15553,2,0
2023-05-03 15:00:25,15553,15553,15553,2,0
2023-05-03 15:00:26,15554,15554,15554,4,4
2023-05-03 15:00:27,15554,15554,15554,2,0
2023-05-03 15:00:27,15553,15553,15553,4,-4
2023-05-03 15:00:28,15554,15554,15554,2,2
2023-05-03 15:00:28,15554,15554,15554,2,0
2023-05-03 15:00:28,15555,15555,15555,2,2
2023-05-03 15:00:28,15553,15553,15553,2,-2
2023-05-03 15:00:30,15554,15554,15554,2,2
2023-05-03 15:00:30,15554,15554,15554,2,0
2023-05-03 15:00:30,15554,15554,15554,2,0
2023-05-03 15:00:31,15555,15555,15555,6,6
2023-05-03 15:00:31,15555,15555,15555,6,0
2023-05-03 15:00:31,15555,15555,15555,2,0
2023-05-03 15:00:31,15555,15555,15555,4,0
2023-05-03 15:00:33,15556,15556,15556,2,2
2023-05-03 15:00:33,15556,15556,15556,2,0
2023-05-03 15:00:34,15557,15557,15557,10,10
2023-05-03 15:00:34,15557,15557,15557,2,0
2023-05-03 15:00:35,15557,15557,15557,2,0
2023-05-03 15:00:36,15557,15557,15557,2,0
2023-05-03 15:00:39,15557,15557,15557,2,0
2023-05-03 15:00:41,15557,15557,15557,2,0
2023-05-03 15:00:41,15555,15555,15555,2,-2
2023-05-03 15:00:41,15555,15555,15555,2,0
2023-05-03 15:00:42,15557,15557,15557,2,2
2023-05-03 15:00:42,15556,15556,15556,2,-2
2023-05-03 15:00:42,15555,15555,15555,2,-2
2023-05-03 15:00:43,15555,15555,15555,2,0
2023-05-03 15:00:50,15556,15556,15556,2,2
2023-05-03 15:00:52,15556,15556,15556,2,0
2023-05-03 15:00:56,15555,15555,15555,2,-2
2023-05-03 15:00:57,15556,15556,15556,2,2
2023-05-03 15:00:59,15555,15555,15555,2,-2
2023-05-03 15:00:59,15555,15555,15555,2,0
2023-05-03 15:00:59,15555,15555,15555,8,0
2023-05-03 15:00:59,15555,15555,15555,2,0
2023-05-03 15:00:59,15555,15555,15555,2,0
2023-05-03 15:00:59,15556,15556,15556,2,2
2023-05-03 15:01:00,15556,15556,15556,2,0
2023-05-03 15:01:00,15556,15556,15556,4,0
2023-05-03 15:01:00,15556,15556,15556,4,0
2023-05-03 15:01:00,15556,15556,15556,2,0
2023-05-03 15:01:00,15556,15556,15556,2,0
2023-05-03 15:01:00,15556,15556,15556,4,0
2023-05-03 15:01:00,15557,15557,15557,4,4
2023-05-03 15:01:00,15557,15557,15557,8,0
2023-05-03 15:01:00,15557,15557,15557,2,0
2023-05-03 15:01:00,15557,15557,15557,6,0
2023-05-03 15:01:00,15557,15557,15557,2,0
2023-05-03 15:01:02,15557,15557,15557,2,0
2023-05-03 15:01:04,15558,15558,15558,8,8
2023-05-03 15:01:04,15556,15556,15556,6,-6
2023-05-03 15:01:04,15556,15556,15556,2,0
2023-05-03 15:01:04,15557,15557,15557,2,2
2023-05-03 15:01:05,15556,15556,15556,2,-2
2023-05-03 15:01:05,15556,15556,15556,2,0
2023-05-03 15:01:06,15556,15556,15556,2,0
2023-05-03 15:01:07,15556,15556,15556,2,0
2023-05-03 15:01:07,15557,15557,15557,6,6
2023-05-03 15:01:08,15557,15557,15557,2,0
2023-05-03 15:01:08,15557,15557,15557,2,0
2023-05-03 15:01:09,15556,15556,15556,2,-2
2023-05-03 15:01:11,15558,15558,15558,6,6
2023-05-03 15:01:11,15558,15558,15558,2,0
2023-05-03 15:01:11,15558,15558,15558,6,0
2023-05-03 15:01:11,15558,15558,15558,2,0
2023-05-03 15:01:11,15558,15558,15558,8,0
2023-05-03 15:01:11,15558,15558,15558,2,0
2023-05-03 15:01:11,15558,15558,15558,4,0
2023-05-03 15:01:11,15558,15558,15558,2,0
2023-05-03 15:01:12,15559,15559,15559,2,2
2023-05-03 15:01:12,15559,15559,15559,30,0
2023-05-03 15:01:12,15558,15558,15558,2,-2
2023-05-03 15:01:13,15559,15559,15559,12,12
2023-05-03 15:01:13,15559,15559,15559,2,0
2023-05-03 15:01:13,15559,15559,15559,2,0
2023-05-03 15:01:14,15559,15559,15559,2,0
2023-05-03 15:01:15,15559,15559,15559,2,0
2023-05-03 15:01:16,15559,15559,15559,2,0
2023-05-03 15:01:17,15559,15559,15559,6,0
2023-05-03 15:01:19,15559,15559,15559,4,0
2023-05-03 15:01:19,15559,15559,15559,2,0
2023-05-03 15:01:19,15558,15558,15558,2,-2
2023-05-03 15:01:19,15558,15558,15558,2,0
2023-05-03 15:01:19,15557,15557,15557,6,-6
2023-05-03 15:01:21,15558,15558,15558,2,2
2023-05-03 15:01:22,15558,15558,15558,2,0
2023-05-03 15:01:24,15558,15558,15558,4,0
2023-05-03 15:01:24,15558,15558,15558,2,0
2023-05-03 15:01:25,15558,15558,15558,2,0
2023-05-03 15:01:28,15558,15558,15558,2,0
2023-05-03 15:01:30,15558,15558,15558,2,0
2023-05-03 15:01:33,15558,15558,15558,2,0
2023-05-03 15:01:33,15558,15558,15558,2,0
2023-05-03 15:01:34,15559,15559,15559,2,2
2023-05-03 15:01:34,15559,15559,15559,2,0
2023-05-03 15:01:34,15559,15559,15559,2,0
2023-05-03 15:01:38,15559,15559,15559,2,0
2023-05-03 15:01:38,15559,15559,15559,6,0
2023-05-03 15:01:38,15559,15559,15559,4,0
2023-05-03 15:01:38,15559,15559,15559,2,0
2023-05-03 15:01:38,15559,15559,15559,2,0
2023-05-03 15:01:39,15558,15558,15558,2,-2
2023-05-03 15:01:39,15558,15558,15558,2,0
2023-05-03 15:01:40,15559,15559,15559,2,2
2023-05-03 15:01:44,15559,15559,15559,2,0
2023-05-03 15:01:45,15559,15559,15559,2,0
2023-05-03 15:01:46,15559,15559,15559,2,0
2023-05-03 15:01:52,15559,15559,15559,2,0
2023-05-03 15:01:55,15559,15559,15559,2,0
2023-05-03 15:01:56,15559,15559,15559,2,0
2023-05-03 15:01:57,15559,15559,15559,4,0
2023-05-03 15:01:57,15558,15558,15558,4,-4
2023-05-03 15:01:57,15558,15558,15558,2,0
2023-05-03 15:01:57,15558,15558,15558,2,0
2023-05-03 15:01:57,15558,15558,15558,4,0
2023-05-03 15:01:57,15558,15558,15558,2,0
2023-05-03 15:01:57,15558,15558,15558,2,0
2023-05-03 15:01:57,15558,15558,15558,20,0
2023-05-03 15:01:57,15558,15558,15558,2,0
2023-05-03 15:01:57,15558,15558,15558,2,0
2023-05-03 15:01:57,15558,15558,15558,2,0
2023-05-03 15:01:57,15558,15558,15558,4,0
2023-05-03 15:01:57,15558,15558,15558,2,0
2023-05-03 15:01:57,15558,15558,15558,2,0
2023-05-03 15:01:57,15558,15558,15558,2,0
2023-05-03 15:01:57,15558,15558,15558,2,0
2023-05-03 15:01:57,15558,15558,15558,2,0
2023-05-03 15:01:58,15559,15559,15559,2,2
2023-05-03 15:02:00,15558,15558,15558,2,-2
2023-05-03 15:02:02,15559,15559,15559,2,2
2023-05-03 15:02:03,15558,15558,15558,2,-2
2023-05-03 15:02:03,15558,15558,15558,2,0
2023-05-03 15:02:03,15558,15558,15558,2,0
2023-05-03 15:02:07,15557,15557,15557,2,-2
2023-05-03 15:02:07,15557,15557,15557,2,0
2023-05-03 15:02:07,15557,15557,15557,2,0
2023-05-03 15:02:07,15557,15557,15557,2,0
2023-05-03 15:02:11,15557,15557,15557,2,0
2023-05-03 15:02:11,15558,15558,15558,2,2
2023-05-03 15:02:14,15557,15557,15557,2,-2
2023-05-03 15:02:19,15558,15558,15558,2,2
2023-05-03 15:02:19,15558,15558,15558,4,0
2023-05-03 15:02:19,15558,15558,15558,2,0
2023-05-03 15:02:19,15558,15558,15558,2,0
2023-05-03 15:02:19,15558,15558,15558,2,0
2023-05-03 15:02:19,15558,15558,15558,2,0
2023-05-03 15:02:29,15559,15559,15559,4,4
2023-05-03 15:02:35,15558,15558,15558,2,-2
2023-05-03 15:02:35,15558,15558,15558,2,0
2023-05-03 15:02:35,15558,15558,15558,2,0
2023-05-03 15:02:35,15558,15558,15558,6,0
2023-05-03 15:02:35,15558,15558,15558,2,0
2023-05-03 15:02:35,15558,15558,15558,2,0
2023-05-03 15:02:35,15558,15558,15558,2,0
2023-05-03 15:02:35,15558,15558,15558,6,0
2023-05-03 15:02:35,15558,15558,15558,2,0
2023-05-03 15:02:35,15558,15558,15558,6,0
2023-05-03 15:02:35,15558,15558,15558,2,0
2023-05-03 15:02:35,15558,15558,15558,2,0
2023-05-03 15:02:35,15558,15558,15558,2,0
2023-05-03 15:02:35,15558,15558,15558,2,0
2023-05-03 15:02:40,15558,15558,15558,2,0
2023-05-03 15:02:42,15558,15558,15558,4,0
2023-05-03 15:02:44,15558,15558,15558,4,0
2023-05-03 15:02:44,15558,15558,15558,4,0
2023-05-03 15:02:47,15557,15557,15557,2,-2
2023-05-03 15:02:49,15558,15558,15558,4,4
2023-05-03 15:03:00,15557,15557,15557,2,-2
2023-05-03 15:03:00,15557,15557,15557,2,0
2023-05-03 15:03:00,15557,15557,15557,2,0
2023-05-03 15:03:00,15557,15557,15557,2,0
2023-05-03 15:03:00,15556,15556,15556,2,-2
2023-05-03 15:03:02,15558,15558,15558,2,2
2023-05-03 15:03:04,15558,15558,15558,2,0
2023-05-03 15:03:04,15558,15558,15558,2,0
2023-05-03 15:03:05,15559,15559,15559,8,8
2023-05-03 15:03:05,15559,15559,15559,2,0
2023-05-03 15:03:05,15559,15559,15559,2,0
2023-05-03 15:03:05,15559,15559,15559,2,0
2023-05-03 15:03:07,15558,15558,15558,2,-2
2023-05-03 15:03:07,15558,15558,15558,2,0
2023-05-03 15:03:07,15559,15559,15559,2,2
2023-05-03 15:03:07,15559,15559,15559,2,0
2023-05-03 15:03:07,15559,15559,15559,2,0
2023-05-03 15:03:12,15559,15559,15559,2,0
2023-05-03 15:03:13,15560,15560,15560,4,4
2023-05-03 15:03:13,15560,15560,15560,6,0
2023-05-03 15:03:13,15560,15560,15560,4,0
2023-05-03 15:03:13,15560,15560,15560,2,0
2023-05-03 15:03:13,15560,15560,15560,2,0
2023-05-03 15:03:13,15560,15560,15560,4,0
2023-05-03 15:03:13,15560,15560,15560,6,0
2023-05-03 15:03:13,15560,15560,15560,8,0
2023-05-03 15:03:13,15560,15560,15560,2,0
2023-05-03 15:03:13,15561,15561,15561,6,6
2023-05-03 15:03:13,15561,15561,15561,4,0
2023-05-03 15:03:13,15561,15561,15561,2,0
2023-05-03 15:03:13,15561,15561,15561,8,0
2023-05-03 15:03:13,15561,15561,15561,2,0
2023-05-03 15:03:13,15561,15561,15561,6,0
2023-05-03 15:03:20,15561,15561,15561,2,0
2023-05-03 15:03:20,15561,15561,15561,2,0
2023-05-03 15:03:21,15561,15561,15561,2,0
2023-05-03 15:03:27,15561,15561,15561,2,0
2023-05-03 15:03:30,15561,15561,15561,2,0
2023-05-03 15:03:30,15561,15561,15561,2,0
2023-05-03 15:03:30,15561,15561,15561,2,0
2023-05-03 15:03:30,15561,15561,15561,2,0
2023-05-03 15:03:30,15561,15561,15561,2,0
2023-05-03 15:03:30,15561,15561,15561,2,0
2023-05-03 15:03:32,15561,15561,15561,2,0
2023-05-03 15:03:33,15560,15560,15560,2,-2
2023-05-03 15:03:33,15560,15560,15560,2,0
2023-05-03 15:03:33,15560,15560,15560,4,0
2023-05-03 15:03:33,15560,15560,15560,2,0
2023-05-03 15:03:33,15560,15560,15560,2,0
2023-05-03 15:03:33,15560,15560,15560,2,0
2023-05-03 15:03:33,15560,15560,15560,2,0
2023-05-03 15:03:35,15560,15560,15560,2,0
2023-05-03 15:03:36,15560,15560,15560,2,0
2023-05-03 15:03:47,15561,15561,15561,4,4
2023-05-03 15:03:48,15561,15561,15561,4,0
2023-05-03 15:03:52,15561,15561,15561,4,0
2023-05-03 15:03:57,15561,15561,15561,4,0
2023-05-03 15:03:57,15560,15560,15560,2,-2
2023-05-03 15:04:12,15560,15560,15560,2,0
2023-05-03 15:04:12,15560,15560,15560,2,0
2023-05-03 15:04:14,15560,15560,15560,2,0
2023-05-03 15:04:14,15560,15560,15560,6,0
2023-05-03 15:04:14,15560,15560,15560,4,0
2023-05-03 15:04:14,15560,15560,15560,2,0
2023-05-03 15:04:14,15560,15560,15560,2,0
2023-05-03 15:04:14,15560,15560,15560,6,0
2023-05-03 15:04:20,15560,15560,15560,2,0
2023-05-03 15:04:20,15560,15560,15560,2,0
2023-05-03 15:04:20,15560,15560,15560,2,0
2023-05-03 15:04:20,15560,15560,15560,2,0
2023-05-03 15:04:20,15560,15560,15560,2,0
2023-05-03 15:04:20,15560,15560,15560,2,0
2023-05-03 15:04:22,15560,15560,15560,2,0
2023-05-03 15:04:22,15560,15560,15560,2,0
2023-05-03 15:04:22,15560,15560,15560,2,0
2023-05-03 15:04:22,15560,15560,15560,2,0
2023-05-03 15:04:22,15560,15560,15560,2,0
2023-05-03 15:04:27,15560,15560,15560,2,0
2023-05-03 15:04:30,15560,15560,15560,2,0
2023-05-03 15:04:30,15560,15560,15560,2,0
2023-05-03 15:04:32,15560,15560,15560,2,0
2023-05-03 15:04:33,15560,15560,15560,2,0
2023-05-03 15:04:35,15560,15560,15560,2,0
2023-05-03 15:04:35,15560,15560,15560,2,0
2023-05-03 15:04:35,15560,15560,15560,2,0
2023-05-03 15:04:35,15560,15560,15560,2,0
2023-05-03 15:04:38,15560,15560,15560,2,0
2023-05-03 15:04:55,15559,15559,15559,2,-2
2023-05-03 15:04:58,15560,15560,15560,2,2
2023-05-03 15:05:00,15559,15559,15559,2,-2
2023-05-03 15:05:00,15559,15559,15559,2,0
2023-05-03 15:05:00,15559,15559,15559,2,0
2023-05-03 15:05:00,15559,15559,15559,2,0
2023-05-03 15:05:00,15559,15559,15559,2,0
2023-05-03 15:05:00,15559,15559,15559,2,0
2023-05-03 15:05:01,15559,15559,15559,4,0
2023-05-03 15:05:02,15558,15558,15558,2,-2
2023-05-03 15:05:04,15558,15558,15558,2,0
2023-05-03 15:05:04,15558,15558,15558,2,0
2023-05-03 15:05:20,15557,15557,15557,2,-2
2023-05-03 15:05:20,15557,15557,15557,2,0
2023-05-03 15:05:21,15557,15557,15557,2,0
2023-05-03 15:05:21,15557,15557,15557,2,0
2023-05-03 15:05:21,15557,15557,15557,2,0
2023-05-03 15:05:21,15557,15557,15557,2,0
2023-05-03 15:05:21,15557,15557,15557,2,0
2023-05-03 15:05:21,15557,15557,15557,2,0
2023-05-03 15:05:21,15557,15557,15557,2,0
2023-05-03 15:05:28,15556,15556,15556,2,-2
2023-05-03 15:05:28,15556,15556,15556,2,0
2023-05-03 15:05:28,15556,15556,15556,2,0
2023-05-03 15:05:28,15556,15556,15556,2,0
2023-05-03 15:05:33,15557,15557,15557,4,4
2023-05-03 15:05:38,15556,15556,15556,2,-2
2023-05-03 15:05:38,15556,15556,15556,2,0
2023-05-03 15:05:38,15556,15556,15556,2,0
2023-05-03 15:05:40,15555,15555,15555,2,-2
2023-05-03 15:05:40,15555,15555,15555,6,0
2023-05-03 15:05:41,15556,15556,15556,10,10
2023-05-03 15:05:52,15556,15556,15556,2,0
2023-05-03 15:05:56,15556,15556,15556,2,0
2023-05-03 15:05:58,15555,15555,15555,2,-2
2023-05-03 15:05:59,15555,15555,15555,2,0
2023-05-03 15:06:00,15555,15555,15555,2,0
2023-05-03 15:06:00,15555,15555,15555,2,0
2023-05-03 15:06:00,15555,15555,15555,10,0
2023-05-03 15:06:00,15555,15555,15555,2,0
2023-05-03 15:06:00,15555,15555,15555,2,0
2023-05-03 15:06:00,15555,15555,15555,2,0
2023-05-03 15:06:00,15555,15555,15555,2,0
2023-05-03 15:06:03,15556,15556,15556,2,2
2023-05-03 15:06:03,15556,15556,15556,2,0
2023-05-03 15:06:03,15556,15556,15556,2,0
2023-05-03 15:06:03,15556,15556,15556,2,0
2023-05-03 15:06:03,15556,15556,15556,2,0
2023-05-03 15:06:10,15555,15555,15555,2,-2
2023-05-03 15:06:16,15555,15555,15555,2,0
2023-05-03 15:06:18,15556,15556,15556,2,2
2023-05-03 15:06:24,15556,15556,15556,8,0
2023-05-03 15:06:25,15555,15555,15555,2,-2
2023-05-03 15:06:40,15555,15555,15555,6,0
2023-05-03 15:06:41,15555,15555,15555,2,0
2023-05-03 15:06:53,15555,15555,15555,2,0
2023-05-03 15:06:57,15555,15555,15555,2,0
2023-05-03 15:06:57,15555,15555,15555,2,0
2023-05-03 15:07:00,15555,15555,15555,2,0
2023-05-03 15:07:00,15555,15555,15555,2,0
2023-05-03 15:07:00,15555,15555,15555,2,0
2023-05-03 15:07:00,15555,15555,15555,2,0
2023-05-03 15:07:00,15555,15555,15555,4,0
2023-05-03 15:07:00,15555,15555,15555,2,0
2023-05-03 15:07:00,15555,15555,15555,2,0
2023-05-03 15:07:00,15555,15555,15555,2,0
2023-05-03 15:07:00,15555,15555,15555,2,0
2023-05-03 15:07:07,15554,15554,15554,2,-2
2023-05-03 15:07:09,15554,15554,15554,2,0
2023-05-03 15:07:19,15554,15554,15554,2,0
2023-05-03 15:07:20,15554,15554,15554,4,0
2023-05-03 15:07:20,15554,15554,15554,2,0
2023-05-03 15:07:20,15554,15554,15554,2,0
2023-05-03 15:07:20,15554,15554,15554,2,0
2023-05-03 15:07:22,15554,15554,15554,2,0
2023-05-03 15:07:22,15554,15554,15554,2,0
2023-05-03 15:07:22,15554,15554,15554,2,0
2023-05-03 15:07:22,15554,15554,15554,2,0
2023-05-03 15:07:30,15555,15555,15555,16,16
2023-05-03 15:07:30,15555,15555,15555,2,0
2023-05-03 15:07:30,15555,15555,15555,2,0
2023-05-03 15:07:39,15555,15555,15555,2,0
2023-05-03 15:07:42,15556,15556,15556,2,2
2023-05-03 15:07:45,15555,15555,15555,2,-2
2023-05-03 15:07:53,15554,15554,15554,2,-2
2023-05-03 15:07:56,15555,15555,15555,2,2
2023-05-03 15:07:56,15555,15555,15555,2,0
2023-05-03 15:08:00,15555,15555,15555,2,0
2023-05-03 15:08:00,15555,15555,15555,2,0
2023-05-03 15:08:01,15555,15555,15555,2,0
2023-05-03 15:08:06,15554,15554,15554,2,-2
2023-05-03 15:08:06,15554,15554,15554,4,0
2023-05-03 15:08:06,15554,15554,15554,4,0
2023-05-03 15:08:06,15554,15554,15554,2,0
2023-05-03 15:08:06,15554,15554,15554,6,0
2023-05-03 15:08:16,15553,15553,15553,2,-2
2023-05-03 15:08:16,15553,15553,15553,2,0
2023-05-03 15:08:17,15554,15554,15554,2,2
2023-05-03 15:08:19,15553,15553,15553,2,-2
2023-05-03 15:08:19,15553,15553,15553,2,0
2023-05-03 15:08:19,15553,15553,15553,2,0
2023-05-03 15:08:19,15553,15553,15553,2,0
2023-05-03 15:08:19,15553,15553,15553,2,0
2023-05-03 15:08:19,15553,15553,15553,2,0
2023-05-03 15:08:19,15553,15553,15553,2,0
2023-05-03 15:08:19,15553,15553,15553,2,0
2023-05-03 15:08:19,15553,15553,15553,2,0
2023-05-03 15:08:19,15553,15553,15553,2,0
2023-05-03 15:08:19,15553,15553,15553,2,0
2023-05-03 15:08:21,15552,15552,15552,2,-2
2023-05-03 15:08:21,15552,15552,15552,2,0
2023-05-03 15:08:25,15553,15553,15553,2,2
2023-05-03 15:08:25,15553,15553,15553,2,0
2023-05-03 15:08:25,15553,15553,15553,2,0
2023-05-03 15:08:26,15553,15553,15553,2,0
2023-05-03 15:08:29,15553,15553,15553,2,0
2023-05-03 15:08:37,15553,15553,15553,2,0
2023-05-03 15:08:40,15553,15553,15553,2,0
2023-05-03 15:08:40,15553,15553,15553,2,0
2023-05-03 15:08:40,15553,15553,15553,2,0
2023-05-03 15:08:44,15553,15553,15553,2,0
2023-05-03 15:08:50,15553,15553,15553,2,0
2023-05-03 15:08:50,15553,15553,15553,4,0
2023-05-03 15:08:50,15553,15553,15553,2,0
2023-05-03 15:08:50,15553,15553,15553,6,0
2023-05-03 15:08:50,15553,15553,15553,4,0
2023-05-03 15:08:50,15553,15553,15553,8,0
2023-05-03 15:08:50,15553,15553,15553,2,0
2023-05-03 15:08:50,15553,15553,15553,2,0
2023-05-03 15:08:50,15553,15553,15553,6,0
2023-05-03 15:08:50,15553,15553,15553,2,0
2023-05-03 15:08:53,15553,15553,15553,2,0
2023-05-03 15:08:54,15553,15553,15553,2,0
2023-05-03 15:08:54,15554,15554,15554,2,2
2023-05-03 15:09:13,15554,15554,15554,4,0
2023-05-03 15:09:15,15553,15553,15553,2,-2
2023-05-03 15:09:20,15553,15553,15553,4,0
2023-05-03 15:09:24,15553,15553,15553,2,0
2023-05-03 15:09:26,15553,15553,15553,2,0
2023-05-03 15:09:27,15554,15554,15554,2,2
2023-05-03 15:09:27,15554,15554,15554,2,0
2023-05-03 15:09:27,15554,15554,15554,8,0
2023-05-03 15:09:58,15554,15554,15554,2,0
2023-05-03 15:10:00,15554,15554,15554,2,0
2023-05-03 15:10:00,15554,15554,15554,2,0
2023-05-03 15:10:00,15554,15554,15554,2,0
2023-05-03 15:10:00,15554,15554,15554,2,0
2023-05-03 15:10:00,15554,15554,15554,2,0
2023-05-03 15:10:00,15554,15554,15554,2,0
2023-05-03 15:10:00,15554,15554,15554,2,0
2023-05-03 15:10:00,15554,15554,15554,2,0
2023-05-03 15:10:00,15554,15554,15554,2,0
2023-05-03 15:10:00,15554,15554,15554,2,0
2023-05-03 15:10:01,15554,15554,15554,4,0
2023-05-03 15:10:02,15554,15554,15554,2,0
2023-05-03 15:10:02,15554,15554,15554,8,0
2023-05-03 15:10:06,15555,15555,15555,2,2
2023-05-03 15:10:06,15555,15555,15555,10,0
2023-05-03 15:10:06,15555,15555,15555,2,0
2023-05-03 15:10:29,15555,15555,15555,2,0
2023-05-03 15:10:49,15556,15556,15556,2,2
2023-05-03 15:10:54,15556,15556,15556,2,0
2023-05-03 15:10:54,15556,15556,15556,4,0
2023-05-03 15:10:54,15556,15556,15556,2,0
2023-05-03 15:10:54,15556,15556,15556,8,0
2023-05-03 15:10:54,15556,15556,15556,2,0
2023-05-03 15:10:54,15556,15556,15556,18,0
2023-05-03 15:10:54,15557,15557,15557,2,2
2023-05-03 15:10:56,15557,15557,15557,18,0
2023-05-03 15:11:00,15557,15557,15557,2,0
2023-05-03 15:11:00,15557,15557,15557,2,0
2023-05-03 15:11:00,15558,15558,15558,2,2
2023-05-03 15:11:03,15558,15558,15558,2,0
2023-05-03 15:11:10,15558,15558,15558,2,0
2023-05-03 15:11:20,15558,15558,15558,2,0
2023-05-03 15:11:23,15557,15557,15557,2,-2
2023-05-03 15:11:44,15557,15557,15557,2,0
2023-05-03 15:11:44,15558,15558,15558,2,2
2023-05-03 15:12:00,15557,15557,15557,2,-2
2023-05-03 15:12:04,15557,15557,15557,2,0
2023-05-03 15:12:06,15558,15558,15558,2,2
2023-05-03 15:12:07,15558,15558,15558,2,0
2023-05-03 15:12:07,15558,15558,15558,2,0
2023-05-03 15:12:12,15558,15558,15558,2,0
2023-05-03 15:12:13,15558,15558,15558,2,0
2023-05-03 15:12:13,15558,15558,15558,2,0
2023-05-03 15:12:17,15558,15558,15558,2,0
2023-05-03 15:12:19,15558,15558,15558,2,0
2023-05-03 15:12:26,15557,15557,15557,2,-2
2023-05-03 15:12:26,15557,15557,15557,2,0
2023-05-03 15:12:26,15557,15557,15557,2,0
2023-05-03 15:12:26,15557,15557,15557,2,0
2023-05-03 15:12:26,15557,15557,15557,2,0
2023-05-03 15:12:26,15557,15557,15557,2,0
2023-05-03 15:12:26,15557,15557,15557,2,0
2023-05-03 15:12:31,15557,15557,15557,2,0
2023-05-03 15:12:31,15557,15557,15557,2,0
2023-05-03 15:12:32,15557,15557,15557,2,0
2023-05-03 15:12:32,15557,15557,15557,2,0
2023-05-03 15:12:32,15557,15557,15557,2,0
2023-05-03 15:12:32,15557,15557,15557,2,0
2023-05-03 15:12:32,15557,15557,15557,2,0
2023-05-03 15:12:32,15557,15557,15557,2,0
2023-05-03 15:12:32,15557,15557,15557,2,0
2023-05-03 15:12:33,15557,15557,15557,6,0
2023-05-03 15:12:37,15557,15557,15557,2,0
2023-05-03 15:12:39,15557,15557,15557,2,0
2023-05-03 15:12:41,15557,15557,15557,2,0
2023-05-03 15:12:51,15558,15558,15558,22,22
2023-05-03 15:12:51,15559,15559,15559,4,4
2023-05-03 15:12:51,15559,15559,15559,2,0
2023-05-03 15:12:56,15560,15560,15560,44,44
2023-05-03 15:12:58,15560,15560,15560,2,0
2023-05-03 15:12:59,15560,15560,15560,8,0
2023-05-03 15:12:59,15560,15560,15560,2,0
2023-05-03 15:13:00,15561,15561,15561,28,28
2023-05-03 15:13:00,15561,15561,15561,2,0
2023-05-03 15:13:00,15561,15561,15561,2,0
2023-05-03 15:13:01,15561,15561,15561,2,0
2023-05-03 15:13:01,15562,15562,15562,66,66
2023-05-03 15:13:01,15563,15563,15563,44,44
2023-05-03 15:13:01,15562,15562,15562,2,-2
2023-05-03 15:13:08,15562,15562,15562,6,0
2023-05-03 15:13:08,15562,15562,15562,10,0
2023-05-03 15:13:08,15562,15562,15562,4,0
2023-05-03 15:13:08,15562,15562,15562,2,0
2023-05-03 15:13:08,15562,15562,15562,2,0
2023-05-03 15:13:08,15562,15562,15562,2,0
2023-05-03 15:13:08,15562,15562,15562,6,0
2023-05-03 15:13:08,15562,15562,15562,2,0
2023-05-03 15:13:08,15561,15561,15561,4,-4
2023-05-03 15:13:08,15561,15561,15561,2,0
2023-05-03 15:13:08,15561,15561,15561,2,0
2023-05-03 15:13:08,15561,15561,15561,2,0
2023-05-03 15:13:08,15561,15561,15561,4,0
2023-05-03 15:13:08,15561,15561,15561,2,0
2023-05-03 15:13:08,15561,15561,15561,2,0
2023-05-03 15:13:08,15561,15561,15561,4,0
2023-05-03 15:13:08,15561,15561,15561,4,0
2023-05-03 15:13:08,15561,15561,15561,2,0
2023-05-03 15:13:08,15561,15561,15561,2,0
2023-05-03 15:13:08,15561,15561,15561,6,0
2023-05-03 15:13:08,15561,15561,15561,6,0
2023-05-03 15:13:08,15561,15561,15561,2,0
2023-05-03 15:13:08,15561,15561,15561,2,0
2023-05-03 15:13:08,15561,15561,15561,2,0
2023-05-03 15:13:08,15561,15561,15561,10,0
2023-05-03 15:13:08,15561,15561,15561,10,0
2023-05-03 15:13:08,15561,15561,15561,2,0
2023-05-03 15:13:08,15561,15561,15561,2,0
2023-05-03 15:13:08,15562,15562,15562,2,2
2023-05-03 15:13:08,15562,15562,15562,8,0
2023-05-03 15:13:08,15561,15561,15561,2,-2
2023-05-03 15:13:09,15559,15559,15559,6,-6
2023-05-03 15:13:09,15559,15559,15559,4,0
2023-05-03 15:13:09,15559,15559,15559,4,0
2023-05-03 15:13:09,15559,15559,15559,6,0
2023-05-03 15:13:09,15559,15559,15559,2,0
2023-05-03 15:13:09,15559,15559,15559,6,0
2023-05-03 15:13:09,15559,15559,15559,2,0
2023-05-03 15:13:09,15559,15559,15559,2,0
2023-05-03 15:13:09,15559,15559,15559,2,0
2023-05-03 15:13:10,15559,15559,15559,2,0
2023-05-03 15:13:13,15559,15559,15559,2,0
2023-05-03 15:13:17,15559,15559,15559,2,0
2023-05-03 15:13:22,15558,15558,15558,2,-2
2023-05-03 15:13:22,15557,15557,15557,2,-2
2023-05-03 15:13:22,15557,15557,15557,2,0
2023-05-03 15:13:22,15557,15557,15557,6,0
2023-05-03 15:13:22,15557,15557,15557,6,0
2023-05-03 15:13:22,15557,15557,15557,2,0
2023-05-03 15:13:22,15557,15557,15557,2,0
2023-05-03 15:13:22,15557,15557,15557,2,0
2023-05-03 15:13:22,15556,15556,15556,4,-4
2023-05-03 15:13:23,15558,15558,15558,14,14
2023-05-03 15:13:23,15557,15557,15557,2,-2
2023-05-03 15:13:23,15558,15558,15558,4,4
2023-05-03 15:13:25,15557,15557,15557,2,-2
2023-05-03 15:13:32,15557,15557,15557,2,0
2023-05-03 15:13:36,15558,15558,15558,2,2
2023-05-03 15:13:36,15558,15558,15558,2,0
2023-05-03 15:13:52,15558,15558,15558,2,0
2023-05-03 15:13:54,15558,15558,15558,2,0
2023-05-03 15:13:54,15558,15558,15558,2,0
2023-05-03 15:13:55,15558,15558,15558,2,0
2023-05-03 15:13:55,15558,15558,15558,2,0
2023-05-03 15:13:55,15558,15558,15558,6,0
2023-05-03 15:14:00,15557,15557,15557,2,-2
2023-05-03 15:14:02,15557,15557,15557,2,0
2023-05-03 15:14:09,15558,15558,15558,2,2
2023-05-03 15:14:15,15557,15557,15557,20,-20
2023-05-03 15:14:18,15557,15557,15557,24,0
2023-05-03 15:14:33,15557,15557,15557,2,0
2023-05-03 15:14:34,15557,15557,15557,2,0
2023-05-03 15:14:34,15557,15557,15557,2,0
2023-05-03 15:14:36,15558,15558,15558,6,6
2023-05-03 15:14:40,15559,15559,15559,4,4
2023-05-03 15:14:40,15559,15559,15559,6,0
2023-05-03 15:14:47,15559,15559,15559,2,0
2023-05-03 15:14:52,15558,15558,15558,4,-4
2023-05-03 15:15:00,15559,15559,15559,4,4
2023-05-03 15:15:00,15560,15560,15560,4,4
2023-05-03 15:15:08,15560,15560,15560,2,0
2023-05-03 15:15:08,15560,15560,15560,2,0
2023-05-03 15:15:08,15560,15560,15560,6,0
2023-05-03 15:15:08,15560,15560,15560,4,0
2023-05-03 15:15:08,15560,15560,15560,14,0
2023-05-03 15:15:08,15560,15560,15560,4,0
2023-05-03 15:15:09,15560,15560,15560,2,0
2023-05-03 15:15:09,15561,15561,15561,12,12
2023-05-03 15:15:13,15560,15560,15560,4,-4
2023-05-03 15:15:15,15561,15561,15561,4,4
2023-05-03 15:15:17,15561,15561,15561,4,0
2023-05-03 15:15:18,15560,15560,15560,4,-4
2023-05-03 15:15:21,15560,15560,15560,2,0
2023-05-03 15:15:21,15559,15559,15559,2,-2
2023-05-03 15:15:21,15559,15559,15559,8,0
2023-05-03 15:15:29,15559,15559,15559,2,0
2023-05-03 15:15:40,15560,15560,15560,6,6
2023-05-03 15:15:40,15560,15560,15560,2,0
2023-05-03 15:15:52,15560,15560,15560,4,0
2023-05-03 15:15:52,15560,15560,15560,4,0
2023-05-03 15:15:55,15560,15560,15560,4,0
2023-05-03 15:16:00,15560,15560,15560,10,0
2023-05-03 15:16:00,15559,15559,15559,2,-2
2023-05-03 15:16:00,15559,15559,15559,4,0
2023-05-03 15:16:00,15559,15559,15559,2,0
2023-05-03 15:16:04,15559,15559,15559,2,0
2023-05-03 15:16:07,15559,15559,15559,2,0
2023-05-03 15:16:16,15559,15559,15559,4,0
2023-05-03 15:16:18,15560,15560,15560,4,4
2023-05-03 15:16:20,15559,15559,15559,2,-2
2023-05-03 15:16:21,15559,15559,15559,2,0
2023-05-03 15:16:23,15559,15559,15559,4,0
2023-05-03 15:16:24,15559,15559,15559,4,0
2023-05-03 15:16:24,15559,15559,15559,4,0
2023-05-03 15:16:25,15559,15559,15559,4,0
2023-05-03 15:16:29,15559,15559,15559,2,0
2023-05-03 15:16:50,15560,15560,15560,12,12
2023-05-03 15:16:51,15560,15560,15560,18,0
2023-05-03 15:16:54,15560,15560,15560,2,0
2023-05-03 15:17:07,15560,15560,15560,2,0
2023-05-03 15:17:07,15560,15560,15560,4,0
2023-05-03 15:17:07,15560,15560,15560,4,0
2023-05-03 15:17:11,15561,15561,15561,20,20
2023-05-03 15:17:14,15562,15562,15562,4,4
2023-05-03 15:17:16,15562,15562,15562,4,0
2023-05-03 15:17:16,15562,15562,15562,6,0
2023-05-03 15:17:17,15562,15562,15562,4,0
2023-05-03 15:17:19,15562,15562,15562,2,0
2023-05-03 15:17:27,15562,15562,15562,4,0
2023-05-03 15:17:30,15563,15563,15563,4,4
2023-05-03 15:17:30,15563,15563,15563,6,0
2023-05-03 15:17:30,15564,15564,15564,4,4
2023-05-03 15:17:30,15564,15564,15564,2,0
2023-05-03 15:17:36,15563,15563,15563,4,-4
2023-05-03 15:17:40,15563,15563,15563,4,0
2023-05-03 15:17:40,15563,15563,15563,2,0
2023-05-03 15:17:40,15564,15564,15564,2,2
2023-05-03 15:17:41,15564,15564,15564,10,0
2023-05-03 15:17:41,15564,15564,15564,8,0
2023-05-03 15:17:41,15564,15564,15564,2,0
2023-05-03 15:17:41,15564,15564,15564,2,0
2023-05-03 15:17:41,15564,15564,15564,2,0
2023-05-03 15:17:41,15565,15565,15565,4,4
2023-05-03 15:17:42,15565,15565,15565,10,0
2023-05-03 15:17:42,15565,15565,15565,4,0
2023-05-03 15:17:42,15564,15564,15564,2,-2
2023-05-03 15:17:42,15565,15565,15565,2,2
2023-05-03 15:17:42,15565,15565,15565,2,0
2023-05-03 15:17:42,15565,15565,15565,8,0
2023-05-03 15:17:42,15565,15565,15565,2,0
2023-05-03 15:17:42,15565,15565,15565,2,0
2023-05-03 15:17:42,15565,15565,15565,2,0
2023-05-03 15:17:42,15565,15565,15565,20,0
2023-05-03 15:17:42,15565,15565,15565,2,0
2023-05-03 15:17:42,15565,15565,15565,6,0
2023-05-03 15:17:42,15565,15565,15565,2,0
2023-05-03 15:17:42,15565,15565,15565,2,0
2023-05-03 15:17:42,15565,15565,15565,2,0
2023-05-03 15:17:42,15565,15565,15565,2,0
2023-05-03 15:17:42,15565,15565,15565,8,0
2023-05-03 15:17:42,15565,15565,15565,8,0
2023-05-03 15:17:42,15565,15565,15565,2,0
2023-05-03 15:17:42,15565,15565,15565,8,0
2023-05-03 15:17:43,15565,15565,15565,2,0
2023-05-03 15:17:45,15565,15565,15565,2,0
2023-05-03 15:17:47,15566,15566,15566,76,76
2023-05-03 15:17:47,15567,15567,15567,22,22
2023-05-03 15:17:47,15568,15568,15568,2,2
2023-05-03 15:17:48,15568,15568,15568,2,0
2023-05-03 15:17:49,15567,15567,15567,2,-2
2023-05-03 15:17:50,15568,15568,15568,4,4
2023-05-03 15:17:50,15567,15567,15567,2,-2
2023-05-03 15:17:54,15568,15568,15568,2,2
2023-05-03 15:17:54,15568,15568,15568,2,0
2023-05-03 15:17:55,15568,15568,15568,2,0
2023-05-03 15:17:57,15568,15568,15568,2,0
2023-05-03 15:17:59,15568,15568,15568,10,0
2023-05-03 15:17:59,15568,15568,15568,2,0
2023-05-03 15:18:00,15568,15568,15568,18,0
2023-05-03 15:18:00,15568,15568,15568,2,0
2023-05-03 15:18:00,15568,15568,15568,2,0
2023-05-03 15:18:00,15568,15568,15568,2,0
2023-05-03 15:18:00,15568,15568,15568,2,0
2023-05-03 15:18:00,15568,15568,15568,2,0
2023-05-03 15:18:00,15568,15568,15568,2,0
2023-05-03 15:18:00,15568,15568,15568,2,0
2023-05-03 15:18:00,15568,15568,15568,2,0
2023-05-03 15:18:00,15568,15568,15568,2,0
2023-05-03 15:18:00,15568,15568,15568,2,0
2023-05-03 15:18:00,15568,15568,15568,2,0
2023-05-03 15:18:00,15568,15568,15568,2,0
2023-05-03 15:18:00,15569,15569,15569,2,2
2023-05-03 15:18:01,15569,15569,15569,2,0
2023-05-03 15:18:01,15569,15569,15569,2,0
2023-05-03 15:18:01,15569,15569,15569,2,0
2023-05-03 15:18:01,15569,15569,15569,2,0
2023-05-03 15:18:01,15569,15569,15569,2,0
2023-05-03 15:18:01,15569,15569,15569,2,0
2023-05-03 15:18:01,15569,15569,15569,2,0
2023-05-03 15:18:01,15569,15569,15569,4,0
2023-05-03 15:18:01,15569,15569,15569,4,0
2023-05-03 15:18:01,15569,15569,15569,8,0
2023-05-03 15:18:01,15570,15570,15570,6,6
2023-05-03 15:18:01,15570,15570,15570,4,0
2023-05-03 15:18:01,15570,15570,15570,2,0
2023-05-03 15:18:01,15570,15570,15570,4,0
2023-05-03 15:18:01,15570,15570,15570,2,0
2023-05-03 15:18:01,15570,15570,15570,4,0
2023-05-03 15:18:01,15570,15570,15570,2,0
2023-05-03 15:18:01,15569,15569,15569,2,-2
2023-05-03 15:18:02,15568,15568,15568,4,-4
2023-05-03 15:18:04,15569,15569,15569,10,10
2023-05-03 15:18:05,15569,15569,15569,2,0
2023-05-03 15:18:07,15569,15569,15569,2,0
2023-05-03 15:18:07,15569,15569,15569,2,0
2023-05-03 15:18:08,15570,15570,15570,2,2
2023-05-03 15:18:08,15569,15569,15569,2,-2
2023-05-03 15:18:08,15569,15569,15569,2,0
2023-05-03 15:18:09,15569,15569,15569,4,0
2023-05-03 15:18:09,15570,15570,15570,2,2
2023-05-03 15:18:10,15570,15570,15570,2,0
2023-05-03 15:18:11,15569,15569,15569,2,-2
2023-05-03 15:18:11,15569,15569,15569,2,0
2023-05-03 15:18:11,15570,15570,15570,4,4
2023-05-03 15:18:12,15570,15570,15570,10,0
2023-05-03 15:18:13,15570,15570,15570,4,0
2023-05-03 15:18:15,15570,15570,15570,2,0
2023-05-03 15:18:15,15569,15569,15569,2,-2
2023-05-03 15:18:15,15569,15569,15569,2,0
2023-05-03 15:18:17,15569,15569,15569,2,0
2023-05-03 15:18:18,15569,15569,15569,4,0
2023-05-03 15:18:21,15569,15569,15569,2,0
2023-05-03 15:18:21,15568,15568,15568,2,-2
2023-05-03 15:18:21,15568,15568,15568,2,0
2023-05-03 15:18:21,15568,15568,15568,2,0
2023-05-03 15:18:21,15568,15568,15568,2,0
2023-05-03 15:18:22,15567,15567,15567,2,-2
2023-05-03 15:18:25,15567,15567,15567,2,0
2023-05-03 15:18:26,15567,15567,15567,8,0
2023-05-03 15:18:26,15568,15568,15568,2,2
2023-05-03 15:18:26,15568,15568,15568,10,0
2023-05-03 15:18:27,15567,15567,15567,2,-2
2023-05-03 15:18:27,15567,15567,15567,6,0
2023-05-03 15:18:32,15568,15568,15568,2,2
2023-05-03 15:18:32,15568,15568,15568,2,0
2023-05-03 15:18:32,15567,15567,15567,2,-2
2023-05-03 15:18:32,15569,15569,15569,4,4
2023-05-03 15:18:32,15568,15568,15568,2,-2
2023-05-03 15:18:34,15568,15568,15568,4,0
2023-05-03 15:18:34,15568,15568,15568,2,0
2023-05-03 15:18:34,15568,15568,15568,2,0
2023-05-03 15:18:39,15568,15568,15568,2,0
2023-05-03 15:18:39,15568,15568,15568,2,0
2023-05-03 15:18:39,15569,15569,15569,36,36
2023-05-03 15:18:42,15569,15569,15569,32,0
2023-05-03 15:18:42,15569,15569,15569,4,0
2023-05-03 15:18:54,15568,15568,15568,4,-4
2023-05-03 15:18:54,15569,15569,15569,22,22
2023-05-03 15:18:56,15569,15569,15569,2,0
2023-05-03 15:18:58,15569,15569,15569,2,0
2023-05-03 15:19:00,15570,15570,15570,2,2
2023-05-03 15:19:00,15570,15570,15570,8,0
2023-05-03 15:19:01,15570,15570,15570,4,0
2023-05-03 15:19:02,15570,15570,15570,2,0
2023-05-03 15:19:02,15570,15570,15570,32,0
2023-05-03 15:19:06,15569,15569,15569,2,-2
2023-05-03 15:19:08,15569,15569,15569,2,0
2023-05-03 15:19:08,15569,15569,15569,2,0
2023-05-03 15:19:08,15569,15569,15569,2,0
2023-05-03 15:19:11,15569,15569,15569,2,0
2023-05-03 15:19:11,15569,15569,15569,2,0
2023-05-03 15:19:17,15570,15570,15570,18,18
2023-05-03 15:19:17,15570,15570,15570,2,0
2023-05-03 15:19:17,15570,15570,15570,2,0
2023-05-03 15:19:19,15570,15570,15570,2,0
2023-05-03 15:19:20,15571,15571,15571,8,8
2023-05-03 15:19:20,15571,15571,15571,22,0
2023-05-03 15:19:20,15571,15571,15571,2,0
2023-05-03 15:19:21,15571,15571,15571,2,0
2023-05-03 15:19:22,15571,15571,15571,2,0
2023-05-03 15:19:22,15572,15572,15572,20,20
2023-05-03 15:19:22,15572,15572,15572,2,0
2023-05-03 15:19:23,15572,15572,15572,2,0
2023-05-03 15:19:29,15571,15571,15571,2,-2
2023-05-03 15:19:30,15572,15572,15572,6,6
2023-05-03 15:19:39,15572,15572,15572,2,0
2023-05-03 15:19:39,15572,15572,15572,6,0
2023-05-03 15:19:39,15571,15571,15571,2,-2
2023-05-03 15:19:40,15572,15572,15572,6,6
2023-05-03 15:19:41,15571,15571,15571,2,-2
2023-05-03 15:19:41,15571,15571,15571,6,0
2023-05-03 15:19:43,15571,15571,15571,2,0
2023-05-03 15:19:44,15570,15570,15570,2,-2
2023-05-03 15:19:44,15570,15570,15570,2,0
2023-05-03 15:19:44,15570,15570,15570,2,0
2023-05-03 15:19:49,15570,15570,15570,2,0
2023-05-03 15:19:51,15570,15570,15570,2,0
2023-05-03 15:19:51,15570,15570,15570,2,0
2023-05-03 15:19:52,15570,15570,15570,2,0
2023-05-03 15:19:52,15570,15570,15570,4,0
2023-05-03 15:19:54,15569,15569,15569,2,-2
2023-05-03 15:19:54,15569,15569,15569,2,0
2023-05-03 15:19:54,15569,15569,15569,4,0
2023-05-03 15:19:54,15569,15569,15569,2,0
2023-05-03 15:19:54,15569,15569,15569,2,0
2023-05-03 15:19:54,15569,15569,15569,4,0
2023-05-03 15:19:54,15569,15569,15569,4,0
2023-05-03 15:19:54,15569,15569,15569,2,0
2023-05-03 15:19:54,15569,15569,15569,6,0
2023-05-03 15:20:02,15568,15568,15568,2,-2
2023-05-03 15:20:02,15569,15569,15569,2,2
2023-05-03 15:20:02,15568,15568,15568,2,-2
2023-05-03 15:20:02,15569,15569,15569,4,4
2023-05-03 15:20:02,15569,15569,15569,2,0
2023-05-03 15:20:02,15569,15569,15569,2,0
2023-05-03 15:20:02,15569,15569,15569,2,0
2023-05-03 15:20:02,15569,15569,15569,2,0
2023-05-03 15:20:02,15569,15569,15569,10,0
2023-05-03 15:20:02,15569,15569,15569,8,0
2023-05-03 15:20:02,15570,15570,15570,2,2
2023-05-03 15:20:02,15568,15568,15568,2,-2
2023-05-03 15:20:02,15570,15570,15570,4,4
2023-05-03 15:20:02,15570,15570,15570,2,0
2023-05-03 15:20:02,15570,15570,15570,2,0
2023-05-03 15:20:02,15570,15570,15570,2,0
2023-05-03 15:20:03,15570,15570,15570,2,0
2023-05-03 15:20:03,15570,15570,15570,2,0
2023-05-03 15:20:03,15570,15570,15570,2,0
2023-05-03 15:20:03,15568,15568,15568,2,-2
2023-05-03 15:20:03,15570,15570,15570,2,2
2023-05-03 15:20:04,15569,15569,15569,20,-20
2023-05-03 15:20:07,15569,15569,15569,2,0
2023-05-03 15:20:08,15569,15569,15569,2,0
2023-05-03 15:20:08,15569,15569,15569,4,0
2023-05-03 15:20:08,15569,15569,15569,2,0
2023-05-03 15:20:12,15569,15569,15569,2,0
2023-05-03 15:20:12,15570,15570,15570,8,8
2023-05-03 15:20:21,15568,15568,15568,2,-2
2023-05-03 15:20:28,15570,15570,15570,2,2
2023-05-03 15:20:29,15569,15569,15569,2,-2
2023-05-03 15:20:39,15569,15569,15569,2,0
2023-05-03 15:20:39,15569,15569,15569,2,0
2023-05-03 15:20:40,15569,15569,15569,2,0
2023-05-03 15:20:52,15568,15568,15568,2,-2
2023-05-03 15:20:52,15568,15568,15568,18,0
2023-05-03 15:20:52,15568,15568,15568,2,0
2023-05-03 15:20:52,15568,15568,15568,2,0
2023-05-03 15:20:52,15568,15568,15568,2,0
2023-05-03 15:20:52,15568,15568,15568,6,0
2023-05-03 15:21:02,15567,15567,15567,2,-2
2023-05-03 15:21:02,15567,15567,15567,2,0
2023-05-03 15:21:02,15567,15567,15567,2,0
2023-05-03 15:21:02,15567,15567,15567,2,0
2023-05-03 15:21:02,15567,15567,15567,2,0
2023-05-03 15:21:02,15567,15567,15567,2,0
2023-05-03 15:21:02,15567,15567,15567,2,0
2023-05-03 15:21:02,15566,15566,15566,8,-8
2023-05-03 15:21:02,15566,15566,15566,10,0
2023-05-03 15:21:02,15566,15566,15566,2,0
2023-05-03 15:21:02,15566,15566,15566,8,0
2023-05-03 15:21:02,15566,15566,15566,2,0
2023-05-03 15:21:02,15565,15565,15565,2,-2
2023-05-03 15:21:02,15565,15565,15565,2,0
2023-05-03 15:21:03,15565,15565,15565,4,0
2023-05-03 15:21:03,15565,15565,15565,4,0
2023-05-03 15:21:04,15566,15566,15566,2,2
2023-05-03 15:21:06,15566,15566,15566,6,0
2023-05-03 15:21:06,15566,15566,15566,2,0
2023-05-03 15:21:10,15565,15565,15565,2,-2
2023-05-03 15:21:17,15567,15567,15567,4,4
2023-05-03 15:21:18,15566,15566,15566,2,-2
2023-05-03 15:21:21,15565,15565,15565,2,-2
2023-05-03 15:21:24,15565,15565,15565,2,0
2023-05-03 15:21:24,15567,15567,15567,2,2
2023-05-03 15:21:29,15567,15567,15567,8,0
2023-05-03 15:21:29,15567,15567,15567,2,0
2023-05-03 15:21:30,15567,15567,15567,6,0
2023-05-03 15:21:30,15567,15567,15567,2,0
2023-05-03 15:21:33,15567,15567,15567,2,0
2023-05-03 15:21:33,15568,15568,15568,2,2
2023-05-03 15:21:43,15568,15568,15568,2,0
2023-05-03 15:21:50,15568,15568,15568,2,0
2023-05-03 15:21:56,15569,15569,15569,6,6
2023-05-03 15:22:02,15568,15568,15568,2,-2
2023-05-03 15:22:03,15569,15569,15569,4,4
2023-05-03 15:22:06,15568,15568,15568,4,-4
2023-05-03 15:22:06,15568,15568,15568,2,0
2023-05-03 15:22:06,15568,15568,15568,2,0
2023-05-03 15:22:06,15568,15568,15568,2,0
2023-05-03 15:22:06,15568,15568,15568,2,0
2023-05-03 15:22:15,15568,15568,15568,2,0
2023-05-03 15:22:15,15568,15568,15568,2,0
2023-05-03 15:22:25,15568,15568,15568,2,0
2023-05-03 15:22:30,15569,15569,15569,4,4
2023-05-03 15:22:32,15568,15568,15568,2,-2
2023-05-03 15:22:46,15567,15567,15567,2,-2
2023-05-03 15:22:52,15568,15568,15568,2,2
2023-05-03 15:22:55,15568,15568,15568,2,0
2023-05-03 15:22:56,15568,15568,15568,2,0
2023-05-03 15:22:59,15567,15567,15567,2,-2
2023-05-03 15:23:06,15568,15568,15568,2,2
2023-05-03 15:23:14,15567,15567,15567,2,-2
2023-05-03 15:23:23,15568,15568,15568,4,4
2023-05-03 15:23:24,15568,15568,15568,2,0
2023-05-03 15:23:25,15567,15567,15567,18,-18
2023-05-03 15:23:25,15567,15567,15567,2,0
2023-05-03 15:23:25,15567,15567,15567,4,0
2023-05-03 15:23:25,15567,15567,15567,2,0
2023-05-03 15:23:28,15567,15567,15567,2,0
2023-05-03 15:23:52,15566,15566,15566,2,-2
2023-05-03 15:23:56,15566,15566,15566,2,0
2023-05-03 15:23:56,15566,15566,15566,4,0
2023-05-03 15:23:57,15566,15566,15566,4,0
2023-05-03 15:23:57,15566,15566,15566,2,0
2023-05-03 15:23:57,15566,15566,15566,4,0
2023-05-03 15:23:58,15567,15567,15567,2,2
2023-05-03 15:24:04,15567,15567,15567,6,0
2023-05-03 15:24:05,15567,15567,15567,2,0
2023-05-03 15:24:05,15567,15567,15567,2,0
2023-05-03 15:24:23,15567,15567,15567,2,0
2023-05-03 15:24:23,15567,15567,15567,2,0
2023-05-03 15:24:23,15567,15567,15567,4,0
2023-05-03 15:24:46,15568,15568,15568,2,2
2023-05-03 15:24:57,15568,15568,15568,12,0
2023-05-03 15:25:26,15568,15568,15568,4,0
2023-05-03 15:25:55,15567,15567,15567,2,-2
2023-05-03 15:26:08,15567,15567,15567,6,0
2023-05-03 15:26:13,15567,15567,15567,2,0
2023-05-03 15:26:14,15567,15567,15567,2,0
2023-05-03 15:26:15,15567,15567,15567,2,0
2023-05-03 15:26:22,15567,15567,15567,2,0
2023-05-03 15:26:22,15567,15567,15567,2,0
2023-05-03 15:26:22,15567,15567,15567,2,0
2023-05-03 15:26:22,15567,15567,15567,2,0
2023-05-03 15:26:23,15567,15567,15567,2,0
2023-05-03 15:26:24,15567,15567,15567,2,0
2023-05-03 15:26:40,15566,15566,15566,2,-2
2023-05-03 15:26:47,15567,15567,15567,2,2
2023-05-03 15:26:47,15567,15567,15567,4,0
2023-05-03 15:26:52,15567,15567,15567,2,0
2023-05-03 15:26:52,15567,15567,15567,2,0
2023-05-03 15:27:00,15567,15567,15567,2,0
2023-05-03 15:27:21,15567,15567,15567,4,0
2023-05-03 15:27:21,15567,15567,15567,10,0
2023-05-03 15:27:21,15567,15567,15567,8,0
2023-05-03 15:27:21,15567,15567,15567,2,0
2023-05-03 15:27:21,15567,15567,15567,4,0
2023-05-03 15:27:21,15567,15567,15567,2,0
2023-05-03 15:27:21,15567,15567,15567,2,0
2023-05-03 15:27:21,15567,15567,15567,6,0
2023-05-03 15:27:21,15567,15567,15567,2,0
2023-05-03 15:27:21,15567,15567,15567,2,0
2023-05-03 15:27:38,15568,15568,15568,2,2
2023-05-03 15:27:47,15568,15568,15568,2,0
2023-05-03 15:27:53,15568,15568,15568,2,0
2023-05-03 15:27:55,15568,15568,15568,10,0
2023-05-03 15:27:55,15568,15568,15568,10,0
2023-05-03 15:27:55,15568,15568,15568,4,0
2023-05-03 15:27:55,15568,15568,15568,4,0
2023-05-03 15:27:55,15568,15568,15568,2,0
2023-05-03 15:27:55,15568,15568,15568,8,0
2023-05-03 15:28:01,15569,15569,15569,4,4
2023-05-03 15:28:02,15569,15569,15569,2,0
2023-05-03 15:28:02,15569,15569,15569,2,0
2023-05-03 15:28:02,15569,15569,15569,2,0
2023-05-03 15:28:12,15568,15568,15568,2,-2
2023-05-03 15:28:12,15568,15568,15568,2,0
2023-05-03 15:28:12,15568,15568,15568,2,0
2023-05-03 15:28:27,15568,15568,15568,10,0
2023-05-03 15:28:33,15567,15567,15567,2,-2
2023-05-03 15:28:49,15567,15567,15567,2,0
2023-05-03 15:28:49,15567,15567,15567,2,0
2023-05-03 15:28:49,15567,15567,15567,2,0
2023-05-03 15:28:54,15567,15567,15567,2,0
2023-05-03 15:29:02,15568,15568,15568,4,4
2023-05-03 15:29:16,15568,15568,15568,2,0
2023-05-03 15:29:28,15568,15568,15568,2,0
2023-05-03 15:29:28,15568,15568,15568,2,0
2023-05-03 15:29:28,15568,15568,15568,2,0
2023-05-03 15:29:28,15568,15568,15568,2,0
2023-05-03 15:29:28,15568,15568,15568,4,0
2023-05-03 15:29:28,15568,15568,15568,2,0
2023-05-03 15:29:28,15568,15568,15568,6,0
2023-05-03 15:29:28,15568,15568,15568,22,0
2023-05-03 15:29:29,15568,15568,15568,2,0
2023-05-03 15:29:50,15568,15568,15568,2,0
2023-05-03 15:29:56,15568,15568,15568,4,0
2023-05-03 15:29:57,15568,15568,15568,2,0
2023-05-03 15:30:02,15567,15567,15567,2,-2
2023-05-03 15:30:02,15567,15567,15567,2,0
2023-05-03 15:30:02,15567,15567,15567,2,0
2023-05-03 15:30:02,15567,15567,15567,2,0
2023-05-03 15:30:02,15567,15567,15567,2,0
2023-05-03 15:30:03,15567,15567,15567,2,0
2023-05-03 15:30:03,15567,15567,15567,2,0
2023-05-03 15:30:03,15567,15567,15567,2,0
2023-05-03 15:30:03,15567,15567,15567,2,0
2023-05-03 15:30:03,15567,15567,15567,2,0
2023-05-03 15:30:03,15567,15567,15567,2,0
2023-05-03 15:30:03,15566,15566,15566,2,-2
2023-05-03 15:30:03,15567,15567,15567,2,2
2023-05-03 15:30:03,15567,15567,15567,2,0
2023-05-03 15:30:03,15567,15567,15567,2,0
2023-05-03 15:30:03,15567,15567,15567,2,0
2023-05-03 15:30:04,15567,15567,15567,34,0
2023-05-03 15:30:04,15567,15567,15567,6,0
2023-05-03 15:30:12,15567,15567,15567,2,0
2023-05-03 15:30:12,15567,15567,15567,2,0
2023-05-03 15:30:12,15568,15568,15568,2,2
2023-05-03 15:30:25,15568,15568,15568,2,0
2023-05-03 15:30:27,15568,15568,15568,2,0
2023-05-03 15:30:29,15569,15569,15569,6,6
2023-05-03 15:30:29,15569,15569,15569,2,0
2023-05-03 15:30:29,15569,15569,15569,2,0
2023-05-03 15:30:29,15569,15569,15569,6,0
2023-05-03 15:30:29,15569,15569,15569,6,0
2023-05-03 15:30:33,15569,15569,15569,2,0
2023-05-03 15:30:33,15568,15568,15568,2,-2
2023-05-03 15:30:33,15568,15568,15568,6,0
2023-05-03 15:30:33,15568,15568,15568,2,0
2023-05-03 15:30:45,15568,15568,15568,2,0
2023-05-03 15:31:03,15569,15569,15569,8,8
2023-05-03 15:31:05,15568,15568,15568,2,-2
2023-05-03 15:31:12,15569,15569,15569,2,2
2023-05-03 15:31:17,15568,15568,15568,2,-2
2023-05-03 15:31:17,15568,15568,15568,2,0
2023-05-03 15:31:17,15568,15568,15568,2,0
2023-05-03 15:31:17,15568,15568,15568,2,0
2023-05-03 15:31:17,15568,15568,15568,2,0
2023-05-03 15:31:17,15568,15568,15568,2,0
2023-05-03 15:31:23,15569,15569,15569,2,2
2023-05-03 15:31:23,15569,15569,15569,4,0
2023-05-03 15:31:23,15569,15569,15569,2,0
2023-05-03 15:31:23,15569,15569,15569,2,0
2023-05-03 15:31:23,15569,15569,15569,8,0
2023-05-03 15:31:23,15569,15569,15569,12,0
2023-05-03 15:31:24,15569,15569,15569,2,0
2023-05-03 15:31:37,15569,15569,15569,2,0
2023-05-03 15:31:37,15569,15569,15569,2,0
2023-05-03 15:31:37,15569,15569,15569,2,0
2023-05-03 15:31:37,15569,15569,15569,4,0
2023-05-03 15:31:37,15569,15569,15569,4,0
2023-05-03 15:31:38,15569,15569,15569,2,0
2023-05-03 15:31:38,15569,15569,15569,2,0
2023-05-03 15:31:48,15569,15569,15569,2,0
2023-05-03 15:31:49,15568,15568,15568,2,-2
2023-05-03 15:32:00,15568,15568,15568,4,0
2023-05-03 15:32:01,15568,15568,15568,2,0
2023-05-03 15:32:01,15568,15568,15568,2,0
2023-05-03 15:32:01,15568,15568,15568,6,0
2023-05-03 15:32:07,15568,15568,15568,4,0
2023-05-03 15:32:08,15569,15569,15569,2,2
2023-05-03 15:32:12,15568,15568,15568,4,-4
2023-05-03 15:32:13,15567,15567,15567,4,-4
2023-05-03 15:32:19,15568,15568,15568,2,2
2023-05-03 15:32:21,15567,15567,15567,2,-2
2023-05-03 15:32:21,15567,15567,15567,2,0
2023-05-03 15:32:28,15567,15567,15567,2,0
2023-05-03 15:32:31,15567,15567,15567,4,0
2023-05-03 15:32:36,15568,15568,15568,10,10
2023-05-03 15:32:38,15569,15569,15569,2,2
2023-05-03 15:32:39,15568,15568,15568,2,-2
2023-05-03 15:32:49,15568,15568,15568,2,0
2023-05-03 15:32:49,15568,15568,15568,2,0
2023-05-03 15:32:53,15568,15568,15568,4,0
2023-05-03 15:32:53,15568,15568,15568,2,0
2023-05-03 15:33:15,15569,15569,15569,10,10
2023-05-03 15:33:32,15568,15568,15568,2,-2
2023-05-03 15:33:52,15568,15568,15568,2,0
2023-05-03 15:33:58,15568,15568,15568,2,0
2023-05-03 15:34:03,15568,15568,15568,2,0
2023-05-03 15:34:03,15568,15568,15568,2,0
2023-05-03 15:34:03,15568,15568,15568,10,0
2023-05-03 15:34:03,15568,15568,15568,2,0
2023-05-03 15:34:11,15567,15567,15567,4,-4
2023-05-03 15:34:40,15569,15569,15569,10,10
2023-05-03 15:34:40,15569,15569,15569,4,0
2023-05-03 15:34:40,15569,15569,15569,4,0
2023-05-03 15:34:40,15569,15569,15569,10,0
2023-05-03 15:34:45,15569,15569,15569,2,0
2023-05-03 15:34:45,15569,15569,15569,4,0
2023-05-03 15:34:45,15569,15569,15569,2,0
2023-05-03 15:34:52,15569,15569,15569,4,0
2023-05-03 15:34:54,15569,15569,15569,2,0
2023-05-03 15:35:01,15569,15569,15569,2,0
2023-05-03 15:35:09,15569,15569,15569,2,0
2023-05-03 15:35:12,15569,15569,15569,2,0
2023-05-03 15:35:12,15569,15569,15569,2,0
2023-05-03 15:35:12,15570,15570,15570,12,12
2023-05-03 15:35:19,15570,15570,15570,2,0
2023-05-03 15:35:25,15570,15570,15570,2,0
2023-05-03 15:35:25,15570,15570,15570,4,0
2023-05-03 15:35:29,15569,15569,15569,2,-2
2023-05-03 15:35:32,15569,15569,15569,2,0
2023-05-03 15:35:35,15570,15570,15570,2,2
2023-05-03 15:35:43,15570,15570,15570,4,0
2023-05-03 15:35:46,15570,15570,15570,6,0
2023-05-03 15:35:46,15570,15570,15570,6,0
2023-05-03 15:35:46,15570,15570,15570,2,0
2023-05-03 15:35:46,15570,15570,15570,4,0
2023-05-03 15:35:46,15570,15570,15570,46,0
2023-05-03 15:35:46,15571,15571,15571,4,4
2023-05-03 15:35:46,15571,15571,15571,2,0
2023-05-03 15:35:46,15571,15571,15571,6,0
2023-05-03 15:35:46,15571,15571,15571,6,0
2023-05-03 15:35:46,15571,15571,15571,4,0
2023-05-03 15:35:56,15572,15572,15572,2,2
2023-05-03 15:35:56,15572,15572,15572,2,0
2023-05-03 15:35:56,15572,15572,15572,42,0
2023-05-03 15:35:56,15573,15573,15573,2,2
2023-05-03 15:35:56,15573,15573,15573,8,0
2023-05-03 15:35:56,15573,15573,15573,2,0
2023-05-03 15:35:57,15573,15573,15573,2,0
2023-05-03 15:35:57,15573,15573,15573,2,0
2023-05-03 15:35:57,15573,15573,15573,2,0
2023-05-03 15:35:57,15573,15573,15573,2,0
2023-05-03 15:35:57,15573,15573,15573,2,0
2023-05-03 15:35:57,15573,15573,15573,2,0
2023-05-03 15:35:57,15573,15573,15573,2,0
2023-05-03 15:35:57,15573,15573,15573,8,0
2023-05-03 15:35:57,15573,15573,15573,2,0
2023-05-03 15:35:58,15573,15573,15573,8,0
2023-05-03 15:35:58,15573,15573,15573,2,0
2023-05-03 15:36:00,15572,15572,15572,6,-6
2023-05-03 15:36:03,15573,15573,15573,2,2
2023-05-03 15:36:03,15573,15573,15573,2,0
2023-05-03 15:36:10,15571,15571,15571,4,-4
2023-05-03 15:36:10,15571,15571,15571,2,0
2023-05-03 15:36:10,15572,15572,15572,24,24
2023-05-03 15:36:11,15572,15572,15572,2,0
2023-05-03 15:36:23,15572,15572,15572,2,0
2023-05-03 15:36:24,15572,15572,15572,2,0
2023-05-03 15:36:25,15571,15571,15571,2,-2
2023-05-03 15:36:25,15571,15571,15571,2,0
2023-05-03 15:36:27,15571,15571,15571,8,0
2023-05-03 15:36:30,15570,15570,15570,2,-2
2023-05-03 15:36:30,15570,15570,15570,2,0
2023-05-03 15:36:30,15570,15570,15570,2,0
2023-05-03 15:36:39,15570,15570,15570,2,0
2023-05-03 15:36:39,15569,15569,15569,2,-2
2023-05-03 15:36:39,15569,15569,15569,2,0
2023-05-03 15:36:39,15569,15569,15569,10,0
2023-05-03 15:36:41,15569,15569,15569,4,0
2023-05-03 15:36:41,15569,15569,15569,2,0
2023-05-03 15:36:43,15570,15570,15570,10,10
2023-05-03 15:36:53,15568,15568,15568,2,-2
2023-05-03 15:36:53,15568,15568,15568,2,0
2023-05-03 15:36:53,15568,15568,15568,2,0
2023-05-03 15:36:53,15568,15568,15568,2,0
2023-05-03 15:36:53,15568,15568,15568,2,0
2023-05-03 15:37:01,15569,15569,15569,8,8
2023-05-03 15:37:01,15569,15569,15569,2,0
2023-05-03 15:37:13,15569,15569,15569,2,0
2023-05-03 15:37:13,15569,15569,15569,4,0
2023-05-03 15:37:14,15568,15568,15568,2,-2
2023-05-03 15:37:14,15568,15568,15568,2,0
2023-05-03 15:37:26,15568,15568,15568,2,0
2023-05-03 15:37:40,15569,15569,15569,2,2
2023-05-03 15:38:17,15568,15568,15568,2,-2
2023-05-03 15:38:25,15568,15568,15568,2,0
2023-05-03 15:38:26,15568,15568,15568,4,0
2023-05-03 15:38:31,15569,15569,15569,2,2
2023-05-03 15:38:31,15569,15569,15569,2,0
2023-05-03 15:38:31,15569,15569,15569,2,0
2023-05-03 15:38:31,15569,15569,15569,2,0
2023-05-03 15:38:31,15569,15569,15569,4,0
2023-05-03 15:38:31,15569,15569,15569,2,0
2023-05-03 15:38:31,15569,15569,15569,2,0
2023-05-03 15:38:31,15569,15569,15569,2,0
2023-05-03 15:38:31,15569,15569,15569,2,0
2023-05-03 15:38:31,15569,15569,15569,4,0
2023-05-03 15:38:31,15569,15569,15569,6,0
2023-05-03 15:38:37,15570,15570,15570,2,2
2023-05-03 15:38:40,15570,15570,15570,4,0
2023-05-03 15:38:42,15570,15570,15570,2,0
2023-05-03 15:38:43,15570,15570,15570,2,0
2023-05-03 15:38:44,15571,15571,15571,2,2
2023-05-03 15:38:48,15570,15570,15570,2,-2
2023-05-03 15:38:48,15570,15570,15570,2,0
2023-05-03 15:38:48,15570,15570,15570,2,0
2023-05-03 15:38:48,15570,15570,15570,2,0
2023-05-03 15:38:48,15570,15570,15570,2,0
2023-05-03 15:38:50,15570,15570,15570,8,0
2023-05-03 15:38:56,15570,15570,15570,2,0
2023-05-03 15:39:05,15569,15569,15569,2,-2
2023-05-03 15:39:32,15569,15569,15569,2,0
2023-05-03 15:39:52,15568,15568,15568,2,-2
2023-05-03 15:39:57,15568,15568,15568,2,0
2023-05-03 15:39:57,15568,15568,15568,2,0
2023-05-03 15:40:02,15568,15568,15568,2,0
2023-05-03 15:40:56,15568,15568,15568,2,0
2023-05-03 15:41:05,15568,15568,15568,2,0
2023-05-03 15:41:22,15568,15568,15568,2,0
2023-05-03 15:41:44,15568,15568,15568,6,0
2023-05-03 15:41:48,15568,15568,15568,6,0
2023-05-03 15:42:29,15568,15568,15568,2,0
2023-05-03 15:42:32,15568,15568,15568,2,0
2023-05-03 15:42:32,15568,15568,15568,4,0
2023-05-03 15:42:43,15569,15569,15569,2,2
2023-05-03 15:42:49,15568,15568,15568,2,-2
2023-05-03 15:42:49,15568,15568,15568,2,0
2023-05-03 15:42:49,15568,15568,15568,2,0
2023-05-03 15:42:49,15568,15568,15568,2,0
2023-05-03 15:42:54,15567,15567,15567,2,-2
2023-05-03 15:42:54,15567,15567,15567,2,0
2023-05-03 15:43:11,15567,15567,15567,2,0
2023-05-03 15:43:23,15567,15567,15567,2,0
2023-05-03 15:43:23,15567,15567,15567,8,0
2023-05-03 15:43:44,15568,15568,15568,2,2
2023-05-03 15:43:44,15568,15568,15568,4,0
2023-05-03 15:43:44,15568,15568,15568,2,0
2023-05-03 15:43:44,15568,15568,15568,6,0
2023-05-03 15:43:50,15568,15568,15568,2,0
2023-05-03 15:44:05,15568,15568,15568,2,0
2023-05-03 15:44:09,15567,15567,15567,2,-2
2023-05-03 15:44:28,15568,15568,15568,2,2
2023-05-03 15:44:28,15567,15567,15567,2,-2
2023-05-03 15:44:34,15567,15567,15567,4,0
2023-05-03 15:44:34,15567,15567,15567,2,0
2023-05-03 15:44:36,15567,15567,15567,2,0
2023-05-03 15:44:43,15566,15566,15566,2,-2
2023-05-03 15:45:00,15566,15566,15566,2,0
2023-05-03 15:45:00,15567,15567,15567,4,4
2023-05-03 15:45:00,15567,15567,15567,2,0
2023-05-03 15:45:16,15567,15567,15567,2,0
2023-05-03 15:45:33,15567,15567,15567,2,0
2023-05-03 15:45:38,15568,15568,15568,2,2
2023-05-03 15:45:38,15568,15568,15568,2,0
2023-05-03 15:45:38,15567,15567,15567,2,-2
2023-05-03 15:45:45,15568,15568,15568,2,2
2023-05-03 15:45:58,15569,15569,15569,2,2
2023-05-03 15:46:05,15568,15568,15568,2,-2
2023-05-03 15:46:22,15568,15568,15568,2,0
2023-05-03 15:46:24,15568,15568,15568,2,0
2023-05-03 15:46:38,15567,15567,15567,2,-2
2023-05-03 15:46:38,15567,15567,15567,2,0
2023-05-03 15:46:38,15567,15567,15567,2,0
2023-05-03 15:46:38,15567,15567,15567,2,0
2023-05-03 15:46:50,15567,15567,15567,2,0
2023-05-03 15:46:53,15567,15567,15567,8,0
2023-05-03 15:46:53,15567,15567,15567,2,0
2023-05-03 15:46:53,15567,15567,15567,4,0
2023-05-03 15:46:53,15567,15567,15567,2,0
2023-05-03 15:46:53,15567,15567,15567,2,0
2023-05-03 15:46:53,15567,15567,15567,2,0
2023-05-03 15:47:09,15567,15567,15567,4,0
2023-05-03 15:47:24,15567,15567,15567,4,0
2023-05-03 15:47:53,15567,15567,15567,2,0
2023-05-03 15:48:14,15568,15568,15568,2,2
2023-05-03 15:48:15,15568,15568,15568,2,0
2023-05-03 15:48:33,15568,15568,15568,10,0
2023-05-03 15:48:45,15568,15568,15568,2,0
2023-05-03 15:48:57,15568,15568,15568,4,0
2023-05-03 15:49:00,15568,15568,15568,2,0
2023-05-03 15:49:01,15568,15568,15568,2,0
2023-05-03 15:49:02,15568,15568,15568,2,0
2023-05-03 15:49:13,15567,15567,15567,2,-2
2023-05-03 15:49:13,15567,15567,15567,2,0
2023-05-03 15:49:13,15567,15567,15567,2,0
2023-05-03 15:49:13,15567,15567,15567,8,0
2023-05-03 15:49:13,15567,15567,15567,2,0
2023-05-03 15:49:14,15567,15567,15567,2,0
2023-05-03 15:49:15,15566,15566,15566,4,-4
2023-05-03 15:49:17,15567,15567,15567,2,2
2023-05-03 15:49:18,15567,15567,15567,2,0
2023-05-03 15:49:21,15567,15567,15567,2,0
2023-05-03 15:49:45,15566,15566,15566,2,-2
2023-05-03 15:50:14,15566,15566,15566,2,0
2023-05-03 15:50:14,15566,15566,15566,4,0
2023-05-03 15:50:14,15567,15567,15567,14,14
2023-05-03 15:50:14,15568,15568,15568,6,6
2023-05-03 15:50:15,15567,15567,15567,2,-2
2023-05-03 15:50:52,15568,15568,15568,2,2
2023-05-03 15:50:52,15568,15568,15568,2,0
2023-05-03 15:50:52,15569,15569,15569,2,2
2023-05-03 15:51:05,15569,15569,15569,2,0
2023-05-03 15:51:05,15569,15569,15569,2,0
2023-05-03 15:51:05,15569,15569,15569,2,0
2023-05-03 15:51:05,15569,15569,15569,2,0
2023-05-03 15:51:11,15568,15568,15568,2,-2
2023-05-03 15:51:11,15568,15568,15568,2,0
2023-05-03 15:51:48,15568,15568,15568,2,0
2023-05-03 15:51:48,15568,15568,15568,2,0
2023-05-03 15:51:54,15568,15568,15568,16,0
2023-05-03 15:51:59,15567,15567,15567,2,-2
2023-05-03 15:51:59,15567,15567,15567,2,0
2023-05-03 15:52:00,15567,15567,15567,4,0
2023-05-03 15:52:31,15566,15566,15566,2,-2
2023-05-03 15:52:31,15566,15566,15566,2,0
2023-05-03 15:52:35,15566,15566,15566,2,0
2023-05-03 15:52:35,15566,15566,15566,2,0
2023-05-03 15:52:35,15566,15566,15566,8,0
2023-05-03 15:52:35,15566,15566,15566,4,0
2023-05-03 15:52:35,15566,15566,15566,2,0
2023-05-03 15:52:49,15565,15565,15565,2,-2
2023-05-03 15:52:49,15565,15565,15565,4,0
2023-05-03 15:52:49,15565,15565,15565,20,0
2023-05-03 15:52:49,15565,15565,15565,4,0
2023-05-03 15:52:49,15565,15565,15565,4,0
2023-05-03 15:52:49,15565,15565,15565,2,0
2023-05-03 15:52:49,15565,15565,15565,2,0
2023-05-03 15:52:49,15565,15565,15565,2,0
2023-05-03 15:53:24,15564,15564,15564,2,-2
2023-05-03 15:53:25,15564,15564,15564,4,0
2023-05-03 15:53:32,15564,15564,15564,2,0
2023-05-03 15:53:34,15565,15565,15565,12,12
2023-05-03 15:53:34,15565,15565,15565,2,0
2023-05-03 15:53:35,15565,15565,15565,2,0
2023-05-03 15:53:35,15565,15565,15565,2,0
2023-05-03 15:53:37,15566,15566,15566,2,2
2023-05-03 15:53:37,15567,15567,15567,2,2
2023-05-03 15:53:51,15566,15566,15566,2,-2
2023-05-03 15:53:54,15565,15565,15565,2,-2
2023-05-03 15:53:55,15565,15565,15565,2,0
2023-05-03 15:53:57,15565,15565,15565,2,0
2023-05-03 15:54:00,15565,15565,15565,4,0
2023-05-03 15:54:00,15565,15565,15565,2,0
2023-05-03 15:54:00,15565,15565,15565,2,0
2023-05-03 15:54:00,15565,15565,15565,2,0
2023-05-03 15:54:00,15565,15565,15565,2,0
2023-05-03 15:54:02,15565,15565,15565,2,0
2023-05-03 15:54:02,15565,15565,15565,2,0
2023-05-03 15:54:05,15565,15565,15565,2,0
2023-05-03 15:54:13,15565,15565,15565,2,0
2023-05-03 15:54:14,15565,15565,15565,2,0
2023-05-03 15:54:21,15565,15565,15565,2,0
2023-05-03 15:54:22,15565,15565,15565,2,0
2023-05-03 15:54:24,15565,15565,15565,2,0
2023-05-03 15:54:25,15565,15565,15565,2,0
2023-05-03 15:54:25,15565,15565,15565,2,0
2023-05-03 15:54:25,15565,15565,15565,4,0
2023-05-03 15:54:25,15565,15565,15565,2,0
2023-05-03 15:54:26,15565,15565,15565,4,0
2023-05-03 15:54:27,15565,15565,15565,2,0
2023-05-03 15:54:33,15564,15564,15564,4,-4
2023-05-03 15:54:33,15564,15564,15564,2,0
2023-05-03 15:54:42,15565,15565,15565,2,2
2023-05-03 15:54:43,15565,15565,15565,2,0
2023-05-03 15:54:46,15565,15565,15565,2,0
2023-05-03 15:54:48,15565,15565,15565,2,0
2023-05-03 15:54:54,15565,15565,15565,2,0
2023-05-03 15:54:57,15565,15565,15565,6,0
2023-05-03 15:55:04,15565,15565,15565,2,0
2023-05-03 15:55:07,15565,15565,15565,2,0
2023-05-03 15:55:24,15565,15565,15565,2,0
2023-05-03 15:56:07,15565,15565,15565,2,0
2023-05-03 15:56:10,15565,15565,15565,2,0
2023-05-03 15:56:25,15564,15564,15564,8,-8
2023-05-03 15:56:27,15564,15564,15564,2,0
2023-05-03 15:56:27,15564,15564,15564,2,0
2023-05-03 15:56:27,15564,15564,15564,6,0
2023-05-03 15:56:32,15564,15564,15564,2,0
2023-05-03 15:56:35,15564,15564,15564,2,0
2023-05-03 15:56:38,15564,15564,15564,4,0
2023-05-03 15:56:38,15564,15564,15564,2,0
2023-05-03 15:56:38,15564,15564,15564,2,0
2023-05-03 15:56:38,15564,15564,15564,2,0
2023-05-03 15:56:40,15565,15565,15565,2,2
2023-05-03 15:56:40,15564,15564,15564,2,-2
2023-05-03 15:56:42,15564,15564,15564,2,0
2023-05-03 15:56:49,15564,15564,15564,2,0
2023-05-03 15:56:53,15564,15564,15564,2,0
2023-05-03 15:56:59,15564,15564,15564,2,0
2023-05-03 15:57:01,15564,15564,15564,2,0
2023-05-03 15:57:03,15564,15564,15564,6,0
2023-05-03 15:57:08,15564,15564,15564,2,0
2023-05-03 15:57:12,15564,15564,15564,2,0
2023-05-03 15:57:16,15564,15564,15564,2,0
2023-05-03 15:57:28,15565,15565,15565,4,4
2023-05-03 15:57:31,15565,15565,15565,2,0
2023-05-03 15:57:41,15564,15564,15564,2,-2
2023-05-03 15:57:53,15563,15563,15563,6,-6
2023-05-03 15:57:53,15563,15563,15563,2,0
2023-05-03 15:57:53,15563,15563,15563,2,0
2023-05-03 15:58:04,15564,15564,15564,2,2
2023-05-03 15:58:38,15565,15565,15565,6,6
2023-05-03 15:58:42,15565,15565,15565,2,0
2023-05-03 15:58:42,15565,15565,15565,2,0
2023-05-03 15:58:42,15565,15565,15565,44,0
2023-05-03 15:58:44,15566,15566,15566,2,2
2023-05-03 15:58:44,15566,15566,15566,2,0
2023-05-03 15:58:45,15567,15567,15567,2,2
2023-05-03 15:58:48,15566,15566,15566,4,-4
2023-05-03 15:58:54,15565,15565,15565,4,-4
2023-05-03 15:58:54,15565,15565,15565,4,0
2023-05-03 15:58:54,15565,15565,15565,4,0
2023-05-03 15:58:54,15565,15565,15565,2,0
2023-05-03 15:58:54,15565,15565,15565,4,0
2023-05-03 15:58:54,15565,15565,15565,2,0
2023-05-03 15:59:06,15566,15566,15566,4,4
2023-05-03 15:59:20,15566,15566,15566,2,0
2023-05-03 15:59:27,15566,15566,15566,2,0
2023-05-03 15:59:38,15565,15565,15565,2,-2
2023-05-03 15:59:38,15565,15565,15565,4,0
2023-05-03 15:59:38,15565,15565,15565,2,0
2023-05-03 15:59:38,15565,15565,15565,2,0
2023-05-03 15:59:38,15565,15565,15565,2,0
2023-05-03 15:59:38,15565,15565,15565,4,0
2023-05-03 15:59:38,15566,15566,15566,2,2
2023-05-03 15:59:41,15566,15566,15566,2,0
2023-05-03 15:59:43,15566,15566,15566,2,0
2023-05-03 15:59:45,15566,15566,15566,2,0
2023-05-03 15:59:59,15566,15566,15566,2,0
2023-05-03 16:00:02,15567,15567,15567,2,2
2023-05-03 16:00:02,15567,15567,15567,2,0
2023-05-03 16:00:02,15567,15567,15567,2,0
2023-05-03 16:00:02,15567,15567,15567,2,0
2023-05-03 16:00:02,15568,15568,15568,2,2
2023-05-03 16:00:02,15568,15568,15568,2,0
2023-05-03 16:00:02,15568,15568,15568,2,0
2023-05-03 16:00:02,15568,15568,15568,2,0
2023-05-03 16:00:03,15568,15568,15568,2,0
2023-05-03 16:00:03,15568,15568,15568,2,0
2023-05-03 16:00:18,15567,15567,15567,2,-2
2023-05-03 16:00:18,15567,15567,15567,2,0
2023-05-03 16:00:19,15567,15567,15567,2,0
2023-05-03 16:00:32,15567,15567,15567,2,0
2023-05-03 16:00:43,15567,15567,15567,4,0
2023-05-03 16:00:47,15568,15568,15568,12,12
2023-05-03 16:00:47,15568,15568,15568,8,0
2023-05-03 16:00:47,15568,15568,15568,2,0
2023-05-03 16:00:54,15568,15568,15568,2,0
2023-05-03 16:01:01,15569,15569,15569,2,2
2023-05-03 16:01:01,15569,15569,15569,2,0
2023-05-03 16:01:01,15569,15569,15569,2,0
2023-05-03 16:01:01,15569,15569,15569,2,0
2023-05-03 16:01:11,15569,15569,15569,2,0
2023-05-03 16:01:38,15569,15569,15569,2,0
2023-05-03 16:01:42,15567,15567,15567,2,-2
2023-05-03 16:01:42,15568,15568,15568,14,14
2023-05-03 16:01:44,15568,15568,15568,2,0
2023-05-03 16:01:47,15569,15569,15569,12,12
2023-05-03 16:01:48,15570,15570,15570,2,2
2023-05-03 16:01:49,15568,15568,15568,2,-2
2023-05-03 16:01:49,15570,15570,15570,2,2
2023-05-03 16:01:52,15570,15570,15570,2,0
2023-05-03 16:02:00,15569,15569,15569,4,-4
2023-05-03 16:02:00,15569,15569,15569,6,0
2023-05-03 16:02:00,15569,15569,15569,2,0
2023-05-03 16:02:00,15569,15569,15569,2,0
2023-05-03 16:02:00,15569,15569,15569,6,0
2023-05-03 16:02:00,15569,15569,15569,2,0
2023-05-03 16:02:00,15569,15569,15569,10,0
2023-05-03 16:02:00,15569,15569,15569,2,0
2023-05-03 16:02:00,15569,15569,15569,8,0
2023-05-03 16:02:06,15569,15569,15569,2,0
2023-05-03 16:02:13,15569,15569,15569,2,0
2023-05-03 16:02:13,15570,15570,15570,2,2
2023-05-03 16:02:19,15569,15569,15569,6,-6
2023-05-03 16:02:21,15570,15570,15570,4,4
2023-05-03 16:02:33,15569,15569,15569,4,-4
2023-05-03 16:02:33,15569,15569,15569,2,0
2023-05-03 16:02:47,15569,15569,15569,2,0
2023-05-03 16:02:47,15569,15569,15569,2,0
2023-05-03 16:02:47,15569,15569,15569,2,0
2023-05-03 16:03:05,15569,15569,15569,2,0
2023-05-03 16:03:05,15569,15569,15569,2,0
2023-05-03 16:03:05,15569,15569,15569,6,0
2023-05-03 16:03:05,15569,15569,15569,2,0
2023-05-03 16:03:05,15569,15569,15569,2,0
2023-05-03 16:03:05,15569,15569,15569,2,0
2023-05-03 16:03:05,15569,15569,15569,2,0
2023-05-03 16:03:08,15568,15568,15568,2,-2
2023-05-03 16:03:08,15568,15568,15568,2,0
2023-05-03 16:03:08,15568,15568,15568,2,0
2023-05-03 16:03:08,15568,15568,15568,6,0
2023-05-03 16:03:08,15568,15568,15568,2,0
2023-05-03 16:03:08,15568,15568,15568,2,0
2023-05-03 16:03:08,15568,15568,15568,10,0
2023-05-03 16:03:08,15568,15568,15568,2,0
2023-05-03 16:03:08,15568,15568,15568,2,0
2023-05-03 16:03:08,15568,15568,15568,2,0
2023-05-03 16:03:16,15566,15566,15566,2,-2
2023-05-03 16:03:17,15565,15565,15565,12,-12
2023-05-03 16:03:17,15565,15565,15565,2,0
2023-05-03 16:03:17,15565,15565,15565,6,0
2023-05-03 16:03:17,15565,15565,15565,2,0
2023-05-03 16:03:17,15565,15565,15565,6,0
2023-05-03 16:03:17,15565,15565,15565,2,0
2023-05-03 16:03:33,15564,15564,15564,2,-2
2023-05-03 16:03:33,15564,15564,15564,2,0
2023-05-03 16:03:41,15564,15564,15564,2,0
2023-05-03 16:03:54,15564,15564,15564,2,0
2023-05-03 16:03:56,15565,15565,15565,2,2
2023-05-03 16:03:56,15565,15565,15565,2,0
2023-05-03 16:04:16,15565,15565,15565,2,0
2023-05-03 16:05:15,15564,15564,15564,2,-2
2023-05-03 16:05:15,15564,15564,15564,2,0
2023-05-03 16:05:15,15564,15564,15564,2,0
2023-05-03 16:05:15,15564,15564,15564,2,0
2023-05-03 16:05:15,15564,15564,15564,2,0
2023-05-03 16:05:16,15563,15563,15563,2,-2
2023-05-03 16:05:16,15563,15563,15563,2,0
2023-05-03 16:05:16,15564,15564,15564,2,2
2023-05-03 16:05:16,15563,15563,15563,2,-2
2023-05-03 16:05:17,15563,15563,15563,2,0
2023-05-03 16:05:28,15563,15563,15563,2,0
2023-05-03 16:05:28,15564,15564,15564,2,2
2023-05-03 16:05:29,15565,15565,15565,8,8
2023-05-03 16:05:53,15565,15565,15565,4,0
2023-05-03 16:06:03,15565,15565,15565,6,0
2023-05-03 16:06:08,15565,15565,15565,2,0
2023-05-03 16:06:10,15566,15566,15566,4,4
2023-05-03 16:06:17,15566,15566,15566,2,0
2023-05-03 16:06:17,15566,15566,15566,2,0
2023-05-03 16:06:18,15566,15566,15566,2,0
2023-05-03 16:06:23,15567,15567,15567,2,2
2023-05-03 16:06:26,15568,15568,15568,2,2
2023-05-03 16:06:51,15567,15567,15567,2,-2
2023-05-03 16:06:51,15567,15567,15567,2,0
2023-05-03 16:06:56,15567,15567,15567,2,0
2023-05-03 16:07:00,15567,15567,15567,2,0
2023-05-03 16:07:06,15568,15568,15568,10,10
2023-05-03 16:07:07,15569,15569,15569,6,6
2023-05-03 16:07:12,15570,15570,15570,2,2
2023-05-03 16:07:13,15570,15570,15570,6,0
2023-05-03 16:07:14,15570,15570,15570,2,0
2023-05-03 16:07:16,15569,15569,15569,4,-4
2023-05-03 16:07:20,15570,15570,15570,2,2
2023-05-03 16:07:20,15569,15569,15569,4,-4
2023-05-03 16:07:36,15569,15569,15569,4,0
2023-05-03 16:07:36,15569,15569,15569,2,0
2023-05-03 16:07:40,15570,15570,15570,4,4
2023-05-03 16:07:42,15570,15570,15570,50,0
2023-05-03 16:07:42,15571,15571,15571,2,2
2023-05-03 16:07:43,15570,15570,15570,4,-4
2023-05-03 16:07:46,15570,15570,15570,4,0
2023-05-03 16:07:46,15571,15571,15571,36,36
2023-05-03 16:07:50,15571,15571,15571,2,0
2023-05-03 16:07:52,15571,15571,15571,2,0
2023-05-03 16:07:54,15571,15571,15571,4,0
2023-05-03 16:08:00,15571,15571,15571,12,0
2023-05-03 16:08:00,15571,15571,15571,2,0
2023-05-03 16:08:00,15571,15571,15571,2,0
2023-05-03 16:08:00,15571,15571,15571,2,0
2023-05-03 16:08:00,15571,15571,15571,8,0
2023-05-03 16:08:00,15571,15571,15571,2,0
2023-05-03 16:08:00,15572,15572,15572,2,2
2023-05-03 16:08:00,15572,15572,15572,2,0
2023-05-03 16:08:02,15571,15571,15571,2,-2
2023-05-03 16:08:02,15571,15571,15571,2,0
2023-05-03 16:08:02,15572,15572,15572,2,2
2023-05-03 16:08:04,15572,15572,15572,4,0
2023-05-03 16:08:04,15572,15572,15572,22,0
2023-05-03 16:08:04,15572,15572,15572,26,0
2023-05-03 16:08:05,15573,15573,15573,16,16
2023-05-03 16:08:05,15574,15574,15574,20,20
2023-05-03 16:08:05,15575,15575,15575,2,2
2023-05-03 16:08:05,15574,15574,15574,2,-2
2023-05-03 16:08:05,15574,15574,15574,2,0
2023-05-03 16:08:05,15575,15575,15575,2,2
2023-05-03 16:08:05,15575,15575,15575,2,0
2023-05-03 16:08:09,15574,15574,15574,2,-2
2023-05-03 16:08:09,15574,15574,15574,4,0
2023-05-03 16:08:13,15573,15573,15573,2,-2
2023-05-03 16:08:13,15573,15573,15573,2,0
2023-05-03 16:08:13,15573,15573,15573,2,0
2023-05-03 16:08:14,15573,15573,15573,2,0
2023-05-03 16:08:16,15573,15573,15573,2,0
2023-05-03 16:08:16,15573,15573,15573,2,0
2023-05-03 16:08:17,15573,15573,15573,2,0
2023-05-03 16:08:17,15573,15573,15573,4,0
2023-05-03 16:08:18,15573,15573,15573,2,0
2023-05-03 16:08:20,15574,15574,15574,6,6
2023-05-03 16:08:21,15573,15573,15573,2,-2
2023-05-03 16:08:24,15573,15573,15573,2,0
2023-05-03 16:08:24,15574,15574,15574,2,2
2023-05-03 16:08:24,15574,15574,15574,6,0
2023-05-03 16:08:27,15575,15575,15575,2,2
2023-05-03 16:08:28,15575,15575,15575,2,0
2023-05-03 16:08:32,15574,15574,15574,6,-6
2023-05-03 16:08:32,15575,15575,15575,24,24
2023-05-03 16:08:34,15574,15574,15574,4,-4
2023-05-03 16:08:35,15574,15574,15574,2,0
2023-05-03 16:08:37,15574,15574,15574,2,0
2023-05-03 16:08:44,15574,15574,15574,2,0
2023-05-03 16:08:49,15573,15573,15573,2,-2
2023-05-03 16:08:49,15573,15573,15573,2,0
2023-05-03 16:08:49,15573,15573,15573,4,0
2023-05-03 16:08:49,15573,15573,15573,2,0
2023-05-03 16:08:49,15573,15573,15573,18,0
2023-05-03 16:08:55,15572,15572,15572,2,-2
2023-05-03 16:08:56,15572,15572,15572,2,0
2023-05-03 16:08:58,15572,15572,15572,6,0
2023-05-03 16:08:59,15572,15572,15572,2,0
2023-05-03 16:08:59,15572,15572,15572,4,0
2023-05-03 16:08:59,15572,15572,15572,8,0
2023-05-03 16:09:00,15572,15572,15572,2,0
2023-05-03 16:09:15,15571,15571,15571,2,-2
2023-05-03 16:09:15,15571,15571,15571,2,0
2023-05-03 16:09:15,15571,15571,15571,2,0
2023-05-03 16:09:15,15571,15571,15571,2,0
2023-05-03 16:09:26,15571,15571,15571,2,0
2023-05-03 16:09:26,15570,15570,15570,2,-2
2023-05-03 16:09:27,15571,15571,15571,2,2
2023-05-03 16:09:28,15571,15571,15571,28,0
2023-05-03 16:09:28,15571,15571,15571,6,0
2023-05-03 16:09:36,15571,15571,15571,2,0
2023-05-03 16:09:38,15570,15570,15570,2,-2
2023-05-03 16:09:38,15570,15570,15570,2,0
2023-05-03 16:09:38,15570,15570,15570,4,0
2023-05-03 16:09:38,15570,15570,15570,2,0
2023-05-03 16:09:38,15570,15570,15570,2,0
2023-05-03 16:09:44,15570,15570,15570,2,0
2023-05-03 16:09:47,15570,15570,15570,6,0
2023-05-03 16:09:48,15571,15571,15571,2,2
2023-05-03 16:09:59,15570,15570,15570,10,-10
2023-05-03 16:10:04,15571,15571,15571,4,4
2023-05-03 16:10:04,15571,15571,15571,2,0
2023-05-03 16:10:04,15571,15571,15571,12,0
2023-05-03 16:10:04,15571,15571,15571,2,0
2023-05-03 16:10:04,15571,15571,15571,2,0
2023-05-03 16:10:05,15571,15571,15571,4,0
2023-05-03 16:10:05,15571,15571,15571,2,0
2023-05-03 16:10:05,15572,15572,15572,4,4
2023-05-03 16:10:08,15571,15571,15571,2,-2
2023-05-03 16:10:12,15571,15571,15571,2,0
2023-05-03 16:10:18,15571,15571,15571,2,0
2023-05-03 16:10:18,15571,15571,15571,2,0
2023-05-03 16:10:18,15570,15570,15570,4,-4
2023-05-03 16:10:21,15571,15571,15571,2,2
2023-05-03 16:10:21,15571,15571,15571,2,0
2023-05-03 16:10:24,15571,15571,15571,2,0
2023-05-03 16:10:24,15571,15571,15571,2,0
2023-05-03 16:10:27,15572,15572,15572,2,2
2023-05-03 16:10:59,15572,15572,15572,2,0
2023-05-03 16:10:59,15572,15572,15572,8,0
2023-05-03 16:11:03,15572,15572,15572,2,0
2023-05-03 16:11:05,15572,15572,15572,4,0
2023-05-03 16:11:05,15572,15572,15572,2,0
2023-05-03 16:11:05,15572,15572,15572,2,0
2023-05-03 16:11:05,15572,15572,15572,4,0
2023-05-03 16:11:05,15572,15572,15572,6,0
2023-05-03 16:11:05,15572,15572,15572,2,0
2023-05-03 16:11:05,15572,15572,15572,2,0
2023-05-03 16:11:05,15572,15572,15572,4,0
2023-05-03 16:11:13,15572,15572,15572,2,0
2023-05-03 16:11:20,15572,15572,15572,2,0
2023-05-03 16:11:40,15571,15571,15571,2,-2
2023-05-03 16:11:40,15571,15571,15571,2,0
2023-05-03 16:11:40,15571,15571,15571,2,0
2023-05-03 16:11:40,15571,15571,15571,4,0
2023-05-03 16:11:40,15571,15571,15571,2,0
2023-05-03 16:12:00,15570,15570,15570,2,-2
2023-05-03 16:12:00,15570,15570,15570,18,0
2023-05-03 16:12:00,15570,15570,15570,2,0
2023-05-03 16:12:00,15570,15570,15570,2,0
2023-05-03 16:12:00,15570,15570,15570,2,0
2023-05-03 16:12:01,15569,15569,15569,4,-4
2023-05-03 16:12:01,15569,15569,15569,6,0
2023-05-03 16:12:38,15570,15570,15570,10,10
2023-05-03 16:12:38,15570,15570,15570,2,0
2023-05-03 16:12:38,15570,15570,15570,2,0
2023-05-03 16:12:38,15570,15570,15570,4,0
2023-05-03 16:12:38,15570,15570,15570,2,0
2023-05-03 16:12:38,15570,15570,15570,2,0
2023-05-03 16:13:00,15571,15571,15571,6,6
2023-05-03 16:13:02,15571,15571,15571,10,0
2023-05-03 16:13:07,15570,15570,15570,2,-2
2023-05-03 16:13:09,15571,15571,15571,10,10
2023-05-03 16:13:11,15571,15571,15571,10,0
2023-05-03 16:13:18,15571,15571,15571,2,0
2023-05-03 16:13:20,15571,15571,15571,2,0
2023-05-03 16:13:29,15571,15571,15571,4,0
2023-05-03 16:13:29,15571,15571,15571,4,0
2023-05-03 16:13:29,15571,15571,15571,2,0
2023-05-03 16:13:29,15571,15571,15571,2,0
2023-05-03 16:13:29,15571,15571,15571,2,0
2023-05-03 16:13:29,15571,15571,15571,4,0
2023-05-03 16:13:29,15571,15571,15571,6,0
2023-05-03 16:13:29,15571,15571,15571,2,0
2023-05-03 16:13:29,15571,15571,15571,2,0
2023-05-03 16:13:29,15570,15570,15570,2,-2
2023-05-03 16:13:29,15570,15570,15570,4,0
2023-05-03 16:13:39,15569,15569,15569,2,-2
2023-05-03 16:13:39,15569,15569,15569,2,0
2023-05-03 16:13:39,15569,15569,15569,2,0
2023-05-03 16:13:43,15568,15568,15568,6,-6
2023-05-03 16:13:43,15568,15568,15568,2,0
2023-05-03 16:13:43,15568,15568,15568,8,0
2023-05-03 16:13:43,15568,15568,15568,2,0
2023-05-03 16:13:43,15568,15568,15568,2,0
2023-05-03 16:13:43,15568,15568,15568,2,0
2023-05-03 16:13:51,15567,15567,15567,2,-2
2023-05-03 16:13:51,15567,15567,15567,4,0
2023-05-03 16:13:51,15567,15567,15567,2,0
2023-05-03 16:13:51,15567,15567,15567,2,0
2023-05-03 16:13:51,15567,15567,15567,2,0
2023-05-03 16:13:51,15566,15566,15566,2,-2
2023-05-03 16:13:51,15566,15566,15566,6,0
2023-05-03 16:13:51,15566,15566,15566,6,0
2023-05-03 16:13:51,15566,15566,15566,2,0
2023-05-03 16:13:56,15567,15567,15567,2,2
2023-05-03 16:14:00,15567,15567,15567,2,0
2023-05-03 16:14:18,15566,15566,15566,2,-2
2023-05-03 16:14:18,15566,15566,15566,2,0
2023-05-03 16:14:22,15566,15566,15566,2,0
2023-05-03 16:14:22,15566,15566,15566,4,0
2023-05-03 16:14:26,15566,15566,15566,6,0
2023-05-03 16:14:26,15566,15566,15566,2,0
2023-05-03 16:14:26,15566,15566,15566,2,0
2023-05-03 16:14:26,15566,15566,15566,2,0
2023-05-03 16:14:27,15566,15566,15566,2,0
2023-05-03 16:14:31,15566,15566,15566,2,0
2023-05-03 16:14:36,15567,15567,15567,10,10
2023-05-03 16:15:09,15566,15566,15566,2,-2
2023-05-03 16:15:09,15566,15566,15566,2,0
2023-05-03 16:15:16,15567,15567,15567,8,8
2023-05-03 16:15:19,15567,15567,15567,10,0
2023-05-03 16:15:20,15567,15567,15567,2,0
2023-05-03 16:15:21,15566,15566,15566,2,-2
2023-05-03 16:15:35,15567,15567,15567,2,2
2023-05-03 16:15:38,15567,15567,15567,2,0
2023-05-03 16:15:44,15567,15567,15567,6,0
2023-05-03 16:15:44,15567,15567,15567,2,0
2023-05-03 16:15:44,15567,15567,15567,2,0
2023-05-03 16:15:44,15567,15567,15567,2,0
2023-05-03 16:15:55,15567,15567,15567,2,0
2023-05-03 16:16:23,15566,15566,15566,4,-4
2023-05-03 16:16:39,15567,15567,15567,20,20
2023-05-03 16:16:40,15567,15567,15567,2,0
2023-05-03 16:16:42,15566,15566,15566,10,-10
2023-05-03 16:16:44,15567,15567,15567,6,6
2023-05-03 16:16:44,15568,15568,15568,14,14
2023-05-03 16:16:49,15567,15567,15567,4,-4
2023-05-03 16:16:49,15568,15568,15568,16,16
2023-05-03 16:16:55,15568,15568,15568,4,0
2023-05-03 16:16:55,15569,15569,15569,4,4
2023-05-03 16:17:03,15569,15569,15569,2,0
2023-05-03 16:17:09,15568,15568,15568,2,-2
2023-05-03 16:17:29,15567,15567,15567,2,-2
2023-05-03 16:17:29,15567,15567,15567,4,0
2023-05-03 16:17:55,15567,15567,15567,2,0
2023-05-03 16:18:00,15568,15568,15568,2,2
2023-05-03 16:18:10,15568,15568,15568,2,0
2023-05-03 16:18:33,15567,15567,15567,2,-2
2023-05-03 16:18:33,15567,15567,15567,2,0
2023-05-03 16:18:33,15567,15567,15567,6,0
2023-05-03 16:18:47,15566,15566,15566,2,-2
2023-05-03 16:18:47,15566,15566,15566,2,0
2023-05-03 16:18:47,15566,15566,15566,2,0
2023-05-03 16:18:52,15567,15567,15567,2,2
2023-05-03 16:18:53,15567,15567,15567,4,0
2023-05-03 16:18:59,15568,15568,15568,2,2
2023-05-03 16:19:00,15568,15568,15568,6,0
2023-05-03 16:19:01,15569,15569,15569,6,6
2023-05-03 16:19:12,15568,15568,15568,2,-2
2023-05-03 16:19:12,15569,15569,15569,2,2
2023-05-03 16:19:14,15570,15570,15570,4,4
2023-05-03 16:19:14,15570,15570,15570,2,0
2023-05-03 16:19:14,15570,15570,15570,4,0
2023-05-03 16:19:14,15570,15570,15570,4,0
2023-05-03 16:19:19,15570,15570,15570,4,0
2023-05-03 16:19:25,15570,15570,15570,4,0
2023-05-03 16:19:25,15570,15570,15570,10,0
2023-05-03 16:19:25,15570,15570,15570,6,0
2023-05-03 16:19:25,15570,15570,15570,2,0
2023-05-03 16:19:25,15570,15570,15570,4,0
2023-05-03 16:19:25,15570,15570,15570,2,0
2023-05-03 16:19:25,15570,15570,15570,2,0
2023-05-03 16:19:25,15570,15570,15570,20,0
2023-05-03 16:19:25,15570,15570,15570,4,0
2023-05-03 16:19:29,15570,15570,15570,4,0
2023-05-03 16:19:37,15570,15570,15570,2,0
2023-05-03 16:20:00,15571,15571,15571,2,2
2023-05-03 16:20:00,15571,15571,15571,4,0
2023-05-03 16:20:05,15570,15570,15570,2,-2
2023-05-03 16:20:10,15570,15570,15570,2,0
2023-05-03 16:20:10,15571,15571,15571,2,2
2023-05-03 16:20:15,15571,15571,15571,2,0
2023-05-03 16:20:21,15570,15570,15570,8,-8
2023-05-03 16:20:22,15571,15571,15571,2,2
2023-05-03 16:20:26,15570,15570,15570,2,-2
2023-05-03 16:20:26,15570,15570,15570,2,0
2023-05-03 16:20:26,15570,15570,15570,2,0
2023-05-03 16:20:27,15570,15570,15570,2,0
2023-05-03 16:20:44,15570,15570,15570,2,0
2023-05-03 16:20:50,15569,15569,15569,2,-2
2023-05-03 16:20:50,15569,15569,15569,4,0
2023-05-03 16:20:52,15569,15569,15569,2,0
2023-05-03 16:20:52,15569,15569,15569,4,0
2023-05-03 16:20:58,15569,15569,15569,2,0
2023-05-03 16:20:58,15569,15569,15569,2,0
2023-05-03 16:21:17,15567,15567,15567,6,-6
2023-05-03 16:21:17,15567,15567,15567,4,0
2023-05-03 16:21:25,15568,15568,15568,2,2
2023-05-03 16:22:04,15567,15567,15567,2,-2
2023-05-03 16:22:04,15567,15567,15567,2,0
2023-05-03 16:22:04,15567,15567,15567,2,0
2023-05-03 16:22:04,15567,15567,15567,2,0
2023-05-03 16:22:27,15567,15567,15567,2,0
2023-05-03 16:22:53,15567,15567,15567,2,0
2023-05-03 16:22:53,15567,15567,15567,2,0
2023-05-03 16:22:53,15566,15566,15566,4,-4
2023-05-03 16:22:56,15566,15566,15566,2,0
2023-05-03 16:22:56,15566,15566,15566,2,0
2023-05-03 16:22:56,15566,15566,15566,4,0
2023-05-03 16:22:56,15566,15566,15566,6,0
2023-05-03 16:22:56,15566,15566,15566,6,0
2023-05-03 16:22:56,15566,15566,15566,6,0
2023-05-03 16:22:56,15566,15566,15566,2,0
2023-05-03 16:22:56,15566,15566,15566,4,0
2023-05-03 16:22:56,15566,15566,15566,2,0
2023-05-03 16:22:56,15566,15566,15566,2,0
2023-05-03 16:22:56,15566,15566,15566,2,0
2023-05-03 16:22:56,15566,15566,15566,2,0
2023-05-03 16:23:13,15565,15565,15565,2,-2
2023-05-03 16:23:20,15565,15565,15565,2,0
2023-05-03 16:23:20,15565,15565,15565,2,0
2023-05-03 16:23:20,15565,15565,15565,2,0
2023-05-03 16:23:20,15565,15565,15565,2,0
2023-05-03 16:23:20,15565,15565,15565,2,0
2023-05-03 16:23:20,15565,15565,15565,2,0
2023-05-03 16:23:20,15565,15565,15565,2,0
2023-05-03 16:23:20,15565,15565,15565,2,0
2023-05-03 16:23:20,15565,15565,15565,4,0
2023-05-03 16:23:20,15565,15565,15565,2,0
2023-05-03 16:23:20,15565,15565,15565,2,0
2023-05-03 16:23:25,15565,15565,15565,2,0
2023-05-03 16:23:31,15565,15565,15565,2,0
2023-05-03 16:23:31,15565,15565,15565,2,0
2023-05-03 16:23:31,15565,15565,15565,2,0
2023-05-03 16:23:31,15565,15565,15565,6,0
2023-05-03 16:23:31,15565,15565,15565,2,0
2023-05-03 16:23:31,15565,15565,15565,4,0
2023-05-03 16:23:31,15565,15565,15565,6,0
2023-05-03 16:23:31,15565,15565,15565,2,0
2023-05-03 16:23:31,15565,15565,15565,2,0
2023-05-03 16:23:39,15565,15565,15565,2,0
2023-05-03 16:23:42,15565,15565,15565,2,0
2023-05-03 16:23:52,15565,15565,15565,2,0
2023-05-03 16:23:55,15565,15565,15565,4,0
2023-05-03 16:24:00,15565,15565,15565,10,0
2023-05-03 16:24:25,15564,15564,15564,2,-2
2023-05-03 16:24:25,15564,15564,15564,6,0
2023-05-03 16:24:25,15564,15564,15564,2,0
2023-05-03 16:24:26,15565,15565,15565,12,12
2023-05-03 16:24:26,15565,15565,15565,4,0
2023-05-03 16:24:27,15565,15565,15565,4,0
2023-05-03 16:24:27,15564,15564,15564,4,-4
2023-05-03 16:24:27,15564,15564,15564,2,0
2023-05-03 16:24:27,15564,15564,15564,4,0
2023-05-03 16:24:27,15565,15565,15565,4,4
2023-05-03 16:24:28,15565,15565,15565,4,0
2023-05-03 16:24:52,15565,15565,15565,2,0
2023-05-03 16:24:55,15564,15564,15564,2,-2
2023-05-03 16:24:55,15564,15564,15564,4,0
2023-05-03 16:24:56,15564,15564,15564,2,0
2023-05-03 16:24:56,15564,15564,15564,4,0
2023-05-03 16:24:56,15564,15564,15564,2,0
2023-05-03 16:25:09,15564,15564,15564,2,0
2023-05-03 16:25:11,15564,15564,15564,2,0
2023-05-03 16:25:11,15564,15564,15564,6,0
2023-05-03 16:25:13,15564,15564,15564,2,0
2023-05-03 16:25:13,15564,15564,15564,2,0
2023-05-03 16:25:18,15564,15564,15564,2,0
2023-05-03 16:25:22,15565,15565,15565,6,6
2023-05-03 16:25:22,15565,15565,15565,2,0
2023-05-03 16:25:22,15565,15565,15565,2,0
2023-05-03 16:25:22,15565,15565,15565,2,0
2023-05-03 16:25:22,15565,15565,15565,2,0
2023-05-03 16:25:22,15565,15565,15565,2,0
2023-05-03 16:25:22,15565,15565,15565,4,0
2023-05-03 16:25:22,15565,15565,15565,2,0
2023-05-03 16:25:22,15565,15565,15565,2,0
2023-05-03 16:25:22,15565,15565,15565,4,0
2023-05-03 16:25:22,15565,15565,15565,2,0
2023-05-03 16:25:22,15565,15565,15565,2,0
2023-05-03 16:25:22,15565,15565,15565,2,0
2023-05-03 16:25:22,15565,15565,15565,2,0
2023-05-03 16:25:22,15565,15565,15565,2,0
2023-05-03 16:25:22,15565,15565,15565,4,0
2023-05-03 16:25:32,15564,15564,15564,2,-2
2023-05-03 16:25:58,15564,15564,15564,2,0
2023-05-03 16:26:07,15564,15564,15564,2,0
2023-05-03 16:26:07,15564,15564,15564,2,0
2023-05-03 16:26:07,15564,15564,15564,2,0
2023-05-03 16:26:07,15564,15564,15564,2,0
2023-05-03 16:26:07,15564,15564,15564,4,0
2023-05-03 16:26:07,15564,15564,15564,2,0
2023-05-03 16:26:07,15564,15564,15564,6,0
2023-05-03 16:26:07,15564,15564,15564,2,0
2023-05-03 16:26:07,15564,15564,15564,2,0
2023-05-03 16:26:07,15564,15564,15564,6,0
2023-05-03 16:26:07,15564,15564,15564,2,0
2023-05-03 16:26:07,15564,15564,15564,2,0
2023-05-03 16:26:08,15564,15564,15564,2,0
2023-05-03 16:26:15,15564,15564,15564,4,0
2023-05-03 16:26:22,15564,15564,15564,8,0
2023-05-03 16:26:33,15564,15564,15564,2,0
2023-05-03 16:26:34,15564,15564,15564,4,0
2023-05-03 16:26:38,15564,15564,15564,2,0
2023-05-03 16:26:38,15564,15564,15564,2,0
2023-05-03 16:26:45,15565,15565,15565,4,4
2023-05-03 16:26:48,15565,15565,15565,6,0
2023-05-03 16:26:48,15565,15565,15565,2,0
2023-05-03 16:26:48,15565,15565,15565,2,0
2023-05-03 16:26:48,15565,15565,15565,26,0
2023-05-03 16:26:48,15565,15565,15565,4,0
2023-05-03 16:26:56,15565,15565,15565,2,0
2023-05-03 16:27:00,15566,15566,15566,8,8
2023-05-03 16:27:21,15566,15566,15566,6,0
2023-05-03 16:28:08,15566,15566,15566,4,0
2023-05-03 16:28:12,15566,15566,15566,2,0
2023-05-03 16:28:12,15566,15566,15566,2,0
2023-05-03 16:28:12,15566,15566,15566,6,0
2023-05-03 16:28:12,15566,15566,15566,2,0
2023-05-03 16:28:12,15566,15566,15566,4,0
2023-05-03 16:28:12,15566,15566,15566,2,0
2023-05-03 16:28:12,15566,15566,15566,2,0
2023-05-03 16:28:12,15566,15566,15566,2,0
2023-05-03 16:28:22,15566,15566,15566,2,0
2023-05-03 16:28:22,15566,15566,15566,4,0
2023-05-03 16:28:22,15566,15566,15566,4,0
2023-05-03 16:28:48,15566,15566,15566,2,0
2023-05-03 16:28:59,15566,15566,15566,2,0
2023-05-03 16:29:19,15565,15565,15565,2,-2
2023-05-03 16:29:19,15565,15565,15565,2,0
2023-05-03 16:29:19,15565,15565,15565,2,0
2023-05-03 16:29:27,15565,15565,15565,2,0
2023-05-03 16:30:05,15565,15565,15565,2,0
2023-05-03 16:30:05,15565,15565,15565,2,0
2023-05-03 16:30:05,15565,15565,15565,2,0
2023-05-03 16:30:05,15566,15566,15566,2,2
2023-05-03 16:30:05,15566,15566,15566,2,0
2023-05-03 16:30:05,15567,15567,15567,2,2
2023-05-03 16:30:06,15567,15567,15567,8,0
2023-05-03 16:30:06,15567,15567,15567,2,0
2023-05-03 16:30:21,15566,15566,15566,2,-2
2023-05-03 16:30:21,15566,15566,15566,2,0
2023-05-03 16:30:47,15565,15565,15565,2,-2
2023-05-03 16:30:47,15565,15565,15565,2,0
2023-05-03 16:30:47,15565,15565,15565,2,0
2023-05-03 16:30:47,15565,15565,15565,2,0
2023-05-03 16:30:47,15565,15565,15565,4,0
2023-05-03 16:30:47,15565,15565,15565,2,0
2023-05-03 16:31:06,15565,15565,15565,2,0
2023-05-03 16:31:30,15565,15565,15565,4,0
2023-05-03 16:31:30,15565,15565,15565,4,0
2023-05-03 16:31:30,15565,15565,15565,2,0
2023-05-03 16:32:08,15564,15564,15564,4,-4
2023-05-03 16:32:08,15564,15564,15564,2,0
2023-05-03 16:32:08,15564,15564,15564,2,0
2023-05-03 16:32:08,15564,15564,15564,2,0
2023-05-03 16:32:22,15565,15565,15565,2,2
2023-05-03 16:32:27,15565,15565,15565,2,0
2023-05-03 16:32:27,15566,15566,15566,6,6
2023-05-03 16:32:27,15566,15566,15566,2,0
2023-05-03 16:32:27,15566,15566,15566,2,0
2023-05-03 16:32:55,15567,15567,15567,2,2
2023-05-03 16:32:55,15567,15567,15567,2,0
2023-05-03 16:32:55,15567,15567,15567,8,0
2023-05-03 16:32:55,15567,15567,15567,4,0
2023-05-03 16:32:55,15567,15567,15567,4,0
2023-05-03 16:32:55,15567,15567,15567,2,0
2023-05-03 16:32:55,15567,15567,15567,4,0
2023-05-03 16:32:58,15567,15567,15567,4,0
2023-05-03 16:33:06,15567,15567,15567,2,0
2023-05-03 16:33:06,15567,15567,15567,2,0
2023-05-03 16:33:06,15567,15567,15567,2,0
2023-05-03 16:33:43,15567,15567,15567,2,0
2023-05-03 16:34:22,15567,15567,15567,2,0
2023-05-03 16:34:26,15566,15566,15566,2,-2
2023-05-03 16:34:26,15566,15566,15566,2,0
2023-05-03 16:35:01,15566,15566,15566,10,0
2023-05-03 16:35:01,15566,15566,15566,2,0
2023-05-03 16:35:08,15566,15566,15566,2,0
2023-05-03 16:35:11,15565,15565,15565,2,-2
2023-05-03 16:35:11,15565,15565,15565,2,0
2023-05-03 16:35:15,15565,15565,15565,2,0
2023-05-03 16:35:15,15565,15565,15565,2,0
2023-05-03 16:35:22,15564,15564,15564,2,-2
2023-05-03 16:35:31,15564,15564,15564,2,0
2023-05-03 16:35:40,15564,15564,15564,2,0
2023-05-03 16:35:46,15564,15564,15564,2,0
2023-05-03 16:35:58,15565,15565,15565,2,2
2023-05-03 16:36:23,15566,15566,15566,2,2
2023-05-03 16:36:34,15567,15567,15567,2,2
2023-05-03 16:36:34,15567,15567,15567,2,0
2023-05-03 16:36:34,15567,15567,15567,2,0
2023-05-03 16:36:34,15567,15567,15567,2,0
2023-05-03 16:36:34,15567,15567,15567,4,0
2023-05-03 16:36:34,15567,15567,15567,4,0
2023-05-03 16:36:34,15567,15567,15567,8,0
2023-05-03 16:36:34,15567,15567,15567,2,0
2023-05-03 16:36:36,15567,15567,15567,10,0
2023-05-03 16:36:36,15567,15567,15567,2,0
2023-05-03 16:36:36,15567,15567,15567,2,0
2023-05-03 16:36:36,15567,15567,15567,2,0
2023-05-03 16:36:49,15567,15567,15567,2,0
2023-05-03 16:36:55,15567,15567,15567,2,0
2023-05-03 16:37:12,15567,15567,15567,2,0
2023-05-03 16:37:46,15566,15566,15566,2,-2
2023-05-03 16:38:13,15567,15567,15567,4,4
2023-05-03 16:38:31,15567,15567,15567,2,0
2023-05-03 16:38:49,15568,15568,15568,18,18
2023-05-03 16:38:49,15569,15569,15569,2,2
2023-05-03 16:38:49,15569,15569,15569,2,0
2023-05-03 16:38:52,15568,15568,15568,6,-6
2023-05-03 16:38:59,15569,15569,15569,38,38
2023-05-03 16:38:59,15569,15569,15569,8,0
2023-05-03 16:38:59,15569,15569,15569,2,0
2023-05-03 16:39:11,15569,15569,15569,2,0
2023-05-03 16:39:22,15570,15570,15570,20,20
2023-05-03 16:39:22,15571,15571,15571,4,4
2023-05-03 16:39:22,15571,15571,15571,4,0
2023-05-03 16:39:22,15571,15571,15571,2,0
2023-05-03 16:39:22,15571,15571,15571,10,0
2023-05-03 16:39:22,15570,15570,15570,4,-4
2023-05-03 16:39:22,15572,15572,15572,2,2
2023-05-03 16:39:23,15572,15572,15572,2,0
2023-05-03 16:39:35,15572,15572,15572,2,0
2023-05-03 16:39:37,15571,15571,15571,2,-2
2023-05-03 16:39:39,15570,15570,15570,2,-2
2023-05-03 16:39:40,15571,15571,15571,6,6
2023-05-03 16:39:42,15570,15570,15570,2,-2
2023-05-03 16:39:48,15571,15571,15571,2,2
2023-05-03 16:39:50,15572,15572,15572,2,2
2023-05-03 16:39:50,15572,15572,15572,34,0
2023-05-03 16:39:59,15573,15573,15573,2,2
2023-05-03 16:40:00,15573,15573,15573,20,0
2023-05-03 16:40:07,15574,15574,15574,18,18
2023-05-03 16:40:07,15573,15573,15573,2,-2
2023-05-03 16:40:08,15575,15575,15575,2,2
2023-05-03 16:40:08,15575,15575,15575,44,0
2023-05-03 16:40:08,15575,15575,15575,16,0
2023-05-03 16:40:08,15575,15575,15575,4,0
2023-05-03 16:40:08,15575,15575,15575,2,0
2023-05-03 16:40:10,15575,15575,15575,42,0
2023-05-03 16:40:10,15575,15575,15575,2,0
2023-05-03 16:40:14,15575,15575,15575,2,0
2023-05-03 16:40:14,15574,15574,15574,2,-2
2023-05-03 16:40:19,15574,15574,15574,2,0
2023-05-03 16:40:19,15574,15574,15574,2,0
2023-05-03 16:40:24,15575,15575,15575,20,20
2023-05-03 16:40:26,15575,15575,15575,2,0
2023-05-03 16:40:36,15575,15575,15575,4,0
2023-05-03 16:40:40,15575,15575,15575,2,0
2023-05-03 16:40:44,15574,15574,15574,2,-2
2023-05-03 16:40:46,15574,15574,15574,2,0
2023-05-03 16:40:46,15574,15574,15574,2,0
2023-05-03 16:40:46,15574,15574,15574,2,0
2023-05-03 16:40:46,15574,15574,15574,2,0
2023-05-03 16:40:51,15574,15574,15574,2,0
2023-05-03 16:40:57,15574,15574,15574,2,0
2023-05-03 16:40:58,15573,15573,15573,2,-2
2023-05-03 16:41:00,15574,15574,15574,2,2
2023-05-03 16:41:00,15574,15574,15574,2,0
2023-05-03 16:41:02,15573,15573,15573,2,-2
2023-05-03 16:41:03,15574,15574,15574,2,2
2023-05-03 16:41:09,15574,15574,15574,2,0
2023-05-03 16:41:09,15573,15573,15573,2,-2
2023-05-03 16:41:09,15573,15573,15573,6,0
2023-05-03 16:41:15,15573,15573,15573,2,0
2023-05-03 16:41:18,15573,15573,15573,2,0
2023-05-03 16:41:26,15574,15574,15574,6,6
2023-05-03 16:41:36,15574,15574,15574,2,0
2023-05-03 16:41:39,15573,15573,15573,2,-2
2023-05-03 16:41:39,15573,15573,15573,6,0
2023-05-03 16:41:39,15573,15573,15573,2,0
2023-05-03 16:41:41,15574,15574,15574,2,2
2023-05-03 16:41:51,15574,15574,15574,2,0
2023-05-03 16:41:54,15572,15572,15572,4,-4
2023-05-03 16:41:54,15572,15572,15572,4,0
2023-05-03 16:41:54,15573,15573,15573,2,2
2023-05-03 16:41:54,15573,15573,15573,2,0
2023-05-03 16:41:54,15574,15574,15574,2,2
2023-05-03 16:41:54,15574,15574,15574,2,0
2023-05-03 16:41:54,15574,15574,15574,2,0
2023-05-03 16:41:54,15574,15574,15574,2,0
2023-05-03 16:41:54,15574,15574,15574,2,0
2023-05-03 16:41:56,15573,15573,15573,2,-2
2023-05-03 16:41:57,15573,15573,15573,10,0
2023-05-03 16:42:00,15573,15573,15573,4,0
2023-05-03 16:42:01,15574,15574,15574,2,2
2023-05-03 16:42:01,15574,15574,15574,2,0
2023-05-03 16:42:20,15573,15573,15573,2,-2
2023-05-03 16:42:20,15573,15573,15573,2,0
2023-05-03 16:42:20,15573,15573,15573,2,0
2023-05-03 16:42:20,15573,15573,15573,2,0
2023-05-03 16:42:20,15573,15573,15573,2,0
2023-05-03 16:42:20,15573,15573,15573,2,0
2023-05-03 16:42:24,15573,15573,15573,2,0
2023-05-03 16:42:29,15573,15573,15573,6,0
2023-05-03 16:42:30,15574,15574,15574,6,6
2023-05-03 16:42:34,15574,15574,15574,2,0
2023-05-03 16:42:46,15573,15573,15573,2,-2
2023-05-03 16:42:49,15573,15573,15573,2,0
2023-05-03 16:42:49,15573,15573,15573,2,0
2023-05-03 16:42:49,15573,15573,15573,2,0
2023-05-03 16:42:49,15573,15573,15573,2,0
2023-05-03 16:42:49,15573,15573,15573,2,0
2023-05-03 16:42:49,15573,15573,15573,2,0
2023-05-03 16:42:49,15573,15573,15573,2,0
2023-05-03 16:42:49,15573,15573,15573,2,0
2023-05-03 16:42:56,15572,15572,15572,2,-2
2023-05-03 16:42:56,15572,15572,15572,2,0
2023-05-03 16:42:56,15572,15572,15572,4,0
2023-05-03 16:42:58,15571,15571,15571,2,-2
2023-05-03 16:43:03,15572,15572,15572,2,2
2023-05-03 16:43:06,15572,15572,15572,6,0
2023-05-03 16:43:07,15572,15572,15572,2,0
2023-05-03 16:43:07,15572,15572,15572,4,0
2023-05-03 16:43:14,15572,15572,15572,2,0
2023-05-03 16:43:18,15572,15572,15572,4,0
2023-05-03 16:43:26,15573,15573,15573,2,2
2023-05-03 16:43:27,15573,15573,15573,2,0
2023-05-03 16:43:27,15573,15573,15573,10,0
2023-05-03 16:43:27,15573,15573,15573,2,0
2023-05-03 16:43:30,15573,15573,15573,2,0
2023-05-03 16:43:36,15573,15573,15573,2,0
2023-05-03 16:43:36,15573,15573,15573,2,0
2023-05-03 16:43:39,15573,15573,15573,2,0
2023-05-03 16:43:39,15574,15574,15574,6,6
2023-05-03 16:43:47,15573,15573,15573,2,-2
2023-05-03 16:43:53,15573,15573,15573,2,0
2023-05-03 16:43:56,15574,15574,15574,4,4
2023-05-03 16:44:03,15573,15573,15573,2,-2
2023-05-03 16:44:03,15574,15574,15574,4,4
2023-05-03 16:44:03,15574,15574,15574,4,0
2023-05-03 16:44:03,15574,15574,15574,4,0
2023-05-03 16:44:03,15574,15574,15574,4,0
2023-05-03 16:44:12,15574,15574,15574,2,0
2023-05-03 16:44:15,15574,15574,15574,2,0
2023-05-03 16:44:20,15574,15574,15574,2,0
2023-05-03 16:44:24,15574,15574,15574,2,0
2023-05-03 16:44:32,15574,15574,15574,2,0
2023-05-03 16:44:33,15574,15574,15574,2,0
2023-05-03 16:44:37,15574,15574,15574,2,0
2023-05-03 16:44:44,15574,15574,15574,2,0
2023-05-03 16:44:45,15574,15574,15574,2,0
2023-05-03 16:44:49,15574,15574,15574,6,0
2023-05-03 16:44:49,15574,15574,15574,2,0
2023-05-03 16:44:50,15574,15574,15574,2,0
2023-05-03 16:44:55,15574,15574,15574,2,0
2023-05-03 16:44:57,15575,15575,15575,2,2
2023-05-03 16:44:58,15575,15575,15575,2,0
2023-05-03 16:45:09,15575,15575,15575,2,0
2023-05-03 16:45:09,15575,15575,15575,2,0
2023-05-03 16:45:09,15575,15575,15575,4,0
2023-05-03 16:45:10,15575,15575,15575,4,0
2023-05-03 16:45:10,15575,15575,15575,4,0
2023-05-03 16:45:10,15574,15574,15574,2,-2
2023-05-03 16:45:10,15575,15575,15575,4,4
2023-05-03 16:45:10,15574,15574,15574,2,-2
2023-05-03 16:45:12,15575,15575,15575,2,2
2023-05-03 16:45:14,15575,15575,15575,2,0
2023-05-03 16:45:18,15574,15574,15574,2,-2
2023-05-03 16:45:18,15574,15574,15574,4,0
2023-05-03 16:45:18,15574,15574,15574,2,0
2023-05-03 16:45:18,15574,15574,15574,2,0
2023-05-03 16:45:18,15574,15574,15574,2,0
2023-05-03 16:45:18,15574,15574,15574,2,0
2023-05-03 16:45:18,15574,15574,15574,2,0
2023-05-03 16:45:18,15574,15574,15574,2,0
2023-05-03 16:45:18,15574,15574,15574,2,0
2023-05-03 16:45:22,15575,15575,15575,2,2
2023-05-03 16:45:45,15573,15573,15573,2,-2
2023-05-03 16:45:45,15573,15573,15573,2,0
2023-05-03 16:45:45,15573,15573,15573,2,0
2023-05-03 16:45:45,15573,15573,15573,2,0
2023-05-03 16:45:45,15573,15573,15573,2,0
2023-05-03 16:46:04,15573,15573,15573,2,0
2023-05-03 16:46:04,15573,15573,15573,26,0
2023-05-03 16:46:04,15574,15574,15574,4,4
2023-05-03 16:46:07,15573,15573,15573,2,-2
2023-05-03 16:46:51,15572,15572,15572,10,-10
2023-05-03 16:46:58,15572,15572,15572,4,0
2023-05-03 16:47:02,15573,15573,15573,2,2
2023-05-03 16:47:15,15572,15572,15572,6,-6
2023-05-03 16:47:23,15573,15573,15573,18,18
2023-05-03 16:47:23,15573,15573,15573,4,0
2023-05-03 16:47:40,15572,15572,15572,6,-6
2023-05-03 16:47:40,15572,15572,15572,2,0
2023-05-03 16:47:40,15572,15572,15572,4,0
2023-05-03 16:47:40,15572,15572,15572,2,0
2023-05-03 16:47:40,15572,15572,15572,8,0
2023-05-03 16:47:40,15572,15572,15572,2,0
2023-05-03 16:47:40,15572,15572,15572,30,0
2023-05-03 16:47:43,15572,15572,15572,2,0
2023-05-03 16:47:47,15572,15572,15572,2,0
2023-05-03 16:48:01,15572,15572,15572,2,0
2023-05-03 16:48:02,15571,15571,15571,2,-2
2023-05-03 16:48:02,15571,15571,15571,14,0
2023-05-03 16:48:02,15571,15571,15571,2,0
2023-05-03 16:48:02,15571,15571,15571,2,0
2023-05-03 16:48:02,15571,15571,15571,2,0
2023-05-03 16:48:02,15571,15571,15571,4,0
2023-05-03 16:48:02,15571,15571,15571,2,0
2023-05-03 16:48:02,15571,15571,15571,2,0
2023-05-03 16:48:02,15571,15571,15571,8,0
2023-05-03 16:48:02,15571,15571,15571,2,0
2023-05-03 16:48:19,15570,15570,15570,2,-2
2023-05-03 16:48:25,15570,15570,15570,2,0
2023-05-03 16:48:33,15570,15570,15570,4,0
2023-05-03 16:48:33,15570,15570,15570,2,0
2023-05-03 16:48:33,15570,15570,15570,2,0
2023-05-03 16:48:33,15570,15570,15570,2,0
2023-05-03 16:48:35,15570,15570,15570,2,0
2023-05-03 16:48:40,15570,15570,15570,4,0
2023-05-03 16:48:42,15570,15570,15570,2,0
2023-05-03 16:48:43,15570,15570,15570,2,0
2023-05-03 16:48:45,15570,15570,15570,2,0
2023-05-03 16:48:45,15570,15570,15570,2,0
2023-05-03 16:48:45,15570,15570,15570,2,0
2023-05-03 16:48:46,15571,15571,15571,2,2
2023-05-03 16:48:52,15570,15570,15570,2,-2
2023-05-03 16:48:59,15569,15569,15569,6,-6
2023-05-03 16:48:59,15569,15569,15569,2,0
2023-05-03 16:49:53,15570,15570,15570,2,2
2023-05-03 16:49:53,15570,15570,15570,2,0
2023-05-03 16:50:26,15570,15570,15570,2,0
2023-05-03 16:51:05,15570,15570,15570,24,0
2023-05-03 16:51:08,15571,15571,15571,10,10
2023-05-03 16:51:16,15571,15571,15571,8,0
2023-05-03 16:51:16,15571,15571,15571,4,0
2023-05-03 16:51:16,15571,15571,15571,2,0
2023-05-03 16:51:16,15571,15571,15571,2,0
2023-05-03 16:51:16,15571,15571,15571,2,0
2023-05-03 16:51:24,15570,15570,15570,2,-2
2023-05-03 16:51:24,15570,15570,15570,2,0
2023-05-03 16:51:43,15571,15571,15571,2,2
2023-05-03 16:51:46,15571,15571,15571,2,0
2023-05-03 16:52:07,15570,15570,15570,2,-2
2023-05-03 16:52:09,15571,15571,15571,16,16
2023-05-03 16:52:18,15570,15570,15570,4,-4
2023-05-03 16:52:39,15571,15571,15571,10,10
2023-05-03 16:53:32,15570,15570,15570,2,-2
2023-05-03 16:53:32,15570,15570,15570,2,0
2023-05-03 16:53:32,15570,15570,15570,2,0
2023-05-03 16:53:35,15569,15569,15569,2,-2
2023-05-03 16:53:37,15569,15569,15569,2,0
2023-05-03 16:53:40,15569,15569,15569,2,0
2023-05-03 16:53:45,15569,15569,15569,2,0
2023-05-03 16:53:55,15569,15569,15569,2,0
2023-05-03 16:54:22,15569,15569,15569,8,0
2023-05-03 16:54:55,15570,15570,15570,10,10
2023-05-03 16:54:57,15569,15569,15569,2,-2
2023-05-03 16:54:57,15569,15569,15569,2,0
2023-05-03 16:54:57,15569,15569,15569,2,0
2023-05-03 16:54:57,15569,15569,15569,2,0
2023-05-03 16:55:00,15570,15570,15570,2,2
2023-05-03 16:55:39,15570,15570,15570,2,0
2023-05-03 16:55:39,15570,15570,15570,10,0
2023-05-03 16:56:03,15570,15570,15570,2,0
2023-05-03 16:56:55,15570,15570,15570,4,0
2023-05-03 16:57:13,15570,15570,15570,2,0
2023-05-03 16:57:13,15571,15571,15571,4,4
2023-05-03 16:57:25,15571,15571,15571,2,0
2023-05-03 16:57:32,15570,15570,15570,2,-2
2023-05-03 16:58:09,15571,15571,15571,2,2
2023-05-03 16:58:36,15571,15571,15571,10,0
2023-05-03 16:58:53,15571,15571,15571,2,0
2023-05-03 16:59:06,15570,15570,15570,2,-2
2023-05-03 16:59:08,15571,15571,15571,6,6
2023-05-03 16:59:12,15570,15570,15570,2,-2
2023-05-03 16:59:18,15570,15570,15570,2,0
2023-05-03 16:59:18,15570,15570,15570,2,0
2023-05-03 16:59:18,15570,15570,15570,2,0
2023-05-03 16:59:21,15569,15569,15569,2,-2
2023-05-03 16:59:21,15569,15569,15569,2,0
2023-05-03 16:59:21,15569,15569,15569,2,0
2023-05-03 16:59:21,15569,15569,15569,6,0
2023-05-03 16:59:21,15569,15569,15569,2,0
2023-05-03 16:59:21,15569,15569,15569,2,0
2023-05-03 16:59:21,15569,15569,15569,8,0
2023-05-03 16:59:21,15570,15570,15570,10,10
2023-05-03 17:00:00,15570,15570,15570,2,0
2023-05-03 17:00:00,15570,15570,15570,6,0
2023-05-03 17:00:00,15570,15570,15570,2,0
2023-05-03 17:00:00,15570,15570,15570,2,0
2023-05-03 17:00:00,15570,15570,15570,2,0
2023-05-03 17:00:00,15570,15570,15570,2,0
2023-05-03 17:00:00,15569,15569,15569,2,-2
2023-05-03 17:00:00,15570,15570,15570,2,2
2023-05-03 17:00:00,15570,15570,15570,2,0
2023-05-03 17:00:00,15570,15570,15570,2,0
2023-05-03 17:00:00,15569,15569,15569,2,-2
2023-05-03 17:00:00,15570,15570,15570,2,2
2023-05-03 17:00:00,15570,15570,15570,2,0
2023-05-03 17:00:00,15569,15569,15569,2,-2
2023-05-03 17:00:01,15570,15570,15570,2,2
2023-05-03 17:00:01,15569,15569,15569,2,-2
2023-05-03 17:00:01,15570,15570,15570,2,2
2023-05-03 17:00:01,15569,15569,15569,2,-2
2023-05-03 17:00:31,15569,15569,15569,2,0
2023-05-03 17:00:31,15570,15570,15570,4,4
2023-05-03 17:00:52,15570,15570,15570,2,0
2023-05-03 17:01:13,15570,15570,15570,2,0
2023-05-03 17:01:31,15571,15571,15571,22,22
2023-05-03 17:01:31,15571,15571,15571,4,0
2023-05-03 17:01:31,15571,15571,15571,10,0
2023-05-03 17:01:32,15572,15572,15572,8,8
2023-05-03 17:01:32,15572,15572,15572,2,0
2023-05-03 17:01:33,15573,15573,15573,8,8
2023-05-03 17:01:33,15573,15573,15573,2,0
2023-05-03 17:01:33,15573,15573,15573,2,0
2023-05-03 17:01:33,15573,15573,15573,2,0
2023-05-03 17:01:33,15573,15573,15573,2,0
2023-05-03 17:01:39,15572,15572,15572,2,-2
2023-05-03 17:01:39,15572,15572,15572,6,0
2023-05-03 17:01:39,15571,15571,15571,4,-4
2023-05-03 17:01:39,15571,15571,15571,6,0
2023-05-03 17:01:39,15571,15571,15571,4,0
2023-05-03 17:01:39,15571,15571,15571,2,0
2023-05-03 17:01:39,15571,15571,15571,2,0
2023-05-03 17:01:39,15571,15571,15571,4,0
2023-05-03 17:01:39,15571,15571,15571,2,0
2023-05-03 17:01:39,15571,15571,15571,6,0
2023-05-03 17:01:39,15571,15571,15571,2,0
