2021-04-12 15:00:00.050,16842,16845,16845,59,59
2021-04-12 15:00:00.112,16842,16845,16845,1,1
2021-04-12 15:00:00.140,16842,16845,16845,2,2
2021-04-12 15:00:00.177,16842,16845,16845,1,1
2021-04-12 15:00:00.234,16842,16845,16842,1,-1
2021-04-12 15:00:00.250,16842,16845,16842,1,-1
2021-04-12 15:00:00.268,16842,16844,16842,1,-1
2021-04-12 15:00:00.290,16842,16844,16842,1,-1
2021-04-12 15:00:00.293,16842,16844,16842,1,-1
2021-04-12 15:00:00.296,16842,16844,16844,1,1
2021-04-12 15:00:00.306,16842,16844,16842,1,-1
2021-04-12 15:00:00.327,16842,16844,16842,1,-1
2021-04-12 15:00:00.350,16842,16844,16842,1,-1
2021-04-12 15:00:00.373,16842,16844,16845,1,1
2021-04-12 15:00:00.652,16842,16845,16844,1,-1
2021-04-12 15:00:00.652,16842,16845,16845,1,1
2021-04-12 15:00:00.661,16842,16845,16845,1,1
2021-04-12 15:00:00.693,16842,16845,16845,1,1
2021-04-12 15:00:00.783,16842,16845,16842,1,-1
2021-04-12 15:00:00.792,16842,16845,16845,1,1
2021-04-12 15:00:00.852,16842,16845,16842,2,-2
2021-04-12 15:00:01.549,16842,16845,16845,5,5
2021-04-12 15:00:01.728,16841,16845,16845,7,7
2021-04-12 15:00:01.729,16841,16845,16845,6,6
2021-04-12 15:00:01.729,16841,16845,16846,8,8
2021-04-12 15:00:02.109,16843,16847,16847,1,1
2021-04-12 15:00:03.282,16844,16847,16844,1,-1
2021-04-12 15:00:03.289,16844,16847,16847,1,1
2021-04-12 15:00:03.328,16844,16847,16843,2,-2
2021-04-12 15:00:03.328,16844,16847,16842,2,-2
2021-04-12 15:00:03.404,16842,16847,16842,6,-6
2021-04-12 15:00:03.404,16842,16847,16841,4,-4
2021-04-12 15:00:03.555,16840,16847,16840,4,-4
2021-04-12 15:00:10.554,16842,16843,16842,2,2
2021-04-12 15:00:10.554,16842,16843,16842,1,-1
2021-04-12 15:00:10.634,16841,16843,16841,3,-3
2021-04-12 15:00:12.183,16840,16843,16843,1,1
2021-04-12 15:00:12.988,16840,16843,16843,1,1
2021-04-12 15:00:13.048,16840,16843,16843,1,1
2021-04-12 15:00:15.342,16841,16843,16843,1,1
2021-04-12 15:00:15.342,16841,16843,16843,1,1
2021-04-12 15:00:15.562,16841,16844,16843,1,-1
2021-04-12 15:00:22.387,16841,16842,16841,6,-6
2021-04-12 15:00:23.690,16840,16842,16840,2,-2
2021-04-12 15:00:24.034,16840,16842,16840,1,-1
2021-04-12 15:00:28.368,16841,16842,16842,2,2
2021-04-12 15:00:31.223,16842,16843,16842,1,-1
2021-04-12 15:00:34.164,16842,16843,16842,2,-2
2021-04-12 15:00:34.972,16842,16843,16843,1,1
2021-04-12 15:00:35.946,16842,16843,16842,1,-1
2021-04-12 15:00:35.946,16842,16843,16842,2,-2
2021-04-12 15:00:36.072,16841,16842,16842,1,1
2021-04-12 15:00:40.137,16841,16843,16841,18,-18
2021-04-12 15:00:40.138,16841,16843,16841,1,-1
2021-04-12 15:00:40.258,16841,16842,16841,8,-8
2021-04-12 15:00:41.438,16840,16842,16842,1,1
2021-04-12 15:00:43.605,16841,16842,16841,1,-1
2021-04-12 15:00:44.118,16840,16842,16842,1,1
2021-04-12 15:00:44.282,16840,16842,16842,1,1
2021-04-12 15:00:44.614,16841,16842,16841,1,-1
2021-04-12 15:00:48.754,16841,16842,16842,1,1
2021-04-12 15:00:48.787,16841,16842,16842,1,1
2021-04-12 15:00:49.392,16841,16842,16842,1,1
2021-04-12 15:00:49.869,16841,16842,16842,1,1
2021-04-12 15:00:50.104,16841,16842,16842,2,2
2021-04-12 15:00:51.389,16842,16843,16842,1,-1
2021-04-12 15:00:54.192,16842,16843,16842,3,-3
2021-04-12 15:00:54.192,16842,16843,16841,1,-1
2021-04-12 15:00:54.576,16841,16843,16843,1,1
2021-04-12 15:00:54.727,16841,16843,16843,1,1
2021-04-12 15:00:54.846,16841,16843,16843,1,1
2021-04-12 15:00:55.832,16842,16843,16843,17,17
2021-04-12 15:00:55.833,16842,16843,16843,1,1
2021-04-12 15:00:55.833,16842,16843,16843,3,3
2021-04-12 15:00:55.833,16842,16843,16843,1,1
2021-04-12 15:00:56.064,16843,16844,16843,2,-2
2021-04-12 15:00:56.064,16843,16844,16842,2,-2
2021-04-12 15:00:59.656,16842,16843,16843,1,1
2021-04-12 15:01:00.125,16843,16844,16844,1,1
2021-04-12 15:01:00.142,16843,16844,16844,1,1
2021-04-12 15:01:00.180,16843,16844,16843,1,-1
2021-04-12 15:01:00.228,16843,16844,16843,1,-1
2021-04-12 15:01:00.295,16843,16844,16844,1,1
2021-04-12 15:01:00.414,16843,16845,16843,1,-1
2021-04-12 15:01:00.414,16843,16845,16842,1,-1
2021-04-12 15:01:00.537,16843,16845,16845,1,1
2021-04-12 15:01:00.624,16843,16845,16845,1,1
2021-04-12 15:01:01.004,16843,16845,16843,1,-1
2021-04-12 15:01:01.062,16843,16845,16843,1,-1
2021-04-12 15:01:03.317,16843,16845,16843,1,-1
2021-04-12 15:01:04.740,16843,16844,16844,1,1
2021-04-12 15:01:07.155,16843,16844,16844,2,2
2021-04-12 15:01:07.671,16843,16845,16844,1,-1
2021-04-12 15:01:12.153,16844,16845,16845,1,1
2021-04-12 15:01:12.260,16844,16845,16844,1,-1
2021-04-12 15:01:12.261,16844,16845,16843,1,-1
2021-04-12 15:01:12.262,16844,16845,16842,1,-1
2021-04-12 15:01:19.414,16843,16844,16843,1,1
2021-04-12 15:01:19.509,16843,16844,16843,1,-1
2021-04-12 15:01:21.580,16843,16844,16844,1,1
2021-04-12 15:01:21.635,16843,16844,16843,1,-1
2021-04-12 15:01:29.843,16843,16844,16843,1,-1
2021-04-12 15:01:30.857,16843,16844,16843,1,-1
2021-04-12 15:01:30.885,16843,16844,16843,1,-1
2021-04-12 15:01:30.885,16843,16844,16843,1,-1
2021-04-12 15:01:30.886,16843,16844,16843,1,-1
2021-04-12 15:01:30.886,16843,16844,16843,1,-1
2021-04-12 15:01:30.886,16843,16844,16843,1,-1
2021-04-12 15:01:30.887,16843,16844,16842,1,-1
2021-04-12 15:01:34.052,16842,16844,16842,2,-2
2021-04-12 15:01:38.158,16842,16844,16843,1,1
2021-04-12 15:01:38.951,16842,16843,16842,1,-1
2021-04-12 15:01:39.837,16842,16843,16842,7,-7
2021-04-12 15:01:39.837,16842,16843,16842,3,-3
2021-04-12 15:01:39.837,16842,16843,16842,1,-1
2021-04-12 15:01:39.883,16842,16843,16842,91,-91
2021-04-12 15:01:39.884,16842,16843,16841,1,-1
2021-04-12 15:01:39.885,16842,16843,16841,1,-1
2021-04-12 15:01:39.885,16842,16843,16841,2,-2
2021-04-12 15:01:39.885,16842,16843,16840,1,-1
2021-04-12 15:01:40.106,16840,16841,16841,4,4
2021-04-12 15:01:40.106,16840,16841,16842,4,4
2021-04-12 15:01:41.879,16840,16843,16842,1,-1
2021-04-12 15:01:43.261,16840,16842,16842,1,1
2021-04-12 15:01:45.654,16840,16842,16842,2,2
2021-04-12 15:01:46.168,16840,16842,16842,1,1
2021-04-12 15:01:52.080,16841,16842,16841,1,-1
2021-04-12 15:01:53.646,16840,16841,16840,5,-5
2021-04-12 15:01:53.646,16840,16841,16840,11,-11
2021-04-12 15:01:53.763,16839,16840,16839,1,-1
2021-04-12 15:01:53.764,16839,16840,16839,1,-1
2021-04-12 15:01:57.033,16839,16840,16839,2,-2
2021-04-12 15:01:58.139,16838,16839,16839,1,1
2021-04-12 15:01:59.465,16838,16839,16839,2,2
2021-04-12 15:01:59.625,16839,16840,16840,1,1
2021-04-12 15:01:59.625,16839,16840,16841,1,1
2021-04-12 15:02:01.681,16840,16842,16840,1,-1
2021-04-12 15:02:02.446,16840,16842,16842,2,2
2021-04-12 15:02:02.446,16840,16842,16843,4,4
2021-04-12 15:02:02.458,16840,16842,16843,1,1
2021-04-12 15:02:04.192,16840,16842,16842,1,1
2021-04-12 15:02:04.192,16840,16842,16843,2,2
2021-04-12 15:02:07.391,16841,16842,16842,1,1
2021-04-12 15:02:07.391,16841,16842,16843,1,1
2021-04-12 15:02:11.227,16841,16842,16842,1,1
2021-04-12 15:02:11.460,16842,16843,16843,1,1
2021-04-12 15:02:12.303,16842,16843,16843,2,2
2021-04-12 15:02:12.303,16842,16843,16843,4,4
2021-04-12 15:02:12.303,16842,16843,16843,1,1
2021-04-12 15:02:12.303,16842,16843,16843,2,2
2021-04-12 15:02:13.969,16843,16844,16843,2,-2
2021-04-12 15:02:17.306,16842,16843,16842,1,-1
2021-04-12 15:02:19.948,16842,16843,16842,1,-1
2021-04-12 15:02:19.949,16842,16843,16842,4,-4
2021-04-12 15:02:21.885,16842,16843,16843,1,1
2021-04-12 15:02:25.433,16842,16843,16842,1,-1
2021-04-12 15:02:26.037,16842,16843,16843,1,1
2021-04-12 15:02:27.365,16842,16843,16842,1,-1
2021-04-12 15:02:27.366,16842,16843,16842,2,-2
2021-04-12 15:02:27.366,16842,16843,16842,2,-2
2021-04-12 15:02:27.366,16842,16843,16842,4,-4
2021-04-12 15:02:30.254,16841,16842,16842,1,1
2021-04-12 15:02:34.593,16841,16842,16841,1,-1
2021-04-12 15:02:39.726,16841,16842,16841,2,-2
2021-04-12 15:02:40.267,16840,16841,16841,3,3
2021-04-12 15:02:41.817,16841,16842,16842,2,2
2021-04-12 15:02:46.775,16841,16842,16841,8,-8
2021-04-12 15:02:46.779,16841,16842,16840,7,-7
2021-04-12 15:02:47.512,16840,16841,16841,5,5
2021-04-12 15:02:47.512,16840,16841,16842,10,10
2021-04-12 15:02:48.394,16840,16841,16841,1,1
2021-04-12 15:02:53.693,16840,16841,16840,7,-7
2021-04-12 15:02:55.843,16839,16840,16839,1,-1
2021-04-12 15:02:59.881,16839,16841,16839,1,-1
2021-04-12 15:02:59.889,16839,16841,16839,1,-1
2021-04-12 15:03:01.170,16839,16840,16839,6,-6
2021-04-12 15:03:04.022,16838,16839,16839,2,2
2021-04-12 15:03:04.328,16838,16839,16838,1,-1
2021-04-12 15:03:04.775,16838,16839,16838,1,-1
2021-04-12 15:03:05.246,16838,16839,16838,1,-1
2021-04-12 15:03:05.292,16838,16839,16839,2,2
2021-04-12 15:03:05.797,16838,16839,16838,1,-1
2021-04-12 15:03:06.579,16838,16839,16838,1,-1
2021-04-12 15:03:06.594,16838,16839,16839,1,1
2021-04-12 15:03:10.777,16838,16839,16838,8,-8
2021-04-12 15:03:13.181,16837,16838,16837,4,-4
2021-04-12 15:03:14.626,16836,16837,16837,3,3
2021-04-12 15:03:14.626,16836,16837,16838,7,7
2021-04-12 15:03:14.723,16836,16838,16836,1,-1
2021-04-12 15:03:14.855,16836,16838,16836,1,-1
2021-04-12 15:03:19.135,16836,16837,16836,1,-1
2021-04-12 15:03:19.468,16836,16837,16837,1,1
2021-04-12 15:03:19.685,16836,16837,16836,1,-1
2021-04-12 15:03:20.887,16836,16837,16836,1,-1
2021-04-12 15:03:20.887,16836,16837,16835,4,-4
2021-04-12 15:03:20.993,16836,16837,16835,4,-4
2021-04-12 15:03:22.053,16835,16836,16835,3,-3
2021-04-12 15:03:25.629,16835,16836,16835,1,-1
2021-04-12 15:03:26.753,16835,16836,16835,1,-1
2021-04-12 15:03:29.780,16834,16835,16835,1,1
2021-04-12 15:03:31.421,16834,16835,16835,1,1
2021-04-12 15:03:37.053,16834,16835,16835,1,1
2021-04-12 15:03:37.214,16834,16835,16834,1,-1
2021-04-12 15:03:37.621,16834,16835,16834,3,-3
2021-04-12 15:03:37.623,16834,16835,16834,3,-3
2021-04-12 15:03:39.113,16833,16834,16834,1,1
2021-04-12 15:03:42.638,16833,16835,16833,1,-1
2021-04-12 15:03:44.125,16834,16835,16834,1,1
2021-04-12 15:03:45.014,16833,16834,16834,1,1
2021-04-12 15:03:48.069,16833,16835,16834,1,-1
2021-04-12 15:03:51.025,16834,16836,16834,1,-1
2021-04-12 15:03:53.941,16835,16836,16836,1,1
2021-04-12 15:03:53.942,16835,16836,16836,1,1
2021-04-12 15:03:53.942,16835,16836,16836,2,2
2021-04-12 15:03:53.942,16835,16836,16836,1,1
2021-04-12 15:03:55.282,16835,16837,16835,1,-1
2021-04-12 15:04:07.679,16834,16835,16835,1,1
2021-04-12 15:04:07.904,16834,16835,16835,1,1
2021-04-12 15:04:10.611,16834,16835,16835,1,1
2021-04-12 15:04:15.360,16834,16836,16834,2,-2
2021-04-12 15:04:15.588,16834,16836,16836,5,5
2021-04-12 15:04:23.358,16836,16837,16836,1,-1
2021-04-12 15:04:29.391,16836,16837,16836,2,-2
2021-04-12 15:04:29.592,16836,16837,16837,1,1
2021-04-12 15:04:29.908,16836,16838,16836,1,-1
2021-04-12 15:04:29.908,16836,16838,16836,1,-1
2021-04-12 15:04:40.001,16836,16838,16837,1,1
2021-04-12 15:04:42.120,16836,16837,16836,1,-1
2021-04-12 15:04:42.530,16835,16836,16836,1,1
2021-04-12 15:04:45.678,16835,16836,16835,2,-2
2021-04-12 15:04:46.106,16835,16836,16837,1,1
2021-04-12 15:04:49.701,16836,16837,16836,1,-1
2021-04-12 15:04:49.701,16836,16837,16836,1,-1
2021-04-12 15:04:52.628,16835,16836,16836,4,4
2021-04-12 15:04:53.554,16835,16837,16837,4,4
2021-04-12 15:04:55.581,16835,16837,16835,1,-1
2021-04-12 15:05:04.908,16836,16837,16836,1,1
2021-04-12 15:05:06.646,16836,16837,16836,1,-1
2021-04-12 15:05:06.746,16836,16837,16836,2,-2
2021-04-12 15:05:08.125,16836,16837,16836,2,-2
2021-04-12 15:05:21.371,16836,16837,16837,1,1
2021-04-12 15:05:21.758,16836,16837,16836,1,-1
2021-04-12 15:05:21.758,16836,16837,16835,4,-4
2021-04-12 15:05:24.912,16835,16837,16835,2,-2
2021-04-12 15:05:27.617,16835,16837,16835,1,-1
2021-04-12 15:05:29.921,16835,16836,16836,2,2
2021-04-12 15:05:30.161,16835,16837,16837,3,3
2021-04-12 15:05:30.161,16835,16837,16838,2,2
2021-04-12 15:05:30.315,16836,16838,16838,1,1
2021-04-12 15:05:33.020,16836,16838,16836,1,-1
2021-04-12 15:05:46.299,16837,16838,16838,1,1
2021-04-12 15:05:51.583,16837,16838,16838,1,1
2021-04-12 15:05:53.404,16837,16838,16838,1,1
2021-04-12 15:05:53.405,16837,16838,16838,5,5
2021-04-12 15:05:54.752,16838,16839,16838,1,-1
2021-04-12 15:06:00.459,16837,16839,16839,2,2
2021-04-12 15:06:00.693,16837,16839,16838,1,-1
2021-04-12 15:06:00.994,16837,16838,16838,1,1
2021-04-12 15:06:03.114,16837,16838,16838,3,3
2021-04-12 15:06:07.539,16837,16838,16838,1,1
2021-04-12 15:06:09.683,16838,16839,16839,1,1
2021-04-12 15:06:09.683,16838,16839,16839,1,1
2021-04-12 15:06:09.683,16838,16839,16839,1,1
2021-04-12 15:06:09.683,16838,16839,16839,1,1
2021-04-12 15:06:09.684,16838,16839,16839,3,3
2021-04-12 15:06:09.684,16838,16839,16839,4,4
2021-04-12 15:06:09.694,16838,16839,16839,1,1
2021-04-12 15:06:09.829,16838,16839,16839,3,3
2021-04-12 15:06:09.829,16838,16839,16839,1,1
2021-04-12 15:06:09.829,16838,16839,16839,1,1
2021-04-12 15:06:09.830,16838,16839,16839,1,1
2021-04-12 15:06:09.830,16838,16839,16839,1,1
2021-04-12 15:06:09.838,16838,16839,16839,1,1
2021-04-12 15:06:09.838,16838,16839,16839,1,1
2021-04-12 15:06:09.838,16838,16839,16839,1,1
2021-04-12 15:06:09.838,16838,16839,16839,1,1
2021-04-12 15:06:09.839,16838,16839,16839,1,1
2021-04-12 15:06:09.860,16838,16839,16839,1,1
2021-04-12 15:06:09.940,16838,16839,16839,1,1
2021-04-12 15:06:10.747,16838,16839,16839,1,1
2021-04-12 15:06:16.717,16838,16839,16839,1,1
2021-04-12 15:06:19.675,16838,16839,16839,1,1
2021-04-12 15:06:19.717,16838,16839,16839,1,1
2021-04-12 15:06:21.665,16838,16839,16839,14,14
2021-04-12 15:06:22.484,16839,16840,16839,1,-1
2021-04-12 15:06:26.873,16839,16840,16840,13,13
2021-04-12 15:06:29.318,16840,16841,16840,1,-1
2021-04-12 15:06:29.598,16839,16841,16840,2,-2
2021-04-12 15:06:30.815,16839,16841,16841,1,1
2021-04-12 15:06:34.816,16840,16842,16840,1,-1
2021-04-12 15:06:43.269,16841,16842,16842,1,1
2021-04-12 15:06:49.949,16841,16842,16841,1,-1
2021-04-12 15:06:51.522,16841,16842,16842,1,1
2021-04-12 15:06:52.877,16841,16842,16842,2,2
2021-04-12 15:06:54.216,16841,16842,16842,1,1
2021-04-12 15:06:59.134,16841,16842,16842,6,6
2021-04-12 15:07:03.013,16842,16843,16843,5,5
2021-04-12 15:07:03.710,16842,16843,16843,1,1
2021-04-12 15:07:03.899,16842,16843,16842,2,-2
2021-04-12 15:07:03.899,16842,16843,16841,7,-7
2021-04-12 15:07:03.899,16842,16843,16840,21,-21
2021-04-12 15:07:03.915,16842,16843,16840,1,-1
2021-04-12 15:07:03.915,16842,16843,16840,1,-1
2021-04-12 15:07:03.933,16842,16843,16840,2,-2
2021-04-12 15:07:03.942,16842,16843,16840,1,-1
2021-04-12 15:07:04.136,16839,16840,16840,14,14
2021-04-12 15:07:04.315,16841,16842,16841,1,1
2021-04-12 15:07:05.102,16841,16842,16842,1,1
2021-04-12 15:07:11.583,16841,16842,16841,5,-5
2021-04-12 15:07:13.964,16841,16842,16842,1,1
2021-04-12 15:07:14.010,16841,16842,16842,1,1
2021-04-12 15:07:18.694,16842,16843,16842,1,-1
2021-04-12 15:07:23.697,16842,16843,16842,1,-1
2021-04-12 15:07:31.401,16842,16843,16842,4,-4
2021-04-12 15:07:33.073,16841,16842,16841,1,-1
2021-04-12 15:07:34.456,16841,16843,16842,1,1
2021-04-12 15:07:34.458,16841,16843,16842,1,-1
2021-04-12 15:07:45.410,16840,16841,16841,1,1
2021-04-12 15:07:46.473,16841,16842,16842,1,1
2021-04-12 15:07:48.901,16842,16843,16843,1,1
2021-04-12 15:07:49.615,16842,16843,16842,1,-1
2021-04-12 15:07:58.401,16842,16843,16843,1,1
2021-04-12 15:07:59.010,16842,16843,16842,1,-1
2021-04-12 15:08:07.846,16842,16843,16842,2,-2
2021-04-12 15:08:13.689,16842,16843,16842,1,-1
2021-04-12 15:08:27.980,16842,16843,16842,1,-1
2021-04-12 15:08:31.832,16842,16843,16842,4,-4
2021-04-12 15:08:50.896,16842,16843,16842,1,-1
2021-04-12 15:08:51.262,16842,16843,16843,1,1
2021-04-12 15:09:08.312,16842,16843,16842,5,-5
2021-04-12 15:09:10.372,16841,16843,16843,2,2
2021-04-12 15:09:12.307,16841,16842,16842,1,1
2021-04-12 15:09:20.758,16841,16842,16842,1,1
2021-04-12 15:09:25.797,16841,16842,16842,1,1
2021-04-12 15:09:29.178,16842,16843,16842,1,-1
2021-04-12 15:09:31.965,16842,16843,16843,1,1
2021-04-12 15:09:32.576,16842,16843,16842,1,-1
2021-04-12 15:09:34.812,16842,16843,16843,10,10
2021-04-12 15:09:35.922,16843,16844,16844,1,1
2021-04-12 15:09:35.923,16843,16844,16844,2,2
2021-04-12 15:09:35.923,16843,16844,16844,1,1
2021-04-12 15:09:35.923,16843,16844,16844,1,1
2021-04-12 15:09:41.577,16844,16845,16845,1,1
2021-04-12 15:09:47.350,16844,16845,16844,1,-1
2021-04-12 15:09:47.869,16844,16845,16845,1,1
2021-04-12 15:09:51.168,16844,16845,16845,1,1
2021-04-12 15:09:53.149,16844,16845,16845,1,1
2021-04-12 15:09:59.176,16844,16845,16845,2,2
2021-04-12 15:10:01.432,16844,16845,16845,1,1
2021-04-12 15:10:01.737,16844,16845,16845,1,1
2021-04-12 15:10:01.941,16844,16845,16845,2,2
2021-04-12 15:10:01.942,16844,16845,16845,7,7
2021-04-12 15:10:01.942,16844,16845,16845,10,10
2021-04-12 15:10:04.653,16845,16846,16846,8,8
2021-04-12 15:10:04.654,16845,16846,16846,1,1
2021-04-12 15:10:04.654,16845,16846,16846,2,2
2021-04-12 15:10:10.932,16846,16847,16847,1,1
2021-04-12 15:10:11.104,16846,16847,16846,1,-1
2021-04-12 15:10:11.107,16846,16847,16847,1,1
2021-04-12 15:10:11.655,16846,16847,16847,1,1
2021-04-12 15:10:11.666,16846,16847,16847,1,1
2021-04-12 15:10:11.718,16846,16847,16847,1,1
2021-04-12 15:10:12.054,16846,16847,16847,1,1
2021-04-12 15:10:12.104,16846,16847,16847,1,1
2021-04-12 15:10:13.854,16846,16847,16847,1,1
2021-04-12 15:10:19.861,16846,16847,16847,2,2
2021-04-12 15:10:20.585,16846,16847,16847,1,1
2021-04-12 15:10:23.177,16846,16847,16846,1,-1
2021-04-12 15:10:23.261,16846,16847,16847,1,1
2021-04-12 15:10:23.868,16846,16847,16847,1,1
2021-04-12 15:10:25.225,16846,16847,16847,2,2
2021-04-12 15:10:25.225,16846,16847,16847,1,1
2021-04-12 15:10:25.225,16846,16847,16847,1,1
2021-04-12 15:10:25.225,16846,16847,16847,6,6
2021-04-12 15:10:27.260,16847,16848,16848,1,1
2021-04-12 15:10:27.927,16848,16849,16849,1,1
2021-04-12 15:10:27.972,16848,16849,16849,1,1
2021-04-12 15:10:28.036,16848,16849,16849,1,1
2021-04-12 15:10:28.102,16848,16849,16849,1,1
2021-04-12 15:10:28.132,16848,16849,16849,1,1
2021-04-12 15:10:28.275,16848,16849,16849,1,1
2021-04-12 15:10:31.385,16848,16849,16849,1,1
2021-04-12 15:10:31.386,16848,16849,16849,5,5
2021-04-12 15:10:31.909,16848,16850,16848,1,-1
2021-04-12 15:10:33.629,16848,16849,16849,1,1
2021-04-12 15:10:34.341,16848,16849,16849,1,1
2021-04-12 15:10:36.196,16848,16849,16849,2,2
2021-04-12 15:10:36.886,16848,16849,16849,1,1
2021-04-12 15:10:38.071,16848,16849,16848,1,-1
2021-04-12 15:10:41.411,16848,16849,16848,1,-1
2021-04-12 15:10:43.806,16848,16849,16849,3,3
2021-04-12 15:10:46.094,16848,16849,16849,2,2
2021-04-12 15:10:46.322,16849,16850,16848,1,-1
2021-04-12 15:10:46.928,16848,16849,16849,1,1
2021-04-12 15:10:50.002,16849,16850,16850,1,1
2021-04-12 15:10:50.020,16849,16850,16850,1,1
2021-04-12 15:10:50.037,16849,16850,16850,3,3
2021-04-12 15:10:50.038,16849,16850,16850,7,7
2021-04-12 15:10:50.050,16849,16850,16851,2,2
2021-04-12 15:10:50.121,16849,16850,16851,1,1
2021-04-12 15:10:50.178,16850,16852,16852,2,2
2021-04-12 15:10:50.707,16850,16852,16852,2,2
2021-04-12 15:10:50.936,16850,16852,16852,5,5
2021-04-12 15:10:50.936,16850,16852,16852,6,6
2021-04-12 15:10:51.096,16851,16853,16853,1,1
2021-04-12 15:10:51.610,16851,16853,16853,1,1
2021-04-12 15:10:51.756,16851,16853,16851,1,-1
2021-04-12 15:10:52.627,16851,16853,16853,4,4
2021-04-12 15:10:52.812,16852,16853,16853,3,3
2021-04-12 15:10:52.812,16852,16853,16853,3,3
2021-04-12 15:10:55.924,16853,16854,16854,1,1
2021-04-12 15:10:56.774,16853,16854,16854,2,2
2021-04-12 15:10:56.775,16853,16854,16854,4,4
2021-04-12 15:10:56.942,16854,16855,16854,1,-1
2021-04-12 15:10:57.317,16853,16855,16853,1,-1
2021-04-12 15:10:57.622,16853,16854,16854,1,1
2021-04-12 15:10:57.622,16853,16854,16855,2,2
2021-04-12 15:10:59.690,16853,16854,16854,1,1
2021-04-12 15:11:00.130,16853,16855,16854,1,-1
2021-04-12 15:11:00.951,16853,16855,16854,1,-1
2021-04-12 15:11:03.732,16854,16855,16854,1,-1
2021-04-12 15:11:03.733,16854,16855,16854,1,-1
2021-04-12 15:11:03.865,16853,16854,16853,1,-1
2021-04-12 15:11:03.865,16853,16854,16853,1,-1
2021-04-12 15:11:04.112,16851,16853,16853,2,2
2021-04-12 15:11:04.112,16851,16853,16854,4,4
2021-04-12 15:11:04.316,16852,16854,16854,1,1
2021-04-12 15:11:04.889,16852,16853,16853,1,1
2021-04-12 15:11:05.145,16851,16853,16853,3,3
2021-04-12 15:11:05.378,16852,16854,16854,3,3
2021-04-12 15:11:17.541,16853,16854,16853,1,-1
2021-04-12 15:11:17.542,16853,16854,16853,1,-1
2021-04-12 15:11:17.542,16853,16854,16853,4,-4
2021-04-12 15:11:17.542,16853,16854,16853,7,-7
2021-04-12 15:11:17.543,16853,16854,16853,1,-1
2021-04-12 15:11:17.559,16853,16854,16851,1,-1
2021-04-12 15:11:19.683,16851,16853,16853,2,2
2021-04-12 15:11:21.278,16851,16852,16852,1,1
2021-04-12 15:11:24.362,16851,16853,16853,1,1
2021-04-12 15:11:34.444,16851,16852,16852,1,1
2021-04-12 15:11:34.445,16851,16852,16852,1,1
2021-04-12 15:11:36.298,16851,16853,16852,1,-1
2021-04-12 15:11:36.385,16852,16853,16853,1,1
2021-04-12 15:11:38.362,16852,16853,16852,1,-1
2021-04-12 15:11:39.921,16852,16853,16852,2,-2
2021-04-12 15:11:41.322,16851,16853,16853,1,1
2021-04-12 15:11:44.000,16851,16852,16852,1,1
2021-04-12 15:11:51.206,16851,16852,16852,1,1
2021-04-12 15:11:53.450,16851,16853,16852,1,-1
2021-04-12 15:11:54.293,16851,16852,16852,1,1
2021-04-12 15:11:56.512,16851,16852,16851,16,-16
2021-04-12 15:11:59.056,16850,16851,16851,2,2
2021-04-12 15:11:59.058,16850,16851,16852,1,1
2021-04-12 15:12:04.072,16851,16852,16852,1,1
2021-04-12 15:12:04.072,16851,16852,16852,1,1
2021-04-12 15:12:05.117,16851,16852,16852,1,1
2021-04-12 15:12:09.231,16852,16853,16853,2,2
2021-04-12 15:12:09.231,16852,16853,16853,2,2
2021-04-12 15:12:09.857,16852,16853,16853,1,1
2021-04-12 15:12:10.881,16853,16854,16853,1,-1
2021-04-12 15:12:13.193,16853,16854,16853,3,-3
2021-04-12 15:12:13.577,16852,16853,16853,2,2
2021-04-12 15:12:14.792,16852,16853,16853,1,1
2021-04-12 15:12:16.564,16852,16853,16852,1,-1
2021-04-12 15:12:19.444,16852,16853,16852,8,-8
2021-04-12 15:12:32.790,16851,16852,16852,1,1
2021-04-12 15:12:38.253,16851,16852,16852,4,4
2021-04-12 15:12:40.200,16851,16852,16851,2,-2
2021-04-12 15:12:41.820,16850,16852,16850,4,-4
2021-04-12 15:12:42.028,16850,16851,16850,2,-2
2021-04-12 15:12:45.692,16851,16852,16852,1,1
2021-04-12 15:12:51.065,16850,16851,16850,1,-1
2021-04-12 15:12:51.211,16850,16851,16851,1,1
2021-04-12 15:13:07.697,16850,16851,16850,4,-4
2021-04-12 15:13:08.065,16849,16850,16849,1,-1
2021-04-12 15:13:08.065,16849,16850,16849,1,-1
2021-04-12 15:13:08.717,16848,16850,16850,1,1
2021-04-12 15:13:10.041,16848,16850,16849,1,-1
2021-04-12 15:13:17.989,16848,16849,16849,1,1
2021-04-12 15:13:19.400,16849,16850,16850,2,2
2021-04-12 15:13:20.452,16849,16850,16849,2,-2
2021-04-12 15:13:24.897,16849,16850,16849,1,-1
2021-04-12 15:13:26.301,16848,16850,16850,2,2
2021-04-12 15:13:35.413,16848,16849,16849,1,1
2021-04-12 15:13:37.107,16849,16850,16850,1,1
2021-04-12 15:13:42.135,16849,16850,16849,1,-1
2021-04-12 15:13:46.149,16849,16850,16849,1,-1
2021-04-12 15:13:46.445,16849,16850,16850,4,4
2021-04-12 15:13:47.660,16850,16851,16851,2,2
2021-04-12 15:13:47.661,16850,16851,16851,2,2
2021-04-12 15:13:47.714,16850,16851,16852,1,1
2021-04-12 15:13:48.039,16851,16852,16852,1,1
2021-04-12 15:13:50.517,16851,16852,16852,1,1
2021-04-12 15:13:59.291,16851,16852,16852,1,1
2021-04-12 15:13:59.438,16851,16852,16851,5,-5
2021-04-12 15:14:02.511,16851,16852,16852,1,1
2021-04-12 15:14:03.738,16851,16852,16852,1,1
2021-04-12 15:14:05.092,16851,16852,16852,1,1
2021-04-12 15:14:06.193,16851,16852,16852,1,1
2021-04-12 15:14:12.527,16851,16852,16851,1,-1
2021-04-12 15:14:19.991,16851,16852,16851,1,-1
2021-04-12 15:14:30.664,16851,16852,16851,3,-3
2021-04-12 15:14:34.208,16851,16852,16851,1,-1
2021-04-12 15:14:41.577,16850,16851,16850,1,-1
2021-04-12 15:14:44.623,16850,16851,16850,5,-5
2021-04-12 15:14:44.624,16850,16851,16850,1,-1
2021-04-12 15:14:44.624,16850,16851,16850,1,-1
2021-04-12 15:14:44.624,16850,16851,16850,1,-1
2021-04-12 15:14:44.624,16850,16851,16850,2,-2
2021-04-12 15:14:44.625,16850,16851,16850,39,-39
2021-04-12 15:14:44.625,16850,16851,16850,1,-1
2021-04-12 15:14:44.625,16850,16851,16850,1,-1
2021-04-12 15:14:44.625,16850,16851,16850,37,-37
2021-04-12 15:14:44.626,16850,16851,16850,1,-1
2021-04-12 15:14:44.626,16850,16851,16850,1,-1
2021-04-12 15:14:44.626,16850,16851,16850,1,-1
2021-04-12 15:14:44.626,16850,16851,16850,1,-1
2021-04-12 15:14:44.626,16850,16851,16850,4,-4
2021-04-12 15:14:54.022,16849,16851,16849,1,-1
2021-04-12 15:14:58.008,16848,16849,16849,1,1
2021-04-12 15:15:00.352,16849,16850,16850,1,1
2021-04-12 15:15:00.500,16849,16850,16849,1,-1
2021-04-12 15:15:00.529,16849,16850,16849,2,-2
2021-04-12 15:15:00.531,16849,16850,16849,4,-4
2021-04-12 15:15:00.531,16849,16850,16849,1,-1
2021-04-12 15:15:00.531,16849,16850,16849,1,-1
2021-04-12 15:15:00.556,16849,16850,16848,1,-1
2021-04-12 15:15:00.601,16849,16850,16848,4,-4
2021-04-12 15:15:00.609,16849,16850,16848,4,-4
2021-04-12 15:15:00.616,16849,16850,16848,1,-1
2021-04-12 15:15:00.616,16849,16850,16847,5,-5
2021-04-12 15:15:00.701,16847,16849,16847,6,-6
2021-04-12 15:15:00.823,16847,16848,16847,1,-1
2021-04-12 15:15:01.044,16847,16848,16847,1,-1
2021-04-12 15:15:01.135,16847,16848,16848,1,1
2021-04-12 15:15:01.137,16847,16848,16849,1,1
2021-04-12 15:15:10.570,16847,16849,16849,10,10
2021-04-12 15:15:14.925,16847,16848,16848,1,1
2021-04-12 15:15:14.925,16847,16848,16849,1,1
2021-04-12 15:15:15.010,16847,16849,16849,1,1
2021-04-12 15:15:27.084,16847,16849,16849,14,14
2021-04-12 15:15:33.039,16848,16849,16849,1,1
2021-04-12 15:15:33.135,16848,16849,16849,1,1
2021-04-12 15:15:33.136,16848,16849,16849,1,1
2021-04-12 15:15:33.137,16848,16849,16849,1,1
2021-04-12 15:15:33.137,16848,16849,16849,13,13
2021-04-12 15:15:40.082,16849,16850,16850,1,1
2021-04-12 15:15:40.083,16849,16850,16850,4,4
2021-04-12 15:15:45.676,16850,16851,16850,1,-1
2021-04-12 15:15:45.760,16850,16851,16851,1,1
2021-04-12 15:15:45.760,16850,16851,16851,1,1
2021-04-12 15:15:49.408,16850,16851,16851,7,7
2021-04-12 15:15:49.508,16851,16852,16852,7,7
2021-04-12 15:15:57.906,16851,16852,16852,2,2
2021-04-12 15:15:58.010,16852,16853,16853,1,1
2021-04-12 15:15:58.010,16852,16853,16853,1,1
2021-04-12 15:15:58.010,16852,16853,16853,1,1
2021-04-12 15:15:58.010,16852,16853,16853,1,1
2021-04-12 15:15:58.010,16852,16853,16853,1,1
2021-04-12 15:15:58.010,16852,16853,16853,1,1
2021-04-12 15:15:58.010,16852,16853,16853,6,6
2021-04-12 15:15:58.010,16852,16853,16854,1,1
2021-04-12 15:15:58.011,16852,16853,16854,1,1
2021-04-12 15:15:58.011,16852,16853,16854,1,1
2021-04-12 15:15:58.011,16852,16853,16854,1,1
2021-04-12 15:15:58.011,16852,16853,16854,1,1
2021-04-12 15:15:58.011,16852,16853,16854,1,1
2021-04-12 15:15:58.012,16852,16853,16854,1,1
2021-04-12 15:15:58.012,16852,16853,16853,1,1
2021-04-12 15:15:58.408,16853,16854,16854,1,1
2021-04-12 15:16:01.342,16853,16854,16853,1,-1
2021-04-12 15:16:01.343,16853,16854,16853,1,-1
2021-04-12 15:16:01.388,16852,16853,16853,1,1
2021-04-12 15:16:01.388,16852,16853,16853,1,1
2021-04-12 15:16:01.389,16852,16853,16853,1,1
2021-04-12 15:16:03.026,16853,16854,16853,1,-1
2021-04-12 15:16:03.134,16851,16853,16853,1,1
2021-04-12 15:16:03.136,16851,16853,16853,1,1
2021-04-12 15:16:04.821,16851,16853,16853,1,1
2021-04-12 15:16:06.670,16851,16853,16853,1,1
2021-04-12 15:16:07.205,16851,16853,16853,1,1
2021-04-12 15:16:07.260,16851,16853,16853,1,1
2021-04-12 15:16:07.260,16851,16853,16853,1,1
2021-04-12 15:16:07.260,16851,16853,16853,1,1
2021-04-12 15:16:07.260,16851,16853,16853,1,1
2021-04-12 15:16:07.261,16851,16853,16853,1,1
2021-04-12 15:16:07.261,16851,16853,16853,1,1
2021-04-12 15:16:08.306,16851,16852,16852,2,2
2021-04-12 15:16:09.764,16851,16852,16852,1,1
2021-04-12 15:16:10.688,16851,16852,16851,5,-5
2021-04-12 15:16:13.995,16850,16852,16852,1,1
2021-04-12 15:16:16.208,16850,16852,16850,4,-4
2021-04-12 15:16:16.285,16849,16851,16851,1,1
2021-04-12 15:16:26.373,16849,16851,16850,1,-1
2021-04-12 15:16:26.385,16849,16850,16850,1,1
2021-04-12 15:16:26.385,16849,16850,16851,1,1
2021-04-12 15:16:26.386,16849,16850,16851,1,1
2021-04-12 15:16:26.386,16849,16850,16851,1,1
2021-04-12 15:16:26.387,16849,16850,16852,1,1
2021-04-12 15:16:26.388,16849,16850,16852,1,1
2021-04-12 15:16:26.388,16849,16850,16852,1,1
2021-04-12 15:16:28.293,16851,16852,16852,1,1
2021-04-12 15:16:28.385,16851,16853,16853,1,1
2021-04-12 15:16:28.385,16851,16853,16853,1,1
2021-04-12 15:16:31.133,16852,16853,16852,1,-1
2021-04-12 15:16:31.211,16852,16853,16853,1,1
2021-04-12 15:16:34.641,16851,16852,16852,3,3
2021-04-12 15:16:34.641,16851,16852,16853,2,2
2021-04-12 15:16:37.031,16851,16853,16853,6,6
2021-04-12 15:16:37.994,16851,16853,16853,2,2
2021-04-12 15:16:37.995,16851,16853,16853,2,2
2021-04-12 15:16:37.995,16851,16853,16853,2,2
2021-04-12 15:16:39.456,16851,16853,16853,1,1
2021-04-12 15:16:39.510,16851,16854,16854,1,1
2021-04-12 15:16:39.510,16851,16854,16854,1,1
2021-04-12 15:16:39.510,16851,16854,16854,1,1
2021-04-12 15:16:39.511,16851,16854,16854,1,1
2021-04-12 15:16:39.511,16851,16854,16854,1,1
2021-04-12 15:16:40.954,16851,16854,16852,1,-1
2021-04-12 15:16:46.718,16852,16854,16854,1,1
2021-04-12 15:16:59.887,16852,16853,16853,9,9
2021-04-12 15:17:00.254,16853,16854,16853,1,-1
2021-04-12 15:17:00.768,16853,16854,16853,1,-1
2021-04-12 15:17:02.971,16853,16854,16853,2,-2
2021-04-12 15:17:03.890,16852,16854,16854,3,3
2021-04-12 15:17:14.393,16852,16853,16852,1,-1
2021-04-12 15:17:17.777,16852,16853,16853,1,1
2021-04-12 15:17:22.528,16852,16853,16853,1,1
2021-04-12 15:17:28.994,16852,16853,16853,1,1
2021-04-12 15:17:34.008,16852,16853,16852,2,-2
2021-04-12 15:17:50.024,16852,16853,16852,1,-1
2021-04-12 15:17:51.735,16852,16853,16852,1,-1
2021-04-12 15:17:51.736,16852,16853,16852,1,-1
2021-04-12 15:18:12.724,16851,16852,16852,1,1
2021-04-12 15:18:13.131,16851,16852,16852,2,2
2021-04-12 15:18:14.882,16851,16852,16852,4,4
2021-04-12 15:18:30.039,16852,16853,16852,1,-1
2021-04-12 15:18:33.269,16852,16853,16852,2,-2
2021-04-12 15:18:35.355,16852,16853,16852,1,-1
2021-04-12 15:18:38.470,16851,16852,16852,1,1
2021-04-12 15:18:50.130,16851,16852,16852,1,1
2021-04-12 15:18:54.213,16852,16853,16852,1,-1
2021-04-12 15:19:26.465,16851,16852,16852,1,1
2021-04-12 15:19:33.883,16851,16852,16851,3,-3
2021-04-12 15:19:34.266,16850,16851,16851,1,1
2021-04-12 15:19:43.189,16850,16851,16851,1,1
2021-04-12 15:19:46.091,16850,16851,16851,1,1
2021-04-12 15:19:53.301,16850,16851,16851,1,1
2021-04-12 15:19:55.165,16851,16852,16851,2,-2
2021-04-12 15:19:58.396,16850,16851,16851,1,1
2021-04-12 15:20:00.884,16850,16851,16850,9,-9
2021-04-12 15:20:01.632,16849,16850,16850,1,1
2021-04-12 15:20:02.421,16849,16850,16849,2,-2
2021-04-12 15:20:05.597,16849,16850,16849,1,-1
2021-04-12 15:20:07.739,16848,16849,16849,1,1
2021-04-12 15:20:07.739,16848,16849,16850,1,1
2021-04-12 15:20:09.303,16848,16849,16849,1,1
2021-04-12 15:20:13.880,16848,16849,16848,4,-4
2021-04-12 15:20:21.280,16847,16848,16848,1,1
2021-04-12 15:20:28.638,16847,16848,16848,1,1
2021-04-12 15:20:28.638,16847,16848,16848,1,1
2021-04-12 15:20:28.638,16847,16848,16848,1,1
2021-04-12 15:20:28.638,16847,16848,16848,1,1
2021-04-12 15:20:28.638,16847,16848,16848,2,2
2021-04-12 15:20:29.133,16848,16849,16848,1,-1
2021-04-12 15:20:29.227,16848,16849,16848,1,-1
2021-04-12 15:20:29.258,16848,16849,16848,3,-3
2021-04-12 15:20:30.761,16848,16849,16848,1,-1
2021-04-12 15:20:41.072,16848,16849,16848,1,-1
2021-04-12 15:20:47.154,16848,16849,16848,1,-1
2021-04-12 15:20:57.340,16848,16849,16848,3,-3
2021-04-12 15:20:57.341,16848,16849,16848,1,-1
2021-04-12 15:20:57.748,16848,16849,16848,3,-3
2021-04-12 15:20:57.748,16848,16849,16848,1,-1
2021-04-12 15:20:58.097,16848,16849,16848,3,-3
2021-04-12 15:20:58.098,16848,16849,16848,1,-1
2021-04-12 15:20:59.097,16847,16848,16848,1,1
2021-04-12 15:20:59.285,16847,16848,16847,4,-4
2021-04-12 15:21:01.201,16847,16848,16847,4,-4
2021-04-12 15:21:02.499,16847,16848,16847,4,-4
2021-04-12 15:21:04.181,16847,16848,16847,2,-2
2021-04-12 15:21:07.342,16847,16848,16847,3,-3
2021-04-12 15:21:07.692,16847,16848,16847,3,-3
2021-04-12 15:21:08.198,16847,16848,16847,2,-2
2021-04-12 15:21:09.491,16846,16847,16846,3,-3
2021-04-12 15:21:09.684,16846,16847,16846,1,-1
2021-04-12 15:21:10.212,16846,16847,16846,1,-1
2021-04-12 15:21:11.386,16846,16847,16846,2,-2
2021-04-12 15:21:11.386,16846,16847,16845,8,-8
2021-04-12 15:21:11.608,16845,16847,16845,1,-1
2021-04-12 15:21:13.194,16845,16847,16845,4,-4
2021-04-12 15:21:13.874,16845,16846,16845,1,-1
2021-04-12 15:21:14.549,16845,16846,16845,1,-1
2021-04-12 15:21:14.549,16845,16846,16845,3,-3
2021-04-12 15:21:18.485,16843,16845,16845,1,1
2021-04-12 15:21:18.502,16843,16845,16845,1,1
2021-04-12 15:21:20.348,16844,16845,16845,1,1
2021-04-12 15:21:22.581,16845,16846,16845,1,-1
2021-04-12 15:21:25.554,16845,16846,16845,1,-1
2021-04-12 15:21:28.669,16845,16846,16845,1,-1
2021-04-12 15:21:33.212,16844,16845,16845,1,1
2021-04-12 15:21:33.212,16844,16845,16845,4,4
2021-04-12 15:21:33.763,16845,16846,16845,1,-1
2021-04-12 15:21:33.976,16844,16846,16845,1,-1
2021-04-12 15:21:34.300,16844,16845,16844,3,-3
2021-04-12 15:21:35.541,16844,16845,16844,2,-2
2021-04-12 15:21:38.256,16844,16845,16845,3,3
2021-04-12 15:21:40.994,16846,16847,16846,1,1
2021-04-12 15:21:47.883,16846,16847,16846,1,-1
2021-04-12 15:21:51.055,16845,16846,16845,1,-1
2021-04-12 15:21:53.309,16845,16846,16845,3,-3
2021-04-12 15:21:58.589,16844,16845,16844,3,-3
2021-04-12 15:22:00.719,16844,16845,16844,3,-3
2021-04-12 15:22:02.508,16843,16844,16843,17,-17
2021-04-12 15:22:03.032,16842,16843,16843,2,2
2021-04-12 15:22:15.536,16843,16844,16843,2,-2
2021-04-12 15:22:18.042,16843,16844,16844,1,1
2021-04-12 15:22:18.128,16843,16844,16843,1,-1
2021-04-12 15:22:20.929,16843,16845,16843,1,-1
2021-04-12 15:22:21.838,16843,16844,16843,2,-2
2021-04-12 15:22:23.136,16842,16843,16843,1,1
2021-04-12 15:22:24.822,16843,16844,16843,2,-2
2021-04-12 15:22:24.823,16843,16844,16843,1,-1
2021-04-12 15:22:25.219,16843,16844,16843,1,-1
2021-04-12 15:22:27.925,16842,16843,16842,3,-3
2021-04-12 15:22:27.925,16842,16843,16842,2,-2
2021-04-12 15:22:28.225,16841,16843,16841,1,-1
2021-04-12 15:22:28.295,16841,16843,16841,3,-3
2021-04-12 15:22:28.501,16841,16843,16841,1,-1
2021-04-12 15:22:29.123,16841,16843,16841,3,-3
2021-04-12 15:22:30.168,16841,16843,16843,1,1
2021-04-12 15:22:33.091,16841,16843,16841,2,-2
2021-04-12 15:22:33.178,16841,16842,16841,3,-3
2021-04-12 15:22:33.249,16841,16842,16842,1,1
2021-04-12 15:22:44.556,16842,16843,16842,3,-3
2021-04-12 15:23:01.031,16842,16843,16842,2,-2
2021-04-12 15:23:01.542,16842,16843,16842,1,-1
2021-04-12 15:23:01.542,16842,16843,16842,1,-1
2021-04-12 15:23:01.542,16842,16843,16842,1,-1
2021-04-12 15:23:01.543,16842,16843,16842,1,-1
2021-04-12 15:23:02.996,16841,16842,16841,1,-1
2021-04-12 15:23:04.596,16841,16842,16841,1,-1
2021-04-12 15:23:04.893,16841,16842,16842,1,1
2021-04-12 15:23:05.708,16841,16842,16842,1,1
2021-04-12 15:23:09.140,16841,16842,16842,1,1
2021-04-12 15:23:09.140,16841,16842,16843,3,3
2021-04-12 15:23:11.557,16841,16842,16841,3,-3
2021-04-12 15:23:11.557,16841,16842,16841,1,-1
2021-04-12 15:23:11.557,16841,16842,16841,1,-1
2021-04-12 15:23:11.557,16841,16842,16841,3,-3
2021-04-12 15:23:11.558,16841,16842,16841,1,-1
2021-04-12 15:23:11.558,16841,16842,16841,2,-2
2021-04-12 15:23:15.736,16840,16841,16841,1,1
2021-04-12 15:23:18.676,16840,16841,16840,1,-1
2021-04-12 15:23:23.144,16840,16841,16840,1,-1
2021-04-12 15:23:26.312,16840,16841,16841,1,1
2021-04-12 15:23:29.242,16841,16842,16841,1,-1
2021-04-12 15:23:29.242,16841,16842,16840,1,-1
2021-04-12 15:23:35.790,16841,16842,16841,1,1
2021-04-12 15:23:44.643,16841,16842,16841,1,-1
2021-04-12 15:23:46.409,16840,16842,16842,1,1
2021-04-12 15:23:48.047,16841,16842,16842,1,1
2021-04-12 15:23:48.047,16841,16842,16842,2,2
2021-04-12 15:23:53.469,16842,16843,16843,2,2
2021-04-12 15:23:55.621,16843,16844,16844,1,1
2021-04-12 15:23:58.849,16842,16844,16844,1,1
2021-04-12 15:24:01.225,16843,16845,16843,1,-1
2021-04-12 15:24:02.136,16843,16844,16843,1,-1
2021-04-12 15:24:02.329,16842,16844,16843,1,-1
2021-04-12 15:24:07.739,16843,16844,16843,1,-1
2021-04-12 15:24:07.875,16842,16843,16843,1,1
2021-04-12 15:24:08.139,16842,16844,16842,3,-3
2021-04-12 15:24:11.191,16841,16843,16841,1,-1
2021-04-12 15:24:18.835,16841,16842,16841,1,-1
2021-04-12 15:24:24.130,16841,16842,16841,1,-1
2021-04-12 15:24:28.280,16841,16842,16842,1,1
2021-04-12 15:24:28.280,16841,16842,16842,1,1
2021-04-12 15:24:28.280,16841,16842,16842,8,8
2021-04-12 15:24:34.029,16842,16844,16842,7,-7
2021-04-12 15:24:37.662,16841,16842,16842,1,1
2021-04-12 15:24:37.663,16841,16842,16842,2,2
2021-04-12 15:24:37.663,16841,16842,16842,1,1
2021-04-12 15:24:46.882,16842,16843,16843,1,1
2021-04-12 15:25:03.727,16842,16843,16842,1,-1
2021-04-12 15:25:04.229,16841,16843,16841,1,-1
2021-04-12 15:25:08.219,16841,16842,16841,2,-2
2021-04-12 15:25:08.615,16841,16842,16842,1,1
2021-04-12 15:25:38.846,16841,16842,16841,1,-1
2021-04-12 15:25:42.491,16841,16842,16841,1,-1
2021-04-12 15:25:42.852,16841,16842,16841,2,-2
2021-04-12 15:25:44.400,16841,16842,16842,1,1
2021-04-12 15:25:59.864,16841,16843,16841,2,-2
2021-04-12 15:26:08.987,16841,16842,16842,1,1
2021-04-12 15:26:13.451,16842,16843,16842,1,-1
2021-04-12 15:26:14.452,16842,16843,16842,1,-1
2021-04-12 15:26:16.462,16841,16843,16841,1,-1
2021-04-12 15:26:16.479,16841,16843,16841,1,-1
2021-04-12 15:26:16.484,16841,16843,16841,1,-1
2021-04-12 15:26:16.490,16841,16843,16841,1,-1
2021-04-12 15:26:16.577,16841,16843,16841,1,-1
2021-04-12 15:26:16.721,16841,16843,16841,1,-1
2021-04-12 15:26:16.805,16841,16843,16841,1,-1
2021-04-12 15:26:16.885,16841,16843,16841,1,-1
2021-04-12 15:26:16.931,16841,16843,16841,1,-1
2021-04-12 15:26:17.113,16841,16843,16841,1,-1
2021-04-12 15:26:17.905,16841,16842,16842,1,1
2021-04-12 15:26:18.340,16841,16842,16841,1,-1
2021-04-12 15:26:18.593,16841,16842,16842,1,1
2021-04-12 15:26:18.902,16841,16842,16841,1,-1
2021-04-12 15:26:19.276,16841,16842,16841,1,-1
2021-04-12 15:26:21.071,16841,16843,16841,1,-1
2021-04-12 15:26:21.452,16841,16843,16841,1,-1
2021-04-12 15:26:21.554,16841,16843,16841,1,-1
2021-04-12 15:26:21.582,16841,16843,16843,1,1
2021-04-12 15:26:21.902,16841,16843,16843,1,1
2021-04-12 15:26:22.209,16842,16844,16844,1,1
2021-04-12 15:26:22.334,16842,16844,16844,1,1
2021-04-12 15:26:22.354,16842,16844,16842,1,-1
2021-04-12 15:26:22.656,16842,16844,16844,1,1
2021-04-12 15:26:22.805,16842,16844,16844,1,1
2021-04-12 15:26:23.018,16842,16844,16842,1,-1
2021-04-12 15:26:23.165,16842,16844,16844,1,1
2021-04-12 15:26:26.190,16842,16844,16844,1,1
2021-04-12 15:26:30.612,16842,16844,16842,1,-1
2021-04-12 15:26:35.059,16842,16844,16842,2,-2
2021-04-12 15:26:36.693,16842,16844,16844,1,1
2021-04-12 15:26:41.508,16842,16843,16842,3,-3
2021-04-12 15:26:43.772,16841,16842,16841,1,-1
2021-04-12 15:26:50.770,16840,16841,16840,1,-1
2021-04-12 15:26:50.771,16840,16841,16840,3,-3
2021-04-12 15:26:50.771,16840,16841,16840,9,-9
2021-04-12 15:26:50.771,16840,16841,16840,1,-1
2021-04-12 15:26:50.771,16840,16841,16840,1,-1
2021-04-12 15:26:50.771,16840,16841,16840,11,-11
2021-04-12 15:26:50.884,16839,16840,16839,6,-6
2021-04-12 15:27:00.422,16839,16840,16839,1,-1
2021-04-12 15:27:02.403,16838,16839,16838,1,-1
2021-04-12 15:27:02.403,16838,16839,16838,4,-4
2021-04-12 15:27:02.403,16838,16839,16838,1,-1
2021-04-12 15:27:04.234,16837,16839,16837,1,-1
2021-04-12 15:27:12.897,16836,16837,16837,1,1
2021-04-12 15:27:16.820,16837,16838,16838,1,1
2021-04-12 15:27:17.456,16837,16839,16837,1,-1
2021-04-12 15:27:18.863,16837,16839,16837,2,-2
2021-04-12 15:27:18.911,16837,16839,16837,1,-1
2021-04-12 15:27:26.313,16838,16839,16839,1,1
2021-04-12 15:27:27.455,16837,16838,16838,1,1
2021-04-12 15:27:34.387,16838,16839,16839,9,9
2021-04-12 15:27:38.918,16839,16840,16840,1,1
2021-04-12 15:27:55.703,16839,16840,16840,1,1
2021-04-12 15:27:58.348,16839,16840,16840,2,2
2021-04-12 15:27:58.348,16839,16840,16841,1,1
2021-04-12 15:28:04.713,16840,16841,16841,1,1
2021-04-12 15:28:13.965,16840,16841,16841,1,1
2021-04-12 15:28:15.456,16840,16841,16841,1,1
2021-04-12 15:28:24.416,16841,16842,16841,1,-1
2021-04-12 15:28:24.416,16841,16842,16841,5,-5
2021-04-12 15:28:28.887,16841,16842,16842,1,1
2021-04-12 15:28:33.092,16842,16843,16842,1,-1
2021-04-12 15:28:48.377,16841,16842,16842,1,1
2021-04-12 15:28:57.358,16841,16842,16841,1,-1
2021-04-12 15:29:20.720,16841,16842,16841,2,-2
2021-04-12 15:29:26.445,16841,16842,16841,1,-1
2021-04-12 15:29:32.091,16841,16842,16841,1,-1
2021-04-12 15:29:37.429,16841,16842,16842,2,2
2021-04-12 15:29:53.468,16840,16842,16840,13,-13
2021-04-12 15:29:53.470,16840,16842,16840,4,-4
2021-04-12 15:29:53.509,16840,16842,16840,2,-2
2021-04-12 15:30:11.443,16839,16840,16839,9,-9
2021-04-12 15:30:11.443,16839,16840,16839,2,-2
2021-04-12 15:30:11.734,16838,16840,16840,1,1
2021-04-12 15:30:11.735,16838,16840,16840,4,4
2021-04-12 15:30:11.744,16838,16840,16840,1,1
2021-04-12 15:30:12.439,16838,16840,16840,1,1
2021-04-12 15:30:12.510,16838,16840,16840,1,1
2021-04-12 15:30:16.755,16838,16840,16839,1,-1
2021-04-12 15:30:31.227,16838,16839,16839,1,1
2021-04-12 15:30:31.258,16839,16840,16839,2,-2
2021-04-12 15:30:31.260,16839,16840,16840,1,1
2021-04-12 15:30:31.261,16839,16840,16840,1,1
2021-04-12 15:30:31.304,16839,16840,16839,1,-1
2021-04-12 15:30:42.145,16839,16841,16839,1,-1
2021-04-12 15:30:42.260,16839,16841,16841,1,1
2021-04-12 15:30:42.741,16840,16841,16841,1,1
2021-04-12 15:30:54.756,16841,16842,16842,1,1
2021-04-12 15:30:54.756,16841,16842,16842,1,1
2021-04-12 15:30:54.761,16842,16843,16843,1,1
2021-04-12 15:30:54.830,16842,16843,16842,1,-1
2021-04-12 15:31:06.679,16842,16843,16842,1,-1
2021-04-12 15:31:19.150,16842,16843,16843,2,2
2021-04-12 15:31:22.844,16842,16843,16843,4,4
2021-04-12 15:31:22.844,16842,16843,16844,6,6
2021-04-12 15:31:26.778,16843,16844,16844,1,1
2021-04-12 15:31:31.709,16844,16845,16844,1,-1
2021-04-12 15:31:33.238,16843,16845,16844,2,-2
2021-04-12 15:31:35.349,16844,16845,16845,2,2
2021-04-12 15:31:37.267,16844,16845,16845,5,5
2021-04-12 15:31:37.268,16844,16845,16845,1,1
2021-04-12 15:31:47.346,16845,16846,16845,1,-1
2021-04-12 15:31:47.346,16845,16846,16845,2,-2
2021-04-12 15:31:57.343,16844,16845,16845,2,2
2021-04-12 15:32:02.968,16844,16845,16845,1,1
2021-04-12 15:32:07.580,16844,16845,16845,3,3
2021-04-12 15:32:09.137,16845,16846,16845,1,-1
2021-04-12 15:32:09.379,16845,16846,16845,1,-1
2021-04-12 15:32:13.908,16845,16846,16845,1,-1
2021-04-12 15:32:17.829,16845,16846,16845,1,-1
2021-04-12 15:32:21.516,16845,16846,16845,1,-1
2021-04-12 15:32:23.175,16845,16846,16845,1,-1
2021-04-12 15:32:36.333,16844,16846,16846,1,1
2021-04-12 15:32:36.520,16844,16846,16846,4,4
2021-04-12 15:32:37.299,16844,16846,16846,1,1
2021-04-12 15:32:38.548,16845,16846,16846,1,1
2021-04-12 15:32:39.676,16846,16847,16847,2,2
2021-04-12 15:32:39.676,16846,16847,16847,7,7
2021-04-12 15:32:40.562,16846,16848,16846,1,-1
2021-04-12 15:32:44.519,16846,16848,16848,2,2
2021-04-12 15:32:50.363,16846,16847,16847,1,1
2021-04-12 15:32:58.534,16846,16847,16847,1,1
2021-04-12 15:33:03.111,16846,16847,16847,2,2
2021-04-12 15:33:03.428,16846,16847,16847,1,1
2021-04-12 15:33:03.440,16846,16847,16847,1,1
2021-04-12 15:33:03.440,16846,16847,16848,5,5
2021-04-12 15:33:03.904,16847,16848,16848,1,1
2021-04-12 15:33:04.453,16847,16848,16848,2,2
2021-04-12 15:33:04.453,16847,16848,16849,1,1
2021-04-12 15:33:14.061,16847,16849,16849,1,1
2021-04-12 15:33:19.759,16847,16848,16848,1,1
2021-04-12 15:33:39.584,16847,16848,16847,1,-1
2021-04-12 15:33:39.633,16847,16848,16847,1,-1
2021-04-12 15:33:44.089,16847,16848,16848,3,3
2021-04-12 15:33:49.220,16847,16848,16847,1,-1
2021-04-12 15:33:53.633,16846,16847,16846,15,-15
2021-04-12 15:33:53.634,16846,16847,16846,1,-1
2021-04-12 15:33:53.634,16846,16847,16846,1,-1
2021-04-12 15:33:53.634,16846,16847,16846,4,-4
2021-04-12 15:33:53.634,16846,16847,16846,4,-4
2021-04-12 15:33:53.634,16846,16847,16846,1,-1
2021-04-12 15:33:53.634,16846,16847,16846,1,-1
2021-04-12 15:33:54.758,16845,16846,16845,2,-2
2021-04-12 15:34:14.226,16845,16846,16845,1,-1
2021-04-12 15:34:21.647,16846,16848,16846,9,9
2021-04-12 15:34:21.647,16846,16848,16845,1,-1
2021-04-12 15:34:28.831,16845,16847,16845,1,-1
2021-04-12 15:34:35.333,16846,16847,16846,1,1
2021-04-12 15:34:49.223,16846,16847,16847,3,3
2021-04-12 15:34:49.355,16846,16848,16846,1,-1
2021-04-12 15:34:49.426,16846,16848,16846,1,-1
2021-04-12 15:34:57.949,16846,16847,16847,1,1
2021-04-12 15:35:02.076,16847,16848,16847,1,-1
2021-04-12 15:35:10.008,16847,16848,16847,2,-2
2021-04-12 15:35:10.720,16847,16848,16848,2,2
2021-04-12 15:35:13.970,16846,16848,16846,1,-1
2021-04-12 15:35:23.880,16847,16848,16848,1,1
2021-04-12 15:35:23.881,16847,16848,16848,1,1
2021-04-12 15:35:50.900,16848,16849,16848,1,-1
2021-04-12 15:35:53.585,16848,16849,16848,2,-2
2021-04-12 15:35:54.984,16847,16849,16849,13,13
2021-04-12 15:36:04.431,16847,16849,16849,2,2
2021-04-12 15:36:04.839,16847,16849,16849,1,1
2021-04-12 15:36:04.888,16847,16850,16850,1,1
2021-04-12 15:36:11.945,16849,16850,16850,1,1
2021-04-12 15:36:15.254,16849,16850,16850,2,2
2021-04-12 15:36:18.948,16849,16850,16850,2,2
2021-04-12 15:36:24.137,16849,16850,16850,1,1
2021-04-12 15:36:42.194,16849,16850,16850,1,1
2021-04-12 15:36:48.230,16850,16851,16850,1,-1
2021-04-12 15:36:49.254,16850,16851,16850,1,-1
2021-04-12 15:36:50.357,16849,16850,16850,1,1
2021-04-12 15:37:03.337,16849,16850,16850,1,1
2021-04-12 15:37:06.497,16849,16851,16851,1,1
2021-04-12 15:37:06.547,16849,16851,16850,1,-1
2021-04-12 15:37:09.480,16849,16851,16851,1,1
2021-04-12 15:37:12.252,16849,16850,16849,1,-1
2021-04-12 15:37:15.666,16848,16850,16848,1,-1
2021-04-12 15:37:18.644,16848,16849,16848,1,-1
2021-04-12 15:37:25.207,16848,16849,16848,1,-1
2021-04-12 15:37:25.554,16848,16849,16849,1,1
2021-04-12 15:37:39.216,16848,16849,16848,1,-1
2021-04-12 15:37:39.216,16848,16849,16848,1,-1
2021-04-12 15:37:40.429,16847,16848,16847,1,-1
2021-04-12 15:38:02.008,16846,16847,16846,5,-5
2021-04-12 15:38:08.142,16845,16846,16845,3,-3
2021-04-12 15:38:22.292,16845,16846,16845,1,-1
2021-04-12 15:38:45.978,16845,16846,16845,1,-1
2021-04-12 15:38:46.339,16845,16846,16846,1,1
2021-04-12 15:38:50.498,16845,16846,16845,1,-1
2021-04-12 15:38:50.498,16845,16846,16845,1,-1
2021-04-12 15:38:50.498,16845,16846,16845,1,-1
2021-04-12 15:38:50.498,16845,16846,16845,1,-1
2021-04-12 15:38:58.290,16845,16846,16845,1,-1
2021-04-12 15:38:59.959,16844,16845,16844,1,-1
2021-04-12 15:39:02.988,16844,16845,16844,1,-1
2021-04-12 15:39:04.226,16843,16844,16844,1,1
2021-04-12 15:39:13.707,16844,16846,16844,1,-1
2021-04-12 15:39:26.816,16844,16845,16845,1,1
2021-04-12 15:39:32.745,16844,16845,16845,2,2
2021-04-12 15:39:57.996,16844,16845,16845,1,1
2021-04-12 15:40:15.611,16844,16845,16845,1,1
2021-04-12 15:40:15.612,16844,16845,16845,2,2
2021-04-12 15:40:30.227,16844,16845,16844,3,-3
2021-04-12 15:40:46.801,16844,16845,16844,1,-1
2021-04-12 15:41:05.837,16843,16844,16843,4,-4
2021-04-12 15:41:05.838,16843,16844,16843,1,-1
2021-04-12 15:41:05.838,16843,16844,16843,1,-1
2021-04-12 15:41:05.838,16843,16844,16843,3,-3
2021-04-12 15:41:23.026,16843,16844,16844,5,5
2021-04-12 15:41:40.228,16844,16845,16844,1,-1
2021-04-12 15:41:40.338,16844,16845,16844,1,-1
2021-04-12 15:42:15.007,16844,16845,16844,1,-1
2021-04-12 15:42:37.641,16844,16845,16844,4,-4
2021-04-12 15:42:55.394,16844,16845,16844,1,-1
2021-04-12 15:43:05.782,16844,16845,16845,6,6
2021-04-12 15:43:22.042,16845,16846,16846,3,3
2021-04-12 15:43:22.042,16845,16846,16847,7,7
2021-04-12 15:43:22.159,16846,16847,16847,1,1
2021-04-12 15:43:25.633,16846,16847,16847,1,1
2021-04-12 15:43:53.146,16846,16847,16846,1,-1
2021-04-12 15:44:08.739,16845,16846,16846,2,2
2021-04-12 15:44:09.464,16846,16847,16846,1,-1
2021-04-12 15:44:24.650,16845,16846,16845,2,-2
2021-04-12 15:44:24.650,16845,16846,16845,1,-1
2021-04-12 15:44:24.650,16845,16846,16845,3,-3
2021-04-12 15:44:24.650,16845,16846,16845,1,-1
2021-04-12 15:44:54.383,16844,16845,16844,1,-1
2021-04-12 15:45:13.889,16844,16845,16844,1,-1
2021-04-12 15:45:22.604,16843,16844,16843,1,-1
2021-04-12 15:45:22.797,16843,16844,16843,1,-1
2021-04-12 15:45:22.797,16843,16844,16843,1,-1
2021-04-12 15:45:50.985,16842,16843,16842,2,-2
2021-04-12 15:45:50.985,16842,16843,16842,2,-2
2021-04-12 15:46:09.475,16841,16842,16842,1,1
2021-04-12 15:46:09.475,16841,16842,16842,2,2
2021-04-12 15:46:09.734,16842,16843,16842,1,-1
2021-04-12 15:46:09.758,16842,16843,16842,2,-2
2021-04-12 15:46:09.967,16841,16843,16842,1,-1
2021-04-12 15:46:15.956,16842,16843,16842,1,-1
2021-04-12 15:46:25.197,16842,16843,16842,5,-5
2021-04-12 15:46:29.390,16841,16843,16841,1,-1
2021-04-12 15:46:38.155,16842,16843,16843,1,1
2021-04-12 15:46:38.155,16842,16843,16843,1,1
2021-04-12 15:46:38.155,16842,16843,16843,1,1
2021-04-12 15:46:38.156,16842,16843,16843,11,11
2021-04-12 15:47:17.758,16842,16843,16842,12,-12
2021-04-12 15:48:24.381,16842,16843,16842,1,-1
2021-04-12 15:48:24.428,16841,16842,16842,1,1
2021-04-12 15:48:24.653,16841,16843,16841,1,-1
2021-04-12 15:48:24.653,16841,16843,16841,1,-1
2021-04-12 15:48:30.360,16841,16842,16841,3,-3
2021-04-12 15:48:41.120,16841,16842,16841,3,-3
2021-04-12 15:48:44.257,16841,16842,16842,1,1
2021-04-12 15:48:44.323,16841,16842,16842,1,1
2021-04-12 15:48:44.323,16841,16842,16843,1,1
2021-04-12 15:48:51.089,16842,16843,16843,1,1
2021-04-12 15:48:58.788,16842,16843,16843,1,1
2021-04-12 15:49:09.523,16843,16844,16844,1,1
2021-04-12 15:49:10.215,16843,16844,16844,2,2
2021-04-12 15:49:17.594,16844,16845,16844,1,-1
2021-04-12 15:49:49.719,16844,16845,16845,5,5
2021-04-12 15:49:49.719,16844,16845,16845,1,1
2021-04-12 15:49:49.719,16844,16845,16845,1,1
2021-04-12 15:49:50.948,16844,16846,16844,1,-1
2021-04-12 15:50:21.145,16845,16846,16846,3,3
2021-04-12 15:50:34.498,16846,16847,16847,1,1
2021-04-12 15:50:34.498,16846,16847,16847,1,1
2021-04-12 15:50:34.498,16846,16847,16847,1,1
2021-04-12 15:50:34.498,16846,16847,16847,1,1
2021-04-12 15:50:34.499,16846,16847,16847,3,3
2021-04-12 15:50:34.499,16846,16847,16847,5,5
2021-04-12 15:50:38.627,16847,16848,16847,1,-1
2021-04-12 15:50:42.761,16847,16848,16848,1,1
2021-04-12 15:50:47.764,16847,16848,16848,4,4
2021-04-12 15:50:47.765,16847,16848,16848,2,2
2021-04-12 15:50:56.685,16848,16849,16848,1,-1
2021-04-12 15:51:00.328,16848,16849,16848,1,-1
2021-04-12 15:51:02.913,16847,16848,16848,1,1
2021-04-12 15:51:03.295,16847,16848,16848,1,1
2021-04-12 15:51:03.296,16847,16848,16848,1,1
2021-04-12 15:51:03.356,16847,16848,16849,1,1
2021-04-12 15:51:03.479,16847,16849,16849,2,2
2021-04-12 15:51:10.902,16847,16849,16849,1,1
2021-04-12 15:51:15.565,16847,16849,16849,1,1
2021-04-12 15:51:16.802,16847,16849,16849,5,5
2021-04-12 15:51:16.802,16847,16849,16849,1,1
2021-04-12 15:51:25.574,16847,16849,16848,1,-1
2021-04-12 15:51:35.056,16847,16848,16848,4,4
2021-04-12 15:51:39.990,16847,16848,16847,1,-1
2021-04-12 15:51:45.565,16847,16848,16848,2,2
2021-04-12 15:51:54.889,16847,16848,16848,1,1
2021-04-12 15:52:04.360,16847,16848,16847,2,-2
2021-04-12 15:52:04.360,16847,16848,16846,3,-3
2021-04-12 15:52:04.630,16846,16848,16848,1,1
2021-04-12 15:52:04.640,16846,16848,16848,1,1
2021-04-12 15:52:04.642,16846,16848,16848,1,1
2021-04-12 15:52:17.032,16847,16848,16847,1,-1
2021-04-12 15:52:17.033,16847,16848,16847,4,-4
2021-04-12 15:52:17.033,16847,16848,16847,1,-1
2021-04-12 15:52:17.033,16847,16848,16847,1,-1
2021-04-12 15:52:17.343,16846,16848,16847,1,-1
2021-04-12 15:52:33.678,16845,16846,16846,1,1
2021-04-12 15:52:33.678,16845,16846,16847,1,1
2021-04-12 15:53:09.594,16845,16846,16846,1,1
2021-04-12 15:53:09.594,16845,16846,16847,9,9
2021-04-12 15:53:21.939,16846,16847,16847,4,4
2021-04-12 15:54:22.226,16846,16847,16847,1,1
2021-04-12 15:54:22.479,16846,16847,16847,1,1
2021-04-12 15:54:22.490,16846,16847,16847,1,1
2021-04-12 15:54:22.491,16846,16847,16847,3,3
2021-04-12 15:54:22.504,16846,16847,16848,1,1
2021-04-12 15:54:22.522,16847,16848,16848,1,1
2021-04-12 15:54:22.522,16847,16848,16849,1,1
2021-04-12 15:54:22.538,16847,16848,16849,1,1
2021-04-12 15:54:29.235,16848,16849,16848,1,-1
2021-04-12 15:54:53.294,16848,16849,16848,1,-1
2021-04-12 15:55:10.844,16848,16849,16848,1,-1
2021-04-12 15:55:11.166,16848,16849,16849,1,1
2021-04-12 15:55:11.178,16848,16849,16849,1,1
2021-04-12 15:55:22.138,16848,16849,16849,1,1
2021-04-12 15:55:31.546,16848,16849,16848,1,-1
2021-04-12 15:55:40.844,16847,16848,16847,1,-1
2021-04-12 15:55:51.328,16846,16847,16847,1,1
2021-04-12 15:56:07.008,16846,16847,16846,4,-4
2021-04-12 15:56:08.528,16845,16847,16847,1,1
2021-04-12 15:56:21.235,16847,16848,16847,1,-1
2021-04-12 15:56:24.555,16847,16848,16847,1,-1
2021-04-12 15:56:27.324,16846,16848,16847,1,-1
2021-04-12 15:56:52.592,16847,16848,16847,1,-1
2021-04-12 15:56:53.990,16847,16848,16847,1,-1
2021-04-12 15:57:07.604,16846,16847,16846,1,-1
2021-04-12 15:57:07.605,16846,16847,16846,1,-1
2021-04-12 15:57:07.703,16845,16846,16845,1,-1
2021-04-12 15:57:07.808,16845,16846,16845,1,-1
2021-04-12 15:57:13.683,16845,16847,16846,1,1
2021-04-12 15:57:53.477,16846,16847,16846,1,-1
2021-04-12 15:58:01.555,16846,16847,16846,7,-7
2021-04-12 15:58:06.690,16845,16846,16845,1,-1
2021-04-12 15:58:06.690,16845,16846,16845,1,-1
2021-04-12 15:58:06.690,16845,16846,16845,1,-1
2021-04-12 15:58:06.759,16845,16846,16845,4,-4
2021-04-12 15:58:06.759,16845,16846,16845,1,-1
2021-04-12 15:58:06.759,16845,16846,16845,1,-1
2021-04-12 15:58:06.759,16845,16846,16845,1,-1
2021-04-12 15:58:06.759,16845,16846,16845,22,-22
2021-04-12 15:58:11.383,16844,16845,16844,1,-1
2021-04-12 15:58:33.737,16844,16846,16844,1,-1
2021-04-12 15:58:54.373,16844,16845,16845,1,1
2021-04-12 15:59:01.160,16844,16845,16844,1,-1
2021-04-12 15:59:03.558,16844,16845,16844,1,-1
2021-04-12 15:59:05.291,16844,16845,16845,1,1
2021-04-12 15:59:24.131,16845,16846,16845,1,-1
2021-04-12 15:59:24.132,16845,16846,16845,1,-1
2021-04-12 15:59:24.132,16845,16846,16845,1,-1
2021-04-12 15:59:24.132,16845,16846,16845,1,-1
2021-04-12 15:59:39.808,16845,16846,16846,2,2
2021-04-12 15:59:46.378,16846,16847,16847,2,2
2021-04-12 16:00:04.999,16847,16848,16848,7,7
2021-04-12 16:00:05.017,16847,16849,16849,1,1
2021-04-12 16:00:05.020,16847,16849,16849,1,1
2021-04-12 16:00:05.136,16848,16849,16849,1,1
2021-04-12 16:00:05.136,16848,16849,16849,1,1
2021-04-12 16:00:05.136,16848,16849,16849,1,1
2021-04-12 16:00:05.136,16848,16849,16850,1,1
2021-04-12 16:00:05.137,16848,16849,16850,1,1
2021-04-12 16:00:05.137,16848,16849,16850,1,1
2021-04-12 16:00:05.223,16848,16849,16850,1,1
2021-04-12 16:00:05.362,16848,16850,16850,1,1
2021-04-12 16:00:05.402,16848,16850,16850,1,1
2021-04-12 16:00:05.769,16847,16849,16849,2,2
2021-04-12 16:00:05.769,16847,16849,16850,3,3
2021-04-12 16:00:05.769,16847,16849,16850,5,5
2021-04-12 16:00:08.130,16848,16850,16850,1,1
2021-04-12 16:00:09.432,16848,16850,16848,1,-1
2021-04-12 16:00:09.511,16848,16850,16850,1,1
2021-04-12 16:00:09.511,16848,16850,16850,1,1
2021-04-12 16:00:12.327,16848,16850,16850,1,1
2021-04-12 16:00:12.878,16848,16850,16849,2,-2
2021-04-12 16:00:20.510,16849,16850,16850,1,1
2021-04-12 16:00:20.510,16849,16850,16850,4,4
2021-04-12 16:00:20.511,16849,16850,16850,2,2
2021-04-12 16:00:20.511,16849,16850,16850,7,7
2021-04-12 16:00:20.511,16849,16850,16850,1,1
2021-04-12 16:00:20.511,16849,16850,16850,1,1
2021-04-12 16:00:20.511,16849,16850,16850,1,1
2021-04-12 16:00:20.511,16849,16850,16850,1,1
2021-04-12 16:00:20.511,16849,16850,16850,7,7
2021-04-12 16:00:21.922,16850,16851,16850,1,-1
2021-04-12 16:00:22.010,16850,16851,16851,1,1
2021-04-12 16:00:22.010,16850,16851,16851,1,1
2021-04-12 16:00:22.010,16850,16851,16851,1,1
2021-04-12 16:00:22.010,16850,16851,16851,1,1
2021-04-12 16:00:22.010,16850,16851,16851,1,1
2021-04-12 16:00:22.010,16850,16851,16851,1,1
2021-04-12 16:00:22.010,16850,16851,16851,1,1
2021-04-12 16:00:22.011,16850,16851,16851,7,7
2021-04-12 16:00:22.011,16850,16851,16852,1,1
2021-04-12 16:00:22.011,16850,16851,16852,1,1
2021-04-12 16:00:22.011,16850,16851,16852,1,1
2021-04-12 16:00:22.011,16850,16851,16852,1,1
2021-04-12 16:00:22.011,16850,16851,16852,1,1
2021-04-12 16:00:22.163,16851,16852,16852,3,3
2021-04-12 16:00:24.492,16851,16852,16852,3,3
2021-04-12 16:00:24.492,16851,16852,16852,1,1
2021-04-12 16:00:24.493,16851,16852,16852,1,1
2021-04-12 16:00:24.493,16851,16852,16852,5,5
2021-04-12 16:00:24.493,16851,16852,16852,1,1
2021-04-12 16:00:28.764,16852,16853,16852,1,-1
2021-04-12 16:00:28.883,16851,16852,16852,1,1
2021-04-12 16:00:35.899,16852,16853,16852,2,-2
2021-04-12 16:00:36.010,16852,16853,16853,1,1
2021-04-12 16:00:36.010,16852,16853,16853,1,1
2021-04-12 16:00:36.010,16852,16853,16853,1,1
2021-04-12 16:00:36.011,16852,16853,16853,1,1
2021-04-12 16:00:36.011,16852,16853,16853,1,1
2021-04-12 16:00:36.254,16852,16853,16853,1,1
2021-04-12 16:00:36.410,16852,16853,16853,1,1
2021-04-12 16:00:42.166,16852,16853,16853,1,1
2021-04-12 16:00:42.260,16852,16853,16853,1,1
2021-04-12 16:00:44.829,16852,16853,16853,1,1
2021-04-12 16:00:47.258,16852,16853,16853,4,4
2021-04-12 16:00:53.354,16853,16854,16853,2,-2
2021-04-12 16:00:57.936,16852,16853,16853,2,2
2021-04-12 16:00:57.936,16852,16853,16854,13,13
2021-04-12 16:01:02.664,16853,16855,16854,1,-1
2021-04-12 16:01:12.405,16854,16855,16854,2,-2
2021-04-12 16:01:12.665,16854,16855,16854,1,-1
2021-04-12 16:01:17.147,16854,16855,16854,1,-1
2021-04-12 16:01:17.314,16854,16855,16854,1,-1
2021-04-12 16:01:17.315,16854,16855,16854,2,-2
2021-04-12 16:01:18.338,16853,16854,16853,1,-1
2021-04-12 16:01:19.018,16853,16854,16854,1,1
2021-04-12 16:01:24.464,16853,16854,16854,1,1
2021-04-12 16:01:24.464,16853,16854,16855,1,1
2021-04-12 16:01:24.860,16854,16855,16855,2,2
2021-04-12 16:01:24.867,16854,16855,16855,2,2
2021-04-12 16:01:24.915,16854,16855,16855,1,1
2021-04-12 16:01:24.916,16854,16855,16855,1,1
2021-04-12 16:01:25.273,16854,16855,16855,1,1
2021-04-12 16:01:25.352,16854,16855,16855,1,1
2021-04-12 16:01:25.915,16854,16855,16855,1,1
2021-04-12 16:01:26.115,16854,16855,16855,1,1
2021-04-12 16:01:26.161,16854,16855,16855,1,1
2021-04-12 16:01:26.166,16854,16855,16855,1,1
2021-04-12 16:01:26.193,16854,16855,16855,1,1
2021-04-12 16:01:26.253,16854,16855,16855,2,2
2021-04-12 16:01:26.253,16854,16855,16855,1,1
2021-04-12 16:01:26.267,16854,16855,16855,1,1
2021-04-12 16:01:26.389,16854,16855,16855,1,1
2021-04-12 16:01:26.493,16854,16855,16855,1,1
2021-04-12 16:01:26.514,16854,16855,16855,1,1
2021-04-12 16:01:26.587,16854,16855,16855,1,1
2021-04-12 16:01:26.638,16854,16855,16855,1,1
2021-04-12 16:01:26.809,16854,16855,16855,1,1
2021-04-12 16:01:26.844,16854,16855,16855,1,1
2021-04-12 16:01:26.887,16854,16855,16855,1,1
2021-04-12 16:01:27.802,16854,16855,16855,1,1
2021-04-12 16:01:27.843,16854,16855,16855,1,1
2021-04-12 16:01:27.884,16854,16855,16855,1,1
2021-04-12 16:01:27.951,16854,16855,16855,1,1
2021-04-12 16:01:30.529,16854,16855,16855,1,1
2021-04-12 16:01:32.688,16854,16855,16855,1,1
2021-04-12 16:01:35.141,16854,16855,16854,1,-1
2021-04-12 16:01:35.142,16854,16855,16854,2,-2
2021-04-12 16:01:40.783,16853,16854,16854,1,1
2021-04-12 16:01:45.850,16853,16854,16854,1,1
2021-04-12 16:01:46.129,16854,16855,16854,1,-1
2021-04-12 16:01:48.542,16854,16855,16854,1,-1
2021-04-12 16:01:54.816,16854,16855,16854,1,-1
2021-04-12 16:01:58.001,16853,16854,16853,1,-1
2021-04-12 16:02:06.216,16853,16854,16854,1,1
2021-04-12 16:02:06.216,16853,16854,16853,1,-1
2021-04-12 16:02:09.398,16853,16854,16853,1,-1
2021-04-12 16:02:12.385,16853,16854,16853,1,-1
2021-04-12 16:02:13.661,16853,16854,16853,1,-1
2021-04-12 16:02:21.517,16852,16853,16853,1,1
2021-04-12 16:02:30.666,16852,16853,16853,1,1
2021-04-12 16:02:36.067,16852,16853,16853,1,1
2021-04-12 16:02:37.043,16852,16853,16853,1,1
2021-04-12 16:02:46.569,16852,16853,16852,4,-4
2021-04-12 16:03:02.397,16851,16852,16852,1,1
2021-04-12 16:03:03.383,16851,16852,16851,5,-5
2021-04-12 16:03:03.474,16851,16852,16852,3,3
2021-04-12 16:03:12.585,16850,16852,16851,1,-1
2021-04-12 16:03:14.537,16851,16852,16851,1,-1
2021-04-12 16:03:24.211,16850,16852,16850,1,-1
2021-04-12 16:03:25.943,16850,16852,16852,1,1
2021-04-12 16:03:27.041,16850,16851,16850,1,-1
2021-04-12 16:03:37.643,16850,16851,16850,1,-1
2021-04-12 16:03:38.124,16850,16851,16851,1,1
2021-04-12 16:03:40.723,16850,16852,16850,1,-1
2021-04-12 16:03:54.446,16851,16852,16851,2,2
2021-04-12 16:03:54.534,16850,16851,16851,1,1
2021-04-12 16:04:00.722,16850,16852,16850,1,-1
2021-04-12 16:04:12.308,16850,16851,16850,1,-1
2021-04-12 16:04:31.999,16849,16851,16851,2,2
2021-04-12 16:04:34.309,16850,16851,16850,1,-1
2021-04-12 16:04:44.777,16850,16851,16851,1,1
2021-04-12 16:04:44.777,16850,16851,16851,1,1
2021-04-12 16:04:51.926,16851,16852,16852,3,3
2021-04-12 16:05:02.696,16852,16853,16853,11,11
2021-04-12 16:05:03.040,16853,16854,16854,1,1
2021-04-12 16:05:03.055,16853,16854,16854,1,1
2021-04-12 16:05:04.384,16853,16854,16854,1,1
2021-04-12 16:05:11.127,16854,16855,16855,5,5
2021-04-12 16:05:14.759,16854,16855,16854,1,-1
2021-04-12 16:05:19.586,16854,16855,16855,1,1
2021-04-12 16:05:21.016,16854,16855,16854,2,-2
2021-04-12 16:05:26.782,16853,16854,16854,1,1
2021-04-12 16:05:26.883,16853,16854,16854,3,3
2021-04-12 16:05:39.938,16853,16854,16853,1,-1
2021-04-12 16:05:49.628,16853,16854,16854,5,5
2021-04-12 16:05:49.629,16853,16854,16854,5,5
2021-04-12 16:05:50.461,16854,16855,16854,1,-1
2021-04-12 16:05:57.650,16854,16855,16855,1,1
2021-04-12 16:06:00.365,16854,16855,16855,1,1
2021-04-12 16:06:03.365,16854,16855,16854,1,-1
2021-04-12 16:06:03.768,16854,16855,16855,1,1
2021-04-12 16:06:04.682,16854,16855,16855,7,7
2021-04-12 16:06:16.695,16855,16856,16855,1,-1
2021-04-12 16:06:16.696,16855,16856,16855,3,-3
2021-04-12 16:06:16.696,16855,16856,16855,3,-3
2021-04-12 16:06:16.696,16855,16856,16855,1,-1
2021-04-12 16:06:16.696,16855,16856,16855,1,-1
2021-04-12 16:06:18.089,16854,16855,16854,1,-1
2021-04-12 16:06:26.839,16854,16855,16855,3,3
2021-04-12 16:06:30.330,16854,16855,16854,1,-1
2021-04-12 16:06:30.622,16853,16854,16854,1,1
2021-04-12 16:06:34.805,16853,16854,16854,1,1
2021-04-12 16:06:43.035,16853,16854,16854,4,4
2021-04-12 16:06:43.036,16853,16854,16854,5,5
2021-04-12 16:06:46.459,16853,16854,16854,1,1
2021-04-12 16:06:48.827,16853,16854,16854,1,1
2021-04-12 16:06:50.378,16853,16854,16853,23,-23
2021-04-12 16:06:50.379,16853,16854,16852,6,-6
2021-04-12 16:06:50.705,16850,16852,16850,1,-1
2021-04-12 16:06:50.721,16850,16852,16850,1,-1
2021-04-12 16:06:57.754,16850,16852,16850,1,-1
2021-04-12 16:07:15.279,16850,16851,16850,1,-1
2021-04-12 16:07:15.564,16850,16851,16850,3,-3
2021-04-12 16:07:15.564,16850,16851,16850,2,-2
2021-04-12 16:07:20.349,16850,16851,16851,1,1
2021-04-12 16:07:40.083,16850,16851,16851,1,1
2021-04-12 16:07:57.702,16850,16851,16850,2,-2
2021-04-12 16:07:57.760,16848,16850,16850,1,1
2021-04-12 16:08:02.883,16849,16850,16849,2,-2
2021-04-12 16:08:03.134,16848,16850,16850,1,1
2021-04-12 16:08:06.179,16848,16849,16849,2,2
2021-04-12 16:08:08.023,16848,16850,16849,1,-1
2021-04-12 16:08:09.186,16849,16850,16849,1,-1
2021-04-12 16:08:10.590,16849,16850,16849,1,-1
2021-04-12 16:08:12.280,16848,16849,16849,1,1
2021-04-12 16:08:51.357,16849,16850,16849,4,-4
2021-04-12 16:09:00.946,16850,16851,16850,1,1
2021-04-12 16:09:02.439,16849,16850,16849,1,-1
2021-04-12 16:09:02.439,16849,16850,16849,1,-1
2021-04-12 16:09:02.439,16849,16850,16849,1,-1
2021-04-12 16:09:02.439,16849,16850,16849,1,-1
2021-04-12 16:09:02.440,16849,16850,16849,15,-15
2021-04-12 16:09:16.068,16848,16849,16849,1,1
2021-04-12 16:09:28.328,16848,16849,16849,1,1
2021-04-12 16:09:28.328,16848,16849,16849,5,5
2021-04-12 16:09:43.980,16850,16851,16851,1,1
2021-04-12 16:09:45.939,16850,16851,16850,2,-2
2021-04-12 16:09:50.080,16850,16851,16851,1,1
2021-04-12 16:09:51.300,16851,16852,16851,2,-2
2021-04-12 16:09:56.274,16851,16852,16851,1,-1
2021-04-12 16:09:56.274,16851,16852,16850,1,-1
2021-04-12 16:10:15.883,16850,16852,16852,6,6
2021-04-12 16:10:23.174,16852,16853,16853,3,3
2021-04-12 16:10:23.477,16853,16854,16854,1,1
2021-04-12 16:10:30.547,16853,16854,16854,1,1
2021-04-12 16:10:30.548,16853,16854,16854,1,1
2021-04-12 16:10:30.548,16853,16854,16854,7,7
2021-04-12 16:10:31.521,16853,16855,16854,4,-4
2021-04-12 16:10:34.510,16853,16855,16853,2,-2
2021-04-12 16:10:39.393,16854,16855,16854,1,1
2021-04-12 16:10:45.438,16854,16855,16854,1,-1
2021-04-12 16:10:54.228,16854,16855,16854,1,-1
2021-04-12 16:10:54.231,16854,16855,16855,1,1
2021-04-12 16:10:58.606,16854,16855,16855,3,3
2021-04-12 16:11:08.384,16855,16856,16856,2,2
2021-04-12 16:11:08.385,16855,16856,16856,1,1
2021-04-12 16:11:08.385,16855,16856,16856,8,8
2021-04-12 16:11:08.620,16856,16857,16857,1,1
2021-04-12 16:11:08.620,16856,16857,16857,1,1
2021-04-12 16:11:08.620,16856,16857,16857,13,13
2021-04-12 16:11:08.621,16856,16857,16858,1,1
2021-04-12 16:11:08.648,16856,16858,16858,1,1
2021-04-12 16:11:08.703,16856,16858,16858,1,1
2021-04-12 16:11:08.703,16856,16858,16858,1,1
2021-04-12 16:11:09.133,16857,16858,16858,22,22
2021-04-12 16:11:09.303,16858,16859,16859,3,3
2021-04-12 16:11:09.303,16858,16859,16859,3,3
2021-04-12 16:11:09.303,16858,16859,16859,12,12
2021-04-12 16:11:09.304,16858,16859,16860,1,1
2021-04-12 16:11:09.304,16858,16859,16860,1,1
2021-04-12 16:11:09.304,16858,16859,16860,1,1
2021-04-12 16:11:09.305,16858,16859,16860,1,1
2021-04-12 16:11:09.305,16858,16859,16860,1,1
2021-04-12 16:11:09.305,16858,16859,16860,1,1
2021-04-12 16:11:09.305,16858,16859,16860,1,1
2021-04-12 16:11:09.305,16858,16859,16860,1,1
2021-04-12 16:11:09.306,16858,16859,16860,1,1
2021-04-12 16:11:09.306,16858,16859,16860,1,1
2021-04-12 16:11:09.306,16858,16859,16860,1,1
2021-04-12 16:11:09.418,16859,16860,16859,1,-1
2021-04-12 16:11:09.453,16859,16860,16859,3,-3
2021-04-12 16:11:09.470,16859,16860,16859,2,-2
2021-04-12 16:11:09.678,16858,16859,16859,1,1
2021-04-12 16:11:09.762,16858,16859,16858,1,-1
2021-04-12 16:11:09.763,16858,16859,16858,1,-1
2021-04-12 16:11:09.798,16858,16859,16859,2,2
2021-04-12 16:11:12.217,16857,16859,16859,2,2
2021-04-12 16:11:13.627,16858,16859,16859,1,1
2021-04-12 16:11:13.627,16858,16859,16860,1,1
2021-04-12 16:11:13.916,16858,16859,16859,1,1
2021-04-12 16:11:13.916,16858,16859,16859,1,1
2021-04-12 16:11:15.948,16858,16859,16859,3,3
2021-04-12 16:11:15.948,16858,16859,16860,1,1
2021-04-12 16:11:19.571,16858,16859,16859,1,1
2021-04-12 16:11:20.584,16858,16859,16859,1,1
2021-04-12 16:11:20.585,16858,16859,16859,1,1
2021-04-12 16:11:21.845,16859,16860,16859,1,-1
2021-04-12 16:11:22.084,16858,16860,16858,1,-1
2021-04-12 16:11:22.240,16858,16860,16860,1,1
2021-04-12 16:11:23.210,16858,16860,16860,2,2
2021-04-12 16:11:24.369,16858,16860,16860,1,1
2021-04-12 16:11:26.164,16859,16860,16860,1,1
2021-04-12 16:11:26.300,16859,16860,16859,1,-1
2021-04-12 16:11:34.562,16858,16859,16858,1,-1
2021-04-12 16:11:34.562,16858,16859,16858,1,-1
2021-04-12 16:11:34.563,16858,16859,16858,1,-1
2021-04-12 16:11:34.563,16858,16859,16858,2,-2
2021-04-12 16:11:39.753,16856,16858,16858,2,2
2021-04-12 16:11:43.472,16856,16857,16857,1,1
2021-04-12 16:11:44.920,16857,16858,16857,1,-1
2021-04-12 16:11:51.091,16856,16858,16858,1,1
2021-04-12 16:11:55.536,16856,16858,16857,1,-1
2021-04-12 16:12:01.986,16857,16858,16858,1,1
2021-04-12 16:12:07.610,16857,16858,16857,1,-1
2021-04-12 16:12:09.828,16857,16858,16858,1,1
2021-04-12 16:12:11.712,16858,16859,16858,4,-4
2021-04-12 16:12:14.695,16857,16858,16857,1,-1
2021-04-12 16:12:18.997,16856,16857,16857,1,1
2021-04-12 16:12:27.074,16856,16857,16857,1,1
2021-04-12 16:12:32.281,16856,16857,16856,1,-1
2021-04-12 16:12:32.281,16856,16857,16856,2,-2
2021-04-12 16:12:46.283,16855,16856,16855,4,-4
2021-04-12 16:12:53.512,16854,16856,16855,1,-1
2021-04-12 16:13:18.704,16854,16855,16855,1,1
2021-04-12 16:13:19.160,16854,16856,16856,6,6
2021-04-12 16:13:19.401,16854,16856,16856,1,1
2021-04-12 16:13:20.186,16855,16856,16856,3,3
2021-04-12 16:13:26.521,16854,16855,16855,1,1
2021-04-12 16:13:28.755,16854,16855,16855,1,1
2021-04-12 16:13:29.080,16854,16856,16854,1,-1
2021-04-12 16:13:33.386,16854,16855,16855,1,1
2021-04-12 16:13:53.311,16854,16855,16854,5,-5
2021-04-12 16:14:04.282,16853,16854,16854,1,1
2021-04-12 16:14:08.117,16853,16854,16854,1,1
2021-04-12 16:14:08.117,16853,16854,16855,2,2
2021-04-12 16:14:20.034,16854,16855,16854,1,-1
2021-04-12 16:14:20.035,16854,16855,16854,1,-1
2021-04-12 16:14:21.381,16853,16854,16854,1,1
2021-04-12 16:14:21.824,16853,16854,16854,1,1
2021-04-12 16:14:32.681,16853,16854,16854,1,1
2021-04-12 16:14:34.363,16854,16855,16854,1,-1
2021-04-12 16:14:34.364,16854,16855,16854,1,-1
2021-04-12 16:14:34.364,16854,16855,16854,1,-1
2021-04-12 16:14:34.652,16854,16855,16854,1,-1
2021-04-12 16:14:59.915,16853,16854,16853,1,-1
2021-04-12 16:15:04.530,16853,16854,16854,1,1
2021-04-12 16:15:08.991,16853,16854,16854,3,3
2021-04-12 16:15:11.076,16854,16855,16855,1,1
2021-04-12 16:15:29.497,16854,16855,16854,1,-1
2021-04-12 16:15:29.498,16854,16855,16854,1,-1
2021-04-12 16:15:29.796,16853,16854,16854,1,1
2021-04-12 16:15:41.296,16854,16855,16854,2,-2
2021-04-12 16:15:47.018,16854,16855,16855,1,1
2021-04-12 16:15:57.102,16854,16855,16855,1,1
2021-04-12 16:16:06.600,16854,16855,16855,1,1
2021-04-12 16:16:12.085,16854,16855,16854,2,-2
2021-04-12 16:16:15.898,16854,16855,16854,1,-1
2021-04-12 16:16:16.976,16854,16855,16855,1,1
2021-04-12 16:16:18.143,16854,16855,16854,1,-1
2021-04-12 16:16:29.199,16854,16855,16855,1,1
2021-04-12 16:16:45.574,16854,16855,16855,1,1
2021-04-12 16:16:47.504,16854,16855,16854,2,-2
2021-04-12 16:16:51.740,16853,16854,16854,1,1
2021-04-12 16:17:03.209,16853,16854,16854,1,1
2021-04-12 16:17:18.893,16853,16854,16853,12,-12
2021-04-12 16:17:18.893,16853,16854,16853,5,-5
2021-04-12 16:17:18.893,16853,16854,16853,5,-5
2021-04-12 16:17:18.894,16853,16854,16853,1,-1
2021-04-12 16:17:18.894,16853,16854,16853,1,-1
2021-04-12 16:17:18.894,16853,16854,16853,1,-1
2021-04-12 16:17:18.894,16853,16854,16853,1,-1
2021-04-12 16:17:18.894,16853,16854,16853,1,-1
2021-04-12 16:17:18.894,16853,16854,16853,1,-1
2021-04-12 16:17:18.894,16853,16854,16853,1,-1
2021-04-12 16:17:18.894,16853,16854,16853,1,-1
2021-04-12 16:17:18.894,16853,16854,16853,1,-1
2021-04-12 16:17:18.894,16853,16854,16853,1,-1
2021-04-12 16:17:18.895,16853,16854,16853,9,-9
2021-04-12 16:17:18.895,16853,16854,16853,12,-12
2021-04-12 16:17:19.009,16852,16853,16852,1,-1
2021-04-12 16:17:19.490,16851,16853,16853,1,1
2021-04-12 16:17:26.702,16851,16852,16852,1,1
2021-04-12 16:17:29.572,16851,16852,16852,1,1
2021-04-12 16:17:42.732,16851,16852,16852,1,1
2021-04-12 16:18:11.771,16851,16852,16851,1,-1
2021-04-12 16:18:20.922,16851,16852,16851,1,-1
2021-04-12 16:18:20.926,16851,16852,16851,4,-4
2021-04-12 16:18:21.008,16850,16851,16850,4,-4
2021-04-12 16:18:34.315,16849,16850,16850,1,1
2021-04-12 16:18:36.909,16849,16850,16850,1,1
2021-04-12 16:18:40.493,16849,16850,16850,1,1
2021-04-12 16:18:43.677,16849,16850,16850,1,1
2021-04-12 16:18:46.193,16849,16851,16851,1,1
2021-04-12 16:19:10.518,16850,16851,16850,3,-3
2021-04-12 16:19:25.370,16850,16851,16850,2,-2
2021-04-12 16:19:35.752,16849,16850,16850,1,1
2021-04-12 16:19:48.048,16849,16850,16849,2,-2
2021-04-12 16:19:50.679,16849,16850,16850,1,1
2021-04-12 16:19:50.679,16849,16850,16850,5,5
2021-04-12 16:19:50.679,16849,16850,16850,2,2
2021-04-12 16:19:50.679,16849,16850,16850,10,10
2021-04-12 16:19:55.150,16850,16851,16850,1,-1
2021-04-12 16:19:57.836,16850,16851,16851,1,1
2021-04-12 16:19:57.836,16850,16851,16851,1,1
2021-04-12 16:19:57.836,16850,16851,16851,1,1
2021-04-12 16:19:57.836,16850,16851,16851,2,2
2021-04-12 16:19:57.836,16850,16851,16851,1,1
2021-04-12 16:19:57.837,16850,16851,16851,1,1
2021-04-12 16:19:57.837,16850,16851,16851,4,4
2021-04-12 16:20:17.356,16851,16852,16851,1,-1
2021-04-12 16:20:17.356,16851,16852,16850,9,-9
2021-04-12 16:20:17.357,16851,16852,16850,1,-1
2021-04-12 16:20:17.357,16851,16852,16850,1,-1
2021-04-12 16:20:17.357,16851,16852,16850,12,-12
2021-04-12 16:20:17.357,16851,16852,16850,1,-1
2021-04-12 16:20:17.357,16851,16852,16850,2,-2
2021-04-12 16:20:17.357,16851,16852,16850,3,-3
2021-04-12 16:20:18.667,16850,16852,16852,2,2
2021-04-12 16:20:23.860,16850,16852,16851,1,-1
2021-04-12 16:20:27.294,16850,16851,16851,1,1
2021-04-12 16:20:38.166,16850,16851,16850,6,-6
2021-04-12 16:20:38.575,16849,16850,16850,2,2
2021-04-12 16:20:56.274,16849,16850,16850,13,13
2021-04-12 16:21:13.713,16850,16851,16851,1,1
2021-04-12 16:21:21.761,16850,16851,16850,2,-2
2021-04-12 16:21:23.729,16849,16851,16851,1,1
2021-04-12 16:21:29.234,16850,16851,16850,1,-1
2021-04-12 16:21:29.258,16849,16850,16850,1,1
2021-04-12 16:21:29.933,16850,16851,16850,1,-1
2021-04-12 16:21:37.311,16849,16850,16849,1,-1
2021-04-12 16:21:44.822,16849,16850,16849,3,-3
2021-04-12 16:21:44.823,16849,16850,16849,18,-18
2021-04-12 16:21:44.823,16849,16850,16849,1,-1
2021-04-12 16:21:44.823,16849,16850,16849,4,-4
2021-04-12 16:21:44.823,16849,16850,16849,1,-1
2021-04-12 16:21:44.823,16849,16850,16849,2,-2
2021-04-12 16:21:44.823,16849,16850,16849,1,-1
2021-04-12 16:21:44.823,16849,16850,16849,4,-4
2021-04-12 16:21:47.445,16848,16849,16848,2,-2
2021-04-12 16:21:47.746,16848,16849,16848,1,-1
2021-04-12 16:21:47.751,16848,16849,16849,1,1
2021-04-12 16:21:59.212,16848,16849,16849,1,1
2021-04-12 16:22:03.303,16848,16850,16848,3,-3
2021-04-12 16:22:08.855,16849,16850,16849,5,5
2021-04-12 16:22:22.207,16848,16849,16849,1,1
2021-04-12 16:22:30.887,16848,16849,16848,1,-1
2021-04-12 16:22:30.987,16848,16849,16848,3,-3
2021-04-12 16:22:47.397,16848,16849,16848,1,-1
2021-04-12 16:22:47.398,16848,16849,16848,3,-3
2021-04-12 16:22:53.943,16848,16849,16848,1,-1
2021-04-12 16:22:59.056,16848,16849,16849,2,2
2021-04-12 16:23:06.969,16848,16849,16848,3,-3
2021-04-12 16:23:14.973,16848,16849,16848,1,-1
2021-04-12 16:23:14.974,16848,16849,16848,1,-1
2021-04-12 16:23:33.093,16847,16848,16848,2,2
2021-04-12 16:23:33.093,16847,16848,16849,1,1
2021-04-12 16:23:37.339,16848,16849,16848,1,-1
2021-04-12 16:24:11.758,16848,16849,16849,1,1
2021-04-12 16:24:11.758,16848,16849,16849,13,13
2021-04-12 16:24:11.758,16848,16849,16849,12,12
2021-04-12 16:24:11.758,16848,16849,16849,2,2
2021-04-12 16:24:11.758,16848,16849,16849,4,4
2021-04-12 16:24:11.758,16848,16849,16849,2,2
2021-04-12 16:24:11.758,16848,16849,16849,2,2
2021-04-12 16:24:11.759,16848,16849,16849,4,4
2021-04-12 16:24:11.759,16848,16849,16849,2,2
2021-04-12 16:24:11.759,16848,16849,16849,4,4
2021-04-12 16:24:12.038,16849,16850,16850,1,1
2021-04-12 16:24:12.133,16849,16850,16850,5,5
2021-04-12 16:24:12.213,16849,16850,16851,1,1
2021-04-12 16:24:19.028,16849,16851,16851,1,1
2021-04-12 16:24:30.675,16850,16851,16851,1,1
2021-04-12 16:24:38.902,16850,16851,16850,3,-3
2021-04-12 16:24:39.592,16849,16850,16850,1,1
2021-04-12 16:24:49.995,16849,16850,16850,1,1
2021-04-12 16:24:55.123,16849,16850,16849,1,-1
2021-04-12 16:25:08.135,16848,16849,16849,1,1
2021-04-12 16:25:11.851,16848,16849,16849,1,1
2021-04-12 16:25:21.768,16848,16850,16850,1,1
2021-04-12 16:25:34.074,16848,16849,16849,1,1
2021-04-12 16:26:03.190,16849,16850,16850,1,1
2021-04-12 16:26:18.905,16849,16850,16849,1,-1
2021-04-12 16:26:22.845,16849,16850,16850,2,2
2021-04-12 16:26:22.845,16849,16850,16850,5,5
2021-04-12 16:26:22.846,16849,16850,16850,2,2
2021-04-12 16:26:22.846,16849,16850,16850,14,14
2021-04-12 16:26:22.846,16849,16850,16850,1,1
2021-04-12 16:26:22.846,16849,16850,16850,1,1
2021-04-12 16:26:22.846,16849,16850,16850,1,1
2021-04-12 16:26:22.846,16849,16850,16850,1,1
2021-04-12 16:26:22.846,16849,16850,16850,1,1
2021-04-12 16:26:22.846,16849,16850,16850,1,1
2021-04-12 16:26:22.846,16849,16850,16850,3,3
2021-04-12 16:26:22.847,16849,16850,16850,1,1
2021-04-12 16:26:22.847,16849,16850,16850,1,1
2021-04-12 16:26:22.847,16849,16850,16850,1,1
2021-04-12 16:26:22.847,16849,16850,16850,1,1
2021-04-12 16:26:22.847,16849,16850,16850,3,3
2021-04-12 16:26:22.847,16849,16850,16850,6,6
2021-04-12 16:26:42.948,16850,16851,16850,1,-1
2021-04-12 16:26:42.949,16850,16851,16850,2,-2
2021-04-12 16:26:42.949,16850,16851,16850,1,-1
2021-04-12 16:26:50.363,16849,16850,16849,4,-4
2021-04-12 16:27:07.994,16848,16849,16848,1,-1
2021-04-12 16:27:08.337,16848,16849,16848,1,-1
2021-04-12 16:27:08.337,16848,16849,16848,1,-1
2021-04-12 16:27:08.540,16847,16849,16847,1,-1
2021-04-12 16:27:08.656,16847,16849,16847,1,-1
2021-04-12 16:27:08.656,16847,16849,16847,1,-1
2021-04-12 16:27:15.897,16848,16849,16848,1,1
2021-04-12 16:28:02.344,16847,16848,16847,2,-2
2021-04-12 16:28:02.344,16847,16848,16847,1,-1
2021-04-12 16:28:02.345,16847,16848,16847,2,-2
2021-04-12 16:28:02.345,16847,16848,16847,2,-2
2021-04-12 16:28:02.345,16847,16848,16847,2,-2
2021-04-12 16:28:02.345,16847,16848,16847,17,-17
2021-04-12 16:28:04.586,16846,16847,16846,1,-1
2021-04-12 16:28:04.776,16846,16847,16846,1,-1
2021-04-12 16:28:04.834,16846,16847,16847,1,1
2021-04-12 16:28:07.230,16846,16847,16846,5,-5
2021-04-12 16:28:09.880,16846,16847,16847,3,3
2021-04-12 16:28:15.928,16846,16847,16846,1,-1
2021-04-12 16:28:21.308,16846,16847,16846,1,-1
2021-04-12 16:28:59.299,16846,16847,16846,1,-1
2021-04-12 16:29:03.881,16846,16847,16846,1,-1
2021-04-12 16:29:10.352,16846,16847,16846,6,-6
2021-04-12 16:29:11.258,16845,16846,16846,1,1
2021-04-12 16:29:26.571,16845,16846,16845,1,-1
2021-04-12 16:29:26.571,16845,16846,16845,1,-1
2021-04-12 16:29:26.571,16845,16846,16845,14,-14
2021-04-12 16:29:26.900,16844,16845,16845,1,1
2021-04-12 16:29:28.031,16844,16845,16845,1,1
2021-04-12 16:29:34.538,16844,16845,16845,1,1
2021-04-12 16:29:48.474,16844,16845,16845,1,1
2021-04-12 16:29:57.141,16844,16845,16844,1,-1
2021-04-12 16:29:59.356,16844,16845,16845,1,1
2021-04-12 16:30:02.357,16844,16845,16845,1,1
2021-04-12 16:30:02.633,16844,16845,16844,17,-17
2021-04-12 16:30:02.860,16843,16844,16843,2,-2
2021-04-12 16:30:12.996,16843,16844,16844,7,7
2021-04-12 16:30:12.997,16843,16844,16844,2,2
2021-04-12 16:30:13.541,16844,16845,16845,1,1
2021-04-12 16:30:13.931,16844,16845,16844,2,-2
2021-04-12 16:30:17.291,16844,16845,16845,1,1
2021-04-12 16:30:20.261,16845,16846,16845,1,-1
2021-04-12 16:30:20.385,16845,16846,16846,1,1
2021-04-12 16:30:20.386,16845,16846,16846,1,1
2021-04-12 16:30:20.386,16845,16846,16846,1,1
2021-04-12 16:30:20.387,16845,16846,16846,9,9
2021-04-12 16:30:20.387,16845,16846,16846,1,1
2021-04-12 16:30:20.387,16845,16846,16846,4,4
2021-04-12 16:30:20.387,16845,16846,16846,1,1
2021-04-12 16:30:20.387,16845,16846,16846,1,1
2021-04-12 16:30:20.387,16845,16846,16846,1,1
2021-04-12 16:30:20.387,16845,16846,16846,1,1
2021-04-12 16:30:20.388,16845,16846,16846,1,1
2021-04-12 16:30:35.619,16845,16846,16846,25,25
2021-04-12 16:30:44.511,16846,16847,16846,1,-1
2021-04-12 16:30:55.524,16846,16847,16847,1,1
2021-04-12 16:30:56.902,16846,16847,16846,1,-1
2021-04-12 16:31:01.816,16846,16847,16846,1,-1
2021-04-12 16:31:02.998,16846,16847,16847,1,1
2021-04-12 16:31:03.942,16846,16847,16847,1,1
2021-04-12 16:31:13.988,16847,16848,16848,1,1
2021-04-12 16:31:20.311,16847,16848,16847,1,-1
2021-04-12 16:31:21.890,16847,16848,16847,1,-1
2021-04-12 16:31:26.086,16847,16849,16849,1,1
2021-04-12 16:31:41.042,16847,16848,16848,1,1
2021-04-12 16:31:57.239,16847,16848,16847,1,-1
2021-04-12 16:32:16.308,16845,16846,16845,2,-2
2021-04-12 16:32:16.309,16845,16846,16845,1,-1
2021-04-12 16:32:16.309,16845,16846,16845,1,-1
2021-04-12 16:32:17.074,16843,16846,16845,1,-1
2021-04-12 16:32:38.038,16844,16845,16844,1,-1
2021-04-12 16:32:41.899,16844,16845,16844,1,-1
2021-04-12 16:32:47.860,16844,16845,16844,1,-1
2021-04-12 16:33:13.048,16844,16845,16844,1,-1
2021-04-12 16:33:22.415,16844,16845,16844,1,-1
2021-04-12 16:33:22.511,16844,16845,16845,1,1
2021-04-12 16:33:22.512,16844,16845,16845,1,1
2021-04-12 16:33:22.512,16844,16845,16845,1,1
2021-04-12 16:33:22.512,16844,16845,16845,1,1
2021-04-12 16:33:22.512,16844,16845,16845,1,1
2021-04-12 16:33:22.512,16844,16845,16845,1,1
2021-04-12 16:33:22.512,16844,16845,16845,2,2
2021-04-12 16:33:22.512,16844,16845,16845,4,4
2021-04-12 16:33:22.512,16844,16845,16845,5,5
2021-04-12 16:33:22.512,16844,16845,16845,10,10
2021-04-12 16:33:22.512,16844,16845,16845,7,7
2021-04-12 16:33:22.512,16844,16845,16845,1,1
2021-04-12 16:33:22.512,16844,16845,16845,6,6
2021-04-12 16:33:22.513,16844,16845,16845,2,2
2021-04-12 16:33:22.513,16844,16845,16845,3,3
2021-04-12 16:33:22.513,16844,16845,16845,1,1
2021-04-12 16:33:22.513,16844,16845,16845,1,1
2021-04-12 16:33:22.513,16844,16845,16845,1,1
2021-04-12 16:33:22.513,16844,16845,16845,1,1
2021-04-12 16:33:22.513,16844,16845,16845,1,1
2021-04-12 16:33:35.097,16845,16847,16845,1,-1
2021-04-12 16:34:14.493,16845,16846,16846,1,1
2021-04-12 16:34:14.511,16845,16847,16847,1,1
2021-04-12 16:34:19.178,16846,16847,16847,1,1
2021-04-12 16:34:22.009,16846,16847,16846,1,-1
2021-04-12 16:34:28.764,16846,16847,16847,1,1
2021-04-12 16:34:32.274,16846,16847,16847,1,1
2021-04-12 16:34:56.953,16846,16847,16846,2,-2
2021-04-12 16:34:57.226,16845,16847,16845,3,-3
2021-04-12 16:35:17.383,16845,16846,16846,1,1
2021-04-12 16:35:36.916,16845,16846,16845,4,-4
2021-04-12 16:35:39.607,16845,16846,16845,1,-1
2021-04-12 16:35:39.633,16844,16845,16845,1,1
2021-04-12 16:35:43.884,16844,16846,16846,1,1
2021-04-12 16:37:22.405,16847,16848,16847,1,1
2021-04-12 16:37:23.136,16847,16848,16848,2,2
2021-04-12 16:37:27.243,16848,16849,16848,1,-1
2021-04-12 16:37:38.208,16848,16849,16848,1,-1
2021-04-12 16:38:03.192,16848,16849,16848,1,-1
2021-04-12 16:38:11.778,16848,16849,16848,1,-1
2021-04-12 16:38:12.382,16847,16848,16848,1,1
2021-04-12 16:38:12.382,16847,16848,16848,1,1
2021-04-12 16:38:15.133,16848,16849,16849,5,5
2021-04-12 16:38:21.067,16848,16850,16850,1,1
2021-04-12 16:38:48.400,16848,16849,16849,1,1
2021-04-12 16:38:51.109,16848,16849,16849,1,1
2021-04-12 16:38:51.109,16848,16849,16849,2,2
2021-04-12 16:39:12.392,16849,16850,16850,5,5
2021-04-12 16:39:12.916,16849,16850,16850,1,1
2021-04-12 16:39:12.930,16849,16850,16850,1,1
2021-04-12 16:39:22.367,16848,16850,16850,2,2
2021-04-12 16:39:34.751,16848,16850,16850,1,1
2021-04-12 16:39:58.899,16849,16850,16850,2,2
2021-04-12 16:40:05.970,16849,16850,16849,1,-1
2021-04-12 16:40:30.781,16849,16850,16850,1,1
2021-04-12 16:40:37.119,16849,16850,16850,1,1
2021-04-12 16:40:40.122,16849,16850,16849,1,-1
2021-04-12 16:40:40.123,16849,16850,16849,2,-2
2021-04-12 16:40:40.123,16849,16850,16849,1,-1
2021-04-12 16:41:00.771,16848,16849,16849,1,1
2021-04-12 16:41:02.207,16849,16850,16849,1,-1
2021-04-12 16:41:02.399,16848,16850,16850,1,1
2021-04-12 16:41:18.233,16848,16849,16848,1,-1
2021-04-12 16:41:36.515,16848,16849,16848,1,-1
2021-04-12 16:42:09.937,16848,16849,16848,11,-11
2021-04-12 16:42:09.947,16848,16849,16847,1,-1
2021-04-12 16:42:10.063,16847,16848,16847,1,-1
2021-04-12 16:42:12.141,16846,16847,16846,1,-1
2021-04-12 16:42:12.471,16846,16848,16846,1,-1
2021-04-12 16:42:44.519,16846,16847,16846,1,-1
2021-04-12 16:43:07.517,16846,16847,16846,1,-1
2021-04-12 16:43:24.008,16846,16847,16847,2,2
2021-04-12 16:43:28.297,16846,16848,16848,1,1
2021-04-12 16:43:38.481,16847,16848,16848,2,2
2021-04-12 16:45:18.449,16848,16850,16850,1,1
2021-04-12 16:45:18.924,16849,16850,16849,2,-2
2021-04-12 16:45:19.355,16849,16850,16850,5,5
2021-04-12 16:45:20.254,16849,16851,16851,1,1
2021-04-12 16:45:20.313,16849,16851,16851,1,1
2021-04-12 16:45:20.528,16849,16851,16851,1,1
2021-04-12 16:45:23.530,16849,16851,16851,1,1
2021-04-12 16:45:32.496,16849,16850,16850,1,1
2021-04-12 16:45:33.033,16849,16851,16851,1,1
2021-04-12 16:45:43.129,16849,16850,16850,2,2
2021-04-12 16:45:43.508,16849,16850,16850,1,1
2021-04-12 16:45:49.402,16849,16850,16849,1,-1
2021-04-12 16:45:50.207,16849,16850,16850,1,1
2021-04-12 16:45:50.261,16849,16851,16851,1,1
2021-04-12 16:45:50.311,16849,16851,16851,1,1
2021-04-12 16:45:51.780,16849,16851,16849,1,-1
2021-04-12 16:45:58.122,16850,16851,16850,1,1
2021-04-12 16:46:23.627,16850,16851,16851,1,1
2021-04-12 16:46:23.627,16850,16851,16851,1,1
2021-04-12 16:46:23.628,16850,16851,16851,8,8
2021-04-12 16:46:23.628,16850,16851,16851,4,4
2021-04-12 16:46:23.628,16850,16851,16851,1,1
2021-04-12 16:46:23.628,16850,16851,16851,1,1
2021-04-12 16:46:23.629,16850,16851,16851,2,2
2021-04-12 16:46:23.629,16850,16851,16851,3,3
2021-04-12 16:46:23.629,16850,16851,16851,2,2
2021-04-12 16:46:23.982,16850,16852,16852,1,1
2021-04-12 16:46:24.008,16850,16852,16852,18,18
2021-04-12 16:46:24.028,16850,16852,16853,1,1
2021-04-12 16:46:24.067,16850,16852,16853,1,1
2021-04-12 16:46:24.067,16850,16852,16853,1,1
2021-04-12 16:46:24.119,16850,16852,16853,1,1
2021-04-12 16:46:24.119,16850,16852,16853,1,1
2021-04-12 16:46:24.245,16851,16853,16853,1,1
2021-04-12 16:46:24.793,16851,16853,16853,2,2
2021-04-12 16:46:24.839,16851,16853,16853,1,1
2021-04-12 16:46:24.890,16852,16853,16853,1,1
2021-04-12 16:46:25.019,16852,16853,16853,1,1
2021-04-12 16:46:25.082,16852,16853,16853,1,1
2021-04-12 16:46:25.194,16852,16853,16853,1,1
2021-04-12 16:46:26.356,16852,16853,16853,1,1
2021-04-12 16:46:26.426,16852,16853,16853,1,1
2021-04-12 16:46:26.472,16852,16853,16853,1,1
2021-04-12 16:46:26.521,16852,16854,16854,1,1
2021-04-12 16:46:37.244,16852,16854,16854,1,1
2021-04-12 16:46:38.360,16852,16854,16853,1,-1
2021-04-12 16:46:38.752,16852,16854,16854,1,1
2021-04-12 16:46:39.275,16852,16854,16853,2,-2
2021-04-12 16:46:40.561,16851,16853,16852,1,-1
2021-04-12 16:47:00.075,16851,16852,16852,1,1
2021-04-12 16:47:00.122,16851,16852,16852,1,1
2021-04-12 16:47:00.137,16851,16852,16852,1,1
2021-04-12 16:47:00.137,16851,16852,16852,1,1
2021-04-12 16:47:00.138,16851,16852,16853,1,1
2021-04-12 16:47:00.138,16851,16852,16853,1,1
2021-04-12 16:47:00.160,16851,16852,16853,1,1
2021-04-12 16:47:00.209,16851,16852,16853,1,1
2021-04-12 16:47:01.621,16852,16853,16853,1,1
2021-04-12 16:47:01.624,16852,16853,16853,1,1
2021-04-12 16:47:01.635,16852,16854,16854,1,1
2021-04-12 16:47:01.635,16852,16854,16854,1,1
2021-04-12 16:47:01.635,16852,16854,16854,1,1
2021-04-12 16:47:01.636,16852,16854,16854,1,1
2021-04-12 16:47:01.636,16852,16854,16854,1,1
2021-04-12 16:47:02.949,16851,16853,16853,1,1
2021-04-12 16:47:02.991,16851,16853,16853,1,1
2021-04-12 16:47:03.046,16851,16853,16853,1,1
2021-04-12 16:47:03.084,16851,16853,16854,1,1
2021-04-12 16:47:12.460,16851,16853,16853,2,2
2021-04-12 16:47:13.022,16851,16853,16853,1,1
2021-04-12 16:47:13.135,16851,16853,16853,1,1
2021-04-12 16:47:13.136,16851,16853,16853,1,1
2021-04-12 16:47:13.137,16851,16853,16854,1,1
2021-04-12 16:48:11.178,16853,16854,16853,2,-2
2021-04-12 16:49:01.654,16851,16853,16853,2,2
2021-04-12 16:49:01.760,16851,16853,16853,1,1
2021-04-12 16:49:01.760,16851,16853,16853,1,1
2021-04-12 16:49:01.761,16851,16853,16853,1,1
2021-04-12 16:49:01.762,16851,16853,16853,1,1
2021-04-12 16:49:01.763,16851,16853,16853,1,1
2021-04-12 16:49:28.036,16851,16852,16852,2,2
2021-04-12 16:49:28.291,16851,16853,16851,1,-1
2021-04-12 16:49:42.098,16851,16852,16852,1,1
2021-04-12 16:49:42.098,16851,16852,16852,1,1
2021-04-12 16:50:06.973,16852,16853,16852,1,-1
2021-04-12 16:50:07.010,16851,16853,16853,1,1
2021-04-12 16:50:07.135,16851,16853,16853,1,1
2021-04-12 16:50:07.520,16851,16853,16851,2,-2
2021-04-12 16:50:27.325,16852,16853,16852,1,1
2021-04-12 16:50:39.603,16852,16853,16853,3,3
2021-04-12 16:50:45.640,16853,16854,16853,1,-1
2021-04-12 16:51:17.767,16852,16853,16853,4,4
2021-04-12 16:52:06.346,16853,16854,16854,1,1
2021-04-12 16:52:06.387,16853,16854,16854,1,1
2021-04-12 16:52:06.514,16853,16854,16854,2,2
2021-04-12 16:52:06.668,16853,16854,16854,1,1
2021-04-12 16:52:06.686,16853,16854,16854,3,3
2021-04-12 16:52:07.158,16853,16855,16855,1,1
2021-04-12 16:52:07.260,16853,16855,16855,1,1
2021-04-12 16:52:07.260,16853,16855,16855,1,1
2021-04-12 16:52:07.357,16853,16855,16855,1,1
2021-04-12 16:52:07.734,16853,16855,16853,1,-1
2021-04-12 16:52:08.017,16853,16855,16853,2,-2
2021-04-12 16:52:38.194,16853,16854,16853,5,-5
2021-04-12 16:52:47.006,16852,16853,16853,1,1
2021-04-12 16:52:47.010,16852,16854,16854,1,1
2021-04-12 16:52:47.010,16852,16854,16854,1,1
2021-04-12 16:53:02.371,16853,16854,16854,1,1
2021-04-12 16:53:02.386,16854,16855,16855,1,1
2021-04-12 16:53:02.386,16854,16855,16855,1,1
2021-04-12 16:53:02.386,16854,16855,16855,1,1
2021-04-12 16:53:02.386,16854,16855,16856,1,1
2021-04-12 16:53:02.386,16854,16855,16856,1,1
2021-04-12 16:53:02.386,16854,16855,16856,1,1
2021-04-12 16:53:02.387,16854,16855,16856,1,1
2021-04-12 16:53:02.387,16854,16855,16856,1,1
2021-04-12 16:53:02.387,16854,16855,16856,1,1
2021-04-12 16:53:02.387,16854,16855,16856,1,1
2021-04-12 16:53:02.387,16854,16855,16856,1,1
2021-04-12 16:53:02.387,16854,16855,16856,1,1
2021-04-12 16:53:02.388,16854,16855,16856,1,1
2021-04-12 16:53:02.389,16854,16855,16856,1,1
2021-04-12 16:53:02.389,16854,16855,16856,1,1
2021-04-12 16:53:02.389,16854,16855,16856,1,1
2021-04-12 16:53:02.389,16854,16855,16856,1,1
2021-04-12 16:53:02.389,16854,16855,16856,1,1
2021-04-12 16:53:02.389,16854,16855,16856,5,5
2021-04-12 16:53:02.389,16854,16855,16857,1,1
2021-04-12 16:53:02.390,16854,16855,16857,1,1
2021-04-12 16:53:02.390,16854,16855,16857,1,1
2021-04-12 16:53:02.390,16854,16855,16857,1,1
2021-04-12 16:53:02.391,16854,16855,16857,1,1
2021-04-12 16:53:02.391,16854,16855,16857,1,1
2021-04-12 16:53:02.391,16854,16855,16857,1,1
2021-04-12 16:53:02.391,16854,16855,16857,1,1
2021-04-12 16:53:02.391,16854,16855,16857,3,3
2021-04-12 16:53:02.391,16854,16855,16857,1,1
2021-04-12 16:53:02.431,16854,16855,16857,1,1
2021-04-12 16:53:02.432,16854,16855,16856,1,1
2021-04-12 16:53:02.597,16855,16856,16856,1,1
2021-04-12 16:53:02.753,16855,16857,16857,1,1
2021-04-12 16:53:02.826,16855,16857,16857,1,1
2021-04-12 16:53:16.696,16855,16857,16857,1,1
2021-04-12 16:53:19.065,16855,16857,16857,1,1
2021-04-12 16:53:20.991,16856,16857,16857,1,1
2021-04-12 16:53:23.428,16856,16857,16857,1,1
2021-04-12 16:53:23.428,16856,16857,16857,1,1
2021-04-12 16:53:24.178,16856,16857,16857,1,1
2021-04-12 16:53:25.881,16856,16857,16857,1,1
2021-04-12 16:53:31.977,16856,16857,16857,1,1
2021-04-12 16:53:36.190,16856,16858,16857,1,-1
2021-04-12 16:53:39.542,16857,16858,16857,1,-1
2021-04-12 16:53:39.575,16857,16858,16857,1,-1
2021-04-12 16:53:45.776,16856,16857,16857,1,1
2021-04-12 16:53:48.457,16856,16857,16857,1,1
2021-04-12 16:53:48.457,16856,16857,16857,1,1
2021-04-12 16:53:50.884,16856,16857,16857,1,1
2021-04-12 16:53:54.820,16856,16857,16857,1,1
2021-04-12 16:53:56.864,16856,16857,16857,1,1
2021-04-12 16:54:03.846,16856,16857,16857,1,1
2021-04-12 16:54:08.768,16856,16857,16856,2,-2
2021-04-12 16:54:08.887,16856,16857,16856,5,-5
2021-04-12 16:54:09.008,16855,16856,16856,1,1
2021-04-12 16:54:09.576,16855,16857,16857,2,2
2021-04-12 16:54:15.374,16855,16857,16857,1,1
2021-04-12 16:54:49.541,16855,16856,16856,1,1
2021-04-12 16:55:24.782,16855,16856,16856,1,1
2021-04-12 16:55:34.143,16855,16856,16856,1,1
2021-04-12 16:55:38.101,16855,16856,16856,1,1
2021-04-12 16:55:40.088,16855,16856,16856,1,1
2021-04-12 16:55:40.150,16855,16856,16855,1,-1
2021-04-12 16:55:41.508,16855,16856,16856,1,1
2021-04-12 16:55:46.846,16855,16857,16855,1,-1
2021-04-12 16:55:59.858,16855,16856,16855,2,-2
2021-04-12 16:56:07.141,16855,16856,16855,1,-1
2021-04-12 16:56:07.395,16855,16856,16855,3,-3
2021-04-12 16:56:33.424,16854,16855,16854,1,-1
2021-04-12 16:56:33.784,16853,16855,16855,3,3
2021-04-12 16:56:49.606,16854,16855,16855,1,1
2021-04-12 16:56:54.543,16854,16855,16855,1,1
2021-04-12 16:56:54.633,16854,16855,16855,2,2
2021-04-12 16:57:19.637,16854,16855,16854,1,-1
2021-04-12 16:57:19.637,16854,16855,16853,4,-4
2021-04-12 16:57:19.638,16854,16855,16853,1,-1
2021-04-12 16:57:41.460,16854,16855,16854,1,1
2021-04-12 16:57:43.800,16854,16855,16854,1,-1
2021-04-12 16:57:51.285,16854,16855,16855,1,1
2021-04-12 16:57:52.720,16854,16855,16854,1,-1
2021-04-12 16:58:40.195,16853,16854,16853,1,-1
2021-04-12 16:59:00.581,16853,16854,16854,2,2
2021-04-12 16:59:04.522,16853,16854,16853,2,-2
2021-04-12 16:59:09.416,16853,16854,16853,1,-1
2021-04-12 16:59:13.065,16853,16854,16853,2,-2
2021-04-12 16:59:13.065,16853,16854,16852,2,-2
2021-04-12 16:59:28.258,16853,16854,16853,2,2
2021-04-12 16:59:39.558,16853,16854,16853,1,-1
2021-04-12 16:59:48.355,16853,16854,16853,1,-1
2021-04-12 17:00:16.859,16853,16854,16854,2,2
2021-04-12 17:00:17.339,16853,16855,16853,1,-1
2021-04-12 17:00:17.341,16853,16855,16853,1,-1
2021-04-12 17:00:17.347,16853,16855,16853,1,-1
2021-04-12 17:00:17.360,16853,16855,16853,2,-2
2021-04-12 17:00:17.440,16853,16855,16853,1,-1
2021-04-12 17:00:17.608,16853,16855,16853,1,-1
2021-04-12 17:00:17.641,16853,16855,16853,1,-1
2021-04-12 17:00:17.901,16853,16855,16855,2,2
2021-04-12 17:00:38.406,16854,16855,16855,1,1
2021-04-12 17:00:38.959,16854,16855,16855,1,1
2021-04-12 17:00:41.549,16854,16855,16855,1,1
2021-04-12 17:00:41.635,16854,16856,16854,1,-1
2021-04-12 17:00:41.635,16854,16856,16854,1,-1
2021-04-12 17:00:41.636,16854,16856,16854,1,-1
2021-04-12 17:00:41.636,16854,16856,16853,1,-1
2021-04-12 17:00:41.636,16854,16856,16853,1,-1
2021-04-12 17:00:41.636,16854,16856,16853,1,-1
2021-04-12 17:00:41.637,16854,16856,16853,1,-1
2021-04-12 17:00:41.637,16854,16856,16853,1,-1
2021-04-12 17:00:41.637,16854,16856,16853,1,-1
2021-04-12 17:00:41.637,16854,16856,16853,1,-1
2021-04-12 17:00:41.638,16854,16856,16853,1,-1
2021-04-12 17:00:41.638,16854,16856,16852,1,-1
2021-04-12 17:00:41.639,16854,16856,16853,1,1
2021-04-12 17:00:41.639,16854,16856,16853,1,-1
2021-04-12 17:00:41.639,16854,16856,16853,1,-1
2021-04-12 17:00:41.639,16854,16856,16852,1,-1
2021-04-12 17:00:41.640,16854,16856,16852,1,-1
2021-04-12 17:00:41.641,16854,16856,16852,1,-1
2021-04-12 17:00:41.641,16854,16856,16852,1,-1
2021-04-12 17:00:41.641,16854,16856,16853,1,1
2021-04-12 17:00:41.641,16854,16856,16853,1,-1
2021-04-12 17:00:41.641,16854,16856,16853,1,-1
2021-04-12 17:00:41.641,16854,16856,16852,1,-1
2021-04-12 17:00:41.642,16854,16856,16852,1,-1
2021-04-12 17:00:41.644,16854,16856,16852,1,-1
2021-04-12 17:00:41.653,16854,16856,16852,1,-1
2021-04-12 17:00:41.655,16854,16856,16852,1,-1
2021-04-12 17:00:41.656,16854,16856,16852,1,-1
2021-04-12 17:00:41.684,16854,16856,16852,1,-1
2021-04-12 17:00:41.947,16852,16854,16854,2,2
2021-04-12 17:00:53.901,16852,16854,16852,1,-1
2021-04-12 17:00:56.458,16852,16854,16852,1,-1
2021-04-12 17:00:56.512,16852,16854,16852,1,-1
2021-04-12 17:01:25.848,16852,16854,16854,4,4
2021-04-12 17:01:25.849,16852,16854,16854,1,1
2021-04-12 17:01:52.245,16854,16855,16854,1,-1
2021-04-12 17:02:06.539,16854,16855,16854,1,-1
2021-04-12 17:02:10.895,16854,16855,16854,1,-1
2021-04-12 17:02:14.949,16854,16855,16855,1,1
2021-04-12 17:02:16.880,16854,16855,16855,2,2
2021-04-12 17:02:19.054,16854,16856,16854,1,-1
2021-04-12 17:02:33.699,16854,16856,16856,1,1
2021-04-12 17:02:46.020,16855,16856,16856,1,1
2021-04-12 17:02:54.182,16855,16856,16855,1,-1
2021-04-12 17:02:55.550,16854,16855,16854,1,-1
2021-04-12 17:02:55.675,16854,16855,16855,1,1
2021-04-12 17:02:56.483,16854,16855,16854,3,-3
2021-04-12 17:03:41.303,16855,16856,16855,1,1
2021-04-12 17:03:54.921,16854,16855,16855,3,3
2021-04-12 17:04:04.594,16854,16855,16855,1,1
2021-04-12 17:04:36.188,16854,16855,16854,1,-1
2021-04-12 17:04:36.188,16854,16855,16854,7,-7
2021-04-12 17:04:48.686,16853,16854,16853,1,-1
2021-04-12 17:04:52.633,16853,16854,16853,1,-1
2021-04-12 17:05:21.232,16854,16855,16854,1,1
2021-04-12 17:05:21.922,16854,16855,16855,1,1
2021-04-12 17:05:21.922,16854,16855,16856,3,3
2021-04-12 17:06:53.389,16853,16855,16854,1,-1
2021-04-12 17:06:53.947,16853,16855,16855,1,1
2021-04-12 17:06:54.067,16853,16855,16854,1,-1
2021-04-12 17:07:12.019,16853,16855,16853,4,-4
2021-04-12 17:07:12.022,16853,16855,16852,4,-4
2021-04-12 17:07:25.982,16852,16854,16853,1,1
2021-04-12 17:07:27.704,16852,16853,16852,19,-19
2021-04-12 17:07:27.704,16852,16853,16852,1,-1
2021-04-12 17:07:27.704,16852,16853,16852,1,-1
2021-04-12 17:07:27.704,16852,16853,16852,1,-1
2021-04-12 17:07:27.704,16852,16853,16852,1,-1
2021-04-12 17:07:38.795,16851,16852,16852,1,1
2021-04-12 17:07:38.796,16851,16852,16852,2,2
2021-04-12 17:07:38.796,16851,16852,16852,1,1
2021-04-12 17:07:42.343,16852,16853,16852,1,-1
2021-04-12 17:08:03.544,16851,16852,16852,4,4
2021-04-12 17:08:06.205,16852,16853,16853,3,3
2021-04-12 17:08:09.816,16853,16854,16853,1,-1
2021-04-12 17:08:14.758,16853,16854,16853,4,-4
2021-04-12 17:08:36.694,16852,16853,16852,1,-1
2021-04-12 17:08:53.998,16852,16853,16853,1,1
2021-04-12 17:09:29.526,16852,16853,16853,1,1
2021-04-12 17:10:19.716,16852,16853,16853,2,2
2021-04-12 17:10:19.716,16852,16853,16854,1,1
2021-04-12 17:10:50.923,16853,16854,16853,1,-1
2021-04-12 17:11:11.486,16852,16853,16852,1,-1
2021-04-12 17:11:11.486,16852,16853,16852,1,-1
2021-04-12 17:12:19.682,16851,16852,16852,1,1
2021-04-12 17:13:32.542,16851,16852,16851,10,-10
2021-04-12 17:13:53.303,16851,16852,16851,2,-2
2021-04-12 17:13:56.846,16851,16852,16851,1,-1
2021-04-12 17:13:58.747,16851,16852,16851,1,-1
2021-04-12 17:14:15.576,16851,16852,16852,1,1
2021-04-12 17:14:17.681,16851,16852,16851,1,-1
2021-04-12 17:14:23.853,16851,16852,16851,4,-4
2021-04-12 17:14:35.618,16850,16851,16850,1,-1
2021-04-12 17:14:42.298,16850,16851,16850,1,-1
2021-04-12 17:15:08.876,16850,16851,16851,9,9
2021-04-12 17:15:09.218,16851,16852,16852,3,3
2021-04-12 17:15:09.770,16851,16853,16853,1,1
2021-04-12 17:15:32.743,16852,16853,16853,1,1
2021-04-12 17:16:25.383,16852,16853,16853,10,10
2021-04-12 17:16:44.108,16852,16854,16853,1,-1
2021-04-12 17:16:51.374,16854,16855,16855,1,1
2021-04-12 17:17:12.169,16854,16855,16855,2,2
2021-04-12 17:17:32.656,16854,16855,16854,1,-1
2021-04-12 17:17:40.376,16853,16855,16855,2,2
2021-04-12 17:17:58.045,16853,16854,16854,1,1
2021-04-12 17:18:20.645,16854,16855,16854,1,-1
2021-04-12 17:19:04.777,16853,16854,16854,1,1
2021-04-12 17:19:26.983,16853,16854,16854,1,1
2021-04-12 17:19:53.413,16853,16854,16854,2,2
2021-04-12 17:19:53.414,16853,16854,16854,1,1
2021-04-12 17:19:55.516,16853,16854,16854,1,1
2021-04-12 17:19:56.709,16853,16854,16854,1,1
2021-04-12 17:20:24.015,16854,16855,16855,3,3
2021-04-12 17:20:24.015,16854,16855,16855,1,1
2021-04-12 17:20:56.791,16854,16855,16855,5,5
2021-04-12 17:20:56.791,16854,16855,16855,1,1
2021-04-12 17:21:44.977,16855,16856,16855,1,-1
2021-04-12 17:21:55.532,16855,16856,16856,1,1
2021-04-12 17:21:55.995,16855,16856,16856,6,6
2021-04-12 17:22:00.488,16855,16856,16856,1,1
2021-04-12 17:22:41.451,16855,16856,16855,1,-1
2021-04-12 17:22:50.657,16854,16855,16855,2,2
2021-04-12 17:22:50.657,16854,16855,16855,3,3
2021-04-12 17:22:52.738,16854,16855,16854,2,-2
2021-04-12 17:23:09.850,16855,16856,16855,1,1
2021-04-12 17:23:10.495,16855,16856,16856,10,10
2021-04-12 17:23:10.496,16855,16856,16856,1,1
2021-04-12 17:23:10.950,16856,16857,16856,2,-2
2021-04-12 17:23:28.760,16856,16857,16857,2,2
2021-04-12 17:23:28.760,16856,16857,16857,1,1
2021-04-12 17:23:29.148,16856,16857,16857,2,2
2021-04-12 17:23:29.148,16856,16857,16857,1,1
2021-04-12 17:23:29.188,16856,16857,16857,1,1
2021-04-12 17:23:31.491,16856,16857,16857,1,1
2021-04-12 17:23:31.492,16856,16857,16857,1,1
2021-04-12 17:23:34.119,16856,16857,16857,1,1
2021-04-12 17:23:36.440,16855,16857,16857,2,2
2021-04-12 17:23:36.440,16855,16857,16857,1,1
2021-04-12 17:23:37.627,16856,16858,16857,1,-1
2021-04-12 17:23:37.635,16856,16858,16858,1,1
2021-04-12 17:23:37.798,16856,16858,16858,1,1
2021-04-12 17:23:37.982,16856,16858,16858,1,1
2021-04-12 17:23:38.174,16856,16858,16858,6,6
2021-04-12 17:23:38.253,16856,16858,16858,6,6
2021-04-12 17:23:38.254,16856,16858,16858,3,3
2021-04-12 17:23:38.254,16856,16858,16858,1,1
2021-04-12 17:23:38.257,16856,16858,16859,6,6
2021-04-12 17:23:38.426,16858,16859,16859,1,1
2021-04-12 17:23:38.426,16858,16859,16860,2,2
2021-04-12 17:23:38.625,16859,16860,16860,1,1
2021-04-12 17:23:38.625,16859,16860,16860,1,1
2021-04-12 17:23:38.670,16859,16860,16860,1,1
2021-04-12 17:23:38.691,16859,16860,16860,1,1
2021-04-12 17:23:38.692,16859,16860,16860,1,1
2021-04-12 17:23:38.692,16859,16860,16860,1,1
2021-04-12 17:23:38.692,16859,16860,16860,1,1
2021-04-12 17:23:38.692,16859,16860,16860,9,9
2021-04-12 17:23:38.692,16859,16860,16860,1,1
2021-04-12 17:23:38.693,16859,16860,16860,1,1
2021-04-12 17:23:38.693,16859,16860,16860,3,3
2021-04-12 17:23:38.703,16859,16860,16861,1,1
2021-04-12 17:23:38.707,16859,16860,16861,1,1
2021-04-12 17:23:38.713,16859,16860,16861,1,1
2021-04-12 17:23:38.731,16859,16860,16861,1,1
2021-04-12 17:23:38.733,16859,16860,16861,1,1
