2021-04-09 15:00:00.093,16831,16833,16833,87,87
2021-04-09 15:00:00.095,16833,16834,16833,2,-2
2021-04-09 15:00:00.219,16832,16834,16834,3,3
2021-04-09 15:00:00.219,16832,16834,16836,1,1
2021-04-09 15:00:00.254,16832,16834,16832,1,-1
2021-04-09 15:00:00.289,16832,16838,16832,1,-1
2021-04-09 15:00:00.339,16832,16838,16832,1,-1
2021-04-09 15:00:00.422,16831,16834,16834,2,2
2021-04-09 15:00:00.445,16831,16834,16831,1,-1
2021-04-09 15:00:00.449,16831,16834,16831,2,-2
2021-04-09 15:00:00.464,16831,16834,16836,1,1
2021-04-09 15:00:00.499,16831,16834,16831,1,-1
2021-04-09 15:00:00.540,16831,16838,16831,3,-3
2021-04-09 15:00:00.540,16831,16838,16831,2,-2
2021-04-09 15:00:00.545,16831,16838,16831,1,-1
2021-04-09 15:00:00.558,16831,16838,16831,2,-2
2021-04-09 15:00:00.612,16831,16838,16831,1,-1
2021-04-09 15:00:00.682,16831,16838,16831,5,-5
2021-04-09 15:00:00.682,16831,16838,16830,1,-1
2021-04-09 15:00:00.729,16831,16838,16830,1,-1
2021-04-09 15:00:00.779,16831,16838,16830,3,-3
2021-04-09 15:00:00.847,16830,16838,16830,3,-3
2021-04-09 15:00:00.928,16831,16836,16836,1,1
2021-04-09 15:00:00.950,16831,16836,16831,1,-1
2021-04-09 15:00:00.950,16831,16836,16830,3,-3
2021-04-09 15:00:00.998,16831,16836,16830,2,-2
2021-04-09 15:00:01.099,16830,16837,16836,1,1
2021-04-09 15:00:01.176,16831,16837,16831,1,-1
2021-04-09 15:00:01.239,16831,16837,16830,1,-1
2021-04-09 15:00:01.500,16830,16836,16831,1,1
2021-04-09 15:00:01.500,16830,16836,16830,3,-3
2021-04-09 15:00:01.500,16830,16836,16829,1,-1
2021-04-09 15:00:01.532,16830,16836,16829,1,-1
2021-04-09 15:00:01.561,16829,16835,16829,3,-3
2021-04-09 15:00:01.637,16829,16835,16829,2,-2
2021-04-09 15:00:01.710,16829,16833,16829,1,-1
2021-04-09 15:00:01.829,16829,16832,16829,1,-1
2021-04-09 15:00:01.903,16829,16832,16829,5,-5
2021-04-09 15:00:01.976,16829,16832,16830,1,1
2021-04-09 15:00:02.089,16830,16832,16830,2,-2
2021-04-09 15:00:02.265,16829,16832,16831,1,1
2021-04-09 15:00:02.281,16829,16832,16831,1,-1
2021-04-09 15:00:02.281,16829,16832,16831,1,-1
2021-04-09 15:00:02.306,16830,16832,16830,1,-1
2021-04-09 15:00:02.310,16830,16832,16830,1,-1
2021-04-09 15:00:02.538,16829,16831,16829,1,-1
2021-04-09 15:00:02.564,16829,16831,16829,2,-2
2021-04-09 15:00:02.964,16829,16831,16829,1,-1
2021-04-09 15:00:03.084,16828,16831,16831,1,1
2021-04-09 15:00:03.148,16828,16831,16831,5,5
2021-04-09 15:00:03.148,16828,16831,16832,3,3
2021-04-09 15:00:04.967,16830,16833,16833,1,1
2021-04-09 15:00:05.770,16829,16832,16832,1,1
2021-04-09 15:00:06.811,16830,16831,16831,1,1
2021-04-09 15:00:07.155,16830,16833,16833,1,1
2021-04-09 15:00:07.225,16830,16833,16830,1,-1
2021-04-09 15:00:08.192,16832,16833,16833,5,5
2021-04-09 15:00:08.318,16832,16834,16832,1,-1
2021-04-09 15:00:08.595,16832,16834,16832,1,-1
2021-04-09 15:00:09.006,16832,16834,16832,1,-1
2021-04-09 15:00:09.202,16832,16834,16832,1,-1
2021-04-09 15:00:10.202,16831,16834,16831,8,-8
2021-04-09 15:00:10.300,16831,16834,16831,1,-1
2021-04-09 15:00:10.597,16831,16834,16831,1,-1
2021-04-09 15:00:11.857,16831,16833,16833,1,1
2021-04-09 15:00:13.163,16831,16833,16833,1,1
2021-04-09 15:00:14.419,16832,16833,16832,2,-2
2021-04-09 15:00:14.552,16832,16833,16832,5,-5
2021-04-09 15:00:16.187,16832,16833,16833,1,1
2021-04-09 15:00:16.223,16832,16833,16832,4,-4
2021-04-09 15:00:16.223,16832,16833,16832,1,-1
2021-04-09 15:00:16.232,16832,16833,16831,3,-3
2021-04-09 15:00:16.591,16831,16833,16831,1,-1
2021-04-09 15:00:17.354,16831,16832,16832,1,1
2021-04-09 15:00:17.670,16831,16833,16833,1,1
2021-04-09 15:00:17.877,16831,16833,16831,4,-4
2021-04-09 15:00:18.951,16831,16833,16832,1,1
2021-04-09 15:00:18.951,16831,16833,16831,1,-1
2021-04-09 15:00:21.359,16831,16832,16831,1,-1
2021-04-09 15:00:21.360,16831,16832,16831,1,-1
2021-04-09 15:00:21.409,16831,16832,16831,3,-3
2021-04-09 15:00:22.539,16831,16832,16831,1,-1
2021-04-09 15:00:24.445,16831,16832,16832,1,1
2021-04-09 15:00:25.803,16831,16832,16832,1,1
2021-04-09 15:00:27.896,16832,16833,16832,1,-1
2021-04-09 15:00:28.873,16832,16833,16832,1,-1
2021-04-09 15:00:29.563,16831,16833,16831,1,-1
2021-04-09 15:00:29.782,16831,16832,16831,2,-2
2021-04-09 15:00:31.398,16831,16832,16831,1,-1
2021-04-09 15:00:32.801,16831,16832,16831,1,-1
2021-04-09 15:00:32.802,16831,16832,16831,1,-1
2021-04-09 15:00:42.206,16830,16831,16830,2,-2
2021-04-09 15:00:48.527,16830,16831,16830,5,-5
2021-04-09 15:00:48.527,16830,16831,16830,1,-1
2021-04-09 15:00:48.527,16830,16831,16830,5,-5
2021-04-09 15:00:48.699,16829,16830,16830,1,1
2021-04-09 15:00:49.300,16829,16830,16830,1,1
2021-04-09 15:00:49.461,16830,16831,16830,1,-1
2021-04-09 15:00:49.533,16829,16830,16829,8,-8
2021-04-09 15:00:50.149,16828,16830,16828,1,-1
2021-04-09 15:00:50.323,16828,16830,16828,3,-3
2021-04-09 15:00:50.486,16828,16829,16829,1,1
2021-04-09 15:00:51.197,16828,16829,16829,1,1
2021-04-09 15:00:52.181,16828,16829,16829,1,1
2021-04-09 15:00:52.181,16828,16829,16830,2,2
2021-04-09 15:00:54.976,16829,16830,16829,1,-1
2021-04-09 15:00:59.278,16829,16830,16829,2,-2
2021-04-09 15:00:59.947,16829,16830,16829,2,-2
2021-04-09 15:01:00.080,16829,16830,16829,1,-1
2021-04-09 15:01:00.099,16829,16830,16830,1,1
2021-04-09 15:01:00.941,16828,16829,16828,1,-1
2021-04-09 15:01:00.944,16828,16829,16828,1,-1
2021-04-09 15:01:00.945,16828,16829,16828,2,-2
2021-04-09 15:01:00.947,16828,16829,16828,1,-1
2021-04-09 15:01:00.947,16828,16829,16827,1,-1
2021-04-09 15:01:00.955,16828,16829,16827,2,-2
2021-04-09 15:01:00.956,16828,16829,16829,1,1
2021-04-09 15:01:01.265,16827,16828,16828,1,1
2021-04-09 15:01:01.285,16827,16829,16827,1,-1
2021-04-09 15:01:01.286,16827,16829,16827,1,-1
2021-04-09 15:01:02.622,16827,16828,16827,1,-1
2021-04-09 15:01:02.774,16827,16828,16828,1,1
2021-04-09 15:01:04.733,16827,16828,16827,1,-1
2021-04-09 15:01:05.866,16827,16828,16827,2,-2
2021-04-09 15:01:05.920,16827,16828,16827,4,-4
2021-04-09 15:01:06.229,16826,16827,16827,1,1
2021-04-09 15:01:06.236,16826,16827,16826,1,-1
2021-04-09 15:01:06.300,16826,16828,16828,1,1
2021-04-09 15:01:06.380,16826,16828,16826,1,-1
2021-04-09 15:01:06.965,16826,16828,16827,1,1
2021-04-09 15:01:09.478,16826,16827,16827,1,1
2021-04-09 15:01:09.653,16826,16827,16827,1,1
2021-04-09 15:01:10.713,16827,16828,16827,1,-1
2021-04-09 15:01:10.713,16827,16828,16826,1,-1
2021-04-09 15:01:11.162,16826,16828,16826,1,-1
2021-04-09 15:01:11.338,16826,16828,16827,1,1
2021-04-09 15:01:11.968,16826,16827,16827,2,2
2021-04-09 15:01:11.968,16826,16827,16828,1,1
2021-04-09 15:01:16.882,16826,16827,16827,1,1
2021-04-09 15:01:23.091,16826,16827,16827,1,1
2021-04-09 15:01:23.160,16826,16827,16826,1,-1
2021-04-09 15:01:23.626,16826,16827,16827,1,1
2021-04-09 15:01:28.023,16826,16827,16827,1,1
2021-04-09 15:01:28.342,16826,16827,16827,2,2
2021-04-09 15:01:30.219,16826,16828,16828,1,1
2021-04-09 15:01:30.286,16826,16828,16826,1,-1
2021-04-09 15:01:30.823,16826,16828,16827,1,1
2021-04-09 15:01:31.308,16826,16827,16827,1,1
2021-04-09 15:01:33.887,16826,16827,16827,1,1
2021-04-09 15:01:36.167,16826,16827,16827,2,2
2021-04-09 15:01:40.063,16826,16827,16827,1,1
2021-04-09 15:01:40.064,16826,16827,16827,6,6
2021-04-09 15:01:41.227,16827,16828,16827,2,-2
2021-04-09 15:01:41.227,16827,16828,16826,1,-1
2021-04-09 15:01:41.283,16827,16828,16827,2,2
2021-04-09 15:01:41.283,16827,16828,16826,14,-14
2021-04-09 15:01:43.989,16827,16828,16828,3,3
2021-04-09 15:01:44.011,16827,16828,16827,1,-1
2021-04-09 15:01:44.011,16827,16828,16826,1,-1
2021-04-09 15:01:44.013,16827,16828,16826,1,-1
2021-04-09 15:01:44.144,16826,16827,16827,1,1
2021-04-09 15:01:50.482,16826,16827,16827,5,5
2021-04-09 15:01:50.912,16827,16828,16827,1,-1
2021-04-09 15:01:54.770,16827,16828,16828,1,1
2021-04-09 15:01:54.785,16828,16830,16828,1,-1
2021-04-09 15:01:54.892,16828,16830,16829,1,1
2021-04-09 15:01:55.794,16827,16829,16828,1,-1
2021-04-09 15:01:56.762,16827,16828,16828,1,1
2021-04-09 15:02:00.070,16828,16829,16828,1,-1
2021-04-09 15:02:00.072,16828,16829,16827,1,-1
2021-04-09 15:02:00.079,16828,16829,16827,1,-1
2021-04-09 15:02:00.092,16828,16829,16827,1,-1
2021-04-09 15:02:01.230,16828,16829,16828,1,1
2021-04-09 15:02:04.716,16828,16829,16828,1,-1
2021-04-09 15:02:08.409,16828,16829,16828,1,-1
2021-04-09 15:02:10.285,16828,16829,16828,1,-1
2021-04-09 15:02:10.384,16828,16829,16828,1,-1
2021-04-09 15:02:10.631,16828,16829,16828,1,-1
2021-04-09 15:02:12.030,16828,16829,16828,1,-1
2021-04-09 15:02:18.766,16828,16829,16829,1,1
2021-04-09 15:02:21.315,16829,16830,16829,1,-1
2021-04-09 15:02:21.315,16829,16830,16828,9,-9
2021-04-09 15:02:22.822,16828,16829,16829,1,1
2021-04-09 15:02:24.366,16828,16830,16828,2,-2
2021-04-09 15:02:37.858,16828,16829,16829,3,3
2021-04-09 15:02:40.212,16829,16830,16830,1,1
2021-04-09 15:02:40.316,16829,16830,16830,1,1
2021-04-09 15:02:41.273,16829,16830,16830,1,1
2021-04-09 15:02:42.641,16829,16830,16830,1,1
2021-04-09 15:02:46.055,16829,16830,16830,3,3
2021-04-09 15:02:46.055,16829,16830,16830,1,1
2021-04-09 15:02:46.056,16829,16830,16830,1,1
2021-04-09 15:02:46.056,16829,16830,16830,1,1
2021-04-09 15:02:46.056,16829,16830,16830,1,1
2021-04-09 15:02:46.056,16829,16830,16830,1,1
2021-04-09 15:02:46.056,16829,16830,16830,32,32
2021-04-09 15:02:46.057,16829,16830,16830,1,1
2021-04-09 15:02:46.057,16829,16830,16830,1,1
2021-04-09 15:02:49.027,16830,16831,16831,1,1
2021-04-09 15:02:52.194,16830,16831,16830,3,-3
2021-04-09 15:02:53.889,16829,16831,16831,1,1
2021-04-09 15:02:58.820,16829,16830,16830,1,1
2021-04-09 15:03:01.913,16830,16831,16830,1,-1
2021-04-09 15:03:03.873,16829,16830,16830,1,1
2021-04-09 15:03:12.986,16830,16831,16830,1,-1
2021-04-09 15:03:12.986,16830,16831,16830,3,-3
2021-04-09 15:03:14.564,16829,16830,16829,1,-1
2021-04-09 15:03:16.087,16829,16830,16830,5,5
2021-04-09 15:03:20.786,16829,16830,16830,1,1
2021-04-09 15:03:22.165,16829,16831,16830,2,-2
2021-04-09 15:03:29.076,16829,16830,16830,1,1
2021-04-09 15:03:38.884,16829,16830,16830,5,5
2021-04-09 15:03:40.026,16829,16830,16830,1,1
2021-04-09 15:03:40.622,16829,16830,16830,1,1
2021-04-09 15:03:41.321,16829,16830,16829,1,-1
2021-04-09 15:03:41.779,16829,16830,16830,1,1
2021-04-09 15:03:45.773,16829,16830,16830,1,1
2021-04-09 15:03:47.577,16829,16830,16830,1,1
2021-04-09 15:03:48.791,16829,16830,16830,1,1
2021-04-09 15:03:50.812,16829,16830,16830,2,2
2021-04-09 15:03:51.484,16829,16830,16829,6,-6
2021-04-09 15:03:53.105,16829,16830,16829,6,-6
2021-04-09 15:03:54.852,16829,16830,16829,6,-6
2021-04-09 15:03:56.576,16828,16830,16830,1,1
2021-04-09 15:03:56.659,16829,16830,16830,3,3
2021-04-09 15:03:58.743,16829,16831,16829,1,-1
2021-04-09 15:03:59.748,16828,16829,16829,1,1
2021-04-09 15:04:00.467,16828,16830,16828,1,-1
2021-04-09 15:04:02.539,16828,16829,16829,1,1
2021-04-09 15:04:08.335,16829,16830,16829,1,-1
2021-04-09 15:04:09.106,16829,16830,16830,2,2
2021-04-09 15:04:09.106,16829,16830,16831,3,3
2021-04-09 15:04:10.601,16830,16831,16831,1,1
2021-04-09 15:04:18.690,16830,16831,16831,1,1
2021-04-09 15:04:18.721,16830,16831,16831,2,2
2021-04-09 15:04:21.716,16830,16832,16830,3,-3
2021-04-09 15:04:21.716,16830,16832,16830,2,-2
2021-04-09 15:04:21.791,16829,16830,16830,1,1
2021-04-09 15:04:22.551,16829,16830,16830,1,1
2021-04-09 15:04:24.157,16829,16830,16830,1,1
2021-04-09 15:04:24.157,16829,16830,16831,4,4
2021-04-09 15:04:24.157,16829,16830,16832,5,5
2021-04-09 15:04:33.907,16832,16833,16832,1,-1
2021-04-09 15:04:37.813,16832,16833,16833,1,1
2021-04-09 15:04:40.552,16832,16833,16833,6,6
2021-04-09 15:04:40.552,16832,16833,16834,4,4
2021-04-09 15:04:40.660,16833,16835,16835,1,1
2021-04-09 15:04:41.040,16833,16835,16835,1,1
2021-04-09 15:04:41.576,16833,16835,16835,1,1
2021-04-09 15:04:48.189,16833,16835,16834,1,-1
2021-04-09 15:04:48.231,16833,16835,16834,1,-1
2021-04-09 15:04:48.284,16833,16834,16834,4,4
2021-04-09 15:04:49.047,16833,16835,16835,1,1
2021-04-09 15:04:51.022,16833,16835,16835,7,7
2021-04-09 15:04:51.125,16833,16835,16835,2,2
2021-04-09 15:04:53.846,16833,16834,16834,1,1
2021-04-09 15:04:54.924,16834,16835,16834,1,-1
2021-04-09 15:04:55.277,16833,16835,16835,1,1
2021-04-09 15:04:55.361,16833,16835,16833,1,-1
2021-04-09 15:05:09.337,16834,16835,16834,1,1
2021-04-09 15:05:14.278,16834,16835,16835,1,1
2021-04-09 15:05:14.278,16834,16835,16835,1,1
2021-04-09 15:05:14.278,16834,16835,16835,1,1
2021-04-09 15:05:14.278,16834,16835,16835,1,1
2021-04-09 15:05:14.278,16834,16835,16835,1,1
2021-04-09 15:05:16.846,16835,16836,16836,6,6
2021-04-09 15:05:17.100,16836,16837,16837,1,1
2021-04-09 15:05:17.734,16836,16837,16837,1,1
2021-04-09 15:05:18.736,16836,16837,16837,1,1
2021-04-09 15:05:21.052,16837,16838,16837,1,-1
2021-04-09 15:05:22.469,16837,16838,16838,1,1
2021-04-09 15:05:22.809,16837,16838,16838,1,1
2021-04-09 15:05:25.187,16837,16838,16838,1,1
2021-04-09 15:05:29.153,16837,16838,16838,1,1
2021-04-09 15:05:29.159,16837,16838,16838,1,1
2021-04-09 15:05:32.970,16838,16839,16839,1,1
2021-04-09 15:05:32.972,16838,16839,16838,1,-1
2021-04-09 15:05:32.972,16838,16839,16837,3,-3
2021-04-09 15:05:33.034,16837,16838,16838,2,2
2021-04-09 15:05:33.966,16837,16839,16837,2,-2
2021-04-09 15:05:38.006,16836,16837,16837,1,1
2021-04-09 15:05:42.628,16836,16837,16836,5,-5
2021-04-09 15:05:46.463,16836,16837,16836,4,-4
2021-04-09 15:05:48.865,16835,16836,16836,1,1
2021-04-09 15:05:48.865,16835,16836,16837,1,1
2021-04-09 15:05:59.544,16836,16837,16837,1,1
2021-04-09 15:06:00.670,16836,16837,16836,3,-3
2021-04-09 15:06:03.614,16835,16836,16836,1,1
2021-04-09 15:06:08.345,16835,16836,16835,6,-6
2021-04-09 15:06:09.283,16834,16835,16835,1,1
2021-04-09 15:06:10.312,16834,16835,16835,1,1
2021-04-09 15:06:12.072,16834,16835,16834,2,-2
2021-04-09 15:06:15.825,16834,16835,16835,1,1
2021-04-09 15:06:18.942,16834,16835,16835,1,1
2021-04-09 15:06:28.396,16834,16835,16835,2,2
2021-04-09 15:06:41.262,16834,16835,16834,6,-6
2021-04-09 15:06:42.794,16834,16835,16835,2,2
2021-04-09 15:06:42.805,16834,16835,16835,1,1
2021-04-09 15:06:45.568,16835,16836,16836,1,1
2021-04-09 15:06:48.986,16835,16836,16836,1,1
2021-04-09 15:06:51.908,16835,16836,16836,2,2
2021-04-09 15:06:51.909,16835,16836,16836,1,1
2021-04-09 15:07:06.533,16836,16837,16837,7,7
2021-04-09 15:07:15.745,16836,16837,16837,1,1
2021-04-09 15:07:16.594,16837,16838,16838,1,1
2021-04-09 15:07:18.414,16837,16838,16838,1,1
2021-04-09 15:07:23.590,16837,16838,16838,1,1
2021-04-09 15:07:23.740,16837,16838,16838,1,1
2021-04-09 15:07:23.740,16837,16838,16838,1,1
2021-04-09 15:07:26.460,16838,16839,16839,1,1
2021-04-09 15:07:32.529,16838,16839,16838,2,-2
2021-04-09 15:07:37.208,16838,16839,16839,1,1
2021-04-09 15:07:37.471,16838,16839,16838,2,-2
2021-04-09 15:07:37.722,16838,16839,16839,2,2
2021-04-09 15:07:37.722,16838,16839,16839,1,1
2021-04-09 15:07:44.459,16838,16839,16839,1,1
2021-04-09 15:07:44.460,16838,16839,16839,1,1
2021-04-09 15:07:44.942,16838,16839,16839,2,2
2021-04-09 15:07:48.568,16839,16840,16839,1,-1
2021-04-09 15:07:49.801,16839,16840,16840,1,1
2021-04-09 15:07:49.802,16839,16840,16840,1,1
2021-04-09 15:07:49.945,16839,16840,16840,1,1
2021-04-09 15:07:49.945,16839,16840,16840,1,1
2021-04-09 15:07:52.986,16839,16840,16840,1,1
2021-04-09 15:07:52.987,16839,16840,16840,1,1
2021-04-09 15:07:53.277,16839,16840,16840,1,1
2021-04-09 15:07:53.278,16839,16840,16840,1,1
2021-04-09 15:07:55.202,16839,16840,16840,1,1
2021-04-09 15:07:56.541,16839,16840,16840,1,1
2021-04-09 15:07:56.575,16839,16840,16840,1,1
2021-04-09 15:07:56.613,16839,16840,16841,1,1
2021-04-09 15:08:01.721,16840,16841,16840,1,-1
2021-04-09 15:08:03.219,16840,16841,16840,1,-1
2021-04-09 15:08:03.707,16840,16841,16841,1,1
2021-04-09 15:08:05.231,16840,16841,16841,1,1
2021-04-09 15:08:06.978,16840,16841,16840,2,-2
2021-04-09 15:08:07.289,16840,16841,16841,1,1
2021-04-09 15:08:08.260,16840,16841,16841,1,1
2021-04-09 15:08:08.801,16840,16841,16841,1,1
2021-04-09 15:08:09.477,16840,16841,16840,1,-1
2021-04-09 15:08:09.568,16839,16840,16840,1,1
2021-04-09 15:08:11.834,16839,16840,16839,2,-2
2021-04-09 15:08:16.194,16838,16839,16839,1,1
2021-04-09 15:08:17.928,16838,16839,16839,1,1
2021-04-09 15:08:28.340,16839,16840,16839,1,-1
2021-04-09 15:08:29.435,16839,16840,16839,1,-1
2021-04-09 15:08:41.315,16839,16840,16839,1,-1
2021-04-09 15:08:41.663,16838,16840,16838,1,-1
2021-04-09 15:08:42.085,16838,16839,16838,3,-3
2021-04-09 15:08:42.089,16838,16839,16837,1,-1
2021-04-09 15:08:42.089,16838,16839,16837,1,-1
2021-04-09 15:08:55.793,16836,16837,16837,1,1
2021-04-09 15:08:59.832,16836,16837,16837,1,1
2021-04-09 15:09:03.986,16836,16837,16836,9,-9
2021-04-09 15:09:08.284,16835,16836,16836,3,3
2021-04-09 15:09:08.480,16835,16837,16835,1,-1
2021-04-09 15:09:15.074,16835,16836,16835,1,-1
2021-04-09 15:09:15.225,16835,16836,16835,1,-1
2021-04-09 15:09:15.227,16835,16836,16835,5,-5
2021-04-09 15:09:36.097,16834,16835,16834,1,-1
2021-04-09 15:09:37.743,16834,16835,16834,1,-1
2021-04-09 15:09:38.469,16834,16835,16835,1,1
2021-04-09 15:09:43.274,16834,16835,16834,1,-1
2021-04-09 15:09:49.116,16834,16835,16834,1,-1
2021-04-09 15:09:49.724,16834,16835,16835,1,1
2021-04-09 15:09:52.697,16834,16835,16834,1,-1
2021-04-09 15:09:56.919,16834,16835,16834,1,-1
2021-04-09 15:10:00.771,16833,16834,16833,10,-10
2021-04-09 15:10:01.784,16833,16834,16833,2,-2
2021-04-09 15:10:05.554,16832,16833,16833,1,1
2021-04-09 15:10:14.689,16833,16834,16833,6,-6
2021-04-09 15:10:15.644,16832,16833,16833,1,1
2021-04-09 15:10:15.644,16832,16833,16833,2,2
2021-04-09 15:10:15.645,16832,16833,16833,1,1
2021-04-09 15:10:16.103,16833,16834,16833,2,-2
2021-04-09 15:10:19.324,16833,16834,16834,7,7
2021-04-09 15:10:26.969,16834,16835,16834,1,-1
2021-04-09 15:10:48.785,16834,16835,16835,1,1
2021-04-09 15:11:01.691,16834,16835,16834,1,-1
2021-04-09 15:11:05.908,16834,16835,16835,7,7
2021-04-09 15:11:14.447,16834,16835,16834,1,-1
2021-04-09 15:11:17.621,16834,16835,16835,1,1
2021-04-09 15:11:27.237,16834,16836,16836,2,2
2021-04-09 15:11:39.046,16834,16835,16835,1,1
2021-04-09 15:11:40.314,16834,16835,16835,1,1
2021-04-09 15:11:41.377,16834,16835,16834,1,-1
2021-04-09 15:11:49.476,16834,16835,16834,5,-5
2021-04-09 15:11:49.476,16834,16835,16834,9,-9
2021-04-09 15:11:50.795,16833,16834,16834,1,1
2021-04-09 15:11:57.480,16833,16834,16833,1,-1
2021-04-09 15:12:02.330,16833,16834,16833,1,-1
2021-04-09 15:12:04.612,16833,16834,16833,1,-1
2021-04-09 15:12:05.017,16833,16834,16833,2,-2
2021-04-09 15:12:08.400,16833,16834,16834,3,3
2021-04-09 15:12:08.400,16833,16834,16835,7,7
2021-04-09 15:12:11.702,16834,16835,16835,1,1
2021-04-09 15:12:17.216,16835,16836,16835,1,-1
2021-04-09 15:12:19.795,16835,16836,16835,4,-4
2021-04-09 15:12:20.602,16834,16835,16835,1,1
2021-04-09 15:12:21.084,16834,16836,16836,2,2
2021-04-09 15:12:50.408,16835,16836,16835,4,-4
2021-04-09 15:12:57.932,16834,16835,16834,2,-2
2021-04-09 15:13:16.535,16833,16834,16833,1,-1
2021-04-09 15:13:44.041,16833,16834,16834,1,1
2021-04-09 15:13:58.984,16833,16834,16834,1,1
2021-04-09 15:14:10.677,16833,16834,16834,2,2
2021-04-09 15:14:19.726,16833,16834,16834,1,1
2021-04-09 15:14:35.616,16833,16834,16833,5,-5
2021-04-09 15:14:35.698,16833,16834,16834,1,1
2021-04-09 15:14:43.491,16833,16835,16834,1,-1
2021-04-09 15:14:52.704,16833,16834,16834,1,1
2021-04-09 15:15:05.572,16833,16834,16834,7,7
2021-04-09 15:15:05.665,16834,16835,16835,1,1
2021-04-09 15:15:05.669,16834,16835,16835,1,1
2021-04-09 15:15:05.669,16834,16835,16835,1,1
2021-04-09 15:15:05.669,16834,16835,16835,1,1
2021-04-09 15:15:05.675,16834,16835,16836,1,1
2021-04-09 15:15:05.813,16834,16836,16834,3,-3
2021-04-09 15:15:05.817,16834,16836,16834,2,-2
2021-04-09 15:15:05.890,16834,16836,16836,1,1
2021-04-09 15:15:05.892,16834,16836,16834,3,-3
2021-04-09 15:15:06.055,16834,16836,16836,1,1
2021-04-09 15:15:06.072,16834,16836,16836,1,1
2021-04-09 15:15:06.160,16834,16836,16836,1,1
2021-04-09 15:15:06.160,16834,16836,16836,1,1
2021-04-09 15:15:06.160,16834,16836,16836,1,1
2021-04-09 15:15:06.161,16834,16836,16836,1,1
2021-04-09 15:15:08.045,16835,16837,16835,1,-1
2021-04-09 15:15:08.083,16835,16837,16835,1,-1
2021-04-09 15:15:08.153,16835,16837,16835,1,-1
2021-04-09 15:15:08.160,16835,16837,16837,1,1
2021-04-09 15:15:08.160,16835,16837,16837,1,1
2021-04-09 15:15:08.161,16835,16837,16837,1,1
2021-04-09 15:15:08.161,16835,16837,16837,1,1
2021-04-09 15:15:08.162,16835,16837,16837,1,1
2021-04-09 15:15:08.162,16835,16837,16837,1,1
2021-04-09 15:15:08.162,16835,16837,16838,1,1
2021-04-09 15:15:08.162,16835,16837,16838,1,1
2021-04-09 15:15:23.411,16837,16838,16838,1,1
2021-04-09 15:15:24.445,16837,16838,16838,1,1
2021-04-09 15:15:24.535,16837,16838,16838,1,1
2021-04-09 15:15:24.535,16837,16838,16838,1,1
2021-04-09 15:15:24.535,16837,16838,16838,1,1
2021-04-09 15:15:24.536,16837,16838,16838,1,1
2021-04-09 15:15:24.536,16837,16838,16838,1,1
2021-04-09 15:15:24.536,16837,16838,16838,1,1
2021-04-09 15:15:24.536,16837,16838,16839,1,1
2021-04-09 15:15:24.536,16837,16838,16839,1,1
2021-04-09 15:15:24.536,16837,16838,16839,1,1
2021-04-09 15:15:24.536,16837,16838,16839,1,1
2021-04-09 15:15:24.536,16837,16838,16838,1,1
2021-04-09 15:15:24.536,16837,16838,16839,1,1
2021-04-09 15:15:24.537,16837,16838,16838,1,1
2021-04-09 15:15:24.537,16837,16838,16839,1,1
2021-04-09 15:15:24.537,16837,16838,16839,1,1
2021-04-09 15:15:24.537,16837,16838,16839,1,1
2021-04-09 15:15:24.537,16837,16838,16839,1,1
2021-04-09 15:15:24.538,16837,16838,16839,1,1
2021-04-09 15:15:34.834,16839,16840,16840,1,1
2021-04-09 15:15:42.219,16839,16840,16839,7,-7
2021-04-09 15:15:42.285,16838,16839,16839,1,1
2021-04-09 15:15:42.285,16838,16839,16839,1,1
2021-04-09 15:15:42.287,16838,16839,16839,1,1
2021-04-09 15:15:48.812,16838,16839,16838,1,-1
2021-04-09 15:15:48.910,16838,16839,16839,1,1
2021-04-09 15:15:48.911,16838,16839,16839,1,1
2021-04-09 15:15:49.134,16839,16840,16839,1,-1
2021-04-09 15:15:49.161,16838,16840,16840,1,1
2021-04-09 15:15:49.161,16838,16840,16840,1,1
2021-04-09 15:15:49.161,16838,16840,16840,1,1
2021-04-09 15:15:49.338,16839,16840,16840,3,3
2021-04-09 15:15:49.339,16839,16840,16840,1,1
2021-04-09 15:15:59.340,16839,16840,16839,1,-1
2021-04-09 15:16:04.240,16839,16840,16839,1,-1
2021-04-09 15:16:04.294,16839,16840,16840,1,1
2021-04-09 15:16:05.046,16839,16840,16840,4,4
2021-04-09 15:16:05.159,16840,16841,16840,1,-1
2021-04-09 15:16:05.160,16840,16841,16841,1,1
2021-04-09 15:16:05.160,16840,16841,16841,1,1
2021-04-09 15:16:05.160,16840,16841,16841,1,1
2021-04-09 15:16:05.160,16840,16841,16841,1,1
2021-04-09 15:16:05.161,16840,16841,16841,1,1
2021-04-09 15:16:05.162,16840,16841,16841,1,1
2021-04-09 15:16:17.562,16840,16841,16841,1,1
2021-04-09 15:16:18.072,16840,16841,16841,1,1
2021-04-09 15:16:18.073,16840,16841,16841,1,1
2021-04-09 15:16:18.160,16840,16841,16841,1,1
2021-04-09 15:16:18.160,16840,16841,16841,1,1
2021-04-09 15:16:18.160,16840,16841,16841,1,1
2021-04-09 15:16:18.160,16840,16841,16841,1,1
2021-04-09 15:16:18.160,16840,16841,16841,1,1
2021-04-09 15:16:18.161,16840,16841,16841,2,2
2021-04-09 15:16:18.162,16840,16841,16842,1,1
2021-04-09 15:16:18.162,16840,16841,16842,1,1
2021-04-09 15:16:18.162,16840,16841,16842,1,1
2021-04-09 15:16:18.162,16840,16841,16842,1,1
2021-04-09 15:16:18.525,16840,16842,16842,1,1
2021-04-09 15:16:23.284,16841,16842,16841,2,-2
2021-04-09 15:16:24.092,16840,16841,16841,1,1
2021-04-09 15:16:24.742,16841,16842,16842,1,1
2021-04-09 15:16:26.345,16841,16842,16842,1,1
2021-04-09 15:16:26.345,16841,16842,16842,1,1
2021-04-09 15:16:29.438,16841,16842,16842,8,8
2021-04-09 15:16:29.535,16842,16843,16843,1,1
2021-04-09 15:16:29.535,16842,16843,16843,1,1
2021-04-09 15:16:29.535,16842,16843,16843,1,1
2021-04-09 15:16:29.536,16842,16843,16843,1,1
2021-04-09 15:16:29.536,16842,16843,16843,1,1
2021-04-09 15:16:29.537,16842,16843,16843,1,1
2021-04-09 15:16:30.033,16842,16843,16842,1,-1
2021-04-09 15:16:32.856,16842,16843,16843,2,2
2021-04-09 15:16:38.831,16842,16843,16843,1,1
2021-04-09 15:16:38.831,16842,16843,16843,1,1
2021-04-09 15:16:38.832,16842,16843,16843,1,1
2021-04-09 15:16:45.950,16843,16844,16843,1,-1
2021-04-09 15:16:46.035,16843,16844,16844,1,1
2021-04-09 15:16:46.178,16843,16844,16844,2,2
2021-04-09 15:16:46.179,16843,16844,16844,1,1
2021-04-09 15:16:47.014,16843,16844,16843,1,-1
2021-04-09 15:16:47.035,16842,16843,16843,1,1
2021-04-09 15:16:47.035,16842,16843,16843,1,1
2021-04-09 15:16:47.115,16842,16843,16843,2,2
2021-04-09 15:16:48.747,16843,16844,16844,1,1
2021-04-09 15:16:48.747,16843,16844,16844,1,1
2021-04-09 15:16:49.229,16843,16845,16844,1,-1
2021-04-09 15:16:50.290,16843,16845,16843,1,-1
2021-04-09 15:16:50.403,16843,16845,16845,2,2
2021-04-09 15:16:50.451,16843,16845,16845,1,1
2021-04-09 15:16:55.260,16844,16845,16844,1,-1
2021-04-09 15:16:57.116,16844,16845,16845,2,2
2021-04-09 15:16:57.116,16844,16845,16845,1,1
2021-04-09 15:16:58.082,16844,16845,16844,1,-1
2021-04-09 15:17:01.686,16844,16845,16845,1,1
2021-04-09 15:17:01.686,16844,16845,16845,1,1
2021-04-09 15:17:02.263,16844,16845,16845,2,2
2021-04-09 15:17:02.263,16844,16845,16845,1,1
2021-04-09 15:17:02.714,16844,16845,16844,1,-1
2021-04-09 15:17:11.087,16844,16845,16844,1,-1
2021-04-09 15:17:14.333,16844,16845,16845,1,1
2021-04-09 15:17:14.715,16844,16845,16844,1,-1
2021-04-09 15:17:15.038,16844,16845,16845,1,1
2021-04-09 15:17:18.115,16844,16845,16845,1,1
2021-04-09 15:17:19.542,16844,16845,16844,1,-1
2021-04-09 15:17:20.112,16844,16845,16845,3,3
2021-04-09 15:17:26.126,16845,16846,16845,1,-1
2021-04-09 15:17:27.457,16845,16846,16845,1,-1
2021-04-09 15:17:28.272,16845,16846,16845,1,-1
2021-04-09 15:17:28.430,16844,16845,16845,1,1
2021-04-09 15:17:28.905,16844,16846,16844,1,-1
2021-04-09 15:17:29.321,16844,16845,16845,4,4
2021-04-09 15:17:29.321,16844,16845,16845,1,1
2021-04-09 15:17:29.852,16844,16845,16845,1,1
2021-04-09 15:17:30.042,16845,16846,16845,1,-1
2021-04-09 15:17:30.570,16844,16845,16845,1,1
2021-04-09 15:17:33.725,16845,16846,16845,1,-1
2021-04-09 15:17:39.402,16844,16845,16845,1,1
2021-04-09 15:17:39.403,16844,16845,16845,1,1
2021-04-09 15:17:49.410,16844,16845,16845,1,1
2021-04-09 15:17:49.891,16844,16845,16845,1,1
2021-04-09 15:17:52.098,16844,16845,16845,1,1
2021-04-09 15:17:53.436,16844,16845,16844,1,-1
2021-04-09 15:17:54.178,16844,16845,16845,1,1
2021-04-09 15:17:56.508,16844,16845,16845,1,1
2021-04-09 15:17:58.533,16844,16845,16844,13,-13
2021-04-09 15:18:02.224,16843,16844,16843,1,-1
2021-04-09 15:18:03.107,16843,16844,16843,2,-2
2021-04-09 15:18:03.747,16842,16844,16844,2,2
2021-04-09 15:18:14.632,16842,16843,16842,4,-4
2021-04-09 15:18:16.402,16841,16842,16842,1,1
2021-04-09 15:18:16.536,16842,16843,16842,1,-1
2021-04-09 15:18:20.557,16842,16843,16842,2,-2
2021-04-09 15:18:32.979,16840,16841,16841,1,1
2021-04-09 15:18:42.368,16841,16842,16841,1,-1
2021-04-09 15:18:43.979,16840,16841,16841,1,1
2021-04-09 15:18:46.556,16840,16841,16840,1,-1
2021-04-09 15:18:52.836,16840,16841,16841,3,3
2021-04-09 15:18:55.828,16841,16842,16841,1,-1
2021-04-09 15:19:23.537,16840,16841,16840,1,-1
2021-04-09 15:19:24.619,16840,16841,16840,5,-5
2021-04-09 15:19:31.786,16839,16840,16840,1,1
2021-04-09 15:19:36.861,16839,16840,16840,1,1
2021-04-09 15:19:42.170,16839,16840,16840,1,1
2021-04-09 15:20:05.378,16840,16841,16841,2,2
2021-04-09 15:20:06.066,16840,16841,16840,4,-4
2021-04-09 15:20:12.498,16840,16842,16842,1,1
2021-04-09 15:20:35.396,16841,16842,16841,1,-1
2021-04-09 15:20:38.445,16840,16841,16841,1,1
2021-04-09 15:20:41.279,16840,16842,16842,2,2
2021-04-09 15:20:43.365,16841,16842,16842,2,2
2021-04-09 15:20:44.497,16841,16843,16843,1,1
2021-04-09 15:20:44.869,16841,16843,16843,2,2
2021-04-09 15:20:45.420,16841,16843,16843,2,2
2021-04-09 15:20:45.837,16842,16843,16843,1,1
2021-04-09 15:20:45.837,16842,16843,16844,1,1
2021-04-09 15:20:54.732,16842,16843,16843,1,1
2021-04-09 15:20:58.085,16842,16844,16844,1,1
2021-04-09 15:21:02.398,16843,16844,16844,1,1
2021-04-09 15:21:04.296,16843,16844,16844,1,1
2021-04-09 15:21:04.702,16843,16844,16843,1,-1
2021-04-09 15:21:09.654,16842,16844,16844,1,1
2021-04-09 15:21:12.576,16842,16844,16844,1,1
2021-04-09 15:21:21.710,16842,16843,16842,5,-5
2021-04-09 15:21:41.167,16840,16841,16841,2,2
2021-04-09 15:21:41.575,16841,16842,16841,1,-1
2021-04-09 15:21:44.682,16840,16842,16840,1,-1
2021-04-09 15:21:54.488,16841,16842,16841,1,1
2021-04-09 15:21:59.361,16841,16842,16841,1,-1
2021-04-09 15:22:02.310,16841,16842,16842,1,1
2021-04-09 15:22:12.661,16841,16842,16842,2,2
2021-04-09 15:22:15.079,16842,16843,16843,1,1
2021-04-09 15:22:17.773,16842,16843,16842,1,-1
2021-04-09 15:22:25.463,16842,16843,16842,1,-1
2021-04-09 15:22:29.276,16842,16843,16843,1,1
2021-04-09 15:22:34.660,16842,16843,16843,9,9
2021-04-09 15:22:34.951,16843,16844,16844,2,2
2021-04-09 15:22:38.770,16844,16845,16845,1,1
2021-04-09 15:22:39.181,16844,16845,16845,2,2
2021-04-09 15:22:39.182,16844,16845,16845,4,4
2021-04-09 15:22:56.748,16844,16846,16846,1,1
2021-04-09 15:22:56.872,16844,16846,16846,1,1
2021-04-09 15:22:57.256,16844,16846,16846,2,2
2021-04-09 15:22:58.206,16844,16846,16846,1,1
2021-04-09 15:23:00.585,16844,16846,16846,1,1
2021-04-09 15:23:06.537,16845,16846,16846,1,1
2021-04-09 15:23:09.172,16845,16846,16846,1,1
2021-04-09 15:23:10.210,16845,16846,16846,6,6
2021-04-09 15:23:10.210,16845,16846,16846,1,1
2021-04-09 15:23:10.211,16845,16846,16846,1,1
2021-04-09 15:23:10.212,16845,16846,16846,3,3
2021-04-09 15:23:10.460,16846,16847,16846,1,-1
2021-04-09 15:23:10.638,16846,16847,16846,1,-1
2021-04-09 15:23:14.446,16846,16847,16847,1,1
2021-04-09 15:23:14.650,16846,16847,16847,1,1
2021-04-09 15:23:14.720,16846,16847,16847,1,1
2021-04-09 15:23:14.813,16846,16847,16847,1,1
2021-04-09 15:23:14.918,16846,16847,16847,1,1
2021-04-09 15:23:18.885,16846,16847,16846,1,-1
2021-04-09 15:23:24.138,16846,16847,16846,1,-1
2021-04-09 15:23:26.663,16846,16847,16846,1,-1
2021-04-09 15:23:44.286,16846,16847,16846,1,-1
2021-04-09 15:23:46.271,16846,16847,16846,1,-1
2021-04-09 15:23:50.553,16846,16847,16846,10,-10
2021-04-09 15:23:52.828,16845,16846,16845,7,-7
2021-04-09 15:24:01.977,16844,16845,16844,1,-1
2021-04-09 15:24:05.084,16844,16845,16845,1,1
2021-04-09 15:24:06.900,16844,16845,16845,3,3
2021-04-09 15:24:06.901,16844,16845,16845,1,1
2021-04-09 15:24:06.901,16844,16845,16845,1,1
2021-04-09 15:24:10.253,16844,16845,16844,1,-1
2021-04-09 15:24:12.848,16844,16845,16844,3,-3
2021-04-09 15:24:12.848,16844,16845,16844,4,-4
2021-04-09 15:24:17.204,16843,16844,16843,1,-1
2021-04-09 15:24:17.205,16843,16844,16843,1,-1
2021-04-09 15:24:22.200,16842,16843,16842,1,-1
2021-04-09 15:24:42.796,16842,16843,16843,1,1
2021-04-09 15:25:10.658,16842,16843,16842,5,-5
2021-04-09 15:25:18.233,16841,16842,16841,1,-1
2021-04-09 15:25:44.244,16841,16842,16842,2,2
2021-04-09 15:25:49.087,16842,16843,16842,1,-1
2021-04-09 15:25:55.386,16842,16843,16842,1,-1
2021-04-09 15:26:15.180,16842,16843,16842,3,-3
2021-04-09 15:26:19.206,16842,16843,16842,3,-3
2021-04-09 15:26:25.536,16842,16843,16843,2,2
2021-04-09 15:26:28.031,16843,16844,16844,1,1
2021-04-09 15:26:28.032,16843,16844,16844,1,1
2021-04-09 15:26:28.377,16844,16845,16844,1,-1
2021-04-09 15:26:35.417,16845,16846,16846,1,1
2021-04-09 15:26:35.418,16845,16846,16846,1,1
2021-04-09 15:26:35.826,16845,16847,16847,1,1
2021-04-09 15:26:36.020,16845,16847,16847,1,1
2021-04-09 15:26:36.392,16845,16847,16847,1,1
2021-04-09 15:26:36.430,16846,16847,16847,1,1
2021-04-09 15:26:36.634,16846,16847,16847,1,1
2021-04-09 15:26:36.634,16846,16847,16847,1,1
2021-04-09 15:26:36.861,16846,16847,16847,1,1
2021-04-09 15:26:36.937,16846,16847,16847,1,1
2021-04-09 15:26:37.008,16846,16847,16847,1,1
2021-04-09 15:26:37.029,16846,16847,16847,1,1
2021-04-09 15:26:37.121,16846,16847,16847,1,1
2021-04-09 15:26:37.215,16846,16847,16847,1,1
2021-04-09 15:26:37.247,16846,16847,16847,1,1
2021-04-09 15:26:37.329,16846,16847,16847,1,1
2021-04-09 15:26:37.329,16846,16847,16847,4,4
2021-04-09 15:26:41.532,16847,16848,16847,2,-2
2021-04-09 15:26:41.633,16847,16848,16847,1,-1
2021-04-09 15:26:41.634,16847,16848,16847,1,-1
2021-04-09 15:26:43.473,16845,16846,16846,1,1
2021-04-09 15:26:47.901,16844,16846,16846,4,4
2021-04-09 15:26:55.533,16845,16846,16846,1,1
2021-04-09 15:26:55.750,16845,16847,16847,1,1
2021-04-09 15:26:58.078,16845,16847,16847,1,1
2021-04-09 15:27:06.215,16846,16847,16847,1,1
2021-04-09 15:27:06.216,16846,16847,16847,1,1
2021-04-09 15:27:06.216,16846,16847,16847,1,1
2021-04-09 15:27:16.496,16847,16848,16847,1,-1
2021-04-09 15:27:19.494,16847,16848,16847,1,-1
2021-04-09 15:27:20.918,16847,16848,16848,2,2
2021-04-09 15:27:21.057,16847,16848,16848,1,1
2021-04-09 15:27:21.058,16847,16848,16848,1,1
2021-04-09 15:27:21.236,16847,16848,16848,1,1
2021-04-09 15:27:21.236,16847,16848,16848,1,1
2021-04-09 15:27:21.294,16847,16848,16848,1,1
2021-04-09 15:27:21.294,16847,16848,16848,1,1
2021-04-09 15:27:21.354,16847,16848,16848,1,1
2021-04-09 15:27:21.354,16847,16848,16848,1,1
2021-04-09 15:27:21.408,16847,16848,16848,17,17
2021-04-09 15:27:21.485,16847,16848,16849,1,1
2021-04-09 15:27:21.485,16847,16848,16849,1,1
2021-04-09 15:27:22.350,16847,16849,16848,1,-1
2021-04-09 15:27:29.151,16847,16848,16848,1,1
2021-04-09 15:27:29.152,16847,16848,16848,1,1
2021-04-09 15:27:29.152,16847,16848,16848,1,1
2021-04-09 15:27:30.151,16847,16848,16848,1,1
2021-04-09 15:27:33.811,16847,16848,16848,1,1
2021-04-09 15:27:34.036,16847,16848,16848,1,1
2021-04-09 15:27:34.216,16847,16848,16848,2,2
2021-04-09 15:27:38.271,16848,16849,16848,1,-1
2021-04-09 15:27:47.137,16847,16848,16848,1,1
2021-04-09 15:27:47.380,16847,16848,16848,1,1
2021-04-09 15:27:49.629,16847,16848,16848,1,1
2021-04-09 15:27:49.634,16847,16848,16848,2,2
2021-04-09 15:27:50.506,16847,16849,16847,2,-2
2021-04-09 15:27:50.993,16847,16848,16847,3,-3
2021-04-09 15:27:54.073,16847,16848,16848,1,1
2021-04-09 15:27:55.515,16847,16848,16847,1,-1
2021-04-09 15:27:55.516,16847,16848,16847,1,-1
2021-04-09 15:27:55.516,16847,16848,16847,1,-1
2021-04-09 15:28:04.620,16847,16848,16848,2,2
2021-04-09 15:28:10.209,16847,16848,16847,1,-1
2021-04-09 15:28:12.759,16847,16848,16847,1,-1
2021-04-09 15:28:32.267,16846,16847,16847,1,1
2021-04-09 15:28:33.277,16846,16847,16847,1,1
2021-04-09 15:28:36.308,16846,16847,16847,1,1
2021-04-09 15:28:38.417,16846,16847,16847,1,1
2021-04-09 15:28:42.694,16846,16847,16847,1,1
2021-04-09 15:28:44.135,16846,16847,16847,1,1
2021-04-09 15:28:53.491,16846,16847,16847,1,1
2021-04-09 15:28:55.768,16846,16847,16847,1,1
2021-04-09 15:28:58.102,16846,16847,16846,2,-2
2021-04-09 15:29:12.540,16846,16847,16846,1,-1
2021-04-09 15:29:23.672,16845,16846,16845,7,-7
2021-04-09 15:29:24.639,16844,16845,16845,1,1
2021-04-09 15:29:26.021,16844,16845,16844,2,-2
2021-04-09 15:29:31.891,16843,16844,16844,1,1
2021-04-09 15:29:37.721,16843,16844,16843,1,-1
2021-04-09 15:29:37.721,16843,16844,16843,2,-2
2021-04-09 15:29:37.830,16842,16844,16843,1,-1
2021-04-09 15:29:37.830,16842,16844,16844,1,1
2021-04-09 15:29:41.823,16842,16843,16842,1,-1
2021-04-09 15:29:41.823,16842,16843,16842,1,-1
2021-04-09 15:29:41.825,16842,16843,16842,5,-5
2021-04-09 15:29:49.260,16841,16842,16842,1,1
2021-04-09 15:29:54.811,16842,16843,16843,2,2
2021-04-09 15:30:06.255,16842,16843,16842,2,-2
2021-04-09 15:30:06.353,16842,16843,16842,1,-1
2021-04-09 15:30:07.346,16842,16843,16842,1,-1
2021-04-09 15:30:09.981,16842,16843,16843,1,1
2021-04-09 15:30:15.761,16842,16843,16842,1,-1
2021-04-09 15:30:16.757,16842,16843,16843,1,1
2021-04-09 15:30:18.254,16842,16843,16842,1,-1
2021-04-09 15:30:18.255,16842,16843,16842,4,-4
2021-04-09 15:30:24.519,16842,16843,16842,2,-2
2021-04-09 15:30:57.810,16842,16843,16842,1,-1
2021-04-09 15:31:00.241,16842,16843,16842,3,-3
2021-04-09 15:31:00.287,16841,16843,16843,1,1
2021-04-09 15:31:00.289,16841,16843,16843,1,1
2021-04-09 15:31:04.565,16841,16842,16842,1,1
2021-04-09 15:31:04.660,16841,16842,16842,1,1
2021-04-09 15:31:04.660,16841,16842,16843,1,1
2021-04-09 15:31:04.661,16841,16842,16843,1,1
2021-04-09 15:31:04.661,16841,16842,16843,1,1
2021-04-09 15:31:04.661,16841,16842,16843,1,1
2021-04-09 15:31:04.661,16841,16842,16843,1,1
2021-04-09 15:31:04.661,16841,16842,16843,1,1
2021-04-09 15:31:04.661,16841,16842,16843,1,1
2021-04-09 15:31:04.661,16841,16842,16844,1,1
2021-04-09 15:31:04.662,16841,16842,16844,1,1
2021-04-09 15:31:04.662,16841,16842,16845,1,1
2021-04-09 15:31:04.662,16841,16842,16845,1,1
2021-04-09 15:31:04.663,16841,16842,16845,1,1
2021-04-09 15:31:04.663,16841,16842,16844,1,1
2021-04-09 15:31:04.663,16841,16842,16844,1,1
2021-04-09 15:31:04.665,16841,16842,16844,1,1
2021-04-09 15:31:04.665,16841,16842,16845,1,1
2021-04-09 15:31:04.665,16841,16842,16845,1,1
2021-04-09 15:31:04.665,16841,16842,16845,1,1
2021-04-09 15:31:04.665,16841,16842,16846,1,1
2021-04-09 15:31:04.665,16841,16842,16846,1,1
2021-04-09 15:31:04.665,16841,16842,16846,1,1
2021-04-09 15:31:04.665,16841,16842,16846,1,1
2021-04-09 15:31:04.665,16841,16842,16845,1,1
2021-04-09 15:31:04.665,16841,16842,16845,1,1
2021-04-09 15:31:04.665,16841,16842,16845,1,1
2021-04-09 15:31:04.703,16841,16842,16845,1,1
2021-04-09 15:31:04.704,16841,16842,16845,1,1
2021-04-09 15:31:04.707,16841,16842,16845,1,1
2021-04-09 15:31:04.709,16841,16842,16845,1,1
2021-04-09 15:31:08.559,16843,16846,16843,1,-1
2021-04-09 15:31:14.753,16843,16844,16844,2,2
2021-04-09 15:31:14.796,16843,16845,16843,1,-1
2021-04-09 15:31:24.333,16842,16844,16844,1,1
2021-04-09 15:31:53.096,16843,16844,16843,2,-2
2021-04-09 15:31:53.160,16842,16843,16843,1,1
2021-04-09 15:31:53.160,16842,16843,16843,2,2
2021-04-09 15:31:53.888,16842,16844,16844,1,1
2021-04-09 15:32:04.672,16843,16845,16845,1,1
2021-04-09 15:32:04.787,16843,16845,16845,1,1
2021-04-09 15:32:30.456,16844,16845,16845,1,1
2021-04-09 15:32:40.064,16844,16845,16844,1,-1
2021-04-09 15:32:40.160,16843,16845,16845,1,1
2021-04-09 15:32:43.326,16843,16845,16844,1,-1
2021-04-09 15:32:48.752,16844,16845,16844,1,-1
2021-04-09 15:33:04.263,16843,16844,16843,1,-1
2021-04-09 15:33:06.071,16842,16843,16842,1,-1
2021-04-09 15:33:12.192,16842,16843,16842,3,-3
2021-04-09 15:33:12.192,16842,16843,16841,7,-7
2021-04-09 15:33:18.936,16841,16842,16841,1,-1
2021-04-09 15:33:24.351,16841,16842,16841,3,-3
2021-04-09 15:33:24.351,16841,16842,16840,17,-17
2021-04-09 15:33:33.199,16840,16842,16840,1,-1
2021-04-09 15:33:35.697,16840,16842,16840,2,-2
2021-04-09 15:33:46.295,16840,16841,16840,2,-2
2021-04-09 15:33:47.425,16840,16841,16840,2,-2
2021-04-09 15:33:52.871,16840,16841,16840,3,-3
2021-04-09 15:34:14.654,16839,16840,16839,1,-1
2021-04-09 15:34:14.684,16839,16840,16839,1,-1
2021-04-09 15:34:14.838,16839,16840,16839,1,-1
2021-04-09 15:34:14.972,16839,16840,16839,1,-1
2021-04-09 15:34:15.299,16839,16840,16839,1,-1
2021-04-09 15:34:23.670,16839,16840,16840,11,11
2021-04-09 15:34:23.807,16840,16841,16841,1,1
2021-04-09 15:34:32.950,16841,16842,16841,1,-1
2021-04-09 15:34:52.453,16841,16842,16842,1,1
2021-04-09 15:34:55.540,16841,16842,16842,1,1
2021-04-09 15:35:02.344,16841,16842,16841,1,-1
2021-04-09 15:35:12.778,16841,16842,16841,3,-3
2021-04-09 15:35:20.137,16840,16841,16840,1,-1
2021-04-09 15:35:22.962,16840,16841,16840,1,-1
2021-04-09 15:35:35.244,16840,16841,16840,1,-1
2021-04-09 15:35:36.704,16840,16841,16840,1,-1
2021-04-09 15:35:39.189,16840,16841,16840,2,-2
2021-04-09 15:35:46.206,16839,16840,16839,1,-1
2021-04-09 15:35:46.372,16839,16840,16839,1,-1
2021-04-09 15:35:52.045,16839,16840,16839,5,-5
2021-04-09 15:35:55.701,16838,16839,16838,1,-1
2021-04-09 15:35:56.007,16838,16839,16838,1,-1
2021-04-09 15:35:56.007,16838,16839,16838,1,-1
2021-04-09 15:35:56.007,16838,16839,16838,1,-1
2021-04-09 15:35:56.007,16838,16839,16838,2,-2
2021-04-09 15:35:56.008,16838,16839,16838,4,-4
2021-04-09 15:35:57.531,16837,16838,16838,1,1
2021-04-09 15:35:59.055,16838,16839,16838,1,-1
2021-04-09 15:36:02.370,16837,16838,16837,1,-1
2021-04-09 15:36:02.443,16837,16838,16837,2,-2
2021-04-09 15:36:02.443,16837,16838,16836,3,-3
2021-04-09 15:36:02.530,16837,16838,16836,1,-1
2021-04-09 15:36:04.356,16837,16838,16837,2,2
2021-04-09 15:36:05.204,16836,16837,16836,1,-1
2021-04-09 15:36:05.822,16836,16837,16837,1,1
2021-04-09 15:36:08.740,16836,16837,16836,1,-1
2021-04-09 15:36:09.355,16836,16837,16837,1,1
2021-04-09 15:36:09.941,16836,16837,16837,1,1
2021-04-09 15:36:09.942,16836,16837,16837,1,1
2021-04-09 15:36:09.942,16836,16837,16837,1,1
2021-04-09 15:36:09.942,16836,16837,16837,2,2
2021-04-09 15:36:09.942,16836,16837,16837,1,1
2021-04-09 15:36:09.942,16836,16837,16837,1,1
2021-04-09 15:36:09.942,16836,16837,16837,2,2
2021-04-09 15:36:11.033,16837,16838,16837,3,-3
2021-04-09 15:36:12.868,16837,16838,16837,1,-1
2021-04-09 15:36:13.275,16837,16838,16837,1,-1
2021-04-09 15:36:13.275,16837,16838,16836,1,-1
2021-04-09 15:36:14.402,16836,16837,16837,1,1
2021-04-09 15:36:20.081,16836,16837,16836,2,-2
2021-04-09 15:36:21.349,16836,16837,16837,1,1
2021-04-09 15:36:21.734,16836,16837,16836,2,-2
2021-04-09 15:36:23.692,16836,16837,16837,3,3
2021-04-09 15:36:24.053,16837,16838,16837,1,-1
2021-04-09 15:36:25.113,16837,16838,16838,1,1
2021-04-09 15:36:25.352,16837,16838,16837,2,-2
2021-04-09 15:36:26.367,16837,16838,16837,2,-2
2021-04-09 15:36:27.877,16837,16838,16837,1,-1
2021-04-09 15:36:32.882,16837,16838,16837,1,-1
2021-04-09 15:36:38.474,16837,16838,16838,1,1
2021-04-09 15:36:38.516,16837,16838,16839,1,1
2021-04-09 15:36:52.767,16838,16839,16838,1,-1
2021-04-09 15:37:07.098,16837,16838,16838,2,2
2021-04-09 15:37:18.339,16839,16840,16840,2,2
2021-04-09 15:37:18.339,16839,16840,16840,1,1
2021-04-09 15:37:37.236,16839,16840,16840,2,2
2021-04-09 15:38:05.414,16839,16840,16840,2,2
2021-04-09 15:38:08.024,16840,16841,16841,1,1
2021-04-09 15:38:08.024,16840,16841,16841,1,1
2021-04-09 15:38:08.024,16840,16841,16841,1,1
2021-04-09 15:38:08.024,16840,16841,16841,4,4
2021-04-09 15:38:18.172,16841,16842,16842,1,1
2021-04-09 15:38:18.172,16841,16842,16843,1,1
2021-04-09 15:38:22.053,16842,16843,16843,1,1
2021-04-09 15:38:25.908,16842,16843,16843,2,2
2021-04-09 15:38:29.438,16843,16844,16844,1,1
2021-04-09 15:38:29.438,16843,16844,16844,1,1
2021-04-09 15:38:29.968,16843,16845,16843,1,-1
2021-04-09 15:38:37.661,16844,16845,16844,1,1
2021-04-09 15:38:57.928,16844,16845,16845,1,1
2021-04-09 15:38:59.026,16844,16845,16845,1,1
2021-04-09 15:39:00.274,16844,16845,16845,1,1
2021-04-09 15:39:00.274,16844,16845,16845,1,1
2021-04-09 15:39:01.387,16844,16846,16844,1,-1
2021-04-09 15:39:05.729,16844,16846,16846,1,1
2021-04-09 15:39:05.812,16844,16846,16846,1,1
2021-04-09 15:39:07.945,16844,16846,16846,1,1
2021-04-09 15:39:13.304,16845,16846,16845,1,-1
2021-04-09 15:39:20.861,16844,16846,16846,9,9
2021-04-09 15:39:20.908,16846,16847,16847,9,9
2021-04-09 15:39:25.742,16846,16848,16846,1,-1
2021-04-09 15:39:25.743,16846,16848,16846,5,-5
2021-04-09 15:39:25.743,16846,16848,16846,16,-16
2021-04-09 15:39:26.107,16845,16846,16846,1,1
2021-04-09 15:39:30.102,16845,16846,16845,1,-1
2021-04-09 15:39:30.701,16845,16846,16845,1,-1
2021-04-09 15:39:31.890,16845,16846,16845,1,-1
2021-04-09 15:39:31.890,16845,16846,16845,1,-1
2021-04-09 15:39:31.890,16845,16846,16845,1,-1
2021-04-09 15:39:33.722,16844,16846,16846,5,5
2021-04-09 15:39:43.618,16845,16846,16845,1,-1
2021-04-09 15:39:46.802,16845,16846,16846,2,2
2021-04-09 15:39:50.009,16845,16846,16846,2,2
2021-04-09 15:40:01.526,16845,16846,16845,1,-1
2021-04-09 15:40:01.526,16845,16846,16845,2,-2
2021-04-09 15:40:01.818,16844,16846,16846,1,1
2021-04-09 15:40:01.821,16844,16846,16846,1,1
2021-04-09 15:40:05.883,16844,16846,16846,1,1
2021-04-09 15:40:18.123,16844,16846,16846,1,1
2021-04-09 15:40:27.409,16845,16846,16846,1,1
2021-04-09 15:40:27.409,16845,16846,16846,1,1
2021-04-09 15:40:27.409,16845,16846,16846,1,1
2021-04-09 15:40:27.409,16845,16846,16846,3,3
2021-04-09 15:40:27.409,16845,16846,16846,1,1
2021-04-09 15:40:30.426,16846,16847,16846,1,-1
2021-04-09 15:40:59.646,16846,16847,16846,1,-1
2021-04-09 15:41:00.074,16846,16847,16846,1,-1
2021-04-09 15:41:00.994,16846,16847,16846,1,-1
2021-04-09 15:41:05.203,16845,16846,16846,1,1
2021-04-09 15:41:06.689,16845,16847,16846,1,-1
2021-04-09 15:41:11.965,16845,16846,16846,1,1
2021-04-09 15:41:13.740,16845,16846,16846,1,1
2021-04-09 15:41:20.556,16845,16847,16847,1,1
2021-04-09 15:41:35.169,16845,16846,16846,1,1
2021-04-09 15:41:35.169,16845,16846,16847,1,1
2021-04-09 15:41:47.839,16846,16847,16846,1,-1
2021-04-09 15:41:51.082,16845,16847,16847,1,1
2021-04-09 15:41:57.419,16846,16847,16847,4,4
2021-04-09 15:42:07.945,16847,16848,16847,1,-1
2021-04-09 15:42:10.784,16847,16848,16847,1,-1
2021-04-09 15:42:14.227,16847,16848,16847,2,-2
2021-04-09 15:42:18.036,16847,16848,16848,1,1
2021-04-09 15:42:18.052,16847,16848,16848,1,1
2021-04-09 15:42:18.053,16847,16848,16848,1,1
2021-04-09 15:42:18.053,16847,16848,16848,12,12
2021-04-09 15:42:18.053,16847,16848,16848,3,3
2021-04-09 15:42:18.534,16848,16849,16849,12,12
2021-04-09 15:42:18.534,16848,16849,16849,1,1
2021-04-09 15:42:18.534,16848,16849,16849,1,1
2021-04-09 15:42:18.535,16848,16849,16849,1,1
2021-04-09 15:42:18.535,16848,16849,16849,7,7
2021-04-09 15:42:18.535,16848,16849,16849,1,1
2021-04-09 15:42:18.535,16848,16849,16849,1,1
2021-04-09 15:42:18.535,16848,16849,16849,2,2
2021-04-09 15:42:18.535,16848,16849,16849,1,1
2021-04-09 15:42:18.535,16848,16849,16849,1,1
2021-04-09 15:42:18.535,16848,16849,16849,1,1
2021-04-09 15:42:18.808,16849,16850,16850,1,1
2021-04-09 15:42:18.884,16849,16850,16849,1,-1
2021-04-09 15:42:18.922,16849,16850,16850,1,1
2021-04-09 15:42:18.933,16849,16850,16850,1,1
2021-04-09 15:42:18.962,16849,16850,16850,1,1
2021-04-09 15:42:18.965,16849,16850,16850,1,1
2021-04-09 15:42:18.971,16849,16850,16850,3,3
2021-04-09 15:42:19.004,16849,16850,16850,1,1
2021-04-09 15:42:19.226,16849,16850,16850,2,2
2021-04-09 15:42:19.226,16849,16850,16850,1,1
2021-04-09 15:42:19.245,16849,16850,16850,1,1
2021-04-09 15:42:19.283,16849,16850,16850,47,47
2021-04-09 15:42:19.285,16849,16850,16851,1,1
2021-04-09 15:42:19.285,16849,16850,16851,5,5
2021-04-09 15:42:19.286,16849,16850,16851,13,13
2021-04-09 15:42:19.286,16849,16850,16852,1,1
2021-04-09 15:42:19.326,16849,16850,16852,1,1
2021-04-09 15:42:19.377,16849,16850,16852,1,1
2021-04-09 15:42:19.378,16849,16850,16852,1,1
2021-04-09 15:42:19.379,16849,16850,16852,1,1
2021-04-09 15:42:19.402,16849,16850,16852,1,1
2021-04-09 15:42:19.500,16851,16852,16852,1,1
2021-04-09 15:42:19.501,16851,16852,16852,1,1
2021-04-09 15:42:19.590,16851,16852,16852,1,1
2021-04-09 15:42:19.591,16851,16852,16852,1,1
2021-04-09 15:42:19.776,16851,16852,16852,1,1
2021-04-09 15:42:19.792,16851,16852,16852,1,1
2021-04-09 15:42:19.800,16851,16852,16852,1,1
2021-04-09 15:42:19.801,16851,16852,16852,10,10
2021-04-09 15:42:19.801,16851,16852,16852,1,1
2021-04-09 15:42:19.968,16852,16853,16853,1,1
2021-04-09 15:42:20.051,16852,16853,16853,1,1
2021-04-09 15:42:20.052,16852,16853,16853,1,1
2021-04-09 15:42:20.282,16852,16853,16853,1,1
2021-04-09 15:42:20.313,16852,16853,16853,1,1
2021-04-09 15:42:21.198,16852,16853,16853,1,1
2021-04-09 15:42:21.229,16852,16853,16853,1,1
2021-04-09 15:42:21.279,16852,16853,16853,1,1
2021-04-09 15:42:21.310,16852,16853,16853,1,1
2021-04-09 15:42:22.229,16852,16853,16852,4,-4
2021-04-09 15:42:25.367,16852,16853,16852,1,-1
2021-04-09 15:42:25.368,16852,16853,16852,1,-1
2021-04-09 15:42:25.368,16852,16853,16852,1,-1
2021-04-09 15:42:25.717,16851,16853,16851,1,-1
2021-04-09 15:42:26.500,16851,16852,16851,1,-1
2021-04-09 15:42:26.500,16851,16852,16851,1,-1
2021-04-09 15:42:27.753,16850,16852,16851,2,-2
2021-04-09 15:42:27.785,16849,16851,16851,1,1
2021-04-09 15:42:27.785,16849,16851,16851,1,1
2021-04-09 15:42:27.786,16849,16851,16851,1,1
2021-04-09 15:42:29.561,16849,16851,16851,2,2
2021-04-09 15:42:31.951,16849,16851,16851,2,2
2021-04-09 15:42:36.604,16849,16851,16850,1,-1
2021-04-09 15:42:46.077,16849,16850,16850,1,1
2021-04-09 15:42:46.161,16850,16851,16851,1,1
2021-04-09 15:42:48.315,16850,16851,16851,2,2
2021-04-09 15:42:48.315,16850,16851,16851,1,1
2021-04-09 15:42:48.315,16850,16851,16851,2,2
2021-04-09 15:42:48.411,16851,16852,16852,1,1
2021-04-09 15:42:49.104,16850,16852,16850,1,-1
2021-04-09 15:42:54.909,16850,16851,16850,1,-1
2021-04-09 15:42:54.909,16850,16851,16850,1,-1
2021-04-09 15:42:55.446,16849,16851,16851,3,3
2021-04-09 15:43:08.160,16849,16850,16849,3,-3
2021-04-09 15:43:10.797,16849,16850,16849,1,-1
2021-04-09 15:43:27.985,16849,16850,16849,1,-1
2021-04-09 15:43:38.827,16848,16849,16849,2,2
2021-04-09 15:43:38.828,16848,16849,16849,2,2
2021-04-09 15:43:38.828,16848,16849,16849,1,1
2021-04-09 15:43:38.910,16848,16850,16850,1,1
2021-04-09 15:43:46.197,16848,16850,16850,1,1
2021-04-09 15:43:51.550,16848,16850,16848,1,-1
2021-04-09 15:44:06.209,16848,16849,16849,1,1
2021-04-09 15:44:11.427,16849,16850,16849,1,-1
2021-04-09 15:44:19.480,16849,16850,16849,1,-1
2021-04-09 15:44:24.702,16849,16850,16849,1,-1
2021-04-09 15:44:25.738,16849,16850,16850,1,1
2021-04-09 15:44:35.314,16849,16850,16849,1,-1
2021-04-09 15:44:37.097,16848,16850,16850,6,6
2021-04-09 15:44:37.338,16848,16850,16850,4,4
2021-04-09 15:44:47.285,16849,16850,16849,1,-1
2021-04-09 15:44:58.691,16848,16849,16848,1,-1
2021-04-09 15:45:05.519,16848,16849,16848,1,-1
2021-04-09 15:45:06.195,16848,16849,16849,1,1
2021-04-09 15:45:06.285,16848,16849,16849,1,1
2021-04-09 15:45:06.287,16848,16849,16849,1,1
2021-04-09 15:45:08.843,16848,16849,16849,1,1
2021-04-09 15:45:08.843,16848,16849,16849,1,1
2021-04-09 15:45:08.843,16848,16849,16849,1,1
2021-04-09 15:45:09.271,16849,16850,16849,1,-1
2021-04-09 15:45:13.609,16848,16849,16849,1,1
2021-04-09 15:45:25.332,16848,16850,16849,1,-1
2021-04-09 15:45:36.397,16848,16849,16849,1,1
2021-04-09 15:45:36.397,16848,16849,16849,1,1
2021-04-09 15:45:36.410,16849,16850,16850,1,1
2021-04-09 15:45:36.411,16849,16850,16850,1,1
2021-04-09 15:45:36.581,16849,16850,16849,1,-1
2021-04-09 15:45:45.341,16849,16850,16849,1,-1
2021-04-09 15:45:51.470,16849,16850,16849,3,-3
2021-04-09 15:45:52.992,16848,16849,16849,1,1
2021-04-09 15:45:57.174,16848,16849,16849,2,2
2021-04-09 15:46:04.517,16849,16850,16850,1,1
2021-04-09 15:46:04.541,16849,16850,16850,1,1
2021-04-09 15:46:19.240,16849,16850,16850,1,1
2021-04-09 15:46:20.811,16849,16850,16850,1,1
2021-04-09 15:46:20.910,16849,16850,16850,1,1
2021-04-09 15:46:20.910,16849,16850,16850,1,1
2021-04-09 15:46:20.910,16849,16850,16850,1,1
2021-04-09 15:46:20.910,16849,16850,16850,1,1
2021-04-09 15:46:20.910,16849,16850,16850,1,1
2021-04-09 15:46:20.910,16849,16850,16850,1,1
2021-04-09 15:46:20.911,16849,16850,16850,1,1
2021-04-09 15:46:22.281,16849,16850,16850,1,1
2021-04-09 15:46:30.754,16849,16850,16850,1,1
2021-04-09 15:46:30.841,16849,16850,16849,5,-5
2021-04-09 15:46:45.711,16849,16850,16849,1,-1
2021-04-09 15:46:45.785,16849,16850,16850,1,1
2021-04-09 15:46:45.786,16849,16850,16850,1,1
2021-04-09 15:47:01.803,16848,16849,16849,1,1
2021-04-09 15:47:14.620,16849,16850,16850,1,1
2021-04-09 15:47:14.620,16849,16850,16850,2,2
2021-04-09 15:47:14.620,16849,16850,16850,2,2
2021-04-09 15:47:15.081,16850,16851,16850,1,-1
2021-04-09 15:47:15.809,16849,16851,16849,5,-5
2021-04-09 15:47:33.493,16850,16851,16850,1,1
2021-04-09 15:47:38.744,16850,16851,16850,1,-1
2021-04-09 15:47:39.348,16850,16851,16850,1,-1
2021-04-09 15:47:45.182,16849,16850,16850,1,1
2021-04-09 15:47:46.705,16849,16850,16850,1,1
2021-04-09 15:47:47.983,16849,16851,16850,1,-1
2021-04-09 15:48:02.259,16849,16850,16850,1,1
2021-04-09 15:48:03.349,16849,16850,16850,1,1
2021-04-09 15:48:04.427,16849,16850,16850,1,1
2021-04-09 15:48:13.252,16850,16851,16850,2,-2
2021-04-09 15:48:13.287,16849,16850,16850,1,1
2021-04-09 15:48:17.879,16849,16850,16849,5,-5
2021-04-09 15:48:33.018,16848,16849,16849,1,1
2021-04-09 15:48:33.018,16848,16849,16849,1,1
2021-04-09 15:48:44.224,16849,16850,16849,1,-1
2021-04-09 15:48:50.360,16849,16850,16849,1,-1
2021-04-09 15:48:50.632,16849,16850,16849,1,-1
2021-04-09 15:48:59.670,16848,16849,16849,1,1
2021-04-09 15:49:07.421,16848,16850,16850,1,1
2021-04-09 15:49:32.720,16849,16850,16850,1,1
2021-04-09 15:49:37.196,16849,16850,16850,4,4
2021-04-09 15:49:37.196,16849,16850,16851,1,1
2021-04-09 15:49:40.145,16850,16851,16851,5,5
2021-04-09 15:49:45.681,16850,16851,16851,2,2
2021-04-09 15:49:50.039,16850,16851,16850,1,-1
2021-04-09 15:49:59.052,16849,16851,16849,1,-1
2021-04-09 15:50:02.091,16850,16851,16850,1,1
2021-04-09 15:50:24.258,16849,16851,16850,1,-1
2021-04-09 15:50:36.923,16849,16850,16850,2,2
2021-04-09 15:50:38.219,16849,16850,16850,1,1
2021-04-09 15:50:39.450,16849,16850,16849,1,-1
2021-04-09 15:50:42.460,16849,16850,16850,3,3
2021-04-09 15:50:42.461,16849,16850,16850,1,1
2021-04-09 15:50:42.461,16849,16850,16850,1,1
2021-04-09 15:50:51.652,16849,16850,16849,34,-34
2021-04-09 15:50:51.653,16849,16850,16849,1,-1
2021-04-09 15:50:52.744,16848,16849,16849,1,1
2021-04-09 15:50:57.105,16848,16849,16848,1,-1
2021-04-09 15:50:57.105,16848,16849,16848,7,-7
2021-04-09 15:51:09.339,16848,16849,16848,1,-1
2021-04-09 15:51:14.421,16848,16849,16849,1,1
2021-04-09 15:51:14.990,16848,16850,16848,2,-2
2021-04-09 15:51:15.492,16848,16850,16848,1,-1
2021-04-09 15:51:16.058,16848,16850,16848,2,-2
2021-04-09 15:51:31.701,16847,16848,16848,1,1
2021-04-09 15:51:40.155,16848,16849,16848,1,-1
2021-04-09 15:51:47.765,16847,16848,16848,1,1
2021-04-09 15:51:59.822,16847,16848,16848,1,1
2021-04-09 15:52:00.189,16847,16848,16848,1,1
2021-04-09 15:52:01.311,16847,16849,16849,2,2
2021-04-09 15:52:04.364,16847,16849,16847,1,-1
2021-04-09 15:52:04.373,16847,16849,16849,1,1
2021-04-09 15:52:04.594,16847,16849,16847,1,-1
2021-04-09 15:52:23.454,16847,16848,16847,1,-1
2021-04-09 15:52:23.454,16847,16848,16847,1,-1
2021-04-09 15:52:23.454,16847,16848,16847,1,-1
2021-04-09 15:52:23.454,16847,16848,16847,1,-1
2021-04-09 15:52:23.455,16847,16848,16847,2,-2
2021-04-09 15:52:23.455,16847,16848,16847,1,-1
2021-04-09 15:52:23.455,16847,16848,16847,1,-1
2021-04-09 15:52:23.455,16847,16848,16847,1,-1
2021-04-09 15:52:23.455,16847,16848,16847,1,-1
2021-04-09 15:52:23.455,16847,16848,16847,1,-1
2021-04-09 15:52:23.455,16847,16848,16847,1,-1
2021-04-09 15:52:23.455,16847,16848,16847,1,-1
2021-04-09 15:52:23.455,16847,16848,16847,1,-1
2021-04-09 15:52:23.455,16847,16848,16847,1,-1
2021-04-09 15:52:23.455,16847,16848,16847,1,-1
2021-04-09 15:52:24.964,16846,16848,16848,1,1
2021-04-09 15:52:43.858,16846,16847,16847,1,1
2021-04-09 15:52:53.077,16847,16848,16847,1,-1
2021-04-09 15:52:53.077,16847,16848,16847,1,-1
2021-04-09 15:52:56.292,16846,16847,16847,1,1
2021-04-09 15:53:07.151,16846,16847,16847,1,1
2021-04-09 15:53:08.483,16847,16848,16847,1,-1
2021-04-09 15:53:15.379,16847,16848,16847,1,-1
2021-04-09 15:53:19.823,16847,16848,16847,1,-1
2021-04-09 15:53:24.302,16847,16848,16848,4,4
2021-04-09 15:53:24.303,16847,16848,16848,2,2
2021-04-09 15:53:32.507,16847,16849,16848,1,-1
2021-04-09 15:53:37.616,16847,16849,16848,1,-1
2021-04-09 15:53:42.319,16847,16849,16848,1,-1
2021-04-09 15:53:45.299,16847,16849,16849,1,1
2021-04-09 15:53:52.832,16848,16849,16849,1,1
2021-04-09 15:53:52.833,16848,16849,16849,1,1
2021-04-09 15:53:52.833,16848,16849,16849,1,1
2021-04-09 15:53:55.594,16848,16850,16849,1,-1
2021-04-09 15:53:58.355,16848,16850,16849,1,-1
2021-04-09 15:54:11.744,16849,16850,16849,1,-1
2021-04-09 15:54:21.250,16849,16850,16849,1,-1
2021-04-09 15:54:26.699,16849,16850,16850,1,1
2021-04-09 15:54:26.700,16849,16850,16850,1,1
2021-04-09 15:54:26.700,16849,16850,16850,1,1
2021-04-09 15:54:26.700,16849,16850,16850,1,1
2021-04-09 15:54:26.700,16849,16850,16850,9,9
2021-04-09 15:54:27.379,16849,16851,16849,3,-3
2021-04-09 15:54:29.625,16849,16851,16850,1,1
2021-04-09 15:54:29.725,16849,16850,16850,1,1
2021-04-09 15:54:29.725,16849,16850,16850,1,1
2021-04-09 15:54:33.828,16850,16851,16850,2,-2
2021-04-09 15:54:39.290,16849,16851,16850,1,-1
2021-04-09 15:54:42.923,16850,16851,16851,1,1
2021-04-09 15:54:43.242,16850,16851,16851,1,1
2021-04-09 15:54:43.242,16850,16851,16851,2,2
2021-04-09 15:54:43.321,16850,16851,16851,2,2
2021-04-09 15:54:43.321,16850,16851,16851,1,1
2021-04-09 15:54:48.873,16850,16851,16851,1,1
2021-04-09 15:54:48.873,16850,16851,16851,1,1
2021-04-09 15:54:48.874,16850,16851,16851,4,4
2021-04-09 15:54:49.125,16851,16852,16851,1,-1
2021-04-09 15:54:49.912,16850,16852,16852,1,1
2021-04-09 15:54:50.321,16851,16852,16852,1,1
2021-04-09 15:54:50.321,16851,16852,16852,1,1
2021-04-09 15:54:50.321,16851,16852,16852,4,4
2021-04-09 15:54:50.321,16851,16852,16852,1,1
2021-04-09 15:54:50.321,16851,16852,16852,1,1
2021-04-09 15:54:52.324,16851,16853,16852,1,-1
2021-04-09 15:55:02.294,16851,16852,16852,1,1
2021-04-09 15:55:05.898,16852,16853,16852,1,-1
2021-04-09 15:55:06.022,16852,16853,16853,1,1
2021-04-09 15:55:06.114,16852,16853,16852,1,-1
2021-04-09 15:55:06.149,16852,16853,16852,1,-1
2021-04-09 15:55:06.159,16851,16853,16853,1,1
2021-04-09 15:55:06.271,16851,16853,16853,1,1
2021-04-09 15:55:06.302,16851,16853,16853,1,1
2021-04-09 15:55:06.382,16851,16853,16853,1,1
2021-04-09 15:55:06.400,16851,16853,16853,1,1
2021-04-09 15:55:06.441,16852,16853,16853,1,1
2021-04-09 15:55:06.442,16852,16853,16853,1,1
2021-04-09 15:55:06.444,16852,16853,16853,1,1
2021-04-09 15:55:06.478,16852,16853,16853,1,1
2021-04-09 15:55:06.486,16852,16853,16853,2,2
2021-04-09 15:55:06.487,16852,16853,16853,1,1
2021-04-09 15:55:06.575,16852,16854,16854,1,1
2021-04-09 15:55:06.713,16852,16854,16854,1,1
2021-04-09 15:55:06.783,16852,16854,16854,1,1
2021-04-09 15:55:06.951,16852,16854,16854,1,1
2021-04-09 15:55:07.415,16852,16854,16852,1,-1
2021-04-09 15:55:07.415,16852,16854,16853,1,1
2021-04-09 15:55:08.985,16852,16853,16852,1,-1
2021-04-09 15:55:12.092,16852,16853,16852,1,-1
2021-04-09 15:55:14.875,16851,16852,16852,1,1
2021-04-09 15:55:18.205,16851,16852,16852,1,1
2021-04-09 15:55:25.455,16851,16852,16851,1,-1
2021-04-09 15:55:26.261,16851,16852,16851,1,-1
2021-04-09 15:55:44.774,16850,16851,16851,1,1
2021-04-09 15:55:46.965,16850,16851,16851,1,1
2021-04-09 15:55:50.412,16851,16852,16851,1,-1
2021-04-09 15:56:00.128,16850,16851,16851,1,1
2021-04-09 15:56:00.129,16850,16851,16851,1,1
2021-04-09 15:56:00.129,16850,16851,16851,2,2
2021-04-09 15:56:04.265,16851,16852,16852,2,2
2021-04-09 15:56:05.475,16851,16852,16852,2,2
2021-04-09 15:56:12.519,16851,16852,16852,2,2
2021-04-09 15:56:12.519,16851,16852,16853,3,3
2021-04-09 15:56:29.256,16853,16854,16853,1,-1
2021-04-09 15:56:31.013,16853,16854,16853,1,-1
2021-04-09 15:56:33.363,16853,16854,16854,1,1
2021-04-09 15:56:33.716,16853,16854,16853,1,-1
2021-04-09 15:56:33.717,16853,16854,16853,1,-1
2021-04-09 15:56:39.116,16852,16853,16853,1,1
2021-04-09 15:56:40.000,16852,16853,16853,2,2
2021-04-09 15:56:40.011,16852,16853,16853,1,1
2021-04-09 15:56:40.494,16852,16854,16853,1,-1
2021-04-09 15:56:40.534,16852,16853,16853,3,3
2021-04-09 15:56:41.059,16852,16854,16853,1,-1
2021-04-09 15:56:41.059,16852,16854,16853,1,-1
2021-04-09 15:56:44.741,16853,16854,16853,1,-1
2021-04-09 15:56:44.741,16853,16854,16853,1,-1
2021-04-09 15:56:53.877,16853,16854,16853,1,-1
2021-04-09 15:56:54.633,16852,16853,16853,1,1
2021-04-09 15:56:57.558,16852,16853,16853,1,1
2021-04-09 15:57:12.828,16852,16853,16853,1,1
2021-04-09 15:57:13.869,16852,16853,16853,1,1
2021-04-09 15:57:15.056,16852,16853,16852,2,-2
2021-04-09 15:57:17.424,16851,16853,16853,1,1
2021-04-09 15:57:50.269,16852,16853,16852,1,-1
2021-04-09 15:57:50.512,16852,16853,16853,3,3
2021-04-09 15:58:07.223,16852,16853,16853,2,2
2021-04-09 15:58:08.038,16852,16853,16853,1,1
2021-04-09 15:58:08.038,16852,16853,16853,1,1
2021-04-09 15:58:11.941,16852,16853,16852,4,-4
2021-04-09 15:58:21.896,16851,16852,16851,1,-1
2021-04-09 15:58:26.518,16851,16852,16852,1,1
2021-04-09 15:58:28.646,16852,16853,16852,1,-1
2021-04-09 15:58:29.284,16851,16852,16852,2,2
2021-04-09 15:58:38.749,16852,16853,16852,1,-1
2021-04-09 15:58:41.431,16852,16853,16852,1,-1
2021-04-09 15:58:41.432,16852,16853,16852,2,-2
2021-04-09 15:58:43.414,16851,16853,16851,5,-5
2021-04-09 15:58:43.414,16851,16853,16850,20,-20
2021-04-09 15:58:43.908,16850,16851,16851,1,1
2021-04-09 15:58:48.718,16850,16851,16850,1,-1
2021-04-09 15:58:54.042,16849,16851,16849,1,-1
2021-04-09 15:59:01.393,16849,16851,16851,1,1
2021-04-09 15:59:04.059,16850,16852,16850,4,-4
2021-04-09 15:59:04.060,16850,16852,16850,2,-2
2021-04-09 15:59:04.060,16850,16852,16850,7,-7
2021-04-09 15:59:04.060,16850,16852,16850,1,-1
2021-04-09 15:59:04.060,16850,16852,16850,4,-4
2021-04-09 15:59:04.060,16850,16852,16850,1,-1
2021-04-09 15:59:04.060,16850,16852,16850,1,-1
2021-04-09 15:59:04.060,16850,16852,16850,1,-1
2021-04-09 15:59:05.464,16850,16852,16852,3,3
2021-04-09 15:59:10.158,16851,16852,16852,1,1
2021-04-09 15:59:15.053,16851,16852,16851,3,-3
2021-04-09 15:59:17.193,16851,16852,16851,2,-2
2021-04-09 15:59:48.120,16850,16851,16851,1,1
2021-04-09 15:59:58.414,16850,16851,16850,1,-1
2021-04-09 15:59:59.289,16850,16851,16851,1,1
2021-04-09 16:00:16.618,16850,16851,16850,2,-2
2021-04-09 16:00:16.987,16849,16851,16851,1,1
2021-04-09 16:00:17.079,16849,16851,16851,1,1
2021-04-09 16:00:17.095,16849,16851,16851,1,1
2021-04-09 16:00:17.150,16849,16851,16851,1,1
2021-04-09 16:00:17.211,16849,16851,16851,1,1
2021-04-09 16:00:17.225,16849,16851,16851,1,1
2021-04-09 16:00:39.465,16850,16851,16850,1,-1
2021-04-09 16:00:45.483,16849,16850,16850,1,1
2021-04-09 16:00:45.483,16849,16850,16851,6,6
2021-04-09 16:00:45.484,16849,16850,16851,1,1
2021-04-09 16:00:46.650,16850,16852,16850,1,-1
2021-04-09 16:00:55.331,16850,16851,16851,2,2
2021-04-09 16:01:31.347,16851,16852,16851,1,-1
2021-04-09 16:01:32.855,16851,16852,16851,1,-1
2021-04-09 16:01:32.855,16851,16852,16851,1,-1
2021-04-09 16:01:33.283,16850,16851,16851,1,1
2021-04-09 16:01:34.614,16850,16851,16851,1,1
2021-04-09 16:01:34.614,16850,16851,16851,1,1
2021-04-09 16:02:01.837,16850,16851,16851,1,1
2021-04-09 16:02:09.615,16850,16851,16850,1,-1
2021-04-09 16:02:10.629,16850,16851,16850,5,-5
2021-04-09 16:02:20.818,16849,16850,16849,4,-4
2021-04-09 16:02:40.619,16849,16850,16849,1,-1
2021-04-09 16:02:40.619,16849,16850,16848,2,-2
2021-04-09 16:02:44.296,16848,16849,16849,1,1
2021-04-09 16:03:04.033,16848,16849,16848,11,-11
2021-04-09 16:03:04.034,16848,16849,16848,1,-1
2021-04-09 16:03:06.456,16847,16849,16849,1,1
2021-04-09 16:03:08.177,16847,16849,16847,1,-1
2021-04-09 16:03:08.367,16847,16849,16847,1,-1
2021-04-09 16:03:12.782,16847,16849,16847,1,-1
2021-04-09 16:03:15.544,16848,16849,16848,1,1
2021-04-09 16:03:20.286,16847,16848,16848,2,2
2021-04-09 16:03:45.434,16848,16849,16848,1,-1
2021-04-09 16:03:45.763,16848,16849,16849,1,1
2021-04-09 16:03:52.840,16848,16849,16848,1,-1
2021-04-09 16:03:53.366,16847,16849,16849,1,1
2021-04-09 16:03:58.313,16847,16849,16849,2,2
2021-04-09 16:04:05.129,16847,16848,16847,1,-1
2021-04-09 16:04:13.725,16847,16848,16848,3,3
2021-04-09 16:04:48.854,16847,16848,16847,1,-1
2021-04-09 16:05:14.321,16847,16848,16847,1,-1
2021-04-09 16:05:14.321,16847,16848,16847,4,-4
2021-04-09 16:05:14.321,16847,16848,16847,1,-1
2021-04-09 16:05:14.322,16847,16848,16847,2,-2
2021-04-09 16:05:17.693,16847,16848,16847,1,-1
2021-04-09 16:05:22.259,16847,16848,16847,1,-1
2021-04-09 16:05:25.507,16846,16847,16846,2,-2
2021-04-09 16:05:25.565,16846,16847,16847,1,1
2021-04-09 16:05:25.610,16846,16847,16846,1,-1
2021-04-09 16:05:25.634,16846,16847,16846,2,-2
2021-04-09 16:05:25.729,16846,16847,16846,1,-1
2021-04-09 16:05:34.131,16846,16847,16846,5,-5
2021-04-09 16:05:34.131,16846,16847,16846,2,-2
2021-04-09 16:05:55.609,16845,16846,16845,1,-1
2021-04-09 16:05:58.755,16845,16846,16845,1,-1
2021-04-09 16:05:59.200,16845,16846,16846,1,1
2021-04-09 16:06:05.085,16845,16846,16845,8,-8
2021-04-09 16:06:05.086,16845,16846,16845,1,-1
2021-04-09 16:06:12.759,16845,16846,16845,1,-1
2021-04-09 16:06:12.936,16845,16846,16846,1,1
2021-04-09 16:06:13.123,16845,16846,16846,1,1
2021-04-09 16:06:13.616,16845,16846,16845,4,-4
2021-04-09 16:06:19.848,16845,16846,16846,1,1
2021-04-09 16:06:19.849,16845,16846,16846,2,2
2021-04-09 16:06:19.849,16845,16846,16846,1,1
2021-04-09 16:06:24.277,16846,16847,16847,1,1
2021-04-09 16:06:31.538,16846,16847,16847,1,1
2021-04-09 16:06:34.429,16846,16848,16846,1,-1
2021-04-09 16:06:47.043,16847,16848,16848,1,1
2021-04-09 16:06:51.451,16847,16848,16847,1,-1
2021-04-09 16:07:00.291,16847,16848,16848,1,1
2021-04-09 16:07:11.885,16847,16848,16847,1,-1
2021-04-09 16:07:17.974,16847,16848,16847,1,-1
2021-04-09 16:07:18.755,16846,16847,16846,1,-1
2021-04-09 16:07:18.962,16846,16847,16847,1,1
2021-04-09 16:07:27.324,16846,16847,16847,5,5
2021-04-09 16:07:27.563,16847,16848,16848,3,3
2021-04-09 16:07:27.563,16847,16848,16849,7,7
2021-04-09 16:07:27.793,16848,16849,16849,2,2
2021-04-09 16:07:27.793,16848,16849,16850,8,8
2021-04-09 16:07:27.829,16848,16849,16849,1,1
2021-04-09 16:07:27.829,16848,16849,16849,2,2
2021-04-09 16:07:27.829,16848,16849,16849,2,2
2021-04-09 16:07:27.829,16848,16849,16849,1,1
2021-04-09 16:07:27.829,16848,16849,16849,6,6
2021-04-09 16:07:27.829,16848,16849,16849,1,1
2021-04-09 16:07:27.829,16848,16849,16849,16,16
2021-04-09 16:07:27.829,16848,16849,16849,6,6
2021-04-09 16:07:27.830,16848,16849,16849,3,3
2021-04-09 16:07:27.830,16848,16849,16849,3,3
2021-04-09 16:07:28.021,16848,16849,16849,4,4
2021-04-09 16:07:28.021,16848,16849,16850,6,6
2021-04-09 16:07:33.869,16848,16849,16849,1,1
2021-04-09 16:07:40.863,16848,16849,16848,1,-1
2021-04-09 16:07:45.763,16848,16849,16848,1,-1
2021-04-09 16:07:52.470,16848,16849,16849,1,1
2021-04-09 16:07:52.567,16848,16849,16848,1,-1
2021-04-09 16:07:57.076,16848,16849,16848,1,-1
2021-04-09 16:08:03.359,16848,16849,16848,1,-1
2021-04-09 16:08:04.616,16848,16849,16848,1,-1
2021-04-09 16:08:04.616,16848,16849,16848,1,-1
2021-04-09 16:08:04.904,16848,16849,16848,1,-1
2021-04-09 16:08:13.085,16848,16849,16849,1,1
2021-04-09 16:08:19.802,16848,16849,16848,1,-1
2021-04-09 16:08:23.165,16848,16849,16849,1,1
2021-04-09 16:08:32.658,16848,16849,16849,1,1
2021-04-09 16:08:33.375,16848,16849,16848,1,-1
2021-04-09 16:08:33.817,16848,16849,16848,1,-1
2021-04-09 16:08:42.156,16848,16849,16849,1,1
2021-04-09 16:08:53.413,16848,16849,16849,1,1
2021-04-09 16:08:56.353,16848,16849,16848,2,-2
2021-04-09 16:09:16.781,16848,16849,16848,7,-7
2021-04-09 16:09:21.266,16847,16848,16848,1,1
2021-04-09 16:09:31.081,16847,16848,16847,3,-3
2021-04-09 16:09:31.081,16847,16848,16847,4,-4
2021-04-09 16:09:34.885,16846,16848,16847,1,-1
2021-04-09 16:09:40.851,16846,16847,16847,1,1
2021-04-09 16:09:45.224,16846,16847,16846,1,-1
2021-04-09 16:09:45.928,16846,16847,16846,1,-1
2021-04-09 16:09:49.550,16846,16847,16846,1,-1
2021-04-09 16:10:00.533,16846,16847,16846,2,-2
2021-04-09 16:10:16.033,16846,16847,16846,1,-1
2021-04-09 16:10:16.033,16846,16847,16845,3,-3
2021-04-09 16:10:20.238,16846,16847,16846,2,2
2021-04-09 16:10:30.505,16846,16847,16846,3,-3
2021-04-09 16:10:33.098,16845,16846,16845,2,-2
2021-04-09 16:10:34.169,16845,16846,16846,1,1
2021-04-09 16:10:40.897,16845,16846,16845,1,-1
2021-04-09 16:10:47.183,16845,16846,16845,3,-3
2021-04-09 16:11:00.527,16845,16846,16845,1,-1
2021-04-09 16:11:15.552,16845,16846,16845,1,-1
2021-04-09 16:11:15.659,16844,16846,16844,11,-11
2021-04-09 16:11:38.220,16844,16845,16844,1,-1
2021-04-09 16:11:43.925,16844,16845,16844,3,-3
2021-04-09 16:11:51.923,16843,16844,16843,2,-2
2021-04-09 16:11:52.110,16843,16844,16843,2,-2
2021-04-09 16:11:53.109,16843,16844,16843,1,-1
2021-04-09 16:11:59.728,16843,16844,16843,3,-3
2021-04-09 16:12:03.263,16842,16843,16842,1,-1
2021-04-09 16:12:06.056,16842,16843,16842,1,-1
2021-04-09 16:12:09.922,16842,16843,16843,2,2
2021-04-09 16:12:10.821,16843,16844,16843,1,-1
2021-04-09 16:12:11.200,16842,16844,16844,1,1
2021-04-09 16:12:20.229,16843,16845,16843,1,-1
2021-04-09 16:12:35.606,16843,16844,16843,4,-4
2021-04-09 16:12:51.373,16842,16843,16842,1,-1
2021-04-09 16:12:57.303,16842,16843,16842,1,-1
2021-04-09 16:13:06.846,16842,16843,16842,1,-1
2021-04-09 16:13:07.326,16842,16843,16842,5,-5
2021-04-09 16:13:09.425,16842,16843,16842,2,-2
2021-04-09 16:13:13.582,16842,16843,16842,1,-1
2021-04-09 16:13:14.859,16842,16843,16842,1,-1
2021-04-09 16:13:14.992,16842,16843,16842,1,-1
2021-04-09 16:13:20.655,16841,16843,16841,1,-1
2021-04-09 16:13:27.409,16841,16842,16842,1,1
2021-04-09 16:13:28.445,16842,16843,16842,1,-1
2021-04-09 16:13:34.827,16842,16843,16843,1,1
2021-04-09 16:13:34.827,16842,16843,16843,1,1
2021-04-09 16:13:34.827,16842,16843,16843,4,4
2021-04-09 16:13:40.500,16842,16843,16843,1,1
2021-04-09 16:13:43.768,16843,16844,16843,1,-1
2021-04-09 16:14:14.255,16843,16844,16843,1,-1
2021-04-09 16:14:30.524,16842,16843,16842,2,-2
2021-04-09 16:14:30.525,16842,16843,16842,1,-1
2021-04-09 16:14:49.005,16842,16843,16842,2,-2
2021-04-09 16:14:51.998,16842,16843,16843,1,1
2021-04-09 16:14:53.048,16842,16843,16843,1,1
2021-04-09 16:15:02.715,16842,16844,16842,2,-2
2021-04-09 16:15:03.280,16842,16844,16844,4,4
2021-04-09 16:15:10.073,16842,16844,16842,3,-3
2021-04-09 16:15:18.251,16842,16844,16842,2,-2
2021-04-09 16:15:22.431,16843,16844,16844,1,1
2021-04-09 16:15:32.712,16843,16844,16844,1,1
2021-04-09 16:15:42.346,16843,16844,16844,1,1
2021-04-09 16:15:49.326,16843,16844,16844,1,1
2021-04-09 16:15:49.346,16843,16844,16844,1,1
2021-04-09 16:15:49.351,16843,16844,16844,1,1
2021-04-09 16:15:49.352,16843,16844,16844,4,4
2021-04-09 16:15:51.759,16843,16845,16845,1,1
2021-04-09 16:16:00.233,16843,16845,16845,1,1
2021-04-09 16:16:09.564,16843,16845,16845,1,1
2021-04-09 16:16:19.060,16844,16845,16845,1,1
2021-04-09 16:16:19.161,16844,16845,16845,1,1
2021-04-09 16:16:28.554,16845,16846,16846,1,1
2021-04-09 16:16:28.555,16845,16846,16846,3,3
2021-04-09 16:16:29.991,16845,16847,16845,1,-1
2021-04-09 16:16:43.778,16845,16847,16847,1,1
2021-04-09 16:16:54.243,16846,16847,16847,1,1
2021-04-09 16:16:56.548,16846,16847,16847,1,1
2021-04-09 16:16:57.274,16846,16847,16846,1,-1
2021-04-09 16:16:57.582,16845,16846,16846,1,1
2021-04-09 16:16:59.959,16845,16846,16846,2,2
2021-04-09 16:17:07.503,16845,16846,16846,7,7
2021-04-09 16:17:09.347,16846,16847,16847,1,1
2021-04-09 16:17:21.158,16846,16847,16846,3,-3
2021-04-09 16:17:23.494,16845,16847,16847,1,1
2021-04-09 16:17:34.086,16845,16846,16846,1,1
2021-04-09 16:17:58.825,16846,16847,16846,1,-1
2021-04-09 16:18:11.961,16845,16846,16845,2,-2
2021-04-09 16:18:11.961,16845,16846,16845,1,-1
2021-04-09 16:18:11.961,16845,16846,16845,5,-5
2021-04-09 16:18:30.343,16845,16846,16845,1,-1
2021-04-09 16:18:34.821,16845,16846,16845,1,-1
2021-04-09 16:18:38.638,16844,16845,16844,1,-1
2021-04-09 16:18:48.639,16843,16844,16843,1,-1
2021-04-09 16:18:49.488,16842,16843,16842,1,-1
2021-04-09 16:18:53.725,16842,16843,16842,2,-2
2021-04-09 16:19:01.078,16841,16842,16841,1,-1
2021-04-09 16:19:01.079,16841,16842,16841,1,-1
2021-04-09 16:19:15.494,16841,16842,16841,1,-1
2021-04-09 16:19:15.494,16841,16842,16841,1,-1
2021-04-09 16:19:22.143,16841,16842,16841,1,-1
2021-04-09 16:19:23.321,16841,16842,16842,4,4
2021-04-09 16:19:24.020,16842,16843,16843,1,1
2021-04-09 16:19:25.158,16842,16844,16842,7,-7
2021-04-09 16:19:29.691,16842,16843,16843,1,1
2021-04-09 16:19:29.691,16842,16843,16843,1,1
2021-04-09 16:19:36.872,16843,16844,16843,1,-1
2021-04-09 16:19:37.088,16842,16844,16842,3,-3
2021-04-09 16:20:00.494,16843,16844,16843,1,1
2021-04-09 16:20:01.925,16842,16844,16842,1,-1
2021-04-09 16:20:27.334,16843,16844,16843,2,2
2021-04-09 16:20:28.656,16842,16843,16842,1,-1
2021-04-09 16:20:33.629,16842,16843,16843,1,1
2021-04-09 16:20:33.630,16842,16843,16843,2,2
2021-04-09 16:20:41.091,16842,16843,16842,1,-1
2021-04-09 16:20:41.144,16842,16843,16842,1,-1
2021-04-09 16:20:56.415,16842,16843,16842,1,-1
2021-04-09 16:21:06.059,16842,16843,16843,1,1
2021-04-09 16:22:21.500,16844,16845,16844,1,1
2021-04-09 16:22:26.465,16844,16845,16844,1,-1
2021-04-09 16:22:33.758,16844,16845,16845,2,2
2021-04-09 16:22:43.672,16844,16845,16844,1,-1
2021-04-09 16:22:54.183,16844,16845,16844,4,-4
2021-04-09 16:22:54.183,16844,16845,16844,1,-1
2021-04-09 16:22:56.276,16843,16844,16844,1,1
2021-04-09 16:23:15.730,16844,16845,16844,1,-1
2021-04-09 16:23:22.625,16844,16845,16844,1,-1
2021-04-09 16:23:23.925,16844,16845,16844,1,-1
2021-04-09 16:23:27.780,16844,16845,16844,1,-1
2021-04-09 16:23:51.987,16843,16845,16843,2,-2
2021-04-09 16:23:57.267,16843,16845,16844,1,1
2021-04-09 16:24:10.194,16844,16845,16845,1,1
2021-04-09 16:24:10.195,16844,16845,16845,1,1
2021-04-09 16:24:10.195,16844,16845,16845,13,13
2021-04-09 16:24:11.104,16845,16847,16847,1,1
2021-04-09 16:24:11.431,16845,16847,16845,3,-3
2021-04-09 16:24:11.700,16844,16846,16846,1,1
2021-04-09 16:24:40.292,16845,16846,16846,1,1
2021-04-09 16:24:46.156,16845,16846,16845,2,-2
2021-04-09 16:24:46.156,16845,16846,16845,1,-1
2021-04-09 16:24:47.993,16844,16845,16845,1,1
2021-04-09 16:24:48.393,16844,16845,16845,1,1
2021-04-09 16:26:58.725,16845,16846,16845,1,-1
2021-04-09 16:26:58.726,16845,16846,16845,1,-1
2021-04-09 16:26:59.033,16844,16845,16845,2,2
2021-04-09 16:27:37.412,16844,16845,16844,3,-3
2021-04-09 16:27:37.413,16844,16845,16844,1,-1
2021-04-09 16:27:47.838,16843,16844,16843,1,-1
2021-04-09 16:29:04.308,16844,16845,16844,2,2
2021-04-09 16:29:52.487,16843,16844,16844,1,1
2021-04-09 16:30:33.597,16844,16845,16845,1,1
2021-04-09 16:30:34.859,16844,16845,16845,1,1
2021-04-09 16:30:39.563,16844,16845,16845,1,1
2021-04-09 16:30:43.992,16844,16845,16845,1,1
2021-04-09 16:31:00.530,16844,16845,16845,1,1
2021-04-09 16:31:00.540,16844,16846,16846,1,1
2021-04-09 16:31:00.541,16844,16846,16847,1,1
2021-04-09 16:31:00.544,16844,16846,16847,1,1
2021-04-09 16:31:00.544,16844,16846,16847,1,1
2021-04-09 16:31:40.012,16845,16846,16846,1,1
2021-04-09 16:31:40.035,16845,16847,16847,1,1
2021-04-09 16:31:44.283,16845,16846,16846,1,1
2021-04-09 16:31:44.410,16845,16847,16847,1,1
2021-04-09 16:31:44.410,16845,16847,16847,1,1
2021-04-09 16:31:44.410,16845,16847,16847,2,2
2021-04-09 16:31:44.410,16845,16847,16847,1,1
2021-04-09 16:31:44.410,16845,16847,16847,1,1
2021-04-09 16:31:44.411,16845,16847,16847,1,1
2021-04-09 16:31:44.411,16845,16847,16848,1,1
2021-04-09 16:31:44.411,16845,16847,16848,1,1
2021-04-09 16:31:44.411,16845,16847,16848,1,1
2021-04-09 16:31:44.411,16845,16847,16848,1,1
2021-04-09 16:31:44.411,16845,16847,16847,1,1
2021-04-09 16:31:44.411,16845,16847,16847,1,1
2021-04-09 16:31:44.411,16845,16847,16848,1,1
2021-04-09 16:31:44.411,16845,16847,16848,1,1
2021-04-09 16:31:44.411,16845,16847,16848,1,1
2021-04-09 16:31:44.412,16845,16847,16848,1,1
2021-04-09 16:31:44.412,16845,16847,16848,1,1
2021-04-09 16:31:44.413,16845,16847,16848,1,1
2021-04-09 16:31:54.784,16845,16846,16846,1,1
2021-04-09 16:31:59.220,16846,16847,16847,1,1
2021-04-09 16:31:59.285,16846,16847,16847,1,1
2021-04-09 16:31:59.286,16846,16847,16847,1,1
2021-04-09 16:32:10.996,16846,16847,16847,2,2
2021-04-09 16:32:51.907,16846,16847,16847,3,3
2021-04-09 16:32:51.907,16846,16847,16847,1,1
2021-04-09 16:32:51.907,16846,16847,16847,1,1
2021-04-09 16:32:51.909,16847,16848,16848,11,11
2021-04-09 16:32:51.909,16847,16848,16847,2,-2
2021-04-09 16:32:54.122,16847,16849,16847,1,-1
2021-04-09 16:33:06.315,16847,16848,16848,1,1
2021-04-09 16:33:31.434,16847,16848,16847,1,-1
2021-04-09 16:33:31.435,16847,16848,16847,2,-2
2021-04-09 16:33:42.333,16846,16847,16846,1,-1
2021-04-09 16:33:42.333,16846,16847,16846,3,-3
2021-04-09 16:34:10.908,16846,16847,16847,1,1
2021-04-09 16:34:21.141,16846,16847,16847,1,1
2021-04-09 16:34:29.397,16846,16848,16848,2,2
2021-04-09 16:34:36.124,16846,16848,16848,1,1
2021-04-09 16:35:22.528,16846,16848,16848,1,1
2021-04-09 16:35:41.411,16847,16848,16847,1,-1
2021-04-09 16:35:54.193,16847,16848,16848,6,6
2021-04-09 16:35:55.042,16848,16849,16848,1,-1
2021-04-09 16:35:55.248,16848,16849,16848,1,-1
2021-04-09 16:36:03.980,16847,16848,16848,1,1
2021-04-09 16:36:03.980,16847,16848,16848,1,1
2021-04-09 16:36:13.593,16848,16849,16849,1,1
2021-04-09 16:36:13.593,16848,16849,16849,1,1
2021-04-09 16:36:13.594,16848,16849,16849,6,6
2021-04-09 16:36:27.243,16848,16850,16849,1,-1
2021-04-09 16:36:28.659,16849,16850,16849,1,-1
2021-04-09 16:36:32.212,16849,16850,16849,1,-1
2021-04-09 16:36:32.212,16849,16850,16849,2,-2
2021-04-09 16:36:32.976,16848,16849,16849,1,1
2021-04-09 16:36:36.586,16848,16849,16849,2,2
2021-04-09 16:36:36.586,16848,16849,16849,1,1
2021-04-09 16:37:04.469,16848,16849,16848,2,-2
2021-04-09 16:37:09.921,16847,16848,16848,1,1
2021-04-09 16:38:02.774,16847,16848,16848,1,1
2021-04-09 16:38:02.775,16847,16848,16848,1,1
2021-04-09 16:38:02.775,16847,16848,16848,1,1
2021-04-09 16:38:02.775,16847,16848,16848,1,1
2021-04-09 16:38:02.775,16847,16848,16848,1,1
2021-04-09 16:38:02.775,16847,16848,16848,1,1
2021-04-09 16:38:02.775,16847,16848,16848,6,6
2021-04-09 16:38:12.438,16848,16849,16849,4,4
2021-04-09 16:38:12.438,16848,16849,16849,3,3
2021-04-09 16:38:13.415,16848,16850,16849,1,-1
2021-04-09 16:38:23.123,16849,16850,16850,5,5
2021-04-09 16:38:34.397,16849,16850,16850,1,1
2021-04-09 16:38:34.621,16849,16850,16850,5,5
2021-04-09 16:38:34.621,16849,16850,16850,1,1
2021-04-09 16:38:37.949,16850,16851,16851,1,1
2021-04-09 16:38:38.123,16850,16851,16850,1,-1
2021-04-09 16:38:42.131,16850,16851,16850,2,-2
2021-04-09 16:38:45.575,16849,16850,16850,1,1
2021-04-09 16:38:54.978,16849,16850,16850,1,1
2021-04-09 16:39:02.060,16849,16850,16849,1,-1
2021-04-09 16:39:14.295,16849,16850,16849,1,-1
2021-04-09 16:40:10.892,16849,16850,16849,1,-1
2021-04-09 16:40:23.500,16849,16850,16849,1,-1
2021-04-09 16:40:32.930,16849,16850,16849,2,-2
2021-04-09 16:40:44.128,16849,16850,16850,1,1
2021-04-09 16:40:44.131,16849,16850,16850,1,1
2021-04-09 16:40:44.201,16849,16850,16850,4,4
2021-04-09 16:41:16.320,16850,16851,16851,1,1
2021-04-09 16:41:16.408,16850,16851,16851,4,4
2021-04-09 16:41:33.141,16850,16851,16851,1,1
2021-04-09 16:41:33.141,16850,16851,16851,1,1
2021-04-09 16:42:02.948,16850,16851,16850,1,-1
2021-04-09 16:42:10.920,16850,16851,16850,1,-1
2021-04-09 16:42:11.942,16850,16851,16850,1,-1
2021-04-09 16:42:11.943,16850,16851,16850,3,-3
2021-04-09 16:42:41.830,16849,16850,16849,1,-1
2021-04-09 16:42:48.807,16849,16850,16849,1,-1
2021-04-09 16:43:07.401,16849,16850,16849,1,-1
2021-04-09 16:43:28.334,16849,16850,16850,1,1
2021-04-09 16:43:41.664,16849,16850,16850,1,1
2021-04-09 16:43:45.259,16849,16850,16850,1,1
2021-04-09 16:44:09.984,16849,16850,16849,1,-1
2021-04-09 16:44:12.465,16849,16850,16850,1,1
2021-04-09 16:44:36.626,16849,16850,16850,1,1
2021-04-09 16:44:37.120,16849,16850,16850,1,1
2021-04-09 16:44:42.749,16849,16850,16850,2,2
2021-04-09 16:44:49.239,16849,16850,16850,1,1
2021-04-09 16:45:04.623,16849,16850,16850,1,1
2021-04-09 16:45:04.671,16849,16851,16851,1,1
2021-04-09 16:45:14.238,16850,16851,16850,2,-2
2021-04-09 16:45:14.287,16849,16850,16850,1,1
2021-04-09 16:45:14.287,16849,16850,16850,1,1
2021-04-09 16:45:14.288,16849,16850,16850,1,1
2021-04-09 16:45:22.226,16849,16850,16850,1,1
2021-04-09 16:45:22.285,16849,16850,16850,1,1
2021-04-09 16:45:22.285,16849,16850,16850,1,1
2021-04-09 16:45:22.285,16849,16850,16850,1,1
2021-04-09 16:45:22.286,16849,16850,16850,1,1
2021-04-09 16:45:22.286,16849,16850,16851,1,1
2021-04-09 16:45:22.287,16849,16850,16851,1,1
2021-04-09 16:45:22.287,16849,16850,16851,1,1
2021-04-09 16:45:22.287,16849,16850,16851,1,1
2021-04-09 16:45:22.409,16849,16851,16851,22,22
2021-04-09 16:45:36.828,16851,16852,16851,9,-9
2021-04-09 16:45:36.829,16851,16852,16851,1,-1
2021-04-09 16:45:36.910,16850,16852,16852,1,1
2021-04-09 16:45:36.910,16850,16852,16852,1,1
2021-04-09 16:45:36.911,16850,16852,16852,1,1
2021-04-09 16:45:40.726,16851,16852,16852,1,1
2021-04-09 16:45:40.785,16851,16852,16852,1,1
2021-04-09 16:45:40.786,16851,16852,16852,9,9
2021-04-09 16:45:47.873,16852,16853,16852,1,-1
2021-04-09 16:45:54.461,16852,16853,16852,1,-1
2021-04-09 16:45:54.536,16852,16853,16853,1,1
2021-04-09 16:45:54.536,16852,16853,16853,1,1
2021-04-09 16:45:54.537,16852,16853,16853,1,1
2021-04-09 16:46:05.247,16852,16853,16852,1,-1
2021-04-09 16:46:05.247,16852,16853,16852,1,-1
2021-04-09 16:46:11.955,16850,16852,16852,1,1
2021-04-09 16:46:12.035,16850,16852,16852,1,1
2021-04-09 16:46:12.037,16850,16852,16852,1,1
2021-04-09 16:46:12.161,16851,16852,16852,1,1
2021-04-09 16:46:12.161,16851,16852,16852,1,1
2021-04-09 16:46:41.923,16851,16852,16852,1,1
2021-04-09 16:46:42.829,16851,16852,16852,1,1
2021-04-09 16:46:42.910,16851,16852,16852,2,2
2021-04-09 16:46:42.911,16851,16852,16853,1,1
2021-04-09 16:46:42.911,16851,16852,16853,1,1
2021-04-09 16:46:42.911,16851,16852,16853,1,1
2021-04-09 16:46:42.911,16851,16852,16853,1,1
2021-04-09 16:46:42.911,16851,16852,16853,1,1
2021-04-09 16:46:42.911,16851,16852,16853,1,1
2021-04-09 16:46:42.911,16851,16852,16853,1,1
2021-04-09 16:46:42.912,16851,16852,16853,1,1
2021-04-09 16:47:04.483,16852,16853,16852,1,-1
2021-04-09 16:47:04.483,16852,16853,16852,1,-1
2021-04-09 16:47:04.761,16851,16852,16852,1,1
2021-04-09 16:47:04.761,16851,16852,16853,2,2
2021-04-09 16:47:06.493,16851,16853,16853,1,1
2021-04-09 16:47:20.462,16851,16853,16853,1,1
2021-04-09 16:47:20.536,16851,16853,16853,1,1
2021-04-09 16:47:20.734,16851,16853,16853,3,3
2021-04-09 16:47:33.318,16851,16853,16853,5,5
2021-04-09 16:47:33.412,16851,16853,16853,1,1
2021-04-09 16:47:52.515,16852,16853,16853,2,2
2021-04-09 16:48:09.055,16852,16853,16852,1,-1
2021-04-09 16:48:19.733,16852,16853,16853,9,9
2021-04-09 16:48:19.973,16852,16853,16853,2,2
2021-04-09 16:48:19.973,16852,16853,16854,1,1
2021-04-09 16:48:21.270,16853,16854,16854,1,1
2021-04-09 16:48:22.944,16853,16854,16854,1,1
2021-04-09 16:48:22.972,16853,16854,16854,1,1
2021-04-09 16:48:22.976,16853,16854,16854,1,1
2021-04-09 16:48:23.398,16853,16854,16854,2,2
2021-04-09 16:48:23.400,16853,16854,16854,2,2
2021-04-09 16:48:23.450,16853,16854,16854,2,2
2021-04-09 16:48:23.464,16853,16854,16854,2,2
2021-04-09 16:48:23.493,16853,16854,16854,2,2
2021-04-09 16:48:23.721,16853,16854,16854,1,1
2021-04-09 16:48:23.828,16853,16854,16854,1,1
2021-04-09 16:48:31.265,16853,16854,16854,1,1
2021-04-09 16:48:33.415,16853,16854,16853,1,-1
2021-04-09 16:48:35.128,16853,16854,16853,1,-1
2021-04-09 16:48:36.637,16852,16854,16854,1,1
2021-04-09 16:49:20.707,16852,16853,16853,2,2
2021-04-09 16:49:27.010,16852,16853,16853,5,5
2021-04-09 16:49:27.010,16852,16853,16854,3,3
2021-04-09 16:49:34.922,16852,16853,16852,2,-2
2021-04-09 16:49:34.922,16852,16853,16851,6,-6
2021-04-09 16:49:50.934,16851,16852,16851,3,-3
2021-04-09 16:49:58.915,16851,16852,16852,1,1
2021-04-09 16:49:58.915,16851,16852,16852,2,2
2021-04-09 16:50:02.848,16852,16853,16852,1,-1
2021-04-09 16:50:03.346,16852,16853,16852,2,-2
2021-04-09 16:50:10.005,16851,16852,16851,2,-2
2021-04-09 16:50:18.243,16851,16852,16851,2,-2
2021-04-09 16:50:22.406,16851,16852,16852,2,2
2021-04-09 16:50:40.609,16851,16852,16852,1,1
2021-04-09 16:51:04.132,16851,16852,16851,1,-1
2021-04-09 16:51:04.140,16851,16852,16851,1,-1
2021-04-09 16:51:04.159,16851,16852,16851,1,-1
2021-04-09 16:51:04.159,16851,16852,16851,2,-2
2021-04-09 16:51:04.160,16851,16852,16851,15,-15
2021-04-09 16:51:04.160,16851,16852,16851,12,-12
2021-04-09 16:51:18.811,16850,16851,16850,2,-2
2021-04-09 16:51:18.811,16850,16851,16849,2,-2
2021-04-09 16:52:32.199,16850,16851,16850,2,2
2021-04-09 16:52:57.220,16850,16851,16850,3,-3
2021-04-09 16:54:50.472,16849,16851,16849,1,-1
2021-04-09 16:55:16.769,16850,16851,16850,1,1
2021-04-09 16:55:25.290,16849,16850,16850,1,1
2021-04-09 16:55:42.426,16849,16850,16850,1,1
2021-04-09 16:55:44.940,16850,16851,16850,1,-1
2021-04-09 16:55:55.328,16849,16850,16850,1,1
2021-04-09 16:55:59.431,16849,16851,16849,1,-1
2021-04-09 16:56:38.066,16850,16851,16851,1,1
2021-04-09 16:56:56.003,16850,16851,16851,7,7
2021-04-09 16:57:06.649,16851,16852,16852,1,1
2021-04-09 16:57:07.415,16851,16852,16852,1,1
2021-04-09 16:57:07.539,16851,16852,16852,3,3
2021-04-09 16:57:07.734,16852,16853,16853,2,2
2021-04-09 16:57:16.368,16852,16853,16853,3,3
2021-04-09 16:57:16.368,16852,16853,16853,1,1
2021-04-09 16:57:17.034,16853,16854,16854,14,14
2021-04-09 16:57:17.198,16854,16855,16854,1,-1
2021-04-09 16:57:17.412,16854,16855,16855,1,1
2021-04-09 16:57:17.416,16854,16855,16855,1,1
2021-04-09 16:57:17.470,16854,16855,16855,1,1
2021-04-09 16:57:17.470,16854,16855,16855,1,1
2021-04-09 16:57:17.483,16854,16855,16855,2,2
2021-04-09 16:57:17.483,16854,16855,16855,3,3
2021-04-09 16:57:17.546,16854,16855,16855,1,1
2021-04-09 16:57:17.562,16854,16855,16855,1,1
2021-04-09 16:57:17.685,16854,16855,16855,1,1
2021-04-09 16:57:17.726,16854,16855,16855,1,1
2021-04-09 16:57:17.814,16854,16855,16855,1,1
2021-04-09 16:57:17.814,16854,16855,16855,2,2
2021-04-09 16:57:18.178,16854,16855,16854,1,-1
2021-04-09 16:57:18.178,16854,16855,16855,4,4
2021-04-09 16:57:20.219,16854,16855,16855,6,6
2021-04-09 16:57:20.220,16854,16855,16855,3,3
2021-04-09 16:57:20.309,16855,16856,16856,1,1
2021-04-09 16:57:20.352,16855,16856,16856,1,1
2021-04-09 16:57:20.403,16855,16856,16856,1,1
2021-04-09 16:57:20.454,16855,16856,16856,2,2
2021-04-09 16:57:20.501,16855,16856,16856,1,1
2021-04-09 16:57:20.504,16855,16856,16856,1,1
2021-04-09 16:57:20.610,16855,16856,16855,3,-3
2021-04-09 16:57:20.670,16854,16856,16856,2,2
2021-04-09 16:57:20.941,16854,16856,16856,1,1
2021-04-09 16:57:21.226,16854,16856,16856,2,2
2021-04-09 16:57:23.710,16855,16856,16855,1,-1
2021-04-09 16:57:24.373,16854,16856,16854,1,-1
2021-04-09 16:57:24.495,16854,16856,16856,2,2
2021-04-09 16:57:25.258,16854,16855,16855,1,1
2021-04-09 16:57:33.716,16855,16856,16855,1,-1
2021-04-09 16:57:33.716,16855,16856,16855,1,-1
2021-04-09 16:57:34.190,16853,16855,16855,1,1
2021-04-09 16:57:35.834,16854,16855,16855,1,1
2021-04-09 16:57:40.792,16854,16855,16854,1,-1
2021-04-09 16:57:40.792,16854,16855,16854,1,-1
2021-04-09 16:57:40.792,16854,16855,16854,1,-1
2021-04-09 16:57:45.327,16853,16854,16854,1,1
2021-04-09 16:57:50.467,16854,16855,16854,1,-1
2021-04-09 16:57:56.100,16854,16855,16854,1,-1
2021-04-09 16:58:00.256,16854,16855,16854,1,-1
2021-04-09 16:58:04.590,16854,16855,16855,1,1
2021-04-09 16:58:04.590,16854,16855,16855,3,3
2021-04-09 16:58:10.128,16855,16856,16855,1,-1
2021-04-09 16:58:10.276,16854,16856,16856,1,1
2021-04-09 16:58:11.759,16854,16856,16856,1,1
2021-04-09 16:58:16.983,16854,16856,16854,1,-1
2021-04-09 16:58:18.518,16854,16856,16856,1,1
2021-04-09 16:58:39.018,16854,16855,16855,1,1
2021-04-09 16:58:46.138,16854,16855,16855,1,1
2021-04-09 16:58:48.160,16854,16855,16855,3,3
2021-04-09 16:58:48.160,16854,16855,16855,1,1
2021-04-09 16:58:50.994,16854,16855,16855,2,2
2021-04-09 16:58:55.287,16855,16856,16856,1,1
2021-04-09 16:59:02.535,16855,16856,16856,1,1
2021-04-09 16:59:11.202,16855,16856,16856,1,1
2021-04-09 16:59:18.631,16855,16856,16856,1,1
2021-04-09 16:59:24.365,16855,16856,16855,2,-2
2021-04-09 16:59:28.797,16855,16856,16855,1,-1
2021-04-09 16:59:36.182,16855,16856,16855,1,-1
2021-04-09 16:59:36.285,16855,16856,16856,1,1
2021-04-09 16:59:36.285,16855,16856,16856,1,1
2021-04-09 16:59:36.285,16855,16856,16856,1,1
2021-04-09 16:59:36.285,16855,16856,16856,1,1
2021-04-09 16:59:36.286,16855,16856,16856,1,1
2021-04-09 16:59:36.286,16855,16856,16856,1,1
2021-04-09 16:59:36.286,16855,16856,16856,1,1
2021-04-09 16:59:36.286,16855,16856,16856,1,1
2021-04-09 16:59:36.286,16855,16856,16856,1,1
2021-04-09 16:59:36.286,16855,16856,16856,1,1
2021-04-09 16:59:36.287,16855,16856,16856,1,1
2021-04-09 16:59:36.287,16855,16856,16857,1,1
2021-04-09 16:59:36.287,16855,16856,16857,1,1
2021-04-09 16:59:37.802,16855,16857,16857,1,1
2021-04-09 16:59:42.181,16855,16856,16856,1,1
2021-04-09 17:00:00.590,16854,16855,16854,3,-3
2021-04-09 17:00:00.590,16854,16855,16854,1,-1
2021-04-09 17:00:00.590,16854,16855,16854,6,-6
2021-04-09 17:00:00.590,16854,16855,16854,1,-1
2021-04-09 17:00:00.590,16854,16855,16854,1,-1
2021-04-09 17:00:00.590,16854,16855,16854,1,-1
2021-04-09 17:00:00.590,16854,16855,16854,1,-1
2021-04-09 17:00:00.590,16854,16855,16854,38,-38
2021-04-09 17:00:00.590,16854,16855,16854,9,-9
2021-04-09 17:00:00.590,16854,16855,16854,1,-1
2021-04-09 17:00:00.590,16854,16855,16854,1,-1
2021-04-09 17:00:00.591,16854,16855,16854,4,-4
2021-04-09 17:00:00.805,16853,16854,16854,2,2
2021-04-09 17:00:01.159,16853,16854,16854,3,3
2021-04-09 17:00:01.336,16853,16855,16855,10,10
2021-04-09 17:00:01.778,16853,16855,16853,1,-1
2021-04-09 17:00:03.349,16853,16855,16855,1,1
2021-04-09 17:00:03.396,16853,16855,16855,1,1
2021-04-09 17:00:03.456,16853,16855,16855,1,1
2021-04-09 17:00:04.892,16853,16855,16853,4,-4
2021-04-09 17:00:13.627,16853,16855,16855,1,1
2021-04-09 17:00:25.489,16854,16855,16855,1,1
2021-04-09 17:00:30.961,16854,16855,16854,1,-1
2021-04-09 17:00:42.185,16854,16855,16854,1,-1
2021-04-09 17:00:47.392,16854,16855,16854,1,-1
2021-04-09 17:00:47.394,16854,16855,16853,1,-1
2021-04-09 17:00:49.296,16853,16854,16854,1,1
2021-04-09 17:01:06.859,16853,16854,16854,1,1
2021-04-09 17:01:15.190,16853,16854,16853,3,-3
2021-04-09 17:01:20.353,16852,16853,16853,1,1
2021-04-09 17:01:20.408,16852,16853,16853,4,4
2021-04-09 17:01:25.921,16853,16854,16853,1,-1
2021-04-09 17:01:27.304,16852,16853,16853,1,1
2021-04-09 17:01:36.633,16853,16854,16853,2,-2
2021-04-09 17:01:38.769,16852,16853,16853,1,1
2021-04-09 17:01:44.675,16852,16853,16853,1,1
2021-04-09 17:02:17.194,16852,16853,16853,1,1
2021-04-09 17:02:56.131,16852,16853,16853,1,1
2021-04-09 17:03:08.412,16852,16853,16852,4,-4
2021-04-09 17:03:08.412,16852,16853,16852,1,-1
2021-04-09 17:03:08.412,16852,16853,16852,2,-2
2021-04-09 17:03:08.412,16852,16853,16852,1,-1
2021-04-09 17:03:08.413,16852,16853,16852,4,-4
2021-04-09 17:03:10.118,16851,16853,16853,1,1
2021-04-09 17:03:12.314,16851,16853,16851,1,-1
2021-04-09 17:03:21.054,16852,16853,16852,1,1
2021-04-09 17:03:37.368,16851,16852,16852,10,10
2021-04-09 17:03:50.437,16852,16853,16852,4,-4
2021-04-09 17:04:24.507,16851,16852,16851,1,-1
2021-04-09 17:04:44.159,16851,16852,16851,9,-9
2021-04-09 17:04:51.518,16851,16852,16851,2,-2
2021-04-09 17:04:52.604,16850,16851,16851,1,1
2021-04-09 17:04:58.757,16851,16852,16851,1,-1
2021-04-09 17:05:01.109,16850,16851,16851,1,1
2021-04-09 17:05:16.011,16850,16851,16851,1,1
2021-04-09 17:05:18.643,16850,16851,16851,1,1
2021-04-09 17:05:31.967,16850,16851,16851,1,1
2021-04-09 17:05:36.023,16850,16851,16851,4,4
2021-04-09 17:05:43.005,16850,16851,16850,4,-4
2021-04-09 17:06:01.721,16850,16851,16850,1,-1
2021-04-09 17:06:15.369,16850,16851,16850,1,-1
2021-04-09 17:06:15.409,16850,16851,16850,2,-2
2021-04-09 17:06:15.409,16850,16851,16850,2,-2
2021-04-09 17:06:20.774,16849,16850,16849,5,-5
2021-04-09 17:07:01.558,16849,16850,16849,2,-2
2021-04-09 17:07:05.838,16849,16850,16849,2,-2
2021-04-09 17:07:08.023,16849,16850,16849,1,-1
2021-04-09 17:07:22.556,16849,16850,16850,2,2
2021-04-09 17:07:53.579,16849,16850,16849,1,-1
2021-04-09 17:07:58.379,16849,16850,16849,1,-1
2021-04-09 17:08:03.326,16849,16850,16849,2,-2
2021-04-09 17:08:42.855,16849,16850,16849,1,-1
2021-04-09 17:08:47.201,16849,16850,16849,1,-1
2021-04-09 17:09:41.373,16849,16850,16849,1,-1
2021-04-09 17:10:07.722,16849,16850,16850,12,12
2021-04-09 17:10:25.000,16850,16851,16850,1,-1
2021-04-09 17:10:25.218,16850,16851,16850,1,-1
2021-04-09 17:10:25.237,16850,16851,16851,1,1
2021-04-09 17:10:35.748,16850,16851,16850,3,-3
2021-04-09 17:10:35.749,16850,16851,16850,1,-1
2021-04-09 17:10:35.749,16850,16851,16850,1,-1
2021-04-09 17:11:54.900,16850,16851,16850,1,-1
2021-04-09 17:11:55.396,16850,16851,16850,1,-1
2021-04-09 17:12:15.065,16850,16851,16850,1,-1
2021-04-09 17:12:19.078,16849,16850,16849,1,-1
2021-04-09 17:12:22.721,16849,16850,16849,1,-1
2021-04-09 17:12:35.228,16849,16850,16850,1,1
2021-04-09 17:12:35.228,16849,16850,16850,1,1
2021-04-09 17:12:35.228,16849,16850,16850,1,1
2021-04-09 17:12:35.228,16849,16850,16850,2,2
2021-04-09 17:12:35.558,16850,16851,16851,3,3
2021-04-09 17:12:35.558,16850,16851,16851,1,1
2021-04-09 17:12:35.559,16850,16851,16851,1,1
2021-04-09 17:12:35.559,16850,16851,16851,1,1
2021-04-09 17:12:35.559,16850,16851,16851,2,2
2021-04-09 17:12:35.559,16850,16851,16851,1,1
2021-04-09 17:12:35.559,16850,16851,16851,1,1
2021-04-09 17:12:35.559,16850,16851,16851,4,4
2021-04-09 17:12:36.658,16850,16852,16852,1,1
2021-04-09 17:12:57.251,16851,16852,16851,1,-1
2021-04-09 17:13:11.989,16851,16852,16852,1,1
2021-04-09 17:13:24.455,16852,16853,16853,1,1
2021-04-09 17:13:37.249,16851,16852,16852,1,1
2021-04-09 17:13:37.974,16851,16852,16852,1,1
2021-04-09 17:13:38.872,16851,16852,16852,1,1
2021-04-09 17:13:39.197,16851,16852,16851,1,-1
2021-04-09 17:13:52.294,16850,16851,16851,1,1
2021-04-09 17:14:06.283,16851,16852,16852,1,1
2021-04-09 17:14:11.783,16851,16852,16852,7,7
2021-04-09 17:14:13.771,16852,16853,16853,1,1
2021-04-09 17:14:13.771,16852,16853,16853,1,1
2021-04-09 17:14:13.772,16852,16853,16853,5,5
2021-04-09 17:14:13.772,16852,16853,16853,3,3
2021-04-09 17:14:30.522,16852,16854,16853,1,-1
2021-04-09 17:14:31.887,16853,16854,16853,1,-1
2021-04-09 17:14:31.887,16853,16854,16852,1,-1
2021-04-09 17:14:39.030,16853,16854,16854,1,1
2021-04-09 17:14:52.140,16853,16854,16854,1,1
2021-04-09 17:15:28.615,16853,16854,16853,1,-1
2021-04-09 17:15:29.365,16853,16854,16854,4,4
2021-04-09 17:15:54.523,16853,16854,16853,1,-1
2021-04-09 17:16:09.134,16853,16854,16853,1,-1
2021-04-09 17:16:23.460,16852,16853,16852,3,-3
2021-04-09 17:16:30.187,16851,16853,16853,1,1
2021-04-09 17:16:59.547,16851,16853,16851,5,-5
2021-04-09 17:17:34.988,16850,16851,16851,1,1
2021-04-09 17:17:34.988,16850,16851,16851,1,1
2021-04-09 17:18:04.855,16852,16853,16852,1,1
2021-04-09 17:18:18.676,16851,16852,16851,1,-1
2021-04-09 17:18:57.849,16851,16852,16852,1,1
2021-04-09 17:19:55.936,16851,16852,16852,1,1
2021-04-09 17:20:11.321,16851,16852,16851,1,-1
2021-04-09 17:20:11.664,16850,16852,16850,1,-1
2021-04-09 17:20:11.671,16850,16852,16850,1,-1
2021-04-09 17:20:42.189,16850,16852,16850,1,-1
2021-04-09 17:21:24.253,16850,16851,16851,1,1
2021-04-09 17:21:28.590,16851,16852,16851,1,-1
2021-04-09 17:22:11.430,16851,16852,16852,1,1
2021-04-09 17:22:18.659,16851,16852,16852,1,1
2021-04-09 17:22:18.659,16851,16852,16852,4,4
2021-04-09 17:22:35.950,16852,16853,16853,5,5
2021-04-09 17:22:46.213,16853,16854,16854,3,3
2021-04-09 17:22:46.363,16853,16855,16855,3,3
2021-04-09 17:23:03.603,16853,16855,16855,1,1
2021-04-09 17:23:10.390,16854,16855,16855,1,1
2021-04-09 17:23:21.218,16854,16855,16855,2,2
2021-04-09 17:23:21.283,16854,16856,16856,23,23
2021-04-09 17:23:26.199,16855,16857,16855,1,-1
2021-04-09 17:23:26.714,16855,16856,16856,1,1
2021-04-09 17:23:29.718,16855,16856,16856,1,1
2021-04-09 17:23:31.759,16855,16857,16857,2,2
2021-04-09 17:23:31.811,16855,16857,16857,2,2
2021-04-09 17:23:31.812,16855,16857,16857,5,5
2021-04-09 17:23:31.812,16855,16857,16857,5,5
2021-04-09 17:23:31.982,16856,16857,16857,2,2
2021-04-09 17:23:31.983,16856,16857,16857,1,1
2021-04-09 17:23:31.987,16856,16857,16858,2,2
2021-04-09 17:23:32.025,16856,16857,16858,1,1
2021-04-09 17:23:32.092,16856,16858,16858,1,1
2021-04-09 17:23:32.223,16856,16858,16858,1,1
2021-04-09 17:23:32.231,16856,16858,16858,2,2
2021-04-09 17:23:32.275,16856,16858,16858,1,1
2021-04-09 17:23:32.397,16856,16858,16858,1,1
2021-04-09 17:23:34.577,16856,16857,16857,1,1
2021-04-09 17:23:36.404,16856,16857,16856,1,-1
2021-04-09 17:23:44.225,16856,16857,16856,1,-1
2021-04-09 17:23:44.384,16856,16857,16857,1,1
2021-04-09 17:23:59.190,16856,16857,16857,3,3
2021-04-09 17:24:07.102,16857,16858,16857,5,-5
2021-04-09 17:24:07.163,16856,16858,16858,1,1
2021-04-09 17:24:08.024,16857,16858,16858,1,1
2021-04-09 17:24:08.037,16857,16858,16858,1,1
2021-04-09 17:24:08.037,16857,16858,16858,1,1
2021-04-09 17:24:08.037,16857,16858,16858,5,5
2021-04-09 17:24:08.037,16857,16858,16858,2,2
2021-04-09 17:24:08.037,16857,16858,16858,1,1
2021-04-09 17:24:09.001,16857,16859,16857,1,-1
2021-04-09 17:24:14.352,16857,16858,16858,1,1
2021-04-09 17:24:21.679,16857,16858,16857,1,-1
2021-04-09 17:25:02.341,16856,16857,16856,2,-2
2021-04-09 17:25:02.411,16856,16857,16857,1,1
2021-04-09 17:25:02.411,16856,16857,16857,1,1
2021-04-09 17:25:02.412,16856,16857,16857,1,1
2021-04-09 17:25:02.412,16856,16857,16858,1,1
2021-04-09 17:25:02.412,16856,16857,16858,1,1
2021-04-09 17:25:02.412,16856,16857,16858,1,1
2021-04-09 17:25:02.412,16856,16857,16858,1,1
2021-04-09 17:25:02.412,16856,16857,16858,1,1
2021-04-09 17:25:14.174,16857,16858,16858,1,1
2021-04-09 17:25:24.828,16857,16858,16857,1,-1
2021-04-09 17:25:24.895,16857,16858,16858,3,3
2021-04-09 17:25:35.971,16857,16858,16858,1,1
2021-04-09 17:25:38.040,16857,16858,16858,3,3
2021-04-09 17:25:46.739,16858,16859,16859,2,2
2021-04-09 17:25:47.211,16858,16859,16858,1,-1
2021-04-09 17:25:48.077,16858,16859,16858,1,-1
2021-04-09 17:25:54.248,16858,16859,16858,1,-1
2021-04-09 17:25:57.450,16858,16859,16859,1,1
2021-04-09 17:25:57.451,16858,16859,16859,2,2
2021-04-09 17:25:57.451,16858,16859,16859,2,2
2021-04-09 17:25:57.451,16858,16859,16859,1,1
2021-04-09 17:25:57.451,16858,16859,16859,2,2
2021-04-09 17:25:57.451,16858,16859,16859,4,4
2021-04-09 17:25:57.451,16858,16859,16859,11,11
2021-04-09 17:25:57.451,16858,16859,16859,8,8
2021-04-09 17:25:57.452,16858,16859,16859,5,5
2021-04-09 17:25:59.652,16859,16860,16859,1,-1
2021-04-09 17:26:16.667,16858,16859,16859,1,1
2021-04-09 17:26:31.731,16859,16860,16859,1,-1
2021-04-09 17:26:31.787,16858,16859,16859,1,1
2021-04-09 17:26:31.787,16858,16859,16859,1,1
2021-04-09 17:26:41.211,16858,16859,16858,1,-1
2021-04-09 17:26:41.286,16858,16859,16859,1,1
2021-04-09 17:26:44.886,16858,16859,16859,2,2
2021-04-09 17:26:47.893,16858,16859,16859,1,1
2021-04-09 17:26:56.615,16858,16859,16858,1,-1
2021-04-09 17:26:56.615,16858,16859,16858,2,-2
2021-04-09 17:26:56.616,16858,16859,16858,1,-1
2021-04-09 17:26:56.616,16858,16859,16858,6,-6
2021-04-09 17:26:58.902,16857,16858,16857,1,-1
2021-04-09 17:26:58.902,16857,16858,16857,1,-1
2021-04-09 17:26:58.902,16857,16858,16857,1,-1
2021-04-09 17:27:04.843,16857,16858,16857,1,-1
2021-04-09 17:27:19.588,16857,16858,16858,1,1
2021-04-09 17:27:27.326,16857,16858,16858,2,2
2021-04-09 17:27:28.837,16857,16858,16857,1,-1
2021-04-09 17:27:28.837,16857,16858,16857,1,-1
2021-04-09 17:27:28.837,16857,16858,16857,7,-7
2021-04-09 17:27:35.457,16857,16858,16857,1,-1
2021-04-09 17:27:52.836,16857,16858,16857,1,-1
2021-04-09 17:28:08.229,16857,16858,16857,3,-3
2021-04-09 17:28:08.497,16857,16858,16857,2,-2
2021-04-09 17:28:08.498,16857,16858,16857,2,-2
2021-04-09 17:28:30.931,16857,16858,16857,2,-2
2021-04-09 17:28:30.932,16857,16858,16857,6,-6
2021-04-09 17:28:43.750,16856,16857,16857,1,1
2021-04-09 17:29:01.273,16856,16857,16856,1,-1
2021-04-09 17:29:20.465,16856,16857,16857,1,1
2021-04-09 17:29:29.090,16856,16857,16857,1,1
2021-04-09 17:29:29.090,16856,16857,16857,1,1
2021-04-09 17:29:35.078,16856,16858,16858,1,1
2021-04-09 17:29:38.877,16856,16858,16858,1,1
2021-04-09 17:29:39.942,16856,16858,16858,1,1
2021-04-09 17:30:04.155,16857,16858,16858,2,2
2021-04-09 17:30:04.416,16857,16858,16858,1,1
2021-04-09 17:30:04.416,16857,16858,16859,1,1
2021-04-09 17:30:07.470,16857,16858,16858,1,1
2021-04-09 17:30:07.523,16857,16858,16858,1,1
2021-04-09 17:30:07.578,16857,16858,16858,1,1
2021-04-09 17:30:12.507,16857,16858,16858,1,1
2021-04-09 17:30:17.665,16857,16858,16858,1,1
2021-04-09 17:30:36.618,16857,16858,16858,3,3
2021-04-09 17:30:42.557,16857,16858,16858,1,1
2021-04-09 17:31:32.639,16857,16858,16858,1,1
2021-04-09 17:32:05.891,16857,16858,16858,1,1
2021-04-09 17:32:19.388,16857,16858,16858,4,4
2021-04-09 17:32:36.105,16858,16859,16858,1,-1
2021-04-09 17:33:09.359,16857,16858,16857,1,-1
2021-04-09 17:33:13.952,16857,16858,16857,1,-1
2021-04-09 17:34:01.951,16856,16857,16857,2,2
2021-04-09 17:34:02.256,16856,16858,16858,1,1
2021-04-09 17:34:02.399,16857,16858,16858,1,1
2021-04-09 17:34:02.455,16857,16859,16859,1,1
2021-04-09 17:34:02.458,16857,16859,16859,1,1
2021-04-09 17:34:02.461,16857,16859,16859,1,1
2021-04-09 17:34:02.626,16857,16859,16859,1,1
2021-04-09 17:34:35.033,16857,16858,16858,1,1
2021-04-09 17:35:19.572,16857,16858,16857,2,-2
2021-04-09 17:35:41.762,16857,16858,16857,1,-1
2021-04-09 17:35:41.937,16857,16858,16857,1,-1
2021-04-09 17:36:18.201,16856,16857,16856,1,-1
2021-04-09 17:36:18.541,16856,16857,16857,1,1
2021-04-09 17:36:19.143,16856,16857,16856,2,-2
2021-04-09 17:36:57.373,16856,16857,16856,2,-2
2021-04-09 17:37:04.033,16856,16857,16857,1,1
2021-04-09 17:37:30.042,16856,16857,16856,3,-3
