2022-02-22 15:00:00.041,17864,17867,17863,54,-54
2022-02-22 15:00:00.106,17862,17865,17865,1,1
2022-02-22 15:00:00.114,17862,17865,17866,2,2
2022-02-22 15:00:00.114,17862,17865,17867,1,1
2022-02-22 15:00:00.120,17862,17865,17868,2,2
2022-02-22 15:00:00.121,17862,17865,17868,3,3
2022-02-22 15:00:00.127,17862,17865,17869,1,1
2022-02-22 15:00:00.141,17863,17870,17869,2,2
2022-02-22 15:00:00.141,17863,17870,17870,1,1
2022-02-22 15:00:00.141,17863,17870,17871,1,1
2022-02-22 15:00:00.141,17863,17870,17872,1,1
2022-02-22 15:00:00.220,17863,17870,17868,1,1
2022-02-22 15:00:00.220,17863,17870,17867,1,1
2022-02-22 15:00:00.221,17863,17870,17867,1,1
2022-02-22 15:00:00.408,17864,17871,17871,1,1
2022-02-22 15:00:00.430,17864,17871,17872,1,1
2022-02-22 15:00:00.454,17864,17871,17872,1,1
2022-02-22 15:00:00.454,17864,17871,17873,1,1
2022-02-22 15:00:00.478,17864,17871,17869,1,1
2022-02-22 15:00:00.516,17868,17870,17868,1,-1
2022-02-22 15:00:00.516,17868,17870,17867,3,-3
2022-02-22 15:00:00.517,17868,17870,17868,1,-1
2022-02-22 15:00:00.547,17868,17870,17870,1,1
2022-02-22 15:00:00.549,17868,17870,17868,1,-1
2022-02-22 15:00:00.551,17868,17870,17868,1,-1
2022-02-22 15:00:00.552,17868,17870,17869,1,1
2022-02-22 15:00:00.554,17868,17870,17870,1,1
2022-02-22 15:00:00.585,17868,17870,17869,2,2
2022-02-22 15:00:00.605,17868,17870,17871,1,1
2022-02-22 15:00:00.608,17868,17870,17872,1,1
2022-02-22 15:00:00.632,17869,17872,17870,1,-1
2022-02-22 15:00:00.645,17869,17872,17871,1,1
2022-02-22 15:00:00.647,17869,17872,17872,1,1
2022-02-22 15:00:00.647,17869,17872,17873,1,1
2022-02-22 15:00:00.662,17869,17872,17873,1,1
2022-02-22 15:00:00.680,17869,17872,17874,1,1
2022-02-22 15:00:00.680,17869,17872,17874,1,1
2022-02-22 15:00:00.789,17872,17874,17874,1,1
2022-02-22 15:00:00.789,17872,17874,17875,1,1
2022-02-22 15:00:00.811,17872,17874,17875,2,2
2022-02-22 15:00:00.824,17872,17874,17873,1,1
2022-02-22 15:00:00.883,17873,17875,17873,1,-1
2022-02-22 15:00:00.977,17873,17875,17873,1,-1
2022-02-22 15:00:00.983,17873,17875,17873,1,-1
2022-02-22 15:00:00.983,17873,17875,17872,1,-1
2022-02-22 15:00:01.000,17873,17875,17873,1,-1
2022-02-22 15:00:01.008,17873,17875,17875,1,1
2022-02-22 15:00:01.008,17873,17875,17876,1,1
2022-02-22 15:00:01.094,17873,17875,17872,4,-4
2022-02-22 15:00:01.180,17869,17871,17871,1,1
2022-02-22 15:00:01.262,17869,17871,17871,1,1
2022-02-22 15:00:01.264,17869,17871,17871,1,1
2022-02-22 15:00:01.308,17869,17871,17869,2,-2
2022-02-22 15:00:01.345,17869,17871,17867,1,-1
2022-02-22 15:00:01.482,17868,17872,17868,1,-1
2022-02-22 15:00:01.482,17868,17872,17868,1,-1
2022-02-22 15:00:01.483,17868,17872,17868,1,-1
2022-02-22 15:00:01.484,17868,17872,17871,1,1
2022-02-22 15:00:01.573,17868,17870,17869,1,1
2022-02-22 15:00:01.573,17868,17870,17870,1,1
2022-02-22 15:00:01.574,17868,17870,17867,1,-1
2022-02-22 15:00:01.575,17868,17870,17868,1,-1
2022-02-22 15:00:01.728,17867,17869,17869,1,1
2022-02-22 15:00:01.736,17867,17869,17871,1,1
2022-02-22 15:00:01.779,17869,17872,17869,2,-2
2022-02-22 15:00:01.779,17869,17872,17868,4,-4
2022-02-22 15:00:01.779,17869,17872,17867,2,-2
2022-02-22 15:00:01.779,17869,17872,17866,1,-1
2022-02-22 15:00:01.780,17869,17872,17869,1,-1
2022-02-22 15:00:02.078,17867,17869,17867,2,-2
2022-02-22 15:00:02.080,17867,17869,17866,2,-2
2022-02-22 15:00:02.081,17867,17869,17868,1,1
2022-02-22 15:00:02.212,17867,17870,17869,1,1
2022-02-22 15:00:02.632,17867,17870,17870,1,1
2022-02-22 15:00:02.633,17867,17870,17869,1,1
2022-02-22 15:00:02.798,17868,17870,17868,2,-2
2022-02-22 15:00:02.798,17868,17870,17867,2,-2
2022-02-22 15:00:03.206,17867,17869,17867,3,-3
2022-02-22 15:00:03.503,17866,17867,17866,1,-1
2022-02-22 15:00:03.599,17866,17867,17865,1,-1
2022-02-22 15:00:03.613,17866,17867,17865,1,-1
2022-02-22 15:00:03.614,17866,17867,17866,2,-2
2022-02-22 15:00:03.614,17866,17867,17867,8,8
2022-02-22 15:00:04.153,17866,17867,17867,4,4
2022-02-22 15:00:04.232,17866,17867,17869,1,1
2022-02-22 15:00:04.232,17866,17867,17870,1,1
2022-02-22 15:00:04.243,17866,17867,17870,2,2
2022-02-22 15:00:04.243,17866,17867,17869,3,3
2022-02-22 15:00:04.243,17866,17867,17868,2,2
2022-02-22 15:00:04.541,17867,17869,17869,2,2
2022-02-22 15:00:04.541,17867,17869,17870,3,3
2022-02-22 15:00:04.569,17867,17869,17869,1,1
2022-02-22 15:00:04.646,17868,17870,17868,1,-1
2022-02-22 15:00:04.648,17868,17870,17868,1,-1
2022-02-22 15:00:05.000,17869,17871,17871,2,2
2022-02-22 15:00:05.000,17869,17871,17872,1,1
2022-02-22 15:00:05.271,17870,17872,17870,1,-1
2022-02-22 15:00:05.452,17869,17872,17872,3,3
2022-02-22 15:00:05.638,17871,17873,17873,1,1
2022-02-22 15:00:05.840,17871,17873,17873,1,1
2022-02-22 15:00:06.151,17871,17873,17871,1,-1
2022-02-22 15:00:06.157,17871,17873,17873,1,1
2022-02-22 15:00:06.313,17871,17873,17871,1,-1
2022-02-22 15:00:06.577,17871,17873,17873,1,1
2022-02-22 15:00:06.677,17871,17874,17874,2,2
2022-02-22 15:00:06.677,17871,17874,17875,3,3
2022-02-22 15:00:06.677,17871,17874,17876,6,6
2022-02-22 15:00:07.077,17873,17875,17873,1,-1
2022-02-22 15:00:07.079,17873,17875,17874,1,1
2022-02-22 15:00:07.079,17873,17875,17875,1,1
2022-02-22 15:00:07.548,17873,17875,17873,1,-1
2022-02-22 15:00:07.730,17872,17873,17872,1,-1
2022-02-22 15:00:08.827,17871,17873,17873,2,2
2022-02-22 15:00:09.325,17873,17875,17873,1,-1
2022-02-22 15:00:10.438,17873,17875,17875,1,1
2022-02-22 15:00:11.066,17875,17876,17875,1,-1
2022-02-22 15:00:11.191,17874,17876,17874,1,-1
2022-02-22 15:00:11.682,17875,17876,17875,1,-1
2022-02-22 15:00:12.220,17874,17876,17876,1,1
2022-02-22 15:00:13.013,17876,17877,17877,2,2
2022-02-22 15:00:13.070,17876,17877,17877,2,2
2022-02-22 15:00:13.071,17876,17877,17877,1,1
2022-02-22 15:00:13.433,17877,17878,17877,1,-1
2022-02-22 15:00:13.630,17877,17878,17878,1,1
2022-02-22 15:00:13.631,17877,17878,17878,1,1
2022-02-22 15:00:13.631,17877,17878,17879,3,3
2022-02-22 15:00:13.631,17877,17878,17879,4,4
2022-02-22 15:00:13.687,17877,17878,17879,1,1
2022-02-22 15:00:13.999,17879,17880,17879,1,-1
2022-02-22 15:00:14.045,17879,17880,17880,2,2
2022-02-22 15:00:14.045,17879,17880,17880,1,1
2022-02-22 15:00:14.207,17880,17881,17881,1,1
2022-02-22 15:00:14.508,17881,17882,17881,1,-1
2022-02-22 15:00:14.782,17881,17882,17882,1,1
2022-02-22 15:00:15.065,17881,17882,17882,2,2
2022-02-22 15:00:15.065,17881,17882,17883,3,3
2022-02-22 15:00:15.218,17882,17884,17884,2,2
2022-02-22 15:00:15.343,17882,17884,17884,2,2
2022-02-22 15:00:15.479,17882,17884,17882,1,-1
2022-02-22 15:00:15.538,17882,17884,17882,1,-1
2022-02-22 15:00:15.816,17881,17884,17883,1,1
2022-02-22 15:00:16.019,17881,17883,17883,2,2
2022-02-22 15:00:16.261,17881,17883,17883,1,1
2022-02-22 15:00:16.708,17881,17883,17883,1,1
2022-02-22 15:00:16.834,17881,17883,17883,2,2
2022-02-22 15:00:17.100,17882,17884,17882,1,-1
2022-02-22 15:00:17.473,17883,17885,17884,1,1
2022-02-22 15:00:17.677,17884,17885,17884,1,-1
2022-02-22 15:00:18.202,17882,17884,17882,1,-1
2022-02-22 15:00:18.416,17883,17884,17883,1,-1
2022-02-22 15:00:19.568,17883,17884,17883,1,-1
2022-02-22 15:00:19.761,17883,17884,17883,1,-1
2022-02-22 15:00:19.761,17883,17884,17882,3,-3
2022-02-22 15:00:19.762,17883,17884,17882,1,-1
2022-02-22 15:00:19.827,17883,17884,17883,1,-1
2022-02-22 15:00:19.842,17883,17884,17882,1,-1
2022-02-22 15:00:19.901,17881,17882,17881,3,-3
2022-02-22 15:00:19.901,17881,17882,17880,3,-3
2022-02-22 15:00:19.901,17881,17882,17879,7,-7
2022-02-22 15:00:19.901,17881,17882,17878,9,-9
2022-02-22 15:00:19.901,17881,17882,17877,6,-6
2022-02-22 15:00:19.901,17881,17882,17876,2,-2
2022-02-22 15:00:20.353,17877,17879,17877,1,-1
2022-02-22 15:00:21.225,17877,17878,17879,1,1
2022-02-22 15:00:21.294,17877,17879,17879,1,1
2022-02-22 15:00:21.752,17878,17880,17878,1,-1
2022-02-22 15:00:22.470,17878,17880,17878,1,-1
2022-02-22 15:00:22.722,17878,17880,17878,1,-1
2022-02-22 15:00:24.244,17878,17879,17879,1,1
2022-02-22 15:00:24.745,17878,17879,17878,1,-1
2022-02-22 15:00:25.706,17878,17879,17878,4,-4
2022-02-22 15:00:26.834,17877,17878,17878,2,2
2022-02-22 15:00:27.776,17878,17879,17878,1,-1
2022-02-22 15:00:27.819,17878,17879,17877,1,-1
2022-02-22 15:00:28.743,17877,17878,17877,4,-4
2022-02-22 15:00:28.839,17876,17877,17877,1,1
2022-02-22 15:00:30.460,17876,17877,17876,1,-1
2022-02-22 15:00:30.460,17876,17877,17876,1,-1
2022-02-22 15:00:30.460,17876,17877,17876,2,-2
2022-02-22 15:00:30.510,17875,17876,17876,1,1
2022-02-22 15:00:30.535,17875,17876,17876,1,1
2022-02-22 15:00:31.496,17875,17876,17875,3,-3
2022-02-22 15:00:31.819,17873,17875,17875,1,1
2022-02-22 15:00:32.773,17875,17876,17875,1,-1
2022-02-22 15:00:33.984,17875,17876,17875,1,-1
2022-02-22 15:00:34.710,17875,17876,17875,4,-4
2022-02-22 15:00:35.087,17873,17875,17873,5,-5
2022-02-22 15:00:35.090,17873,17875,17872,1,-1
2022-02-22 15:00:35.131,17871,17873,17873,4,4
2022-02-22 15:00:35.131,17871,17873,17874,2,2
2022-02-22 15:00:35.158,17871,17873,17874,1,1
2022-02-22 15:00:35.464,17873,17875,17875,1,1
2022-02-22 15:00:35.959,17873,17874,17874,1,1
2022-02-22 15:00:36.074,17873,17874,17873,2,-2
2022-02-22 15:00:36.074,17873,17874,17872,4,-4
2022-02-22 15:00:36.163,17872,17874,17872,1,-1
2022-02-22 15:00:36.435,17871,17873,17873,1,1
2022-02-22 15:00:37.203,17871,17873,17872,1,1
2022-02-22 15:00:37.371,17871,17873,17871,2,-2
2022-02-22 15:00:37.520,17872,17873,17872,1,-1
2022-02-22 15:00:37.534,17872,17873,17873,1,1
2022-02-22 15:00:37.966,17872,17873,17872,1,-1
2022-02-22 15:00:37.966,17872,17873,17871,4,-4
2022-02-22 15:00:40.186,17871,17872,17871,1,-1
2022-02-22 15:00:40.556,17871,17872,17872,1,1
2022-02-22 15:00:43.812,17871,17873,17872,1,1
2022-02-22 15:00:44.748,17871,17873,17872,1,1
2022-02-22 15:00:44.751,17871,17873,17871,2,-2
2022-02-22 15:00:44.752,17871,17873,17870,2,-2
2022-02-22 15:00:46.675,17869,17870,17869,1,-1
2022-02-22 15:00:47.475,17868,17869,17868,1,-1
2022-02-22 15:00:47.475,17868,17869,17867,5,-5
2022-02-22 15:00:48.597,17867,17869,17869,1,1
2022-02-22 15:00:48.662,17867,17869,17867,1,-1
2022-02-22 15:00:48.988,17867,17869,17867,1,-1
2022-02-22 15:00:49.814,17867,17869,17869,1,1
2022-02-22 15:00:50.533,17867,17868,17867,1,-1
2022-02-22 15:00:50.958,17867,17868,17868,1,1
2022-02-22 15:00:51.355,17867,17869,17867,1,-1
2022-02-22 15:00:51.462,17867,17868,17868,2,2
2022-02-22 15:00:51.462,17867,17868,17869,1,1
2022-02-22 15:00:52.405,17867,17868,17867,1,-1
2022-02-22 15:00:52.828,17867,17868,17868,1,1
2022-02-22 15:00:52.887,17867,17868,17868,1,1
2022-02-22 15:00:53.001,17867,17868,17867,1,-1
2022-02-22 15:00:53.393,17867,17868,17868,1,1
2022-02-22 15:00:55.169,17868,17869,17869,2,2
2022-02-22 15:00:56.140,17869,17870,17869,1,-1
2022-02-22 15:00:56.681,17869,17870,17870,1,1
2022-02-22 15:00:57.499,17869,17870,17870,3,3
2022-02-22 15:00:57.499,17869,17870,17870,2,2
2022-02-22 15:00:58.843,17870,17871,17870,4,-4
2022-02-22 15:00:58.843,17870,17871,17869,6,-6
2022-02-22 15:00:59.417,17870,17871,17870,1,-1
2022-02-22 15:00:59.663,17870,17871,17870,1,-1
2022-02-22 15:00:59.736,17870,17871,17871,2,2
2022-02-22 15:00:59.736,17870,17871,17872,6,6
2022-02-22 15:01:00.065,17871,17873,17871,3,-3
2022-02-22 15:01:00.075,17871,17873,17870,1,-1
2022-02-22 15:01:00.093,17871,17873,17870,1,-1
2022-02-22 15:01:00.136,17869,17872,17869,1,-1
2022-02-22 15:01:00.167,17869,17872,17869,1,-1
2022-02-22 15:01:00.203,17869,17872,17869,1,-1
2022-02-22 15:01:00.252,17869,17872,17868,2,-2
2022-02-22 15:01:00.547,17869,17871,17869,1,-1
2022-02-22 15:01:02.851,17870,17871,17870,1,-1
2022-02-22 15:01:02.880,17870,17871,17870,1,-1
2022-02-22 15:01:03.432,17870,17871,17871,1,1
2022-02-22 15:01:04.305,17870,17872,17870,1,-1
2022-02-22 15:01:04.850,17870,17871,17871,1,1
2022-02-22 15:01:06.591,17870,17872,17870,1,-1
2022-02-22 15:01:07.454,17871,17872,17872,1,1
2022-02-22 15:01:07.454,17871,17872,17872,1,1
2022-02-22 15:01:07.506,17871,17873,17871,1,-1
2022-02-22 15:01:07.506,17871,17873,17871,1,-1
2022-02-22 15:01:07.543,17871,17873,17871,1,-1
2022-02-22 15:01:07.543,17871,17873,17871,1,-1
2022-02-22 15:01:08.671,17870,17872,17872,3,3
2022-02-22 15:01:08.671,17870,17872,17873,2,2
2022-02-22 15:01:08.992,17873,17874,17874,1,1
2022-02-22 15:01:09.077,17873,17874,17874,1,1
2022-02-22 15:01:10.440,17873,17874,17873,1,-1
2022-02-22 15:01:10.537,17873,17874,17873,1,-1
2022-02-22 15:01:10.776,17873,17874,17873,1,-1
2022-02-22 15:01:12.812,17873,17874,17873,1,-1
2022-02-22 15:01:13.287,17873,17874,17874,1,1
2022-02-22 15:01:14.212,17873,17874,17873,1,-1
2022-02-22 15:01:14.212,17873,17874,17872,4,-4
2022-02-22 15:01:14.212,17873,17874,17871,9,-9
2022-02-22 15:01:14.212,17873,17874,17870,6,-6
2022-02-22 15:01:15.443,17871,17872,17872,2,2
2022-02-22 15:01:18.795,17870,17871,17870,1,-1
2022-02-22 15:01:18.795,17870,17871,17870,4,-4
2022-02-22 15:01:18.797,17870,17871,17869,1,-1
2022-02-22 15:01:18.912,17868,17869,17868,3,-3
2022-02-22 15:01:19.270,17867,17868,17868,1,1
2022-02-22 15:01:19.270,17867,17868,17869,1,1
2022-02-22 15:01:19.381,17867,17869,17867,1,-1
2022-02-22 15:01:19.615,17867,17869,17869,1,1
2022-02-22 15:01:22.025,17869,17871,17869,2,-2
2022-02-22 15:01:23.554,17870,17871,17870,1,-1
2022-02-22 15:01:24.609,17870,17871,17871,2,2
2022-02-22 15:01:24.609,17870,17871,17871,1,1
2022-02-22 15:01:24.822,17871,17872,17872,1,1
2022-02-22 15:01:24.987,17872,17874,17875,1,1
2022-02-22 15:01:24.987,17872,17874,17875,4,4
2022-02-22 15:01:25.032,17874,17877,17874,1,-1
2022-02-22 15:01:25.137,17874,17877,17876,1,1
2022-02-22 15:01:25.138,17874,17877,17876,1,1
2022-02-22 15:01:25.370,17875,17877,17877,1,1
2022-02-22 15:01:25.803,17875,17877,17875,1,-1
2022-02-22 15:01:25.803,17875,17877,17874,2,-2
2022-02-22 15:01:26.454,17874,17877,17876,3,3
2022-02-22 15:01:26.505,17876,17877,17876,1,-1
2022-02-22 15:01:26.597,17876,17877,17876,2,-2
2022-02-22 15:01:27.618,17875,17876,17876,1,1
2022-02-22 15:01:27.631,17875,17877,17875,1,-1
2022-02-22 15:01:27.631,17875,17877,17875,1,-1
2022-02-22 15:01:28.058,17874,17877,17874,1,-1
2022-02-22 15:01:30.788,17875,17877,17876,1,1
2022-02-22 15:01:31.158,17875,17877,17875,2,-2
2022-02-22 15:01:31.526,17875,17877,17875,1,-1
2022-02-22 15:01:31.599,17875,17877,17876,1,1
2022-02-22 15:01:31.685,17875,17877,17877,1,1
2022-02-22 15:01:31.685,17875,17877,17877,3,3
2022-02-22 15:01:31.685,17875,17877,17877,1,1
2022-02-22 15:01:31.689,17875,17877,17878,1,1
2022-02-22 15:01:31.705,17875,17877,17879,1,1
2022-02-22 15:01:31.781,17877,17879,17877,2,-2
2022-02-22 15:01:31.994,17876,17879,17876,7,-7
2022-02-22 15:01:31.994,17876,17879,17875,6,-6
2022-02-22 15:01:31.994,17876,17879,17874,14,-14
2022-02-22 15:01:31.994,17876,17879,17873,3,-3
2022-02-22 15:01:31.996,17876,17879,17875,1,-1
2022-02-22 15:01:32.064,17873,17875,17876,3,3
2022-02-22 15:01:32.396,17874,17876,17875,2,2
2022-02-22 15:01:33.821,17875,17877,17875,1,-1
2022-02-22 15:01:35.099,17877,17879,17879,6,6
2022-02-22 15:01:35.099,17877,17879,17880,1,1
2022-02-22 15:01:35.303,17877,17879,17879,1,1
2022-02-22 15:01:35.441,17877,17879,17879,1,1
2022-02-22 15:01:36.225,17877,17879,17879,1,1
2022-02-22 15:01:37.535,17879,17880,17880,10,10
2022-02-22 15:01:37.536,17879,17880,17880,1,1
2022-02-22 15:01:37.536,17879,17880,17880,2,2
2022-02-22 15:01:37.599,17879,17880,17881,1,1
2022-02-22 15:01:37.637,17880,17881,17881,2,2
2022-02-22 15:01:37.650,17880,17881,17881,1,1
2022-02-22 15:01:37.851,17879,17881,17881,1,1
2022-02-22 15:01:38.838,17880,17882,17880,1,-1
2022-02-22 15:01:39.939,17879,17881,17881,1,1
2022-02-22 15:01:40.041,17880,17882,17881,1,1
2022-02-22 15:01:40.703,17880,17882,17881,1,1
2022-02-22 15:01:40.705,17880,17882,17881,1,1
2022-02-22 15:01:41.311,17880,17882,17880,1,-1
2022-02-22 15:01:41.389,17881,17882,17882,3,3
2022-02-22 15:01:41.428,17881,17882,17881,1,-1
2022-02-22 15:01:41.452,17881,17882,17883,1,1
2022-02-22 15:01:42.566,17881,17882,17882,2,2
2022-02-22 15:01:42.662,17881,17883,17882,2,2
2022-02-22 15:01:44.114,17881,17883,17882,1,1
2022-02-22 15:01:44.746,17881,17883,17883,1,1
2022-02-22 15:01:45.813,17881,17883,17883,1,1
2022-02-22 15:01:46.997,17882,17883,17882,1,-1
2022-02-22 15:01:47.597,17882,17883,17882,2,-2
2022-02-22 15:01:47.628,17882,17883,17883,2,2
2022-02-22 15:01:47.703,17882,17883,17882,1,-1
2022-02-22 15:01:48.240,17881,17883,17883,1,1
2022-02-22 15:01:48.284,17882,17883,17883,4,4
2022-02-22 15:01:48.318,17882,17883,17884,3,3
2022-02-22 15:01:48.320,17882,17883,17884,1,1
2022-02-22 15:01:48.498,17883,17885,17883,1,-1
2022-02-22 15:01:48.640,17883,17885,17885,1,1
2022-02-22 15:01:48.750,17883,17885,17884,1,1
2022-02-22 15:01:48.833,17883,17885,17883,1,-1
2022-02-22 15:01:48.928,17883,17885,17885,1,1
2022-02-22 15:01:48.990,17883,17885,17883,4,-4
2022-02-22 15:01:48.991,17883,17885,17883,14,-14
2022-02-22 15:01:49.044,17883,17885,17885,3,3
2022-02-22 15:01:49.047,17883,17885,17885,8,8
2022-02-22 15:01:49.147,17884,17886,17886,2,2
2022-02-22 15:01:49.172,17884,17886,17885,1,1
2022-02-22 15:01:49.196,17884,17886,17884,1,-1
2022-02-22 15:01:49.301,17884,17886,17886,1,1
2022-02-22 15:01:49.783,17884,17886,17884,1,-1
2022-02-22 15:01:49.884,17884,17886,17886,1,1
2022-02-22 15:01:50.266,17884,17886,17885,1,1
2022-02-22 15:01:50.340,17884,17886,17886,1,1
2022-02-22 15:01:50.428,17884,17886,17884,1,-1
2022-02-22 15:01:51.440,17884,17886,17886,3,3
2022-02-22 15:01:51.548,17885,17887,17885,2,-2
2022-02-22 15:01:51.620,17885,17887,17885,1,-1
2022-02-22 15:01:52.510,17885,17887,17885,1,-1
2022-02-22 15:01:53.176,17885,17887,17886,1,1
2022-02-22 15:01:53.204,17885,17887,17887,1,1
2022-02-22 15:01:53.204,17885,17887,17887,5,5
2022-02-22 15:01:53.298,17886,17888,17886,1,-1
2022-02-22 15:01:53.547,17886,17888,17888,3,3
2022-02-22 15:01:53.886,17886,17888,17888,1,1
2022-02-22 15:01:53.886,17886,17888,17888,1,1
2022-02-22 15:01:53.886,17886,17888,17888,2,2
2022-02-22 15:01:53.947,17886,17888,17887,1,1
2022-02-22 15:01:54.025,17887,17889,17889,1,1
2022-02-22 15:01:54.472,17887,17889,17888,1,1
2022-02-22 15:01:54.829,17887,17888,17888,1,1
2022-02-22 15:01:56.459,17887,17889,17888,1,1
2022-02-22 15:01:56.476,17887,17889,17888,1,1
2022-02-22 15:01:56.539,17887,17889,17889,1,1
2022-02-22 15:01:56.576,17887,17889,17887,1,-1
2022-02-22 15:01:56.957,17888,17889,17889,3,3
2022-02-22 15:01:57.019,17888,17890,17888,1,-1
2022-02-22 15:01:57.329,17888,17890,17888,1,-1
2022-02-22 15:01:57.329,17888,17890,17887,3,-3
2022-02-22 15:01:58.111,17887,17890,17887,1,-1
2022-02-22 15:01:58.168,17886,17889,17889,4,4
2022-02-22 15:01:58.618,17887,17890,17888,1,-1
2022-02-22 15:01:58.697,17887,17890,17890,1,1
2022-02-22 15:01:58.862,17887,17890,17889,2,2
2022-02-22 15:02:00.040,17888,17890,17888,1,-1
2022-02-22 15:02:00.040,17888,17890,17888,1,-1
2022-02-22 15:02:00.040,17888,17890,17888,1,-1
2022-02-22 15:02:00.169,17887,17889,17889,1,1
2022-02-22 15:02:00.298,17887,17889,17889,1,1
2022-02-22 15:02:00.298,17887,17889,17889,1,1
2022-02-22 15:02:00.298,17887,17889,17890,2,2
2022-02-22 15:02:00.298,17887,17889,17890,1,1
2022-02-22 15:02:00.352,17887,17889,17890,1,1
2022-02-22 15:02:00.943,17887,17889,17889,1,1
2022-02-22 15:02:00.944,17887,17889,17889,1,1
2022-02-22 15:02:01.398,17889,17890,17889,2,-2
2022-02-22 15:02:02.302,17887,17889,17887,1,-1
2022-02-22 15:02:02.340,17887,17889,17889,1,1
2022-02-22 15:02:02.904,17887,17889,17889,6,6
2022-02-22 15:02:03.069,17888,17890,17890,2,2
2022-02-22 15:02:03.354,17888,17890,17890,7,7
2022-02-22 15:02:03.691,17889,17891,17891,5,5
2022-02-22 15:02:03.693,17889,17891,17891,2,2
2022-02-22 15:02:04.861,17890,17892,17890,1,-1
2022-02-22 15:02:04.880,17890,17892,17890,1,-1
2022-02-22 15:02:05.307,17890,17892,17890,1,-1
2022-02-22 15:02:05.516,17889,17891,17891,1,1
2022-02-22 15:02:05.790,17889,17891,17891,3,3
2022-02-22 15:02:06.321,17889,17891,17891,1,1
2022-02-22 15:02:07.528,17890,17892,17892,2,2
2022-02-22 15:02:08.065,17890,17892,17891,1,1
2022-02-22 15:02:08.582,17891,17892,17892,10,10
2022-02-22 15:02:08.756,17891,17893,17891,1,-1
2022-02-22 15:02:09.006,17891,17893,17891,1,-1
2022-02-22 15:02:09.158,17891,17893,17891,1,-1
2022-02-22 15:02:09.935,17891,17893,17891,1,-1
2022-02-22 15:02:10.103,17891,17893,17893,1,1
2022-02-22 15:02:10.841,17891,17893,17893,5,5
2022-02-22 15:02:10.842,17891,17893,17893,3,3
2022-02-22 15:02:10.842,17891,17893,17893,2,2
2022-02-22 15:02:10.926,17892,17894,17892,1,-1
2022-02-22 15:02:10.931,17892,17894,17892,1,-1
2022-02-22 15:02:12.327,17892,17894,17892,1,-1
2022-02-22 15:02:12.328,17892,17894,17892,1,-1
2022-02-22 15:02:12.498,17891,17893,17893,1,1
2022-02-22 15:02:12.955,17892,17894,17894,1,1
2022-02-22 15:02:13.126,17892,17894,17892,1,-1
2022-02-22 15:02:13.129,17892,17893,17892,1,-1
2022-02-22 15:02:13.129,17892,17893,17892,1,-1
2022-02-22 15:02:13.129,17892,17893,17892,1,-1
2022-02-22 15:02:13.371,17891,17893,17891,1,-1
2022-02-22 15:02:13.371,17891,17893,17891,3,-3
2022-02-22 15:02:13.457,17890,17892,17890,1,-1
2022-02-22 15:02:13.457,17890,17892,17890,1,-1
2022-02-22 15:02:13.457,17890,17892,17890,2,-2
2022-02-22 15:02:13.457,17890,17892,17890,3,-3
2022-02-22 15:02:13.977,17889,17890,17889,1,-1
2022-02-22 15:02:13.978,17889,17890,17889,1,-1
2022-02-22 15:02:14.484,17888,17889,17889,1,1
2022-02-22 15:02:15.062,17888,17889,17888,1,-1
2022-02-22 15:02:15.062,17888,17889,17888,3,-3
2022-02-22 15:02:15.063,17888,17889,17888,3,-3
2022-02-22 15:02:15.393,17887,17888,17887,1,-1
2022-02-22 15:02:17.213,17888,17889,17888,1,-1
2022-02-22 15:02:18.155,17887,17888,17887,1,-1
2022-02-22 15:02:18.156,17887,17888,17887,4,-4
2022-02-22 15:02:18.249,17887,17888,17886,4,-4
2022-02-22 15:02:19.279,17885,17887,17887,3,3
2022-02-22 15:02:19.308,17885,17887,17885,1,-1
2022-02-22 15:02:21.178,17885,17886,17886,1,1
2022-02-22 15:02:23.311,17885,17886,17886,3,3
2022-02-22 15:02:24.758,17885,17886,17886,2,2
2022-02-22 15:02:26.108,17886,17887,17886,1,-1
2022-02-22 15:02:26.121,17886,17887,17886,1,-1
2022-02-22 15:02:26.121,17886,17887,17885,1,-1
2022-02-22 15:02:26.794,17886,17887,17886,1,-1
2022-02-22 15:02:27.714,17886,17887,17887,3,3
2022-02-22 15:02:27.714,17886,17887,17888,2,2
2022-02-22 15:02:28.525,17888,17889,17888,1,-1
2022-02-22 15:02:29.080,17888,17889,17889,1,1
2022-02-22 15:02:30.634,17887,17889,17889,2,2
2022-02-22 15:02:30.634,17887,17889,17890,2,2
2022-02-22 15:02:31.686,17887,17889,17887,1,-1
2022-02-22 15:02:34.518,17888,17889,17888,3,-3
2022-02-22 15:02:34.521,17888,17889,17887,1,-1
2022-02-22 15:02:34.522,17888,17889,17887,1,-1
2022-02-22 15:02:34.979,17886,17888,17886,1,-1
2022-02-22 15:02:35.489,17885,17886,17886,1,1
2022-02-22 15:02:35.600,17885,17887,17887,1,1
2022-02-22 15:02:36.492,17886,17888,17886,1,-1
2022-02-22 15:02:37.024,17886,17887,17887,3,3
2022-02-22 15:02:37.024,17886,17887,17886,1,-1
2022-02-22 15:02:38.146,17885,17886,17885,9,-9
2022-02-22 15:02:38.146,17885,17886,17884,1,-1
2022-02-22 15:02:38.187,17885,17886,17885,2,-2
2022-02-22 15:02:38.187,17885,17886,17886,1,1
2022-02-22 15:02:43.003,17884,17885,17885,1,1
2022-02-22 15:02:43.350,17885,17886,17885,4,-4
2022-02-22 15:02:45.310,17884,17885,17885,1,1
2022-02-22 15:02:46.422,17885,17886,17885,2,-2
2022-02-22 15:02:46.422,17885,17886,17884,1,-1
2022-02-22 15:02:46.475,17885,17886,17884,1,-1
2022-02-22 15:02:46.537,17884,17886,17884,9,-9
2022-02-22 15:02:46.537,17884,17886,17883,6,-6
2022-02-22 15:02:46.539,17884,17886,17884,1,-1
2022-02-22 15:02:48.949,17883,17884,17883,3,-3
2022-02-22 15:02:52.452,17883,17884,17883,1,-1
2022-02-22 15:02:53.459,17881,17883,17881,1,-1
2022-02-22 15:02:53.501,17881,17883,17882,1,1
2022-02-22 15:02:55.205,17881,17882,17882,1,1
2022-02-22 15:02:55.694,17882,17883,17882,1,-1
2022-02-22 15:02:56.169,17882,17883,17883,1,1
2022-02-22 15:02:57.873,17882,17883,17883,2,2
2022-02-22 15:02:59.254,17882,17884,17884,3,3
2022-02-22 15:02:59.254,17882,17884,17885,1,1
2022-02-22 15:02:59.736,17883,17885,17886,4,4
2022-02-22 15:02:59.832,17884,17886,17884,1,-1
2022-02-22 15:02:59.904,17884,17885,17884,1,-1
2022-02-22 15:03:00.070,17883,17885,17885,1,1
2022-02-22 15:03:00.115,17883,17885,17884,1,1
2022-02-22 15:03:00.123,17883,17885,17886,2,2
2022-02-22 15:03:00.141,17884,17886,17886,5,5
2022-02-22 15:03:00.141,17884,17886,17887,1,1
2022-02-22 15:03:00.151,17884,17886,17887,1,1
2022-02-22 15:03:00.171,17884,17886,17887,2,2
2022-02-22 15:03:00.171,17884,17886,17888,2,2
2022-02-22 15:03:00.194,17884,17886,17888,2,2
2022-02-22 15:03:00.279,17886,17888,17888,1,1
2022-02-22 15:03:01.758,17885,17887,17885,1,-1
2022-02-22 15:03:03.261,17886,17888,17886,2,-2
2022-02-22 15:03:04.519,17885,17887,17887,5,5
2022-02-22 15:03:04.519,17885,17887,17888,1,1
2022-02-22 15:03:05.710,17885,17887,17885,1,-1
2022-02-22 15:03:05.857,17883,17885,17885,1,1
2022-02-22 15:03:07.441,17883,17885,17885,1,1
2022-02-22 15:03:07.581,17883,17885,17883,1,-1
2022-02-22 15:03:07.766,17882,17883,17882,2,-2
2022-02-22 15:03:07.767,17882,17883,17882,7,-7
2022-02-22 15:03:07.818,17882,17883,17881,2,-2
2022-02-22 15:03:07.819,17882,17883,17881,2,-2
2022-02-22 15:03:08.089,17880,17882,17880,1,-1
2022-02-22 15:03:08.950,17880,17882,17882,1,1
2022-02-22 15:03:10.533,17880,17881,17881,1,1
2022-02-22 15:03:11.765,17880,17882,17880,1,-1
2022-02-22 15:03:12.166,17879,17881,17879,3,-3
2022-02-22 15:03:12.294,17878,17879,17878,1,-1
2022-02-22 15:03:12.440,17877,17879,17879,1,1
2022-02-22 15:03:13.816,17877,17878,17878,2,2
2022-02-22 15:03:14.092,17877,17879,17879,1,1
2022-02-22 15:03:15.430,17877,17879,17877,7,-7
2022-02-22 15:03:16.007,17874,17876,17874,1,-1
2022-02-22 15:03:17.140,17874,17875,17875,1,1
2022-02-22 15:03:17.535,17874,17875,17875,2,2
2022-02-22 15:03:17.537,17874,17875,17875,3,3
2022-02-22 15:03:18.347,17874,17875,17875,1,1
2022-02-22 15:03:19.064,17874,17875,17874,1,-1
2022-02-22 15:03:19.862,17873,17874,17873,1,-1
2022-02-22 15:03:20.910,17873,17874,17874,1,1
2022-02-22 15:03:21.654,17873,17874,17873,1,-1
2022-02-22 15:03:23.110,17872,17874,17874,1,1
2022-02-22 15:03:23.586,17873,17874,17873,1,-1
2022-02-22 15:03:23.600,17873,17874,17873,1,-1
2022-02-22 15:03:24.233,17873,17874,17874,1,1
2022-02-22 15:03:25.543,17873,17874,17874,1,1
2022-02-22 15:03:25.970,17873,17874,17874,1,1
2022-02-22 15:03:26.649,17873,17874,17873,3,-3
2022-02-22 15:03:27.773,17873,17874,17874,2,2
2022-02-22 15:03:29.646,17873,17875,17875,1,1
2022-02-22 15:03:30.374,17873,17875,17875,1,1
2022-02-22 15:03:30.596,17874,17875,17875,4,4
2022-02-22 15:03:31.449,17874,17876,17874,5,-5
2022-02-22 15:03:33.305,17874,17875,17875,1,1
2022-02-22 15:03:34.386,17874,17875,17874,1,-1
2022-02-22 15:03:34.624,17874,17875,17874,3,-3
2022-02-22 15:03:34.791,17873,17874,17874,1,1
2022-02-22 15:03:36.752,17874,17875,17875,1,1
2022-02-22 15:03:38.691,17874,17875,17875,1,1
2022-02-22 15:03:38.691,17874,17875,17875,1,1
2022-02-22 15:03:39.242,17875,17876,17875,1,-1
2022-02-22 15:03:39.365,17875,17876,17876,3,3
2022-02-22 15:03:39.538,17876,17878,17876,1,-1
2022-02-22 15:03:39.588,17876,17878,17878,1,1
2022-02-22 15:03:40.736,17878,17879,17878,3,-3
2022-02-22 15:03:40.896,17877,17879,17877,3,-3
2022-02-22 15:03:43.057,17876,17877,17876,1,-1
2022-02-22 15:03:43.343,17874,17875,17874,3,-3
2022-02-22 15:03:43.343,17874,17875,17874,2,-2
2022-02-22 15:03:44.143,17873,17874,17873,4,-4
2022-02-22 15:03:44.143,17873,17874,17873,4,-4
2022-02-22 15:03:44.143,17873,17874,17873,2,-2
2022-02-22 15:03:44.234,17873,17874,17872,2,-2
2022-02-22 15:03:44.243,17873,17874,17872,1,-1
2022-02-22 15:03:44.244,17873,17874,17872,1,-1
2022-02-22 15:03:44.250,17873,17874,17872,1,-1
2022-02-22 15:03:44.261,17872,17873,17872,2,-2
2022-02-22 15:03:44.404,17872,17873,17872,2,-2
2022-02-22 15:03:44.405,17872,17873,17872,1,-1
2022-02-22 15:03:44.591,17871,17872,17872,1,1
2022-02-22 15:03:44.942,17871,17872,17872,1,1
2022-02-22 15:03:44.963,17871,17872,17873,2,2
2022-02-22 15:03:45.006,17872,17873,17873,1,1
2022-02-22 15:03:45.006,17872,17873,17874,4,4
2022-02-22 15:03:45.063,17872,17873,17874,1,1
2022-02-22 15:03:45.174,17872,17874,17872,1,-1
2022-02-22 15:03:47.684,17873,17874,17873,1,-1
2022-02-22 15:03:48.066,17872,17874,17872,1,-1
2022-02-22 15:03:50.220,17871,17872,17872,1,1
2022-02-22 15:03:50.445,17871,17872,17871,3,-3
2022-02-22 15:03:50.700,17871,17872,17872,1,1
2022-02-22 15:03:50.700,17871,17872,17873,9,9
2022-02-22 15:03:50.816,17872,17873,17873,1,1
2022-02-22 15:03:51.246,17872,17874,17872,1,-1
2022-02-22 15:03:51.505,17872,17873,17872,1,-1
2022-02-22 15:03:51.675,17871,17873,17871,1,-1
2022-02-22 15:03:51.790,17871,17873,17871,2,-2
2022-02-22 15:03:51.790,17871,17873,17870,3,-3
2022-02-22 15:03:53.547,17871,17873,17871,1,-1
2022-02-22 15:03:53.647,17870,17871,17871,1,1
2022-02-22 15:03:54.200,17870,17871,17871,1,1
2022-02-22 15:03:55.340,17870,17871,17870,5,-5
2022-02-22 15:03:56.477,17869,17870,17870,1,1
2022-02-22 15:03:56.477,17869,17870,17871,5,5
2022-02-22 15:03:56.478,17869,17870,17871,1,1
2022-02-22 15:03:57.270,17871,17872,17872,1,1
2022-02-22 15:03:57.311,17871,17872,17872,1,1
2022-02-22 15:03:57.784,17872,17873,17873,1,1
2022-02-22 15:03:58.049,17872,17874,17874,2,2
2022-02-22 15:03:59.534,17874,17875,17875,1,1
2022-02-22 15:03:59.534,17874,17875,17875,2,2
2022-02-22 15:03:59.859,17875,17877,17875,1,-1
2022-02-22 15:03:59.905,17875,17877,17875,1,-1
2022-02-22 15:04:05.380,17874,17876,17874,2,-2
2022-02-22 15:04:05.380,17874,17876,17873,1,-1
2022-02-22 15:04:05.719,17873,17875,17873,2,-2
2022-02-22 15:04:05.720,17873,17875,17872,1,-1
2022-02-22 15:04:06.976,17872,17874,17872,3,-3
2022-02-22 15:04:06.977,17872,17874,17872,1,-1
2022-02-22 15:04:08.143,17871,17872,17871,4,-4
2022-02-22 15:04:08.144,17871,17872,17870,2,-2
2022-02-22 15:04:08.590,17870,17872,17870,1,-1
2022-02-22 15:04:09.289,17870,17871,17871,1,1
2022-02-22 15:04:10.704,17871,17872,17872,4,4
2022-02-22 15:04:11.121,17872,17873,17872,3,-3
2022-02-22 15:04:11.399,17872,17873,17873,1,1
2022-02-22 15:04:13.211,17872,17873,17872,1,-1
2022-02-22 15:04:15.635,17872,17873,17872,2,-2
2022-02-22 15:04:15.669,17872,17873,17872,1,-1
2022-02-22 15:04:19.409,17872,17873,17873,2,2
2022-02-22 15:04:22.845,17872,17873,17873,1,1
2022-02-22 15:04:25.460,17872,17874,17874,1,1
2022-02-22 15:04:26.798,17873,17874,17873,1,-1
2022-02-22 15:04:27.595,17872,17873,17873,1,1
2022-02-22 15:04:31.084,17872,17874,17872,1,-1
2022-02-22 15:04:34.128,17872,17874,17872,1,-1
2022-02-22 15:04:35.436,17873,17874,17874,6,6
2022-02-22 15:04:36.644,17874,17875,17875,2,2
2022-02-22 15:04:37.043,17874,17876,17874,5,-5
2022-02-22 15:04:37.077,17874,17876,17874,1,-1
2022-02-22 15:04:46.843,17874,17875,17875,3,3
2022-02-22 15:04:54.144,17875,17876,17875,1,-1
2022-02-22 15:04:54.606,17874,17875,17874,1,-1
2022-02-22 15:04:54.994,17873,17875,17875,1,1
2022-02-22 15:04:56.549,17873,17874,17873,1,-1
2022-02-22 15:05:00.540,17872,17873,17872,1,-1
2022-02-22 15:05:03.506,17871,17872,17871,1,-1
2022-02-22 15:05:05.743,17870,17871,17871,1,1
2022-02-22 15:05:05.743,17870,17871,17871,1,1
2022-02-22 15:05:05.744,17870,17871,17871,1,1
2022-02-22 15:05:05.744,17870,17871,17871,1,1
2022-02-22 15:05:05.829,17871,17872,17872,1,1
2022-02-22 15:05:08.823,17872,17874,17872,6,-6
2022-02-22 15:05:08.823,17872,17874,17871,1,-1
2022-02-22 15:05:11.209,17871,17872,17871,1,-1
2022-02-22 15:05:15.324,17870,17871,17871,1,1
2022-02-22 15:05:17.174,17871,17872,17871,1,-1
2022-02-22 15:05:17.197,17871,17872,17871,1,-1
2022-02-22 15:05:18.019,17871,17872,17872,1,1
2022-02-22 15:05:20.159,17872,17873,17873,1,1
2022-02-22 15:05:22.479,17871,17873,17871,1,-1
2022-02-22 15:05:23.049,17871,17873,17871,1,-1
2022-02-22 15:05:26.106,17870,17872,17870,7,-7
2022-02-22 15:05:26.925,17869,17870,17870,1,1
2022-02-22 15:05:27.080,17869,17870,17869,8,-8
2022-02-22 15:05:27.081,17869,17870,17868,10,-10
2022-02-22 15:05:27.082,17869,17870,17868,11,-11
2022-02-22 15:05:27.184,17867,17868,17867,5,-5
2022-02-22 15:05:27.191,17867,17868,17867,1,-1
2022-02-22 15:05:27.191,17867,17868,17867,1,-1
2022-02-22 15:05:27.269,17867,17868,17867,1,-1
2022-02-22 15:05:27.275,17867,17868,17867,1,-1
2022-02-22 15:05:27.325,17867,17868,17867,1,-1
2022-02-22 15:05:27.377,17867,17868,17866,4,-4
2022-02-22 15:05:27.446,17866,17868,17866,4,-4
2022-02-22 15:05:27.459,17866,17868,17866,1,-1
2022-02-22 15:05:27.927,17866,17867,17867,1,1
2022-02-22 15:05:28.220,17866,17867,17866,1,-1
2022-02-22 15:05:30.041,17865,17866,17866,1,1
2022-02-22 15:05:30.882,17865,17866,17865,1,-1
2022-02-22 15:05:30.882,17865,17866,17865,1,-1
2022-02-22 15:05:30.882,17865,17866,17865,4,-4
2022-02-22 15:05:30.882,17865,17866,17865,1,-1
2022-02-22 15:05:30.883,17865,17866,17865,4,-4
2022-02-22 15:05:30.934,17865,17866,17865,1,-1
2022-02-22 15:05:31.097,17864,17865,17864,2,-2
2022-02-22 15:05:31.187,17863,17865,17865,1,1
2022-02-22 15:05:31.187,17863,17865,17863,10,-10
2022-02-22 15:05:31.464,17862,17863,17862,2,-2
2022-02-22 15:05:31.824,17862,17863,17863,1,1
2022-02-22 15:05:31.824,17862,17863,17864,1,1
2022-02-22 15:05:32.339,17862,17864,17862,4,-4
2022-02-22 15:05:32.742,17862,17864,17862,1,-1
2022-02-22 15:05:33.016,17862,17863,17863,1,1
2022-02-22 15:05:33.207,17862,17864,17864,1,1
2022-02-22 15:05:35.418,17863,17865,17865,1,1
2022-02-22 15:05:35.479,17863,17865,17865,1,1
2022-02-22 15:05:35.479,17863,17865,17864,1,1
2022-02-22 15:05:35.875,17865,17866,17866,1,1
2022-02-22 15:05:37.631,17866,17868,17866,1,-1
2022-02-22 15:05:37.946,17866,17868,17868,5,5
2022-02-22 15:05:38.320,17866,17867,17867,1,1
2022-02-22 15:05:38.598,17866,17868,17866,1,-1
2022-02-22 15:05:41.566,17865,17866,17866,1,1
2022-02-22 15:05:42.353,17865,17866,17866,1,1
2022-02-22 15:05:43.103,17866,17867,17866,1,-1
2022-02-22 15:05:43.463,17865,17867,17865,1,-1
2022-02-22 15:05:45.172,17865,17866,17865,1,-1
2022-02-22 15:05:45.221,17865,17866,17865,3,-3
2022-02-22 15:05:46.142,17863,17865,17863,2,-2
2022-02-22 15:05:47.640,17863,17864,17864,1,1
2022-02-22 15:05:47.687,17863,17864,17863,1,-1
2022-02-22 15:05:48.120,17863,17865,17864,1,1
2022-02-22 15:05:48.610,17863,17865,17863,1,-1
2022-02-22 15:05:49.568,17863,17865,17863,1,-1
2022-02-22 15:05:49.804,17863,17865,17863,1,-1
2022-02-22 15:05:50.519,17863,17864,17863,4,-4
2022-02-22 15:05:50.519,17863,17864,17862,1,-1
2022-02-22 15:05:50.641,17862,17864,17862,2,-2
2022-02-22 15:05:50.959,17862,17864,17863,1,1
2022-02-22 15:05:51.043,17863,17864,17863,1,-1
2022-02-22 15:05:51.296,17863,17864,17863,1,-1
2022-02-22 15:05:51.297,17863,17864,17863,1,-1
2022-02-22 15:05:51.307,17863,17864,17862,1,-1
2022-02-22 15:05:51.414,17862,17864,17862,2,-2
2022-02-22 15:05:51.977,17862,17863,17863,1,1
2022-02-22 15:05:52.024,17863,17864,17863,1,-1
2022-02-22 15:05:52.638,17862,17863,17862,4,-4
2022-02-22 15:05:52.638,17862,17863,17862,1,-1
2022-02-22 15:05:52.638,17862,17863,17862,1,-1
2022-02-22 15:05:52.638,17862,17863,17862,4,-4
2022-02-22 15:05:52.639,17862,17863,17862,4,-4
2022-02-22 15:05:52.639,17862,17863,17862,1,-1
2022-02-22 15:05:52.639,17862,17863,17862,2,-2
2022-02-22 15:05:52.788,17861,17862,17861,1,-1
2022-02-22 15:05:54.042,17860,17862,17860,1,-1
2022-02-22 15:05:54.463,17860,17862,17860,1,-1
2022-02-22 15:05:54.528,17860,17862,17860,1,-1
2022-02-22 15:05:55.176,17860,17861,17860,4,-4
2022-02-22 15:05:56.277,17860,17861,17860,4,-4
2022-02-22 15:05:56.277,17860,17861,17859,6,-6
2022-02-22 15:05:56.278,17860,17861,17859,2,-2
2022-02-22 15:05:56.278,17860,17861,17859,1,-1
2022-02-22 15:05:56.630,17858,17860,17858,1,-1
2022-02-22 15:05:57.486,17859,17860,17860,1,1
2022-02-22 15:05:57.486,17859,17860,17861,1,1
2022-02-22 15:05:58.217,17859,17862,17859,1,-1
2022-02-22 15:05:59.058,17859,17860,17859,1,-1
2022-02-22 15:05:59.573,17858,17860,17860,1,1
2022-02-22 15:05:59.985,17859,17860,17860,3,3
2022-02-22 15:06:00.343,17860,17861,17859,1,-1
2022-02-22 15:06:00.421,17859,17861,17861,1,1
2022-02-22 15:06:01.251,17859,17861,17860,1,1
2022-02-22 15:06:01.255,17859,17860,17859,1,-1
2022-02-22 15:06:01.516,17859,17860,17859,1,-1
2022-02-22 15:06:01.563,17859,17860,17860,1,1
2022-02-22 15:06:01.630,17860,17861,17861,1,1
2022-02-22 15:06:01.748,17860,17861,17860,2,-2
2022-02-22 15:06:01.835,17860,17861,17860,1,-1
2022-02-22 15:06:01.969,17859,17861,17860,1,1
2022-02-22 15:06:01.969,17859,17861,17860,1,1
2022-02-22 15:06:01.974,17859,17861,17860,1,1
2022-02-22 15:06:01.979,17859,17861,17861,1,1
2022-02-22 15:06:02.080,17860,17863,17861,1,-1
2022-02-22 15:06:02.314,17861,17863,17863,2,2
2022-02-22 15:06:02.378,17861,17863,17861,1,-1
2022-02-22 15:06:03.203,17861,17863,17861,1,-1
2022-02-22 15:06:03.421,17861,17864,17861,4,-4
2022-02-22 15:06:03.661,17861,17863,17861,1,-1
2022-02-22 15:06:03.868,17860,17863,17860,1,-1
2022-02-22 15:06:03.995,17860,17863,17863,1,1
2022-02-22 15:06:05.078,17862,17864,17862,1,-1
2022-02-22 15:06:05.153,17862,17864,17862,2,-2
2022-02-22 15:06:05.318,17862,17864,17864,1,1
2022-02-22 15:06:05.949,17862,17864,17862,1,-1
2022-02-22 15:06:06.036,17862,17864,17864,1,1
2022-02-22 15:06:06.509,17862,17864,17862,2,-2
2022-02-22 15:06:06.626,17862,17864,17863,1,1
2022-02-22 15:06:07.479,17861,17863,17861,1,-1
2022-02-22 15:06:09.450,17861,17862,17862,5,5
2022-02-22 15:06:09.752,17861,17863,17861,1,-1
2022-02-22 15:06:09.779,17861,17863,17863,2,2
2022-02-22 15:06:12.440,17861,17863,17863,1,1
2022-02-22 15:06:12.440,17861,17863,17863,1,1
2022-02-22 15:06:13.752,17861,17863,17863,1,1
2022-02-22 15:06:15.494,17862,17863,17863,1,1
2022-02-22 15:06:15.802,17862,17863,17862,1,-1
2022-02-22 15:06:15.959,17861,17862,17862,1,1
2022-02-22 15:06:16.660,17861,17862,17861,4,-4
2022-02-22 15:06:17.147,17860,17862,17860,1,-1
2022-02-22 15:06:18.043,17860,17862,17860,1,-1
2022-02-22 15:06:18.081,17860,17862,17860,1,-1
2022-02-22 15:06:19.798,17860,17861,17860,2,-2
2022-02-22 15:06:19.825,17860,17861,17860,1,-1
2022-02-22 15:06:20.179,17860,17861,17860,1,-1
2022-02-22 15:06:21.049,17860,17861,17860,1,-1
2022-02-22 15:06:21.331,17860,17861,17861,1,1
2022-02-22 15:06:21.585,17860,17862,17860,1,-1
2022-02-22 15:06:21.603,17860,17862,17860,2,-2
2022-02-22 15:06:25.108,17860,17861,17860,1,-1
2022-02-22 15:06:25.481,17860,17861,17861,1,1
2022-02-22 15:06:25.848,17861,17862,17862,1,1
2022-02-22 15:06:25.848,17861,17862,17862,1,1
2022-02-22 15:06:26.170,17862,17863,17863,3,3
2022-02-22 15:06:27.087,17862,17864,17862,2,-2
2022-02-22 15:06:27.131,17862,17864,17862,1,-1
2022-02-22 15:06:27.509,17862,17864,17864,4,4
2022-02-22 15:06:27.554,17862,17864,17862,1,-1
2022-02-22 15:06:29.553,17864,17865,17865,10,10
2022-02-22 15:06:29.554,17864,17865,17865,2,2
2022-02-22 15:06:29.723,17865,17866,17866,1,1
2022-02-22 15:06:29.724,17865,17866,17866,2,2
2022-02-22 15:06:29.724,17865,17866,17866,2,2
2022-02-22 15:06:29.724,17865,17866,17866,2,2
2022-02-22 15:06:29.725,17865,17866,17866,1,1
2022-02-22 15:06:30.794,17863,17865,17865,1,1
2022-02-22 15:06:31.040,17864,17866,17864,1,-1
2022-02-22 15:06:31.469,17864,17866,17866,1,1
2022-02-22 15:06:32.867,17864,17866,17864,1,-1
2022-02-22 15:06:34.718,17863,17865,17865,2,2
2022-02-22 15:06:35.390,17863,17865,17865,1,1
2022-02-22 15:06:36.382,17863,17864,17863,1,-1
2022-02-22 15:06:38.396,17862,17864,17864,1,1
2022-02-22 15:06:38.506,17862,17864,17862,1,-1
2022-02-22 15:06:40.103,17863,17864,17863,1,-1
2022-02-22 15:06:43.223,17863,17864,17863,2,-2
2022-02-22 15:06:43.499,17863,17864,17864,1,1
2022-02-22 15:06:43.829,17863,17864,17863,3,-3
2022-02-22 15:06:44.902,17862,17864,17862,1,-1
2022-02-22 15:06:45.234,17862,17864,17863,1,1
2022-02-22 15:06:50.738,17862,17863,17863,1,1
2022-02-22 15:06:51.368,17862,17863,17862,5,-5
2022-02-22 15:06:52.479,17861,17863,17863,1,1
2022-02-22 15:06:52.700,17861,17862,17861,1,-1
2022-02-22 15:06:52.700,17861,17862,17861,2,-2
2022-02-22 15:06:52.700,17861,17862,17861,2,-2
2022-02-22 15:06:54.493,17861,17862,17862,1,1
2022-02-22 15:06:54.712,17860,17862,17860,1,-1
2022-02-22 15:06:56.876,17862,17863,17862,1,-1
2022-02-22 15:06:57.619,17861,17863,17861,2,-2
2022-02-22 15:06:58.092,17861,17863,17861,2,-2
2022-02-22 15:06:58.399,17861,17863,17861,1,-1
2022-02-22 15:06:58.543,17861,17863,17863,2,2
2022-02-22 15:07:01.415,17862,17863,17862,3,-3
2022-02-22 15:07:01.415,17862,17863,17861,3,-3
2022-02-22 15:07:01.415,17862,17863,17860,14,-14
2022-02-22 15:07:06.636,17860,17861,17861,1,1
2022-02-22 15:07:07.762,17860,17862,17862,1,1
2022-02-22 15:07:08.361,17860,17862,17860,1,-1
2022-02-22 15:07:09.638,17860,17861,17861,1,1
2022-02-22 15:07:09.801,17860,17862,17860,1,-1
2022-02-22 15:07:10.843,17860,17861,17860,10,-10
2022-02-22 15:07:10.843,17860,17861,17860,2,-2
2022-02-22 15:07:10.844,17860,17861,17860,1,-1
2022-02-22 15:07:11.377,17859,17860,17859,4,-4
2022-02-22 15:07:15.875,17858,17859,17859,2,2
2022-02-22 15:07:16.767,17858,17859,17858,2,-2
2022-02-22 15:07:16.999,17858,17859,17858,1,-1
2022-02-22 15:07:17.282,17858,17859,17858,2,-2
2022-02-22 15:07:17.381,17858,17859,17858,1,-1
2022-02-22 15:07:19.005,17858,17859,17859,19,19
2022-02-22 15:07:19.005,17858,17859,17859,5,5
2022-02-22 15:07:19.005,17858,17859,17859,4,4
2022-02-22 15:07:19.816,17859,17860,17860,1,1
2022-02-22 15:07:20.956,17860,17862,17862,1,1
2022-02-22 15:07:20.964,17860,17862,17860,1,-1
2022-02-22 15:07:20.970,17860,17862,17860,1,-1
2022-02-22 15:07:21.319,17859,17860,17859,1,-1
2022-02-22 15:07:21.665,17859,17860,17860,1,1
2022-02-22 15:07:22.370,17860,17862,17860,2,-2
2022-02-22 15:07:22.686,17861,17862,17862,5,5
2022-02-22 15:07:23.296,17862,17863,17863,7,7
2022-02-22 15:07:23.950,17863,17864,17864,3,3
2022-02-22 15:07:23.951,17863,17864,17864,7,7
2022-02-22 15:07:24.101,17864,17865,17864,1,-1
2022-02-22 15:07:24.353,17863,17865,17865,2,2
2022-02-22 15:07:25.224,17864,17865,17865,1,1
2022-02-22 15:07:25.227,17864,17865,17865,1,1
2022-02-22 15:07:25.243,17864,17865,17865,2,2
2022-02-22 15:07:25.799,17864,17866,17864,1,-1
2022-02-22 15:07:26.287,17865,17866,17866,5,5
2022-02-22 15:07:31.610,17864,17865,17865,1,1
2022-02-22 15:07:34.511,17864,17866,17866,2,2
2022-02-22 15:07:36.456,17864,17865,17864,1,-1
2022-02-22 15:07:37.457,17864,17865,17864,1,-1
2022-02-22 15:07:39.774,17863,17865,17865,1,1
2022-02-22 15:07:43.302,17863,17865,17865,1,1
2022-02-22 15:07:43.302,17863,17865,17865,1,1
2022-02-22 15:07:45.411,17863,17865,17865,1,1
2022-02-22 15:07:46.647,17863,17865,17865,1,1
2022-02-22 15:07:48.978,17865,17866,17866,5,5
2022-02-22 15:07:49.575,17866,17867,17867,1,1
2022-02-22 15:07:49.575,17866,17867,17867,4,4
2022-02-22 15:07:49.575,17866,17867,17867,2,2
2022-02-22 15:07:49.655,17867,17868,17868,5,5
2022-02-22 15:07:51.450,17868,17869,17868,1,-1
2022-02-22 15:07:53.295,17868,17869,17869,1,1
2022-02-22 15:07:53.379,17868,17869,17869,2,2
2022-02-22 15:07:53.714,17868,17869,17868,1,-1
2022-02-22 15:07:53.899,17867,17869,17867,1,-1
2022-02-22 15:08:00.080,17867,17868,17867,1,-1
2022-02-22 15:08:00.084,17867,17868,17867,1,-1
2022-02-22 15:08:00.411,17866,17868,17868,5,5
2022-02-22 15:08:00.444,17866,17868,17866,1,-1
2022-02-22 15:08:00.474,17866,17868,17866,1,-1
2022-02-22 15:08:00.518,17866,17868,17866,1,-1
2022-02-22 15:08:00.529,17866,17868,17866,1,-1
2022-02-22 15:08:00.559,17866,17868,17866,1,-1
2022-02-22 15:08:00.592,17866,17868,17866,1,-1
2022-02-22 15:08:00.600,17866,17868,17865,1,-1
2022-02-22 15:08:00.623,17866,17868,17865,1,-1
2022-02-22 15:08:00.657,17865,17867,17865,1,-1
2022-02-22 15:08:00.666,17865,17867,17865,1,-1
2022-02-22 15:08:00.688,17865,17867,17865,1,-1
2022-02-22 15:08:00.722,17865,17867,17865,1,-1
2022-02-22 15:08:00.733,17865,17867,17865,1,-1
2022-02-22 15:08:00.763,17865,17867,17865,1,-1
2022-02-22 15:08:00.819,17865,17867,17865,1,-1
2022-02-22 15:08:00.826,17865,17867,17865,1,-1
2022-02-22 15:08:00.845,17865,17867,17864,1,-1
2022-02-22 15:08:00.860,17865,17867,17864,1,-1
2022-02-22 15:08:01.072,17864,17866,17864,1,-1
2022-02-22 15:08:01.340,17864,17866,17866,1,1
2022-02-22 15:08:01.399,17864,17866,17866,1,1
2022-02-22 15:08:04.857,17864,17866,17866,1,1
2022-02-22 15:08:06.504,17866,17867,17866,1,-1
2022-02-22 15:08:06.504,17866,17867,17865,1,-1
2022-02-22 15:08:08.116,17864,17866,17864,1,-1
2022-02-22 15:08:11.392,17863,17865,17863,4,-4
2022-02-22 15:08:12.721,17863,17865,17863,1,-1
2022-02-22 15:08:12.721,17863,17865,17863,6,-6
2022-02-22 15:08:14.058,17862,17863,17862,1,-1
2022-02-22 15:08:17.525,17861,17862,17862,3,3
2022-02-22 15:08:19.634,17861,17862,17861,1,-1
2022-02-22 15:08:20.458,17861,17862,17861,1,-1
2022-02-22 15:08:20.458,17861,17862,17860,3,-3
2022-02-22 15:08:22.061,17861,17862,17861,1,-1
2022-02-22 15:08:22.061,17861,17862,17860,2,-2
2022-02-22 15:08:23.805,17861,17862,17861,1,-1
2022-02-22 15:08:23.805,17861,17862,17860,1,-1
2022-02-22 15:08:25.272,17860,17861,17860,1,-1
2022-02-22 15:08:25.273,17860,17861,17860,1,-1
2022-02-22 15:08:25.273,17860,17861,17860,1,-1
2022-02-22 15:08:25.273,17860,17861,17860,1,-1
2022-02-22 15:08:25.274,17860,17861,17860,1,-1
2022-02-22 15:08:26.377,17860,17861,17861,1,1
2022-02-22 15:08:31.423,17860,17861,17861,1,1
2022-02-22 15:08:31.886,17861,17862,17862,1,1
2022-02-22 15:08:32.223,17860,17861,17860,1,-1
2022-02-22 15:08:32.223,17860,17861,17859,19,-19
2022-02-22 15:08:32.294,17859,17860,17860,2,2
2022-02-22 15:08:32.756,17860,17861,17860,1,-1
2022-02-22 15:08:32.948,17859,17860,17860,2,2
2022-02-22 15:08:33.408,17859,17861,17860,1,1
2022-02-22 15:08:33.408,17859,17861,17860,1,1
2022-02-22 15:08:36.643,17859,17861,17861,1,1
2022-02-22 15:08:36.653,17859,17861,17859,1,-1
2022-02-22 15:08:39.896,17860,17861,17860,4,-4
2022-02-22 15:08:40.517,17860,17861,17861,1,1
2022-02-22 15:08:40.989,17860,17862,17860,1,-1
2022-02-22 15:08:41.714,17860,17862,17862,2,2
2022-02-22 15:08:45.631,17860,17861,17861,1,1
2022-02-22 15:08:47.464,17860,17862,17862,1,1
2022-02-22 15:08:48.630,17860,17862,17862,2,2
2022-02-22 15:08:48.637,17860,17862,17862,2,2
2022-02-22 15:08:49.003,17861,17862,17861,1,-1
2022-02-22 15:08:51.179,17861,17862,17861,1,-1
2022-02-22 15:08:51.180,17861,17862,17861,1,-1
2022-02-22 15:08:52.132,17860,17861,17860,1,-1
2022-02-22 15:08:52.132,17860,17861,17860,3,-3
2022-02-22 15:08:54.043,17860,17861,17860,3,-3
2022-02-22 15:08:54.276,17859,17860,17860,1,1
2022-02-22 15:08:55.762,17859,17860,17859,1,-1
2022-02-22 15:08:56.879,17859,17860,17859,1,-1
2022-02-22 15:08:57.086,17859,17860,17860,1,1
2022-02-22 15:08:58.119,17859,17860,17860,1,1
2022-02-22 15:08:58.720,17859,17860,17860,1,1
2022-02-22 15:08:58.721,17859,17860,17860,13,13
2022-02-22 15:09:00.076,17860,17861,17860,1,-1
2022-02-22 15:09:03.409,17860,17861,17860,1,-1
2022-02-22 15:09:05.483,17860,17861,17861,1,1
2022-02-22 15:09:05.484,17860,17861,17861,1,1
2022-02-22 15:09:07.112,17861,17862,17861,1,-1
2022-02-22 15:09:09.178,17861,17862,17862,2,2
2022-02-22 15:09:10.490,17861,17862,17862,1,1
2022-02-22 15:09:11.582,17862,17863,17863,1,1
2022-02-22 15:09:11.582,17862,17863,17863,1,1
2022-02-22 15:09:11.583,17862,17863,17863,3,3
2022-02-22 15:09:14.369,17862,17863,17863,1,1
2022-02-22 15:09:15.460,17862,17863,17863,1,1
2022-02-22 15:09:15.706,17862,17864,17863,1,1
2022-02-22 15:09:16.201,17863,17864,17864,4,4
2022-02-22 15:09:16.201,17863,17864,17864,2,2
2022-02-22 15:09:16.201,17863,17864,17864,6,6
2022-02-22 15:09:16.202,17863,17864,17864,2,2
2022-02-22 15:09:16.202,17863,17864,17864,1,1
2022-02-22 15:09:16.202,17863,17864,17864,5,5
2022-02-22 15:09:19.049,17863,17864,17863,1,-1
2022-02-22 15:09:19.289,17862,17863,17862,1,-1
2022-02-22 15:09:20.641,17861,17862,17861,1,-1
2022-02-22 15:09:20.909,17860,17862,17862,3,3
2022-02-22 15:09:22.272,17861,17862,17861,1,-1
2022-02-22 15:09:23.581,17860,17862,17860,4,-4
2022-02-22 15:09:23.583,17860,17862,17862,1,1
2022-02-22 15:09:25.020,17860,17861,17860,1,-1
2022-02-22 15:09:26.231,17859,17861,17859,2,-2
2022-02-22 15:09:28.163,17859,17860,17860,1,1
2022-02-22 15:09:28.891,17859,17860,17859,1,-1
2022-02-22 15:09:28.891,17859,17860,17859,1,-1
2022-02-22 15:09:28.899,17859,17860,17858,25,-25
2022-02-22 15:09:28.900,17859,17860,17858,2,-2
2022-02-22 15:09:28.901,17859,17860,17857,1,-1
2022-02-22 15:09:28.901,17859,17860,17857,1,-1
2022-02-22 15:09:28.902,17859,17860,17857,3,-3
2022-02-22 15:09:28.902,17859,17860,17857,1,-1
2022-02-22 15:09:28.902,17859,17860,17857,1,-1
2022-02-22 15:09:28.903,17859,17860,17857,2,-2
2022-02-22 15:09:29.448,17856,17858,17858,1,1
2022-02-22 15:09:29.728,17856,17858,17858,1,1
2022-02-22 15:09:29.772,17856,17857,17857,4,4
2022-02-22 15:09:30.296,17856,17858,17856,2,-2
2022-02-22 15:09:30.366,17856,17858,17857,1,1
2022-02-22 15:09:30.413,17856,17857,17856,1,-1
2022-02-22 15:09:32.311,17856,17857,17856,1,-1
2022-02-22 15:09:32.356,17856,17857,17856,1,-1
2022-02-22 15:09:34.888,17855,17856,17856,1,1
2022-02-22 15:09:35.480,17855,17856,17855,1,-1
2022-02-22 15:09:35.481,17855,17856,17855,6,-6
2022-02-22 15:09:38.272,17854,17855,17854,3,-3
2022-02-22 15:09:38.391,17854,17855,17854,1,-1
2022-02-22 15:09:38.704,17853,17854,17854,1,1
2022-02-22 15:09:38.950,17854,17855,17854,1,-1
2022-02-22 15:09:38.967,17854,17855,17853,2,-2
2022-02-22 15:09:39.021,17853,17855,17853,2,-2
2022-02-22 15:09:39.280,17853,17855,17853,2,-2
2022-02-22 15:09:39.538,17853,17855,17853,1,-1
2022-02-22 15:09:39.925,17853,17854,17853,1,-1
2022-02-22 15:09:40.057,17852,17854,17852,1,-1
2022-02-22 15:09:40.148,17852,17854,17852,1,-1
2022-02-22 15:09:40.162,17852,17854,17852,4,-4
2022-02-22 15:09:41.834,17852,17853,17852,5,-5
2022-02-22 15:09:42.406,17852,17853,17853,2,2
2022-02-22 15:09:43.319,17853,17854,17854,2,2
2022-02-22 15:09:43.919,17854,17855,17855,1,1
2022-02-22 15:09:43.919,17854,17855,17855,1,1
2022-02-22 15:09:46.689,17855,17856,17855,1,-1
2022-02-22 15:09:46.977,17854,17855,17855,1,1
2022-02-22 15:09:47.403,17855,17856,17855,1,-1
2022-02-22 15:09:47.464,17855,17856,17855,1,-1
2022-02-22 15:09:50.721,17855,17856,17855,1,-1
2022-02-22 15:09:51.329,17855,17856,17855,2,-2
2022-02-22 15:09:52.736,17855,17856,17856,4,4
2022-02-22 15:09:53.850,17856,17858,17856,9,-9
2022-02-22 15:09:53.850,17856,17858,17855,1,-1
2022-02-22 15:09:59.233,17856,17857,17856,1,-1
2022-02-22 15:10:01.477,17856,17857,17856,1,-1
2022-02-22 15:10:01.614,17856,17857,17857,2,2
2022-02-22 15:10:01.640,17856,17857,17857,1,1
2022-02-22 15:10:01.677,17856,17857,17857,1,1
2022-02-22 15:10:01.692,17856,17857,17856,1,-1
2022-02-22 15:10:01.955,17856,17858,17856,1,-1
2022-02-22 15:10:01.974,17856,17858,17856,1,-1
2022-02-22 15:10:02.054,17855,17857,17855,1,-1
2022-02-22 15:10:02.088,17855,17857,17855,1,-1
2022-02-22 15:10:02.092,17855,17857,17855,1,-1
2022-02-22 15:10:02.116,17855,17857,17855,1,-1
2022-02-22 15:10:02.174,17855,17857,17855,1,-1
2022-02-22 15:10:02.197,17855,17857,17855,3,-3
2022-02-22 15:10:02.272,17855,17857,17855,1,-1
2022-02-22 15:10:02.658,17855,17856,17855,2,-2
2022-02-22 15:10:02.659,17855,17856,17855,1,-1
2022-02-22 15:10:02.692,17855,17856,17854,2,-2
2022-02-22 15:10:04.347,17854,17855,17854,1,-1
2022-02-22 15:10:04.347,17854,17855,17853,1,-1
2022-02-22 15:10:04.855,17853,17855,17853,1,-1
2022-02-22 15:10:05.571,17853,17854,17854,1,1
2022-02-22 15:10:05.773,17854,17855,17854,3,-3
2022-02-22 15:10:08.839,17854,17855,17854,1,-1
2022-02-22 15:10:09.603,17853,17855,17853,4,-4
2022-02-22 15:10:10.552,17853,17854,17853,4,-4
2022-02-22 15:10:10.981,17852,17854,17852,1,-1
2022-02-22 15:10:11.184,17852,17854,17852,1,-1
2022-02-22 15:10:12.189,17852,17854,17852,4,-4
2022-02-22 15:10:12.955,17853,17854,17853,3,-3
2022-02-22 15:10:13.398,17852,17853,17852,4,-4
2022-02-22 15:10:14.538,17852,17853,17852,1,-1
2022-02-22 15:10:15.064,17851,17852,17852,1,1
2022-02-22 15:10:15.132,17851,17853,17853,4,4
2022-02-22 15:10:15.652,17851,17853,17851,1,-1
2022-02-22 15:10:15.661,17851,17853,17851,1,-1
2022-02-22 15:10:15.730,17851,17853,17853,1,1
2022-02-22 15:10:16.633,17851,17852,17851,1,-1
2022-02-22 15:10:16.634,17851,17852,17851,2,-2
2022-02-22 15:10:16.634,17851,17852,17851,4,-4
2022-02-22 15:10:16.634,17851,17852,17851,3,-3
2022-02-22 15:10:16.807,17850,17851,17851,1,1
2022-02-22 15:10:17.319,17850,17852,17850,1,-1
2022-02-22 15:10:17.455,17850,17852,17850,2,-2
2022-02-22 15:10:17.517,17850,17852,17850,1,-1
2022-02-22 15:10:18.147,17850,17852,17850,2,-2
2022-02-22 15:10:18.318,17850,17852,17850,1,-1
2022-02-22 15:10:18.684,17850,17851,17850,5,-5
2022-02-22 15:10:19.116,17849,17851,17851,1,1
2022-02-22 15:10:19.694,17850,17851,17851,4,4
2022-02-22 15:10:20.989,17851,17852,17851,1,-1
2022-02-22 15:10:21.839,17850,17851,17850,2,-2
2022-02-22 15:10:22.182,17850,17852,17850,1,-1
2022-02-22 15:10:22.485,17850,17851,17850,1,-1
2022-02-22 15:10:22.680,17849,17851,17849,2,-2
2022-02-22 15:10:24.183,17849,17851,17849,1,-1
2022-02-22 15:10:24.945,17849,17851,17851,5,5
2022-02-22 15:10:25.800,17849,17851,17849,1,-1
2022-02-22 15:10:25.800,17849,17851,17849,1,-1
2022-02-22 15:10:25.800,17849,17851,17849,2,-2
2022-02-22 15:10:25.800,17849,17851,17849,1,-1
2022-02-22 15:10:25.800,17849,17851,17849,1,-1
2022-02-22 15:10:25.839,17849,17851,17848,1,-1
2022-02-22 15:10:25.940,17848,17849,17848,2,-2
2022-02-22 15:10:26.348,17848,17849,17848,1,-1
2022-02-22 15:10:26.348,17848,17849,17847,1,-1
2022-02-22 15:10:26.349,17848,17849,17847,1,-1
2022-02-22 15:10:27.009,17847,17849,17847,1,-1
2022-02-22 15:10:28.511,17847,17849,17849,1,1
2022-02-22 15:10:29.026,17847,17848,17847,2,-2
2022-02-22 15:10:29.348,17847,17848,17847,1,-1
2022-02-22 15:10:29.361,17847,17848,17848,1,1
2022-02-22 15:10:29.564,17847,17849,17847,1,-1
2022-02-22 15:10:29.769,17847,17849,17847,1,-1
2022-02-22 15:10:29.773,17847,17849,17847,1,-1
2022-02-22 15:10:30.570,17848,17849,17849,1,1
2022-02-22 15:10:30.622,17848,17849,17849,1,1
2022-02-22 15:10:30.820,17848,17850,17848,1,-1
2022-02-22 15:10:30.852,17848,17850,17850,1,1
2022-02-22 15:10:33.413,17849,17850,17849,1,-1
2022-02-22 15:10:35.132,17849,17850,17850,1,1
2022-02-22 15:10:35.203,17849,17850,17849,2,-2
2022-02-22 15:10:35.807,17848,17850,17848,3,-3
2022-02-22 15:10:36.777,17848,17850,17848,1,-1
2022-02-22 15:10:36.777,17848,17850,17848,1,-1
2022-02-22 15:10:37.494,17847,17849,17847,1,-1
2022-02-22 15:10:37.522,17847,17849,17849,2,2
2022-02-22 15:10:37.523,17847,17849,17847,1,-1
2022-02-22 15:10:37.588,17847,17849,17847,2,-2
2022-02-22 15:10:38.179,17847,17849,17847,1,-1
2022-02-22 15:10:38.282,17847,17849,17849,2,2
2022-02-22 15:10:38.367,17847,17849,17847,1,-1
2022-02-22 15:10:38.386,17847,17849,17849,5,5
2022-02-22 15:10:38.708,17847,17849,17847,2,-2
2022-02-22 15:10:41.251,17848,17850,17848,1,-1
2022-02-22 15:10:41.871,17849,17850,17849,1,-1
2022-02-22 15:10:42.096,17849,17850,17850,4,4
2022-02-22 15:10:42.301,17850,17851,17850,1,-1
2022-02-22 15:10:43.281,17849,17851,17849,2,-2
2022-02-22 15:10:44.296,17849,17851,17849,6,-6
2022-02-22 15:10:44.558,17849,17850,17849,4,-4
2022-02-22 15:10:44.558,17849,17850,17848,2,-2
2022-02-22 15:10:44.587,17849,17850,17850,1,1
2022-02-22 15:10:44.961,17849,17851,17850,1,1
2022-02-22 15:10:45.382,17850,17851,17851,1,1
2022-02-22 15:10:45.385,17850,17851,17851,1,1
2022-02-22 15:10:45.385,17850,17851,17851,1,1
2022-02-22 15:10:45.385,17850,17851,17851,1,1
2022-02-22 15:10:45.385,17850,17851,17851,1,1
2022-02-22 15:10:45.386,17850,17851,17851,1,1
2022-02-22 15:10:45.386,17850,17851,17851,12,12
2022-02-22 15:10:46.343,17851,17852,17851,1,-1
2022-02-22 15:10:46.558,17851,17852,17851,1,-1
2022-02-22 15:10:46.597,17851,17852,17852,1,1
2022-02-22 15:10:46.597,17851,17852,17852,1,1
2022-02-22 15:10:46.597,17851,17852,17852,1,1
2022-02-22 15:10:46.598,17851,17852,17852,1,1
2022-02-22 15:10:46.598,17851,17852,17852,1,1
2022-02-22 15:10:46.605,17851,17852,17852,1,1
2022-02-22 15:10:46.607,17851,17852,17852,1,1
2022-02-22 15:10:46.607,17851,17852,17852,1,1
2022-02-22 15:10:46.608,17851,17852,17852,34,34
2022-02-22 15:10:46.609,17851,17852,17852,4,4
2022-02-22 15:10:46.609,17851,17852,17852,4,4
2022-02-22 15:10:46.609,17851,17852,17852,1,1
2022-02-22 15:10:46.609,17851,17852,17852,1,1
2022-02-22 15:10:46.609,17851,17852,17852,2,2
2022-02-22 15:10:46.610,17851,17852,17853,1,1
2022-02-22 15:10:46.610,17851,17852,17853,1,1
2022-02-22 15:10:46.610,17851,17852,17853,1,1
2022-02-22 15:10:46.611,17851,17852,17853,1,1
2022-02-22 15:10:46.611,17851,17852,17853,1,1
2022-02-22 15:10:46.612,17851,17852,17853,6,6
2022-02-22 15:10:46.612,17851,17852,17853,1,1
2022-02-22 15:10:46.613,17851,17852,17853,1,1
2022-02-22 15:10:46.615,17851,17852,17853,1,1
2022-02-22 15:10:46.615,17851,17852,17853,3,3
2022-02-22 15:10:46.615,17851,17852,17853,4,4
2022-02-22 15:10:46.628,17854,17855,17854,1,-1
2022-02-22 15:10:46.641,17854,17855,17854,2,-2
2022-02-22 15:10:46.657,17854,17855,17854,1,-1
2022-02-22 15:10:46.658,17854,17855,17854,1,-1
2022-02-22 15:10:46.671,17854,17855,17855,1,1
2022-02-22 15:10:47.170,17851,17853,17853,2,2
2022-02-22 15:10:47.743,17851,17853,17852,1,1
2022-02-22 15:10:47.743,17851,17853,17851,2,-2
2022-02-22 15:10:47.778,17851,17852,17851,1,-1
2022-02-22 15:10:48.050,17851,17852,17851,1,-1
2022-02-22 15:10:48.067,17851,17852,17851,1,-1
2022-02-22 15:10:48.067,17851,17852,17850,3,-3
2022-02-22 15:10:48.067,17851,17852,17850,2,-2
2022-02-22 15:10:49.820,17850,17852,17852,1,1
2022-02-22 15:10:49.998,17851,17853,17852,1,1
2022-02-22 15:10:51.024,17851,17852,17852,1,1
2022-02-22 15:10:51.683,17851,17852,17851,1,-1
2022-02-22 15:10:52.403,17851,17853,17851,1,-1
2022-02-22 15:10:52.403,17851,17853,17850,8,-8
2022-02-22 15:10:52.406,17851,17853,17849,1,-1
2022-02-22 15:10:53.282,17848,17849,17849,1,1
2022-02-22 15:10:53.879,17848,17849,17849,1,1
2022-02-22 15:10:56.043,17849,17850,17849,1,-1
2022-02-22 15:10:56.043,17849,17850,17849,1,-1
2022-02-22 15:10:56.391,17848,17849,17848,1,-1
2022-02-22 15:10:57.998,17848,17849,17849,1,1
2022-02-22 15:11:00.072,17848,17849,17848,1,-1
2022-02-22 15:11:00.131,17847,17849,17847,2,-2
2022-02-22 15:11:00.131,17847,17849,17847,1,-1
2022-02-22 15:11:00.132,17847,17849,17847,1,-1
2022-02-22 15:11:00.132,17847,17849,17847,1,-1
2022-02-22 15:11:00.132,17847,17849,17847,1,-1
2022-02-22 15:11:00.363,17847,17848,17848,1,1
2022-02-22 15:11:00.526,17848,17849,17849,2,2
2022-02-22 15:11:00.645,17848,17849,17849,1,1
2022-02-22 15:11:00.645,17848,17849,17850,1,1
2022-02-22 15:11:03.765,17848,17849,17849,1,1
2022-02-22 15:11:03.881,17848,17850,17848,1,-1
2022-02-22 15:11:04.530,17848,17850,17850,2,2
2022-02-22 15:11:05.789,17849,17850,17850,1,1
2022-02-22 15:11:06.576,17849,17850,17849,4,-4
2022-02-22 15:11:06.576,17849,17850,17848,6,-6
2022-02-22 15:11:07.819,17849,17850,17849,1,-1
2022-02-22 15:11:07.881,17848,17850,17848,1,-1
2022-02-22 15:11:11.668,17848,17850,17850,7,7
2022-02-22 15:11:11.668,17848,17850,17850,1,1
2022-02-22 15:11:11.864,17849,17850,17849,1,-1
2022-02-22 15:11:12.701,17849,17850,17849,1,-1
2022-02-22 15:11:16.818,17849,17850,17850,2,2
2022-02-22 15:11:16.818,17849,17850,17850,1,1
2022-02-22 15:11:16.819,17849,17850,17850,1,1
2022-02-22 15:11:16.819,17849,17850,17850,2,2
2022-02-22 15:11:16.819,17849,17850,17850,1,1
2022-02-22 15:11:16.819,17849,17850,17850,48,48
2022-02-22 15:11:16.820,17849,17850,17851,6,6
2022-02-22 15:11:16.965,17851,17852,17852,3,3
2022-02-22 15:11:17.054,17851,17852,17851,1,-1
2022-02-22 15:11:17.130,17851,17852,17851,1,-1
2022-02-22 15:11:17.130,17851,17852,17851,1,-1
2022-02-22 15:11:17.131,17851,17852,17851,1,-1
2022-02-22 15:11:17.175,17851,17852,17852,2,2
2022-02-22 15:11:18.173,17851,17852,17851,1,-1
2022-02-22 15:11:19.727,17851,17852,17851,2,-2
2022-02-22 15:11:20.806,17851,17852,17852,1,1
2022-02-22 15:11:21.001,17851,17853,17853,4,4
2022-02-22 15:11:21.150,17852,17854,17854,2,2
2022-02-22 15:11:22.321,17854,17855,17854,1,-1
2022-02-22 15:11:22.837,17854,17855,17855,1,1
2022-02-22 15:11:24.403,17854,17855,17855,1,1
2022-02-22 15:11:26.304,17854,17855,17855,1,1
2022-02-22 15:11:27.552,17854,17855,17854,1,-1
2022-02-22 15:11:27.552,17854,17855,17854,2,-2
2022-02-22 15:11:27.553,17854,17855,17854,1,-1
2022-02-22 15:11:29.428,17854,17855,17854,1,-1
2022-02-22 15:11:29.789,17854,17855,17854,1,-1
2022-02-22 15:11:29.789,17854,17855,17854,1,-1
2022-02-22 15:11:29.806,17854,17855,17853,2,-2
2022-02-22 15:11:29.815,17854,17855,17853,1,-1
2022-02-22 15:11:29.815,17854,17855,17853,1,-1
2022-02-22 15:11:30.003,17852,17853,17852,1,-1
2022-02-22 15:11:30.004,17852,17853,17852,1,-1
2022-02-22 15:11:30.004,17852,17853,17852,1,-1
2022-02-22 15:11:30.022,17852,17853,17852,1,-1
2022-02-22 15:11:31.372,17851,17852,17852,3,3
2022-02-22 15:11:31.372,17851,17852,17853,2,2
2022-02-22 15:11:34.420,17852,17853,17852,2,-2
2022-02-22 15:11:35.929,17851,17852,17851,12,-12
2022-02-22 15:11:35.929,17851,17852,17851,5,-5
2022-02-22 15:11:35.929,17851,17852,17851,1,-1
2022-02-22 15:11:35.929,17851,17852,17851,1,-1
2022-02-22 15:11:37.980,17850,17852,17850,1,-1
2022-02-22 15:11:40.725,17850,17851,17851,1,1
2022-02-22 15:11:40.756,17850,17851,17850,1,-1
2022-02-22 15:11:40.756,17850,17851,17849,1,-1
2022-02-22 15:11:40.756,17850,17851,17849,1,-1
2022-02-22 15:11:40.757,17850,17851,17849,1,-1
2022-02-22 15:11:41.366,17850,17851,17850,1,-1
2022-02-22 15:11:41.880,17849,17850,17849,2,-2
2022-02-22 15:11:41.880,17849,17850,17849,1,-1
2022-02-22 15:11:41.880,17849,17850,17849,1,-1
2022-02-22 15:11:41.880,17849,17850,17849,1,-1
2022-02-22 15:11:41.894,17849,17850,17848,1,-1
2022-02-22 15:11:42.679,17848,17849,17848,1,-1
2022-02-22 15:11:42.680,17848,17849,17848,1,-1
2022-02-22 15:11:42.680,17848,17849,17848,1,-1
2022-02-22 15:11:42.680,17848,17849,17848,12,-12
2022-02-22 15:11:43.080,17847,17848,17848,1,1
2022-02-22 15:11:43.211,17847,17848,17849,2,2
2022-02-22 15:11:45.041,17847,17849,17849,1,1
2022-02-22 15:11:47.062,17847,17848,17848,1,1
2022-02-22 15:11:47.675,17847,17848,17847,8,-8
2022-02-22 15:11:48.508,17846,17848,17846,1,-1
2022-02-22 15:11:48.631,17846,17847,17846,1,-1
2022-02-22 15:11:53.021,17847,17848,17847,2,-2
2022-02-22 15:11:53.039,17847,17848,17846,1,-1
2022-02-22 15:11:53.059,17847,17848,17847,1,-1
2022-02-22 15:11:53.061,17847,17848,17847,1,-1
2022-02-22 15:11:53.233,17846,17847,17847,1,1
2022-02-22 15:11:53.304,17846,17847,17846,1,-1
2022-02-22 15:11:54.050,17846,17847,17846,16,-16
2022-02-22 15:11:54.218,17846,17847,17846,10,-10
2022-02-22 15:11:56.108,17846,17848,17846,1,-1
2022-02-22 15:11:57.102,17846,17847,17846,1,-1
2022-02-22 15:11:57.102,17846,17847,17846,1,-1
2022-02-22 15:11:57.103,17846,17847,17846,2,-2
2022-02-22 15:11:57.919,17845,17847,17846,1,1
2022-02-22 15:11:59.594,17846,17847,17846,1,-1
2022-02-22 15:12:00.550,17846,17847,17846,1,-1
2022-02-22 15:12:00.897,17846,17847,17847,2,2
2022-02-22 15:12:01.451,17846,17848,17846,2,-2
2022-02-22 15:12:01.506,17846,17848,17846,1,-1
2022-02-22 15:12:01.506,17846,17848,17846,1,-1
2022-02-22 15:12:01.507,17846,17848,17846,1,-1
2022-02-22 15:12:01.661,17846,17847,17846,2,-2
2022-02-22 15:12:05.082,17845,17846,17846,4,4
2022-02-22 15:12:05.082,17845,17846,17847,1,1
2022-02-22 15:12:05.954,17845,17846,17845,5,-5
2022-02-22 15:12:05.956,17845,17846,17845,3,-3
2022-02-22 15:12:06.300,17844,17846,17844,4,-4
2022-02-22 15:12:06.455,17844,17845,17845,1,1
2022-02-22 15:12:06.455,17844,17845,17846,1,1
2022-02-22 15:12:07.463,17844,17846,17846,1,1
2022-02-22 15:12:07.464,17844,17846,17846,1,1
2022-02-22 15:12:07.505,17845,17847,17845,1,-1
2022-02-22 15:12:07.505,17845,17847,17845,1,-1
2022-02-22 15:12:07.507,17845,17847,17845,1,-1
2022-02-22 15:12:08.344,17846,17847,17847,1,1
2022-02-22 15:12:09.885,17847,17848,17847,1,-1
2022-02-22 15:12:09.951,17847,17848,17848,1,1
2022-02-22 15:12:10.070,17847,17848,17848,1,1
2022-02-22 15:12:11.621,17848,17849,17848,1,-1
2022-02-22 15:12:11.760,17847,17849,17849,1,1
2022-02-22 15:12:12.931,17847,17849,17848,1,1
2022-02-22 15:12:14.455,17848,17849,17849,1,1
2022-02-22 15:12:15.631,17848,17849,17849,1,1
2022-02-22 15:12:16.385,17849,17850,17850,10,10
2022-02-22 15:12:16.424,17849,17850,17850,1,1
2022-02-22 15:12:16.844,17850,17851,17850,1,-1
2022-02-22 15:12:17.481,17850,17851,17851,2,2
2022-02-22 15:12:17.483,17850,17851,17851,1,1
2022-02-22 15:12:17.506,17851,17852,17851,1,-1
2022-02-22 15:12:17.506,17851,17852,17851,1,-1
2022-02-22 15:12:17.507,17851,17852,17850,1,-1
2022-02-22 15:12:18.046,17851,17852,17852,1,1
2022-02-22 15:12:18.087,17851,17852,17851,1,-1
2022-02-22 15:12:19.553,17851,17852,17851,1,-1
2022-02-22 15:12:20.624,17850,17852,17852,1,1
2022-02-22 15:12:21.394,17850,17851,17850,1,-1
2022-02-22 15:12:21.573,17848,17850,17850,3,3
2022-02-22 15:12:27.639,17849,17850,17850,1,1
2022-02-22 15:12:31.752,17849,17850,17850,3,3
2022-02-22 15:12:31.756,17849,17850,17849,1,-1
2022-02-22 15:12:33.207,17848,17850,17848,1,-1
2022-02-22 15:12:35.866,17849,17850,17850,20,20
2022-02-22 15:12:35.876,17849,17850,17851,2,2
2022-02-22 15:12:35.987,17850,17852,17850,1,-1
2022-02-22 15:12:38.135,17851,17852,17851,1,-1
2022-02-22 15:12:41.038,17850,17851,17851,2,2
2022-02-22 15:12:41.069,17850,17851,17851,2,2
2022-02-22 15:12:41.069,17850,17851,17851,1,1
2022-02-22 15:12:41.069,17850,17851,17851,1,1
2022-02-22 15:12:41.070,17850,17851,17851,1,1
2022-02-22 15:12:41.070,17850,17851,17851,1,1
2022-02-22 15:12:41.131,17851,17852,17851,1,-1
2022-02-22 15:12:42.062,17850,17851,17850,1,-1
2022-02-22 15:12:43.808,17849,17851,17851,1,1
2022-02-22 15:12:45.261,17850,17852,17852,1,1
2022-02-22 15:12:45.855,17851,17852,17851,1,-1
2022-02-22 15:12:46.437,17850,17851,17851,1,1
2022-02-22 15:12:46.829,17850,17851,17850,3,-3
2022-02-22 15:12:51.123,17850,17851,17850,1,-1
2022-02-22 15:12:53.650,17850,17851,17851,1,1
2022-02-22 15:12:58.865,17851,17852,17851,1,-1
2022-02-22 15:12:59.326,17850,17852,17852,1,1
2022-02-22 15:13:01.122,17851,17852,17852,7,7
2022-02-22 15:13:01.639,17852,17853,17853,1,1
2022-02-22 15:13:01.639,17852,17853,17853,1,1
2022-02-22 15:13:01.639,17852,17853,17853,2,2
2022-02-22 15:13:01.937,17853,17854,17854,1,1
2022-02-22 15:13:01.938,17853,17854,17854,1,1
2022-02-22 15:13:01.939,17853,17854,17854,1,1
2022-02-22 15:13:01.939,17853,17854,17854,1,1
2022-02-22 15:13:02.014,17853,17855,17853,1,-1
2022-02-22 15:13:02.114,17853,17855,17853,1,-1
2022-02-22 15:13:05.240,17853,17854,17854,1,1
2022-02-22 15:13:07.101,17853,17855,17853,1,-1
2022-02-22 15:13:08.991,17854,17855,17855,1,1
2022-02-22 15:13:09.024,17854,17855,17855,1,1
2022-02-22 15:13:12.121,17852,17854,17854,1,1
2022-02-22 15:13:15.515,17852,17854,17853,1,1
2022-02-22 15:13:22.062,17852,17854,17852,2,-2
2022-02-22 15:13:24.821,17853,17854,17854,3,3
2022-02-22 15:13:25.754,17854,17855,17854,1,-1
2022-02-22 15:13:26.029,17854,17855,17854,1,-1
2022-02-22 15:13:31.532,17853,17854,17853,1,-1
2022-02-22 15:13:31.533,17853,17854,17853,1,-1
2022-02-22 15:13:31.533,17853,17854,17853,1,-1
2022-02-22 15:13:34.400,17852,17853,17853,1,1
2022-02-22 15:13:38.738,17852,17854,17854,2,2
2022-02-22 15:13:38.868,17852,17854,17854,3,3
2022-02-22 15:13:39.180,17853,17855,17854,1,1
2022-02-22 15:13:39.183,17853,17855,17853,3,-3
2022-02-22 15:13:42.833,17854,17855,17854,1,-1
2022-02-22 15:13:47.248,17852,17853,17853,1,1
2022-02-22 15:13:48.523,17852,17854,17854,2,2
2022-02-22 15:13:49.467,17852,17853,17853,1,1
2022-02-22 15:13:50.636,17853,17854,17854,1,1
2022-02-22 15:13:50.721,17853,17854,17853,1,-1
2022-02-22 15:13:50.722,17853,17854,17853,1,-1
2022-02-22 15:13:52.474,17852,17854,17854,4,4
2022-02-22 15:13:55.507,17853,17854,17854,1,1
2022-02-22 15:13:59.491,17854,17855,17855,1,1
2022-02-22 15:14:00.181,17854,17855,17855,1,1
2022-02-22 15:14:04.138,17854,17855,17855,1,1
2022-02-22 15:14:05.137,17854,17855,17855,6,6
2022-02-22 15:14:05.137,17854,17855,17855,15,15
2022-02-22 15:14:05.138,17854,17855,17855,2,2
2022-02-22 15:14:05.138,17854,17855,17855,1,1
2022-02-22 15:14:05.140,17854,17855,17856,2,2
2022-02-22 15:14:05.191,17854,17855,17856,5,5
2022-02-22 15:14:05.779,17855,17857,17855,1,-1
2022-02-22 15:14:09.581,17856,17857,17856,1,-1
2022-02-22 15:14:11.101,17854,17856,17856,1,1
2022-02-22 15:14:13.608,17854,17856,17855,2,2
2022-02-22 15:14:16.728,17855,17856,17855,1,-1
2022-02-22 15:14:17.736,17855,17856,17855,2,-2
2022-02-22 15:14:18.299,17855,17856,17856,1,1
2022-02-22 15:14:18.299,17855,17856,17856,3,3
2022-02-22 15:14:19.249,17855,17857,17857,1,1
2022-02-22 15:14:23.783,17855,17856,17855,1,-1
2022-02-22 15:14:25.241,17855,17857,17856,1,1
2022-02-22 15:14:38.120,17855,17856,17855,1,-1
2022-02-22 15:14:38.125,17855,17856,17855,5,-5
2022-02-22 15:14:38.412,17854,17855,17855,1,1
2022-02-22 15:14:40.433,17854,17855,17855,1,1
2022-02-22 15:14:40.434,17854,17855,17855,1,1
2022-02-22 15:14:42.264,17854,17855,17855,1,1
2022-02-22 15:14:44.588,17854,17855,17855,5,5
2022-02-22 15:14:44.590,17854,17855,17854,4,-4
2022-02-22 15:14:44.705,17854,17855,17854,1,-1
2022-02-22 15:14:44.706,17854,17855,17854,1,-1
2022-02-22 15:14:46.468,17853,17854,17853,6,-6
2022-02-22 15:14:47.794,17852,17854,17852,6,-6
2022-02-22 15:14:47.921,17851,17852,17851,1,-1
2022-02-22 15:14:47.921,17851,17852,17851,1,-1
2022-02-22 15:14:47.923,17851,17852,17851,1,-1
2022-02-22 15:14:48.367,17851,17852,17852,1,1
2022-02-22 15:14:50.573,17852,17853,17852,1,-1
2022-02-22 15:14:51.235,17851,17852,17851,1,-1
2022-02-22 15:14:51.274,17850,17852,17851,1,1
2022-02-22 15:14:53.400,17850,17851,17851,1,1
2022-02-22 15:14:54.289,17851,17852,17852,1,1
2022-02-22 15:14:54.397,17851,17852,17851,1,-1
2022-02-22 15:14:54.992,17850,17851,17850,1,-1
2022-02-22 15:14:54.992,17850,17851,17850,2,-2
2022-02-22 15:14:55.074,17849,17850,17850,1,1
2022-02-22 15:14:55.214,17849,17850,17849,1,-1
2022-02-22 15:14:55.215,17849,17850,17849,1,-1
2022-02-22 15:14:55.237,17849,17850,17848,1,-1
2022-02-22 15:14:56.534,17848,17849,17849,1,1
2022-02-22 15:14:56.820,17848,17849,17848,12,-12
2022-02-22 15:14:56.987,17847,17848,17847,3,-3
2022-02-22 15:14:58.387,17846,17848,17846,1,-1
2022-02-22 15:14:59.020,17846,17847,17846,1,-1
2022-02-22 15:14:59.102,17846,17847,17846,1,-1
2022-02-22 15:14:59.104,17846,17847,17846,2,-2
2022-02-22 15:14:59.104,17846,17847,17846,1,-1
2022-02-22 15:14:59.104,17846,17847,17846,4,-4
2022-02-22 15:14:59.105,17846,17847,17846,2,-2
2022-02-22 15:14:59.105,17846,17847,17846,5,-5
2022-02-22 15:14:59.205,17845,17846,17845,6,-6
2022-02-22 15:14:59.229,17845,17846,17844,1,-1
2022-02-22 15:14:59.351,17844,17845,17844,1,-1
2022-02-22 15:14:59.844,17844,17845,17844,1,-1
2022-02-22 15:14:59.845,17844,17845,17844,1,-1
2022-02-22 15:14:59.845,17844,17845,17844,1,-1
2022-02-22 15:15:00.129,17843,17844,17843,1,-1
2022-02-22 15:15:00.130,17843,17844,17843,4,-4
2022-02-22 15:15:00.130,17843,17844,17842,17,-17
2022-02-22 15:15:00.131,17843,17844,17842,1,-1
2022-02-22 15:15:00.131,17843,17844,17842,3,-3
2022-02-22 15:15:00.132,17843,17844,17841,17,-17
2022-02-22 15:15:00.178,17843,17844,17841,1,-1
2022-02-22 15:15:00.288,17841,17843,17841,1,-1
2022-02-22 15:15:00.293,17841,17843,17841,1,-1
2022-02-22 15:15:00.456,17840,17842,17842,1,1
2022-02-22 15:15:00.738,17840,17841,17841,1,1
2022-02-22 15:15:00.738,17840,17841,17842,5,5
2022-02-22 15:15:00.738,17840,17841,17843,1,1
2022-02-22 15:15:00.873,17841,17843,17842,1,1
2022-02-22 15:15:00.961,17841,17842,17843,2,2
2022-02-22 15:15:01.026,17841,17843,17843,1,1
2022-02-22 15:15:01.026,17841,17843,17844,3,3
2022-02-22 15:15:01.131,17842,17843,17843,1,1
2022-02-22 15:15:01.131,17842,17843,17844,1,1
2022-02-22 15:15:01.357,17843,17844,17845,1,1
2022-02-22 15:15:01.357,17843,17844,17846,6,6
2022-02-22 15:15:01.357,17843,17844,17847,1,1
2022-02-22 15:15:01.551,17845,17847,17845,1,-1
2022-02-22 15:15:03.513,17846,17847,17847,1,1
2022-02-22 15:15:03.552,17846,17847,17847,1,1
2022-02-22 15:15:05.203,17848,17849,17849,1,1
2022-02-22 15:15:05.273,17848,17850,17848,1,-1
2022-02-22 15:15:05.761,17848,17849,17848,2,-2
2022-02-22 15:15:06.245,17848,17849,17848,2,-2
2022-02-22 15:15:07.843,17848,17849,17849,1,1
2022-02-22 15:15:07.857,17848,17849,17850,2,2
2022-02-22 15:15:07.880,17850,17851,17851,1,1
2022-02-22 15:15:07.880,17850,17851,17851,1,1
2022-02-22 15:15:07.881,17850,17851,17851,1,1
2022-02-22 15:15:07.881,17850,17851,17851,1,1
2022-02-22 15:15:07.881,17850,17851,17851,1,1
2022-02-22 15:15:07.881,17850,17851,17851,1,1
2022-02-22 15:15:07.881,17850,17851,17851,1,1
2022-02-22 15:15:07.882,17850,17851,17852,1,1
2022-02-22 15:15:07.919,17850,17851,17852,1,1
2022-02-22 15:15:12.122,17851,17852,17850,1,-1
2022-02-22 15:15:13.470,17850,17851,17850,1,-1
2022-02-22 15:15:13.470,17850,17851,17849,5,-5
2022-02-22 15:15:14.544,17848,17850,17848,1,-1
2022-02-22 15:15:14.545,17848,17850,17848,2,-2
2022-02-22 15:15:14.545,17848,17850,17848,2,-2
2022-02-22 15:15:15.179,17847,17849,17847,1,-1
2022-02-22 15:15:15.180,17847,17849,17846,5,-5
2022-02-22 15:15:15.365,17845,17847,17847,1,1
2022-02-22 15:15:19.195,17847,17848,17848,1,1
2022-02-22 15:15:22.295,17848,17849,17849,1,1
2022-02-22 15:15:22.380,17849,17850,17850,1,1
2022-02-22 15:15:22.380,17849,17850,17851,1,1
2022-02-22 15:15:22.381,17849,17850,17851,1,1
2022-02-22 15:15:22.381,17849,17850,17851,1,1
2022-02-22 15:15:22.381,17849,17850,17851,1,1
2022-02-22 15:15:22.382,17849,17850,17851,1,1
2022-02-22 15:15:23.263,17849,17851,17849,1,-1
2022-02-22 15:15:26.514,17848,17850,17849,1,1
2022-02-22 15:15:30.498,17849,17850,17849,1,-1
2022-02-22 15:15:30.505,17848,17850,17850,1,1
2022-02-22 15:15:31.276,17848,17850,17848,4,-4
2022-02-22 15:15:31.828,17847,17848,17847,2,-2
2022-02-22 15:15:32.223,17846,17848,17848,2,2
2022-02-22 15:15:33.855,17847,17848,17847,1,-1
2022-02-22 15:15:34.722,17847,17848,17847,1,-1
2022-02-22 15:15:35.805,17846,17847,17847,1,1
2022-02-22 15:15:36.646,17846,17847,17846,3,-3
2022-02-22 15:15:36.647,17846,17847,17846,6,-6
2022-02-22 15:15:36.813,17845,17846,17845,1,-1
2022-02-22 15:15:36.814,17845,17846,17845,5,-5
2022-02-22 15:15:37.579,17844,17846,17846,6,6
2022-02-22 15:15:37.579,17844,17846,17846,2,2
2022-02-22 15:15:37.630,17844,17846,17846,1,1
2022-02-22 15:15:37.631,17844,17846,17846,1,1
2022-02-22 15:15:37.746,17844,17846,17847,4,4
2022-02-22 15:15:38.146,17845,17847,17847,2,2
2022-02-22 15:15:38.468,17845,17846,17845,1,-1
2022-02-22 15:15:39.632,17845,17846,17845,1,-1
2022-02-22 15:15:39.942,17844,17845,17844,1,-1
2022-02-22 15:15:41.651,17844,17845,17845,1,1
2022-02-22 15:15:41.651,17844,17845,17845,1,1
2022-02-22 15:15:45.124,17845,17847,17847,1,1
2022-02-22 15:15:45.498,17845,17847,17845,2,-2
2022-02-22 15:15:45.498,17845,17847,17845,1,-1
2022-02-22 15:15:48.708,17843,17845,17845,4,4
2022-02-22 15:15:48.709,17843,17845,17845,6,6
2022-02-22 15:15:49.379,17843,17845,17845,2,2
2022-02-22 15:15:50.495,17844,17845,17844,1,-1
2022-02-22 15:15:51.174,17844,17845,17844,2,-2
2022-02-22 15:15:51.174,17844,17845,17843,3,-3
2022-02-22 15:15:52.821,17844,17845,17844,2,-2
2022-02-22 15:15:52.821,17844,17845,17843,2,-2
2022-02-22 15:15:53.789,17843,17845,17843,5,-5
2022-02-22 15:15:54.028,17843,17845,17845,1,1
2022-02-22 15:15:55.886,17844,17845,17845,2,2
2022-02-22 15:15:56.392,17844,17845,17844,1,-1
2022-02-22 15:15:56.392,17844,17845,17844,1,-1
2022-02-22 15:15:56.392,17844,17845,17844,1,-1
2022-02-22 15:15:56.392,17844,17845,17844,1,-1
2022-02-22 15:15:56.396,17844,17845,17843,1,-1
2022-02-22 15:15:56.397,17844,17845,17842,2,-2
2022-02-22 15:15:56.767,17842,17843,17842,1,-1
2022-02-22 15:15:56.768,17842,17843,17842,2,-2
2022-02-22 15:15:56.811,17842,17843,17841,1,-1
2022-02-22 15:15:58.831,17842,17843,17842,1,-1
2022-02-22 15:15:58.831,17842,17843,17842,1,-1
2022-02-22 15:16:00.055,17841,17843,17841,1,-1
2022-02-22 15:16:00.271,17841,17843,17841,1,-1
2022-02-22 15:16:00.320,17841,17843,17842,1,1
2022-02-22 15:16:00.439,17842,17844,17842,1,-1
2022-02-22 15:16:00.463,17842,17844,17842,1,-1
2022-02-22 15:16:00.542,17842,17844,17842,1,-1
2022-02-22 15:16:00.569,17842,17844,17842,1,-1
2022-02-22 15:16:00.634,17842,17844,17842,1,-1
2022-02-22 15:16:00.654,17842,17844,17842,1,-1
2022-02-22 15:16:00.679,17842,17844,17842,1,-1
2022-02-22 15:16:00.692,17842,17844,17842,1,-1
2022-02-22 15:16:00.742,17842,17844,17841,1,-1
2022-02-22 15:16:01.026,17841,17843,17843,1,1
2022-02-22 15:16:01.130,17841,17843,17841,1,-1
2022-02-22 15:16:01.130,17841,17843,17841,1,-1
2022-02-22 15:16:01.247,17841,17843,17841,1,-1
2022-02-22 15:16:03.575,17842,17843,17843,1,1
2022-02-22 15:16:04.024,17841,17843,17841,1,-1
2022-02-22 15:16:04.042,17841,17843,17841,1,-1
2022-02-22 15:16:06.010,17841,17842,17842,1,1
2022-02-22 15:16:06.075,17841,17842,17841,5,-5
2022-02-22 15:16:07.278,17841,17843,17841,1,-1
2022-02-22 15:16:07.380,17841,17843,17841,1,-1
2022-02-22 15:16:08.649,17842,17843,17842,1,-1
2022-02-22 15:16:08.739,17842,17843,17843,1,1
2022-02-22 15:16:08.821,17842,17843,17843,5,5
2022-02-22 15:16:08.979,17843,17844,17843,1,-1
2022-02-22 15:16:09.173,17843,17844,17843,1,-1
2022-02-22 15:16:09.357,17843,17844,17844,5,5
2022-02-22 15:16:09.860,17844,17845,17844,1,-1
2022-02-22 15:16:11.772,17844,17845,17844,1,-1
2022-02-22 15:16:12.183,17844,17845,17845,7,7
2022-02-22 15:16:12.184,17844,17845,17845,2,2
2022-02-22 15:16:12.765,17844,17846,17844,4,-4
2022-02-22 15:16:12.816,17844,17846,17844,5,-5
2022-02-22 15:16:12.860,17844,17846,17844,1,-1
2022-02-22 15:16:12.867,17844,17846,17844,1,-1
2022-02-22 15:16:13.349,17843,17845,17843,2,-2
2022-02-22 15:16:13.349,17843,17845,17842,1,-1
2022-02-22 15:16:13.790,17842,17843,17842,3,-3
2022-02-22 15:16:13.790,17842,17843,17842,1,-1
2022-02-22 15:16:13.790,17842,17843,17842,2,-2
2022-02-22 15:16:14.360,17841,17842,17841,1,-1
2022-02-22 15:16:14.444,17840,17842,17840,1,-1
2022-02-22 15:16:15.776,17842,17844,17842,2,-2
2022-02-22 15:16:15.848,17842,17844,17842,1,-1
2022-02-22 15:16:16.029,17842,17843,17842,1,-1
2022-02-22 15:16:16.049,17842,17843,17843,1,1
2022-02-22 15:16:16.429,17841,17843,17843,2,2
2022-02-22 15:16:17.093,17842,17843,17843,1,1
2022-02-22 15:16:17.130,17842,17843,17842,1,-1
2022-02-22 15:16:17.130,17842,17843,17841,1,-1
2022-02-22 15:16:17.130,17842,17843,17841,1,-1
2022-02-22 15:16:17.130,17842,17843,17841,1,-1
2022-02-22 15:16:17.130,17842,17843,17841,1,-1
2022-02-22 15:16:17.131,17842,17843,17841,1,-1
2022-02-22 15:16:17.131,17842,17843,17841,1,-1
2022-02-22 15:16:17.131,17842,17843,17840,1,-1
2022-02-22 15:16:17.132,17842,17843,17840,1,-1
2022-02-22 15:16:19.183,17840,17841,17840,1,-1
2022-02-22 15:16:20.166,17840,17841,17840,1,-1
2022-02-22 15:16:20.367,17840,17841,17841,1,1
2022-02-22 15:16:21.623,17841,17842,17841,2,-2
2022-02-22 15:16:23.755,17840,17841,17841,1,1
2022-02-22 15:16:24.123,17841,17842,17842,1,1
2022-02-22 15:16:28.404,17841,17842,17841,2,-2
2022-02-22 15:16:28.806,17841,17842,17842,1,1
2022-02-22 15:16:28.890,17841,17842,17841,1,-1
2022-02-22 15:16:31.506,17840,17841,17841,1,1
2022-02-22 15:16:31.506,17840,17841,17841,1,1
2022-02-22 15:16:31.630,17840,17842,17840,1,-1
2022-02-22 15:16:31.630,17840,17842,17840,1,-1
2022-02-22 15:16:31.631,17840,17842,17840,1,-1
2022-02-22 15:16:31.631,17840,17842,17840,1,-1
2022-02-22 15:16:31.631,17840,17842,17840,1,-1
2022-02-22 15:16:32.173,17841,17842,17842,1,1
2022-02-22 15:16:32.206,17841,17842,17842,10,10
2022-02-22 15:16:32.533,17843,17844,17843,1,-1
2022-02-22 15:16:33.135,17843,17844,17843,1,-1
2022-02-22 15:16:33.297,17842,17844,17842,2,-2
2022-02-22 15:16:33.315,17842,17844,17842,2,-2
2022-02-22 15:16:34.334,17841,17843,17841,1,-1
2022-02-22 15:16:38.689,17841,17842,17842,2,2
2022-02-22 15:16:39.304,17841,17842,17842,1,1
2022-02-22 15:16:39.380,17841,17842,17841,1,-1
2022-02-22 15:16:39.409,17841,17842,17842,3,3
2022-02-22 15:16:39.715,17842,17843,17842,1,-1
2022-02-22 15:16:40.323,17842,17843,17843,1,1
2022-02-22 15:16:40.438,17843,17844,17843,1,-1
2022-02-22 15:16:40.438,17843,17844,17842,2,-2
2022-02-22 15:16:41.598,17842,17843,17843,2,2
2022-02-22 15:16:41.690,17842,17843,17842,4,-4
2022-02-22 15:16:42.153,17842,17843,17842,1,-1
2022-02-22 15:16:43.075,17842,17843,17843,2,2
2022-02-22 15:16:45.452,17843,17844,17844,2,2
2022-02-22 15:16:46.289,17843,17845,17843,1,-1
2022-02-22 15:16:46.507,17843,17845,17845,1,1
2022-02-22 15:16:47.649,17843,17845,17843,1,-1
2022-02-22 15:16:47.755,17843,17845,17843,1,-1
2022-02-22 15:16:49.369,17843,17844,17844,1,1
2022-02-22 15:16:50.822,17844,17845,17844,1,-1
2022-02-22 15:16:52.514,17844,17845,17845,6,6
2022-02-22 15:16:54.089,17845,17846,17846,1,1
2022-02-22 15:16:54.258,17845,17846,17845,1,-1
2022-02-22 15:16:54.258,17845,17846,17844,1,-1
2022-02-22 15:16:54.386,17844,17845,17844,1,-1
2022-02-22 15:16:54.737,17845,17846,17845,1,-1
2022-02-22 15:16:57.428,17844,17845,17844,2,-2
2022-02-22 15:16:57.496,17844,17845,17845,2,2
2022-02-22 15:17:01.142,17845,17846,17846,2,2
2022-02-22 15:17:01.234,17845,17846,17845,1,-1
2022-02-22 15:17:01.234,17845,17846,17845,1,-1
2022-02-22 15:17:02.095,17844,17845,17845,1,1
2022-02-22 15:17:02.115,17844,17845,17845,1,1
2022-02-22 15:17:02.531,17844,17845,17845,1,1
2022-02-22 15:17:05.415,17845,17846,17845,1,-1
2022-02-22 15:17:05.415,17845,17846,17845,1,-1
2022-02-22 15:17:05.416,17845,17846,17845,1,-1
2022-02-22 15:17:10.634,17845,17846,17845,5,-5
2022-02-22 15:17:14.435,17844,17845,17845,2,2
2022-02-22 15:17:15.023,17844,17845,17844,2,-2
2022-02-22 15:17:15.023,17844,17845,17844,1,-1
2022-02-22 15:17:15.023,17844,17845,17844,2,-2
2022-02-22 15:17:15.350,17843,17844,17844,2,2
2022-02-22 15:17:15.813,17843,17844,17844,2,2
2022-02-22 15:17:16.213,17842,17844,17844,1,1
2022-02-22 15:17:16.214,17842,17844,17844,1,1
2022-02-22 15:17:16.658,17843,17845,17845,1,1
2022-02-22 15:17:17.245,17845,17846,17846,10,10
2022-02-22 15:17:19.296,17845,17846,17846,2,2
2022-02-22 15:17:22.599,17845,17846,17845,3,-3
2022-02-22 15:17:23.727,17844,17845,17845,1,1
2022-02-22 15:17:25.177,17844,17845,17845,2,2
2022-02-22 15:17:25.593,17844,17845,17845,2,2
2022-02-22 15:17:26.268,17844,17845,17844,2,-2
2022-02-22 15:17:26.937,17843,17844,17844,2,2
2022-02-22 15:17:30.069,17843,17844,17843,3,-3
2022-02-22 15:17:32.683,17842,17843,17843,1,1
2022-02-22 15:17:33.073,17843,17844,17843,1,-1
2022-02-22 15:17:33.126,17843,17844,17843,2,-2
2022-02-22 15:17:34.415,17842,17843,17843,1,1
2022-02-22 15:17:34.415,17842,17843,17843,1,1
2022-02-22 15:17:35.344,17842,17843,17842,7,-7
2022-02-22 15:17:37.315,17841,17843,17842,2,2
2022-02-22 15:17:39.324,17841,17843,17841,1,-1
2022-02-22 15:17:40.889,17841,17842,17842,1,1
2022-02-22 15:17:41.405,17841,17842,17841,3,-3
2022-02-22 15:17:41.407,17841,17842,17841,2,-2
2022-02-22 15:17:42.581,17840,17841,17841,2,2
2022-02-22 15:17:42.581,17840,17841,17840,12,-12
2022-02-22 15:17:42.927,17840,17841,17841,2,2
2022-02-22 15:17:43.505,17840,17841,17840,1,-1
2022-02-22 15:17:44.036,17840,17841,17840,3,-3
2022-02-22 15:17:44.134,17839,17840,17839,1,-1
2022-02-22 15:17:44.322,17839,17840,17840,2,2
2022-02-22 15:17:44.770,17839,17841,17839,4,-4
2022-02-22 15:17:44.771,17839,17841,17839,1,-1
2022-02-22 15:17:44.777,17839,17841,17838,3,-3
2022-02-22 15:17:44.777,17839,17841,17838,1,-1
2022-02-22 15:17:44.777,17839,17841,17838,4,-4
2022-02-22 15:17:45.078,17837,17838,17837,2,-2
2022-02-22 15:17:45.837,17836,17838,17836,1,-1
2022-02-22 15:17:45.898,17836,17838,17836,1,-1
2022-02-22 15:17:46.338,17837,17838,17837,1,-1
2022-02-22 15:17:46.460,17836,17838,17836,2,-2
2022-02-22 15:17:46.856,17836,17838,17836,1,-1
2022-02-22 15:17:47.951,17836,17837,17836,2,-2
2022-02-22 15:17:48.348,17836,17837,17837,1,1
2022-02-22 15:17:48.772,17836,17837,17836,5,-5
2022-02-22 15:17:49.110,17836,17837,17836,1,-1
2022-02-22 15:17:49.622,17836,17837,17837,1,1
2022-02-22 15:17:49.706,17836,17838,17837,2,2
2022-02-22 15:17:49.773,17837,17839,17838,1,1
2022-02-22 15:17:49.881,17838,17839,17838,1,-1
2022-02-22 15:17:50.849,17837,17839,17837,3,-3
2022-02-22 15:17:50.866,17837,17839,17837,1,-1
2022-02-22 15:17:50.916,17837,17839,17837,1,-1
2022-02-22 15:17:51.179,17837,17839,17837,1,-1
2022-02-22 15:17:51.817,17837,17839,17837,1,-1
2022-02-22 15:17:51.881,17837,17839,17837,1,-1
2022-02-22 15:17:52.006,17837,17839,17837,1,-1
2022-02-22 15:17:52.773,17838,17839,17839,1,1
2022-02-22 15:17:52.773,17838,17839,17840,1,1
2022-02-22 15:17:52.896,17838,17840,17838,1,-1
2022-02-22 15:17:59.440,17839,17840,17839,2,-2
2022-02-22 15:18:02.808,17839,17840,17840,9,9
2022-02-22 15:18:02.880,17840,17841,17841,1,1
2022-02-22 15:18:02.881,17840,17841,17841,1,1
2022-02-22 15:18:02.881,17840,17841,17841,2,2
2022-02-22 15:18:02.881,17840,17841,17841,1,1
2022-02-22 15:18:02.881,17840,17841,17841,1,1
2022-02-22 15:18:03.216,17840,17842,17840,1,-1
2022-02-22 15:18:03.277,17840,17842,17840,2,-2
2022-02-22 15:18:03.333,17840,17842,17840,2,-2
2022-02-22 15:18:03.625,17839,17840,17839,2,-2
2022-02-22 15:18:06.277,17839,17840,17840,2,2
2022-02-22 15:18:06.384,17839,17840,17839,2,-2
2022-02-22 15:18:06.719,17839,17840,17839,1,-1
2022-02-22 15:18:08.251,17839,17840,17839,2,-2
2022-02-22 15:18:08.414,17838,17840,17840,1,1
2022-02-22 15:18:08.533,17838,17840,17838,10,-10
2022-02-22 15:18:09.144,17838,17840,17838,1,-1
2022-02-22 15:18:10.767,17838,17839,17838,1,-1
2022-02-22 15:18:12.856,17838,17839,17839,1,1
2022-02-22 15:18:13.715,17838,17839,17838,1,-1
2022-02-22 15:18:14.230,17838,17839,17839,2,2
2022-02-22 15:18:15.261,17838,17840,17838,3,-3
2022-02-22 15:18:17.848,17839,17840,17839,1,-1
2022-02-22 15:18:17.848,17839,17840,17839,1,-1
2022-02-22 15:18:18.370,17838,17840,17840,4,4
2022-02-22 15:18:18.530,17840,17841,17841,1,1
2022-02-22 15:18:18.530,17840,17841,17841,1,1
2022-02-22 15:18:19.223,17840,17842,17840,1,-1
2022-02-22 15:18:19.985,17839,17840,17840,2,2
2022-02-22 15:18:20.169,17839,17841,17839,1,-1
2022-02-22 15:18:20.493,17839,17841,17839,1,-1
2022-02-22 15:18:21.501,17839,17840,17839,1,-1
2022-02-22 15:18:21.501,17839,17840,17839,1,-1
2022-02-22 15:18:21.863,17838,17840,17838,6,-6
2022-02-22 15:18:24.590,17838,17839,17838,1,-1
2022-02-22 15:18:26.293,17837,17839,17837,3,-3
2022-02-22 15:18:26.518,17837,17839,17839,1,1
2022-02-22 15:18:28.366,17838,17839,17839,1,1
2022-02-22 15:18:28.727,17838,17839,17839,1,1
2022-02-22 15:18:32.552,17839,17840,17840,2,2
2022-02-22 15:18:32.745,17839,17840,17839,1,-1
2022-02-22 15:18:33.170,17839,17840,17840,1,1
2022-02-22 15:18:33.512,17839,17840,17840,2,2
2022-02-22 15:18:34.827,17840,17841,17841,2,2
2022-02-22 15:18:38.569,17840,17841,17840,1,-1
2022-02-22 15:18:38.569,17840,17841,17840,1,-1
2022-02-22 15:18:38.686,17839,17840,17840,2,2
2022-02-22 15:18:39.718,17839,17840,17840,1,1
2022-02-22 15:18:40.169,17840,17841,17840,1,-1
2022-02-22 15:18:40.733,17839,17841,17841,1,1
2022-02-22 15:18:41.037,17839,17841,17839,1,-1
2022-02-22 15:18:42.526,17839,17840,17840,2,2
2022-02-22 15:18:43.171,17840,17841,17840,2,-2
2022-02-22 15:18:43.171,17840,17841,17839,2,-2
2022-02-22 15:18:43.231,17840,17841,17840,1,-1
2022-02-22 15:18:43.232,17840,17841,17840,1,-1
2022-02-22 15:18:43.759,17839,17840,17839,1,-1
2022-02-22 15:18:44.490,17840,17841,17840,1,-1
2022-02-22 15:18:44.490,17840,17841,17840,3,-3
2022-02-22 15:18:44.491,17840,17841,17840,1,-1
2022-02-22 15:18:44.551,17839,17840,17840,3,3
2022-02-22 15:18:45.528,17840,17841,17841,2,2
2022-02-22 15:18:45.841,17840,17841,17841,1,1
2022-02-22 15:18:45.841,17840,17841,17841,1,1
2022-02-22 15:18:46.545,17840,17842,17840,1,-1
2022-02-22 15:18:46.646,17840,17842,17842,1,1
2022-02-22 15:18:46.880,17840,17841,17840,1,-1
2022-02-22 15:18:51.053,17841,17842,17841,2,-2
2022-02-22 15:18:51.053,17841,17842,17840,3,-3
2022-02-22 15:18:52.241,17840,17842,17840,1,-1
2022-02-22 15:18:52.255,17840,17841,17840,3,-3
2022-02-22 15:18:52.256,17840,17841,17840,3,-3
2022-02-22 15:18:52.316,17840,17841,17840,3,-3
2022-02-22 15:18:52.376,17840,17841,17840,2,-2
2022-02-22 15:18:54.151,17840,17841,17840,4,-4
2022-02-22 15:18:55.418,17840,17841,17840,1,-1
2022-02-22 15:18:56.130,17840,17841,17841,5,5
2022-02-22 15:18:56.144,17840,17841,17840,2,-2
2022-02-22 15:18:56.220,17840,17841,17840,2,-2
2022-02-22 15:18:56.787,17840,17841,17841,1,1
2022-02-22 15:18:57.754,17840,17841,17841,2,2
2022-02-22 15:18:58.862,17840,17841,17841,2,2
2022-02-22 15:18:59.782,17840,17841,17841,2,2
2022-02-22 15:19:00.117,17840,17841,17840,1,-1
2022-02-22 15:19:00.117,17840,17841,17840,1,-1
2022-02-22 15:19:00.118,17840,17841,17840,1,-1
2022-02-22 15:19:00.125,17840,17841,17840,1,-1
2022-02-22 15:19:00.126,17840,17841,17840,1,-1
2022-02-22 15:19:00.137,17839,17840,17839,1,-1
2022-02-22 15:19:00.137,17839,17840,17839,7,-7
2022-02-22 15:19:00.203,17839,17840,17838,1,-1
2022-02-22 15:19:00.214,17839,17840,17838,1,-1
2022-02-22 15:19:00.296,17838,17839,17838,2,-2
2022-02-22 15:19:00.657,17838,17839,17838,2,-2
2022-02-22 15:19:00.658,17838,17839,17838,1,-1
2022-02-22 15:19:00.658,17838,17839,17838,4,-4
2022-02-22 15:19:02.891,17838,17839,17838,4,-4
2022-02-22 15:19:02.891,17838,17839,17837,3,-3
2022-02-22 15:19:04.585,17838,17839,17838,1,-1
2022-02-22 15:19:06.948,17838,17839,17839,2,2
2022-02-22 15:19:06.966,17838,17839,17840,1,1
2022-02-22 15:19:08.849,17840,17841,17840,1,-1
2022-02-22 15:19:08.976,17840,17841,17841,5,5
2022-02-22 15:19:09.220,17841,17842,17842,1,1
2022-02-22 15:19:11.034,17842,17843,17842,1,-1
2022-02-22 15:19:11.973,17841,17842,17841,1,-1
2022-02-22 15:19:12.215,17841,17842,17841,3,-3
2022-02-22 15:19:12.220,17841,17842,17840,1,-1
2022-02-22 15:19:12.871,17840,17842,17840,1,-1
2022-02-22 15:19:13.402,17840,17842,17840,2,-2
2022-02-22 15:19:16.632,17840,17841,17841,2,2
2022-02-22 15:19:19.357,17840,17841,17841,1,1
2022-02-22 15:19:19.357,17840,17841,17841,3,3
2022-02-22 15:19:19.362,17840,17841,17842,1,1
2022-02-22 15:19:19.932,17841,17843,17841,1,-1
2022-02-22 15:19:23.514,17841,17842,17841,1,-1
2022-02-22 15:19:24.556,17840,17841,17841,1,1
2022-02-22 15:19:25.024,17841,17842,17841,1,-1
2022-02-22 15:19:25.024,17841,17842,17840,1,-1
2022-02-22 15:19:26.129,17841,17842,17841,1,-1
2022-02-22 15:19:26.390,17840,17842,17840,1,-1
2022-02-22 15:19:26.722,17840,17842,17840,5,-5
2022-02-22 15:19:27.764,17841,17842,17842,2,2
2022-02-22 15:19:28.657,17842,17843,17842,1,-1
2022-02-22 15:19:30.347,17842,17843,17842,1,-1
2022-02-22 15:19:30.348,17842,17843,17843,4,4
2022-02-22 15:19:30.731,17842,17843,17843,1,1
2022-02-22 15:19:31.182,17843,17844,17843,2,-2
2022-02-22 15:19:31.253,17842,17844,17842,1,-1
2022-02-22 15:19:31.978,17842,17844,17844,3,3
2022-02-22 15:19:35.607,17843,17844,17844,2,2
2022-02-22 15:19:35.777,17843,17844,17843,1,-1
2022-02-22 15:19:35.779,17843,17844,17843,1,-1
2022-02-22 15:19:36.081,17842,17844,17844,2,2
2022-02-22 15:19:38.165,17842,17844,17844,1,1
2022-02-22 15:19:42.265,17843,17844,17844,2,2
2022-02-22 15:19:44.000,17844,17845,17844,2,-2
2022-02-22 15:19:44.000,17844,17845,17844,1,-1
2022-02-22 15:19:44.000,17844,17845,17844,1,-1
2022-02-22 15:19:44.000,17844,17845,17844,3,-3
2022-02-22 15:19:44.007,17844,17845,17844,1,-1
2022-02-22 15:19:44.194,17843,17844,17844,1,1
2022-02-22 15:19:45.397,17843,17844,17844,5,5
2022-02-22 15:19:46.942,17843,17844,17844,1,1
2022-02-22 15:19:49.174,17843,17844,17844,1,1
2022-02-22 15:19:49.174,17843,17844,17844,1,1
2022-02-22 15:19:49.283,17843,17844,17843,1,-1
2022-02-22 15:19:49.957,17843,17844,17844,2,2
2022-02-22 15:19:50.299,17843,17844,17844,1,1
2022-02-22 15:19:50.471,17843,17844,17844,1,1
2022-02-22 15:19:51.929,17843,17844,17844,1,1
2022-02-22 15:19:51.929,17843,17844,17845,1,1
2022-02-22 15:19:52.304,17844,17845,17844,2,-2
2022-02-22 15:19:52.304,17844,17845,17843,3,-3
2022-02-22 15:19:54.114,17843,17845,17845,2,2
2022-02-22 15:19:58.164,17844,17845,17845,1,1
2022-02-22 15:19:58.904,17844,17845,17844,1,-1
2022-02-22 15:20:00.175,17843,17844,17843,2,-2
2022-02-22 15:20:00.870,17843,17844,17843,1,-1
2022-02-22 15:20:01.574,17843,17845,17845,10,10
2022-02-22 15:20:01.575,17843,17845,17845,1,1
2022-02-22 15:20:01.575,17843,17845,17845,1,1
2022-02-22 15:20:01.575,17843,17845,17845,1,1
2022-02-22 15:20:01.575,17843,17845,17845,3,3
2022-02-22 15:20:01.575,17843,17845,17845,5,5
2022-02-22 15:20:01.768,17845,17846,17845,1,-1
2022-02-22 15:20:01.954,17845,17846,17846,2,2
2022-02-22 15:20:02.427,17845,17846,17845,1,-1
2022-02-22 15:20:05.177,17845,17846,17846,7,7
2022-02-22 15:20:08.042,17845,17847,17847,5,5
2022-02-22 15:20:08.233,17846,17847,17846,1,-1
2022-02-22 15:20:09.099,17846,17847,17847,2,2
2022-02-22 15:20:09.408,17846,17847,17847,2,2
2022-02-22 15:20:10.037,17846,17847,17847,1,1
2022-02-22 15:20:10.037,17846,17847,17847,1,1
2022-02-22 15:20:10.038,17846,17847,17847,2,2
2022-02-22 15:20:10.038,17846,17847,17847,2,2
2022-02-22 15:20:10.972,17847,17848,17848,2,2
2022-02-22 15:20:10.972,17847,17848,17848,1,1
2022-02-22 15:20:11.068,17848,17849,17849,1,1
2022-02-22 15:20:11.716,17847,17849,17849,1,1
2022-02-22 15:20:12.860,17848,17849,17849,1,1
2022-02-22 15:20:13.357,17848,17849,17849,3,3
2022-02-22 15:20:13.494,17849,17850,17849,6,-6
2022-02-22 15:20:14.010,17849,17850,17850,1,1
2022-02-22 15:20:14.282,17849,17850,17850,5,5
2022-02-22 15:20:14.283,17849,17850,17850,7,7
2022-02-22 15:20:14.539,17850,17851,17851,1,1
2022-02-22 15:20:14.586,17850,17851,17850,5,-5
2022-02-22 15:20:15.131,17849,17851,17849,2,-2
2022-02-22 15:20:17.640,17849,17851,17849,1,-1
2022-02-22 15:20:18.057,17849,17850,17850,1,1
2022-02-22 15:20:18.558,17849,17850,17850,1,1
2022-02-22 15:20:19.019,17850,17851,17850,1,-1
2022-02-22 15:20:19.019,17850,17851,17849,4,-4
2022-02-22 15:20:19.092,17850,17851,17850,2,-2
2022-02-22 15:20:21.431,17850,17851,17851,1,1
2022-02-22 15:20:23.177,17850,17851,17851,1,1
2022-02-22 15:20:23.270,17850,17851,17851,1,1
2022-02-22 15:20:23.611,17850,17851,17850,1,-1
2022-02-22 15:20:23.789,17850,17851,17851,2,2
2022-02-22 15:20:23.790,17850,17851,17851,1,1
2022-02-22 15:20:23.790,17850,17851,17851,3,3
2022-02-22 15:20:24.307,17850,17852,17851,1,1
2022-02-22 15:20:24.307,17850,17852,17852,1,1
2022-02-22 15:20:24.362,17850,17852,17851,2,2
2022-02-22 15:20:24.515,17850,17851,17851,1,1
2022-02-22 15:20:24.682,17850,17851,17851,2,2
2022-02-22 15:20:25.003,17850,17851,17850,1,-1
2022-02-22 15:20:26.387,17850,17851,17851,4,4
2022-02-22 15:20:26.488,17850,17851,17852,3,3
2022-02-22 15:20:26.529,17852,17853,17852,1,-1
2022-02-22 15:20:26.624,17852,17853,17852,4,-4
2022-02-22 15:20:26.624,17852,17853,17851,1,-1
2022-02-22 15:20:26.877,17852,17853,17853,1,1
2022-02-22 15:20:26.905,17852,17853,17853,1,1
2022-02-22 15:20:27.002,17852,17853,17852,1,-1
2022-02-22 15:20:27.302,17852,17853,17852,1,-1
2022-02-22 15:20:27.583,17851,17852,17851,1,-1
2022-02-22 15:20:28.562,17851,17852,17852,1,1
2022-02-22 15:20:28.896,17852,17853,17852,1,-1
2022-02-22 15:20:28.902,17852,17853,17852,1,-1
2022-02-22 15:20:28.902,17852,17853,17852,1,-1
2022-02-22 15:20:29.023,17851,17852,17851,1,-1
2022-02-22 15:20:29.380,17851,17853,17851,1,-1
2022-02-22 15:20:30.317,17851,17852,17851,1,-1
2022-02-22 15:20:30.608,17850,17852,17852,2,2
2022-02-22 15:20:31.265,17850,17851,17850,6,-6
2022-02-22 15:20:32.881,17850,17851,17850,4,-4
2022-02-22 15:20:34.283,17849,17850,17850,2,2
2022-02-22 15:20:36.537,17849,17850,17850,1,1
2022-02-22 15:20:37.206,17850,17851,17850,1,-1
2022-02-22 15:20:38.142,17850,17851,17850,1,-1
2022-02-22 15:20:38.856,17850,17851,17851,8,8
2022-02-22 15:20:39.337,17851,17852,17852,2,2
2022-02-22 15:20:42.215,17851,17852,17852,2,2
2022-02-22 15:20:42.256,17852,17853,17853,5,5
2022-02-22 15:20:43.036,17852,17854,17854,2,2
2022-02-22 15:20:44.278,17852,17853,17853,1,1
2022-02-22 15:20:45.232,17853,17854,17854,1,1
2022-02-22 15:20:45.625,17853,17855,17855,1,1
2022-02-22 15:20:45.766,17854,17855,17854,1,-1
2022-02-22 15:20:45.892,17854,17855,17855,1,1
2022-02-22 15:20:45.903,17854,17855,17855,1,1
2022-02-22 15:20:46.385,17854,17855,17854,2,-2
2022-02-22 15:20:46.385,17854,17855,17854,1,-1
2022-02-22 15:20:46.671,17854,17855,17855,1,1
2022-02-22 15:20:47.164,17854,17855,17854,1,-1
2022-02-22 15:20:47.741,17854,17855,17855,1,1
2022-02-22 15:20:47.870,17854,17855,17855,1,1
2022-02-22 15:20:47.870,17854,17855,17856,1,1
2022-02-22 15:20:48.635,17855,17856,17856,12,12
2022-02-22 15:20:48.925,17855,17857,17857,5,5
2022-02-22 15:20:49.028,17855,17857,17857,2,2
2022-02-22 15:20:49.028,17855,17857,17858,1,1
2022-02-22 15:20:49.141,17856,17858,17858,1,1
2022-02-22 15:20:49.453,17856,17857,17857,1,1
2022-02-22 15:20:49.573,17857,17858,17857,1,-1
2022-02-22 15:20:50.400,17857,17858,17858,1,1
2022-02-22 15:20:50.400,17857,17858,17858,3,3
2022-02-22 15:20:50.401,17857,17858,17858,2,2
2022-02-22 15:20:51.669,17858,17859,17859,6,6
2022-02-22 15:20:53.282,17859,17860,17860,2,2
2022-02-22 15:20:53.485,17859,17860,17860,4,4
2022-02-22 15:20:53.485,17859,17860,17860,3,3
2022-02-22 15:20:53.485,17859,17860,17860,1,1
2022-02-22 15:20:53.486,17859,17860,17860,1,1
2022-02-22 15:20:53.486,17859,17860,17860,1,1
2022-02-22 15:20:53.515,17860,17861,17861,1,1
2022-02-22 15:20:53.688,17860,17861,17861,1,1
2022-02-22 15:20:54.374,17860,17861,17861,1,1
2022-02-22 15:20:54.381,17861,17862,17862,6,6
2022-02-22 15:20:54.629,17861,17863,17863,1,1
2022-02-22 15:20:54.824,17861,17863,17861,1,-1
2022-02-22 15:20:55.228,17862,17863,17863,1,1
2022-02-22 15:20:55.484,17862,17864,17862,1,-1
2022-02-22 15:20:55.484,17862,17864,17861,3,-3
2022-02-22 15:20:55.648,17861,17863,17863,1,1
2022-02-22 15:20:56.938,17861,17863,17863,1,1
2022-02-22 15:20:58.154,17862,17863,17862,1,-1
2022-02-22 15:20:58.178,17862,17863,17863,2,2
2022-02-22 15:20:59.991,17863,17864,17864,2,2
2022-02-22 15:21:00.060,17863,17865,17864,1,1
2022-02-22 15:21:00.067,17863,17865,17863,1,-1
2022-02-22 15:21:00.068,17863,17865,17863,1,-1
2022-02-22 15:21:00.095,17863,17865,17863,2,-2
2022-02-22 15:21:00.169,17862,17863,17863,3,3
2022-02-22 15:21:00.263,17862,17863,17862,1,-1
2022-02-22 15:21:00.867,17861,17863,17863,1,1
2022-02-22 15:21:01.426,17862,17863,17863,1,1
2022-02-22 15:21:01.506,17862,17863,17862,1,-1
2022-02-22 15:21:01.508,17862,17863,17862,1,-1
2022-02-22 15:21:01.552,17862,17863,17863,2,2
2022-02-22 15:21:02.227,17861,17863,17863,2,2
2022-02-22 15:21:02.353,17861,17863,17861,1,-1
2022-02-22 15:21:02.440,17860,17862,17862,2,2
2022-02-22 15:21:03.759,17860,17862,17862,1,1
2022-02-22 15:21:04.280,17860,17862,17862,1,1
2022-02-22 15:21:05.305,17861,17862,17862,1,1
2022-02-22 15:21:05.650,17861,17862,17862,2,2
2022-02-22 15:21:06.236,17862,17863,17862,2,-2
2022-02-22 15:21:06.302,17861,17863,17861,2,-2
2022-02-22 15:21:06.302,17861,17863,17860,2,-2
2022-02-22 15:21:06.580,17860,17862,17862,2,2
2022-02-22 15:21:06.912,17861,17863,17861,1,-1
2022-02-22 15:21:06.929,17861,17863,17863,1,1
2022-02-22 15:21:07.938,17860,17862,17862,1,1
2022-02-22 15:21:07.999,17860,17862,17862,2,2
2022-02-22 15:21:08.006,17860,17862,17860,1,-1
2022-02-22 15:21:10.000,17860,17861,17861,1,1
2022-02-22 15:21:10.179,17860,17861,17861,2,2
2022-02-22 15:21:10.776,17860,17861,17860,1,-1
2022-02-22 15:21:10.777,17860,17861,17860,2,-2
2022-02-22 15:21:10.939,17859,17860,17859,4,-4
2022-02-22 15:21:11.071,17859,17860,17860,2,2
2022-02-22 15:21:12.322,17859,17860,17859,1,-1
2022-02-22 15:21:13.777,17859,17860,17860,1,1
2022-02-22 15:21:14.094,17859,17860,17859,10,-10
2022-02-22 15:21:14.300,17858,17859,17859,3,3
2022-02-22 15:21:16.392,17859,17860,17859,1,-1
2022-02-22 15:21:16.581,17858,17859,17858,1,-1
2022-02-22 15:21:16.582,17858,17859,17858,1,-1
2022-02-22 15:21:16.582,17858,17859,17858,2,-2
2022-02-22 15:21:16.582,17858,17859,17858,1,-1
2022-02-22 15:21:16.615,17858,17859,17858,1,-1
2022-02-22 15:21:17.796,17859,17860,17859,2,-2
2022-02-22 15:21:19.631,17858,17859,17859,1,1
2022-02-22 15:21:19.682,17858,17859,17859,1,1
2022-02-22 15:21:23.257,17859,17860,17859,3,-3
2022-02-22 15:21:24.072,17858,17860,17858,1,-1
2022-02-22 15:21:24.864,17859,17860,17859,1,-1
2022-02-22 15:21:24.973,17859,17860,17860,2,2
2022-02-22 15:21:24.998,17859,17860,17860,5,5
2022-02-22 15:21:25.417,17860,17861,17860,1,-1
2022-02-22 15:21:25.881,17859,17861,17861,2,2
2022-02-22 15:21:26.200,17859,17861,17859,1,-1
2022-02-22 15:21:27.394,17859,17861,17861,2,2
2022-02-22 15:21:30.273,17861,17862,17861,2,-2
2022-02-22 15:21:30.273,17861,17862,17860,2,-2
2022-02-22 15:21:30.525,17861,17862,17861,1,-1
2022-02-22 15:21:30.631,17861,17862,17862,1,1
2022-02-22 15:21:30.631,17861,17862,17862,1,1
2022-02-22 15:21:32.401,17861,17862,17862,1,1
2022-02-22 15:21:32.628,17861,17862,17862,1,1
2022-02-22 15:21:34.685,17861,17863,17863,1,1
2022-02-22 15:21:37.358,17861,17863,17862,1,1
2022-02-22 15:21:37.710,17861,17863,17862,1,1
2022-02-22 15:21:37.710,17861,17863,17863,1,1
2022-02-22 15:21:38.841,17861,17862,17862,1,1
2022-02-22 15:21:41.540,17861,17862,17862,1,1
2022-02-22 15:21:41.609,17861,17862,17862,1,1
2022-02-22 15:21:41.609,17861,17862,17862,1,1
2022-02-22 15:21:43.189,17861,17862,17862,1,1
2022-02-22 15:21:43.190,17861,17862,17862,1,1
2022-02-22 15:21:43.594,17861,17862,17862,2,2
