2021-06-03 15:00:00.033,17200,17201,17201,93,93
2021-06-03 15:00:00.110,17200,17201,17200,1,-1
2021-06-03 15:00:00.145,17200,17201,17201,2,2
2021-06-03 15:00:00.218,17200,17201,17200,1,-1
2021-06-03 15:00:00.225,17200,17201,17202,2,2
2021-06-03 15:00:00.228,17200,17201,17203,1,1
2021-06-03 15:00:00.229,17200,17201,17203,1,1
2021-06-03 15:00:00.240,17200,17201,17205,1,1
2021-06-03 15:00:00.246,17200,17201,17205,1,1
2021-06-03 15:00:00.250,17200,17201,17206,1,1
2021-06-03 15:00:00.259,17200,17201,17206,1,1
2021-06-03 15:00:00.262,17200,17201,17207,1,1
2021-06-03 15:00:00.271,17200,17207,17207,1,1
2021-06-03 15:00:00.275,17200,17207,17208,1,1
2021-06-03 15:00:00.306,17200,17207,17200,1,-1
2021-06-03 15:00:00.306,17200,17207,17204,2,2
2021-06-03 15:00:00.452,17203,17207,17205,1,1
2021-06-03 15:00:00.495,17203,17207,17203,2,-2
2021-06-03 15:00:00.495,17203,17207,17200,2,-2
2021-06-03 15:00:00.518,17201,17205,17201,2,2
2021-06-03 15:00:00.519,17201,17205,17201,1,-1
2021-06-03 15:00:00.519,17201,17205,17201,1,-1
2021-06-03 15:00:00.600,17201,17205,17202,1,1
2021-06-03 15:00:00.600,17201,17205,17200,15,-15
2021-06-03 15:00:00.601,17201,17205,17203,1,1
2021-06-03 15:00:00.635,17201,17205,17200,2,-2
2021-06-03 15:00:00.636,17201,17205,17203,1,1
2021-06-03 15:00:00.675,17201,17204,17201,2,-2
2021-06-03 15:00:00.675,17201,17204,17200,2,-2
2021-06-03 15:00:00.723,17201,17204,17202,1,1
2021-06-03 15:00:00.821,17202,17203,17202,1,-1
2021-06-03 15:00:00.821,17202,17203,17201,1,-1
2021-06-03 15:00:00.895,17201,17203,17201,2,-2
2021-06-03 15:00:01.003,17201,17203,17202,1,1
2021-06-03 15:00:01.009,17201,17203,17201,1,-1
2021-06-03 15:00:01.009,17201,17203,17200,5,-5
2021-06-03 15:00:01.009,17201,17203,17199,1,-1
2021-06-03 15:00:01.010,17201,17203,17201,2,2
2021-06-03 15:00:01.131,17199,17202,17200,1,-1
2021-06-03 15:00:01.135,17199,17202,17203,2,2
2021-06-03 15:00:01.191,17201,17204,17202,1,-1
2021-06-03 15:00:01.191,17201,17204,17201,1,-1
2021-06-03 15:00:01.222,17201,17204,17202,1,1
2021-06-03 15:00:01.405,17201,17203,17201,1,-1
2021-06-03 15:00:01.487,17201,17203,17201,1,-1
2021-06-03 15:00:01.490,17201,17203,17202,1,1
2021-06-03 15:00:01.523,17201,17203,17201,2,-2
2021-06-03 15:00:01.818,17200,17202,17200,1,-1
2021-06-03 15:00:01.965,17200,17202,17200,5,-5
2021-06-03 15:00:01.982,17200,17202,17200,1,-1
2021-06-03 15:00:01.982,17200,17202,17199,2,-2
2021-06-03 15:00:02.126,17199,17201,17200,1,1
2021-06-03 15:00:02.368,17199,17201,17201,2,2
2021-06-03 15:00:02.374,17199,17201,17202,3,3
2021-06-03 15:00:02.420,17201,17203,17203,1,1
2021-06-03 15:00:02.517,17202,17204,17204,1,1
2021-06-03 15:00:02.613,17202,17204,17202,1,-1
2021-06-03 15:00:02.647,17202,17205,17202,1,-1
2021-06-03 15:00:02.715,17202,17205,17202,1,-1
2021-06-03 15:00:02.724,17202,17205,17203,1,1
2021-06-03 15:00:02.925,17203,17206,17203,1,-1
2021-06-03 15:00:03.149,17205,17207,17205,1,1
2021-06-03 15:00:03.585,17204,17206,17204,1,-1
2021-06-03 15:00:03.851,17203,17205,17203,1,-1
2021-06-03 15:00:03.969,17202,17205,17204,1,1
2021-06-03 15:00:04.038,17202,17204,17204,1,1
2021-06-03 15:00:04.070,17202,17204,17205,1,1
2021-06-03 15:00:04.548,17203,17206,17203,1,-1
2021-06-03 15:00:04.597,17203,17206,17202,1,-1
2021-06-03 15:00:04.682,17202,17204,17202,1,-1
2021-06-03 15:00:04.748,17202,17204,17204,1,1
2021-06-03 15:00:04.897,17203,17205,17203,1,-1
2021-06-03 15:00:05.341,17201,17204,17204,1,1
2021-06-03 15:00:05.596,17201,17205,17203,1,-1
2021-06-03 15:00:06.273,17202,17204,17202,2,-2
2021-06-03 15:00:06.529,17202,17203,17202,1,-1
2021-06-03 15:00:06.585,17202,17203,17203,1,1
2021-06-03 15:00:06.649,17202,17204,17202,1,-1
2021-06-03 15:00:06.978,17203,17204,17204,5,5
2021-06-03 15:00:07.156,17203,17204,17204,1,1
2021-06-03 15:00:07.367,17203,17204,17203,1,-1
2021-06-03 15:00:08.042,17203,17204,17204,1,1
2021-06-03 15:00:08.189,17203,17204,17203,1,-1
2021-06-03 15:00:08.190,17203,17204,17203,1,-1
2021-06-03 15:00:08.194,17203,17204,17204,2,2
2021-06-03 15:00:08.255,17203,17204,17205,2,2
2021-06-03 15:00:08.365,17204,17206,17203,1,-1
2021-06-03 15:00:08.405,17203,17206,17203,1,-1
2021-06-03 15:00:08.405,17203,17206,17203,1,-1
2021-06-03 15:00:09.378,17204,17206,17206,2,2
2021-06-03 15:00:09.709,17205,17207,17205,1,-1
2021-06-03 15:00:09.835,17204,17206,17204,1,-1
2021-06-03 15:00:09.835,17204,17206,17203,1,-1
2021-06-03 15:00:10.056,17204,17206,17206,1,1
2021-06-03 15:00:10.325,17204,17206,17204,1,-1
2021-06-03 15:00:10.571,17204,17206,17206,1,1
2021-06-03 15:00:10.615,17204,17206,17204,5,-5
2021-06-03 15:00:10.616,17204,17206,17204,2,-2
2021-06-03 15:00:10.616,17204,17206,17204,2,-2
2021-06-03 15:00:10.631,17204,17206,17205,1,1
2021-06-03 15:00:10.875,17204,17206,17204,1,-1
2021-06-03 15:00:11.378,17204,17206,17205,1,1
2021-06-03 15:00:11.529,17204,17206,17204,1,-1
2021-06-03 15:00:11.623,17204,17206,17204,1,-1
2021-06-03 15:00:12.380,17203,17206,17203,2,-2
2021-06-03 15:00:12.463,17202,17205,17205,2,2
2021-06-03 15:00:12.978,17203,17206,17206,1,1
2021-06-03 15:00:13.137,17203,17206,17206,1,1
2021-06-03 15:00:13.462,17205,17206,17206,2,2
2021-06-03 15:00:13.774,17205,17206,17205,1,-1
2021-06-03 15:00:13.799,17205,17206,17205,1,-1
2021-06-03 15:00:13.802,17205,17206,17205,3,-3
2021-06-03 15:00:13.802,17205,17206,17204,1,-1
2021-06-03 15:00:14.041,17205,17206,17205,1,1
2021-06-03 15:00:14.262,17204,17206,17205,1,-1
2021-06-03 15:00:14.590,17204,17206,17206,3,3
2021-06-03 15:00:15.713,17204,17206,17206,3,3
2021-06-03 15:00:16.904,17205,17206,17206,5,5
2021-06-03 15:00:17.893,17205,17207,17205,1,-1
2021-06-03 15:00:17.937,17205,17207,17205,1,-1
2021-06-03 15:00:18.779,17206,17207,17207,1,1
2021-06-03 15:00:18.892,17206,17207,17207,2,2
2021-06-03 15:00:18.892,17206,17207,17207,4,4
2021-06-03 15:00:18.944,17206,17207,17208,1,1
2021-06-03 15:00:18.975,17206,17207,17206,1,-1
2021-06-03 15:00:19.074,17205,17208,17208,1,1
2021-06-03 15:00:19.143,17205,17209,17205,2,-2
2021-06-03 15:00:19.214,17205,17209,17206,1,1
2021-06-03 15:00:19.214,17205,17209,17205,2,-2
2021-06-03 15:00:19.471,17205,17208,17206,1,1
2021-06-03 15:00:21.072,17206,17207,17207,1,1
2021-06-03 15:00:21.397,17207,17208,17207,2,-2
2021-06-03 15:00:21.397,17207,17208,17207,1,-1
2021-06-03 15:00:21.710,17206,17208,17208,1,1
2021-06-03 15:00:21.783,17206,17208,17208,1,1
2021-06-03 15:00:22.725,17206,17209,17207,1,-1
2021-06-03 15:00:22.953,17206,17209,17209,1,1
2021-06-03 15:00:23.091,17206,17209,17209,1,1
2021-06-03 15:00:23.820,17207,17209,17209,5,5
2021-06-03 15:00:24.691,17208,17210,17208,1,-1
2021-06-03 15:00:25.397,17208,17210,17208,1,-1
2021-06-03 15:00:25.435,17208,17210,17208,1,-1
2021-06-03 15:00:26.392,17208,17209,17208,2,-2
2021-06-03 15:00:26.787,17207,17209,17209,1,1
2021-06-03 15:00:26.794,17207,17209,17209,3,3
2021-06-03 15:00:26.794,17207,17209,17210,2,2
2021-06-03 15:00:28.997,17207,17209,17209,1,1
2021-06-03 15:00:29.522,17207,17209,17209,1,1
2021-06-03 15:00:29.578,17207,17209,17209,1,1
2021-06-03 15:00:29.933,17208,17210,17210,1,1
2021-06-03 15:00:30.387,17208,17210,17208,1,-1
2021-06-03 15:00:30.876,17207,17210,17209,1,1
2021-06-03 15:00:30.876,17207,17210,17210,2,2
2021-06-03 15:00:31.033,17208,17210,17208,1,-1
2021-06-03 15:00:31.172,17207,17208,17208,2,2
2021-06-03 15:00:31.173,17207,17208,17208,2,2
2021-06-03 15:00:31.502,17207,17210,17207,1,-1
2021-06-03 15:00:32.466,17207,17210,17207,1,-1
2021-06-03 15:00:32.483,17207,17210,17207,1,-1
2021-06-03 15:00:32.528,17207,17210,17207,1,-1
2021-06-03 15:00:32.598,17207,17210,17209,1,1
2021-06-03 15:00:32.913,17207,17210,17209,1,-1
2021-06-03 15:00:32.913,17207,17210,17210,4,4
2021-06-03 15:00:33.557,17207,17209,17209,1,1
2021-06-03 15:00:33.751,17207,17209,17209,1,1
2021-06-03 15:00:34.441,17208,17209,17209,1,1
2021-06-03 15:00:37.777,17208,17209,17209,1,1
2021-06-03 15:00:39.242,17208,17209,17209,2,2
2021-06-03 15:00:39.461,17209,17210,17209,2,-2
2021-06-03 15:00:39.482,17209,17210,17208,2,-2
2021-06-03 15:00:39.830,17207,17209,17209,1,1
2021-06-03 15:00:40.192,17207,17209,17207,1,-1
2021-06-03 15:00:40.738,17208,17209,17209,3,3
2021-06-03 15:00:41.664,17209,17210,17209,1,-1
2021-06-03 15:00:41.665,17209,17210,17209,1,-1
2021-06-03 15:00:42.996,17208,17209,17209,1,1
2021-06-03 15:00:43.212,17208,17209,17209,1,1
2021-06-03 15:00:43.259,17208,17209,17209,2,2
2021-06-03 15:00:43.618,17209,17210,17210,1,1
2021-06-03 15:00:43.810,17209,17210,17209,1,-1
2021-06-03 15:00:45.214,17208,17209,17209,1,1
2021-06-03 15:00:45.492,17208,17210,17210,1,1
2021-06-03 15:00:46.017,17208,17210,17208,1,-1
2021-06-03 15:00:46.609,17208,17210,17209,1,1
2021-06-03 15:00:49.197,17209,17210,17210,3,3
2021-06-03 15:00:49.762,17209,17211,17209,1,-1
2021-06-03 15:00:49.798,17208,17211,17208,1,-1
2021-06-03 15:00:50.249,17208,17209,17209,1,1
2021-06-03 15:00:50.677,17208,17210,17210,1,1
2021-06-03 15:00:53.017,17208,17209,17208,10,-10
2021-06-03 15:00:53.327,17207,17209,17207,2,-2
2021-06-03 15:00:53.328,17207,17209,17207,2,-2
2021-06-03 15:00:53.732,17207,17209,17207,2,-2
2021-06-03 15:00:53.732,17207,17209,17207,2,-2
2021-06-03 15:00:53.733,17207,17209,17207,1,-1
2021-06-03 15:00:53.773,17206,17208,17206,2,-2
2021-06-03 15:00:54.032,17206,17208,17208,1,1
2021-06-03 15:00:54.883,17206,17207,17207,1,1
2021-06-03 15:00:54.884,17206,17207,17207,1,1
2021-06-03 15:00:55.595,17206,17207,17207,5,5
2021-06-03 15:00:55.846,17206,17208,17206,5,-5
2021-06-03 15:00:56.695,17206,17207,17206,8,-8
2021-06-03 15:00:56.767,17205,17206,17205,6,-6
2021-06-03 15:00:56.767,17205,17206,17205,2,-2
2021-06-03 15:00:56.768,17205,17206,17205,28,-28
2021-06-03 15:00:56.768,17205,17206,17204,3,-3
2021-06-03 15:00:56.768,17205,17206,17204,2,-2
2021-06-03 15:00:56.768,17205,17206,17204,1,-1
2021-06-03 15:00:56.769,17205,17206,17204,1,-1
2021-06-03 15:00:56.945,17203,17206,17206,1,1
2021-06-03 15:00:57.725,17205,17207,17205,2,-2
2021-06-03 15:00:57.725,17205,17207,17205,2,-2
2021-06-03 15:00:58.168,17206,17207,17206,1,1
2021-06-03 15:00:59.343,17204,17206,17204,1,-1
2021-06-03 15:00:59.796,17204,17206,17204,1,-1
2021-06-03 15:00:59.797,17204,17206,17204,1,-1
2021-06-03 15:01:00.051,17204,17206,17204,1,-1
2021-06-03 15:01:00.051,17204,17206,17203,1,-1
2021-06-03 15:01:00.084,17204,17206,17203,1,-1
2021-06-03 15:01:00.102,17204,17206,17204,1,1
2021-06-03 15:01:00.103,17204,17206,17203,1,-1
2021-06-03 15:01:00.103,17204,17206,17203,1,-1
2021-06-03 15:01:00.162,17203,17205,17203,1,-1
2021-06-03 15:01:00.198,17203,17205,17203,1,-1
2021-06-03 15:01:00.217,17203,17205,17203,1,-1
2021-06-03 15:01:00.234,17203,17205,17203,1,-1
2021-06-03 15:01:00.316,17203,17205,17203,3,-3
2021-06-03 15:01:00.316,17203,17205,17202,6,-6
2021-06-03 15:01:00.316,17203,17205,17201,3,-3
2021-06-03 15:01:00.316,17203,17205,17200,8,-8
2021-06-03 15:01:00.396,17200,17202,17200,1,-1
2021-06-03 15:01:00.396,17200,17202,17200,2,-2
2021-06-03 15:01:00.550,17199,17202,17200,1,-1
2021-06-03 15:01:01.586,17200,17203,17201,1,1
2021-06-03 15:01:01.643,17200,17203,17200,1,-1
2021-06-03 15:01:01.644,17200,17203,17200,1,-1
2021-06-03 15:01:01.928,17201,17203,17201,1,1
2021-06-03 15:01:01.952,17201,17203,17200,4,-4
2021-06-03 15:01:01.952,17201,17203,17199,3,-3
2021-06-03 15:01:01.966,17201,17203,17199,7,-7
2021-06-03 15:01:02.151,17200,17202,17200,3,3
2021-06-03 15:01:02.151,17200,17202,17199,4,-4
2021-06-03 15:01:02.151,17200,17202,17199,7,-7
2021-06-03 15:01:02.331,17198,17201,17198,2,-2
2021-06-03 15:01:02.444,17198,17201,17198,1,-1
2021-06-03 15:01:02.830,17198,17201,17200,1,1
2021-06-03 15:01:02.831,17198,17201,17200,1,-1
2021-06-03 15:01:02.954,17199,17202,17199,2,-2
2021-06-03 15:01:02.954,17199,17202,17198,1,-1
2021-06-03 15:01:02.975,17199,17202,17198,3,-3
2021-06-03 15:01:03.158,17198,17200,17198,2,-2
2021-06-03 15:01:03.158,17198,17200,17197,4,-4
2021-06-03 15:01:03.279,17197,17200,17200,1,1
2021-06-03 15:01:03.295,17197,17200,17200,1,1
2021-06-03 15:01:03.632,17198,17201,17201,1,1
2021-06-03 15:01:03.956,17198,17200,17198,2,-2
2021-06-03 15:01:03.976,17198,17200,17198,2,-2
2021-06-03 15:01:03.976,17198,17200,17198,1,-1
2021-06-03 15:01:04.181,17197,17199,17197,4,-4
2021-06-03 15:01:04.182,17197,17199,17197,1,-1
2021-06-03 15:01:04.182,17197,17199,17197,2,-2
2021-06-03 15:01:04.229,17197,17199,17196,1,-1
2021-06-03 15:01:04.249,17197,17199,17196,1,-1
2021-06-03 15:01:04.459,17196,17198,17196,2,-2
2021-06-03 15:01:04.476,17196,17198,17198,1,1
2021-06-03 15:01:04.488,17196,17198,17196,1,-1
2021-06-03 15:01:04.878,17196,17199,17196,1,-1
2021-06-03 15:01:05.020,17196,17199,17196,1,-1
2021-06-03 15:01:05.389,17196,17199,17198,1,1
2021-06-03 15:01:05.482,17196,17198,17196,1,-1
2021-06-03 15:01:06.166,17196,17199,17199,1,1
2021-06-03 15:01:06.783,17196,17198,17198,1,1
2021-06-03 15:01:07.516,17196,17198,17198,1,1
2021-06-03 15:01:07.566,17196,17198,17197,1,-1
2021-06-03 15:01:07.596,17196,17198,17197,1,-1
2021-06-03 15:01:07.839,17196,17198,17196,1,-1
2021-06-03 15:01:08.367,17196,17198,17197,1,1
2021-06-03 15:01:08.521,17196,17198,17196,1,-1
2021-06-03 15:01:08.521,17196,17198,17197,1,1
2021-06-03 15:01:08.522,17196,17198,17197,1,-1
2021-06-03 15:01:08.815,17196,17198,17197,1,-1
2021-06-03 15:01:08.988,17196,17198,17196,2,-2
2021-06-03 15:01:09.031,17196,17198,17198,1,1
2021-06-03 15:01:09.119,17196,17198,17197,1,-1
2021-06-03 15:01:09.719,17196,17198,17198,1,1
2021-06-03 15:01:09.763,17196,17198,17197,1,-1
2021-06-03 15:01:10.394,17196,17198,17198,1,1
2021-06-03 15:01:10.494,17196,17198,17197,1,-1
2021-06-03 15:01:10.571,17197,17200,17199,1,1
2021-06-03 15:01:10.675,17197,17199,17197,1,-1
2021-06-03 15:01:11.432,17197,17199,17197,1,-1
2021-06-03 15:01:11.437,17197,17199,17198,1,1
2021-06-03 15:01:11.635,17197,17199,17198,1,-1
2021-06-03 15:01:11.686,17197,17199,17199,1,1
2021-06-03 15:01:11.711,17197,17199,17197,1,-1
2021-06-03 15:01:11.746,17197,17199,17196,1,-1
2021-06-03 15:01:12.185,17197,17199,17197,2,2
2021-06-03 15:01:12.282,17197,17199,17197,2,-2
2021-06-03 15:01:12.282,17197,17199,17197,1,-1
2021-06-03 15:01:12.634,17197,17199,17197,1,-1
2021-06-03 15:01:12.634,17197,17199,17197,1,-1
2021-06-03 15:01:14.507,17198,17200,17198,1,1
2021-06-03 15:01:14.658,17197,17200,17197,1,-1
2021-06-03 15:01:16.614,17198,17199,17198,1,1
2021-06-03 15:01:16.694,17197,17199,17197,1,-1
2021-06-03 15:01:18.151,17197,17199,17199,1,1
2021-06-03 15:01:18.153,17197,17199,17199,2,2
2021-06-03 15:01:18.269,17198,17200,17198,1,-1
2021-06-03 15:01:18.681,17198,17200,17200,1,1
2021-06-03 15:01:18.779,17198,17200,17198,2,-2
2021-06-03 15:01:20.149,17198,17200,17198,1,-1
2021-06-03 15:01:20.177,17198,17200,17200,1,1
2021-06-03 15:01:20.543,17198,17200,17200,2,2
2021-06-03 15:01:20.597,17198,17200,17199,1,-1
2021-06-03 15:01:21.022,17199,17201,17199,1,-1
2021-06-03 15:01:21.022,17199,17201,17198,1,-1
2021-06-03 15:01:21.849,17200,17201,17200,1,1
2021-06-03 15:01:22.122,17199,17201,17201,1,1
2021-06-03 15:01:22.914,17198,17201,17198,1,-1
2021-06-03 15:01:23.042,17198,17201,17199,1,1
2021-06-03 15:01:23.153,17198,17201,17198,1,-1
2021-06-03 15:01:23.571,17198,17200,17198,1,-1
2021-06-03 15:01:25.312,17199,17200,17199,1,1
2021-06-03 15:01:25.487,17198,17200,17200,1,1
2021-06-03 15:01:26.399,17199,17200,17199,1,-1
2021-06-03 15:01:27.404,17199,17200,17199,1,-1
2021-06-03 15:01:27.404,17199,17200,17199,1,-1
2021-06-03 15:01:27.519,17198,17200,17198,1,-1
2021-06-03 15:01:27.523,17198,17200,17198,7,-7
2021-06-03 15:01:27.795,17197,17198,17197,1,-1
2021-06-03 15:01:27.812,17197,17198,17197,1,-1
2021-06-03 15:01:27.862,17197,17198,17197,1,-1
2021-06-03 15:01:28.111,17197,17198,17198,1,1
2021-06-03 15:01:29.908,17198,17199,17198,1,-1
2021-06-03 15:01:29.955,17198,17199,17198,1,-1
2021-06-03 15:01:30.181,17197,17199,17197,1,-1
2021-06-03 15:01:31.196,17197,17199,17198,1,1
2021-06-03 15:01:31.927,17197,17198,17198,1,1
2021-06-03 15:01:32.248,17197,17198,17198,1,1
2021-06-03 15:01:33.245,17197,17198,17198,1,1
2021-06-03 15:01:33.883,17197,17198,17198,1,1
2021-06-03 15:01:33.929,17197,17198,17198,1,1
2021-06-03 15:01:33.930,17197,17198,17198,5,5
2021-06-03 15:01:33.930,17197,17198,17198,1,1
2021-06-03 15:01:35.306,17198,17199,17199,1,1
2021-06-03 15:01:35.311,17198,17199,17199,2,2
2021-06-03 15:01:36.217,17198,17200,17200,1,1
2021-06-03 15:01:37.262,17198,17200,17198,1,-1
2021-06-03 15:01:39.573,17198,17199,17198,1,-1
2021-06-03 15:01:40.313,17198,17199,17199,1,1
2021-06-03 15:01:41.011,17198,17200,17198,8,-8
2021-06-03 15:01:41.545,17198,17200,17200,1,1
2021-06-03 15:01:44.375,17198,17200,17200,6,6
2021-06-03 15:01:45.482,17200,17201,17201,4,4
2021-06-03 15:01:46.616,17200,17202,17201,1,-1
2021-06-03 15:01:47.117,17201,17202,17202,1,1
2021-06-03 15:01:47.117,17201,17202,17202,3,3
2021-06-03 15:01:47.143,17201,17203,17201,1,-1
2021-06-03 15:01:47.880,17201,17203,17201,1,-1
2021-06-03 15:01:49.159,17202,17203,17203,1,1
2021-06-03 15:01:49.205,17202,17203,17203,1,1
2021-06-03 15:01:50.174,17202,17204,17203,2,-2
2021-06-03 15:01:52.957,17202,17203,17203,1,1
2021-06-03 15:01:53.211,17202,17203,17202,1,-1
2021-06-03 15:01:53.696,17201,17203,17203,1,1
2021-06-03 15:01:53.696,17201,17203,17204,4,4
2021-06-03 15:01:53.927,17202,17204,17202,1,-1
2021-06-03 15:01:55.241,17201,17203,17203,1,1
2021-06-03 15:01:55.717,17202,17204,17204,1,1
2021-06-03 15:01:55.991,17204,17205,17204,1,-1
2021-06-03 15:01:56.060,17202,17204,17204,1,1
2021-06-03 15:01:58.650,17203,17204,17203,1,-1
2021-06-03 15:01:58.943,17202,17204,17204,1,1
2021-06-03 15:01:59.009,17202,17204,17204,1,1
2021-06-03 15:01:59.157,17202,17204,17204,1,1
2021-06-03 15:02:00.003,17202,17204,17204,1,1
2021-06-03 15:02:00.129,17202,17204,17202,1,-1
2021-06-03 15:02:00.923,17202,17204,17202,2,-2
2021-06-03 15:02:01.516,17202,17204,17202,1,-1
2021-06-03 15:02:01.770,17202,17203,17202,2,-2
2021-06-03 15:02:01.818,17202,17203,17201,2,-2
2021-06-03 15:02:01.864,17202,17203,17201,1,-1
2021-06-03 15:02:01.864,17202,17203,17200,1,-1
2021-06-03 15:02:04.441,17200,17201,17201,2,2
2021-06-03 15:02:04.442,17200,17201,17201,3,3
2021-06-03 15:02:05.171,17200,17201,17200,4,-4
2021-06-03 15:02:05.283,17199,17200,17199,5,-5
2021-06-03 15:02:05.658,17198,17200,17200,2,2
2021-06-03 15:02:06.247,17198,17200,17199,1,-1
2021-06-03 15:02:06.617,17198,17200,17200,2,2
2021-06-03 15:02:07.077,17198,17200,17200,1,1
2021-06-03 15:02:07.077,17198,17200,17200,1,1
2021-06-03 15:02:07.464,17198,17200,17200,1,1
2021-06-03 15:02:07.649,17198,17200,17198,4,-4
2021-06-03 15:02:07.695,17198,17200,17198,1,-1
2021-06-03 15:02:08.397,17198,17199,17198,1,-1
2021-06-03 15:02:08.415,17198,17199,17197,1,-1
2021-06-03 15:02:09.483,17197,17199,17198,1,1
2021-06-03 15:02:09.955,17197,17198,17198,3,3
2021-06-03 15:02:09.956,17197,17198,17198,1,1
2021-06-03 15:02:10.385,17198,17199,17198,3,-3
2021-06-03 15:02:10.468,17198,17199,17198,1,-1
2021-06-03 15:02:10.677,17198,17199,17198,1,-1
2021-06-03 15:02:10.894,17199,17200,17200,2,2
2021-06-03 15:02:14.568,17198,17200,17199,1,-1
2021-06-03 15:02:14.763,17198,17200,17200,1,1
2021-06-03 15:02:17.361,17198,17200,17200,1,1
2021-06-03 15:02:18.317,17198,17200,17200,1,1
2021-06-03 15:02:18.402,17198,17200,17200,1,1
2021-06-03 15:02:18.730,17199,17201,17199,1,-1
2021-06-03 15:02:19.995,17198,17200,17200,1,1
2021-06-03 15:02:26.369,17199,17200,17200,1,1
2021-06-03 15:02:27.399,17199,17200,17199,10,-10
2021-06-03 15:02:27.400,17199,17200,17199,1,-1
2021-06-03 15:02:28.125,17198,17200,17200,1,1
2021-06-03 15:02:31.443,17199,17200,17200,3,3
2021-06-03 15:02:32.180,17200,17201,17201,2,2
2021-06-03 15:02:32.180,17200,17201,17201,1,1
2021-06-03 15:02:32.180,17200,17201,17201,1,1
2021-06-03 15:02:32.180,17200,17201,17201,1,1
2021-06-03 15:02:32.180,17200,17201,17201,7,7
2021-06-03 15:02:33.766,17201,17202,17202,1,1
2021-06-03 15:02:33.821,17201,17202,17201,1,-1
2021-06-03 15:02:34.526,17200,17202,17202,1,1
2021-06-03 15:02:37.489,17200,17202,17200,1,-1
2021-06-03 15:02:37.732,17200,17202,17200,1,-1
2021-06-03 15:02:39.098,17200,17203,17200,1,-1
2021-06-03 15:02:47.080,17200,17201,17201,1,1
2021-06-03 15:02:47.671,17200,17201,17201,1,1
2021-06-03 15:02:48.121,17200,17201,17201,1,1
2021-06-03 15:02:48.122,17200,17201,17201,3,3
2021-06-03 15:02:48.298,17201,17203,17201,3,-3
2021-06-03 15:02:48.496,17201,17203,17203,1,1
2021-06-03 15:02:48.628,17201,17203,17201,1,-1
2021-06-03 15:02:49.485,17201,17203,17201,1,-1
2021-06-03 15:02:50.346,17201,17203,17201,2,-2
2021-06-03 15:02:51.492,17201,17202,17202,1,1
2021-06-03 15:02:53.014,17201,17202,17202,1,1
2021-06-03 15:02:53.014,17201,17202,17203,3,3
2021-06-03 15:02:56.141,17201,17202,17202,1,1
2021-06-03 15:03:00.060,17201,17203,17201,1,-1
2021-06-03 15:03:02.719,17202,17203,17202,1,1
2021-06-03 15:03:04.494,17201,17202,17202,1,1
2021-06-03 15:03:04.661,17201,17203,17201,1,-1
2021-06-03 15:03:06.366,17202,17203,17203,1,1
2021-06-03 15:03:10.812,17202,17203,17203,1,1
2021-06-03 15:03:13.476,17202,17203,17202,2,-2
2021-06-03 15:03:13.806,17201,17202,17202,1,1
2021-06-03 15:03:15.493,17201,17202,17201,1,-1
2021-06-03 15:03:24.150,17201,17202,17202,1,1
2021-06-03 15:03:28.981,17201,17202,17201,1,-1
2021-06-03 15:03:29.382,17201,17202,17202,5,5
2021-06-03 15:03:29.735,17201,17202,17201,1,-1
2021-06-03 15:03:30.083,17201,17202,17202,2,2
2021-06-03 15:03:40.175,17202,17203,17202,1,-1
2021-06-03 15:03:43.037,17202,17203,17202,2,-2
2021-06-03 15:03:44.487,17201,17202,17201,2,-2
2021-06-03 15:03:47.082,17200,17201,17201,2,2
2021-06-03 15:03:52.557,17200,17201,17201,1,1
2021-06-03 15:03:53.264,17200,17202,17202,1,1
2021-06-03 15:03:53.264,17200,17202,17202,1,1
2021-06-03 15:03:53.491,17200,17202,17202,1,1
2021-06-03 15:03:53.500,17200,17202,17202,1,1
2021-06-03 15:03:54.034,17201,17203,17202,1,-1
2021-06-03 15:03:54.475,17200,17202,17201,1,-1
2021-06-03 15:03:54.881,17200,17202,17202,1,1
2021-06-03 15:03:59.003,17201,17202,17202,1,1
2021-06-03 15:04:00.111,17201,17202,17201,1,-1
2021-06-03 15:04:02.367,17201,17202,17201,1,-1
2021-06-03 15:04:02.367,17201,17202,17201,1,-1
2021-06-03 15:04:02.367,17201,17202,17201,1,-1
2021-06-03 15:04:02.367,17201,17202,17201,2,-2
2021-06-03 15:04:06.426,17200,17201,17201,1,1
2021-06-03 15:04:07.672,17200,17201,17200,1,-1
2021-06-03 15:04:07.963,17200,17201,17200,1,-1
2021-06-03 15:04:11.608,17200,17201,17201,1,1
2021-06-03 15:04:14.930,17200,17201,17201,1,1
2021-06-03 15:04:17.859,17201,17202,17201,1,-1
2021-06-03 15:04:19.210,17200,17201,17200,6,-6
2021-06-03 15:04:19.211,17200,17201,17200,1,-1
2021-06-03 15:04:19.211,17200,17201,17200,1,-1
2021-06-03 15:04:19.211,17200,17201,17200,1,-1
2021-06-03 15:04:19.211,17200,17201,17200,1,-1
2021-06-03 15:04:19.211,17200,17201,17200,1,-1
2021-06-03 15:04:19.212,17200,17201,17200,8,-8
2021-06-03 15:04:19.213,17200,17201,17199,5,-5
2021-06-03 15:04:20.057,17199,17200,17199,5,-5
2021-06-03 15:04:20.057,17199,17200,17199,9,-9
2021-06-03 15:04:21.035,17198,17199,17199,4,4
2021-06-03 15:04:21.633,17198,17199,17199,1,1
2021-06-03 15:04:21.872,17198,17199,17199,1,1
2021-06-03 15:04:22.600,17198,17199,17198,8,-8
2021-06-03 15:04:22.601,17198,17199,17197,9,-9
2021-06-03 15:04:22.601,17198,17199,17197,1,-1
2021-06-03 15:04:22.602,17198,17199,17197,4,-4
2021-06-03 15:04:25.200,17196,17197,17196,5,-5
2021-06-03 15:04:25.456,17196,17197,17196,5,-5
2021-06-03 15:04:25.456,17196,17197,17195,8,-8
2021-06-03 15:04:25.551,17195,17196,17195,1,-1
2021-06-03 15:04:25.557,17195,17196,17195,1,-1
2021-06-03 15:04:27.032,17195,17196,17196,1,1
2021-06-03 15:04:27.249,17195,17196,17196,1,1
2021-06-03 15:04:27.249,17195,17196,17197,2,2
2021-06-03 15:04:28.973,17195,17197,17195,2,-2
2021-06-03 15:04:29.627,17195,17197,17196,1,1
2021-06-03 15:04:31.443,17196,17197,17196,4,-4
2021-06-03 15:04:35.848,17196,17197,17196,1,-1
2021-06-03 15:04:36.065,17196,17197,17196,1,-1
2021-06-03 15:04:38.895,17195,17196,17196,1,1
2021-06-03 15:04:39.211,17196,17197,17196,1,-1
2021-06-03 15:04:40.313,17195,17196,17195,1,-1
2021-06-03 15:04:40.394,17195,17196,17195,1,-1
2021-06-03 15:04:40.395,17195,17196,17195,5,-5
2021-06-03 15:04:42.003,17194,17195,17195,4,4
2021-06-03 15:04:42.003,17194,17195,17196,3,3
2021-06-03 15:04:42.290,17194,17196,17194,2,-2
2021-06-03 15:04:42.499,17194,17196,17194,1,-1
2021-06-03 15:04:42.842,17194,17195,17194,1,-1
2021-06-03 15:04:43.789,17193,17195,17195,1,1
2021-06-03 15:04:45.853,17193,17195,17193,1,-1
2021-06-03 15:04:45.922,17193,17195,17193,2,-2
2021-06-03 15:04:46.143,17193,17194,17193,1,-1
2021-06-03 15:04:46.173,17193,17194,17193,2,-2
2021-06-03 15:04:46.212,17193,17194,17193,1,-1
2021-06-03 15:04:46.805,17192,17194,17192,1,-1
2021-06-03 15:04:47.433,17192,17194,17193,1,1
2021-06-03 15:04:47.698,17193,17195,17193,1,-1
2021-06-03 15:04:47.878,17193,17195,17193,1,-1
2021-06-03 15:04:47.878,17193,17195,17192,1,-1
2021-06-03 15:04:50.089,17193,17194,17194,2,2
2021-06-03 15:04:52.926,17193,17194,17194,1,1
2021-06-03 15:04:53.347,17194,17195,17194,1,-1
2021-06-03 15:04:55.760,17194,17195,17195,1,1
2021-06-03 15:04:56.486,17194,17195,17195,2,2
2021-06-03 15:04:56.486,17194,17195,17196,1,1
2021-06-03 15:04:57.786,17195,17196,17195,1,-1
2021-06-03 15:04:58.182,17195,17196,17195,3,-3
2021-06-03 15:04:59.564,17195,17196,17196,1,1
2021-06-03 15:05:00.470,17196,17197,17197,2,2
2021-06-03 15:05:00.521,17197,17198,17197,1,-1
2021-06-03 15:05:00.524,17197,17198,17196,1,-1
2021-06-03 15:05:00.773,17195,17197,17195,1,-1
2021-06-03 15:05:01.483,17194,17197,17194,3,-3
2021-06-03 15:05:01.519,17194,17196,17194,1,-1
2021-06-03 15:05:01.519,17194,17196,17194,1,-1
2021-06-03 15:05:01.519,17194,17196,17193,1,-1
2021-06-03 15:05:01.519,17194,17196,17193,1,-1
2021-06-03 15:05:01.519,17194,17196,17193,1,-1
2021-06-03 15:05:01.520,17194,17196,17193,1,-1
2021-06-03 15:05:01.520,17194,17196,17193,1,-1
2021-06-03 15:05:01.520,17194,17196,17193,1,-1
2021-06-03 15:05:01.520,17194,17196,17193,1,-1
2021-06-03 15:05:01.520,17194,17196,17193,1,-1
2021-06-03 15:05:01.520,17194,17196,17193,1,-1
2021-06-03 15:05:01.520,17194,17196,17193,1,-1
2021-06-03 15:05:01.521,17194,17196,17192,1,-1
2021-06-03 15:05:01.522,17194,17196,17193,1,1
2021-06-03 15:05:01.522,17194,17196,17192,1,-1
2021-06-03 15:05:01.848,17193,17195,17193,1,1
2021-06-03 15:05:01.848,17193,17195,17193,1,-1
2021-06-03 15:05:01.934,17193,17195,17193,1,-1
2021-06-03 15:05:05.804,17193,17194,17193,1,-1
2021-06-03 15:05:06.837,17193,17194,17194,1,1
2021-06-03 15:05:07.339,17193,17194,17193,1,-1
2021-06-03 15:05:07.358,17193,17194,17194,1,1
2021-06-03 15:05:07.393,17192,17194,17192,1,-1
2021-06-03 15:05:07.393,17192,17194,17192,1,-1
2021-06-03 15:05:07.394,17192,17194,17192,1,-1
2021-06-03 15:05:07.398,17192,17194,17192,1,-1
2021-06-03 15:05:08.602,17192,17194,17192,1,-1
2021-06-03 15:05:10.231,17193,17194,17193,1,1
2021-06-03 15:05:10.231,17193,17194,17193,1,-1
2021-06-03 15:05:10.231,17193,17194,17193,3,-3
2021-06-03 15:05:10.608,17192,17193,17193,1,1
2021-06-03 15:05:10.931,17192,17193,17192,1,-1
2021-06-03 15:05:11.358,17192,17193,17192,1,-1
2021-06-03 15:05:11.361,17192,17193,17192,1,-1
2021-06-03 15:05:11.762,17191,17192,17192,1,1
2021-06-03 15:05:14.471,17192,17193,17192,2,-2
2021-06-03 15:05:14.480,17192,17193,17193,1,1
2021-06-03 15:05:17.683,17191,17192,17191,1,-1
2021-06-03 15:05:17.963,17191,17192,17191,1,-1
2021-06-03 15:05:18.433,17191,17192,17191,1,-1
2021-06-03 15:05:18.518,17191,17192,17191,1,-1
2021-06-03 15:05:18.518,17191,17192,17191,1,-1
2021-06-03 15:05:18.519,17191,17192,17191,1,-1
2021-06-03 15:05:18.519,17191,17192,17191,1,-1
2021-06-03 15:05:18.519,17191,17192,17191,1,-1
2021-06-03 15:05:18.519,17191,17192,17191,1,-1
2021-06-03 15:05:18.519,17191,17192,17191,6,-6
2021-06-03 15:05:18.519,17191,17192,17191,1,-1
2021-06-03 15:05:18.519,17191,17192,17191,1,-1
2021-06-03 15:05:18.520,17191,17192,17191,1,-1
2021-06-03 15:05:18.520,17191,17192,17191,4,-4
2021-06-03 15:05:18.520,17191,17192,17191,1,-1
2021-06-03 15:05:18.521,17191,17192,17191,1,-1
2021-06-03 15:05:18.521,17191,17192,17191,1,-1
2021-06-03 15:05:18.521,17191,17192,17191,4,-4
2021-06-03 15:05:18.522,17191,17192,17191,3,-3
2021-06-03 15:05:18.523,17191,17192,17190,1,-1
2021-06-03 15:05:18.764,17190,17192,17190,2,-2
2021-06-03 15:05:18.848,17190,17192,17190,1,-1
2021-06-03 15:05:18.870,17190,17192,17191,2,2
2021-06-03 15:05:19.382,17190,17191,17190,1,-1
2021-06-03 15:05:19.383,17190,17191,17190,2,-2
2021-06-03 15:05:19.385,17190,17191,17190,3,-3
2021-06-03 15:05:19.385,17190,17191,17190,4,-4
2021-06-03 15:05:19.385,17190,17191,17190,1,-1
2021-06-03 15:05:19.386,17190,17191,17190,1,-1
2021-06-03 15:05:19.386,17190,17191,17190,1,-1
2021-06-03 15:05:19.386,17190,17191,17190,3,-3
2021-06-03 15:05:20.708,17189,17190,17189,1,-1
2021-06-03 15:05:20.708,17189,17190,17189,1,-1
2021-06-03 15:05:20.708,17189,17190,17189,1,-1
2021-06-03 15:05:20.859,17189,17190,17189,1,-1
2021-06-03 15:05:20.859,17189,17190,17188,1,-1
2021-06-03 15:05:20.875,17189,17190,17188,1,-1
2021-06-03 15:05:21.033,17188,17189,17188,3,-3
2021-06-03 15:05:21.074,17188,17189,17188,3,-3
2021-06-03 15:05:21.111,17188,17189,17189,1,1
2021-06-03 15:05:22.304,17188,17189,17189,1,1
2021-06-03 15:05:22.877,17188,17190,17189,1,-1
2021-06-03 15:05:24.200,17188,17189,17189,1,1
2021-06-03 15:05:24.991,17189,17190,17189,1,-1
2021-06-03 15:05:25.668,17188,17189,17189,1,1
2021-06-03 15:05:26.499,17188,17190,17188,1,-1
2021-06-03 15:05:26.680,17188,17190,17188,1,-1
2021-06-03 15:05:27.423,17188,17190,17189,1,1
2021-06-03 15:05:27.518,17188,17189,17188,1,-1
2021-06-03 15:05:27.518,17188,17189,17188,1,-1
2021-06-03 15:05:27.519,17188,17189,17187,1,-1
2021-06-03 15:05:27.783,17187,17189,17187,2,-2
2021-06-03 15:05:29.442,17187,17189,17189,1,1
2021-06-03 15:05:31.246,17187,17188,17187,1,-1
2021-06-03 15:05:31.246,17187,17188,17187,1,-1
2021-06-03 15:05:31.247,17187,17188,17187,2,-2
2021-06-03 15:05:31.613,17186,17188,17186,1,-1
2021-06-03 15:05:31.704,17186,17188,17187,1,1
2021-06-03 15:05:31.704,17186,17188,17186,1,-1
2021-06-03 15:05:32.902,17186,17188,17186,1,-1
2021-06-03 15:05:33.202,17186,17188,17186,5,-5
2021-06-03 15:05:33.771,17187,17188,17188,2,2
2021-06-03 15:05:33.771,17187,17188,17188,1,1
2021-06-03 15:05:33.861,17187,17188,17187,1,-1
2021-06-03 15:05:33.876,17187,17188,17187,2,-2
2021-06-03 15:05:34.330,17187,17189,17187,1,-1
2021-06-03 15:05:34.330,17187,17189,17186,3,-3
2021-06-03 15:05:34.442,17186,17187,17186,1,-1
2021-06-03 15:05:34.923,17186,17187,17186,3,-3
2021-06-03 15:05:34.925,17186,17187,17186,7,-7
2021-06-03 15:05:35.785,17186,17187,17186,2,-2
2021-06-03 15:05:35.785,17186,17187,17185,9,-9
2021-06-03 15:05:35.785,17186,17187,17184,6,-6
2021-06-03 15:05:35.785,17186,17187,17183,13,-13
2021-06-03 15:05:35.963,17184,17186,17184,2,2
2021-06-03 15:05:35.990,17184,17186,17185,1,1
2021-06-03 15:05:35.990,17184,17186,17185,1,-1
2021-06-03 15:05:36.005,17184,17186,17186,1,1
2021-06-03 15:05:36.043,17184,17186,17184,2,-2
2021-06-03 15:05:36.115,17184,17186,17184,1,-1
2021-06-03 15:05:40.406,17186,17187,17186,1,1
2021-06-03 15:05:40.519,17186,17187,17186,1,-1
2021-06-03 15:05:40.519,17186,17187,17186,1,-1
2021-06-03 15:05:40.519,17186,17187,17186,1,-1
2021-06-03 15:05:40.995,17185,17187,17185,3,-3
2021-06-03 15:05:41.793,17184,17186,17185,5,-5
2021-06-03 15:05:41.889,17184,17186,17186,1,1
2021-06-03 15:05:41.889,17184,17186,17185,1,-1
2021-06-03 15:05:43.980,17184,17186,17184,1,-1
2021-06-03 15:05:44.068,17184,17186,17184,1,-1
2021-06-03 15:05:44.694,17184,17185,17184,1,-1
2021-06-03 15:05:45.566,17183,17184,17184,1,1
2021-06-03 15:05:45.969,17183,17184,17184,1,1
2021-06-03 15:05:48.020,17183,17184,17184,1,1
2021-06-03 15:05:48.694,17183,17184,17183,1,-1
2021-06-03 15:05:49.082,17182,17184,17184,1,1
2021-06-03 15:05:49.879,17183,17184,17184,3,3
2021-06-03 15:05:49.879,17183,17184,17184,4,4
2021-06-03 15:05:49.879,17183,17184,17184,1,1
2021-06-03 15:05:50.976,17184,17186,17184,1,-1
2021-06-03 15:05:52.662,17184,17185,17184,1,-1
2021-06-03 15:05:53.636,17183,17184,17184,1,1
2021-06-03 15:05:54.400,17184,17186,17186,2,2
2021-06-03 15:05:54.646,17184,17186,17184,1,-1
2021-06-03 15:05:55.655,17184,17186,17184,1,-1
2021-06-03 15:05:56.445,17184,17186,17186,1,1
2021-06-03 15:05:57.513,17184,17186,17184,1,-1
2021-06-03 15:05:58.196,17184,17185,17184,1,-1
2021-06-03 15:05:58.197,17184,17185,17184,3,-3
2021-06-03 15:05:58.232,17184,17185,17184,1,-1
2021-06-03 15:05:58.233,17184,17185,17184,1,-1
2021-06-03 15:05:58.328,17183,17185,17183,1,-1
2021-06-03 15:05:59.242,17183,17185,17184,1,1
2021-06-03 15:06:02.104,17184,17185,17185,2,2
2021-06-03 15:06:02.104,17184,17185,17186,2,2
2021-06-03 15:06:02.158,17184,17186,17184,1,-1
2021-06-03 15:06:02.233,17184,17186,17185,1,1
2021-06-03 15:06:02.685,17184,17185,17184,7,-7
2021-06-03 15:06:02.715,17184,17185,17184,2,-2
2021-06-03 15:06:02.715,17184,17185,17185,8,8
2021-06-03 15:06:02.716,17184,17185,17185,1,1
2021-06-03 15:06:02.716,17184,17185,17185,1,1
2021-06-03 15:06:02.716,17184,17185,17185,1,1
2021-06-03 15:06:02.716,17184,17185,17185,2,2
2021-06-03 15:06:02.885,17183,17185,17183,1,-1
2021-06-03 15:06:03.709,17184,17186,17184,3,3
2021-06-03 15:06:03.768,17184,17186,17184,1,-1
2021-06-03 15:06:03.769,17184,17186,17184,1,-1
2021-06-03 15:06:03.769,17184,17186,17184,1,-1
2021-06-03 15:06:04.548,17184,17186,17184,1,-1
2021-06-03 15:06:04.690,17184,17186,17184,2,-2
2021-06-03 15:06:05.051,17184,17185,17184,3,-3
2021-06-03 15:06:06.201,17184,17185,17185,1,1
2021-06-03 15:06:06.388,17184,17186,17185,2,-2
2021-06-03 15:06:07.580,17185,17186,17185,3,-3
2021-06-03 15:06:07.580,17185,17186,17184,7,-7
2021-06-03 15:06:07.643,17184,17186,17184,1,-1
2021-06-03 15:06:07.643,17184,17186,17184,1,-1
2021-06-03 15:06:11.137,17185,17186,17185,1,1
2021-06-03 15:06:11.450,17185,17186,17185,1,-1
2021-06-03 15:06:14.266,17185,17186,17186,9,9
2021-06-03 15:06:14.714,17186,17187,17186,2,-2
2021-06-03 15:06:14.714,17186,17187,17185,2,-2
2021-06-03 15:06:14.789,17185,17187,17186,1,1
2021-06-03 15:06:15.192,17186,17187,17187,54,54
2021-06-03 15:06:15.193,17186,17187,17187,1,1
2021-06-03 15:06:15.193,17186,17187,17187,1,1
2021-06-03 15:06:15.193,17186,17187,17187,28,28
2021-06-03 15:06:15.194,17186,17187,17188,1,1
2021-06-03 15:06:15.194,17186,17187,17188,1,1
2021-06-03 15:06:16.623,17187,17189,17189,1,1
2021-06-03 15:06:17.054,17188,17190,17188,1,-1
2021-06-03 15:06:17.143,17187,17189,17187,1,-1
2021-06-03 15:06:17.143,17187,17189,17187,1,-1
2021-06-03 15:06:17.143,17187,17189,17187,1,-1
2021-06-03 15:06:17.144,17187,17189,17187,1,-1
2021-06-03 15:06:17.145,17187,17189,17187,1,-1
2021-06-03 15:06:17.150,17187,17189,17186,1,-1
2021-06-03 15:06:19.263,17188,17189,17189,1,1
2021-06-03 15:06:19.263,17188,17189,17189,1,1
2021-06-03 15:06:19.910,17188,17190,17188,1,-1
2021-06-03 15:06:19.910,17188,17190,17188,1,-1
2021-06-03 15:06:22.945,17187,17188,17188,1,1
2021-06-03 15:06:23.909,17187,17188,17188,1,1
2021-06-03 15:06:25.525,17187,17189,17189,1,1
2021-06-03 15:06:27.564,17188,17189,17188,1,-1
2021-06-03 15:06:30.709,17188,17189,17188,1,-1
2021-06-03 15:06:30.768,17187,17189,17187,1,-1
2021-06-03 15:06:30.768,17187,17189,17187,1,-1
2021-06-03 15:06:30.768,17187,17189,17187,1,-1
2021-06-03 15:06:30.769,17187,17189,17186,1,-1
2021-06-03 15:06:30.769,17187,17189,17186,1,-1
2021-06-03 15:06:30.769,17187,17189,17186,1,-1
2021-06-03 15:06:30.769,17187,17189,17186,1,-1
2021-06-03 15:06:30.769,17187,17189,17186,1,-1
2021-06-03 15:06:30.770,17187,17189,17186,1,-1
2021-06-03 15:06:30.770,17187,17189,17186,1,-1
2021-06-03 15:06:30.774,17187,17189,17186,1,-1
2021-06-03 15:06:30.775,17187,17189,17186,1,-1
2021-06-03 15:06:30.775,17187,17189,17186,1,-1
2021-06-03 15:06:31.968,17187,17189,17189,1,1
2021-06-03 15:06:33.161,17188,17189,17188,1,-1
2021-06-03 15:06:35.321,17188,17189,17188,1,-1
2021-06-03 15:06:36.555,17187,17188,17187,2,-2
2021-06-03 15:06:39.447,17186,17187,17187,8,8
2021-06-03 15:06:39.447,17186,17187,17187,1,1
2021-06-03 15:06:39.447,17186,17187,17187,2,2
2021-06-03 15:06:39.518,17186,17188,17186,1,-1
2021-06-03 15:06:42.018,17187,17188,17187,1,1
2021-06-03 15:06:44.526,17187,17188,17188,3,3
2021-06-03 15:06:44.526,17187,17188,17188,4,4
2021-06-03 15:06:49.742,17187,17188,17188,1,1
2021-06-03 15:06:54.317,17187,17188,17187,1,-1
2021-06-03 15:06:58.464,17187,17188,17188,3,3
2021-06-03 15:06:59.803,17187,17188,17187,1,-1
2021-06-03 15:06:59.887,17187,17188,17188,3,3
2021-06-03 15:06:59.894,17187,17188,17187,1,-1
2021-06-03 15:07:00.746,17187,17188,17187,3,-3
2021-06-03 15:07:01.594,17186,17187,17186,1,-1
2021-06-03 15:07:01.595,17186,17187,17186,6,-6
2021-06-03 15:07:01.595,17186,17187,17186,1,-1
2021-06-03 15:07:01.595,17186,17187,17186,1,-1
2021-06-03 15:07:01.595,17186,17187,17186,1,-1
2021-06-03 15:07:01.595,17186,17187,17186,1,-1
2021-06-03 15:07:01.595,17186,17187,17186,1,-1
2021-06-03 15:07:01.595,17186,17187,17186,1,-1
2021-06-03 15:07:01.644,17185,17186,17185,1,-1
2021-06-03 15:07:01.644,17185,17186,17185,1,-1
2021-06-03 15:07:02.003,17185,17186,17186,1,1
2021-06-03 15:07:02.363,17185,17187,17185,2,-2
2021-06-03 15:07:02.465,17185,17187,17185,1,-1
2021-06-03 15:07:02.880,17185,17186,17186,2,2
2021-06-03 15:07:05.780,17185,17186,17186,1,1
2021-06-03 15:07:08.999,17185,17186,17186,1,1
2021-06-03 15:07:10.409,17185,17186,17186,1,1
2021-06-03 15:07:10.521,17185,17187,17185,1,-1
2021-06-03 15:07:10.521,17185,17187,17185,1,-1
2021-06-03 15:07:10.870,17185,17186,17185,10,-10
2021-06-03 15:07:13.503,17185,17186,17186,1,1
2021-06-03 15:07:13.504,17185,17186,17186,2,2
2021-06-03 15:07:16.903,17185,17186,17186,1,1
2021-06-03 15:07:20.023,17185,17186,17186,1,1
2021-06-03 15:07:20.143,17185,17186,17185,1,-1
2021-06-03 15:07:20.149,17185,17186,17185,1,-1
2021-06-03 15:07:20.637,17185,17186,17186,1,1
2021-06-03 15:07:20.941,17185,17186,17185,6,-6
2021-06-03 15:07:21.982,17185,17186,17185,1,-1
2021-06-03 15:07:22.881,17185,17186,17185,3,-3
2021-06-03 15:07:22.882,17185,17186,17185,3,-3
2021-06-03 15:07:22.882,17185,17186,17185,1,-1
2021-06-03 15:07:22.882,17185,17186,17185,1,-1
2021-06-03 15:07:22.882,17185,17186,17185,7,-7
2021-06-03 15:07:23.823,17184,17185,17185,1,1
2021-06-03 15:07:24.332,17184,17185,17185,1,1
2021-06-03 15:07:25.147,17184,17185,17185,1,1
2021-06-03 15:07:25.147,17184,17185,17186,1,1
2021-06-03 15:07:25.369,17184,17186,17186,1,1
2021-06-03 15:07:25.553,17184,17186,17186,1,1
2021-06-03 15:07:28.441,17185,17186,17185,1,-1
2021-06-03 15:07:29.406,17185,17186,17185,2,-2
2021-06-03 15:07:29.406,17185,17186,17184,3,-3
2021-06-03 15:07:30.263,17184,17185,17185,1,1
2021-06-03 15:07:33.008,17185,17186,17186,15,15
2021-06-03 15:07:33.009,17185,17186,17186,4,4
2021-06-03 15:07:33.009,17185,17186,17186,1,1
2021-06-03 15:07:33.492,17186,17187,17187,1,1
2021-06-03 15:07:33.701,17185,17187,17185,3,-3
2021-06-03 15:07:37.799,17185,17187,17185,4,-4
2021-06-03 15:07:37.799,17185,17187,17185,7,-7
2021-06-03 15:07:37.800,17185,17187,17185,9,-9
2021-06-03 15:07:38.715,17185,17186,17186,1,1
2021-06-03 15:07:42.816,17185,17186,17185,8,-8
2021-06-03 15:07:42.817,17185,17186,17185,1,-1
2021-06-03 15:07:43.015,17184,17185,17184,5,-5
2021-06-03 15:07:43.021,17183,17185,17184,1,-1
2021-06-03 15:07:44.022,17183,17185,17183,1,-1
2021-06-03 15:07:44.405,17183,17185,17183,1,-1
2021-06-03 15:07:44.405,17183,17185,17182,1,-1
2021-06-03 15:07:49.143,17183,17185,17183,1,1
2021-06-03 15:07:50.021,17185,17186,17186,1,1
2021-06-03 15:07:50.144,17185,17186,17185,1,-1
2021-06-03 15:07:50.835,17184,17186,17184,1,-1
2021-06-03 15:07:50.835,17184,17186,17183,2,-2
2021-06-03 15:07:56.182,17184,17185,17184,1,1
2021-06-03 15:07:56.182,17184,17185,17183,8,-8
2021-06-03 15:07:56.182,17184,17185,17182,1,-1
2021-06-03 15:07:59.858,17182,17184,17182,1,-1
2021-06-03 15:07:59.879,17182,17184,17182,1,-1
2021-06-03 15:07:59.896,17182,17184,17182,1,-1
2021-06-03 15:08:05.394,17183,17184,17183,1,1
2021-06-03 15:08:05.519,17183,17184,17183,1,-1
2021-06-03 15:08:05.523,17183,17184,17183,1,-1
2021-06-03 15:08:06.926,17183,17184,17184,2,2
2021-06-03 15:08:07.018,17183,17185,17183,1,-1
2021-06-03 15:08:07.018,17183,17185,17182,1,-1
2021-06-03 15:08:07.019,17183,17185,17182,1,-1
2021-06-03 15:08:07.019,17183,17185,17182,1,-1
2021-06-03 15:08:07.019,17183,17185,17182,1,-1
2021-06-03 15:08:07.019,17183,17185,17182,1,-1
2021-06-03 15:08:07.019,17183,17185,17182,1,-1
2021-06-03 15:08:07.020,17183,17185,17182,1,-1
2021-06-03 15:08:07.020,17183,17185,17182,1,-1
2021-06-03 15:08:07.020,17183,17185,17182,1,-1
2021-06-03 15:08:07.144,17182,17184,17182,1,-1
2021-06-03 15:08:07.149,17182,17184,17182,1,-1
2021-06-03 15:08:07.150,17182,17184,17182,5,-5
2021-06-03 15:08:07.150,17182,17184,17182,1,-1
2021-06-03 15:08:07.150,17182,17184,17182,1,-1
2021-06-03 15:08:07.150,17182,17184,17182,1,-1
2021-06-03 15:08:07.150,17182,17184,17182,1,-1
2021-06-03 15:08:07.150,17182,17184,17182,5,-5
2021-06-03 15:08:11.912,17181,17182,17181,1,-1
2021-06-03 15:08:12.039,17181,17182,17182,1,1
2021-06-03 15:08:12.253,17181,17182,17181,1,-1
2021-06-03 15:08:12.658,17181,17182,17181,1,-1
2021-06-03 15:08:13.041,17181,17182,17181,2,-2
2021-06-03 15:08:13.041,17181,17182,17181,6,-6
2021-06-03 15:08:13.042,17181,17182,17181,1,-1
2021-06-03 15:08:13.042,17181,17182,17181,9,-9
2021-06-03 15:08:13.042,17181,17182,17181,4,-4
2021-06-03 15:08:13.042,17181,17182,17181,1,-1
2021-06-03 15:08:14.591,17180,17181,17180,4,-4
2021-06-03 15:08:14.662,17180,17181,17180,5,-5
2021-06-03 15:08:14.662,17180,17181,17180,7,-7
2021-06-03 15:08:14.663,17180,17181,17180,1,-1
2021-06-03 15:08:14.663,17180,17181,17180,3,-3
2021-06-03 15:08:14.664,17180,17181,17179,5,-5
2021-06-03 15:08:14.664,17180,17181,17178,10,-10
2021-06-03 15:08:14.763,17180,17181,17178,3,-3
2021-06-03 15:08:14.763,17180,17181,17177,1,-1
2021-06-03 15:08:14.817,17177,17179,17177,1,-1
2021-06-03 15:08:14.830,17177,17179,17177,2,-2
2021-06-03 15:08:14.846,17177,17179,17177,2,-2
2021-06-03 15:08:14.869,17177,17179,17177,2,-2
2021-06-03 15:08:14.869,17177,17179,17177,2,-2
2021-06-03 15:08:14.945,17177,17178,17177,1,-1
2021-06-03 15:08:14.999,17177,17178,17176,1,-1
2021-06-03 15:08:15.000,17177,17178,17176,1,-1
2021-06-03 15:08:15.000,17177,17178,17176,2,-2
2021-06-03 15:08:15.000,17177,17178,17176,3,-3
2021-06-03 15:08:15.009,17177,17178,17175,1,-1
2021-06-03 15:08:15.028,17175,17176,17175,1,-1
2021-06-03 15:08:15.031,17175,17176,17175,3,-3
2021-06-03 15:08:15.031,17175,17176,17175,2,-2
2021-06-03 15:08:15.031,17175,17176,17175,5,-5
2021-06-03 15:08:15.032,17175,17176,17175,2,-2
2021-06-03 15:08:15.033,17175,17176,17174,1,-1
2021-06-03 15:08:15.034,17175,17176,17174,1,-1
2021-06-03 15:08:15.043,17175,17176,17174,1,-1
2021-06-03 15:08:15.044,17175,17176,17174,1,-1
2021-06-03 15:08:15.044,17175,17176,17174,2,-2
2021-06-03 15:08:15.044,17175,17176,17173,1,-1
2021-06-03 15:08:15.045,17175,17176,17174,1,1
2021-06-03 15:08:15.056,17175,17176,17173,1,-1
2021-06-03 15:08:15.057,17175,17176,17173,1,-1
2021-06-03 15:08:15.076,17175,17176,17173,1,-1
2021-06-03 15:08:15.077,17175,17176,17173,1,-1
2021-06-03 15:08:15.078,17175,17176,17173,4,-4
2021-06-03 15:08:15.081,17175,17176,17172,1,-1
2021-06-03 15:08:15.081,17175,17176,17172,1,-1
2021-06-03 15:08:15.081,17175,17176,17172,1,-1
2021-06-03 15:08:15.083,17175,17176,17172,4,-4
2021-06-03 15:08:15.087,17175,17176,17172,2,-2
2021-06-03 15:08:15.087,17175,17176,17171,1,-1
2021-06-03 15:08:15.093,17175,17176,17171,2,-2
2021-06-03 15:08:15.101,17175,17176,17171,1,-1
2021-06-03 15:08:15.133,17175,17176,17171,1,-1
2021-06-03 15:08:15.133,17175,17176,17171,1,-1
2021-06-03 15:08:15.141,17175,17176,17171,1,-1
2021-06-03 15:08:15.182,17170,17173,17170,1,-1
2021-06-03 15:08:15.184,17170,17173,17170,1,-1
2021-06-03 15:08:15.232,17170,17173,17170,3,-3
2021-06-03 15:08:15.233,17170,17173,17170,1,-1
2021-06-03 15:08:15.244,17170,17173,17170,1,-1
2021-06-03 15:08:15.270,17170,17171,17170,3,-3
2021-06-03 15:08:15.277,17170,17171,17170,2,-2
2021-06-03 15:08:15.286,17170,17171,17169,1,-1
2021-06-03 15:08:15.293,17170,17171,17169,1,-1
2021-06-03 15:08:15.377,17170,17171,17169,1,-1
2021-06-03 15:08:15.390,17170,17171,17169,3,-3
2021-06-03 15:08:15.393,17169,17171,17169,1,-1
2021-06-03 15:08:15.400,17169,17171,17168,2,-2
2021-06-03 15:08:15.508,17169,17171,17168,2,-2
2021-06-03 15:08:15.508,17169,17171,17168,1,-1
2021-06-03 15:08:15.512,17169,17171,17168,3,-3
2021-06-03 15:08:15.512,17169,17171,17167,3,-3
2021-06-03 15:08:15.513,17169,17171,17167,1,-1
2021-06-03 15:08:15.516,17167,17169,17167,1,-1
2021-06-03 15:08:15.527,17167,17169,17167,1,-1
2021-06-03 15:08:15.527,17167,17169,17166,2,-2
2021-06-03 15:08:15.632,17167,17169,17168,5,5
2021-06-03 15:08:15.641,17168,17169,17169,1,1
2021-06-03 15:08:15.660,17168,17169,17170,2,2
2021-06-03 15:08:15.660,17168,17169,17171,1,1
2021-06-03 15:08:15.677,17168,17169,17168,3,-3
2021-06-03 15:08:15.711,17168,17169,17169,2,2
2021-06-03 15:08:15.740,17168,17169,17169,1,1
2021-06-03 15:08:15.811,17171,17173,17171,1,1
2021-06-03 15:08:15.966,17172,17174,17172,1,1
2021-06-03 15:08:15.997,17172,17174,17171,1,-1
2021-06-03 15:08:16.210,17172,17174,17172,2,2
2021-06-03 15:08:16.767,17176,17177,17177,1,1
2021-06-03 15:08:16.768,17176,17177,17177,1,1
2021-06-03 15:08:16.976,17176,17178,17176,1,-1
2021-06-03 15:08:17.071,17176,17178,17177,1,1
2021-06-03 15:08:17.074,17176,17178,17177,1,-1
2021-06-03 15:08:17.143,17177,17178,17177,1,-1
2021-06-03 15:08:17.144,17177,17178,17177,1,-1
2021-06-03 15:08:17.144,17177,17178,17176,1,-1
2021-06-03 15:08:17.149,17177,17178,17176,1,-1
2021-06-03 15:08:17.149,17177,17178,17175,1,-1
2021-06-03 15:08:17.151,17177,17178,17175,1,-1
2021-06-03 15:08:17.152,17177,17178,17175,1,-1
2021-06-03 15:08:17.227,17177,17178,17177,2,2
2021-06-03 15:08:17.424,17175,17178,17178,2,2
2021-06-03 15:08:18.495,17177,17179,17179,1,1
2021-06-03 15:08:18.711,17179,17180,17179,1,-1
2021-06-03 15:08:18.872,17178,17180,17180,1,1
2021-06-03 15:08:19.057,17179,17181,17179,2,-2
2021-06-03 15:08:20.056,17178,17180,17180,4,4
2021-06-03 15:08:21.476,17179,17180,17179,1,-1
2021-06-03 15:08:22.117,17178,17180,17178,2,-2
2021-06-03 15:08:22.369,17178,17179,17178,1,-1
2021-06-03 15:08:22.482,17177,17179,17179,1,1
2021-06-03 15:08:22.501,17177,17179,17177,1,-1
2021-06-03 15:08:22.823,17177,17179,17177,3,-3
2021-06-03 15:08:22.823,17177,17179,17176,1,-1
2021-06-03 15:08:23.113,17177,17179,17178,1,1
2021-06-03 15:08:23.967,17177,17179,17179,1,1
2021-06-03 15:08:24.625,17178,17179,17178,1,-1
2021-06-03 15:08:26.420,17177,17179,17177,2,-2
2021-06-03 15:08:29.452,17177,17178,17178,1,1
2021-06-03 15:08:29.520,17177,17178,17177,1,-1
2021-06-03 15:08:29.520,17177,17178,17177,1,-1
2021-06-03 15:08:29.520,17177,17178,17176,1,-1
2021-06-03 15:08:30.445,17177,17178,17178,2,2
2021-06-03 15:08:32.015,17178,17179,17179,1,1
2021-06-03 15:08:32.413,17178,17179,17179,5,5
2021-06-03 15:08:33.601,17178,17180,17178,1,-1
2021-06-03 15:08:35.414,17178,17179,17179,1,1
2021-06-03 15:08:35.499,17178,17179,17180,1,1
2021-06-03 15:08:35.499,17178,17179,17180,1,1
2021-06-03 15:08:35.499,17178,17179,17180,1,1
2021-06-03 15:08:35.499,17178,17179,17180,2,2
2021-06-03 15:08:36.190,17178,17180,17180,3,3
2021-06-03 15:08:36.190,17178,17180,17181,2,2
2021-06-03 15:08:37.548,17179,17180,17180,1,1
2021-06-03 15:08:37.643,17179,17181,17179,1,-1
2021-06-03 15:08:39.377,17179,17181,17181,1,1
2021-06-03 15:08:40.507,17179,17182,17180,1,-1
2021-06-03 15:08:41.442,17179,17181,17181,1,1
2021-06-03 15:08:41.449,17179,17181,17181,1,1
2021-06-03 15:08:42.762,17179,17181,17181,3,3
2021-06-03 15:08:44.868,17180,17181,17180,3,-3
2021-06-03 15:08:45.375,17179,17180,17180,2,2
2021-06-03 15:08:45.945,17179,17181,17181,5,5
2021-06-03 15:08:46.630,17180,17182,17181,1,-1
2021-06-03 15:08:47.244,17180,17182,17180,1,-1
2021-06-03 15:08:47.269,17180,17182,17180,1,-1
2021-06-03 15:08:48.527,17180,17182,17181,1,1
2021-06-03 15:08:49.142,17181,17182,17181,1,-1
2021-06-03 15:08:50.067,17180,17181,17181,1,1
2021-06-03 15:08:51.411,17181,17182,17181,1,-1
2021-06-03 15:08:52.266,17180,17181,17180,2,-2
2021-06-03 15:08:52.832,17179,17180,17180,1,1
2021-06-03 15:08:52.836,17179,17180,17180,2,2
2021-06-03 15:08:53.514,17179,17181,17181,1,1
2021-06-03 15:08:53.976,17180,17181,17180,1,-1
2021-06-03 15:08:54.377,17179,17181,17181,1,1
2021-06-03 15:08:55.695,17180,17181,17180,1,-1
2021-06-03 15:08:55.695,17180,17181,17179,1,-1
2021-06-03 15:09:02.474,17179,17180,17179,1,-1
2021-06-03 15:09:03.260,17179,17180,17179,1,-1
2021-06-03 15:09:05.057,17179,17180,17179,1,-1
2021-06-03 15:09:05.057,17179,17180,17179,1,-1
2021-06-03 15:09:05.239,17178,17179,17179,1,1
2021-06-03 15:09:06.061,17178,17179,17179,2,2
2021-06-03 15:09:06.740,17178,17180,17180,1,1
2021-06-03 15:09:06.829,17178,17180,17178,2,-2
2021-06-03 15:09:06.831,17178,17180,17178,3,-3
2021-06-03 15:09:06.831,17178,17180,17178,1,-1
2021-06-03 15:09:06.831,17178,17180,17178,1,-1
2021-06-03 15:09:06.831,17178,17180,17178,1,-1
2021-06-03 15:09:06.919,17178,17179,17178,1,-1
2021-06-03 15:09:08.172,17177,17179,17177,1,-1
2021-06-03 15:09:11.432,17177,17179,17177,1,-1
2021-06-03 15:09:11.655,17177,17179,17177,1,-1
2021-06-03 15:09:15.155,17177,17179,17177,1,-1
2021-06-03 15:09:15.729,17177,17179,17179,1,1
2021-06-03 15:09:16.635,17177,17179,17177,2,-2
2021-06-03 15:09:17.423,17177,17179,17179,2,2
2021-06-03 15:09:20.556,17178,17180,17180,1,1
2021-06-03 15:09:20.557,17178,17180,17180,2,2
2021-06-03 15:09:20.557,17178,17180,17180,2,2
2021-06-03 15:09:20.899,17179,17181,17179,3,-3
2021-06-03 15:09:24.320,17179,17181,17179,2,-2
2021-06-03 15:09:24.320,17179,17181,17178,5,-5
2021-06-03 15:09:25.023,17178,17181,17178,1,-1
2021-06-03 15:09:25.801,17178,17180,17179,1,1
2021-06-03 15:09:29.396,17179,17181,17181,1,1
2021-06-03 15:09:34.010,17180,17181,17180,1,-1
2021-06-03 15:09:34.245,17180,17181,17180,1,-1
2021-06-03 15:09:34.597,17179,17181,17179,1,-1
2021-06-03 15:09:35.036,17179,17180,17180,1,1
2021-06-03 15:09:39.066,17179,17180,17180,1,1
2021-06-03 15:09:43.034,17180,17181,17181,3,3
2021-06-03 15:09:44.724,17181,17182,17182,2,2
2021-06-03 15:09:44.725,17181,17182,17182,1,1
2021-06-03 15:09:46.357,17181,17182,17181,1,-1
2021-06-03 15:09:46.893,17181,17182,17182,1,1
2021-06-03 15:09:47.441,17181,17183,17181,2,-2
2021-06-03 15:09:50.367,17180,17182,17182,1,1
2021-06-03 15:09:51.543,17181,17182,17182,1,1
2021-06-03 15:09:51.711,17182,17183,17183,1,1
2021-06-03 15:09:51.880,17182,17183,17182,1,-1
2021-06-03 15:09:52.491,17181,17183,17181,3,-3
2021-06-03 15:09:54.648,17181,17183,17183,1,1
2021-06-03 15:09:55.389,17181,17183,17183,1,1
2021-06-03 15:09:56.311,17181,17183,17181,3,-3
2021-06-03 15:09:57.016,17182,17183,17182,1,1
2021-06-03 15:09:57.925,17181,17183,17183,1,1
2021-06-03 15:10:00.708,17182,17183,17183,1,1
2021-06-03 15:10:00.977,17182,17183,17182,1,-1
2021-06-03 15:10:01.122,17181,17183,17182,1,-1
2021-06-03 15:10:02.075,17181,17182,17181,1,-1
2021-06-03 15:10:02.277,17181,17182,17181,1,-1
2021-06-03 15:10:02.277,17181,17182,17181,2,-2
2021-06-03 15:10:03.423,17181,17182,17181,1,-1
2021-06-03 15:10:03.721,17180,17182,17180,1,-1
2021-06-03 15:10:09.601,17181,17182,17181,1,1
2021-06-03 15:10:16.012,17181,17182,17181,1,-1
2021-06-03 15:10:18.412,17181,17182,17182,1,1
2021-06-03 15:10:33.570,17181,17182,17182,3,3
2021-06-03 15:10:33.571,17181,17182,17182,1,1
2021-06-03 15:10:34.592,17182,17183,17183,20,20
2021-06-03 15:10:34.594,17182,17183,17184,1,1
2021-06-03 15:10:34.594,17182,17183,17184,4,4
2021-06-03 15:10:35.973,17183,17185,17183,1,-1
2021-06-03 15:10:37.121,17183,17185,17185,2,2
2021-06-03 15:10:37.383,17184,17185,17185,2,2
2021-06-03 15:10:38.179,17183,17185,17183,1,-1
2021-06-03 15:10:42.496,17183,17184,17184,1,1
2021-06-03 15:10:42.855,17183,17184,17184,1,1
2021-06-03 15:10:42.855,17183,17184,17184,2,2
2021-06-03 15:10:42.855,17183,17184,17184,1,1
2021-06-03 15:10:42.899,17184,17185,17185,1,1
2021-06-03 15:10:43.486,17183,17184,17183,1,-1
2021-06-03 15:10:43.776,17183,17184,17184,1,1
2021-06-03 15:10:48.494,17182,17184,17183,1,-1
2021-06-03 15:10:50.388,17182,17184,17184,1,1
2021-06-03 15:10:51.602,17182,17184,17184,1,1
2021-06-03 15:10:57.624,17183,17184,17184,1,1
2021-06-03 15:11:01.401,17184,17185,17185,2,2
2021-06-03 15:11:01.401,17184,17185,17185,1,1
2021-06-03 15:11:01.401,17184,17185,17185,5,5
2021-06-03 15:11:01.401,17184,17185,17185,29,29
2021-06-03 15:11:01.402,17184,17185,17186,1,1
2021-06-03 15:11:02.116,17184,17186,17184,1,-1
2021-06-03 15:11:02.131,17184,17186,17184,1,-1
2021-06-03 15:11:05.558,17184,17186,17186,1,1
2021-06-03 15:11:09.401,17184,17186,17186,1,1
2021-06-03 15:11:10.152,17184,17186,17185,1,-1
2021-06-03 15:11:10.618,17185,17186,17186,1,1
2021-06-03 15:11:11.458,17185,17186,17186,1,1
2021-06-03 15:11:11.481,17185,17186,17186,1,1
2021-06-03 15:11:11.643,17185,17187,17186,1,-1
2021-06-03 15:11:13.450,17185,17186,17185,2,-2
2021-06-03 15:11:13.768,17185,17186,17186,1,1
2021-06-03 15:11:13.942,17185,17186,17186,1,1
2021-06-03 15:11:15.185,17185,17186,17185,1,-1
2021-06-03 15:11:15.451,17184,17185,17185,1,1
2021-06-03 15:11:18.559,17184,17186,17186,1,1
2021-06-03 15:11:19.869,17184,17185,17185,1,1
2021-06-03 15:11:20.035,17184,17185,17185,1,1
2021-06-03 15:11:20.610,17184,17185,17185,1,1
2021-06-03 15:11:20.873,17184,17185,17185,1,1
2021-06-03 15:11:20.892,17184,17185,17184,1,-1
2021-06-03 15:11:20.892,17184,17185,17184,2,-2
2021-06-03 15:11:20.892,17184,17185,17184,1,-1
2021-06-03 15:11:21.634,17183,17185,17184,1,-1
2021-06-03 15:11:22.386,17183,17185,17183,1,-1
2021-06-03 15:11:23.105,17183,17185,17185,1,1
2021-06-03 15:11:26.737,17183,17185,17185,1,1
2021-06-03 15:11:26.738,17183,17185,17184,1,-1
2021-06-03 15:11:32.383,17184,17185,17185,1,1
2021-06-03 15:11:32.385,17184,17185,17185,1,1
2021-06-03 15:11:32.385,17184,17185,17185,1,1
2021-06-03 15:11:32.385,17184,17185,17185,1,1
2021-06-03 15:11:32.484,17184,17186,17186,5,5
2021-06-03 15:11:33.671,17185,17186,17185,1,-1
2021-06-03 15:11:33.748,17185,17186,17185,1,-1
2021-06-03 15:11:38.727,17185,17186,17185,3,-3
2021-06-03 15:11:41.069,17184,17185,17185,4,4
2021-06-03 15:11:51.265,17184,17185,17184,2,-2
2021-06-03 15:11:52.261,17184,17185,17185,6,6
2021-06-03 15:11:52.261,17184,17185,17185,1,1
2021-06-03 15:11:52.262,17184,17185,17185,1,1
2021-06-03 15:11:52.262,17184,17185,17185,2,2
2021-06-03 15:11:52.262,17184,17185,17185,1,1
2021-06-03 15:11:52.262,17184,17185,17185,1,1
2021-06-03 15:11:52.262,17184,17185,17185,1,1
2021-06-03 15:11:52.321,17185,17186,17186,2,2
2021-06-03 15:11:52.651,17185,17186,17185,1,-1
2021-06-03 15:11:52.967,17185,17186,17185,5,-5
2021-06-03 15:11:53.210,17184,17185,17185,1,1
2021-06-03 15:11:53.934,17184,17185,17185,1,1
2021-06-03 15:11:54.010,17184,17185,17185,1,1
2021-06-03 15:11:54.010,17184,17185,17185,2,2
2021-06-03 15:11:54.610,17184,17185,17185,1,1
2021-06-03 15:11:54.668,17184,17185,17185,1,1
2021-06-03 15:11:56.697,17185,17186,17185,4,-4
2021-06-03 15:11:56.697,17185,17186,17184,3,-3
2021-06-03 15:11:59.729,17185,17186,17185,1,1
2021-06-03 15:11:59.729,17185,17186,17184,1,-1
2021-06-03 15:12:00.358,17184,17186,17186,1,1
2021-06-03 15:12:02.378,17184,17185,17185,1,1
2021-06-03 15:12:02.585,17184,17186,17186,2,2
2021-06-03 15:12:03.914,17185,17186,17186,1,1
2021-06-03 15:12:05.490,17185,17186,17186,1,1
2021-06-03 15:12:08.207,17185,17186,17186,1,1
2021-06-03 15:12:08.848,17185,17186,17186,2,2
2021-06-03 15:12:10.501,17185,17186,17186,1,1
2021-06-03 15:12:11.866,17185,17186,17186,1,1
2021-06-03 15:12:13.463,17185,17186,17186,1,1
2021-06-03 15:12:13.762,17185,17186,17186,1,1
2021-06-03 15:12:14.145,17185,17186,17186,1,1
2021-06-03 15:12:15.266,17185,17186,17186,1,1
2021-06-03 15:12:15.467,17185,17186,17186,2,2
2021-06-03 15:12:15.600,17185,17187,17185,1,-1
2021-06-03 15:12:16.707,17185,17186,17186,1,1
2021-06-03 15:12:17.714,17185,17186,17186,1,1
2021-06-03 15:12:20.209,17186,17187,17187,1,1
2021-06-03 15:12:20.691,17186,17187,17187,3,3
2021-06-03 15:12:23.823,17186,17187,17187,1,1
2021-06-03 15:12:24.537,17186,17187,17186,1,-1
2021-06-03 15:12:24.988,17185,17187,17187,2,2
2021-06-03 15:12:26.411,17186,17187,17187,6,6
2021-06-03 15:12:27.934,17186,17187,17187,1,1
2021-06-03 15:12:28.498,17186,17187,17186,1,-1
2021-06-03 15:12:30.569,17186,17187,17187,2,2
2021-06-03 15:12:30.643,17187,17188,17187,1,-1
2021-06-03 15:12:30.649,17187,17188,17187,1,-1
2021-06-03 15:12:30.649,17187,17188,17187,1,-1
2021-06-03 15:12:30.649,17187,17188,17187,1,-1
2021-06-03 15:12:30.649,17187,17188,17187,1,-1
2021-06-03 15:12:30.785,17186,17187,17187,1,1
2021-06-03 15:12:32.504,17186,17187,17186,1,-1
2021-06-03 15:12:39.489,17186,17187,17187,2,2
2021-06-03 15:12:39.880,17186,17188,17188,2,2
2021-06-03 15:12:41.727,17187,17188,17188,1,1
2021-06-03 15:12:43.360,17187,17188,17188,1,1
2021-06-03 15:12:43.478,17187,17188,17188,1,1
2021-06-03 15:12:43.733,17187,17188,17188,1,1
2021-06-03 15:12:44.180,17187,17188,17188,1,1
2021-06-03 15:12:44.194,17187,17188,17188,1,1
2021-06-03 15:12:46.365,17187,17188,17188,1,1
2021-06-03 15:12:47.458,17187,17188,17188,1,1
2021-06-03 15:12:49.321,17188,17189,17188,1,-1
2021-06-03 15:12:49.324,17188,17189,17188,1,-1
2021-06-03 15:12:51.818,17188,17189,17188,2,-2
2021-06-03 15:12:52.211,17187,17188,17189,2,2
2021-06-03 15:12:52.876,17187,17189,17189,3,3
2021-06-03 15:12:53.421,17187,17189,17189,1,1
2021-06-03 15:12:54.042,17187,17189,17187,1,-1
2021-06-03 15:12:55.022,17187,17189,17189,3,3
2021-06-03 15:12:55.022,17187,17189,17190,2,2
2021-06-03 15:12:55.504,17188,17189,17188,1,-1
2021-06-03 15:12:57.590,17188,17189,17188,1,-1
2021-06-03 15:12:57.817,17188,17189,17189,2,2
2021-06-03 15:13:02.067,17188,17189,17188,1,-1
2021-06-03 15:13:02.964,17187,17189,17187,1,-1
2021-06-03 15:13:04.272,17187,17188,17188,2,2
2021-06-03 15:13:07.110,17188,17189,17188,1,-1
2021-06-03 15:13:07.313,17188,17189,17188,1,-1
2021-06-03 15:13:09.594,17188,17189,17188,1,-1
2021-06-03 15:13:14.448,17188,17189,17188,1,-1
2021-06-03 15:13:16.020,17187,17188,17188,1,1
2021-06-03 15:13:20.070,17187,17189,17189,1,1
2021-06-03 15:13:25.357,17188,17189,17189,1,1
2021-06-03 15:13:25.541,17188,17189,17189,1,1
2021-06-03 15:13:27.450,17188,17189,17188,1,-1
2021-06-03 15:13:29.060,17188,17189,17189,1,1
2021-06-03 15:13:32.451,17188,17189,17188,1,-1
2021-06-03 15:13:33.194,17188,17189,17188,1,-1
2021-06-03 15:13:36.009,17187,17189,17189,1,1
2021-06-03 15:13:36.816,17188,17189,17188,1,-1
2021-06-03 15:13:37.120,17187,17188,17188,3,3
2021-06-03 15:13:37.120,17187,17188,17188,1,1
2021-06-03 15:13:41.337,17187,17188,17187,1,-1
2021-06-03 15:13:41.337,17187,17188,17187,1,-1
2021-06-03 15:13:41.337,17187,17188,17187,1,-1
2021-06-03 15:13:41.337,17187,17188,17187,3,-3
2021-06-03 15:13:41.583,17186,17188,17188,1,1
2021-06-03 15:14:01.787,17187,17188,17187,1,-1
2021-06-03 15:14:05.329,17187,17188,17187,1,-1
2021-06-03 15:14:08.036,17186,17187,17187,4,4
2021-06-03 15:14:08.036,17186,17187,17187,1,1
2021-06-03 15:14:08.037,17186,17187,17187,1,1
2021-06-03 15:14:08.037,17186,17187,17187,1,1
2021-06-03 15:14:08.037,17186,17187,17187,1,1
2021-06-03 15:14:08.182,17187,17188,17188,3,3
2021-06-03 15:14:08.208,17187,17188,17188,1,1
2021-06-03 15:14:08.212,17187,17188,17189,2,2
2021-06-03 15:14:10.182,17188,17189,17189,1,1
2021-06-03 15:14:10.532,17188,17189,17188,1,-1
2021-06-03 15:14:18.880,17188,17189,17189,1,1
2021-06-03 15:14:19.558,17188,17189,17189,1,1
2021-06-03 15:14:21.430,17188,17189,17189,1,1
2021-06-03 15:14:21.573,17188,17189,17188,1,-1
2021-06-03 15:14:23.630,17188,17189,17189,1,1
2021-06-03 15:14:27.575,17189,17190,17190,1,1
2021-06-03 15:14:27.575,17189,17190,17190,3,3
2021-06-03 15:14:27.576,17189,17190,17190,3,3
2021-06-03 15:14:27.576,17189,17190,17190,3,3
2021-06-03 15:14:27.576,17189,17190,17190,5,5
2021-06-03 15:14:27.576,17189,17190,17190,6,6
2021-06-03 15:14:27.576,17189,17190,17190,1,1
2021-06-03 15:14:27.576,17189,17190,17190,2,2
2021-06-03 15:14:27.576,17189,17190,17190,2,2
2021-06-03 15:14:27.576,17189,17190,17190,1,1
2021-06-03 15:14:27.678,17190,17191,17191,1,1
2021-06-03 15:14:27.798,17190,17191,17191,1,1
2021-06-03 15:14:27.798,17190,17191,17191,2,2
2021-06-03 15:14:27.798,17190,17191,17192,1,1
2021-06-03 15:14:28.098,17190,17191,17190,1,-1
2021-06-03 15:14:28.098,17190,17191,17190,1,-1
2021-06-03 15:14:28.098,17190,17191,17190,1,-1
2021-06-03 15:14:28.098,17190,17191,17190,1,-1
2021-06-03 15:14:28.197,17189,17190,17190,1,1
2021-06-03 15:14:28.744,17189,17191,17191,1,1
2021-06-03 15:14:29.977,17190,17191,17191,1,1
2021-06-03 15:14:31.237,17190,17191,17191,1,1
2021-06-03 15:14:31.574,17190,17191,17191,1,1
2021-06-03 15:14:33.110,17190,17191,17191,1,1
2021-06-03 15:14:33.278,17190,17191,17190,4,-4
2021-06-03 15:14:33.304,17190,17191,17191,1,1
2021-06-03 15:14:34.721,17189,17191,17191,1,1
2021-06-03 15:14:37.465,17190,17191,17191,1,1
2021-06-03 15:14:38.217,17190,17191,17190,1,-1
2021-06-03 15:14:39.282,17189,17190,17189,1,-1
2021-06-03 15:14:39.567,17189,17190,17190,1,1
2021-06-03 15:14:40.886,17188,17189,17189,1,1
2021-06-03 15:14:41.226,17188,17190,17190,1,1
2021-06-03 15:14:41.714,17188,17190,17190,2,2
2021-06-03 15:14:41.827,17188,17190,17190,2,2
2021-06-03 15:14:42.122,17189,17190,17189,1,-1
2021-06-03 15:14:54.251,17189,17190,17190,2,2
2021-06-03 15:14:57.698,17189,17190,17190,1,1
2021-06-03 15:14:57.877,17189,17191,17190,1,-1
2021-06-03 15:15:00.619,17190,17191,17190,1,-1
2021-06-03 15:15:00.620,17190,17191,17190,2,-2
2021-06-03 15:15:00.620,17190,17191,17190,1,-1
2021-06-03 15:15:00.620,17190,17191,17190,4,-4
2021-06-03 15:15:00.807,17189,17190,17189,4,-4
2021-06-03 15:15:00.807,17189,17190,17188,4,-4
2021-06-03 15:15:00.822,17189,17190,17188,6,-6
2021-06-03 15:15:00.828,17189,17190,17188,7,-7
2021-06-03 15:15:00.828,17189,17190,17187,3,-3
2021-06-03 15:15:01.386,17187,17189,17189,1,1
2021-06-03 15:15:01.646,17187,17189,17189,2,2
2021-06-03 15:15:01.708,17187,17189,17189,4,4
2021-06-03 15:15:01.708,17187,17189,17190,2,2
2021-06-03 15:15:01.714,17187,17189,17189,2,2
2021-06-03 15:15:01.767,17188,17189,17189,2,2
2021-06-03 15:15:01.797,17188,17189,17189,1,1
2021-06-03 15:15:01.797,17188,17189,17190,1,1
2021-06-03 15:15:01.805,17188,17189,17188,1,-1
2021-06-03 15:15:01.826,17188,17189,17189,1,1
2021-06-03 15:15:03.332,17188,17189,17188,1,-1
2021-06-03 15:15:03.560,17187,17189,17187,3,-3
2021-06-03 15:15:03.731,17187,17188,17189,1,1
2021-06-03 15:15:04.802,17187,17190,17190,3,3
2021-06-03 15:15:04.802,17187,17190,17191,7,7
2021-06-03 15:15:07.578,17188,17189,17188,1,-1
2021-06-03 15:15:08.738,17187,17189,17187,1,-1
2021-06-03 15:15:17.556,17187,17189,17189,2,2
2021-06-03 15:15:21.200,17187,17188,17188,1,1
2021-06-03 15:15:26.722,17188,17189,17188,1,-1
2021-06-03 15:15:29.639,17187,17188,17188,1,1
2021-06-03 15:15:31.424,17187,17188,17187,1,-1
2021-06-03 15:15:31.424,17187,17188,17187,1,-1
2021-06-03 15:15:33.631,17186,17187,17187,1,1
2021-06-03 15:15:35.097,17187,17188,17187,1,-1
2021-06-03 15:15:35.434,17186,17187,17186,1,-1
2021-06-03 15:15:35.434,17186,17187,17186,2,-2
2021-06-03 15:15:35.435,17186,17187,17186,2,-2
2021-06-03 15:15:35.435,17186,17187,17186,1,-1
2021-06-03 15:15:35.435,17186,17187,17186,4,-4
2021-06-03 15:15:37.773,17186,17187,17186,1,-1
2021-06-03 15:15:44.339,17186,17187,17186,1,-1
2021-06-03 15:15:44.453,17185,17187,17185,2,-2
2021-06-03 15:15:44.454,17185,17187,17185,27,-27
2021-06-03 15:15:44.949,17184,17185,17185,1,1
2021-06-03 15:15:45.159,17184,17186,17186,1,1
2021-06-03 15:15:48.005,17185,17186,17185,1,-1
2021-06-03 15:15:48.767,17185,17186,17185,1,-1
2021-06-03 15:15:52.147,17184,17185,17184,5,-5
2021-06-03 15:15:52.149,17184,17185,17184,5,-5
2021-06-03 15:15:57.046,17184,17185,17184,1,-1
2021-06-03 15:15:57.806,17184,17185,17185,1,1
2021-06-03 15:15:57.821,17184,17185,17184,1,-1
2021-06-03 15:15:57.872,17184,17185,17184,1,-1
2021-06-03 15:15:58.112,17184,17185,17184,2,-2
2021-06-03 15:15:59.159,17184,17185,17185,1,1
2021-06-03 15:16:02.937,17184,17185,17184,1,-1
2021-06-03 15:16:07.190,17184,17185,17184,1,-1
2021-06-03 15:16:07.791,17184,17185,17184,2,-2
2021-06-03 15:16:09.504,17184,17185,17185,1,1
2021-06-03 15:16:09.504,17184,17185,17185,2,2
2021-06-03 15:16:09.504,17184,17185,17185,5,5
2021-06-03 15:16:09.518,17185,17186,17186,1,1
2021-06-03 15:16:14.337,17185,17186,17185,2,-2
2021-06-03 15:16:15.549,17185,17186,17185,2,-2
2021-06-03 15:16:16.816,17184,17185,17184,2,-2
2021-06-03 15:16:17.696,17184,17185,17184,2,-2
2021-06-03 15:16:17.953,17184,17185,17184,5,-5
2021-06-03 15:16:19.834,17183,17185,17185,1,1
2021-06-03 15:16:21.669,17183,17184,17183,2,-2
2021-06-03 15:16:24.772,17183,17184,17183,2,-2
2021-06-03 15:16:26.582,17183,17184,17183,6,-6
2021-06-03 15:16:27.245,17182,17183,17182,2,-2
2021-06-03 15:16:27.477,17182,17183,17182,1,-1
2021-06-03 15:16:31.085,17182,17183,17182,1,-1
2021-06-03 15:16:33.105,17181,17182,17182,1,1
2021-06-03 15:16:33.863,17182,17183,17182,1,-1
2021-06-03 15:16:33.989,17182,17183,17182,1,-1
2021-06-03 15:16:38.918,17181,17182,17181,3,-3
2021-06-03 15:16:40.698,17181,17182,17181,1,-1
2021-06-03 15:16:41.398,17181,17182,17182,1,1
2021-06-03 15:16:42.573,17181,17182,17181,5,-5
2021-06-03 15:16:44.048,17181,17182,17181,2,-2
2021-06-03 15:16:44.533,17181,17182,17181,1,-1
2021-06-03 15:16:45.628,17181,17182,17182,2,2
2021-06-03 15:16:46.270,17182,17183,17182,1,-1
2021-06-03 15:16:46.873,17181,17182,17182,1,1
2021-06-03 15:16:47.332,17182,17183,17182,2,-2
2021-06-03 15:16:47.490,17182,17183,17182,1,-1
2021-06-03 15:16:48.037,17182,17183,17182,1,-1
2021-06-03 15:16:48.054,17182,17183,17182,1,-1
2021-06-03 15:16:48.804,17182,17183,17182,2,-2
2021-06-03 15:16:49.424,17182,17183,17182,1,-1
2021-06-03 15:16:50.135,17181,17182,17181,5,-5
2021-06-03 15:16:51.877,17181,17182,17181,2,-2
2021-06-03 15:16:55.172,17181,17182,17182,4,4
2021-06-03 15:16:58.392,17182,17183,17182,1,-1
2021-06-03 15:17:00.328,17182,17183,17182,2,-2
2021-06-03 15:17:01.214,17181,17183,17182,2,-2
2021-06-03 15:17:02.032,17182,17183,17182,1,-1
2021-06-03 15:17:05.326,17181,17182,17182,1,1
2021-06-03 15:17:06.216,17181,17182,17182,1,1
2021-06-03 15:17:08.478,17182,17183,17182,2,-2
2021-06-03 15:17:09.664,17182,17183,17183,1,1
2021-06-03 15:17:15.061,17183,17184,17183,1,-1
2021-06-03 15:17:17.813,17183,17184,17184,1,1
2021-06-03 15:17:18.690,17184,17185,17184,1,-1
2021-06-03 15:17:20.593,17184,17185,17185,18,18
2021-06-03 15:17:20.593,17184,17185,17185,1,1
2021-06-03 15:17:20.593,17184,17185,17185,1,1
2021-06-03 15:17:20.593,17184,17185,17185,1,1
2021-06-03 15:17:26.505,17185,17186,17186,2,2
2021-06-03 15:17:28.372,17185,17187,17185,5,-5
2021-06-03 15:17:30.362,17185,17186,17186,1,1
2021-06-03 15:17:36.849,17185,17186,17186,1,1
2021-06-03 15:17:36.850,17185,17186,17186,2,2
2021-06-03 15:17:37.067,17186,17187,17187,1,1
2021-06-03 15:17:37.067,17186,17187,17187,1,1
2021-06-03 15:17:44.632,17186,17188,17186,1,-1
2021-06-03 15:17:49.444,17186,17187,17186,1,-1
2021-06-03 15:17:49.633,17186,17187,17187,1,1
2021-06-03 15:17:54.084,17185,17187,17187,1,1
2021-06-03 15:17:56.872,17185,17187,17187,1,1
2021-06-03 15:17:57.646,17186,17187,17186,1,-1
2021-06-03 15:18:00.294,17185,17186,17186,1,1
2021-06-03 15:18:01.087,17186,17187,17186,1,-1
2021-06-03 15:18:01.088,17186,17187,17186,1,-1
2021-06-03 15:18:01.863,17185,17186,17186,1,1
2021-06-03 15:18:01.863,17185,17186,17187,1,1
2021-06-03 15:18:04.290,17185,17186,17185,4,-4
2021-06-03 15:18:09.596,17184,17185,17184,1,-1
2021-06-03 15:18:22.162,17183,17186,17186,1,1
2021-06-03 15:18:22.856,17184,17186,17184,1,-1
2021-06-03 15:18:24.230,17183,17186,17183,1,-1
2021-06-03 15:18:29.283,17184,17185,17185,1,1
2021-06-03 15:18:32.833,17184,17186,17184,1,-1
2021-06-03 15:18:38.779,17184,17186,17184,2,-2
2021-06-03 15:18:47.493,17184,17185,17185,1,1
2021-06-03 15:18:52.941,17185,17186,17185,1,-1
2021-06-03 15:18:56.724,17185,17186,17186,5,5
2021-06-03 15:18:59.946,17186,17187,17187,1,1
2021-06-03 15:19:00.865,17185,17187,17187,1,1
2021-06-03 15:19:05.101,17185,17187,17187,2,2
2021-06-03 15:19:10.150,17185,17186,17186,1,1
2021-06-03 15:19:21.301,17185,17187,17185,1,-1
2021-06-03 15:19:23.910,17186,17187,17186,1,1
2021-06-03 15:19:24.141,17185,17186,17186,1,1
2021-06-03 15:19:40.000,17185,17186,17186,1,1
2021-06-03 15:19:40.636,17185,17186,17186,1,1
2021-06-03 15:19:42.470,17185,17186,17186,1,1
2021-06-03 15:19:45.185,17185,17186,17186,1,1
2021-06-03 15:19:47.015,17185,17186,17185,2,-2
2021-06-03 15:19:54.522,17184,17185,17184,1,-1
2021-06-03 15:20:01.762,17184,17185,17184,4,-4
2021-06-03 15:20:03.161,17183,17184,17183,1,-1
2021-06-03 15:20:03.161,17183,17184,17183,1,-1
2021-06-03 15:20:08.092,17182,17184,17184,1,1
2021-06-03 15:20:10.393,17183,17184,17183,1,-1
2021-06-03 15:20:13.558,17182,17184,17182,1,-1
2021-06-03 15:20:18.833,17182,17183,17182,1,-1
2021-06-03 15:20:23.566,17182,17183,17182,1,-1
2021-06-03 15:20:23.566,17182,17183,17182,2,-2
2021-06-03 15:20:24.949,17181,17182,17182,1,1
2021-06-03 15:20:34.082,17181,17182,17182,1,1
2021-06-03 15:20:35.080,17181,17182,17182,1,1
2021-06-03 15:20:41.467,17182,17183,17182,1,-1
2021-06-03 15:20:42.012,17182,17183,17183,3,3
2021-06-03 15:20:46.760,17184,17185,17184,1,1
2021-06-03 15:20:46.760,17184,17185,17183,4,-4
2021-06-03 15:20:46.760,17184,17185,17182,5,-5
2021-06-03 15:20:57.267,17183,17184,17184,1,1
2021-06-03 15:21:04.064,17183,17185,17184,1,-1
2021-06-03 15:21:07.194,17183,17184,17184,6,6
2021-06-03 15:21:07.733,17183,17185,17185,5,5
2021-06-03 15:21:19.641,17184,17186,17184,1,-1
2021-06-03 15:21:24.421,17184,17186,17184,1,-1
2021-06-03 15:21:31.202,17185,17186,17186,1,1
2021-06-03 15:21:31.202,17185,17186,17186,1,1
2021-06-03 15:21:35.102,17186,17187,17186,2,-2
2021-06-03 15:21:35.143,17185,17187,17185,1,-1
2021-06-03 15:21:36.767,17185,17186,17186,1,1
2021-06-03 15:21:57.960,17185,17186,17186,1,1
2021-06-03 15:22:05.023,17185,17186,17185,3,-3
2021-06-03 15:22:12.984,17184,17185,17185,2,2
2021-06-03 15:22:13.813,17184,17185,17184,1,-1
2021-06-03 15:22:13.814,17184,17185,17184,1,-1
2021-06-03 15:22:13.814,17184,17185,17184,1,-1
2021-06-03 15:22:13.814,17184,17185,17184,5,-5
2021-06-03 15:22:13.947,17183,17184,17184,1,1
2021-06-03 15:22:19.949,17183,17184,17184,1,1
2021-06-03 15:22:33.831,17183,17184,17184,2,2
2021-06-03 15:22:41.565,17183,17184,17184,5,5
2021-06-03 15:22:44.008,17183,17184,17183,1,-1
2021-06-03 15:22:49.625,17184,17185,17184,1,1
2021-06-03 15:22:53.011,17184,17185,17184,2,-2
2021-06-03 15:23:07.317,17183,17184,17183,7,-7
2021-06-03 15:23:07.317,17183,17184,17183,5,-5
2021-06-03 15:23:28.872,17182,17183,17182,1,-1
2021-06-03 15:23:30.443,17182,17183,17183,1,1
2021-06-03 15:23:31.093,17182,17183,17183,1,1
2021-06-03 15:23:31.093,17182,17183,17184,1,1
2021-06-03 15:23:33.225,17182,17183,17183,1,1
2021-06-03 15:23:42.459,17182,17183,17183,1,1
2021-06-03 15:23:52.880,17183,17184,17184,1,1
2021-06-03 15:23:53.876,17184,17185,17184,1,-1
2021-06-03 15:24:00.501,17183,17184,17184,3,3
2021-06-03 15:24:01.424,17183,17185,17183,2,-2
2021-06-03 15:24:01.751,17183,17185,17185,4,4
2021-06-03 15:24:01.841,17183,17185,17185,2,2
2021-06-03 15:24:01.841,17183,17185,17186,3,3
2021-06-03 15:24:02.304,17183,17185,17183,1,-1
2021-06-03 15:24:02.305,17183,17185,17183,1,-1
2021-06-03 15:24:02.867,17183,17185,17185,1,1
2021-06-03 15:24:04.682,17183,17186,17186,1,1
2021-06-03 15:24:13.005,17185,17186,17186,1,1
2021-06-03 15:24:14.123,17185,17186,17185,1,-1
2021-06-03 15:24:15.417,17184,17186,17185,2,-2
2021-06-03 15:24:18.937,17184,17186,17184,1,-1
2021-06-03 15:24:18.939,17184,17186,17185,2,2
2021-06-03 15:24:28.398,17185,17186,17185,1,-1
2021-06-03 15:24:28.761,17184,17185,17185,1,1
2021-06-03 15:24:37.271,17184,17185,17185,1,1
2021-06-03 15:25:16.961,17185,17186,17186,1,1
2021-06-03 15:25:20.674,17185,17186,17186,1,1
2021-06-03 15:25:30.763,17185,17186,17186,1,1
2021-06-03 15:25:30.781,17185,17186,17186,2,2
2021-06-03 15:25:35.868,17186,17187,17186,1,-1
2021-06-03 15:25:36.267,17186,17187,17187,6,6
2021-06-03 15:25:43.644,17187,17188,17187,1,-1
2021-06-03 15:25:43.767,17186,17187,17187,4,4
2021-06-03 15:25:44.702,17186,17188,17188,1,1
2021-06-03 15:25:48.892,17187,17188,17188,6,6
2021-06-03 15:25:48.892,17187,17188,17188,7,7
2021-06-03 15:25:54.231,17188,17189,17189,1,1
2021-06-03 15:25:59.868,17188,17189,17189,1,1
2021-06-03 15:26:03.714,17188,17189,17189,1,1
2021-06-03 15:26:04.131,17188,17189,17189,3,3
2021-06-03 15:26:04.132,17188,17189,17189,1,1
2021-06-03 15:26:04.132,17188,17189,17189,1,1
2021-06-03 15:26:04.821,17188,17189,17188,5,-5
2021-06-03 15:26:05.560,17187,17188,17188,1,1
2021-06-03 15:26:10.104,17187,17188,17188,1,1
2021-06-03 15:26:14.457,17187,17188,17187,1,-1
2021-06-03 15:26:15.361,17186,17187,17187,1,1
2021-06-03 15:26:19.681,17186,17187,17187,1,1
2021-06-03 15:26:23.953,17187,17188,17188,9,9
2021-06-03 15:26:23.953,17187,17188,17188,2,2
2021-06-03 15:26:24.328,17188,17189,17188,1,-1
2021-06-03 15:26:30.206,17188,17189,17189,1,1
2021-06-03 15:26:33.480,17188,17189,17189,1,1
2021-06-03 15:26:33.481,17188,17189,17189,2,2
2021-06-03 15:26:39.420,17188,17189,17189,1,1
2021-06-03 15:26:43.614,17189,17190,17189,2,-2
2021-06-03 15:26:49.948,17188,17189,17189,3,3
2021-06-03 15:26:49.948,17188,17189,17190,2,2
2021-06-03 15:26:53.724,17188,17189,17189,1,1
2021-06-03 15:27:03.642,17189,17190,17190,7,7
2021-06-03 15:27:03.642,17189,17190,17190,2,2
2021-06-03 15:27:04.081,17189,17190,17189,1,-1
2021-06-03 15:27:04.151,17189,17190,17189,1,-1
2021-06-03 15:27:04.309,17189,17190,17189,1,-1
2021-06-03 15:27:04.346,17189,17190,17189,2,-2
2021-06-03 15:27:07.415,17189,17190,17189,2,-2
2021-06-03 15:27:07.499,17189,17190,17189,1,-1
2021-06-03 15:27:07.892,17188,17189,17189,1,1
2021-06-03 15:27:11.034,17188,17189,17189,1,1
2021-06-03 15:27:19.236,17188,17189,17189,1,1
2021-06-03 15:27:31.322,17189,17190,17189,1,-1
2021-06-03 15:27:33.862,17189,17190,17190,4,4
2021-06-03 15:27:33.866,17189,17190,17190,2,2
2021-06-03 15:27:33.866,17189,17190,17190,1,1
2021-06-03 15:27:33.866,17189,17190,17190,4,4
2021-06-03 15:27:38.971,17189,17190,17190,1,1
2021-06-03 15:27:40.515,17189,17190,17189,1,-1
2021-06-03 15:27:43.248,17189,17190,17189,1,-1
2021-06-03 15:27:46.284,17189,17190,17190,3,3
2021-06-03 15:27:48.032,17190,17191,17190,1,-1
2021-06-03 15:27:52.110,17189,17190,17189,1,-1
2021-06-03 15:27:54.547,17189,17190,17190,1,1
2021-06-03 15:28:08.278,17189,17190,17189,1,-1
2021-06-03 15:28:08.703,17189,17190,17189,3,-3
2021-06-03 15:28:16.229,17189,17190,17190,1,1
2021-06-03 15:28:23.182,17189,17190,17189,1,-1
2021-06-03 15:28:32.604,17189,17190,17189,1,-1
2021-06-03 15:28:33.900,17189,17190,17189,1,-1
2021-06-03 15:28:35.200,17189,17190,17190,2,2
2021-06-03 15:28:44.034,17189,17190,17190,1,1
2021-06-03 15:28:46.083,17189,17190,17190,1,1
2021-06-03 15:28:46.083,17189,17190,17190,1,1
2021-06-03 15:28:46.083,17189,17190,17190,3,3
2021-06-03 15:28:46.083,17189,17190,17190,4,4
2021-06-03 15:28:46.083,17189,17190,17190,1,1
2021-06-03 15:28:46.083,17189,17190,17190,2,2
2021-06-03 15:28:46.083,17189,17190,17190,1,1
2021-06-03 15:28:47.355,17190,17191,17190,1,-1
2021-06-03 15:28:50.460,17190,17191,17190,1,-1
2021-06-03 15:28:52.973,17190,17191,17191,1,1
2021-06-03 15:28:54.163,17190,17191,17190,1,-1
2021-06-03 15:28:55.186,17190,17191,17191,9,9
2021-06-03 15:29:00.411,17191,17192,17192,4,4
2021-06-03 15:29:00.412,17191,17192,17192,3,3
2021-06-03 15:29:00.725,17192,17193,17192,1,-1
2021-06-03 15:29:04.208,17191,17192,17192,3,3
2021-06-03 15:29:04.786,17192,17193,17193,1,1
2021-06-03 15:29:04.873,17192,17193,17193,5,5
2021-06-03 15:29:04.873,17192,17193,17194,2,2
2021-06-03 15:29:05.076,17193,17194,17194,1,1
2021-06-03 15:29:05.396,17193,17194,17193,1,-1
2021-06-03 15:29:05.904,17192,17194,17194,3,3
2021-06-03 15:29:06.903,17192,17194,17194,2,2
2021-06-03 15:29:07.541,17193,17194,17194,1,1
2021-06-03 15:29:08.373,17193,17194,17193,1,-1
2021-06-03 15:29:11.142,17193,17194,17193,2,-2
2021-06-03 15:29:12.142,17193,17194,17193,2,-2
2021-06-03 15:29:14.017,17193,17194,17193,1,-1
2021-06-03 15:29:16.767,17193,17194,17193,1,-1
2021-06-03 15:29:19.267,17193,17194,17193,1,-1
2021-06-03 15:29:20.767,17192,17193,17192,8,-8
2021-06-03 15:29:21.892,17191,17192,17191,2,-2
2021-06-03 15:29:24.559,17190,17192,17192,3,3
2021-06-03 15:29:25.364,17190,17192,17192,1,1
2021-06-03 15:29:25.672,17190,17192,17192,5,5
2021-06-03 15:29:30.620,17191,17193,17193,2,2
2021-06-03 15:29:32.405,17191,17192,17192,1,1
2021-06-03 15:29:33.922,17191,17192,17192,1,1
2021-06-03 15:29:56.334,17192,17193,17193,1,1
2021-06-03 15:30:01.068,17192,17193,17192,1,-1
2021-06-03 15:30:01.068,17192,17193,17192,1,-1
2021-06-03 15:30:01.562,17192,17193,17192,1,-1
2021-06-03 15:30:01.563,17192,17193,17192,12,-12
2021-06-03 15:30:01.563,17192,17193,17192,1,-1
2021-06-03 15:30:01.672,17191,17192,17191,2,-2
2021-06-03 15:30:01.923,17191,17192,17192,1,1
2021-06-03 15:30:02.300,17191,17192,17191,1,-1
2021-06-03 15:30:02.300,17191,17192,17191,1,-1
2021-06-03 15:30:02.300,17191,17192,17191,1,-1
2021-06-03 15:30:03.082,17191,17192,17191,1,-1
2021-06-03 15:30:04.465,17191,17192,17192,2,2
2021-06-03 15:30:06.840,17191,17192,17191,8,-8
2021-06-03 15:30:08.015,17190,17191,17191,1,1
2021-06-03 15:30:08.681,17190,17192,17192,3,3
2021-06-03 15:30:09.690,17190,17192,17192,1,1
2021-06-03 15:30:11.744,17190,17191,17190,1,-1
2021-06-03 15:30:12.442,17190,17191,17191,3,3
2021-06-03 15:30:16.283,17190,17191,17191,1,1
2021-06-03 15:30:17.915,17191,17192,17191,1,-1
2021-06-03 15:30:18.324,17190,17192,17190,11,-11
2021-06-03 15:30:18.325,17190,17192,17190,14,-14
2021-06-03 15:30:19.217,17190,17192,17191,1,1
2021-06-03 15:30:23.270,17190,17191,17190,3,-3
2021-06-03 15:30:26.427,17189,17190,17190,1,1
2021-06-03 15:30:26.427,17189,17190,17190,1,1
2021-06-03 15:30:26.428,17189,17190,17190,10,10
2021-06-03 15:30:26.428,17189,17190,17190,1,1
2021-06-03 15:30:26.428,17189,17190,17190,4,4
2021-06-03 15:30:26.428,17189,17190,17190,5,5
2021-06-03 15:30:28.652,17190,17191,17190,1,-1
2021-06-03 15:30:28.652,17190,17191,17189,12,-12
2021-06-03 15:30:28.653,17190,17191,17189,1,-1
2021-06-03 15:30:28.653,17190,17191,17189,2,-2
2021-06-03 15:30:28.653,17190,17191,17189,10,-10
2021-06-03 15:30:29.205,17189,17190,17190,1,1
2021-06-03 15:30:31.676,17189,17191,17191,1,1
2021-06-03 15:30:35.910,17189,17190,17189,1,-1
2021-06-03 15:30:37.545,17188,17190,17188,1,-1
2021-06-03 15:30:37.819,17188,17190,17188,1,-1
2021-06-03 15:30:41.061,17188,17189,17188,1,-1
2021-06-03 15:30:41.317,17188,17189,17188,2,-2
2021-06-03 15:30:41.317,17188,17189,17188,1,-1
2021-06-03 15:30:41.317,17188,17189,17188,3,-3
2021-06-03 15:30:41.317,17188,17189,17188,3,-3
2021-06-03 15:30:43.966,17188,17189,17188,1,-1
2021-06-03 15:30:47.990,17187,17188,17187,2,-2
2021-06-03 15:30:49.433,17187,17188,17187,2,-2
2021-06-03 15:30:49.698,17187,17188,17187,1,-1
2021-06-03 15:30:51.591,17187,17188,17187,1,-1
2021-06-03 15:30:51.591,17187,17188,17187,1,-1
2021-06-03 15:30:53.006,17186,17187,17187,2,2
2021-06-03 15:30:58.712,17186,17187,17186,1,-1
2021-06-03 15:30:58.900,17186,17187,17186,1,-1
2021-06-03 15:31:00.157,17186,17187,17186,1,-1
2021-06-03 15:31:04.130,17186,17187,17187,7,7
2021-06-03 15:31:04.144,17187,17188,17188,1,1
2021-06-03 15:31:04.281,17187,17188,17187,1,-1
2021-06-03 15:31:14.378,17187,17188,17187,1,-1
2021-06-03 15:31:16.768,17187,17188,17187,1,-1
2021-06-03 15:31:16.893,17186,17188,17188,1,1
2021-06-03 15:31:22.789,17187,17188,17187,1,-1
2021-06-03 15:31:22.893,17186,17187,17187,1,1
2021-06-03 15:31:22.895,17186,17187,17187,1,1
2021-06-03 15:31:24.222,17186,17187,17187,1,1
2021-06-03 15:31:31.816,17186,17187,17186,1,-1
2021-06-03 15:31:34.213,17186,17187,17186,1,-1
2021-06-03 15:31:34.269,17186,17187,17187,1,1
2021-06-03 15:31:35.925,17186,17187,17187,1,1
2021-06-03 15:31:35.925,17186,17187,17187,1,1
2021-06-03 15:31:42.444,17186,17187,17187,1,1
2021-06-03 15:31:56.111,17187,17188,17187,2,-2
2021-06-03 15:31:56.146,17186,17187,17187,1,1
2021-06-03 15:31:56.146,17186,17187,17187,1,1
2021-06-03 15:31:56.146,17186,17187,17188,1,1
2021-06-03 15:31:56.757,17187,17188,17188,1,1
2021-06-03 15:32:01.765,17186,17187,17186,1,-1
2021-06-03 15:32:01.765,17186,17187,17186,1,-1
2021-06-03 15:32:01.765,17186,17187,17186,1,-1
2021-06-03 15:32:01.765,17186,17187,17186,1,-1
2021-06-03 15:32:06.305,17185,17186,17185,4,-4
2021-06-03 15:32:06.307,17185,17186,17185,1,-1
2021-06-03 15:32:13.341,17184,17186,17184,1,-1
2021-06-03 15:32:15.758,17184,17185,17185,1,1
2021-06-03 15:32:43.146,17184,17185,17184,4,-4
2021-06-03 15:32:44.032,17184,17185,17185,1,1
2021-06-03 15:32:47.209,17184,17185,17185,1,1
2021-06-03 15:32:48.607,17184,17185,17185,1,1
2021-06-03 15:33:10.690,17184,17185,17185,5,5
2021-06-03 15:33:11.184,17184,17185,17184,2,-2
2021-06-03 15:33:23.912,17184,17185,17185,5,5
2021-06-03 15:33:30.310,17184,17185,17184,1,-1
2021-06-03 15:33:30.494,17184,17185,17185,3,3
2021-06-03 15:33:30.495,17184,17185,17185,5,5
2021-06-03 15:33:38.881,17185,17186,17186,1,1
2021-06-03 15:33:38.882,17185,17186,17186,4,4
2021-06-03 15:33:38.882,17185,17186,17186,2,2
2021-06-03 15:33:38.882,17185,17186,17186,5,5
2021-06-03 15:33:38.882,17185,17186,17186,3,3
2021-06-03 15:33:38.920,17186,17187,17186,1,-1
2021-06-03 15:33:43.373,17186,17187,17187,2,2
2021-06-03 15:33:49.693,17186,17187,17187,2,2
2021-06-03 15:33:52.908,17186,17187,17187,1,1
2021-06-03 15:34:10.399,17186,17187,17186,1,-1
2021-06-03 15:34:10.399,17186,17187,17186,2,-2
2021-06-03 15:34:16.808,17185,17186,17186,1,1
2021-06-03 15:34:26.785,17185,17186,17186,1,1
2021-06-03 15:34:42.880,17185,17187,17185,1,-1
2021-06-03 15:34:56.189,17185,17186,17186,1,1
2021-06-03 15:35:04.065,17186,17187,17186,1,-1
2021-06-03 15:35:08.974,17186,17187,17187,2,2
2021-06-03 15:35:30.781,17187,17188,17187,1,-1
2021-06-03 15:35:34.791,17186,17188,17188,2,2
2021-06-03 15:35:42.555,17187,17188,17187,1,-1
2021-06-03 15:35:42.729,17186,17187,17187,1,1
2021-06-03 15:35:43.062,17186,17187,17187,1,1
2021-06-03 15:35:43.612,17186,17187,17187,1,1
2021-06-03 15:35:44.110,17186,17187,17187,3,3
2021-06-03 15:35:54.885,17187,17188,17188,2,2
2021-06-03 15:35:57.649,17187,17188,17188,1,1
2021-06-03 15:35:57.649,17187,17188,17188,1,1
2021-06-03 15:35:57.649,17187,17188,17188,1,1
2021-06-03 15:35:57.649,17187,17188,17188,7,7
2021-06-03 15:35:57.649,17187,17188,17188,1,1
2021-06-03 15:35:57.649,17187,17188,17188,8,8
2021-06-03 15:36:16.789,17188,17189,17188,3,-3
2021-06-03 15:36:31.365,17188,17189,17189,1,1
2021-06-03 15:36:34.392,17188,17189,17189,17,17
2021-06-03 15:36:34.392,17188,17189,17189,11,11
2021-06-03 15:36:34.976,17189,17190,17189,2,-2
2021-06-03 15:36:45.906,17189,17190,17190,5,5
2021-06-03 15:36:46.049,17189,17190,17190,1,1
2021-06-03 15:36:51.765,17189,17190,17189,3,-3
2021-06-03 15:36:55.614,17188,17189,17189,3,3
2021-06-03 15:36:57.612,17188,17189,17188,4,-4
2021-06-03 15:37:15.622,17187,17188,17187,2,-2
2021-06-03 15:37:15.622,17187,17188,17187,2,-2
2021-06-03 15:37:18.410,17186,17187,17187,1,1
2021-06-03 15:37:30.193,17186,17187,17187,2,2
2021-06-03 15:37:44.671,17186,17187,17186,3,-3
2021-06-03 15:37:46.302,17185,17187,17187,1,1
2021-06-03 15:37:46.911,17185,17187,17187,2,2
2021-06-03 15:37:56.067,17185,17187,17187,1,1
2021-06-03 15:38:11.854,17185,17187,17187,1,1
2021-06-03 15:38:20.493,17186,17187,17186,4,-4
2021-06-03 15:38:24.548,17186,17187,17187,1,1
2021-06-03 15:38:28.892,17186,17187,17186,2,-2
2021-06-03 15:38:31.142,17186,17187,17186,1,-1
2021-06-03 15:38:36.497,17185,17186,17185,1,-1
2021-06-03 15:38:36.517,17185,17186,17185,14,-14
2021-06-03 15:38:36.664,17184,17185,17185,1,1
2021-06-03 15:38:41.182,17184,17186,17186,1,1
2021-06-03 15:39:03.625,17184,17185,17185,1,1
2021-06-03 15:39:06.336,17184,17185,17185,1,1
2021-06-03 15:39:18.326,17184,17185,17184,3,-3
2021-06-03 15:39:28.010,17184,17185,17184,1,-1
2021-06-03 15:39:32.064,17184,17185,17185,2,2
2021-06-03 15:39:32.065,17184,17185,17185,1,1
2021-06-03 15:39:32.065,17184,17185,17185,1,1
2021-06-03 15:39:32.065,17184,17185,17185,2,2
2021-06-03 15:39:36.289,17185,17186,17185,1,-1
2021-06-03 15:39:42.135,17185,17186,17185,1,-1
2021-06-03 15:39:48.352,17185,17186,17185,1,-1
2021-06-03 15:39:50.048,17185,17186,17185,1,-1
2021-06-03 15:39:57.610,17185,17186,17185,1,-1
2021-06-03 15:40:00.200,17185,17186,17185,2,-2
2021-06-03 15:40:07.124,17184,17185,17185,2,2
2021-06-03 15:40:07.595,17184,17186,17184,1,-1
2021-06-03 15:40:07.628,17184,17186,17183,2,-2
2021-06-03 15:40:10.954,17183,17184,17183,1,-1
2021-06-03 15:40:11.053,17183,17184,17183,8,-8
2021-06-03 15:40:11.053,17183,17184,17183,1,-1
2021-06-03 15:40:11.053,17183,17184,17183,1,-1
2021-06-03 15:40:11.517,17182,17183,17182,1,-1
2021-06-03 15:40:11.711,17182,17183,17183,3,3
2021-06-03 15:40:11.910,17182,17184,17182,2,-2
2021-06-03 15:40:14.872,17182,17183,17183,1,1
2021-06-03 15:40:16.180,17183,17184,17183,1,-1
2021-06-03 15:40:16.180,17183,17184,17183,1,-1
2021-06-03 15:40:20.670,17182,17183,17183,1,1
2021-06-03 15:40:24.186,17183,17184,17183,1,-1
2021-06-03 15:40:24.905,17182,17183,17182,2,-2
2021-06-03 15:40:24.905,17182,17183,17182,12,-12
2021-06-03 15:40:24.906,17182,17183,17182,1,-1
2021-06-03 15:40:24.906,17182,17183,17182,1,-1
2021-06-03 15:40:24.906,17182,17183,17182,1,-1
2021-06-03 15:40:24.906,17182,17183,17182,9,-9
2021-06-03 15:40:24.906,17182,17183,17182,2,-2
2021-06-03 15:40:25.493,17181,17182,17182,1,1
2021-06-03 15:40:27.826,17181,17182,17181,1,-1
2021-06-03 15:40:28.551,17181,17182,17181,4,-4
2021-06-03 15:40:28.562,17181,17182,17181,1,-1
2021-06-03 15:40:28.563,17181,17182,17181,5,-5
2021-06-03 15:40:28.976,17181,17182,17182,1,1
2021-06-03 15:40:30.181,17181,17182,17181,2,-2
2021-06-03 15:40:30.181,17181,17182,17181,2,-2
2021-06-03 15:40:30.181,17181,17182,17181,4,-4
2021-06-03 15:40:30.181,17181,17182,17181,1,-1
2021-06-03 15:40:30.917,17180,17181,17180,2,-2
2021-06-03 15:40:30.931,17180,17181,17180,2,-2
2021-06-03 15:40:30.931,17180,17181,17180,5,-5
2021-06-03 15:40:30.931,17180,17181,17180,9,-9
2021-06-03 15:40:31.158,17179,17180,17179,3,-3
2021-06-03 15:40:31.274,17178,17180,17178,3,-3
2021-06-03 15:40:31.385,17178,17180,17178,2,-2
2021-06-03 15:40:31.420,17178,17180,17178,6,-6
2021-06-03 15:40:35.714,17178,17180,17178,1,-1
2021-06-03 15:40:37.396,17178,17180,17178,3,-3
2021-06-03 15:40:41.715,17179,17180,17179,1,1
2021-06-03 15:40:42.965,17178,17179,17179,1,1
2021-06-03 15:40:44.510,17178,17179,17179,5,5
2021-06-03 15:40:44.512,17178,17179,17180,1,1
2021-06-03 15:40:44.512,17178,17179,17180,1,1
2021-06-03 15:40:44.512,17178,17179,17180,1,1
2021-06-03 15:40:44.513,17178,17179,17180,1,1
2021-06-03 15:40:44.846,17180,17181,17180,1,-1
2021-06-03 15:40:47.751,17180,17181,17180,1,-1
2021-06-03 15:40:48.646,17180,17181,17180,1,-1
2021-06-03 15:40:52.956,17180,17181,17180,2,-2
2021-06-03 15:40:53.418,17180,17181,17180,4,-4
2021-06-03 15:40:55.892,17179,17180,17180,1,1
2021-06-03 15:40:55.892,17179,17180,17180,5,5
2021-06-03 15:40:55.892,17179,17180,17180,1,1
2021-06-03 15:40:57.672,17179,17181,17180,5,-5
2021-06-03 15:40:58.345,17180,17181,17180,1,-1
2021-06-03 15:40:58.345,17180,17181,17179,1,-1
2021-06-03 15:40:58.442,17179,17181,17179,1,-1
2021-06-03 15:40:58.743,17179,17181,17180,1,1
2021-06-03 15:41:03.523,17180,17181,17180,1,-1
2021-06-03 15:41:03.608,17180,17181,17180,2,-2
2021-06-03 15:41:05.585,17180,17181,17180,1,-1
2021-06-03 15:41:05.677,17180,17181,17180,1,-1
2021-06-03 15:41:07.185,17180,17181,17180,10,-10
2021-06-03 15:41:09.445,17179,17180,17180,1,1
2021-06-03 15:41:13.028,17179,17180,17180,1,1
2021-06-03 15:41:13.983,17179,17180,17179,2,-2
2021-06-03 15:41:17.239,17179,17180,17179,1,-1
2021-06-03 15:41:17.696,17179,17180,17179,3,-3
2021-06-03 15:41:18.583,17179,17180,17179,1,-1
2021-06-03 15:41:19.624,17179,17180,17179,2,-2
2021-06-03 15:41:20.657,17178,17179,17179,1,1
2021-06-03 15:41:20.659,17178,17179,17179,3,3
2021-06-03 15:41:21.603,17179,17180,17180,2,2
2021-06-03 15:41:21.604,17179,17180,17180,5,5
2021-06-03 15:41:21.604,17179,17180,17180,2,2
2021-06-03 15:41:22.062,17180,17181,17181,1,1
2021-06-03 15:41:22.062,17180,17181,17181,1,1
2021-06-03 15:41:22.396,17181,17182,17181,1,-1
2021-06-03 15:41:23.967,17180,17182,17180,1,-1
2021-06-03 15:41:30.679,17181,17182,17181,1,1
2021-06-03 15:41:32.938,17180,17181,17180,1,-1
2021-06-03 15:41:33.247,17180,17181,17180,1,-1
2021-06-03 15:41:34.840,17180,17181,17180,1,-1
2021-06-03 15:41:35.934,17179,17180,17180,1,1
2021-06-03 15:41:39.997,17179,17180,17180,1,1
2021-06-03 15:41:40.546,17179,17180,17180,1,1
2021-06-03 15:41:40.882,17180,17181,17180,1,-1
2021-06-03 15:41:43.472,17180,17181,17180,1,-1
2021-06-03 15:41:44.568,17180,17181,17181,1,1
2021-06-03 15:41:50.178,17180,17181,17180,1,-1
2021-06-03 15:41:51.655,17180,17181,17181,1,1
2021-06-03 15:41:58.934,17180,17181,17180,1,-1
2021-06-03 15:42:01.897,17180,17181,17180,1,-1
2021-06-03 15:42:03.027,17180,17181,17180,3,-3
2021-06-03 15:42:08.813,17179,17180,17180,1,1
2021-06-03 15:42:11.909,17179,17180,17179,1,-1
2021-06-03 15:42:12.765,17179,17180,17180,1,1
2021-06-03 15:42:12.765,17179,17180,17180,13,13
2021-06-03 15:42:14.307,17180,17181,17180,5,-5
2021-06-03 15:42:15.010,17180,17181,17180,1,-1
2021-06-03 15:42:34.478,17179,17180,17179,4,-4
2021-06-03 15:42:35.183,17178,17179,17178,1,-1
2021-06-03 15:42:37.142,17178,17179,17179,1,1
2021-06-03 15:42:37.161,17178,17179,17179,5,5
2021-06-03 15:42:37.161,17178,17179,17180,2,2
2021-06-03 15:42:39.009,17178,17180,17178,1,-1
2021-06-03 15:42:42.702,17178,17180,17180,1,1
2021-06-03 15:42:50.494,17178,17179,17179,1,1
2021-06-03 15:42:52.869,17178,17179,17178,1,-1
2021-06-03 15:42:53.701,17178,17179,17179,1,1
2021-06-03 15:42:56.167,17179,17180,17179,1,-1
2021-06-03 15:43:02.925,17179,17180,17180,1,1
2021-06-03 15:43:04.546,17179,17180,17179,2,-2
2021-06-03 15:43:04.644,17179,17180,17179,1,-1
2021-06-03 15:43:04.645,17179,17180,17179,1,-1
2021-06-03 15:43:04.646,17179,17180,17178,1,-1
2021-06-03 15:43:05.834,17178,17179,17178,1,-1
2021-06-03 15:43:09.639,17178,17179,17178,5,-5
2021-06-03 15:43:10.685,17178,17179,17178,1,-1
2021-06-03 15:43:10.685,17178,17179,17178,1,-1
2021-06-03 15:43:10.769,17177,17179,17177,1,-1
2021-06-03 15:43:10.769,17177,17179,17177,1,-1
2021-06-03 15:43:10.770,17177,17179,17177,1,-1
2021-06-03 15:43:11.492,17177,17178,17177,1,-1
2021-06-03 15:43:14.757,17177,17178,17178,1,1
2021-06-03 15:43:19.459,17178,17179,17179,1,1
2021-06-03 15:43:19.460,17178,17179,17179,1,1
2021-06-03 15:43:30.364,17179,17180,17179,1,-1
2021-06-03 15:43:30.393,17179,17180,17179,1,-1
2021-06-03 15:43:30.394,17179,17180,17179,1,-1
2021-06-03 15:43:30.394,17179,17180,17178,1,-1
2021-06-03 15:43:41.052,17178,17179,17179,1,1
2021-06-03 15:43:41.145,17178,17180,17178,1,-1
2021-06-03 15:43:47.546,17178,17179,17179,1,1
2021-06-03 15:43:47.644,17178,17179,17178,1,-1
2021-06-03 15:43:47.644,17178,17179,17178,1,-1
2021-06-03 15:43:52.936,17178,17179,17178,2,-2
2021-06-03 15:43:53.018,17178,17179,17178,1,-1
2021-06-03 15:43:53.019,17178,17179,17178,1,-1
2021-06-03 15:43:54.628,17178,17179,17179,1,1
2021-06-03 15:43:55.372,17178,17179,17178,1,-1
2021-06-03 15:44:07.489,17178,17179,17179,2,2
2021-06-03 15:44:07.891,17178,17179,17178,7,-7
2021-06-03 15:44:08.353,17178,17179,17178,1,-1
2021-06-03 15:44:08.906,17178,17179,17178,3,-3
2021-06-03 15:44:09.750,17178,17179,17179,2,2
2021-06-03 15:44:09.906,17178,17179,17178,2,-2
2021-06-03 15:44:11.491,17178,17179,17178,1,-1
2021-06-03 15:44:11.492,17178,17179,17178,2,-2
2021-06-03 15:44:11.492,17178,17179,17178,2,-2
2021-06-03 15:44:13.190,17177,17178,17178,1,1
2021-06-03 15:44:18.789,17178,17179,17178,1,-1
2021-06-03 15:44:22.582,17177,17179,17178,1,-1
2021-06-03 15:44:27.674,17178,17179,17179,1,1
2021-06-03 15:44:27.674,17178,17179,17179,1,1
2021-06-03 15:44:27.674,17178,17179,17179,1,1
2021-06-03 15:44:27.674,17178,17179,17179,10,10
2021-06-03 15:44:33.415,17179,17180,17179,1,-1
2021-06-03 15:44:35.314,17179,17180,17179,1,-1
2021-06-03 15:44:36.133,17179,17180,17179,1,-1
2021-06-03 15:44:36.615,17179,17180,17179,1,-1
2021-06-03 15:44:37.303,17179,17180,17180,2,2
2021-06-03 15:44:37.303,17179,17180,17180,1,1
2021-06-03 15:44:37.303,17179,17180,17180,4,4
2021-06-03 15:44:37.303,17179,17180,17180,3,3
2021-06-03 15:44:37.303,17179,17180,17180,1,1
2021-06-03 15:44:37.303,17179,17180,17180,3,3
2021-06-03 15:44:38.075,17180,17181,17180,1,-1
2021-06-03 15:44:42.910,17179,17180,17180,1,1
2021-06-03 15:44:42.911,17179,17180,17180,1,1
2021-06-03 15:44:43.751,17179,17180,17180,1,1
2021-06-03 15:44:44.319,17180,17181,17181,1,1
2021-06-03 15:44:44.723,17180,17181,17180,1,-1
2021-06-03 15:44:49.405,17180,17181,17180,1,-1
2021-06-03 15:44:52.047,17180,17181,17180,1,-1
2021-06-03 15:44:53.404,17180,17181,17180,1,-1
2021-06-03 15:44:54.333,17180,17181,17180,1,-1
2021-06-03 15:44:55.463,17180,17181,17180,1,-1
2021-06-03 15:44:58.933,17180,17181,17180,1,-1
2021-06-03 15:44:59.075,17180,17181,17181,1,1
2021-06-03 15:45:02.361,17180,17181,17181,1,1
2021-06-03 15:45:04.970,17180,17181,17180,1,-1
2021-06-03 15:45:09.083,17180,17181,17180,1,-1
2021-06-03 15:45:16.424,17180,17181,17181,3,3
2021-06-03 15:45:21.876,17181,17182,17181,1,-1
2021-06-03 15:45:22.573,17181,17182,17181,1,-1
2021-06-03 15:45:23.731,17181,17182,17181,1,-1
2021-06-03 15:45:24.525,17181,17182,17181,1,-1
2021-06-03 15:45:25.415,17180,17181,17180,1,-1
2021-06-03 15:45:25.846,17180,17181,17181,1,1
2021-06-03 15:45:26.347,17181,17182,17181,1,-1
2021-06-03 15:45:27.363,17181,17182,17181,1,-1
2021-06-03 15:45:28.216,17181,17182,17181,1,-1
2021-06-03 15:45:28.736,17181,17182,17181,1,-1
2021-06-03 15:45:28.736,17181,17182,17181,5,-5
2021-06-03 15:45:29.169,17180,17181,17180,1,-1
2021-06-03 15:45:41.436,17180,17181,17181,1,1
2021-06-03 15:45:48.351,17181,17182,17181,1,-1
2021-06-03 15:45:51.696,17181,17182,17182,1,1
2021-06-03 15:45:51.697,17181,17182,17182,3,3
2021-06-03 15:45:51.787,17182,17183,17183,2,2
2021-06-03 15:45:51.787,17182,17183,17184,2,2
2021-06-03 15:45:52.054,17182,17184,17184,2,2
2021-06-03 15:46:10.684,17183,17184,17184,1,1
2021-06-03 15:46:13.358,17183,17184,17184,1,1
2021-06-03 15:46:14.469,17184,17185,17184,1,-1
2021-06-03 15:46:23.936,17184,17185,17184,1,-1
2021-06-03 15:46:26.579,17184,17185,17184,1,-1
2021-06-03 15:46:26.644,17184,17185,17184,1,-1
2021-06-03 15:46:34.532,17184,17185,17184,1,-1
2021-06-03 15:46:37.323,17184,17185,17185,1,1
2021-06-03 15:46:37.324,17184,17185,17185,1,1
2021-06-03 15:46:40.744,17184,17186,17184,1,-1
2021-06-03 15:46:41.718,17184,17186,17186,7,7
2021-06-03 15:46:41.719,17184,17186,17186,1,1
2021-06-03 15:46:42.928,17184,17186,17186,1,1
2021-06-03 15:46:55.532,17185,17186,17186,1,1
2021-06-03 15:46:59.060,17185,17186,17186,1,1
2021-06-03 15:47:00.340,17185,17186,17185,1,-1
2021-06-03 15:47:00.504,17184,17185,17185,1,1
2021-06-03 15:47:00.746,17184,17185,17185,1,1
2021-06-03 15:47:01.705,17184,17185,17185,2,2
2021-06-03 15:47:05.084,17184,17185,17185,3,3
2021-06-03 15:47:11.055,17184,17185,17184,1,-1
2021-06-03 15:47:11.055,17184,17185,17184,4,-4
2021-06-03 15:47:29.055,17183,17184,17183,2,-2
2021-06-03 15:47:30.170,17183,17184,17184,1,1
2021-06-03 15:47:36.337,17184,17185,17185,1,1
2021-06-03 15:47:55.537,17184,17185,17184,1,-1
2021-06-03 15:48:00.574,17183,17185,17185,1,1
2021-06-03 15:48:04.765,17184,17185,17185,1,1
2021-06-03 15:48:29.068,17185,17186,17186,1,1
2021-06-03 15:49:02.171,17185,17186,17185,1,-1
2021-06-03 15:49:02.171,17185,17186,17185,1,-1
2021-06-03 15:49:02.171,17185,17186,17185,6,-6
2021-06-03 15:49:04.309,17184,17185,17184,2,-2
2021-06-03 15:49:04.362,17184,17185,17184,6,-6
2021-06-03 15:49:17.838,17183,17184,17183,1,-1
2021-06-03 15:49:17.988,17182,17183,17182,3,-3
2021-06-03 15:49:18.469,17181,17182,17181,1,-1
2021-06-03 15:49:26.509,17181,17182,17181,1,-1
2021-06-03 15:49:26.510,17181,17182,17181,1,-1
2021-06-03 15:49:30.931,17180,17181,17180,2,-2
2021-06-03 15:49:31.183,17180,17181,17180,1,-1
2021-06-03 15:49:31.271,17180,17181,17181,1,1
2021-06-03 15:49:31.282,17180,17181,17180,2,-2
2021-06-03 15:49:34.179,17180,17181,17180,1,-1
2021-06-03 15:49:35.303,17180,17181,17180,2,-2
2021-06-03 15:49:35.659,17179,17180,17180,2,2
2021-06-03 15:49:39.118,17180,17181,17180,2,-2
2021-06-03 15:49:45.299,17179,17180,17179,1,-1
2021-06-03 15:49:45.546,17179,17180,17179,1,-1
2021-06-03 15:49:46.569,17179,17180,17179,2,-2
2021-06-03 15:49:48.857,17178,17179,17179,1,1
2021-06-03 15:49:52.478,17178,17179,17178,5,-5
2021-06-03 15:49:54.035,17178,17179,17178,4,-4
2021-06-03 15:49:56.638,17178,17179,17178,1,-1
2021-06-03 15:49:56.733,17178,17179,17178,3,-3
2021-06-03 15:49:59.164,17177,17178,17178,1,1
2021-06-03 15:50:00.356,17177,17178,17178,1,1
2021-06-03 15:50:00.536,17177,17178,17177,11,-11
2021-06-03 15:50:01.340,17176,17177,17177,1,1
2021-06-03 15:50:01.908,17177,17178,17177,1,-1
2021-06-03 15:50:02.200,17176,17178,17176,1,-1
2021-06-03 15:50:02.278,17176,17178,17176,3,-3
2021-06-03 15:50:03.538,17177,17178,17177,1,1
2021-06-03 15:50:13.791,17177,17178,17177,1,-1
2021-06-03 15:50:14.288,17177,17178,17177,1,-1
2021-06-03 15:50:15.076,17177,17178,17177,1,-1
2021-06-03 15:50:16.803,17177,17178,17177,2,-2
2021-06-03 15:50:16.885,17177,17178,17177,11,-11
2021-06-03 15:50:18.170,17176,17177,17176,3,-3
2021-06-03 15:50:18.171,17176,17177,17176,1,-1
2021-06-03 15:50:18.171,17176,17177,17176,1,-1
2021-06-03 15:50:18.171,17176,17177,17176,4,-4
2021-06-03 15:50:19.910,17175,17176,17176,1,1
2021-06-03 15:50:24.629,17176,17177,17176,1,-1
2021-06-03 15:50:28.250,17176,17177,17176,2,-2
2021-06-03 15:50:28.523,17175,17177,17175,1,-1
2021-06-03 15:50:30.630,17175,17176,17176,1,1
2021-06-03 15:50:30.718,17175,17176,17175,4,-4
2021-06-03 15:50:32.117,17175,17176,17176,1,1
2021-06-03 15:50:40.352,17175,17176,17176,1,1
2021-06-03 15:50:40.630,17175,17177,17175,1,-1
2021-06-03 15:50:44.096,17176,17177,17176,1,1
2021-06-03 15:50:46.990,17175,17176,17176,1,1
2021-06-03 15:50:50.401,17175,17176,17175,1,-1
2021-06-03 15:50:53.599,17175,17176,17176,2,2
2021-06-03 15:50:54.527,17175,17176,17175,1,-1
2021-06-03 15:50:56.184,17175,17176,17175,1,-1
2021-06-03 15:50:56.879,17175,17176,17175,3,-3
2021-06-03 15:51:00.203,17175,17176,17175,1,-1
2021-06-03 15:51:01.327,17174,17175,17174,1,-1
2021-06-03 15:51:01.437,17174,17175,17174,2,-2
2021-06-03 15:51:01.632,17174,17175,17174,1,-1
2021-06-03 15:51:01.945,17174,17175,17174,1,-1
2021-06-03 15:51:02.216,17174,17175,17174,2,-2
2021-06-03 15:51:02.369,17173,17175,17174,1,-1
2021-06-03 15:51:02.560,17174,17175,17174,1,-1
2021-06-03 15:51:03.768,17174,17175,17175,1,1
2021-06-03 15:51:03.768,17174,17175,17176,4,4
2021-06-03 15:51:03.891,17174,17176,17176,3,3
2021-06-03 15:51:04.088,17175,17176,17176,1,1
2021-06-03 15:51:04.306,17176,17177,17176,1,-1
2021-06-03 15:51:12.035,17175,17177,17175,5,-5
2021-06-03 15:51:13.637,17174,17176,17176,1,1
2021-06-03 15:51:13.637,17174,17176,17176,1,1
2021-06-03 15:51:15.392,17176,17177,17176,2,-2
2021-06-03 15:51:17.182,17175,17177,17177,1,1
2021-06-03 15:51:18.293,17175,17177,17177,1,1
2021-06-03 15:51:19.516,17175,17177,17177,1,1
2021-06-03 15:51:27.083,17175,17176,17175,1,-1
2021-06-03 15:51:35.384,17175,17176,17176,1,1
2021-06-03 15:51:36.177,17175,17176,17176,1,1
2021-06-03 15:51:36.177,17175,17176,17177,5,5
2021-06-03 15:51:39.388,17176,17177,17177,1,1
2021-06-03 15:51:39.388,17176,17177,17177,6,6
2021-06-03 15:51:39.388,17176,17177,17177,3,3
2021-06-03 15:51:44.509,17177,17178,17178,1,1
2021-06-03 15:51:44.831,17177,17178,17178,11,11
2021-06-03 15:51:44.832,17177,17178,17178,3,3
2021-06-03 15:51:44.832,17177,17178,17178,2,2
2021-06-03 15:51:49.743,17178,17180,17178,7,-7
2021-06-03 15:51:49.744,17178,17180,17178,4,-4
2021-06-03 15:51:49.744,17178,17180,17178,2,-2
2021-06-03 15:51:49.767,17177,17178,17177,6,-6
2021-06-03 15:51:54.263,17176,17177,17177,1,1
2021-06-03 15:51:59.831,17177,17178,17177,3,-3
2021-06-03 15:51:59.857,17177,17178,17177,1,-1
2021-06-03 15:52:02.940,17176,17177,17176,1,-1
2021-06-03 15:52:02.940,17176,17177,17176,1,-1
2021-06-03 15:52:03.733,17175,17176,17176,4,4
2021-06-03 15:52:03.733,17175,17176,17177,1,1
2021-06-03 15:52:03.758,17175,17176,17177,1,1
2021-06-03 15:52:04.638,17175,17177,17177,8,8
2021-06-03 15:52:05.479,17176,17178,17178,1,1
2021-06-03 15:52:05.479,17176,17178,17178,7,7
2021-06-03 15:52:05.479,17176,17178,17178,5,5
2021-06-03 15:52:16.610,17178,17179,17178,1,-1
2021-06-03 15:52:18.282,17177,17178,17177,1,-1
2021-06-03 15:52:20.608,17175,17177,17177,1,1
2021-06-03 15:52:22.678,17176,17178,17178,1,1
