2021-08-06 15:00:00.048,17449,17450,17447,78,-78
2021-08-06 15:00:00.050,17446,17447,17446,5,-5
2021-08-06 15:00:00.250,17445,17447,17447,5,5
2021-08-06 15:00:00.250,17445,17447,17445,3,-3
2021-08-06 15:00:00.513,17444,17448,17444,1,-1
2021-08-06 15:00:00.521,17444,17448,17448,1,1
2021-08-06 15:00:00.537,17444,17448,17448,1,1
2021-08-06 15:00:00.538,17444,17448,17444,8,-8
2021-08-06 15:00:00.567,17444,17448,17447,1,1
2021-08-06 15:00:00.568,17444,17448,17448,1,1
2021-08-06 15:00:00.577,17444,17448,17448,1,1
2021-08-06 15:00:00.578,17444,17448,17448,1,1
2021-08-06 15:00:00.597,17443,17448,17443,1,-1
2021-08-06 15:00:00.597,17443,17448,17442,1,-1
2021-08-06 15:00:00.662,17443,17448,17442,1,-1
2021-08-06 15:00:00.662,17443,17448,17441,2,-2
2021-08-06 15:00:00.834,17441,17444,17444,1,1
2021-08-06 15:00:00.997,17442,17445,17442,1,-1
2021-08-06 15:00:01.002,17442,17445,17445,1,1
2021-08-06 15:00:01.125,17440,17447,17447,1,1
2021-08-06 15:00:01.169,17440,17447,17441,1,-1
2021-08-06 15:00:01.188,17440,17447,17441,1,-1
2021-08-06 15:00:01.198,17440,17447,17440,1,-1
2021-08-06 15:00:01.199,17440,17447,17440,1,-1
2021-08-06 15:00:01.341,17441,17443,17443,1,1
2021-08-06 15:00:01.482,17441,17445,17441,2,-2
2021-08-06 15:00:01.482,17441,17445,17440,2,-2
2021-08-06 15:00:01.497,17441,17445,17440,1,-1
2021-08-06 15:00:01.497,17441,17445,17439,1,-1
2021-08-06 15:00:01.499,17441,17445,17439,3,-3
2021-08-06 15:00:01.587,17441,17445,17444,1,1
2021-08-06 15:00:01.587,17441,17445,17445,1,1
2021-08-06 15:00:01.587,17441,17445,17446,2,2
2021-08-06 15:00:01.750,17440,17448,17448,1,1
2021-08-06 15:00:01.919,17442,17448,17443,1,-1
2021-08-06 15:00:02.216,17442,17445,17445,1,1
2021-08-06 15:00:02.466,17442,17446,17446,1,1
2021-08-06 15:00:02.522,17442,17446,17445,1,-1
2021-08-06 15:00:02.591,17444,17447,17447,1,1
2021-08-06 15:00:02.591,17444,17447,17444,1,-1
2021-08-06 15:00:02.966,17445,17448,17448,3,3
2021-08-06 15:00:03.587,17446,17448,17448,1,1
2021-08-06 15:00:04.221,17446,17448,17448,1,1
2021-08-06 15:00:04.221,17446,17448,17449,9,9
2021-08-06 15:00:04.728,17446,17449,17446,1,-1
2021-08-06 15:00:04.872,17446,17449,17446,2,-2
2021-08-06 15:00:05.755,17445,17447,17447,2,2
2021-08-06 15:00:05.755,17445,17447,17448,2,2
2021-08-06 15:00:05.755,17445,17447,17449,1,1
2021-08-06 15:00:05.756,17445,17447,17445,2,-2
2021-08-06 15:00:06.172,17445,17447,17447,2,2
2021-08-06 15:00:06.172,17445,17447,17448,2,2
2021-08-06 15:00:06.172,17445,17447,17449,11,11
2021-08-06 15:00:06.172,17445,17447,17450,8,8
2021-08-06 15:00:06.173,17445,17447,17447,1,1
2021-08-06 15:00:06.173,17445,17447,17446,1,-1
2021-08-06 15:00:06.386,17445,17447,17447,2,2
2021-08-06 15:00:06.386,17445,17447,17448,3,3
2021-08-06 15:00:06.392,17445,17447,17449,2,2
2021-08-06 15:00:06.852,17446,17449,17446,1,-1
2021-08-06 15:00:07.728,17446,17448,17448,1,1
2021-08-06 15:00:07.728,17446,17448,17449,2,2
2021-08-06 15:00:07.728,17446,17448,17450,1,1
2021-08-06 15:00:07.820,17446,17448,17448,1,1
2021-08-06 15:00:09.594,17447,17449,17449,1,1
2021-08-06 15:00:09.651,17447,17449,17447,1,-1
2021-08-06 15:00:09.686,17447,17449,17449,1,1
2021-08-06 15:00:09.686,17447,17449,17450,7,7
2021-08-06 15:00:09.686,17447,17449,17451,2,2
2021-08-06 15:00:09.906,17447,17450,17447,1,-1
2021-08-06 15:00:10.941,17448,17450,17450,1,1
2021-08-06 15:00:10.941,17448,17450,17448,4,-4
2021-08-06 15:00:12.084,17447,17449,17449,1,1
2021-08-06 15:00:12.084,17447,17449,17450,2,2
2021-08-06 15:00:12.627,17447,17448,17448,5,5
2021-08-06 15:00:12.627,17447,17448,17449,5,5
2021-08-06 15:00:12.627,17447,17448,17447,1,-1
2021-08-06 15:00:15.185,17448,17449,17448,1,1
2021-08-06 15:00:15.185,17448,17449,17448,1,-1
2021-08-06 15:00:15.956,17447,17448,17448,1,1
2021-08-06 15:00:16.985,17447,17448,17448,1,1
2021-08-06 15:00:17.222,17447,17449,17449,1,1
2021-08-06 15:00:17.225,17447,17449,17449,1,1
2021-08-06 15:00:17.231,17447,17449,17449,1,1
2021-08-06 15:00:17.241,17447,17449,17449,1,1
2021-08-06 15:00:19.072,17448,17449,17448,2,-2
2021-08-06 15:00:20.001,17448,17449,17448,1,-1
2021-08-06 15:00:20.041,17448,17449,17448,2,-2
2021-08-06 15:00:20.819,17448,17449,17449,1,1
2021-08-06 15:00:21.302,17448,17449,17448,2,-2
2021-08-06 15:00:21.302,17448,17449,17447,1,-1
2021-08-06 15:00:22.388,17447,17448,17448,2,2
2021-08-06 15:00:22.498,17447,17449,17449,2,2
2021-08-06 15:00:24.539,17447,17449,17448,1,-1
2021-08-06 15:00:25.121,17447,17448,17448,1,1
2021-08-06 15:00:25.121,17447,17448,17447,1,-1
2021-08-06 15:00:26.609,17447,17448,17448,1,1
2021-08-06 15:00:27.390,17447,17448,17447,4,-4
2021-08-06 15:00:28.519,17447,17448,17448,1,1
2021-08-06 15:00:28.764,17447,17448,17448,3,3
2021-08-06 15:00:30.853,17447,17448,17447,1,-1
2021-08-06 15:00:32.480,17447,17448,17448,3,3
2021-08-06 15:00:32.837,17448,17449,17449,1,1
2021-08-06 15:00:33.637,17448,17449,17448,1,-1
2021-08-06 15:00:33.739,17448,17449,17448,1,-1
2021-08-06 15:00:34.026,17447,17449,17449,1,1
2021-08-06 15:00:34.648,17447,17449,17449,1,1
2021-08-06 15:00:36.200,17447,17448,17448,1,1
2021-08-06 15:00:36.268,17447,17449,17449,1,1
2021-08-06 15:00:36.357,17447,17449,17447,1,-1
2021-08-06 15:00:36.359,17447,17449,17449,1,1
2021-08-06 15:00:38.021,17448,17449,17448,1,-1
2021-08-06 15:00:38.494,17448,17449,17449,1,1
2021-08-06 15:00:38.831,17448,17449,17448,1,-1
2021-08-06 15:00:39.831,17447,17448,17448,5,5
2021-08-06 15:00:41.471,17447,17448,17448,5,5
2021-08-06 15:00:42.770,17447,17448,17447,3,-3
2021-08-06 15:00:42.770,17447,17448,17446,1,-1
2021-08-06 15:00:44.444,17446,17447,17447,2,2
2021-08-06 15:00:45.441,17446,17447,17447,1,1
2021-08-06 15:00:46.688,17446,17448,17446,5,-5
2021-08-06 15:00:46.704,17446,17448,17445,1,-1
2021-08-06 15:00:47.580,17445,17448,17447,4,4
2021-08-06 15:00:47.580,17445,17448,17448,1,1
2021-08-06 15:00:48.959,17446,17448,17447,3,-3
2021-08-06 15:00:48.959,17446,17448,17448,2,2
2021-08-06 15:00:49.968,17446,17448,17446,2,-2
2021-08-06 15:00:50.103,17445,17447,17445,2,-2
2021-08-06 15:00:52.785,17445,17447,17447,1,1
2021-08-06 15:00:52.785,17445,17447,17448,3,3
2021-08-06 15:00:54.113,17446,17447,17447,2,2
2021-08-06 15:00:54.113,17446,17447,17448,2,2
2021-08-06 15:00:57.570,17446,17447,17447,1,1
2021-08-06 15:01:00.757,17446,17447,17447,2,2
2021-08-06 15:01:00.846,17446,17448,17448,1,1
2021-08-06 15:01:00.846,17446,17448,17448,1,1
2021-08-06 15:01:00.847,17446,17448,17448,1,1
2021-08-06 15:01:01.107,17447,17448,17448,27,27
2021-08-06 15:01:01.107,17447,17448,17448,1,1
2021-08-06 15:01:01.107,17447,17448,17448,2,2
2021-08-06 15:01:01.217,17448,17449,17449,1,1
2021-08-06 15:01:01.217,17448,17449,17449,1,1
2021-08-06 15:01:01.217,17448,17449,17449,1,1
2021-08-06 15:01:01.218,17448,17449,17449,1,1
2021-08-06 15:01:01.218,17448,17449,17449,20,20
2021-08-06 15:01:01.218,17448,17449,17450,1,1
2021-08-06 15:01:01.219,17448,17449,17450,1,1
2021-08-06 15:01:01.219,17448,17449,17450,6,6
2021-08-06 15:01:01.220,17448,17449,17450,3,3
2021-08-06 15:01:01.220,17448,17449,17451,1,1
2021-08-06 15:01:01.220,17448,17449,17451,1,1
2021-08-06 15:01:01.220,17448,17449,17451,1,1
2021-08-06 15:01:01.809,17450,17451,17451,1,1
2021-08-06 15:01:01.928,17450,17451,17450,1,-1
2021-08-06 15:01:01.938,17450,17451,17450,1,-1
2021-08-06 15:01:01.952,17450,17451,17450,1,-1
2021-08-06 15:01:02.120,17450,17451,17450,1,-1
2021-08-06 15:01:02.175,17450,17451,17451,3,3
2021-08-06 15:01:02.262,17450,17452,17452,2,2
2021-08-06 15:01:02.471,17451,17452,17452,5,5
2021-08-06 15:01:02.471,17451,17452,17452,1,1
2021-08-06 15:01:02.737,17451,17453,17451,1,-1
2021-08-06 15:01:02.975,17451,17453,17453,1,1
2021-08-06 15:01:04.801,17451,17453,17453,3,3
2021-08-06 15:01:04.837,17451,17453,17452,1,-1
2021-08-06 15:01:05.415,17451,17453,17453,2,2
2021-08-06 15:01:05.415,17451,17453,17453,4,4
2021-08-06 15:01:05.739,17453,17454,17453,1,-1
2021-08-06 15:01:06.140,17453,17454,17453,1,-1
2021-08-06 15:01:06.140,17453,17454,17452,4,-4
2021-08-06 15:01:06.141,17453,17454,17452,5,-5
2021-08-06 15:01:06.141,17453,17454,17452,1,-1
2021-08-06 15:01:06.224,17451,17453,17453,1,1
2021-08-06 15:01:06.367,17452,17453,17453,1,1
2021-08-06 15:01:06.367,17452,17453,17454,4,4
2021-08-06 15:01:06.785,17452,17454,17452,1,-1
2021-08-06 15:01:07.311,17452,17454,17454,1,1
2021-08-06 15:01:07.342,17452,17454,17454,1,1
2021-08-06 15:01:07.342,17452,17454,17454,1,1
2021-08-06 15:01:07.342,17452,17454,17454,1,1
2021-08-06 15:01:07.343,17452,17454,17454,1,1
2021-08-06 15:01:07.343,17452,17454,17455,1,1
2021-08-06 15:01:07.771,17453,17455,17455,1,1
2021-08-06 15:01:07.794,17453,17455,17455,1,1
2021-08-06 15:01:07.839,17453,17455,17453,1,-1
2021-08-06 15:01:09.480,17454,17455,17454,1,1
2021-08-06 15:01:09.769,17454,17455,17454,1,-1
2021-08-06 15:01:09.877,17454,17455,17455,1,1
2021-08-06 15:01:10.681,17454,17455,17455,5,5
2021-08-06 15:01:10.772,17454,17456,17454,1,-1
2021-08-06 15:01:11.354,17454,17456,17456,1,1
2021-08-06 15:01:11.631,17454,17456,17456,1,1
2021-08-06 15:01:11.640,17454,17456,17456,1,1
2021-08-06 15:01:11.883,17455,17456,17455,1,-1
2021-08-06 15:01:14.564,17454,17456,17454,5,-5
2021-08-06 15:01:16.591,17451,17453,17453,1,1
2021-08-06 15:01:17.260,17451,17453,17453,2,2
2021-08-06 15:01:17.342,17452,17455,17455,1,1
2021-08-06 15:01:17.343,17452,17455,17455,1,1
2021-08-06 15:01:17.343,17452,17455,17455,1,1
2021-08-06 15:01:17.344,17452,17455,17455,1,1
2021-08-06 15:01:17.345,17452,17455,17455,1,1
2021-08-06 15:01:17.345,17452,17455,17455,1,1
2021-08-06 15:01:17.346,17452,17455,17456,1,1
2021-08-06 15:01:17.346,17452,17455,17456,1,1
2021-08-06 15:01:17.346,17452,17455,17456,1,1
2021-08-06 15:01:17.348,17452,17455,17456,1,1
2021-08-06 15:01:18.284,17454,17455,17455,1,1
2021-08-06 15:01:18.637,17453,17455,17453,2,-2
2021-08-06 15:01:20.103,17453,17455,17453,1,-1
2021-08-06 15:01:20.103,17453,17455,17452,1,-1
2021-08-06 15:01:28.885,17452,17453,17452,6,-6
2021-08-06 15:01:28.885,17452,17453,17452,1,-1
2021-08-06 15:01:29.334,17452,17453,17452,1,-1
2021-08-06 15:01:29.342,17451,17452,17452,1,1
2021-08-06 15:01:29.343,17451,17452,17452,1,1
2021-08-06 15:01:33.065,17451,17452,17451,1,-1
2021-08-06 15:01:39.903,17451,17452,17452,2,2
2021-08-06 15:01:41.428,17451,17452,17452,1,1
2021-08-06 15:01:41.467,17451,17453,17453,1,1
2021-08-06 15:01:41.470,17451,17453,17453,1,1
2021-08-06 15:01:43.044,17451,17453,17451,2,-2
2021-08-06 15:01:45.640,17451,17452,17452,1,1
2021-08-06 15:01:46.601,17452,17453,17453,2,2
2021-08-06 15:01:46.601,17452,17453,17454,1,1
2021-08-06 15:01:47.302,17452,17453,17452,1,-1
2021-08-06 15:01:47.302,17452,17453,17451,1,-1
2021-08-06 15:01:47.342,17451,17453,17453,1,1
2021-08-06 15:01:47.343,17451,17453,17453,1,1
2021-08-06 15:01:47.343,17451,17453,17453,1,1
2021-08-06 15:01:47.343,17451,17453,17454,1,1
2021-08-06 15:01:49.585,17453,17454,17453,1,-1
2021-08-06 15:01:49.817,17453,17454,17453,1,-1
2021-08-06 15:01:51.189,17453,17454,17454,3,3
2021-08-06 15:01:54.834,17453,17454,17453,3,-3
2021-08-06 15:01:54.834,17453,17454,17453,4,-4
2021-08-06 15:01:55.569,17452,17453,17453,1,1
2021-08-06 15:01:56.058,17452,17453,17453,2,2
2021-08-06 15:01:56.211,17452,17454,17453,1,-1
2021-08-06 15:01:57.781,17452,17453,17452,1,-1
2021-08-06 15:02:00.199,17451,17452,17451,5,-5
2021-08-06 15:02:00.199,17451,17452,17451,1,-1
2021-08-06 15:02:00.200,17451,17452,17450,3,-3
2021-08-06 15:02:01.515,17450,17451,17450,1,-1
2021-08-06 15:02:01.740,17450,17451,17450,1,-1
2021-08-06 15:02:01.740,17450,17451,17450,1,-1
2021-08-06 15:02:01.740,17450,17451,17450,3,-3
2021-08-06 15:02:01.740,17450,17451,17450,1,-1
2021-08-06 15:02:02.289,17449,17450,17449,1,-1
2021-08-06 15:02:02.589,17449,17450,17449,1,-1
2021-08-06 15:02:04.683,17448,17450,17450,2,2
2021-08-06 15:02:06.937,17449,17450,17449,2,-2
2021-08-06 15:02:07.366,17449,17450,17449,1,-1
2021-08-06 15:02:10.562,17448,17449,17449,1,1
2021-08-06 15:02:10.562,17448,17449,17450,2,2
2021-08-06 15:02:10.642,17449,17450,17449,3,-3
2021-08-06 15:02:11.141,17448,17450,17449,1,-1
2021-08-06 15:02:11.376,17448,17450,17448,1,-1
2021-08-06 15:02:11.376,17448,17450,17448,2,-2
2021-08-06 15:02:16.139,17447,17448,17448,1,1
2021-08-06 15:02:17.299,17447,17448,17448,1,1
2021-08-06 15:02:17.831,17447,17448,17448,4,4
2021-08-06 15:02:18.347,17448,17449,17449,1,1
2021-08-06 15:02:18.673,17449,17450,17449,1,-1
2021-08-06 15:02:19.011,17449,17450,17449,1,-1
2021-08-06 15:02:19.390,17448,17450,17450,1,1
2021-08-06 15:02:19.476,17449,17450,17450,1,1
2021-08-06 15:02:19.507,17449,17450,17450,1,1
2021-08-06 15:02:21.782,17450,17452,17450,1,-1
2021-08-06 15:02:22.008,17450,17452,17450,1,-1
2021-08-06 15:02:26.989,17450,17452,17450,1,-1
2021-08-06 15:02:29.037,17450,17452,17450,1,-1
2021-08-06 15:02:31.264,17450,17451,17450,1,-1
2021-08-06 15:02:33.331,17450,17451,17450,1,-1
2021-08-06 15:02:34.667,17448,17450,17448,2,-2
2021-08-06 15:02:40.533,17448,17450,17450,1,1
2021-08-06 15:02:46.723,17448,17450,17450,1,1
2021-08-06 15:02:46.877,17448,17450,17450,2,2
2021-08-06 15:02:47.339,17449,17450,17449,1,-1
2021-08-06 15:02:51.466,17448,17449,17448,5,-5
2021-08-06 15:02:51.716,17448,17449,17448,1,-1
2021-08-06 15:02:55.818,17447,17449,17447,1,-1
2021-08-06 15:03:00.064,17447,17448,17448,1,1
2021-08-06 15:03:00.073,17447,17448,17448,1,1
2021-08-06 15:03:00.074,17447,17448,17448,2,2
2021-08-06 15:03:00.074,17447,17448,17448,1,1
2021-08-06 15:03:00.900,17447,17449,17447,6,-6
2021-08-06 15:03:00.909,17447,17449,17447,4,-4
2021-08-06 15:03:00.909,17447,17449,17446,2,-2
2021-08-06 15:03:00.929,17447,17449,17446,6,-6
2021-08-06 15:03:00.930,17447,17449,17446,1,-1
2021-08-06 15:03:02.153,17445,17447,17447,3,3
2021-08-06 15:03:02.471,17445,17447,17447,1,1
2021-08-06 15:03:05.668,17447,17448,17448,1,1
2021-08-06 15:03:06.915,17448,17450,17448,1,-1
2021-08-06 15:03:13.862,17448,17450,17448,3,-3
2021-08-06 15:03:13.967,17447,17449,17449,1,1
2021-08-06 15:03:13.967,17447,17449,17449,1,1
2021-08-06 15:03:19.529,17447,17449,17449,1,1
2021-08-06 15:03:20.238,17448,17450,17450,1,1
2021-08-06 15:03:25.234,17449,17450,17450,1,1
2021-08-06 15:03:28.132,17449,17450,17450,1,1
2021-08-06 15:03:34.427,17449,17450,17450,1,1
2021-08-06 15:03:37.660,17449,17450,17449,2,-2
2021-08-06 15:03:39.538,17448,17449,17449,1,1
2021-08-06 15:03:48.620,17448,17449,17449,1,1
2021-08-06 15:04:00.215,17448,17449,17448,1,-1
2021-08-06 15:04:01.503,17448,17449,17449,2,2
2021-08-06 15:04:16.988,17448,17449,17449,2,2
2021-08-06 15:04:20.480,17448,17450,17450,1,1
2021-08-06 15:04:31.564,17449,17450,17449,1,-1
2021-08-06 15:04:31.565,17449,17450,17449,1,-1
2021-08-06 15:04:51.742,17448,17449,17448,1,-1
2021-08-06 15:04:51.742,17448,17449,17448,1,-1
2021-08-06 15:04:51.742,17448,17449,17448,1,-1
2021-08-06 15:04:53.054,17447,17448,17447,2,-2
2021-08-06 15:04:53.064,17447,17448,17448,1,1
2021-08-06 15:05:00.591,17447,17448,17447,3,-3
2021-08-06 15:05:00.880,17446,17448,17448,1,1
2021-08-06 15:05:01.051,17446,17449,17449,1,1
2021-08-06 15:05:02.966,17446,17447,17446,3,-3
2021-08-06 15:05:08.066,17445,17446,17445,10,-10
2021-08-06 15:05:08.204,17444,17446,17444,5,-5
2021-08-06 15:05:09.302,17445,17446,17445,1,1
2021-08-06 15:05:11.446,17444,17445,17444,2,-2
2021-08-06 15:05:11.723,17444,17445,17445,1,1
2021-08-06 15:05:15.080,17444,17445,17444,7,-7
2021-08-06 15:05:15.451,17444,17445,17445,1,1
2021-08-06 15:05:15.451,17444,17445,17445,1,1
2021-08-06 15:05:15.451,17444,17445,17445,1,1
2021-08-06 15:05:15.451,17444,17445,17445,1,1
2021-08-06 15:05:16.086,17445,17447,17445,2,-2
2021-08-06 15:05:16.086,17445,17447,17444,2,-2
2021-08-06 15:05:16.945,17444,17447,17445,1,1
2021-08-06 15:05:18.087,17444,17445,17444,2,-2
2021-08-06 15:05:18.091,17444,17445,17444,6,-6
2021-08-06 15:05:18.318,17443,17445,17443,1,-1
2021-08-06 15:05:19.073,17443,17445,17443,5,-5
2021-08-06 15:05:20.846,17444,17445,17445,5,5
2021-08-06 15:05:23.591,17444,17445,17444,2,-2
2021-08-06 15:05:26.103,17443,17445,17443,1,-1
2021-08-06 15:05:26.949,17442,17443,17443,1,1
2021-08-06 15:05:28.509,17442,17443,17443,1,1
2021-08-06 15:05:28.842,17442,17443,17443,1,1
2021-08-06 15:05:29.752,17443,17444,17443,1,-1
2021-08-06 15:05:31.573,17442,17444,17442,2,-2
2021-08-06 15:05:34.038,17442,17443,17442,2,-2
2021-08-06 15:05:34.359,17442,17443,17442,4,-4
2021-08-06 15:05:34.614,17442,17443,17442,1,-1
2021-08-06 15:05:34.991,17441,17443,17443,1,1
2021-08-06 15:05:36.658,17443,17444,17444,1,1
2021-08-06 15:05:36.658,17443,17444,17444,2,2
2021-08-06 15:05:36.658,17443,17444,17444,1,1
2021-08-06 15:05:36.658,17443,17444,17444,1,1
2021-08-06 15:05:45.971,17444,17445,17444,5,-5
2021-08-06 15:05:48.884,17444,17445,17444,1,-1
2021-08-06 15:05:49.332,17444,17445,17444,1,-1
2021-08-06 15:05:55.216,17444,17445,17444,1,-1
2021-08-06 15:05:58.591,17444,17445,17444,1,-1
2021-08-06 15:06:04.457,17443,17444,17443,1,-1
2021-08-06 15:06:04.488,17443,17444,17444,1,1
2021-08-06 15:06:08.589,17443,17444,17444,1,1
2021-08-06 15:06:11.924,17444,17445,17444,1,-1
2021-08-06 15:06:12.299,17444,17445,17445,17,17
2021-08-06 15:06:12.383,17444,17446,17446,1,1
2021-08-06 15:06:12.549,17445,17446,17445,1,-1
2021-08-06 15:06:18.666,17445,17446,17446,1,1
2021-08-06 15:06:27.075,17445,17446,17445,3,-3
2021-08-06 15:06:27.075,17445,17446,17444,1,-1
2021-08-06 15:06:34.606,17444,17445,17444,1,-1
2021-08-06 15:06:34.975,17444,17445,17444,2,-2
2021-08-06 15:06:37.457,17443,17444,17444,1,1
2021-08-06 15:06:40.004,17443,17444,17443,3,-3
2021-08-06 15:06:40.004,17443,17444,17442,1,-1
2021-08-06 15:06:40.814,17442,17444,17444,2,2
2021-08-06 15:06:40.815,17442,17444,17444,1,1
2021-08-06 15:06:43.032,17442,17444,17444,1,1
2021-08-06 15:06:47.551,17443,17445,17443,1,-1
2021-08-06 15:06:49.501,17442,17443,17443,1,1
2021-08-06 15:06:51.420,17442,17444,17442,8,-8
2021-08-06 15:06:51.755,17441,17443,17441,1,-1
2021-08-06 15:06:55.548,17441,17443,17441,1,-1
2021-08-06 15:06:58.897,17442,17443,17442,1,1
2021-08-06 15:06:59.232,17441,17443,17441,2,-2
2021-08-06 15:07:02.143,17441,17442,17441,3,-3
2021-08-06 15:07:02.143,17441,17442,17441,1,-1
2021-08-06 15:07:02.144,17441,17442,17441,1,-1
2021-08-06 15:07:02.383,17441,17442,17441,1,-1
2021-08-06 15:07:02.383,17441,17442,17440,2,-2
2021-08-06 15:07:02.391,17441,17442,17440,4,-4
2021-08-06 15:07:02.399,17441,17442,17440,2,-2
2021-08-06 15:07:02.421,17441,17442,17440,3,-3
2021-08-06 15:07:02.422,17441,17442,17440,4,-4
2021-08-06 15:07:02.426,17441,17442,17440,2,-2
2021-08-06 15:07:02.426,17441,17442,17440,1,-1
2021-08-06 15:07:02.427,17441,17442,17440,1,-1
2021-08-06 15:07:02.465,17440,17441,17440,3,-3
2021-08-06 15:07:02.563,17440,17441,17440,1,-1
2021-08-06 15:07:04.012,17440,17441,17440,3,-3
2021-08-06 15:07:04.013,17440,17441,17440,3,-3
2021-08-06 15:07:04.015,17440,17441,17440,2,-2
2021-08-06 15:07:04.017,17440,17441,17440,4,-4
2021-08-06 15:07:06.807,17439,17440,17439,2,-2
2021-08-06 15:07:06.847,17439,17440,17439,1,-1
2021-08-06 15:07:07.011,17439,17440,17439,1,-1
2021-08-06 15:07:07.816,17439,17440,17439,1,-1
2021-08-06 15:07:07.816,17439,17440,17438,4,-4
2021-08-06 15:07:07.966,17438,17440,17440,6,6
2021-08-06 15:07:09.091,17439,17440,17440,1,1
2021-08-06 15:07:11.060,17439,17441,17439,1,-1
2021-08-06 15:07:12.660,17439,17441,17439,1,-1
2021-08-06 15:07:14.341,17439,17440,17440,2,2
2021-08-06 15:07:14.966,17439,17440,17440,1,1
2021-08-06 15:07:17.841,17440,17441,17441,2,2
2021-08-06 15:07:18.987,17440,17441,17441,1,1
2021-08-06 15:07:18.987,17440,17441,17441,5,5
2021-08-06 15:07:18.987,17440,17441,17441,2,2
2021-08-06 15:07:20.038,17441,17442,17441,2,-2
2021-08-06 15:07:20.772,17441,17442,17441,1,-1
2021-08-06 15:07:21.743,17440,17443,17440,1,-1
2021-08-06 15:07:21.899,17440,17441,17441,2,2
2021-08-06 15:07:21.899,17440,17441,17442,1,1
2021-08-06 15:07:22.590,17442,17443,17442,1,-1
2021-08-06 15:07:27.609,17440,17442,17440,1,-1
2021-08-06 15:07:29.441,17440,17442,17442,1,1
2021-08-06 15:07:36.764,17441,17442,17441,5,-5
2021-08-06 15:07:38.621,17440,17441,17441,1,1
2021-08-06 15:07:44.358,17440,17441,17440,1,-1
2021-08-06 15:07:49.516,17440,17441,17440,1,-1
2021-08-06 15:07:49.526,17440,17441,17440,1,-1
2021-08-06 15:07:50.000,17440,17441,17440,2,-2
2021-08-06 15:07:52.134,17440,17441,17440,1,-1
2021-08-06 15:07:52.134,17440,17441,17440,1,-1
2021-08-06 15:07:55.238,17439,17440,17440,1,1
2021-08-06 15:07:57.195,17439,17440,17440,1,1
2021-08-06 15:08:01.492,17439,17440,17440,1,1
2021-08-06 15:08:09.610,17439,17440,17439,1,-1
2021-08-06 15:08:11.935,17439,17440,17439,2,-2
2021-08-06 15:08:21.796,17439,17440,17439,2,-2
2021-08-06 15:08:21.880,17439,17440,17439,1,-1
2021-08-06 15:08:22.773,17439,17440,17439,5,-5
2021-08-06 15:08:25.412,17438,17439,17439,1,1
2021-08-06 15:08:26.191,17438,17439,17438,1,-1
2021-08-06 15:08:26.259,17438,17439,17438,1,-1
2021-08-06 15:08:28.008,17438,17439,17438,1,-1
2021-08-06 15:08:29.228,17438,17439,17439,1,1
2021-08-06 15:08:34.122,17438,17439,17438,1,-1
2021-08-06 15:08:34.337,17438,17439,17438,1,-1
2021-08-06 15:08:35.408,17438,17439,17438,2,-2
2021-08-06 15:08:40.577,17438,17439,17438,1,-1
2021-08-06 15:08:40.696,17438,17439,17439,1,1
2021-08-06 15:08:47.044,17438,17439,17439,1,1
2021-08-06 15:08:49.019,17438,17439,17439,2,2
2021-08-06 15:08:49.019,17438,17439,17439,2,2
2021-08-06 15:08:49.020,17438,17439,17439,37,37
2021-08-06 15:08:49.020,17438,17439,17440,2,2
2021-08-06 15:08:49.021,17438,17439,17440,4,4
2021-08-06 15:08:49.022,17438,17439,17440,1,1
2021-08-06 15:08:49.022,17438,17439,17440,2,2
2021-08-06 15:08:49.022,17438,17439,17440,1,1
2021-08-06 15:08:49.022,17438,17439,17440,1,1
2021-08-06 15:08:51.632,17440,17441,17441,13,13
2021-08-06 15:08:53.502,17441,17442,17441,1,-1
2021-08-06 15:08:54.357,17441,17442,17441,2,-2
2021-08-06 15:08:54.699,17441,17442,17442,1,1
2021-08-06 15:08:54.748,17441,17442,17441,1,-1
2021-08-06 15:08:56.634,17441,17442,17442,1,1
2021-08-06 15:09:01.956,17442,17443,17443,2,2
2021-08-06 15:09:04.269,17442,17443,17443,1,1
2021-08-06 15:09:04.482,17442,17443,17443,2,2
2021-08-06 15:09:08.921,17443,17444,17444,1,1
2021-08-06 15:09:13.019,17443,17444,17444,1,1
2021-08-06 15:09:13.320,17443,17444,17444,1,1
2021-08-06 15:09:14.900,17443,17444,17444,2,2
2021-08-06 15:09:16.128,17443,17444,17444,2,2
2021-08-06 15:09:18.025,17443,17444,17444,4,4
2021-08-06 15:09:18.527,17443,17444,17444,1,1
2021-08-06 15:09:19.482,17443,17444,17444,1,1
2021-08-06 15:09:25.175,17443,17444,17443,1,-1
2021-08-06 15:09:25.175,17443,17444,17443,3,-3
2021-08-06 15:09:26.792,17442,17443,17443,1,1
2021-08-06 15:09:31.171,17442,17444,17444,5,5
2021-08-06 15:09:37.043,17442,17444,17444,1,1
2021-08-06 15:09:39.385,17442,17444,17444,2,2
2021-08-06 15:09:42.713,17443,17444,17444,1,1
2021-08-06 15:09:43.485,17443,17444,17444,1,1
2021-08-06 15:09:45.609,17444,17445,17445,2,2
2021-08-06 15:09:49.144,17444,17445,17445,2,2
2021-08-06 15:09:51.013,17444,17445,17445,6,6
2021-08-06 15:09:53.352,17445,17446,17446,2,2
2021-08-06 15:09:53.703,17445,17446,17445,1,-1
2021-08-06 15:09:53.997,17444,17446,17446,1,1
2021-08-06 15:10:00.467,17444,17445,17444,2,-2
2021-08-06 15:10:00.468,17444,17445,17444,1,-1
2021-08-06 15:10:00.878,17443,17444,17444,1,1
2021-08-06 15:10:01.185,17443,17444,17443,1,-1
2021-08-06 15:10:01.222,17443,17444,17444,2,2
2021-08-06 15:10:02.218,17444,17445,17444,1,-1
2021-08-06 15:10:03.194,17443,17445,17445,5,5
2021-08-06 15:10:08.510,17443,17444,17444,1,1
2021-08-06 15:10:21.631,17443,17444,17443,1,-1
2021-08-06 15:10:25.782,17442,17443,17442,2,-2
2021-08-06 15:10:25.892,17442,17443,17442,2,-2
2021-08-06 15:10:30.816,17441,17442,17441,3,-3
2021-08-06 15:10:32.161,17440,17442,17440,2,-2
2021-08-06 15:10:34.165,17440,17441,17440,1,-1
2021-08-06 15:10:36.167,17440,17441,17440,2,-2
2021-08-06 15:10:40.987,17440,17441,17440,2,-2
2021-08-06 15:10:46.440,17440,17441,17441,2,2
2021-08-06 15:10:48.016,17440,17442,17440,1,-1
2021-08-06 15:10:51.841,17441,17442,17441,1,1
2021-08-06 15:10:52.176,17440,17442,17440,1,-1
2021-08-06 15:10:52.341,17441,17442,17441,1,1
2021-08-06 15:10:55.651,17440,17442,17440,1,-1
2021-08-06 15:11:07.962,17441,17442,17441,1,1
2021-08-06 15:11:30.837,17441,17442,17441,1,-1
2021-08-06 15:11:31.070,17441,17442,17441,1,-1
2021-08-06 15:11:38.915,17441,17442,17441,1,-1
2021-08-06 15:11:44.700,17441,17442,17442,1,1
2021-08-06 15:11:50.890,17441,17442,17442,1,1
2021-08-06 15:11:58.182,17441,17442,17442,1,1
2021-08-06 15:12:00.406,17441,17442,17442,1,1
2021-08-06 15:12:01.095,17442,17443,17442,1,-1
2021-08-06 15:12:05.966,17442,17443,17442,1,-1
2021-08-06 15:12:07.429,17441,17443,17443,4,4
2021-08-06 15:12:07.430,17441,17443,17443,1,1
2021-08-06 15:12:07.430,17441,17443,17443,1,1
2021-08-06 15:12:07.466,17442,17443,17442,2,-2
2021-08-06 15:12:12.716,17442,17443,17442,1,-1
2021-08-06 15:12:13.132,17441,17443,17441,2,-2
2021-08-06 15:12:23.966,17440,17441,17440,1,-1
2021-08-06 15:12:29.841,17439,17440,17439,5,-5
2021-08-06 15:12:29.841,17439,17440,17439,11,-11
2021-08-06 15:12:30.575,17438,17439,17439,1,1
2021-08-06 15:12:30.854,17438,17440,17438,1,-1
2021-08-06 15:12:33.678,17438,17439,17438,1,-1
2021-08-06 15:12:33.721,17438,17439,17439,2,2
2021-08-06 15:12:33.758,17438,17439,17438,1,-1
2021-08-06 15:12:38.028,17438,17439,17438,2,-2
2021-08-06 15:12:38.028,17438,17439,17438,1,-1
2021-08-06 15:12:38.029,17438,17439,17438,2,-2
2021-08-06 15:12:38.029,17438,17439,17438,1,-1
2021-08-06 15:12:38.029,17438,17439,17438,1,-1
2021-08-06 15:12:38.029,17438,17439,17438,1,-1
2021-08-06 15:12:38.030,17438,17439,17437,1,-1
2021-08-06 15:12:38.030,17438,17439,17437,8,-8
2021-08-06 15:12:38.163,17437,17438,17437,3,-3
2021-08-06 15:12:38.198,17437,17438,17438,4,4
2021-08-06 15:12:38.198,17437,17438,17439,1,1
2021-08-06 15:12:38.247,17437,17439,17439,1,1
2021-08-06 15:12:38.736,17437,17439,17437,4,-4
2021-08-06 15:12:38.736,17437,17439,17437,4,-4
2021-08-06 15:12:42.274,17437,17438,17437,1,-1
2021-08-06 15:12:45.515,17437,17438,17437,1,-1
2021-08-06 15:12:52.949,17437,17438,17437,1,-1
2021-08-06 15:12:56.348,17437,17438,17437,1,-1
2021-08-06 15:12:57.341,17437,17438,17438,5,5
2021-08-06 15:13:16.771,17437,17438,17437,1,-1
2021-08-06 15:13:17.280,17437,17438,17437,1,-1
2021-08-06 15:13:18.710,17437,17438,17437,2,-2
2021-08-06 15:13:18.731,17437,17438,17438,1,1
2021-08-06 15:13:19.416,17437,17438,17438,1,1
2021-08-06 15:13:19.879,17437,17438,17437,4,-4
2021-08-06 15:13:22.157,17437,17438,17437,1,-1
2021-08-06 15:13:22.468,17437,17438,17437,1,-1
2021-08-06 15:13:27.785,17437,17438,17437,2,-2
2021-08-06 15:13:28.483,17437,17438,17438,2,2
2021-08-06 15:13:29.440,17437,17439,17439,1,1
2021-08-06 15:13:31.572,17439,17440,17439,1,-1
2021-08-06 15:13:39.716,17439,17440,17440,3,3
2021-08-06 15:13:41.469,17440,17442,17440,2,-2
2021-08-06 15:13:41.469,17440,17442,17439,1,-1
2021-08-06 15:13:50.919,17440,17441,17440,1,1
2021-08-06 15:13:52.301,17439,17440,17440,3,3
2021-08-06 15:13:55.401,17439,17440,17440,3,3
2021-08-06 15:14:08.631,17440,17441,17441,3,3
2021-08-06 15:14:12.033,17440,17442,17442,1,1
2021-08-06 15:14:20.140,17441,17442,17442,1,1
2021-08-06 15:14:21.754,17441,17442,17442,1,1
2021-08-06 15:14:29.807,17441,17443,17443,9,9
2021-08-06 15:14:29.808,17441,17443,17443,1,1
2021-08-06 15:14:31.679,17443,17444,17444,5,5
2021-08-06 15:14:32.385,17444,17445,17444,2,-2
2021-08-06 15:14:40.716,17444,17445,17445,4,4
2021-08-06 15:14:45.248,17444,17445,17445,1,1
2021-08-06 15:14:47.378,17444,17445,17445,1,1
2021-08-06 15:14:49.275,17444,17445,17445,1,1
2021-08-06 15:14:49.275,17444,17445,17445,1,1
2021-08-06 15:14:51.533,17445,17446,17445,1,-1
2021-08-06 15:15:01.443,17444,17445,17444,1,-1
2021-08-06 15:15:01.444,17444,17445,17444,5,-5
2021-08-06 15:15:01.644,17443,17444,17443,2,-2
2021-08-06 15:15:01.644,17443,17444,17442,2,-2
2021-08-06 15:15:01.647,17443,17444,17442,1,-1
2021-08-06 15:15:01.892,17442,17444,17442,1,-1
2021-08-06 15:15:04.329,17443,17445,17443,1,1
2021-08-06 15:15:07.638,17443,17445,17444,1,1
2021-08-06 15:15:22.631,17443,17444,17443,2,-2
2021-08-06 15:15:25.496,17443,17444,17443,1,-1
2021-08-06 15:15:33.091,17442,17443,17443,2,2
2021-08-06 15:15:33.783,17442,17443,17443,1,1
2021-08-06 15:15:35.683,17443,17444,17443,1,-1
2021-08-06 15:15:36.203,17442,17444,17444,1,1
2021-08-06 15:15:41.375,17443,17444,17444,1,1
2021-08-06 15:15:44.210,17444,17445,17445,7,7
2021-08-06 15:15:50.215,17445,17446,17445,1,-1
2021-08-06 15:15:51.443,17445,17446,17445,1,-1
2021-08-06 15:15:54.380,17445,17446,17445,1,-1
2021-08-06 15:15:56.489,17444,17445,17445,2,2
2021-08-06 15:15:57.446,17443,17445,17445,1,1
2021-08-06 15:16:14.706,17443,17444,17444,1,1
2021-08-06 15:16:15.600,17443,17444,17444,1,1
2021-08-06 15:16:16.433,17444,17445,17445,1,1
2021-08-06 15:16:17.513,17445,17446,17446,5,5
2021-08-06 15:16:17.622,17445,17447,17447,2,2
2021-08-06 15:16:17.729,17445,17447,17447,1,1
2021-08-06 15:16:17.872,17445,17447,17447,5,5
2021-08-06 15:16:17.933,17445,17447,17446,1,-1
2021-08-06 15:16:18.047,17446,17448,17447,1,1
2021-08-06 15:16:18.047,17446,17448,17448,4,4
2021-08-06 15:16:22.179,17445,17447,17446,2,-2
2021-08-06 15:16:22.179,17445,17447,17447,1,1
2021-08-06 15:16:22.812,17445,17447,17447,1,1
2021-08-06 15:16:23.789,17447,17448,17448,2,2
2021-08-06 15:16:23.790,17447,17448,17448,4,4
2021-08-06 15:16:23.831,17447,17448,17447,4,-4
2021-08-06 15:16:24.294,17447,17449,17449,1,1
2021-08-06 15:16:27.276,17447,17449,17449,2,2
2021-08-06 15:16:27.870,17447,17449,17449,5,5
2021-08-06 15:16:27.871,17447,17449,17449,3,3
2021-08-06 15:16:28.638,17448,17450,17448,1,-1
2021-08-06 15:16:29.080,17448,17450,17450,5,5
2021-08-06 15:16:29.423,17448,17450,17450,1,1
2021-08-06 15:16:29.828,17448,17450,17448,2,-2
2021-08-06 15:16:29.959,17447,17450,17449,1,1
2021-08-06 15:16:30.071,17447,17449,17449,1,1
2021-08-06 15:16:31.141,17447,17449,17449,3,3
2021-08-06 15:16:31.481,17447,17449,17449,3,3
2021-08-06 15:16:31.796,17448,17449,17449,1,1
2021-08-06 15:16:33.876,17449,17450,17450,3,3
2021-08-06 15:16:34.687,17449,17450,17449,1,-1
2021-08-06 15:16:36.128,17449,17450,17450,1,1
2021-08-06 15:16:37.223,17449,17450,17450,9,9
2021-08-06 15:16:37.227,17449,17450,17451,2,2
2021-08-06 15:16:37.306,17449,17450,17451,2,2
2021-08-06 15:16:37.307,17449,17450,17452,6,6
2021-08-06 15:16:37.488,17451,17453,17453,1,1
2021-08-06 15:16:37.723,17451,17453,17451,1,-1
2021-08-06 15:16:37.836,17451,17453,17453,1,1
2021-08-06 15:16:37.840,17451,17453,17451,1,-1
2021-08-06 15:16:38.731,17451,17453,17451,1,-1
2021-08-06 15:16:39.460,17450,17452,17452,1,1
2021-08-06 15:16:43.758,17450,17451,17451,2,2
2021-08-06 15:16:44.077,17450,17451,17450,1,-1
2021-08-06 15:16:44.327,17450,17451,17451,2,2
2021-08-06 15:16:45.563,17451,17452,17452,4,4
2021-08-06 15:16:45.681,17451,17452,17452,1,1
2021-08-06 15:16:46.747,17451,17452,17452,4,4
2021-08-06 15:16:46.748,17451,17452,17452,1,1
2021-08-06 15:16:49.467,17450,17452,17452,4,4
2021-08-06 15:16:50.648,17450,17452,17452,4,4
2021-08-06 15:16:51.792,17450,17452,17452,1,1
2021-08-06 15:16:52.399,17450,17452,17452,4,4
2021-08-06 15:16:54.110,17450,17452,17452,2,2
2021-08-06 15:16:58.081,17451,17452,17451,1,-1
2021-08-06 15:16:58.752,17451,17452,17452,1,1
2021-08-06 15:16:59.988,17451,17452,17452,2,2
2021-08-06 15:17:00.418,17451,17452,17452,2,2
2021-08-06 15:17:00.674,17451,17452,17452,2,2
2021-08-06 15:17:00.924,17451,17452,17452,1,1
2021-08-06 15:17:00.966,17452,17453,17452,1,-1
2021-08-06 15:17:01.825,17452,17453,17452,1,-1
2021-08-06 15:17:02.531,17452,17453,17453,2,2
2021-08-06 15:17:03.424,17452,17453,17452,1,-1
2021-08-06 15:17:03.533,17452,17453,17453,2,2
2021-08-06 15:17:05.656,17452,17453,17453,2,2
2021-08-06 15:17:06.848,17452,17453,17453,2,2
2021-08-06 15:17:09.325,17452,17453,17453,1,1
2021-08-06 15:17:09.904,17452,17453,17452,1,-1
2021-08-06 15:17:11.848,17452,17453,17453,2,2
2021-08-06 15:17:12.102,17452,17453,17453,2,2
2021-08-06 15:17:12.349,17452,17453,17453,2,2
2021-08-06 15:17:13.495,17452,17453,17453,2,2
2021-08-06 15:17:13.739,17452,17453,17453,1,1
2021-08-06 15:17:14.857,17453,17454,17454,2,2
2021-08-06 15:17:15.916,17453,17454,17453,1,-1
2021-08-06 15:17:16.821,17453,17454,17453,2,-2
2021-08-06 15:17:18.100,17452,17453,17452,5,-5
2021-08-06 15:17:18.231,17451,17453,17452,1,-1
2021-08-06 15:17:18.564,17452,17453,17453,2,2
2021-08-06 15:17:20.233,17452,17453,17453,2,2
2021-08-06 15:17:20.306,17452,17453,17453,1,1
2021-08-06 15:17:22.602,17453,17454,17453,1,-1
2021-08-06 15:17:22.685,17453,17454,17453,1,-1
2021-08-06 15:17:25.077,17452,17453,17453,2,2
2021-08-06 15:17:25.421,17452,17453,17453,2,2
2021-08-06 15:17:26.286,17452,17453,17453,1,1
2021-08-06 15:17:26.286,17452,17453,17453,1,1
2021-08-06 15:17:28.603,17452,17453,17453,1,1
2021-08-06 15:17:31.382,17452,17453,17452,5,-5
2021-08-06 15:17:37.594,17452,17453,17452,2,-2
2021-08-06 15:17:37.856,17452,17453,17453,1,1
2021-08-06 15:17:38.294,17452,17454,17454,2,2
2021-08-06 15:17:46.418,17453,17454,17454,1,1
2021-08-06 15:17:46.580,17453,17454,17454,17,17
2021-08-06 15:17:50.465,17454,17455,17455,9,9
2021-08-06 15:17:50.643,17454,17455,17454,1,-1
2021-08-06 15:17:51.811,17454,17455,17454,4,-4
2021-08-06 15:17:51.811,17454,17455,17453,1,-1
2021-08-06 15:17:52.056,17453,17455,17455,4,4
2021-08-06 15:17:52.313,17453,17454,17454,1,1
2021-08-06 15:17:52.313,17453,17454,17455,3,3
2021-08-06 15:17:57.926,17452,17453,17452,1,-1
2021-08-06 15:17:59.867,17452,17453,17452,1,-1
2021-08-06 15:18:01.627,17451,17452,17452,1,1
2021-08-06 15:18:02.557,17451,17453,17453,2,2
2021-08-06 15:18:02.970,17452,17453,17452,1,-1
2021-08-06 15:18:05.115,17452,17453,17452,1,-1
2021-08-06 15:18:05.115,17452,17453,17452,6,-6
2021-08-06 15:18:05.115,17452,17453,17452,3,-3
2021-08-06 15:18:09.917,17451,17452,17451,5,-5
2021-08-06 15:18:09.966,17451,17452,17451,3,-3
2021-08-06 15:18:10.791,17450,17452,17452,1,1
2021-08-06 15:18:15.118,17450,17452,17451,1,-1
2021-08-06 15:18:19.017,17450,17451,17450,1,-1
2021-08-06 15:18:21.136,17450,17451,17450,2,-2
2021-08-06 15:18:22.243,17450,17451,17450,1,-1
2021-08-06 15:18:22.591,17450,17451,17450,1,-1
2021-08-06 15:18:24.016,17449,17450,17449,2,-2
2021-08-06 15:18:29.584,17448,17450,17449,2,-2
2021-08-06 15:18:32.716,17449,17450,17449,1,-1
2021-08-06 15:18:33.519,17448,17450,17450,1,1
2021-08-06 15:18:35.571,17448,17449,17449,1,1
2021-08-06 15:18:36.716,17448,17450,17448,4,-4
2021-08-06 15:18:36.716,17448,17450,17447,1,-1
2021-08-06 15:18:41.303,17449,17450,17449,2,2
2021-08-06 15:18:46.937,17449,17450,17450,3,3
2021-08-06 15:18:47.519,17449,17450,17450,3,3
2021-08-06 15:18:58.757,17450,17451,17450,1,-1
2021-08-06 15:18:58.759,17450,17451,17451,6,6
2021-08-06 15:19:00.468,17451,17452,17452,2,2
2021-08-06 15:19:04.528,17452,17453,17452,1,-1
2021-08-06 15:19:12.916,17452,17453,17452,2,-2
2021-08-06 15:19:15.556,17452,17453,17453,1,1
2021-08-06 15:19:17.453,17452,17453,17453,3,3
2021-08-06 15:19:21.828,17453,17454,17454,1,1
2021-08-06 15:19:26.931,17453,17454,17453,1,-1
2021-08-06 15:19:29.216,17453,17454,17454,4,4
2021-08-06 15:19:29.216,17453,17454,17454,1,1
2021-08-06 15:19:29.527,17453,17455,17453,1,-1
2021-08-06 15:19:30.554,17453,17455,17453,1,-1
2021-08-06 15:19:36.015,17453,17455,17453,5,-5
2021-08-06 15:19:36.016,17453,17455,17453,1,-1
2021-08-06 15:19:36.016,17453,17455,17453,2,-2
2021-08-06 15:19:46.885,17453,17454,17454,1,1
2021-08-06 15:19:58.864,17453,17454,17454,1,1
2021-08-06 15:20:02.988,17453,17454,17454,1,1
2021-08-06 15:20:03.454,17453,17454,17454,1,1
2021-08-06 15:20:03.555,17453,17454,17454,1,1
2021-08-06 15:20:03.785,17453,17454,17453,2,-2
2021-08-06 15:20:07.070,17453,17454,17454,2,2
2021-08-06 15:20:10.310,17453,17455,17455,1,1
2021-08-06 15:20:11.264,17454,17455,17454,1,-1
2021-08-06 15:20:15.244,17454,17455,17454,1,-1
2021-08-06 15:20:17.893,17454,17455,17455,1,1
2021-08-06 15:20:19.325,17454,17455,17454,1,-1
2021-08-06 15:20:21.916,17453,17455,17453,8,-8
2021-08-06 15:20:21.917,17453,17455,17453,1,-1
2021-08-06 15:20:30.838,17452,17453,17453,1,1
2021-08-06 15:20:33.374,17452,17453,17452,1,-1
2021-08-06 15:20:34.504,17452,17453,17453,2,2
2021-08-06 15:20:45.241,17452,17453,17453,1,1
2021-08-06 15:20:48.811,17452,17453,17453,1,1
2021-08-06 15:20:50.260,17452,17453,17452,1,-1
2021-08-06 15:21:07.162,17452,17453,17452,1,-1
2021-08-06 15:21:07.221,17452,17453,17453,1,1
2021-08-06 15:21:07.221,17452,17453,17453,1,1
2021-08-06 15:21:07.880,17452,17454,17452,2,-2
2021-08-06 15:21:09.478,17452,17453,17452,1,-1
2021-08-06 15:21:09.592,17452,17453,17453,1,1
2021-08-06 15:21:12.736,17452,17453,17453,1,1
2021-08-06 15:21:26.745,17453,17454,17453,1,-1
2021-08-06 15:21:39.092,17453,17454,17453,2,-2
2021-08-06 15:21:39.217,17453,17454,17454,1,1
2021-08-06 15:21:39.217,17453,17454,17455,1,1
2021-08-06 15:21:39.218,17453,17454,17455,1,1
2021-08-06 15:21:39.219,17453,17454,17455,1,1
2021-08-06 15:21:39.220,17453,17454,17455,1,1
2021-08-06 15:21:39.221,17453,17454,17455,1,1
2021-08-06 15:21:47.733,17454,17455,17454,4,-4
2021-08-06 15:21:47.843,17454,17455,17455,1,1
2021-08-06 15:21:47.844,17454,17455,17455,1,1
2021-08-06 15:21:53.134,17454,17455,17455,2,2
2021-08-06 15:21:53.319,17454,17455,17455,5,5
2021-08-06 15:21:53.319,17454,17455,17455,1,1
2021-08-06 15:21:57.989,17455,17456,17455,1,-1
2021-08-06 15:22:02.249,17454,17455,17454,2,-2
2021-08-06 15:22:02.668,17453,17454,17454,1,1
2021-08-06 15:22:04.892,17453,17454,17453,1,-1
2021-08-06 15:22:04.892,17453,17454,17453,5,-5
2021-08-06 15:22:07.466,17452,17453,17452,2,-2
2021-08-06 15:22:07.966,17452,17453,17452,1,-1
2021-08-06 15:22:10.466,17452,17453,17452,1,-1
2021-08-06 15:22:11.591,17451,17452,17451,5,-5
2021-08-06 15:22:14.713,17450,17452,17451,1,-1
2021-08-06 15:22:27.785,17451,17452,17452,1,1
2021-08-06 15:22:33.620,17451,17452,17451,1,-1
2021-08-06 15:22:35.450,17451,17452,17452,1,1
2021-08-06 15:22:38.018,17451,17452,17451,2,-2
2021-08-06 15:22:44.165,17450,17452,17450,1,-1
2021-08-06 15:22:53.591,17450,17451,17450,3,-3
2021-08-06 15:22:53.591,17450,17451,17450,1,-1
2021-08-06 15:22:53.591,17450,17451,17450,1,-1
2021-08-06 15:22:54.386,17449,17450,17450,1,1
2021-08-06 15:22:56.734,17449,17451,17449,1,-1
2021-08-06 15:23:06.697,17449,17451,17449,1,-1
2021-08-06 15:23:10.000,17449,17450,17450,1,1
2021-08-06 15:23:13.966,17450,17451,17451,2,2
2021-08-06 15:23:13.966,17450,17451,17452,2,2
2021-08-06 15:23:19.087,17450,17452,17450,1,-1
2021-08-06 15:23:27.337,17450,17452,17452,1,1
2021-08-06 15:23:45.693,17450,17452,17452,1,1
2021-08-06 15:23:50.641,17450,17452,17450,1,-1
2021-08-06 15:23:57.440,17450,17451,17451,1,1
2021-08-06 15:24:16.461,17451,17452,17452,2,2
2021-08-06 15:24:16.472,17451,17452,17452,1,1
2021-08-06 15:24:16.473,17451,17452,17452,1,1
2021-08-06 15:24:16.475,17451,17452,17453,1,1
2021-08-06 15:24:16.475,17451,17452,17453,1,1
2021-08-06 15:24:16.801,17451,17453,17453,1,1
2021-08-06 15:24:25.100,17451,17453,17453,1,1
2021-08-06 15:24:25.217,17451,17453,17453,1,1
2021-08-06 15:24:25.217,17451,17453,17453,1,1
2021-08-06 15:24:25.217,17451,17453,17454,1,1
2021-08-06 15:24:25.217,17451,17453,17454,1,1
2021-08-06 15:24:25.218,17451,17453,17454,1,1
2021-08-06 15:24:25.218,17451,17453,17454,1,1
2021-08-06 15:24:25.218,17451,17453,17454,1,1
2021-08-06 15:24:25.219,17451,17453,17454,1,1
2021-08-06 15:24:25.219,17451,17453,17454,1,1
2021-08-06 15:24:25.219,17451,17453,17454,1,1
2021-08-06 15:24:25.219,17451,17453,17454,1,1
2021-08-06 15:24:25.219,17451,17453,17454,1,1
2021-08-06 15:24:25.219,17451,17453,17454,1,1
2021-08-06 15:24:25.220,17451,17453,17455,1,1
2021-08-06 15:24:25.221,17451,17453,17455,1,1
2021-08-06 15:24:29.335,17454,17455,17454,1,-1
2021-08-06 15:24:33.972,17453,17455,17455,1,1
2021-08-06 15:24:34.092,17453,17455,17455,1,1
2021-08-06 15:24:34.092,17453,17455,17455,1,1
2021-08-06 15:24:34.092,17453,17455,17455,1,1
2021-08-06 15:24:34.092,17453,17455,17455,1,1
2021-08-06 15:24:34.093,17453,17455,17455,1,1
2021-08-06 15:24:34.093,17453,17455,17455,1,1
2021-08-06 15:24:34.093,17453,17455,17455,1,1
2021-08-06 15:24:34.093,17453,17455,17455,1,1
2021-08-06 15:24:34.093,17453,17455,17455,1,1
2021-08-06 15:24:34.094,17453,17455,17455,1,1
2021-08-06 15:24:34.094,17453,17455,17455,1,1
2021-08-06 15:24:34.094,17453,17455,17455,1,1
2021-08-06 15:24:34.094,17453,17455,17456,1,1
2021-08-06 15:24:34.094,17453,17455,17456,1,1
2021-08-06 15:24:36.877,17454,17456,17454,1,-1
2021-08-06 15:24:37.311,17454,17456,17454,2,-2
2021-08-06 15:24:37.342,17454,17456,17456,1,1
2021-08-06 15:24:37.342,17454,17456,17456,1,1
2021-08-06 15:24:37.342,17454,17456,17456,1,1
2021-08-06 15:24:37.343,17454,17456,17456,1,1
2021-08-06 15:24:37.344,17454,17456,17456,1,1
2021-08-06 15:24:39.772,17453,17454,17454,1,1
2021-08-06 15:24:45.778,17454,17455,17454,1,-1
2021-08-06 15:24:53.744,17453,17454,17454,1,1
2021-08-06 15:24:55.006,17453,17454,17454,2,2
2021-08-06 15:24:55.093,17453,17454,17454,1,1
2021-08-06 15:24:55.093,17453,17454,17455,1,1
2021-08-06 15:24:58.551,17454,17455,17454,1,-1
2021-08-06 15:25:14.456,17453,17454,17454,4,4
2021-08-06 15:25:15.262,17453,17454,17454,1,1
2021-08-06 15:25:15.263,17453,17454,17454,1,1
2021-08-06 15:25:15.268,17453,17454,17454,1,1
2021-08-06 15:25:15.271,17453,17454,17454,1,1
2021-08-06 15:25:16.977,17453,17454,17453,1,-1
2021-08-06 15:25:27.776,17453,17454,17454,2,2
2021-08-06 15:25:28.922,17454,17455,17454,2,-2
2021-08-06 15:25:34.984,17454,17455,17455,2,2
2021-08-06 15:25:34.984,17454,17455,17455,3,3
2021-08-06 15:25:35.398,17455,17456,17455,1,-1
2021-08-06 15:25:37.404,17454,17455,17454,3,-3
2021-08-06 15:26:00.841,17454,17455,17454,1,-1
2021-08-06 15:26:06.261,17453,17454,17454,2,2
2021-08-06 15:26:14.225,17453,17454,17454,1,1
2021-08-06 15:26:14.677,17453,17455,17453,2,-2
2021-08-06 15:26:15.699,17453,17455,17453,1,-1
2021-08-06 15:26:15.699,17453,17455,17452,2,-2
2021-08-06 15:26:34.638,17452,17453,17452,1,-1
2021-08-06 15:26:36.082,17452,17453,17452,1,-1
2021-08-06 15:26:51.466,17452,17453,17452,1,-1
2021-08-06 15:27:04.997,17451,17452,17452,1,1
2021-08-06 15:27:26.537,17451,17453,17453,1,1
2021-08-06 15:27:31.735,17452,17453,17452,1,-1
2021-08-06 15:27:57.464,17452,17453,17453,1,1
2021-08-06 15:28:07.774,17452,17453,17452,2,-2
2021-08-06 15:28:07.774,17452,17453,17452,1,-1
2021-08-06 15:28:30.319,17451,17452,17451,5,-5
2021-08-06 15:28:30.319,17451,17452,17450,9,-9
2021-08-06 15:28:37.283,17450,17451,17450,1,-1
2021-08-06 15:28:39.671,17450,17451,17450,1,-1
2021-08-06 15:28:46.302,17450,17451,17450,1,-1
2021-08-06 15:28:51.143,17450,17451,17450,2,-2
2021-08-06 15:28:55.928,17449,17450,17450,1,1
2021-08-06 15:28:57.849,17449,17450,17450,1,1
2021-08-06 15:29:09.359,17449,17450,17449,2,-2
2021-08-06 15:29:09.359,17449,17450,17449,1,-1
2021-08-06 15:29:09.360,17449,17450,17449,1,-1
2021-08-06 15:29:09.360,17449,17450,17449,1,-1
2021-08-06 15:29:09.470,17449,17450,17450,1,1
2021-08-06 15:29:09.470,17449,17450,17450,1,1
2021-08-06 15:29:09.876,17449,17450,17450,5,5
2021-08-06 15:29:10.162,17449,17450,17450,5,5
2021-08-06 15:29:10.219,17449,17450,17450,1,1
2021-08-06 15:29:10.298,17449,17450,17450,2,2
2021-08-06 15:29:10.298,17449,17450,17451,3,3
2021-08-06 15:29:10.442,17449,17451,17451,5,5
2021-08-06 15:29:10.628,17449,17452,17452,5,5
2021-08-06 15:29:10.857,17450,17452,17452,4,4
2021-08-06 15:29:10.857,17450,17452,17453,1,1
2021-08-06 15:29:11.021,17450,17452,17452,3,3
2021-08-06 15:29:16.705,17450,17452,17450,1,-1
2021-08-06 15:29:22.957,17450,17452,17450,4,-4
2021-08-06 15:29:22.967,17450,17452,17452,1,1
2021-08-06 15:29:22.968,17450,17452,17452,1,1
2021-08-06 15:29:22.969,17450,17452,17452,1,1
2021-08-06 15:29:22.969,17450,17452,17452,1,1
2021-08-06 15:29:37.354,17451,17453,17453,1,1
2021-08-06 15:30:02.616,17452,17453,17452,1,-1
2021-08-06 15:30:03.114,17452,17453,17452,1,-1
2021-08-06 15:30:03.114,17452,17453,17451,3,-3
2021-08-06 15:30:03.128,17452,17453,17450,1,-1
2021-08-06 15:30:11.508,17451,17452,17451,1,1
2021-08-06 15:30:27.741,17452,17453,17453,1,1
2021-08-06 15:30:45.695,17451,17453,17451,1,-1
2021-08-06 15:30:45.717,17451,17453,17453,1,1
2021-08-06 15:31:02.203,17451,17453,17453,1,1
2021-08-06 15:31:08.202,17452,17453,17453,6,6
2021-08-06 15:31:08.218,17452,17454,17452,1,-1
2021-08-06 15:31:17.280,17453,17454,17453,1,1
2021-08-06 15:31:21.803,17453,17454,17453,1,-1
2021-08-06 15:31:28.259,17453,17454,17453,1,-1
2021-08-06 15:31:30.345,17451,17453,17453,1,1
2021-08-06 15:31:41.470,17451,17453,17453,2,2
2021-08-06 15:31:52.197,17452,17454,17452,1,-1
2021-08-06 15:31:56.682,17452,17454,17454,2,2
2021-08-06 15:32:03.139,17453,17454,17454,1,1
2021-08-06 15:32:06.890,17454,17455,17455,19,19
2021-08-06 15:32:06.892,17454,17455,17456,2,2
2021-08-06 15:32:06.892,17454,17455,17456,3,3
2021-08-06 15:32:06.892,17454,17455,17456,1,1
2021-08-06 15:32:06.892,17454,17455,17456,5,5
2021-08-06 15:32:06.893,17454,17455,17456,1,1
2021-08-06 15:32:06.893,17454,17455,17456,2,2
2021-08-06 15:32:06.966,17455,17457,17456,1,-1
2021-08-06 15:32:13.907,17455,17457,17457,2,2
2021-08-06 15:32:13.973,17455,17457,17457,1,1
2021-08-06 15:32:14.520,17455,17457,17457,2,2
2021-08-06 15:32:14.821,17455,17457,17457,2,2
2021-08-06 15:32:16.612,17455,17457,17457,2,2
2021-08-06 15:32:17.543,17455,17457,17457,2,2
2021-08-06 15:32:18.297,17455,17457,17457,1,1
2021-08-06 15:32:18.326,17455,17457,17457,1,1
2021-08-06 15:32:18.926,17456,17457,17457,4,4
2021-08-06 15:32:19.103,17456,17457,17457,1,1
2021-08-06 15:32:20.320,17456,17458,17458,2,2
2021-08-06 15:32:20.362,17456,17458,17458,1,1
2021-08-06 15:32:20.548,17456,17458,17458,2,2
2021-08-06 15:32:25.416,17457,17458,17458,1,1
2021-08-06 15:32:26.239,17457,17458,17457,1,-1
2021-08-06 15:32:26.878,17455,17457,17457,2,2
2021-08-06 15:32:27.015,17455,17457,17457,2,2
2021-08-06 15:32:29.284,17455,17457,17457,1,1
2021-08-06 15:32:29.286,17455,17457,17455,4,-4
2021-08-06 15:32:32.777,17455,17456,17456,1,1
2021-08-06 15:32:33.914,17455,17457,17457,1,1
2021-08-06 15:32:38.318,17456,17457,17456,1,-1
2021-08-06 15:32:39.521,17455,17457,17457,2,2
2021-08-06 15:33:03.545,17456,17457,17456,3,-3
2021-08-06 15:33:03.727,17456,17457,17456,2,-2
2021-08-06 15:33:07.037,17455,17457,17456,1,-1
2021-08-06 15:33:10.940,17456,17457,17456,1,-1
2021-08-06 15:33:14.333,17456,17457,17457,1,1
2021-08-06 15:33:19.523,17456,17457,17456,1,-1
2021-08-06 15:33:20.994,17456,17457,17457,1,1
2021-08-06 15:33:36.090,17456,17457,17456,6,-6
2021-08-06 15:33:36.305,17455,17456,17455,3,-3
2021-08-06 15:33:36.341,17455,17456,17455,1,-1
2021-08-06 15:33:36.341,17455,17456,17455,2,-2
2021-08-06 15:33:36.341,17455,17456,17455,14,-14
2021-08-06 15:33:48.267,17453,17455,17453,2,-2
2021-08-06 15:33:52.300,17453,17454,17453,3,-3
2021-08-06 15:33:54.191,17452,17453,17452,1,-1
2021-08-06 15:33:59.672,17451,17453,17453,2,2
2021-08-06 15:34:12.459,17451,17452,17451,4,-4
2021-08-06 15:34:13.299,17450,17451,17451,1,1
2021-08-06 15:34:21.289,17451,17452,17451,6,-6
2021-08-06 15:34:25.765,17450,17452,17450,1,-1
2021-08-06 15:34:27.409,17450,17452,17450,1,-1
2021-08-06 15:34:35.402,17450,17452,17451,1,1
2021-08-06 15:34:40.872,17450,17451,17450,1,-1
2021-08-06 15:34:46.362,17450,17451,17450,4,-4
2021-08-06 15:34:52.603,17450,17451,17450,1,-1
2021-08-06 15:34:54.640,17450,17451,17450,1,-1
2021-08-06 15:34:59.685,17450,17451,17450,1,-1
2021-08-06 15:35:19.058,17449,17450,17450,1,1
2021-08-06 15:35:19.144,17449,17450,17449,1,-1
2021-08-06 15:35:19.383,17449,17450,17450,1,1
2021-08-06 15:35:19.632,17449,17450,17449,1,-1
2021-08-06 15:35:21.664,17449,17450,17449,5,-5
2021-08-06 15:35:35.242,17448,17449,17448,1,-1
2021-08-06 15:35:35.242,17448,17449,17448,3,-3
2021-08-06 15:35:35.243,17448,17449,17448,1,-1
2021-08-06 15:35:35.243,17448,17449,17448,5,-5
2021-08-06 15:35:40.969,17447,17448,17448,1,1
2021-08-06 15:35:43.508,17447,17448,17448,2,2
2021-08-06 15:35:44.601,17448,17450,17448,1,-1
2021-08-06 15:35:57.278,17448,17449,17449,2,2
2021-08-06 15:35:57.611,17448,17449,17448,1,-1
2021-08-06 15:35:59.002,17447,17449,17449,4,4
2021-08-06 15:35:59.002,17447,17449,17449,1,1
2021-08-06 15:36:09.353,17447,17448,17448,1,1
2021-08-06 15:36:26.084,17448,17449,17449,1,1
2021-08-06 15:36:31.470,17448,17449,17448,1,-1
2021-08-06 15:36:31.470,17448,17449,17447,3,-3
2021-08-06 15:36:37.574,17447,17448,17447,1,-1
2021-08-06 15:36:38.353,17447,17448,17447,1,-1
2021-08-06 15:36:40.468,17447,17448,17447,1,-1
2021-08-06 15:36:51.787,17447,17448,17447,1,-1
2021-08-06 15:37:12.756,17447,17448,17447,1,-1
2021-08-06 15:37:15.172,17447,17448,17448,1,1
2021-08-06 15:37:15.479,17447,17448,17448,2,2
2021-08-06 15:37:26.826,17448,17449,17449,1,1
2021-08-06 15:37:31.330,17448,17449,17449,2,2
2021-08-06 15:37:37.659,17448,17449,17449,2,2
2021-08-06 15:37:40.491,17448,17449,17449,1,1
2021-08-06 15:38:08.368,17448,17449,17449,3,3
2021-08-06 15:38:09.931,17448,17449,17449,5,5
2021-08-06 15:38:09.931,17448,17449,17449,14,14
2021-08-06 15:38:41.242,17449,17450,17449,1,-1
2021-08-06 15:38:54.256,17449,17450,17449,1,-1
2021-08-06 15:38:54.256,17449,17450,17448,3,-3
2021-08-06 15:38:55.017,17448,17450,17448,1,-1
2021-08-06 15:38:59.993,17448,17449,17448,3,-3
2021-08-06 15:39:00.429,17447,17449,17449,2,2
2021-08-06 15:39:06.285,17448,17449,17448,3,-3
2021-08-06 15:39:14.605,17447,17448,17447,4,-4
2021-08-06 15:39:26.085,17447,17448,17447,1,-1
2021-08-06 15:39:26.310,17447,17448,17447,1,-1
2021-08-06 15:39:29.242,17447,17448,17447,1,-1
2021-08-06 15:39:36.394,17447,17448,17447,2,-2
2021-08-06 15:39:46.512,17447,17448,17447,1,-1
2021-08-06 15:40:00.082,17447,17448,17447,1,-1
2021-08-06 15:40:10.462,17446,17447,17446,1,-1
2021-08-06 15:40:10.463,17446,17447,17446,7,-7
2021-08-06 15:40:10.463,17446,17447,17446,1,-1
2021-08-06 15:40:11.165,17445,17446,17445,2,-2
2021-08-06 15:40:12.004,17445,17446,17445,7,-7
2021-08-06 15:40:12.613,17444,17446,17444,5,-5
2021-08-06 15:40:12.749,17443,17445,17443,1,-1
2021-08-06 15:40:12.936,17443,17445,17443,1,-1
2021-08-06 15:40:14.618,17443,17445,17443,5,-5
2021-08-06 15:40:17.805,17443,17445,17443,1,-1
2021-08-06 15:40:19.534,17444,17446,17444,2,2
2021-08-06 15:40:22.633,17444,17446,17446,1,1
2021-08-06 15:40:24.241,17444,17445,17444,1,-1
2021-08-06 15:40:26.539,17444,17445,17445,3,3
2021-08-06 15:40:26.539,17444,17445,17446,1,1
2021-08-06 15:40:34.139,17444,17445,17445,1,1
2021-08-06 15:40:40.580,17444,17445,17444,1,-1
2021-08-06 15:40:43.442,17444,17445,17445,1,1
2021-08-06 15:40:46.150,17444,17445,17445,2,2
2021-08-06 15:40:47.016,17445,17446,17445,1,-1
2021-08-06 15:41:05.369,17445,17446,17445,1,-1
2021-08-06 15:41:09.829,17445,17446,17445,1,-1
2021-08-06 15:41:14.423,17445,17446,17445,1,-1
2021-08-06 15:41:22.582,17444,17446,17444,3,-3
2021-08-06 15:41:27.457,17445,17446,17446,1,1
2021-08-06 15:41:27.458,17445,17446,17446,1,1
2021-08-06 15:41:27.458,17445,17446,17446,1,1
2021-08-06 15:41:27.458,17445,17446,17446,1,1
2021-08-06 15:41:27.458,17445,17446,17446,2,2
2021-08-06 15:41:27.458,17445,17446,17446,5,5
2021-08-06 15:41:48.736,17446,17448,17446,2,-2
2021-08-06 15:42:01.638,17446,17447,17446,1,-1
2021-08-06 15:42:01.719,17445,17447,17447,1,1
2021-08-06 15:42:01.720,17445,17447,17447,2,2
2021-08-06 15:42:01.720,17445,17447,17448,1,1
2021-08-06 15:42:01.722,17445,17447,17448,2,2
2021-08-06 15:42:01.724,17445,17447,17448,2,2
2021-08-06 15:42:09.113,17447,17448,17448,1,1
2021-08-06 15:42:09.217,17447,17449,17449,1,1
2021-08-06 15:42:09.217,17447,17449,17449,1,1
2021-08-06 15:42:09.217,17447,17449,17449,1,1
2021-08-06 15:42:09.218,17447,17449,17449,1,1
2021-08-06 15:42:09.219,17447,17449,17449,1,1
2021-08-06 15:42:10.617,17448,17449,17449,2,2
2021-08-06 15:42:10.717,17448,17449,17449,1,1
2021-08-06 15:42:10.717,17448,17449,17450,1,1
2021-08-06 15:42:10.718,17448,17449,17450,1,1
2021-08-06 15:42:10.718,17448,17449,17450,1,1
2021-08-06 15:42:10.718,17448,17449,17450,1,1
2021-08-06 15:42:10.718,17448,17449,17450,1,1
2021-08-06 15:42:10.718,17448,17449,17450,1,1
2021-08-06 15:42:10.718,17448,17449,17450,1,1
2021-08-06 15:42:10.720,17448,17449,17450,1,1
2021-08-06 15:42:10.721,17448,17449,17450,1,1
2021-08-06 15:42:10.721,17448,17449,17450,1,1
2021-08-06 15:42:10.721,17448,17449,17450,1,1
2021-08-06 15:42:19.622,17448,17450,17450,5,5
2021-08-06 15:42:20.521,17449,17450,17450,5,5
2021-08-06 15:42:20.521,17449,17450,17450,5,5
2021-08-06 15:42:20.592,17449,17451,17451,1,1
2021-08-06 15:42:20.592,17449,17451,17451,1,1
2021-08-06 15:42:20.592,17449,17451,17451,1,1
2021-08-06 15:42:20.592,17449,17451,17451,1,1
2021-08-06 15:42:20.593,17449,17451,17451,1,1
2021-08-06 15:42:20.593,17449,17451,17451,1,1
2021-08-06 15:42:20.593,17449,17451,17452,1,1
2021-08-06 15:42:20.593,17449,17451,17452,1,1
2021-08-06 15:42:20.594,17449,17451,17452,1,1
2021-08-06 15:42:20.594,17449,17451,17452,1,1
2021-08-06 15:42:20.594,17449,17451,17452,1,1
2021-08-06 15:42:20.595,17449,17451,17452,1,1
2021-08-06 15:42:20.595,17449,17451,17452,1,1
2021-08-06 15:42:20.595,17449,17451,17452,1,1
2021-08-06 15:42:20.595,17449,17451,17452,1,1
2021-08-06 15:42:20.595,17449,17451,17452,1,1
2021-08-06 15:42:20.595,17449,17451,17453,1,1
2021-08-06 15:42:20.596,17449,17451,17453,1,1
2021-08-06 15:42:20.914,17451,17453,17453,1,1
2021-08-06 15:42:22.256,17452,17453,17452,1,-1
2021-08-06 15:42:22.436,17451,17453,17451,1,-1
2021-08-06 15:42:27.803,17451,17452,17451,4,-4
2021-08-06 15:42:32.336,17450,17451,17451,1,1
2021-08-06 15:42:32.342,17450,17451,17451,1,1
2021-08-06 15:42:32.342,17450,17451,17451,1,1
2021-08-06 15:42:32.342,17450,17451,17451,1,1
2021-08-06 15:42:32.342,17450,17451,17452,1,1
2021-08-06 15:42:32.343,17450,17451,17452,1,1
2021-08-06 15:42:32.343,17450,17451,17452,1,1
2021-08-06 15:42:32.343,17450,17451,17451,1,1
2021-08-06 15:42:32.344,17450,17451,17451,1,1
2021-08-06 15:42:32.346,17450,17451,17452,1,1
2021-08-06 15:42:35.668,17450,17451,17451,1,1
2021-08-06 15:42:59.514,17451,17452,17451,1,-1
2021-08-06 15:43:06.747,17451,17452,17451,1,-1
2021-08-06 15:43:06.845,17451,17452,17452,1,1
2021-08-06 15:43:06.845,17451,17452,17452,9,9
2021-08-06 15:43:06.846,17451,17452,17452,9,9
2021-08-06 15:43:06.847,17451,17452,17453,3,3
2021-08-06 15:43:06.848,17451,17452,17453,4,4
2021-08-06 15:43:06.848,17451,17452,17453,3,3
2021-08-06 15:43:06.849,17451,17452,17454,1,1
2021-08-06 15:43:06.849,17451,17452,17454,3,3
2021-08-06 15:43:06.852,17451,17452,17455,1,1
2021-08-06 15:43:06.853,17451,17452,17455,2,2
2021-08-06 15:43:06.853,17451,17452,17455,3,3
2021-08-06 15:43:11.429,17453,17455,17455,1,1
2021-08-06 15:43:11.468,17453,17455,17455,1,1
2021-08-06 15:43:11.468,17453,17455,17455,1,1
2021-08-06 15:43:11.468,17453,17455,17455,1,1
2021-08-06 15:43:11.468,17453,17455,17455,1,1
2021-08-06 15:43:11.468,17453,17455,17456,3,3
2021-08-06 15:43:11.468,17453,17455,17456,1,1
2021-08-06 15:43:11.469,17453,17455,17456,3,3
2021-08-06 15:43:11.469,17453,17455,17456,2,2
2021-08-06 15:43:11.469,17453,17455,17456,2,2
2021-08-06 15:43:11.469,17453,17455,17456,1,1
2021-08-06 15:43:11.469,17453,17455,17456,1,1
2021-08-06 15:43:11.469,17453,17455,17456,1,1
2021-08-06 15:43:11.469,17453,17455,17456,1,1
2021-08-06 15:43:11.469,17453,17455,17456,1,1
2021-08-06 15:43:11.470,17453,17455,17456,1,1
2021-08-06 15:43:11.470,17453,17455,17456,1,1
2021-08-06 15:43:11.470,17453,17455,17456,2,2
2021-08-06 15:43:11.471,17453,17455,17456,1,1
2021-08-06 15:43:11.472,17453,17455,17456,1,1
2021-08-06 15:43:11.472,17453,17455,17456,1,1
2021-08-06 15:43:11.473,17453,17455,17456,1,1
2021-08-06 15:43:13.603,17454,17456,17456,1,1
2021-08-06 15:43:28.604,17453,17455,17453,1,-1
2021-08-06 15:43:30.272,17453,17455,17453,1,-1
2021-08-06 15:43:30.342,17452,17454,17454,4,4
2021-08-06 15:43:30.342,17452,17454,17454,1,1
2021-08-06 15:43:30.343,17452,17454,17454,1,1
2021-08-06 15:43:30.343,17452,17454,17455,1,1
2021-08-06 15:43:30.343,17452,17454,17455,1,1
2021-08-06 15:43:30.343,17452,17454,17455,1,1
2021-08-06 15:43:30.344,17452,17454,17455,4,4
2021-08-06 15:43:30.344,17452,17454,17455,1,1
2021-08-06 15:43:30.344,17452,17454,17455,4,4
2021-08-06 15:43:30.344,17452,17454,17455,1,1
2021-08-06 15:43:30.344,17452,17454,17455,1,1
2021-08-06 15:43:30.344,17452,17454,17456,2,2
2021-08-06 15:43:30.344,17452,17454,17456,2,2
2021-08-06 15:43:30.344,17452,17454,17456,1,1
2021-08-06 15:43:30.344,17452,17454,17456,1,1
2021-08-06 15:43:30.344,17452,17454,17456,2,2
2021-08-06 15:43:30.344,17452,17454,17456,1,1
2021-08-06 15:43:30.345,17452,17454,17455,1,1
2021-08-06 15:43:30.345,17452,17454,17455,1,1
2021-08-06 15:43:30.345,17452,17454,17456,1,1
2021-08-06 15:43:30.345,17452,17454,17456,1,1
2021-08-06 15:43:30.345,17452,17454,17456,1,1
2021-08-06 15:43:30.346,17452,17454,17456,1,1
2021-08-06 15:43:30.346,17452,17454,17456,1,1
2021-08-06 15:43:30.346,17452,17454,17456,2,2
2021-08-06 15:43:30.346,17452,17454,17456,2,2
2021-08-06 15:43:30.347,17452,17454,17456,1,1
2021-08-06 15:43:30.347,17452,17454,17456,1,1
2021-08-06 15:43:30.347,17452,17454,17456,3,3
2021-08-06 15:43:30.347,17452,17454,17456,1,1
2021-08-06 15:43:30.347,17452,17454,17456,1,1
2021-08-06 15:43:30.347,17452,17454,17456,1,1
2021-08-06 15:43:30.347,17452,17454,17456,1,1
2021-08-06 15:43:30.347,17452,17454,17456,1,1
2021-08-06 15:43:30.348,17452,17454,17456,1,1
2021-08-06 15:43:30.349,17452,17454,17456,1,1
2021-08-06 15:43:30.349,17452,17454,17456,1,1
2021-08-06 15:43:30.349,17452,17454,17457,1,1
2021-08-06 15:43:30.350,17452,17454,17457,1,1
2021-08-06 15:43:30.726,17455,17457,17457,1,1
2021-08-06 15:43:30.769,17455,17457,17457,1,1
2021-08-06 15:43:31.070,17455,17457,17456,1,-1
2021-08-06 15:43:32.125,17455,17457,17455,1,-1
2021-08-06 15:43:38.633,17455,17457,17455,1,-1
2021-08-06 15:43:39.962,17455,17457,17457,3,3
2021-08-06 15:43:39.967,17455,17457,17457,3,3
2021-08-06 15:43:39.968,17455,17457,17457,1,1
2021-08-06 15:43:39.968,17455,17457,17458,1,1
2021-08-06 15:43:39.968,17455,17457,17457,1,1
2021-08-06 15:43:39.968,17455,17457,17458,1,1
2021-08-06 15:43:39.968,17455,17457,17458,3,3
2021-08-06 15:43:39.968,17455,17457,17458,2,2
2021-08-06 15:43:39.968,17455,17457,17458,1,1
2021-08-06 15:43:39.968,17455,17457,17458,1,1
2021-08-06 15:43:39.968,17455,17457,17458,1,1
2021-08-06 15:43:39.968,17455,17457,17458,1,1
2021-08-06 15:43:39.969,17455,17457,17458,1,1
2021-08-06 15:43:39.969,17455,17457,17458,1,1
2021-08-06 15:43:39.969,17455,17457,17459,1,1
2021-08-06 15:43:39.969,17455,17457,17459,1,1
2021-08-06 15:43:39.969,17455,17457,17459,1,1
2021-08-06 15:43:39.969,17455,17457,17459,1,1
2021-08-06 15:43:39.969,17455,17457,17458,1,1
2021-08-06 15:43:39.969,17455,17457,17458,1,1
2021-08-06 15:43:39.970,17455,17457,17459,1,1
2021-08-06 15:43:39.970,17455,17457,17459,1,1
2021-08-06 15:43:39.970,17455,17457,17458,1,1
2021-08-06 15:43:40.019,17455,17457,17457,1,1
2021-08-06 15:43:40.149,17456,17458,17458,1,1
2021-08-06 15:43:40.149,17456,17458,17459,1,1
2021-08-06 15:43:40.194,17456,17458,17457,1,-1
2021-08-06 15:43:40.453,17456,17458,17458,1,1
2021-08-06 15:43:44.583,17456,17458,17456,5,-5
2021-08-06 15:43:45.196,17456,17457,17456,2,-2
2021-08-06 15:43:45.196,17456,17457,17455,1,-1
2021-08-06 15:43:47.497,17455,17456,17455,1,-1
2021-08-06 15:43:49.764,17455,17456,17455,1,-1
2021-08-06 15:43:49.843,17454,17456,17456,1,1
2021-08-06 15:43:49.843,17454,17456,17456,1,1
2021-08-06 15:43:49.843,17454,17456,17456,1,1
2021-08-06 15:43:49.843,17454,17456,17456,1,1
2021-08-06 15:43:49.843,17454,17456,17457,1,1
2021-08-06 15:43:49.845,17454,17456,17457,1,1
2021-08-06 15:43:55.919,17455,17456,17455,1,-1
2021-08-06 15:43:55.919,17455,17456,17454,15,-15
2021-08-06 15:43:55.919,17455,17456,17453,4,-4
2021-08-06 15:43:56.705,17453,17455,17455,1,1
2021-08-06 15:43:56.705,17453,17455,17456,2,2
2021-08-06 15:44:14.039,17455,17456,17456,2,2
2021-08-06 15:44:14.092,17455,17456,17456,1,1
2021-08-06 15:44:14.585,17455,17456,17456,3,3
2021-08-06 15:44:14.585,17455,17456,17457,1,1
2021-08-06 15:44:14.946,17455,17457,17457,1,1
2021-08-06 15:44:15.601,17455,17457,17457,2,2
2021-08-06 15:44:16.648,17455,17457,17457,2,2
2021-08-06 15:44:53.675,17455,17456,17455,2,-2
2021-08-06 15:44:53.675,17455,17456,17455,1,-1
2021-08-06 15:45:06.882,17454,17455,17454,3,-3
2021-08-06 15:45:07.664,17453,17455,17455,1,1
2021-08-06 15:45:10.341,17453,17455,17453,4,-4
2021-08-06 15:45:12.622,17453,17455,17453,1,-1
2021-08-06 15:45:19.870,17452,17453,17453,1,1
2021-08-06 15:45:25.817,17453,17455,17453,2,-2
2021-08-06 15:45:25.842,17452,17455,17452,1,-1
2021-08-06 15:45:50.676,17453,17454,17453,1,1
2021-08-06 15:45:55.370,17452,17454,17452,1,-1
2021-08-06 15:45:59.973,17452,17453,17453,1,1
2021-08-06 15:46:01.733,17453,17454,17453,1,-1
2021-08-06 15:46:25.144,17452,17453,17453,1,1
2021-08-06 15:46:25.203,17452,17453,17452,1,-1
2021-08-06 15:46:25.217,17452,17453,17453,1,1
2021-08-06 15:46:39.046,17453,17454,17454,1,1
2021-08-06 15:46:39.046,17453,17454,17454,1,1
2021-08-06 15:46:39.092,17454,17455,17455,1,1
2021-08-06 15:46:39.094,17454,17455,17455,1,1
2021-08-06 15:46:39.096,17454,17455,17455,1,1
2021-08-06 15:46:43.843,17453,17455,17455,1,1
2021-08-06 15:46:43.967,17453,17455,17455,1,1
2021-08-06 15:46:43.968,17453,17455,17455,1,1
2021-08-06 15:46:54.217,17454,17456,17456,1,1
2021-08-06 15:46:57.346,17454,17456,17454,3,-3
2021-08-06 15:47:07.304,17454,17455,17455,1,1
2021-08-06 15:47:07.343,17454,17455,17455,1,1
2021-08-06 15:47:09.962,17454,17455,17455,1,1
2021-08-06 15:47:14.519,17455,17456,17455,4,-4
2021-08-06 15:47:23.176,17453,17455,17455,1,1
2021-08-06 15:47:49.439,17454,17455,17454,1,-1
2021-08-06 15:47:51.333,17454,17455,17455,2,2
2021-08-06 15:47:52.612,17454,17455,17455,1,1
2021-08-06 15:48:00.622,17455,17456,17455,4,-4
2021-08-06 15:48:16.823,17455,17456,17455,1,-1
2021-08-06 15:48:20.020,17453,17456,17453,1,-1
2021-08-06 15:48:59.664,17453,17454,17453,2,-2
2021-08-06 15:49:02.146,17453,17454,17453,1,-1
2021-08-06 15:49:03.817,17453,17454,17453,1,-1
2021-08-06 15:49:03.817,17453,17454,17453,5,-5
2021-08-06 15:49:06.069,17452,17454,17452,2,-2
2021-08-06 15:49:27.705,17452,17453,17452,1,-1
2021-08-06 15:49:44.163,17452,17453,17452,1,-1
2021-08-06 15:49:44.218,17452,17453,17452,1,-1
2021-08-06 15:49:51.312,17452,17453,17453,2,2
2021-08-06 15:50:03.623,17452,17454,17453,1,-1
2021-08-06 15:50:21.035,17453,17454,17453,1,-1
2021-08-06 15:50:59.432,17453,17454,17453,1,-1
2021-08-06 15:51:16.307,17453,17454,17454,1,1
2021-08-06 15:51:16.307,17453,17454,17454,1,1
2021-08-06 15:51:16.307,17453,17454,17454,3,3
2021-08-06 15:51:16.307,17453,17454,17454,3,3
2021-08-06 15:51:16.307,17453,17454,17454,6,6
2021-08-06 15:51:16.308,17453,17454,17454,2,2
2021-08-06 15:51:16.308,17453,17454,17454,7,7
2021-08-06 15:51:37.416,17453,17455,17455,1,1
2021-08-06 15:51:43.234,17453,17455,17454,1,-1
2021-08-06 15:51:52.907,17453,17455,17455,2,2
2021-08-06 15:52:00.808,17453,17454,17453,4,-4
2021-08-06 15:52:26.772,17453,17454,17454,2,2
2021-08-06 15:52:27.215,17454,17455,17455,6,6
2021-08-06 15:52:54.706,17454,17455,17455,1,1
2021-08-06 15:52:54.706,17454,17455,17455,1,1
2021-08-06 15:52:58.595,17454,17455,17455,1,1
2021-08-06 15:52:58.595,17454,17455,17455,1,1
2021-08-06 15:52:58.707,17454,17455,17455,2,2
2021-08-06 15:52:58.707,17454,17455,17455,1,1
2021-08-06 15:53:03.314,17455,17456,17455,1,-1
2021-08-06 15:53:03.728,17455,17456,17455,1,-1
2021-08-06 15:53:11.257,17455,17456,17455,1,-1
2021-08-06 15:53:11.733,17455,17456,17456,2,2
2021-08-06 15:53:12.016,17455,17456,17456,13,13
2021-08-06 15:53:12.016,17455,17456,17456,3,3
2021-08-06 15:53:12.016,17455,17456,17456,1,1
2021-08-06 15:53:12.016,17455,17456,17456,1,1
2021-08-06 15:53:12.016,17455,17456,17456,9,9
2021-08-06 15:53:12.017,17455,17456,17456,1,1
2021-08-06 15:53:12.017,17455,17456,17456,4,4
2021-08-06 15:53:14.663,17456,17457,17456,1,-1
2021-08-06 15:53:27.584,17455,17457,17456,1,-1
2021-08-06 15:53:35.118,17455,17456,17456,1,1
2021-08-06 15:53:38.122,17455,17456,17456,1,1
2021-08-06 15:53:38.122,17455,17456,17456,1,1
2021-08-06 15:53:49.649,17455,17456,17456,1,1
2021-08-06 15:53:49.649,17455,17456,17456,1,1
2021-08-06 15:53:51.187,17455,17456,17456,3,3
2021-08-06 15:54:08.243,17456,17457,17457,2,2
2021-08-06 15:54:08.645,17456,17457,17457,3,3
2021-08-06 15:54:12.287,17456,17457,17457,5,5
2021-08-06 15:54:12.288,17456,17457,17457,1,1
2021-08-06 15:54:12.919,17456,17457,17457,2,2
2021-08-06 15:54:12.919,17456,17457,17457,1,1
2021-08-06 15:54:19.081,17456,17457,17457,8,8
2021-08-06 15:54:23.135,17457,17458,17457,1,-1
2021-08-06 15:54:26.497,17457,17458,17458,2,2
2021-08-06 15:54:30.491,17457,17458,17457,2,-2
2021-08-06 15:54:30.492,17457,17458,17457,2,-2
2021-08-06 15:54:30.492,17457,17458,17457,1,-1
2021-08-06 15:54:30.746,17456,17458,17458,1,1
2021-08-06 15:54:31.551,17456,17458,17457,1,-1
2021-08-06 15:54:36.562,17456,17457,17457,3,3
2021-08-06 15:54:36.562,17456,17457,17458,2,2
2021-08-06 15:54:39.268,17457,17458,17457,1,-1
2021-08-06 15:54:41.423,17456,17458,17458,1,1
2021-08-06 15:54:46.798,17456,17457,17456,1,-1
2021-08-06 15:54:50.200,17456,17457,17456,1,-1
2021-08-06 15:54:50.200,17456,17457,17456,2,-2
2021-08-06 15:54:50.939,17455,17456,17456,1,1
2021-08-06 15:54:55.603,17455,17457,17456,2,-2
2021-08-06 15:55:00.953,17455,17457,17456,1,-1
2021-08-06 15:55:05.016,17455,17456,17456,1,1
2021-08-06 15:55:14.139,17455,17456,17455,1,-1
2021-08-06 15:55:30.593,17455,17456,17456,1,1
2021-08-06 15:55:37.691,17456,17457,17456,1,-1
2021-08-06 15:56:12.779,17456,17457,17456,2,-2
2021-08-06 15:56:21.136,17455,17456,17456,1,1
2021-08-06 15:56:31.119,17456,17457,17456,1,-1
2021-08-06 15:57:12.622,17456,17457,17456,1,-1
2021-08-06 15:57:18.205,17456,17457,17456,5,-5
2021-08-06 15:57:34.619,17455,17456,17456,1,1
2021-08-06 15:57:35.524,17455,17456,17456,1,1
2021-08-06 15:57:39.748,17455,17456,17456,1,1
2021-08-06 15:57:56.629,17455,17456,17456,3,3
2021-08-06 15:57:57.303,17456,17457,17456,2,-2
2021-08-06 15:58:07.810,17455,17456,17455,1,-1
2021-08-06 15:58:07.810,17455,17456,17455,1,-1
2021-08-06 15:58:07.810,17455,17456,17455,2,-2
2021-08-06 15:58:07.810,17455,17456,17455,1,-1
2021-08-06 15:58:07.810,17455,17456,17455,7,-7
2021-08-06 15:58:11.812,17454,17455,17454,1,-1
2021-08-06 15:58:48.475,17453,17454,17454,1,1
2021-08-06 15:58:48.864,17453,17454,17454,1,1
2021-08-06 15:59:07.244,17453,17454,17453,5,-5
2021-08-06 15:59:07.341,17453,17454,17453,2,-2
2021-08-06 15:59:10.301,17453,17454,17453,1,-1
2021-08-06 15:59:18.702,17453,17454,17453,2,-2
2021-08-06 15:59:22.556,17453,17454,17453,1,-1
2021-08-06 15:59:26.166,17453,17454,17454,1,1
2021-08-06 15:59:26.166,17453,17454,17454,7,7
2021-08-06 15:59:26.166,17453,17454,17454,1,1
2021-08-06 15:59:26.166,17453,17454,17454,1,1
2021-08-06 15:59:26.166,17453,17454,17454,1,1
2021-08-06 15:59:26.166,17453,17454,17454,2,2
2021-08-06 15:59:26.166,17453,17454,17454,2,2
2021-08-06 15:59:26.167,17453,17454,17454,2,2
2021-08-06 15:59:26.167,17453,17454,17454,1,1
2021-08-06 15:59:26.167,17453,17454,17454,1,1
2021-08-06 15:59:38.078,17454,17455,17455,1,1
2021-08-06 15:59:38.079,17454,17455,17455,1,1
2021-08-06 15:59:39.079,17455,17456,17455,7,-7
2021-08-06 15:59:55.972,17453,17455,17455,1,1
2021-08-06 16:00:43.249,17453,17454,17453,1,-1
2021-08-06 16:00:43.251,17453,17454,17453,2,-2
2021-08-06 16:00:45.141,17452,17453,17453,1,1
2021-08-06 16:00:45.226,17452,17453,17452,1,-1
2021-08-06 16:00:52.306,17452,17453,17452,1,-1
2021-08-06 16:00:53.428,17452,17453,17452,1,-1
2021-08-06 16:00:54.481,17452,17453,17452,1,-1
2021-08-06 16:00:56.807,17452,17453,17452,1,-1
2021-08-06 16:00:56.808,17452,17453,17452,4,-4
2021-08-06 16:01:02.066,17451,17452,17452,2,2
2021-08-06 16:01:03.986,17451,17452,17451,1,-1
2021-08-06 16:01:10.544,17452,17453,17453,1,1
2021-08-06 16:01:11.364,17451,17453,17451,10,-10
2021-08-06 16:01:15.863,17450,17451,17451,3,3
2021-08-06 16:01:21.123,17450,17451,17451,2,2
2021-08-06 16:01:28.685,17451,17453,17451,1,-1
2021-08-06 16:01:29.700,17451,17453,17451,1,-1
2021-08-06 16:01:37.272,17451,17453,17451,1,-1
2021-08-06 16:01:37.306,17451,17453,17451,1,-1
2021-08-06 16:02:03.729,17451,17452,17451,2,-2
2021-08-06 16:02:07.604,17451,17452,17451,1,-1
2021-08-06 16:02:27.869,17450,17451,17450,1,-1
2021-08-06 16:02:30.527,17450,17451,17451,1,1
2021-08-06 16:02:53.173,17450,17451,17451,2,2
2021-08-06 16:03:21.872,17451,17452,17452,1,1
2021-08-06 16:03:32.950,17452,17453,17453,1,1
2021-08-06 16:03:54.668,17453,17455,17453,1,-1
2021-08-06 16:04:01.359,17453,17454,17453,1,-1
2021-08-06 16:04:15.329,17452,17453,17452,1,-1
2021-08-06 16:04:15.330,17452,17453,17452,2,-2
2021-08-06 16:04:20.514,17451,17452,17451,2,-2
2021-08-06 16:04:29.442,17451,17452,17451,1,-1
2021-08-06 16:04:39.698,17450,17451,17450,1,-1
2021-08-06 16:04:39.933,17450,17451,17451,1,1
2021-08-06 16:04:44.411,17450,17451,17451,2,2
2021-08-06 16:04:44.411,17450,17451,17451,2,2
2021-08-06 16:05:02.511,17451,17453,17451,2,-2
2021-08-06 16:05:27.310,17452,17453,17453,1,1
2021-08-06 16:06:00.725,17453,17454,17454,1,1
2021-08-06 16:06:03.631,17453,17454,17453,1,-1
2021-08-06 16:06:15.887,17451,17453,17453,4,4
2021-08-06 16:06:17.258,17453,17454,17453,1,-1
2021-08-06 16:06:21.514,17453,17454,17453,1,-1
2021-08-06 16:07:06.291,17452,17453,17452,1,-1
2021-08-06 16:07:14.520,17452,17453,17453,1,1
2021-08-06 16:07:23.054,17451,17452,17452,1,1
2021-08-06 16:07:28.286,17451,17452,17452,1,1
2021-08-06 16:07:30.509,17451,17452,17452,1,1
2021-08-06 16:07:48.470,17451,17452,17451,1,-1
2021-08-06 16:07:58.335,17451,17452,17451,1,-1
2021-08-06 16:07:59.428,17451,17452,17451,2,-2
2021-08-06 16:07:59.428,17451,17452,17451,1,-1
2021-08-06 16:08:01.481,17450,17452,17450,4,-4
2021-08-06 16:08:05.014,17450,17451,17450,5,-5
2021-08-06 16:08:05.941,17450,17451,17450,5,-5
2021-08-06 16:08:07.398,17450,17451,17450,1,-1
2021-08-06 16:08:27.572,17449,17450,17449,1,-1
2021-08-06 16:08:32.702,17449,17450,17449,4,-4
2021-08-06 16:08:32.702,17449,17450,17448,1,-1
2021-08-06 16:08:45.403,17448,17449,17448,1,-1
2021-08-06 16:08:48.497,17448,17449,17448,2,-2
2021-08-06 16:08:49.842,17448,17449,17449,1,1
2021-08-06 16:09:07.151,17448,17449,17448,1,-1
2021-08-06 16:09:14.191,17448,17449,17449,1,1
2021-08-06 16:09:19.560,17448,17449,17449,1,1
2021-08-06 16:09:37.658,17448,17449,17449,1,1
2021-08-06 16:09:38.050,17448,17449,17448,1,-1
2021-08-06 16:09:42.373,17448,17449,17449,1,1
2021-08-06 16:10:09.815,17449,17450,17449,1,-1
2021-08-06 16:10:09.815,17449,17450,17448,12,-12
2021-08-06 16:10:09.815,17449,17450,17447,2,-2
2021-08-06 16:10:12.759,17447,17449,17447,1,-1
2021-08-06 16:10:22.431,17447,17448,17447,1,-1
2021-08-06 16:10:24.776,17447,17448,17447,1,-1
2021-08-06 16:10:25.423,17447,17448,17448,1,1
2021-08-06 16:10:28.816,17447,17448,17447,2,-2
2021-08-06 16:10:29.407,17447,17448,17448,3,3
2021-08-06 16:10:41.032,17448,17449,17448,1,-1
2021-08-06 16:10:44.719,17448,17449,17448,1,-1
2021-08-06 16:11:12.075,17448,17449,17449,1,1
2021-08-06 16:11:15.372,17448,17449,17449,1,1
2021-08-06 16:11:18.114,17448,17449,17449,1,1
2021-08-06 16:11:19.070,17448,17449,17449,1,1
2021-08-06 16:11:36.271,17448,17450,17448,4,-4
2021-08-06 16:11:37.254,17449,17450,17449,1,1
2021-08-06 16:11:37.254,17449,17450,17448,1,-1
2021-08-06 16:11:37.342,17447,17449,17449,1,1
2021-08-06 16:11:37.343,17447,17449,17450,1,1
2021-08-06 16:11:37.343,17447,17449,17450,1,1
2021-08-06 16:11:38.733,17448,17450,17450,1,1
2021-08-06 16:11:39.101,17448,17450,17448,4,-4
2021-08-06 16:11:39.101,17448,17450,17447,2,-2
2021-08-06 16:11:40.710,17447,17448,17447,5,-5
2021-08-06 16:11:41.023,17447,17448,17447,2,-2
2021-08-06 16:11:41.977,17447,17448,17447,1,-1
2021-08-06 16:11:42.707,17447,17448,17447,1,-1
2021-08-06 16:11:43.766,17447,17448,17447,1,-1
2021-08-06 16:11:44.042,17447,17448,17447,3,-3
2021-08-06 16:11:44.454,17447,17448,17447,1,-1
2021-08-06 16:11:45.088,17447,17448,17447,4,-4
2021-08-06 16:11:45.089,17447,17448,17447,1,-1
2021-08-06 16:11:46.590,17447,17448,17447,1,-1
2021-08-06 16:11:46.770,17447,17448,17447,1,-1
2021-08-06 16:11:46.968,17447,17448,17447,1,-1
2021-08-06 16:11:47.149,17447,17448,17447,1,-1
2021-08-06 16:11:47.218,17447,17448,17448,1,1
2021-08-06 16:11:47.218,17447,17448,17448,1,1
2021-08-06 16:11:47.218,17447,17448,17448,1,1
2021-08-06 16:11:47.219,17447,17448,17448,2,2
2021-08-06 16:11:47.346,17447,17449,17447,1,-1
2021-08-06 16:11:48.203,17447,17449,17447,1,-1
2021-08-06 16:11:48.780,17447,17449,17447,1,-1
2021-08-06 16:11:51.183,17447,17448,17447,1,-1
2021-08-06 16:11:51.424,17447,17448,17447,1,-1
2021-08-06 16:11:53.476,17447,17448,17447,1,-1
2021-08-06 16:11:54.396,17447,17448,17447,2,-2
2021-08-06 16:12:00.149,17446,17447,17447,2,2
2021-08-06 16:12:05.513,17446,17447,17446,1,-1
2021-08-06 16:12:08.760,17446,17447,17446,3,-3
2021-08-06 16:12:13.405,17446,17447,17446,5,-5
2021-08-06 16:12:13.406,17446,17447,17446,1,-1
2021-08-06 16:12:14.580,17445,17446,17445,2,-2
2021-08-06 16:12:14.686,17445,17446,17445,2,-2
2021-08-06 16:12:14.705,17445,17446,17445,5,-5
2021-08-06 16:12:14.776,17445,17446,17445,5,-5
2021-08-06 16:12:14.776,17445,17446,17445,3,-3
2021-08-06 16:12:14.776,17445,17446,17445,2,-2
2021-08-06 16:12:14.776,17445,17446,17445,3,-3
2021-08-06 16:12:15.308,17444,17445,17444,1,-1
2021-08-06 16:12:15.464,17444,17445,17444,1,-1
2021-08-06 16:12:17.635,17444,17445,17444,3,-3
2021-08-06 16:12:17.636,17444,17445,17444,1,-1
2021-08-06 16:12:18.067,17444,17445,17444,5,-5
2021-08-06 16:12:18.067,17444,17445,17444,1,-1
2021-08-06 16:12:22.321,17444,17446,17444,1,-1
2021-08-06 16:12:24.280,17444,17446,17445,1,1
2021-08-06 16:12:27.466,17444,17445,17445,1,1
2021-08-06 16:12:29.964,17444,17446,17446,20,20
2021-08-06 16:12:32.113,17446,17447,17446,1,-1
2021-08-06 16:12:33.292,17445,17447,17445,5,-5
2021-08-06 16:12:40.980,17445,17447,17446,1,1
2021-08-06 16:12:42.599,17445,17447,17446,1,-1
2021-08-06 16:12:42.646,17445,17447,17447,2,2
2021-08-06 16:12:47.404,17446,17449,17447,1,-1
2021-08-06 16:12:47.615,17447,17449,17447,1,-1
2021-08-06 16:12:52.334,17447,17449,17447,1,-1
2021-08-06 16:12:55.947,17446,17448,17446,1,-1
2021-08-06 16:13:08.713,17447,17449,17447,1,1
2021-08-06 16:13:29.474,17448,17449,17448,1,1
2021-08-06 16:13:34.413,17448,17449,17448,1,-1
2021-08-06 16:13:44.809,17447,17449,17447,1,-1
2021-08-06 16:13:57.204,17447,17448,17448,1,1
2021-08-06 16:14:01.150,17447,17449,17447,1,-1
2021-08-06 16:14:07.585,17447,17448,17448,1,1
2021-08-06 16:14:15.453,17447,17448,17448,1,1
2021-08-06 16:14:23.280,17448,17449,17448,1,-1
2021-08-06 16:14:33.973,17448,17449,17448,1,-1
2021-08-06 16:14:39.964,17448,17449,17448,1,-1
2021-08-06 16:14:59.950,17448,17449,17448,1,-1
2021-08-06 16:15:03.203,17448,17449,17449,2,2
2021-08-06 16:15:03.203,17448,17449,17449,1,1
2021-08-06 16:15:23.498,17449,17450,17450,1,1
2021-08-06 16:15:29.915,17449,17450,17450,1,1
2021-08-06 16:15:41.053,17450,17451,17451,1,1
2021-08-06 16:15:52.789,17450,17451,17451,1,1
2021-08-06 16:15:58.580,17450,17451,17450,1,-1
2021-08-06 16:16:10.704,17450,17451,17451,20,20
2021-08-06 16:16:11.288,17450,17452,17452,2,2
2021-08-06 16:16:51.450,17451,17452,17452,1,1
2021-08-06 16:16:52.573,17451,17452,17452,14,14
2021-08-06 16:16:59.591,17452,17453,17453,11,11
2021-08-06 16:16:59.591,17452,17453,17453,17,17
2021-08-06 16:16:59.750,17452,17454,17454,1,1
2021-08-06 16:16:59.750,17452,17454,17454,1,1
2021-08-06 16:16:59.750,17452,17454,17454,1,1
2021-08-06 16:16:59.751,17452,17454,17455,1,1
2021-08-06 16:16:59.751,17452,17454,17455,1,1
2021-08-06 16:17:05.166,17453,17454,17453,4,-4
2021-08-06 16:17:05.166,17453,17454,17452,6,-6
2021-08-06 16:17:05.219,17452,17454,17454,1,1
2021-08-06 16:17:05.226,17452,17454,17454,1,1
2021-08-06 16:17:22.326,17453,17454,17454,1,1
2021-08-06 16:17:22.344,17453,17454,17454,1,1
2021-08-06 16:17:22.344,17453,17454,17454,1,1
2021-08-06 16:17:22.680,17453,17454,17453,2,-2
2021-08-06 16:17:23.805,17452,17453,17453,1,1
2021-08-06 16:17:23.843,17453,17454,17454,1,1
2021-08-06 16:17:38.873,17453,17454,17454,1,1
2021-08-06 16:17:38.873,17453,17454,17454,1,1
2021-08-06 16:17:44.591,17454,17455,17454,1,-1
2021-08-06 16:17:44.719,17453,17455,17455,1,1
2021-08-06 16:17:56.245,17454,17455,17455,1,1
2021-08-06 16:18:01.682,17454,17455,17455,2,2
2021-08-06 16:18:01.718,17454,17455,17455,1,1
2021-08-06 16:18:01.718,17454,17455,17455,1,1
2021-08-06 16:18:16.455,17454,17455,17455,9,9
2021-08-06 16:18:16.456,17454,17455,17455,1,1
2021-08-06 16:18:17.138,17454,17455,17454,1,-1
2021-08-06 16:18:29.191,17454,17455,17454,1,-1
2021-08-06 16:18:32.874,17454,17455,17454,1,-1
2021-08-06 16:18:47.930,17453,17454,17454,2,2
2021-08-06 16:18:49.299,17453,17454,17453,1,-1
2021-08-06 16:18:49.525,17453,17454,17454,1,1
2021-08-06 16:19:01.377,17453,17454,17453,1,-1
2021-08-06 16:19:08.490,17453,17454,17453,4,-4
2021-08-06 16:19:08.490,17453,17454,17453,2,-2
2021-08-06 16:19:08.490,17453,17454,17453,1,-1
2021-08-06 16:19:08.490,17453,17454,17453,2,-2
2021-08-06 16:19:08.491,17453,17454,17453,3,-3
2021-08-06 16:19:08.491,17453,17454,17453,1,-1
2021-08-06 16:19:08.491,17453,17454,17453,10,-10
2021-08-06 16:19:23.810,17452,17453,17452,1,-1
2021-08-06 16:19:26.630,17452,17453,17452,1,-1
2021-08-06 16:19:44.727,17451,17452,17452,1,1
2021-08-06 16:19:44.928,17451,17452,17452,3,3
2021-08-06 16:20:01.762,17452,17454,17452,1,-1
2021-08-06 16:20:02.245,17452,17454,17454,1,1
2021-08-06 16:20:06.024,17453,17454,17453,1,-1
2021-08-06 16:20:34.098,17452,17453,17453,2,2
2021-08-06 16:20:53.986,17453,17454,17453,1,-1
2021-08-06 16:21:00.026,17453,17454,17454,2,2
2021-08-06 16:21:00.026,17453,17454,17455,1,1
2021-08-06 16:21:23.222,17453,17455,17453,11,-11
2021-08-06 16:21:32.480,17452,17453,17453,4,4
2021-08-06 16:21:43.287,17453,17455,17455,2,2
2021-08-06 16:21:59.614,17453,17454,17453,1,-1
2021-08-06 16:22:06.571,17453,17454,17453,1,-1
2021-08-06 16:22:12.741,17453,17454,17454,1,1
2021-08-06 16:22:27.028,17453,17454,17454,9,9
2021-08-06 16:22:27.028,17453,17454,17455,1,1
2021-08-06 16:22:28.492,17454,17455,17454,2,-2
2021-08-06 16:22:32.518,17454,17455,17454,1,-1
2021-08-06 16:22:50.404,17453,17455,17455,2,2
2021-08-06 16:22:58.527,17453,17455,17454,1,-1
2021-08-06 16:23:22.326,17454,17455,17454,1,-1
2021-08-06 16:23:26.608,17454,17455,17454,2,-2
2021-08-06 16:23:26.608,17454,17455,17453,5,-5
2021-08-06 16:23:54.513,17453,17454,17454,2,2
2021-08-06 16:24:01.313,17454,17455,17454,1,-1
2021-08-06 16:24:08.474,17454,17455,17454,2,-2
2021-08-06 16:24:13.754,17454,17455,17454,4,-4
2021-08-06 16:24:29.694,17454,17455,17454,1,-1
2021-08-06 16:24:36.531,17454,17455,17454,1,-1
2021-08-06 16:24:40.303,17454,17455,17454,1,-1
2021-08-06 16:24:40.547,17454,17455,17454,1,-1
2021-08-06 16:24:42.750,17454,17455,17454,1,-1
2021-08-06 16:24:52.984,17454,17455,17455,2,2
2021-08-06 16:24:57.638,17454,17455,17454,1,-1
2021-08-06 16:24:57.638,17454,17455,17453,1,-1
2021-08-06 16:24:57.673,17454,17455,17453,2,-2
2021-08-06 16:24:57.706,17454,17455,17453,2,-2
2021-08-06 16:24:57.739,17453,17455,17453,2,-2
2021-08-06 16:24:57.772,17453,17455,17453,2,-2
2021-08-06 16:25:28.629,17453,17454,17453,1,-1
2021-08-06 16:25:28.906,17453,17454,17454,1,1
2021-08-06 16:25:29.148,17453,17455,17455,1,1
2021-08-06 16:26:16.828,17454,17455,17455,10,10
2021-08-06 16:26:16.828,17454,17455,17455,18,18
2021-08-06 16:26:16.828,17454,17455,17455,4,4
2021-08-06 16:26:16.841,17455,17456,17456,2,2
2021-08-06 16:26:16.841,17455,17456,17456,1,1
2021-08-06 16:26:16.841,17455,17456,17456,2,2
2021-08-06 16:26:16.842,17455,17456,17456,1,1
2021-08-06 16:26:16.842,17455,17456,17456,2,2
2021-08-06 16:26:16.842,17455,17456,17456,11,11
2021-08-06 16:26:16.846,17455,17456,17457,1,1
2021-08-06 16:26:16.846,17455,17456,17457,1,1
2021-08-06 16:26:16.846,17455,17456,17457,1,1
2021-08-06 16:26:17.025,17456,17457,17457,3,3
2021-08-06 16:26:17.026,17456,17457,17457,1,1
2021-08-06 16:26:17.026,17456,17457,17457,1,1
2021-08-06 16:26:17.026,17456,17457,17457,1,1
2021-08-06 16:26:17.048,17456,17457,17457,1,1
2021-08-06 16:26:17.093,17456,17457,17457,1,1
2021-08-06 16:26:17.093,17456,17457,17457,1,1
2021-08-06 16:26:17.093,17456,17457,17457,1,1
2021-08-06 16:26:17.093,17456,17457,17457,1,1
2021-08-06 16:26:17.093,17456,17457,17457,1,1
2021-08-06 16:26:17.093,17456,17457,17457,1,1
2021-08-06 16:26:17.094,17456,17457,17457,1,1
2021-08-06 16:26:17.094,17456,17457,17458,1,1
2021-08-06 16:26:17.182,17456,17457,17457,3,3
2021-08-06 16:26:17.244,17457,17458,17458,5,5
2021-08-06 16:26:17.263,17457,17458,17458,5,5
2021-08-06 16:26:17.263,17457,17458,17458,1,1
2021-08-06 16:26:17.263,17457,17458,17458,5,5
2021-08-06 16:26:17.264,17457,17458,17458,3,3
2021-08-06 16:26:17.264,17457,17458,17458,1,1
2021-08-06 16:26:17.264,17457,17458,17458,2,2
2021-08-06 16:26:17.264,17457,17458,17458,1,1
2021-08-06 16:26:17.264,17457,17458,17458,4,4
2021-08-06 16:26:17.264,17457,17458,17458,1,1
2021-08-06 16:26:17.264,17457,17458,17458,2,2
2021-08-06 16:26:17.265,17457,17458,17458,1,1
2021-08-06 16:26:17.265,17457,17458,17458,2,2
2021-08-06 16:26:17.284,17457,17458,17459,5,5
2021-08-06 16:26:17.534,17458,17459,17459,1,1
2021-08-06 16:26:18.433,17458,17459,17458,2,-2
2021-08-06 16:26:20.080,17458,17459,17458,3,-3
2021-08-06 16:26:21.637,17457,17458,17457,1,-1
2021-08-06 16:26:21.972,17457,17458,17458,3,3
2021-08-06 16:26:25.756,17458,17459,17458,1,-1
2021-08-06 16:26:27.978,17458,17459,17459,8,8
2021-08-06 16:26:27.978,17458,17459,17459,2,2
2021-08-06 16:26:56.423,17458,17459,17459,1,1
2021-08-06 16:26:56.423,17458,17459,17459,2,2
2021-08-06 16:26:56.467,17458,17459,17459,1,1
2021-08-06 16:26:56.469,17458,17459,17459,1,1
2021-08-06 16:27:00.439,17458,17459,17459,1,1
2021-08-06 16:27:00.439,17458,17459,17459,2,2
2021-08-06 16:27:00.468,17458,17459,17459,1,1
2021-08-06 16:27:00.468,17458,17459,17459,1,1
2021-08-06 16:27:01.437,17458,17460,17459,2,-2
2021-08-06 16:27:02.064,17458,17459,17459,2,2
2021-08-06 16:27:02.064,17458,17459,17459,2,2
2021-08-06 16:27:05.670,17458,17459,17459,1,1
2021-08-06 16:27:05.670,17458,17459,17459,1,1
2021-08-06 16:27:06.025,17458,17459,17459,1,1
2021-08-06 16:27:06.025,17458,17459,17459,1,1
2021-08-06 16:27:07.011,17458,17459,17458,3,-3
2021-08-06 16:27:13.386,17457,17458,17458,2,2
2021-08-06 16:27:13.386,17457,17458,17458,1,1
2021-08-06 16:27:20.553,17457,17458,17458,1,1
2021-08-06 16:27:25.907,17457,17458,17458,1,1
2021-08-06 16:27:25.967,17457,17459,17459,1,1
2021-08-06 16:27:42.169,17458,17459,17459,2,2
2021-08-06 16:27:42.484,17458,17459,17459,1,1
2021-08-06 16:27:47.817,17458,17459,17459,3,3
2021-08-06 16:27:48.801,17458,17459,17459,1,1
2021-08-06 16:27:54.510,17459,17460,17460,16,16
2021-08-06 16:27:54.510,17459,17460,17460,1,1
2021-08-06 16:27:54.510,17459,17460,17460,4,4
2021-08-06 16:27:54.510,17459,17460,17460,3,3
2021-08-06 16:27:54.510,17459,17460,17460,9,9
2021-08-06 16:27:54.511,17459,17460,17460,3,3
2021-08-06 16:27:54.511,17459,17460,17460,1,1
2021-08-06 16:27:54.511,17459,17460,17460,19,19
2021-08-06 16:27:54.511,17459,17460,17460,1,1
2021-08-06 16:27:54.511,17459,17460,17460,2,2
2021-08-06 16:27:54.511,17459,17460,17460,1,1
2021-08-06 16:27:54.511,17459,17460,17460,1,1
2021-08-06 16:27:54.511,17459,17460,17460,1,1
2021-08-06 16:27:54.804,17460,17461,17461,4,4
2021-08-06 16:27:54.804,17460,17461,17461,1,1
2021-08-06 16:27:54.863,17460,17461,17461,1,1
2021-08-06 16:27:54.864,17460,17461,17461,2,2
2021-08-06 16:27:54.864,17460,17461,17461,1,1
2021-08-06 16:27:54.864,17460,17461,17461,1,1
2021-08-06 16:27:54.885,17460,17461,17461,1,1
2021-08-06 16:27:54.885,17460,17461,17462,1,1
2021-08-06 16:27:54.984,17461,17462,17462,1,1
2021-08-06 16:27:55.118,17461,17462,17462,4,4
2021-08-06 16:27:55.203,17461,17462,17462,1,1
2021-08-06 16:27:55.203,17461,17462,17462,1,1
2021-08-06 16:27:57.276,17461,17462,17462,2,2
2021-08-06 16:27:59.398,17461,17462,17462,1,1
2021-08-06 16:28:02.771,17461,17462,17462,1,1
2021-08-06 16:28:03.353,17461,17462,17462,4,4
2021-08-06 16:28:03.353,17461,17462,17462,1,1
2021-08-06 16:28:03.466,17461,17462,17462,3,3
2021-08-06 16:28:03.535,17461,17462,17463,1,1
2021-08-06 16:28:03.628,17461,17463,17463,3,3
2021-08-06 16:28:03.649,17461,17463,17463,2,2
2021-08-06 16:28:03.700,17461,17463,17463,2,2
2021-08-06 16:28:03.701,17461,17463,17463,1,1
2021-08-06 16:28:04.353,17462,17463,17463,2,2
2021-08-06 16:28:04.353,17462,17463,17463,1,1
2021-08-06 16:28:05.370,17462,17463,17463,2,2
2021-08-06 16:28:05.370,17462,17463,17463,1,1
2021-08-06 16:28:06.106,17462,17463,17462,1,-1
2021-08-06 16:28:06.619,17462,17463,17462,1,-1
2021-08-06 16:28:07.548,17462,17463,17463,1,1
2021-08-06 16:28:14.570,17462,17463,17463,1,1
2021-08-06 16:28:14.954,17462,17463,17463,1,1
2021-08-06 16:28:15.150,17462,17463,17463,1,1
2021-08-06 16:28:15.316,17462,17463,17463,1,1
2021-08-06 16:28:15.800,17462,17463,17463,1,1
2021-08-06 16:28:16.750,17462,17463,17463,1,1
2021-08-06 16:28:18.907,17462,17463,17463,1,1
2021-08-06 16:28:20.904,17462,17463,17463,2,2
2021-08-06 16:28:25.544,17462,17463,17462,1,-1
2021-08-06 16:28:27.038,17462,17463,17462,1,-1
2021-08-06 16:28:29.756,17462,17463,17463,4,4
2021-08-06 16:28:30.615,17462,17463,17462,2,-2
2021-08-06 16:28:34.417,17462,17463,17463,7,7
2021-08-06 16:28:34.589,17462,17463,17462,1,-1
2021-08-06 16:28:39.579,17462,17463,17462,1,-1
2021-08-06 16:28:39.676,17462,17463,17463,7,7
2021-08-06 16:28:39.773,17462,17463,17463,3,3
2021-08-06 16:28:39.773,17462,17463,17463,1,1
2021-08-06 16:28:40.457,17462,17463,17463,2,2
2021-08-06 16:28:40.457,17462,17463,17463,1,1
2021-08-06 16:28:40.466,17462,17463,17463,9,9
2021-08-06 16:28:41.685,17462,17464,17463,3,-3
2021-08-06 16:28:41.685,17462,17464,17462,1,-1
2021-08-06 16:28:41.800,17462,17464,17462,5,-5
2021-08-06 16:28:41.800,17462,17464,17461,3,-3
2021-08-06 16:28:41.938,17461,17463,17463,3,3
2021-08-06 16:28:43.123,17462,17464,17464,7,7
2021-08-06 16:28:45.657,17462,17464,17463,1,-1
2021-08-06 16:28:52.292,17462,17464,17463,1,-1
2021-08-06 16:28:53.864,17462,17464,17464,1,1
2021-08-06 16:28:56.123,17463,17464,17464,4,4
2021-08-06 16:28:56.123,17463,17464,17464,1,1
2021-08-06 16:28:56.442,17463,17464,17464,1,1
2021-08-06 16:28:56.442,17463,17464,17465,2,2
2021-08-06 16:28:56.605,17463,17465,17465,1,1
2021-08-06 16:28:59.649,17463,17464,17464,1,1
2021-08-06 16:28:59.649,17463,17464,17464,1,1
2021-08-06 16:28:59.864,17463,17465,17464,1,-1
2021-08-06 16:29:03.012,17463,17464,17464,1,1
2021-08-06 16:29:03.804,17463,17464,17464,1,1
2021-08-06 16:29:04.827,17463,17464,17463,9,-9
2021-08-06 16:29:04.937,17462,17464,17462,1,-1
2021-08-06 16:29:06.189,17462,17463,17462,1,-1
2021-08-06 16:29:06.650,17462,17463,17463,1,1
2021-08-06 16:29:08.456,17462,17463,17463,1,1
2021-08-06 16:29:08.656,17462,17463,17463,2,2
2021-08-06 16:29:09.239,17462,17463,17462,1,-1
2021-08-06 16:29:09.239,17462,17463,17461,9,-9
2021-08-06 16:29:10.994,17461,17462,17462,2,2
2021-08-06 16:29:17.130,17461,17462,17461,1,-1
2021-08-06 16:29:26.058,17461,17462,17461,1,-1
2021-08-06 16:29:30.495,17461,17462,17461,1,-1
2021-08-06 16:29:30.768,17461,17462,17462,1,1
2021-08-06 16:29:40.114,17461,17462,17462,1,1
2021-08-06 16:29:40.424,17461,17462,17462,3,3
2021-08-06 16:29:40.463,17461,17462,17462,3,3
2021-08-06 16:30:00.386,17461,17462,17461,5,-5
2021-08-06 16:30:00.388,17461,17462,17461,3,-3
2021-08-06 16:30:00.668,17460,17462,17462,3,3
2021-08-06 16:30:02.760,17460,17462,17462,3,3
2021-08-06 16:30:03.160,17460,17462,17462,3,3
2021-08-06 16:30:17.273,17460,17461,17460,1,-1
2021-08-06 16:30:24.540,17460,17461,17460,1,-1
2021-08-06 16:30:26.659,17459,17461,17459,1,-1
2021-08-06 16:30:31.750,17459,17460,17459,3,-3
2021-08-06 16:30:31.751,17459,17460,17459,2,-2
2021-08-06 16:30:32.058,17458,17460,17460,1,1
2021-08-06 16:30:39.782,17458,17460,17460,3,3
2021-08-06 16:30:48.427,17459,17460,17460,3,3
2021-08-06 16:30:51.230,17459,17460,17460,1,1
2021-08-06 16:30:53.274,17459,17461,17460,1,-1
2021-08-06 16:30:53.807,17459,17461,17460,1,-1
2021-08-06 16:30:55.782,17459,17461,17460,1,-1
2021-08-06 16:31:00.185,17460,17461,17461,4,4
2021-08-06 16:31:00.848,17460,17461,17461,2,2
2021-08-06 16:31:00.848,17460,17461,17461,1,1
2021-08-06 16:31:02.015,17460,17462,17461,1,-1
2021-08-06 16:31:14.735,17460,17462,17460,1,-1
2021-08-06 16:31:42.054,17461,17462,17462,12,12
2021-08-06 16:31:42.165,17462,17463,17463,3,3
2021-08-06 16:31:56.769,17462,17463,17463,1,1
2021-08-06 16:31:57.017,17462,17463,17463,3,3
2021-08-06 16:31:59.304,17462,17463,17463,1,1
2021-08-06 16:31:59.378,17462,17463,17463,2,2
2021-08-06 16:32:00.944,17463,17464,17463,1,-1
2021-08-06 16:32:05.290,17463,17464,17464,3,3
2021-08-06 16:32:05.386,17463,17464,17463,1,-1
2021-08-06 16:32:06.765,17463,17464,17463,1,-1
2021-08-06 16:32:07.177,17463,17464,17464,1,1
2021-08-06 16:32:13.261,17463,17464,17463,1,-1
2021-08-06 16:32:15.654,17463,17464,17463,2,-2
2021-08-06 16:32:15.941,17462,17464,17464,1,1
2021-08-06 16:32:19.624,17462,17463,17463,1,1
2021-08-06 16:32:32.563,17462,17463,17463,1,1
2021-08-06 16:32:41.988,17462,17463,17463,2,2
2021-08-06 16:32:55.503,17462,17463,17462,19,-19
2021-08-06 16:33:06.812,17460,17462,17462,2,2
2021-08-06 16:33:24.810,17461,17462,17461,2,-2
2021-08-06 16:33:27.497,17461,17462,17461,1,-1
2021-08-06 16:33:36.150,17461,17462,17461,1,-1
2021-08-06 16:33:40.731,17461,17462,17462,2,2
2021-08-06 16:33:46.365,17461,17463,17462,1,-1
2021-08-06 16:33:54.725,17461,17462,17461,1,-1
2021-08-06 16:33:54.725,17461,17462,17461,1,-1
2021-08-06 16:34:01.399,17460,17461,17460,1,-1
2021-08-06 16:34:19.397,17460,17461,17460,1,-1
2021-08-06 16:34:48.072,17460,17461,17460,2,-2
2021-08-06 16:35:03.391,17460,17461,17461,5,5
2021-08-06 16:35:03.996,17461,17462,17462,1,1
2021-08-06 16:35:07.120,17461,17462,17462,15,15
2021-08-06 16:35:08.191,17462,17463,17462,1,-1
2021-08-06 16:35:12.619,17462,17463,17463,5,5
2021-08-06 16:35:12.620,17462,17463,17463,4,4
2021-08-06 16:35:12.620,17462,17463,17463,14,14
2021-08-06 16:35:12.620,17462,17463,17463,1,1
2021-08-06 16:35:12.911,17463,17464,17464,9,9
2021-08-06 16:35:12.911,17463,17464,17465,4,4
2021-08-06 16:35:13.037,17463,17465,17465,2,2
2021-08-06 16:35:13.039,17463,17465,17465,2,2
2021-08-06 16:35:13.080,17463,17465,17465,2,2
2021-08-06 16:35:13.512,17464,17465,17465,1,1
2021-08-06 16:35:13.567,17464,17465,17465,1,1
2021-08-06 16:35:13.920,17464,17465,17465,2,2
2021-08-06 16:35:13.921,17464,17465,17465,2,2
2021-08-06 16:35:13.921,17464,17465,17465,1,1
2021-08-06 16:35:17.355,17464,17465,17464,1,-1
2021-08-06 16:35:27.379,17464,17465,17464,2,-2
2021-08-06 16:35:31.512,17464,17465,17464,1,-1
2021-08-06 16:35:43.674,17462,17464,17464,2,2
2021-08-06 16:35:46.758,17462,17464,17464,1,1
2021-08-06 16:35:47.027,17462,17463,17463,1,1
2021-08-06 16:35:58.550,17462,17463,17463,1,1
2021-08-06 16:36:23.207,17462,17463,17463,1,1
2021-08-06 16:36:23.225,17463,17464,17464,4,4
2021-08-06 16:36:25.342,17463,17464,17464,6,6
2021-08-06 16:36:32.487,17463,17464,17464,11,11
2021-08-06 16:36:40.044,17464,17465,17465,10,10
2021-08-06 16:36:41.055,17464,17465,17465,5,5
2021-08-06 16:36:45.579,17465,17466,17466,1,1
2021-08-06 16:36:51.177,17464,17465,17465,1,1
2021-08-06 16:36:53.146,17464,17466,17465,1,-1
2021-08-06 16:36:53.691,17464,17466,17466,1,1
2021-08-06 16:36:55.308,17465,17466,17465,1,-1
2021-08-06 16:36:59.970,17464,17466,17465,1,-1
2021-08-06 16:37:02.404,17464,17465,17465,1,1
2021-08-06 16:37:37.854,17464,17465,17465,1,1
2021-08-06 16:37:38.292,17464,17465,17465,1,1
2021-08-06 16:37:39.733,17464,17465,17464,16,-16
2021-08-06 16:37:54.716,17463,17464,17463,8,-8
2021-08-06 16:37:57.030,17462,17464,17462,2,-2
2021-08-06 16:38:06.405,17462,17464,17463,1,1
2021-08-06 16:38:06.405,17462,17464,17463,1,-1
2021-08-06 16:38:06.405,17462,17464,17463,1,-1
2021-08-06 16:38:06.405,17462,17464,17463,2,-2
2021-08-06 16:38:07.217,17462,17463,17462,2,-2
2021-08-06 16:38:19.205,17462,17463,17462,2,-2
2021-08-06 16:38:21.902,17462,17463,17463,2,2
2021-08-06 16:38:30.133,17462,17463,17462,2,-2
2021-08-06 16:38:51.376,17462,17463,17463,1,1
2021-08-06 16:38:52.704,17463,17464,17463,2,-2
2021-08-06 16:38:52.704,17463,17464,17463,2,-2
2021-08-06 16:38:56.879,17462,17464,17462,1,-1
2021-08-06 16:39:13.520,17462,17464,17462,1,-1
2021-08-06 16:39:28.483,17462,17463,17463,2,2
2021-08-06 16:39:29.233,17462,17463,17462,1,-1
2021-08-06 16:39:49.250,17462,17463,17462,1,-1
2021-08-06 16:39:49.578,17462,17463,17462,1,-1
2021-08-06 16:39:55.872,17461,17462,17461,1,-1
2021-08-06 16:39:59.229,17461,17462,17462,1,1
2021-08-06 16:40:17.530,17462,17463,17463,1,1
2021-08-06 16:40:25.173,17462,17463,17463,1,1
2021-08-06 16:40:31.810,17463,17464,17463,1,-1
2021-08-06 16:40:33.050,17463,17464,17464,1,1
2021-08-06 16:40:35.784,17463,17464,17464,1,1
2021-08-06 16:40:35.784,17463,17464,17464,7,7
2021-08-06 16:40:35.787,17463,17464,17465,1,1
2021-08-06 16:40:35.787,17463,17464,17465,1,1
2021-08-06 16:40:35.787,17463,17464,17465,1,1
2021-08-06 16:40:35.787,17463,17464,17465,2,2
2021-08-06 16:40:35.787,17463,17464,17465,10,10
2021-08-06 16:40:35.788,17463,17464,17465,1,1
2021-08-06 16:40:35.788,17463,17464,17465,2,2
2021-08-06 16:40:35.788,17463,17464,17465,1,1
2021-08-06 16:40:35.788,17463,17464,17465,1,1
2021-08-06 16:40:35.788,17463,17464,17465,2,2
2021-08-06 16:40:35.788,17463,17464,17465,4,4
2021-08-06 16:40:54.173,17465,17466,17466,2,2
2021-08-06 16:40:57.340,17465,17466,17465,1,-1
2021-08-06 16:41:01.124,17465,17466,17466,1,1
2021-08-06 16:41:04.955,17465,17466,17465,2,-2
2021-08-06 16:41:13.224,17463,17464,17464,1,1
2021-08-06 16:41:43.081,17463,17464,17464,3,3
2021-08-06 16:41:53.025,17464,17465,17464,1,-1
2021-08-06 16:41:54.789,17463,17465,17465,4,4
2021-08-06 16:41:57.655,17463,17465,17464,1,-1
2021-08-06 16:42:11.216,17464,17465,17464,1,-1
2021-08-06 16:42:31.419,17463,17465,17464,1,-1
2021-08-06 16:42:51.744,17464,17465,17464,1,-1
2021-08-06 16:42:51.744,17464,17465,17464,1,-1
2021-08-06 16:42:54.506,17463,17465,17464,1,-1
2021-08-06 16:43:15.900,17464,17465,17464,1,-1
2021-08-06 16:43:15.900,17464,17465,17464,9,-9
2021-08-06 16:43:28.592,17463,17465,17463,1,-1
2021-08-06 16:43:35.290,17463,17464,17464,1,1
2021-08-06 16:43:57.945,17464,17465,17464,1,-1
2021-08-06 16:44:01.160,17464,17465,17465,1,1
2021-08-06 16:44:01.252,17464,17465,17464,1,-1
2021-08-06 16:44:01.839,17464,17465,17465,1,1
2021-08-06 16:44:02.376,17464,17465,17465,1,1
2021-08-06 16:44:10.270,17464,17465,17465,2,2
2021-08-06 16:44:28.053,17464,17465,17464,3,-3
2021-08-06 16:44:30.341,17464,17465,17464,1,-1
2021-08-06 16:44:41.216,17464,17465,17464,1,-1
2021-08-06 16:44:50.537,17464,17465,17464,1,-1
2021-08-06 16:44:59.613,17463,17464,17463,6,-6
2021-08-06 16:44:59.613,17463,17464,17463,1,-1
2021-08-06 16:44:59.613,17463,17464,17463,2,-2
2021-08-06 16:44:59.613,17463,17464,17463,10,-10
2021-08-06 16:45:04.108,17462,17463,17462,2,-2
2021-08-06 16:45:04.308,17461,17462,17461,1,-1
2021-08-06 16:45:04.370,17461,17462,17462,3,3
2021-08-06 16:45:04.381,17461,17462,17463,1,1
2021-08-06 16:45:04.388,17461,17462,17463,2,2
2021-08-06 16:45:04.959,17461,17463,17463,5,5
2021-08-06 16:45:30.458,17462,17463,17463,1,1
2021-08-06 16:45:30.468,17462,17463,17462,1,-1
2021-08-06 16:45:32.555,17462,17463,17462,1,-1
2021-08-06 16:45:32.593,17461,17463,17461,1,-1
2021-08-06 16:45:32.593,17461,17463,17461,1,-1
2021-08-06 16:45:39.967,17461,17463,17461,1,-1
2021-08-06 16:45:40.279,17461,17463,17461,3,-3
2021-08-06 16:45:40.343,17461,17463,17461,1,-1
2021-08-06 16:45:57.151,17461,17463,17461,1,-1
2021-08-06 16:46:00.370,17461,17463,17461,1,-1
2021-08-06 16:46:00.469,17461,17463,17461,1,-1
2021-08-06 16:46:09.041,17461,17463,17461,1,-1
2021-08-06 16:46:20.863,17461,17462,17461,2,-2
2021-08-06 16:46:32.483,17461,17462,17461,1,-1
2021-08-06 16:46:43.177,17461,17462,17462,5,5
2021-08-06 16:46:49.660,17461,17462,17462,1,1
2021-08-06 16:46:49.788,17461,17462,17462,1,1
2021-08-06 16:47:01.490,17461,17462,17462,10,10
2021-08-06 16:47:01.490,17461,17462,17462,3,3
2021-08-06 16:47:05.697,17462,17463,17463,1,1
2021-08-06 16:47:05.697,17462,17463,17463,2,2
2021-08-06 16:47:05.697,17462,17463,17463,2,2
2021-08-06 16:47:06.026,17463,17464,17463,2,-2
2021-08-06 16:47:26.492,17463,17464,17463,1,-1
2021-08-06 16:47:35.541,17463,17464,17464,1,1
2021-08-06 16:47:35.542,17463,17464,17464,1,1
2021-08-06 16:47:37.595,17463,17464,17464,7,7
2021-08-06 16:47:37.740,17463,17465,17463,1,-1
2021-08-06 16:47:42.429,17464,17465,17464,1,1
2021-08-06 16:47:45.453,17464,17465,17464,1,-1
2021-08-06 16:47:45.571,17464,17465,17465,1,1
2021-08-06 16:47:46.921,17464,17465,17465,2,2
2021-08-06 16:47:47.163,17464,17465,17465,1,1
2021-08-06 16:47:48.912,17463,17465,17465,1,1
2021-08-06 16:47:58.645,17463,17465,17465,2,2
2021-08-06 16:48:08.635,17464,17465,17464,1,-1
2021-08-06 16:48:09.894,17463,17465,17465,2,2
2021-08-06 16:48:09.969,17463,17465,17465,1,1
2021-08-06 16:48:09.969,17463,17465,17465,1,1
2021-08-06 16:48:13.821,17464,17465,17465,1,1
2021-08-06 16:48:13.822,17464,17465,17465,1,1
2021-08-06 16:48:15.211,17464,17465,17464,3,-3
2021-08-06 16:48:15.303,17464,17465,17465,1,1
2021-08-06 16:48:15.738,17464,17465,17464,4,-4
2021-08-06 16:48:15.868,17463,17465,17463,8,-8
2021-08-06 16:48:16.010,17463,17465,17463,5,-5
2021-08-06 16:48:16.010,17463,17465,17462,3,-3
2021-08-06 16:48:16.347,17463,17465,17463,2,2
2021-08-06 16:48:17.073,17463,17464,17464,1,1
2021-08-06 16:48:17.092,17463,17465,17465,1,1
2021-08-06 16:48:17.092,17463,17465,17465,1,1
2021-08-06 16:48:37.617,17464,17465,17465,1,1
2021-08-06 16:48:37.618,17464,17465,17465,2,2
2021-08-06 16:48:37.618,17464,17465,17465,1,1
2021-08-06 16:48:37.618,17464,17465,17465,2,2
2021-08-06 16:48:37.618,17464,17465,17465,2,2
2021-08-06 16:48:43.088,17464,17466,17466,1,1
2021-08-06 16:48:43.092,17465,17466,17466,1,1
2021-08-06 16:48:43.140,17465,17466,17466,1,1
2021-08-06 16:48:43.140,17465,17466,17466,1,1
2021-08-06 16:48:43.804,17465,17466,17466,1,1
2021-08-06 16:48:45.717,17465,17466,17465,5,-5
2021-08-06 16:49:01.885,17465,17466,17465,1,-1
2021-08-06 16:49:11.813,17465,17466,17465,1,-1
2021-08-06 16:49:20.115,17465,17466,17466,1,1
2021-08-06 16:49:22.767,17465,17466,17466,4,4
2021-08-06 16:49:34.901,17465,17466,17465,5,-5
2021-08-06 16:49:42.068,17464,17465,17465,1,1
2021-08-06 16:49:47.588,17464,17466,17466,1,1
2021-08-06 16:49:51.739,17465,17466,17466,4,4
2021-08-06 16:49:53.381,17465,17466,17466,1,1
2021-08-06 16:50:03.248,17465,17466,17466,1,1
2021-08-06 16:50:07.939,17465,17466,17466,10,10
2021-08-06 16:50:07.939,17465,17466,17466,1,1
2021-08-06 16:50:07.941,17465,17466,17466,1,1
2021-08-06 16:50:07.941,17465,17466,17466,1,1
2021-08-06 16:50:08.458,17466,17467,17466,1,-1
2021-08-06 16:50:16.061,17466,17467,17467,1,1
2021-08-06 16:50:16.117,17466,17467,17467,1,1
2021-08-06 16:50:16.154,17466,17467,17467,1,1
2021-08-06 16:50:16.252,17466,17467,17467,2,2
2021-08-06 16:50:16.365,17466,17467,17467,1,1
2021-08-06 16:50:16.368,17466,17467,17467,1,1
2021-08-06 16:50:16.403,17466,17467,17467,2,2
2021-08-06 16:50:16.406,17466,17467,17467,2,2
2021-08-06 16:50:16.431,17466,17467,17467,2,2
2021-08-06 16:50:16.431,17466,17467,17467,1,1
2021-08-06 16:50:16.666,17466,17467,17467,1,1
2021-08-06 16:50:16.667,17466,17467,17467,1,1
2021-08-06 16:50:24.864,17466,17467,17467,1,1
2021-08-06 16:50:24.865,17466,17467,17467,2,2
2021-08-06 16:50:24.871,17466,17467,17467,1,1
2021-08-06 16:50:24.880,17466,17467,17467,1,1
2021-08-06 16:50:24.896,17466,17467,17467,1,1
2021-08-06 16:50:24.897,17466,17467,17467,1,1
2021-08-06 16:50:24.904,17466,17467,17467,1,1
2021-08-06 16:50:24.905,17466,17467,17467,1,1
2021-08-06 16:50:24.912,17466,17467,17467,4,4
2021-08-06 16:50:24.913,17466,17467,17467,1,1
2021-08-06 16:50:24.922,17466,17467,17467,1,1
2021-08-06 16:50:24.926,17466,17467,17468,1,1
2021-08-06 16:50:24.933,17466,17467,17468,1,1
2021-08-06 16:50:24.933,17466,17467,17468,1,1
2021-08-06 16:50:24.958,17466,17467,17468,1,1
2021-08-06 16:50:24.959,17466,17467,17468,1,1
2021-08-06 16:50:24.963,17466,17467,17468,1,1
2021-08-06 16:50:24.976,17466,17468,17468,1,1
2021-08-06 16:50:24.976,17466,17468,17468,1,1
2021-08-06 16:50:24.988,17466,17468,17468,1,1
2021-08-06 16:50:25.025,17466,17468,17468,2,2
2021-08-06 16:50:25.043,17466,17468,17468,1,1
2021-08-06 16:50:25.725,17466,17467,17467,1,1
2021-08-06 16:50:25.901,17466,17467,17467,1,1
2021-08-06 16:50:25.902,17466,17467,17467,1,1
2021-08-06 16:50:33.016,17466,17467,17466,1,-1
2021-08-06 16:50:33.016,17466,17467,17466,1,-1
2021-08-06 16:50:35.966,17466,17467,17466,1,-1
2021-08-06 16:50:36.643,17466,17467,17466,1,-1
2021-08-06 16:50:39.725,17466,17467,17466,1,-1
2021-08-06 16:50:41.362,17465,17467,17467,13,13
2021-08-06 16:50:41.429,17465,17467,17467,1,1
