2023-03-23 15:00:00,15847,15847,15847,82,0
2023-03-23 15:00:00,15846,15846,15846,2,-2
2023-03-23 15:00:00,15846,15846,15846,2,0
2023-03-23 15:00:00,15845,15845,15845,2,-2
2023-03-23 15:00:00,15845,15845,15845,2,0
2023-03-23 15:00:00,15844,15844,15844,2,-2
2023-03-23 15:00:00,15846,15846,15846,2,2
2023-03-23 15:00:00,15846,15846,15846,4,0
2023-03-23 15:00:00,15847,15847,15847,4,4
2023-03-23 15:00:00,15846,15846,15846,2,-2
2023-03-23 15:00:00,15846,15846,15846,2,0
2023-03-23 15:00:00,15847,15847,15847,2,2
2023-03-23 15:00:00,15847,15847,15847,12,0
2023-03-23 15:00:00,15848,15848,15848,4,4
2023-03-23 15:00:00,15848,15848,15848,4,0
2023-03-23 15:00:00,15848,15848,15848,2,0
2023-03-23 15:00:00,15847,15847,15847,2,-2
2023-03-23 15:00:00,15848,15848,15848,2,2
2023-03-23 15:00:00,15848,15848,15848,2,0
2023-03-23 15:00:00,15848,15848,15848,2,0
2023-03-23 15:00:00,15848,15848,15848,6,0
2023-03-23 15:00:00,15848,15848,15848,2,0
2023-03-23 15:00:00,15848,15848,15848,2,0
2023-03-23 15:00:00,15848,15848,15848,4,0
2023-03-23 15:00:00,15848,15848,15848,2,0
2023-03-23 15:00:00,15848,15848,15848,2,0
2023-03-23 15:00:00,15848,15848,15848,2,0
2023-03-23 15:00:00,15848,15848,15848,2,0
2023-03-23 15:00:00,15848,15848,15848,2,0
2023-03-23 15:00:00,15848,15848,15848,2,0
2023-03-23 15:00:01,15848,15848,15848,2,0
2023-03-23 15:00:01,15848,15848,15848,2,0
2023-03-23 15:00:01,15848,15848,15848,2,0
2023-03-23 15:00:01,15846,15846,15846,2,-2
2023-03-23 15:00:01,15846,15846,15846,2,0
2023-03-23 15:00:01,15846,15846,15846,2,0
2023-03-23 15:00:01,15845,15845,15845,2,-2
2023-03-23 15:00:01,15845,15845,15845,2,0
2023-03-23 15:00:01,15845,15845,15845,4,0
2023-03-23 15:00:01,15845,15845,15845,2,0
2023-03-23 15:00:01,15845,15845,15845,2,0
2023-03-23 15:00:01,15845,15845,15845,2,0
2023-03-23 15:00:01,15844,15844,15844,2,-2
2023-03-23 15:00:01,15844,15844,15844,2,0
2023-03-23 15:00:01,15844,15844,15844,2,0
2023-03-23 15:00:01,15846,15846,15846,8,8
2023-03-23 15:00:01,15847,15847,15847,2,2
2023-03-23 15:00:01,15847,15847,15847,2,0
2023-03-23 15:00:02,15846,15846,15846,2,-2
2023-03-23 15:00:02,15846,15846,15846,2,0
2023-03-23 15:00:03,15845,15845,15845,2,-2
2023-03-23 15:00:03,15845,15845,15845,2,0
2023-03-23 15:00:03,15846,15846,15846,2,2
2023-03-23 15:00:03,15844,15844,15844,4,-4
2023-03-23 15:00:03,15844,15844,15844,2,0
2023-03-23 15:00:04,15846,15846,15846,2,2
2023-03-23 15:00:04,15846,15846,15846,2,0
2023-03-23 15:00:04,15845,15845,15845,2,-2
2023-03-23 15:00:04,15846,15846,15846,10,10
2023-03-23 15:00:05,15846,15846,15846,2,0
2023-03-23 15:00:05,15846,15846,15846,2,0
2023-03-23 15:00:05,15846,15846,15846,2,0
2023-03-23 15:00:06,15846,15846,15846,6,0
2023-03-23 15:00:06,15846,15846,15846,2,0
2023-03-23 15:00:06,15846,15846,15846,2,0
2023-03-23 15:00:06,15846,15846,15846,2,0
2023-03-23 15:00:06,15846,15846,15846,8,0
2023-03-23 15:00:06,15845,15845,15845,8,-8
2023-03-23 15:00:07,15845,15845,15845,2,0
2023-03-23 15:00:07,15845,15845,15845,2,0
2023-03-23 15:00:07,15845,15845,15845,8,0
2023-03-23 15:00:07,15845,15845,15845,2,0
2023-03-23 15:00:07,15845,15845,15845,2,0
2023-03-23 15:00:07,15844,15844,15844,2,-2
2023-03-23 15:00:07,15844,15844,15844,2,0
2023-03-23 15:00:07,15845,15845,15845,2,2
2023-03-23 15:00:08,15845,15845,15845,2,0
2023-03-23 15:00:08,15844,15844,15844,2,-2
2023-03-23 15:00:09,15845,15845,15845,2,2
2023-03-23 15:00:09,15845,15845,15845,2,0
2023-03-23 15:00:10,15845,15845,15845,2,0
2023-03-23 15:00:10,15845,15845,15845,2,0
2023-03-23 15:00:10,15844,15844,15844,2,-2
2023-03-23 15:00:10,15844,15844,15844,4,0
2023-03-23 15:00:10,15844,15844,15844,4,0
2023-03-23 15:00:10,15844,15844,15844,2,0
2023-03-23 15:00:10,15844,15844,15844,2,0
2023-03-23 15:00:10,15845,15845,15845,2,2
2023-03-23 15:00:11,15844,15844,15844,2,-2
2023-03-23 15:00:12,15844,15844,15844,6,0
2023-03-23 15:00:14,15844,15844,15844,6,0
2023-03-23 15:00:14,15844,15844,15844,14,0
2023-03-23 15:00:14,15844,15844,15844,2,0
2023-03-23 15:00:15,15843,15843,15843,2,-2
2023-03-23 15:00:15,15843,15843,15843,2,0
2023-03-23 15:00:15,15844,15844,15844,2,2
2023-03-23 15:00:16,15845,15845,15845,2,2
2023-03-23 15:00:16,15843,15843,15843,2,-2
2023-03-23 15:00:16,15843,15843,15843,2,0
2023-03-23 15:00:16,15843,15843,15843,2,0
2023-03-23 15:00:16,15843,15843,15843,4,0
2023-03-23 15:00:16,15843,15843,15843,2,0
2023-03-23 15:00:16,15842,15842,15842,2,-2
2023-03-23 15:00:16,15842,15842,15842,2,0
2023-03-23 15:00:17,15842,15842,15842,2,0
2023-03-23 15:00:17,15842,15842,15842,2,0
2023-03-23 15:00:17,15842,15842,15842,2,0
2023-03-23 15:00:17,15842,15842,15842,2,0
2023-03-23 15:00:17,15841,15841,15841,2,-2
2023-03-23 15:00:17,15843,15843,15843,2,2
2023-03-23 15:00:17,15841,15841,15841,2,-2
2023-03-23 15:00:18,15841,15841,15841,2,0
2023-03-23 15:00:18,15842,15842,15842,6,6
2023-03-23 15:00:18,15843,15843,15843,2,2
2023-03-23 15:00:18,15843,15843,15843,2,0
2023-03-23 15:00:18,15843,15843,15843,2,0
2023-03-23 15:00:19,15843,15843,15843,2,0
2023-03-23 15:00:19,15843,15843,15843,2,0
2023-03-23 15:00:20,15842,15842,15842,2,-2
2023-03-23 15:00:22,15841,15841,15841,2,-2
2023-03-23 15:00:23,15842,15842,15842,2,2
2023-03-23 15:00:23,15841,15841,15841,2,-2
2023-03-23 15:00:24,15842,15842,15842,2,2
2023-03-23 15:00:25,15841,15841,15841,2,-2
2023-03-23 15:00:26,15842,15842,15842,2,2
2023-03-23 15:00:27,15841,15841,15841,2,-2
2023-03-23 15:00:28,15842,15842,15842,2,2
2023-03-23 15:00:30,15843,15843,15843,2,2
2023-03-23 15:00:30,15843,15843,15843,10,0
2023-03-23 15:00:30,15842,15842,15842,2,-2
2023-03-23 15:00:30,15842,15842,15842,2,0
2023-03-23 15:00:30,15842,15842,15842,2,0
2023-03-23 15:00:30,15842,15842,15842,2,0
2023-03-23 15:00:32,15842,15842,15842,2,0
2023-03-23 15:00:38,15843,15843,15843,2,2
2023-03-23 15:00:39,15843,15843,15843,2,0
2023-03-23 15:00:40,15842,15842,15842,2,-2
2023-03-23 15:00:40,15843,15843,15843,2,2
2023-03-23 15:00:42,15843,15843,15843,2,0
2023-03-23 15:00:42,15843,15843,15843,2,0
2023-03-23 15:00:43,15842,15842,15842,2,-2
2023-03-23 15:00:43,15843,15843,15843,2,2
2023-03-23 15:00:47,15842,15842,15842,2,-2
2023-03-23 15:00:47,15842,15842,15842,2,0
2023-03-23 15:00:47,15842,15842,15842,2,0
2023-03-23 15:00:47,15842,15842,15842,2,0
2023-03-23 15:00:47,15842,15842,15842,2,0
2023-03-23 15:00:47,15842,15842,15842,2,0
2023-03-23 15:00:47,15842,15842,15842,2,0
2023-03-23 15:00:47,15842,15842,15842,8,0
2023-03-23 15:00:47,15843,15843,15843,2,2
2023-03-23 15:00:48,15843,15843,15843,26,0
2023-03-23 15:00:48,15844,15844,15844,34,34
2023-03-23 15:00:48,15843,15843,15843,2,-2
2023-03-23 15:00:50,15842,15842,15842,2,-2
2023-03-23 15:00:50,15842,15842,15842,2,0
2023-03-23 15:00:51,15843,15843,15843,2,2
2023-03-23 15:00:51,15842,15842,15842,2,-2
2023-03-23 15:00:51,15842,15842,15842,2,0
2023-03-23 15:00:51,15842,15842,15842,2,0
2023-03-23 15:00:53,15842,15842,15842,2,0
2023-03-23 15:00:54,15841,15841,15841,2,-2
2023-03-23 15:00:54,15842,15842,15842,2,2
2023-03-23 15:00:54,15841,15841,15841,2,-2
2023-03-23 15:00:54,15841,15841,15841,2,0
2023-03-23 15:00:54,15841,15841,15841,2,0
2023-03-23 15:00:54,15841,15841,15841,2,0
2023-03-23 15:00:54,15841,15841,15841,2,0
2023-03-23 15:00:55,15842,15842,15842,20,20
2023-03-23 15:00:57,15842,15842,15842,2,0
2023-03-23 15:00:57,15842,15842,15842,4,0
2023-03-23 15:00:59,15842,15842,15842,4,0
2023-03-23 15:00:59,15842,15842,15842,2,0
2023-03-23 15:01:00,15841,15841,15841,2,-2
2023-03-23 15:01:00,15841,15841,15841,2,0
2023-03-23 15:01:00,15842,15842,15842,2,2
2023-03-23 15:01:00,15841,15841,15841,2,-2
2023-03-23 15:01:00,15842,15842,15842,2,2
2023-03-23 15:01:00,15843,15843,15843,28,28
2023-03-23 15:01:00,15844,15844,15844,30,30
2023-03-23 15:01:00,15843,15843,15843,2,-2
2023-03-23 15:01:00,15844,15844,15844,2,2
2023-03-23 15:01:00,15843,15843,15843,2,-2
2023-03-23 15:01:00,15845,15845,15845,6,6
2023-03-23 15:01:01,15845,15845,15845,40,0
2023-03-23 15:01:03,15845,15845,15845,2,0
2023-03-23 15:01:04,15844,15844,15844,2,-2
2023-03-23 15:01:04,15843,15843,15843,2,-2
2023-03-23 15:01:07,15844,15844,15844,2,2
2023-03-23 15:01:07,15845,15845,15845,4,4
2023-03-23 15:01:09,15844,15844,15844,2,-2
2023-03-23 15:01:09,15844,15844,15844,2,0
2023-03-23 15:01:10,15843,15843,15843,2,-2
2023-03-23 15:01:10,15843,15843,15843,2,0
2023-03-23 15:01:10,15844,15844,15844,2,2
2023-03-23 15:01:10,15844,15844,15844,2,0
2023-03-23 15:01:11,15844,15844,15844,2,0
2023-03-23 15:01:14,15843,15843,15843,4,-4
2023-03-23 15:01:15,15844,15844,15844,2,2
2023-03-23 15:01:17,15844,15844,15844,2,0
2023-03-23 15:01:17,15845,15845,15845,2,2
2023-03-23 15:01:17,15845,15845,15845,2,0
2023-03-23 15:01:18,15844,15844,15844,2,-2
2023-03-23 15:01:18,15845,15845,15845,18,18
2023-03-23 15:01:18,15846,15846,15846,28,28
2023-03-23 15:01:18,15847,15847,15847,14,14
2023-03-23 15:01:18,15847,15847,15847,4,0
2023-03-23 15:01:18,15847,15847,15847,10,0
2023-03-23 15:01:18,15848,15848,15848,10,10
2023-03-23 15:01:19,15846,15846,15846,2,-2
2023-03-23 15:01:19,15847,15847,15847,2,2
2023-03-23 15:01:22,15846,15846,15846,4,-4
2023-03-23 15:01:24,15845,15845,15845,2,-2
2023-03-23 15:01:26,15845,15845,15845,2,0
2023-03-23 15:01:27,15845,15845,15845,2,0
2023-03-23 15:01:27,15845,15845,15845,2,0
2023-03-23 15:01:27,15845,15845,15845,2,0
2023-03-23 15:01:28,15845,15845,15845,2,0
2023-03-23 15:01:28,15846,15846,15846,2,2
2023-03-23 15:01:29,15846,15846,15846,2,0
2023-03-23 15:01:30,15846,15846,15846,2,0
2023-03-23 15:01:34,15846,15846,15846,2,0
2023-03-23 15:01:34,15846,15846,15846,4,0
2023-03-23 15:01:36,15845,15845,15845,2,-2
2023-03-23 15:01:36,15845,15845,15845,2,0
2023-03-23 15:01:37,15846,15846,15846,2,2
2023-03-23 15:01:37,15847,15847,15847,2,2
2023-03-23 15:01:37,15847,15847,15847,4,0
2023-03-23 15:01:38,15846,15846,15846,2,-2
2023-03-23 15:01:40,15847,15847,15847,6,6
2023-03-23 15:01:40,15846,15846,15846,4,-4
2023-03-23 15:01:40,15846,15846,15846,2,0
2023-03-23 15:01:40,15846,15846,15846,2,0
2023-03-23 15:01:43,15846,15846,15846,2,0
2023-03-23 15:01:44,15847,15847,15847,14,14
2023-03-23 15:01:44,15848,15848,15848,26,26
2023-03-23 15:01:46,15849,15849,15849,2,2
2023-03-23 15:01:47,15847,15847,15847,2,-2
2023-03-23 15:01:50,15849,15849,15849,2,2
2023-03-23 15:01:50,15849,15849,15849,6,0
2023-03-23 15:01:51,15849,15849,15849,2,0
2023-03-23 15:01:51,15848,15848,15848,2,-2
2023-03-23 15:01:56,15849,15849,15849,2,2
2023-03-23 15:01:58,15848,15848,15848,2,-2
2023-03-23 15:01:58,15848,15848,15848,2,0
2023-03-23 15:01:58,15848,15848,15848,2,0
2023-03-23 15:01:58,15848,15848,15848,4,0
2023-03-23 15:02:00,15847,15847,15847,2,-2
2023-03-23 15:02:00,15848,15848,15848,2,2
2023-03-23 15:02:00,15849,15849,15849,38,38
2023-03-23 15:02:00,15850,15850,15850,20,20
2023-03-23 15:02:00,15850,15850,15850,2,0
2023-03-23 15:02:00,15849,15849,15849,2,-2
2023-03-23 15:02:00,15849,15849,15849,4,0
2023-03-23 15:02:00,15848,15848,15848,2,-2
2023-03-23 15:02:00,15850,15850,15850,2,2
2023-03-23 15:02:00,15850,15850,15850,6,0
2023-03-23 15:02:00,15850,15850,15850,2,0
2023-03-23 15:02:01,15848,15848,15848,2,-2
2023-03-23 15:02:01,15850,15850,15850,2,2
2023-03-23 15:02:01,15850,15850,15850,2,0
2023-03-23 15:02:01,15850,15850,15850,2,0
2023-03-23 15:02:01,15850,15850,15850,2,0
2023-03-23 15:02:01,15850,15850,15850,2,0
2023-03-23 15:02:01,15850,15850,15850,2,0
2023-03-23 15:02:01,15850,15850,15850,2,0
2023-03-23 15:02:01,15848,15848,15848,6,-6
2023-03-23 15:02:01,15848,15848,15848,4,0
2023-03-23 15:02:01,15850,15850,15850,2,2
2023-03-23 15:02:01,15850,15850,15850,2,0
2023-03-23 15:02:01,15850,15850,15850,2,0
2023-03-23 15:02:01,15850,15850,15850,2,0
2023-03-23 15:02:01,15850,15850,15850,2,0
2023-03-23 15:02:02,15849,15849,15849,2,-2
2023-03-23 15:02:03,15850,15850,15850,2,2
2023-03-23 15:02:03,15848,15848,15848,4,-4
2023-03-23 15:02:05,15850,15850,15850,2,2
2023-03-23 15:02:05,15848,15848,15848,2,-2
2023-03-23 15:02:05,15848,15848,15848,2,0
2023-03-23 15:02:10,15849,15849,15849,2,2
2023-03-23 15:02:11,15848,15848,15848,2,-2
2023-03-23 15:02:11,15848,15848,15848,6,0
2023-03-23 15:02:15,15848,15848,15848,8,0
2023-03-23 15:02:15,15848,15848,15848,8,0
2023-03-23 15:02:17,15848,15848,15848,2,0
2023-03-23 15:02:20,15848,15848,15848,2,0
2023-03-23 15:02:21,15849,15849,15849,2,2
2023-03-23 15:02:25,15848,15848,15848,2,-2
2023-03-23 15:02:26,15849,15849,15849,2,2
2023-03-23 15:02:29,15848,15848,15848,2,-2
2023-03-23 15:02:32,15849,15849,15849,2,2
2023-03-23 15:02:32,15848,15848,15848,2,-2
2023-03-23 15:02:34,15848,15848,15848,2,0
2023-03-23 15:02:39,15849,15849,15849,8,8
2023-03-23 15:02:41,15849,15849,15849,10,0
2023-03-23 15:02:43,15849,15849,15849,4,0
2023-03-23 15:02:43,15849,15849,15849,2,0
2023-03-23 15:02:44,15849,15849,15849,2,0
2023-03-23 15:02:50,15848,15848,15848,12,-12
2023-03-23 15:02:50,15848,15848,15848,8,0
2023-03-23 15:02:50,15848,15848,15848,2,0
2023-03-23 15:02:50,15848,15848,15848,2,0
2023-03-23 15:02:50,15848,15848,15848,4,0
2023-03-23 15:02:50,15848,15848,15848,6,0
2023-03-23 15:02:50,15848,15848,15848,2,0
2023-03-23 15:02:54,15848,15848,15848,2,0
2023-03-23 15:02:55,15848,15848,15848,6,0
2023-03-23 15:02:55,15848,15848,15848,6,0
2023-03-23 15:02:55,15848,15848,15848,2,0
2023-03-23 15:02:55,15848,15848,15848,2,0
2023-03-23 15:02:55,15848,15848,15848,2,0
2023-03-23 15:02:58,15848,15848,15848,10,0
2023-03-23 15:03:08,15848,15848,15848,6,0
2023-03-23 15:03:08,15848,15848,15848,2,0
2023-03-23 15:03:08,15847,15847,15847,2,-2
2023-03-23 15:03:09,15847,15847,15847,2,0
2023-03-23 15:03:12,15847,15847,15847,2,0
2023-03-23 15:03:13,15847,15847,15847,2,0
2023-03-23 15:03:14,15847,15847,15847,2,0
2023-03-23 15:03:15,15847,15847,15847,2,0
2023-03-23 15:03:15,15847,15847,15847,2,0
2023-03-23 15:03:15,15846,15846,15846,2,-2
2023-03-23 15:03:18,15846,15846,15846,2,0
2023-03-23 15:03:18,15846,15846,15846,8,0
2023-03-23 15:03:18,15846,15846,15846,2,0
2023-03-23 15:03:22,15846,15846,15846,2,0
2023-03-23 15:03:22,15846,15846,15846,2,0
2023-03-23 15:03:22,15846,15846,15846,2,0
2023-03-23 15:03:27,15846,15846,15846,2,0
2023-03-23 15:03:27,15846,15846,15846,2,0
2023-03-23 15:03:27,15846,15846,15846,2,0
2023-03-23 15:03:27,15846,15846,15846,2,0
2023-03-23 15:03:27,15846,15846,15846,2,0
2023-03-23 15:03:27,15846,15846,15846,2,0
2023-03-23 15:03:36,15846,15846,15846,2,0
2023-03-23 15:03:36,15846,15846,15846,2,0
2023-03-23 15:03:36,15846,15846,15846,2,0
2023-03-23 15:03:36,15846,15846,15846,2,0
2023-03-23 15:03:36,15846,15846,15846,2,0
2023-03-23 15:03:41,15846,15846,15846,2,0
2023-03-23 15:03:43,15846,15846,15846,2,0
2023-03-23 15:03:44,15847,15847,15847,8,8
2023-03-23 15:03:47,15847,15847,15847,2,0
2023-03-23 15:03:50,15847,15847,15847,2,0
2023-03-23 15:03:51,15848,15848,15848,2,2
2023-03-23 15:03:55,15848,15848,15848,2,0
2023-03-23 15:03:55,15848,15848,15848,2,0
2023-03-23 15:04:03,15848,15848,15848,2,0
2023-03-23 15:04:06,15848,15848,15848,2,0
2023-03-23 15:04:11,15847,15847,15847,2,-2
2023-03-23 15:04:12,15848,15848,15848,2,2
2023-03-23 15:04:12,15848,15848,15848,2,0
2023-03-23 15:04:12,15848,15848,15848,6,0
2023-03-23 15:04:16,15848,15848,15848,2,0
2023-03-23 15:04:16,15848,15848,15848,2,0
2023-03-23 15:04:16,15848,15848,15848,2,0
2023-03-23 15:04:22,15848,15848,15848,2,0
2023-03-23 15:04:22,15848,15848,15848,2,0
2023-03-23 15:04:22,15848,15848,15848,6,0
2023-03-23 15:04:22,15848,15848,15848,2,0
2023-03-23 15:04:22,15848,15848,15848,2,0
2023-03-23 15:04:22,15848,15848,15848,2,0
2023-03-23 15:04:25,15848,15848,15848,2,0
2023-03-23 15:04:26,15849,15849,15849,2,2
2023-03-23 15:04:28,15849,15849,15849,2,0
2023-03-23 15:04:30,15849,15849,15849,2,0
2023-03-23 15:04:33,15849,15849,15849,4,0
2023-03-23 15:04:33,15849,15849,15849,4,0
2023-03-23 15:04:33,15849,15849,15849,2,0
2023-03-23 15:04:33,15849,15849,15849,8,0
2023-03-23 15:04:33,15849,15849,15849,32,0
2023-03-23 15:04:34,15849,15849,15849,2,0
2023-03-23 15:04:35,15850,15850,15850,2,2
2023-03-23 15:04:36,15849,15849,15849,2,-2
2023-03-23 15:04:36,15849,15849,15849,2,0
2023-03-23 15:04:36,15850,15850,15850,2,2
2023-03-23 15:04:39,15849,15849,15849,2,-2
2023-03-23 15:04:39,15849,15849,15849,2,0
2023-03-23 15:04:40,15848,15848,15848,2,-2
2023-03-23 15:04:40,15848,15848,15848,4,0
2023-03-23 15:04:40,15848,15848,15848,2,0
2023-03-23 15:04:40,15848,15848,15848,2,0
2023-03-23 15:04:40,15848,15848,15848,2,0
2023-03-23 15:04:40,15848,15848,15848,4,0
2023-03-23 15:04:40,15848,15848,15848,2,0
2023-03-23 15:04:44,15849,15849,15849,8,8
2023-03-23 15:04:44,15849,15849,15849,2,0
2023-03-23 15:04:44,15849,15849,15849,2,0
2023-03-23 15:04:44,15849,15849,15849,2,0
2023-03-23 15:04:44,15849,15849,15849,2,0
2023-03-23 15:04:44,15850,15850,15850,2,2
2023-03-23 15:04:44,15849,15849,15849,2,-2
2023-03-23 15:04:45,15849,15849,15849,2,0
2023-03-23 15:04:49,15848,15848,15848,2,-2
2023-03-23 15:04:52,15849,15849,15849,2,2
2023-03-23 15:04:59,15849,15849,15849,2,0
2023-03-23 15:04:59,15849,15849,15849,2,0
2023-03-23 15:04:59,15850,15850,15850,2,2
2023-03-23 15:05:00,15849,15849,15849,2,-2
2023-03-23 15:05:02,15849,15849,15849,2,0
2023-03-23 15:05:05,15849,15849,15849,2,0
2023-03-23 15:05:06,15849,15849,15849,2,0
2023-03-23 15:05:07,15848,15848,15848,2,-2
2023-03-23 15:05:07,15848,15848,15848,2,0
2023-03-23 15:05:07,15848,15848,15848,2,0
2023-03-23 15:05:08,15848,15848,15848,2,0
2023-03-23 15:05:16,15849,15849,15849,2,2
2023-03-23 15:05:19,15849,15849,15849,6,0
2023-03-23 15:05:22,15849,15849,15849,2,0
2023-03-23 15:05:22,15849,15849,15849,2,0
2023-03-23 15:05:25,15849,15849,15849,2,0
2023-03-23 15:05:25,15849,15849,15849,2,0
2023-03-23 15:05:28,15849,15849,15849,2,0
2023-03-23 15:05:32,15849,15849,15849,2,0
2023-03-23 15:05:33,15848,15848,15848,2,-2
2023-03-23 15:05:33,15849,15849,15849,2,2
2023-03-23 15:05:37,15848,15848,15848,4,-4
2023-03-23 15:05:37,15848,15848,15848,2,0
2023-03-23 15:05:37,15848,15848,15848,2,0
2023-03-23 15:05:37,15847,15847,15847,2,-2
2023-03-23 15:05:37,15847,15847,15847,2,0
2023-03-23 15:05:37,15847,15847,15847,2,0
2023-03-23 15:05:37,15847,15847,15847,2,0
2023-03-23 15:05:37,15847,15847,15847,6,0
2023-03-23 15:05:37,15847,15847,15847,4,0
2023-03-23 15:05:37,15847,15847,15847,2,0
2023-03-23 15:05:37,15847,15847,15847,2,0
2023-03-23 15:05:38,15848,15848,15848,2,2
2023-03-23 15:05:40,15847,15847,15847,2,-2
2023-03-23 15:05:41,15847,15847,15847,6,0
2023-03-23 15:05:43,15847,15847,15847,2,0
2023-03-23 15:05:47,15846,15846,15846,6,-6
2023-03-23 15:05:48,15846,15846,15846,2,0
2023-03-23 15:05:48,15846,15846,15846,2,0
2023-03-23 15:05:48,15846,15846,15846,2,0
2023-03-23 15:05:48,15846,15846,15846,2,0
2023-03-23 15:05:50,15845,15845,15845,2,-2
2023-03-23 15:05:50,15845,15845,15845,2,0
2023-03-23 15:05:50,15845,15845,15845,2,0
2023-03-23 15:05:50,15845,15845,15845,2,0
2023-03-23 15:05:50,15845,15845,15845,2,0
2023-03-23 15:05:50,15845,15845,15845,2,0
2023-03-23 15:05:50,15845,15845,15845,4,0
2023-03-23 15:05:50,15845,15845,15845,2,0
2023-03-23 15:05:50,15845,15845,15845,6,0
2023-03-23 15:05:50,15845,15845,15845,2,0
2023-03-23 15:05:50,15845,15845,15845,4,0
2023-03-23 15:05:50,15845,15845,15845,2,0
2023-03-23 15:05:53,15844,15844,15844,2,-2
2023-03-23 15:05:54,15844,15844,15844,2,0
2023-03-23 15:05:54,15844,15844,15844,4,0
2023-03-23 15:05:54,15844,15844,15844,2,0
2023-03-23 15:05:54,15844,15844,15844,2,0
2023-03-23 15:05:54,15844,15844,15844,2,0
2023-03-23 15:05:54,15844,15844,15844,2,0
2023-03-23 15:05:55,15844,15844,15844,8,0
2023-03-23 15:05:58,15844,15844,15844,2,0
2023-03-23 15:06:01,15844,15844,15844,2,0
2023-03-23 15:06:02,15844,15844,15844,2,0
2023-03-23 15:06:03,15844,15844,15844,2,0
2023-03-23 15:06:05,15844,15844,15844,2,0
2023-03-23 15:06:09,15844,15844,15844,2,0
2023-03-23 15:06:11,15844,15844,15844,2,0
2023-03-23 15:06:22,15843,15843,15843,2,-2
2023-03-23 15:06:22,15843,15843,15843,2,0
2023-03-23 15:06:22,15843,15843,15843,2,0
2023-03-23 15:06:22,15843,15843,15843,2,0
2023-03-23 15:06:22,15843,15843,15843,2,0
2023-03-23 15:06:22,15843,15843,15843,2,0
2023-03-23 15:06:22,15843,15843,15843,2,0
2023-03-23 15:06:22,15843,15843,15843,2,0
2023-03-23 15:06:22,15843,15843,15843,4,0
2023-03-23 15:06:22,15844,15844,15844,2,2
2023-03-23 15:06:24,15843,15843,15843,2,-2
2023-03-23 15:06:28,15842,15842,15842,4,-4
2023-03-23 15:06:28,15842,15842,15842,6,0
2023-03-23 15:06:28,15842,15842,15842,4,0
2023-03-23 15:06:28,15842,15842,15842,4,0
2023-03-23 15:06:28,15842,15842,15842,6,0
2023-03-23 15:06:28,15842,15842,15842,2,0
2023-03-23 15:06:28,15842,15842,15842,2,0
2023-03-23 15:06:28,15842,15842,15842,2,0
2023-03-23 15:06:28,15842,15842,15842,2,0
2023-03-23 15:06:28,15842,15842,15842,2,0
2023-03-23 15:06:28,15842,15842,15842,2,0
2023-03-23 15:06:28,15842,15842,15842,2,0
2023-03-23 15:06:28,15842,15842,15842,2,0
2023-03-23 15:06:29,15842,15842,15842,2,0
2023-03-23 15:06:29,15842,15842,15842,2,0
2023-03-23 15:06:29,15842,15842,15842,4,0
2023-03-23 15:06:29,15842,15842,15842,4,0
2023-03-23 15:06:30,15842,15842,15842,2,0
2023-03-23 15:06:32,15842,15842,15842,2,0
2023-03-23 15:06:32,15842,15842,15842,2,0
2023-03-23 15:06:37,15842,15842,15842,2,0
2023-03-23 15:06:37,15842,15842,15842,2,0
2023-03-23 15:06:37,15842,15842,15842,2,0
2023-03-23 15:06:37,15842,15842,15842,2,0
2023-03-23 15:06:37,15842,15842,15842,2,0
2023-03-23 15:06:37,15842,15842,15842,2,0
2023-03-23 15:06:38,15841,15841,15841,2,-2
2023-03-23 15:06:40,15841,15841,15841,2,0
2023-03-23 15:06:42,15841,15841,15841,2,0
2023-03-23 15:06:44,15841,15841,15841,2,0
2023-03-23 15:06:48,15842,15842,15842,4,4
2023-03-23 15:06:48,15842,15842,15842,4,0
2023-03-23 15:06:56,15842,15842,15842,2,0
2023-03-23 15:07:02,15843,15843,15843,2,2
2023-03-23 15:07:05,15842,15842,15842,4,-4
2023-03-23 15:07:10,15842,15842,15842,2,0
2023-03-23 15:07:10,15842,15842,15842,2,0
2023-03-23 15:07:27,15842,15842,15842,2,0
2023-03-23 15:07:27,15842,15842,15842,2,0
2023-03-23 15:07:27,15842,15842,15842,2,0
2023-03-23 15:07:31,15842,15842,15842,2,0
2023-03-23 15:07:31,15842,15842,15842,2,0
2023-03-23 15:07:41,15842,15842,15842,2,0
2023-03-23 15:07:42,15841,15841,15841,4,-4
2023-03-23 15:07:42,15841,15841,15841,2,0
2023-03-23 15:07:42,15841,15841,15841,2,0
2023-03-23 15:07:46,15842,15842,15842,2,2
2023-03-23 15:07:51,15841,15841,15841,2,-2
2023-03-23 15:07:56,15841,15841,15841,2,0
2023-03-23 15:07:56,15841,15841,15841,2,0
2023-03-23 15:08:00,15842,15842,15842,2,2
2023-03-23 15:08:00,15842,15842,15842,4,0
2023-03-23 15:08:00,15842,15842,15842,2,0
2023-03-23 15:08:00,15842,15842,15842,2,0
2023-03-23 15:08:00,15842,15842,15842,2,0
2023-03-23 15:08:10,15842,15842,15842,8,0
2023-03-23 15:08:20,15842,15842,15842,8,0
2023-03-23 15:08:24,15842,15842,15842,2,0
2023-03-23 15:08:28,15841,15841,15841,2,-2
2023-03-23 15:08:29,15842,15842,15842,6,6
2023-03-23 15:08:29,15842,15842,15842,2,0
2023-03-23 15:08:32,15842,15842,15842,4,0
2023-03-23 15:08:42,15842,15842,15842,2,0
2023-03-23 15:08:49,15842,15842,15842,2,0
2023-03-23 15:08:49,15842,15842,15842,6,0
2023-03-23 15:08:49,15842,15842,15842,4,0
2023-03-23 15:08:49,15842,15842,15842,2,0
2023-03-23 15:08:55,15842,15842,15842,10,0
2023-03-23 15:08:55,15842,15842,15842,2,0
2023-03-23 15:08:55,15842,15842,15842,2,0
2023-03-23 15:08:55,15843,15843,15843,2,2
2023-03-23 15:08:56,15843,15843,15843,2,0
2023-03-23 15:08:57,15843,15843,15843,2,0
2023-03-23 15:09:00,15843,15843,15843,2,0
2023-03-23 15:09:00,15843,15843,15843,2,0
2023-03-23 15:09:07,15844,15844,15844,6,6
2023-03-23 15:09:07,15844,15844,15844,2,0
2023-03-23 15:09:07,15845,15845,15845,4,4
2023-03-23 15:09:07,15845,15845,15845,2,0
2023-03-23 15:09:09,15845,15845,15845,2,0
2023-03-23 15:09:09,15845,15845,15845,2,0
2023-03-23 15:09:09,15845,15845,15845,6,0
2023-03-23 15:09:09,15845,15845,15845,2,0
2023-03-23 15:09:18,15845,15845,15845,2,0
2023-03-23 15:09:18,15845,15845,15845,2,0
2023-03-23 15:09:18,15845,15845,15845,2,0
2023-03-23 15:09:23,15845,15845,15845,2,0
2023-03-23 15:09:28,15845,15845,15845,2,0
2023-03-23 15:09:28,15844,15844,15844,2,-2
2023-03-23 15:09:33,15843,15843,15843,2,-2
2023-03-23 15:09:36,15844,15844,15844,2,2
2023-03-23 15:09:42,15844,15844,15844,2,0
2023-03-23 15:09:49,15844,15844,15844,2,0
2023-03-23 15:09:51,15843,15843,15843,2,-2
2023-03-23 15:09:51,15843,15843,15843,2,0
2023-03-23 15:09:51,15843,15843,15843,2,0
2023-03-23 15:09:55,15843,15843,15843,2,0
2023-03-23 15:10:02,15843,15843,15843,2,0
2023-03-23 15:10:11,15843,15843,15843,2,0
2023-03-23 15:10:11,15843,15843,15843,2,0
2023-03-23 15:10:11,15843,15843,15843,2,0
2023-03-23 15:10:11,15843,15843,15843,2,0
2023-03-23 15:10:12,15843,15843,15843,2,0
2023-03-23 15:10:13,15843,15843,15843,2,0
2023-03-23 15:10:17,15843,15843,15843,2,0
2023-03-23 15:10:18,15844,15844,15844,4,4
2023-03-23 15:10:28,15844,15844,15844,2,0
2023-03-23 15:10:28,15844,15844,15844,2,0
2023-03-23 15:10:36,15843,15843,15843,2,-2
2023-03-23 15:10:37,15844,15844,15844,2,2
2023-03-23 15:10:45,15844,15844,15844,40,0
2023-03-23 15:10:48,15843,15843,15843,2,-2
2023-03-23 15:10:58,15844,15844,15844,2,2
2023-03-23 15:10:59,15843,15843,15843,2,-2
2023-03-23 15:11:05,15843,15843,15843,2,0
2023-03-23 15:11:06,15842,15842,15842,2,-2
2023-03-23 15:11:10,15843,15843,15843,2,2
2023-03-23 15:11:14,15843,15843,15843,6,0
2023-03-23 15:11:18,15842,15842,15842,2,-2
2023-03-23 15:11:21,15843,15843,15843,2,2
2023-03-23 15:11:21,15843,15843,15843,2,0
2023-03-23 15:11:27,15843,15843,15843,2,0
2023-03-23 15:11:27,15843,15843,15843,2,0
2023-03-23 15:11:27,15843,15843,15843,2,0
2023-03-23 15:11:27,15843,15843,15843,2,0
2023-03-23 15:11:28,15843,15843,15843,2,0
2023-03-23 15:11:33,15842,15842,15842,62,-62
2023-03-23 15:11:33,15842,15842,15842,8,0
2023-03-23 15:11:33,15842,15842,15842,2,0
2023-03-23 15:11:33,15842,15842,15842,4,0
2023-03-23 15:11:33,15842,15842,15842,2,0
2023-03-23 15:11:33,15842,15842,15842,2,0
2023-03-23 15:11:33,15842,15842,15842,2,0
2023-03-23 15:11:33,15842,15842,15842,4,0
2023-03-23 15:11:33,15842,15842,15842,2,0
2023-03-23 15:11:33,15842,15842,15842,2,0
2023-03-23 15:11:33,15842,15842,15842,2,0
2023-03-23 15:11:33,15842,15842,15842,2,0
2023-03-23 15:11:34,15841,15841,15841,2,-2
2023-03-23 15:11:34,15841,15841,15841,2,0
2023-03-23 15:11:34,15841,15841,15841,2,0
2023-03-23 15:11:34,15841,15841,15841,2,0
2023-03-23 15:11:34,15841,15841,15841,2,0
2023-03-23 15:11:34,15841,15841,15841,2,0
2023-03-23 15:11:34,15841,15841,15841,2,0
2023-03-23 15:11:34,15841,15841,15841,6,0
2023-03-23 15:11:36,15841,15841,15841,2,0
2023-03-23 15:11:38,15840,15840,15840,2,-2
2023-03-23 15:11:39,15842,15842,15842,2,2
2023-03-23 15:11:39,15842,15842,15842,2,0
2023-03-23 15:11:40,15842,15842,15842,2,0
2023-03-23 15:11:47,15840,15840,15840,2,-2
2023-03-23 15:11:47,15840,15840,15840,2,0
2023-03-23 15:11:47,15840,15840,15840,2,0
2023-03-23 15:11:47,15840,15840,15840,2,0
2023-03-23 15:11:47,15840,15840,15840,2,0
2023-03-23 15:11:47,15840,15840,15840,2,0
2023-03-23 15:11:47,15840,15840,15840,6,0
2023-03-23 15:11:47,15840,15840,15840,2,0
2023-03-23 15:11:47,15840,15840,15840,4,0
2023-03-23 15:11:47,15840,15840,15840,2,0
2023-03-23 15:11:47,15840,15840,15840,2,0
2023-03-23 15:11:47,15840,15840,15840,2,0
2023-03-23 15:11:47,15840,15840,15840,2,0
2023-03-23 15:11:47,15840,15840,15840,2,0
2023-03-23 15:11:47,15840,15840,15840,2,0
2023-03-23 15:11:47,15840,15840,15840,2,0
2023-03-23 15:11:47,15839,15839,15839,2,-2
2023-03-23 15:11:51,15840,15840,15840,2,2
2023-03-23 15:11:51,15839,15839,15839,2,-2
2023-03-23 15:11:51,15838,15838,15838,2,-2
2023-03-23 15:11:53,15840,15840,15840,2,2
2023-03-23 15:11:54,15839,15839,15839,2,-2
2023-03-23 15:11:55,15839,15839,15839,2,0
2023-03-23 15:12:03,15838,15838,15838,2,-2
2023-03-23 15:12:03,15838,15838,15838,14,0
2023-03-23 15:12:03,15838,15838,15838,2,0
2023-03-23 15:12:03,15838,15838,15838,2,0
2023-03-23 15:12:03,15838,15838,15838,2,0
2023-03-23 15:12:05,15836,15836,15836,2,-2
2023-03-23 15:12:05,15837,15837,15837,2,2
2023-03-23 15:12:07,15836,15836,15836,2,-2
2023-03-23 15:12:09,15837,15837,15837,2,2
2023-03-23 15:12:10,15837,15837,15837,2,0
2023-03-23 15:12:10,15837,15837,15837,2,0
2023-03-23 15:12:10,15837,15837,15837,2,0
2023-03-23 15:12:10,15837,15837,15837,2,0
2023-03-23 15:12:11,15837,15837,15837,2,0
2023-03-23 15:12:11,15837,15837,15837,6,0
2023-03-23 15:12:12,15837,15837,15837,2,0
2023-03-23 15:12:13,15837,15837,15837,2,0
2023-03-23 15:12:13,15837,15837,15837,2,0
2023-03-23 15:12:13,15837,15837,15837,4,0
2023-03-23 15:12:13,15837,15837,15837,2,0
2023-03-23 15:12:13,15837,15837,15837,2,0
2023-03-23 15:12:13,15837,15837,15837,2,0
2023-03-23 15:12:13,15837,15837,15837,2,0
2023-03-23 15:12:13,15837,15837,15837,2,0
2023-03-23 15:12:13,15837,15837,15837,2,0
2023-03-23 15:12:13,15837,15837,15837,6,0
2023-03-23 15:12:13,15837,15837,15837,2,0
2023-03-23 15:12:13,15837,15837,15837,2,0
2023-03-23 15:12:13,15837,15837,15837,4,0
2023-03-23 15:12:13,15837,15837,15837,2,0
2023-03-23 15:12:13,15837,15837,15837,2,0
2023-03-23 15:12:15,15837,15837,15837,2,0
2023-03-23 15:12:16,15837,15837,15837,2,0
2023-03-23 15:12:19,15836,15836,15836,2,-2
2023-03-23 15:12:20,15837,15837,15837,6,6
2023-03-23 15:12:25,15838,15838,15838,2,2
2023-03-23 15:12:25,15838,15838,15838,2,0
2023-03-23 15:12:27,15838,15838,15838,2,0
2023-03-23 15:12:29,15838,15838,15838,4,0
2023-03-23 15:12:31,15839,15839,15839,2,2
2023-03-23 15:12:41,15839,15839,15839,8,0
2023-03-23 15:12:42,15839,15839,15839,2,0
2023-03-23 15:12:42,15838,15838,15838,2,-2
2023-03-23 15:12:48,15838,15838,15838,2,0
2023-03-23 15:12:48,15839,15839,15839,2,2
2023-03-23 15:12:51,15839,15839,15839,2,0
2023-03-23 15:12:51,15840,15840,15840,4,4
2023-03-23 15:12:53,15840,15840,15840,2,0
2023-03-23 15:12:53,15840,15840,15840,2,0
2023-03-23 15:12:53,15841,15841,15841,8,8
2023-03-23 15:12:55,15842,15842,15842,2,2
2023-03-23 15:13:00,15842,15842,15842,4,0
2023-03-23 15:13:00,15842,15842,15842,2,0
2023-03-23 15:13:02,15841,15841,15841,2,-2
2023-03-23 15:13:03,15840,15840,15840,2,-2
2023-03-23 15:13:04,15840,15840,15840,2,0
2023-03-23 15:13:04,15840,15840,15840,2,0
2023-03-23 15:13:13,15841,15841,15841,2,2
2023-03-23 15:13:40,15840,15840,15840,2,-2
2023-03-23 15:13:46,15840,15840,15840,2,0
2023-03-23 15:13:59,15840,15840,15840,2,0
2023-03-23 15:14:10,15840,15840,15840,2,0
2023-03-23 15:14:10,15840,15840,15840,2,0
2023-03-23 15:14:13,15840,15840,15840,2,0
2023-03-23 15:14:17,15840,15840,15840,2,0
2023-03-23 15:14:23,15840,15840,15840,2,0
2023-03-23 15:14:23,15840,15840,15840,2,0
2023-03-23 15:14:23,15840,15840,15840,2,0
2023-03-23 15:14:29,15839,15839,15839,2,-2
2023-03-23 15:14:31,15839,15839,15839,2,0
2023-03-23 15:14:31,15839,15839,15839,2,0
2023-03-23 15:14:33,15839,15839,15839,2,0
2023-03-23 15:14:43,15839,15839,15839,2,0
2023-03-23 15:14:45,15839,15839,15839,18,0
2023-03-23 15:14:45,15840,15840,15840,2,2
2023-03-23 15:14:46,15839,15839,15839,2,-2
2023-03-23 15:14:47,15839,15839,15839,2,0
2023-03-23 15:14:51,15839,15839,15839,6,0
2023-03-23 15:14:52,15839,15839,15839,8,0
2023-03-23 15:14:53,15838,15838,15838,2,-2
2023-03-23 15:14:58,15839,15839,15839,2,2
2023-03-23 15:15:04,15839,15839,15839,2,0
2023-03-23 15:15:06,15840,15840,15840,6,6
2023-03-23 15:15:06,15840,15840,15840,2,0
2023-03-23 15:15:06,15840,15840,15840,40,0
2023-03-23 15:15:06,15841,15841,15841,2,2
2023-03-23 15:15:06,15841,15841,15841,2,0
2023-03-23 15:15:07,15842,15842,15842,2,2
2023-03-23 15:15:10,15842,15842,15842,4,0
2023-03-23 15:15:13,15842,15842,15842,2,0
2023-03-23 15:15:21,15842,15842,15842,6,0
2023-03-23 15:15:28,15843,15843,15843,2,2
2023-03-23 15:15:28,15843,15843,15843,2,0
2023-03-23 15:15:37,15843,15843,15843,8,0
2023-03-23 15:15:37,15844,15844,15844,2,2
2023-03-23 15:15:37,15844,15844,15844,6,0
2023-03-23 15:15:37,15845,15845,15845,4,4
2023-03-23 15:15:37,15845,15845,15845,4,0
2023-03-23 15:15:37,15845,15845,15845,2,0
2023-03-23 15:15:37,15845,15845,15845,6,0
2023-03-23 15:15:37,15846,15846,15846,2,2
2023-03-23 15:15:41,15845,15845,15845,2,-2
2023-03-23 15:15:44,15846,15846,15846,6,6
2023-03-23 15:15:45,15846,15846,15846,2,0
2023-03-23 15:15:46,15846,15846,15846,2,0
2023-03-23 15:15:49,15846,15846,15846,2,0
2023-03-23 15:15:51,15847,15847,15847,2,2
2023-03-23 15:15:51,15847,15847,15847,4,0
2023-03-23 15:15:52,15847,15847,15847,2,0
2023-03-23 15:15:52,15847,15847,15847,2,0
2023-03-23 15:15:53,15847,15847,15847,2,0
2023-03-23 15:15:55,15847,15847,15847,2,0
2023-03-23 15:15:56,15847,15847,15847,4,0
2023-03-23 15:16:00,15847,15847,15847,2,0
2023-03-23 15:16:00,15847,15847,15847,2,0
2023-03-23 15:16:03,15847,15847,15847,2,0
2023-03-23 15:16:04,15848,15848,15848,6,6
2023-03-23 15:16:04,15848,15848,15848,16,0
2023-03-23 15:16:04,15849,15849,15849,2,2
2023-03-23 15:16:04,15849,15849,15849,2,0
2023-03-23 15:16:04,15848,15848,15848,2,-2
2023-03-23 15:16:06,15848,15848,15848,2,0
2023-03-23 15:16:06,15849,15849,15849,10,10
2023-03-23 15:16:08,15849,15849,15849,2,0
2023-03-23 15:16:09,15849,15849,15849,2,0
2023-03-23 15:16:09,15850,15850,15850,2,2
2023-03-23 15:16:09,15850,15850,15850,2,0
2023-03-23 15:16:09,15850,15850,15850,2,0
2023-03-23 15:16:09,15848,15848,15848,2,-2
2023-03-23 15:16:10,15849,15849,15849,2,2
2023-03-23 15:16:11,15848,15848,15848,2,-2
2023-03-23 15:16:12,15848,15848,15848,2,0
2023-03-23 15:16:14,15850,15850,15850,2,2
2023-03-23 15:16:15,15850,15850,15850,10,0
2023-03-23 15:16:16,15849,15849,15849,2,-2
2023-03-23 15:16:16,15849,15849,15849,6,0
2023-03-23 15:16:16,15850,15850,15850,2,2
2023-03-23 15:16:16,15850,15850,15850,2,0
2023-03-23 15:16:22,15850,15850,15850,4,0
2023-03-23 15:16:24,15850,15850,15850,8,0
2023-03-23 15:16:25,15850,15850,15850,2,0
2023-03-23 15:16:25,15849,15849,15849,2,-2
2023-03-23 15:16:26,15849,15849,15849,2,0
2023-03-23 15:16:32,15849,15849,15849,2,0
2023-03-23 15:16:32,15850,15850,15850,2,2
2023-03-23 15:16:32,15850,15850,15850,2,0
2023-03-23 15:16:33,15849,15849,15849,2,-2
2023-03-23 15:16:34,15850,15850,15850,2,2
2023-03-23 15:16:34,15850,15850,15850,6,0
2023-03-23 15:16:34,15850,15850,15850,2,0
2023-03-23 15:16:34,15850,15850,15850,4,0
2023-03-23 15:16:34,15850,15850,15850,2,0
2023-03-23 15:16:34,15850,15850,15850,2,0
2023-03-23 15:16:34,15850,15850,15850,6,0
2023-03-23 15:16:34,15850,15850,15850,2,0
2023-03-23 15:16:34,15850,15850,15850,2,0
2023-03-23 15:16:34,15850,15850,15850,2,0
2023-03-23 15:16:35,15850,15850,15850,2,0
2023-03-23 15:16:38,15851,15851,15851,2,2
2023-03-23 15:16:38,15850,15850,15850,2,-2
2023-03-23 15:16:38,15851,15851,15851,4,4
2023-03-23 15:16:38,15850,15850,15850,2,-2
2023-03-23 15:16:38,15851,15851,15851,2,2
2023-03-23 15:16:39,15851,15851,15851,4,0
2023-03-23 15:16:40,15850,15850,15850,2,-2
2023-03-23 15:16:40,15851,15851,15851,8,8
2023-03-23 15:16:40,15850,15850,15850,2,-2
2023-03-23 15:16:42,15851,15851,15851,2,2
2023-03-23 15:16:45,15851,15851,15851,2,0
2023-03-23 15:16:46,15851,15851,15851,4,0
2023-03-23 15:16:46,15850,15850,15850,2,-2
2023-03-23 15:16:51,15851,15851,15851,2,2
2023-03-23 15:16:51,15851,15851,15851,2,0
2023-03-23 15:16:51,15851,15851,15851,2,0
2023-03-23 15:16:51,15850,15850,15850,2,-2
2023-03-23 15:16:51,15850,15850,15850,2,0
2023-03-23 15:16:53,15850,15850,15850,2,0
2023-03-23 15:16:57,15851,15851,15851,2,2
2023-03-23 15:16:57,15850,15850,15850,2,-2
2023-03-23 15:17:00,15851,15851,15851,4,4
2023-03-23 15:17:04,15851,15851,15851,2,0
2023-03-23 15:17:08,15851,15851,15851,2,0
2023-03-23 15:17:08,15850,15850,15850,2,-2
2023-03-23 15:17:14,15850,15850,15850,2,0
2023-03-23 15:17:15,15850,15850,15850,16,0
2023-03-23 15:17:15,15850,15850,15850,2,0
2023-03-23 15:17:15,15850,15850,15850,2,0
2023-03-23 15:17:15,15850,15850,15850,2,0
2023-03-23 15:17:15,15850,15850,15850,4,0
2023-03-23 15:17:15,15850,15850,15850,2,0
2023-03-23 15:17:15,15850,15850,15850,2,0
2023-03-23 15:17:16,15850,15850,15850,2,0
2023-03-23 15:17:17,15850,15850,15850,14,0
2023-03-23 15:17:17,15851,15851,15851,6,6
2023-03-23 15:17:21,15850,15850,15850,2,-2
2023-03-23 15:17:22,15851,15851,15851,2,2
2023-03-23 15:17:23,15851,15851,15851,2,0
2023-03-23 15:17:23,15851,15851,15851,4,0
2023-03-23 15:17:23,15851,15851,15851,2,0
2023-03-23 15:17:24,15851,15851,15851,2,0
2023-03-23 15:17:25,15850,15850,15850,4,-4
2023-03-23 15:17:25,15850,15850,15850,2,0
2023-03-23 15:17:25,15850,15850,15850,2,0
2023-03-23 15:17:27,15850,15850,15850,2,0
2023-03-23 15:17:27,15850,15850,15850,6,0
2023-03-23 15:17:29,15850,15850,15850,10,0
2023-03-23 15:17:29,15850,15850,15850,2,0
2023-03-23 15:17:30,15850,15850,15850,2,0
2023-03-23 15:17:37,15849,15849,15849,2,-2
2023-03-23 15:17:37,15849,15849,15849,2,0
2023-03-23 15:17:37,15849,15849,15849,2,0
2023-03-23 15:17:37,15849,15849,15849,6,0
2023-03-23 15:17:41,15850,15850,15850,14,14
2023-03-23 15:17:43,15849,15849,15849,2,-2
2023-03-23 15:17:44,15848,15848,15848,2,-2
2023-03-23 15:17:44,15848,15848,15848,2,0
2023-03-23 15:17:44,15850,15850,15850,10,10
2023-03-23 15:17:45,15850,15850,15850,16,0
2023-03-23 15:17:45,15851,15851,15851,50,50
2023-03-23 15:17:45,15851,15851,15851,4,0
2023-03-23 15:17:45,15851,15851,15851,2,0
2023-03-23 15:17:47,15851,15851,15851,4,0
2023-03-23 15:17:47,15851,15851,15851,4,0
2023-03-23 15:17:50,15851,15851,15851,2,0
2023-03-23 15:17:50,15851,15851,15851,6,0
2023-03-23 15:17:50,15851,15851,15851,2,0
2023-03-23 15:17:50,15851,15851,15851,50,0
2023-03-23 15:17:53,15852,15852,15852,2,2
2023-03-23 15:17:53,15852,15852,15852,2,0
2023-03-23 15:17:53,15852,15852,15852,10,0
2023-03-23 15:17:53,15852,15852,15852,2,0
2023-03-23 15:17:55,15852,15852,15852,2,0
2023-03-23 15:17:55,15852,15852,15852,4,0
2023-03-23 15:17:55,15852,15852,15852,4,0
2023-03-23 15:17:55,15852,15852,15852,6,0
2023-03-23 15:17:55,15852,15852,15852,4,0
2023-03-23 15:17:55,15852,15852,15852,4,0
2023-03-23 15:17:55,15852,15852,15852,2,0
2023-03-23 15:17:57,15853,15853,15853,2,2
2023-03-23 15:17:57,15852,15852,15852,2,-2
2023-03-23 15:17:57,15853,15853,15853,10,10
2023-03-23 15:17:57,15853,15853,15853,2,0
2023-03-23 15:17:59,15853,15853,15853,2,0
2023-03-23 15:17:59,15852,15852,15852,2,-2
2023-03-23 15:18:01,15853,15853,15853,2,2
2023-03-23 15:18:01,15853,15853,15853,2,0
2023-03-23 15:18:01,15853,15853,15853,2,0
2023-03-23 15:18:01,15853,15853,15853,6,0
2023-03-23 15:18:01,15852,15852,15852,2,-2
2023-03-23 15:18:02,15854,15854,15854,2,2
2023-03-23 15:18:02,15854,15854,15854,2,0
2023-03-23 15:18:02,15854,15854,15854,2,0
2023-03-23 15:18:03,15853,15853,15853,2,-2
2023-03-23 15:18:04,15854,15854,15854,2,2
2023-03-23 15:18:04,15854,15854,15854,2,0
2023-03-23 15:18:05,15854,15854,15854,2,0
2023-03-23 15:18:05,15853,15853,15853,2,-2
2023-03-23 15:18:09,15853,15853,15853,2,0
2023-03-23 15:18:11,15854,15854,15854,2,2
2023-03-23 15:18:11,15854,15854,15854,2,0
2023-03-23 15:18:11,15854,15854,15854,6,0
2023-03-23 15:18:11,15854,15854,15854,4,0
2023-03-23 15:18:11,15854,15854,15854,2,0
2023-03-23 15:18:13,15854,15854,15854,2,0
2023-03-23 15:18:13,15854,15854,15854,2,0
2023-03-23 15:18:13,15854,15854,15854,2,0
2023-03-23 15:18:13,15854,15854,15854,6,0
2023-03-23 15:18:14,15853,15853,15853,2,-2
2023-03-23 15:18:14,15854,15854,15854,2,2
2023-03-23 15:18:16,15854,15854,15854,2,0
2023-03-23 15:18:16,15854,15854,15854,2,0
2023-03-23 15:18:16,15854,15854,15854,6,0
2023-03-23 15:18:20,15854,15854,15854,6,0
2023-03-23 15:18:20,15854,15854,15854,2,0
2023-03-23 15:18:20,15854,15854,15854,2,0
2023-03-23 15:18:20,15854,15854,15854,16,0
2023-03-23 15:18:20,15854,15854,15854,2,0
2023-03-23 15:18:20,15854,15854,15854,6,0
2023-03-23 15:18:20,15854,15854,15854,2,0
2023-03-23 15:18:20,15854,15854,15854,2,0
2023-03-23 15:18:20,15854,15854,15854,2,0
2023-03-23 15:18:20,15854,15854,15854,12,0
2023-03-23 15:18:20,15854,15854,15854,2,0
2023-03-23 15:18:20,15854,15854,15854,4,0
2023-03-23 15:18:20,15854,15854,15854,2,0
2023-03-23 15:18:20,15854,15854,15854,4,0
2023-03-23 15:18:20,15854,15854,15854,2,0
2023-03-23 15:18:20,15854,15854,15854,2,0
2023-03-23 15:18:22,15854,15854,15854,2,0
2023-03-23 15:18:22,15855,15855,15855,2,2
2023-03-23 15:18:29,15855,15855,15855,8,0
2023-03-23 15:18:31,15855,15855,15855,2,0
2023-03-23 15:18:31,15855,15855,15855,2,0
2023-03-23 15:18:31,15855,15855,15855,2,0
2023-03-23 15:18:31,15855,15855,15855,2,0
2023-03-23 15:18:31,15855,15855,15855,2,0
2023-03-23 15:18:33,15855,15855,15855,8,0
2023-03-23 15:18:36,15855,15855,15855,6,0
2023-03-23 15:18:37,15855,15855,15855,2,0
2023-03-23 15:18:37,15855,15855,15855,10,0
2023-03-23 15:18:38,15855,15855,15855,2,0
2023-03-23 15:18:39,15855,15855,15855,2,0
2023-03-23 15:18:39,15855,15855,15855,6,0
2023-03-23 15:18:39,15856,15856,15856,6,6
2023-03-23 15:18:40,15856,15856,15856,4,0
2023-03-23 15:18:40,15856,15856,15856,4,0
2023-03-23 15:18:41,15856,15856,15856,2,0
2023-03-23 15:18:41,15856,15856,15856,4,0
2023-03-23 15:18:41,15855,15855,15855,2,-2
2023-03-23 15:18:42,15855,15855,15855,2,0
2023-03-23 15:18:42,15855,15855,15855,6,0
2023-03-23 15:18:42,15855,15855,15855,2,0
2023-03-23 15:18:45,15855,15855,15855,2,0
2023-03-23 15:18:46,15855,15855,15855,4,0
2023-03-23 15:18:46,15855,15855,15855,14,0
2023-03-23 15:18:47,15855,15855,15855,2,0
2023-03-23 15:18:47,15855,15855,15855,2,0
2023-03-23 15:18:48,15855,15855,15855,2,0
2023-03-23 15:18:48,15855,15855,15855,2,0
2023-03-23 15:18:48,15855,15855,15855,2,0
2023-03-23 15:18:48,15855,15855,15855,2,0
2023-03-23 15:18:48,15855,15855,15855,2,0
2023-03-23 15:18:49,15856,15856,15856,4,4
2023-03-23 15:18:50,15855,15855,15855,2,-2
2023-03-23 15:18:52,15855,15855,15855,2,0
2023-03-23 15:18:52,15855,15855,15855,2,0
2023-03-23 15:18:53,15855,15855,15855,2,0
2023-03-23 15:18:53,15856,15856,15856,2,2
2023-03-23 15:18:54,15856,15856,15856,2,0
2023-03-23 15:18:57,15856,15856,15856,2,0
2023-03-23 15:18:59,15856,15856,15856,2,0
2023-03-23 15:18:59,15856,15856,15856,2,0
2023-03-23 15:19:02,15857,15857,15857,2,2
2023-03-23 15:19:02,15857,15857,15857,20,0
2023-03-23 15:19:02,15857,15857,15857,2,0
2023-03-23 15:19:02,15858,15858,15858,8,8
2023-03-23 15:19:02,15858,15858,15858,2,0
2023-03-23 15:19:02,15857,15857,15857,2,-2
2023-03-23 15:19:03,15857,15857,15857,2,0
2023-03-23 15:19:05,15858,15858,15858,8,8
2023-03-23 15:19:05,15857,15857,15857,2,-2
2023-03-23 15:19:06,15856,15856,15856,2,-2
2023-03-23 15:19:07,15858,15858,15858,2,2
2023-03-23 15:19:07,15857,15857,15857,2,-2
2023-03-23 15:19:10,15857,15857,15857,2,0
2023-03-23 15:19:14,15858,15858,15858,2,2
2023-03-23 15:19:15,15857,15857,15857,2,-2
2023-03-23 15:19:18,15858,15858,15858,2,2
2023-03-23 15:19:18,15857,15857,15857,2,-2
2023-03-23 15:19:19,15858,15858,15858,2,2
2023-03-23 15:19:22,15858,15858,15858,2,0
2023-03-23 15:19:22,15858,15858,15858,2,0
2023-03-23 15:19:22,15858,15858,15858,2,0
2023-03-23 15:19:22,15858,15858,15858,2,0
2023-03-23 15:19:25,15858,15858,15858,4,0
2023-03-23 15:19:25,15858,15858,15858,6,0
2023-03-23 15:19:25,15858,15858,15858,2,0
2023-03-23 15:19:25,15858,15858,15858,2,0
2023-03-23 15:19:25,15858,15858,15858,8,0
2023-03-23 15:19:25,15858,15858,15858,4,0
2023-03-23 15:19:25,15858,15858,15858,2,0
2023-03-23 15:19:25,15858,15858,15858,6,0
2023-03-23 15:19:25,15858,15858,15858,2,0
2023-03-23 15:19:25,15858,15858,15858,6,0
2023-03-23 15:19:25,15858,15858,15858,2,0
2023-03-23 15:19:25,15858,15858,15858,2,0
2023-03-23 15:19:25,15858,15858,15858,2,0
2023-03-23 15:19:25,15858,15858,15858,2,0
2023-03-23 15:19:25,15858,15858,15858,2,0
2023-03-23 15:19:28,15858,15858,15858,2,0
2023-03-23 15:19:32,15859,15859,15859,2,2
2023-03-23 15:19:35,15859,15859,15859,2,0
2023-03-23 15:19:36,15859,15859,15859,2,0
2023-03-23 15:19:39,15859,15859,15859,2,0
2023-03-23 15:19:39,15859,15859,15859,10,0
2023-03-23 15:19:39,15859,15859,15859,56,0
2023-03-23 15:19:39,15860,15860,15860,26,26
2023-03-23 15:19:39,15861,15861,15861,6,6
2023-03-23 15:19:39,15861,15861,15861,4,0
2023-03-23 15:19:39,15861,15861,15861,2,0
2023-03-23 15:19:39,15861,15861,15861,2,0
2023-03-23 15:19:39,15861,15861,15861,4,0
2023-03-23 15:19:39,15862,15862,15862,2,2
2023-03-23 15:19:40,15862,15862,15862,2,0
2023-03-23 15:19:40,15862,15862,15862,2,0
2023-03-23 15:19:40,15862,15862,15862,4,0
2023-03-23 15:19:41,15862,15862,15862,2,0
2023-03-23 15:19:41,15861,15861,15861,2,-2
2023-03-23 15:19:41,15861,15861,15861,2,0
2023-03-23 15:19:41,15861,15861,15861,2,0
2023-03-23 15:19:43,15862,15862,15862,2,2
2023-03-23 15:19:44,15862,15862,15862,2,0
2023-03-23 15:19:45,15862,15862,15862,4,0
2023-03-23 15:19:45,15862,15862,15862,10,0
2023-03-23 15:19:47,15862,15862,15862,10,0
2023-03-23 15:19:47,15862,15862,15862,2,0
2023-03-23 15:19:47,15863,15863,15863,10,10
2023-03-23 15:19:47,15862,15862,15862,2,-2
2023-03-23 15:19:47,15863,15863,15863,4,4
2023-03-23 15:19:47,15864,15864,15864,6,6
2023-03-23 15:19:49,15863,15863,15863,10,-10
2023-03-23 15:19:50,15863,15863,15863,2,0
2023-03-23 15:19:51,15864,15864,15864,2,2
2023-03-23 15:19:51,15864,15864,15864,2,0
2023-03-23 15:19:52,15864,15864,15864,2,0
2023-03-23 15:19:52,15865,15865,15865,4,4
2023-03-23 15:19:52,15865,15865,15865,4,0
2023-03-23 15:19:53,15865,15865,15865,2,0
2023-03-23 15:19:53,15865,15865,15865,2,0
2023-03-23 15:19:55,15864,15864,15864,8,-8
2023-03-23 15:19:55,15864,15864,15864,2,0
2023-03-23 15:19:55,15864,15864,15864,2,0
2023-03-23 15:19:55,15863,15863,15863,2,-2
2023-03-23 15:19:56,15864,15864,15864,2,2
2023-03-23 15:19:56,15864,15864,15864,4,0
2023-03-23 15:19:57,15863,15863,15863,2,-2
2023-03-23 15:19:57,15863,15863,15863,2,0
2023-03-23 15:19:57,15863,15863,15863,2,0
2023-03-23 15:19:58,15864,15864,15864,2,2
2023-03-23 15:19:58,15864,15864,15864,2,0
2023-03-23 15:19:59,15864,15864,15864,8,0
2023-03-23 15:19:59,15865,15865,15865,2,2
2023-03-23 15:19:59,15863,15863,15863,2,-2
2023-03-23 15:19:59,15863,15863,15863,2,0
2023-03-23 15:19:59,15863,15863,15863,6,0
2023-03-23 15:20:00,15864,15864,15864,2,2
2023-03-23 15:20:00,15865,15865,15865,18,18
2023-03-23 15:20:01,15865,15865,15865,4,0
2023-03-23 15:20:02,15864,15864,15864,2,-2
2023-03-23 15:20:02,15865,15865,15865,2,2
2023-03-23 15:20:02,15865,15865,15865,2,0
2023-03-23 15:20:02,15865,15865,15865,2,0
2023-03-23 15:20:02,15865,15865,15865,2,0
2023-03-23 15:20:02,15865,15865,15865,4,0
2023-03-23 15:20:02,15865,15865,15865,2,0
2023-03-23 15:20:02,15864,15864,15864,2,-2
2023-03-23 15:20:03,15865,15865,15865,2,2
2023-03-23 15:20:04,15865,15865,15865,2,0
2023-03-23 15:20:04,15865,15865,15865,2,0
2023-03-23 15:20:04,15865,15865,15865,8,0
2023-03-23 15:20:04,15866,15866,15866,6,6
2023-03-23 15:20:04,15866,15866,15866,8,0
2023-03-23 15:20:04,15867,15867,15867,2,2
2023-03-23 15:20:04,15867,15867,15867,2,0
2023-03-23 15:20:04,15867,15867,15867,10,0
2023-03-23 15:20:04,15867,15867,15867,2,0
2023-03-23 15:20:04,15867,15867,15867,2,0
2023-03-23 15:20:04,15867,15867,15867,2,0
2023-03-23 15:20:04,15867,15867,15867,4,0
2023-03-23 15:20:04,15867,15867,15867,2,0
2023-03-23 15:20:04,15867,15867,15867,4,0
2023-03-23 15:20:04,15868,15868,15868,2,2
2023-03-23 15:20:04,15868,15868,15868,4,0
2023-03-23 15:20:04,15868,15868,15868,2,0
2023-03-23 15:20:04,15868,15868,15868,2,0
2023-03-23 15:20:04,15868,15868,15868,4,0
2023-03-23 15:20:04,15868,15868,15868,4,0
2023-03-23 15:20:04,15868,15868,15868,4,0
2023-03-23 15:20:04,15868,15868,15868,2,0
2023-03-23 15:20:04,15868,15868,15868,2,0
2023-03-23 15:20:04,15868,15868,15868,2,0
2023-03-23 15:20:04,15868,15868,15868,2,0
2023-03-23 15:20:04,15868,15868,15868,2,0
2023-03-23 15:20:04,15867,15867,15867,2,-2
2023-03-23 15:20:04,15868,15868,15868,4,4
2023-03-23 15:20:04,15868,15868,15868,2,0
2023-03-23 15:20:04,15868,15868,15868,2,0
2023-03-23 15:20:04,15868,15868,15868,2,0
2023-03-23 15:20:04,15868,15868,15868,2,0
2023-03-23 15:20:04,15868,15868,15868,2,0
2023-03-23 15:20:04,15868,15868,15868,2,0
2023-03-23 15:20:04,15868,15868,15868,2,0
2023-03-23 15:20:05,15868,15868,15868,2,0
2023-03-23 15:20:05,15867,15867,15867,2,-2
2023-03-23 15:20:05,15868,15868,15868,2,2
2023-03-23 15:20:05,15868,15868,15868,2,0
2023-03-23 15:20:05,15868,15868,15868,2,0
2023-03-23 15:20:05,15868,15868,15868,2,0
2023-03-23 15:20:05,15868,15868,15868,2,0
2023-03-23 15:20:05,15868,15868,15868,2,0
2023-03-23 15:20:05,15869,15869,15869,4,4
2023-03-23 15:20:05,15868,15868,15868,4,-4
2023-03-23 15:20:05,15869,15869,15869,2,2
2023-03-23 15:20:05,15869,15869,15869,2,0
2023-03-23 15:20:05,15869,15869,15869,2,0
2023-03-23 15:20:05,15869,15869,15869,2,0
2023-03-23 15:20:05,15869,15869,15869,6,0
2023-03-23 15:20:05,15869,15869,15869,4,0
2023-03-23 15:20:05,15869,15869,15869,2,0
2023-03-23 15:20:05,15869,15869,15869,2,0
2023-03-23 15:20:05,15869,15869,15869,2,0
2023-03-23 15:20:05,15869,15869,15869,2,0
2023-03-23 15:20:05,15870,15870,15870,4,4
2023-03-23 15:20:05,15870,15870,15870,2,0
2023-03-23 15:20:05,15870,15870,15870,2,0
2023-03-23 15:20:05,15870,15870,15870,2,0
2023-03-23 15:20:05,15870,15870,15870,4,0
2023-03-23 15:20:05,15870,15870,15870,4,0
2023-03-23 15:20:05,15870,15870,15870,2,0
2023-03-23 15:20:05,15870,15870,15870,2,0
2023-03-23 15:20:05,15870,15870,15870,4,0
2023-03-23 15:20:05,15870,15870,15870,4,0
2023-03-23 15:20:05,15870,15870,15870,2,0
2023-03-23 15:20:05,15870,15870,15870,2,0
2023-03-23 15:20:05,15870,15870,15870,2,0
2023-03-23 15:20:05,15870,15870,15870,6,0
2023-03-23 15:20:05,15870,15870,15870,2,0
2023-03-23 15:20:05,15871,15871,15871,14,14
2023-03-23 15:20:05,15871,15871,15871,2,0
2023-03-23 15:20:05,15870,15870,15870,2,-2
2023-03-23 15:20:05,15870,15870,15870,2,0
2023-03-23 15:20:05,15870,15870,15870,2,0
2023-03-23 15:20:05,15870,15870,15870,2,0
2023-03-23 15:20:05,15870,15870,15870,2,0
2023-03-23 15:20:05,15870,15870,15870,2,0
2023-03-23 15:20:05,15870,15870,15870,2,0
2023-03-23 15:20:05,15870,15870,15870,4,0
2023-03-23 15:20:05,15870,15870,15870,2,0
2023-03-23 15:20:05,15870,15870,15870,2,0
2023-03-23 15:20:05,15870,15870,15870,2,0
2023-03-23 15:20:05,15870,15870,15870,2,0
2023-03-23 15:20:05,15870,15870,15870,10,0
2023-03-23 15:20:05,15869,15869,15869,8,-8
2023-03-23 15:20:06,15870,15870,15870,2,2
2023-03-23 15:20:06,15870,15870,15870,2,0
2023-03-23 15:20:07,15869,15869,15869,2,-2
2023-03-23 15:20:07,15870,15870,15870,4,4
2023-03-23 15:20:09,15870,15870,15870,20,0
2023-03-23 15:20:10,15870,15870,15870,2,0
2023-03-23 15:20:10,15869,15869,15869,2,-2
2023-03-23 15:20:10,15869,15869,15869,2,0
2023-03-23 15:20:10,15869,15869,15869,2,0
2023-03-23 15:20:11,15868,15868,15868,2,-2
2023-03-23 15:20:11,15868,15868,15868,4,0
2023-03-23 15:20:12,15870,15870,15870,16,16
2023-03-23 15:20:12,15870,15870,15870,2,0
2023-03-23 15:20:12,15870,15870,15870,2,0
2023-03-23 15:20:12,15869,15869,15869,2,-2
2023-03-23 15:20:12,15871,15871,15871,12,12
2023-03-23 15:20:12,15869,15869,15869,2,-2
2023-03-23 15:20:13,15869,15869,15869,2,0
2023-03-23 15:20:13,15869,15869,15869,2,0
2023-03-23 15:20:13,15868,15868,15868,2,-2
2023-03-23 15:20:13,15868,15868,15868,2,0
2023-03-23 15:20:13,15868,15868,15868,2,0
2023-03-23 15:20:13,15868,15868,15868,2,0
2023-03-23 15:20:13,15868,15868,15868,4,0
2023-03-23 15:20:13,15868,15868,15868,2,0
2023-03-23 15:20:13,15867,15867,15867,2,-2
2023-03-23 15:20:13,15868,15868,15868,2,2
2023-03-23 15:20:13,15867,15867,15867,2,-2
2023-03-23 15:20:13,15867,15867,15867,2,0
2023-03-23 15:20:14,15868,15868,15868,2,2
2023-03-23 15:20:14,15868,15868,15868,2,0
2023-03-23 15:20:14,15868,15868,15868,4,0
2023-03-23 15:20:15,15867,15867,15867,2,-2
2023-03-23 15:20:15,15867,15867,15867,2,0
2023-03-23 15:20:17,15867,15867,15867,2,0
2023-03-23 15:20:18,15866,15866,15866,2,-2
2023-03-23 15:20:18,15866,15866,15866,2,0
2023-03-23 15:20:18,15866,15866,15866,2,0
2023-03-23 15:20:18,15866,15866,15866,2,0
2023-03-23 15:20:18,15866,15866,15866,2,0
2023-03-23 15:20:19,15865,15865,15865,2,-2
2023-03-23 15:20:19,15867,15867,15867,4,4
2023-03-23 15:20:19,15867,15867,15867,2,0
2023-03-23 15:20:20,15866,15866,15866,2,-2
2023-03-23 15:20:21,15867,15867,15867,2,2
2023-03-23 15:20:21,15867,15867,15867,2,0
2023-03-23 15:20:21,15866,15866,15866,2,-2
2023-03-23 15:20:22,15866,15866,15866,4,0
2023-03-23 15:20:24,15866,15866,15866,2,0
2023-03-23 15:20:24,15867,15867,15867,2,2
2023-03-23 15:20:26,15866,15866,15866,2,-2
2023-03-23 15:20:26,15866,15866,15866,2,0
2023-03-23 15:20:27,15866,15866,15866,8,0
2023-03-23 15:20:28,15866,15866,15866,2,0
2023-03-23 15:20:29,15866,15866,15866,2,0
2023-03-23 15:20:29,15865,15865,15865,2,-2
2023-03-23 15:20:29,15865,15865,15865,2,0
2023-03-23 15:20:29,15865,15865,15865,2,0
2023-03-23 15:20:29,15865,15865,15865,4,0
2023-03-23 15:20:29,15865,15865,15865,2,0
2023-03-23 15:20:29,15865,15865,15865,10,0
2023-03-23 15:20:29,15865,15865,15865,2,0
2023-03-23 15:20:30,15865,15865,15865,2,0
2023-03-23 15:20:30,15865,15865,15865,2,0
2023-03-23 15:20:30,15864,15864,15864,2,-2
2023-03-23 15:20:33,15864,15864,15864,2,0
2023-03-23 15:20:33,15864,15864,15864,8,0
2023-03-23 15:20:33,15864,15864,15864,2,0
2023-03-23 15:20:33,15864,15864,15864,2,0
2023-03-23 15:20:33,15864,15864,15864,2,0
2023-03-23 15:20:33,15864,15864,15864,4,0
2023-03-23 15:20:33,15863,15863,15863,2,-2
2023-03-23 15:20:33,15864,15864,15864,2,2
2023-03-23 15:20:34,15863,15863,15863,2,-2
2023-03-23 15:20:34,15863,15863,15863,2,0
2023-03-23 15:20:34,15863,15863,15863,2,0
2023-03-23 15:20:34,15863,15863,15863,2,0
2023-03-23 15:20:34,15863,15863,15863,2,0
2023-03-23 15:20:34,15863,15863,15863,2,0
2023-03-23 15:20:36,15863,15863,15863,2,0
2023-03-23 15:20:39,15863,15863,15863,2,0
2023-03-23 15:20:39,15864,15864,15864,2,2
2023-03-23 15:20:39,15864,15864,15864,2,0
2023-03-23 15:20:40,15863,15863,15863,2,-2
2023-03-23 15:20:40,15863,15863,15863,8,0
2023-03-23 15:20:40,15863,15863,15863,2,0
2023-03-23 15:20:40,15865,15865,15865,2,2
2023-03-23 15:20:41,15863,15863,15863,24,-24
2023-03-23 15:20:44,15863,15863,15863,2,0
2023-03-23 15:20:44,15863,15863,15863,4,0
2023-03-23 15:20:44,15863,15863,15863,2,0
2023-03-23 15:20:44,15863,15863,15863,2,0
2023-03-23 15:20:45,15863,15863,15863,2,0
2023-03-23 15:20:45,15863,15863,15863,2,0
2023-03-23 15:20:45,15863,15863,15863,2,0
2023-03-23 15:20:45,15863,15863,15863,6,0
2023-03-23 15:20:45,15863,15863,15863,2,0
2023-03-23 15:20:45,15863,15863,15863,2,0
2023-03-23 15:20:45,15863,15863,15863,2,0
2023-03-23 15:20:45,15863,15863,15863,4,0
2023-03-23 15:20:46,15864,15864,15864,2,2
2023-03-23 15:20:49,15864,15864,15864,2,0
2023-03-23 15:20:50,15863,15863,15863,2,-2
2023-03-23 15:20:53,15864,15864,15864,2,2
2023-03-23 15:20:53,15864,15864,15864,4,0
2023-03-23 15:20:53,15863,15863,15863,2,-2
2023-03-23 15:20:54,15864,15864,15864,2,2
2023-03-23 15:20:54,15865,15865,15865,6,6
2023-03-23 15:20:55,15863,15863,15863,2,-2
2023-03-23 15:20:57,15863,15863,15863,2,0
2023-03-23 15:20:57,15863,15863,15863,2,0
2023-03-23 15:20:57,15863,15863,15863,2,0
2023-03-23 15:20:57,15863,15863,15863,2,0
2023-03-23 15:20:57,15863,15863,15863,2,0
2023-03-23 15:20:57,15863,15863,15863,2,0
2023-03-23 15:20:57,15863,15863,15863,2,0
2023-03-23 15:20:57,15863,15863,15863,2,0
2023-03-23 15:20:58,15864,15864,15864,2,2
2023-03-23 15:21:00,15863,15863,15863,2,-2
2023-03-23 15:21:01,15863,15863,15863,2,0
2023-03-23 15:21:02,15862,15862,15862,2,-2
2023-03-23 15:21:02,15862,15862,15862,2,0
2023-03-23 15:21:02,15862,15862,15862,2,0
2023-03-23 15:21:02,15862,15862,15862,2,0
2023-03-23 15:21:02,15863,15863,15863,2,2
2023-03-23 15:21:04,15863,15863,15863,2,0
2023-03-23 15:21:06,15863,15863,15863,2,0
2023-03-23 15:21:07,15864,15864,15864,4,4
2023-03-23 15:21:08,15864,15864,15864,2,0
2023-03-23 15:21:10,15864,15864,15864,2,0
2023-03-23 15:21:12,15864,15864,15864,2,0
2023-03-23 15:21:12,15865,15865,15865,2,2
2023-03-23 15:21:12,15865,15865,15865,6,0
2023-03-23 15:21:12,15865,15865,15865,14,0
2023-03-23 15:21:12,15865,15865,15865,4,0
2023-03-23 15:21:12,15865,15865,15865,2,0
2023-03-23 15:21:12,15865,15865,15865,2,0
2023-03-23 15:21:12,15865,15865,15865,2,0
2023-03-23 15:21:14,15866,15866,15866,2,2
2023-03-23 15:21:14,15865,15865,15865,2,-2
2023-03-23 15:21:14,15867,15867,15867,20,20
2023-03-23 15:21:16,15866,15866,15866,4,-4
2023-03-23 15:21:16,15867,15867,15867,2,2
2023-03-23 15:21:16,15868,15868,15868,2,2
2023-03-23 15:21:19,15867,15867,15867,2,-2
2023-03-23 15:21:19,15867,15867,15867,2,0
2023-03-23 15:21:20,15868,15868,15868,10,10
2023-03-23 15:21:20,15868,15868,15868,4,0
2023-03-23 15:21:21,15869,15869,15869,2,2
2023-03-23 15:21:22,15869,15869,15869,10,0
2023-03-23 15:21:24,15868,15868,15868,2,-2
2023-03-23 15:21:24,15868,15868,15868,2,0
2023-03-23 15:21:25,15870,15870,15870,2,2
2023-03-23 15:21:31,15869,15869,15869,2,-2
2023-03-23 15:21:32,15869,15869,15869,4,0
2023-03-23 15:21:32,15869,15869,15869,18,0
2023-03-23 15:21:32,15870,15870,15870,48,48
2023-03-23 15:21:32,15871,15871,15871,6,6
2023-03-23 15:21:32,15870,15870,15870,2,-2
2023-03-23 15:21:32,15870,15870,15870,2,0
2023-03-23 15:21:33,15869,15869,15869,2,-2
2023-03-23 15:21:33,15871,15871,15871,2,2
2023-03-23 15:21:36,15871,15871,15871,4,0
2023-03-23 15:21:37,15870,15870,15870,2,-2
2023-03-23 15:21:37,15870,15870,15870,2,0
2023-03-23 15:21:38,15870,15870,15870,2,0
2023-03-23 15:21:39,15870,15870,15870,4,0
2023-03-23 15:21:39,15870,15870,15870,2,0
2023-03-23 15:21:41,15870,15870,15870,2,0
2023-03-23 15:21:41,15869,15869,15869,2,-2
2023-03-23 15:21:41,15869,15869,15869,2,0
2023-03-23 15:21:44,15868,15868,15868,2,-2
2023-03-23 15:21:44,15868,15868,15868,2,0
2023-03-23 15:21:44,15868,15868,15868,2,0
2023-03-23 15:21:44,15868,15868,15868,2,0
2023-03-23 15:21:44,15868,15868,15868,2,0
2023-03-23 15:21:44,15868,15868,15868,2,0
2023-03-23 15:21:46,15868,15868,15868,2,0
2023-03-23 15:21:48,15868,15868,15868,2,0
2023-03-23 15:21:50,15867,15867,15867,2,-2
2023-03-23 15:21:55,15868,15868,15868,2,2
2023-03-23 15:22:00,15869,15869,15869,2,2
2023-03-23 15:22:01,15868,15868,15868,2,-2
2023-03-23 15:22:01,15868,15868,15868,2,0
2023-03-23 15:22:02,15869,15869,15869,2,2
2023-03-23 15:22:02,15868,15868,15868,2,-2
2023-03-23 15:22:02,15869,15869,15869,2,2
2023-03-23 15:22:02,15869,15869,15869,2,0
2023-03-23 15:22:03,15868,15868,15868,2,-2
2023-03-23 15:22:06,15868,15868,15868,2,0
2023-03-23 15:22:07,15868,15868,15868,2,0
2023-03-23 15:22:11,15869,15869,15869,6,6
2023-03-23 15:22:16,15869,15869,15869,2,0
2023-03-23 15:22:16,15869,15869,15869,2,0
2023-03-23 15:22:17,15869,15869,15869,4,0
2023-03-23 15:22:21,15870,15870,15870,4,4
2023-03-23 15:22:21,15869,15869,15869,2,-2
2023-03-23 15:22:27,15870,15870,15870,2,2
2023-03-23 15:22:27,15870,15870,15870,2,0
2023-03-23 15:22:28,15869,15869,15869,2,-2
2023-03-23 15:22:30,15868,15868,15868,2,-2
2023-03-23 15:22:30,15869,15869,15869,12,12
2023-03-23 15:22:30,15870,15870,15870,8,8
2023-03-23 15:22:32,15870,15870,15870,4,0
2023-03-23 15:22:34,15870,15870,15870,2,0
2023-03-23 15:22:35,15870,15870,15870,2,0
2023-03-23 15:22:36,15870,15870,15870,4,0
2023-03-23 15:22:37,15870,15870,15870,2,0
2023-03-23 15:22:39,15870,15870,15870,10,0
2023-03-23 15:22:40,15870,15870,15870,6,0
2023-03-23 15:22:42,15870,15870,15870,8,0
2023-03-23 15:22:44,15870,15870,15870,2,0
2023-03-23 15:22:45,15870,15870,15870,4,0
2023-03-23 15:22:46,15869,15869,15869,2,-2
2023-03-23 15:22:49,15870,15870,15870,10,10
2023-03-23 15:22:51,15870,15870,15870,20,0
2023-03-23 15:22:51,15870,15870,15870,2,0
2023-03-23 15:22:51,15870,15870,15870,2,0
2023-03-23 15:22:52,15871,15871,15871,2,2
2023-03-23 15:22:54,15871,15871,15871,4,0
2023-03-23 15:22:55,15870,15870,15870,2,-2
2023-03-23 15:22:55,15870,15870,15870,2,0
2023-03-23 15:22:57,15871,15871,15871,2,2
2023-03-23 15:22:58,15870,15870,15870,2,-2
2023-03-23 15:22:58,15870,15870,15870,2,0
2023-03-23 15:22:59,15870,15870,15870,2,0
2023-03-23 15:23:00,15870,15870,15870,2,0
2023-03-23 15:23:05,15870,15870,15870,2,0
2023-03-23 15:23:07,15870,15870,15870,2,0
2023-03-23 15:23:07,15870,15870,15870,6,0
2023-03-23 15:23:07,15870,15870,15870,6,0
2023-03-23 15:23:07,15871,15871,15871,4,4
2023-03-23 15:23:07,15871,15871,15871,2,0
2023-03-23 15:23:08,15871,15871,15871,2,0
2023-03-23 15:23:10,15870,15870,15870,2,-2
2023-03-23 15:23:11,15871,15871,15871,2,2
2023-03-23 15:23:12,15871,15871,15871,2,0
2023-03-23 15:23:13,15870,15870,15870,2,-2
2023-03-23 15:23:13,15870,15870,15870,2,0
2023-03-23 15:23:13,15870,15870,15870,2,0
2023-03-23 15:23:13,15870,15870,15870,4,0
2023-03-23 15:23:14,15870,15870,15870,4,0
2023-03-23 15:23:15,15870,15870,15870,2,0
2023-03-23 15:23:16,15870,15870,15870,2,0
2023-03-23 15:23:16,15870,15870,15870,2,0
2023-03-23 15:23:17,15870,15870,15870,10,0
2023-03-23 15:23:19,15870,15870,15870,2,0
2023-03-23 15:23:19,15870,15870,15870,2,0
2023-03-23 15:23:22,15870,15870,15870,2,0
2023-03-23 15:23:22,15870,15870,15870,4,0
2023-03-23 15:23:23,15871,15871,15871,10,10
2023-03-23 15:23:23,15871,15871,15871,2,0
2023-03-23 15:23:28,15870,15870,15870,2,-2
2023-03-23 15:23:28,15870,15870,15870,2,0
2023-03-23 15:23:33,15870,15870,15870,2,0
2023-03-23 15:23:33,15871,15871,15871,2,2
2023-03-23 15:23:42,15871,15871,15871,4,0
2023-03-23 15:23:43,15870,15870,15870,2,-2
2023-03-23 15:23:43,15871,15871,15871,2,2
2023-03-23 15:23:47,15871,15871,15871,4,0
2023-03-23 15:23:48,15871,15871,15871,2,0
2023-03-23 15:23:49,15871,15871,15871,2,0
2023-03-23 15:23:51,15871,15871,15871,8,0
2023-03-23 15:23:52,15870,15870,15870,2,-2
2023-03-23 15:23:52,15870,15870,15870,2,0
2023-03-23 15:23:55,15870,15870,15870,2,0
2023-03-23 15:23:56,15870,15870,15870,2,0
2023-03-23 15:24:00,15870,15870,15870,2,0
2023-03-23 15:24:00,15871,15871,15871,4,4
2023-03-23 15:24:02,15870,15870,15870,2,-2
2023-03-23 15:24:03,15870,15870,15870,2,0
2023-03-23 15:24:03,15870,15870,15870,2,0
2023-03-23 15:24:03,15870,15870,15870,4,0
2023-03-23 15:24:03,15870,15870,15870,4,0
2023-03-23 15:24:05,15869,15869,15869,2,-2
2023-03-23 15:24:05,15869,15869,15869,2,0
2023-03-23 15:24:05,15869,15869,15869,2,0
2023-03-23 15:24:05,15869,15869,15869,2,0
2023-03-23 15:24:05,15869,15869,15869,2,0
2023-03-23 15:24:05,15869,15869,15869,2,0
2023-03-23 15:24:05,15869,15869,15869,4,0
2023-03-23 15:24:05,15869,15869,15869,2,0
2023-03-23 15:24:05,15869,15869,15869,20,0
2023-03-23 15:24:05,15869,15869,15869,2,0
2023-03-23 15:24:06,15868,15868,15868,6,-6
2023-03-23 15:24:06,15868,15868,15868,4,0
2023-03-23 15:24:06,15868,15868,15868,2,0
2023-03-23 15:24:06,15868,15868,15868,2,0
2023-03-23 15:24:06,15868,15868,15868,2,0
2023-03-23 15:24:06,15869,15869,15869,2,2
2023-03-23 15:24:11,15867,15867,15867,2,-2
2023-03-23 15:24:11,15867,15867,15867,2,0
2023-03-23 15:24:13,15867,15867,15867,2,0
2023-03-23 15:24:13,15867,15867,15867,2,0
2023-03-23 15:24:13,15867,15867,15867,2,0
2023-03-23 15:24:13,15867,15867,15867,2,0
2023-03-23 15:24:13,15867,15867,15867,2,0
2023-03-23 15:24:13,15867,15867,15867,2,0
2023-03-23 15:24:13,15867,15867,15867,2,0
2023-03-23 15:24:13,15867,15867,15867,20,0
2023-03-23 15:24:13,15867,15867,15867,2,0
2023-03-23 15:24:14,15866,15866,15866,2,-2
2023-03-23 15:24:17,15867,15867,15867,4,4
2023-03-23 15:24:20,15866,15866,15866,2,-2
2023-03-23 15:24:27,15866,15866,15866,2,0
2023-03-23 15:24:30,15866,15866,15866,2,0
2023-03-23 15:24:31,15866,15866,15866,4,0
2023-03-23 15:24:34,15866,15866,15866,2,0
2023-03-23 15:24:35,15867,15867,15867,24,24
2023-03-23 15:24:35,15867,15867,15867,4,0
2023-03-23 15:24:35,15867,15867,15867,2,0
2023-03-23 15:24:35,15867,15867,15867,2,0
2023-03-23 15:24:35,15867,15867,15867,2,0
2023-03-23 15:24:35,15867,15867,15867,2,0
2023-03-23 15:24:35,15867,15867,15867,4,0
2023-03-23 15:24:35,15867,15867,15867,2,0
2023-03-23 15:24:36,15867,15867,15867,2,0
2023-03-23 15:24:37,15867,15867,15867,4,0
2023-03-23 15:24:37,15867,15867,15867,2,0
2023-03-23 15:24:37,15867,15867,15867,2,0
2023-03-23 15:24:55,15868,15868,15868,4,4
2023-03-23 15:24:55,15868,15868,15868,4,0
2023-03-23 15:24:55,15868,15868,15868,2,0
2023-03-23 15:24:55,15868,15868,15868,4,0
2023-03-23 15:24:55,15868,15868,15868,6,0
2023-03-23 15:24:55,15868,15868,15868,8,0
2023-03-23 15:24:57,15868,15868,15868,2,0
2023-03-23 15:25:02,15869,15869,15869,2,2
2023-03-23 15:25:02,15869,15869,15869,6,0
2023-03-23 15:25:02,15870,15870,15870,14,14
2023-03-23 15:25:03,15870,15870,15870,2,0
2023-03-23 15:25:03,15870,15870,15870,2,0
2023-03-23 15:25:03,15870,15870,15870,2,0
2023-03-23 15:25:05,15870,15870,15870,2,0
2023-03-23 15:25:05,15870,15870,15870,2,0
2023-03-23 15:25:06,15870,15870,15870,2,0
2023-03-23 15:25:08,15870,15870,15870,4,0
2023-03-23 15:25:08,15871,15871,15871,4,4
2023-03-23 15:25:08,15871,15871,15871,8,0
2023-03-23 15:25:16,15870,15870,15870,2,-2
2023-03-23 15:25:16,15870,15870,15870,4,0
2023-03-23 15:25:16,15869,15869,15869,6,-6
2023-03-23 15:25:16,15869,15869,15869,4,0
2023-03-23 15:25:16,15869,15869,15869,2,0
2023-03-23 15:25:16,15869,15869,15869,2,0
2023-03-23 15:25:16,15869,15869,15869,4,0
2023-03-23 15:25:16,15869,15869,15869,2,0
2023-03-23 15:25:16,15869,15869,15869,2,0
2023-03-23 15:25:16,15869,15869,15869,2,0
2023-03-23 15:25:16,15869,15869,15869,2,0
2023-03-23 15:25:16,15869,15869,15869,2,0
2023-03-23 15:25:16,15869,15869,15869,2,0
2023-03-23 15:25:20,15869,15869,15869,2,0
2023-03-23 15:25:27,15869,15869,15869,2,0
2023-03-23 15:25:29,15869,15869,15869,2,0
2023-03-23 15:25:41,15869,15869,15869,2,0
2023-03-23 15:25:43,15868,15868,15868,2,-2
2023-03-23 15:25:44,15868,15868,15868,2,0
2023-03-23 15:25:45,15868,15868,15868,6,0
2023-03-23 15:25:51,15868,15868,15868,2,0
2023-03-23 15:25:52,15868,15868,15868,2,0
2023-03-23 15:25:55,15868,15868,15868,2,0
2023-03-23 15:25:59,15868,15868,15868,2,0
2023-03-23 15:25:59,15869,15869,15869,2,2
2023-03-23 15:26:01,15868,15868,15868,2,-2
2023-03-23 15:26:01,15868,15868,15868,2,0
2023-03-23 15:26:02,15868,15868,15868,2,0
2023-03-23 15:26:05,15868,15868,15868,2,0
2023-03-23 15:26:12,15868,15868,15868,2,0
2023-03-23 15:26:12,15868,15868,15868,2,0
2023-03-23 15:26:16,15867,15867,15867,2,-2
2023-03-23 15:26:16,15867,15867,15867,2,0
2023-03-23 15:26:16,15867,15867,15867,2,0
2023-03-23 15:26:16,15867,15867,15867,20,0
2023-03-23 15:26:16,15867,15867,15867,2,0
2023-03-23 15:26:16,15867,15867,15867,2,0
2023-03-23 15:26:16,15867,15867,15867,2,0
2023-03-23 15:26:16,15867,15867,15867,2,0
2023-03-23 15:26:16,15867,15867,15867,12,0
2023-03-23 15:26:16,15867,15867,15867,2,0
2023-03-23 15:26:16,15867,15867,15867,4,0
2023-03-23 15:26:16,15867,15867,15867,2,0
2023-03-23 15:26:21,15867,15867,15867,2,0
2023-03-23 15:26:22,15866,15866,15866,2,-2
2023-03-23 15:26:24,15867,15867,15867,2,2
2023-03-23 15:26:27,15867,15867,15867,2,0
2023-03-23 15:26:34,15866,15866,15866,2,-2
2023-03-23 15:26:37,15866,15866,15866,2,0
2023-03-23 15:26:38,15866,15866,15866,2,0
2023-03-23 15:26:39,15867,15867,15867,2,2
2023-03-23 15:26:42,15867,15867,15867,2,0
2023-03-23 15:26:45,15867,15867,15867,8,0
2023-03-23 15:26:46,15867,15867,15867,2,0
2023-03-23 15:26:47,15868,15868,15868,4,4
2023-03-23 15:26:47,15868,15868,15868,4,0
2023-03-23 15:26:47,15868,15868,15868,2,0
2023-03-23 15:26:47,15868,15868,15868,4,0
2023-03-23 15:26:48,15868,15868,15868,2,0
2023-03-23 15:26:52,15869,15869,15869,40,40
2023-03-23 15:26:53,15870,15870,15870,4,4
2023-03-23 15:26:53,15870,15870,15870,4,0
2023-03-23 15:26:53,15870,15870,15870,4,0
2023-03-23 15:26:53,15870,15870,15870,2,0
2023-03-23 15:26:53,15870,15870,15870,2,0
2023-03-23 15:26:53,15870,15870,15870,8,0
2023-03-23 15:26:58,15871,15871,15871,2,2
2023-03-23 15:26:58,15871,15871,15871,12,0
2023-03-23 15:26:58,15871,15871,15871,4,0
2023-03-23 15:26:58,15871,15871,15871,16,0
2023-03-23 15:26:58,15871,15871,15871,2,0
2023-03-23 15:26:58,15872,15872,15872,4,4
2023-03-23 15:26:58,15872,15872,15872,10,0
2023-03-23 15:26:58,15872,15872,15872,6,0
2023-03-23 15:26:58,15873,15873,15873,4,4
2023-03-23 15:26:58,15873,15873,15873,16,0
2023-03-23 15:26:58,15873,15873,15873,4,0
2023-03-23 15:26:58,15873,15873,15873,4,0
2023-03-23 15:26:58,15873,15873,15873,6,0
2023-03-23 15:26:58,15874,15874,15874,2,2
2023-03-23 15:26:58,15874,15874,15874,2,0
2023-03-23 15:26:58,15874,15874,15874,6,0
2023-03-23 15:26:58,15873,15873,15873,2,-2
2023-03-23 15:26:58,15874,15874,15874,2,2
2023-03-23 15:26:58,15874,15874,15874,4,0
2023-03-23 15:26:58,15875,15875,15875,6,6
2023-03-23 15:26:58,15875,15875,15875,2,0
2023-03-23 15:26:58,15873,15873,15873,2,-2
2023-03-23 15:26:58,15873,15873,15873,6,0
2023-03-23 15:26:58,15874,15874,15874,6,6
2023-03-23 15:26:58,15874,15874,15874,2,0
2023-03-23 15:26:59,15873,15873,15873,2,-2
2023-03-23 15:27:02,15874,15874,15874,6,6
2023-03-23 15:27:02,15875,15875,15875,2,2
2023-03-23 15:27:02,15873,15873,15873,2,-2
2023-03-23 15:27:03,15874,15874,15874,2,2
2023-03-23 15:27:03,15873,15873,15873,4,-4
2023-03-23 15:27:03,15873,15873,15873,6,0
2023-03-23 15:27:03,15874,15874,15874,2,2
2023-03-23 15:27:03,15875,15875,15875,8,8
2023-03-23 15:27:04,15874,15874,15874,2,-2
2023-03-23 15:27:05,15875,15875,15875,2,2
2023-03-23 15:27:06,15875,15875,15875,2,0
2023-03-23 15:27:06,15875,15875,15875,2,0
2023-03-23 15:27:06,15875,15875,15875,2,0
2023-03-23 15:27:06,15875,15875,15875,2,0
2023-03-23 15:27:06,15875,15875,15875,2,0
2023-03-23 15:27:06,15875,15875,15875,2,0
2023-03-23 15:27:07,15876,15876,15876,2,2
2023-03-23 15:27:07,15876,15876,15876,2,0
2023-03-23 15:27:07,15876,15876,15876,4,0
2023-03-23 15:27:07,15875,15875,15875,2,-2
2023-03-23 15:27:08,15876,15876,15876,6,6
2023-03-23 15:27:08,15876,15876,15876,4,0
2023-03-23 15:27:08,15876,15876,15876,2,0
2023-03-23 15:27:09,15875,15875,15875,2,-2
2023-03-23 15:27:10,15875,15875,15875,2,0
2023-03-23 15:27:10,15876,15876,15876,2,2
2023-03-23 15:27:11,15877,15877,15877,2,2
2023-03-23 15:27:11,15877,15877,15877,20,0
2023-03-23 15:27:11,15876,15876,15876,2,-2
2023-03-23 15:27:12,15877,15877,15877,8,8
2023-03-23 15:27:12,15878,15878,15878,12,12
2023-03-23 15:27:12,15879,15879,15879,12,12
2023-03-23 15:27:12,15879,15879,15879,6,0
2023-03-23 15:27:12,15879,15879,15879,2,0
2023-03-23 15:27:12,15879,15879,15879,4,0
2023-03-23 15:27:12,15880,15880,15880,4,4
2023-03-23 15:27:12,15880,15880,15880,2,0
2023-03-23 15:27:12,15880,15880,15880,8,0
2023-03-23 15:27:12,15880,15880,15880,4,0
2023-03-23 15:27:12,15880,15880,15880,10,0
2023-03-23 15:27:12,15881,15881,15881,10,10
2023-03-23 15:27:12,15880,15880,15880,2,-2
2023-03-23 15:27:12,15881,15881,15881,2,2
2023-03-23 15:27:12,15881,15881,15881,4,0
2023-03-23 15:27:12,15880,15880,15880,2,-2
2023-03-23 15:27:12,15880,15880,15880,2,0
2023-03-23 15:27:12,15880,15880,15880,2,0
2023-03-23 15:27:12,15880,15880,15880,4,0
2023-03-23 15:27:12,15880,15880,15880,2,0
2023-03-23 15:27:12,15880,15880,15880,2,0
2023-03-23 15:27:12,15880,15880,15880,2,0
2023-03-23 15:27:12,15880,15880,15880,2,0
2023-03-23 15:27:12,15879,15879,15879,4,-4
2023-03-23 15:27:12,15879,15879,15879,6,0
2023-03-23 15:27:13,15879,15879,15879,2,0
2023-03-23 15:27:15,15878,15878,15878,2,-2
2023-03-23 15:27:15,15879,15879,15879,10,10
2023-03-23 15:27:16,15880,15880,15880,4,4
2023-03-23 15:27:17,15881,15881,15881,24,24
2023-03-23 15:27:18,15881,15881,15881,2,0
2023-03-23 15:27:18,15881,15881,15881,2,0
2023-03-23 15:27:18,15882,15882,15882,2,2
2023-03-23 15:27:18,15882,15882,15882,2,0
2023-03-23 15:27:19,15882,15882,15882,4,0
2023-03-23 15:27:19,15882,15882,15882,12,0
2023-03-23 15:27:19,15882,15882,15882,2,0
2023-03-23 15:27:20,15883,15883,15883,2,2
2023-03-23 15:27:20,15882,15882,15882,2,-2
2023-03-23 15:27:20,15883,15883,15883,2,2
2023-03-23 15:27:20,15883,15883,15883,2,0
2023-03-23 15:27:20,15883,15883,15883,2,0
2023-03-23 15:27:20,15882,15882,15882,2,-2
2023-03-23 15:27:21,15883,15883,15883,2,2
2023-03-23 15:27:22,15882,15882,15882,2,-2
2023-03-23 15:27:23,15882,15882,15882,4,0
2023-03-23 15:27:23,15882,15882,15882,6,0
2023-03-23 15:27:24,15883,15883,15883,2,2
2023-03-23 15:27:24,15883,15883,15883,4,0
2023-03-23 15:27:25,15883,15883,15883,2,0
2023-03-23 15:27:25,15883,15883,15883,2,0
2023-03-23 15:27:25,15883,15883,15883,2,0
2023-03-23 15:27:25,15883,15883,15883,2,0
2023-03-23 15:27:25,15882,15882,15882,2,-2
2023-03-23 15:27:25,15882,15882,15882,4,0
2023-03-23 15:27:25,15882,15882,15882,2,0
2023-03-23 15:27:25,15882,15882,15882,2,0
2023-03-23 15:27:25,15882,15882,15882,2,0
2023-03-23 15:27:25,15882,15882,15882,4,0
2023-03-23 15:27:25,15882,15882,15882,4,0
2023-03-23 15:27:25,15883,15883,15883,2,2
2023-03-23 15:27:26,15883,15883,15883,2,0
2023-03-23 15:27:26,15882,15882,15882,2,-2
2023-03-23 15:27:27,15883,15883,15883,2,2
2023-03-23 15:27:27,15883,15883,15883,6,0
2023-03-23 15:27:27,15883,15883,15883,2,0
2023-03-23 15:27:27,15883,15883,15883,10,0
2023-03-23 15:27:27,15883,15883,15883,10,0
2023-03-23 15:27:27,15883,15883,15883,4,0
2023-03-23 15:27:27,15883,15883,15883,2,0
2023-03-23 15:27:27,15882,15882,15882,2,-2
2023-03-23 15:27:28,15884,15884,15884,4,4
2023-03-23 15:27:29,15883,15883,15883,2,-2
2023-03-23 15:27:29,15883,15883,15883,2,0
2023-03-23 15:27:29,15884,15884,15884,2,2
2023-03-23 15:27:30,15883,15883,15883,2,-2
2023-03-23 15:27:31,15882,15882,15882,2,-2
2023-03-23 15:27:31,15883,15883,15883,2,2
2023-03-23 15:27:31,15883,15883,15883,2,0
2023-03-23 15:27:31,15882,15882,15882,2,-2
2023-03-23 15:27:32,15881,15881,15881,2,-2
2023-03-23 15:27:33,15880,15880,15880,2,-2
2023-03-23 15:27:33,15880,15880,15880,10,0
2023-03-23 15:27:33,15880,15880,15880,2,0
2023-03-23 15:27:33,15880,15880,15880,4,0
2023-03-23 15:27:33,15880,15880,15880,2,0
2023-03-23 15:27:34,15880,15880,15880,10,0
2023-03-23 15:27:35,15880,15880,15880,2,0
2023-03-23 15:27:36,15880,15880,15880,2,0
2023-03-23 15:27:36,15879,15879,15879,2,-2
2023-03-23 15:27:36,15879,15879,15879,2,0
2023-03-23 15:27:36,15879,15879,15879,2,0
2023-03-23 15:27:36,15879,15879,15879,2,0
2023-03-23 15:27:37,15879,15879,15879,2,0
2023-03-23 15:27:38,15879,15879,15879,2,0
2023-03-23 15:27:39,15879,15879,15879,2,0
2023-03-23 15:27:39,15878,15878,15878,2,-2
2023-03-23 15:27:39,15879,15879,15879,2,2
2023-03-23 15:27:39,15880,15880,15880,2,2
2023-03-23 15:27:40,15879,15879,15879,2,-2
2023-03-23 15:27:40,15879,15879,15879,2,0
2023-03-23 15:27:42,15880,15880,15880,2,2
2023-03-23 15:27:43,15880,15880,15880,2,0
2023-03-23 15:27:43,15879,15879,15879,2,-2
2023-03-23 15:27:44,15880,15880,15880,2,2
2023-03-23 15:27:44,15880,15880,15880,2,0
2023-03-23 15:27:44,15880,15880,15880,2,0
2023-03-23 15:27:46,15880,15880,15880,2,0
2023-03-23 15:27:47,15880,15880,15880,4,0
2023-03-23 15:27:51,15880,15880,15880,2,0
2023-03-23 15:27:52,15880,15880,15880,2,0
2023-03-23 15:27:52,15880,15880,15880,2,0
2023-03-23 15:27:52,15880,15880,15880,2,0
2023-03-23 15:27:52,15880,15880,15880,4,0
2023-03-23 15:27:54,15880,15880,15880,2,0
2023-03-23 15:27:55,15880,15880,15880,10,0
2023-03-23 15:27:56,15880,15880,15880,2,0
2023-03-23 15:28:00,15880,15880,15880,2,0
2023-03-23 15:28:00,15880,15880,15880,6,0
2023-03-23 15:28:00,15880,15880,15880,2,0
2023-03-23 15:28:00,15880,15880,15880,2,0
2023-03-23 15:28:00,15880,15880,15880,2,0
2023-03-23 15:28:00,15881,15881,15881,6,6
2023-03-23 15:28:00,15881,15881,15881,8,0
2023-03-23 15:28:00,15881,15881,15881,8,0
2023-03-23 15:28:00,15881,15881,15881,2,0
2023-03-23 15:28:00,15881,15881,15881,8,0
2023-03-23 15:28:02,15880,15880,15880,2,-2
2023-03-23 15:28:02,15880,15880,15880,2,0
2023-03-23 15:28:03,15880,15880,15880,2,0
2023-03-23 15:28:03,15880,15880,15880,2,0
2023-03-23 15:28:04,15880,15880,15880,2,0
2023-03-23 15:28:04,15880,15880,15880,2,0
2023-03-23 15:28:05,15880,15880,15880,2,0
2023-03-23 15:28:07,15880,15880,15880,2,0
2023-03-23 15:28:08,15879,15879,15879,2,-2
2023-03-23 15:28:08,15879,15879,15879,8,0
2023-03-23 15:28:08,15879,15879,15879,2,0
2023-03-23 15:28:08,15879,15879,15879,4,0
2023-03-23 15:28:08,15879,15879,15879,2,0
2023-03-23 15:28:08,15879,15879,15879,4,0
2023-03-23 15:28:08,15879,15879,15879,2,0
2023-03-23 15:28:08,15879,15879,15879,2,0
2023-03-23 15:28:08,15879,15879,15879,2,0
2023-03-23 15:28:08,15879,15879,15879,2,0
2023-03-23 15:28:08,15879,15879,15879,2,0
2023-03-23 15:28:08,15879,15879,15879,2,0
2023-03-23 15:28:08,15879,15879,15879,2,0
2023-03-23 15:28:08,15879,15879,15879,2,0
2023-03-23 15:28:10,15879,15879,15879,2,0
2023-03-23 15:28:11,15879,15879,15879,2,0
2023-03-23 15:28:12,15879,15879,15879,4,0
2023-03-23 15:28:13,15879,15879,15879,10,0
2023-03-23 15:28:16,15879,15879,15879,2,0
2023-03-23 15:28:18,15879,15879,15879,2,0
2023-03-23 15:28:19,15879,15879,15879,4,0
2023-03-23 15:28:20,15879,15879,15879,8,0
2023-03-23 15:28:20,15879,15879,15879,2,0
2023-03-23 15:28:24,15879,15879,15879,2,0
2023-03-23 15:28:24,15879,15879,15879,2,0
2023-03-23 15:28:25,15880,15880,15880,2,2
2023-03-23 15:28:25,15880,15880,15880,2,0
2023-03-23 15:28:26,15880,15880,15880,2,0
2023-03-23 15:28:28,15882,15882,15882,16,16
2023-03-23 15:28:28,15882,15882,15882,4,0
2023-03-23 15:28:28,15882,15882,15882,2,0
2023-03-23 15:28:28,15882,15882,15882,4,0
2023-03-23 15:28:28,15882,15882,15882,4,0
2023-03-23 15:28:28,15882,15882,15882,2,0
2023-03-23 15:28:28,15882,15882,15882,6,0
2023-03-23 15:28:31,15883,15883,15883,4,4
2023-03-23 15:28:32,15882,15882,15882,2,-2
2023-03-23 15:28:34,15882,15882,15882,2,0
2023-03-23 15:28:34,15883,15883,15883,2,2
2023-03-23 15:28:35,15883,15883,15883,16,0
2023-03-23 15:28:36,15882,15882,15882,2,-2
2023-03-23 15:28:36,15883,15883,15883,4,4
2023-03-23 15:28:37,15882,15882,15882,2,-2
2023-03-23 15:28:37,15882,15882,15882,4,0
2023-03-23 15:28:37,15882,15882,15882,2,0
2023-03-23 15:28:37,15882,15882,15882,2,0
2023-03-23 15:28:39,15883,15883,15883,2,2
2023-03-23 15:28:42,15880,15880,15880,2,-2
2023-03-23 15:28:44,15881,15881,15881,6,6
2023-03-23 15:28:44,15880,15880,15880,2,-2
2023-03-23 15:28:45,15881,15881,15881,2,2
2023-03-23 15:28:48,15881,15881,15881,2,0
2023-03-23 15:28:50,15881,15881,15881,2,0
2023-03-23 15:28:50,15882,15882,15882,2,2
2023-03-23 15:28:52,15881,15881,15881,6,-6
2023-03-23 15:28:52,15881,15881,15881,2,0
2023-03-23 15:28:53,15881,15881,15881,4,0
2023-03-23 15:28:53,15881,15881,15881,2,0
2023-03-23 15:28:56,15881,15881,15881,4,0
2023-03-23 15:28:56,15881,15881,15881,6,0
2023-03-23 15:28:57,15881,15881,15881,2,0
2023-03-23 15:28:57,15881,15881,15881,2,0
2023-03-23 15:28:57,15880,15880,15880,2,-2
2023-03-23 15:28:57,15881,15881,15881,2,2
2023-03-23 15:28:57,15882,15882,15882,2,2
2023-03-23 15:28:59,15881,15881,15881,2,-2
2023-03-23 15:28:59,15881,15881,15881,2,0
2023-03-23 15:28:59,15881,15881,15881,4,0
2023-03-23 15:29:00,15882,15882,15882,2,2
2023-03-23 15:29:02,15882,15882,15882,10,0
2023-03-23 15:29:03,15881,15881,15881,2,-2
2023-03-23 15:29:08,15882,15882,15882,10,10
2023-03-23 15:29:09,15881,15881,15881,2,-2
2023-03-23 15:29:11,15882,15882,15882,18,18
2023-03-23 15:29:13,15883,15883,15883,4,4
2023-03-23 15:29:14,15882,15882,15882,2,-2
2023-03-23 15:29:15,15883,15883,15883,2,2
2023-03-23 15:29:16,15883,15883,15883,12,0
2023-03-23 15:29:16,15883,15883,15883,2,0
2023-03-23 15:29:18,15884,15884,15884,4,4
2023-03-23 15:29:19,15882,15882,15882,2,-2
2023-03-23 15:29:20,15884,15884,15884,46,46
2023-03-23 15:29:20,15883,15883,15883,4,-4
2023-03-23 15:29:20,15883,15883,15883,2,0
2023-03-23 15:29:20,15883,15883,15883,2,0
2023-03-23 15:29:20,15883,15883,15883,6,0
2023-03-23 15:29:20,15883,15883,15883,4,0
2023-03-23 15:29:20,15883,15883,15883,2,0
2023-03-23 15:29:20,15883,15883,15883,2,0
2023-03-23 15:29:20,15883,15883,15883,2,0
2023-03-23 15:29:20,15883,15883,15883,2,0
2023-03-23 15:29:21,15884,15884,15884,2,2
2023-03-23 15:29:21,15884,15884,15884,4,0
2023-03-23 15:29:25,15884,15884,15884,2,0
2023-03-23 15:29:26,15884,15884,15884,6,0
2023-03-23 15:29:27,15884,15884,15884,2,0
2023-03-23 15:29:27,15884,15884,15884,2,0
2023-03-23 15:29:30,15884,15884,15884,8,0
2023-03-23 15:29:32,15884,15884,15884,22,0
2023-03-23 15:29:32,15883,15883,15883,2,-2
2023-03-23 15:29:41,15883,15883,15883,2,0
2023-03-23 15:29:45,15884,15884,15884,2,2
2023-03-23 15:29:46,15883,15883,15883,2,-2
2023-03-23 15:29:48,15884,15884,15884,2,2
2023-03-23 15:29:49,15883,15883,15883,2,-2
2023-03-23 15:29:50,15883,15883,15883,2,0
2023-03-23 15:29:51,15883,15883,15883,2,0
2023-03-23 15:29:53,15884,15884,15884,2,2
2023-03-23 15:29:54,15884,15884,15884,6,0
2023-03-23 15:29:55,15884,15884,15884,4,0
2023-03-23 15:29:57,15884,15884,15884,4,0
2023-03-23 15:29:59,15883,15883,15883,2,-2
2023-03-23 15:30:00,15884,15884,15884,2,2
2023-03-23 15:30:00,15885,15885,15885,20,20
2023-03-23 15:30:01,15885,15885,15885,2,0
2023-03-23 15:30:01,15885,15885,15885,6,0
2023-03-23 15:30:01,15885,15885,15885,14,0
2023-03-23 15:30:01,15885,15885,15885,14,0
2023-03-23 15:30:01,15885,15885,15885,4,0
2023-03-23 15:30:01,15885,15885,15885,4,0
2023-03-23 15:30:01,15885,15885,15885,2,0
2023-03-23 15:30:01,15885,15885,15885,2,0
2023-03-23 15:30:01,15886,15886,15886,14,14
2023-03-23 15:30:01,15887,15887,15887,6,6
2023-03-23 15:30:01,15886,15886,15886,4,-4
2023-03-23 15:30:01,15885,15885,15885,2,-2
2023-03-23 15:30:01,15886,15886,15886,10,10
2023-03-23 15:30:01,15885,15885,15885,2,-2
2023-03-23 15:30:01,15884,15884,15884,2,-2
2023-03-23 15:30:01,15886,15886,15886,2,2
2023-03-23 15:30:01,15885,15885,15885,2,-2
2023-03-23 15:30:01,15885,15885,15885,2,0
2023-03-23 15:30:01,15886,15886,15886,14,14
2023-03-23 15:30:01,15886,15886,15886,2,0
2023-03-23 15:30:01,15886,15886,15886,2,0
2023-03-23 15:30:01,15884,15884,15884,2,-2
2023-03-23 15:30:01,15884,15884,15884,2,0
2023-03-23 15:30:01,15884,15884,15884,2,0
2023-03-23 15:30:01,15884,15884,15884,10,0
2023-03-23 15:30:01,15884,15884,15884,2,0
2023-03-23 15:30:01,15884,15884,15884,2,0
2023-03-23 15:30:01,15884,15884,15884,2,0
2023-03-23 15:30:01,15883,15883,15883,2,-2
2023-03-23 15:30:01,15883,15883,15883,2,0
2023-03-23 15:30:01,15883,15883,15883,2,0
2023-03-23 15:30:01,15883,15883,15883,2,0
2023-03-23 15:30:01,15883,15883,15883,2,0
2023-03-23 15:30:01,15883,15883,15883,6,0
2023-03-23 15:30:01,15883,15883,15883,2,0
2023-03-23 15:30:01,15883,15883,15883,2,0
2023-03-23 15:30:01,15883,15883,15883,2,0
2023-03-23 15:30:01,15883,15883,15883,2,0
2023-03-23 15:30:01,15883,15883,15883,10,0
2023-03-23 15:30:01,15883,15883,15883,2,0
2023-03-23 15:30:01,15883,15883,15883,2,0
2023-03-23 15:30:02,15882,15882,15882,2,-2
2023-03-23 15:30:02,15882,15882,15882,2,0
2023-03-23 15:30:02,15882,15882,15882,22,0
2023-03-23 15:30:02,15882,15882,15882,10,0
2023-03-23 15:30:02,15882,15882,15882,2,0
2023-03-23 15:30:02,15883,15883,15883,4,4
2023-03-23 15:30:02,15883,15883,15883,2,0
2023-03-23 15:30:04,15883,15883,15883,2,0
2023-03-23 15:30:04,15881,15881,15881,2,-2
2023-03-23 15:30:04,15881,15881,15881,2,0
2023-03-23 15:30:04,15881,15881,15881,2,0
2023-03-23 15:30:14,15882,15882,15882,2,2
2023-03-23 15:30:23,15882,15882,15882,2,0
2023-03-23 15:30:24,15882,15882,15882,2,0
2023-03-23 15:30:24,15881,15881,15881,2,-2
2023-03-23 15:30:26,15882,15882,15882,2,2
2023-03-23 15:30:33,15881,15881,15881,2,-2
2023-03-23 15:30:33,15881,15881,15881,2,0
2023-03-23 15:30:33,15881,15881,15881,2,0
2023-03-23 15:30:33,15881,15881,15881,2,0
2023-03-23 15:30:33,15881,15881,15881,4,0
2023-03-23 15:30:33,15881,15881,15881,8,0
2023-03-23 15:30:33,15881,15881,15881,2,0
2023-03-23 15:30:33,15881,15881,15881,2,0
2023-03-23 15:30:33,15881,15881,15881,2,0
2023-03-23 15:30:33,15880,15880,15880,2,-2
2023-03-23 15:30:33,15881,15881,15881,2,2
2023-03-23 15:30:33,15880,15880,15880,2,-2
2023-03-23 15:30:35,15880,15880,15880,2,0
2023-03-23 15:30:35,15880,15880,15880,2,0
2023-03-23 15:30:35,15880,15880,15880,2,0
2023-03-23 15:30:38,15880,15880,15880,4,0
2023-03-23 15:30:38,15880,15880,15880,4,0
2023-03-23 15:30:38,15880,15880,15880,10,0
2023-03-23 15:30:38,15880,15880,15880,2,0
2023-03-23 15:30:38,15880,15880,15880,2,0
2023-03-23 15:30:38,15880,15880,15880,2,0
2023-03-23 15:30:38,15880,15880,15880,8,0
2023-03-23 15:30:38,15880,15880,15880,4,0
2023-03-23 15:30:38,15880,15880,15880,2,0
2023-03-23 15:30:38,15880,15880,15880,2,0
2023-03-23 15:30:38,15880,15880,15880,2,0
2023-03-23 15:30:38,15880,15880,15880,4,0
2023-03-23 15:30:38,15880,15880,15880,4,0
2023-03-23 15:30:38,15880,15880,15880,2,0
2023-03-23 15:30:38,15880,15880,15880,2,0
2023-03-23 15:30:39,15879,15879,15879,2,-2
2023-03-23 15:30:39,15879,15879,15879,4,0
2023-03-23 15:30:39,15879,15879,15879,2,0
2023-03-23 15:30:39,15879,15879,15879,2,0
2023-03-23 15:30:40,15879,15879,15879,10,0
2023-03-23 15:30:40,15879,15879,15879,2,0
2023-03-23 15:30:41,15878,15878,15878,2,-2
2023-03-23 15:30:43,15878,15878,15878,2,0
2023-03-23 15:30:43,15878,15878,15878,2,0
2023-03-23 15:30:43,15878,15878,15878,2,0
2023-03-23 15:30:43,15878,15878,15878,2,0
2023-03-23 15:30:43,15878,15878,15878,2,0
2023-03-23 15:30:45,15879,15879,15879,2,2
2023-03-23 15:30:45,15879,15879,15879,2,0
2023-03-23 15:30:47,15879,15879,15879,2,0
2023-03-23 15:30:47,15879,15879,15879,2,0
2023-03-23 15:30:51,15880,15880,15880,4,4
2023-03-23 15:30:54,15881,15881,15881,2,2
2023-03-23 15:30:58,15880,15880,15880,2,-2
2023-03-23 15:31:00,15879,15879,15879,2,-2
2023-03-23 15:31:00,15879,15879,15879,2,0
2023-03-23 15:31:00,15879,15879,15879,2,0
2023-03-23 15:31:00,15879,15879,15879,2,0
2023-03-23 15:31:00,15879,15879,15879,2,0
2023-03-23 15:31:00,15879,15879,15879,2,0
2023-03-23 15:31:00,15879,15879,15879,4,0
2023-03-23 15:31:02,15880,15880,15880,2,2
2023-03-23 15:31:02,15878,15878,15878,2,-2
2023-03-23 15:31:02,15880,15880,15880,2,2
2023-03-23 15:31:04,15878,15878,15878,2,-2
2023-03-23 15:31:08,15878,15878,15878,8,0
2023-03-23 15:31:08,15878,15878,15878,2,0
2023-03-23 15:31:08,15878,15878,15878,14,0
2023-03-23 15:31:08,15878,15878,15878,2,0
2023-03-23 15:31:08,15878,15878,15878,2,0
2023-03-23 15:31:08,15878,15878,15878,2,0
2023-03-23 15:31:08,15878,15878,15878,2,0
2023-03-23 15:31:08,15878,15878,15878,6,0
2023-03-23 15:31:08,15878,15878,15878,2,0
2023-03-23 15:31:11,15878,15878,15878,2,0
2023-03-23 15:31:11,15877,15877,15877,2,-2
2023-03-23 15:31:11,15877,15877,15877,2,0
2023-03-23 15:31:11,15877,15877,15877,2,0
2023-03-23 15:31:11,15877,15877,15877,2,0
2023-03-23 15:31:11,15877,15877,15877,2,0
2023-03-23 15:31:11,15877,15877,15877,6,0
2023-03-23 15:31:11,15877,15877,15877,2,0
2023-03-23 15:31:11,15877,15877,15877,2,0
2023-03-23 15:31:11,15876,15876,15876,2,-2
2023-03-23 15:31:12,15877,15877,15877,2,2
2023-03-23 15:31:19,15876,15876,15876,2,-2
2023-03-23 15:31:19,15877,15877,15877,2,2
2023-03-23 15:31:21,15877,15877,15877,2,0
2023-03-23 15:31:21,15876,15876,15876,2,-2
2023-03-23 15:31:26,15876,15876,15876,2,0
2023-03-23 15:31:28,15876,15876,15876,4,0
2023-03-23 15:31:28,15876,15876,15876,2,0
2023-03-23 15:31:30,15876,15876,15876,2,0
2023-03-23 15:31:30,15876,15876,15876,2,0
2023-03-23 15:31:30,15876,15876,15876,2,0
2023-03-23 15:31:30,15876,15876,15876,14,0
2023-03-23 15:31:30,15876,15876,15876,2,0
2023-03-23 15:31:30,15876,15876,15876,10,0
2023-03-23 15:31:30,15876,15876,15876,10,0
2023-03-23 15:31:30,15876,15876,15876,2,0
2023-03-23 15:31:30,15876,15876,15876,2,0
2023-03-23 15:31:30,15876,15876,15876,2,0
2023-03-23 15:31:30,15876,15876,15876,2,0
2023-03-23 15:31:30,15875,15875,15875,2,-2
2023-03-23 15:31:32,15875,15875,15875,2,0
2023-03-23 15:31:33,15875,15875,15875,2,0
2023-03-23 15:31:33,15875,15875,15875,2,0
2023-03-23 15:31:33,15875,15875,15875,2,0
2023-03-23 15:31:33,15875,15875,15875,2,0
2023-03-23 15:31:33,15875,15875,15875,2,0
2023-03-23 15:31:33,15875,15875,15875,2,0
2023-03-23 15:31:33,15875,15875,15875,2,0
2023-03-23 15:31:33,15874,15874,15874,2,-2
2023-03-23 15:31:34,15874,15874,15874,2,0
2023-03-23 15:31:34,15873,15873,15873,2,-2
2023-03-23 15:31:34,15873,15873,15873,2,0
2023-03-23 15:31:34,15873,15873,15873,2,0
2023-03-23 15:31:36,15875,15875,15875,2,2
2023-03-23 15:31:36,15875,15875,15875,2,0
2023-03-23 15:31:36,15875,15875,15875,2,0
2023-03-23 15:31:36,15875,15875,15875,2,0
2023-03-23 15:31:36,15875,15875,15875,2,0
2023-03-23 15:31:36,15876,15876,15876,2,2
2023-03-23 15:31:36,15876,15876,15876,2,0
2023-03-23 15:31:36,15876,15876,15876,2,0
2023-03-23 15:31:36,15875,15875,15875,2,-2
2023-03-23 15:31:40,15875,15875,15875,2,0
2023-03-23 15:31:40,15874,15874,15874,2,-2
2023-03-23 15:31:41,15875,15875,15875,2,2
2023-03-23 15:31:41,15875,15875,15875,2,0
2023-03-23 15:31:43,15875,15875,15875,2,0
2023-03-23 15:31:44,15875,15875,15875,4,0
2023-03-23 15:31:45,15874,15874,15874,2,-2
2023-03-23 15:31:45,15874,15874,15874,2,0
2023-03-23 15:31:45,15874,15874,15874,2,0
2023-03-23 15:31:47,15874,15874,15874,2,0
2023-03-23 15:31:48,15873,15873,15873,2,-2
2023-03-23 15:31:48,15873,15873,15873,2,0
2023-03-23 15:31:49,15873,15873,15873,2,0
2023-03-23 15:31:49,15873,15873,15873,2,0
2023-03-23 15:31:50,15873,15873,15873,2,0
2023-03-23 15:31:52,15873,15873,15873,2,0
2023-03-23 15:31:52,15873,15873,15873,2,0
2023-03-23 15:31:54,15873,15873,15873,2,0
2023-03-23 15:31:55,15873,15873,15873,2,0
2023-03-23 15:31:59,15872,15872,15872,2,-2
2023-03-23 15:31:59,15872,15872,15872,2,0
2023-03-23 15:31:59,15872,15872,15872,2,0
2023-03-23 15:31:59,15872,15872,15872,2,0
2023-03-23 15:31:59,15872,15872,15872,2,0
2023-03-23 15:31:59,15872,15872,15872,2,0
2023-03-23 15:31:59,15872,15872,15872,2,0
2023-03-23 15:31:59,15872,15872,15872,2,0
2023-03-23 15:31:59,15872,15872,15872,2,0
2023-03-23 15:32:00,15872,15872,15872,2,0
2023-03-23 15:32:00,15872,15872,15872,2,0
2023-03-23 15:32:00,15872,15872,15872,6,0
2023-03-23 15:32:00,15872,15872,15872,4,0
2023-03-23 15:32:01,15871,15871,15871,2,-2
2023-03-23 15:32:01,15873,15873,15873,2,2
2023-03-23 15:32:04,15873,15873,15873,4,0
2023-03-23 15:32:05,15873,15873,15873,2,0
2023-03-23 15:32:05,15873,15873,15873,2,0
2023-03-23 15:32:09,15874,15874,15874,2,2
2023-03-23 15:32:09,15873,15873,15873,6,-6
2023-03-23 15:32:09,15873,15873,15873,4,0
2023-03-23 15:32:10,15873,15873,15873,4,0
2023-03-23 15:32:11,15873,15873,15873,2,0
2023-03-23 15:32:13,15873,15873,15873,2,0
2023-03-23 15:32:13,15873,15873,15873,2,0
2023-03-23 15:32:13,15873,15873,15873,2,0
2023-03-23 15:32:13,15873,15873,15873,2,0
2023-03-23 15:32:15,15872,15872,15872,2,-2
2023-03-23 15:32:15,15872,15872,15872,2,0
2023-03-23 15:32:15,15872,15872,15872,2,0
2023-03-23 15:32:24,15872,15872,15872,2,0
2023-03-23 15:32:26,15874,15874,15874,2,2
2023-03-23 15:32:28,15874,15874,15874,4,0
2023-03-23 15:32:28,15874,15874,15874,4,0
2023-03-23 15:32:33,15875,15875,15875,2,2
2023-03-23 15:32:33,15875,15875,15875,4,0
2023-03-23 15:32:36,15876,15876,15876,2,2
2023-03-23 15:32:36,15876,15876,15876,2,0
2023-03-23 15:32:37,15876,15876,15876,2,0
2023-03-23 15:32:43,15877,15877,15877,2,2
2023-03-23 15:32:46,15877,15877,15877,2,0
2023-03-23 15:32:46,15877,15877,15877,2,0
2023-03-23 15:32:46,15877,15877,15877,2,0
2023-03-23 15:32:46,15877,15877,15877,2,0
2023-03-23 15:32:50,15877,15877,15877,2,0
2023-03-23 15:32:54,15876,15876,15876,2,-2
2023-03-23 15:32:56,15877,15877,15877,2,2
2023-03-23 15:32:59,15876,15876,15876,2,-2
2023-03-23 15:33:00,15877,15877,15877,8,8
2023-03-23 15:33:00,15878,15878,15878,12,12
2023-03-23 15:33:10,15877,15877,15877,2,-2
2023-03-23 15:33:10,15877,15877,15877,2,0
2023-03-23 15:33:11,15877,15877,15877,2,0
2023-03-23 15:33:11,15877,15877,15877,2,0
2023-03-23 15:33:11,15877,15877,15877,2,0
2023-03-23 15:33:20,15877,15877,15877,2,0
2023-03-23 15:33:25,15877,15877,15877,4,0
2023-03-23 15:33:28,15876,15876,15876,2,-2
2023-03-23 15:33:28,15876,15876,15876,2,0
2023-03-23 15:33:28,15876,15876,15876,2,0
2023-03-23 15:33:28,15876,15876,15876,2,0
2023-03-23 15:33:28,15876,15876,15876,8,0
2023-03-23 15:33:28,15876,15876,15876,4,0
2023-03-23 15:33:28,15875,15875,15875,2,-2
2023-03-23 15:33:33,15874,15874,15874,4,-4
2023-03-23 15:33:33,15874,15874,15874,8,0
2023-03-23 15:33:33,15874,15874,15874,6,0
2023-03-23 15:33:37,15873,15873,15873,2,-2
2023-03-23 15:33:39,15873,15873,15873,2,0
2023-03-23 15:33:41,15872,15872,15872,2,-2
2023-03-23 15:33:41,15872,15872,15872,2,0
2023-03-23 15:33:48,15872,15872,15872,2,0
2023-03-23 15:33:48,15872,15872,15872,8,0
2023-03-23 15:33:48,15872,15872,15872,2,0
2023-03-23 15:33:48,15872,15872,15872,2,0
2023-03-23 15:33:50,15872,15872,15872,2,0
2023-03-23 15:33:50,15873,15873,15873,2,2
2023-03-23 15:33:55,15873,15873,15873,12,0
2023-03-23 15:33:55,15873,15873,15873,4,0
2023-03-23 15:33:55,15873,15873,15873,2,0
2023-03-23 15:33:55,15873,15873,15873,2,0
2023-03-23 15:33:55,15873,15873,15873,2,0
2023-03-23 15:34:00,15874,15874,15874,2,2
2023-03-23 15:34:04,15873,15873,15873,2,-2
2023-03-23 15:34:05,15874,15874,15874,2,2
2023-03-23 15:34:05,15873,15873,15873,2,-2
2023-03-23 15:34:07,15873,15873,15873,2,0
2023-03-23 15:34:10,15873,15873,15873,2,0
2023-03-23 15:34:14,15873,15873,15873,2,0
2023-03-23 15:34:19,15873,15873,15873,2,0
2023-03-23 15:34:23,15872,15872,15872,2,-2
2023-03-23 15:34:23,15872,15872,15872,2,0
2023-03-23 15:34:23,15872,15872,15872,2,0
2023-03-23 15:34:23,15872,15872,15872,2,0
2023-03-23 15:34:26,15872,15872,15872,2,0
2023-03-23 15:34:33,15872,15872,15872,2,0
2023-03-23 15:34:34,15872,15872,15872,2,0
2023-03-23 15:34:34,15872,15872,15872,6,0
2023-03-23 15:34:34,15872,15872,15872,2,0
2023-03-23 15:34:39,15872,15872,15872,2,0
2023-03-23 15:34:42,15872,15872,15872,2,0
2023-03-23 15:34:44,15871,15871,15871,2,-2
2023-03-23 15:34:44,15871,15871,15871,4,0
2023-03-23 15:34:44,15871,15871,15871,2,0
2023-03-23 15:34:44,15871,15871,15871,2,0
2023-03-23 15:34:44,15871,15871,15871,2,0
2023-03-23 15:34:44,15871,15871,15871,2,0
2023-03-23 15:34:44,15871,15871,15871,2,0
2023-03-23 15:34:44,15871,15871,15871,2,0
2023-03-23 15:34:44,15871,15871,15871,2,0
2023-03-23 15:34:44,15871,15871,15871,2,0
2023-03-23 15:34:44,15871,15871,15871,4,0
2023-03-23 15:34:44,15871,15871,15871,2,0
2023-03-23 15:34:44,15871,15871,15871,2,0
2023-03-23 15:34:50,15871,15871,15871,2,0
2023-03-23 15:34:52,15870,15870,15870,2,-2
2023-03-23 15:34:56,15870,15870,15870,2,0
2023-03-23 15:34:59,15870,15870,15870,2,0
2023-03-23 15:34:59,15870,15870,15870,2,0
2023-03-23 15:35:01,15870,15870,15870,2,0
2023-03-23 15:35:01,15870,15870,15870,2,0
2023-03-23 15:35:02,15871,15871,15871,8,8
2023-03-23 15:35:02,15871,15871,15871,2,0
2023-03-23 15:35:04,15870,15870,15870,2,-2
2023-03-23 15:35:13,15870,15870,15870,4,0
2023-03-23 15:35:13,15870,15870,15870,2,0
2023-03-23 15:35:13,15870,15870,15870,2,0
2023-03-23 15:35:14,15871,15871,15871,12,12
2023-03-23 15:35:14,15871,15871,15871,2,0
2023-03-23 15:35:14,15871,15871,15871,6,0
2023-03-23 15:35:14,15871,15871,15871,4,0
2023-03-23 15:35:14,15871,15871,15871,6,0
2023-03-23 15:35:14,15871,15871,15871,2,0
2023-03-23 15:35:14,15871,15871,15871,2,0
2023-03-23 15:35:18,15871,15871,15871,4,0
2023-03-23 15:35:20,15872,15872,15872,2,2
2023-03-23 15:35:20,15872,15872,15872,6,0
2023-03-23 15:35:20,15872,15872,15872,2,0
2023-03-23 15:35:20,15872,15872,15872,6,0
2023-03-23 15:35:20,15872,15872,15872,2,0
2023-03-23 15:35:20,15872,15872,15872,2,0
2023-03-23 15:35:20,15872,15872,15872,2,0
2023-03-23 15:35:20,15872,15872,15872,2,0
2023-03-23 15:35:22,15873,15873,15873,2,2
2023-03-23 15:35:24,15873,15873,15873,2,0
2023-03-23 15:35:28,15873,15873,15873,4,0
2023-03-23 15:35:37,15874,15874,15874,2,2
2023-03-23 15:35:37,15874,15874,15874,2,0
2023-03-23 15:35:50,15874,15874,15874,4,0
2023-03-23 15:35:50,15874,15874,15874,2,0
2023-03-23 15:35:56,15873,15873,15873,2,-2
2023-03-23 15:35:56,15873,15873,15873,2,0
2023-03-23 15:35:56,15873,15873,15873,2,0
2023-03-23 15:35:57,15873,15873,15873,10,0
2023-03-23 15:35:59,15873,15873,15873,2,0
2023-03-23 15:36:04,15872,15872,15872,2,-2
2023-03-23 15:36:06,15872,15872,15872,2,0
2023-03-23 15:36:06,15872,15872,15872,2,0
2023-03-23 15:36:06,15872,15872,15872,2,0
2023-03-23 15:36:14,15872,15872,15872,2,0
2023-03-23 15:36:25,15872,15872,15872,2,0
2023-03-23 15:36:32,15872,15872,15872,4,0
2023-03-23 15:36:32,15872,15872,15872,4,0
2023-03-23 15:36:32,15872,15872,15872,2,0
2023-03-23 15:36:32,15872,15872,15872,2,0
2023-03-23 15:36:37,15873,15873,15873,2,2
2023-03-23 15:36:38,15872,15872,15872,2,-2
2023-03-23 15:36:41,15874,15874,15874,2,2
2023-03-23 15:36:52,15873,15873,15873,2,-2
2023-03-23 15:36:56,15873,15873,15873,2,0
2023-03-23 15:37:01,15873,15873,15873,2,0
2023-03-23 15:37:02,15873,15873,15873,4,0
2023-03-23 15:37:02,15874,15874,15874,2,2
2023-03-23 15:37:06,15874,15874,15874,2,0
2023-03-23 15:37:09,15873,15873,15873,4,-4
2023-03-23 15:37:12,15873,15873,15873,8,0
2023-03-23 15:37:13,15873,15873,15873,2,0
2023-03-23 15:37:15,15872,15872,15872,2,-2
2023-03-23 15:37:17,15872,15872,15872,2,0
2023-03-23 15:37:17,15872,15872,15872,2,0
2023-03-23 15:37:18,15873,15873,15873,2,2
2023-03-23 15:37:22,15871,15871,15871,2,-2
2023-03-23 15:37:27,15872,15872,15872,2,2
2023-03-23 15:37:28,15871,15871,15871,2,-2
2023-03-23 15:37:30,15871,15871,15871,2,0
2023-03-23 15:37:30,15871,15871,15871,4,0
2023-03-23 15:37:30,15871,15871,15871,2,0
2023-03-23 15:37:30,15871,15871,15871,2,0
2023-03-23 15:37:33,15872,15872,15872,4,4
2023-03-23 15:37:33,15872,15872,15872,2,0
2023-03-23 15:37:37,15872,15872,15872,6,0
2023-03-23 15:37:39,15873,15873,15873,2,2
2023-03-23 15:37:52,15873,15873,15873,2,0
2023-03-23 15:38:05,15872,15872,15872,2,-2
2023-03-23 15:38:06,15873,15873,15873,2,2
2023-03-23 15:38:08,15873,15873,15873,2,0
2023-03-23 15:38:16,15873,15873,15873,12,0
2023-03-23 15:38:24,15873,15873,15873,2,0
2023-03-23 15:38:29,15873,15873,15873,2,0
2023-03-23 15:38:31,15873,15873,15873,6,0
2023-03-23 15:38:34,15873,15873,15873,2,0
2023-03-23 15:38:35,15873,15873,15873,2,0
2023-03-23 15:38:35,15873,15873,15873,2,0
2023-03-23 15:38:35,15873,15873,15873,28,0
2023-03-23 15:38:35,15873,15873,15873,2,0
2023-03-23 15:38:35,15873,15873,15873,2,0
2023-03-23 15:38:35,15872,15872,15872,2,-2
2023-03-23 15:38:36,15872,15872,15872,2,0
2023-03-23 15:38:36,15872,15872,15872,2,0
2023-03-23 15:38:36,15872,15872,15872,4,0
2023-03-23 15:38:36,15872,15872,15872,2,0
2023-03-23 15:38:36,15872,15872,15872,2,0
2023-03-23 15:38:36,15871,15871,15871,2,-2
2023-03-23 15:38:36,15871,15871,15871,2,0
2023-03-23 15:38:36,15871,15871,15871,2,0
2023-03-23 15:38:36,15871,15871,15871,2,0
2023-03-23 15:38:36,15871,15871,15871,2,0
2023-03-23 15:38:36,15871,15871,15871,4,0
2023-03-23 15:38:36,15871,15871,15871,6,0
2023-03-23 15:38:36,15871,15871,15871,2,0
2023-03-23 15:38:36,15871,15871,15871,2,0
2023-03-23 15:38:36,15871,15871,15871,2,0
2023-03-23 15:38:42,15870,15870,15870,2,-2
2023-03-23 15:38:47,15870,15870,15870,2,0
2023-03-23 15:38:49,15870,15870,15870,4,0
2023-03-23 15:38:51,15870,15870,15870,2,0
2023-03-23 15:38:57,15871,15871,15871,2,2
2023-03-23 15:38:57,15870,15870,15870,2,-2
2023-03-23 15:38:57,15870,15870,15870,2,0
2023-03-23 15:38:57,15870,15870,15870,2,0
2023-03-23 15:38:57,15870,15870,15870,2,0
2023-03-23 15:38:57,15870,15870,15870,2,0
2023-03-23 15:38:57,15870,15870,15870,2,0
2023-03-23 15:38:57,15870,15870,15870,2,0
2023-03-23 15:38:57,15870,15870,15870,6,0
2023-03-23 15:38:57,15870,15870,15870,2,0
2023-03-23 15:38:57,15870,15870,15870,72,0
2023-03-23 15:38:57,15870,15870,15870,2,0
2023-03-23 15:38:57,15870,15870,15870,2,0
2023-03-23 15:38:57,15870,15870,15870,8,0
2023-03-23 15:38:57,15870,15870,15870,10,0
2023-03-23 15:38:57,15870,15870,15870,4,0
2023-03-23 15:38:57,15870,15870,15870,2,0
2023-03-23 15:38:57,15870,15870,15870,2,0
2023-03-23 15:38:57,15870,15870,15870,2,0
2023-03-23 15:38:57,15870,15870,15870,2,0
2023-03-23 15:38:57,15869,15869,15869,2,-2
2023-03-23 15:38:57,15869,15869,15869,2,0
2023-03-23 15:38:57,15869,15869,15869,6,0
2023-03-23 15:38:57,15868,15868,15868,4,-4
2023-03-23 15:38:57,15868,15868,15868,4,0
2023-03-23 15:38:57,15868,15868,15868,2,0
2023-03-23 15:38:57,15868,15868,15868,2,0
2023-03-23 15:38:57,15868,15868,15868,2,0
2023-03-23 15:38:57,15868,15868,15868,2,0
2023-03-23 15:38:57,15868,15868,15868,2,0
2023-03-23 15:38:57,15868,15868,15868,2,0
2023-03-23 15:38:57,15868,15868,15868,2,0
2023-03-23 15:38:57,15868,15868,15868,2,0
2023-03-23 15:38:57,15868,15868,15868,2,0
2023-03-23 15:38:57,15868,15868,15868,2,0
2023-03-23 15:38:57,15868,15868,15868,2,0
2023-03-23 15:38:57,15867,15867,15867,2,-2
2023-03-23 15:38:57,15867,15867,15867,2,0
2023-03-23 15:38:57,15867,15867,15867,4,0
2023-03-23 15:38:57,15867,15867,15867,2,0
2023-03-23 15:38:57,15867,15867,15867,4,0
2023-03-23 15:38:57,15867,15867,15867,2,0
2023-03-23 15:38:57,15866,15866,15866,2,-2
2023-03-23 15:38:57,15866,15866,15866,2,0
2023-03-23 15:38:58,15867,15867,15867,2,2
2023-03-23 15:38:58,15867,15867,15867,2,0
2023-03-23 15:38:58,15867,15867,15867,4,0
2023-03-23 15:38:58,15867,15867,15867,2,0
2023-03-23 15:38:58,15867,15867,15867,2,0
2023-03-23 15:38:59,15866,15866,15866,2,-2
2023-03-23 15:39:02,15867,15867,15867,2,2
2023-03-23 15:39:04,15867,15867,15867,2,0
2023-03-23 15:39:05,15867,15867,15867,2,0
2023-03-23 15:39:05,15867,15867,15867,6,0
2023-03-23 15:39:05,15867,15867,15867,2,0
2023-03-23 15:39:05,15867,15867,15867,2,0
2023-03-23 15:39:13,15868,15868,15868,2,2
2023-03-23 15:39:14,15867,15867,15867,2,-2
2023-03-23 15:39:14,15867,15867,15867,2,0
2023-03-23 15:39:24,15868,15868,15868,2,2
2023-03-23 15:39:24,15868,15868,15868,2,0
2023-03-23 15:39:25,15869,15869,15869,18,18
2023-03-23 15:39:25,15869,15869,15869,4,0
2023-03-23 15:39:32,15869,15869,15869,2,0
2023-03-23 15:39:39,15869,15869,15869,2,0
